3930 6324
586 304 718 372 1159

1739 295 1801 356 S.
1850 294 2141 371 MAXIMI
2175 291 2683 354 CONFESSORIS

3720 288 3835 352 1166

583 417 736 472 latim
760 408 1084 467 actionibus
1115 404 1427 476 sensisque,
1467 417 1662 459 eorum
1696 418 1819 473 qua:
1857 403 1915 457 in
1944 417 2012 457 eo
2034 415 2157 456 cor-

2270 399 2611 473 δψηλοτέροις
2644 402 2880 472 νοήμασι
2912 400 3010 472 τὴν
3042 400 3153 455 τῶν
3182 401 3269 455 ἐπ’
3292 399 3453 469 αὐτῷ
3516 403 3832 470 σωματικὰς

582 504 847 579 poraliter
903 501 1029 556 ﬁcta
1071 500 1354 564 dicuntur,
1407 495 1866 567 compositionem
1919 508 2151 558 exuens,

585 609 846 666 tanquam
884 596 942 649 in
968 609 1102 648 voce
1132 607 1279 646 aurae
1312 591 1495 645 tenuis
1521 590 1797 644 exsistens
1835 588 1901 653 ³⁵,
1941 587 2156 657 perspi-

583 685 788 743 caciori
827 684 999 739 menti
1038 683 1384 748 ostenditur;
1415 681 1468 735 ei
1500 682 1758 735 nimirum
1795 694 1917 749 quae
1940 692 2155 734 summe

582 794 702 833 eam
724 775 1107 832 deﬁcientibus
1126 772 1466 829 naturalibus
1481 770 1910 842 operationibus,
1931 782 2154 824 sensum

584 867 848 919 duntaxat
891 864 1173 933 percipere
1220 861 1417 930 potuit,
1463 860 1582 930 ejus
1623 858 2007 928 simplicitatis,
2047 870 2156 926 qua

587 958 667 1011 illi
689 956 881 1011 Sermo
917 954 1035 1025 (seu
1073 952 1334 1023 Verbum)
1376 951 1640 1020 tantisper
1666 950 1974 1015 indicatur;
2010 946 2155 1001 haud

587 1064 746 1105 secus
789 1063 851 1102 ac
896 1060 1124 1115 magnus
1165 1045 1332 1108 Elias,
1371 1044 1460 1097 cui
1519 1044 1575 1096 in
1626 1057 1791 1112 specu
1837 1040 2019 1095 Horeh
2065 1039 2157 1094 illa

586 1137 725 1191 visio
753 1134 966 1203 obtigit.
1007 1132 1186 1186 lloreh
1216 1134 1385 1195 enim,
1430 1131 1477 1185 si
1512 1146 1712 1184 nomen
1756 1126 2154 1200 interpreteris,

593 1227 783 1281 navale
814 1233 918 1288 est,
949 1223 1096 1293 quod
1131 1224 1397 1277 virtutum
1432 1222 1672 1284 habitus,
1706 1221 1761 1275 in
1790 1236 1932 1275 novo
1973 1218 2159 1289 gratiae

590 1318 789 1387 spiritu
828 1324 931 1370 est.
975 1316 1185 1383 Specus
1224 1324 1429 1378 autem,
1465 1313 1681 1368 occulta
1721 1313 1904 1366 animo
1944 1320 2031 1366 est
2069 1326 2157 1364 sa-

591 1406 810 1475 pientiae
838 1403 1069 1466 latebra,
1100 1403 1359 1470 illiusque
1390 1402 1541 1455 velut
1574 1401 1836 1472 adytum;
1872 1415 2034 1470 quam
2064 1398 2159 1468 qui

592 1494 871 1564 ingressus
906 1492 1092 1558 fuerit,
1125 1492 1438 1555 scientiam,
1475 1507 1595 1560 qua:
1623 1506 1840 1545 onmem
1866 1494 2162 1558 exsuperat

594 1598 816 1642 sensum
843 1584 908 1649 “,
941 1582 1167 1653 mystice
1199 1580 1532 1651 persentiet;
1570 1581 1626 1634 in
1651 1595 1757 1648 qua
1784 1580 1931 1633 Deus
1959 1577 2162 1632 dicitur

592 1679 879 1733 exsistere.
927 1674 1186 1744 Quisquis
1225 1690 1357 1744 ergo
1406 1673 1579 1727 instar
1610 1672 1789 1743 magni
1821 1671 1952 1725 Eliae
1990 1670 2161 1724 Deum

2253 492 2745 562 διαπεπλασμένων
2775 495 2952 565 ῥητῶν
2975 494 3340 562 ἐκδυσάμενος
3380 489 3678 555 σύνθεσιν,
3698 492 3768 555 ὥς
3790 498 3832 543 ἐν

2254 585 2408 654 φωνῇ
2438 581 2613 653 αὖρας
2644 583 2848 654 λεπτῆς
2871 584 3132 654 ὑπάρχων
3158 582 3450 636 δείκνυται
3480 580 3574 650 τῷ
3612 580 3833 650 διορατι-

2255 676 2480 746 κωτέρῳ
2509 676 2592 728 νοΐ
2617 692 2629 704 ⁸
2652 675 2740 745 .τῷ
2769 675 2858 730 διὰ
2887 674 2988 746 τὴν
3017 675 3196 745 ἄκραν
3218 673 3526 743 ἀπόλειψιν
3565 672 3681 726 τῶν
3714 690 3831 727 κατι

2256 765 2419 835 φύσιν
2452 766 2763 835 ἐνεργειῶν,
2795 765 3048 836 αῐσθησιν
3086 766 3247 835 μόνον
3288 764 3599 836 δυνηθέντι

2254 862 2354 930 τῆς
2405 858 2496 911 τὸν
2542 859 2714 926 Λόγον
2756 858 2937 922 ποσῶς
3001 857 3318 929 μηνυούσης
3348 857 3699 925 ἁπλότητος,
3721 860 3829 909 κατὰ

2255 951 2346 1004 τὸν
2373 951 2545 1021 μέγαν
2592 950 2775 1004 Ἠλίαν
2799 950 2891 1004 τὸν
2911 952 2969 1004 ἐν
2995 950 3072 1020 τῷ
3094 949 3348 1021 σπηλαίῳ
3378 948 3610 1019 Χωρὴὸ
3661 949 3833 1011 uita;

2257 1036 2558 1104 ἀξιωθέντα
2618 1041 2718 1107 τῆς
2784 1039 2981 1108 ὅψεως.
3038 1037 3241 1111 Χωρὴδ
3298 1038 3419 1107 γὰρ
3489 1037 3834 1108 ἐρμηνεᾏτιι

2256 1129 2635 1203 νέωμαίιιηω
2666 1130 2798 1201 Reg.
2822 1129 3045 1201 νόημαῙ,
3079 1130 3218 1199 ὅπερ
3238 1130 3395 1181 ἐστὶν
3436 1130 3475 1199 ἡ
3505 1130 3571 1180 ἰν
3589 1128 3671 1193 τῷ
3698 1126 3837 1191 κατπᾷ

2261 1218 2529 1290 πνεύματι
2554 1221 2654 1289 τῆς
2697 1220 2919 1289 χάριτος
2960 1218 3072 1284 ἕξις
3100 1219 3209 1271 τῶν
3238 1217 3496 1288 ἀρετῶν.
3522 1217 3607 1268 Τὸ
3638 1215 3697 1268 δὲ
3727 1217 3840 1283 στή-

2259 1308 2432 1373 λαιον,
2460 1310 2493 1379 ἡ
2526 1312 2624 1379 τῆς
2647 1309 2840 1378 σοφίας
2862 1310 2976 1362 ἐστὶ
3004 1308 3149 1362 κατά
3171 1307 3297 1361 νοῦν
3320 1308 3677 1378 κρυφιότης·
3697 1315 3754 1364 ἐν
3780 1301 3842 1377 ii

2259 1400 2573 1470 γενόμενος,
2600 1400 2695 1470 τῆς
2729 1399 2873 1470 ὑπὲρ
2899 1401 3151 1470 αἴσθησιν
3196 1398 3501 1469 μυστικῶς
3544 1397 3843 1464 αἰσθήσεσι

2261 1488 2535 1559 γνώσεως,
2565 1491 2622 1543 ἐν
2742 1490 2959 1558 λέγεται
2996 1489 3286 1558 τυγχάνειν
3334 1489 3365 1539 ὁ
3399 1488 3579 1551 Θεὸς.
3619 1489 3737 1549 Πᾶς
3776 1482 3843 1537 οἷν

2263 1583 2405 1636 κατᾶ
2443 1580 2536 1635 τὸν
2579 1580 2751 1651 μέγαν
2788 1579 2975 1633 Ἠλίαν
3008 1580 3189 1650 ζητῶν
3224 1578 3461 1647 ἀληθῶς
3490 1580 3596 1631 τὸν
3626 1579 3778 1640 Θεὸν,
3798 1578 3842 1629 τὸ

2269 1672 2430 1741 μόνον
2444 1673 2501 1726 ὲν
2529 1671 2732 1743 Χωρὴϐ
2760 1673 3050 1743 γενήσεται
3084 1687 3099 1702 ⁸
3134 1670 3430 1724 τουτέστιν
3454 1710 3473 1734 ,
3511 1671 3599 1733 ὡς
3642 1687 3842 1739 πρακτι-

590 1784 719 1822 vere
743 1768 962 1835 quaerit,
990 1781 1098 1819 non
1125 1771 1334 1818 tantum
1364 1778 1421 1817 se
1446 1763 1501 1817 in
1534 1763 1713 1817 Horeb
1742 1760 1987 1815 conferet
2015 1758 2159 1827 (tan-

2270 1765 2357 1826 κδς
2383 1765 2442 1818 ἐν
2466 1766 2533 1834 τῇ
2558 1762 2669 1828 ἕξει
2689 1763 2798 1817 τῶν
2815 1763 3026 1834 ἀρετῶν
3050 1780 3062 1793 ·
3105 1762 3245 1816 ἀλλὰ
3271 1764 3375 1815 καὶ
3406 1765 3476 1816 ὲν
3500 1762 3590 1831 τῷ
3626 1761 3843 1829 malum

593 1873 754 1926 quam
780 1858 990 1912 scilicet
1018 1856 1113 1925 qui
1146 1856 1347 1910 actioni
1373 1855 1610 1920 studeat;
1641 1855 1906 1908 virtutum
1929 1851 2161 1921 arripiet

594 1949 890 2016 habitum),
923 1962 1114 2000 verum
1150 1947 1316 2003 etiam
1341 1946 1401 2000 in
1426 1960 1645 2015 specum
1673 1945 1729 1999 in
1772 1943 1954 1998 Iloreb
2002 1942 2164 1998 sitam

595 2036 891 2107 pervadet;
924 2044 1179 2103 tanquam
1199 2035 1410 2088 scilicet
1441 2032 1894 2103 contemplationi
1922 2030 2161 2095 deditus,

597 2127 650 2180 in
679 2126 961 2194 sapientia
1000 2125 1267 2178 latebram
1320 2124 1610 2193 sinumque
1646 2122 1998 2192 penitiorem,
2043 2134 2167 2191 qua:

598 2212 654 2266 in
684 2213 948 2266 virtutum
982 2210 1248 2265 duntaxat
1280 2209 1474 2264 habitu
1512 2209 1697 2263 sedem
1733 2207 1953 2262 habeat.

663 2305 750 2359 75.
775 2304 912 2358 Tum
937 2303 1118 2358 clarus
1148 2302 1395 2356 veritatis
1444 2316 1624 2355 sermo
1656 2299 1838 2353 animo
1862 2299 2164 2367 illucescet,

593 2412 741 2451 verae
778 2396 829 2449 ei
860 2396 1105 2450 scientia
1131 2394 1462 2449 documenta
1493 2390 1767 2461 praebens,
1794 2390 2030 2460 vitaeque
2069 2405 2165 2445 su-

596 2486 829 2557 perioris
856 2496 1258 2554 squammarum
1283 2497 1435 2536 more
1472 2482 1527 2535 in
1555 2496 1622 2536 eo
1646 2488 2005 2551 prmsumptas
2043 2477 2166 2549 opi-

595 2578 792 2631 niones
830 2576 929 2629 abs
967 2574 1308 2644 spiritalibus
1347 2571 1525 2627 oculis
1561 2570 1861 2640 depellens,
1889 2584 2015 2623 cum
2047 2569 2095 2623 is
2135 2584 2167 2622 a

598 2684 656 2724 se
691 2669 962 2722 lmrentes
991 2666 1093 2720 sibi
1140 2665 1471 2734 multiplices
1505 2662 1813 2732 opiniones,
1859 2661 1941 2715 uti
1981 2676 2039 2716 se
2077 2676 2167 2715 res

598 2760 655 2815 in
682 2760 868 2815 divino
896 2774 1201 2829 magnoque
1236 2758 1481 2827 apostolo
1524 2756 1694 2810 Paulo
1729 2754 1941 2817 habuit,
1974 2768 2169 2808 excus-

602 2852 737 2907 serit
764 2851 835 2902 ³⁷.
866 2850 1031 2905 Plane
1056 2849 1204 2904 enim
1241 2862 1538 2917 squammae
1578 2854 1707 2900 sunt
1743 2843 1910 2898 animi
1948 2841 2170 2897 lumini-

600 2943 705 2997 bus
741 2942 1031 3006 haerentes,
1071 2941 1282 3011 nitique
1328 2954 1392 2994 ac
1429 2952 1741 2995 commeare
1780 2936 1848 2990 ad
1889 2936 2167 2990 sincerum

599 3030 853 3086 veritatis
902 3045 1210 3085 sermonem
1259 3027 1655 3100 prohibentes,
1712 3033 1826 3078 tum
1869 3025 1968 3079 soli
2015 3023 2167 3079 Scri-

2261 1854 2340 1926 τῷ
2367 1857 2424 1909 ὲν
2456 1854 2679 1926 Χωρή6’
2711 1856 3010 1922 τουτέστιν,
3045 1856 3120 1920 ὡς
3147 1855 3507 1925 θεωρητικὸς
3540 1857 3607 1908 ὲν
3640 1857 3713 1927 τῇ
3744 1873 3843 1924 πρυ-

2264 1944 2478 2015 φιότητι
2499 1943 2598 2015 τῆς
2638 1943 2826 2014 σοφίας
2855 1947 2924 2017 τῇ
2952 1946 3010 1998 ὲν
3042 1944 3179 2015 μόνη
3230 1942 3613 2014 τυγχανούτῃ
3662 1947 3729 2014 τῇ
3762 1944 3839 2008 ἷξε

2262 2032 2371 2087 τῶν
2400 2032 2633 2100 ἀρετῶν.

2336 2279 2428 2337 οε’.
2465 2283 2634 2336 Ὅταν
2661 2284 2690 2337 ὁ
2722 2282 2844 2346 νοῦς
2893 2281 2992 2347 τὰς
3028 2281 3389 2352 ἐπικειμένας
3445 2283 3621 2354 αὐτῷ
3675 2281 3837 2339 πολλὰ

2267 2377 2395 2448 περὶ
2428 2375 2536 2430 τῶν
2562 2375 2735 2429 ὄντων
2757 2375 3101 2444 ὲκτινάξηται
3131 2373 3308 2441 δόξας,
3340 2374 3475 2428 τότε
3513 2377 3702 2446 σαφὴς
3723 2372 3839 2442 αὐτῷ

2265 2470 2365 2540 τῆς
2391 2466 2646 2538 ἀληθείας
2665 2469 2693 2520 ὁ
2717 2466 2874 2535 λόγος
2928 2467 3286 2536 ἀναφαίνεται
3304 2506 3322 2532 ,
3355 2466 3554 2529 διδοὺς
3592 2466 3740 2536 αὐτῷ
3762 2467 3838 2529 τῆς

2265 2559 2434 2620 ὅντως
2457 2557 2710 2626 γνώσεως
2736 2556 2836 2618 τὰς
2882 2553 3182 2625 ὑποθήκας,
3206 2555 3301 2607 καὶ
3357 2553 3466 2617 τὰς
3526 2553 3723 2625 πρώην
3772 2551 3839 2603 ἐτ’

2267 2646 2417 2719 αὐτῷ
2464 2645 2763 2718 προλήψεις
2808 2645 2940 2698 ὡσεὶ
2981 2644 3200 2708 λεπίδας
3247 2642 3360 2697 τῶν
3401 2645 3667 2698 ὀπτικῶν
3704 2645 3839 2696 Bavi-

2270 2756 2417 2812 μεων
2468 2737 2878 2807 ἀπωθούμενος,
2906 2736 3045 2789 κατά
3084 2735 3175 2788 τὸν
3206 2734 3517 2791 Θεσπέσιον
3565 2737 3664 2790 καὶ
3696 2735 3838 2805 pem

2279 2828 2600 2886 ,Απόστολον
2638 2827 2875 2881 Παῦλον.
2901 2826 3132 2890 Λεπίδες
3166 2826 3275 2896 γάρ
3307 2828 3480 2888 εἰσιν,
3516 2827 3603 2890 ὡς
3631 2827 3837 2898 ἀληθέες,

2267 2922 2614 2993 ἐπικείμεναι
2650 2920 2726 2991 τῷ
2758 2917 3052 2990 διορατικῷ
3078 2916 3177 2987 τῆς
3200 2917 3404 2987 ψυχῆς,
3434 2918 3545 2971 καὶ
3572 2920 3840 2989 ἀπείργουσι

2272 3031 2360 3067 σαι
2386 3013 2484 3085 τὴν
2512 3012 2644 3082 πρὸς
2666 3012 2756 3065 τὸν
2779 3009 3055 3081 ἀκραιφνῆ
3083 3009 3185 3078 τῆς
3215 3009 3489 3080 ἀληθείας
3542 3010 3723 3080 λόγον,
3742 3012 3837 3064 θιά-

598 3129 778 3195 pturae
792 3122 992 3175 littera:
1005 3123 1233 3190 ejusque
1242 3074 1365 3174 vrelu
1376 3127 1393 3172 t
1406 3117 1598 3173 cortici
1614 3115 1842 3171 addictae
1858 3114 2165 3184 opiniones,

2270 3074 2452 3172 Gaetv,
2476 3105 2537 3159 αἴ
2556 3074 2781 3174 τεήπρὸς
2806 3074 2869 3156 το
2892 3074 3056 3174 ῥητὸν
3081 3074 3239 3173 μένον
3267 3074 3369 3171 της
3395 3074 3638 3174 Γραφῆξ
3665 3074 3838 3174 6591i;-

603 3219 720 3265 tum
753 3224 935 3263 rerum
964 3208 1381 3277 aspectabilium
1418 3222 1586 3262 sensu
1624 3214 1784 3260 tenus
1811 3218 1935 3258 cum
1968 3202 2168 3257 affectu

601 3312 667 3354 ac
694 3298 922 3352 libidine
944 3306 1217 3366 usurpata:
1240 3297 1501 3351 visiones.

671 3405 758 3461 76.
795 3403 1024 3459 Divinus
1054 3403 1276 3473 quidem
1314 3403 1595 3473 apostolus
1636 3403 1862 3470 Paulus,
1906 3419 1974 3459 ex
2015 3411 2170 3474 parte

602 3514 662 3554 se
688 3497 856 3553 Verbi
898 3496 1264 3566 cognitionem
1306 3505 1528 3550 nactum
1566 3510 1690 3550 esse
1719 3496 1798 3549 ait
1823 3493 1904 3561 ³⁸;
1942 3511 2172 3566 magnus

602 3603 735 3643 vero
782 3588 1021 3643 Joannes
1059 3587 1413 3655 evangelista,
1453 3587 1571 3656 ejus
1605 3600 1663 3640 se
1700 3586 1928 3657 gloriam
1967 3587 2171 3643 vidisse

602 3676 756 3731 dicit.
798 3675 1031 3729 Vidimus
1062 3675 1230 3737 enim,
1278 3674 1475 3744 inquit,
1515 3674 1743 3748 gloriam
1780 3676 1914 3747 ejus,
1944 3678 2171 3749 gloriam

603 3769 759 3839 quasi
789 3767 1052 3837 Unigeniti
1071 3783 1101 3819 α
1118 3764 1300 3830 Patre,
1320 3766 1534 3836 plenum
1560 3769 1749 3838 gratia:
1777 3775 1826 3820 et
1848 3770 2085 3823 veritatis
2103 3770 2167 3825 ".

602 3855 746 3912 Num
808 3871 944 3911 vero
1005 3863 1230 3911 sanctus
1279 3856 1502 3926 quidem
1568 3857 1768 3912 Paulus
1802 3898 1817 3921 ,
1885 3874 1953 3912 ex
2017 3868 2171 3928 parte

600 3958 827 4000 nactum
857 3961 913 4000 se
942 3945 1230 3999 scientiam
1249 3944 1407 4009 dixit,
1450 3954 1705 4015 tanquam
1733 3946 1830 4000 Dei
1858 3946 2063 4002 Verbi?
2096 3946 2172 4003 Ex

604 4037 1017 4108 operationibus
1042 4036 1188 4092 enim
1220 4050 1442 4106 quoque
1477 4037 1643 4091 modo
1671 4037 1849 4092 solum
1880 4037 2128 4093 noscitur
2153 4054 2168 4091 :

605 4121 806 4189 quippe
842 4134 965 4174 cum
990 4119 1131 4189 ejus,
1162 4118 1308 4188 quod
1347 4118 1416 4173 ad
1447 4118 1741 4173 essentiam
1777 4119 2171 4174 substantiam-

605 4227 714 4281 qne
751 4219 981 4281 spectat,
1018 4210 1234 4276 notitia,
1269 4209 1431 4280 505.
1469 4210 1685 4265 cunctis
1726 4210 1958 4281 perinde
2008 4226 2172 4282 ange-

606 4302 781 4372 lisque
821 4309 877 4355 et
922 4301 1241 4355 hominibus
1279 4301 1350 4355 sit
1395 4301 1693 4368 inaccessa,
1745 4302 1895 4358 nulla
1944 4318 2172 4374 prorsus

2267 3199 2412 3269 ψεις,
2451 3195 2685 3253 καὶτῶν
2724 3195 3017 3269 ὁρωμένων
3051 3195 3109 3249 αἱ
3147 3195 3269 3247 κατ’
3299 3193 3573 3266 αἴσθησιν
3620 3213 3839 3269 προστε-

2270 3291 2382 3354 θεῖς
2414 3290 2656 3362 θεωρίαι.
2752 3320 2753 3323 η

2343 3382 2451 3448 eg".
2484 3385 2502 3404 '
2539 3384 2597 3436 ’0
2646 3382 2746 3453 μὲν
2784 3379 2927 3444 θεῖος
2968 3378 3290 3443 Ἀπόστολος
3337 3379 3591 3445 Παῦλος,
3614 3381 3713 3452 τὴν
3759 3379 3837 3433 τώ

2271 3475 2446 3544 Λόγου
2472 3472 2693 3542 γνῶσιν,
2721 3474 2787 3525 ὲκ
2824 3472 3024 3543 μέρους
3053 3470 3158 3541 ἔφη
3181 3469 3500 3538 γινώσκειν.
3549 3472 3615 3526 '0
3658 3472 3714 3526 ea
3758 3471 3835 3541 μὲ-

2270 3580 2371 3634 γας
2395 3563 2785 3635 εὖαγγελιστὴς
2825 3562 3081 3634 Ἰωάννης
3119 3562 3414 3617 τεθεᾶσθαι
3456 3562 3616 3632 λέγει
3637 3563 3733 3635 τὴν
3758 3562 3836 3615 αὖ-

2269 3655 2363 3710 τοῦ
2384 3654 2557 3719 δόξαν,
2589 3653 2992 3723 Ἐθεασὰμεθα
3015 3654 3147 3725 γὰρ,
3174 3654 3359 3724 φησὶν,
3390 3653 3511 3721 τὴν
3530 3654 3727 3717 δόξαν
3744 3655 3832 3706 αι’·

2268 3748 2399 3811 τοῦ,
2427 3746 2617 3812 δόξαν
2646 3746 2725 3812 ὡς
2744 3744 3127 3814 Μονογενοῦς
3154 3745 3315 3812 παρὰ
3330 3745 3597 3813 Πατρὸς,
3622 3744 3835 3813 πλήρης

2271 3837 2518 3909 χάριτος
2546 3838 2645 3891 καὶ
2690 3837 3000 3905 ἀληθείας.
3043 3836 3153 3891 Καὶ
3216 3838 3436 3906 μήποτε
3462 3837 3492 3889 ὁ
3551 3837 3660 3907 μὲν
3706 3837 3833 3902 ἇτιος

2273 3932 2484 3994 Παῦλος
2535 3931 2634 4000 τὴν
2689 3929 2763 3993 ὡς
2802 3928 2937 3982 Θεοῦ
2968 3928 3144 3996 Λόγου
3177 3927 3380 3995 γνῶσιν
3412 3929 3481 3981 ὲκ
3512 3929 3725 3999 μέρους
3746 3929 3831 3995 ea

2270 4022 2583 4091 γινώσκειν.
2614 4022 2709 4074 Ἐκ
2758 4020 2869 4092 γὰρ
2918 4020 3027 4074 τῶν
3074 4018 3401 4091 ἐνεργειῶν,
3459 4020 3658 4085 ποσῶς
3699 4022 3831 4092 μόναν

2271 4113 2621 4193 γινώσκεται.
2667 4113 2730 4167 Ἢ
2796 4113 2905 4185 γὰρ
2962 4113 3051 4167 ἐπ’
3080 4112 3228 4182 αὐτῷ
3278 4112 3401 4166 κατ’
3429 4114 3633 4166 οὐσίαν
3660 4131 3718 4167 τε
3757 4112 3830 4165 xei

2274 4206 2568 4261 ὑπόστασιν
2610 4204 2842 4275 γνῶσις,
2896 4205 3102 4275 ὁμοίως
3139 4206 3306 4258 πᾶσιν
3345 4204 3617 4273 ἀγγέλοις
3668 4223 3723 4259 τι
3756 4203 3829 4257 n1

2272 4293 2581 4366 ἀνθρώποις
2608 4334 2627 4358 ,
2671 4293 3012 4363 καθέστηκεν
3050 4292 3268 4356 ἄϐατος.
3311 4296 3436 4347 κατ’
3475 4295 3641 4348 om»:
3685 4294 3829 4348 οὐδενὶ

609 4393 819 4448 ratione
855 4392 953 4446 ulli
990 4392 1290 4461 explorata.
1322 4392 1556 4447 Sanctus
1591 4408 1723 4448 vero
1755 4393 2013 4457 Joannes,
2043 4410 2166 4464 per-

2275 4384 2655 4454 γινωσκομένη
2680 4401 2692 4412 ·
2722 4384 2750 4437 ὁ
2791 4384 2849 4437 δὲ
2895 4383 3052 4454 ἅγιος
3084 4384 3359 4454 Ἰωάννης,
3398 4385 3620 4439 τέλειον
3668 4385 3738 4444 ὡς
3785 4385 3828 4435 t1

606 4481 770 4542 lecte,
818 4479 961 4549 quod
1011 4494 1335 4534 concessum
1379 4480 1699 4536 hominibus
1743 4488 1847 4547 est,
1877 4482 2044 4537 Verbi
2084 4483 2172 4536 in-

607 4569 981 4624 carnationem
1023 4568 1273 4633 edoctus,
1324 4568 1552 4639 gloriam
1610 4585 1692 4636 se,
1744 4570 1900 4640 quasi
1951 4586 2173 4626 carnem

609 4660 873 4724 Verbum,
912 4661 987 4714 ait
1023 4658 1402 4729 conspexisse;
1436 4675 1652 4731 nempe,
1684 4660 1887 4716 vidisse
1916 4677 1975 4717 se
2004 4662 2176 4717 ratio-

610 4765 736 4805 nem
785 4757 841 4803 et
882 4748 1068 4814 linem,
1120 4750 1427 4804 secundum
1470 4767 1633 4820 quem
1680 4752 1824 4807 Deus
1871 4751 2049 4807 factus
2091 4762 2177 4809 est

610 4840 796 4904 homo,
828 4841 1047 4910 plenum
1089 4842 1276 4911 gratiae
1323 4850 1379 4896 et
1419 4841 1687 4895 veritatis.
1722 4841 1844 4896 Non
1880 4843 2029 4896 enim
2068 4856 2176 4912 qua

609 4930 822 4986 ratione
847 4933 1146 4987 secundum
1173 4933 1466 4988 essentiam
1487 4932 1651 4995 Deus,
1676 4933 2032 5005 ejusdemque
2049 4946 2176 4990 eum

608 5020 772 5077 Patre
810 5022 1065 5076 essentiae
1102 5031 1207 5086 est,
1247 5021 1578 5092 Unigenitus
1611 5024 1785 5092 gratia
1826 5034 2022 5079 auctus
2056 5035 2175 5093 est;

611 5110 709 5165 sed
747 5127 855 5181 qua
884 5114 1097 5167 ratione
1133 5111 1315 5165 altiori
1355 5110 1586 5167 consilio
1634 5127 1699 5167 ac
1741 5112 2175 5182 dispensatione,

614 5199 790 5257 factus
823 5210 909 5256 est
937 5201 1103 5255 homo
1144 5207 1340 5254 natura
1377 5200 1730 5270 ejusdemque
1769 5202 2053 5257 nobiscum
2088 5218 2178 5258 es-

612 5293 825 5357 sentiae,
850 5305 935 5355 ea,
971 5298 1199 5361 propter
1235 5305 1358 5355 nos,
1391 5290 1483 5358 qui
1520 5293 1693 5363 gratia
1721 5308 1968 5362 egemus,
1999 5309 2175 5362 exque

607 5383 729 5453 ejus
768 5394 984 5451 semper
1026 5380 1367 5451 plenitudine
1410 5382 1467 5437 in
1513 5383 1663 5439 omni
1698 5382 1949 5453 profectu
1989 5391 2179 5441 nostro

2274 4474 2600 4547 ἀνθρώποις,
2628 4476 2717 4529 τὸν
2745 4476 2845 4547 τῆς
2871 4475 3341 4547 ὲνανθρωπήσεως
3371 4475 3471 4529 τοῦ
3505 4477 3689 4547 Λόγου
3718 4494 3830 4547 μυη-

2275 4566 2389 4629 θεὶς
2416 4567 2594 4636 λόγον,
2627 4567 2726 4638 τὴν
2759 4567 2835 4630 ὡς
2879 4568 3059 4639 σάρκα
3085 4568 3259 4637 Λόγον
3303 4566 3470 4632 δόξαν
3522 4569 3633 4641 ἔφη
3670 4568 3829 4622 τεθείη

2276 4658 2401 4712 σθαι
2424 4674 2439 4689 ’
2474 4658 2740 4724 τουτέστι,
2775 4658 2866 4711 τὸν
2889 4659 3068 4727 λόγον,
3107 4660 3278 4729 ἧγουν
3329 4659 3423 4712 τὸν
3475 4663 3705 4723 σκοπὸν,
3729 4658 3823 4713 καθ’

2274 4748 2335 4801 ὃν
2354 4750 2384 4802 ὁ
2404 4748 2535 4812 Θεὸς
2563 4749 2787 4818 γέγονεν
2808 4748 3117 4820 ἅνθρωπος,
3147 4749 3330 4823 πλήρη
3369 4752 3605 4823 χάριτος
3632 4752 3828 4807 Exha-

2276 4856 2358 4902 το,
2400 4839 2497 4892 καὶ
2547 4839 2820 4908 ἀληθείας.
2852 4839 2929 4893 Οὐ
2976 4839 3084 4910 γὰρ
3114 4839 3234 4892 καθ’
3258 4840 3288 4892 ὃ
3316 4841 3436 4894 κατ’
3473 4843 3672 4896 οὐσίαν
3702 4841 3824 4897 Θεὸς,

2277 4931 2370 4985 καὶ
2397 4930 2475 5001 τῷ
2499 4929 2618 5001 θεῷ
2640 4932 2812 5003 Πατρὶ
2841 4930 3124 5001 ὀμοούσιος
3152 4932 3520 5004 ὁΜονογενὴς
3559 4932 3829 5005 κεχαρετυ-

2276 5041 2390 5088 ται,
2416 5022 2551 5076 ἀλλά
2591 5022 2713 5076 καθ’
2737 5022 2766 5075 ὃ
2793 5021 2952 5092 φύσει
2979 5022 3096 5077 κατ’
3114 5024 3430 5094 οἰκονομίαν
3489 5025 3739 5094 γέγονεν,
3760 5024 3829 5074 ἂν·

2279 5111 2495 5182 θρωπος
2547 5112 2642 5165 καὶ
2684 5114 2818 5182 ἡμῖν
2866 5111 3170 5182 ὀμοοὺσιος,
3203 5111 3270 5165 δι’
3307 5115 3462 5184 ἡμᾶς
3490 5116 3831 5189 κεχαρίτυττι

2277 5202 2405 5265 τοὺς
2438 5202 2735 5274 χρῄζοντας
2777 5202 2998 5273 χάριτος
3027 5219 3042 5234 ο
3085 5205 3181 5259 καὶ
3205 5205 3272 5258 ὲκ
3325 5203 3422 5258 τοῦ
3488 5206 3830 5277 πληρώματος

2281 5292 2450 5347 αὑτοῦ
2478 5293 2769 5356 διαπαντὺς
2793 5294 2935 5347 κατά
2984 5296 3169 5349 πᾶσαν
3193 5296 3352 5367 ἡμῶν
3399 5298 3701 5370 προκοπὴν
3755 5295 3831 5363 τὴν

2282 5383 2653 5454 ἀναλογοῦσαν
2705 5386 3026 5457 δεχομένους
3062 5385 3245 5459 χάριν.
3279 5387 3439 5442 Ὥστε
3486 5390 3520 5443 ό
3568 5391 3669 5447 τὸν
3709 5389 3831 5455 Μῖνι
3905 5388 3907 5459 1

683 5537 728 5570 ³⁸
754 5536 825 5591 ιιι
844 5536 982 5607 Reg.
1018 5553 1128 5602 xix,
1157 5536 1245 5591 12.
1322 5536 1366 5568 ³⁸
1393 5534 1631 5607 Philipp.
1657 5552 1731 5608 tv,
1761 5539 1815 5596 7.
1894 5538 1939 5572 ³⁷
1969 5538 2091 5596 Act.
2121 5555 2166 5595 ι]

2270 5541 2312 5596 3.
2390 5540 2433 5574 ³⁸
2465 5540 2488 5597 l
2515 5540 2645 5599 Cor.
2676 5559 2789 5611 xm,
2810 5543 2874 5611 ,9.
2948 5545 2995 5579 ³⁸
3018 5545 3177 5602 Joan.
3202 5561 3243 5612 ι,
3268 5545 3357 5601 li.

681 5653 702 5677 ’
724 5651 807 5709 Cf.
832 5652 1033 5719 Quzest.
1055 5652 1090 5709 9
1116 5653 1185 5709 ad
1215 5652 1577 5709 Thalassium.
