3930 6324
195 249 322 317 1161

1002 254 1336 318 CAPITUM
1371 254 1641 316 THEOL.
1683 254 1779 317 ET
1817 254 2053 317 (ECON.
2094 257 2484 323 GENTURIA
2521 264 2604 324 II.

3325 269 3459 337 1162

152 371 390 435 _'ts).atov
441 367 499 420 ἐν
554 365 736 439 ἑαυτῷ
788 367 1054 437 φυλάξας,
1078 371 1346 444 ἀϐέϐηλον
1393 373 1489 427 τοῦ
1528 373 1764 443 δι’ἡμᾶς

1876 376 2290 435 convenientem
2347 380 2583 451 gratiam
2634 381 2956 454 recipimus,
2997 387 3174 457 gratia
3219 389 3459 450 donatus

194 458 565 530 σαρκωθέντος
597 458 734 513 Θεοῦ
766 460 941 529 Λόγου
962 500 977 528 ,
1007 461 1109 534 τὴν
1144 463 1328 535 πλήρη
1396 464 1618 533 χάριτος
1675 464 1768 515 καὶ

191 552 441 623 ἀληθείας
474 553 766 621 κομίσεται
796 553 975 619 δόξαν,
1006 555 1101 609 τοῦ
1143 556 1212 610 δι’
1244 558 1392 628 ἡμᾶς
1422 558 1614 610 ἑαυτὸν
1645 553 1768 608 καθ’

191 647 335 715 ἡμᾶς
371 644 695 710 δοξάσαντός
722 663 782 699 τε
804 647 899 700 καὶ
918 646 1247 716 ἀγιάσαντος
1278 649 1416 702 κατά
1460 648 1558 717 τὴν
1601 646 1767 702 αὑτοῦ

191 735 511 807 παρουσίαν.
549 736 737 792 ’Ὅταν
768 739 898 809 γάρ,
930 739 1116 810 φησὶν,
1148 738 1376 806 ἐκεῖνος
1424 736 1766 809 φανερωθῇ,

192 829 375 900 ὅμοιοι
415 830 576 898 αὐτῷ
596 831 877 901 ἐσόμεθα.

257 1090 352 1153 03,".
385 1066 537 1156 Ἕως
564 1093 597 1164 ἡ
624 1093 793 1166 ψυχὴ,
828 1096 926 1167 τὴν
958 1096 1066 1150 ἀπὸ
1090 1097 1376 1170 δυνάμεως
1401 1100 1483 1165 είς
1510 1099 1764 1171 δύναμιν,
1827 1165 1833 1170 ,

185 1183 279 1237 καὶ
341 1183 440 1256 τὴν
490 1187 599 1240 ἀπὸ
646 1186 805 1257 δόξης
833 1190 913 1252 εἰς
946 1188 1103 1256 δόξαν
1140 1192 1376 1243 ποιεῖται
1424 1191 1725 1262 μετάϐασιν
1750 1207 1764 1220 °

184 1275 455 1340 τουτέστι,
510 1278 609 1347 τὴν
665 1279 774 1331 ἀπὸ
840 1281 1043 1352 ἀρετῆς
1111 1284 1192 1345 είς
1255 1282 1458 1354 ἀρετὴν
1540 1283 1768 1353 μείζονα

183 1368 492 1436 προκοπὴν,
529 1369 627 1421 καὶ
673 1368 771 1440 τὴν
810 1370 918 1425 ἀπὸ
959 1374 1215 1440 γνώσεως
1254 1375 1334 1438 είς
1382 1373 1583 1442 γνῶσιν
1627 1373 1766 1444 ὑψη-

180 1453 404 1527 λοτέραν
433 1458 721 1526 ἀνάϐασιν,
759 1461 861 1514 οὐκ
893 1462 1173 1516 ἐπαύσατο
1207 1464 1552 1535 παροικοῦσα
1575 1502 1591 1529 ,
1622 1466 1767 1519 κατὰ

180 1547 240 1600 τὸ
280 1550 575 1620 εἰρημένον
601 1567 614 1581 ·
674 1555 886 1607 Πολλὰ
944 1556 1308 1625 παρῴκησεν
1346 1559 1384 1625 ἠ
1426 1560 1596 1627 ψυχή
1622 1577 1763 1629 μου.

180 1637 322 1692 Πολὺ
354 1640 466 1711 γάρ
497 1641 613 1693 ἐστι
643 1640 704 1694 τὸ
736 1642 1028 1714 διάστημα,
1054 1647 1149 1698 καὶ
1178 1646 1239 1699 τὸ
1256 1646 1460 1718 πλῆθος
1487 1647 1596 1701 τῶν
1619 1650 1766 1718 ὀφει-

176 1730 385 1785 λουσῶν
426 1733 558 1803 παρ’
587 1734 757 1804 αὐτῆς
786 1734 1108 1807 διαὸαθῆναι
1154 1717 1437 1807 γνώσεων,
1467 1717 1670 1812 μέχρις
1702 1735 1764 1795 οῦ
1796 1717 1837 1772 Β

177 1820 554 1879 διελεύσεται
583 1825 654 1879 ἐν
681 1827 842 1893 τόπῳ
876 1829 1114 1897 σκηνῆς
1135 1832 1507 1903 θαυμαστῆς,
1534 1833 1645 1901 ἕως
1660 1834 1767 1889 τοῦ

174 1912 349 1967 οἴκου
370 1915 481 1969 τοῦ
501 1917 669 1971 Θεοῦ
702 1919 774 1972 ἐν
799 1917 972 1989 φωνῇ
1003 1922 1418 1991 ἀγαλλιάσεως
1442 1924 1541 1981 καὶ
1561 1925 1767 1996 ἐξομο-

168 2009 512 2080 λογήσεως,
532 2011 689 2082 ἤχου
722 2013 1103 2082 ὲορτάζοντος
1128 2032 1141 2045 ⁸
1170 2016 1259 2070 ἀεὶ
1303 2021 1529 2086 φωναῖς,
1561 2020 1765 2090 φωνὴν,

170 2108 421 2175 νοεραῖς,
464 2106 656 2176 νοερὰν
695 2107 1055 2178 προστιθεῖσα
1081 2112 1147 2181 τῇ
1184 2114 1438 2183 προκοπῇ
1473 2113 1582 2165 τῶν
1605 2112 1767 2166 θείων

172 2195 576 2269 θεωρημάτων,
599 2199 738 2268 μετά
756 2200 854 2272 τῆς
875 2201 1016 2255 κατά
1039 2201 1162 2256 νοῦν
1179 2204 1272 2257 ἐπὶ
1287 2206 1398 2269 τοῖς
1414 2205 1767 2277 θεωρηθείσιν

169 2290 578 2359 ἀγαλλιάσεως,
616 2293 784 2363 ἤγουν
834 2296 1045 2365 χαρᾶς,
1080 2299 1175 2351 καὶ
1232 2298 1330 2368 τῆς
1388 2299 1765 2372 ἀναλογούσης

170 2381 560 2453 εὐχαριστίας.
583 2384 855 2449 Τοιαύτας
889 2386 999 2459 γὰρ
1028 2389 1348 2460 ἑορτάζουσι
1376 2391 1599 2457 πάντες,
1630 2394 1681 2453 οἱ
1706 2394 1768 2448 τὸ

172 2474 401 2544 Πνεῦμα
443 2477 541 2544 τῆς
566 2478 789 2547 χάριτος
814 2479 1119 2549 εἰληφότες,
1136 2482 1206 2535 ἐν
1233 2482 1361 2548 ταῖς
1377 2484 1648 2553 καρδίαις
1662 2487 1768 2541 αὺ-

170 2566 291 2620 τῶν
321 2566 577 2637 κράζων·
627 2570 822 2631 ’Ab’b’d,
857 2575 890 2625 ὁ
912 2568 1137 2639 Πατήρ.

242 2748 348 2820 οη’.
397 2750 460 2803 '0
488 2751 586 2821 τῆς
620 2732 940 2823 θαυμαστῆς
974 2754 1179 2824 σκηνῆς
1213 2755 1398 2819 τόπος,
1424 2757 1520 2811 καὶ
1548 2757 1769 2830 ἀπαθής

172 2842 293 2895 ἐστι
345 2843 447 2896 καὶ
484 2844 727 2914 ἀπήμων
772 2844 884 2909 ἕξις
927 2844 1038 2899 τῶν
1092 2847 1305 2917 ἀρετῶν
1330 2865 1343 2878 ·
1370 2848 1493 2902 καθ’
1516 2849 1585 2921 ἢν
1617 2852 1647 2904 ὁ
1671 2850 1767 2904 τοῦ

170 2931 313 2986 Θεοῦ
340 2935 633 3003 γινόμενος
656 2935 1148 3008 Λόγος,διαφόροις
1180 2938 1392 3009 ἀρετῶν
1421 2939 1646 2995 κάλλεσι
1670 2959 1769 2997 κα-

1871 475 1975 521 est.
2012 468 2222 524 Idcirco
2249 471 2346 541 qui
2382 472 2686 542 perfectam
2718 475 2774 529 in
2806 476 2994 546 seipso
3026 480 3296 537 rationem
3340 499 3460 540 ser-

1872 561 2117 627 vaverit,
2150 563 2643 621 incontaminatam
2690 583 2999 640 puramque
3035 572 3132 628 Dei
3156 575 3320 631 Verbi
3355 593 3459 648 pro

1871 649 2033 704 nobis
2067 650 2361 720 incarnati,
2400 654 2618 725 plenam
2646 658 2836 727 gratiae
2861 667 2918 713 et
2946 660 3202 719 veritatis
3224 666 3455 736 gloriam

1874 743 2213 811 reportabit;
2253 747 2377 817 ejus
2420 748 2688 803 nimirum
2730 751 2826 821 qui
2862 752 3040 808 nostri
3085 770 3252 811 causa
3292 759 3458 815 nobis

1871 832 2071 889 similis
2116 835 2174 889 in
2214 852 2314 893 suo
2358 839 2599 896 adventu
2646 842 2764 913 ipse
2811 859 2872 899 se
2920 852 2978 900 et
3023 847 3353 905 clariﬁcavit
3400 861 3459 907 et

1871 925 2243 982 sanetiﬁcavit
2274 928 2342 983 ‘°.
2386 929 2519 986 Cum
2549 933 2698 987 enim
2728 934 2840 1002 ille,
2878 936 3083 1007 inquit,
3120 946 3455 1011 apparuerit,

1871 1015 2072 1071 similes
2107 1019 2156 1072 ei
2190 1020 2387 1076 erimus
2414 1023 2480 1078 “.

1944 1107 2033 1161 77.
2059 1106 2313 1175 Quandiu
2331 1114 2548 1170 animus
2569 1114 2637 1170 de
2660 1116 2864 1174 virtute
2893 1119 2950 1173 in
2966 1120 3251 1189 virtutem,
3276 1124 3457 1196 deque

1871 1200 2117 1257 claritate
2143 1203 2199 1259 in
2228 1205 2535 1263 claritatem
2567 1210 2795 1277 transit,
2826 1212 2935 1267 hoc
2956 1224 3062 1279 est,
3092 1214 3160 1269 ad
3192 1218 3456 1287 majorem

1870 1291 1939 1347 de
1966 1294 2172 1350 virtute
2195 1297 2252 1351 in
2274 1298 2537 1355 virtutem
2564 1301 2897 1370 profectum,
2923 1304 3102 1375 deque
3132 1306 3363 1363 scientia
3388 1309 3458 1364 ad

1871 1384 2161 1441 scientiam
2185 1389 2437 1444 ascendit
2468 1392 2746 1459 altiorem,
2780 1395 3016 1450 necdum
3050 1395 3217 1451 tinem
3250 1397 3460 1453 incola-

1871 1484 1964 1532 tus
1986 1469 2138 1544 fecit,
2170 1481 2328 1550 juxta
2360 1483 2507 1551 quod
2540 1485 2809 1554 scriptum
2849 1495 2936 1541 est
2966 1505 2981 1540 :
3015 1486 3246 1543 Multum
3280 1488 3459 1544 incola

1875 1568 1975 1637 fuit
2013 1573 2197 1626 anima
2235 1590 2351 1628 mea
2386 1574 2453 1627 ι’.
2497 1573 2685 1645 Longa
2726 1575 2876 1631 enim
2918 1576 3181 1633 distantia
3223 1586 3326 1646 est,
3374 1583 3461 1634 in-

1873 1674 2118 1731 gensque
2164 1662 2243 1717 illi
2279 1664 2595 1734 superanda
2626 1666 2948 1722 notitiarum
2994 1683 3060 1723 ac
3097 1670 3458 1726 scientiarum

1872 1754 2053 1829 copia,
2087 1753 2266 1810 donec
2295 1763 2533 1811 transeat
2563 1759 2618 1812 in
2654 1758 2827 1813 locum
2857 1760 3189 1816 tabernaculi
3221 1764 3462 1819 admira-

1869 1843 2009 1910 bilis,
2052 1863 2217 1917 usque
2253 1849 2325 1903 ad
2358 1850 2575 1904 domum
2608 1850 2735 1918 Dei;
2765 1854 2821 1906 in
2851 1868 2972 1908 voce
3010 1854 3379 1911 exsultationis
3409 1864 3459 1911 et

1868 1936 2235 2005 confessionis,
2271 1941 2477 1994 sonitus
2511 1941 2777 2012 epulantis
2808 1942 2882 2008 ‘3;
2916 1951 2978 1997 ut
3009 1959 3230 2014 semper
3261 1961 3455 2003 vocem

1871 2027 2133 2093 vocibus,
2193 2029 2559 2102 intelligentis
2617 2033 2787 2089 animi
2842 2049 3033 2091 vocem
3095 2036 3457 2109 intelligentis

1868 2118 2037 2173 animi
2058 2121 2292 2177 vocibus
2309 2121 2625 2179 divinorum
2649 2125 2900 2195 profectu
2927 2129 3456 2199 contemplatiouum

1868 2223 2270 2285 sensorumque
2312 2214 2499 2280 addat,
2530 2231 2658 2271 cum
2689 2217 2916 2283 mentis,
2949 2219 3006 2273 in
3038 2219 3108 2274 iis
3137 2235 3261 2289 quae
3289 2220 3457 2276 intel-

1868 2295 2011 2352 lecta
2042 2298 2254 2355 fuerint
2282 2311 2448 2373 atque
2475 2303 2722 2372 dispecta
2751 2306 3143 2373 exsultatione,
3178 2309 3297 2363 sive
3325 2324 3459 2378 gau-

1868 2387 1983 2454 dio,
2030 2391 2500 2462 eonvenientique
2557 2409 2660 2463 pro
2710 2395 2832 2464 ejus
2886 2396 3105 2452 ratione
3153 2398 3457 2469 gratiarum

1870 2482 2105 2538 actione.
2174 2483 2328 2539 Talia
2391 2484 2542 2539 enim
2615 2486 2778 2556 epula
2849 2489 3148 2558 epulantur
3205 2488 3459 2561 festaque

1870 2583 2060 2645 agunt,
2123 2577 2445 2647 quicunque
2508 2577 2781 2647 Spiritum
2843 2580 3035 2651 gratiae
3095 2591 3455 2652 acceperunt,

1871 2666 2192 2722 clamantem
2221 2669 2277 2722 in
2298 2685 2478 2724 eorum
2497 2670 2763 2725 cordibus:
2784 2670 2951 2736 Abba,
2981 2670 3146 2726 Pater
3170 2671 3237 2727 “.

1943 2757 2030 2812 78.
2063 2757 2246 2813 Locus
2285 2758 2628 2815 tabernaculi
2660 2758 3028 2826 admirabilis,
3072 2762 3459 2831 pacatissimus

1872 2856 1960 2904 est
1986 2855 2043 2903 et
2072 2848 2335 2904 innoxius
2375 2848 2646 2903 virtutum
2684 2847 2945 2915 habitus;
2981 2862 3092 2918 quo
3133 2847 3231 2902 Dei
3263 2848 3459 2903 Sermo

1871 2939 2197 3004 adveniens,
2224 2938 2452 2996 diverso
2483 2940 2755 2995 virtutum
2790 2940 2966 3005 cultu,
2999 2940 3174 2997 instar
3202 2940 3463 2996 taberna-

166 3030 451 3096 τακοσμεῖ
503 3026 754 3098 καθάπερ
797 3029 1002 3100 σκηνὴν
1038 3030 1137 3103 τὴν
1166 3030 1367 3103 ψυχήν.
1412 3033 1470 3087 '0
1522 3033 1579 3090 δὲ
1616 3030 1765 3098 οἶκος

1876 3034 2007 3099 culi,
2037 3035 2301 3105 praeclare
2352 3036 2600 3091 animum
2646 3046 2808 3091 ornat
2842 3045 3007 3105 atque
3054 3035 3303 3090 instruit.
3359 3034 3459 3090 Dei

164 3119 262 3174 τοῦ
296 3119 530 3190 Θεοῦ,ή
576 3121 640 3173 ὲκ
688 3120 898 3174 πολλῶν
949 3120 1046 3176 καὶ
1099 3122 1374 3194 διαφόρων
1427 3127 1764 3199 συγκειμένη

167 3213 558 3285 θεωρημάτων
585 3212 787 3282 γνῶσίς
822 3216 937 3268 ἐστι
971 3233 985 3247 ⁸
1016 3217 1140 3271 καθ’
1166 3219 1232 3290 ἣν
1257 3218 1505 3289 ἐνδημῶν
1527 3223 1595 3293 τῇ
1618 3220 1764 3293 ψυχῇ

164 3306 196 3357 ὀ
221 3305 382 3371 Θεὸς,
418 3304 514 3357 τοῦ
542 3305 642 3374 τῆς
672 3306 863 3375 σοφίας
910 3307 1190 3377 κρατῆρος
1242 3311 1653 3382 ὲμπίμπλησιν.
1703 3313 1766 3366 Ἡ

163 3398 219 3452 δὲ
251 3399 411 3471 φωνὴ
458 3399 556 3470 τῆς
598 3400 974 3468 ἀγαλλιάσεως
1012 3403 1153 3467 ἐστι,
1194 3404 1257 3455 τὸ
1291 3405 1385 3457 ἐπὶ
1432 3404 1512 3475 τῷ
1543 3405 1764 3477 πλούτῳ

162 3493 276 3547 τῶν
312 3491 535 3563 ἀρετῶν
570 3492 666 3563 τῆς
691 3492 871 3565 ψυχῆς
901 3495 1201 3566 σκίρτημα.
1239 3497 1303 3550 Ἦ
1333 3497 1391 3551 δὲ
1431 3498 1526 3569 τῆς
1577 3499 1767 3570 ἐξομο-

162 3583 476 3657 λογήσεως,
502 3587 536 3655 ἡ
576 3584 669 3636 ἐπὶ
716 3587 782 3656 τῇ
818 3583 943 3657 δόξῃ
992 3587 1094 3657 τῆς
1124 3589 1266 3642 κατὰ
1311 3589 1410 3661 τὴν
1450 3593 1643 3660 σοφίαν
1673 3594 1765 3646 εὐ-

161 3678 340 3746 ωχίας
395 3675 551 3729 ἐστὶν
589 3677 930 3750 εὐχαριστία.
976 3680 1034 3732 '0
1072 3680 1129 3733 δὲ
1162 3676 1319 3751 ἦχος,
1350 3686 1384 3754 ἡ
1430 3683 1490 3747 ἐξ
1534 3686 1762 3754 ἀμφοῖν,

160 3769 557 3841 ἀγαλλιάσεώς
583 3787 726 3841 φημι
753 3770 847 3825 καὶ
866 3771 1333 3842 ὲξομολογήσεως,
1362 3775 1505 3828 κατά
1527 3776 1765 3846 σύγκρα-

163 3884 252 3919 σιν
284 3864 561 3936 γινομένη
577 3864 838 3938 διηνεκὴς
869 3865 1109 3937 μυστικὴ
1129 3865 1426 3935 δοξολογία.

135 4107 142 4125 ἱ
234 4054 337 4109 οθ’.
386 4055 451 4108 Ὀ
494 4051 761 4122 γενναίως
796 4050 1216 4113 καταπαλαίσας
1252 4051 1320 4104 τὰ
1354 4049 1503 4122 πάθη
1534 4052 1628 4105 τοῦ
1660 4053 1766 4106 σώ-

137 4130 363 4220 ἷματος,
396 4148 497 4202 καὶ
524 4148 638 4209 τοῖς
676 4145 1011 4216 ἀκαθάρτοις
1040 4143 1345 4214 πνεύμασιν
1382 4144 1581 4208 ἱκανῶς
1610 4146 1766 4200 πολε-

163 4241 379 4310 μήσας,
417 4236 517 4291 καὶ
544 4235 645 4305 τῆς
680 4233 878 4287 ἑαυτοῦ
923 4232 1065 4287 κατά
1087 4232 1267 4304 ψυχὴν
1291 4232 1476 4304 χώρας
1501 4234 1766 4300 ἐξελάσας

168 4331 352 4385 αὐτῶν
385 4328 459 4383 τὰ
490 4329 761 4399 νοήματασ
796 4325 1023 4396 καρδίαν
1057 4325 1301 4395 εὐχέσθω
1345 4324 1593 4395 καθαρὰν
1616 4324 1765 4394 αὑτῷ

1869 3136 2055 3183 autem
2089 3126 2311 3194 domus,
2354 3129 2591 3184 scientia
2628 3137 2735 3194 est,
2769 3145 2836 3184 ex
2882 3129 3071 3185 multis
3110 3130 3460 3201 diversisque

1871 3222 2234 3278 theorematis
2287 3222 2579 3291 sensisque
2626 3220 2921 3292 exquisitis
2977 3222 3303 3289 constituta,
3350 3239 3459 3293 qua

1868 3315 2017 3371 Deus
2051 3314 2251 3369 animae
2289 3316 2578 3379 immcans,
2609 3314 2894 3384 sapientia:
2938 3330 3060 3369 eam
3106 3322 3321 3371 cratere
3359 3316 3459 3370 im-

1867 3407 2001 3476 plet.
2040 3407 2153 3463 Vox
2179 3422 2314 3463 vero
2332 3406 2743 3471 exsultationis,
2770 3408 2940 3461 animi
2958 3407 3265 3478 tripudium
3296 3407 3458 3479 505

1867 3511 1975 3565 est,
2012 3500 2084 3555 ob
2114 3500 2386 3556 virtutum
2418 3499 2623 3554 uberes
2659 3498 2904 3554 divitias.
2950 3500 3066 3555 Vox
3100 3506 3286 3554 autem
3322 3515 3460 3555 con-

1868 3592 2148 3657 fessionis,
2201 3591 2504 3663 gratiarum
2551 3592 2696 3647 actio
2737 3606 2840 3662 pro
2879 3607 2944 3646 ea
2982 3592 3257 3657 claritate,
3292 3608 3457 3661 quam

1869 3685 2156 3753 sapientia:
2221 3683 2539 3738 convivium
2594 3683 2811 3740 tribuit.
2876 3684 3163 3738 Postremo
3219 3685 3457 3751 sonitus,

1868 3790 1991 3843 qua:
2015 3789 2082 3827 ex
2112 3782 2348 3842 utraque
2380 3774 2520 3843 (tum
2544 3773 2758 3827 scilicet
2782 3774 3153 3831 exsultatione
3178 3782 3295 3828 tum
3327 3788 3461 3829 con-

1868 3862 2133 3932 fessione)
2167 3863 2402 3932 quadam
2447 3862 2851 3932 temperatione
2890 3862 3040 3932 jugis
3072 3863 3303 3931 mystica
3336 3864 3457 3917 lau-

1867 3954 2019 4009 datio
2043 3953 2293 4023 emergit.

1942 4048 2028 4102 79.
2054 4045 2159 4112 Qui
2179 4053 2405 4099 strenue
2426 4042 2666 4112 l‘ortique
2692 4042 2894 4097 robore
2927 4042 3179 4113 corporis
3200 4042 3459 4099 libidines

1869 4146 2033 4208 atque
2060 4136 2193 4191 vitia
2224 4134 2547 4199 debellavit,
2579 4149 2642 4189 ac
2675 4142 2944 4204 quantum
2982 4133 3119 4215 satis
3158 4135 3229 4189 sit
3263 4133 3459 4190 adver-

1869 4246 1966 4287 sus
2013 4228 2330 4284 immundos
2373 4226 2607 4297 spiritus
2655 4226 3013 4296 depugnavit,
3058 4241 3237 4295 exque
3283 4226 3455 4281 animi

1874 4326 1960 4380 sui
2020 4324 2246 4393 regione
2301 4335 2499 4377 eorum
2553 4319 2829 4390 cogitatus
2883 4318 3150 4388 expulit:
3196 4318 3460 4389 precibus

160 4409 420 4493 δοθῆναι,
459 4418 558 4472 καὶ
595 4416 814 4486 πνεῦμα
859 4415 1013 4478 eoos;
1039 4416 1098 4467 ὲν
1130 4417 1240 4478 τοῖς
1279 4414 1534 4483 ὲγκάτοις
1577 4416 1769 4482 ἐγκαι..

1876 4417 2121 4472 enitatur
2140 4429 2236 4483 eor
2264 4413 2370 4468 sibi
2398 4411 2667 4483 mundum
2691 4409 2831 4475 dari,
2859 4418 2916 4466 et
2948 4411 3207 4481 spiritum
3244 4425 3458 4468 rectum

158 4516 425 4586 νισθῆναι
450 4530 463 4544 ·
495 4510 765 4570 τουτέστι.
805 4497 1029 4571 τελείως
1053 4508 1161 4560 τῶν
1208 4509 1306 4578 μὲν
1342 4508 1560 4577 φαύλων
1598 4525 1766 4561 κενω-

159 4610 333 4680 θῆναι
361 4604 671 4675 λογισμῶν,
704 4603 812 4655 τῶν
841 4603 900 4655 δὲ
947 4601 1107 4655 θείων
1155 4598 1376 4654 ἐννοιῶν
1408 4598 1766 4671 πληρωθῆναι

157 4703 251 4756 διά
284 4700 389 4770 τῆς
414 4697 676 4769 χάριτος⁹
713 4696 798 4747 ἵνα
851 4691 1079 4762 γένηται
1128 4691 1332 4760 κόσμος
1377 4689 1513 4743 Θεοῦ
1558 4688 1766 4761 νοητῶς

157 4791 431 4863 λαμπρός
487 4804 545 4840 τε
587 4786 681 4841 καὶ
732 4785 927 4855 μέγας,
957 4782 1015 4849 ἐξ
1035 4780 1241 4852 ἠθικῶν
1270 4779 1365 4835 καὶ
1400 4779 1647 4849 φυσικῶν
1672 4782 1767 4834 καὶ

159 4882 509 4956 θεολογικῶν
543 4878 815 4943 συνεστὼς
848 4876 1242 4949 θεωρημάτων.

235 5074 317 5122 π’.
372 5065 435 5117 ὐ
458 5064 557 5133 τὴν
599 5058 825 5130 καρδίαν
870 5056 1117 5130 καθαρὰν
1149 5055 1544 5128 ἐργασάμενος,
1576 5054 1636 5106 οὐ
1668 5054 1766 5124 μό-

156 5179 255 5215 νον
279 5158 403 5213 τῶν
429 5152 853 5224 ὑποδεδηκότων
888 5151 983 5205 καὶ
1018 5149 1157 5220 μετά
1179 5147 1312 5201 Θεὸν
1338 5146 1607 5215 γνώσεται
1641 5146 1767 5209 τοὺς

154 5256 394 5324 λόγους,
431 5250 566 5305 ἀλλά
626 5249 720 5302 καὶ
754 5244 903 5315 αὐτῷ
947 5243 1128 5307 ποσῶς
1179 5240 1316 5313 μετά
1345 5240 1445 5310 τὴν
1490 5238 1600 5293 τῶν
1630 5239 1767 5292 ὅλων

155 5346 451 5408 διάῦασιν,
480 5342 642 5413 ἐνορᾷ
671 5357 683 5372 ·
733 5341 873 5410 ὅπερ
924 5337 1072 5390 ἐστὶν
1133 5334 1435 5405 ἀκρότατον
1469 5331 1623 5396 τέλος
1657 5331 1763 5384 τῶν

155 5436 402 5507 ἀγαθῶν
427 5451 440 5464 °
464 5436 521 5487 ὲν
619 5432 914 5503 γενόμενος
942 5431 970 5482 ὁ
999 5428 1153 5491 Θεὸς,
1181 5428 1323 5492 ἀξιοῖ
1353 5426 1419 5479 τά
1448 5425 1556 5479 ίδια
1576 5424 1761 5495 γράμ-

159 5547 319 5605 ματα
352 5525 447 5582 διὰ
471 5526 562 5580 τοῦ
594 5524 904 5595 πνεύματος
946 5518 1322 5590 ἐγχαράττειν,
1356 5515 1611 5588 καθάπερ
1654 5518 1765 5574 τισὶ

258 5646 307 5678 ιθ
336 5642 502 5697 Joan.
531 5656 663 5707 xvu,
694 5639 780 5705 10,
818 5640 906 5693 19.
1011 5638 1053 5669 ’⁸⁸
1083 5637 1099 5690 l
1125 5636 1281 5692 Joan.
1309 5650 1385 5702 tu,
1421 5634 1477 5689 2.

155 5738 189 5779 ι.
245 5716 338 5772 1⁸2.

506 5811 782 5891 Ρηιιοι..
815 5807 932 5867 Gtt.
974 5803 1101 5866 XC.

1876 4510 1932 4564 in
1971 4506 2282 4563 visceribus
2338 4505 2455 4560 suis
2504 4504 2759 4559 innovari
2800 4502 2880 4570 ui;
2924 4515 2987 4559 ut
3028 4504 3239 4559 scilicet
3278 4505 3461 4575 pravis

1875 4599 2308 4672 cogitationibus
2343 4598 2505 4668 plene
2541 4597 2834 4661 abdicatis,
2882 4595 3089 4652 divinis
3121 4596 3309 4668 gratiae
3339 4614 3460 4652 mu-

1875 4710 2011 4751 nere
2051 4693 2367 4749 rationibus
2392 4693 2727 4762 impleatur;
2767 4707 2879 4762 quo
2914 4692 3179 4747 nimirum
3217 4693 3461 4763 splendi-

1875 4788 1981 4843 dus
2024 4800 2366 4856 magnusque
2401 4784 2498 4839 Dei
2540 4786 2804 4849 mundus,
2837 4799 2906 4839 ex
2932 4783 3257 4848 moralibus,
3291 4794 3459 4839 natu-

1874 4879 2088 4933 ralibus
2118 4874 2520 4946 atquedivinis
2548 4874 2907 4930 theorematis
2931 4874 3222 4943 sensisque
3255 4874 3460 4929 consti-

1875 4979 2049 5034 tutus,
2081 4968 2371 5024 eiliciatur.

1944 5062 2030 5116 80.
2063 5060 2168 5127 Qui
2200 5077 2294 5116 cor
2324 5058 2592 5114 mundum
2622 5057 2883 5121 reddidit,
2917 5055 3124 5111 nedum
3155 5069 3341 5110 rerum
3371 5055 3458 5110 in-

1871 5154 2140 5207 feriorum
2184 5160 2240 5204 et
2299 5165 2420 5219 quae
2468 5165 2495 5203 a
2544 5149 2658 5203 Deo
2708 5146 2965 5203 secundae
3022 5152 3171 5209 sunt,
3214 5146 3460 5198 rationes

1874 5244 2184 5315 intelliget,
2228 5258 2422 5297 verum
2464 5242 2631 5295 etiam
2661 5241 2717 5294 in
2772 5240 2949 5309 ipsum
2992 5238 3169 5292 Deum
3202 5236 3460 5291 omnibus

1875 5337 2151 5407 superatis
2173 5350 2399 5404 quoquo
2439 5333 2604 5387 modo
2632 5332 2803 5386 animi
2839 5331 3060 5385 oculum
3104 5329 3333 5399 deliget;
3364 5329 3460 5397 qui

1874 5431 2151 5485 bonorum
2186 5441 2481 5496 supremus
2510 5425 2637 5479 linis
2664 5432 2750 5479 est
2790 5441 2804 5477 :
2852 5423 2942 5478 cui
2987 5435 3184 5491 nempe
3227 5420 3462 5475 illabens

1874 5525 2045 5587 Deus,
2071 5533 2203 5575 suas
2245 5518 2363 5588 ipse
2398 5516 2615 5571 litteras
2652 5516 2806 5570 velut
2844 5513 3099 5569 Mosaieis
3134 5511 3337 5566 tabulis
3363 5525 3462 5581 per

1588 5639 1631 5672 δ’
1659 5641 1803 5697 Psal.
1829 5656 1974 5709 εχιτ,
2009 5638 2062 5694 6.
2142 5636 2187 5669 ⁸³
2218 5634 2363 5691 Psal.
2403 5649 2511 5699 xu,
2550 5633 2603 5687 5.
2682 5630 2726 5662 “
2764 5630 2942 5687 Calat.
2986 5644 3060 5689 tv.
3091 5628 3145 5683 6.
3220 5626 3266 5659 “’
3315 5627 3461 5685 Psal.

3086 5792 3162 5851 37
