3930 6324
230 290 372 359 1165
1052 307 1215 367 CAP]
1222 307 1386 368 TUM
1423 309 1693 372 THEOL.
1734 314 1797 373 E'.

1903 315 2102 378 ECON.
2144 318 2533 383 CENTURIA
2570 324 2653 384 Π.
2756 352 2759 355 ·
3373 332 3507 397 1166

231 404 442 472 γενεῶν
470 404 720 475 βούλεται
752 411 948 481 δηλοῦν
979 415 1009 468 ὁ
1042 414 1233 484 λόγος,
1275 420 1525 488 λέγοντες
1545 440 1558 454 ο
1589 425 1735 488 τίνες
1766 430 1793 482 δ

1926 442 2029 483 nec
2061 446 2173 485 non
2201 443 2589 502 generationes
2623 436 2843 492 saeculis
2868 440 3214 510 conjunctas.
3257 442 3336 499 Ne
3376 461 3509 502 vero

225 496 395 549 πάλιν
428 497 615 560 ἁπλῶς
642 501 689 551 οἱ
734 502 950 569 αἰῶνες,
987 507 1081 560 καὶ
1117 509 1265 572 τίνες
1314 512 1520 577 αἰῶνες
1547 514 1657 568 τῶν
1689 516 1797 569 αίώ

1925 496 2405 590 inpmsentiarum
2445 526 2810 596 exponendo,
2863 496 2995 599 quid
3044 546 3146 601 per
3183 496 3510 606 temporalia

222 602 357 646 νων.
386 587 471 649 τίς
501 606 559 641 τε
589 591 617 642 ὁ
653 591 841 657 ἁπλῶς
897 594 1052 661 αἰὼν,
1090 596 1183 650 καὶ
1222 600 1250 651 ὁ
1276 598 1414 652 αἰὼν
1466 601 1561 655 τοῦ
1593 602 1793 667 αίῶνος

222 677 395 699 ---Ἷκη
433 697 500 699 ᾗ-.
554 682 567 699 \
656 683 667 699 ι
753 686 766 699 ο
836 685 885 699 ολ
1045 689 1058 699 ι
1179 689 1191 699 ι
1406 691 1461 699 ι.
1647 694 1657 699 -

1920 613 2141 679 saecula,
2182 616 2389 686 quidve
2432 633 2535 688 per
2564 621 2850 677 saecularia
2899 628 3149 694 tempora
3181 635 3237 681 et
3279 644 3511 699 genera-

219 677 396 732 πολὺν
428 682 579 751 παρὰ
615 683 714 754 τὴν
745 685 1008 739 ὑπόθεσιν
1041 689 1376 759 ὲκτείνωμεν
1406 691 1581 759 λόγον,
1604 694 1672 747 τὰ
1695 712 1797 767 περ

2130 677 2135 679 .
2200 677 2216 686 ,
2433 677 2449 688 ,
2937 677 2944 678 κ
3016 677 3034 694 ι
3187 677 3235 681 --
3279 677 3481 699 οων.-

1922 704 2099 761 tiones
2137 708 2453 778 significare
2484 712 2617 767 velit
2658 712 2978 784 Scriptura;
3017 731 3268 785 quaenam
3319 730 3506 778 autem

217 770 431 826 τούτων
466 779 581 839 τοῖς
625 777 951 849 φιλομαθέσι
980 782 1205 834 σκοπεῖν
1236 782 1519 848 ἐάσαντες,
1558 788 1697 859 πρὸς
1729 791 1797 842 τὸ·

1920 812 2112 853 rursus
2133 799 2463 870 simpliciter
2501 804 2719 869 saecula,
2762 820 2827 862 ac
2870 821 2993 877 quae
3034 810 3235 865 saecula
3272 814 3507 870 saeculo-

218 866 428 919 σκοπὸν
468 868 538 922 δι’
567 869 626 922 ὃν
655 870 830 926 ταῦτα
862 873 1274 944 προηγάγομεν,
1308 877 1717 950 ἐπανέλθωμεν.

1920 904 2077 957 rum;
2114 893 2374 963 quodque
2410 896 2549 951 adeo
2597 897 2924 968 simpliciter
2967 902 3252 969 saeculum,
3301 914 3359 960 et
3402 921 3506 963 saa-

215 962 412 1017 culum
436 964 649 1030 saeculi,
680 966 842 1037 longa
879 984 909 1023 a
974 972 1264 1040 proposito
1327 974 1671 1044 digressione
1730 991 2042 1035 sermonem
2088 986 2506 1056 protrahamus;
2543 990 2632 1045 his
2684 991 3062 1048 studiosorum
3101 994 3404 1067 diligentia:
3442 1015 3507 1056 ac

214 1052 599 1125 disquisitioni
626 1057 855 1122 relictis,
894 1059 963 1114 ad
992 1064 1339 1132 propositum
1372 1063 1562 1127 linem,
1601 1066 1813 1122 ratione
1852 1071 2012 1141 cujus
2036 1052 2154 1130 haec
2184 1077 2569 1146 produximus,
2609 1091 2975 1154 revertamur.

289 1154 414 1212 πςθ.
445 1148 682 1218 Οῑδαμέν
716 1166 768 1201 τι
799 1150 943 1205 κατά
986 1155 1087 1224 τὴν
1140 1155 1367 1226 Γραφὴν
1407 1155 1773 1226 ὺπεραιώνιον
1800 1176 1811 1186 ·

211 1241 357 1311 ὅπερ
388 1240 472 1293 ὅτι
507 1241 606 1310 μὲν
638 1240 810 1305 ἔστιν,
837 1244 1078 1313 ὲσὴμανε
1106 1263 1119 1275 ο
1154 1247 1206 1299 τί
1228 1247 1285 1300 δὲ
1315 1246 1475 1300 τοῦτό
1513 1247 1681 1307 ἐστιν,
1708 1250 1809 1302 οῦκ

210 1331 497 1402 ὠνόμασε,
527 1331 671 1385 κατά
703 1332 787 1399 τὸ,
829 1335 1048 1402 Κίφιος
1072 1337 1427 1401 βασιλεύων
1459 1338 1567 1391 τὸν
1599 1338 1809 1403 αἰῶνα,

210 1429 315 1479 καὶ
345 1425 442 1478 ἐπ’
466 1424 654 1479 αἰῶνα
680 1426 781 1480 καὶ
807 1428 916 1481 ἔτι.
942 1428 1152 1483 Οὐκοῦν
1178 1430 1294 1484 ἐστι
1323 1447 1375 1483 τι
1407 1431 1643 1504 πρᾶγμα
1668 1430 1809 1502 ὑπὲρ

212 1518 448 1582 αἰῶνας,
485 1519 517 1588 ή
565 1520 879 1590 ἀκραιφνὴς
927 1520 1023 1574 τοῦ
1074 1520 1213 1575 Θεοῦ
1263 1521 1530 1590 βασιλεία.
1571 1523 1648 1576 Οὐ
1698 1522 1809 1595 γὰρ

209 1609 276 1680 δὴ
320 1608 485 1681 θέμις
511 1612 687 1663 εἰπεῖν
714 1606 943 1681 ἦρχθαι,
978 1611 1013 1683 ἢ
1062 1612 1365 1682 φθάνεσθαι
1395 1612 1501 1667 ὑπὸ
1530 1612 1745 1668 αἰώνων
1773 1613 1807 1684 ἢ

1993 1165 2082 1220 86.
2125 1166 2347 1223 Scimus
2383 1169 2667 1241 Scriptura
2703 1182 2845 1229 teste
2879 1159 3001 1232 esse
3041 1180 3248 1251 aliquid
3288 1184 3505 1239 smculis

1920 1256 2213 1324 superius;
2239 1259 2387 1329 quod
2423 1261 2515 1316 illa
2545 1263 2773 1333 quidem
2801 1281 2923 1321 esse
2959 1268 3328 1340 signiﬁcavit;
3370 1274 3503 1342 quid

1920 1355 2103 1402 tamen
2134 1361 2303 1416 esset,
2343 1350 2573 1409 minime
2617 1371 2685 1409 ex
2731 1358 2957 1413 nomine
3000 1362 3308 1431 expressit;
3347 1364 3504 1435 juxta

1916 1440 2065 1507 quod
2095 1442 2365 1513 scriptum
2397 1453 2481 1500 est
2513 1464 2527 1499 :
2568 1446 2828 1503 Dominus
2873 1467 3099 1522 regnans
3140 1455 3415 1521 sarculum,
3452 1466 3505 1511 et

1914 1531 1969 1582 in
2016 1532 2271 1587 siccatum
2308 1546 2357 1589 et
2391 1535 2536 1591 ultra
2574 1538 2641 1591 “.
2682 1540 2779 1594 Est
2812 1541 3000 1612 itaque
3035 1544 3242 1615 aliquid
3287 1549 3505 1605 saeculis

1916 1622 2196 1691 superius,
2227 1640 2419 1680 verum
2448 1627 2661 1684 scilicet
2688 1630 2785 1685 Dei
2812 1648 3065 1703 regnum.
3091 1636 3204 1692 Nec
3231 1639 3380 1693 enim
3423 1641 3506 1695 fas

212 1703 431 1773 χρόνων
454 1705 554 1773 τὴν
587 1703 680 1757 τοῦ
702 1703 838 1757 Θεοῦ
876 1703 1176 1774 βασιλείαν.
1211 1704 1431 1776 Ταύτην
1458 1703 1516 1758 δὲ
1553 1705 1797 1759 πιστεύο-

1912 1721 1999 1765 est
2027 1721 2087 1767 ut
2137 1713 2274 1769 illud
2306 1716 2581 1786 incepisse
2615 1719 2886 1788 dicamus,
2926 1724 3014 1778 vel
3055 1740 3176 1781 esse
3205 1728 3501 1799 ejusmodi.

212 1815 316 1868 μεν
339 1794 484 1851 εἶναι
533 1799 643 1852 τῶν
682 1800 1008 1870 σωζομένων
1038 1801 1441 1873 κληρονομίαν,
1474 1802 1574 1855 καὶ
1616 1801 1805 1873 μονὴν,

208 1893 307 1945 καὶ
350 1892 520 1944 τόπον
542 1932 558 1957 ,
592 1892 772 1956 καθὼς
811 1895 839 1946 ὁ
876 1894 1083 1967 ἀληθὴς
1120 1894 1457 1965 παραδίδωσι
1504 1894 1692 1962 λόγος’
1733 1895 1809 1961 ὡς

207 1983 366 2047 τέλος
400 1985 511 2038 τῶν
540 1985 606 2038 δι’
644 1985 891 2054 ἐφέσεως
919 1986 1057 2055 πρὸς
1098 1985 1161 2040 τὸ
1210 1987 1437 2058 ἔσχατον
1464 1988 1688 2059 ὀρεκτὸν
1722 2004 1808 2041 κι-

205 2078 516 2149 νουμένωνο
540 2082 599 2133 ὲν
616 2073 661 2149 ᾧ
677 2081 973 2150 γινόμενοι,
994 2081 1176 2152 πάσης
1197 2084 1293 2153 τῆς
1313 2082 1606 2137 ὁποιασοῦν
1625 2082 1809 2153 δέχον-

206 2185 300 2222 ται
365 2169 584 2223 παῦλαν
653 2174 921 2243 κινήσεως
965 2189 978 2202 ⁸
1024 2174 1103 2237 ὡς
1155 2174 1355 2244 μηκέτι
1416 2173 1609 2244 χρόνου
1666 2168 1810 2236 τινὸς

205 2261 360 2325 ὄντος
389 2262 572 2315 αὐτῶν
609 2264 642 2333 ἢ
669 2264 864 2328 αἰῶνος
889 2264 985 2319 τοῦ
1010 2265 1332 2336 διαὸαθῆναι
1376 2265 1702 2335 ὀφείλοντος,
1721 2260 1808 2319 οἶα

209 2354 275 2423 δὴ
314 2355 461 2425 μετὰ
494 2356 672 2409 πάντα
717 2359 1126 2429 καταντήσασιν
1150 2361 1230 2422 είς
1260 2358 1351 2412 τὸν
1384 2358 1518 2412 Θεόν
1537 2376 1550 2389 ·
1581 2359 1675 2411 τὸν
1705 2360 1811 2427 πρὸ

206 2449 434 2502 πάντων
466 2450 597 2504 ὄντα
643 2450 752 2503 “LBV
791 2449 1006 2506 αἰώνων
1032 2492 1047 2518 ,
1074 2453 1170 2506 καὶ
1227 2451 1287 2504 ὃν
1325 2448 1805 2520 φθάνεινοαίώνων

205 2539 373 2610 φύσις
427 2541 491 2594 οῦ
539 2541 804 2611 πέφυκεν.

1915 1813 1979 1859 ut
2027 1805 2141 1861 sive
2178 1809 2377 1863 saecula
2416 1811 2533 1865 sive
2574 1819 2825 1883 tempora
2880 1816 3062 1886 ipsum
3108 1829 3504 1889 assequamur,

1915 1895 2030 1953 Hoc
2061 1907 2246 1955 autem
2273 1917 2525 1972 regnum,
2554 1919 2749 1958 eorum
2786 1906 3189 1969 hazreditatem.
3229 1910 3502 1981 sedesque

1915 2011 1982 2051 ac
2013 1994 2196 2047 locum
2231 2008 2354 2049 esse
2379 1995 2679 2062 credimus,
2717 1999 2811 2067 qui
2844 1999 3005 2054 electi
3043 2002 3276 2057 salutem
3303 2019 3500 2059 conse-

1915 2090 2187 2154 quuntur,
2238 2082 2319 2135 uti
2375 2082 2541 2137 tradit
2589 2099 2760 2139 verus
2820 2101 3039 2154 sermo;
3087 2090 3236 2144 velut
3289 2092 3503 2147 scilicet

1912 2187 2107 2228 eorum
2140 2172 2463 2241 cupiditatis
2497 2173 2683 2241 ﬁnem,
2734 2177 2827 2247 qui
2863 2177 2931 2231 ad
2975 2194 3297 2248 supremum
3336 2197 3496 2253 appe-

1914 2265 2070 2319 tibile
2103 2264 2262 2333 507
2295 2275 2592 2320 moventur
2622 2286 2633 2320 :
2682 2270 2839 2339 cujus
2883 2269 2977 2323 ubi
3013 2272 3185 2326 semel
3217 2286 3501 2345 compotes

1911 2357 2093 2411 et‘iecti
2121 2356 2347 2423 fuerint,
2376 2357 2445 2411 ab
2472 2358 2621 2413 omni
2649 2360 2871 2427 penitus
2899 2371 3048 2417 motu
3082 2379 3145 2418 ac
3174 2365 3498 2422 incitatione

1909 2448 2210 2503 cessabunt
2247 2466 2260 2501 :
2295 2449 2443 2518 quod
2486 2450 2598 2519 jam
2645 2451 2857 2505 nullum
2902 2453 2982 2509 eis
3024 2462 3241 2526 tempus
3275 2467 3370 2513 aut
3399 2475 3498 2514 sae-

1910 2539 2097 2592 culum
2125 2538 2498 2607 superandum
2540 2554 2794 2610 superet;
2840 2558 2965 2598 cum
3006 2548 3282 2616 superatis
3314 2551 3499 2604 omni—

206 2631 315 2684 bus
370 2630 432 2684 in
487 2629 663 2684 Deum
726 2629 1051 2696 inciderint,
1113 2630 1331 2686 cunctis
1390 2629 1607 2685 saeculis
1660 2627 2018 2693 anteriorem,
2062 2637 2119 2682 et
2160 2642 2325 2697 quem
2375 2629 2526 2683 nulla
2603 2633 2933 2689 saeculorum
3009 2648 3206 2694 natura
3274 2642 3495 2711 assequi

245 2737 407 2775 08811..

343 2731 357 2775 i
393 2762 407 2775 .

205 2731 395 2880 posst:
442 2815 557 2884 Ἐφ’
587 2815 712 2869 ὅσον
746 2815 939 2886 χρόνον
981 2816 1066 2878 τίς
1094 2817 1242 2869 ἔστιν
1281 2816 1421 2887 ὲντῇ
1456 2814 1570 2886 ζωῇ
1604 2813 1799 2886 ταύτῃ,

203 2908 311 2963 κᾶν
340 2906 549 2971 τέλειός
579 2908 694 2961 ἔστι
744 2906 888 2960 κατὰ
920 2906 1022 2978 τὴν
1052 2906 1239 2961 ἐνθάδε
1292 2908 1633 2960 κατάστασιν
1656 2948 1671 2970 ,
1706 2908 1802 2958 καὶ

1979 2808 2067 2863 87.
2095 2808 2353 2875 Quandiu
2384 2811 2510 2881 quis
2548 2811 2715 2866 vitam
2750 2824 3077 2882 praesentem
3104 2818 3235 2889 agit,
3258 2822 3359 2875 etsi
3392 2838 3495 2893 pro

1908 2901 2075 2972 hujus
2117 2910 2295 2957 status
2339 2902 2552 2957 ratione
2598 2905 2881 2973 perfectus
2923 2918 3027 2973 est,
3072 2918 3186 2964 tum
3229 2911 3494 2972 nimirum

204 3001 411 3074 πράξει
450 3002 544 3053 καὶ
584 3000 811 3071 θεωρίᾳ,
839 2999 940 3071 τὴν
978 3004 1043 3053 ἐκ
1077 2999 1278 3071 μέρους
1314 2999 1427 3071 ἔχει
1466 3001 1560 3053 mi.
1596 2999 1797 3084 γνῷσιν

1906 2991 2123 3046 actione
2178 3001 2292 3047 tum
2346 2995 2833 3063 contemplatione,
2886 3012 2953 3051 ex
3000 3010 3153 3069 parte
3211 3011 3393 3060 tamen
3436 3016 3496 3063 et

201 3096 303 3149 καὶ
344 3093 687 3164 προφητείαν
735 3094 831 3148 καὶ
886 3093 1189 3167 ἀρραϐῶνα
1236 3093 1555 3165 Πνεῦματος
1603 3093 1794 3162 ἁγίου·

203 3188 327 3243 ἀλλ’
358 3188 463 3241 οὐκ
490 3187 622 3241 αὐτὸ
650 3188 713 3241 τὸ
741 3188 1016 3259 πλήρωμα
1054 3204 1068 3218 ο
1094 3188 1448 3259 ἐλευσόμενός
1488 3205 1619 3242 ποτε
1660 3188 1799 3258 μετὰ

201 3283 301 3357 τὴν
329 3283 446 3336 τῶν
465 3282 679 3337 αἰώνων
705 3284 1007 3355 περαίωσιν
1028 3286 1108 3348 εἰς
1139 3285 1239 3355 τὴν
1266 3284 1480 3337 τελείαν
1508 3283 1682 3354 λῆξιν,
1699 3284 1800 3354 τὴν

202 3380 503 3451 πρόσωπον
531 3379 670 3450 πρὸς
707 3380 1000 3450 πρόσωπον
1028 3384 1143 3445 τοῖς
1169 3380 1344 3445 ἀξίοις
1374 3378 1666 3433 δεικνῦσαν
1695 3379 1796 3432 αῦ-

201 3470 302 3540 τὴν
330 3470 420 3539 ἐφ’
448 3464 655 3541 ἑαυτῆς
678 3470 926 3523 ἑστῶσαν
945 3469 1044 3542 τὴν
1066 3470 1323 3541 ἀλήθειαν
1355 3488 1370 3502 ·
1397 3470 1473 3533 ὡς
1514 3469 1711 3541 μηκέτι
1733 3472 1796 3523 ὲκ

199 3562 295 3617 τοῦ
321 3562 700 3634 πληρώματος
737 3562 904 3635 μέρος
932 3563 1098 3632 ἔχειν,
1133 3563 1248 3616 ἀλλ’
1273 3563 1409 3618 αὐτὸ
1438 3561 1501 3615 τὸ
1520 3562 1797 3634 πλήρωμα

199 3656 299 3726 τῆς
315 3656 550 3727 χάριτος
578 3655 720 3709 κατὰ
744 3654 961 3725 μέθεξιν
984 3655 1104 3708 ὅλον
1122 3654 1464 3726 κομίζεσθαι.
1490 3655 1797 3722 Καταντή-

200 3752 420 3803 σεο-θαι
452 3751 582 3819 γὰρ,
610 3748 776 3818 φησὶν
802 3747 835 3798 ὁ
868 3747 1192 3808 Ἀπόστολος
1213 3787 1227 3809 ,
1256 3746 1489 3812 πάντας
1532 3745 1794 3818 (δηλονότι

203 3842 329 3905 τοὺς
366 3839 737 3911 σωζομένους)
782 3843 869 3906 είς
920 3838 1112 3909 ἄνδρα
1150 3838 1383 3892 τέλειον
1412 3878 1427 3903 ,
1458 3840 1548 3903 εἰς
1573 3838 1795 3907 μέτρον

199 3932 453 4000 ἡλικίας
507 3931 613 3986 τοῦ
664 3931 1058 4002 πληρώματος
1111 3930 1217 3985 τοῦ
1275 3929 1536 3999 Χριστοῦ
1575 3947 1590 3961 ·
1624 3930 1695 3982 ἐν
1746 3923 1795 3997 ᾧ

198 4025 359 4077 εισιν
380 4025 443 4078 οἱ
473 4022 763 4091 θησαυροὶ
818 4021 928 4090 τῆς
961 4022 1181 4092 σοφίας
1209 4022 1307 4076 καὶ
1355 4020 1466 4090 τῆς
1514 4019 1794 4091 γνώσεως

198 4114 549 4183 ἀπόκρυφοι
575 4132 588 4145 ·
612 4111 685 4186 ἦς
723 4114 1080 4185 φαινομένης,
1125 4114 1187 4167 τὺ
1230 4116 1295 4168 ἐκ
1343 4113 1548 4185 μέρους
1582 4130 1791 4184 καταρ-

197 4205 532 4276 γηθήσεται.

1906 3083 2193 3138 scientiam
2223 3093 2280 3139 et
2321 3084 2671 3155 prophetiam
2718 3096 2773 3143 et
2817 3088 3058 3160 Spiritus
3092 3095 3268 3149 sancti
3301 3098 3495 3157 arrha-

1900 3174 2126 3242 bonem,
2162 3192 2274 3231 non
2300 3193 2436 3233 vero
2472 3178 2646 3248 ipsam
2673 3180 3078 3250 plenitudinem
3106 3185 3311 3256 habet;
3354 3207 3495 3247 ven-

1902 3276 2059 3323 turus
2101 3268 2314 3324 scilicet
2349 3269 2647 3341 aliquando
2684 3282 2808 3343 post
2833 3277 3162 3334 saeculorum
3194 3279 3381 3350 ﬁnem,
3422 3286 3491 3340 ad

1899 3358 2202 3429 perfectam
2238 3361 2386 3416 illam
2432 3364 2682 3433 requiem
2724 3366 3052 3440 beatamque
3098 3382 3327 3441 sortem,
3367 3392 3491 3446 qua:

1898 3451 2084 3523 dignis
2118 3454 2424 3524 electisque
2463 3455 2637 3527 ipsam
2678 3458 2735 3511 in
2768 3475 2826 3514 se
2854 3460 2996 3516 facie
3024 3461 3091 3516 ad
3130 3464 3329 3522 faciem
3358 3472 3488 3524 v‘cre

1896 3545 2253 3601 exsistentem
2296 3548 2589 3603 veritatem
2638 3550 2897 3607 ostendet
2938 3568 2954 3608 :
3003 3554 3079 3610 ita
3124 3555 3389 3612 nimirum
3428 3571 3487 3616 ut

1896 3650 2010 3691 non
2046 3638 2284 3709 amplius
2313 3656 2381 3694 ex
2421 3641 2767 3710 plenitudine
2795 3645 2952 3714 quasi
3002 3646 3318 3718 decerptam
3362 3667 3493 3723 parv

1899 3730 2007 3775 tem
2034 3723 2295 3789 habeant,
2330 3727 2426 3780 sed
2453 3727 2628 3797 ipsam
2661 3739 2830 3785 totam
2860 3736 3049 3804 gratiae
3080 3736 3484 3806 plenitudinem

1896 3817 2200 3871 secundum
2284 3820 2762 3890 participationem
2843 3828 3105 3885 referant.
3177 3833 3269 3888 Ait
3334 3837 3482 3891 enim

1894 3904 2193 3971 Apostolus
2230 3905 2373 3968 fore,
2426 3917 2485 3961 ut
2518 3924 2860 3966 occurramus
2900 3931 3079 3970 omnes
3111 3918 3227 3988 (qui
3271 3922 3484 3980 scilicet

1895 3994 2130 4048 salutem
2156 3998 2585 4071 consequemur)
2625 4002 2681 4054 in
2708 4003 2879 4057 cirum
2909 4007 3223 4078 perfectum,
3244 4013 3301 4066 in
3330 4031 3478 4069 men-

1892 4103 2081 4140 suram
2124 4091 2299 4143 wtatis
2341 4090 2684 4161 plenitudinis
2735 4092 2933 4151 Christi
2974 4100 3021 4131 ⁵³
3058 4118 3070 4152 :
3110 4103 3167 4154 in
3209 4120 3314 4174 quo
3354 4117 3479 4160 sunt

1894 4196 2073 4235 omnes
2113 4182 2347 4237 thesauri
2385 4184 2662 4254 sapientia:
2710 4198 2759 4241 et
2806 4192 3040 4247 scientia?
3071 4194 3360 4252 absconditi
3398 4201 3475 4266 ἰς

1895 4289 2000 4344 qua
2025 4275 2264 4345 prodita,
2294 4277 2653 4334 evacuabitur
2674 4281 2820 4350 quod
2852 4297 2920 4337 ex
2950 4294 3103 4354 parte
3133 4288 3375 4359 exsistit.

267 4384 381 4455 σπη’.
413 4384 655 4456 Ζητοῦσί
708 4402 877 4449 τινες,
924 4385 1044 4448 πῶς
1082 4385 1236 4438 ἔσται
1294 4384 1403 4438 τῶν
1449 4383 1787 4455 ἀξιουμένων

1962 4376 2049 4432 88.
2098 4378 2238 4433 Sunt
2264 4379 2358 4449 qui
2394 4393 2664 4451 quaerant.
2701 4384 2955 4454 quisnam
2991 4383 3212 4445 futurus
3249 4393 3321 4449 sit
3361 4403 3477 4451 ste-

199 4477 296 4546 τῆς
338 4480 396 4531 ὲν
438 4482 502 4549 τῇ
544 4476 793 4548 βασιλείᾳ
826 4476 921 4530 τοῦ
971 4477 1107 4530 Θεοῦ
1150 4476 1488 4545 τελειότητος
1533 4479 1566 4548 ἡ
1618 4476 1790 4531 κατά-

203 4582 390 4630 στασις
415 4584 432 4599 ο
476 4567 705 4638 πότερον
738 4570 881 4621 κατά
934 4567 1218 4637 προκοπὴν
1264 4568 1358 4620 καὶ
1390 4567 1689 4636 μετάϐασιν
1710 4610 1723 4630 ,
1755 4569 1787 4638 ἦ

203 4656 340 4709 κατὰ
368 4656 468 4725 τὴν
513 4658 568 4709 ἐν
600 4658 785 4710 στάσει
817 4657 1124 4727 ταυτότητά
1145 4673 1160 4688 ο
1198 4658 1314 4720 πῶς
1350 4675 1411 4710 τε
1445 4658 1513 4711 τὰ
1558 4657 1789 4727 σώματα

201 4747 295 4799 καὶ
328 4749 427 4811 τὰς
468 4750 648 4819 ψυχὰς
689 4746 827 4802 εἶναι
859 4749 1036 4820 χρεὼν
1091 4749 1517 4820 ὑπολαμϐάνειν.
1548 4750 1693 4821 Πρὸς
1721 4750 1785 4822 δὴ

200 4839 357 4893 τοῦτο
418 4840 792 4911 στοχαστικῶς
837 4842 956 4911 ἐρεῖ
991 4859 1095 4905 τις,
1133 4843 1214 4895 ὅτι
1265 4841 1518 4911 καθάπερ
1565 4843 1658 4895 ἐπὶ
1691 4842 1789 4913 τῆς

205 4935 526 5004 σωματικῆς
558 4934 707 5003 ζωῆς
740 4935 924 4997 διττός
966 4936 1115 4987 ἐστιν
1148 4937 1177 4987 ὁ
1205 4935 1307 5003 τῆς
1345 4933 1557 5005 τροφῆς
1585 4933 1744 5001 λόγος
1770 4949 1784 4963 ο

202 5024 356 5091 ὁμὲν
387 5027 524 5097 πρὸς
559 5027 790 5097 αὔξησιν
811 5065 824 5089 ,
856 5028 884 5079 ὁ
911 5026 967 5078 δὲ
1004 5026 1140 5096 πρὸς
1164 5026 1495 5097 συντήρησιν
1523 5025 1630 5077 τῶν
1664 5041 1789 5095 τρε-

205 5118 456 5184 φομένων
485 5140 495 5151 ·
544 5119 742 5190 μέχρις
787 5114 846 5173 οὗ
879 5119 987 5190 γὰρ
1021 5118 1316 5189 φθάσωμεν
1348 5117 1408 5170 τὸ
1441 5117 1649 5170 τέλειον
1687 5117 1788 5188 τῆς

205 5213 523 5281 σωματικῆς
555 5213 792 5283 ἡλικίας,
824 5212 1138 5283 τρεφόμεθα
1178 5212 1312 5282 πρὸς
1353 5208 1582 5279 αὒξησιν
1604 5211 1786 5262 ⁸ἐττει-

204 5298 303 5351 δάν
332 5302 387 5354 δὲ
428 5304 489 5356 τὸ
539 5305 701 5375 σῶμα
734 5309 832 5376 στῇ
881 5306 981 5375 τῆς
1038 5308 1120 5368 εἰς
1178 5304 1412 5377 μέγεθος
1464 5304 1781 5367 ἐπιδόσεως,

206 5392 385 5445 οὐκέτι
416 5397 675 5467 τρέφεται
710 5397 851 5468 πρὸς
902 5397 1151 5469 αῦξησιν,
1175 5398 1312 5451 ἀλλὰ
1351 5397 1487 5468 πρὸς
1524 5396 1786 5465 συντήρη-

209 5498 312 5537 σιν.
348 5486 531 5552 υῦτως
559 5489 655 5542 καὶ
687 5490 778 5542 ἐπὶ
820 5490 918 5559 τῆς
957 5488 1134 5558 ψυχῆς
1181 5487 1356 5550 διττὸς
1388 5490 1416 5540 ὁ
1449 5486 1550 5555 τῆς
1578 5486 1780 5556 τροφῆς

209 5570 380 5643 λόγος.
411 5579 680 5651 Τρέφεται
716 5580 822 5651 γὰρ
860 5581 1244 5651 προκύπτουσα
1276 5580 1398 5642 ταῖς
1431 5579 1655 5649 ἀρεταῖς
1687 5576 1783 5629 καὶ

281 5728 326 5761 ⁸³
354 5728 528 5790 Exod.
554 5751 643 5801 xv,
671 5732 757 5788 18.

1895 4477 1982 4523 tus
2017 4484 2211 4524 eorum
2247 4472 2341 4541 qui
2372 4472 2792 4540 perfectionem,
2812 4492 2936 4545 quae
2960 4477 3017 4534 in
3047 4496 3218 4553 regno
3242 4485 3340 4540 Dei
3369 4496 3475 4555 est,

1891 4570 2337 4628 consequentur;
2400 4568 2588 4616 utrum
2657 4566 2966 4620 secundum
3034 4571 3345 4640 profectum
3411 4593 3476 4632 ac

1891 4648 2276 4714 mutationem,
2324 4666 2393 4704 an
2435 4654 2739 4710 secundum
2793 4658 3043 4713 eamdem
3103 4661 3220 4717 lixae
3272 4666 3476 4734 quietis

1890 4740 2332 4808 possessionem;
2362 4758 2473 4812 quo
2507 4744 2638 4800 item
2663 4747 2828 4813 modo
2858 4765 2917 4804 se
2941 4760 3055 4805 tum
3080 4768 3334 4824 corpora,
3358 4768 3474 4814 tum

1890 4831 2105 4885 animas
2163 4848 2286 4888 esse
2350 4833 2672 4902 habituras,
2730 4840 2803 4894 sit
2861 4842 3311 4901 existimandum.
3370 4847 3468 4904 Cui

1888 4925 2176 4992 quaa5tioni
2222 4926 2296 4979 ita
2332 4927 2456 4995 quis
2506 4929 2651 4983 haud
2697 4933 2846 4985 inani
2883 4937 3205 5005 conjectura
3248 4948 3475 5010 reSpou-

1888 5014 2043 5079 deat;
2084 5015 2235 5084 quod
2281 5032 2499 5085 nempe,
2544 5019 2688 5074 sicut
2725 5020 2778 5073 in
2815 5024 3087 5090 corporali
3130 5025 3243 5080 vita
3273 5026 3472 5097 duplex

1886 5122 1971 5169 est
2010 5115 2257 5169 alimenti
2284 5117 2470 5181 .ratio;
2506 5118 2681 5174 altera
2717 5120 2964 5188 quidem,
3011 5122 3081 5176 ad
3119 5140 3472 5195 augmentum

1888 5206 2232 5274 provehens;
2266 5207 2438 5261 altera
2475 5224 2627 5275 vero,
2665 5212 2732 5265 ad
2781 5226 2974 5266 eorum
3010 5214 3105 5283 qui
3150 5217 3477 5273 nutriuntur

1883 5299 2177 5353 conferens
2215 5303 2720 5358 conservationem.
2758 5303 3013 5371 Quandiu
3056 5307 3203 5361 enim
3240 5310 3475 5365 necdum

1880 5392 2181 5461 perfectam
2209 5394 2461 5462 corporis
2499 5405 2767 5450 staturam
2812 5399 3125 5468 molemque
3169 5401 3474 5472 attigimus,

1880 5483 2163 5539 nutrimur
2212 5494 2272 5537 ut
2314 5499 2616 5554 augeamur
2653 5506 2665 5541 :
2720 5489 2817 5542 ubi
2866 5498 3051 5544 autem
3093 5507 3298 5561 corpus
3344 5508 3477 5564 aug-

1880 5574 2052 5630 menti
2083 5573 2247 5629 lincm
2291 5575 2505 5644 fecerit,
2551 5594 2657 5633 non
2702 5580 2941 5651 amplius
2973 5584 3218 5639 nutritur
3261 5594 3324 5639 ut
3379 5599 3478 5639 au-

841 5733 887 5766 "
915 5733 1120 5803 Ephes.
1155 5747 1227 5799 tv,
1268 5732 1355 5786 15.
1434 5731 1479 5764 ⁵⁵
1515 5729 1534 5785 1
1563 5729 1692 5785 Cor.
1731 5744 1846 5797 xm,
1880 5727 1963 5782 lO.
