3930 6324
418 268 470 333 Γ]
489 268 582 333 167

1606 266 1668 327 S.
1711 267 2001 327 MAXIMI
2042 264 2559 326 CONFESSORIS

3598 260 3737 328 1168

446 395 662 458 geatur,
680 385 774 441 sed
807 392 867 441 ut
885 399 1049 455 quam
1081 382 1342 454 adeptum
1369 391 1453 438 est
1478 383 1680 438 molem
1705 392 2025 438 conservet:

2151 384 2244 445 τοῖς
2274 380 2619 453 θεωρήμασι,
2649 380 2845 454 μέχρις
2876 376 2940 434 οὗ
2976 380 3210 436 διαϐᾶσα
3253 379 3324 435 τὰ
3364 379 3509 435 ὖντα
3554 379 3737 433 πάγαι

446 480 528 535 sic
552 488 610 533 et
635 479 690 532 in
718 478 899 532 anima
924 477 1128 548 duplex
1162 476 1411 531 alimenti
1440 476 1581 531 ratio
1610 475 1873 531 occurrit.
1912 477 2027 532 Nu-

450 570 614 625 tritur
638 569 784 624 enim
815 568 1152 638 proﬁciendo
1179 567 1482 622 virtutibus
1520 582 1585 621 ac
1612 568 2028 637 contemplatio-

449 661 637 726 nibus,
677 661 855 716 donec
912 660 1173 717 omnibus
1229 659 1525 730 superatis,
1583 660 1652 714 ad
1710 677 2026 717 mensuram

2137 473 2321 544 φθάσῃ
2347 473 2409 525 τὸ
2446 474 2646 545 μέτρον
2670 475 2771 543 τῆς
2814 473 3035 544 ἡλικίας
3062 473 3160 527 τοῦ
3206 472 3596 545 πληρώματος
3643 468 3737 523 τοῦ

2133 563 2372 634 Χριστοῦ
2398 582 2412 595 ·
2453 566 2511 617 ὲν
2539 559 2583 632 ᾧ
2615 564 2901 635 γινομένη,
2940 566 3124 636 πάσης
3168 566 3267 634 τῆς
3311 564 3457 637 πρὸς
3488 561 3740 616 ἐπίδοσιν

2134 674 2195 709 τε
2224 656 2318 711 καὶ
2365 656 2597 727 αὑξησιν
2642 657 2732 711 διὰ
2786 657 2894 711 τῶν
2929 658 3111 727 μέσων
3143 658 3360 710 ἵσταται
3401 656 3736 727 προκοπῆς·

450 752 729 822 per-tingat
755 751 933 808 aetatis
958 746 1322 822 plenitudinis
1347 747 1553 805 Christi
1580 766 1593 803 :
1628 766 1792 819 quam
1809 749 2025 820 adepta,

451 844 521 897 ab
549 844 696 897 omni
723 844 834 915 jam
876 842 1125 913 profectu
1154 851 1353 907 cessat,
1395 856 1507 912 quo
1539 855 1640 911 per
1681 841 1861 897 media
1902 857 2031 912 pro-

2135 749 2358 819 ἀμέσως
2398 750 2708 821 τρεφομένη
2742 750 2807 804 τὸ
2845 751 2989 821 ὑπὲρ
3024 750 3209 820 νόησιν
3234 767 3250 781 ·
3299 748 3398 802 καὶ
3442 748 3540 802 διὰ
3578 747 3736 801 τοῦτο

2133 842 2297 913 τυχὸν
2341 841 2486 914 ὑπὲρ
2524 842 2753 912 αὔξησιν
2776 861 2792 878 ο
2826 846 2930 914 τῆς
2980 844 3261 914 ἀφθάρτου
3300 841 3523 913 τροφῆς
3572 835 3735 903 εἶδος,

2138 935 2276 1006 πρὸς
2311 936 2645 1006 συντήρησιν
2690 936 2790 1005 τῆς
2845 935 3098 1004 δοθείσης
3154 934 3296 1005 αὐτῇ
3336 932 3624 995 θεοειδοῦς
3651 947 3737 983 τε-

2136 1027 2447 1097 λειότητος,
2492 1028 2587 1081 καὶ
2639 1027 2903 1097 ἐκφανσιν
2950 1026 3060 1080 τῶν
3110 1028 3211 1097 τῆς
3252 1025 3476 1097 τροςςῖπ
3522 1025 3741 1091 ἐκείνης

2137 1118 2382 1189 ἀπείρων
2396 1118 2658 1187 ἀγλαῖῶν,
2679 1118 2803 1173 καθ’
2823 1118 2893 1188 ἣν
2908 1118 2971 1171 τὸ
2984 1119 3072 1172 ἀεὶ
3094 1114 3155 1173 εὖ
3180 1118 3452 1181 ὡσαύτως
3479 1112 3634 1169 εἶναι
3664 1118 3745 1169 ὲν-

2136 1208 2202 1276 δη
2212 1211 2391 1279 μῆσαν
2418 1210 2557 1281 αὐτῇ
2589 1209 2878 1280 δεχομένη,
2906 1211 3119 1279 γίνεται
3138 1209 3257 1274 θεὸς
3287 1212 3357 1281 τῇ
3385 1209 3623 1280 μεθέξει
3651 1208 3745 1277 τῆς

2140 1298 2328 1368 θεῖχῆς
2350 1299 2598 1371 χάριτος,
2626 1300 2820 1355 πασῶν
2848 1301 2958 1355 τῶν
3008 1300 3155 1355 κατὰ
3178 1300 3307 1355 νοῦν
3336 1302 3441 1354 καὶ
3479 1298 3752 1381 uiae-qam!

2140 1390 2453 1461 ἐνεργειῶν,
2493 1392 2631 1462 αὑτή
2665 1408 2726 1446 τε
2773 1393 3137 1464 παυσαμένη,ι
3175 1396 3270 1447 καὶ
3302 1394 3480 1462 ἑαυτῇ
3507 1392 3611 1454 τὰς
3650 1390 3744 1443 τοό

2141 1480 2395 1552 σώματος
2431 1484 2894 1539 συναναπαύσασα
2912 1485 3150 1555 φυσικὰς
3169 1486 3484 1557 ἐνεργείας,
3507 1470 3754 1539 συνθεκξ

430 1587 566 1633 .tcm
628 1576 734 1646 ipsi
802 1575 1157 1646 coniunctam
1223 1578 1391 1643 atque
1462 1580 1791 1642 praesentem
1871 1581 2032 1628 nacta

2151 1571 2329 1636 θέντος
2377 1574 2515 1645 αὐτῇ
2546 1575 2688 1629 κατὰ
2736 1576 2837 1645 τὴν
2894 1563 3263 1644 ἀναῖογοῦσαν
3318 1574 3481 1644 αὑτῷ
3527 1572 3746 1644 μέθεξιν

431 1666 796 1731 ~felicitatem,
821 1664 1020 1719 divinae
1044 1661 1233 1735 gratiae
1259 1662 1596 1718 commercio
1611 1664 1747 1717 deus
1773 1660 2029 1728 efﬁcitur,

2151 1664 2243 1735 τῆς
2273 1665 2543 1730 θεώσεως.
2561 1667 2726 1720 Ὥστε
2760 1666 2925 1737 μόνον
2944 1667 3037 1721 τὸν
3067 1666 3198 1720 Θεὸν
3226 1666 3316 1722 διά
3349 1684 3411 1720 τε
3440 1668 3550 1736 τῆς
3570 1665 3746 1734 ψυχῆς

455 1768 569 1813 tum
594 1758 713 1829 ipsa
741 1757 810 1812 ab
845 1756 1107 1812 omnibus
1139 1753 1342 1811 mentis
1365 1769 1673 1825 sensusque
1697 1756 2036 1826 operationi-

2151 1755 2235 1809 καὶ
2270 1755 2364 1809 τοῦ
2412 1755 2667 1827 σώματος
2703 1756 3029 1824 φαίνεσθαι,
3060 1756 3396 1827 νικηθέντων
3441 1753 3641 1808 αὑτῶν
3681 1755 3745 1823 τῇ

453 1849 558 1906 bus
596 1865 843 1916 cessans,
895 1857 1010 1904 tum
1066 1862 1176 1902 una
1214 1862 1404 1903 secum
1457 1849 1738 1904 naturales
1789 1847 2041 1918 corporis

2151 1848 2422 1920 ὑπερϐολῇ
2453 1849 2553 1920 τῆς
2590 1848 2751 1920 δόξης
2769 1887 2787 1914 ,
2817 1849 2926 1903 τῶν
2952 1849 3199 1919 φυσικῶν
3237 1848 3682 1918 γνωρισμάτων.

450 1943 807 2014 operationes
832 1955 1053 1997 cessare
1097 1947 1386 2009 praestans,
1416 1940 1565 2010 quod
1596 1941 1776 2011 ipsum
1806 1955 1909 2011 pro
1938 1956 2037 1996 sua
2078 1941 2294 1998 ratione
2337 1942 2455 2015 pari
2498 1957 2625 1999 cum
2666 1942 2762 1998 illa
2795 1943 3130 2000 commercio
3196 1944 3409 1998 deitate
3478 1942 3748 2002 donatum

448 2034 569 2091 sit:
603 2034 677 2088 ita
703 2032 969 2087 nimirum
1004 2039 1068 2085 ut
1103 2038 1161 2085 et
1188 2030 1375 2120 animo
1411 2039 1577 2101 atque
1616 2047 1870 2102 corpore,
1914 2032 2206 2088 amborum
2260 2034 2610 2090 naturalibus
2667 2036 3033 2105 qualitatibus
3087 2035 3359 2091 claritatis
3411 2034 3748 2091 excellentia

456 2126 621 2184 victis
649 2126 910 2194 velutque
949 2123 1280 2194 suppressis,
1306 2138 1451 2177 unus
1486 2123 1635 2179 Deus
1661 2123 1895 2181 eluceat.

392 954 419 990 ι
451 931 759 987 vehebatur
787 941 952 1004 atque
974 930 1290 997 crescebat;
1316 947 1440 1002 quae
1462 930 1724 987 videlicet
1750 931 1871 988 sine
1911 947 2029 986 me-

368 1061 372 1065 -
399 1004 422 1111 ξ
450 1024 544 1079 dio
577 1023 879 1089 nutriatur,
910 1023 1240 1078 immortalis
1267 1022 1419 1078 illius
1439 1022 1768 1078 nutrimenti
1802 1037 2026 1092 genere,

452 1114 617 1188 508
647 1116 795 1187 quod
838 1114 1263 1185 intelligentiam
1307 1129 1526 1169 omnem
1568 1122 1813 1185 superat,
1853 1129 2030 1185 eaque

408 1204 413 1212 ’
449 1210 686 1264 forsitan
728 1208 943 1262 ratione
971 1214 1269 1278 augmento
1304 1206 1559 1277 superius
1592 1215 1705 1273 est;
1745 1222 1857 1277 quo
1900 1222 2033 1262 (νοιιο

449 1315 660 1355 cessem
702 1299 1026 1355 deiformem
1066 1296 1464 1369 perfectionem
1495 1306 1809 1362 conservet,
1841 1297 2028 1352 infini-
2061 1366 2070 1374 θ

453 1402 647 1463 tasque
675 1393 795 1464 ejus
828 1390 1158 1447 nutrimenti
1181 1389 1410 1444 delicias
1437 1397 1655 1444 exserat
1675 1397 1839 1459 atque
1853 1389 2029 1459 expli—

451 1494 538 1543 cet
570 1504 583 1540 :
613 1500 726 1556 quo
760 1484 1024 1554 denique,
1051 1482 1249 1538 eodem
1286 1497 1347 1538 se
1377 1482 1543 1538 modo
1570 1497 1790 1552 semper
1826 1482 2034 1538 baben-

526 2216 613 2271 89.
664 2216 808 2271 Sunt
849 2214 945 2283 qui
997 2212 1323 2283 indaganda:
1365 2212 1620 2268 veritatis
1659 2213 1846 2269 studio
1886 2228 2039 2283 quas-

450 2317 600 2372 rant,
615 2322 857 2378 quonam
873 2304 1038 2361 modo
1060 2304 1248 2360 futura
1270 2306 1344 2360 sit
1365 2305 1674 2361 caelestium
1691 2306 2040 2361 mansionum

446 2399 1003 2471 epromissiouumque
1034 2396 1344 2463 distinctio,
1372 2411 1505 2451 num
1539 2395 1703 2454 locali
1747 2396 1867 2466 ipsa
1909 2396 2044 2452 sub-

458 2489 683 2552 stantia,
706 2504 785 2543 .an
820 2487 1092 2559 cujusque
1130 2486 1356 2557 propria
1388 2484 1715 2550 mansionis,
1746 2500 1846 2555 per
1868 2485 2011 2540 ratio

456 2596 608 2645 nem,
638 2578 875 2649 Spiritali
903 2586 1019 2633 tum
1049 2576 1319 2648 qualitate
1348 2584 1465 2631 tum
1496 2574 1828 2646 quantitate.
1862 2573 2045 2644 Atque

459 2671 587 2726 aliis
626 2670 851 2741 quidem
897 2669 1167 2740 primum,
1203 2667 1329 2723 aliis
1370 2668 1605 2723 alterum
1638 2667 1838 2737 placet.
1871 2665 2044 2721 Caete-

460 2777 582 2816 rum
607 2762 700 2832 qui
740 2760 959 2816 noverit
987 2758 1121 2830 quid
1145 2757 1253 2814 sibi
1287 2757 1422 2813 velit
1448 2775 1461 2811 :
1494 2755 1735 2828 Regnum
1768 2755 1867 2810 Dei
1898 2757 2046 2810 intra

458 2870 549 2917 vos
577 2862 653 2909 est
683 2853 763 2919 ";
795 2850 1022 2923 quidve,
1067 2850 1370 2905 Mamiones
1409 2847 1592 2904 multa:
1621 2856 1744 2902 sunt
1772 2846 1915 2918 apud
1937 2846 2046 2902 Pa-

460 2956 598 3002 trem
633 2944 703 3011 "‘,
728 2942 986 3001 secundae
1005 2942 1296 2998 sententia:
1332 2943 1518 3013 potius
1544 2940 1869 2997 adhaerebit.

462 3100 467 3105 ,
531 3036 620 3091 90.
648 3035 791 3091 Sunt
815 3034 912 3105 qui
934 3041 1206 3103 quaerant,
1241 3047 1350 3103 qua
1380 3033 1592 3088 ratione
1620 3046 1850 3102 regnum
1877 3030 2045 3087 ctelo-

462 3143 610 3193 rum,
636 3135 693 3182 et
723 3141 954 3197 regnum
979 3124 1080 3180 Dei
1110 3123 1550 3196 distinguantur;
1583 3138 1716 3178 num
1736 3121 2046 3179 secundum

463 3214 829 3271 substantiam
861 3224 1027 3285 atque
1059 3214 1330 3284 subjecto,
1370 3229 1443 3267 an
1480 3213 1686 3268 mentis
1721 3212 1965 3284 cogitatu
1990 3220 2048 3267 et

464 3309 699 3364 ratione.
730 3306 946 3375 Quibus
972 3321 1037 3360 ea
1064 3305 1349 3375 responsio
1371 3313 1479 3369 est,
1515 3305 1782 3376 distingui
1805 3305 1899 3360 illa
1921 3304 2047 3376 qui-

464 3400 611 3467 dem,
667 3416 780 3456 non
826 3407 1010 3455 tamen
1061 3397 1369 3453 substantia
1421 3407 1589 3468 atque
1636 3397 1909 3469 subjecto,
1948 3398 2043 3453 sed

465 3490 657 3546 subtili
683 3490 923 3561 cogitatu
959 3496 1017 3544 et
1054 3488 1290 3543 ratione.
1332 3488 1509 3543 Ambo
1535 3487 1684 3542 enim
1722 3504 1892 3545 unum
1923 3489 2050 3546 sub-

464 3579 664 3634 stantia
696 3593 761 3632 ac
791 3577 1040 3648 subjecto
1077 3583 1238 3642 sunt;
1271 3591 1462 3631 verum
1504 3575 1720 3630 ratione
1747 3576 2048 3648 subtilique

466 3670 731 3740 cogitatu,
762 3682 992 3738 regnum
1027 3667 1316 3732 caelorum,
1348 3681 1493 3723 verae
1518 3674 1604 3722 est
1635 3682 1824 3723 rerum
1848 3682 2050 3724 secun-

467 3760 597 3815 dum
633 3758 887 3828 proprias
911 3757 966 3813 in
999 3759 1112 3813 Deo
1150 3758 1596 3829 prasexsistentes
1625 3759 1870 3814 rationes
1904 3775 2047 3830 pra:-

467 3862 692 3908 aatcrnae
738 3851 1071 3923 cognitionis
1111 3851 1534 3921 comprehensio
1565 3870 1577 3904 :
1615 3851 1710 3906 Dei
1743 3860 1928 3907 autem
1958 3867 2049 3907 re-

465 3958 658 4014 gnum,
707 3941 983 3997 bonorum
1029 3956 1152 4011 quae
1189 3940 1518 3995 naturaliter
1556 3941 1669 4003 Deo
1721 3941 1911 3996 insunt
1949 3956 2050 4011 per

465 4033 697 4106 gratiam
738 4031 1043 4103 impartitio
1088 4050 1101 4085 :
1140 4039 1305 4101 atque
1346 4030 1580 4086 alterum
1621 4031 1843 4101 quidem
1878 4047 2051 4103 penes

469 4142 658 4182 rerum
685 4128 849 4181 finem
871 4166 885 4191 ,
917 4124 1156 4179 alterum
1181 4137 1336 4189 vero,
1371 4132 1640 4193 quantum
1676 4123 1869 4178 subtili
1898 4123 2047 4193 cogi-

467 4228 587 4273 tatu
624 4216 1004 4288 intelligimus,
1038 4225 1163 4287 post
1198 4231 1384 4272 rerum
1415 4216 1581 4271 finem
1600 4224 1705 4271 est.

2221 2213 2329 2269 πθ’.
2368 2214 2599 2285 Ζητοῦσί
2641 2232 2788 2281 τινες
2839 2216 2951 2270 τῶν
2997 2214 3313 2288 φιλομαθῶν
3334 2254 3353 2281 ,
3398 2218 3555 2272 κατὰ
3597 2218 3747 2272 ποῖον

2146 2306 2300 2360 ἔσται
2350 2306 2552 2376 τρόπον
2585 2308 2619 2377 ἡ
2680 2308 2797 2362 τῶν
2848 2309 3085 2364 αἰωνίων
3137 2308 3315 2378 μονῶν
3360 2325 3426 2362 τε
3487 2312 3593 2363 καὶ
3648 2311 3744 2364 ἑπ-

2147 2396 2420 2465 αγγελιῶν
2456 2398 2726 2469 διαφορά’
2771 2399 3005 2471 πότερον
3054 2398 3179 2453 καθ’
3226 2400 3543 2454 ὑπόστασιν
3592 2417 3744 2455 τοπι-

2148 2488 2251 2559 κὴν
2278 2488 2364 2561 (Ι),
2396 2489 2428 2561 ἢ
2487 2493 2609 2544 κατ’
2652 2490 2897 2544 ἐπίνοιαν
2930 2492 3030 2562 τῆς
3075 2491 3392 2563 ίδιαζούσης
3440 2492 3581 2547 καθ’
3613 2493 3745 2548 ἑκά-

2146 2594 2281 2649 στην
2308 2580 2476 2651 μονὴν
2515 2584 2895 2654 πνευματικῆς
2936 2583 3222 2655 ποιότητός
3269 2601 3331 2637 τε
3360 2583 3457 2638 καὶ
3508 2586 3745 2655 ποσότη-

2144 2687 2255 2735 τος.
2281 2672 2393 2726 Καὶ
2422 2675 2532 2737 τοῖς
2578 2673 2676 2744 μὲν
2714 2674 2864 2729 δοκεῖ
2894 2675 2956 2728 τὸ
2983 2675 3198 2747 πρῶτον
3220 2693 3235 2707 ’
3269 2679 3388 2740 τοῖς
3414 2676 3501 2740 δὲ,
3531 2679 3598 2731 τὸ
3624 2677 3743 2732 δεύ-

2146 2779 2336 2833 τερονο
2368 2764 2397 2816 ὁ
2427 2763 2487 2818 δὲ
2520 2767 2705 2835 γνοὺς,
2749 2766 2803 2819 τί
2832 2766 2925 2831 τὸ,
2971 2768 3033 2824 Ἠ
3062 2769 3358 2833 ,ϐασιλεία
3418 2770 3535 2825 τοῦ
3594 2771 3743 2825 Θεοῦ

2141 2852 2318 2921 ἐντὸς
2347 2854 2518 2924 ὑμῶν
2551 2857 2704 2923 ἐστι,
2742 2857 2838 2912 καὶ
2873 2856 2926 2909 τί
2952 2856 3050 2922 τὸ,
3082 2859 3314 2915 Ιιολλαί
3341 2860 3537 2928 μοναὶ
3582 2860 3742 2930 ,τινὰ

2147 2943 2230 3011 τῷ
2258 2947 2468 3016 Harp),
2490 2946 2586 3000 τοῦ
2620 2947 2882 3020 δευτέρου
2923 2949 3125 3020 μᾶλλον
3155 2951 3471 3022 γενήσεται.

2220 3041 2292 3104 ιιι.
2326 3039 2560 3110 Ζητοῦσί
2584 3057 2764 3106 τινες,
2801 3043 2962 3096 ποίαν
2994 3043 3262 3114 διαφορὰν
3300 3043 3418 3113 ἔχει
3459 3044 3609 3118 πρὸς
3643 3045 3741 3116 τὴν

2144 3128 2241 3183 τοῦ
2270 3129 2409 3184 Θεοῦ
2439 3130 2718 3202 βασιλείαν
2743 3135 2776 3205 ή
2808 3132 2916 3188 τῶν
2957 3134 3206 3205 οὐρανῶν
3237 3135 3490 3206 βασιλεία
3525 3153 3544 3167 ο
3583 3138 3739 3191 πότερ-

2150 3239 2243 3292 ρον
2291 3222 2414 3277 καθ’
2474 3224 2773 3279 ὑπόστασιν
2820 3224 3171 3298 διαφέρουσιν
3214 3227 3464 3299 αλλήλων
3486 3270 3506 3294 ,
3535 3229 3575 3300 ἢ
3620 3230 3737 3283 κατ’

2147 3314 2409 3369 ἐπίνοιαν.
2442 3316 2587 3388 Πρὸς
2630 3314 2722 3379 οὓς
2755 3316 2972 3386 ῥητέον,
3001 3318 3084 3371 ὅτι
3138 3317 3462 3389 διαφέρουσι
3506 3320 3618 3390 μέν
3638 3336 3654 3348 ·
3676 3320 3735 3373 σὺ

2148 3405 2271 3461 καθ’
2294 3407 2591 3460 ὑπόστασιν
2618 3406 2695 3462 δέ.
2727 3407 2846 3463 Μία
2878 3408 2988 3480 γὰρ
3038 3410 3162 3465 καθ’
3198 3410 3507 3465 ὑπόστασιν
3530 3414 3735 3483 ἄμφ’

2147 3497 2284 3553 ἀλλα
2329 3498 2449 3552 κατ’
2478 3499 2724 3553 ἐπίνοιαν
2757 3518 2772 3532 ·
2800 3503 2835 3572 ἠ
2870 3500 2969 3572 μὲν
3000 3505 3108 3573 γὰρ
3142 3501 3394 3573 βασιλεία
3422 3505 3536 3557 τῶν
3577 3506 3739 3577 οὑμ-

2148 3589 2273 3656 νῶν,
2308 3593 2409 3662 τῆς
2443 3591 2553 3645 τῶν
2606 3592 2777 3646 ὄντων
2833 3593 3171 3665 ἀκραιφνοῦς
3197 3595 3343 3649 κατὰ
3363 3598 3493 3660 τοὺς
3525 3596 3737 3652 ἑαυτῶν

2149 3680 2342 3750 λόγους
2370 3683 2429 3736 ὲν
2459 3682 2538 3753 τῷ
2569 3683 2687 3755 Θεῷ
2729 3685 3055 3755 προαιωνίου
3102 3685 3360 3755 γνώσεώς
3401 3690 3522 3742 ἐστι
3570 3688 3739 3743 κατά-

2148 3769 2341 3841 ληψις’
2373 3774 2405 3842 ἡ
2445 3772 2501 3833 δὲ
2528 3773 2622 3827 τοῦ
2654 3774 2789 3828 Θεοῦ
2839 3774 3108 3845 βασιλεία,
3139 3776 3249 3829 τῶν
3297 3779 3620 3849 προσόντων
3661 3779 3740 3850 τῷ

2149 3862 2271 3935 Θεῷ
2309 3865 2556 3934 φυσικῶς
2589 3867 2812 3935 ἀγαθῶν
2858 3867 3002 3921 κατὰ
3030 3868 3193 3941 χάριν
3243 3871 3364 3924 ἐστὶ
3404 3871 3735 3942 μετάδοσις.

2153 3961 2247 4012 καὶ
2272 3959 2304 4030 ἡ
2339 3958 2440 4028 μὲν
2465 3959 2607 4012 κατά
2639 3959 2700 4012 τὸ
2722 3959 2875 4025 τέλος
2903 3963 3014 4014 τῶν
3041 3962 3212 4015 ὄντων
3240 4002 3256 4028 ,
3291 3964 3328 4035 ἡ
3355 3963 3415 4018 δὲ
3465 3966 3593 4020 κατ’
3616 3965 3737 4020 ἐσί-

2153 4066 2302 4104 νοιαν
2332 4050 2474 4121 μετὰ
2503 4052 2563 4105 τὸ
2591 4052 2745 4115 τέλος
2781 4053 2889 4106 τῶν
2913 4054 3083 4107 ὄντων
3114 4054 3251 4109 ἐστί.

535 4309 627 4365 9!.
655 4309 813 4377 Quod
851 4309 926 4363 ita
960 4307 1171 4362 dictum
1204 4316 1309 4373 est,
1337 4306 1793 4378 Appropinquavit
1831 4322 2044 4376 regnum

2224 4304 2332 4372 ιμ’.
2360 4305 2469 4370 Τὸ,
2504 4307 2787 4376 Ἤγγικεν
2830 4307 2870 4375 ἡ
2909 4309 3201 4372 ,βασιλειά
3254 4309 3377 4364 τῶν
3420 4313 3736 4380 οὐρανῶν,

468 4399 719 4454 caelorum
741 4400 811 4467 ",
836 4406 904 4453 ut
927 4397 1150 4469 quidem
1186 4397 1464 4463 existimo,
1492 4414 1602 4453 non
1631 4412 1697 4452 eo
1722 4404 1953 4468 spectat,
1988 4405 2049 4452 ut

470 4493 813 4547 contractior
851 4490 1121 4560 temporis
1148 4505 1304 4544 mora
1339 4489 1720 4561 intelligatur:
1755 4489 1875 4544 Non
1900 4493 2047 4548 enim

471 4586 640 4639 veniet
665 4600 784 4638 cum
804 4583 1191 4650 observatione;
1214 4600 1378 4657 neque
1408 4585 1613 4637 dicent:
1642 4582 1774 4637 Ecce
1794 4583 1897 4647 hic,
1938 4598 2051 4636 ecce

460 4782 467 4786 ,
543 4724 587 4755 ⁸⁸
618 4723 753 4778 Luc.
788 4737 918 4787 xvn,
958 4722 1049 4777 21.
1123 4723 1171 4756 ⁸⁸
1193 4723 1350 4780 Joan.
1381 4736 1490 4786 χιιι,
1512 4722 1567 4775 2.
1642 4721 1687 4754 ⁸⁷
1709 4720 1901 4775 Matth.
1926 4735 2003 4785 ιιι,
2037 4719 2090 4773 5.

543 4840 604 4910 (Ι)
677 4837 935 4910 Πότερον
983 4837 1111 4890 καθ’
1158 4838 1505 4910 ὑπόστασιν
1537 4834 1813 4910 τοπικήν.
1845 4832 2051 4910 Crebra

473 4903 656 4967 Harco
684 4903 978 4970 ὑπόστασις
1007 4922 1135 4966 vox,
1172 4915 1229 4959 et
1253 4905 1635 4959 ὑποστατικόν.
1661 4920 1762 4974 pro
1797 4919 1866 4958 eo
1901 4903 2050 4974 quod

466 4993 555 5037 est
575 4994 704 5034 vere
750 4985 944 5032 natura
986 4977 1277 5036 exsistens,
1307 4984 1364 5030 et
1400 4983 1563 5045 prout
1590 4973 1951 5045 distinguitur
1981 4973 2050 5027 ab

469 5066 556 5113 eo,
592 5048 739 5119 quod
794 5057 977 5119 mente
1016 5043 1417 5119 consideratur,
1478 5043 1783 5119 subtilique
1810 5043 2051 5119 cogitatu

469 5114 848 5189 distinguitur.
888 5118 1088 5185 Sicque
1106 5114 1442 5189 _rnansi_ones
1474 5114 1825 5189 probabilius
1868 5114 2048 5189 docet,

469 5206 580 5246 non
624 5182 755 5242 vvera
800 5182 1048 5242 locorum
1087 5183 1366 5254 distantia,
1396 5183 1491 5239 sed
1520 5184 1637 5254 ipsa
1662 5184 1848 5254 glorize
1870 5182 2051 5254 quali-

472 5270 582 5315 tate
603 5267 662 5313 et
692 5257 1042 5327 quantitate,_
1069 5269 1175 5327 se_u_
1196 5253 1536 5324 perfectione
1568 5253 1829 5327 discerni.
1874 5253 1950 5327 _At
1979 5267 2049 5307 ne

469 5330 560 5386 hic
614 5322 844 5399 quidem
886 5324 1073 5379 omisit
1119 5322 1279 5379 Picus
1318 5338 1447 5378 suos
1495 5322 2038 5399 spargefefurfures,

469 5391 752 5454 laborante
797 5396 847 5449 ei
888 5403 1060 5457 textu,
1082 5409 1244 5465 quem
1285 5401 1465 5448 tamen
1498 5391 1656 5447 facile
1688 5391 1793 5447 fuit
1826 5407 2042 5465 sanare,

471 5470 689 5537 qualem
733 5482 802 5520 ex
848 5462 1606 5537 Maximo—repraesentem“,
1663 5465 1762 5537 τῆς
1819 5462 2048 5537 margo-9.

473 5531 572 5606 6ης
611 5535 981 5606 πνευματικῆς
1034 5531 1297 5604 ποιότητὰ
1328 5550 1387 5587 τε
1415 5535 1532 5606 Δκαὶ
1577 5531 1867 5606 ποσότητα.
1908 5531 2046 5606 Quis

472 5600 618 5660 enim
676 5600 787 5659 non
819 5600 1002 5659 videat
1028 5605 1135 5675 leg.
1176 5600 1553 5675 notérnrdgfre
1579 5604 1673 5675 καὶ
1701 5600 1998 5675 ποιότητος
2026 5600 2049 5675 2

478 5675 677 5729 Reddit
698 5685 902 5743 itaque,
928 5675 1005 5728 An
1031 5671 1313 5727 secundum
1338 5671 1764 5739 intellectionem,
1789 5671 2055 5743 hypostasi

2155 4395 2254 4449 οὐκ
2283 4394 2450 4460 ἔστιν,
2480 4395 2554 4460 ιέις
2577 4394 2751 4465 οἶμαι,
2775 4398 3037 4469 χρονικῆς
3065 4398 3333 4470 συστολῆς
3348 4399 3449 4470 (ιιι)
3471 4414 3488 4429 ⁸
3517 4403 3606 4455 οὐ
3633 4402 3739 4471 γὰρ

2156 4486 2390 4556 ἔρχεται
2406 4488 2557 4555 μετὰ
2584 4487 3052 4557 παρατηρήσεως
3072 4508 3086 4523 ’
3117 4490 3256 4545 οὔτε
3276 4489 3557 4560 ἐροῦσιν·
3587 4488 3738 4548 Ἰδοὺ

2156 4574 2293 4642 ὦδε,
2325 4578 2452 4633 ιδοὺ
2506 4580 2631 4634 ἐκεῖ
2654 4597 2667 4611 ·
2706 4581 2843 4635 ἀλλὰ
2882 4582 2980 4652 τῆς
3012 4582 3148 4654 πρὸς
3190 4582 3365 4654 αὐτὴν
3416 4583 3533 4637 τῶν
3573 4583 3740 4648 ἀξίων

2154 4832 2407 4902 spiritali,
2426 4840 2545 4903 etc.
2577 4832 2707 4903 Qua;
2729 4831 2876 4903 enim
2916 4832 3030 4886 haec
3059 4831 3317 4903 spiritalis
3344 4832 3669 4903 hypostasis,
3690 4846 3744 4890 et

2156 4903 2301 4957 unde
2343 4902 2556 4972 petita?
2576 4901 2790 4967 Quibus
2822 4901 3005 4972 Marco
3040 4901 3228 4957 verbis
3249 4901 3517 4972 expressa
3541 4903 3565 4955 3

2230 4972 2325 5043 (ιη)
2344 4969 2465 5043 ὒᾼρκ
2493 4973 2666 5043 ἐστιν
2678 4969 2978 5043 χροιςνριῆς
3004 4969 3341 5043 σλιιστοέιῆςζ
3381 4973 3593 5028 Eadem
3619 4988 3741 5030 sen-

2230 4988 2325 5043 tin)
2345 4988 2465 5025 υυκ
2493 4988 2666 5027 εστιν
2766 4988 2978 5039 ονικης
3004 4988 3341 5040 συστολης.
3381 4988 3593 5028 nauem
3619 4988 3740 5030 sen-

2159 5044 2331 5114 tentia
2377 5041 2545 5114 Marci
2608 4988 2968 5114 subuinitium
3015 5038 3148 5114 libri
3194 5041 3273 5095 De
3305 5044 3492 5112 patuit.
3525 5058 3594 5099 ex
3633 5060 3740 5114 quo

2157 5110 2339 5184 potuit
2376 5110 2642 5184 Maximus
2676 5112 2938 5184 mutuari.
2961 5112 3035 5184 Οὐ
3056 5112 3270 5184 πάντως
3287 5110 3559 5184 χρονικὴν
3587 5110 3737 5184 etpe-

2160 5180 2272 5244 iub;
2320 5181 2763 5253 tyyutntaﬁﬁg
2803 5180 3116 5253 βασιλείαςη
3146 5180 3347 5253 inquit,
3403 5183 3483 5253 ᾡς
3513 5180 3737 5253 ἔναγῂ

2158 5250 2521 5321 ἐπικειμένην
2568 5250 2644 5319 τῷ
2703 5250 2895 5321 κόσμῳ
2931 5267 2944 5281 ·
3003 5250 3141 5321 sm
3178 5250 3336 5321 είδῲς
3390 5252 3485 5305 τὸν
3546 5250 3738 5308 ἑαυτοῦ

2150 5320 2328 5393 λόγον,
2350 5319 2453 5373 καὶ
2472 5319 2752 5389 βασιλείας
2780 5319 2876 5393 καῖ
2904 5320 3208 5393 ῌμετανοῐας
3238 5319 3703 5393 δύναμινέχοντα
3721 5339 3736 5353 ’

2158 5410 2176 5441 ι
2226 5389 2567 5461 Μετανοεῖτε
2588 5428 2602 5450 ,
2659 5390 2856 5461 φησίν·
2898 5391 3095 5460 ἧγγικε
3148 5389 3256 5460 γὰρ
3291 5391 3324 5461 ή
3352 5389 3603 5460 βασιλεία
3636 5393 3742 5445 τιὶν

2153 5461 2400 5532 οὐρανῶν
2425 5477 2437 5491 -
2463 5479 2481 5511 ι
2518 5459 2675 5513 Haud
2707 5459 2926 5532 prorsus
2945 5462 3068 5532 jam
3096 5459 3329 5529 tempore
3359 5465 3739 5532 propinqua,

2153 5478 2400 5584 oupavmv
2425 5478 2437 5491 ·
2463 5479 2481 5511 ι
2518 5478 2920 5583 nauarent”
2945 5478 3068 5529 1am
3096 5478 3329 5529 tempore
3359 5478 3739 5532 propinquum,

2153 5546 2214 5585 ue
2241 5539 2295 5583 ut
2325 5532 2501 5603 ipsum
2551 5547 2674 5603 muri
2716 5540 2745 5583 ‘o
2776 5532 3015 5600 proxime
3048 5531 3367 5597 imminens,
3414 5533 3742 5603 regnandi-

2156 5614 2313 5665 cens;
2342 5602 2433 5654 sed
2480 5602 2570 5674 qui
2612 5603 2767 5674 sciret
2822 5616 3117 5674 sermonem
3144 5616 3301 5674 suum
3354 5601 3517 5674 atque
3545 5601 3737 5658 doctri-

2159 5686 2309 5736 nam,
2344 5672 2492 5742 ηθηὶ
2522 5671 2625 5724 vim
2653 5670 2844 5735 habere
2863 5687 2927 5725 ac
2945 5672 3314 5742 pwnitentirzn
