  <div class='ocr_page' id='page_1' title='image "/cluster/home/n/w/nwhite01/storage/ocr_20150623/90/pst.000005712960/624.png"; bbox 0 0 3930 6324; ppageno 0'>
   <div class='ocr_carea' id='block_1_1' title="bbox 228 391 381 494">
    <p class='ocr_par' dir='ltr' id='par_1_1' title="bbox 228 391 381 494">
     <span class='ocr_line' id='line_1_1' title="bbox 228 391 381 494; baseline -0.013 0"><span class='ocrx_word' id='word_1_1' title='bbox 228 391 381 494; x_wconf 63' lang='grc'><strong>’1169</strong></span> 
     </span>
    </p>
   </div>
   <div class='ocr_carea' id='block_1_2' title="bbox 1081 423 2666 492">
    <p class='ocr_par' dir='ltr' id='par_1_2' title="bbox 1081 423 2666 492">
     <span class='ocr_line' id='line_1_2' title="bbox 1081 423 2666 492; baseline 0 -4"><span class='ocrx_word' id='word_1_2' title='bbox 1081 423 1419 488; x_wconf 84' lang='lat' dir='ltr'><strong>CAPITUM</strong></span> <span class='ocrx_word' id='word_1_3' title='bbox 1455 425 1714 486; x_wconf 85' lang='lat' dir='ltr'><strong>I‘HEOL.</strong></span> <span class='ocrx_word' id='word_1_4' title='bbox 1746 424 1842 485; x_wconf 91' lang='lat' dir='ltr'><strong>ET</strong></span> <span class='ocrx_word' id='word_1_5' title='bbox 1880 423 2114 485; x_wconf 84' lang='lat' dir='ltr'><strong>(ECON.</strong></span> <span class='ocrx_word' id='word_1_6' title='bbox 2154 424 2542 486; x_wconf 82' lang='lat' dir='ltr'><strong>CENTURIA</strong></span> <span class='ocrx_word' id='word_1_7' title='bbox 2569 427 2666 492; x_wconf 85' lang='grc' dir='ltr'><strong>Π..</strong></span> 
     </span>
    </p>
   </div>
   <div class='ocr_carea' id='block_1_3' title="bbox 3370 385 3507 499">
    <p class='ocr_par' dir='ltr' id='par_1_3' title="bbox 3370 385 3507 499">
     <span class='ocr_line' id='line_1_3' title="bbox 3370 385 3507 499; baseline 0.029 -4"><span class='ocrx_word' id='word_1_8' title='bbox 3370 385 3507 499; x_wconf 73' lang='lat' dir='ltr'><strong>i170</strong></span> 
     </span>
    </p>
   </div>
   <div class='ocr_carea' id='block_1_4' title="bbox 245 532 1837 618">
    <p class='ocr_par' dir='ltr' id='par_1_4' title="bbox 245 533 1812 609">
     <span class='ocr_line' id='line_1_4' title="bbox 245 533 1812 609; baseline -0.004 -16"><span class='ocrx_word' id='word_1_9' title='bbox 245 538 412 609; x_wconf 81' lang='grc' dir='ltr'>αὐτῆς</span> <span class='ocrx_word' id='word_1_10' title='bbox 446 533 584 589; x_wconf 79' lang='grc' dir='ltr'>κατὰ</span> <span class='ocrx_word' id='word_1_11' title='bbox 611 533 850 589; x_wconf 78' lang='grc' dir='ltr'>διάθεσιν</span> <span class='ocrx_word' id='word_1_12' title='bbox 895 535 1131 606; x_wconf 83' lang='grc' dir='ltr'>σχέσεώς</span> <span class='ocrx_word' id='word_1_13' title='bbox 1166 537 1346 589; x_wconf 72' lang='grc' dir='ltr'>ἐστιν’</span> <span class='ocrx_word' id='word_1_14' title='bbox 1385 535 1449 592; x_wconf 86' lang='grc' dir='ltr'><strong>Ἠ</strong></span> <span class='ocrx_word' id='word_1_15' title='bbox 1495 536 1601 607; x_wconf 87' lang='grc' dir='ltr'>γὰρ</span> <span class='ocrx_word' id='word_1_16' title='bbox 1634 536 1812 601; x_wconf 75' lang='grc' dir='ltr'>,βασι-</span> 
     </span>
    </p>
   </div>
   <div class='ocr_carea' id='block_1_5' title="bbox 1929 532 3502 618">
    <p class='ocr_par' dir='ltr' id='par_1_5' title="bbox 1929 532 3502 618">
     <span class='ocr_line' id='line_1_5' title="bbox 1929 532 3502 618; baseline 0.011 -32"><span class='ocrx_word' id='word_1_17' title='bbox 1929 532 2028 588; x_wconf 79' lang='lat' dir='ltr'><strong>illic</strong></span> <span class='ocrx_word' id='word_1_18' title='bbox 2062 535 2142 599; x_wconf 66' lang='lat'><strong>&quot;,-</strong></span> <span class='ocrx_word' id='word_1_19' title='bbox 2177 535 2271 590; x_wconf 88' lang='lat' dir='ltr'><strong>sed</strong></span> <span class='ocrx_word' id='word_1_20' title='bbox 2302 543 2361 590; x_wconf 90' lang='lat' dir='ltr'><strong>ut</strong></span> <span class='ocrx_word' id='word_1_21' title='bbox 2383 551 2596 602; x_wconf 90' lang='lat' dir='ltr'><strong>eorum,</strong></span> <span class='ocrx_word' id='word_1_22' title='bbox 2625 536 2717 608; x_wconf 87' lang='lat' dir='ltr'><strong>qui</strong></span> <span class='ocrx_word' id='word_1_23' title='bbox 2753 539 2847 594; x_wconf 91' lang='lat' dir='ltr'><strong>illo</strong></span> <span class='ocrx_word' id='word_1_24' title='bbox 2867 540 3020 614; x_wconf 83' lang='lat' dir='ltr'><strong>digni</strong></span> <span class='ocrx_word' id='word_1_25' title='bbox 3052 551 3203 611; x_wconf 90' lang='lat' dir='ltr'><strong>sunt,</strong></span> <span class='ocrx_word' id='word_1_26' title='bbox 3223 545 3290 600; x_wconf 85' lang='lat' dir='ltr'><strong>ad</strong></span> <span class='ocrx_word' id='word_1_27' title='bbox 3321 547 3502 618; x_wconf 81' lang='lat' dir='ltr'><strong>ipsum</strong></span> 
     </span>
    </p>
   </div>
   <div class='ocr_carea' id='block_1_6' title="bbox 239 621 1564 698">
    <p class='ocr_par' dir='ltr' id='par_1_6' title="bbox 239 621 1564 698">
     <span class='ocr_line' id='line_1_6' title="bbox 239 621 1564 698; baseline -0.003 -12"><span class='ocrx_word' id='word_1_28' title='bbox 239 621 372 686; x_wconf 73' lang='grc' dir='ltr'>λεία</span> <span class='ocrx_word' id='word_1_29' title='bbox 399 628 504 683; x_wconf 82' lang='grc' dir='ltr'>τοῦ</span> <span class='ocrx_word' id='word_1_30' title='bbox 541 627 710 692; x_wconf 83' lang='grc' dir='ltr'><strong>Θεοῦ,</strong></span> <span class='ocrx_word' id='word_1_31' title='bbox 733 621 931 698; x_wconf 60' lang='grc' dir='ltr'>φησὶν,</span> <span class='ocrx_word' id='word_1_32' title='bbox 955 627 1130 696; x_wconf 79' lang='grc' dir='ltr'>ἐντὸς</span> <span class='ocrx_word' id='word_1_33' title='bbox 1169 628 1336 698; x_wconf 83' lang='grc' dir='ltr'>ὑμῶν</span> <span class='ocrx_word' id='word_1_34' title='bbox 1374 628 1564 683; x_wconf 81' lang='grc' dir='ltr'>ἐστιν.</span> 
     </span>
    </p>
   </div>
   <div class='ocr_carea' id='block_1_7' title="bbox 311 802 1815 878">
    <p class='ocr_par' dir='ltr' id='par_1_7' title="bbox 311 802 1815 878">
     <span class='ocr_line' id='line_1_7' title="bbox 311 802 1815 878; baseline -0.002 -15"><span class='ocrx_word' id='word_1_35' title='bbox 311 808 418 877; x_wconf 67' lang='grc' dir='ltr'><strong>[ιβ’.</strong></span> <span class='ocrx_word' id='word_1_36' title='bbox 451 807 516 859; x_wconf 85' lang='grc' dir='ltr'><em>Ἢ</em></span> <span class='ocrx_word' id='word_1_37' title='bbox 552 806 646 860; x_wconf 78' lang='grc' dir='ltr'>τοῦ</span> <span class='ocrx_word' id='word_1_38' title='bbox 687 806 824 860; x_wconf 81' lang='grc' dir='ltr'>Θεοῦ</span> <span class='ocrx_word' id='word_1_39' title='bbox 873 806 967 860; x_wconf 76' lang='grc' dir='ltr'><strong>καί</strong></span> <span class='ocrx_word' id='word_1_40' title='bbox 1015 808 1228 877; x_wconf 81' lang='grc' dir='ltr'>Πατρδς</span> <span class='ocrx_word' id='word_1_41' title='bbox 1268 807 1515 877; x_wconf 75' lang='grc' dir='ltr'>βασιλεία</span> <span class='ocrx_word' id='word_1_42' title='bbox 1543 849 1558 876; x_wconf 91' lang='grc'><strong>,</strong></span> <span class='ocrx_word' id='word_1_43' title='bbox 1589 802 1815 878; x_wconf 81' lang='grc' dir='ltr'>δυνάμει</span> 
     </span>
    </p>
   </div>
   <div class='ocr_carea' id='block_1_8' title="bbox 241 898 1817 970">
    <p class='ocr_par' dir='ltr' id='par_1_8' title="bbox 241 898 1817 970">
     <span class='ocr_line' id='line_1_8' title="bbox 241 898 1817 970; baseline 0 -20"><span class='ocrx_word' id='word_1_44' title='bbox 241 899 421 968; x_wconf 82' lang='grc' dir='ltr'>μὲνέν</span> <span class='ocrx_word' id='word_1_45' title='bbox 454 898 587 950; x_wconf 76' lang='grc' dir='ltr'>πᾶσι</span> <span class='ocrx_word' id='word_1_46' title='bbox 624 900 772 951; x_wconf 77' lang='grc' dir='ltr'>ἐστιν</span> <span class='ocrx_word' id='word_1_47' title='bbox 821 901 934 962; x_wconf 88' lang='grc' dir='ltr'>τοῖς</span> <span class='ocrx_word' id='word_1_48' title='bbox 967 899 1314 952; x_wconf 79' lang='grc' dir='ltr'><strong>πιστεύουσιν</strong></span> <span class='ocrx_word' id='word_1_49' title='bbox 1344 918 1358 931; x_wconf 76' lang='grc' dir='ltr'><strong><em>ο</em></strong></span> <span class='ocrx_word' id='word_1_50' title='bbox 1393 899 1644 970; x_wconf 72' lang='grc' dir='ltr'><strong>ἐνεργείᾳ</strong></span> <span class='ocrx_word' id='word_1_51' title='bbox 1674 899 1729 951; x_wconf 79' lang='grc' dir='ltr'><strong>δὲ</strong></span> <span class='ocrx_word' id='word_1_52' title='bbox 1759 900 1817 950; x_wconf 82' lang='grc' dir='ltr'><strong>ὲν</strong></span> 
     </span>
    </p>
   </div>
   <div class='ocr_carea' id='block_1_9' title="bbox 236 976 1818 1061">
    <p class='ocr_par' dir='ltr' id='par_1_9' title="bbox 236 976 1818 1061">
     <span class='ocr_line' id='line_1_9' title="bbox 236 976 1818 1061; baseline 0 -18"><span class='ocrx_word' id='word_1_53' title='bbox 236 994 348 1054; x_wconf 80' lang='grc' dir='ltr'>τοῖς</span> <span class='ocrx_word' id='word_1_54' title='bbox 386 976 956 1060; x_wconf 33' lang='grc' dir='ltr'>ἀποθεμένοις-διόλου</span> <span class='ocrx_word' id='word_1_55' title='bbox 993 989 1288 1055; x_wconf 78' lang='grc' dir='ltr'><strong>διαθέσεως</strong></span> <span class='ocrx_word' id='word_1_56' title='bbox 1319 992 1502 1044; x_wconf 78' lang='grc' dir='ltr'>πᾶσαν</span> <span class='ocrx_word' id='word_1_57' title='bbox 1542 989 1642 1061; x_wconf 80' lang='grc' dir='ltr'>τὴν</span> <span class='ocrx_word' id='word_1_58' title='bbox 1675 989 1818 1044; x_wconf 77' lang='grc' dir='ltr'>κατὰ</span> 
     </span>
    </p>
   </div>
   <div class='ocr_carea' id='block_1_10' title="bbox 237 1081 1809 1153">
    <p class='ocr_par' dir='ltr' id='par_1_10' title="bbox 237 1081 1809 1153">
     <span class='ocr_line' id='line_1_10' title="bbox 237 1081 1809 1153; baseline -0.001 -19"><span class='ocrx_word' id='word_1_59' title='bbox 237 1082 398 1148; x_wconf 77' lang='grc' dir='ltr'>φύσιν</span> <span class='ocrx_word' id='word_1_60' title='bbox 427 1081 608 1153; x_wconf 78' lang='grc' dir='ltr'>ψυχῆς</span> <span class='ocrx_word' id='word_1_61' title='bbox 627 1099 684 1135; x_wconf 89' lang='grc' dir='ltr'><strong>τε</strong></span> <span class='ocrx_word' id='word_1_62' title='bbox 712 1083 806 1134; x_wconf 76' lang='grc' dir='ltr'><strong>καὶ</strong></span> <span class='ocrx_word' id='word_1_63' title='bbox 834 1081 1086 1152; x_wconf 81' lang='grc' dir='ltr'>σώματος</span> <span class='ocrx_word' id='word_1_64' title='bbox 1131 1082 1298 1152; x_wconf 82' lang='grc' dir='ltr'>ζωὴν,</span> <span class='ocrx_word' id='word_1_65' title='bbox 1338 1083 1432 1136; x_wconf 78' lang='grc' dir='ltr'><strong>καὶ</strong></span> <span class='ocrx_word' id='word_1_66' title='bbox 1474 1081 1644 1152; x_wconf 87' lang='grc' dir='ltr'>μόνην</span> <span class='ocrx_word' id='word_1_67' title='bbox 1686 1098 1809 1150; x_wconf 79' lang='grc' dir='ltr'>κτη-</span> 
     </span>
    </p>
   </div>
   <div class='ocr_carea' id='block_1_11' title="bbox 239 1173 1820 1245">
    <p class='ocr_par' dir='ltr' id='par_1_11' title="bbox 239 1173 1820 1245">
     <span class='ocr_line' id='line_1_11' title="bbox 239 1173 1820 1245; baseline -0.001 -19"><span class='ocrx_word' id='word_1_68' title='bbox 239 1173 497 1243; x_wconf 82' lang='grc' dir='ltr'>σαμένοις</span> <span class='ocrx_word' id='word_1_69' title='bbox 548 1174 650 1245; x_wconf 82' lang='grc' dir='ltr'><strong>τὴν</strong></span> <span class='ocrx_word' id='word_1_70' title='bbox 693 1173 788 1227; x_wconf 78' lang='grc' dir='ltr'>τοῦ</span> <span class='ocrx_word' id='word_1_71' title='bbox 836 1174 1189 1244; x_wconf 80' lang='grc' dir='ltr'>πνεύματος,</span> <span class='ocrx_word' id='word_1_72' title='bbox 1239 1174 1333 1227; x_wconf 72' lang='grc' dir='ltr'>καὶ</span> <span class='ocrx_word' id='word_1_73' title='bbox 1369 1173 1686 1244; x_wconf 82' lang='grc' dir='ltr'><strong>δυναμένοις</strong></span> <span class='ocrx_word' id='word_1_74' title='bbox 1731 1173 1820 1226; x_wconf 84' lang='grc' dir='ltr'>λέ-</span> 
     </span>
    </p>
   </div>
   <div class='ocr_carea' id='block_1_12' title="bbox 237 1263 1821 1336">
    <p class='ocr_par' dir='ltr' id='par_1_12' title="bbox 237 1263 1821 1336">
     <span class='ocr_line' id='line_1_12' title="bbox 237 1263 1821 1336; baseline -0.001 -18"><span class='ocrx_word' id='word_1_75' title='bbox 237 1283 396 1335; x_wconf 74' lang='grc' dir='ltr'>γειν’</span> <span class='ocrx_word' id='word_1_76' title='bbox 443 1266 537 1320; x_wconf 82' lang='grc' dir='ltr'>Ζῶ</span> <span class='ocrx_word' id='word_1_77' title='bbox 565 1266 672 1330; x_wconf 84' lang='grc' dir='ltr'>δὲ,</span> <span class='ocrx_word' id='word_1_78' title='bbox 709 1265 911 1321; x_wconf 81' lang='grc' dir='ltr'>οὐκέτι</span> <span class='ocrx_word' id='word_1_79' title='bbox 970 1265 1118 1336; x_wconf 72' lang='grc' dir='ltr'>ἐγὼ,</span> <span class='ocrx_word' id='word_1_80' title='bbox 1151 1263 1218 1333; x_wconf 74' lang='grc' dir='ltr'><em>ζῇ</em></span> <span class='ocrx_word' id='word_1_81' title='bbox 1278 1265 1347 1319; x_wconf 81' lang='grc' dir='ltr'>δὲ</span> <span class='ocrx_word' id='word_1_82' title='bbox 1394 1265 1465 1319; x_wconf 77' lang='grc' dir='ltr'>ἐν</span> <span class='ocrx_word' id='word_1_83' title='bbox 1508 1264 1635 1335; x_wconf 81' lang='grc' dir='ltr'>ἐμοὶ</span> <span class='ocrx_word' id='word_1_84' title='bbox 1689 1267 1821 1333; x_wconf 79' lang='grc' dir='ltr'>Χρι-</span> 
     </span>
    </p>
   </div>
   <div class='ocr_carea' id='block_1_13' title="bbox 234 1358 399 1424">
    <p class='ocr_par' dir='ltr' id='par_1_13' title="bbox 234 1358 399 1424">
     <span class='ocr_line' id='line_1_13' title="bbox 234 1358 399 1424; baseline -0.006 -12"><span class='ocrx_word' id='word_1_85' title='bbox 234 1358 399 1424; x_wconf 86' lang='grc' dir='ltr'>στός.</span> 
     </span>
    </p>
   </div>
   <div class='ocr_carea' id='block_1_14' title="bbox 305 1443 1819 1521">
    <p class='ocr_par' dir='ltr' id='par_1_14' title="bbox 305 1443 1819 1521">
     <span class='ocr_line' id='line_1_14' title="bbox 305 1443 1819 1521; baseline -0.006 -16"><span class='ocrx_word' id='word_1_86' title='bbox 305 1454 411 1517; x_wconf 66' lang='grc' dir='ltr'>ιιγ’.</span> <span class='ocrx_word' id='word_1_87' title='bbox 452 1449 568 1521; x_wconf 82' lang='grc' dir='ltr'><strong>Τὴν</strong></span> <span class='ocrx_word' id='word_1_88' title='bbox 607 1449 890 1520; x_wconf 83' lang='grc' dir='ltr'>βασιλείαν</span> <span class='ocrx_word' id='word_1_89' title='bbox 932 1449 1041 1503; x_wconf 85' lang='grc' dir='ltr'><strong>τῶν</strong></span> <span class='ocrx_word' id='word_1_90' title='bbox 1081 1448 1330 1520; x_wconf 80' lang='grc' dir='ltr'>οὐρανῶν</span> <span class='ocrx_word' id='word_1_91' title='bbox 1363 1443 1502 1500; x_wconf 74' lang='grc' dir='ltr'>εἷναί</span> <span class='ocrx_word' id='word_1_92' title='bbox 1550 1462 1696 1508; x_wconf 86' lang='grc' dir='ltr'>τινες</span> <span class='ocrx_word' id='word_1_93' title='bbox 1729 1444 1819 1496; x_wconf 88' lang='grc' dir='ltr'>λέ-</span> 
     </span>
    </p>
   </div>
   <div class='ocr_carea' id='block_1_15' title="bbox 157 1534 1818 1611">
    <p class='ocr_par' dir='ltr' id='par_1_15' title="bbox 157 1534 1818 1611">
     <span class='ocr_line' id='line_1_15' title="bbox 157 1534 1818 1611; baseline -0.003 -19"><span class='ocrx_word' id='word_1_94' title='bbox 157 1541 160 1543; x_wconf 70' lang='grc'><em>’</em></span> <span class='ocrx_word' id='word_1_95' title='bbox 231 1556 412 1608; x_wconf 87' lang='grc' dir='ltr'>γουσι,</span> <span class='ocrx_word' id='word_1_96' title='bbox 451 1541 556 1610; x_wconf 81' lang='grc' dir='ltr'><strong>τὴν</strong></span> <span class='ocrx_word' id='word_1_97' title='bbox 587 1541 644 1593; x_wconf 84' lang='grc' dir='ltr'><strong>έν</strong></span> <span class='ocrx_word' id='word_1_98' title='bbox 677 1542 926 1611; x_wconf 75' lang='grc' dir='ltr'>οὐρανοῖς</span> <span class='ocrx_word' id='word_1_99' title='bbox 951 1541 1060 1593; x_wconf 89' lang='grc' dir='ltr'><strong>τῶν</strong></span> <span class='ocrx_word' id='word_1_100' title='bbox 1096 1540 1262 1606; x_wconf 77' lang='grc' dir='ltr'>ἀξίων</span> <span class='ocrx_word' id='word_1_101' title='bbox 1307 1539 1608 1606; x_wconf 59' lang='grc' dir='ltr'>διαγωγήν</span> <span class='ocrx_word' id='word_1_102' title='bbox 1639 1534 1818 1606; x_wconf 75' lang='grc' dir='ltr'>ἕτεροι</span> 
     </span>
    </p>
   </div>
   <div class='ocr_carea' id='block_1_16' title="bbox 231 1629 1821 1703">
    <p class='ocr_par' dir='ltr' id='par_1_16' title="bbox 231 1629 1821 1703">
     <span class='ocr_line' id='line_1_16' title="bbox 231 1629 1821 1703; baseline -0.004 -19"><span class='ocrx_word' id='word_1_103' title='bbox 231 1631 306 1695; x_wconf 81' lang='grc' dir='ltr'>δὲ,</span> <span class='ocrx_word' id='word_1_104' title='bbox 342 1631 440 1703; x_wconf 77' lang='grc' dir='ltr'>τὴν</span> <span class='ocrx_word' id='word_1_105' title='bbox 473 1633 669 1702; x_wconf 77' lang='grc' dir='ltr'>ὁμοίαν</span> <span class='ocrx_word' id='word_1_106' title='bbox 709 1635 822 1696; x_wconf 77' lang='grc' dir='ltr'>τοῖς</span> <span class='ocrx_word' id='word_1_107' title='bbox 862 1631 1118 1701; x_wconf 81' lang='grc' dir='ltr'>ἀγγέλοις</span> <span class='ocrx_word' id='word_1_108' title='bbox 1148 1631 1256 1683; x_wconf 93' lang='grc' dir='ltr'><strong>τῶν</strong></span> <span class='ocrx_word' id='word_1_109' title='bbox 1287 1631 1612 1700; x_wconf 78' lang='grc' dir='ltr'>σωζομένων</span> <span class='ocrx_word' id='word_1_110' title='bbox 1652 1629 1821 1682; x_wconf 69' lang='grc' dir='ltr'>κατάφ</span> 
     </span>
    </p>
   </div>
   <div class='ocr_carea' id='block_1_17' title="bbox 234 1718 1820 1792">
    <p class='ocr_par' dir='ltr' id='par_1_17' title="bbox 234 1718 1820 1792">
     <span class='ocr_line' id='line_1_17' title="bbox 234 1718 1820 1792; baseline -0.001 -19"><span class='ocrx_word' id='word_1_111' title='bbox 234 1737 460 1775; x_wconf 85' lang='grc' dir='ltr'>στασιν·</span> <span class='ocrx_word' id='word_1_112' title='bbox 493 1723 640 1777; x_wconf 78' lang='grc' dir='ltr'>ἄλλοι</span> <span class='ocrx_word' id='word_1_113' title='bbox 663 1723 741 1786; x_wconf 82' lang='grc' dir='ltr'><strong>δὲ,</strong></span> <span class='ocrx_word' id='word_1_114' title='bbox 773 1723 832 1777; x_wconf 73' lang='grc' dir='ltr'>τὸ</span> <span class='ocrx_word' id='word_1_115' title='bbox 863 1719 999 1786; x_wconf 77' lang='grc' dir='ltr'>εἶδος</span> <span class='ocrx_word' id='word_1_116' title='bbox 1037 1722 1166 1776; x_wconf 77' lang='grc' dir='ltr'>αὐτὸ</span> <span class='ocrx_word' id='word_1_117' title='bbox 1206 1723 1301 1792; x_wconf 79' lang='grc' dir='ltr'>τῆς</span> <span class='ocrx_word' id='word_1_118' title='bbox 1333 1720 1520 1790; x_wconf 81' lang='grc' dir='ltr'>θεῖκῆς</span> <span class='ocrx_word' id='word_1_119' title='bbox 1553 1718 1820 1789; x_wconf 83' lang='grc' dir='ltr'>ὡραιότη-</span> 
     </span>
    </p>
   </div>
   <div class='ocr_carea' id='block_1_18' title="bbox 231 1810 1814 1886">
    <p class='ocr_par' dir='ltr' id='par_1_18' title="bbox 231 1810 1814 1886">
     <span class='ocr_line' id='line_1_18' title="bbox 231 1810 1814 1886; baseline -0.001 -20"><span class='ocrx_word' id='word_1_120' title='bbox 231 1829 321 1876; x_wconf 84' lang='grc' dir='ltr'><strong>τος</strong></span> <span class='ocrx_word' id='word_1_121' title='bbox 357 1813 471 1867; x_wconf 89' lang='grc' dir='ltr'><strong>τῶν</strong></span> <span class='ocrx_word' id='word_1_122' title='bbox 525 1817 872 1886; x_wconf 78' lang='grc' dir='ltr'>φορεσάντων</span> <span class='ocrx_word' id='word_1_123' title='bbox 919 1815 1020 1884; x_wconf 86' lang='grc' dir='ltr'><strong>τὴν</strong></span> <span class='ocrx_word' id='word_1_124' title='bbox 1070 1815 1254 1867; x_wconf 79' lang='grc' dir='ltr'>εἰκόνα</span> <span class='ocrx_word' id='word_1_125' title='bbox 1293 1811 1389 1865; x_wconf 82' lang='grc' dir='ltr'>τοῦ</span> <span class='ocrx_word' id='word_1_126' title='bbox 1434 1810 1814 1881; x_wconf 83' lang='grc' dir='ltr'>Ἐπουρανίου.</span> 
     </span>
    </p>
   </div>
   <div class='ocr_carea' id='block_1_19' title="bbox 232 1895 1890 1979">
    <p class='ocr_par' dir='ltr' id='par_1_19' title="bbox 232 1895 1890 1979">
     <span class='ocr_line' id='line_1_19' title="bbox 232 1895 1890 1979; baseline -0.004 -21"><span class='ocrx_word' id='word_1_127' title='bbox 232 1905 533 1978; x_wconf 84' lang='grc' dir='ltr'>Συνᾴδουσι</span> <span class='ocrx_word' id='word_1_128' title='bbox 567 1908 624 1962; x_wconf 83' lang='grc' dir='ltr'>δὲ</span> <span class='ocrx_word' id='word_1_129' title='bbox 652 1910 716 1979; x_wconf 83' lang='grc' dir='ltr'>τῇ</span> <span class='ocrx_word' id='word_1_130' title='bbox 753 1907 1003 1979; x_wconf 73' lang='grc' dir='ltr'>ἀληθείᾳ,</span> <span class='ocrx_word' id='word_1_131' title='bbox 1033 1907 1174 1961; x_wconf 76' lang='grc' dir='ltr'>κατὰ</span> <span class='ocrx_word' id='word_1_132' title='bbox 1217 1906 1280 1958; x_wconf 83' lang='grc' dir='ltr'><strong>τὸ</strong></span> <span class='ocrx_word' id='word_1_133' title='bbox 1318 1905 1442 1976; x_wconf 76' lang='grc' dir='ltr'>ἐμοὶ</span> <span class='ocrx_word' id='word_1_134' title='bbox 1478 1902 1690 1968; x_wconf 78' lang='grc' dir='ltr'>δοκοῦν,</span> <span class='ocrx_word' id='word_1_135' title='bbox 1723 1902 1817 1955; x_wconf 83' lang='grc' dir='ltr'><strong>καί</strong></span> <span class='ocrx_word' id='word_1_136' title='bbox 1848 1895 1890 1950; x_wconf 85' lang='grc' dir='ltr'>Β</span> 
     </span>
    </p>
   </div>
   <div class='ocr_carea' id='block_1_20' title="bbox 231 1997 1816 2073">
    <p class='ocr_par' dir='ltr' id='par_1_20' title="bbox 231 1997 1816 2073">
     <span class='ocr_line' id='line_1_20' title="bbox 231 1997 1816 2073; baseline -0.002 -22"><span class='ocrx_word' id='word_1_137' title='bbox 231 2000 288 2052; x_wconf 90' lang='grc' dir='ltr'><strong>αἰ</strong></span> <span class='ocrx_word' id='word_1_138' title='bbox 312 2003 464 2070; x_wconf 84' lang='grc' dir='ltr'><strong>τρεῖς</strong></span> <span class='ocrx_word' id='word_1_139' title='bbox 492 2002 622 2073; x_wconf 75' lang='grc' dir='ltr'>περὶ</span> <span class='ocrx_word' id='word_1_140' title='bbox 654 2001 844 2054; x_wconf 78' lang='grc' dir='ltr'>τούτου</span> <span class='ocrx_word' id='word_1_141' title='bbox 869 1999 1040 2066; x_wconf 77' lang='grc' dir='ltr'>δόξαι.</span> <span class='ocrx_word' id='word_1_142' title='bbox 1080 2000 1221 2052; x_wconf 74' lang='grc' dir='ltr'>[ἰᾶσι</span> <span class='ocrx_word' id='word_1_143' title='bbox 1248 1997 1357 2068; x_wconf 80' lang='grc' dir='ltr'>γὰρ</span> <span class='ocrx_word' id='word_1_144' title='bbox 1387 1997 1530 2051; x_wconf 85' lang='grc' dir='ltr'>κατὰ</span> <span class='ocrx_word' id='word_1_145' title='bbox 1560 1997 1660 2068; x_wconf 81' lang='grc' dir='ltr'>τὴν</span> <span class='ocrx_word' id='word_1_146' title='bbox 1684 1997 1816 2049; x_wconf 82' lang='grc' dir='ltr'>ἀνα·</span> 
     </span>
    </p>
   </div>
   <div class='ocr_carea' id='block_1_21' title="bbox 231 2086 1820 2169">
    <p class='ocr_par' dir='ltr' id='par_1_21' title="bbox 231 2086 1820 2162">
     <span class='ocr_line' id='line_1_21' title="bbox 231 2086 1820 2162; baseline -0.003 -20"><span class='ocrx_word' id='word_1_147' title='bbox 231 2089 420 2158; x_wconf 79' lang='grc' dir='ltr'>λογίαν</span> <span class='ocrx_word' id='word_1_148' title='bbox 460 2092 563 2162; x_wconf 78' lang='grc' dir='ltr'><strong>τῆς</strong></span> <span class='ocrx_word' id='word_1_149' title='bbox 613 2093 672 2144; x_wconf 86' lang='grc' dir='ltr'><strong>έν</strong></span> <span class='ocrx_word' id='word_1_150' title='bbox 710 2091 894 2154; x_wconf 81' lang='grc' dir='ltr'>αὐτοῖς</span> <span class='ocrx_word' id='word_1_151' title='bbox 927 2089 1068 2143; x_wconf 82' lang='grc' dir='ltr'><strong>κατά</strong></span> <span class='ocrx_word' id='word_1_152' title='bbox 1107 2087 1260 2140; x_wconf 87' lang='grc' dir='ltr'>ποιόν</span> <span class='ocrx_word' id='word_1_153' title='bbox 1294 2105 1354 2140; x_wconf 89' lang='grc' dir='ltr'><strong>τε</strong></span> <span class='ocrx_word' id='word_1_154' title='bbox 1398 2087 1495 2140; x_wconf 81' lang='grc' dir='ltr'><strong>καί</strong></span> <span class='ocrx_word' id='word_1_155' title='bbox 1532 2087 1700 2140; x_wconf 70' lang='grc' dir='ltr'>ποσὸν</span> <span class='ocrx_word' id='word_1_156' title='bbox 1737 2086 1820 2139; x_wconf 88' lang='grc' dir='ltr'>δι-</span> 
     </span>
    </p>
   </div>
   <div class='ocr_carea' id='block_1_22' title="bbox 233 2180 1363 2255">
    <p class='ocr_par' dir='ltr' id='par_1_22' title="bbox 233 2180 1363 2255">
     <span class='ocr_line' id='line_1_22' title="bbox 233 2180 1363 2255; baseline -0.003 -18"><span class='ocrx_word' id='word_1_157' title='bbox 233 2184 550 2255; x_wconf 79' lang='grc' dir='ltr'>καιοσύνης,</span> <span class='ocrx_word' id='word_1_158' title='bbox 586 2186 619 2255; x_wconf 81' lang='grc' dir='ltr'><strong>ἡ</strong></span> <span class='ocrx_word' id='word_1_159' title='bbox 656 2183 924 2254; x_wconf 87' lang='grc' dir='ltr'>μέλλουσα</span> <span class='ocrx_word' id='word_1_160' title='bbox 954 2181 1153 2235; x_wconf 83' lang='grc' dir='ltr'>δίδοται</span> <span class='ocrx_word' id='word_1_161' title='bbox 1183 2180 1363 2251; x_wconf 77' lang='grc' dir='ltr'>χάρις.</span> 
     </span>
    </p>
   </div>
   <div class='ocr_carea' id='block_1_23' title="bbox 303 2359 1816 2432">
    <p class='ocr_par' dir='ltr' id='par_1_23' title="bbox 303 2359 1816 2432">
     <span class='ocr_line' id='line_1_23' title="bbox 303 2359 1816 2432; baseline -0.003 -16"><span class='ocrx_word' id='word_1_162' title='bbox 303 2362 406 2428; x_wconf 64' lang='grc' dir='ltr'>ιιδο.</span> <span class='ocrx_word' id='word_1_163' title='bbox 447 2362 594 2426; x_wconf 82' lang='grc' dir='ltr'><strong>Ἕως</strong></span> <span class='ocrx_word' id='word_1_164' title='bbox 643 2363 765 2416; x_wconf 82' lang='grc' dir='ltr'>ὅτου</span> <span class='ocrx_word' id='word_1_165' title='bbox 813 2360 956 2414; x_wconf 79' lang='grc' dir='ltr'>κατὰ</span> <span class='ocrx_word' id='word_1_166' title='bbox 994 2359 1092 2430; x_wconf 84' lang='grc' dir='ltr'><strong>τὴν</strong></span> <span class='ocrx_word' id='word_1_167' title='bbox 1137 2360 1447 2432; x_wconf 77' lang='grc' dir='ltr'>πρακτικὴν</span> <span class='ocrx_word' id='word_1_168' title='bbox 1474 2359 1816 2428; x_wconf 79' lang='grc' dir='ltr'>φιλοσοφίαν,</span> 
     </span>
    </p>
   </div>
   <div class='ocr_carea' id='block_1_24' title="bbox 231 2450 1819 2525">
    <p class='ocr_par' dir='ltr' id='par_1_24' title="bbox 231 2450 1819 2525">
     <span class='ocr_line' id='line_1_24' title="bbox 231 2450 1819 2525; baseline -0.002 -19"><span class='ocrx_word' id='word_1_169' title='bbox 231 2453 508 2525; x_wconf 80' lang='grc' dir='ltr'>ἀνδρικῶς</span> <span class='ocrx_word' id='word_1_170' title='bbox 560 2454 687 2516; x_wconf 75' lang='grc' dir='ltr'>τοὺς</span> <span class='ocrx_word' id='word_1_171' title='bbox 721 2454 898 2517; x_wconf 88' lang='grc' dir='ltr'>θείους</span> <span class='ocrx_word' id='word_1_172' title='bbox 945 2452 1280 2523; x_wconf 81' lang='grc' dir='ltr'>διεξέρχεταί</span> <span class='ocrx_word' id='word_1_173' title='bbox 1317 2469 1401 2515; x_wconf 90' lang='grc' dir='ltr'><strong>τις</strong></span> <span class='ocrx_word' id='word_1_174' title='bbox 1430 2452 1647 2521; x_wconf 87' lang='grc' dir='ltr'>ἀγῶνας</span> <span class='ocrx_word' id='word_1_175' title='bbox 1673 2467 1686 2480; x_wconf 79' lang='grc'><strong>⁸</strong></span> <span class='ocrx_word' id='word_1_176' title='bbox 1727 2450 1819 2504; x_wconf 80' lang='grc' dir='ltr'><strong>τὸν</strong></span> 
     </span>
    </p>
   </div>
   <div class='ocr_carea' id='block_1_25' title="bbox 231 2542 1819 2614">
    <p class='ocr_par' dir='ltr' id='par_1_25' title="bbox 231 2542 1819 2614">
     <span class='ocr_line' id='line_1_25' title="bbox 231 2542 1819 2614; baseline 0 -18"><span class='ocrx_word' id='word_1_177' title='bbox 231 2543 321 2597; x_wconf 79' lang='grc' dir='ltr'><strong>διὰ</strong></span> <span class='ocrx_word' id='word_1_178' title='bbox 348 2545 461 2600; x_wconf 83' lang='grc' dir='ltr'><strong>τῶν</strong></span> <span class='ocrx_word' id='word_1_179' title='bbox 491 2544 721 2598; x_wconf 76' lang='grc' dir='ltr'>ἐντολῶν</span> <span class='ocrx_word' id='word_1_180' title='bbox 753 2544 1037 2610; x_wconf 79' lang='grc' dir='ltr'>ἐξελθόντα</span> <span class='ocrx_word' id='word_1_181' title='bbox 1067 2543 1219 2614; x_wconf 70' lang='grc' dir='ltr'>παρὰ</span> <span class='ocrx_word' id='word_1_182' title='bbox 1255 2542 1350 2595; x_wconf 81' lang='grc' dir='ltr'>τοῦ</span> <span class='ocrx_word' id='word_1_183' title='bbox 1383 2543 1592 2612; x_wconf 83' lang='grc' dir='ltr'>Πατρὸς</span> <span class='ocrx_word' id='word_1_184' title='bbox 1625 2543 1706 2605; x_wconf 87' lang='grc' dir='ltr'><strong>εἰς</strong></span> <span class='ocrx_word' id='word_1_185' title='bbox 1729 2542 1819 2597; x_wconf 82' lang='grc' dir='ltr'><strong>τὸν</strong></span> 
     </span>
    </p>
   </div>
   <div class='ocr_carea' id='block_1_26' title="bbox 232 2633 1818 2708">
    <p class='ocr_par' dir='ltr' id='par_1_26' title="bbox 232 2633 1818 2708">
     <span class='ocr_line' id='line_1_26' title="bbox 232 2633 1818 2708; baseline -0.002 -20"><span class='ocrx_word' id='word_1_186' title='bbox 232 2636 462 2708; x_wconf 86' lang='grc' dir='ltr'>κόσμον,</span> <span class='ocrx_word' id='word_1_187' title='bbox 497 2639 630 2708; x_wconf 82' lang='grc' dir='ltr'>παρ’</span> <span class='ocrx_word' id='word_1_188' title='bbox 661 2636 836 2706; x_wconf 78' lang='grc' dir='ltr'>ἑαυτῷ</span> <span class='ocrx_word' id='word_1_189' title='bbox 864 2636 1085 2706; x_wconf 79' lang='grc' dir='ltr'>κατέχει</span> <span class='ocrx_word' id='word_1_190' title='bbox 1118 2635 1313 2702; x_wconf 77' lang='grc' dir='ltr'>Λόγον.</span> <span class='ocrx_word' id='word_1_191' title='bbox 1349 2634 1603 2687; x_wconf 81' lang='grc' dir='ltr'>Ἐπειδὰν</span> <span class='ocrx_word' id='word_1_192' title='bbox 1625 2633 1682 2686; x_wconf 78' lang='grc' dir='ltr'>δὲ</span> <span class='ocrx_word' id='word_1_193' title='bbox 1711 2633 1818 2686; x_wconf 86' lang='grc' dir='ltr'><strong>τῶν</strong></span> 
     </span>
    </p>
   </div>
   <div class='ocr_carea' id='block_1_27' title="bbox 232 2724 1820 2800">
    <p class='ocr_par' dir='ltr' id='par_1_27' title="bbox 232 2724 1820 2800">
     <span class='ocr_line' id='line_1_27' title="bbox 232 2724 1820 2800; baseline -0.001 -21"><span class='ocrx_word' id='word_1_194' title='bbox 232 2730 376 2782; x_wconf 77' lang='grc' dir='ltr'>κατὰ</span> <span class='ocrx_word' id='word_1_195' title='bbox 422 2730 523 2800; x_wconf 80' lang='grc' dir='ltr'>τὴν</span> <span class='ocrx_word' id='word_1_196' title='bbox 569 2726 768 2798; x_wconf 82' lang='grc' dir='ltr'>πρᾶξιν</span> <span class='ocrx_word' id='word_1_197' title='bbox 809 2727 942 2799; x_wconf 81' lang='grc' dir='ltr'>πρὸς</span> <span class='ocrx_word' id='word_1_198' title='bbox 987 2727 1057 2780; x_wconf 84' lang='grc' dir='ltr'>τὰ</span> <span class='ocrx_word' id='word_1_199' title='bbox 1107 2725 1253 2795; x_wconf 78' lang='grc' dir='ltr'>πάθη</span> <span class='ocrx_word' id='word_1_200' title='bbox 1289 2724 1684 2794; x_wconf 81' lang='grc' dir='ltr'>παλαισμάτων</span> <span class='ocrx_word' id='word_1_201' title='bbox 1713 2725 1820 2793; x_wconf 83' lang='grc' dir='ltr'><strong>ἀφ-</strong></span> 
     </span>
    </p>
   </div>
   <div class='ocr_carea' id='block_1_28' title="bbox 232 2814 1817 2891">
    <p class='ocr_par' dir='ltr' id='par_1_28' title="bbox 232 2814 1817 2891">
     <span class='ocr_line' id='line_1_28' title="bbox 232 2814 1817 2891; baseline -0.003 -19"><span class='ocrx_word' id='word_1_202' title='bbox 232 2819 452 2890; x_wconf 82' lang='grc' dir='ltr'>έμενος,</span> <span class='ocrx_word' id='word_1_203' title='bbox 488 2821 562 2884; x_wconf 85' lang='grc' dir='ltr'><strong>ὡς</strong></span> <span class='ocrx_word' id='word_1_204' title='bbox 583 2819 808 2891; x_wconf 85' lang='grc' dir='ltr'>νικητὴς</span> <span class='ocrx_word' id='word_1_205' title='bbox 831 2817 1018 2870; x_wconf 86' lang='grc' dir='ltr'>παθῶν</span> <span class='ocrx_word' id='word_1_206' title='bbox 1046 2819 1139 2869; x_wconf 78' lang='grc' dir='ltr'><strong>καί</strong></span> <span class='ocrx_word' id='word_1_207' title='bbox 1169 2816 1440 2886; x_wconf 87' lang='grc' dir='ltr'>δαιμόνων</span> <span class='ocrx_word' id='word_1_208' title='bbox 1463 2814 1817 2883; x_wconf 74' lang='grc' dir='ltr'>ἀποφανθείς,</span> 
     </span>
    </p>
   </div>
   <div class='ocr_carea' id='block_1_29' title="bbox 232 2909 1822 2986">
    <p class='ocr_par' dir='ltr' id='par_1_29' title="bbox 232 2909 1822 2986">
     <span class='ocr_line' id='line_1_29' title="bbox 232 2909 1822 2986; baseline -0.003 -19"><span class='ocrx_word' id='word_1_209' title='bbox 232 2915 373 2986; x_wconf 82' lang='grc' dir='ltr'>πρὸς</span> <span class='ocrx_word' id='word_1_210' title='bbox 414 2917 516 2986; x_wconf 81' lang='grc' dir='ltr'>τὴν</span> <span class='ocrx_word' id='word_1_211' title='bbox 557 2914 646 2967; x_wconf 83' lang='grc' dir='ltr'>διὰ</span> <span class='ocrx_word' id='word_1_212' title='bbox 702 2913 933 2983; x_wconf 86' lang='grc' dir='ltr'>Θεωρίας</span> <span class='ocrx_word' id='word_1_213' title='bbox 980 2909 1286 2980; x_wconf 83' lang='grc' dir='ltr'>γνωστικὴν</span> <span class='ocrx_word' id='word_1_214' title='bbox 1337 2909 1571 2980; x_wconf 81' lang='grc' dir='ltr'>μετέλθῃ</span> <span class='ocrx_word' id='word_1_215' title='bbox 1608 2909 1822 2979; x_wconf 84' lang='grc' dir='ltr'>φιλοσο-</span> 
     </span>
    </p>
   </div>
   <div class='ocr_carea' id='block_1_30' title="bbox 231 3001 1820 3075">
    <p class='ocr_par' dir='ltr' id='par_1_30' title="bbox 231 3001 1820 3075">
     <span class='ocr_line' id='line_1_30' title="bbox 231 3001 1820 3075; baseline -0.003 -15"><span class='ocrx_word' id='word_1_216' title='bbox 231 3007 388 3074; x_wconf 76' lang='grc' dir='ltr'>φίαν,</span> <span class='ocrx_word' id='word_1_217' title='bbox 436 3007 710 3075; x_wconf 86' lang='grc' dir='ltr'>συγχωρεῖ</span> <span class='ocrx_word' id='word_1_218' title='bbox 759 3003 837 3074; x_wconf 82' lang='grc' dir='ltr'>τῷ</span> <span class='ocrx_word' id='word_1_219' title='bbox 876 3003 1034 3073; x_wconf 84' lang='grc' dir='ltr'><strong>Λόγῳ</strong></span> <span class='ocrx_word' id='word_1_220' title='bbox 1071 3001 1346 3070; x_wconf 82' lang='grc' dir='ltr'>μυστικῶς</span> <span class='ocrx_word' id='word_1_221' title='bbox 1397 3002 1613 3070; x_wconf 81' lang='grc' dir='ltr'>ἀφεῖναι</span> <span class='ocrx_word' id='word_1_222' title='bbox 1657 3001 1820 3057; x_wconf 82' lang='grc' dir='ltr'>πάλιν</span> 
     </span>
    </p>
   </div>
   <div class='ocr_carea' id='block_1_31' title="bbox 229 3083 1822 3168">
    <p class='ocr_par' dir='ltr' id='par_1_31' title="bbox 229 3083 1822 3168">
     <span class='ocr_line' id='line_1_31' title="bbox 229 3083 1822 3168; baseline -0.004 -16"><span class='ocrx_word' id='word_1_223' title='bbox 229 3099 327 3152; x_wconf 73' lang='grc' dir='ltr'><strong>τὸν</strong></span> <span class='ocrx_word' id='word_1_224' title='bbox 357 3098 588 3168; x_wconf 83' lang='grc' dir='ltr'>κόσμον,</span> <span class='ocrx_word' id='word_1_225' title='bbox 633 3097 728 3150; x_wconf 68' lang='grc' dir='ltr'><strong>καὶ</strong></span> <span class='ocrx_word' id='word_1_226' title='bbox 777 3094 1111 3166; x_wconf 80' lang='grc' dir='ltr'>πορευθῆναι</span> <span class='ocrx_word' id='word_1_227' title='bbox 1151 3093 1287 3165; x_wconf 82' lang='grc' dir='ltr'>πρὸς</span> <span class='ocrx_word' id='word_1_228' title='bbox 1312 3093 1404 3146; x_wconf 84' lang='grc' dir='ltr'><strong>τὸν</strong></span> <span class='ocrx_word' id='word_1_229' title='bbox 1447 3093 1690 3164; x_wconf 84' lang='grc' dir='ltr'>Πατέρα.</span> <span class='ocrx_word' id='word_1_230' title='bbox 1730 3083 1822 3146; x_wconf 89' lang='grc' dir='ltr'>Διό</span> 
     </span>
    </p>
   </div>
   <div class='ocr_carea' id='block_1_32' title="bbox 232 3184 1818 3259">
    <p class='ocr_par' dir='ltr' id='par_1_32' title="bbox 232 3184 1818 3259">
     <span class='ocr_line' id='line_1_32' title="bbox 232 3184 1818 3259; baseline -0.004 -15"><span class='ocrx_word' id='word_1_231' title='bbox 232 3208 404 3259; x_wconf 84' lang='grc' dir='ltr'>φησιν</span> <span class='ocrx_word' id='word_1_232' title='bbox 442 3191 469 3242; x_wconf 85' lang='grc' dir='ltr'>ὁ</span> <span class='ocrx_word' id='word_1_233' title='bbox 499 3189 702 3258; x_wconf 83' lang='grc' dir='ltr'>Κύριος</span> <span class='ocrx_word' id='word_1_234' title='bbox 729 3190 841 3250; x_wconf 86' lang='grc' dir='ltr'>τοῖς</span> <span class='ocrx_word' id='word_1_235' title='bbox 874 3187 1262 3258; x_wconf 83' lang='grc' dir='ltr'>μαθηταῖς,ὃτι</span> <span class='ocrx_word' id='word_1_236' title='bbox 1290 3184 1490 3254; x_wconf 77' lang='grc' dir='ltr'><strong>’Υμεῖς</strong></span> <span class='ocrx_word' id='word_1_237' title='bbox 1514 3185 1620 3255; x_wconf 74' lang='grc' dir='ltr'><strong>ἐμὲ</strong></span> <span class='ocrx_word' id='word_1_238' title='bbox 1643 3203 1818 3254; x_wconf 70' lang='grc' dir='ltr'>πεφι-</span> 
     </span>
    </p>
   </div>
   <div class='ocr_carea' id='block_1_33' title="bbox 231 3272 1819 3345">
    <p class='ocr_par' dir='ltr' id='par_1_33' title="bbox 231 3272 1819 3345">
     <span class='ocr_line' id='line_1_33' title="bbox 231 3272 1819 3345; baseline -0.003 -12"><span class='ocrx_word' id='word_1_239' title='bbox 231 3277 488 3345; x_wconf 69' lang='grc' dir='ltr'>λήκατε,</span> <span class='ocrx_word' id='word_1_240' title='bbox 509 3279 606 3331; x_wconf 83' lang='grc' dir='ltr'><strong>καί</strong></span> <span class='ocrx_word' id='word_1_241' title='bbox 637 3277 1080 3330; x_wconf 82' lang='grc' dir='ltr'>πεπιστεύκατε</span> <span class='ocrx_word' id='word_1_242' title='bbox 1107 3276 1195 3328; x_wconf 85' lang='grc' dir='ltr'>ὅτι</span> <span class='ocrx_word' id='word_1_243' title='bbox 1223 3272 1338 3343; x_wconf 70' lang='grc' dir='ltr'>ἐγὼ</span> <span class='ocrx_word' id='word_1_244' title='bbox 1361 3274 1520 3343; x_wconf 81' lang='grc' dir='ltr'>παρὰ</span> <span class='ocrx_word' id='word_1_245' title='bbox 1545 3275 1652 3329; x_wconf 85' lang='grc' dir='ltr'>τοῦ</span> <span class='ocrx_word' id='word_1_246' title='bbox 1670 3273 1819 3328; x_wconf 84' lang='grc' dir='ltr'>Θεοῦ</span> 
     </span>
    </p>
   </div>
   <div class='ocr_carea' id='block_1_34' title="bbox 230 3365 1821 3442">
    <p class='ocr_par' dir='ltr' id='par_1_34' title="bbox 230 3365 1821 3442">
     <span class='ocr_line' id='line_1_34' title="bbox 230 3365 1821 3442; baseline -0.01 -6"><span class='ocrx_word' id='word_1_247' title='bbox 230 3370 521 3442; x_wconf 71' lang='grc' dir='ltr'><strong>ἐξῆλθον·</strong></span> <span class='ocrx_word' id='word_1_248' title='bbox 580 3369 879 3437; x_wconf 75' lang='grc' dir='ltr'>Ἐξῆλθον</span> <span class='ocrx_word' id='word_1_249' title='bbox 924 3368 1083 3435; x_wconf 81' lang='grc' dir='ltr'>παρὰ</span> <span class='ocrx_word' id='word_1_250' title='bbox 1115 3366 1222 3421; x_wconf 88' lang='grc' dir='ltr'>τοῦ</span> <span class='ocrx_word' id='word_1_251' title='bbox 1265 3365 1516 3434; x_wconf 85' lang='grc' dir='ltr'>Πατρὸς,</span> <span class='ocrx_word' id='word_1_252' title='bbox 1553 3366 1651 3420; x_wconf 83' lang='grc' dir='ltr'><strong>καί</strong></span> <span class='ocrx_word' id='word_1_253' title='bbox 1677 3367 1821 3434; x_wconf 79' lang='grc' dir='ltr'><strong>ἐλή-</strong></span> 
     </span>
    </p>
   </div>
   <div class='ocr_carea' id='block_1_35' title="bbox 233 3457 1816 3528">
    <p class='ocr_par' dir='ltr' id='par_1_35' title="bbox 233 3457 1816 3528">
     <span class='ocr_line' id='line_1_35' title="bbox 233 3457 1816 3528; baseline -0.002 -14"><span class='ocrx_word' id='word_1_254' title='bbox 233 3464 393 3516; x_wconf 73' lang='grc' dir='ltr'>λυθα</span> <span class='ocrx_word' id='word_1_255' title='bbox 426 3464 514 3528; x_wconf 80' lang='grc' dir='ltr'><strong>εἰς</strong></span> <span class='ocrx_word' id='word_1_256' title='bbox 543 3459 650 3515; x_wconf 79' lang='grc' dir='ltr'>τὸν</span> <span class='ocrx_word' id='word_1_257' title='bbox 685 3461 940 3528; x_wconf 59' lang='grc' dir='ltr'>κόσμον</span> <span class='ocrx_word' id='word_1_258' title='bbox 969 3457 1156 3512; x_wconf 81' lang='grc' dir='ltr'>πάλιν</span> <span class='ocrx_word' id='word_1_259' title='bbox 1191 3458 1407 3527; x_wconf 66' lang='grc' dir='ltr'>ἀφίημι</span> <span class='ocrx_word' id='word_1_260' title='bbox 1429 3457 1537 3510; x_wconf 84' lang='grc' dir='ltr'>τὸν</span> <span class='ocrx_word' id='word_1_261' title='bbox 1563 3458 1816 3527; x_wconf 77' lang='grc' dir='ltr'>κόσμον,</span> 
     </span>
    </p>
   </div>
   <div class='ocr_carea' id='block_1_36' title="bbox 233 3548 1834 3621">
    <p class='ocr_par' dir='ltr' id='par_1_36' title="bbox 233 3548 1834 3621">
     <span class='ocr_line' id='line_1_36' title="bbox 233 3548 1834 3621; baseline -0.003 -14"><span class='ocrx_word' id='word_1_262' title='bbox 233 3553 330 3606; x_wconf 81' lang='grc' dir='ltr'><strong>καί</strong></span> <span class='ocrx_word' id='word_1_263' title='bbox 379 3553 705 3621; x_wconf 81' lang='grc' dir='ltr'>πορεύομαι</span> <span class='ocrx_word' id='word_1_264' title='bbox 761 3550 909 3619; x_wconf 85' lang='grc' dir='ltr'>πρὸς</span> <span class='ocrx_word' id='word_1_265' title='bbox 940 3550 1049 3602; x_wconf 81' lang='grc' dir='ltr'>τὸν</span> <span class='ocrx_word' id='word_1_266' title='bbox 1093 3548 1360 3617; x_wconf 74' lang='grc' dir='ltr'>Πατέραο</span> <span class='ocrx_word' id='word_1_267' title='bbox 1407 3549 1610 3617; x_wconf 83' lang='grc' dir='ltr'>κόσμον</span> <span class='ocrx_word' id='word_1_268' title='bbox 1649 3549 1834 3612; x_wconf 26' lang='grc' dir='ltr'>εἰπὼν,</span> 
     </span>
    </p>
   </div>
   <div class='ocr_carea' id='block_1_37' title="bbox 233 3638 1818 3714">
    <p class='ocr_par' dir='ltr' id='par_1_37' title="bbox 233 3638 1818 3714">
     <span class='ocr_line' id='line_1_37' title="bbox 233 3638 1818 3714; baseline -0.003 -18"><span class='ocrx_word' id='word_1_269' title='bbox 233 3645 420 3714; x_wconf 81' lang='grc' dir='ltr'>τυχὸν,</span> <span class='ocrx_word' id='word_1_270' title='bbox 453 3643 552 3714; x_wconf 84' lang='grc' dir='ltr'>τὴν</span> <span class='ocrx_word' id='word_1_271' title='bbox 592 3640 735 3695; x_wconf 86' lang='grc' dir='ltr'>κατὰ</span> <span class='ocrx_word' id='word_1_272' title='bbox 784 3640 886 3710; x_wconf 82' lang='grc' dir='ltr'><strong>τὴν</strong></span> <span class='ocrx_word' id='word_1_273' title='bbox 929 3641 1126 3710; x_wconf 79' lang='grc' dir='ltr'>πρᾶξιν</span> <span class='ocrx_word' id='word_1_274' title='bbox 1166 3640 1273 3692; x_wconf 82' lang='grc' dir='ltr'><strong>τῶν</strong></span> <span class='ocrx_word' id='word_1_275' title='bbox 1323 3639 1533 3708; x_wconf 83' lang='grc' dir='ltr'>ἀρετῶν</span> <span class='ocrx_word' id='word_1_276' title='bbox 1563 3638 1818 3692; x_wconf 80' lang='grc' dir='ltr'>ἐπίπονον</span> 
     </span>
    </p>
   </div>
   <div class='ocr_carea' id='block_1_38' title="bbox 235 3729 1818 3806">
    <p class='ocr_par' dir='ltr' id='par_1_38' title="bbox 235 3729 1818 3806">
     <span class='ocr_line' id='line_1_38' title="bbox 235 3729 1818 3806; baseline -0.003 -18"><span class='ocrx_word' id='word_1_277' title='bbox 235 3735 540 3806; x_wconf 74' lang='grc' dir='ltr'>ἐργασίαν·</span> <span class='ocrx_word' id='word_1_278' title='bbox 585 3732 807 3802; x_wconf 85' lang='grc' dir='ltr'>Πατέρα</span> <span class='ocrx_word' id='word_1_279' title='bbox 854 3732 932 3796; x_wconf 81' lang='grc' dir='ltr'>δὲ,</span> <span class='ocrx_word' id='word_1_280' title='bbox 979 3733 1076 3802; x_wconf 78' lang='grc' dir='ltr'>τὴν</span> <span class='ocrx_word' id='word_1_281' title='bbox 1111 3729 1252 3782; x_wconf 80' lang='grc' dir='ltr'>κατὰ</span> <span class='ocrx_word' id='word_1_282' title='bbox 1287 3729 1411 3781; x_wconf 77' lang='grc' dir='ltr'>νοῦν</span> <span class='ocrx_word' id='word_1_283' title='bbox 1450 3730 1818 3800; x_wconf 86' lang='grc' dir='ltr'>ὐπερκόσμιον</span> 
     </span>
    </p>
   </div>
   <div class='ocr_carea' id='block_1_39' title="bbox 235 3818 1818 3890">
    <p class='ocr_par' dir='ltr' id='par_1_39' title="bbox 235 3818 1818 3890">
     <span class='ocr_line' id='line_1_39' title="bbox 235 3818 1818 3890; baseline -0.003 -16"><span class='ocrx_word' id='word_1_284' title='bbox 235 3824 328 3875; x_wconf 73' lang='grc' dir='ltr'><strong>καὶ</strong></span> <span class='ocrx_word' id='word_1_285' title='bbox 367 3821 571 3884; x_wconf 76' lang='grc' dir='ltr'>παντὸς</span> <span class='ocrx_word' id='word_1_286' title='bbox 608 3820 899 3890; x_wconf 78' lang='grc' dir='ltr'>ἐλευθέραν</span> <span class='ocrx_word' id='word_1_287' title='bbox 933 3818 1117 3872; x_wconf 81' lang='grc' dir='ltr'>ὑλικοῦ</span> <span class='ocrx_word' id='word_1_288' title='bbox 1154 3821 1503 3887; x_wconf 78' lang='grc' dir='ltr'>φρονήματος</span> <span class='ocrx_word' id='word_1_289' title='bbox 1543 3819 1818 3871; x_wconf 85' lang='grc' dir='ltr'>κατάστα-</span> 
     </span>
    </p>
   </div>
   <div class='ocr_carea' id='block_1_40' title="bbox 239 3907 1817 3983">
    <p class='ocr_par' dir='ltr' id='par_1_40' title="bbox 239 3907 1817 3983">
     <span class='ocr_line' id='line_1_40' title="bbox 239 3907 1817 3983; baseline -0.002 -18"><span class='ocrx_word' id='word_1_290' title='bbox 239 3930 342 3967; x_wconf 82' lang='grc' dir='ltr'>σιν’</span> <span class='ocrx_word' id='word_1_291' title='bbox 379 3911 507 3966; x_wconf 74' lang='grc' dir='ltr'>καθ’</span> <span class='ocrx_word' id='word_1_292' title='bbox 535 3914 602 3983; x_wconf 78' lang='grc' dir='ltr'>ἣν</span> <span class='ocrx_word' id='word_1_293' title='bbox 628 3913 684 3965; x_wconf 82' lang='grc' dir='ltr'>ὲν</span> <span class='ocrx_word' id='word_1_294' title='bbox 708 3913 839 3982; x_wconf 75' lang='grc' dir='ltr'>ἡμῖν</span> <span class='ocrx_word' id='word_1_295' title='bbox 882 3911 910 3962; x_wconf 88' lang='grc' dir='ltr'>ὁ</span> <span class='ocrx_word' id='word_1_296' title='bbox 944 3909 1036 3963; x_wconf 83' lang='grc' dir='ltr'>τοῦ</span> <span class='ocrx_word' id='word_1_297' title='bbox 1077 3907 1213 3962; x_wconf 82' lang='grc' dir='ltr'>Θεοῦ</span> <span class='ocrx_word' id='word_1_298' title='bbox 1247 3909 1461 3975; x_wconf 87' lang='grc' dir='ltr'>γίνεται</span> <span class='ocrx_word' id='word_1_299' title='bbox 1500 3908 1689 3976; x_wconf 83' lang='grc' dir='ltr'>Λόγος,</span> <span class='ocrx_word' id='word_1_300' title='bbox 1704 3909 1817 3979; x_wconf 65' lang='grc' dir='ltr'>πῆς</span> 
     </span>
    </p>
   </div>
   <div class='ocr_carea' id='block_1_41' title="bbox 237 4000 1810 4077">
    <p class='ocr_par' dir='ltr' id='par_1_41' title="bbox 237 4000 1810 4077">
     <span class='ocr_line' id='line_1_41' title="bbox 237 4000 1810 4077; baseline -0.003 -17"><span class='ocrx_word' id='word_1_301' title='bbox 237 4006 376 4077; x_wconf 78' lang='grc' dir='ltr'>πρὸς</span> <span class='ocrx_word' id='word_1_302' title='bbox 404 4005 475 4058; x_wconf 76' lang='grc' dir='ltr'>τὰ</span> <span class='ocrx_word' id='word_1_303' title='bbox 499 4005 644 4073; x_wconf 79' lang='grc' dir='ltr'>πάθη</span> <span class='ocrx_word' id='word_1_304' title='bbox 684 4003 779 4056; x_wconf 66' lang='grc' dir='ltr'>καὶ</span> <span class='ocrx_word' id='word_1_305' title='bbox 806 4002 929 4064; x_wconf 85' lang='grc' dir='ltr'>τοὺς</span> <span class='ocrx_word' id='word_1_306' title='bbox 956 4000 1218 4070; x_wconf 82' lang='grc' dir='ltr'>δαίμονας</span> <span class='ocrx_word' id='word_1_307' title='bbox 1263 4001 1444 4070; x_wconf 82' lang='grc' dir='ltr'>μάχης</span> <span class='ocrx_word' id='word_1_308' title='bbox 1477 4001 1810 4071; x_wconf 86' lang='grc' dir='ltr'>παυόμενος.</span> 
     </span>
    </p>
   </div>
   <div class='ocr_carea' id='block_1_42' title="bbox 308 4089 1818 4165">
    <p class='ocr_par' dir='ltr' id='par_1_42' title="bbox 308 4089 1818 4165">
     <span class='ocr_line' id='line_1_42' title="bbox 308 4089 1818 4165; baseline -0.005 -14"><span class='ocrx_word' id='word_1_309' title='bbox 308 4095 411 4165; x_wconf 63' lang='grc' dir='ltr'>ιιεν.</span> <span class='ocrx_word' id='word_1_310' title='bbox 454 4096 513 4149; x_wconf 87' lang='lat'><strong>&#39;0</strong></span> <span class='ocrx_word' id='word_1_311' title='bbox 553 4093 805 4163; x_wconf 63' lang='grc' dir='ltr'>δυνηθεὶς</span> <span class='ocrx_word' id='word_1_312' title='bbox 841 4091 1114 4162; x_wconf 82' lang='grc' dir='ltr'>νεκρῶσαι</span> <span class='ocrx_word' id='word_1_313' title='bbox 1163 4091 1250 4144; x_wconf 82' lang='grc' dir='ltr'>διὰ</span> <span class='ocrx_word' id='word_1_314' title='bbox 1294 4089 1547 4159; x_wconf 81' lang='grc' dir='ltr'>πράξεως</span> <span class='ocrx_word' id='word_1_315' title='bbox 1583 4091 1652 4144; x_wconf 79' lang='grc' dir='ltr'><strong>τὰ</strong></span> <span class='ocrx_word' id='word_1_316' title='bbox 1680 4091 1818 4163; x_wconf 88' lang='grc' dir='ltr'>μέλη</span> 
     </span>
    </p>
   </div>
   <div class='ocr_carea' id='block_1_43' title="bbox 234 4182 1820 4256">
    <p class='ocr_par' dir='ltr' id='par_1_43' title="bbox 234 4182 1820 4256">
     <span class='ocr_line' id='line_1_43' title="bbox 234 4182 1820 4256; baseline -0.003 -14"><span class='ocrx_word' id='word_1_317' title='bbox 234 4189 306 4245; x_wconf 80' lang='grc' dir='ltr'>τὰ</span> <span class='ocrx_word' id='word_1_318' title='bbox 336 4191 432 4244; x_wconf 76' lang='grc' dir='ltr'>ἐπὶ</span> <span class='ocrx_word' id='word_1_319' title='bbox 472 4188 574 4256; x_wconf 81' lang='grc' dir='ltr'><strong>τῆς</strong></span> <span class='ocrx_word' id='word_1_320' title='bbox 611 4187 732 4255; x_wconf 81' lang='grc' dir='ltr'>γῆς,</span> <span class='ocrx_word' id='word_1_321' title='bbox 753 4185 847 4238; x_wconf 75' lang='grc' dir='ltr'><strong>καὶ</strong></span> <span class='ocrx_word' id='word_1_322' title='bbox 880 4184 1103 4251; x_wconf 77' lang='grc' dir='ltr'>νικῆσαι</span> <span class='ocrx_word' id='word_1_323' title='bbox 1134 4183 1221 4236; x_wconf 67' lang='grc' dir='ltr'><strong>διὰ</strong></span> <span class='ocrx_word' id='word_1_324' title='bbox 1246 4182 1342 4236; x_wconf 81' lang='grc' dir='ltr'>τοῦ</span> <span class='ocrx_word' id='word_1_325' title='bbox 1384 4183 1560 4251; x_wconf 87' lang='grc' dir='ltr'>Λόγου</span> <span class='ocrx_word' id='word_1_326' title='bbox 1595 4185 1702 4236; x_wconf 86' lang='grc' dir='ltr'><strong>τῶν</strong></span> <span class='ocrx_word' id='word_1_327' title='bbox 1735 4187 1820 4238; x_wconf 56' lang='lat' dir='ltr'><strong>iv-</strong></span> 
     </span>
    </p>
   </div>
   <div class='ocr_carea' id='block_1_44' title="bbox 236 4275 1820 4346">
    <p class='ocr_par' dir='ltr' id='par_1_44' title="bbox 236 4275 1820 4346">
     <span class='ocr_line' id='line_1_44' title="bbox 236 4275 1820 4346; baseline -0.003 -12"><span class='ocrx_word' id='word_1_328' title='bbox 236 4281 407 4334; x_wconf 81' lang='grc' dir='ltr'>τολῶν</span> <span class='ocrx_word' id='word_1_329' title='bbox 440 4279 532 4331; x_wconf 79' lang='grc' dir='ltr'><strong>τὸν</strong></span> <span class='ocrx_word' id='word_1_330' title='bbox 559 4279 615 4330; x_wconf 85' lang='grc' dir='ltr'>ὲν</span> <span class='ocrx_word' id='word_1_331' title='bbox 643 4276 791 4346; x_wconf 87' lang='grc' dir='ltr'>αὐτῷ</span> <span class='ocrx_word' id='word_1_332' title='bbox 821 4275 930 4329; x_wconf 87' lang='grc' dir='ltr'><strong>τῶν</strong></span> <span class='ocrx_word' id='word_1_333' title='bbox 963 4275 1149 4328; x_wconf 87' lang='grc' dir='ltr'>παθῶν</span> <span class='ocrx_word' id='word_1_334' title='bbox 1185 4276 1409 4344; x_wconf 87' lang='grc' dir='ltr'>κόσμον,</span> <span class='ocrx_word' id='word_1_335' title='bbox 1432 4275 1685 4346; x_wconf 78' lang='grc' dir='ltr'>οὐδεμίαν</span> <span class='ocrx_word' id='word_1_336' title='bbox 1709 4276 1820 4340; x_wconf 77' lang='grc' dir='ltr'>ἔξει</span> 
     </span>
    </p>
   </div>
   <div class='ocr_carea' id='block_1_45' title="bbox 237 4365 1821 4439">
    <p class='ocr_par' dir='ltr' id='par_1_45' title="bbox 237 4365 1821 4439">
     <span class='ocr_line' id='line_1_45' title="bbox 237 4365 1821 4439; baseline -0.002 -14"><span class='ocrx_word' id='word_1_337' title='bbox 237 4372 426 4425; x_wconf 82' lang='grc' dir='ltr'>λοιπὸν</span> <span class='ocrx_word' id='word_1_338' title='bbox 457 4369 668 4439; x_wconf 70' lang='grc' dir='ltr'>θλίψιν·</span> <span class='ocrx_word' id='word_1_339' title='bbox 699 4367 792 4421; x_wconf 82' lang='grc' dir='ltr'><strong>τὸν</strong></span> <span class='ocrx_word' id='word_1_340' title='bbox 829 4367 1034 4437; x_wconf 88' lang='grc' dir='ltr'>κόσμον</span> <span class='ocrx_word' id='word_1_341' title='bbox 1076 4366 1241 4429; x_wconf 77' lang='grc' dir='ltr'>ἐάσας</span> <span class='ocrx_word' id='word_1_342' title='bbox 1296 4365 1416 4436; x_wconf 73' lang='grc' dir='ltr'>ἤδη,</span> <span class='ocrx_word' id='word_1_343' title='bbox 1450 4367 1541 4418; x_wconf 86' lang='grc' dir='ltr'><strong>καί</strong></span> <span class='ocrx_word' id='word_1_344' title='bbox 1588 4369 1646 4420; x_wconf 87' lang='grc' dir='ltr'><strong>έν</strong></span> <span class='ocrx_word' id='word_1_345' title='bbox 1686 4370 1821 4439; x_wconf 87' lang='grc' dir='ltr'>Χρι-</span> 
     </span>
    </p>
   </div>
   <div class='ocr_carea' id='block_1_46' title="bbox 242 4457 1820 4536">
    <p class='ocr_par' dir='ltr' id='par_1_46' title="bbox 242 4457 1820 4536">
     <span class='ocr_line' id='line_1_46' title="bbox 242 4457 1820 4536; baseline -0.001 -21"><span class='ocrx_word' id='word_1_346' title='bbox 242 4464 354 4536; x_wconf 82' lang='grc' dir='ltr'>στῷ</span> <span class='ocrx_word' id='word_1_347' title='bbox 384 4460 771 4531; x_wconf 75' lang='grc' dir='ltr'>γεγενημένος,</span> <span class='ocrx_word' id='word_1_348' title='bbox 803 4459 879 4530; x_wconf 79' lang='grc' dir='ltr'>τῷ</span> <span class='ocrx_word' id='word_1_349' title='bbox 903 4460 994 4512; x_wconf 82' lang='grc' dir='ltr'><strong>τὸν</strong></span> <span class='ocrx_word' id='word_1_350' title='bbox 1025 4459 1228 4528; x_wconf 86' lang='grc' dir='ltr'>κόσμον</span> <span class='ocrx_word' id='word_1_351' title='bbox 1259 4457 1539 4526; x_wconf 84' lang='grc' dir='ltr'>νικήσαντι</span> <span class='ocrx_word' id='word_1_352' title='bbox 1571 4457 1680 4512; x_wconf 89' lang='grc' dir='ltr'><strong>τῶν</strong></span> <span class='ocrx_word' id='word_1_353' title='bbox 1715 4477 1820 4513; x_wconf 84' lang='grc' dir='ltr'>παο</span> 
     </span>
    </p>
   </div>
   <div class='ocr_carea' id='block_1_47' title="bbox 1918 625 3499 706">
    <p class='ocr_par' dir='ltr' id='par_1_47' title="bbox 1918 625 3499 706">
     <span class='ocr_line' id='line_1_47' title="bbox 1918 625 3499 706; baseline 0.009 -26"><span class='ocrx_word' id='word_1_354' title='bbox 1918 625 2149 683; x_wconf 85' lang='lat' dir='ltr'><strong>all‘cctus</strong></span> <span class='ocrx_word' id='word_1_355' title='bbox 2170 627 2524 684; x_wconf 76' lang='lat' dir='ltr'><strong>necessitudo</strong></span> <span class='ocrx_word' id='word_1_356' title='bbox 2547 629 2910 700; x_wconf 79' lang='lat' dir='ltr'><strong>signiﬁcetur.</strong></span> <span class='ocrx_word' id='word_1_357' title='bbox 2945 634 3185 706; x_wconf 83' lang='lat' dir='ltr'><strong>Regnum</strong></span> <span class='ocrx_word' id='word_1_358' title='bbox 3206 639 3354 692; x_wconf 86' lang='lat' dir='ltr'><strong>enim</strong></span> <span class='ocrx_word' id='word_1_359' title='bbox 3383 641 3499 706; x_wconf 74' lang='lat' dir='ltr'><strong>Dei,</strong></span> 
     </span>
    </p>
   </div>
   <div class='ocr_carea' id='block_1_48' title="bbox 1918 718 2614 788">
    <p class='ocr_par' dir='ltr' id='par_1_48' title="bbox 1918 718 2614 788">
     <span class='ocr_line' id='line_1_48' title="bbox 1918 718 2614 788; baseline 0.003 -17"><span class='ocrx_word' id='word_1_360' title='bbox 1918 718 2119 788; x_wconf 90' lang='lat' dir='ltr'><strong>inquit,</strong></span> <span class='ocrx_word' id='word_1_361' title='bbox 2151 720 2292 773; x_wconf 86' lang='lat' dir='ltr'><strong>intra</strong></span> <span class='ocrx_word' id='word_1_362' title='bbox 2314 735 2402 773; x_wconf 89' lang='lat' dir='ltr'><strong>vos</strong></span> <span class='ocrx_word' id='word_1_363' title='bbox 2440 728 2516 772; x_wconf 83' lang='lat' dir='ltr'><strong>est</strong></span> <span class='ocrx_word' id='word_1_364' title='bbox 2549 719 2614 773; x_wconf 62' lang='lat'><strong>‘9.</strong></span> 
     </span>
    </p>
   </div>
   <div class='ocr_carea' id='block_1_49' title="bbox 1987 809 3500 890">
    <p class='ocr_par' dir='ltr' id='par_1_49' title="bbox 1987 809 3500 890">
     <span class='ocr_line' id='line_1_49' title="bbox 1987 809 3500 890; baseline 0.008 -26"><span class='ocrx_word' id='word_1_365' title='bbox 1987 809 2076 864; x_wconf 75' lang='lat'><strong>92.</strong></span> <span class='ocrx_word' id='word_1_366' title='bbox 2110 810 2204 864; x_wconf 85' lang='lat' dir='ltr'><strong>Dei</strong></span> <span class='ocrx_word' id='word_1_367' title='bbox 2229 827 2292 866; x_wconf 87' lang='lat' dir='ltr'><strong>ac</strong></span> <span class='ocrx_word' id='word_1_368' title='bbox 2319 812 2496 867; x_wconf 92' lang='lat' dir='ltr'><strong>Patris</strong></span> <span class='ocrx_word' id='word_1_369' title='bbox 2529 829 2780 885; x_wconf 79' lang='lat' dir='ltr'><strong>regnum,</strong></span> <span class='ocrx_word' id='word_1_370' title='bbox 2815 818 3064 886; x_wconf 85' lang='lat' dir='ltr'><strong>potentia</strong></span> <span class='ocrx_word' id='word_1_371' title='bbox 3090 816 3252 888; x_wconf 82' lang='lat'><strong>509</strong></span> <span class='ocrx_word' id='word_1_372' title='bbox 3278 821 3500 890; x_wconf 78' lang='lat' dir='ltr'><strong>quidem</strong></span> 
     </span>
    </p>
   </div>
   <div class='ocr_carea' id='block_1_50' title="bbox 1923 901 3505 980">
    <p class='ocr_par' dir='ltr' id='par_1_50' title="bbox 1923 901 3505 980">
     <span class='ocr_line' id='line_1_50' title="bbox 1923 901 3505 980; baseline 0.008 -26"><span class='ocrx_word' id='word_1_373' title='bbox 1923 901 1977 954; x_wconf 90' lang='lat' dir='ltr'><strong>in</strong></span> <span class='ocrx_word' id='word_1_374' title='bbox 2029 902 2248 957; x_wconf 89' lang='lat' dir='ltr'><strong>cunctis</strong></span> <span class='ocrx_word' id='word_1_375' title='bbox 2280 901 2538 960; x_wconf 85' lang='lat' dir='ltr'><strong>ﬁdelibus</strong></span> <span class='ocrx_word' id='word_1_376' title='bbox 2567 913 2650 961; x_wconf 90' lang='lat' dir='ltr'><strong>est</strong></span> <span class='ocrx_word' id='word_1_377' title='bbox 2673 925 2685 974; x_wconf 91' lang='lat'><strong>;</strong></span> <span class='ocrx_word' id='word_1_378' title='bbox 2711 916 2836 961; x_wconf 90' lang='lat' dir='ltr'><strong>actu</strong></span> <span class='ocrx_word' id='word_1_379' title='bbox 2871 923 3024 972; x_wconf 89' lang='lat' dir='ltr'><strong>vero,</strong></span> <span class='ocrx_word' id='word_1_380' title='bbox 3056 909 3111 962; x_wconf 89' lang='lat' dir='ltr'><strong>in</strong></span> <span class='ocrx_word' id='word_1_381' title='bbox 3148 911 3258 964; x_wconf 82' lang='lat' dir='ltr'><strong>illis</strong></span> <span class='ocrx_word' id='word_1_382' title='bbox 3286 913 3378 980; x_wconf 86' lang='lat' dir='ltr'><strong>qui</strong></span> <span class='ocrx_word' id='word_1_383' title='bbox 3410 929 3505 966; x_wconf 90' lang='lat' dir='ltr'><strong>na-</strong></span> 
     </span>
    </p>
   </div>
   <div class='ocr_carea' id='block_1_51' title="bbox 1919 995 3504 1070">
    <p class='ocr_par' dir='ltr' id='par_1_51' title="bbox 1919 995 3504 1070">
     <span class='ocr_line' id='line_1_51' title="bbox 1919 995 3504 1070; baseline 0.008 -23"><span class='ocrx_word' id='word_1_384' title='bbox 1919 995 2081 1049; x_wconf 79' lang='lat' dir='ltr'><strong>turali</strong></span> <span class='ocrx_word' id='word_1_385' title='bbox 2132 996 2281 1049; x_wconf 91' lang='lat' dir='ltr'><strong>omni</strong></span> <span class='ocrx_word' id='word_1_386' title='bbox 2339 997 2508 1050; x_wconf 87' lang='lat' dir='ltr'><strong>animi</strong></span> <span class='ocrx_word' id='word_1_387' title='bbox 2562 999 2920 1070; x_wconf 81' lang='lat' dir='ltr'><strong>corporisque</strong></span> <span class='ocrx_word' id='word_1_388' title='bbox 2961 1001 3071 1055; x_wconf 79' lang='lat' dir='ltr'><strong>vita</strong></span> <span class='ocrx_word' id='word_1_389' title='bbox 3107 1002 3302 1058; x_wconf 70' lang='lat' dir='ltr'><strong>aﬂ‘cctu</strong></span> <span class='ocrx_word' id='word_1_390' title='bbox 3353 1007 3504 1060; x_wconf 84' lang='lat' dir='ltr'><strong>omni</strong></span> 
     </span>
    </p>
   </div>
   <div class='ocr_carea' id='block_1_52' title="bbox 1918 1086 3503 1168">
    <p class='ocr_par' dir='ltr' id='par_1_52' title="bbox 1918 1086 3503 1168">
     <span class='ocr_line' id='line_1_52' title="bbox 1918 1086 3503 1168; baseline 0.009 -29"><span class='ocrx_word' id='word_1_391' title='bbox 1918 1086 2153 1156; x_wconf 88' lang='lat' dir='ltr'><strong>abjecta,</strong></span> <span class='ocrx_word' id='word_1_392' title='bbox 2177 1087 2482 1156; x_wconf 82' lang='lat' dir='ltr'><strong>spiritalem</strong></span> <span class='ocrx_word' id='word_1_393' title='bbox 2503 1089 2771 1145; x_wconf 76' lang='lat' dir='ltr'><strong>duntaxat</strong></span> <span class='ocrx_word' id='word_1_394' title='bbox 2787 1093 2934 1147; x_wconf 89' lang='lat' dir='ltr'><strong>nacti</strong></span> <span class='ocrx_word' id='word_1_395' title='bbox 2961 1104 3126 1161; x_wconf 87' lang='lat' dir='ltr'><strong>sunt;</strong></span> <span class='ocrx_word' id='word_1_396' title='bbox 3162 1109 3503 1168; x_wconf 83' lang='lat' dir='ltr'><strong>possuntque</strong></span> 
     </span>
    </p>
   </div>
   <div class='ocr_carea' id='block_1_53' title="bbox 1918 1178 3562 1255">
    <p class='ocr_par' dir='ltr' id='par_1_53' title="bbox 1918 1178 3562 1255">
     <span class='ocr_line' id='line_1_53' title="bbox 1918 1178 3562 1255; baseline 0.007 -23"><span class='ocrx_word' id='word_1_397' title='bbox 1918 1178 2142 1236; x_wconf 86' lang='lat' dir='ltr'><strong>dicere:</strong></span> <span class='ocrx_word' id='word_1_398' title='bbox 2189 1179 2308 1234; x_wconf 87' lang='lat' dir='ltr'><strong>Vivo</strong></span> <span class='ocrx_word' id='word_1_399' title='bbox 2337 1198 2466 1252; x_wconf 86' lang='lat' dir='ltr'><strong>ego;</strong></span> <span class='ocrx_word' id='word_1_400' title='bbox 2491 1183 2613 1252; x_wconf 90' lang='lat' dir='ltr'><strong>jam</strong></span> <span class='ocrx_word' id='word_1_401' title='bbox 2654 1200 2755 1236; x_wconf 86' lang='lat' dir='ltr'><strong>non</strong></span> <span class='ocrx_word' id='word_1_402' title='bbox 2790 1200 2881 1255; x_wconf 86' lang='lat' dir='ltr'><strong>ego</strong></span> <span class='ocrx_word' id='word_1_403' title='bbox 2905 1202 2923 1239; x_wconf 93' lang='lat'><strong><em>:</em></strong></span> <span class='ocrx_word' id='word_1_404' title='bbox 2963 1187 3088 1240; x_wconf 79' lang='lat' dir='ltr'><strong>vivit</strong></span> <span class='ocrx_word' id='word_1_405' title='bbox 3121 1197 3296 1242; x_wconf 87' lang='lat' dir='ltr'><strong>autem</strong></span> <span class='ocrx_word' id='word_1_406' title='bbox 3331 1192 3386 1244; x_wconf 87' lang='lat' dir='ltr'><strong>in</strong></span> <span class='ocrx_word' id='word_1_407' title='bbox 3424 1207 3505 1244; x_wconf 89' lang='lat' dir='ltr'><strong>me</strong></span> <span class='ocrx_word' id='word_1_408' title='bbox 3556 1247 3562 1254; x_wconf 62' lang='grc'><strong>,</strong></span> 
     </span>
    </p>
   </div>
   <div class='ocr_carea' id='block_1_54' title="bbox 1920 1266 2251 1322">
    <p class='ocr_par' dir='ltr' id='par_1_54' title="bbox 1920 1266 2251 1322">
     <span class='ocr_line' id='line_1_54' title="bbox 1920 1266 2251 1322; baseline 0.003 -1"><span class='ocrx_word' id='word_1_409' title='bbox 1920 1266 2158 1322; x_wconf 76' lang='lat' dir='ltr'><strong>Christus</strong></span> <span class='ocrx_word' id='word_1_410' title='bbox 2183 1268 2251 1322; x_wconf 77' lang='lat'><strong>°°.</strong></span> 
     </span>
    </p>
   </div>
   <div class='ocr_carea' id='block_1_55' title="bbox 1989 1465 3502 1546">
    <p class='ocr_par' dir='ltr' id='par_1_55' title="bbox 1989 1465 3502 1546">
     <span class='ocr_line' id='line_1_55' title="bbox 1989 1465 3502 1546; baseline 0.007 -25"><span class='ocrx_word' id='word_1_411' title='bbox 1989 1465 2076 1521; x_wconf 79' lang='lat'><strong>95.</strong></span> <span class='ocrx_word' id='word_1_412' title='bbox 2108 1465 2354 1538; x_wconf 83' lang='lat' dir='ltr'><strong>Regnum</strong></span> <span class='ocrx_word' id='word_1_413' title='bbox 2383 1469 2650 1524; x_wconf 69' lang='lat' dir='ltr'><strong>caelorum</strong></span> <span class='ocrx_word' id='word_1_414' title='bbox 2678 1473 2901 1542; x_wconf 86' lang='lat' dir='ltr'><strong>quidam</strong></span> <span class='ocrx_word' id='word_1_415' title='bbox 2933 1490 3056 1530; x_wconf 90' lang='lat' dir='ltr'><strong>esse</strong></span> <span class='ocrx_word' id='word_1_416' title='bbox 3099 1476 3312 1543; x_wconf 87' lang='lat' dir='ltr'><strong>dicunt,</strong></span> <span class='ocrx_word' id='word_1_417' title='bbox 3337 1493 3502 1546; x_wconf 87' lang='lat' dir='ltr'><strong>quam</strong></span> 
     </span>
    </p>
   </div>
   <div class='ocr_carea' id='block_1_56' title="bbox 1919 1555 3497 1641">
    <p class='ocr_par' dir='ltr' id='par_1_56' title="bbox 1919 1555 3497 1641">
     <span class='ocr_line' id='line_1_56' title="bbox 1919 1555 3497 1641; baseline 0.01 -32"><span class='ocrx_word' id='word_1_418' title='bbox 1919 1555 1976 1610; x_wconf 93' lang='lat' dir='ltr'><strong>in</strong></span> <span class='ocrx_word' id='word_1_419' title='bbox 2005 1557 2161 1611; x_wconf 76' lang='lat' dir='ltr'><strong>cmlis</strong></span> <span class='ocrx_word' id='word_1_420' title='bbox 2205 1557 2355 1628; x_wconf 84' lang='lat' dir='ltr'><strong>digni</strong></span> <span class='ocrx_word' id='word_1_421' title='bbox 2389 1566 2554 1630; x_wconf 91' lang='lat' dir='ltr'><strong>atque</strong></span> <span class='ocrx_word' id='word_1_422' title='bbox 2598 1561 2761 1618; x_wconf 89' lang='lat' dir='ltr'><strong>electi</strong></span> <span class='ocrx_word' id='word_1_423' title='bbox 2819 1565 2940 1620; x_wconf 61' lang='lat' dir='ltr'><strong>vitae</strong></span> <span class='ocrx_word' id='word_1_424' title='bbox 2986 1568 3255 1623; x_wconf 86' lang='lat' dir='ltr'><strong>rationem</strong></span> <span class='ocrx_word' id='word_1_425' title='bbox 3299 1579 3497 1641; x_wconf 80' lang='lat' dir='ltr'><strong>agunt;</strong></span> 
     </span>
    </p>
   </div>
   <div class='ocr_carea' id='block_1_57' title="bbox 1919 1649 3504 1734">
    <p class='ocr_par' dir='ltr' id='par_1_57' title="bbox 1919 1649 3504 1734">
     <span class='ocr_line' id='line_1_57' title="bbox 1919 1649 3504 1734; baseline 0.012 -32"><span class='ocrx_word' id='word_1_426' title='bbox 1919 1649 2031 1713; x_wconf 88' lang='lat' dir='ltr'><strong>alii,</strong></span> <span class='ocrx_word' id='word_1_427' title='bbox 2063 1663 2259 1704; x_wconf 89' lang='lat' dir='ltr'><strong>eorum</strong></span> <span class='ocrx_word' id='word_1_428' title='bbox 2286 1651 2380 1721; x_wconf 90' lang='lat' dir='ltr'><strong>qui</strong></span> <span class='ocrx_word' id='word_1_429' title='bbox 2418 1653 2653 1708; x_wconf 85' lang='lat' dir='ltr'><strong>salutem</strong></span> <span class='ocrx_word' id='word_1_430' title='bbox 2689 1666 3109 1726; x_wconf 87' lang='lat' dir='ltr'><strong>consequuntur</strong></span> <span class='ocrx_word' id='word_1_431' title='bbox 3161 1663 3369 1733; x_wconf 84' lang='lat' dir='ltr'><strong>angelis</strong></span> <span class='ocrx_word' id='word_1_432' title='bbox 3407 1681 3504 1734; x_wconf 87' lang='lat' dir='ltr'><strong>pa-</strong></span> 
     </span>
    </p>
   </div>
   <div class='ocr_carea' id='block_1_58' title="bbox 1919 1743 3504 1817">
    <p class='ocr_par' dir='ltr' id='par_1_58' title="bbox 1919 1743 3504 1817">
     <span class='ocr_line' id='line_1_58' title="bbox 1919 1743 3504 1817; baseline 0.011 -25"><span class='ocrx_word' id='word_1_433' title='bbox 1919 1755 2035 1795; x_wconf 88' lang='lat' dir='ltr'><strong>rem</strong></span> <span class='ocrx_word' id='word_1_434' title='bbox 2068 1749 2305 1810; x_wconf 87' lang='lat' dir='ltr'><strong>statum;</strong></span> <span class='ocrx_word' id='word_1_435' title='bbox 2339 1743 2433 1797; x_wconf 91' lang='lat' dir='ltr'><strong>alii</strong></span> <span class='ocrx_word' id='word_1_436' title='bbox 2458 1744 2731 1816; x_wconf 91' lang='lat' dir='ltr'><strong>denique,</strong></span> <span class='ocrx_word' id='word_1_437' title='bbox 2797 1747 2972 1817; x_wconf 87' lang='lat' dir='ltr'><strong>ipsam</strong></span> <span class='ocrx_word' id='word_1_438' title='bbox 3017 1749 3252 1807; x_wconf 85' lang='lat' dir='ltr'><strong>formam</strong></span> <span class='ocrx_word' id='word_1_439' title='bbox 3300 1754 3504 1810; x_wconf 80' lang='lat' dir='ltr'><strong>divinze</strong></span> 
     </span>
    </p>
   </div>
   <div class='ocr_carea' id='block_1_59' title="bbox 1919 1832 3499 1916">
    <p class='ocr_par' dir='ltr' id='par_1_59' title="bbox 1919 1832 3499 1916">
     <span class='ocr_line' id='line_1_59' title="bbox 1919 1832 3499 1916; baseline 0.01 -32"><span class='ocrx_word' id='word_1_440' title='bbox 1919 1832 2374 1900; x_wconf 86' lang='lat' dir='ltr'><strong>pulchritudinis,</strong></span> <span class='ocrx_word' id='word_1_441' title='bbox 2402 1850 2619 1902; x_wconf 92' lang='lat' dir='ltr'><strong>eorum,</strong></span> <span class='ocrx_word' id='word_1_442' title='bbox 2645 1837 2739 1904; x_wconf 88' lang='lat' dir='ltr'><strong>qui</strong></span> <span class='ocrx_word' id='word_1_443' title='bbox 2769 1838 3027 1896; x_wconf 75' lang='lat' dir='ltr'><strong>lecstis</strong></span> <span class='ocrx_word' id='word_1_444' title='bbox 3050 1843 3342 1914; x_wconf 82' lang='lat' dir='ltr'><strong>imaginem</strong></span> <span class='ocrx_word' id='word_1_445' title='bbox 3370 1862 3499 1916; x_wconf 90' lang='lat' dir='ltr'><strong>por-</strong></span> 
     </span>
    </p>
   </div>
   <div class='ocr_carea' id='block_1_60' title="bbox 1921 1923 3499 2002">
    <p class='ocr_par' dir='ltr' id='par_1_60' title="bbox 1921 1923 3499 2002">
     <span class='ocr_line' id='line_1_60' title="bbox 1921 1923 3499 2002; baseline 0.01 -26"><span class='ocrx_word' id='word_1_446' title='bbox 1921 1930 2040 1978; x_wconf 88' lang='lat' dir='ltr'><strong>tant</strong></span> <span class='ocrx_word' id='word_1_447' title='bbox 2061 1923 2128 1976; x_wconf 84' lang='grc'><strong>⁶¹.</strong></span> <span class='ocrx_word' id='word_1_448' title='bbox 2163 1923 2530 1981; x_wconf 88' lang='lat' dir='ltr'><strong>Consentiunt</strong></span> <span class='ocrx_word' id='word_1_449' title='bbox 2551 1936 2757 1995; x_wconf 88' lang='lat' dir='ltr'><strong>autem,</strong></span> <span class='ocrx_word' id='word_1_450' title='bbox 2821 1940 2880 1985; x_wconf 94' lang='lat' dir='ltr'><strong>ut</strong></span> <span class='ocrx_word' id='word_1_451' title='bbox 2933 1928 3156 2002; x_wconf 84' lang='lat' dir='ltr'><strong>quidem</strong></span> <span class='ocrx_word' id='word_1_452' title='bbox 3207 1937 3499 2002; x_wconf 84' lang='lat' dir='ltr'><strong>existimo,</strong></span> 
     </span>
    </p>
   </div>
   <div class='ocr_carea' id='block_1_61' title="bbox 1920 2018 3503 2086">
    <p class='ocr_par' dir='ltr' id='par_1_61' title="bbox 1920 2018 3503 2086">
     <span class='ocr_line' id='line_1_61' title="bbox 1920 2018 3503 2086; baseline 0.009 -18"><span class='ocrx_word' id='word_1_453' title='bbox 1920 2023 2336 2086; x_wconf 87' lang='lat' dir='ltr'><strong>consonantque</strong></span> <span class='ocrx_word' id='word_1_454' title='bbox 2384 2018 2604 2073; x_wconf 84' lang='lat' dir='ltr'><strong>veritati</strong></span> <span class='ocrx_word' id='word_1_455' title='bbox 2650 2028 2760 2075; x_wconf 89' lang='lat' dir='ltr'><strong>tres</strong></span> <span class='ocrx_word' id='word_1_456' title='bbox 2792 2021 2897 2075; x_wconf 70' lang='lat' dir='ltr'><strong>illae</strong></span> <span class='ocrx_word' id='word_1_457' title='bbox 2929 2023 3240 2078; x_wconf 76' lang='lat' dir='ltr'><strong>sententiae.</strong></span> <span class='ocrx_word' id='word_1_458' title='bbox 3273 2025 3503 2082; x_wconf 81' lang='lat' dir='ltr'><strong>Cunctis</strong></span> 
     </span>
    </p>
   </div>
   <div class='ocr_carea' id='block_1_62' title="bbox 1919 2106 3499 2184">
    <p class='ocr_par' dir='ltr' id='par_1_62' title="bbox 1919 2106 3499 2184">
     <span class='ocr_line' id='line_1_62' title="bbox 1919 2106 3499 2184; baseline 0.009 -26"><span class='ocrx_word' id='word_1_459' title='bbox 1919 2106 2089 2172; x_wconf 88' lang='lat' dir='ltr'><strong>enim,</strong></span> <span class='ocrx_word' id='word_1_460' title='bbox 2115 2123 2217 2177; x_wconf 93' lang='lat' dir='ltr'><strong>pro</strong></span> <span class='ocrx_word' id='word_1_461' title='bbox 2251 2117 2367 2163; x_wconf 88' lang='lat' dir='ltr'><strong>rata</strong></span> <span class='ocrx_word' id='word_1_462' title='bbox 2397 2109 2647 2180; x_wconf 65' lang='lat' dir='ltr'><strong>iustitiae,</strong></span> <span class='ocrx_word' id='word_1_463' title='bbox 2675 2128 2784 2182; x_wconf 91' lang='lat' dir='ltr'><strong>qua</strong></span> <span class='ocrx_word' id='word_1_464' title='bbox 2815 2113 3053 2184; x_wconf 89' lang='lat' dir='ltr'><strong>quisque</strong></span> <span class='ocrx_word' id='word_1_465' title='bbox 3091 2116 3357 2184; x_wconf 63' lang='lat' dir='ltr'><strong>prseditus</strong></span> <span class='ocrx_word' id='word_1_466' title='bbox 3383 2126 3465 2172; x_wconf 87' lang='lat' dir='ltr'><strong>est</strong></span> <span class='ocrx_word' id='word_1_467' title='bbox 3486 2161 3499 2182; x_wconf 89' lang='lat'><strong>,</strong></span> 
     </span>
    </p>
   </div>
   <div class='ocr_carea' id='block_1_63' title="bbox 1920 2198 3500 2277">
    <p class='ocr_par' dir='ltr' id='par_1_63' title="bbox 1920 2198 3500 2277">
     <span class='ocr_line' id='line_1_63' title="bbox 1920 2198 3500 2277; baseline 0.01 -28"><span class='ocrx_word' id='word_1_468' title='bbox 1920 2198 2184 2268; x_wconf 84' lang='lat' dir='ltr'><strong>qualitate</strong></span> <span class='ocrx_word' id='word_1_469' title='bbox 2213 2215 2278 2254; x_wconf 90' lang='lat' dir='ltr'><strong>ac</strong></span> <span class='ocrx_word' id='word_1_470' title='bbox 2317 2202 2648 2270; x_wconf 86' lang='lat' dir='ltr'><strong>quantitate,</strong></span> <span class='ocrx_word' id='word_1_471' title='bbox 2679 2203 2880 2259; x_wconf 74' lang='lat' dir='ltr'><strong>futurae</strong></span> <span class='ocrx_word' id='word_1_472' title='bbox 2912 2220 3113 2260; x_wconf 84' lang='lat' dir='ltr'><strong>nmnus</strong></span> <span class='ocrx_word' id='word_1_473' title='bbox 3143 2209 3332 2277; x_wconf 74' lang='lat' dir='ltr'><strong>gratiae</strong></span> <span class='ocrx_word' id='word_1_474' title='bbox 3367 2225 3500 2265; x_wconf 90' lang='lat' dir='ltr'><strong>con-</strong></span> 
     </span>
    </p>
   </div>
   <div class='ocr_carea' id='block_1_64' title="bbox 1832 2285 2116 2344">
    <p class='ocr_par' dir='ltr' id='par_1_64' title="bbox 1832 2285 2116 2344">
     <span class='ocr_line' id='line_1_64' title="bbox 1832 2285 2116 2344; baseline 0.014 -4"><span class='ocrx_word' id='word_1_475' title='bbox 1832 2327 1838 2335; x_wconf 92' lang='lat'><strong>.</strong></span> <span class='ocrx_word' id='word_1_476' title='bbox 1917 2285 2116 2344; x_wconf 82' lang='lat' dir='ltr'><strong>fertur.</strong></span> 
     </span>
    </p>
   </div>
   <div class='ocr_carea' id='block_1_65' title="bbox 1987 2380 3500 2456">
    <p class='ocr_par' dir='ltr' id='par_1_65' title="bbox 1987 2380 3500 2456">
     <span class='ocr_line' id='line_1_65' title="bbox 1987 2380 3500 2456; baseline 0.005 -21"><span class='ocrx_word' id='word_1_477' title='bbox 1987 2381 2076 2436; x_wconf 69' lang='lat'><strong>94.</strong></span> <span class='ocrx_word' id='word_1_478' title='bbox 2109 2380 2362 2448; x_wconf 86' lang='lat' dir='ltr'><strong>Quandiu</strong></span> <span class='ocrx_word' id='word_1_479' title='bbox 2406 2384 2530 2454; x_wconf 91' lang='lat' dir='ltr'><strong>quis</strong></span> <span class='ocrx_word' id='word_1_480' title='bbox 2555 2399 2654 2453; x_wconf 88' lang='lat' dir='ltr'><strong>per</strong></span> <span class='ocrx_word' id='word_1_481' title='bbox 2677 2385 3081 2456; x_wconf 88' lang='lat' dir='ltr'><strong>philosophiam</strong></span> <span class='ocrx_word' id='word_1_482' title='bbox 3132 2387 3335 2442; x_wconf 86' lang='lat' dir='ltr'><strong>actioni</strong></span> <span class='ocrx_word' id='word_1_483' title='bbox 3383 2397 3500 2443; x_wconf 84' lang='lat' dir='ltr'><strong>stu-</strong></span> 
     </span>
    </p>
   </div>
   <div class='ocr_carea' id='block_1_66' title="bbox 1920 2468 3498 2548">
    <p class='ocr_par' dir='ltr' id='par_1_66' title="bbox 1920 2468 3498 2548">
     <span class='ocr_line' id='line_1_66' title="bbox 1920 2468 3498 2548; baseline 0.006 -26"><span class='ocrx_word' id='word_1_484' title='bbox 1920 2468 2164 2537; x_wconf 88' lang='lat' dir='ltr'><strong>dentem,</strong></span> <span class='ocrx_word' id='word_1_485' title='bbox 2209 2471 2395 2525; x_wconf 87' lang='lat' dir='ltr'><strong>divina</strong></span> <span class='ocrx_word' id='word_1_486' title='bbox 2438 2483 2664 2528; x_wconf 87' lang='lat' dir='ltr'><strong>strenue</strong></span> <span class='ocrx_word' id='word_1_487' title='bbox 2694 2475 2996 2529; x_wconf 86' lang='lat' dir='ltr'><strong>certamina</strong></span> <span class='ocrx_word' id='word_1_488' title='bbox 3036 2476 3197 2545; x_wconf 87' lang='lat' dir='ltr'><strong>gerit,</strong></span> <span class='ocrx_word' id='word_1_489' title='bbox 3231 2493 3378 2541; x_wconf 86' lang='lat' dir='ltr'><strong>cum,</strong></span> <span class='ocrx_word' id='word_1_490' title='bbox 3405 2479 3498 2548; x_wconf 85' lang='lat' dir='ltr'><strong>qui</strong></span> 
     </span>
    </p>
   </div>
   <div class='ocr_carea' id='block_1_67' title="bbox 1919 2559 3498 2633">
    <p class='ocr_par' dir='ltr' id='par_1_67' title="bbox 1919 2559 3498 2633">
     <span class='ocr_line' id='line_1_67' title="bbox 1919 2559 3498 2633; baseline 0.006 -21"><span class='ocrx_word' id='word_1_491' title='bbox 1919 2574 1950 2612; x_wconf 86' lang='lat' dir='ltr'><strong>a</strong></span> <span class='ocrx_word' id='word_1_492' title='bbox 1984 2559 2144 2614; x_wconf 88' lang='lat' dir='ltr'><strong>Patre</strong></span> <span class='ocrx_word' id='word_1_493' title='bbox 2159 2561 2331 2615; x_wconf 80' lang='lat' dir='ltr'><strong>exivit</strong></span> <span class='ocrx_word' id='word_1_494' title='bbox 2353 2577 2452 2630; x_wconf 87' lang='lat' dir='ltr'><strong>per</strong></span> <span class='ocrx_word' id='word_1_495' title='bbox 2485 2572 2781 2633; x_wconf 73' lang='lat' dir='ltr'><strong>praecepta,</strong></span> <span class='ocrx_word' id='word_1_496' title='bbox 2813 2575 2868 2618; x_wconf 87' lang='lat' dir='ltr'><strong>et</strong></span> <span class='ocrx_word' id='word_1_497' title='bbox 2900 2565 3052 2619; x_wconf 85' lang='lat' dir='ltr'><strong>venit</strong></span> <span class='ocrx_word' id='word_1_498' title='bbox 3092 2565 3148 2620; x_wconf 92' lang='lat' dir='ltr'><strong>in</strong></span> <span class='ocrx_word' id='word_1_499' title='bbox 3185 2567 3450 2621; x_wconf 89' lang='lat' dir='ltr'><strong>mundum</strong></span> <span class='ocrx_word' id='word_1_500' title='bbox 3483 2607 3498 2632; x_wconf 94' lang='lat'><strong>,</strong></span> 
     </span>
    </p>
   </div>
   <div class='ocr_carea' id='block_1_68' title="bbox 1921 2648 3503 2716">
    <p class='ocr_par' dir='ltr' id='par_1_68' title="bbox 1921 2648 3503 2716">
     <span class='ocr_line' id='line_1_68' title="bbox 1921 2648 3503 2716; baseline 0.008 -14"><span class='ocrx_word' id='word_1_501' title='bbox 1921 2648 2062 2716; x_wconf 90' lang='lat' dir='ltr'><strong>apud</strong></span> <span class='ocrx_word' id='word_1_502' title='bbox 2095 2649 2492 2707; x_wconf 86' lang='lat' dir='ltr'><strong>seSermonem</strong></span> <span class='ocrx_word' id='word_1_503' title='bbox 2520 2655 2751 2710; x_wconf 89' lang='lat' dir='ltr'><strong>detinet.</strong></span> <span class='ocrx_word' id='word_1_504' title='bbox 2789 2657 2892 2712; x_wconf 88' lang='lat' dir='ltr'><strong>Ubi</strong></span> <span class='ocrx_word' id='word_1_505' title='bbox 2928 2666 3112 2713; x_wconf 86' lang='lat' dir='ltr'><strong>autem</strong></span> <span class='ocrx_word' id='word_1_506' title='bbox 3149 2659 3384 2713; x_wconf 85' lang='lat' dir='ltr'><strong>actionis</strong></span> <span class='ocrx_word' id='word_1_507' title='bbox 3408 2659 3503 2714; x_wconf 85' lang='lat' dir='ltr'><strong>ad—</strong></span> 
     </span>
    </p>
   </div>
   <div class='ocr_carea' id='block_1_69' title="bbox 1920 2740 3501 2816">
    <p class='ocr_par' dir='ltr' id='par_1_69' title="bbox 1920 2740 3501 2816">
     <span class='ocr_line' id='line_1_69' title="bbox 1920 2740 3501 2816; baseline 0.009 -25"><span class='ocrx_word' id='word_1_508' title='bbox 1920 2753 2112 2796; x_wconf 88' lang='lat' dir='ltr'><strong>versus</strong></span> <span class='ocrx_word' id='word_1_509' title='bbox 2135 2740 2368 2797; x_wconf 77' lang='lat' dir='ltr'><strong>aﬂ&#39;ectus</strong></span> <span class='ocrx_word' id='word_1_510' title='bbox 2407 2743 2649 2816; x_wconf 87' lang='lat' dir='ltr'><strong>vitiaque</strong></span> <span class='ocrx_word' id='word_1_511' title='bbox 2677 2749 2823 2802; x_wconf 88' lang='lat' dir='ltr'><strong>lucta</strong></span> <span class='ocrx_word' id='word_1_512' title='bbox 2853 2749 3091 2815; x_wconf 90' lang='lat' dir='ltr'><strong>solutus,</strong></span> <span class='ocrx_word' id='word_1_513' title='bbox 3125 2751 3278 2805; x_wconf 88' lang='lat' dir='ltr'><strong>velut</strong></span> <span class='ocrx_word' id='word_1_514' title='bbox 3307 2767 3501 2806; x_wconf 88' lang='lat' dir='ltr'><strong>eorum</strong></span> 
     </span>
    </p>
   </div>
   <div class='ocr_carea' id='block_1_70' title="bbox 1921 2833 3504 2914">
    <p class='ocr_par' dir='ltr' id='par_1_70' title="bbox 1921 2833 3504 2914">
     <span class='ocr_line' id='line_1_70' title="bbox 1921 2833 3504 2914; baseline 0.008 -28"><span class='ocrx_word' id='word_1_515' title='bbox 1921 2839 2086 2901; x_wconf 89' lang='lat' dir='ltr'><strong>atque</strong></span> <span class='ocrx_word' id='word_1_516' title='bbox 2103 2833 2414 2890; x_wconf 68' lang='lat' dir='ltr'><strong>dtemonum</strong></span> <span class='ocrx_word' id='word_1_517' title='bbox 2437 2837 2617 2893; x_wconf 86' lang='lat' dir='ltr'><strong>vietor</strong></span> <span class='ocrx_word' id='word_1_518' title='bbox 2644 2840 3017 2906; x_wconf 86' lang='lat' dir='ltr'><strong>renuntiatus,</strong></span> <span class='ocrx_word' id='word_1_519' title='bbox 3044 2859 3143 2911; x_wconf 89' lang='lat' dir='ltr'><strong>per</strong></span> <span class='ocrx_word' id='word_1_520' title='bbox 3165 2844 3504 2914; x_wconf 88' lang='lat' dir='ltr'><strong>contempla-</strong></span> 
     </span>
    </p>
   </div>
   <div class='ocr_carea' id='block_1_71' title="bbox 1921 2923 3502 3005">
    <p class='ocr_par' dir='ltr' id='par_1_71' title="bbox 1921 2923 3502 3005">
     <span class='ocr_line' id='line_1_71' title="bbox 1921 2923 3502 3005; baseline 0.008 -29"><span class='ocrx_word' id='word_1_521' title='bbox 1921 2923 2128 2980; x_wconf 89' lang='lat' dir='ltr'><strong>tionem</strong></span> <span class='ocrx_word' id='word_1_522' title='bbox 2153 2925 2220 2982; x_wconf 89' lang='lat' dir='ltr'><strong>ad</strong></span> <span class='ocrx_word' id='word_1_523' title='bbox 2252 2927 2467 2983; x_wconf 88' lang='lat' dir='ltr'><strong>doctam</strong></span> <span class='ocrx_word' id='word_1_524' title='bbox 2513 2946 2576 2984; x_wconf 90' lang='lat' dir='ltr'><strong>ac</strong></span> <span class='ocrx_word' id='word_1_525' title='bbox 2610 2931 2913 3001; x_wconf 88' lang='lat' dir='ltr'><strong>sapientem</strong></span> <span class='ocrx_word' id='word_1_526' title='bbox 2947 2934 3353 3005; x_wconf 79' lang='lat' dir='ltr'><strong>phiIOSOphiam</strong></span> <span class='ocrx_word' id='word_1_527' title='bbox 3380 2936 3502 2989; x_wconf 87' lang='lat' dir='ltr'><strong>ani-</strong></span> 
     </span>
    </p>
   </div>
   <div class='ocr_carea' id='block_1_72' title="bbox 1922 3020 3502 3089">
    <p class='ocr_par' dir='ltr' id='par_1_72' title="bbox 1922 3020 3502 3089">
     <span class='ocr_line' id='line_1_72' title="bbox 1922 3020 3502 3089; baseline 0.006 -20"><span class='ocrx_word' id='word_1_528' title='bbox 1922 3031 2072 3071; x_wconf 90' lang='lat' dir='ltr'><strong>mum</strong></span> <span class='ocrx_word' id='word_1_529' title='bbox 2122 3020 2500 3085; x_wconf 87' lang='lat' dir='ltr'><strong>transtulerit,</strong></span> <span class='ocrx_word' id='word_1_530' title='bbox 2539 3021 2813 3089; x_wconf 87' lang='lat' dir='ltr'><strong>Sermoni,</strong></span> <span class='ocrx_word' id='word_1_531' title='bbox 2872 3033 2933 3078; x_wconf 89' lang='lat' dir='ltr'><strong>ut</strong></span> <span class='ocrx_word' id='word_1_532' title='bbox 2994 3025 3195 3079; x_wconf 89' lang='lat' dir='ltr'><strong>iterum</strong></span> <span class='ocrx_word' id='word_1_533' title='bbox 3235 3025 3502 3079; x_wconf 88' lang='lat' dir='ltr'><strong>mundum</strong></span> 
     </span>
    </p>
   </div>
   <div class='ocr_carea' id='block_1_73' title="bbox 1923 3107 3504 3186">
    <p class='ocr_par' dir='ltr' id='par_1_73' title="bbox 1923 3107 3504 3186">
     <span class='ocr_line' id='line_1_73' title="bbox 1923 3107 3504 3186; baseline 0.009 -26"><span class='ocrx_word' id='word_1_534' title='bbox 1923 3107 2220 3178; x_wconf 87' lang='lat' dir='ltr'><strong>relinquat,</strong></span> <span class='ocrx_word' id='word_1_535' title='bbox 2267 3118 2323 3164; x_wconf 89' lang='lat' dir='ltr'><strong>et</strong></span> <span class='ocrx_word' id='word_1_536' title='bbox 2359 3111 2524 3165; x_wconf 86' lang='lat' dir='ltr'><strong>vadat</strong></span> <span class='ocrx_word' id='word_1_537' title='bbox 2565 3112 2632 3166; x_wconf 85' lang='lat' dir='ltr'><strong>ad</strong></span> <span class='ocrx_word' id='word_1_538' title='bbox 2665 3114 2916 3180; x_wconf 88' lang='lat' dir='ltr'><strong>Patrem,</strong></span> <span class='ocrx_word' id='word_1_539' title='bbox 2955 3117 3245 3186; x_wconf 87' lang='lat' dir='ltr'><strong>permittit.</strong></span> <span class='ocrx_word' id='word_1_540' title='bbox 3290 3118 3504 3176; x_wconf 82' lang='lat' dir='ltr'><strong>Idcirco</strong></span> 
     </span>
    </p>
   </div>
   <div class='ocr_carea' id='block_1_74' title="bbox 1921 3200 3502 3276">
    <p class='ocr_par' dir='ltr' id='par_1_74' title="bbox 1921 3200 3502 3276">
     <span class='ocr_line' id='line_1_74' title="bbox 1921 3200 3502 3276; baseline 0.008 -24"><span class='ocrx_word' id='word_1_541' title='bbox 1921 3213 2161 3269; x_wconf 90' lang='lat' dir='ltr'><strong>namque</strong></span> <span class='ocrx_word' id='word_1_542' title='bbox 2204 3200 2281 3256; x_wconf 86' lang='lat' dir='ltr'><strong>ait</strong></span> <span class='ocrx_word' id='word_1_543' title='bbox 2322 3202 2590 3258; x_wconf 91' lang='lat' dir='ltr'><strong>Dominus</strong></span> <span class='ocrx_word' id='word_1_544' title='bbox 2619 3203 2910 3274; x_wconf 88' lang='lat' dir='ltr'><strong>discipulis</strong></span> <span class='ocrx_word' id='word_1_545' title='bbox 2947 3226 2958 3260; x_wconf 93' lang='lat'><strong>:</strong></span> <span class='ocrx_word' id='word_1_546' title='bbox 2999 3207 3094 3262; x_wconf 83' lang='lat' dir='ltr'><strong>Vos</strong></span> <span class='ocrx_word' id='word_1_547' title='bbox 3140 3224 3222 3262; x_wconf 89' lang='lat' dir='ltr'><strong>me</strong></span> <span class='ocrx_word' id='word_1_548' title='bbox 3259 3211 3502 3276; x_wconf 72' lang='lat' dir='ltr'><strong>ornastis,</strong></span> 
     </span>
    </p>
   </div>
   <div class='ocr_carea' id='block_1_75' title="bbox 1928 3289 3507 3364">
    <p class='ocr_par' dir='ltr' id='par_1_75' title="bbox 1928 3289 3507 3364">
     <span class='ocr_line' id='line_1_75' title="bbox 1928 3289 3507 3364; baseline 0.008 -22"><span class='ocrx_word' id='word_1_549' title='bbox 1928 3295 1978 3342; x_wconf 89' lang='lat' dir='ltr'><strong>et</strong></span> <span class='ocrx_word' id='word_1_550' title='bbox 2009 3289 2299 3344; x_wconf 76' lang='lat' dir='ltr'><strong>credidistis</strong></span> <span class='ocrx_word' id='word_1_551' title='bbox 2327 3293 2451 3362; x_wconf 82' lang='lat' dir='ltr'><strong>quia</strong></span> <span class='ocrx_word' id='word_1_552' title='bbox 2479 3311 2510 3346; x_wconf 89' lang='lat' dir='ltr'><strong>a</strong></span> <span class='ocrx_word' id='word_1_553' title='bbox 2536 3292 2644 3347; x_wconf 89' lang='lat' dir='ltr'><strong>Deo</strong></span> <span class='ocrx_word' id='word_1_554' title='bbox 2671 3296 2827 3348; x_wconf 73' lang='lat' dir='ltr'><strong>exivi.</strong></span> <span class='ocrx_word' id='word_1_555' title='bbox 2863 3295 3019 3350; x_wconf 70' lang='lat' dir='ltr'><strong>Exivi</strong></span> <span class='ocrx_word' id='word_1_556' title='bbox 3041 3315 3071 3350; x_wconf 93' lang='lat' dir='ltr'><strong>a</strong></span> <span class='ocrx_word' id='word_1_557' title='bbox 3098 3297 3282 3364; x_wconf 83' lang='lat' dir='ltr'><strong>Patre,</strong></span> <span class='ocrx_word' id='word_1_558' title='bbox 3313 3307 3361 3352; x_wconf 88' lang='lat' dir='ltr'><strong>et</strong></span> <span class='ocrx_word' id='word_1_559' title='bbox 3388 3301 3507 3354; x_wconf 83' lang='lat' dir='ltr'><strong>veni</strong></span> 
     </span>
    </p>
   </div>
   <div class='ocr_carea' id='block_1_76' title="bbox 1927 3379 3506 3457">
    <p class='ocr_par' dir='ltr' id='par_1_76' title="bbox 1927 3379 3506 3457">
     <span class='ocr_line' id='line_1_76' title="bbox 1927 3379 3506 3457; baseline 0.007 -23"><span class='ocrx_word' id='word_1_560' title='bbox 1927 3382 1984 3434; x_wconf 86' lang='lat' dir='ltr'><strong>in</strong></span> <span class='ocrx_word' id='word_1_561' title='bbox 2027 3382 2550 3438; x_wconf 85' lang='lat' dir='ltr'><strong>mundum:-iterum</strong></span> <span class='ocrx_word' id='word_1_562' title='bbox 2596 3385 2836 3457; x_wconf 83' lang='lat' dir='ltr'><strong>relinquo</strong></span> <span class='ocrx_word' id='word_1_563' title='bbox 2865 3379 3223 3454; x_wconf 58' lang='lat' dir='ltr'><strong>mundum,“</strong></span> <span class='ocrx_word' id='word_1_564' title='bbox 3274 3391 3409 3444; x_wconf 87' lang='lat' dir='ltr'><strong>vado</strong></span> <span class='ocrx_word' id='word_1_565' title='bbox 3435 3392 3506 3445; x_wconf 78' lang='lat' dir='ltr'><strong>ad</strong></span> 
     </span>
    </p>
   </div>
   <div class='ocr_carea' id='block_1_77' title="bbox 1926 3471 3502 3548">
    <p class='ocr_par' dir='ltr' id='par_1_77' title="bbox 1926 3471 3502 3548">
     <span class='ocr_line' id='line_1_77' title="bbox 1926 3471 3502 3548; baseline 0.004 -22"><span class='ocrx_word' id='word_1_566' title='bbox 1926 3471 2144 3528; x_wconf 79' lang='lat' dir='ltr'><strong>Patrem</strong></span> <span class='ocrx_word' id='word_1_567' title='bbox 2175 3475 2220 3506; x_wconf 75' lang='grc'><strong>⁸³</strong></span> <span class='ocrx_word' id='word_1_568' title='bbox 2267 3477 2583 3530; x_wconf 87' lang='lat' dir='ltr'><strong>:mundum</strong></span> <span class='ocrx_word' id='word_1_569' title='bbox 2640 3478 2780 3532; x_wconf 82' lang='lat' dir='ltr'><strong>forte</strong></span> <span class='ocrx_word' id='word_1_570' title='bbox 2837 3479 3158 3548; x_wconf 86' lang='lat' dir='ltr'><strong>appellans,</strong></span> <span class='ocrx_word' id='word_1_571' title='bbox 3213 3495 3502 3548; x_wconf 83' lang='lat' dir='ltr'><strong>operosam</strong></span> 
     </span>
    </p>
   </div>
   <div class='ocr_carea' id='block_1_78' title="bbox 1927 3563 3606 3634">
    <p class='ocr_par' dir='ltr' id='par_1_78' title="bbox 1927 3563 3606 3634">
     <span class='ocr_line' id='line_1_78' title="bbox 1927 3563 3606 3634; baseline 0.004 -17"><span class='ocrx_word' id='word_1_572' title='bbox 1927 3563 2162 3618; x_wconf 90' lang='lat' dir='ltr'><strong>actionis</strong></span> <span class='ocrx_word' id='word_1_573' title='bbox 2198 3563 2350 3620; x_wconf 90' lang='lat' dir='ltr'><strong>cultu</strong></span> <span class='ocrx_word' id='word_1_574' title='bbox 2386 3565 2650 3620; x_wconf 88' lang='lat' dir='ltr'><strong>virtutum</strong></span> <span class='ocrx_word' id='word_1_575' title='bbox 2684 3567 3057 3634; x_wconf 71' lang='lat' dir='ltr'><strong>iunctionem;</strong></span> <span class='ocrx_word' id='word_1_576' title='bbox 3105 3568 3322 3621; x_wconf 89' lang='lat' dir='ltr'><strong>Patrem</strong></span> <span class='ocrx_word' id='word_1_577' title='bbox 3347 3585 3500 3630; x_wconf 78' lang='lat' dir='ltr'><strong>vero,</strong></span> <span class='ocrx_word' id='word_1_578' title='bbox 3600 3603 3606 3611; x_wconf 92' lang='lat'><strong><em>-</em></strong></span> 
     </span>
    </p>
   </div>
   <div class='ocr_carea' id='block_1_79' title="bbox 1926 3656 3507 3724">
    <p class='ocr_par' dir='ltr' id='par_1_79' title="bbox 1926 3656 3507 3724">
     <span class='ocr_line' id='line_1_79' title="bbox 1926 3656 3507 3724; baseline 0.003 -14"><span class='ocrx_word' id='word_1_579' title='bbox 1926 3662 2130 3710; x_wconf 88' lang='lat' dir='ltr'><strong>statum</strong></span> <span class='ocrx_word' id='word_1_580' title='bbox 2180 3656 2383 3710; x_wconf 90' lang='lat' dir='ltr'><strong>mentis</strong></span> <span class='ocrx_word' id='word_1_581' title='bbox 2411 3659 2619 3712; x_wconf 90' lang='lat' dir='ltr'><strong>mundo</strong></span> <span class='ocrx_word' id='word_1_582' title='bbox 2657 3659 2967 3724; x_wconf 90' lang='lat' dir='ltr'><strong>celsiorcm,</strong></span> <span class='ocrx_word' id='word_1_583' title='bbox 3001 3668 3058 3713; x_wconf 91' lang='lat' dir='ltr'><strong>et</strong></span> <span class='ocrx_word' id='word_1_584' title='bbox 3104 3660 3172 3714; x_wconf 89' lang='lat' dir='ltr'><strong>ab</strong></span> <span class='ocrx_word' id='word_1_585' title='bbox 3223 3661 3371 3714; x_wconf 90' lang='lat' dir='ltr'><strong>omni</strong></span> <span class='ocrx_word' id='word_1_586' title='bbox 3399 3668 3507 3715; x_wconf 89' lang='lat' dir='ltr'><strong>ter-</strong></span> 
     </span>
    </p>
   </div>
   <div class='ocr_carea' id='block_1_80' title="bbox 1926 3748 3506 3818">
    <p class='ocr_par' dir='ltr' id='par_1_80' title="bbox 1926 3748 3506 3818">
     <span class='ocr_line' id='line_1_80' title="bbox 1926 3748 3506 3818; baseline 0.003 -19"><span class='ocrx_word' id='word_1_587' title='bbox 1926 3762 2062 3800; x_wconf 91' lang='lat' dir='ltr'><strong>reno</strong></span> <span class='ocrx_word' id='word_1_588' title='bbox 2117 3763 2282 3801; x_wconf 90' lang='lat' dir='ltr'><strong>sensu</strong></span> <span class='ocrx_word' id='word_1_589' title='bbox 2331 3748 2565 3802; x_wconf 90' lang='lat' dir='ltr'><strong>liberum</strong></span> <span class='ocrx_word' id='word_1_590' title='bbox 2601 3751 2858 3818; x_wconf 89' lang='lat' dir='ltr'><strong>:qualcm</strong></span> <span class='ocrx_word' id='word_1_591' title='bbox 2888 3751 2944 3804; x_wconf 93' lang='lat' dir='ltr'><strong>in</strong></span> <span class='ocrx_word' id='word_1_592' title='bbox 2982 3751 3144 3804; x_wconf 91' lang='lat' dir='ltr'><strong>nobis</strong></span> <span class='ocrx_word' id='word_1_593' title='bbox 3175 3751 3271 3806; x_wconf 89' lang='lat' dir='ltr'><strong>Dei</strong></span> <span class='ocrx_word' id='word_1_594' title='bbox 3309 3751 3506 3806; x_wconf 87' lang='lat' dir='ltr'><strong>Sermo</strong></span> 
     </span>
    </p>
   </div>
   <div class='ocr_carea' id='block_1_81' title="bbox 1931 3837 3505 3914">
    <p class='ocr_par' dir='ltr' id='par_1_81' title="bbox 1931 3837 3505 3914">
     <span class='ocr_line' id='line_1_81' title="bbox 1931 3837 3505 3914; baseline 0.005 -25"><span class='ocrx_word' id='word_1_595' title='bbox 1931 3837 2187 3901; x_wconf 91' lang='lat' dir='ltr'><strong>sortitur,</strong></span> <span class='ocrx_word' id='word_1_596' title='bbox 2219 3853 2248 3891; x_wconf 82' lang='lat' dir='ltr'><strong>a&#39;</strong></span> <span class='ocrx_word' id='word_1_597' title='bbox 2277 3853 2460 3906; x_wconf 87' lang='lat' dir='ltr'><strong>pugna</strong></span> <span class='ocrx_word' id='word_1_598' title='bbox 2482 3839 2750 3893; x_wconf 86' lang='lat' dir='ltr'><strong>adversus</strong></span> <span class='ocrx_word' id='word_1_599' title='bbox 2779 3841 3010 3895; x_wconf 75' lang='lat' dir='ltr'><strong>affectus</strong></span> <span class='ocrx_word' id='word_1_600' title='bbox 3051 3842 3294 3912; x_wconf 86' lang='lat' dir='ltr'><strong>vitiaque</strong></span> <span class='ocrx_word' id='word_1_601' title='bbox 3340 3853 3505 3914; x_wconf 88' lang='lat' dir='ltr'><strong>atque</strong></span> 
     </span>
    </p>
   </div>
   <div class='ocr_carea' id='block_1_82' title="bbox 1927 3925 2727 3998">
    <p class='ocr_par' dir='ltr' id='par_1_82' title="bbox 1927 3925 2727 3998">
     <span class='ocr_line' id='line_1_82' title="bbox 1927 3925 2727 3998; baseline 0.003 -18"><span class='ocrx_word' id='word_1_602' title='bbox 1927 3925 2202 3980; x_wconf 68' lang='lat' dir='ltr'><strong>daemones</strong></span> <span class='ocrx_word' id='word_1_603' title='bbox 2235 3935 2430 3982; x_wconf 89' lang='lat' dir='ltr'><strong>nactus</strong></span> <span class='ocrx_word' id='word_1_604' title='bbox 2461 3929 2727 3998; x_wconf 87' lang='lat' dir='ltr'><strong>requiem.</strong></span> 
     </span>
    </p>
   </div>
   <div class='ocr_carea' id='block_1_83' title="bbox 1995 4104 3505 4182">
    <p class='ocr_par' dir='ltr' id='par_1_83' title="bbox 1995 4104 3505 4182">
     <span class='ocr_line' id='line_1_83' title="bbox 1995 4104 3505 4182; baseline 0.004 -22"><span class='ocrx_word' id='word_1_605' title='bbox 1995 4105 2085 4160; x_wconf 81' lang='lat'><strong>95.</strong></span> <span class='ocrx_word' id='word_1_606' title='bbox 2119 4104 2223 4172; x_wconf 87' lang='lat' dir='ltr'><strong>Qui</strong></span> <span class='ocrx_word' id='word_1_607' title='bbox 2255 4106 2496 4162; x_wconf 84' lang='lat' dir='ltr'><strong>actionis</strong></span> <span class='ocrx_word' id='word_1_608' title='bbox 2524 4108 2699 4172; x_wconf 91' lang='lat' dir='ltr'><strong>cultu,</strong></span> <span class='ocrx_word' id='word_1_609' title='bbox 2734 4107 2981 4162; x_wconf 88' lang='lat' dir='ltr'><strong>membra</strong></span> <span class='ocrx_word' id='word_1_610' title='bbox 3033 4123 3154 4178; x_wconf 82' lang='lat' dir='ltr'><strong>quae</strong></span> <span class='ocrx_word' id='word_1_611' title='bbox 3175 4118 3304 4164; x_wconf 90' lang='lat' dir='ltr'><strong>sunt</strong></span> <span class='ocrx_word' id='word_1_612' title='bbox 3339 4127 3505 4182; x_wconf 88' lang='lat' dir='ltr'><strong>super</strong></span> 
     </span>
    </p>
   </div>
   <div class='ocr_carea' id='block_1_84' title="bbox 1928 4191 3508 4270">
    <p class='ocr_par' dir='ltr' id='par_1_84' title="bbox 1928 4191 3508 4270">
     <span class='ocr_line' id='line_1_84' title="bbox 1928 4191 3508 4270; baseline 0.005 -22"><span class='ocrx_word' id='word_1_613' title='bbox 1928 4204 2129 4249; x_wconf 89' lang='lat' dir='ltr'><strong>terram</strong></span> <span class='ocrx_word' id='word_1_614' title='bbox 2170 4195 2504 4253; x_wconf 87' lang='lat' dir='ltr'><strong>mortiﬁcare</strong></span> <span class='ocrx_word' id='word_1_615' title='bbox 2534 4199 2710 4254; x_wconf 89' lang='lat' dir='ltr'><strong>valuit</strong></span> <span class='ocrx_word' id='word_1_616' title='bbox 2733 4198 2798 4264; x_wconf 78' lang='lat'><strong>“,</strong></span> <span class='ocrx_word' id='word_1_617' title='bbox 2852 4191 3249 4270; x_wconf 82' lang='lat' dir='ltr'><strong>Sermonisque</strong></span> <span class='ocrx_word' id='word_1_618' title='bbox 3283 4203 3508 4257; x_wconf 87' lang='lat' dir='ltr'><strong>manda-</strong></span> 
     </span>
    </p>
   </div>
   <div class='ocr_carea' id='block_1_85' title="bbox 1929 4289 3507 4364">
    <p class='ocr_par' dir='ltr' id='par_1_85' title="bbox 1929 4289 3507 4364">
     <span class='ocr_line' id='line_1_85' title="bbox 1929 4289 3507 4364; baseline 0.005 -24"><span class='ocrx_word' id='word_1_619' title='bbox 1929 4294 2112 4342; x_wconf 91' lang='lat' dir='ltr'><strong>torum</strong></span> <span class='ocrx_word' id='word_1_620' title='bbox 2137 4303 2242 4358; x_wconf 89' lang='lat' dir='ltr'><strong>opc</strong></span> <span class='ocrx_word' id='word_1_621' title='bbox 2277 4298 2440 4358; x_wconf 89' lang='lat' dir='ltr'><strong>atque</strong></span> <span class='ocrx_word' id='word_1_622' title='bbox 2469 4290 2545 4354; x_wconf 88' lang='lat' dir='ltr'><strong>vi,</strong></span> <span class='ocrx_word' id='word_1_623' title='bbox 2578 4289 2875 4345; x_wconf 76' lang='lat' dir='ltr'><strong>affectuum</strong></span> <span class='ocrx_word' id='word_1_624' title='bbox 2903 4291 3274 4362; x_wconf 87' lang='lat' dir='ltr'><strong>vitiorumque</strong></span> <span class='ocrx_word' id='word_1_625' title='bbox 3304 4294 3358 4347; x_wconf 92' lang='lat' dir='ltr'><strong>in</strong></span> <span class='ocrx_word' id='word_1_626' title='bbox 3388 4293 3507 4364; x_wconf 88' lang='lat' dir='ltr'><strong>ipso</strong></span> 
     </span>
    </p>
   </div>
   <div class='ocr_carea' id='block_1_86' title="bbox 1928 4379 3506 4454">
    <p class='ocr_par' dir='ltr' id='par_1_86' title="bbox 1928 4379 3506 4454">
     <span class='ocr_line' id='line_1_86' title="bbox 1928 4379 3506 4454; baseline 0.003 -23"><span class='ocrx_word' id='word_1_627' title='bbox 1928 4379 2195 4432; x_wconf 85' lang='lat' dir='ltr'><strong>mundum</strong></span> <span class='ocrx_word' id='word_1_628' title='bbox 2241 4379 2462 4435; x_wconf 85' lang='lat' dir='ltr'><strong>vincere</strong></span> <span class='ocrx_word' id='word_1_629' title='bbox 2503 4381 2704 4450; x_wconf 89' lang='lat' dir='ltr'><strong>potuit,</strong></span> <span class='ocrx_word' id='word_1_630' title='bbox 2738 4381 2946 4434; x_wconf 90' lang='lat' dir='ltr'><strong>nullam</strong></span> <span class='ocrx_word' id='word_1_631' title='bbox 2982 4381 3246 4452; x_wconf 87' lang='lat' dir='ltr'><strong>deinceps</strong></span> <span class='ocrx_word' id='word_1_632' title='bbox 3283 4399 3506 4454; x_wconf 82' lang='lat' dir='ltr'><strong>pressu-</strong></span> 
     </span>
    </p>
   </div>
   <div class='ocr_carea' id='block_1_87' title="bbox 1928 4469 3505 4544">
    <p class='ocr_par' dir='ltr' id='par_1_87' title="bbox 1928 4469 3505 4544">
     <span class='ocr_line' id='line_1_87' title="bbox 1928 4469 3505 4544; baseline 0.004 -22"><span class='ocrx_word' id='word_1_633' title='bbox 1928 4485 2045 4523; x_wconf 90' lang='lat' dir='ltr'><strong>ram</strong></span> <span class='ocrx_word' id='word_1_634' title='bbox 2094 4469 2344 4534; x_wconf 86' lang='lat' dir='ltr'><strong>habebit,</strong></span> <span class='ocrx_word' id='word_1_635' title='bbox 2389 4471 2505 4539; x_wconf 86' lang='lat' dir='ltr'><strong>qui,</strong></span> <span class='ocrx_word' id='word_1_636' title='bbox 2543 4471 2740 4525; x_wconf 84' lang='lat' dir='ltr'><strong>relicto</strong></span> <span class='ocrx_word' id='word_1_637' title='bbox 2779 4474 2892 4544; x_wconf 87' lang='lat' dir='ltr'><strong>jam</strong></span> <span class='ocrx_word' id='word_1_638' title='bbox 2929 4473 3174 4538; x_wconf 91' lang='lat' dir='ltr'><strong>mundo,</strong></span> <span class='ocrx_word' id='word_1_639' title='bbox 3228 4482 3282 4527; x_wconf 93' lang='lat' dir='ltr'><strong>ut</strong></span> <span class='ocrx_word' id='word_1_640' title='bbox 3337 4475 3408 4528; x_wconf 89' lang='lat' dir='ltr'><strong>sit</strong></span> <span class='ocrx_word' id='word_1_641' title='bbox 3449 4475 3505 4528; x_wconf 92' lang='lat' dir='ltr'><strong>in</strong></span> 
     </span>
    </p>
   </div>
   <div class='ocr_carea' id='block_1_88' title="bbox 241 4546 1837 4640">
    <p class='ocr_par' dir='ltr' id='par_1_88' title="bbox 241 4546 1821 4640">
     <span class='ocr_line' id='line_1_88' title="bbox 241 4546 1821 4640; baseline -0.011 -32"><span class='ocrx_word' id='word_1_642' title='bbox 241 4553 372 4618; x_wconf 88' lang='grc' dir='ltr'>θῶν,</span> <span class='ocrx_word' id='word_1_643' title='bbox 414 4553 510 4606; x_wconf 78' lang='grc' dir='ltr'>καὶ</span> <span class='ocrx_word' id='word_1_644' title='bbox 537 4553 716 4619; x_wconf 82' lang='grc' dir='ltr'>πάσης</span> <span class='ocrx_word' id='word_1_645' title='bbox 757 4550 980 4621; x_wconf 80' lang='grc' dir='ltr'>εἰρήνης</span> <span class='ocrx_word' id='word_1_646' title='bbox 1010 4547 1251 4619; x_wconf 78' lang='grc' dir='ltr'>χορηγῷ.</span> <span class='ocrx_word' id='word_1_647' title='bbox 1384 4546 1492 4616; x_wconf 74' lang='grc' dir='ltr'>γὰρ</span> <span class='ocrx_word' id='word_1_648' title='bbox 1651 4565 1821 4620; x_wconf 82' lang='grc' dir='ltr'>προσ.</span> 
     </span>
    </p>
   </div>
   <div class='ocr_carea' id='block_1_89' title="bbox 1929 4546 3508 4640">
    <p class='ocr_par' dir='ltr' id='par_1_89' title="bbox 1929 4558 3508 4636">
     <span class='ocr_line' id='line_1_89' title="bbox 1929 4558 3508 4636; baseline 0.005 -24"><span class='ocrx_word' id='word_1_649' title='bbox 1929 4558 2148 4614; x_wconf 85' lang='lat' dir='ltr'><strong>Christo</strong></span> <span class='ocrx_word' id='word_1_650' title='bbox 2173 4560 2362 4614; x_wconf 92' lang='lat' dir='ltr'><strong>mundi</strong></span> <span class='ocrx_word' id='word_1_651' title='bbox 2389 4561 2685 4616; x_wconf 71' lang='lat' dir='ltr'><strong>alfectuum</strong></span> <span class='ocrx_word' id='word_1_652' title='bbox 2723 4563 2989 4618; x_wconf 88' lang='lat' dir='ltr'><strong>vitiorum</strong></span> <span class='ocrx_word' id='word_1_653' title='bbox 3022 4565 3234 4620; x_wconf 89' lang='lat' dir='ltr'><strong>victore</strong></span> <span class='ocrx_word' id='word_1_654' title='bbox 3269 4581 3333 4619; x_wconf 87' lang='lat' dir='ltr'><strong>ac</strong></span> <span class='ocrx_word' id='word_1_655' title='bbox 3356 4566 3508 4636; x_wconf 82' lang='lat' dir='ltr'><strong>pacis</strong></span> 
     </span>
    </p>
   </div>
   <div class='ocr_carea' id='block_1_90' title="bbox 241 4639 1837 4721">
    <p class='ocr_par' dir='ltr' id='par_1_90' title="bbox 241 4639 1822 4713">
     <span class='ocr_line' id='line_1_90' title="bbox 241 4639 1822 4713; baseline -0.004 -15"><span class='ocrx_word' id='word_1_656' title='bbox 241 4647 476 4701; x_wconf 88' lang='grc' dir='ltr'>πάθειαν</span> <span class='ocrx_word' id='word_1_657' title='bbox 517 4645 627 4698; x_wconf 88' lang='grc' dir='ltr'><strong>τῶν</strong></span> <span class='ocrx_word' id='word_1_658' title='bbox 670 4643 872 4696; x_wconf 86' lang='grc' dir='ltr'>ὐλικῶν</span> <span class='ocrx_word' id='word_1_659' title='bbox 916 4642 992 4713; x_wconf 78' lang='grc' dir='ltr'>μὴ</span> <span class='ocrx_word' id='word_1_660' title='bbox 1034 4642 1215 4710; x_wconf 71' lang='grc' dir='ltr'>ἀφεὶς,</span> <span class='ocrx_word' id='word_1_661' title='bbox 1255 4639 1344 4693; x_wconf 78' lang='grc' dir='ltr'><strong>διὰ</strong></span> <span class='ocrx_word' id='word_1_662' title='bbox 1394 4639 1596 4704; x_wconf 79' lang='grc' dir='ltr'>παντὸς</span> <span class='ocrx_word' id='word_1_663' title='bbox 1645 4639 1822 4710; x_wconf 68' lang='grc' dir='ltr'>θλίψιν</span> 
     </span>
    </p>
   </div>
   <div class='ocr_carea' id='block_1_91' title="bbox 1929 4639 3504 4721">
    <p class='ocr_par' dir='ltr' id='par_1_91' title="bbox 1929 4651 3504 4721">
     <span class='ocr_line' id='line_1_91' title="bbox 1929 4651 3504 4721; baseline 0.004 -18"><span class='ocrx_word' id='word_1_664' title='bbox 1929 4651 2105 4704; x_wconf 90' lang='lat' dir='ltr'><strong>omnis</strong></span> <span class='ocrx_word' id='word_1_665' title='bbox 2125 4659 2373 4716; x_wconf 85' lang='lat' dir='ltr'><strong>auctore,</strong></span> <span class='ocrx_word' id='word_1_666' title='bbox 2407 4661 2602 4707; x_wconf 85' lang='lat' dir='ltr'><strong>nactus</strong></span> <span class='ocrx_word' id='word_1_667' title='bbox 2623 4653 2714 4709; x_wconf 90' lang='lat' dir='ltr'><strong>sit.</strong></span> <span class='ocrx_word' id='word_1_668' title='bbox 2739 4654 2843 4721; x_wconf 87' lang='lat' dir='ltr'><strong>Qui</strong></span> <span class='ocrx_word' id='word_1_669' title='bbox 2862 4656 3011 4709; x_wconf 92' lang='lat' dir='ltr'><strong>enim</strong></span> <span class='ocrx_word' id='word_1_670' title='bbox 3049 4665 3397 4711; x_wconf 85' lang='lat' dir='ltr'><strong>terrenorum</strong></span> <span class='ocrx_word' id='word_1_671' title='bbox 3425 4655 3504 4710; x_wconf 82' lang='lat' dir='ltr'><strong>af-</strong></span> 
     </span>
    </p>
   </div>
   <div class='ocr_carea' id='block_1_92' title="bbox 242 4731 1822 4804">
    <p class='ocr_par' dir='ltr' id='par_1_92' title="bbox 242 4731 1822 4804">
     <span class='ocr_line' id='line_1_92' title="bbox 242 4731 1822 4804; baseline -0.004 -14"><span class='ocrx_word' id='word_1_672' title='bbox 242 4737 376 4802; x_wconf 80' lang='grc' dir='ltr'>ἓξει·</span> <span class='ocrx_word' id='word_1_673' title='bbox 425 4740 536 4798; x_wconf 82' lang='grc' dir='ltr'>τοῖς</span> <span class='ocrx_word' id='word_1_674' title='bbox 600 4735 743 4789; x_wconf 81' lang='grc' dir='ltr'>κατὰ</span> <span class='ocrx_word' id='word_1_675' title='bbox 801 4734 960 4803; x_wconf 83' lang='grc' dir='ltr'>φύσιν</span> <span class='ocrx_word' id='word_1_676' title='bbox 1009 4732 1411 4803; x_wconf 78' lang='grc' dir='ltr'>ἀλλοιουμένοις</span> <span class='ocrx_word' id='word_1_677' title='bbox 1456 4731 1554 4800; x_wconf 82' lang='grc' dir='ltr'><strong>τὴν</strong></span> <span class='ocrx_word' id='word_1_678' title='bbox 1595 4733 1822 4804; x_wconf 83' lang='grc' dir='ltr'>γνώμην</span> 
     </span>
    </p>
   </div>
   <div class='ocr_carea' id='block_1_93' title="bbox 249 4805 1823 4900">
    <p class='ocr_par' dir='ltr' id='par_1_93' title="bbox 249 4805 1823 4900">
     <span class='ocr_line' id='line_1_93' title="bbox 249 4805 1823 4900; baseline -0.004 -17"><span class='ocrx_word' id='word_1_679' title='bbox 249 4805 752 4900; x_wconf 75' lang='grc' dir='ltr'>συναλλοιούμενος.</span> <span class='ocrx_word' id='word_1_680' title='bbox 809 4828 865 4880; x_wconf 89' lang='lat'><strong>&#39;0</strong></span> <span class='ocrx_word' id='word_1_681' title='bbox 892 4827 948 4879; x_wconf 80' lang='grc' dir='ltr'>δὲ</span> <span class='ocrx_word' id='word_1_682' title='bbox 980 4826 1272 4895; x_wconf 87' lang='grc' dir='ltr'>γενόμενος</span> <span class='ocrx_word' id='word_1_683' title='bbox 1315 4828 1372 4878; x_wconf 84' lang='grc' dir='ltr'>ὲν</span> <span class='ocrx_word' id='word_1_684' title='bbox 1425 4825 1667 4897; x_wconf 81' lang='grc' dir='ltr'>Χριστῷ,</span> <span class='ocrx_word' id='word_1_685' title='bbox 1699 4825 1823 4878; x_wconf 77' lang='grc' dir='ltr'>κατ’</span> 
     </span>
    </p>
   </div>
   <div class='ocr_carea' id='block_1_94' title="bbox 246 4920 1823 4992">
    <p class='ocr_par' dir='ltr' id='par_1_94' title="bbox 246 4920 1823 4992">
     <span class='ocr_line' id='line_1_94' title="bbox 246 4920 1823 4992; baseline -0.004 -14"><span class='ocrx_word' id='word_1_686' title='bbox 246 4925 434 4979; x_wconf 80' lang='grc' dir='ltr'>οὐδένα</span> <span class='ocrx_word' id='word_1_687' title='bbox 483 4924 639 4992; x_wconf 88' lang='grc' dir='ltr'>λόγον</span> <span class='ocrx_word' id='word_1_688' title='bbox 677 4921 996 4992; x_wconf 83' lang='grc' dir='ltr'>αἰσθήσεται</span> <span class='ocrx_word' id='word_1_689' title='bbox 1040 4920 1141 4990; x_wconf 79' lang='grc' dir='ltr'>τῆς</span> <span class='ocrx_word' id='word_1_690' title='bbox 1181 4920 1400 4973; x_wconf 79' lang='grc' dir='ltr'>οἰασοῦν</span> <span class='ocrx_word' id='word_1_691' title='bbox 1432 4920 1622 4988; x_wconf 75' lang='grc' dir='ltr'>ὑλικῆς</span> <span class='ocrx_word' id='word_1_692' title='bbox 1659 4935 1823 4987; x_wconf 88' lang='grc' dir='ltr'>μετα-</span> 
     </span>
    </p>
   </div>
   <div class='ocr_carea' id='block_1_95' title="bbox 245 5006 1824 5080">
    <p class='ocr_par' dir='ltr' id='par_1_95' title="bbox 245 5006 1824 5080">
     <span class='ocr_line' id='line_1_95' title="bbox 245 5006 1824 5080; baseline -0.005 -13"><span class='ocrx_word' id='word_1_693' title='bbox 245 5017 527 5076; x_wconf 74' lang='grc' dir='ltr'>πτώσεως.</span> <span class='ocrx_word' id='word_1_694' title='bbox 570 5015 660 5064; x_wconf 86' lang='grc' dir='ltr'>Διό</span> <span class='ocrx_word' id='word_1_695' title='bbox 701 5027 868 5080; x_wconf 83' lang='grc' dir='ltr'>φησιν</span> <span class='ocrx_word' id='word_1_696' title='bbox 917 5011 946 5062; x_wconf 89' lang='grc' dir='ltr'><strong>ό</strong></span> <span class='ocrx_word' id='word_1_697' title='bbox 1001 5007 1226 5078; x_wconf 75' lang='grc' dir='ltr'>Κύριοςο</span> <span class='ocrx_word' id='word_1_698' title='bbox 1279 5007 1468 5061; x_wconf 86' lang='grc' dir='ltr'>Ταῦτα</span> <span class='ocrx_word' id='word_1_699' title='bbox 1509 5006 1824 5073; x_wconf 75' lang='grc' dir='ltr'>λελάληκα</span> 
     </span>
    </p>
   </div>
   <div class='ocr_carea' id='block_1_96' title="bbox 246 5097 1826 5173">
    <p class='ocr_par' dir='ltr' id='par_1_96' title="bbox 246 5097 1826 5173">
     <span class='ocr_line' id='line_1_96' title="bbox 246 5097 1826 5173; baseline -0.005 -16"><span class='ocrx_word' id='word_1_700' title='bbox 246 5103 410 5173; x_wconf 77' lang='grc' dir='ltr'>ὑμῖν,</span> <span class='ocrx_word' id='word_1_701' title='bbox 456 5105 558 5158; x_wconf 79' lang='grc' dir='ltr'>ἵνα</span> <span class='ocrx_word' id='word_1_702' title='bbox 594 5104 666 5156; x_wconf 84' lang='grc' dir='ltr'>ἐν</span> <span class='ocrx_word' id='word_1_703' title='bbox 689 5101 820 5171; x_wconf 75' lang='grc' dir='ltr'>ἐμοὶ</span> <span class='ocrx_word' id='word_1_704' title='bbox 857 5099 1108 5168; x_wconf 79' lang='grc' dir='ltr'>εἰρήνην</span> <span class='ocrx_word' id='word_1_705' title='bbox 1149 5097 1346 5167; x_wconf 79' lang='grc' dir='ltr'>ἔχητε.</span> <span class='ocrx_word' id='word_1_706' title='bbox 1388 5100 1488 5152; x_wconf 83' lang='grc' dir='ltr'>Ἐν</span> <span class='ocrx_word' id='word_1_707' title='bbox 1511 5097 1591 5163; x_wconf 84' lang='grc' dir='ltr'>τῷ</span> <span class='ocrx_word' id='word_1_708' title='bbox 1620 5101 1826 5166; x_wconf 79' lang='grc' dir='ltr'>κόσμῳ</span> 
     </span>
    </p>
   </div>
   <div class='ocr_carea' id='block_1_97' title="bbox 249 5189 1827 5263">
    <p class='ocr_par' dir='ltr' id='par_1_97' title="bbox 249 5189 1827 5263">
     <span class='ocr_line' id='line_1_97' title="bbox 249 5189 1827 5263; baseline -0.005 -15"><span class='ocrx_word' id='word_1_709' title='bbox 249 5195 458 5263; x_wconf 66' lang='grc' dir='ltr'>θλίψιν</span> <span class='ocrx_word' id='word_1_710' title='bbox 494 5193 683 5258; x_wconf 77' lang='grc' dir='ltr'>ἕξετεο</span> <span class='ocrx_word' id='word_1_711' title='bbox 714 5192 876 5247; x_wconf 67' lang='grc' dir='ltr'>ἀλλὰ</span> <span class='ocrx_word' id='word_1_712' title='bbox 921 5189 1213 5258; x_wconf 81' lang='grc' dir='ltr'>θαρσεῖτε,</span> <span class='ocrx_word' id='word_1_713' title='bbox 1254 5189 1370 5256; x_wconf 73' lang='grc' dir='ltr'>ἐγὼ</span> <span class='ocrx_word' id='word_1_714' title='bbox 1401 5189 1690 5254; x_wconf 80' lang='grc' dir='ltr'>νενίκηκα</span> <span class='ocrx_word' id='word_1_715' title='bbox 1721 5190 1827 5241; x_wconf 84' lang='grc' dir='ltr'>τὸν</span> 
     </span>
    </p>
   </div>
   <div class='ocr_carea' id='block_1_98' title="bbox 249 5281 1826 5356">
    <p class='ocr_par' dir='ltr' id='par_1_98' title="bbox 249 5281 1826 5356">
     <span class='ocr_line' id='line_1_98' title="bbox 249 5281 1826 5356; baseline -0.004 -17"><span class='ocrx_word' id='word_1_716' title='bbox 249 5287 500 5356; x_wconf 79' lang='grc' dir='ltr'>κόσμον.</span> <span class='ocrx_word' id='word_1_717' title='bbox 530 5288 842 5349; x_wconf 86' lang='grc' dir='ltr'>Τουτέστιν,</span> <span class='ocrx_word' id='word_1_718' title='bbox 883 5284 972 5338; x_wconf 88' lang='grc' dir='ltr'>Ἐν</span> <span class='ocrx_word' id='word_1_719' title='bbox 1009 5282 1130 5352; x_wconf 83' lang='grc' dir='ltr'><strong>έμοί</strong></span> <span class='ocrx_word' id='word_1_720' title='bbox 1169 5281 1247 5352; x_wconf 85' lang='grc' dir='ltr'>τῷ</span> <span class='ocrx_word' id='word_1_721' title='bbox 1291 5282 1448 5351; x_wconf 84' lang='grc' dir='ltr'>Λόγῳ</span> <span class='ocrx_word' id='word_1_722' title='bbox 1476 5281 1573 5351; x_wconf 72' lang='grc' dir='ltr'>τῆς</span> <span class='ocrx_word' id='word_1_723' title='bbox 1601 5281 1826 5351; x_wconf 79' lang='grc' dir='ltr'>ἀρετῆς,</span> 
     </span>
    </p>
   </div>
   <div class='ocr_carea' id='block_1_99' title="bbox 250 5371 1828 5452">
    <p class='ocr_par' dir='ltr' id='par_1_99' title="bbox 250 5371 1828 5452">
     <span class='ocr_line' id='line_1_99' title="bbox 250 5371 1828 5452; baseline -0.002 -22"><span class='ocrx_word' id='word_1_724' title='bbox 250 5379 469 5452; x_wconf 72' lang='grc' dir='ltr'>εἰρήνην</span> <span class='ocrx_word' id='word_1_725' title='bbox 495 5378 666 5449; x_wconf 82' lang='grc' dir='ltr'>ἔχετε·</span> <span class='ocrx_word' id='word_1_726' title='bbox 696 5376 1104 5447; x_wconf 86' lang='grc' dir='ltr'>ἀπηλλαγμένοι</span> <span class='ocrx_word' id='word_1_727' title='bbox 1131 5375 1230 5444; x_wconf 82' lang='grc' dir='ltr'><strong>τῆς</strong></span> <span class='ocrx_word' id='word_1_728' title='bbox 1274 5372 1384 5426; x_wconf 87' lang='grc' dir='ltr'><strong>τῶν</strong></span> <span class='ocrx_word' id='word_1_729' title='bbox 1415 5372 1612 5426; x_wconf 86' lang='grc' dir='ltr'>ὑλικῶν</span> <span class='ocrx_word' id='word_1_730' title='bbox 1639 5371 1828 5427; x_wconf 86' lang='grc' dir='ltr'>παθῶν</span> 
     </span>
    </p>
   </div>
   <div class='ocr_carea' id='block_1_100' title="bbox 248 5462 1825 5539">
    <p class='ocr_par' dir='ltr' id='par_1_100' title="bbox 248 5462 1825 5539">
     <span class='ocr_line' id='line_1_100' title="bbox 248 5462 1825 5539; baseline -0.004 -18"><span class='ocrx_word' id='word_1_731' title='bbox 248 5485 309 5522; x_wconf 83' lang='grc' dir='ltr'><strong>τε</strong></span> <span class='ocrx_word' id='word_1_732' title='bbox 344 5471 441 5524; x_wconf 73' lang='grc' dir='ltr'>καὶ</span> <span class='ocrx_word' id='word_1_733' title='bbox 467 5469 809 5539; x_wconf 87' lang='grc' dir='ltr'>πραγμάτων</span> <span class='ocrx_word' id='word_1_734' title='bbox 857 5463 1206 5536; x_wconf 79' lang='grc' dir='ltr'>στροὸώσεώς</span> <span class='ocrx_word' id='word_1_735' title='bbox 1252 5481 1310 5516; x_wconf 83' lang='grc' dir='ltr'><strong>τε</strong></span> <span class='ocrx_word' id='word_1_736' title='bbox 1350 5462 1444 5515; x_wconf 75' lang='grc' dir='ltr'>καὶ</span> <span class='ocrx_word' id='word_1_737' title='bbox 1479 5463 1743 5532; x_wconf 78' lang='grc' dir='ltr'>ταραχῆς·</span> <span class='ocrx_word' id='word_1_738' title='bbox 1767 5465 1825 5516; x_wconf 80' lang='grc' dir='ltr'>ὲν</span> 
     </span>
    </p>
   </div>
   <div class='ocr_carea' id='block_1_101' title="bbox 251 5553 1825 5631">
    <p class='ocr_par' dir='ltr' id='par_1_101' title="bbox 251 5553 1825 5631">
     <span class='ocr_line' id='line_1_101' title="bbox 251 5553 1825 5631; baseline -0.003 -21"><span class='ocrx_word' id='word_1_739' title='bbox 251 5559 306 5610; x_wconf 78' lang='grc' dir='ltr'>δὲ</span> <span class='ocrx_word' id='word_1_740' title='bbox 330 5561 406 5631; x_wconf 82' lang='grc' dir='ltr'><strong>τῷ</strong></span> <span class='ocrx_word' id='word_1_741' title='bbox 433 5561 643 5629; x_wconf 82' lang='grc' dir='ltr'>κόσμῳ,</span> <span class='ocrx_word' id='word_1_742' title='bbox 682 5558 960 5612; x_wconf 86' lang='grc' dir='ltr'>τουτέστιν</span> <span class='ocrx_word' id='word_1_743' title='bbox 1001 5559 1058 5609; x_wconf 82' lang='grc' dir='ltr'>ὲν</span> <span class='ocrx_word' id='word_1_744' title='bbox 1090 5558 1154 5625; x_wconf 83' lang='grc' dir='ltr'>τῇ</span> <span class='ocrx_word' id='word_1_745' title='bbox 1195 5553 1538 5624; x_wconf 78' lang='grc' dir='ltr'>προσπαθεία</span> <span class='ocrx_word' id='word_1_746' title='bbox 1569 5554 1678 5606; x_wconf 81' lang='grc' dir='ltr'><strong>τῶν</strong></span> <span class='ocrx_word' id='word_1_747' title='bbox 1708 5555 1825 5606; x_wconf 67' lang='grc' dir='ltr'>ὑλιο</span> 
     </span>
    </p>
   </div>
   <div class='ocr_carea' id='block_1_102' title="bbox 255 5645 1823 5722">
    <p class='ocr_par' dir='ltr' id='par_1_102' title="bbox 255 5645 1823 5722">
     <span class='ocr_line' id='line_1_102' title="bbox 255 5645 1823 5722; baseline -0.001 -20"><span class='ocrx_word' id='word_1_748' title='bbox 255 5652 402 5716; x_wconf 83' lang='grc' dir='ltr'>κῶν,</span> <span class='ocrx_word' id='word_1_749' title='bbox 445 5652 646 5722; x_wconf 60' lang='grc' dir='ltr'>θλίψιν,</span> <span class='ocrx_word' id='word_1_750' title='bbox 699 5651 787 5704; x_wconf 79' lang='grc' dir='ltr'>διὰ</span> <span class='ocrx_word' id='word_1_751' title='bbox 831 5651 930 5718; x_wconf 77' lang='grc' dir='ltr'><strong>τὴν</strong></span> <span class='ocrx_word' id='word_1_752' title='bbox 963 5646 1143 5700; x_wconf 79' lang='grc' dir='ltr'>αὐτῶν</span> <span class='ocrx_word' id='word_1_753' title='bbox 1197 5645 1598 5716; x_wconf 84' lang='grc' dir='ltr'>ἀλλεπάλληλον</span> <span class='ocrx_word' id='word_1_754' title='bbox 1655 5649 1823 5716; x_wconf 74' lang='grc' dir='ltr'>μετά-</span> 
     </span>
    </p>
   </div>
   <div class='ocr_carea' id='block_1_103' title="bbox 325 5756 1735 5830">
    <p class='ocr_par' dir='ltr' id='par_1_103' title="bbox 325 5756 1735 5830">
     <span class='ocr_line' id='line_1_103' title="bbox 325 5756 1735 5830; baseline -0.001 -10"><span class='ocrx_word' id='word_1_755' title='bbox 325 5767 370 5798; x_wconf 74' lang='lat'><strong>&quot;</strong></span> <span class='ocrx_word' id='word_1_756' title='bbox 400 5756 534 5820; x_wconf 59' lang='lat' dir='ltr'><strong>L&#39;uc.</strong></span> <span class='ocrx_word' id='word_1_757' title='bbox 564 5782 691 5830; x_wconf 82' lang='lat' dir='ltr'><strong>xvn,</strong></span> <span class='ocrx_word' id='word_1_758' title='bbox 715 5765 801 5818; x_wconf 70' lang='lat'><strong>9.0.</strong></span> <span class='ocrx_word' id='word_1_759' title='bbox 880 5764 924 5796; x_wconf 65' lang='grc' dir='ltr'><strong>δυ</strong></span> <span class='ocrx_word' id='word_1_760' title='bbox 958 5761 1093 5817; x_wconf 86' lang='lat' dir='ltr'><strong>Ibid.</strong></span> <span class='ocrx_word' id='word_1_761' title='bbox 1123 5763 1209 5816; x_wconf 70' lang='lat' dir='ltr'><strong>2i.</strong></span> <span class='ocrx_word' id='word_1_762' title='bbox 1287 5762 1330 5794; x_wconf 83' lang='grc'><strong>⁶⁰</strong></span> <span class='ocrx_word' id='word_1_763' title='bbox 1354 5761 1529 5814; x_wconf 82' lang='lat' dir='ltr'><strong>Galat.</strong></span> <span class='ocrx_word' id='word_1_764' title='bbox 1565 5777 1621 5826; x_wconf 91' lang='lat' dir='ltr'><strong>Il,</strong></span> <span class='ocrx_word' id='word_1_765' title='bbox 1648 5763 1735 5818; x_wconf 63' lang='lat'><strong>‘20.</strong></span> 
     </span>
    </p>
   </div>
   <div class='ocr_carea' id='block_1_104' title="bbox 259 5833 739 5898">
    <p class='ocr_par' dir='ltr' id='par_1_104' title="bbox 259 5833 739 5898">
     <span class='ocr_line' id='line_1_104' title="bbox 259 5833 739 5898; baseline -0.004 -8"><span class='ocrx_word' id='word_1_766' title='bbox 259 5833 304 5864; x_wconf 75' lang='lat'><em>&quot;</em></span> <span class='ocrx_word' id='word_1_767' title='bbox 332 5835 485 5890; x_wconf 68' lang='lat' dir='ltr'><strong>luam.</strong></span> <span class='ocrx_word' id='word_1_768' title='bbox 513 5852 620 5898; x_wconf 69' lang='lat' dir='ltr'><strong>1m,</strong></span> <span class='ocrx_word' id='word_1_769' title='bbox 653 5837 739 5890; x_wconf 74' lang='grc'><strong>55.</strong></span> 
     </span>
    </p>
   </div>
   <div class='ocr_carea' id='block_1_105' title="bbox 1922 4739 3511 4815">
    <p class='ocr_par' dir='ltr' id='par_1_105' title="bbox 1922 4739 3511 4815">
     <span class='ocr_line' id='line_1_105' title="bbox 1922 4739 3511 4815; baseline 0.004 -23"><span class='ocrx_word' id='word_1_770' title='bbox 1922 4739 2128 4794; x_wconf 79' lang='lat' dir='ltr'><strong>fectum</strong></span> <span class='ocrx_word' id='word_1_771' title='bbox 2161 4755 2226 4795; x_wconf 81' lang='lat' dir='ltr'><strong>ac</strong></span> <span class='ocrx_word' id='word_1_772' title='bbox 2273 4740 2564 4794; x_wconf 90' lang='lat' dir='ltr'><strong>libidinem</strong></span> <span class='ocrx_word' id='word_1_773' title='bbox 2599 4758 2709 4796; x_wconf 92' lang='lat' dir='ltr'><strong>non</strong></span> <span class='ocrx_word' id='word_1_774' title='bbox 2753 4743 2997 4813; x_wconf 88' lang='lat' dir='ltr'><strong>reliquit,</strong></span> <span class='ocrx_word' id='word_1_775' title='bbox 3037 4760 3258 4815; x_wconf 90' lang='lat' dir='ltr'><strong>semper</strong></span> <span class='ocrx_word' id='word_1_776' title='bbox 3289 4759 3511 4814; x_wconf 84' lang='lat' dir='ltr'><strong>pressu-</strong></span> 
     </span>
    </p>
   </div>
   <div class='ocr_carea' id='block_1_106' title="bbox 1924 4829 3559 4906">
    <p class='ocr_par' dir='ltr' id='par_1_106' title="bbox 1924 4829 3559 4906">
     <span class='ocr_line' id='line_1_106' title="bbox 1924 4829 3559 4906; baseline 0.004 -25"><span class='ocrx_word' id='word_1_777' title='bbox 1924 4843 2040 4882; x_wconf 86' lang='lat' dir='ltr'><strong>ram</strong></span> <span class='ocrx_word' id='word_1_778' title='bbox 2067 4829 2325 4895; x_wconf 87' lang='lat' dir='ltr'><strong>habebit;</strong></span> <span class='ocrx_word' id='word_1_779' title='bbox 2365 4831 2460 4899; x_wconf 92' lang='lat' dir='ltr'><strong>qui</strong></span> <span class='ocrx_word' id='word_1_780' title='bbox 2491 4847 2689 4901; x_wconf 89' lang='lat' dir='ltr'><strong>nempe</strong></span> <span class='ocrx_word' id='word_1_781' title='bbox 2716 4848 2823 4886; x_wconf 85' lang='lat' dir='ltr'><strong>una</strong></span> <span class='ocrx_word' id='word_1_782' title='bbox 2855 4848 2980 4887; x_wconf 91' lang='lat' dir='ltr'><strong>cum</strong></span> <span class='ocrx_word' id='word_1_783' title='bbox 3013 4834 3122 4888; x_wconf 91' lang='lat' dir='ltr'><strong>illis</strong></span> <span class='ocrx_word' id='word_1_784' title='bbox 3163 4850 3286 4901; x_wconf 61' lang='lat' dir='ltr'><strong>qua:</strong></span> <span class='ocrx_word' id='word_1_785' title='bbox 3311 4845 3508 4888; x_wconf 86' lang='lat' dir='ltr'><strong>natura</strong></span> <span class='ocrx_word' id='word_1_786' title='bbox 3533 4835 3559 4906; x_wconf 60' lang='grc' dir='ltr'>ξι</span> 
     </span>
    </p>
   </div>
   <div class='ocr_carea' id='block_1_107' title="bbox 1925 4911 3542 4992">
    <p class='ocr_par' dir='ltr' id='par_1_107' title="bbox 1925 4911 3542 4992">
     <span class='ocr_line' id='line_1_107' title="bbox 1925 4911 3542 4992; baseline 0.007 -18"><span class='ocrx_word' id='word_1_787' title='bbox 1925 4929 2230 4986; x_wconf 88' lang='lat' dir='ltr'><strong>mutantur,</strong></span> <span class='ocrx_word' id='word_1_788' title='bbox 2271 4922 2388 4992; x_wconf 89' lang='lat' dir='ltr'><strong>ipse</strong></span> <span class='ocrx_word' id='word_1_789' title='bbox 2429 4923 2658 4992; x_wconf 90' lang='lat' dir='ltr'><strong>perinde</strong></span> <span class='ocrx_word' id='word_1_790' title='bbox 2691 4925 2844 4980; x_wconf 82' lang='lat' dir='ltr'><strong>alius.</strong></span> <span class='ocrx_word' id='word_1_791' title='bbox 2871 4941 2939 4979; x_wconf 79' lang='lat' dir='ltr'><strong>ex</strong></span> <span class='ocrx_word' id='word_1_792' title='bbox 2963 4927 3073 4979; x_wconf 90' lang='lat' dir='ltr'><strong>alio</strong></span> <span class='ocrx_word' id='word_1_793' title='bbox 3097 4934 3362 4980; x_wconf 88' lang='lat' dir='ltr'><strong>mutetur.</strong></span> <span class='ocrx_word' id='word_1_794' title='bbox 3397 4927 3466 4980; x_wconf 81' lang='lat' dir='ltr'><strong>At</strong></span> <span class='ocrx_word' id='word_1_795' title='bbox 3493 4967 3506 4988; x_wconf 90' lang='lat'><strong>,</strong></span> <span class='ocrx_word' id='word_1_796' title='bbox 3529 4911 3542 4986; x_wconf 57' lang='grc' dir='ltr'>’ί</span> 
     </span>
    </p>
   </div>
   <div class='ocr_carea' id='block_1_108' title="bbox 1926 5013 3533 5089">
    <p class='ocr_par' dir='ltr' id='par_1_108' title="bbox 1926 5013 3533 5089">
     <span class='ocr_line' id='line_1_108' title="bbox 1926 5013 3533 5089; baseline 0.002 -23"><span class='ocrx_word' id='word_1_797' title='bbox 1926 5013 2022 5082; x_wconf 91' lang='lat' dir='ltr'><strong>qui</strong></span> <span class='ocrx_word' id='word_1_798' title='bbox 2062 5023 2258 5068; x_wconf 88' lang='lat' dir='ltr'><strong>nactus</strong></span> <span class='ocrx_word' id='word_1_799' title='bbox 2311 5024 2397 5068; x_wconf 89' lang='lat' dir='ltr'><strong>cst</strong></span> <span class='ocrx_word' id='word_1_800' title='bbox 2458 5022 2518 5068; x_wconf 93' lang='lat' dir='ltr'><strong>ut</strong></span> <span class='ocrx_word' id='word_1_801' title='bbox 2569 5016 2642 5070; x_wconf 88' lang='lat' dir='ltr'><strong>sit</strong></span> <span class='ocrx_word' id='word_1_802' title='bbox 2718 5017 2775 5069; x_wconf 91' lang='lat' dir='ltr'><strong>in</strong></span> <span class='ocrx_word' id='word_1_803' title='bbox 2819 5017 3071 5081; x_wconf 88' lang='lat' dir='ltr'><strong>Christo,</strong></span> <span class='ocrx_word' id='word_1_804' title='bbox 3126 5017 3335 5069; x_wconf 85' lang='lat' dir='ltr'><strong>nullam</strong></span> <span class='ocrx_word' id='word_1_805' title='bbox 3397 5019 3533 5089; x_wconf 65' lang='grc' dir='ltr'>ιιΗυί</span> 
     </span>
    </p>
   </div>
   <div class='ocr_carea' id='block_1_109' title="bbox 1926 5099 3539 5175">
    <p class='ocr_par' dir='ltr' id='par_1_109' title="bbox 1926 5099 3539 5175">
     <span class='ocr_line' id='line_1_109' title="bbox 1926 5099 3539 5175; baseline 0.001 -18"><span class='ocrx_word' id='word_1_806' title='bbox 1926 5103 2091 5158; x_wconf 89' lang='lat' dir='ltr'><strong>modo</strong></span> <span class='ocrx_word' id='word_1_807' title='bbox 2134 5104 2408 5173; x_wconf 89' lang='lat' dir='ltr'><strong>ejusmodi</strong></span> <span class='ocrx_word' id='word_1_808' title='bbox 2446 5121 2675 5160; x_wconf 86' lang='lat' dir='ltr'><strong>casuum</strong></span> <span class='ocrx_word' id='word_1_809' title='bbox 2714 5107 3198 5175; x_wconf 86' lang='lat' dir='ltr'><strong>mutationumque</strong></span> <span class='ocrx_word' id='word_1_810' title='bbox 3228 5099 3539 5172; x_wconf 64' lang='lat' dir='ltr'><strong>vicissitn-i</strong></span> 
     </span>
    </p>
   </div>
   <div class='ocr_carea' id='block_1_110' title="bbox 1925 5192 3509 5264">
    <p class='ocr_par' dir='ltr' id='par_1_110' title="bbox 1925 5192 3509 5264">
     <span class='ocr_line' id='line_1_110' title="bbox 1925 5192 3509 5264; baseline 0 -16"><span class='ocrx_word' id='word_1_811' title='bbox 1925 5192 2113 5248; x_wconf 89' lang='lat' dir='ltr'><strong>dinem</strong></span> <span class='ocrx_word' id='word_1_812' title='bbox 2138 5194 2300 5264; x_wconf 79' lang='lat'><strong>510</strong></span> <span class='ocrx_word' id='word_1_813' title='bbox 2327 5196 2550 5251; x_wconf 88' lang='lat' dir='ltr'><strong>sentiet.</strong></span> <span class='ocrx_word' id='word_1_814' title='bbox 2575 5197 2788 5253; x_wconf 88' lang='lat' dir='ltr'><strong>Idcirco</strong></span> <span class='ocrx_word' id='word_1_815' title='bbox 2808 5197 2886 5251; x_wconf 85' lang='lat' dir='ltr'><strong>ait</strong></span> <span class='ocrx_word' id='word_1_816' title='bbox 2914 5197 3180 5250; x_wconf 87' lang='lat' dir='ltr'><strong>Dominus</strong></span> <span class='ocrx_word' id='word_1_817' title='bbox 3216 5212 3230 5248; x_wconf 87' lang='lat'><strong>:</strong></span> <span class='ocrx_word' id='word_1_818' title='bbox 3267 5197 3391 5251; x_wconf 76' lang='lat' dir='ltr'><strong>ch</strong></span> <span class='ocrx_word' id='word_1_819' title='bbox 3429 5196 3509 5248; x_wconf 84' lang='lat' dir='ltr'><strong>lo-</strong></span> 
     </span>
    </p>
   </div>
   <div class='ocr_carea' id='block_1_111' title="bbox 1925 5288 3511 5361">
    <p class='ocr_par' dir='ltr' id='par_1_111' title="bbox 1925 5288 3511 5361">
     <span class='ocr_line' id='line_1_111' title="bbox 1925 5288 3511 5361; baseline 0.003 -22"><span class='ocrx_word' id='word_1_820' title='bbox 1925 5295 2076 5340; x_wconf 84' lang='lat' dir='ltr'><strong>cutus</strong></span> <span class='ocrx_word' id='word_1_821' title='bbox 2093 5302 2210 5338; x_wconf 89' lang='lat' dir='ltr'><strong>sum</strong></span> <span class='ocrx_word' id='word_1_822' title='bbox 2234 5288 2395 5352; x_wconf 83' lang='lat' dir='ltr'><strong>vobis,</strong></span> <span class='ocrx_word' id='word_1_823' title='bbox 2426 5290 2565 5342; x_wconf 80' lang='lat' dir='ltr'><strong>utin</strong></span> <span class='ocrx_word' id='word_1_824' title='bbox 2599 5306 2680 5342; x_wconf 87' lang='lat' dir='ltr'><strong>me</strong></span> <span class='ocrx_word' id='word_1_825' title='bbox 2702 5307 2884 5361; x_wconf 85' lang='lat' dir='ltr'><strong>pacem</strong></span> <span class='ocrx_word' id='word_1_826' title='bbox 2924 5291 3179 5345; x_wconf 80' lang='lat' dir='ltr'><strong>habeatis.</strong></span> <span class='ocrx_word' id='word_1_827' title='bbox 3215 5288 3278 5344; x_wconf 85' lang='lat' dir='ltr'><strong>In</strong></span> <span class='ocrx_word' id='word_1_828' title='bbox 3316 5292 3511 5344; x_wconf 79' lang='lat' dir='ltr'><strong>mundo</strong></span> 
     </span>
    </p>
   </div>
   <div class='ocr_carea' id='block_1_112' title="bbox 1928 5378 3511 5451">
    <p class='ocr_par' dir='ltr' id='par_1_112' title="bbox 1928 5378 3511 5451">
     <span class='ocr_line' id='line_1_112' title="bbox 1928 5378 3511 5451; baseline 0.002 -23"><span class='ocrx_word' id='word_1_829' title='bbox 1928 5392 2232 5446; x_wconf 80' lang='lat' dir='ltr'><strong>pressuram</strong></span> <span class='ocrx_word' id='word_1_830' title='bbox 2271 5378 2566 5446; x_wconf 87' lang='lat' dir='ltr'><strong>habebitis;</strong></span> <span class='ocrx_word' id='word_1_831' title='bbox 2610 5381 2700 5434; x_wconf 83' lang='lat' dir='ltr'><strong>sed</strong></span> <span class='ocrx_word' id='word_1_832' title='bbox 2753 5381 3030 5449; x_wconf 82' lang='lat' dir='ltr'><strong>conﬁdite;</strong></span> <span class='ocrx_word' id='word_1_833' title='bbox 3068 5398 3160 5451; x_wconf 83' lang='lat' dir='ltr'><strong>ego</strong></span> <span class='ocrx_word' id='word_1_834' title='bbox 3203 5382 3304 5435; x_wconf 86' lang='lat' dir='ltr'><strong>vici</strong></span> <span class='ocrx_word' id='word_1_835' title='bbox 3355 5398 3511 5433; x_wconf 82' lang='lat' dir='ltr'><strong>mun-</strong></span> 
     </span>
    </p>
   </div>
   <div class='ocr_carea' id='block_1_113' title="bbox 1931 5465 3512 5541">
    <p class='ocr_par' dir='ltr' id='par_1_113' title="bbox 1931 5465 3512 5541">
     <span class='ocr_line' id='line_1_113' title="bbox 1931 5465 3512 5541; baseline 0.004 -23"><span class='ocrx_word' id='word_1_836' title='bbox 1931 5466 2056 5519; x_wconf 83' lang='lat' dir='ltr'><strong>dum</strong></span> <span class='ocrx_word' id='word_1_837' title='bbox 2073 5465 2138 5520; x_wconf 68' lang='lat'><strong>“.</strong></span> <span class='ocrx_word' id='word_1_838' title='bbox 2161 5467 2224 5520; x_wconf 90' lang='lat' dir='ltr'><strong>In</strong></span> <span class='ocrx_word' id='word_1_839' title='bbox 2244 5482 2331 5522; x_wconf 92' lang='lat' dir='ltr'><strong>me</strong></span> <span class='ocrx_word' id='word_1_840' title='bbox 2365 5470 2594 5536; x_wconf 88' lang='lat' dir='ltr'><strong>scilicet,</strong></span> <span class='ocrx_word' id='word_1_841' title='bbox 2622 5473 2716 5541; x_wconf 92' lang='lat' dir='ltr'><strong>qui</strong></span> <span class='ocrx_word' id='word_1_842' title='bbox 2741 5473 2961 5527; x_wconf 88' lang='lat' dir='ltr'><strong>virtutis</strong></span> <span class='ocrx_word' id='word_1_843' title='bbox 2995 5474 3189 5528; x_wconf 88' lang='lat' dir='ltr'><strong>Sermo</strong></span> <span class='ocrx_word' id='word_1_844' title='bbox 3221 5473 3322 5526; x_wconf 89' lang='lat' dir='ltr'><strong>sim</strong></span> <span class='ocrx_word' id='word_1_845' title='bbox 3346 5481 3512 5540; x_wconf 86' lang='lat' dir='ltr'><strong>atque</strong></span> 
     </span>
    </p>
   </div>
   <div class='ocr_carea' id='block_1_114' title="bbox 1931 5559 3511 5628">
    <p class='ocr_par' dir='ltr' id='par_1_114' title="bbox 1931 5559 3511 5628">
     <span class='ocr_line' id='line_1_114' title="bbox 1931 5559 3511 5628; baseline 0.004 -17"><span class='ocrx_word' id='word_1_846' title='bbox 1931 5559 2096 5624; x_wconf 87' lang='lat' dir='ltr'><strong>ratio,</strong></span> <span class='ocrx_word' id='word_1_847' title='bbox 2130 5573 2320 5628; x_wconf 87' lang='lat' dir='ltr'><strong>pacem</strong></span> <span class='ocrx_word' id='word_1_848' title='bbox 2378 5561 2676 5627; x_wconf 88' lang='lat' dir='ltr'><strong>habebitis,</strong></span> <span class='ocrx_word' id='word_1_849' title='bbox 2725 5564 2999 5618; x_wconf 87' lang='lat' dir='ltr'><strong>liberatia</strong></span> <span class='ocrx_word' id='word_1_850' title='bbox 3031 5573 3381 5619; x_wconf 87' lang='lat' dir='ltr'><strong>terrenorum</strong></span> <span class='ocrx_word' id='word_1_851' title='bbox 3433 5565 3511 5618; x_wconf 78' lang='lat' dir='ltr'><strong>af-</strong></span> 
     </span>
    </p>
   </div>
   <div class='ocr_carea' id='block_1_115' title="bbox 1929 5648 3508 5725">
    <p class='ocr_par' dir='ltr' id='par_1_115' title="bbox 1929 5648 3508 5725">
     <span class='ocr_line' id='line_1_115' title="bbox 1929 5648 3508 5725; baseline 0.006 -24"><span class='ocrx_word' id='word_1_852' title='bbox 1929 5648 2175 5703; x_wconf 80' lang='lat' dir='ltr'><strong>fectuum</strong></span> <span class='ocrx_word' id='word_1_853' title='bbox 2228 5666 2526 5722; x_wconf 89' lang='lat' dir='ltr'><strong>rerumque</strong></span> <span class='ocrx_word' id='word_1_854' title='bbox 2567 5669 2709 5708; x_wconf 76' lang='lat' dir='ltr'><strong>cmca</strong></span> <span class='ocrx_word' id='word_1_855' title='bbox 2753 5655 3025 5725; x_wconf 84' lang='lat' dir='ltr'><strong>vertigine</strong></span> <span class='ocrx_word' id='word_1_856' title='bbox 3057 5671 3121 5710; x_wconf 89' lang='lat' dir='ltr'><strong>ac</strong></span> <span class='ocrx_word' id='word_1_857' title='bbox 3155 5655 3508 5721; x_wconf 88' lang='lat' dir='ltr'><strong>turbatione;</strong></span> 
     </span>
    </p>
   </div>
   <div class='ocr_carea' id='block_1_116' title="bbox 1850 5763 3507 5835">
    <p class='ocr_par' dir='ltr' id='par_1_116' title="bbox 1850 5763 3507 5835">
     <span class='ocr_line' id='line_1_116' title="bbox 1850 5763 3507 5835; baseline -0.001 -11"><span class='ocrx_word' id='word_1_858' title='bbox 1850 5765 1888 5796; x_wconf 81' lang='grc'><strong>⁸⁸</strong></span> <span class='ocrx_word' id='word_1_859' title='bbox 1917 5763 2089 5824; x_wconf 81' lang='lat' dir='ltr'><strong>lCor.</strong></span> <span class='ocrx_word' id='word_1_860' title='bbox 2120 5782 2208 5832; x_wconf 80' lang='lat' dir='ltr'><strong>xv,</strong></span> <span class='ocrx_word' id='word_1_861' title='bbox 2233 5768 2318 5823; x_wconf 66' lang='lat' dir='ltr'><strong>t9.</strong></span> <span class='ocrx_word' id='word_1_862' title='bbox 2395 5767 2438 5797; x_wconf 73' lang='grc' dir='ltr'>θ’</span> <span class='ocrx_word' id='word_1_863' title='bbox 2467 5767 2622 5824; x_wconf 83' lang='lat' dir='ltr'><strong>.loan.</strong></span> <span class='ocrx_word' id='word_1_864' title='bbox 2679 5787 2784 5835; x_wconf 72' lang='lat' dir='ltr'><strong>xvi,</strong></span> <span class='ocrx_word' id='word_1_865' title='bbox 2814 5769 2903 5823; x_wconf 71' lang='lat'><strong>27.</strong></span> <span class='ocrx_word' id='word_1_866' title='bbox 2982 5770 3026 5801; x_wconf 77' lang='lat'><strong>“</strong></span> <span class='ocrx_word' id='word_1_867' title='bbox 3073 5768 3283 5824; x_wconf 85' lang='lat' dir='ltr'><strong>Coloss.</strong></span> <span class='ocrx_word' id='word_1_868' title='bbox 3328 5785 3406 5835; x_wconf 83' lang='grc' dir='ltr'>ιιι,</span> <span class='ocrx_word' id='word_1_869' title='bbox 3455 5767 3507 5822; x_wconf 79' lang='grc'>5.</span> 
     </span>
    </p>
   </div>
  </div>
