3930 6324
429 345 559 411 tm
1572 355 1632 415 s.
1671 355 1957 420 MAXIMI
1996 354 2504 417 CONFESSORIS
3589 338 3736 404 Ηῖὲ

428 467 482 520 in
532 463 740 520 mundo
783 477 966 522 autem
991 507 1006 532 ,
1051 474 1401 524 terrenorum
1435 468 1647 525 scilicet
1678 471 2011 540 procliviore

2132 490 2344 530 ττωσιν.
2373 475 2566 545 Θλίψιν
2609 475 2716 544 γάρ
2748 473 2938 544 ἔχουσι
2969 471 3294 542 ἀμφότεροι,
3335 468 3436 522 καὶ
3464 468 3496 521 ὁ
3541 463 3733 536 πράτ-

425 556 662 624 atl'ectu,
720 573 1074 628 pressuram;
1121 567 1349 631 pr0ptcr
1379 561 1646 616 nimirum
1687 563 2011 617 continuam

2132 582 2219 618 πων
2247 565 2348 637 τὴν
2381 566 2605 638 ἀρετὴν,
2657 566 2748 620 διὰ
2780 565 2873 618 τὸν
2923 564 3066 635 αὐτῇ
3126 559 3484 632 συνημμένον
3536 557 3730 610 πόνων·

429 649 651 706 illorum
677 651 838 706 aliam
859 652 1135 723 aliamque
1169 653 1558 709 mutationem.
1583 654 1828 725 Uterque
1852 671 2012 710 nam-

2132 655 2208 709 ιαὶ
2235 656 2265 709 ό
2305 655 2397 709 τὸν
2425 656 2632 728 κόσμον
2656 655 2913 724 ἀγαπῶν,
2947 653 3036 708 διὰ
3068 652 3168 721 τὴν
3212 652 3320 705 τῶν
3351 648 3572 704 ὑλικῶν
3593 645 3734 698 ἀπο-

429 756 534 810 que
567 757 881 810 prcssuram
913 743 1102 809 habet,
1127 753 1242 797 tum
1279 743 1489 798 scilicet
1519 744 1612 814 qui
1637 743 1899 798 virtutem
1921 759 2014 799 co-

2132 744 2326 815 τυχίαν·
2361 745 2478 798 ἀλλ’
2505 747 2534 799 ὁ
2566 745 2685 816 μὲν.
2708 744 2890 814 θλίψιν
2921 744 3208 814 σωτήριονο
3243 743 3272 795 ό
3300 741 3382 804 δὲ,
3405 737 3733 809 φθαρτικὴν

429 832 511 896 lit,
548 832 620 887 ob
649 833 1008 904 coniunctum
1055 833 1106 888 ei
1146 833 1429 898 laborem;
1463 843 1580 888 tum
1625 833 1720 904 qui
1746 833 2012 888 mundum

2132 838 2211 891 cal.
2253 838 2516 909 ὀλέθριον.
2581 838 2939 911 ’Δμφοτέρων
2985 837 3043 890 δέ
3094 838 3241 890 ἐστιν
3285 837 3314 888 ὁ
3363 833 3589 902 Κύριος
3638 829 3735 883 h-

429 915 626 996 diligit,
642 925 788 996 quod
811 927 1046 982 terrenis
1071 926 1667 997 plerumquefrustrari
1691 927 2007 997 contingat:

2132 946 2241 993 εσις
2268 945 2279 956 ·
2313 930 2408 986 τοῦ
2439 932 2560 1002 μὲν,
2610 931 2946 986 καταπαύων
2975 933 3033 984 ὲν
3063 927 3240 1000 ἐαυτῷ
3273 926 3420 981 κατά
3451 924 3559 996 τὴν
3590 923 3730 976 θεω-

430 1026 590 1085 atque
643 1016 793 1072 illius
820 1017 1046 1087 quidem
1091 1017 1329 1072 salubris
1377 1033 1671 1086 pressura;
1706 1016 1874 1087 hujus
1909 1031 2009 1070 au-

2132 1021 2244 1074 οίαν
2281 1023 2349 1074 δι’
2389 1022 2659 1086 ἀπαθείας
2704 1024 2832 1086 τοὺς
2878 1021 3073 1084 πόνους
3098 1018 3208 1072 τῶν
3239 1015 3481 1086 ἀρετῶν·
3513 1012 3620 1066 τοῦ
3650 1013 3728 1074 δὲ,

430 1115 561 1173 tem,
619 1107 780 1176 plane
826 1109 989 1163 noxia
1037 1117 1093 1163 et
1140 1107 1395 1163 exitiosa.
1451 1107 1528 1162 Ac
1569 1122 1702 1162 vero
1745 1106 2013 1160 Dominus

2132 1111 2218 1180 τὴν
2253 1113 2390 1184 πρὸς
2434 1115 2505 1168 τὰ
2550 1114 2886 1184 φθειρόμενα
2919 1111 3174 1184 σχετικὴν
3211 1106 3610 1182 προσπάοειαν
3646 1103 3734 1156 διὰ

431 1206 725 1269 utrumque
746 1200 934 1255 labore
967 1202 1113 1255 levat
1141 1216 1205 1255 ac
1233 1200 1442 1265 reiicit;
1477 1200 1712 1255 alterum
1745 1199 1970 1269 quidem
1997 1239 2011 1261 ,

2132 1203 2218 1271 τῆς
2255 1205 2545 1274 μετανοίας
2571 1207 2997 1278 ἀφαιρούμενος.

431 1291 574 1361 quod
601 1293 655 1346 in
680 1307 738 1347 se
765 1295 880 1362 ipse
899 1293 1355 1349 virtutislabores
1384 1295 1873 1364 contemplationis
1893 1294 2008 1348 otio
2046 1307 2148 1362 per
2173 1295 2732 1366 imperturbationem
2754 1314 2973 1355 cessare
3024 1297 3230 1362 faciat;
3259 1294 3504 1350 alterum
3570 1307 3729 1347 vero.

431 1381 576 1454 quod
609 1381 1051 1437 libidinosiorem
1099 1384 1168 1438 ad
1211 1399 1299 1438 res
1345 1385 1690 1454 corruptioni
1745 1384 2015 1439 obnoxias
2051 1383 2335 1455 affectum,
2371 1391 2700 1460 pcenitentia
2724 1391 2961 1446 auferat.

495 1471 585 1528 96.
635 1473 767 1540 Quae
813 1474 869 1528 in
935 1475 1099 1530 titulo
1147 1477 1469 1547 prmscripta
1529 1483 1653 1532 erat
1711 1475 2019 1532 Salvatoris

2187 1478 2302 1546 119,-
2359 1481 2425 1534 Ἦ
2470 1483 2529 1534 ἐν
2564 1483 2642 1552 τῷ
2670 1483 2835 1552 τίτλῳ
2873 1479 3170 1552 προγραφὴ
3196 1479 3296 1548 τῆς
3322 1476 3421 1530 τοῦ
3463 1475 3732 1544 Σωτῆρος

430 1580 616 1631 causa,
653 1581 782 1620 eum
819 1567 912 1636 qui
945 1569 1098 1622 cruci
1156 1567 1349 1624 atiixus
1405 1579 1566 1633 erat,
1619 1569 1897 1623 studentis
1924 1585 2016 1623 ac-

2132 1573 2318 1636 ιίτίας,
2345 1575 2657 1645 πρακτικῆς
2687 1575 2781 1627 καὶ
2811 1576 3051 1644 φυσικῆς
3077 1573 3171 1626 καὶ
3203 1568 3536 1638 θεολογικῆς
3569 1567 3729 1636 φιλο-

432 1657 588 1724 ιίοιιί,
624 1659 892 1714 naturalis
947 1674 1012 1714 ae
1047 1660 1248 1717 divina:
1297 1661 1666 1733 philosophia:
1717 1661 1921 1731 Regem
1952 1676 2016 1714 ac

2132 1664 2311 1732 τοφέας
2359 1665 2491 1720 ὄντα
2548 1666 2788 1720 Βασιλέα
2835 1666 2926 1720 τὸν
2970 1663 3361 1736 σταυρωθέντα
3393 1659 3598 1729 σαςρῶς
3636 1659 3730 1711 καὶ

431 1722 721 1806 Dominum
748 1753 963 1823 liquido
1008 1722 1356 1810 ostendebat.
1392 1755 1484 1810 Ait
1509 1722 1660 1810 enim
1696 1722 2011 1824 Scriptura,

2132 1722 2326 1828 Κόριον
2363 1757 2554 1823 ἔδειξε.
2615 1759 2920 1828 Ῥωμαϊστὶ
2957 1757 3089 1829 γὰρ,
3115 1722 3224 1810 ’καὶ
3262 1722 3605 1826 Ἑλληνιστὶ,
3635 1754 3730 1806 καὶ

431 1845 600 1901 fuisse
628 1845 844 1910 Latine,
873 1846 1060 1907 Graece
1112 1858 1170 1902 et
1211 1846 1482 1902 Hebraice
1539 1848 1807 1917 scriptum
1837 1848 1900 1900 ⁸⁵.
1932 1845 2020 1900 ln~

432 1936 617 2008 telligo
644 1945 830 1992 autem
859 1937 1008 2007 quod
1034 1933 1231 1992 Latine
1257 1939 1498 2008 scriptus
1524 1939 1720 1994 titulus
1748 1946 1890 2003 erat,
1930 1954 2018 1993 ac-

433 2026 570 2080 tioni
607 2027 922 2082 studentem
975 2029 1385 2099 phiIOSOphiam
1417 2068 1430 2094 ,
1463 2029 1613 2100 quod
1661 2028 1876 2085 scilicet
1929 2045 2018 2084 re-

432 2131 601 2187 gnum
628 2117 1002 2172 Romanorum
1025 2134 1091 2173 ex
1110 2119 1352 2174 Danielis
1367 2119 1718 2184 sententia“,
1743 2119 2019 2175 universis

433 2210 617 2280 regnis
641 2217 807 2266 terra:
822 2210 1023 2267 fortius
1067 2227 1193 2267 esse
1227 2219 1573 2282 compertum
1597 2213 1670 2268 sit
1704 2229 1718 2279 ;
1747 2211 2018 2267 fortitudo

432 2311 640 2367 autem,
672 2302 717 2358 si
738 2303 872 2374 quid
895 2303 1066 2369 aliud,
1097 2303 1371 2360 actionem
1413 2305 1618 2359 colenti
1655 2303 2020 2374 philosophiae

433 2392 656 2463 propria
681 2392 914 2449 exsistit.
933 2393 1090 2460 Quod
1121 2403 1306 2449 autem
1326 2391 1535 2457 Grzece,
1565 2391 1874 2447 naturalem
1895 2406 2022 2461 spe-

432 2484 791 2549 culationem,
824 2485 974 2555 quod
1017 2475 1283 2539 nimirum
1331 2484 1646 2540 Greecorum
1690 2499 1825 2555 gens
1853 2499 2020 2554 supra

433 2576 678 2647 reliquos
737 2578 1000 2633 mortales
1057 2578 1296 2633 naturali
1353 2577 1721 2648 philosophia:
1781 2576 2020 2631 maxime

432 2681 657 2736 operam
710 2668 1016 2723 navaverit.
1047 2667 1205 2734 Quod
1259 2682 1388 2722 vero
1434 2667 1728 2730 Hebraice,
1776 2665 2019 2720 divinam

433 2755 585 2812 illam
605 2759 1002 2814 abstrusiorem
1028 2759 1358 2825 doctrinam,
1385 2758 1533 2828 quod
1555 2758 1686 2814 olim
1719 2758 1895 2827 palam
1919 2756 2022 2810 He-

434 2845 710 2903 bmorum
773 2848 1013 2920 populus
1067 2850 1213 2904 avita
1256 2849 1462 2922 pietate
1498 2849 1592 2902 Dei
1643 2848 1826 2903 cultor
1854 2847 2021 2902 exsti-

435 2936 583 2992 terit.

2132 1849 2409 1922 Ἐϐραϊστί
2441 1867 2605 1920 φησιν
2648 1849 3068 1920 ἀναγεγράφθαι
3119 1848 3182 1901 τὸ
3219 1847 3425 1915 λόγιον.
3479 1844 3618 1899 Nec?)
3651 1844 3726 1904 δὲ,

2117 1941 2206 1994 διὰ
2267 1943 2367 2012 μὲν
2420 1943 2517 1995 τοῦ
2567 1943 2898 2014 Ῥωμαϊστὶ,
2954 1943 3055 2011 τὴν
3101 1940 3444 2013 πρακτικήν·
3498 1937 3580 2002 ὡς
3628 1937 3728 2006 τῆς

2130 2034 2420 2106 Ῥωμαίων
2468 2036 2749 2107 βασιλείας
2802 2036 2944 2091 κατὰ
2992 2035 3087 2088 τὸν
3152 2033 3352 2104 Δανιὴλ
3401 2029 3729 2103 ὁρισθείσης

2119 2121 2259 2180 εἶναι
2292 2126 2480 2182 πασῶν
2513 2127 2921 2198 ἀνδρικωτέρας
2965 2127 3075 2181 τῶν
3115 2127 3210 2180 ἐπὶ
3249 2125 3357 2194 γῆς
3395 2121 3723 2193 βασιλειῶν

2119 2215 2434 2286 πρακτικῆς
2478 2214 2536 2268 δὲ
2580 2214 2735 2278 ἴδιον,
2784 2215 2944 2284 εἴπερ
2977 2231 3030 2267 τι
3063 2213 3213 2276 ἄλλο,
3241 2213 3275 2282 ἡ
3322 2209 3587 2280 ἀνδρεία.
3625 2207 3725 2261 Διά

2119 2305 2178 2359 δὲ
2204 2307 2300 2360 τοῦ
2339 2305 2666 2378 Ἑλληνιστὶ,
2694 2306 2792 2378 τὴν
2818 2305 3056 2376 φυσικὴν
3102 2303 3362 2375 θεωρίαν·
3405 2302 3492 2364 ὡς
3523 2299 3726 2372 μᾶλλον

2120 2397 2214 2451 τοῦ
2261 2398 2536 2468 Ἑλλήνων
2561 2397 2750 2463 ἔθνους
2775 2398 2928 2470 παρά
2951 2399 3079 2460 τοὺς
3103 2395 3332 2459 λοιποὺς
3363 2392 3722 2464 ἀνθ

2120 2495 2186 2562 τῇ
2263 2494 2468 2563 φυσικῇ
2539 2493 2906 2562 σχολάσαντος
2967 2488 3280 2560 φιλοσοφίᾳ.
3350 2486 3454 2540 Διὰ
3515 2486 3576 2538 δὲ
3628 2483 3723 2537 τοῦ

2134 2579 2438 2648 Ἐϐραϊστὶ,
2476 2579 2578 2650 τὴν
2634 2578 2957 2649 θεολογικὴν
3013 2574 3406 2648 μυσταγωγίαν
3428 2586 3444 2602 °
3499 2572 3580 2636 ὡς
3627 2571 3724 2624 τοῦ

2123 2669 2312 2734 ἔθνους
2357 2668 2550 2722 τούτου
2619 2669 2907 2741 προδήλως
2959 2665 3226 2720 ἀνέκαθεν
3285 2664 3366 2736 τῷ
3411 2662 3540 2734 Θεῷ
3593 2663 3726 2725 τοὺς

2124 2763 2366 2834 πατέρας
2391 2763 2768 2828 ἀνατεθέντος.

508 3029 596 3084 97.
620 3033 814 3100 Operm
842 3033 1081 3101 pretium
1105 3043 1211 3096 est,
1245 3042 1306 3088 ut
1335 3033 1538 3087 nedum
1563 3032 1870 3102 corporalia
1890 3031 2020 3085 vitia

2196 3031 2300 3095 11's"-
2356 3031 2450 3080 Δεῖ
2489 3030 2565 3098 μὴ
2602 3029 2762 3099 μόνον
2791 3030 2939 3100 ἡμᾶς
2980 3023 3120 3083 εῖναι
3157 3025 3348 3082 παθῶν
3382 3024 3722 3096 σωματικῶν

436 3120 776 3192 aﬂectusque
802 3139 1084 3190 necemus,
1107 3140 1298 3179 verum
1321 3125 1486 3178 etiam
1505 3123 1832 3178 libidinosas
1852 3121 2020 3177 animi

438 3215 800 3286 cogitationes
837 3217 1155 3285 perdamus,
1192 3233 1296 3287 pro
1331 3217 1477 3272 illius
1511 3216 1687 3272 sancti
1718 3231 1894 3280 more,
1928 3217 2022 3286 qui

438 3308 563 3362 ait:
603 3309 670 3361 In
735 3309 997 3361 matutino
1063 3309 1449 3378 interﬁciebam
1514 3325 1692 3362 omnes
1726 3319 2024 3379 peccatores

440 3407 615 3466 terrm,
652 3408 709 3454 ut
731 3402 1088 3470 dispcrclerem
1111 3401 1174 3454 de
1209 3403 1420 3454 civitate
1455 3401 1664 3454 Domini
1695 3417 1874 3455 omnes
1905 3417 2026 3470 epe-

440 3503 620 3548 rantes
672 3495 1106 3564 iniquitatem";
1162 3503 1274 3549 tum
1339 3495 1551 3549 scilicet
1582 3493 1836 3563 corporis
1866 3495 2020 3556 vitia,

441 3591 556 3638 tum
588 3583 778 3653 inique
812 3595 1038 3655 agentes
1073 3586 1242 3639 animi
1275 3587 1664 3656 cogitationes.

511 3763 600 3818 98.
635 3762 739 3832 Qui
772 3766 916 3820 viam
948 3767 1241 3833 virtutum,
1280 3769 1417 3822 nihil
1453 3769 1506 3822 in
1549 3770 1869 3825 alterutram
1896 3785 2022 3838 par-

441 3866 550 3911 tem
601 3857 970 3923 declinando,
1019 3861 1110 3931 pia
1149 3873 1412 3934 rectaque
1445 3862 1603 3933 511
1659 3863 1891 3918 scientia
1932 3879 2025 3917 co-

440 3949 594 4014 mite,
642 3951 862 4008 illzesam
904 3952 1285 4024 integramque
1325 3955 1667 4017 servaverit,
1699 3955 1794 4009 Dei
1848 3955 1916 4009 ad
1965 3971 2024 4010 se

438 4039 733 4097 adventum
760 4043 1276 4113 imperturbationis
1299 4047 1580 4115 animique
1609 4046 2025 4115 tranquillita'.is

439 4148 670 4189 munere
698 4135 984 4206 intelliget.
1022 4137 1115 4192 Ait
1151 4139 1300 4192 enim
1326 4157 1338 4193 :
1367 4138 1610 4193 Psallam
1645 4148 1692 4192 et
1720 4139 2022 4208 intelligam

437 4224 493 4278 in
523 4227 609 4280 via
632 4227 1010 4294 immaculata,
1043 4231 1256 4300 quando
1285 4233 1456 4285 venies
1480 4230 1549 4284 ad
1572 4246 1652 4284 me
1680 4230 1746 4284 θη.
1771 4229 2022 4284 Psalmus

435 4315 584 4370 enim
634 4319 937 4375 studiosam
973 4336 1152 4392 exque
1199 4321 1425 4378 virtutis
1475 4321 1690 4378 ratione
1742 4322 2018 4378 actionem

2129 3117 2415 3188 φονευτάς,
2455 3119 2592 3172 ἀλλὰ
2624 3119 2720 3172 καὶ
2759 3119 2865 3172 τῶν
2892 3119 3034 3173 κατά
3057 3119 3237 3190 ψυχὴν
3263 3115 3535 3188 ὲμπαθῶν
3573 3116 3722 3184 λογι-

2130 3211 2282 3280 σμῶν
2313 3210 2602 3282 ὀλετῆρας,
2633 3212 2776 3266 κατᾶ
2814 3213 2907 3266 τὸν
2951 3212 3180 3281 λέγοντα
3219 3211 3395 3280 ἃγιοψ
3451 3209 3561 3276 Εἰς
3615 3208 3720 3273 τὰς

2128 3303 2352 3369 πρωΐας
2388 3303 2724 3358 ἀπέκτενον
2755 3304 2988 3372 πάντας
3011 3304 3154 3370 τοὺς
3183 3300 3587 3372 ἁμαρτωλοὺς
3613 3299 3720 3367 τῆς

2127 3395 2260 3463 γῆς·
2291 3394 2398 3449 τοῦ
2425 3396 2853 3466 ἐξολοθρεῦσαι
2877 3397 2946 3450 ἐκ
2972 3398 3199 3462 πόλεως
3232 3396 3456 3461 Κυρίου
3485 3391 3720 3458 πάντας

2127 3490 2270 3553 τοὺς
2298 3486 2726 3558 ἐργαζομένους
2758 3488 2872 3556 τὴν
2909 3490 3186 3557 ἀνομίαν
3214 3484 3489 3544 τουτέστι.
3532 3482 3603 3537 τά
3625 3483 3716 3536 τοῦ

2129 3580 2380 3650 σώματος
2415 3579 2584 3650 πάθη,
2631 3581 2723 3633 καὶ
2758 3582 2856 3651 τῆς
2893 3580 3069 3651 ψυχῆς
3099 3580 3225 3641 τοὺς
3254 3575 3600 3646 ἀνομοιῖντας
3637 3575 3717 3629 λο-

2127 3673 2382 3743 γισμούς.

2197 3763 2306 3836 ιη’.
2352 3765 2410 3819 ’0
2433 3766 2531 3838 τὴν
2566 3765 2684 3820 ὁδὸν
2712 3766 2821 3819 τῶν
2858 3764 3071 3834 ἀρετῶν
3125 3764 3295 3835 χωρὶς
3324 3763 3426 3833 τῆς
3457 3763 3546 3831 ἐφ’
3586 3761 3717 3815 ἑκά-

2126 3877 2262 3930 τερα
2297 3860 2473 3931 ῥοπῆς
2513 3860 2635 3930 μετ’
2667 3858 2925 3922 εὐσεϐοῦς
2974 3859 3067 3912 καὶ
3095 3857 3264 3927 ὀρθῆς
3293 3855 3554 3924 γνώσεως
3591 3871 3718 3908 συν.

2126 3952 2373 4022 τηρήσας
2409 3952 2712 4024 ἀλώὸητον,
2759 3951 2964 4006 εἴσεται
2996 3952 3095 4022 τὴν
3134 3949 3429 4020 γινομένην
3459 3949 3600 4019 πρὸς
3626 3949 3716 4000 αὖ-

2124 4049 2219 4101 τὸν
2249 4048 2346 4103 τοῦ
2387 4049 2523 4103 Θεοῦ
2568 4050 2660 4103 διὰ
2688 4049 2787 4120 τῆς
2836 4047 3107 4108 ἀπαθείας
3158 4045 3486 4116 παρουσίαν.
3538 4042 3717 4098 Vult}

2125 4139 2256 4210 γὰρ,
2301 4141 2401 4194 καὶ
2460 4139 2716 4209 συνήσω
2761 4138 2833 4192 ἐν
2872 4136 2992 4202 ὀδῷ
3040 4135 3256 4205 ἀμώμῳ
3282 4173 3298 4196 ,
3349 4134 3496 4187 πότε
3555 4133 3718 4200 ἥξεις

2125 4233 2278 4299 πρός
2312 4249 2412 4302 με.
2458 4232 2518 4286 '0
2547 4231 2660 4302 γὰρ
2701 4229 2912 4300 eam;
2956 4229 3056 4297 τὴν
3102 4229 3361 4299 ἐνάρετον
3395 4226 3604 4296 πρᾶξιν
3628 4225 3718 4295 81;-

2125 4322 2228 4376 λοῖ’
2265 4324 2300 4392 ἡ
2337 4322 2394 4376 δὲ
2431 4322 2667 4386 σύνεσις,
2697 4321 2802 4392 τὴν
2830 4323 2916 4375 ἐπ’
2940 4321 3111 4391 ἀρετῇ
3143 4316 3459 4387 γνωστικὴν
3494 4317 3719 4384 ἐπιστή-

437 4409 738 4482 significat;
772 4413 1136 4485 intelligentia
1164 4429 1319 4483 vero,
1351 4431 1473 4486 quae
1504 4431 1534 4470 a
1562 4417 1772 4472 virtute
1799 4415 2019 4471 accedit

2132 4431 2257 4486 μην⁶
2293 4414 2512 4487 καθ’ἥν
2547 4416 2647 4486 τῆς
2677 4413 2827 4478 θείας
2862 4412 3180 4468 αἰσθάνεται
3212 4410 3545 4481 παρουσίας,
3586 4411 3615 4462 ὁ
3651 4409 3715 4463 δι’

438 4502 720 4572 sapientia:
749 4503 920 4559 radiis
944 4505 1213 4560 nitentem
1252 4505 1576 4561 scientiam:
1609 4521 1716 4576 qua
1766 4505 2017 4562 divinum

2123 4507 2431 4576 ἀγρυπνίας
2465 4505 2575 4560 τῶν
2627 4506 2836 4577 ἀρετῶν
2883 4503 3322 4576 προσδεχόμενος
3367 4503 3463 4556 τὸν
3513 4503 3715 4574 Κύριον

439 4596 789 4664 persentiscit
817 4597 1146 4664 adventum,
1181 4598 1276 4669 qui
1305 4599 1574 4653 virtutum
1601 4600 1754 4655 cultu
1785 4599 2021 4670 pervigil
2121 4599 2308 4654 αὐτοῦ.

440 4700 506 4741 ac
540 4694 800 4742 strenuus
823 4689 1115 4744 Dominum
1149 4705 1312 4744 suum
1334 4698 1634 4760 exspectat.

511 4798 602 4853 99.
635 4799 788 4853 Haud
821 4817 916 4870 par
944 4811 1064 4868 est,
1093 4813 1155 4858 ut
1180 4805 1272 4874 qui
1305 4805 1548 4860 novitius
1589 4822 1653 4862 ac
1685 4807 1790 4861 tiro
1815 4807 1881 4862 ad
1907 4809 2023 4877 pie-

444 4901 612 4949 tatem
646 4892 950 4960 inducitur,
978 4896 1094 4951 sola
1123 4897 1366 4953 bonitate
1392 4899 1458 4953 ad
1489 4899 1747 4954 mandata
1781 4909 1904 4956 actu
1929 4916 2030 4955 ex-

444 4985 723 5055 sequenda
741 4985 1004 5054 ducatur;
1040 4988 1136 5044 sed
1170 4999 1230 5045 ut
1259 4991 1424 5044 etiam
1453 4990 1766 5046 divinorum
1786 4992 2027 5063 judicio-

446 5093 567 5133 rum
594 5095 826 5145 memor,
883 5082 1165 5138 severiore
1209 5083 1359 5138 cultu
1391 5098 1455 5138 ac
1488 5083 1808 5154 disciplina,
1840 5093 2026 5140 certa-

444 5170 593 5225 mine
622 5171 877 5227 crebrius
903 5171 1237 5244 defungatur
1273 5190 1288 5239 ;
1347 5182 1408 5228 ut
1433 5174 1638 5229 nedum
1669 5174 1855 5230 divina
1881 5176 2026 5230 desi-

443 5261 601 5317 derio
629 5270 796 5329 amet,
830 5263 924 5318 sed
953 5272 1011 5319 et
1052 5274 1204 5320 metu
1234 5281 1264 5321 a
1295 5266 1448 5320 vitiis
1483 5275 1788 5337 temperet:
1813 5267 2026 5323 Miseri-

443 5356 676 5410 cordiam
697 5357 835 5409 enim
859 5366 908 5411 et
931 5358 1196 5428 judicium
1225 5359 1450 5412 cantabo
1492 5360 1602 5424 tibi,
1630 5359 1896 5415 Domine"
1920 5379 1933 5426 ;
1965 5372 2026 5415 ut

443 5458 630 5499 amore
656 5446 902 5514 gaudens
935 5447 1104 5502 Deum
1140 5448 1472 5518 alloquetur,
1495 5457 1551 5503 et
1597 5449 1663 5502 ad
1695 5451 1873 5504 laudis
1891 5466 2022 5504 can-

447 5533 616 5591 ticum
650 5537 849 5592 timore
871 5537 1104 5594 duratu’s
1133 5539 1454 5595 contendat.

518 5626 639 5681 100.
671 5627 775 5694 Qui
804 5628 1029 5686 virtutis
1067 5645 1130 5685 ac
1161 5629 1406 5685 scientia:
1437 5633 1586 5687 cultu
1616 5648 1816 5702 corpus
1838 5631 2022 5685 animo

524 5781 566 5813 “
595 5780 750 5835 Joan.
795 5799 902 5852 xu,
941 5786 1030 5840 το.
1107 5787 1150 5817 ⁸⁸
1181 5788 1312 5841 Dan.
1353 5803 1466 5852 τω,
1506 5787 1553 5840 5.

2196 4801 2301 4871 ἥθ’.
2337 4803 2410 4856 Οὐ
2437 4802 2519 4855 δεῖ
2551 4801 2642 4852 τὸν
2670 4796 3028 4868 εἰσαγόμενον
3053 4798 3134 4859 εἰς
3163 4795 3469 4857 εὐσέϐειαν,
3503 4795 3596 4849 διὰ
3624 4795 3704 4866 μό-

2127 4913 2224 4966 νης
2253 4893 2487 4964 ἄγεσθαι
2524 4893 2892 4964 χρηστότητος
2941 4889 3076 4961 πρὸς
3104 4889 3205 4958 τὴν
3256 4888 3458 4958 πρᾶξιν
3486 4887 3600 4940 τῶν
3631 4889 3711 4940 tv-

2125 4986 2317 5051 τολῶν,
2342 4985 2482 5039 ἀλλὰ
2517 4983 2625 5054 μὴν
2661 4983 2758 5037 καὶ
2805 4984 2872 5054 τῇ
2923 4986 3116 5054 μνήμῃ
3150 4981 3261 5033 τῶν
3301 4980 3468 5032 θείων
3495 4979 3711 5034 δικαιω-

2128 5081 2338 5151 μάτων,
2381 5077 2451 5131 δι⁹
2485 5075 2794 5146 ἀποτομίας
2844 5073 3174 5143 συχνότερον
3225 5071 3390 5125 αὑτὸν
3433 5071 3708 5138 ἀγιεινξσαο

2127 5173 2270 5224 σθαι·
2299 5169 2385 5238 ἐφ’
2405 5161 2449 5236 ᾧ
2478 5167 2551 5240 μὴ
2583 5167 2743 5237 μόνον
2765 5164 2915 5234 πόθῳ
2939 5163 3049 5215 τῶν
3077 5162 3239 5214 θεῖων
3270 5161 3425 5231 ὲρᾷν,
3458 5159 3598 5212 ἀλλὰ
3622 5159 3711 5210 καὶ

2133 5263 2287 5331 φόϐῳ
2337 5260 2438 5329 τῆς
2483 5259 2684 5321 κακίας
2716 5254 3038 5328 ἀπέχεσθαι’
3074 5255 3288 5307 Ἕλεον
3316 5253 3428 5320 γὰρ
3469 5254 3566 5306 καὶ
3589 5254 3707 5318 rpi-

2131 5372 2236 5408 σιν
2273 5353 2498 5423 ᾄσομαι
2526 5369 2644 5411 σοι,
2680 5352 2873 5418 Κύριε
2906 5348 2995 5401 ἵνα
3034 5347 3132 5400 καὶ
3163 5345 3298 5414 αὐδῇ
3328 5345 3406 5414 τῷ
3424 5343 3548 5414 θεῷ
3574 5345 3713 5398 κατά

2133 5447 2298 5501 πόθον
2352 5446 2707 5517 τερπόμενος,
2767 5443 2861 5496 καὶ
2901 5441 3095 5512 εὐτονῇ
3136 5438 3278 5510 πρὸς
3325 5439 3390 5492 τὸ
3426 5433 3602 5508 ᾆσμα,
3640 5437 3713 5506 τῷ

2131 5538 2284 5608 φόϐῳ
2327 5536 2526 5607 στομοὺ
2537 5553 2714 5606 μενος.

2207 5629 2271 5702 ρ’.
2319 5632 2377 5683 ’t)
2425 5629 2492 5681 δι’
2541 5629 2740 5699 ἀρετῆς
2789 5628 2880 5681 καὶ
2915 5625 3172 5694 γνώσεως
3218 5621 3605 5695 ἁρμοσάμενος
3657 5617 3713 5669 τδ

1634 5789 1674 5818 ετ
1709 5788 1846 5843 Psal.
1884 5805 1932 5850 (τ,
1972 5790 2022 5844 8.
2101 5789 2145 5821 σε
2178 5787 2312 5842 ibid.
2343 5788 2394 5840 ε.
2476 5785 2758 5840 “nam.
