3930 6324
347 356 485 422 1173

1185 363 1521 425 CAPITUM
1557 359 1829 423 THEOL.
1869 359 1964 419 ET
2003 357 2240 419 (ECON.
2277 358 2664 419 CENTURIA
2715 358 2794 419 ΙΙ.

3474 358 3623 424 1174

342 468 501 541 σῶμα
525 468 660 540 πρὸς
691 469 789 541 τὴν
817 469 1017 543 ψυχὴν,
1049 471 1240 541 γέγονε
1270 472 1472 544 κιθάρα
1506 471 1643 525 Θεοῦ
1684 468 1779 524 καὶ
1816 470 1916 522 αὐ-

2028 469 2287 523 eoncinne
2313 468 2544 538 aptavit,
2572 468 2669 522 Dei
2710 468 2925 549 citha‘ra
2951 468 3197 538 tibiaque
3226 484 3291 524 ac
3342 469 3606 540 templum

335 564 430 627 λὸς
472 564 567 617 καὶ
592 564 735 627 ναός.
780 565 996 638 Κιθάρα
1042 565 1163 635 μὲν,
1193 566 1269 630 ὡς
1314 566 1495 629 καλῶς
1545 563 1791 634 φυλάξας
1819 561 1918 631 τὴν

333 656 446 707 τῶν
473 654 685 726 ἀρετῶν
728 657 1013 727 ἁρμονίαν·
1047 656 1209 719 αὺλδς
1250 658 1328 720 δὲ,
1373 655 1449 717 ὡς
1487 654 1577 709 διὰ
1613 654 1722 707 τῶν
1757 651 1917 705 θείων

334 746 711 818 θεωρημάτων
762 748 1139 819 εἰσδεχόμενος
1186 748 1284 819 τὴν
1334 746 1429 801 τοῦ
1468 746 1786 816 Πνεύματος
1814 743 1917 811 ἔμ-

335 855 583 892 πνευσιν·
609 840 733 903 ναὸς
763 840 839 906 δὲ,
860 840 936 903 ὡς
974 841 1060 894 διὰ
1088 841 1187 911 τὴν
1218 839 1360 893 κατά
1388 838 1512 892 νοῦν
1547 838 1914 906 καθαρότητα,

334 927 430 980 τοῦ
471 930 645 999 Λόγου
670 930 910 1000 γεγονὼς
936 933 1377 1002 κατοικητήριον.

704 1152 1194 1207 ΑΝΕΠΙΓΡΑΦΟΥ
1240 1153 1494 1205 ΣΧΟΛΙΑ
1510 1155 1548 1204 '.

402 1240 474 1295 α’.
512 1243 624 1312 Οὐχ
651 1242 726 1305 ὡς
768 1245 1244 1313 ὲπιτυγχανόντων
1274 1241 1435 1295 τινῶν
1484 1240 1592 1294 τῶν
1633 1237 1767 1309 πρὸς
1802 1234 1918 1288 ὲπί-

322 1330 497 1399 δειξιν
550 1333 876 1403 ἐφιεμένων,
910 1335 938 1386 ὁ
979 1333 1160 1402 λόγος,
1185 1333 1300 1386 ἀλλ’
1324 1333 1400 1395 ὡς
1428 1330 1646 1392 πάντως
1675 1328 1919 1392 ἀποτυγ-

334 1424 625 1494 χανόντων.
654 1425 752 1479 Διά
784 1425 837 1477 δὲ
860 1425 976 1488 τοῦ,
998 1428 1110 1478 Ἔν
1131 1442 1245 1478 τινι
1268 1424 1385 1477 τῶν
1406 1425 1638 1492 ὁμόρων
1663 1419 1920 1491 ποιείτω,

332 1517 426 1569 καὶ
451 1517 520 1569 τὰ
550 1515 697 1587 ἑξῆς,
732 1517 1013 1587 σημαίνει,
1046 1516 1108 1569 τὸ
1146 1517 1221 1586 μὴ
1252 1512 1602 1583 ἐπιγίνεσθαι
1648 1529 1753 1564 τινι
1785 1508 1918 1577 γνῶ·

334 1624 419 1661 σιν
450 1607 546 1679 τὴν
584 1609 779 1680 ἀληθῆ,
814 1611 862 1662 εί
893 1610 967 1681 μὴ
1005 1610 1092 1663 διὰ
1124 1610 1304 1662 πόνων
1335 1605 1690 1677 σωματικῶν,
1724 1605 1915 1675 ἥγουνρ

330 1700 402 1752 δι’
433 1701 766 1771 ἐγκρατείας
812 1704 909 1755 καὶ
963 1702 1205 1772 ἀγάπης,
1261 1700 1328 1754 δι’
1360 1696 1434 1754 ὧν
1478 1701 1511 1770 ἡ
1550 1698 1819 1767 κάθαρσις
1847 1698 1914 1766 τῇ

329 1791 475 1863 ψυχῇ
498 1809 511 1823 ·
545 1794 836 1861 Μακάριοι
866 1794 1003 1864 γὰρ,
1040 1794 1207 1864 φησὶν
1227 1835 1241 1860 ,
1268 1796 1320 1847 οἱ
1348 1791 1593 1860 καθαροὶ
1628 1788 1744 1857 τὴν
1773 1804 1914 1854 καρ-

330 1884 490 1949 δίαν,
527 1885 616 1938 ὅτι
648 1887 819 1940 αὐτοὶ
856 1887 963 1940 τὸν
995 1887 1144 1940 Θεὸν
1173 1886 1446 1955 ὄψονται.

405 2060 473 2134 β’.
502 2064 721 2130 Τούτοις
754 2065 990 2136 μάλιστα
1022 2065 1377 2137 ἐλεγχόμεθα,
1414 2066 1516 2136 τὴν
1545 2066 1914 2136 φιλαργυρίαν

332 2156 638 2223 νοσοῦντες,
669 2158 763 2210 καὶ
792 2157 870 2228 τῷ
904 2160 1143 2229 μαμωνᾷ
1169 2157 1559 2221 καταθύοντες.

404 2251 473 2315 γ’.
509 2248 621 2301 Καὶ
658 2246 831 2301 ταῦτα
874 2250 1016 2302 κατά
1064 2248 1172 2303 τῶν
1213 2249 1600 2319 Εἰκονομάχων
1629 2248 1910 2319 ἄντικρυς.

337 2338 477 2409 Ὅρα
505 2338 563 2392 δὲ
593 2340 673 2393 ὅτι
706 2340 967 2412 γνῶσιςή
1013 2341 1248 2394 ἐνταῦθα
1281 2341 1500 2411 λέγεται
1536 2343 1757 2413 μερική·
1794 2343 1827 2411 ἡ
1858 2342 1912 2394 δὲ

332 2429 427 2483 τοῦ
454 2430 590 2483 Θεοῦ
622 2432 802 2500 σοφία,
845 2433 943 2503 ὅλη
981 2434 1038 2487 ἐν
1071 2432 1149 2503 τῷ
1180 2434 1369 2505 κόσμῳ
1400 2434 1540 2501 ἐστὶ,
1565 2434 1687 2488 καθ’
1722 2431 1750 2485 ὂ
1779 2433 1912 2486 Θεο-

332 2521 488 2590 λόγος
535 2522 731 2592 φησίν·
781 2524 882 2577 Ἔν
921 2523 1001 2590 τῷ
1036 2525 1242 2594 κόσμῳ
1279 2525 1386 2597 γὰρ
1424 2521 1523 2595 ἦν,
1556 2526 1653 2579 καὶ
1683 2526 1913 2594 κόσμος

332 2610 409 2665 δι’
441 2612 628 2667 αὑτοῦ
667 2611 925 2683 ἐγένετο.

404 2701 466 2757 δ’.
501 2704 621 2757 Ἔτι
651 2706 746 2757 καὶ
790 2704 947 2775 ἡμῶν
980 2706 1212 2769 ἕκαστος
1251 2696 1366 2769 τοῖς
1408 2706 1690 2776 αἰσθητοῖς
1744 2723 1915 2777 προσ-

331 2795 588 2865 κείμενος
677 2796 737 2861 ὲξ
829 2797 1051 2863 ἀγνοίας
1090 2836 1105 2860 ,
1189 2799 1281 2850 τὸν
1358 2798 1613 2868 Καίσαρα
1690 2798 1913 2868 βασιλέα

328 2887 735 2959 ἐπιγράφεταιο
785 2888 878 2940 καὶ
934 2887 1010 2957 τῷ
1060 2887 1306 2958 Πιλάτῳ,
1354 2892 1420 2961 τῇ
1475 2890 1744 2961 αἰσθήσει,
1778 2908 1913 2961 προ-

328 2979 515 3032 δίδωσι
545 2979 635 3031 τὸν
669 2979 841 3047 Λόγον
875 2983 953 3043 είς
987 2979 1237 3033 θάνατον.
1270 2982 1496 3046 Πάντως
1520 2984 1578 3037 δὲ
1610 2983 1747 3055 μετά
1777 2986 1913 3038 Καί-

331 3084 497 3163 σαρος
542 3069 647 3163 ,καὶ
684 3070 761 3139 τῷ
794 3070 1012 3163 ,Ἡρώδῃ
1079 3072 1384 3138 ὑπόκειται,
1419 3075 1447 3126 ὁ
1481 3075 1597 3126 κατ’
1631 3075 1911 3145 ἐνέργειαν
1936 3104 1980 3163 c

330 3161 689 3230 ἁμαρτάνων,
717 3162 812 3216 καὶ
838 3163 898 3215 ἐν
926 3161 1038 3227 ’ἐξει
1079 3165 1370 3235 γενόμενος
1405 3165 1501 3220 τοῦ
1544 3167 1735 3222 κακοῦ.
1776 3169 1909 3222 Ἰου-

328 3251 476 3315 δαῖός
514 3252 632 3305 ἐστι
668 3252 771 3322 τὴν
803 3253 1005 3324 ἀρετὴν
1047 3255 1333 3326 προδιδοὺς
1358 3259 1423 3327 τῇ
1452 3257 1562 3321 ἕξει
1588 3258 1689 3328 τῆς
1711 3260 1911 3323 κακίας

332 3343 663 3415 ὑποχείριον
695 3344 791 3397 καὶ
827 3344 928 3416 τὴν
965 3347 1067 3415 μὲν
1105 3346 1202 3400 τοῦ
1238 3348 1373 3401 Θεοῦ
1405 3348 1684 3418 βασιλείαν
1711 3352 1909 3423 ἀρνού-

335 3451 519 3505 μενος,
556 3435 651 3490 τοῦ
689 3436 937 3492 διαϐόλου
973 3438 1028 3491 δὲ
1075 3441 1141 3509 τῇ
1174 3441 1451 3512 τυραννίδι
1484 3443 1905 3513 προσκείμενος.

400 3530 464 3579 ε’.
502 3525 626 3579 Ὀτι
664 3527 730 3602 ἐκ
767 3527 867 3599 τῆς
892 3527 986 3581 τοῦ
1018 3528 1152 3582 Θεοῦ
1176 3530 1423 3597 ἀγνοίας,
1454 3534 1488 3602 ἡ
1525 3533 1785 3601 φιλαυτία
1813 3534 1911 3587 καὶ

328 3612 394 3667 τὸ
421 3601 868 3687 γαστρίμαργον·
913 3617 980 3671 δι’
1010 3617 1045 3671 ἃ
1089 3617 1187 3688 τὴν
1223 3619 1402 3689 σάρκα
1454 3601 1545 3673 καὶ
1583 3623 1674 3675 τὸν
1706 3623 1909 3693 κόσμον

328 3705 492 3771 εὐθὺς
517 3709 906 3779 ἠγαπήσαμενι
940 3711 1033 3762 καὶ
1063 3710 1112 3761 εί
1154 3710 1228 3781 μὴ
1251 3712 1458 3765 τούτων
1490 3714 1595 3778 ἔξω
1624 3715 1910 3784 γενώμεθα

328 3797 421 3851 διὰ
446 3800 543 3870 τῆς
583 3800 722 3870 πρὸς
751 3800 886 3853 Θεὸν
927 3801 1169 3871 ἀγάπης,
1201 3801 1299 3871 τῆς
1332 3804 1413 3864 είς
1455 3802 1545 3855 τὸν
1573 3803 1799 3872 πλησίον
1822 3805 1911 3856 διὰ

326 3889 428 3958 τῆς
450 3891 692 3960 φυλακῆς
718 3889 826 3943 τῶν
849 3890 1078 3944 ἐντολῶν
1099 3892 1521 3965 ἐνεργουμένης,
1549 3893 1724 3957 ἄλλως
1752 3894 1910 3966 ἄτρε-

328 3999 454 4036 πτοι
481 3984 662 4053 μένειν
704 3985 761 4037 ὲν
801 3983 878 4054 τῷ
912 3982 1060 4054 καλῷ
1085 3985 1144 4037 οὐ
1184 3984 1478 4055 δυνάμεθα.

402 4081 476 4140 ς’.
513 4077 775 4149 Πάροικοι
815 4078 1020 4142 πάντες
1069 4079 1118 4131 οἱ
1167 4077 1336 4147 ἅγιοι,
1398 4080 1475 4141 ὼς
1527 4078 1586 4132 ὲν
1623 4080 1910 4152 ἐσόπτροις

328 4166 425 4220 καὶ
458 4167 747 4237 αἰνίγμασι
792 4167 1084 4238 βλέποντες
1124 4169 1223 4241 τὴν
1255 4170 1535 4241 ἀλήθειαν.
1569 4171 1630 4225 Ol
1655 4171 1711 4224 δὲ
1752 4174 1910 4225 Εἰκο-

329 4259 559 4330 νομάχοι
606 4262 681 4331 μὴ
711 4261 1146 4333 παραδεχόμενοι
1205 4263 1440 4316 κατιδεῖν
1495 4264 1554 4317 ὲν
1597 4264 1906 4335 ἐσόπτροις,

330 4350 644 4404 παντάπασι
676 4350 778 4419 τῆς
802 4350 1059 4423 ἀληθείας
1088 4350 1540 4407 ἀποπεπτώκασι.

400 4527 468 4595 ζ’.
511 4530 575 4583 '0
606 4529 752 4595 Θεὸς
802 4531 951 4597 ἔστη
982 4531 1053 4583 ἐν
1080 4528 1404 4599 συναγωγῇ
1431 4528 1601 4584 θεῶν.
1643 4529 1754 4583 Καὶ
1800 4530 1904 4598 ὅρα

294 4594 428 4690 ὶ’τὴν
460 4618 692 4690 δύναμιν
729 4594 845 4673 τῶν
887 4594 1155 4688 ἀγγέλων·
1206 4594 1302 4673 καὶ
1334 4594 1427 4673 ⁷ὅτι
1470 4624 1498 4675 ὁ
1532 4621 1606 4693 μὴ
1637 4594 1906 4677 πιστεύων

297 4712 527 4783 ’χρῆναι
567 4713 704 4784 πρὸς
748 4712 848 4778 τὴν
890 4711 1132 4782 κεφαλὴν
1176 4712 1447 4781 συνῆφθαι
1492 4714 1562 4767 τὰ
1597 4714 1754 4785 μέλη,
1784 4716 1909 4769 am-

332 4803 457 4866 στός
493 4805 629 4864 ἐστι,
667 4803 765 4857 καὶ
788 4803 1041 4857 ἐντεῦθεν
1072 4803 1172 4875 ήδη
1215 4804 1488 4875 κέκριται.

399 4899 470 4964 η’.
505 4894 600 4956 Τίς
626 4896 765 4948 οἰκεῖ
789 4893 897 4948 τῶν
924 4894 1204 4948 Χαλδαίων
1233 4895 1331 4963 τὴν
1362 4895 1485 4965 γῆψ
1518 4897 1599 4959 τίς
1623 4897 1720 4967 τὴν
1752 4899 1904 4969 Χαρο

331 4985 434 5056 ρἁ
464 4985 567 5055 τῆς
610 4987 1069 5056 Μεσοποταμίας;
1103 4988 1197 5049 Τίς
1228 4988 1364 5058 πρὸς
1402 4988 1501 5058 τὴν
1535 4989 1640 5059 γῆν
1671 4991 1904 5059 μετάγε-

327 5093 421 5129 ται
447 5077 547 5147 τὴν
574 5078 804 5148 ἀγαθὴν,
839 5078 905 5149 ἣν
953 5076 1347 5146 ἐπαγγέλλεται
1374 5077 1566 5132 δώσειν
1605 5081 1719 5143 τοῖς
1760 5081 1902 5149 ἀγα-

328 5166 508 5221 πῶσιν
525 5166 686 5220 αὐτὸν
712 5168 741 5220 ὁ
764 5167 932 5233 Θεός;

402 5257 469 5315 θ’.
505 5258 596 5313 Fr.
625 5260 750 5313 Ὀτι
797 5260 892 5313 καὶ
943 5260 1108 5314 πάλαι
1159 5259 1263 5331 πρὸ
1303 5260 1405 5330 τῆς
1453 5260 1766 5331 ἐπιδημίας,
1810 5261 1905 5315 καὶ

327 5350 427 5405 νῦν
461 5351 599 5423 μετά
640 5350 741 5422 τὴν
777 5351 1096 5422 ἐπιδημίαν,
1143 5351 1352 5423 νοητῶς
1384 5353 1442 5404 ὲν
1475 5354 1609 5422 ἡμῖν
1637 5353 1905 5422 ἐνδημείὁ

322 5442 422 5498 τοῦ
451 5444 588 5498 Θεοῦ
618 5445 825 5514 Λόγος,
868 5444 1113 5515 κρυφίως
1164 5444 1451 5515 ἀναφέρων
1496 5443 1631 5508 πρὸς
1660 5445 1726 5498 τά
1761 5445 1901 5499 θειό-

325 5550 481 5607 τερα.

374 5688 447 5747 ,⁷⁸
473 5688 663 5745 Matth.
695 5705 747 5753 v,
782 5689 832 5743 8.
908 5689 950 5721 ⁷⁸
982 5687 1136 5741 Joan.
1171 5704 1207 5752 I,
1238 5687 1322 5741 10.
1399 5688 1444 5721 ⁷⁸
1472 5688 1614 5743 Psal.
1651 5705 1827 5755 Luxu,
1866 5690 1912 5745 l.

2020 560 2215 614 evasit.
2246 559 2473 615 Cithara
2499 559 2746 630 quidem,
2783 568 2845 614 ut
2881 560 2975 630 qui
3010 561 3234 615 virtutis
3273 571 3603 616 concentum

2020 652 2285 728 praeclare
2326 652 2564 706 servarit
2600 670 2613 705 :
2652 652 2786 707 tibia
2815 661 3023 718 autem,
3062 663 3121 707 ut
3151 656 3245 723 qui
3287 671 3384 724 per
3419 655 3606 710 divina

2020 754 2206 806 sensa,
2259 740 2501 811 Spiritus
2544 742 2599 796 in
2629 759 2688 798 se
2740 732 2995 798 amatum'
3024 745 3290 814 recipiat;
3342 747 3607 817 templum

2018 845 2172 897 vero,
2209 842 2268 887 ut
2297 835 2392 903 qui
2429 834 2502 890 ob
2543 836 2745 891 mentis
2785 837 3079 907 puritatem
3112 837 3279 891 Verbi
3324 838 3611 893 habitacu-

2018 923 2133 978 lum
2156 926 2335 983 l'actus
2365 930 2453 983 sit.
2846 939 2851 943 '

2310 1146 2590 1201 INCERTI
2622 1145 2968 1203 AUCTORIS
3011 1146 3325 1202 SCHOLIA.

2098 1238 2146 1290 1.
2189 1237 2309 1292 Non
2358 1239 2516 1308 quasi
2561 1240 2753 1309 aliqui,
2813 1255 3030 1301 eorum,
3069 1239 3164 1309 qui
3215 1239 3608 1293 ostentationis

2028 1344 2192 1384 causa
2220 1339 2505 1400 expetunt,
2557 1339 2841 1401 compotes
2895 1331 3048 1395 liant,
3081 1330 3155 1384 ita
3205 1330 3473 1400 loquitur,
3510 1331 3607 1385 sed

2026 1423 2181 1477 velut
2201 1424 2337 1478 nulli
2363 1440 2593 1495 prorsus
2624 1425 2776 1479 ﬁant.
2803 1424 3048 1479 Dicendo
3083 1430 3288 1487 autem,
3331 1423 3397 1477 In
3416 1422 3607 1477 uicinia

2024 1516 2261 1584 quadam
2294 1532 2383 1570 seu
2414 1515 2662 1583 conﬁnio,
2711 1523 2842 1579 etc.,
2890 1515 3185 1584 signiﬁcat,
3224 1514 3434 1569 nemini
3474 1528 3608 1567 con-

2025 1607 2236 1677 tingere
2272 1618 2334 1661 ut
2380 1623 2569 1662 veram
2618 1606 2872 1676 acquirat
2901 1606 3215 1671 scientiam,
3253 1606 3387 1675 quin
3410 1620 3608 1676 corpo-

2018 1698 2228 1752 ralibus
2265 1698 2545 1753 laboribus
2591 1697 2967 1768 (continentia
3000 1698 3290 1752 scilicetet
3313 1697 3603 1761 charitate,

1950 1769 1991 1823 Β
2018 1792 2221 1861 quibus
2251 1792 2586 1846 emundatur
2630 1788 2871 1860 animus)
2914 1789 3191 1860 fungatur.
3228 1789 3381 1842 Beati
3415 1791 3561 1843 enim
3588 1831 3600 1853 ,

2018 1884 2233 1954 inquit,
2276 1884 2474 1937 mundo
2542 1882 2735 1946 corde,
2786 1881 3041 1951 quoniam
3090 1881 3194 1949 ipsi
3250 1878 3417 1933 Deum
3458 1879 3604 1933 vide-

2018 1976 2145 2029 bunt
2172 1978 2237 2028 ⁷ο.

2082 2068 2135 2122 2.
2168 2068 2261 2123 His
2314 2068 2549 2122 maxime
2590 2064 2995 2129 convincimur,
3035 2063 3295 2118 laborare
3332 2077 3435 2115 nos
3476 2076 3597 2114 ava-

1960 2150 1963 2151 ν
2014 2160 2155 2215 ritiaa
2189 2159 2401 2225 morbo,
2430 2176 2493 2214 ac
2515 2173 2839 2214 mammonae
2862 2155 3194 2212 sacrificare.

2082 2249 2136 2302 '5.
2166 2247 2292 2304 Haec
2317 2265 2538 2319 quoque
2567 2250 2748 2319 palam
2795 2256 2989 2301 contra
3039 2245 3458 2300 lconomachos.
3490 2242 3599 2298 Ob-

2014 2354 2173 2393 serva
2206 2340 2411 2393 autem.
2438 2354 2560 2407 qua:
2583 2338 2747 2408 hujus
2766 2337 2868 2391 mvi
2896 2344 2999 2399 est,
3030 2334 3340 2399 scientiam,
3372 2349 3435 2387 ea:
3451 2342 3602 2402 parte

2014 2431 2123 2485 dici
2147 2448 2159 2484 :
2188 2431 2283 2485 Dei
2312 2439 2497 2484 autem
2523 2428 2816 2498 sapientia,
2840 2435 2952 2480 tota
2979 2425 3033 2479 in
3054 2425 3259 2479 mundo
3276 2433 3381 2489 est,
3410 2440 3601 2493 quem-

2013 2522 2309 2577 admodum
2342 2521 2479 2575 dicit
2508 2520 2819 2590 Theologus
2846 2536 2859 2572 :
2884 2518 2952 2571 In
2978 2516 3172 2571 mundo
3204 2516 3353 2573 enim
3391 2522 3527 2581 erat,
3552 2525 3599 2569 et

2015 2611 2240 2665 mundus
2265 2627 2357 2681 per
2377 2613 2551 2681 ipsum
2583 2610 2756 2679 factus
2787 2616 2864 2662 est
2888 2609 2955 2661 τί.

2085 2704 2139 2756 4.
2176 2702 2374 2757 Adhuc
2418 2701 2586 2755 etiam
2627 2701 2863 2770 quisque
2896 2706 3152 2755 nostrum
3188 2715 3258 2755 ex
3286 2699 3600 2770 ignorantia

2014 2793 2247 2849 terrenis
2280 2792 2581 2858 addicitur,
2615 2791 2887 2847 Caesarem
2921 2792 3029 2847 sibi
3056 2808 3242 2863 regem
3264 2793 3509 2856 asciscit,
3534 2807 3599 2847 ac

2013 2887 2190 2942 Pilato
2219 2886 2297 2956 (id
2323 2896 2427 2950 est,
2474 2884 2682 2953 sensui)
2734 2883 3057 2939 Sermonem
3106 2885 3226 2940 neci
3269 2884 3597 2939 tradendum

2012 2978 2217 3048 prodit.
2250 2978 2486 3032 Prorsus
2531 2992 2685 3041 vero,
2734 2991 2860 3029 cum
2906 2976 3130 3031 Caesare
3173 2977 3342 3031 etiam
3386 2974 3594 3029 Ilerodi

2013 3073 2294 3143 subjectus
2330 3080 2436 3136 est,
2468 3072 2563 3142 qui
2611 3086 2779 3141 opere
2824 3080 3019 3139 peccat
3060 3070 3201 3125 etin
3231 3069 3358 3124 mali
3404 3067 3597 3123 habitu

2011 3175 2288 3222 versatur.
2332 3165 2557 3221 Iudaeus
2606 3174 2714 3229 est,
2765 3165 2859 3233 qui
2902 3165 3166 3219 virtutem
3222 3161 3438 3215 habitui
3477 3161 3597 3215 vitii

1984 3256 2375 3325 'mancipatam
2406 3256 2627 3326 prodit;
2660 3256 2757 3310 Dei
2783 3256 3007 3326 quidem
3036 3256 3316 3327 abnegans
3342 3270 3595 3326 regnum,

2011 3349 2218 3404 diaboli
2248 3364 2382 3404 vero
2415 3348 2727 3420 tyrannidis
2748 3348 2985 3404 devotus
3019 3348 3222 3425 cultor.

2080 3528 2133 3583 5.
2172 3527 2249 3581 Ex
2296 3527 2393 3582 Dei
2444 3526 2755 3598 ignorantia
2807 3526 3065 3596 provenit
3110 3540 3287 3580 caecus
3343 3524 3598 3596 corporis

2010 3635 2165 3675 amor
2191 3628 2248 3674 et
2281 3620 2440 3689 gula;
2473 3635 2711 3688 quorum
2745 3620 2920 3691 gratia
2958 3618 3144 3673 statim
3174 3635 3398 3675 carnem
3432 3634 3594 3674 mun-

2010 3714 2255 3782 dumque
2291 3714 2605 3767 dileximus.
2660 3714 2739 3768 Ac
2784 3714 2889 3768 nisi
2914 3713 3009 3767 Dei
3058 3714 3330 3767 charitate
3357 3713 3468 3767 illis
3504 3728 3599 3767 ex-

2009 3803 2368 3865 cesserimus,
2399 3818 2521 3869 quae
2546 3802 2808 3857 videlicet
2830 3803 2948 3871 ipsa
2976 3802 3367 3856 mandatorum
3399 3802 3594 3856 obser-

2008 3894 2232 3948 vatione
2262 3908 2389 3961 erga
2429 3893 2739 3959 proximum
2775 3892 2965 3946 efﬁcax
2995 3893 3088 3956 sit,
3123 3900 3182 3944 ut
3227 3893 3282 3944 in
3310 3893 3457 3946 bono
3495 3894 3595 3947 im-

2010 3985 2243 4039 mobiles
2272 3983 2655 4054 persistamus,
2692 3982 3116 4052 haudquaquam
3150 3983 3265 4036 ﬁeri
3292 3985 3487 4052 possit.

2081 4077 2241 4147 512
2262 4078 2313 4132 6.
2338 4076 2521 4131 Sancti
2536 4092 2728 4131 omnes
2750 4076 2942 4130 incola:
2967 4084 3166 4130 suntet
3185 4076 3487 4145 peregrini,
3536 4086 3589 4133 ut

2009 4169 2104 4239 qui
2132 4169 2420 4223 veritatem
2442 4168 2497 4222 in
2527 4168 2769 4237 speculis
2802 4168 3101 4221 videantet
3127 4167 3437 4238 aenigmatis
3471 4167 3587 4237 (ob-

2009 4260 2189 4315 scuris
2208 4260 2418 4315 scilicet
2438 4259 3057 4330 reprzesentationibus).
3075 4260 3423 4314 lconomachi
3437 4275 3591 4327 vero,

2010 4351 2105 4419 qui
2154 4366 2265 4404 non
2297 4350 2609 4405 sustineant
2643 4350 2699 4404 in
2754 4351 2993 4420 speculis
3030 4350 3243 4416 videre,
3280 4366 3311 4405 a
3357 4350 3593 4407 veritate

1942 4442 1985 4495 D
2014 4458 2243 4513 prorsus
2261 4442 2605 4496 exciderunt.

2085 4537 2137 4589 7.
2164 4535 2302 4589 Deus
2340 4537 2484 4589 stetit
2525 4536 2581 4589 in
2608 4552 2880 4606 synagoga
2902 4535 3191 4590 deorum".
3221 4536 3299 4590 Ac
3331 4536 3455 4590 vide
3482 4551 3586 4590 an-

2013 4626 2260 4697 gelorum
2303 4624 2638 4696 potentiam;
2674 4625 2953 4695 itemque,
2993 4627 3088 4696 qui
3118 4644 3228 4682 non
3275 4627 3453 4682 credit
3491 4643 3589 4683 ne-

2012 4733 2165 4772 cesse
2202 4732 2324 4772 esse
2376 4724 2437 4771 ut
2484 4717 2732 4771 membra
2763 4718 3171 4788 conjungantur
3220 4734 3347 4773 cum
3385 4719 3586 4788 capite,

2012 4806 2312 4873 inﬁdelem,
2350 4823 2528 4877 eoque
2564 4808 2788 4863 nomine
2814 4810 2925 4880 jam
2946 4810 3275 4879 judicatuln,
3303 4826 3444 4865 esse.

2082 4897 2134 4951 8.
2168 4897 2433 4964 Quisnam
2469 4898 2683 4953 habitet
2716 4908 2919 4953 terram
2964 4899 3381 4967 Chaldreorum;
3430 4901 3585 4970 quis-

2006 5005 2133 5044 nam
2159 5005 2291 5045 vero
2320 4988 2606 5044 Charrban
2640 4990 3084 5059 Mesopotamiae?
3119 4991 3255 5057 Quis
3286 4992 3585 5047 transfera‘

2008 5091 2098 5135 tur
2118 5082 2173 5135 in
2206 5090 2406 5135 terram
2434 5081 2655 5144 bonam,
2689 5098 2854 5150 quam
2897 5083 3041 5136 Deus
3071 5098 3130 5137 se
3162 5082 3420 5136 daturum
3458 5083 3580 5152 ροι-

2006 5170 2191 5226 licitus
2220 5179 2325 5231 est,
2357 5171 2444 5225 his
2465 5171 2560 5241 qui
2583 5170 2859 5241 diligunt?

2078 5262 2131 5315 9.
2160 5262 2300 5316 Olim
2336 5277 2559 5331 quoque
2607 5270 2736 5316 ante
2776 5262 3095 5327 adventum,
3146 5276 3402 5331 nuncque
3442 5260 3582 5317 adeo

2012 5360 2137 5423 post
2184 5354 2386 5423 ipsum,
2431 5354 2690 5409 advenire
2724 5355 2791 5409 ad
2822 5371 2924 5409 nos
2956 5354 3280 5424 spiritaliter
3314 5354 3410 5408 Dei
3442 5354 3579 5409 Ver-

2011 5445 2164 5510 bum,
2186 5445 2421 5501 occultis
2435 5446 2747 5517 augmentis
2771 5446 3084 5518 provehens
3102 5446 3170 5502 ad
3193 5462 3257 5501 ea
3291 5462 3413 5518 quae
3444 5445 3579 5502 divi-

2008 5538 2161 5593 niora
2190 5544 2337 5593 sunt.

402 5805 418 5822 '
448 5801 531 5855 Ea:
570 5800 627 5855 V.
694 5800 771 5856 Cl.
838 5799 1120 5870 Rapkaclis
1161 5798 1405 5869 Dufrcnii
1471 5800 1608 5868 cod.,
1652 5818 1790 5856 nunc
1834 5801 2011 5873 Regio.
