3930 6324
88 339 93 343 ⁴
146 331 281 399 ῙΓΠ
763 431 769 437 δ
818 333 1151 402 CAPITUM
1186 344 1605 416 QUINQUIES
1643 351 1759 412 CE'I

1799 353 2161 415 TENORUH
2195 357 2579 421 (LENTURIA
2612 364 2653 423 Ι.
3258 363 3276 426 1
3297 363 3390 429 178

161 548 1529 584 ......__._______________________

1011 742 1240 827 TOY
1302 744 1647 829 AI‘IOY
1704 746 2138 832 ΠΑΤΡΟΣ
2182 750 2504 837 ΗΜΩΝ

1487 939 1609 994 ΚΑΙ
1640 943 2069 996 ΔιΔΑΣΚΛΛΟΥ

530 1118 1330 1261 ΜΑΞΙΜΟΥ
1406 1131 1753 1264 ΤΟΥ
1827 1135 3037 1279 ΟΜΟΑΟΓΗΤΟΥ

828 1375 1179 1431 ΚΕΦΔΛΑΙΛ
1217 1380 1507 1434 ΔῘΑΦΟΡΛ
1541 1383 1929 1441 θΕΟΛΟΓΙΚΛ
1960 1388 2046 1440 ΤΕ
2076 1389 2193 1441 ΚΑΙ
2218 1391 2659 1444 ΟΙΚΟΝΟΜΙΚΑ

1323 1544 1435 1599 Kal
1463 1545 1594 1614 περὶ
1623 1545 1848 1614 ἀρετῆς
1876 1546 1974 1601 καὶ
2002 1548 2236 1615 κακίας.

383 1869 800 1961 SANCTI
912 1872 1332 1963 PATRIS
1434 1875 1869 1969 NOSTRI
2006 1880 2401 1980 ATQUE
2505 1880 3123 1987 MAGISTRI,

1011 2110 1536 2222 MAXIM!
1626 2111 2581 2228 CONFESSORIS

508 2328 838 2393 DIVERSA
867 2332 1135 2394 CAPITA
1164 2333 1264 2393 AD
1319 2334 1821 2396 THEOLOGIAM
1852 2336 1949 2396 ET
2006 2338 2470 2399 (ECONOMIAM
2528 2341 2989 2404 SPECTANTIA

1289 2499 1520 2570 DEQUE
1550 2504 1857 2561 VIRTUTE
1898 2503 1986 2560 AC
2028 2502 2231 2561 VITIO.

556 2811 971 2865 ΕΚΛΤΟΝΤΑΣ
1003 2814 1254 2868 ΠΡΩΤΗ.
1727 2826 1773 2882 Α

185 2923 256 2980 α’.
287 2926 389 2980 Ἕν
419 2927 535 2978 ἐστι
564 2925 626 2978 τὸ
658 2925 1036 2996 ὑπεράναρχον
1069 2928 1162 2980 καὶ
1196 2928 1523 2999 ὑπερούσιον
1563 2931 1698 2998 ἀγα-

115 3017 224 3081 θὸν,
260 3020 296 3087 ἡ
341 3017 474 3085 ἁγία
512 3017 942 3087 τρισυπόστατος
972 3019 1156 3082 Μονὰς
1177 3060 1191 3085 ,
1223 3021 1416 3090 [ἰατὴρ
1446 3022 1539 3074 καὶ
1567 3023 1695 3085 Υἱὸς

2152 2816 2477 2874 CENTENA
2510 2820 2724 2876 PRIMA
2756 2821 3024 2876 CAPITA.

1872 2930 1921 2982 ι.
1941 2929 2121 2984 Unum
2134 2938 2219 2983 est
2240 2929 2442 2983 bonum
2463 2940 2840 2998 praetetcrnum
2877 2943 2934 2988 et
2958 2934 3381 3003 supersubstan-

1801 3017 1952 3082 tiale,
2012 3026 2200 3072 sancta
2227 3019 2370 3072 trine
2401 3020 2710 3075 subsistens
2748 3022 2959 3087 Unitas,
2995 3024 3177 3089 Pater,
3205 3026 3379 3082 Filius

113 3109 205 3160 καὶ
254 3108 414 3175 ἆγιον
475 3106 701 3176 Πνεῦμα
733 3124 747 3137 ·
800 3106 967 3177 τριῶν
1020 3108 1263 3179 ἀπείρων
1299 3110 1523 3182 ἄπειρος
1561 3128 1697 3181 συμ-

114 3199 264 3267 φυῖαο
301 3198 396 3250 τόν
422 3213 481 3249 τε
520 3195 614 3248 τοῦ
657 3193 816 3263 εἶναι,
872 3200 965 3251 καὶ
1013 3198 1149 3263 πῶς,
1181 3200 1273 3254 καὶ
1306 3201 1381 3265 τί,
1419 3203 1511 3253 καὶ
1540 3204 1694 3255 ποῖον

115 3287 274 3355 εἶναι,
306 3292 469 3359 λόγον
503 3294 735 3364 πάμπαν
763 3296 872 3355 τοῖς
905 3290 1055 3347 οὖσιν
1090 3295 1291 3348 ἄϐατον
1322 3292 1540 3364 ἔχουσα.
1578 3296 1693 3348 Πᾶ-

115 3399 211 3435 σαν
243 3385 355 3454 γὰρ
389 3384 676 3453 διαφεύγει
722 3385 905 3456 νόησιν
942 3384 1051 3438 τῶν
1082 3386 1365 3453 νοούντων,
1407 3388 1509 3456 τῆς
1550 3391 1692 3441 κατὰ

113 3477 270 3542 φύσιν
291 3479 546 3547 οὐδαμῶς
577 3478 808 3548 κρυφίας
831 3479 1111 3550 ὲνδότητος
1132 3479 1369 3546 ἐξιοῦσα,
1398 3481 1491 3533 καὶ
1512 3482 1690 3550 πάσης

112 3569 296 3622 πασῶν
322 3569 579 3638 γνώσεων
605 3570 844 3640 ἀπείρως
876 3571 1317 3640 ὑπερεκτείνεται
1348 3570 1618 3640 γνώσεως.

183 3745 247 3816 β’.
296 3748 371 3801 Τὸ
413 3747 535 3800 κατ’
590 3748 779 3800 οὐσίαν
822 3749 1026 3816 κυρίως
1078 3746 1138 3799 ὃν
1188 3746 1424 3814 ἀγαθὸν,
1477 3749 1595 3801 ἐστὶ
1632 3749 1691 3802 τὸ

113 3839 246 3909 μήτε
273 3841 472 3910 ἀρχὴν,
507 3840 645 3909 μήτε
674 3839 844 3900 τέλος,
890 3839 1025 3907 μήτε
1062 3836 1237 3892 αἰτίαν
1265 3836 1358 3889 τοῦ
1392 3832 1549 3901 εἶναι,
1588 3840 1693 3909 μή-

108 3947 167 3982 τε
197 3932 295 4001 τὴν
342 3930 560 3985 οἱανοῦν
600 3930 743 3983 κατὰ
786 3929 847 3982 τὸ
878 3923 1180 3997 εἶναιπρὸς
1225 3928 1404 3981 αἰτίαν
1452 3929 1574 3982 τινὰ
1601 3930 1690 3983 κί-

108 4039 260 4095 νησιν
288 4023 538 4095 ἔχονω).
564 4023 639 4076 Τὸ
664 4022 721 4075 δὲ
754 4022 827 4092 μὴ
855 4019 1029 4083 οὕτως
1062 4020 1205 4090 ἕχον,
1238 4021 1358 4073 οὐδὲ
1381 4021 1585 4091 κυρίως
1604 4021 1687 4087 ὃν,

107 4113 180 4177 ὡς
210 4115 386 4188 ἀρχὴν
440 4114 533 4166 καὶ
589 4114 740 4177 τέλος
779 4114 872 4165 καὶ
928 4112 1110 4165 αἰτίαν
1138 4110 1231 4163 τοῦ
1278 4105 1440 4176 εἶναι,
1467 4111 1560 4163 καὶ
1588 4111 1686 4182 τὴν

107 4205 245 4259 κατὰ
272 4206 333 4261 τὸ
374 4200 520 4259 εἶναι
570 4204 707 4274 πρὸς
741 4202 918 4256 αἰτίαν
944 4203 1068 4255 τινὰ
1104 4201 1318 4271 κίνησιν
1343 4199 1482 4271 ἔχον.
1525 4201 1597 4255 Τὸ
1626 4201 1685 4255 δὲ

1799 3114 1857 3157 et.
1895 3104 2139 3173 Spiritus
2169 3117 2426 3172 sanctus;
2458 3108 2624 3161 trium
2656 3109 2996 3166 intinitorum
3037 3113 3253 3169 infinita
3277 3131 3377 3185 pa-

1795 3195 1874 3249 ris
1934 3203 2149 3250 natune
2186 3198 2507 3266 conjunctio
2547 3216 2560 3250 :
2605 3199 2762 3269 cujus
2818 3201 2988 3267 ratio,
3021 3218 3131 3272 qua
3153 3213 3270 3271 est,
3318 3213 3377 3261 et

1795 3286 2097 3355 quomodo,
2139 3288 2343 3357 quidve
2376 3304 2441 3345 ac
2466 3292 2646 3359 qualis
2693 3303 2798 3359 est,
2826 3294 3106 3350 inaccessa
3149 3312 3377 3366 prorsus

1795 3378 1963 3432 rebus
1988 3388 2094 3433 est.
2116 3380 2346 3435 Omnem
2359 3381 2508 3436 enim
2534 3384 2799 3438 mentium
2832 3387 3252 3458 intelligentiam
3284 3390 3374 3442 fu-
3398 3438 3403 3442 .

1793 3469 1891 3538 git,
1917 3486 2041 3526 cum
2068 3473 2301 3526 naturali
2331 3489 2431 3529 suo
2453 3490 2675 3541 arcano,
2713 3485 2770 3532 et
2804 3479 2885 3549 (ut
2908 3480 2988 3534 sic
3011 3480 3212 3550 dicam)
3240 3481 3374 3535 inti-

1792 3563 1983 3617 mitate
2004 3579 2113 3617 non
2139 3574 2318 3630 exeat,
2359 3581 2690 3639 omnemque
2726 3570 2974 3625 omnium
3010 3570 3369 3628 scientiarum

1791 3656 2080 3709 scientiam
2109 3655 2323 3713 inﬁnite
2354 3660 2773 3729 superexcedat.

1858 3744 1912 3798 2.
1944 3745 2100 3810 Quod
2141 3762 2271 3801 vere
2311 3750 2617 3804 secundum
2667 3752 2968 3806 essentiam
3014 3753 3222 3808 bonum
3262 3765 3369 3822 est,

1791 3834 1899 3889 hoc
1923 3846 2027 3900 est,
2063 3838 2211 3904 quod
2243 3854 2424 3908 neque
2446 3842 2784 3910 principium
2827 3859 3007 3914 neque
3046 3845 3233 3913 ﬁnem,
3268 3866 3368 3904 ne-

1791 3944 1899 3999 que
1933 3944 2154 3983 causam
2190 3938 2250 3983 ut
2284 3930 2377 3996 sit,
2428 3947 2531 3985 nec
2573 3948 2704 3987 vero
2754 3934 2961 4001 ullum,
3012 3938 3232 3995 essendi
3278 3955 3367 3993 ra-

1791 4022 1964 4087 tione,
2018 4021 2087 4075 ad
2142 4037 2361 4077 causam
2405 4022 2565 4093 513
2626 4025 2865 4094 aliquam
2916 4035 3129 4083 motum
3178 4030 3364 4086 habet.

1790 4113 1945 4181 Quod
1981 4123 2162 4168 autem
2193 4129 2305 4169 non
2351 4114 2427 4170 ita
2458 4131 2516 4170 se
2538 4115 2724 4181 habet,
2752 4132 2932 4186 neque
2973 4134 3103 4174 vere
3145 4136 3208 4175 ac
3236 4136 3370 4191 pro-

1786 4205 1906 4273 prie
1946 4212 2068 4271 est;
2120 4204 2327 4275 quippe
2363 4205 2511 4276 quod
2542 4206 2877 4277 principium
2903 4216 2961 4263 et
2985 4208 3172 4277 ﬁnem,
3216 4212 3369 4282 ejus-

106 4300 308 4371 κυρίως
347 4300 453 4354 οὐκ
497 4299 577 4362 ὃν,
628 4295 732 4350 κᾶν
768 4292 909 4350 εἶναι
958 4295 1220 4364 λέγηται,
1278 4295 1422 4347 κατὰ
1468 4294 1686 4364 μέθεξιν

1799 4312 1894 4366 lue
1922 4295 2069 4366 quod
2096 4304 2182 4353 est
2209 4312 2353 4363 esse,
2380 4312 2625 4362 causam,
2654 4306 2712 4353 et
2736 4298 2805 4353 ad
2827 4314 3046 4355 causam
3064 4342 3079 4367 ,
3122 4317 3191 4358 eo
3219 4304 3365 4373 quod

107 4390 355 4465 βουλήσει
384 4392 481 4447 τοῦ
515 4390 722 4462 κυρίως
751 4389 925 4454 ὄντος,
966 4388 1060 4441 καὶ
1091 4386 1207 4440 ἔστι
1243 4387 1337 4440 καὶ
1370 4387 1610 4454 λέγεται.
1650 4422 1653 4424 -

1783 4396 1888 4452 εει,
1922 4396 2129 4442 motum
2151 4389 2442 4459 quemdam
2467 4390 2653 4445 habet.
2690 4389 2847 4458 Quod
2882 4402 3066 4448 autem
3100 4409 3213 4449 non
3237 4411 3367 4451 vere

104 4500 167 4540 ac
199 4485 426 4556 proprie
470 4493 575 4550 est,
616 4499 931 4554 quanquam
965 4496 1086 4538 esse
1111 4480 1345 4537 dicatur.
1412 4495 1513 4551 per
1574 4479 2083 4553 participationem,
2139 4493 2197 4538 et
2263 4490 2349 4538 est
2385 4483 2668 4540 etdieitur
2707 4501 2862 4552 esse,
2922 4488 3043 4557 ejus
3082 4489 3367 4545 voluntate

104 4577 249 4645 quod
275 4593 410 4633 vere
442 4592 507 4631 ac
534 4575 757 4647 proprie
781 4583 888 4630 est.

170 4677 238 4740 γ’.
279 4674 337 4726 Εἰ
367 4672 539 4739 Λόγος
575 4668 1009 4739 προκαθηγεῖται
1046 4666 1154 4738 τῆς
1181 4667 1291 4719 τῶν
1321 4664 1492 4719 ὅντων
1515 4665 1677 4735 γενέ-

1861 4667 1916 4720 '5.
1946 4665 2083 4722 Cum
2104 4667 2343 4723 Verbum
2389 4684 2575 4723 rerum
2618 4669 2885 4725 ereationi
2910 4677 3115 4741 praeeat
3137 4711 3151 4736 ,
3184 4687 3366 4743 neque

106 4780 260 4829 σεως,
302 4763 427 4817 οὔτε
470 4758 561 4833 ἦν,
609 4760 734 4814 οὔτε
784 4760 953 4823 ἐστιν,
989 4759 1113 4813 οὗτε
1166 4757 1322 4811 ἔσται
1369 4757 1465 4810 τοῦ
1499 4757 1675 4825 Λόγου

1799 4765 1916 4821 erat,
1940 4772 2123 4827 neque
2148 4766 2253 4823 est,
2279 4766 2445 4813 autve
2473 4759 2583 4813 erit
2611 4760 2844 4814 verbum
2873 4760 3057 4815 Verbo
3096 4762 3365 4819 anterius.

104 4851 255 4921 λόγος
285 4854 581 4924 ἀνώτερος.
621 4854 793 4918 Λόγος
824 4852 901 4916 δὲ,
926 4852 1026 4905 οὐκ
1056 4850 1216 4913 ἄνους
1249 4850 1282 4921 ἢ
1333 4849 1479 4921 ζωῆς
1515 4850 1671 4921 ἄμοισ

1779 4849 2020 4904 Verbum
2041 4859 2224 4905 autem
2250 4857 2358 4914 est,
2405 4864 2519 4903 non
2568 4852 2794 4917 mentis,
2836 4861 2933 4907 aut
2964 4853 3090 4907 vitae
3129 4869 3361 4924 expers,

110 4960 229 5012 ρος’
260 4946 375 4999 ἀλλ’
409 4945 591 5009 ἔννους
627 4945 723 4997 καὶ
758 4942 888 5009 ζῶν,
917 4942 994 5006 ὼς
1043 4941 1321 5011 γεννῶντα
1356 4935 1503 4994 Νοῦν
1531 4940 1673 5013 ἔχων

1802 4942 1870 4996 ed
1906 4942 2054 5011 quod
2092 4951 2276 4997 mente
2304 4942 2506 5012 polleat
2534 4958 2598 4997 ac
2619 4944 2797 5009 vivat;
2843 4946 3050 5016 quippe
3092 4962 3218 5001 cum
3265 4948 3364 5017 gi-

170 5102 243 5173 (a)
273 5106 427 5174 Πρὸς
451 5104 646 5157 αἰτίαν
671 5102 801 5156 τινὰ
851 5102 1096 5175 κίνησιν
1117 5103 1280 5175 ἔχοις.
1313 5101 1535 5169 Spectat
1564 5104 1670 5159 hoc

1802 5103 2130 5175 ciCatholici
2168 5103 2388 5175 dicant;
2449 5104 2595 5175 quod
2648 5120 2757 5159 non
2811 5104 2882 5161 sit
2914 5114 3142 5175 propter
3167 5105 3353 5168 ﬁnem,

101 5172 369 5244 praecipue
401 5175 468 5229 ad
508 5190 727 5229 causam
752 5189 871 5244 quze
906 5173 1028 5225 finis
1060 5181 1161 5238 est,
1194 5172 1261 5244 ad
1288 5188 1452 5243 quam
1479 5189 1669 5228 move-

1769 5174 1865 5229 sed
1894 5175 2008 5244 ipsc
2043 5189 2177 5244 cum
2210 5174 2390 5244 Patre,
2420 5173 2716 5244 et_Spiritu
2746 5173 2935 5229 sancto
2965 5173 3108 5231 unus
3140 5176 3211 5230 sit
3239 5192 3360 5231 om‘
3396 5202 3399 5205 ι

104 5250 208 5307 tur,
238 5241 382 5313 quod
411 5261 478 5300 ex
514 5244 607 5298 illa
640 5253 698 5303 ut
728 5241 1018 5306 eiliciente,
1047 5250 1150 5295 est.
1191 5241 1316 5296 Nec
1332 5244 1473 5297 bene
1506 5244 1672 5299 Picus
1769 5241 1929 5299 nium
1960 5243 2105 5308 ﬁnis,
2143 5241 2291 5313 quod
2339 5258 2446 5313 u_na
2486 5241 2741 5313 bonitas,
2789 5246 2866 5299 uti
2897 5255 2953 5300 et
2989 5254 3183 5301 natura
3220 5263 3233 5300 :
3272 5246 3359 5301 id~

103 5311 386 5385 expressit,
434 5314 514 5370 Ad
548 5313 737 5385 ullam,
767 5328 979 5385 prorsus
1002 5328 1221 5365 causam
1247 5315 1513 5385 refertur;
1548 5329 1671 5367 eum
1773 5315 1924 5371 circo
1953 5314 2139 5385 dictus
2159 5311 2321 5385 Greg.
2351 5311 2629 5383 Theologo
2658 5321 2820 5383 atque
2854 5316 3106 5380 Maximo,
3136 5324 3361 5385 propter
3474 5354 3479 5359 -

105 5381 289 5437 referri
312 5381 379 5441 ad
408 5399 628 5440 causam
668 5381 833 5438 etiam
883 5382 1119 5465 dicatur,
1157 5381 1313 5465 quod
1336 5382 1405 5436 ad
1449 5398 1567 5463 eam
1614 5392 1675 5464 ut
1775 5400 1856 5448 se,
1902 5383 2172 5446 ἀναίτιος’
2193 5381 2414 5465 λιειιιηαηι
2453 5381 2674 5465 causam
2700 5381 2790 5437 aut
2820 5384 2983 5453 ﬁnem
3010 5381 3355 5465 habena—qui

99 5461 369 5526 auctorem
390 5454 585 5526 quovis
604 5454 767 5508 modo
786 5469 941 5526 suam
960 5452 1125 5526 refert
1149 5452 1436 5526 originem,
1455 5453 1670 5526 etiamsi

1775 5462 2005 5525 propter
2038 5468 2157 5525 nos,
2189 5453 2254 5504 δι’
2279 5448 2498 5525 aidva
2524 5462 2736 5525 propter
2756 5448 2975 5509 causam
2995 5467 3097 5515 est,
3126 5448 3230 5525 qua
3258 5448 3358 5525 s'ei-

100 5498 764 5581 5&“83'15‘385
785 5498 897 5589 “tit
919 5523 988 5594 in
1009 5498 1436 5594 divini‘sfFilius
1467 5522 1534 5594 ad
1564 5523 1669 5594 Pa~
1700 5498 1742 5555 ο
1776 5498 1909 5578 licet
1932 5524 2095 5594 homo
2118 5498 2296 5578 factus
2321 5530 2427 5594 est.
2458 5498 2786 5594 Cafstigatius
2813 5540 2943 5594 ergo
2973 5527 3026 5580 in
3082 5498 3353 5594 theologia

102 5597 236 5646 trem
268 5604 326 5649 ut
355 5593 801 5664 aiziavrefertur
830 5593 929 5664 (uti
945 5590 1155 5664 Graecis
1177 5590 1329 5662 loqui
1351 5592 1519 5664 moris
1538 5592 1666 5662 est),

1776 5593 2136 5664 loquendum,
2172 5591 2408 5664 nequid
2456 5590 2583 5644 inde
2616 5590 2816 5664 nedum
2849 5590 3227 5664 obscuritatis,
3261 5590 3356 5649 sed

100 5672 205 5714 non
236 5671 416 5729 tamen
437 5664 505 5720 ad
541 5663 720 5733 ipsum
752 5660 959 5735 moveri
989 5660 1329 5735 scumotum
1357 5662 1583 5735 habere,
1610 5660 1671 5716 ut
1776 5660 2080 5735 etferroris
2130 5660 2507 5735 theologorum
2542 5661 2959 5735 castigatissimo
3005 5666 3265 5734 Maximo,
3298 5664 3357 5720 in

102 5731 232 5801 πρὸς
275 5737 452 5791 αἰτίαν
499 5730 780 5807 (tanquam
807 5733 1003 5788 scilicet
1042 5731 1112 5785 ad
1137 5730 1320 5803 linem)
1351 5731 1446 5786 ulli
1475 5747 1669 5787 eorum
1776 5734 1891 5790 suis
1927 5734 1993 5790 de
2021 5733 2291 5806 theologia
2321 5732 2564 5788 accedat.
