3930 6324
50 358 189 424 “Si

777 357 1113 421 CAPITUM
1149 358 1574 432 QUINQUIES
1608 355 2129 423 CENTENORUM
2166 363 2555 430 CENTURIA
2592 370 2642 433 Ι.

3199 368 3335 438 1182

40 478 139 539 τὸς
158 471 279 529 οἶδε
315 474 555 548 τρόπον’
600 474 744 529 οὕτω
776 477 872 530 καὶ
910 476 1083 529 θέλων
1114 477 1391 545 ὑπέστησε
1434 475 1503 528 τά
1531 491 1662 544 μετ-

1777 485 1982 532 maneat
2005 478 2430 549 inexplicabilis.
2467 445 2946 551 Quemadmodum
2974 481 3149 556 igitur
3165 484 3337 553 Deus,

43 572 274 641 έχοντα,
316 569 446 621 καθ’
474 567 532 620 ὃν
562 568 725 631 αὐτὸς
756 566 1046 621 ἐπίσταται
1085 568 1265 635 λόγον,
1292 566 1360 619 δι’
1382 567 1656 636 ὑπερϐάλ-

42 662 256 716 λουσαν
298 661 647 730 ἀγαθότητος
688 660 937 731 δύναμιν.
971 660 1181 712 Οὐκοῦν
1225 659 1287 712 τὸ
1318 659 1536 728 θελήσει
1561 657 1656 710 τοῦ

47 753 440 823 πεποιηκότος
486 752 803 822 γενόμενον,
851 753 951 804 οὐκ
986 752 1051 805 ἂν
1082 752 1171 822 εἴη
1196 752 1327 804 ποτε
1370 750 1658 820 θελήσαντι

47 843 183 897 αὑτὸ
219 844 514 912 γενέσθαι,
551 844 842 897 συναῖδιον.

121 1028 197 1093 η’.
255 1023 322 1075 '0
362 1020 461 1073 τοῦ
496 1017 633 1074 Θεοῦ
678 1019 851 1089 Λόγος
885 1016 1104 1088 ἐφάπαξ
1155 1016 1299 1071 κατὰ
1329 1017 1507 1087 σάρκα
1531 1032 1658 1084 γεν-

48 1115 267 1184 νηθεὶς,
300 1114 393 1166 ἀεὶ
427 1113 687 1181 γεννᾶται
720 1110 889 1163 θέλων
916 1109 1061 1163 κατὰ
1095 1110 1314 1180 πνεῦμα
1348 1109 1436 1162 διὰ
1468 1108 1664 1176 φιλαν-

49 1205 314 1278 θρωπίαν
362 1206 486 1267 τοῖς
539 1203 786 1256 θέλουσι’
825 1202 921 1255 καὶ
965 1201 1176 1270 γίνεται
1210 1200 1431 1270 βρέφος,
1467 1196 1662 1252 ἑαυτὸν

49 1298 109 1350 ὲν
143 1294 391 1355 ἐκείνοις
447 1293 797 1346 διαπλάττων
838 1293 959 1354 ταῖς
988 1292 1241 1361 ἁρεταίς’
1276 1293 1370 1363 καὶ
1406 1286 1662 1341 τοσοῦτον

50 1385 421 1453 φαινόμενος,
471 1383 595 1435 ὅσον
628 1384 828 1451 χωρεῖν
874 1379 1164 1432 ἐπίσταται
1207 1378 1298 1432 τὸν
1337 1378 1657 1448 δεχόμενον·

50 1478 113 1529 οὑ
148 1474 341 1545 φθόνῳ
381 1471 707 1544 σμικρύνων
742 1470 837 1524 τοῦ
885 1470 1089 1524 οἰκείου
1142 1470 1407 1540 μεγέθους
1444 1469 1542 1541 τὴν
1568 1468 1663 1521 ἐκ·

54 1585 282 1635 φανσιν,
317 1566 468 1620 ἀλλὰ
506 1566 691 1636 μέτρῳ
720 1564 1035 1634 σταθμίζων
1064 1564 1173 1616 τῶν
1197 1566 1328 1634 ὁρᾷν
1356 1562 1665 1615 ποθούντων

53 1658 156 1729 τὴν
192 1656 462 1727 δύναμιν.
509 1655 698 1717 Οὕτως
744 1656 832 1708 ἀεὶ
880 1658 974 1709 καὶ
1006 1655 1329 1724 φαινόμενος
1349 1657 1377 1706 6
1402 1652 1497 1706 τοῦ
1526 1652 1662 1705 Θεοῦ

54 1751 236 1819 Λόγος
260 1752 382 1812 τοῖς
416 1748 648 1818 τρόποις
677 1748 783 1798 τῶν
820 1747 1083 1817 μετόχων,
1116 1747 1201 1798 ἀεὶ
1232 1745 1477 1815 διαμένει
1521 1743 1664 1796 κατὰ

55 1846 159 1913 τὴν
195 1843 523 1913 ὑπερϐολὴν
553 1841 648 1895 τοῦ
688 1839 1014 1910 μυστηρίου,
1046 1841 1160 1902 τοῖς
1206 1839 1374 1890 πᾶσιν
1410 1834 1661 1898 ἀθέατος.
1696 1816 1738 1870 Β

59 1936 232 1997 Ὅθεν
264 1934 454 2004 σοφῶς
490 1934 586 1986 τοῦ
622 1933 929 2003 μυστηρίου
963 1931 1063 2003 τὴν
1102 1930 1333 2000 δύναμιν
1360 1927 1665 1993 διασκοπή-

62 2046 163 2091 σας
195 2030 225 2081 6
260 2027 414 2089 θεῖος
462 2023 809 2089 Ἀπόστολος,
863 2024 1064 2094 φησίν·
1110 2020 1348 2089 Ἰησοῦς
1387 2018 1661 2087 Χριστὸς,

61 2121 209 2189 χθὲς
241 2121 343 2173 ml
377 2118 671 2189 σήμερον,
702 2120 733 2171 ό
774 2118 956 2183 αὐτὸς
988 2115 1086 2169 καί
1119 2117 1206 2180 εις
1232 2112 1375 2179 τοὺς
1408 2111 1662 2177 αὶῶναςυ

62 2210 223 2274 εἰδὼς
250 2212 344 2265 ἀεὶ
368 2209 561 2263 καινὸν
588 2209 647 2262 τὸ
674 2208 996 2279 μυστήριον,
1026 2207 1118 2259 καὶ
1142 2204 1413 2277 μηδέποτε
1441 2202 1667 2274 περιλή-

64 2304 159 2372 ψει
188 2304 314 2366 νοὸς
336 2301 769 2370 παλαιούμενον.

139 2398 209 2451 θ’.
256 2398 540 2449 Γεννᾶται
588 2393 826 2465 Χριστὸς
872 2396 900 2446 6
935 2391 1090 2453 θεὸς,
1122 2388 1428 2462 προσλήψει
1463 2386 1666 2459 σαρκὸς

66 2487 249 2559 ψυχὴν
283 2486 524 2558 Elatia-qq
562 2485 754 2554 νοερὰν
786 2481 1073 2551 γενόμενος
1092 2480 1406 2549 ἄνθρωπος·
1432 2480 1460 2530 6
1485 2493 1666 2548 παρα-

70 2581 344 2652 σχόμενος
396 2581 514 2641 τοῖς
554 2572 707 2629 οὖσιν
757 2577 821 2628 ἐκ
880 2574 958 2644 μὴ
989 2572 1159 2626 ὄντων
1192 2571 1290 2642 τὴν
1328 2570 1571 2639 γένεσιν·
1606 2567 1666 2621 ὃν

72 2670 359 2741 Παρθένος
391 2666 691 2740 ὑπερφυῶς
732 2664 990 2726 τεκοῦσα,
1024 2663 1334 2734 παρέλυσεν
1366 2660 1521 2713 οὐδὲν
1567 2660 1668 2729 τῆς

71 2762 382 2833 παρθενίας
411 2762 738 2833 τεκμήριον,
780 2758 867 2822 Ὠς
889 2760 998 2829 γὰρ
1020 2757 1179 2818 αὑτὸς
1210 2755 1496 2823 ἄνθρωπος
1516 2752 1669 2821 γέγο-

72 2872 185 2919 νεν,
222 2856 330 2908 οὑκ
384 2852 690 2913 ἀλλοιώσας
736 2851 836 2921 τὴν
881 2849 1067 2918 φύσιν,
1125 2847 1234 2901 οὐδ’
1275 2845 1519 2915 ἀμείψας
1567 2842 1667 2914 τὴν

73 2946 311 3018 δύναμιν
332 2963 347 2976 ν
375 2944 523 2999 οὑτω
563 2944 664 3014 τὴν
707 2940 972 2995 τεκοῦσαν
1000 2939 1095 2993 καὶ
1120 2939 1335 3010 μητέρα
1374 2939 1540 3003 ποιεῖ,
1571 2934 1668 2989 καὶ

78 3039 358 3111 παρθένον
390 3037 660 3107 διατηρεῖ,
697 3032 938 3104 θαύματι
961 3031 1146 3103 θαῦμα
1172 3032 1312 3085 κατὰ
1335 3029 1497 3083 ταυτὸ
1524 3028 1669 3100 διερ-

82 3128 342 3199 μηνεύων
370 3126 508 3196 ἅμα,
537 3126 630 3178 καὶ
657 3124 870 3194 θατέρῳ
893 3121 1154 3193 κρύπτων
1183 3122 1243 3175 τὸ
1265 3122 1468 3193 ἕτερον.
1487 3122 1668 3173 Ἐπει-
1694 3152 1740 3221 -C

79 3219 145 3292 δὴ
182 3221 251 3273 δι’
295 3218 495 3272 ἑαυτὸν
534 3220 561 3270 6
593 3216 726 3278 Θεὸς
777 3216 863 3269 ἀεὶ
911 3215 1033 3268 κατ’
1079 3214 1267 3267 οὐσίαν
1298 3213 1534 3285 ὑπάρχει
1568 3214 1671 3282 μυ-

84 3313 329 3384 στήριον,
366 3310 624 3364 τοσοῦτον
653 3308 847 3361 ἑαυτὸν
880 3307 1094 3375 ἐξάγων
1134 3307 1233 3377 τῆς
1267 3306 1503 3377 φυσικῆς
1537 3322 1673 3375 κρυ-

85 3403 366 3474 φιότητος,
426 3403 553 3455 ὅσον
593 3401 799 3470 ταύτην
858 3398 1022 3452 πλέον
1067 3398 1156 3452 διὰ
1209 3398 1310 3468 τῆς
1356 3398 1673 3466 ὲκφάνσεως

85 3495 483 3566 κρυφιωτέραν
533 3491 872 3565 ἐργάζεσθαι
894 3506 907 3521 ο
941 3489 1037 3544 καὶ
1070 3488 1324 3542 τοσοῦτον
1374 3488 1537 3541 πάλιν
1567 3504 1672 3558 μη-

86 3586 219 3658 τέρα
267 3588 371 3657 τὴν
414 3585 679 3638 τεκοῦσαν
720 3584 985 3655 παρθένον
1022 3581 1368 3650 ποιούμενος,
1398 3580 1523 3632 ὅσον
1573 3579 1674 3649 τὴν

87 3678 285 3751 κύησιν
319 3679 522 3733 ἄλυτον
554 3678 652 3746 τῆς
694 3675 990 3746 παρθενίας
1018 3673 1217 3744 δεσμὸν
1260 3669 1675 3743 ἀπεργάζεσθαι

92 3766 250 3839 [unus
279 3768 412 3841 Reg.
440 3764 889 3839 ἀπεργάσασθαι]

164 3951 216 4000 ι’.
259 3945 329 4018 (e)
366 3941 840 4014 Καινοτομοῦνται
872 3938 1083 4011 φύσεις,
1117 3954 1212 3993 και
1230 3936 1362 4000 Θεὸς
1391 3935 1677 4005 ἄνθρωπος

92 4039 306 4107 γίνεται
326 4056 341 4071 ·
371 4038 436 4092 οὑ
472 4038 632 4109 μόνον
664 4036 698 4107 ἡ
729 4033 850 4087 θεία
874 4032 968 4086 καὶ
1001 4030 1239 4101 σταθερά
1269 4028 1365 4082 καὶ
1395 4026 1674 4097 ἀκίνητος,

94 4131 397 4203 κινουμένη
448 4128 583 4200 πρὸς
631 4126 731 4196 τὴν
778 4122 1103 4193 κινουμένην
1159 4118 1251 4174 καὶ
1297 4117 1553 4181 ἄστατον,
1590 4118 1679 4171 ἵνα

97 4222 274 4294 στήσῃ
303 4221 402 4276 τοῦ
435 4216 701 4290 φέρεσθαι
724 4232 737 4244 '
766 4214 889 4268 οὐδὲ
922 4213 1084 4285 μόνον
1116 4212 1151 4282 ἡ
1192 4209 1507 4282 ἀνθρωπίνη
1556 4209 1679 4280 δίχα

98 4315 308 4385 σπορᾶς
343 4312 489 4381 ὑπὲρ
529 4307 692 4380 φύσιν
730 4303 1054 4377 γεωργοῦσα
1094 4303 1276 4375 σάρκα
1308 4301 1386 4372 τῷ
1408 4303 1566 4370 Λόγῳ
1591 4317 1680 4353 τε-

98 4401 562 4477 λισφορουμένην,
614 4400 701 4453 ἵνα
742 4400 839 4469 στῇ
889 4396 984 4450 τοῦ
1040 4394 1336 4467 φέρεσθαι·
1387 4392 1522 4446 ἀλλὰ
1584 4393 1680 4446 καὶ

1758 565 1905 634 quod
1928 567 2079 634 velit,
2104 570 2487 641 participatur,
2512 590 2620 644 qua
2646 575 2763 645 ipse
2796 576 3006 630 ratione
3034 575 3189 629 novit
3222 594 3236 628 :
3258 576 3341 633 sic

1758 666 1814 711 et
1835 673 1900 712 ea
1920 674 2042 728 quae
2066 661 2416 732 participant,
2450 667 2740 722 excellenti
2778 668 3042 722 bonitatis
3068 668 3339 737 potentia,

1760 763 1868 817 qua
1904 750 2059 804 novit
2104 752 2335 819 ratione,
2364 757 2646 813 voluntate
2690 760 2957 814 condidit.
2993 760 3163 830 igitur
3194 760 3338 832 quod

1760 840 1999 894 creantis
2023 842 2303 897 voluntate
2345 845 2548 901 factum
2584 856 2690 912 est,
2723 862 3005 918 nunquam
3055 849 3129 916 ei,
3158 850 3251 919 qui
3279 856 3342 903 ut

1760 928 1917 985 ﬁeret
1946 932 2140 999 voluit,
2164 944 2497 990 coaeternum
2518 940 2815 993 exstiterit.

1832 1025 1885 1079 8.
1934 1026 2031 1081 Dei
2080 1028 2343 1094 Verbum,
2389 1046 2555 1086 carne
2596 1033 2766 1086 semel
2824 1042 3011 1086 natum
3046 1032 3191 1103 (qua:
3222 1033 3343 1103 ejus

1760 1131 2031 1186 propensa
2078 1118 2390 1189 benignitas
2420 1138 2484 1176 ac
2520 1122 2833 1177 humanitas
2858 1123 2963 1194 est)
2994 1123 3081 1177 his
3123 1124 3216 1191 qui
3253 1140 3347 1177 ve-
3404 1106 3417 1109 ί

1762 1207 1884 1273 lint,
1915 1206 2137 1278 semper
2157 1212 2349 1265 volens
2384 1213 2582 1281 spiritu
2615 1213 2899 1279 nascitur;
2929 1212 3097 1282 ﬁtque
3143 1214 3342 1275 infans,

1763 1311 1821 1351 se
1848 1298 1903 1351 in
1930 1297 2041 1353 illis
2070 1299 2369 1354 virtutibus
2398 1300 2736 1366 informans;
2769 1316 2834 1356 ac
2866 1316 2978 1369 quo
3004 1300 3227 1353 modulo
3252 1317 3349 1354 ca-

1764 1403 1893 1458 pere
1922 1389 2075 1443 novit
2109 1391 2524 1460 suscipientem,
2557 1393 2799 1461 scipsum
2826 1392 3163 1456 manifestat,
3196 1393 3346 1445 nulla

1763 1480 1954 1536 livoris
1982 1481 2105 1535 labe
2141 1497 2206 1537 ac
2252 1483 2480 1547 invidia,
2514 1499 2629 1538 sua:
2666 1485 3062 1554 magnitudinis
3091 1486 3349 1555 amplitu-

1764 1570 1950 1627 dinem
1980 1573 2256 1637 minuens,
2297 1575 2391 1630 sed
2428 1575 2584 1645 quasi
2613 1591 2870 1630 mensura
2922 1592 2985 1630 ae
3040 1577 3204 1630 modo
3254 1591 3351 1630 cu-

1764 1665 2037 1733 pientium
2074 1666 2262 1721 videre
2302 1668 2621 1722 facultatem
2656 1670 2972 1737 explorans,
3019 1683 3349 1738 semperque

1766 1771 1879 1824 prae
1908 1756 2151 1826 mysterii
2170 1757 2515 1823 excellentia,
2548 1759 2764 1813 cunctis
2785 1759 3196 1828 inaspectabilis
3224 1774 3351 1829 per-

1771 1849 1899 1902 inde
1958 1864 2341 1918 pcrseverans.
2373 1848 2741 1915 Quamobrem
2788 1850 3010 1904 divinus
3050 1850 3350 1919 Apostolus

1771 1941 2017 2013 mysterii
2044 1941 2152 1995 vim
2175 1942 2451 2013 sapienter
2478 1941 2839 1996 considerans
2865 1960 2879 1995 ε
2905 1942 3057 1995 Iesus
3088 1941 3349 2005 Christus,

1771 2033 1972 2103 inquit,
2007 2034 2119 2087 heri
2139 2041 2187 2086 et
2215 2033 2401 2098 hodie;
2427 2034 2540 2103 ipse
2576 2042 2625 2085 et
2654 2034 2710 2086 in
2735 2032 2933 2087 swcula
2962 2036 2973 2064 '
3013 2050 3027 2097 ;
3062 2031 3137 2086 ita
3187 2031 3353 2085 nitui-

1772 2137 1918 2187 rum,
1946 2123 2266 2195 mysterium
2319 2137 2539 2192 semper
2590 2138 2794 2177 novum
2851 2124 3189 2194 intelligens,
3219 2121 3351 2175 nul-

1770 2214 1932 2284 laque
1997 2230 2238 2285 unquam
2298 2215 2501 2269 mentis
2539 2215 3035 2286 comprehensione
3084 2228 3353 2270 consene-

1771 2318 1953 2359 SCCHS.

1842 2394 1895 2450 9.
1934 2395 2191 2451 Nascitur
2239 2392 2493 2450 Christus
2533 2395 2700 2459 Deus,
2746 2395 3123 2465 assumptione
3169 2394 3353 2448 carnis

1772 2487 1952 2543 anima
1980 2488 2321 2557 intelligente
2356 2487 2627 2556 praeditas,
2683 2485 2863 2540 factus
2887 2486 3086 2549 homo;
3115 2486 3207 2554 qui
3236 2486 3352 2554 ipse

1774 2576 1944 2632 rebus
1994 2586 2386 2639 concesserat,
2445 2583 2509 2630 ut
2549 2591 2617 2630 ex
2677 2576 2854 2629 nihilo
2928 2575 3348 2645 procederent:

1772 2682 1935 2738 quem
1982 2668 2148 2737 Virgo
2203 2666 2389 2721 altiori
2438 2682 2604 2737 supra
2646 2675 2899 2721 naturam
2947 2666 3113 2721 modo
3149 2667 3349 2729 enixa,

1772 2759 1987 2813 nullum
2017 2757 2355 2829 virginitatis
2392 2758 2559 2813 solvit
2588 2758 2953 2828 signaculum.
2980 2757 3350 2823 Quemadmo-

1773 2846 1905 2902 dum
1923 2847 2072 2901 enim
2102 2846 2279 2902 tactus
2314 2855 2401 2902 est
2434 2848 2620 2912 homo,
2649 2848 2786 2901 nihil
2823 2847 2879 2901 in
2925 2848 3207 2901 diversum
3252 2847 3353 2901 im—

1774 2943 1980 2991 mutata
2037 2944 2253 3003 natura,
2278 2938 2367 2991 vel
2412 2946 2747 2992 commutata
2785 2938 3063 3007 potentia;
3091 2939 3171 2992 sic
3210 2954 3352 3008 quo-

1774 3043 1883 3098 que
1926 3044 2279 3099 puerperam,
2304 3037 2361 3084 et
2404 3037 2639 3084 matrem
2690 3029 2839 3095 facit,
2872 3037 2931 3083 et
2970 3038 3155 3085 servat
3184 3030 3355 3101 virgi-

1776 3136 1925 3184 nem,
1970 3120 2026 3174 in
2067 3120 2260 3175 eodem
2282 3120 2579 3190 simulque,
2606 3120 2935 3175 miraculum
2962 3122 3231 3178 miraculo
3258 3138 3355 3176 ex-

1777 3226 2018 3283 ponens,
2070 3212 2417 3280 alterumque
2464 3211 2640 3265 altero
2674 3212 2980 3266 occultans.
3021 3212 3169 3267 Deus
3200 3211 3350 3267 enim

1777 3304 1862 3360 sui
1894 3304 2010 3375 ipse
2046 3303 2259 3358 ratione
2304 3302 2713 3368 essentialiter,
2765 3318 2984 3374 semper
3029 3304 3352 3375 mysterium

1777 3404 1893 3461 est;
1927 3403 2141 3450 tantum
2189 3393 2457 3449 naturalis
2498 3393 2673 3448 abditi
2702 3395 2792 3450 sui
2826 3394 3056 3449 latebris
3104 3395 3352 3465 seipsum

1777 3486 2179 3558 exproducens,
2207 3492 2474 3555 quantum
2509 3484 2741 3540 sutliciat
2769 3494 2831 3540 ut
2867 3486 3004 3540 illud
3037 3486 3215 3556 ipsum
3246 3501 3355 3557 qua

1778 3580 2122 3650 explanatur,
2166 3578 2340 3648 magis
2368 3576 2615 3631 abditum
2642 3591 2706 3633 ac
2752 3577 3031 3633 occultum
3068 3577 3196 3643 ﬁat;
3236 3587 3358 3633 tan-

1781 3680 2008 3740 tumque
2033 3684 2232 3725 rursus
2280 3684 2612 3739 puerperam
2641 3678 2873 3724 matrem
2898 3669 3174 3741 virginem
3221 3686 3356 3740 prae-

1780 3772 1952 3826 stans,
1993 3768 2260 3830 quantum
2307 3776 2532 3815 necesse
2565 3761 2666 3826 sit,
2702 3770 2763 3817 ut
2811 3770 3022 3832 partus,
3057 3762 3359 3819 insolubile

1782 3850 2116 3920 virginitatis
2131 3849 2415 3903 vinculum
2446 3849 2692 3902 exsistat.

1854 3940 1943 3994 10.
1984 3939 2322 3993 lnnovantur
2347 3945 2561 3993 naturae
2585 3955 2599 4005 ;
2644 3939 2902 4008 Deusque
2926 3939 3094 3995 homo
3124 3941 3204 3995 tit.
3232 3942 3356 3996 Non

1783 4028 2162 4086 solumdivina
2186 4027 2512 4098 stabilisque
2546 4043 2611 4083 ac
2633 4029 2957 4094 immobilis,
2988 4029 3057 4085 ad
3083 4046 3204 4086 eam
3234 4046 3357 4086 mo-

1782 4131 1961 4188 vetur,
1997 4136 2119 4191 qua:
2146 4118 2383 4175 obnoxia
2406 4120 2579 4174 motui
2610 4134 2674 4174 ac
2711 4119 2987 4177 instabilis
3014 4131 3119 4187 est,
3154 4132 3217 4177 ut
3234 4138 3357 4179 eam

1783 4229 1813 4268 a
1839 4222 1990 4268 motu
2018 4211 2209 4278 sistat;
2246 4226 2347 4266 nec
2371 4210 2550 4266 solum
2584 4212 2825 4267 humana
2853 4214 2992 4269 citra
3025 4229 3244 4269 omnem
3273 4230 3360 4269 se-

1786 4313 2024 4361 mentem
2055 4318 2221 4373 supra
2252 4310 2524 4367 naturam,
2544 4316 2766 4356 carnem
2806 4302 2996 4375 515‘
3029 4305 3206 4360 verbo
3236 4320 3360 4375 per.

1786 4398 1983 4453 fectam
2019 4393 2382 4465 exproducit,
2427 4404 2489 4448 ut
2536 4393 2652 4463 ipsa
2696 4403 2851 4448 motu
2882 4394 3012 4449 ferri
3062 4409 3126 4448 ac
3162 4396 3358 4465 jactari

99 4496 272 4568 ἀστὴρ
302 4497 363 4564 ὲξ
393 4491 671 4549 ἀνατολῶν
703 4493 762 4544 ὲν
798 4488 985 4561 ἡμέρᾳ
1023 4486 1368 4557 φαινόμενος,
1421 4485 1516 4538 καὶ
1553 4484 1667 4546 τοὺς

1786 4490 2001 4545 desinat
2030 4505 2043 4541 :
2075 4486 2171 4542 sed
2194 4494 2249 4541 et
2274 4486 2430 4541 stella
2453 4486 2522 4541 ab
2545 4484 2769 4540 Oriente
2799 4486 3040 4541 interdiu
3062 4487 3360 4557 conspicua

106 4588 311 4656 μάγους
348 4585 561 4657 ὁδηγῶν
609 4585 692 4645 είς
736 4581 827 4635 τὸν
878 4581 1044 4633 τόπον
1080 4578 1178 4649 τῆς
1208 4576 1303 4630 τοῦ
1337 4576 1512 4644 Λόγου
1547 4592 1667 4646 σαρ-

1782 4582 1983 4644 micat,
2034 4578 2326 4648 Magosque
2358 4576 2511 4631 ducit
2536 4591 2645 4646 quo
2670 4578 2793 4631 loco
2820 4578 3088 4642 Verbum,
3143 4594 3358 4633 assum-

103 4682 348 4749 κὼσεως,
384 4681 472 4733 ἴνα
515 4678 666 4749 δείξῃ
698 4672 976 4748 μυστικῶς
1008 4669 1246 4724 νικῶντα
1278 4669 1375 4740 τὴν
1404 4668 1661 4736 αἴσθησιν

1781 4682 1874 4744 pta
1900 4670 2291 4740 carnejacet’;
2326 4683 2437 4737 quo
2463 4667 2692 4739 mystice
2718 4683 2882 4724 sensu
2924 4670 3272 4738 superiorem
3302 4671 3363 4727 in

105 4772 194 4825 τὸν
218 4775 275 4828 ὲν
302 4776 452 4844 νόμῳ
485 4773 578 4825 καὶ
613 4772 921 4841 προφήταις
945 4764 1125 4833 λόγον,
1156 4762 1252 4816 καὶ
1293 4758 1593 4831 ὁδηγοῦντα
1618 4757 1667 4811 τέ

1781 4764 1903 4835 lege
1951 4777 2015 4817 ac
2059 4758 2345 4831 prophetis
2372 4766 2683 4814 exstantem
2726 4759 2985 4814 ostendat
3014 4775 3367 4826 sermonem,

108 4860 234 4934 ἔθνη
267 4865 405 4936 πρὸς
448 4863 509 4915 τὸ
547 4860 806 4933 μέγιστον
842 4856 957 4927 φῶς
999 4856 1100 4924 τῆς
1134 4850 1511 4920 ἐπιγνώσεως.
1545 4848 1667 4918 Πρὸ‹

1784 4862 2085 4926 gentesque
2116 4850 2185 4905 ad
2229 4850 2529 4905 maximum
2563 4849 2861 4920 agnitionis
2901 4851 3087 4904 lumen
3122 4851 3373 4922 dirigens

108 4930 232 5025 γάρ-
262 4930 560 5022 ἐπίγνωσιν
610 4951 704 5006 τού
760 4947 1140 5020 σαρκωθέντος
1192 4944 1369 5011 Λόγου
1433 4940 1667 5009 σαφῶςὶ

1786 4955 1921 5000 tem.
1946 4944 2115 4999 Plane
2146 4942 2292 4997 enim
2321 4941 2456 5012 legis
2484 4956 2668 4995 sermo
2699 4956 2763 4995 ac
2794 4942 3173 5011 propheticus,
3194 4944 3374 4998 stellas

109 5049 328 5115 νομικός
364 5063 425 5099 τε
462 5045 559 5098 καὶ
608 5040 949 5123 προφητικὸς
1002 5038 1182 5106 λόγος,
1218 5033 1468 5103 καθάπερ
1510 5030 1667 5123 ἀετὴε

1791 5038 1986 5100 instar,
2016 5036 2105 5106 pie
2151 5033 2488 5097 intellectus,
2520 5047 2617 5087 eos
2644 5032 2738 5101 qui
2767 5033 2958 5101 gratiae
2983 5033 3035 5086 vi
3057 5033 3369 5088 secundum

18 5138 23 5207 ᾗ
115 5137 350 5202 εὐσεϐῶς
385 5134 840 5207 κατανοούμενος,
873 5120 1060 5202 όδηγεῖ
1093 5130 1220 5191 τοὺς
1267 5125 1409 5179 κατὰ
1430 5122 1667 5194 πρόθεσιι

1792 5125 2136 5199 propositum
2178 5120 2359 5177 vocati
2407 5131 2571 5187 sunt,
2612 5120 2681 5175 ad
2726 5120 2968 5177 Verbum
3015 5120 3379 5187 incarnatum

116 5229 180 5298 τῇ
209 5228 432 5301 δυνάμει
467 5226 843 5297 κεκλημένους
874 5227 969 5294 τῆς
1002 5221 1249 5293 χάριτος.

1792 5212 2202 5288 agnoscendum
2229 5210 2460 5266 adducit
2477 5209 2520 5263 ³.

190 5328 277 5375 ια’.
330 5299 550 5393 Ἐπειδὴ
583 5320 753 5374 θέλων
802 5315 935 5386 ἐγὼ,
979 5314 1077 5384 τὴν
1115 5312 1266 5365 θείαν
1301 5308 1519 5379 ἐντολὴν
1544 5323 1667 5378 παρ

1868 5304 1956 5358 ii.
1986 5301 2145 5370 Quod
2172 5316 2275 5372 ego
2305 5301 2473 5355 homo
2517 5299 2773 5356 divinum
2816 5299 3136 5355 mandatum
3169 5311 3380 5372 sponte-

123 5409 250 5483 έϐην
281 5416 309 5469 6
330 5391 637 5487 ἅνθρωπος,
683 5411 780 5465 καὶ
814 5409 876 5462 τὸ
916 5405 1145 5477 στερρόν
1183 5421 1284 5474 μου
1316 5400 1418 5471 τῆς
1450 5400 1664 5470 φύσεως

1795 5405 2169 5467 transgressus
2198 5408 2372 5457 eram,
2406 5407 2651 5463 meaeque
2675 5400 2889 5448 naturae
2932 5391 3270 5448 soliditatem
3310 5400 3372 5450 et.-

124 5500 368 5578 θεότητος
411 5482 587 5561 ἑλπίδι
627 5503 887 5565 δελεάσας
917 5499 1052 5570 πρὸς
1087 5495 1283 5567 ἡδονὴν
1329 5494 1630 5562 κατέσυρεν
1661 5512 1667 5540 ς

1795 5488 1970 5544 robur
2012 5502 2107 5544 seu
2167 5485 2556 5545 constantiam.
2600 5483 2856 5541 diabolus
2915 5482 3228 5543 divinitatis
3268 5498 3373 5566 spe

196 5637 214 5669 ί
258 5639 421 5696 Hebr.
461 5657 573 5706 xm,
608 5640 660 5695 8.
737 5640 759 5670 '
794 5633 983 5690 Matth.
1011 5648 1069 5695 ιι,
1102 5632 1126 5685 1
1156 5644 1309 5699 seqq.
1386 5627 1408 5658 ³
1440 5626 1596 5679 Rom.
1626 5639 1741 5690 vm,
1771 5622 1861 5678 28.

200 5750 267 5824 (e)
293 5755 372 5810 Cf.
400 5756 562 5825 Crcg.
594 5754 721 5809 Naz.
756 5753 809 5805 in
840 5752 976 5805 diem
1005 5743 1198 5801 Christi
1232 5743 1485 5797 natalem.
