3930 6324
121 253 254 323 1185

814 262 1147 322 (ΖΑΡΙΤΗΜ
1183 260 1604 333 QUINQUIES
1636 262 1701 321 Cl

1809 261 2155 323 FENORUM
2188 261 2576 332 CENTURIA
2616 263 2666 323 Ι.

3237 266 3373 331 1186

115 370 317 426 factum
343 370 472 425 est?
499 368 621 425 Haec
657 371 769 426 sola
808 371 943 427 ﬁdes
983 374 1130 442 capit
1163 374 1573 444 mysteria.ipsa
1597 373 1859 428 nimirum
1895 372 2198 429 substnatia
2213 381 2269 428 et
2303 372 2457 429 basis
2501 389 2694 429 earum
2748 389 2957 442 rerum,
2990 393 3113 448 quas
3149 380 3373 435 omnem

118 463 317 515 mentis
339 477 557 517 sensum
583 471 639 516 et
666 464 931 518 rationem
956 466 1231 519 excedunt
1256 467 1297 517 ⁵.

190 555 271 608 ιδ’.
324 554 380 607 ’0
423 555 590 622 Ἀδὰμ
632 556 1013 623 παρακούσας,
1063 557 1123 621 ἐξ
1174 557 1368 625 ἡδονῆς
1421 556 1687 626 ἄρχεσθαι
1719 570 1761 624 Λ

117 645 213 713 τὴν
252 645 351 710 τῆς
389 644 603 713 φύσεως
639 645 842 710 ἐδίδαξε
877 647 1090 714 γένεσιν
1113 665 1126 677 ·
1172 650 1199 699 ὁ
1250 649 1454 716 Κύριος
1488 648 1691 717 ταύτην

118 735 393 799 ὲξοικίζων
425 736 523 804 τῆς
555 738 793 803 φύσεως,
825 737 921 807 τὴν
944 740 1008 791 ὲκ
1044 741 1250 807 σπορᾶς
1276 741 1335 791 οὑ
1371 740 1691 808 προσήκατο

121 827 396 895 σύλληψιν.
432 827 496 879 Ἥ
527 828 665 899 γυνὴ
688 830 986 899 παραϐᾶσα
1010 830 1109 901 τὴν
1130 832 1369 900 ἐντολὴν,
1406 832 1463 895 ἐξ
1497 831 1690 901 ὀδύνης

117 918 377 987 ἄρχεσθαι
406 919 505 989 τὴν
535 920 634 988 τῆς
663 920 877 987 φύσεως
912 918 1188 985 κατέδειξε
1216 921 1491 991 γέννησιν⁶
1520 922 1547 972 ὁ
1579 920 1691 972 Κύ-

120 1028 230 1079 ριος
268 1010 471 1081 ταύτην
520 1012 904 1064 ἀποτινάσσων
948 1013 1047 1082 τῆς
1095 1012 1333 1080 φύσεως,
1380 1011 1687 1082 γεννηθεὶς,

119 1101 320 1171 φθορὰν
357 1102 649 1171 ὑπομεῖναι
673 1103 771 1176 τὴν
789 1103 1053 1157 τεκοῦσαν
1076 1106 1134 1157 οὐ
1178 1104 1561 1175 συνεχώρησεν
1584 1123 1597 1135 ο
1624 1105 1690 1157 ἵν’

116 1194 245 1261 ὁμοῦ
292 1195 389 1262 τήν
425 1210 485 1246 τε
540 1194 785 1247 ἑκούσιον
834 1195 1046 1265 ἡδονὴν,
1099 1196 1193 1248 καὶ
1254 1198 1354 1265 τὴν
1399 1198 1466 1249 δι’
1520 1197 1692 1266 αὐτὴν

117 1284 369 1338 ἀκούσιον
402 1284 619 1355 ὀδύνην,
662 1285 818 1355 ἐξέλῃ
864 1286 962 1354 τῆς
1004 1286 1240 1356 φύσεως,
1269 1282 1343 1339 ὧν
1371 1289 1470 1340 οὑκ
1502 1283 1570 1357 ἦν
1599 1288 1692 1357 δη-

117 1376 400 1447 μιουργὸς,
446 1377 739 1447 ἁναιρέτης
782 1379 1105 1447 γενόμενος’
1157 1379 1248 1431 καὶ
1280 1379 1464 1448 διδάξῃ
1504 1396 1695 1447 μυστιο

116 1468 224 1531 κῶς
261 1467 405 1520 κατά
432 1465 680 1536 γνώμην,
710 1467 874 1531 ἄλλης
908 1469 1255 1538 ἀπάρχεσθαι
1280 1468 1448 1536 ζωῆς,
1485 1467 1545 1531 ἐξ
1573 1468 1694 1520 ὀδύ-

116 1578 208 1629 νης
252 1561 349 1629 μὲν
400 1559 559 1627 τυχὸν
601 1560 912 1630 ἀρχομένης
949 1562 1041 1613 καὶ
1091 1561 1289 1623 πόνων,
1322 1561 1598 1630 ληγούσης
1638 1560 1695 1613 δὲ

117 1649 328 1710 πάντως
361 1648 445 1709 εἰς
476 1648 665 1717 ἡδονὴν
692 1648 841 1701 θείαν
869 1649 962 1702 καὶ
991 1650 1329 1720 εὐφροσύνην
1366 1651 1692 1719 ἀπέραντον.

116 1740 212 1793 Διὰ
283 1738 448 1792 τοῦτο
504 1740 712 1806 γίνεται
781 1740 1091 1811 ἄνθρωπος,
1140 1743 1233 1794 καὶ
1304 1744 1560 1809 γεννᾶται
1622 1740 1697 1803 ὡς

116 1831 421 1903 ἄνθρωπος,
462 1833 490 1884 ὁ
532 1833 764 1902 ποιήσας
798 1834 888 1884 τὸν
946 1833 1252 1904 ἄνθρωπον,
1304 1834 1389 1885 ἵνα
1427 1832 1575 1905 σώσῃ
1606 1834 1695 1886 τὸν

117 1925 424 1995 ἄνθρωπον,
459 1924 551 1978 καὶ
588 1925 733 1995 πάθη
762 1925 994 1977 πάθεσιν
1044 1926 1358 1995 ἰασάμενος,
1395 1926 1567 1987 πάθος
1601 1926 1701 1978 αὺ-

1864 557 1951 609 14.
1988 557 2230 611 Adamus
2250 558 2509 627 praecepti
2543 559 2731 613 violati
2766 576 2912 625 reus,
2950 570 3164 617 naturae
3190 572 3376 620 ortum

1795 663 1864 701 ex
1891 648 2170 717 voluptate
2199 664 2263 702 ac
2303 649 2536 704 libidine
2568 651 2965 719 auspicandum
2989 652 3196 707 docuit.
3224 653 3377 710 Hanc

1797 739 2063 793 Dominus
2097 756 2127 793 a
2163 749 2361 795 natura
2406 742 2699 821 eliminatis
2726 784 2740 807 ,
2791 752 3120 813 conceptum
3163 746 3257 814 qui
3308 762 3375 802 ex

1798 834 2007 887 semine
2036 845 2120 888 est
2154 850 2260 889 non
2298 836 2543 890 admisit.
2576 837 2773 891 Mulier
2799 846 2855 890 et
2896 838 3012 906 ipsa
3054 840 3376 907 praevarica-

1800 926 1965 979 tionis
1993 942 2107 987 rca,
2140 943 2168 980 a
2197 927 2387 981 dolore
2424 928 2748 981 initiandam
2774 939 2984 984 naturae
3033 932 3376 987 nativitatem

1798 1017 2058 1071 ostendit.
2092 1018 2248 1072 Hunc
2296 1019 2561 1073 Dominus
2595 1035 2626 1073 a
2659 1028 2878 1083 natura,
2928 1022 3045 1089 ipse
3101 1023 3378 1077 nascendo

1798 1108 2105 1171 excutiens,
2124 1124 2457 1178 puerperam
2479 1118 2705 1164 matrem
2726 1112 3069 1180 corruptioni
3084 1113 3375 1167 obnoxiam

1799 1197 1915 1251 fore
1947 1213 2056 1251 non
2093 1199 2345 1267 permisit
2374 1216 2388 1263 ;
2450 1209 2509 1252 ut
2553 1200 2715 1253 simul
2743 1209 2857 1253 tum
2889 1208 3245 1269 spontaneam
3277 1218 3378 1256 vo-

1798 1292 2068 1360 lnptatem
2094 1308 2159 1345 ac
2189 1292 2503 1356 libidinem,
2552 1302 2667 1349 tum
2696 1294 2817 1364 ejus
2852 1310 3019 1348 causa
3064 1296 3377 1350 involunta-

1802 1383 1945 1435 rium
1971 1383 2247 1437 invectum
2274 1383 2519 1437 dolorem
2568 1400 2598 1437 e
2625 1392 2825 1438 natura
2880 1384 3126 1440 auferret
3161 1386 3380 1455 (nempe

1800 1488 2038 1541 quorum
2073 1488 2184 1526 non
2213 1472 2395 1527 fuerat
2416 1474 2690 1536 conditor,
2728 1474 2844 1529 haec
2876 1475 3118 1543 proclive
3167 1476 3379 1544 delens)

1805 1566 2146 1635 mysticeque
2193 1565 2395 1619 mentis
2444 1566 2728 1633 proposito
2776 1581 2840 1619 ac
2892 1566 3174 1635 voluptate
3219 1568 3381 1620 aliam

1804 1655 2035 1709 doceret
2091 1655 2486 1724 auspicandam
2536 1656 2726 1720 vitam,
2772 1658 2929 1726 cujus
2972 1658 3196 1726 quidem
3238 1658 3382 1713 forte

1803 1761 1832 1799 a
1871 1745 2065 1799 dolore
2098 1752 2153 1799 et
2175 1745 2459 1799 laboribus
2485 1745 2737 1800 ducenda
2770 1746 3015 1811 exordia,
3044 1764 3165 1816 qua:
3198 1756 3382 1803 tamen

1805 1836 2031 1889 omnino
2061 1835 2119 1888 in
2145 1836 2390 1889 divinam
2434 1836 2773 1905 voluptatem
2805 1838 3383 1909 interminabilemque

1802 1924 2046 1978 laetitiam
2070 1924 2371 1979 desineret.
2395 1924 2582 1994 515‘
2608 1925 2819 1981 Idcirco
2848 1926 2907 1979 lit
2927 1928 3112 1989 homo,
3147 1937 3308 1997 atque
3324 1937 3386 1983 ut

116 1987 503 2087 rbq'bndpiwv
531 1987 823 2087 ἀποδειχθῇ
852 2016 961 2069 τῶν
979 1987 1266 2087 ἡμετέρων
1294 1987 1501 2079 παθῶν,
1530 2019 1701 2087 ὑπερ-

1809 2016 1977 2069 homo
1998 2016 2284 2080 nascitur,
2321 2016 2416 2085 qui
2455 2015 2783 2071 condiderat
2834 2017 3137 2082 hominem,
3198 1987 3260 2071 Iit
3284 2020 3385 2073 ho-

118 2106 264 2175 φυῶς
301 2112 425 2169 ταῖς
455 2108 648 2161 ἑαυτοῦ
686 2110 827 2161 κατά
860 2109 1041 2178 σάρκα
1078 2110 1390 2179 στερήσεσι,
1416 2108 1515 2170 τὰς
1544 2109 1699 2178 ἡμῶν

119 2197 520 2268 φιλανθρώπως
547 2198 688 2251 κατὰ
718 2199 932 2267 πνεῦμα
962 2198 1101 2265 ἔξεις
1128 2199 1544 2269 ἀνανεούμενος.

1808 2107 1944 2160 mini
1992 2107 2224 2161 salutem
2270 2106 2587 2172 conferret;
2653 2108 3120 2179 :egritudinesque
3160 2112 3385 2181 agritu—

1808 2198 2031 2252 dinibus
2061 2213 2295 2263 sanans;
2342 2198 2616 2268 aegritudo
2648 2200 2765 2269 ipse
2798 2215 2862 2255 ac
2918 2200 3180 2256 interitus
3222 2203 3384 2273 aegri—

120 2289 367 2343 tudinum
414 2300 729 2343 nostrarum
754 2291 1018 2354 eniteret;
1049 2290 1249 2345 eximia
1274 2291 1511 2359 quadam
1552 2290 1766 2345 ratione
1806 2291 1922 2345 suis
1962 2289 2270 2344 secundum
2306 2306 2525 2344 carnem
2561 2291 2989 2359 privationibus,
3027 2301 3249 2348 nostros
3286 2294 3384 2350 be-

119 2384 278 2453 nigne
309 2383 616 2437 secundum
650 2385 905 2453 spiritum
933 2386 1157 2445 habitus
1190 2386 1524 2441 instaurans.

191 2480 271 2529 ιε’.
323 2475 381 2527 Ὀ
422 2475 502 2543 τῷ
547 2474 675 2546 θείῳ
722 2476 872 2529 πόθω
907 2479 1137 2545 νικήσας
1162 2479 1259 2548 τὴν
1291 2480 1428 2549 πρὸς
1458 2480 1519 2532 τὸ
1540 2480 1700 2548 σῶμα

122 2564 215 2633 τῆς
243 2564 427 2635 ψυχῆς
453 2564 719 2628 διάθεσιν,
747 2565 1124 2635 ἀπερίγραφος
1164 2568 1373 2633 γέγονε,
1416 2569 1518 2620 κάν
1551 2569 1699 2620 ἐστιν

123 2658 178 2709 ὲν
214 2657 449 2726 σώματι.
488 2654 545 2707 Ὀ
583 2656 691 2725 γὰρ
731 2657 904 2708 ἕλκων
945 2657 1041 2726 τὴν
1065 2656 1158 2709 τοῦ
1190 2657 1480 2719 ποθοῦντος
1515 2657 1700 2725 ἔφεσιν

124 2747 272 2811 Θεὸς,
326 2748 546 2802 πάντων
602 2746 949 2817 ἀσυγκρίτως
1000 2748 1149 2800 ἐστὶν
1197 2748 1549 2818 ὑψηλότερος,
1600 2750 1699 2802 οὐκ

123 2839 223 2892 ἐῶν
260 2840 351 2901 τὸν
398 2838 671 2892 ποθοῦντα
712 2840 818 2890 τινὶ
861 2838 968 2891 τῶν
999 2841 1137 2907 μετὰ
1175 2839 1306 2891 Θεὸν
1346 2840 1698 2909 προσηλῶσαι

122 2929 219 3001 τὴν
247 2931 458 2997 ἔφεσιν.
487 2930 822 2997 Ποθήσωμεν
846 2924 938 2980 οὖν
956 2930 1043 2980 τὸν
1072 2930 1204 2981 Θεὸν
1234 2930 1356 2982 καθ’
1384 2931 1511 2999 ὅλην
1542 2930 1699 2999 ἡμῶν

124 3021 219 3091 τὴν
254 3024 353 3089 τῆς
401 3020 613 3086 φύσεως
645 3018 897 3088 δύναμιν,
933 3019 1029 3071 καὶ
1056 3022 1188 3073 πᾶσι
1228 3022 1340 3083 τοῖς
1369 3022 1701 3089 σωματικοῖς

124 3113 219 3183 τὴν
244 3113 567 3183 προαίρεσιν
601 3112 909 3181 ἀκράτητον
939 3110 1319 3181 ποιησώμεθα,
1355 3112 1449 3165 καὶ
1483 3112 1700 3164 πάντων

1881 2477 1968 2530 15,
2004 2476 2107 2541 Qui
2136 2475 2326 2529 divino
2350 2488 2537 2528 amore
2576 2488 2638 2527 ac
2668 2472 2982 2537 desiderio,
3035 2473 3203 2529 animi
3254 2490 3385 2545 erga

1808 2582 2012 2634 corpus
2034 2568 2186 2634 justo
2209 2563 2559 2632 proclivioris
2593 2564 2823 2617 allectus
2875 2578 3102 2632 compos
3149 2565 3382 2631 exstitit,

1805 2659 1910 2713 etsi
1944 2658 1998 2710 in
2033 2672 2264 2725 corpore
2300 2665 2567 2716 versatur,
2605 2655 3159 2725 incircumpscriptus
3185 2657 3383 2715 evasit.

1806 2750 1952 2803 Deus
1972 2746 2121 2801 enim
2152 2747 2245 2816 qui
2271 2747 2506 2801 amantis
2539 2761 2603 2799 ac
2628 2745 2992 2800 desiderantis
3024 2748 3384 2815 cupiditatem

1808 2840 1997 2900 trahit,
2038 2838 2178 2892 citra
2210 2852 2430 2890 omnem
2453 2836 2922 2905 comparationem
2954 2838 3171 2891 cunctis
3224 2854 3386 2907 supe-

1809 2930 1923 2983 rior
1947 2938 2052 2992 est,
2082 2942 2184 2981 nec
2213 2936 2488 2980 amantem
2519 2942 2584 2979 ac
2614 2926 3045 2990 desiderantem,
3072 2927 3166 2981 ulli
3191 2942 3383 2983 eorum

1808 3035 1931 3089 qua:
1958 3035 1989 3072 a
2024 3019 2136 3071 Deo
2168 3016 2411 3071 secunda
2439 3024 2585 3081 sunt,
2607 3017 2807 3071 all‘ectu
2837 3016 3199 3072 inhazresccre
3229 3018 3382 3073 sinit.

1811 3111 1982 3164 Deum
2016 3109 2186 3180 igitur
2211 3123 2461 3162 amemus
2499 3123 2562 3162 ac
2595 3107 2976 3165 desideremus
3010 3109 3139 3163 totis
3175 3118 3386 3165 natura:

124 3204 232 3257 τῶν
270 3203 444 3255 ὄντων
483 3202 755 3270 αἰσθητῶν
806 3219 868 3254 τε
914 3202 1009 3255 καὶ
1061 3202 1267 3271 νοητῶν
1331 3204 1586 3273 ὑπεράνω
1639 3207 1701 3275 τῇ

1811 3200 2059 3263 viribus,
2112 3200 2391 3267 nullisque
2437 3199 2681 3252 animum
2731 3199 3019 3267 corporeis
3068 3199 3382 3253 devinctum

125 3295 365 3348 διαθέσει
418 3292 731 3361 γενώμεθα,
790 3293 884 3346 καὶ
931 3293 1082 3345 οὐδὲν
1140 3293 1282 3346 κατὰ
1333 3293 1431 3363 τὴν
1478 3293 1705 3363 γνώμην

129 3389 261 3459 πρὸς
300 3388 362 3441 τὸ
414 3390 650 3440 συνεῖναι
682 3384 800 3455 Θεῷ
828 3384 906 3453 τῷ
953 3383 1096 3437 κατά
1126 3381 1289 3453 φύσιν
1315 3385 1702 3455 ἀπεριγράφῳ,

129 3480 406 3543 παντελῶς
443 3479 547 3531 ὑπὸ
594 3478 692 3546 τῆς
732 3476 965 3545 φυσικῆς
1024 3476 1371 3545 περιγραφῆς
1426 3474 1704 3544 ζημιωθη-

130 3571 369 3642 σὼμεθα.

199 3754 293 3813 ις’.
352 3744 532 3814 Ἀγών
564 3747 679 3797 ἐστι
724 3745 919 3814 φθόνου
958 3744 1050 3797 καὶ
1081 3743 1303 3815 ἀρετῆς.
1328 3746 1362 3813 ἡ
1395 3743 1504 3795 τῶν
1536 3744 1705 3810 ἁγίων

127 3839 433 3894 δυσπάθεια
486 3839 598 3909 (g)°
652 3838 746 3891 τοῦ
806 3838 927 3905 μὲν,
983 3837 1130 3899 ὅπως
1169 3836 1421 3906 κρατήσῃ
1470 3835 1707 3902 φιλονει-

130 3931 389 3994 κοῦντος·
430 3930 530 3998 τῆς
579 3929 659 3992 δὲ,
710 3931 858 3991 ὅπως
908 3929 1176 3999 ἀήττητος
1213 3925 1485 3999 διαμείνῃ,
1529 3925 1706 3978 πάντα

129 4022 400 4091 φερούσης
421 4038 434 4050 ’
474 4019 679 4072 καὶτοῦ
712 4019 831 4089 μὲν,
860 4020 1007 4079 ὅπως
1035 4017 1273 4090 εὐοδώσῃ
1309 4018 1476 4069 κακία
1508 4019 1708 4085 ἀγωνι-

130 4113 380 4183 ζομένου,
431 4112 520 4165 διὰ
560 4112 656 4180 τῆς
685 4111 793 4164 τῶν
825 4109 1237 4181 κατορθοῦντων
1269 4107 1575 4170 κολάσεωςο
1606 4107 1707 4177 τῆς

128 4206 203 4269 δὲ,
246 4208 400 4267 ὅπως
450 4205 697 4275 κατάσχῃ
730 4204 859 4267 τοὺς
906 4201 1147 4271 ἀγαθοὺς
1199 4202 1300 4253 κάν
1344 4203 1464 4262 ταῖς
1499 4216 1710 4269 συμφο-

134 4300 251 4365 ραῖς
269 4298 330 4351 τὸ
364 4296 531 4349 πλέον
566 4296 807 4365 ἔχοντας.

1804 3300 2150 3360 praestemus,
2182 3300 2347 3358 atque
2372 3288 2575 3343 aﬂectu
2599 3304 2663 3343 ac
2685 3290 2989 3352 voluntate,
3016 3290 3233 3344 cunctis
3262 3307 3387 3360 qua:

1803 3379 1860 3434 in
1888 3395 2111 3433 sensum
2152 3379 2359 3433 cadunt
2404 3386 2500 3432 aut
2538 3388 2719 3433 mente
2754 3380 3139 3450 intelliguntur
3162 3420 3177 3443 ,
3223 3396 3387 3448 supe-

1804 3472 1985 3526 riores
2019 3472 2348 3535 elliciamur,
2386 3470 2632 3540 nihilque
2677 3486 2906 3540 prorsus
2949 3473 3215 3526 naturalis
3270 3473 3383 3526 cir-

1803 3564 2160 3633 cumscriptio
2187 3563 2389 3627 oberit,
2416 3563 2550 3632 quin
2586 3569 2770 3616 mente
2803 3570 2859 3616 et
2880 3562 3088 3626 animo,
3116 3577 3241 3616 cum
3268 3563 3383 3617 Deo

1804 3662 1998 3706 natura
2030 3654 2511 3722 ineircumscripto
2544 3667 2852 3706 versemur.

1879 3745 1965 3799 16.
2002 3745 2229 3801 Invidiae
2257 3747 2591 3813 virtutisque
2647 3754 2931 3799 certamen
2970 3751 3056 3797 est
3101 3758 3165 3797 ae
3200 3758 3382 3812 pugna

1806 3844 2123 3890 sanctorum
2160 3837 2321 3890 malis
2342 3836 2666 3889 obsistendo
2691 3835 2922 3888 ﬁrmitas
2947 3850 3011 3887 ac
3031 3836 3339 3888 constantia
3364 3852 3380 3888 :

1810 3926 1984 3979 altera
2004 3926 2237 3994 quidem
2263 3926 2509 3979 enitente
2541 3937 2601 3980 ut
2631 3925 2860 3979 victoria
2888 3924 3172 3994 potiatur;
3209 3926 3382 3979 altera

1809 4032 1943 4071 vero
1974 4026 2172 4071 cuncta
2202 4017 2411 4072 ferente
2446 4027 2503 4070 ut
2533 4018 2737 4072 invicta
2759 4018 3024 4071 consistat
3044 4034 3055 4068 :
3076 4032 3138 4070 ac
3152 4018 3378 4085 quidem

1808 4107 2015 4163 invidia
2045 4109 2101 4162 in
2135 4108 2239 4164 hoc
2267 4117 2514 4164 certante
2548 4118 2606 4164 nt
2646 4108 2841 4163 vitium
2891 4124 2955 4163 ac
3006 4108 3215 4162 malitia
3249 4124 3381 4177 pro-

1812 4215 2005 4268 speros
2037 4215 2328 4255 successus
2358 4200 2577 4265 habent,
2611 4215 2802 4254 eorum
2837 4216 3016 4270 pinna.
3040 4200 3132 4269 qui
3169 4216 3231 4254 ea
3260 4214 3382 4268 qua:

1812 4293 1977 4347 oiIicii
2001 4302 2130 4347 sunt
2157 4303 2420 4362 peragant
2446 4308 2510 4347 ac
2539 4292 2800 4346 virtutem
2835 4300 3095 4361 praestent
3117 4308 3132 4357 ;
3156 4291 3384 4361 ipsaque

131 4389 357 4453 virtute,
394 4397 457 4442 ut
490 4388 717 4457 probos,
746 4387 830 4441 vel
869 4386 921 4439 in
951 4386 1214 4440 aerumnis
1253 4400 1315 4439 ac
1342 4384 1469 4438 vitae
1513 4384 1693 4450 malis,
1737 4386 1953 4454 potiore
1980 4394 2129 4440 sorte
2153 4384 2451 4439 contineat.

202 4508 223 4539 ⁵
252 4508 421 4562 Hebr.
462 4522 533 4569 x1,
570 4506 617 4558 l.

206 4620 279 4692 (g)
333 4622 397 4673 Ἠ
446 4616 564 4669 τῶν
607 4614 807 4692 Διξγίων
857 4606 1460 4692 δινσξτιὶθεια..8ςηευξ
1493 4606 1701 4687 Maximi

1816 4602 2062 4692 petieras
2086 4614 2215 4660 sunt
2252 4624 2264 4658 :
2310 4605 2501 4692 Melior
2532 4603 2979 4692 .Ionge'conditio
3003 4619 3165 4689 qua‘m
3208 4604 3384 4692 malo-

133 4676 327 4755 estita
356 4703 537 4759 pugna
569 4676 688 4759 γειίί
731 4681 1059 4759 “Firmus,
1091 4678 1247 4759 αιιίιεί
1269 4676 1587 4759 evertam
1611 4692 1711 4759 ,εγε-

135 4747 475 4816 τίοἰ’ἱι·ῑῖιιῇ
505 4758 747 4810 cultores
776 4752 907 4813 sint,
952 4759 1012 4803 ut
1041 4764 1150 4802 non
1179 4748 1339 4800 facile
1375 4747 1495 4800 lzedi
1517 4764 1545 4800 ει
1573 4748 1708 4801 vitio

134 4833 364 4900 possint.
409 4828 535 4882 Harc
566 4826 713 4900 enim
746 4823 1000 4900 visnejns'
1036 4818 1217 4899 vocis,
1253 4825 1313 4900 u‘t
1356 4817 1445 4900 hic
1475 4817 1706 4900 Maximo

136 4888 453 4970 usurpatur,
516 4898 674 4970 cujus
716 4888 1400 4970 signilica_tionismexstant
1457 4888 1706 4970 exempla

135 4956 285 5041 apud'
328 4956 467 5023 Bud.
504 4956 791 5041 et:Henr.'
819 4961 1094 5041 Stephan.‘
1132 4958 1281 5010 Nihil
1309 4956 1375 5009 ad
1405 4972 1519 5041 rem
1555 4959 1703 5027 quod

135 5028 318 5095 reddit
343 5041 527 5101 Picus,
556 5028 1226 5107 Repugnantiaaﬂ'ectuum
1250 5042 1368 5107 qua:
1394 5036 1471 5079 est
1496 5028 1549 5107 in
1576 5043 1704 5107 θαητ-

135 5111 228 5165 ctis
264 5127 281 5164 :
318 5097 738 5180 quemAsensunjt
766 5118 869 5180 vox
1052 5114 1174 5180 non
1205 5097 1464 5180 partitur.
1512 5097 1703 5180 Posset

136 5166 358 5248 quidem
406 5177 585 5240 reddi,
618 5174 878 5248 Molestia,
918 5169 1105 5248 labor_,_
1126 5176 1268 5248 etc...
1299 5177 1358 5248 ut
1390 5166 1703 5248 capui‘Qet

136 5236 199 5303 ἐι
230 5268 245 5315 ;
274 5251 371 5305 sed
422 5236 607 5303 minus
642 5238 1271 5315 quadrat_prohMa_ximi
1304 5236 1395 5290 hic
1419 5236 1703 5315 instituto.

137 5307 291 5385 Quod
318 5320 374 5374 in
416 5318 523 5373 ﬁne
553 5307 675 5385 cap:
722 5322 827 5376 est,
867 5307 982 5388 Τῆς
1023 5308 1097 5388 δε,
1121 5308 1268 5388 ὂπῳς
1298 5307 1544 5388 κατάσχῃ
1578 5307 1705 5388 τους

138 5376 399 5457 ἑῖγαθοὺς,
420 5390 522 5442 κάν
550 5376 671 5459 ταῖς
706 5376 1010 5459 συμφοραζς
1033 5378 1093 5431 τὸ
1118 5376 1303 5459 ,πλέονι
1328 5376 1573 5459 έχοντας,
1604 5376 1711 5429 mi—

140 5445 261 5513 sere
287 5445 550 5530 depravat
583 5445 726 5530 idem
748 5445 930 5530 Picus,
956 5450 1087 5530 dum
1118 5447 1194 5530 ita
1208 5446 1431 5530 reddit}.
1460 5445 1582 5499 Ilwc
1609 5462 1710 5530 aii-

144 5537 265 5592 tem,
291 5516 547 5583 ut'bonos
570 5536 616 5579 et
643 5523 1005 5595 locupletiores
1034 5519 1089 5571 in
1110 5516 1507 5595 calamitatibus
1538 5516 1707 5595 conti-

142 5586 283 5652 neat.
318 5600 485 5655 Plene
530 5599 647 5651 vult
682 5586 967 5652 Ma'ximus,
1008 5588 1292 5643 continere
1346 5586 1604 5638 virtutem
1649 5586 1705 5640 in

144 5667 320 5724 cilicio
378 5668 600 5740 probos,
656 5677 891 5736 quorum
925 5659 1091 5715 etiam
1127 5658 1180 5709 in
1219 5657 1479 5710 aerumnis
1524 5665 1709 5725 partes

1815 4673 1959 4731 rum.
1999 4678 2257 4730 Dicamus
2284 4692 2405 4738 nos,
2442 4675 2543 4739 Qui
2588 4684 2677 4726 ont
2713 4673 3010 4744 l’avantage
3043 4675 3207 4726 méme
3248 4675 3383 4728 dans

1814 4745 1888 4801 les
1939 4748 2233 4816 afﬂictions,
2312 4756 2419 4799 etc.
2459 4746 2582 4799 Haec
2605 4744 2865 4816 nimirum
2907 4745 3221 4811 evangelica
3257 4761 3385 4813 pro-

1812 4813 2004 4872 missio
2036 4821 2086 4869 τ’
2110 4815 2313 4870 Centies
2364 4824 2569 4868 tantum
2600 4831 2736 4866 nunc
2776 4813 2830 4865 in
2869 4816 3237 4883 temporehoc,
3264 4832 3381 4870 eum

1809 4888 2270 4957 persecutionibus,
2298 4886 2464 4939 Marc.
2490 4884 2633 4957 3,50
2652 4884 2845 4957 ;_quod
2863 4884 3095 4957 egregie
3118 4884 3384 4957 Illaitimus

1807 4954 1966 5022 dicit,
2017 4956 2415 5026 κατορθοῦντας
2443 4954 2783 5026 κολάζεσθαι,
2818 4954 3010 5006 idcirco
3052 4954 3229 5026 partiri
3265 4971 3381 5007 ma~

1806 5027 1973 5098 lisque
1994 5023 2166 5098 afﬁci,
2189 5025 2329 5095 quod
2353 5027 2600 5098 virtutem
2628 5023 2862 5098 colamus
2882 5063 2896 5085 ,
2923 5024 3382 5098 etp/ﬁciitenaces

1801 5091 1985 5151 simus.
2021 5091 2079 5151 id
2109 5091 2258 5151 certe
2292 5095 2388 5164 qui
2419 5101 2697 5164 praestent,
2732 5093 2896 5162 inque
2922 5092 3029 5145 illis
3059 5091 3380 5164 patientiam

1807 5176 2051 5231 teneant,
2089 5183 2183 5221 seu
2232 5160 2437 5219 etiam_
2462 5162 2755 5233 gaudeant,
2808 5160 3024 5215 Virtute
3054 5229 3068 5233 _
3093 5160 3275 5233 adulti
3318 5176 3381 5233 ac

1803 5229 2117 5291 Christiana
2166 5229 2515 5293 fortitudine,
2564 5232 2811 5286 omnium
2879 5247 3009 5285 vere
3054 5229 3380 5295 beatissimi,

1808 5310 2212 5374 adversnmque
2255 5320 2447 5358 omnes
2477 5303 2538 5355 τὸ
2567 5302 2728 5374 πλέον
2767 5303 2998 5374 ἔχοντες.
3045 5301 3179 5374 item
3210 5300 3383 5353 Maxi-

1811 5393 1934 5431 mus
1964 5370 2139 5445 magis
2177 5375 2414 5445 explicat
2438 5372 2690 5445 sequenti
2719 5370 2836 5445 cap.
2866 5371 3024 5445 cujus
3054 5370 3110 5423 in
3139 5372 3245 5445 line
3279 5386 3382 5424 au-

1812 5463 1905 5501 rea
1956 5439 2227 5500 sententia
2249 5439 2365 5508 est,
2390 5439 2585 5505 Ῥῶσις
2618 5439 2801 5510 ψυχῆς
2829 5439 2946 5504 τοῖς
2996 5439 3379 5508 ὑπομένουσιν,

1812 5463 1905 5501 rea
1956 5459 2227 5500 sententia
2260 5459 2365 5508 εει,
2394 5459 2585 5505 γωσις
2635 5459 2795 5510 ὐχης
2829 5459 2940 5504 τοις
2996 5459 3379 5508 υπομενουσιν,

1806 5519 1834 5568 ὁ
1868 5514 1959 5569 τοῦ
2009 5514 2260 5583 σώματος
2295 5514 2581 5583 αἰκισμός·
2618 5459 2805 5564 ίἲίοιηιι·
2854 5512 3019 5564 animi
3046 5525 3138 5581 per
3172 5511 3379 5578 patien-

1807 5588 1958 5653 tiam,
1990 5582 2192 5655 injuria
2221 5600 2283 5638 ac
2311 5582 2582 5654 sugillatio
2616 5582 2871 5652 corporis.
