3930 6324
541 236 679 306 1187

1682 244 1744 305 S.
1783 237 2073 303 ΜΑΧΙΜΙ
2112 232 2624 295 CONFESSORIS

3670 233 3803 299 1188

597 348 686 406 17.
725 349 956 407 Virtutis
988 351 1206 406 lucrum
1233 363 1302 404 ac
1351 356 1618 420 quiestus,
1663 349 1950 404 laboribus
1977 361 2086 402 cer

2277 341 2366 406 ιζ’.
2417 339 2649 410 Ἀρετῆς
2681 335 2849 392 ἆθλόν
2875 339 3018 403 ἐστι,
3049 338 3112 394 τὸ
3141 341 3254 404 τοῖς
3305 339 3501 404 πόνοις
3540 342 3800 410 ὲναγυνί-

527 450 689 507 tare;
751 457 874 511 quze
926 440 1190 495 nimirum
1242 439 1492 496 victoria:
1549 440 1809 510 praemio,
1867 440 1974 502 his,
2012 439 2108 510 qui

525 531 848 601 patientiam
874 538 1122 596 teneant,
1163 530 1332 586 animi
1365 531 1926 602 imperturbationem
1943 531 2107 587 ferat:

525 636 634 690 qua
670 621 761 675 ille
791 636 891 690 per
922 622 1250 677 charitatem
1291 623 1405 678 Deo
1434 623 1649 690 unitus,
1700 623 1900 678 aﬂ‘ectu
1951 639 2111 678 meu-

526 710 708 779 tisque
736 713 1048 781 proposito,
1077 729 1108 767 a
1136 729 1370 784 corpore
1426 715 1749 786 mundoque
1797 724 2108 785 separatur.

526 801 709 856 Animi
735 804 883 857 enim
902 805 1073 859 robur
1101 813 1266 874 atque
1291 805 1520 861 firmitas
1549 807 1874 862 tenentibus
1900 805 2113 876 patien-

527 893 660 947 tiam
684 893 800 963 ipsa
831 896 1080 965 corporis
1106 897 1324 952 vexatio
1355 906 1441 952 est
1459 913 1524 951 ac
1557 898 1777 968 injuria.

597 983 684 1036 18.
738 983 1047 1054 Voluptatis
1118 986 1595 1041 circumventione
1650 988 1722 1042 ab
1793 987 1954 1041 initio
2013 986 2112 1043 de-

528 1074 696 1142 cepti,
755 1076 902 1140 vitae,
952 1092 1074 1145 quae
1125 1093 1255 1132 vere
1305 1087 1410 1143 est,
1462 1088 1698 1134 mortem
1743 1080 2106 1150 pratulimus.

529 1162 695 1218 Grato
720 1166 886 1237 igitur
911 1168 1116 1234 animo,
1151 1185 1262 1238 quo
1299 1170 1390 1224 illa
1425 1180 1681 1239 necatur,
1752 1171 2001 1242 corporis
2032 1171 2112 1226 la-

530 1254 720 1308 borem
750 1272 1161 1327 mrumnamque
1192 1259 1436 1314 feramus
1461 1277 1476 1325 ;
1524 1276 1635 1330 quo
1666 1261 1930 1314 nimirum
1961 1259 2111 1316 illius

531 1354 728 1408 morte,
754 1363 875 1416 quae
900 1363 1085 1402 secum
1105 1350 1221 1419 ipsa
1243 1351 1463 1403 aheleat
1487 1351 1636 1404 illius
1657 1367 1820 1406 causa
1839 1353 2110 1407 invectam

532 1446 788 1501 mortem,
825 1440 1104 1510 voluptate
1143 1457 1209 1496 ac
1251 1441 1482 1497 libidine
1510 1443 1812 1508 venditam,
1861 1443 2109 1514 exiguis-

531 1543 639 1597 que
672 1529 856 1584 carnis
885 1531 1168 1588 laboribus
1199 1533 1562 1604 redemptam,
1595 1535 1664 1590 ad
1693 1549 1796 1592 nos
1821 1543 2108 1590 reverten-

534 1624 646 1670 tem
668 1617 832 1671 vitam
869 1619 1221 1690 recipiamus.

605 1710 693 1764 19.
725 1709 860 1765 Cum
887 1713 962 1767 ita
987 1714 1102 1768 fere
1123 1722 1498 1784 comparatum
1529 1716 1621 1781 sit,
1654 1723 1716 1769 ut
1758 1715 1921 1786 516
1969 1715 2113 1770 bona

533 1803 719 1857 carnis
743 1803 1090 1871 habitudine,
1127 1807 1338 1875 peccati
1367 1810 1522 1878 vigor
1553 1816 1906 1872 concrescat;
1941 1807 2115 1878 liquet

534 1895 694 1965 plane
751 1897 872 1965 ejus
922 1913 1167 1952 aerumna
1219 1901 1474 1970 malaque
1527 1901 1852 1956 habitudine
1893 1901 2116 1956 virtutis

535 1986 736 2039 merito
771 1996 1017 2042 tenorem
1045 1991 1372 2059 pubescere.
1407 1993 1446 2046 F
1449 1994 1555 2048 orti
1580 1993 1747 2064 igitur
1776 1993 1962 2049 animo
1992 2009 2115 2049 car-

536 2076 624 2131 nis
651 2079 870 2134 labores
901 2097 965 2135 ac
1019 2083 1304 2139 molestias
1359 2085 1642 2151 feramus,
1689 2086 1893 2156 quibus
1947 2087 2116 2142 animi

537 2168 730 2224 sordes
755 2171 1165 2243 abstergantur,
1218 2191 1283 2230 ac
1313 2177 1642 2232 concilietur
1681 2179 1867 2232 futura
1894 2179 2068 2249 gloria
2097 2195 2113 2232 :

535 2257 655 2315 Non
678 2261 826 2316 enim
856 2271 980 2316 sunt
1007 2265 1284 2336 condigna:
1320 2267 1591 2336 passiones
1633 2269 1790 2338 hujus
1816 2269 2063 2338 temporis
2098 2308 2115 2335 ,

538 2351 610 2406 ad
643 2352 884 2420 futuram
918 2355 1168 2426 gloriam,
1203 2373 1321 2428 qua:
1353 2360 1498 2412 nobis
1531 2359 1678 2412 debet
1709 2358 1934 2413 revelari
1966 2361 2010 2414 ⁸.

603 2443 695 2498 20.
729 2445 798 2500 Ut
831 2462 1010 2516 neque
1041 2447 1241 2502 medici
1271 2449 1531 2504 curandis
1557 2451 1906 2520 corporibus,
1947 2465 2117 2504 unum

535 2531 796 2605 idemque
842 2539 1059 2594 cunctis
1111 2540 1382 2595 adhibent
1429 2541 1773 2608 remedium;
1819 2543 1900 2596 sic
1941 2556 2119 2611 neque

536 2627 851 2682 animorum
873 2631 1145 2696 medicus,
1172 2633 1341 2698 Deus,
1379 2648 1551 2687 unum
1573 2633 1838 2686 duntaxat
1862 2633 2120 2688 omnibus

535 2729 933 2789 congruentem
969 2724 1123 2777 novit
1149 2724 1459 2778 curationis
1499 2725 1762 2790 modum;
1787 2723 1882 2778 sed
1919 2724 2119 2794 cuique

538 2807 810 2876 tribuens,
831 2815 976 2882 quod
1001 2829 1098 2884 pro
1115 2815 1264 2870 illius
1280 2815 1495 2870 ratione
1509 2815 1858 2871 commodum
1869 2816 2118 2882 exsistat,

536 2901 804 2957 sanitates
831 2913 1116 2973 operatur.
1148 2905 1369 2963 Gratias
1403 2921 1534 2977 ergo
1558 2922 1782 2978 agamus
1804 2907 1935 2962 dum
1957 2923 2122 2962 cura—

2213 433 2432 496 ζεσθαιο
2465 433 2623 502 νίκης
2679 431 2914 486 ἔπαθλον
2965 432 3241 504 φερούσης
3269 436 3385 498 τοῖς
3438 435 3797 505 ὑπομένουσι,

2211 523 2311 593 τῆς
2353 522 2536 593 ψυχῆς
2566 522 2666 593 τὴν
2710 522 3001 589 ἀπάθειαν,
3033 525 3158 579 καθ’
3184 526 3255 594 ἢν
3282 524 3351 580 δι’
3381 526 3628 599 ἀγάπης
3666 530 3800 584 ἑνου-

2215 613 2352 682 μὲνη
2383 612 2523 682 Θεῷ,
2551 611 2802 682 σώματος
2841 614 2936 666 καὶ
2962 614 3169 685 κόσμου
3203 617 3270 686 τῇ
3298 616 3554 670 διαθέσει
3585 621 3800 690 χωρίζει

2208 721 2319 758 ται.
2353 704 2543 774 Ψυχῆς
2573 706 2683 774 γάρ
2711 705 2878 774 ρὦἰς
2909 707 3028 760 ἐστι
3065 710 3180 771 τοῖς
3225 708 3637 779 ὑπομένουσιν,
3667 714 3696 765 ό
3718 713 3799 766 τοῦ

2213 794 2463 865 σώματος
2487 796 2764 866 αἰκισμός.

3885 80 3894 154 Ι

3889 487 3895 556 1

2282 987 2373 1052 ιη’.
2428 981 2654 1051 Ἡδονῆς
2700 983 2886 1056 άπάτῃ
2935 983 3237 1049 κλαπέντες
3276 986 3340 1040 τὸ
3388 988 3694 1058 ἀωρχῆς,
3722 992 3802 1044 τὴν
3893 1013 3895 1026 ῖ

2211 1071 2443 1127 θάνατον
2472 1074 2572 1145 τῆς
2605 1075 2778 1138 ὅντως
2813 1075 2961 1146 ζωῆς
2993 1077 3430 1150 προεκρίναμεν.
3467 1081 3704 1152 Ταύτης
3724 1079 3806 1137 οὖν

2209 1166 2302 1218 τὸν
2332 1167 2597 1236 φονευτὴν
2639 1166 2984 1237 εὐχαρίστως
3025 1169 3338 1239 ὲνέγκωμεν
3384 1171 3565 1225 πόνον
3597 1173 3696 1227 τοῦ

2213 1273 2403 1326 ματος,
2435 1258 2584 1320 ὅπως
2629 1257 2724 1311 τοῦ
2759 1256 2963 1327 ταύτης
3020 1258 3252 1314 θανάτου
3284 1262 3476 1333 ἑαυτῷ
3509 1267 3825 1333 sumptui-5

2211 1365 2404 1412 σαντος
2437 1348 2531 1402 τὸν
2561 1349 2630 1402 δι’
2658 1349 2829 1420 αὐτὴν
2865 1351 3160 1421 γενόμενον
3207 1351 3474 1419 θάνατον,
3515 1356 3808 1410 bodies-

2213 1455 2314 1509 μεν
2369 1440 2504 1510 ἡμῖν
2553 1439 3036 1511 ἑπανατρέχουσαν
3102 1441 3205 1512 τὴν
3261 1442 3437 1514 ἡδονῇ
3498 1445 3812 1516 πραθεῖσαν

2210 1530 2376 1600 ζωὴν,
2404 1532 2620 1600 μικροῖς
2655 1531 2838 1594 πόνοις
2867 1532 3068 1602 σαρκὸς
3086 1531 3523 1603 ἀγορασθεῖσαν.

2286 1708 2376 1764 ιο’.
2416 1710 2480 1763 Εἰ
2511 1709 2713 1781 σαρκός
2740 1708 3112 1779 εὖπαθούσης,
3140 1709 3169 1762 ό
3189 1712 3293 1780 τῆς
3324 1711 3633 1783 ἁμαρτίας
3666 1712 3810 1766 εἴωθε

2217 1801 2528 1856 πιαίνεσθαι
2556 1802 2728 1865 τόνος,
2771 1802 2930 1872 δῆλον
2964 1802 3044 1855 ὅτι
3092 1803 3302 1874 ταύτης
3325 1804 3758 1875 δυσπαθούσης,
3789 1809 3812 1857 6

2214 1899 2314 1967 τῆς
2359 1897 2563 1968 ἀρετῆς
2605 1897 2815 1967 ἀνηδᾷν
2849 1896 3075 1960 εἰκότως
3118 1898 3350 1965 πέφυκε.
3392 1899 3691 1963 Γενναεως
3731 1895 3810 1953 οὖν

2217 1991 2529 2060 ἐνέγκωμεν
2566 1991 2667 2059 τῆς
2714 1989 2921 2060 σαρκὸς
2966 1990 3066 2059 τὴν
3107 1988 3472 2056 δυσπάθειαν,
3511 1991 3636 2043 τῶν
3683 1993 3810 2045 κατὰ

2214 2080 2391 2152 ψυχὴν
2427 2076 2594 2134 οὖσαν
2636 2080 2906 2152 ρυπτικὴν
2943 2081 3257 2150 μολυσμῶν,
3295 2081 3396 2132 καὶ
3447 2081 3560 2150 τῆς
3595 2082 3807 2150 μελλού-

2217 2190 2318 2244 σης
2353 2171 2514 2242 δόξης
2561 2172 2857 2243 πρόξενονο
2897 2174 3019 2227 Οὐκ
3061 2172 3201 2235 ἀξια
3227 2172 3340 2242 γὰρ
3375 2172 3456 2224 τὰ
3493 2173 3808 2242 παθήματα

2214 2267 2324 2322 τοῦ
2350 2267 2470 2321 νῦν
2485 2265 2715 2336 καιροῦ,
2737 2265 2884 2336 πρὸς
2913 2265 3030 2336 τὴν
3047 2268 3414 2336 μέλλουσαν
3452 2267 3661 2332 δόξαν
3681 2267 3808 2337 ἡμῖν

2214 2357 2756 2413 ἀποκαλύπτεσθαι
2769 2397 2787 2413 .
3391 2373 3398 2380 ’

2285 2455 2357 2502 κ’.
2398 2447 2538 2500 Οὔτε
2573 2447 2734 2517 σῶμα
2777 2448 3174 2518 θεραπεύοντες
3241 2452 3450 2518 ἰατροὶ,
3500 2452 3566 2504 ἓν
3609 2451 3709 2504 καὶ
3755 2451 3806 2503 τι

2218 2542 2352 2595 αὐτὸ
2385 2545 2523 2596 πᾶσι
2544 2542 2922 2614 προσφέρουσι
2957 2543 3272 2613 φάρμακον,
3302 2543 3433 2596 οὔτε
3455 2544 3604 2608 Θεὸς
3630 2543 3804 2614 ψυχῶ

2221 2632 2488 2704 ἰατρεύων
2515 2635 2820 2703 νοσήματα,
2853 2634 2950 2688 ἕνα
2995 2636 3156 2702 μόνον
3207 2637 3524 2705 θεραπείας
3549 2632 3662 2688 οἶδε
3696 2637 3806 2705 τρό-
3897 2639 3899 2652 ⁴

2218 2739 2322 2776 πον
2360 2725 2567 2788 πάσαις
2608 2725 2906 2796 ἁρμόδιον·
2939 2726 3058 2780 ἀλλ’
3091 2727 3302 2798 ἑκάστῃ
3345 2728 3443 2781 τὸν
3498 2729 3803 2798 πρόσφορον

2218 2815 2550 2886 ἀπονείμας,
2589 2815 2688 2880 τὰς
2731 2816 2906 2880 ἰάσεις
2950 2816 3268 2888 ἐργάζεται.
3295 2819 3804 2888 Εὗχαριστήσωμεν

2217 2903 2312 2962 οὖν
2346 2907 2797 2979 θεραπευόμενοι,
2827 2909 2928 2962 κᾶν
2963 2909 3061 2982 ἔχῃ
3099 2910 3334 2980 βάσανον
3371 2911 3434 2963 τὸ
3475 2911 3799 2981 γινόμενον·

537 2991 616 3046 tio
627 2993 944 3060 adhibetur,
975 2997 1193 3052 tametsi
1219 3013 1308 3053 res
1325 2998 1526 3054 habeat
1543 2999 1849 3053 cruciatum
1871 3015 1886 3066 ;
1913 2998 2114 3069 quippe

2227 2997 2279 3051 τὸ
2295 2999 2403 3070 γὰρ
2418 2998 2594 3062 τέλος,
2626 3000 2918 3068 μακάριον.

537 3094 704 3148 quem
737 3081 935 3136 beatus
959 3083 1281 3154 faustusque
1315 3084 1442 3141 linis
1475 3096 1870 3155 consequatur.

607 3169 698 3224 21.
752 3172 901 3226 Nihil
935 3173 1018 3228 sic
1061 3175 1230 3228 animi
1273 3175 1530 3230 affectum
1579 3177 1783 3246 prodit,
1833 3192 1897 3231 ac
1935 3175 2119 3231 carnis

537 3257 844 3316 laborantis
888 3263 1160 3333 malisque
1212 3265 1470 3335 appetita:
1513 3267 1857 3338 insurgentes
1894 3277 2116 3322 motus:

537 3351 743 3422 quibus
771 3353 1047 3424 siquidem
1085 3356 1178 3411 ille
1211 3358 1467 3423 cesserit,
1505 3374 1731 3414 carnem
1758 3360 1930 3429 magis
1952 3375 2119 3430 quam

535 3445 712 3502 Deum
745 3447 928 3503 colere
959 3464 1024 3504 ac
1051 3464 1236 3505 amare
1267 3450 1503 3520 liquebit
1539 3471 1553 3505 :
1588 3453 1673 3507 sin
1696 3461 1879 3508 autem
1897 3453 2117 3506 illorum

539 3541 846 3596 insultihus
876 3541 1245 3596 inconcussus
1293 3544 1680 3611 permanserit,
1732 3543 1907 3612 pluris
1946 3542 2124 3596 virtu-

540 3639 651 3684 tem
689 3630 893 3693 facere,
931 3645 1096 3699 quam
1126 3645 1348 3686 carnem
1375 3632 1708 3686 monstrabit
1741 3649 1754 3686 :
1789 3633 1948 3703 cujus
1965 3633 2117 3687 cultu

539 3720 712 3775 Deum
744 3720 1199 3776 contubernalem
1232 3723 1538 3792 suscipiet,
1573 3723 1720 3777 illius
1761 3739 1924 3778 causa
1951 3723 2117 3778 simili

538 3811 701 3866 nobis
730 3815 945 3867 ratione
976 3812 1260 3884 dignatum
1291 3813 1400 3884 pati
1432 3829 1498 3868 ac
1537 3814 1820 3870 laboribus
1858 3814 2115 3885 defungi,

534 3903 633 3972 qui
663 3912 720 3957 et
746 3903 973 3969 clamet,
997 3905 1152 3960 velut
1181 3905 1315 3959 olim
1359 3904 1683 3975 discipulis:
1711 3903 1990 3974 Conﬁdite,
2025 3920 2118 3975 ego

536 3992 638 4046 uici
675 3993 929 4046 mundum
957 3993 997 4048 ".

607 4084 699 4138 22.
745 4084 884 4139 Cum
933 4101 1127 4142 omnes
1171 4087 1347 4142 sancti
1399 4086 1773 4158 castigationis
1827 4088 2120 4157 participes

535 4176 768 4242 fuerint,
801 4193 903 4232 nos
932 4193 1154 4248 quoque
1189 4179 1282 4248 qui
1311 4179 1428 4248 pari
1461 4179 1570 4233 illis
1587 4188 1734 4234 sorte
1764 4181 2116 4250 castigemur,

532 4267 741 4336 gratias
767 4284 1012 4337 agamus,
1053 4278 1111 4323 ut
1155 4269 1375 4324 illorqu
1422 4271 1611 4340 gloria:
1642 4271 1776 4326 socii
1809 4270 1951 4324 effici
1997 4286 2116 4326 me-

2292 3180 2399 3228 κα’.
2439 3172 2605 3226 Οὐδὲν
2635 3171 2780 3225 οὕτω
2808 3171 2987 3241 ψυχῆς
3014 3170 3230 3240 ἐλέγχει
3263 3169 3541 3233 διάθεσιν,
3575 3171 3655 3234 ὡς
3677 3186 3804 3239 σαρ-

2218 3265 2312 3328 κος
2333 3261 2717 3333 δυσπαθούσης
2751 3263 3214 3332 ὲπαναστήματαο
3238 3257 3342 3325 οἷς,
3374 3263 3478 3316 ἐὰν
3511 3264 3618 3332 μὲν
3646 3264 3801 3316 astr-

2216 3356 2313 3426 δῷ,
2350 3353 2488 3408 Θεοῦ
2533 3353 2695 3407 πλέον
2741 3352 3048 3422 στέργουσα
3093 3352 3194 3422 τὴν
3227 3353 3416 3422 σάρκα
3460 3356 3799 3421 φανήσεται·

2215 3447 2314 3500 ἐὰν
2347 3447 2408 3500 δὲ
2448 3449 2558 3509 τοῖς
2598 3445 2807 3500 τούτων
2839 3445 3099 3517 διαμείνῃ
3147 3445 3484 3514 τινάγμασιν
3533 3444 3799 3504 ἄπιστος,

2221 3537 2426 3610 σαρκὸς
2459 3537 2621 3590 πλέον
2640 3537 2843 3608 ἀρετὴν
2865 3537 3085 3608 τιμῶσα
3104 3535 3456 3606 δειχθήσεται
3471 3551 3489 3565 υ
3520 3535 3592 3588 δι’
3626 3531 3696 3606 ἧς
3718 3535 3802 3586 τὸν

2218 3629 2352 3683 Θεὸν
2385 3628 2594 3682 ἔνοικον
2638 3628 2988 3694 ὑποδέξεται,
3017 3628 3108 3680 τὸν
3138 3627 3206 3679 δι’
3234 3627 3413 3696 αὐτὴν
3450 3627 3653 3679 παθεῖν
3686 3626 3800 3678 καθ’

2215 3723 2366 3792 ἡμᾶς
2390 3721 2786 3792 ἀνασχόμενον,
2810 3719 3038 3790 βοῶντα,
3063 3718 3316 3792 καθάπερ
3351 3717 3526 3772 πάλαι
3551 3721 3671 3779 τοῖς
3700 3737 3800 3786 μα-

2213 3813 2412 3886 θηταῖς
2429 3830 2445 3846 ο
2479 3813 2788 3884 Θαρσεῖτε,
2815 3814 2931 3882 ἐγὼ
2967 3813 3261 3880 νενίκηκα
3298 3812 3411 3864 τὸν
3429 3813 3694 3880 κόσμον.

2289 4082 2394 4156 κβ’.
2436 4085 2500 4138 Εἰ
2543 4082 2748 4147 πάντες
2784 4083 3033 4146 παιδείας
3071 4084 3122 4136 οἱ
3170 4082 3319 4149 ἅγιοι
3361 4079 3638 4148 γεγόνασι
3673 4079 3796 4147 μέτ-

2218 4193 2354 4248 οχοι,
2385 4176 2477 4230 καὶ
2502 4177 2667 4246 ἡμεῖς
2689 4175 3183 4245 εὐχαριστήσωμεν
3211 4174 3310 4225 σὺν
3329 4172 3526 4234 αὐτοῖς
3554 4168 3796 4223 παιδευό-

2223 4285 2396 4339 μενοι,
2428 4268 2515 4321 ἵνα
2541 4270 2640 4338 τῆς
2673 4267 2853 4320 αὐτῶν
2891 4266 3112 4336 μέτοχοι
3142 4264 3403 4333 γενέσθαι
3445 4264 3616 4333 δόξης
3643 4262 3795 4326 ἀξιω-

540 4373 775 4412 reamur.
814 4357 982 4422 Quem
1011 4361 1148 4413 enim
1185 4360 1435 4414 Dominus
1463 4361 1660 4433 diligit,
1697 4364 1958 4434 castigat;
2012 4365 2114 4434 ﬂa-

2227 4361 2426 4432 Βῶμεν.
2450 4363 2553 4415 Ὃν
2569 4361 2677 4430 γὰρ
2704 4357 2906 4429 cirum}
2928 4359 3162 4427 Κύριος,
3189 4356 3462 4410 παιδεύει
3482 4373 3500 4388 ο
3523 4354 3796 4426 μαστιγοῖ

531 4447 714 4519 gellat‘
735 4459 912 4502 autem
943 4465 1148 4504 omnem
1179 4449 1378 4518 ﬁlium,
1410 4469 1562 4524 quem
1593 4455 1807 4525 suscipit
1836 4455 1877 4508 ⁸.

609 4541 700 4596 25.
740 4541 981 4594 Adamus
1001 4541 1245 4610 quidem,
1270 4555 1478 4599 costam
1501 4545 1838 4615 voluptatem
1879 4555 2107 4616 proten-

529 4626 759 4681 Vdentcm
790 4643 855 4682 ac
891 4628 1177 4684 libidinem
1222 4633 1462 4700 proclive
1501 4634 1766 4702 probans,
1806 4636 1971 4705 reique
2017 4653 2112 4692 ac-

528 4713 847 4782 quiesccns,
865 4715 1165 4770 humanum
1185 4733 1358 4788 genus
1379 4720 1638 4789 paradiso
1670 4723 1848 4790 cjccit,
1874 4725 1894 4754 ⁹
1921 4724 2109 4780 Domi-

537 4821 646 4864 nus
672 4822 802 4860 \ero
828 4822 952 4860 cum
985 4808 1172 4863 labore
1204 4809 1304 4864 hac
1335 4818 1491 4878 parte
1531 4810 1721 4866 lancea
1747 4812 2013 4869 discissus
2043 4816 2108 4882 '°,

537 4895 597 4952 in
623 4897 938 4966 paradisum
986 4899 1255 4954 latronem
1293 4901 1512 4955 induxit
1565 4902 1630 4956 ¹¹.
1690 4901 1886 4960 Carnis
1923 4906 2111 4976 itaque

531 4988 782 5044 laborem
809 4989 1121 5060 diligamus,
1149 4991 1398 5062 ejusdem
1441 4993 1780 5063 voluptatem
1829 5011 1894 5050 ac
1924 4997 2113 5051 libidi-

534 5097 666 5137 nem
705 5081 834 5136 odio
861 5083 1164 5138 habeamus
1193 5100 1208 5135 :
1241 5082 1333 5138 ille
1369 5100 1608 5154 namque
1655 5083 1848 5154 pandit
1878 5087 2112 5152 aditum,

534 5173 810 5243 bonisque
840 5174 1114 5240 restituit;
1141 5175 1255 5230 haec
1282 5175 1451 5246 ejicit,
1501 5185 1668 5247 atque
1701 5194 1732 5233 a
1763 5179 1926 5234 bonis
1956 5181 2118 5252 longe

528 5263 772 5318 dirimit.

609 5355 701 5410 24.
735 5353 874 5411 Cum
909 5355 1055 5411 Deus
1079 5355 1258 5411 factus
1279 5356 1445 5412 homo
1482 5374 1648 5414 carne
1683 5359 1946 5430 patiatur,
1983 5360 2118 5430 quis

533 5463 654 5504 non
685 5449 799 5517 pati
849 5448 1066 5517 gestiat,
1100 5448 1188 5502 cui
1229 5449 1376 5502 Deus
1412 5450 1686 5518 passionis
1716 5464 1881 5522 atque
1913 5452 2121 5508 laboris

615 5564 824 5636 fRom.
866 5580 979 5628 vm,
1026 5565 1205 5636 18.η⁷
1235 5565 1393 5620 .loan.
1449 5584 1556 5634 xw,
1584 5569 1670 5623 55.
1748 5570 1770 5602 ⁸
1798 5569 1970 5624 Prov.
2019 5586 2096 5636 ιιι,
2153 5570 2251 5625 11·
2311 5569 2484 5625 Hebr.
2523 5585 2617 5636 xu,
2645 5569 2698 5625 6.
2777 5567 2958 5624 ’Gen.
3003 5584 3087 5634 ιιι,
3117 5567 3207 5622 25.
3287 5569 3330 5599 ¹⁶
3357 5567 3521 5621 Joan.
3579 5582 3696 5632 xu,
3725 5564 3790 5622 5's

537 5631 585 5661 ’ά
611 5632 751 5687 Luc.
787 5649 936 5700 xxxii,
981 5635 1069 5700 ιι),
1102 5635 1189 5689 45.

2218 4453 2286 4507 δὲ
2311 4451 2506 4506 πάντα
2536 4451 2688 4515 υἱὸν,
2717 4451 2790 4504 ὃν
2817 4449 3230 4518 παραδέχεται.
3307 4447 3314 4452 ’

2289 4541 2397 4613 κγ’.
2451 4544 2509 4596 '0
2541 4541 2640 4612 μὲν
2686 4541 2862 4611 Ἀδάμ
2918 4541 3016 4609 τὴν
3052 4537 3295 4609 πλευρὰν
3337 4538 3546 4608 ἡδονὴν
3594 4536 3794 4608 zmi-

2219 4654 2418 4691 νουσαν
2447 4635 2917 4707 παραδεξάμενος,
2952 4633 3057 4698 ἔξω
3086 4631 3180 4684 τοῦ
3207 4632 3552 4702 παραδεξσου
3585 4634 3726 4684 ποιεῖ
3749 4631 3796 4679 τὲ

2219 4730 2589 4801 ἀνθρώπινον·
2615 4730 2644 4781 ὁ
2681 4726 2739 4780 δὲ
2773 4727 2976 4797 Κύριος
3011 4725 3158 4795 πόνῳ
3199 4723 3408 4792 ταύτην
3441 4724 3537 4776 διὰ
3565 4725 3665 4792 τῆς
3686 4723 3796 4788 λόγ-

2217 4840 2321 4895 χης
2381 4819 2748 4891 ἀνασχισθεὶς,
2802 4818 2894 4872 τὸν
2942 4817 3146 4890 ληπτὴν
3201 4816 3310 4868 Em
3339 4815 3441 4897 τῷ
3475 4816 3797 4887 παραδεξα

2219 4915 2498 4986 ἐποίησεν.
2542 4913 2947 4982 Ἀγαπήσωμεν
2983 4909 3164 4962 τοίνυν
3199 4908 3290 4961 τὸν
3329 4908 3498 4961 πόνον
3532 4911 3640 4979 τῆς
3681 4923 3793 4975 σαρο

2219 5007 2314 5069 κός
2335 5022 2349 5036 ·
2385 5005 2710 5076 μισήσωμεν
2743 5003 2798 5055 δὲ
2834 5001 3038 5071 ταύτης
3069 5000 3170 5070 τὴν
3209 4999 3444 5071 ἡδονήν·
3487 5002 3520 5053 ό
3569 5001 3674 5070 μὲν
3707 5001 3798 5064 γὰρ

2219 5096 2432 5164 εἰσάγει
2477 5095 2573 5148 καὶ
2610 5097 2725 5158 τοῖς
2763 5093 2992 5162 ἀγαθοῖς
3041 5091 3521 5160 ἀποκαθίστησιν
3567 5094 3608 5164 ἡ
3643 5092 3698 5145 tl
3731 5089 3806 5153 ἑξ-

2222 5187 2346 5256 ἁγει
2369 5184 2596 5240 καὶτῶν
2627 5183 2849 5254 ἀγαθῶν
2876 5182 3252 5252 ἀποδάστησιν
3269 5225 3286 5238 .

2293 5362 2373 5418 κδ’
2380 5405 2393 5418 .
2436 5365 2499 5416 Εἰ
2537 5363 2674 5426 Θεὸς
2703 5362 2903 5432 πάσχει
2951 5362 3139 5434 σαρκὶ,
3170 5361 3472 5430 γενόμενος
3499 5363 3794 5433 ἄνθρωπος.

2219 5453 2301 5516 τίς
2333 5455 2560 5522 πάσχων
2592 5453 2654 5505 οὐ
2675 5452 2878 5522 γέγηθε
2901 5451 3034 5505 Θεὸν
3056 5452 3194 5523 ἔχων
3223 5453 3318 5505 τοῦ
3350 5453 3570 5515 πάθους
3603 5453 3796 5523 συμμέ-
