3930 6324
126 255 264 326 1189

823 259 1162 321 CAPITUM
1197 257 1626 332 QUINQUIES
1662 258 2188 324 CENTENORUM
2225 259 2615 322 CENTURIA
2649 258 2702 318 Ι.

3280 251 3424 320 1190

119 385 321 442 τοχονς
361 361 408 440 ᾦ
455 370 516 424 τὸ
563 369 933 444 συμπάσχειν,
968 370 1254 442 βασιλείας
1282 371 1546 443 πρόξενον
1575 372 1712 442 γίνε-

1829 373 2014 429 socius
2037 373 2110 427 sit
2132 372 2156 425 ?
2205 371 2366 443 cujus
2395 370 2546 426 socia
2570 368 2780 440 passio,
2810 381 3043 438 regnum
3066 379 3332 437 procurat
3355 381 3420 422 ac

121 479 239 516 ται.
299 462 535 533 Ἀληθὴς
577 464 686 534 γὰρ
715 464 982 518 ό-είπὼν·
1029 465 1214 533 Εἴπερ
1252 464 1720 535 συμπάσχομεν,

122 551 225 604 ἵνα
253 553 353 604 καὶ
382 551 920 624 συνδοξασθῶμεν.

192 641 295 698 κε’.
339 644 403 696 Εί
436 645 656 708 πάντως
685 647 921 717 πονῆσαι
946 647 1047 712 δεῖ,
1101 646 1190 700 διὰ
1243 646 1343 718 τὴν
1378 634 1722 719 ἐμφυρεῖσαν

122 735 188 804 τῇ
217 726 386 802 φύσει
423 733 517 787 διὰ
545 735 639 788 τοῦ
671 736 1021 807 προπάτορος
1052 736 1269 807 ἡδονὴν,
1297 736 1561 805 γενναίως
1595 738 1722 800 τοὺς

125 826 504 900 προσκαίρους
557 829 990 899 καρτερήσωμεν
1039 831 1255 895 πόνους,
1282 830 1383 901 τῆς
1430 846 1487 882 τε
1523 829 1722 901 ἡδονῆς

120 918 184 971 τὸ
235 917 472 989 κέντρον
511 922 644 990 ἡμῖν
691 920 1095 990 ἀμόλύνοντας,
1134 921 1232 976 καὶ
1265 921 1375 976 τῶν
1424 922 1492 975 δι’
1543 920 1721 991 αὐτῆς

123 1010 273 1081 ἡμᾶς
299 1011 542 1065 αἰωνίων
578 1011 1000 1083 ἐλευθεροῦντας
1029 1012 1326 1068 κολάσεων.

189 1187 307 1254 κς·’.
346 1187 579 1242 Πάντων
606 1187 718 1241 τῶν
767 1185 990 1255 ἀγαθῶν
1021 1186 1177 1248 τέλος
1211 1188 1363 1240 ἐστὶν
1410 1187 1444 1258 ὴ
1501 1187 1717 1257 ἀγάπη,

119 1280 196 1345 ὡς
232 1280 373 1351 πρὸς
395 1280 534 1333 Θεὸν
556 1279 618 1332 τὸ
637 1278 748 1333 τῶν
778 1277 1002 1348 ἀγαθῶν
1033 1277 1363 1350 ἀκρότατον,
1389 1279 1484 1333 καὶ
1512 1280 1721 1344 παντὸς

121 1371 298 1426 αἴτιον
326 1371 567 1440 ἀγαθοῦ,
603 1372 732 1434 τοὺς
762 1371 824 1424 ἐν
862 1371 1000 1443 αὐτῇ
1040 1369 1481 1446 περιπατοῦντας
1509 1371 1721 1440 ἄγουσα

123 1463 216 1517 καὶ
245 1464 609 1534 προσάγουσα
641 1464 736 1517 καὶ
767 1465 1101 1531 συνάγουσα,
1132 1461 1209 1526 ὠς
1242 1462 1410 1533 πιστὴ
1445 1463 1540 1515 καὶ
1565 1463 1717 1516 ἀδιά-

122 1576 340 1622 πτωτος
371 1559 452 1627 (h)
486 1559 584 1612 καὶ
616 1559 877 1629 μένουσα.
916 1560 980 1612 Ἢ
1014 1559 1196 1623 πίστις
1225 1556 1355 1630 γὰρ,
1389 1558 1552 1627 βάσις
1601 1560 1720 1612 ἐστὶ

120 1651 228 1704 τῶν
258 1650 380 1720 μετ’
406 1649 599 1720 αὐτὴν,
633 1650 846 1715 ἐλπίδος
877 1650 1021 1718 λέγω
1069 1649 1168 1702 καὶ
1204 1648 1450 1720 ἀγάπης,
1485 1648 1718 1720 βεϐαίως

1826 463 2106 518 conciliat.
2140 462 2321 517 Verax
2350 461 2501 518 enim
2531 468 2640 525 est,
2664 458 2758 530 qui
2791 458 2873 515 ait
2898 475 2913 512 :
2951 456 3011 513 Si
3036 461 3417 530 comprimitur,

1824 560 1884 605 ut
1913 562 1964 606 et
1989 551 2450 623 congloriﬁcemur
2483 552 2546 604 η.

1894 642 1986 697 25.
2027 642 2167 698 Cum
2239 642 2467 697 omnino
2520 643 2742 698 labores
2785 641 3094 698 desudandi
3139 641 3294 706 sint,
3344 641 3418 696 ob

1827 735 2184 791 commistam
2218 744 2430 789 natura:
2463 733 2656 803 proavi
2715 734 2920 806 injuria
2967 734 3312 805 voluptatem
3352 750 3418 790 ac

1823 820 2137 898 libidinem,
2168 837 2558 897 temporaneos
2588 825 2747 897 517
2772 836 2998 882 strenue
3037 827 3261 882 labores
3291 842 3420 897 per-

1824 917 2091 982 feramus,
2124 919 2220 987 qui
2271 926 2330 973 et
2365 917 2670 987 voluptatis
2723 933 2788 972 ac
2836 915 3090 974 libidinis
3127 917 3416 974 stimulum

1823 1010 1987 1066 nobis
2018 1010 2339 1076 retundant,
2366 1010 2702 1080 aeternisque
2735 1009 3022 1080 suppliciis
3053 1025 3293 1081 quorum
3323 1012 3416 1066 illa

1823 1108 2020 1156 auctor
2045 1109 2153 1165 est,
2191 1101 2456 1155 eximant.

1892 1194 1983 1248 26.
2013 1192 2273 1249 Omnium
2303 1194 2578 1248 bonorum
2625 1193 2751 1248 ﬁnis
2783 1202 2868 1248 est
2911 1191 3175 1258 charitas,
3204 1200 3266 1247 ut
3291 1209 3418 1263 qum

1825 1282 1882 1337 in
1912 1283 2032 1352 ipsa
2059 1283 2407 1337 ambulantes
2430 1283 2497 1339 ad
2526 1282 2695 1337 Deum
2725 1297 3042 1352 supremum
3067 1282 3274 1338 bonum
3300 1299 3389 1337 om

1822 1374 2016 1442 nisque
2063 1373 2193 1428 boni
2229 1383 2535 1439 auctorem,
2586 1385 2846 1444 tanquam
2886 1374 3011 1442 ﬁda,
3057 1383 3114 1430 et
3145 1391 3268 1446 quas
3303 1391 3415 1430 non

1821 1465 2038 1519 excidat
2100 1474 2464 1534 maneatque,
2533 1465 2735 1532 ducat,
2789 1466 3114 1534 admoveat,
3170 1469 3414 1539 colligat.

1822 1553 1985 1608 Fides
2014 1554 2184 1617 enim,
2215 1554 2564 1624 sequentium
2593 1553 3010 1610 fundamentum
3037 1567 3124 1614 est
3149 1557 3288 1628 (spei
3311 1559 3418 1616 sci-

1821 1644 1952 1700 licet
1981 1655 2036 1699 et
2066 1645 2375 1715 eharitatis)
2403 1663 2526 1716 qua:
2568 1647 2857 1702 veritatem
2909 1647 3144 1704 ﬁrmiter
3186 1657 3411 1706 statuat.

120 1744 182 1796 τὸ
214 1743 424 1813 ἀληθὲς
466 1742 782 1812 ὑφεστῶσα.
816 1744 878 1795 Ἦ
911 1742 968 1796 δὲ
1001 1740 1181 1806 ἐλπὶς,
1205 1742 1316 1795 τῶν
1347 1741 1535 1813 άκρων
1561 1741 1712 1794 ἐστὶν

1822 1736 1980 1806 Spes,
2015 1748 2388 1794 extremorum
2443 1740 2752 1811 (charitatis
2798 1755 2863 1794 ac
2913 1740 3064 1811 ﬁdei)
3103 1742 3280 1796 robur
3324 1751 3417 1800 est

127 1835 302 1906 ἰσχὺς,
352 1835 582 1905 ἀγάπης
619 1834 762 1902 λέγω
806 1835 901 1888 καῖ¹
935 1833 1196 1896 πίστεως,
1225 1831 1286 1886 τὸ
1326 1832 1517 1886 πιστόν
1558 1849 1618 1885 τε
1647 1832 1712 1885 δι’

124 1927 331 1996 ἑαυτῆς
363 1928 462 1980 καὶ
510 1927 571 1979 τὸ
626 1925 858 1996 ὲραστὸν
915 1926 1122 1997 ἀμφοῖν
1178 1924 1578 1993 ὑποφαίνουσα,
1618 1924 1714 1977 καὶ

123 2020 260 2090 πρὸς
281 2020 420 2073 αὐτὸ
454 2020 546 2072 τὸν
571 2019 775 2089 δρόμον
805 2018 872 2070 δι’
902 2019 1103 2091 ἑαυτῆς
1127 2019 1403 2074 ποιεῖσθαι
1427 2019 1714 2072 διδάσκου-

124 2126 214 2165 κα.
254 2111 320 2163 Ἦ
379 2110 440 2163 δὲ
505 2109 716 2181 ἀγάπη,
767 2109 975 2163 τούτων
1028 2111 1146 2163 ἐστὶ
1200 2110 1617 2183 συμπλήρωσις,
1652 2110 1714 2164 τὸ

124 2198 353 2269 ἔσχατον
388 2199 616 2270 ὀρεκτὸν
640 2199 762 2253 ὅλον
789 2201 884 2270 ὃλη
915 2202 1428 2272 περιπτυσσομένη,
1458 2204 1554 2256 καὶ
1585 2204 1714 2256 ταύ-

119 2307 241 2354 ταις
263 2292 367 2362 τῆς
391 2291 487 2346 ἐπ’
509 2291 642 2345 αὐτὸ
686 2293 955 2362 κινήσεως
989 2295 1181 2347 στάισιν
1209 2295 1583 2366 παρεχομένη,
1615 2296 1712 2350 τοῦ

122 2381 410 2434 πιστεύειν
459 2377 623 2445 εἶναι,
678 2383 774 2436 καὶ
802 2383 1050 2447 ἐλπίζειν
1096 2385 1458 2456 παρέσεσθαι,
1489 2388 1550 2439 τὸ
1579 2391 1714 2443 ἀπο-

121 2472 310 2527 λαύειν
339 2474 614 2544 παρόντος
643 2475 709 2528 δι’
735 2476 936 2546 ἑαυτῆς
970 2477 1391 2545 ἀντεισάγουσα.

192 2564 298 2631 κζ’.
335 2566 543 2637 Ἔργον
572 2567 671 2638 τῆς
696 2567 918 2637 ἀγάπης
939 2568 1300 2634 τελειότατον,
1334 2569 1432 2622 καὶ
1464 2568 1564 2637 τῆς
1590 2570 1712 2621 κατ’

124 2657 298 2728 αὐτὴν
337 2659 625 2728 ἐνεργείας
655 2659 850 2728 πέρας,
873 2659 940 2712 δι’
965 2662 1286 2724 ἀντιδόσεως
1317 2661 1577 2732 σχετικῆς
1603 2659 1712 2713 τῶν

125 2751 246 2803 κατ’
271 2749 448 2820 αὐτὴν
472 2749 858 2820 συνημμένων,
883 2751 1136 2821 ἀλλήλοις
1162 2751 1472 2821 ὲμπρέπειν
1485 2751 1553 2805 τά
1576 2749 1713 2804 ἰδιώ-

130 2858 298 2910 ματα,
329 2841 428 2894 καὶ
485 2840 586 2902 τὰς
619 2840 845 2910 κλήσεις
901 2841 1380 2912 παρασκευάζειν·
1442 2843 1534 2894 καὶ
1589 2842 1712 2895 θεὸν

129 2933 226 3001 μὲν
248 2933 342 2986 τὸν
362 2931 652 3002 ἄνθρωπον
674 2934 870 2994 ποιεῖν,
897 2931 1186 3004 ἄνθρωπον
1210 2933 1268 2987 δὲ
1300 2933 1393 2986 τὸν
1423 2933 1555 2986 Θεὸν
1578 2951 1713 3010 χρη-

130 3022 387 3091 ματίζειν
424 3021 520 3073 καί⁹
549 3018 858 3088 φαίνεσθαι,
883 3019 972 3074 διά
999 3021 1098 3090 τὴν
1146 3021 1276 3090 μίαν
1322 3022 1417 3074 καὶ
1460 3023 1709 3093 ἀπαράλ-

1822 1840 1986 1898 atque
2035 1829 2300 1896 ﬁrmitas;
2335 1847 2457 1901 qua:
2500 1832 2618 1902 ipsa
2667 1833 2890 1903 utrique
2934 1833 3017 1887 rei
3061 1832 3223 1888 ﬁdem
3255 1850 3412 1890 amo-

1822 1936 2050 1991 remque
2097 1923 2380 1987 ostendat,
2426 1938 2762 1992 cursumque
2817 1923 2872 1977 in
2925 1938 3047 1978 eam
3099 1940 3200 1980 sua
3245 1941 3414 1996 opera

1821 2014 2267 2069 contendendum
2316 2013 2530 2070 doceat.
2583 2013 2838 2070 Charitas
2880 2032 3032 2082 vero,
3082 2017 3278 2072 harum
3327 2028 3414 2074 est

1821 2106 2284 2175 complementum
2310 2147 2325 2171 ,
2379 2114 2554 2161 totum
2589 2113 2702 2161 tota
2754 2122 3074 2178 supremum
3113 2095 3415 2178 appetibile

1820 2199 2213 2268 complectens,
2251 2198 2493 2269 ipsisque
2525 2214 2554 2253 a
2590 2208 2743 2254 motu
2793 2201 2848 2254 in
2893 2200 3027 2255 illud
3073 2201 3315 2271 quietem
3347 2215 3417 2257 ac

1821 2291 2181 2346 cessationem
2219 2292 2503 2360 praebens;
2542 2293 2665 2361 ejus
2707 2293 2832 2346 loco
2865 2307 2931 2347 ac
2969 2293 3262 2350 credamus
3289 2309 3414 2350 esse

1819 2382 2180 2454 futurumque
2226 2400 2534 2454 speremus,
2566 2393 2627 2438 ut
2667 2399 2766 2453 per
2791 2399 2912 2438 eam
2957 2393 3230 2456 praesente
3259 2386 3412 2441 frua-

1819 2491 1946 2531 mur
1979 2491 2043 2531 ac
2073 2475 2478 2546 posside-amns,
2515 2475 2801 2530 inducens.

1887 2567 1978 2620 27.
2010 2565 2310 2621 Charitatis
2360 2565 2822 2635 perfectissimum
2865 2581 3006 2636 opus
3035 2574 3139 2630 est,
3181 2567 3412 2638 ejusque

1820 2657 2157 2726 operationis
2185 2656 2329 2720 ﬁnis,
2359 2666 2419 2712 ut
2443 2673 2543 2728 per
2567 2673 2709 2722 eam,
2739 2659 3019 2728 reciproca
3051 2659 3285 2728 quadam
3315 2659 3414 2713 ba-

1819 2748 2090 2804 bitudinis
2145 2749 2543 2814 atlributione,
2595 2765 2787 2804 eorum
2841 2750 2936 2819 qui
2987 2749 3079 2804 illa
3129 2749 3412 2821 conjuncti

1818 2849 1967 2904 sunt,
1995 2841 2113 2895 alia:
2139 2841 2262 2895 aliis
2289 2842 2657 2910 proprietates
2677 2841 3010 2911 nominaque
3031 2841 3366 2896 conveniant
3390 2857 3405 2895 :

1819 2941 1882 2987 ut
1933 2941 1988 2988 et
2030 2934 2310 2988 hominem
2338 2935 2524 2998 deum,
2557 2935 2841 3003 Deumque
2888 2932 3168 2986 hominem
3215 2932 3409 2987 audire

1819 3040 1882 3080 ac
1913 3025 2088 3079 videri
2139 3025 2324 3087 faciat,
2373 3025 2442 3079 ob
2488 3024 2737 3079 eamdem
2788 3025 3038 3094 nihilque
3085 3023 3445 3080 dissimilem'

125 3112 322 3166 λακτον
353 3111 686 3181 ἀμφοτέρων
727 3111 870 3165 κατὰ
902 3112 962 3165 τὸ
996 3111 1211 3184 θέλημα
1253 3112 1508 3184 βούλησίν
1547 3111 1606 3185 (ί)
1655 3131 1712 3167 τε

1822 3116 2103 3171 amborum
2135 3116 2477 3170 voluntatem
2507 3130 2571 3170 ac
2603 3113 3020 3185 appetitionem.

128 3201 218 3254 καὶ
254 3202 494 3270 κίνησιν.

193 3301 302 3362 κη’.
334 3294 399 3346 El
430 3293 550 3345 κατ’
580 3293 764 3346 εἰκόνα
791 3293 930 3346 Θεοῦ
955 3293 1173 3354 πάντως
1197 3295 1379 3364 ἡμεῖς,
1417 3293 1711 3364 γενώμεθα

128 3386 334 3438 ἑαυτῶν
375 3387 470 3438 καὶ
502 3386 596 3438 τοῦ
645 3385 816 3440 Θεοῦ’
874 3387 1082 3456 μᾶλλον
1134 3386 1212 3452 δὲ,
1249 3387 1411 3454 μόνου
1462 3390 1556 3441 καὶ
1585 3389 1708 3442 ὅλου

126 3476 282 3540 Θεοῦ,
315 3479 413 3531 καὶ
460 3478 596 3542 ὅλοι,
635 3477 802 3548 μηδὲν
835 3479 1082 3548 ἐπίγειον
1132 3480 1189 3530 ἐν
1219 3479 1352 3548 ἡμῖν
1382 3479 1566 3542 αὐτοῖς
1610 3480 1708 3548 φέ-

132 3583 333 3634 ροντες,
368 3569 461 3621 ἴνα
497 3567 617 3639 Θεῷ
669 3569 1086 3639 πλησιάσωμεν,
1123 3570 1218 3622 καὶ
1253 3567 1365 3622 Θεοί
1398 3569 1708 3640 γενώμεθα,

128 3659 191 3709 ὲκ
217 3659 356 3713 Θεοῦ
391 3661 457 3713 τὸ
485 3660 600 3713 θεοὶ
651 3656 790 3715 εἶναι
836 3661 1116 3724 λαϐόντες.
1157 3660 1315 3715 Οὕτω
1344 3661 1454 3732 γὰρ
1482 3665 1711 3731 τιμᾶται

127 3747 194 3802 τά
223 3749 339 3802 θεῖα
365 3751 516 3823 δωρή
527 3769 691 3820 ματα,
715 3753 812 3807 καὶ
845 3753 879 3824 ἡ
902 3754 1001 3824 τῆς
1031 3751 1183 3816 θείας
1202 3753 1426 3824 εἰρήνης
1449 3753 1706 3822 φιλοφρο·

128 3840 296 3894 νεῖται
329 3843 625 3913 παρουσία.

201 4025 304 4078 κθσ.
331 4027 496 4094 Μέγα
527 4025 734 4094 ἀγαθὸν
787 4026 820 4096 ἡ
856 4025 1067 4094 ἀγάπη,
1123 4022 1218 4077 καὶ
1247 4023 1354 4077 τῶν
1389 4022 1612 4092 ἀγαθῶν
1645 4024 1711 4077 τὸ

129 4115 344 4182 πρῶτον
372 4117 470 4169 καὶ
503 4114 779 4188 ἐξαίρετον
809 4116 1035 4186 ἀγαθὸν,
1075 4113 1149 4178 ὼς
1178 4115 1311 4168 Θεὸν
1343 4113 1436 4167 καὶ
1493 4111 1705 4184 ἀνθρώ-

200 4269 245 4299 ¹¹
275 4271 438 4325 Rom.
469 4287 584 4334 \‘lll,
624 4272 710 4325 17.

1816 3327 1819 3330 -
1884 3294 1972 3350 28.
2009 3294 2291 3365 Siquidem
2337 3293 2562 3348 omnino
2593 3291 2660 3347 ad
2708 3291 2803 3348 Dei
2853 3305 3044 3346 sumus
3087 3289 3404 3362 imaginem,

1813 3388 1990 3442 nostri
2041 3387 2285 3456 ipsorum
2323 3385 2530 3455 Deique
2576 3383 2909 3450 efﬁciamur;
2956 3384 3066 3437 imo
3094 3384 3280 3453 potius
3305 3383 3406 3439 toti

1806 3477 1875 3532 ad
1905 3493 2074 3532 unum
2107 3487 2392 3547 totumque
2425 3477 2619 3541 Deum,
2651 3477 2789 3530 nihil
2821 3477 2922 3546 ipsi
2956 3477 3012 3531 in
3041 3477 3203 3532 nobis
3226 3486 3402 3533 terre-

1807 3585 1938 3624 num
1989 3569 2263 3635 ferentes,
2316 3578 2658 3639 spectemus,
2703 3577 2765 3622 ut
2809 3568 2921 3622 Deo
2968 3567 3406 3639 propinquemus

1808 3659 1996 3729 diique
2042 3660 2272 3726 ﬁamus;
2326 3659 2423 3715 Dei
2474 3659 2580 3714 hoc
2622 3673 2852 3714 munere
2881 3658 3195 3722 consecuti,
3229 3666 3292 3713 ut
3326 3657 3404 3714 dii

1812 3750 2160 3804 exsistamus.
2199 3749 2290 3803 Sic
2313 3749 2461 3802 enim
2489 3748 2691 3802 divinis
2722 3748 2885 3801 donis
2928 3748 3163 3802 habetur
3202 3748 3401 3815 honor,

1815 3841 2127 3909 divinaeque
2172 3841 2324 3909 pacis
2368 3840 2660 3909 priesentia
2711 3846 2992 3909 gratanter
3015 3841 3290 3908 excipitur
3317 3849 3404 3896 at-

1811 3948 1917 4002 que
1949 3932 2235 4002 probatur.

1877 4024 1966 4077 29.
2002 4023 2198 4092 lugens
2232 4021 2474 4076 Charitas
2522 4021 2759 4086 bonum,
2791 4021 3042 4091 interque
3091 4022 3236 4076 bona
3283 4023 3403 4092 pri-

1810 4130 1956 4168 mum
1987 4130 2051 4168 ac
2086 4113 2382 4179 eximium;
2416 4128 2537 4183 quae
2571 4113 2688 4184 ipsa
2725 4113 2896 4167 Deum
2925 4121 2982 4168 et
3016 4113 3272 4169 homines
3303 4128 3406 4184 per

199 4401 271 4474 (li)
313 4405 418 4457 Kal
454 4404 844 4470 ἀδιάπτωτος.
877 4403 1042 4474 Quasi
1076 4403 1214 4474 ipsa
1249 4403 1304 4457 in
1351 4418 1409 4474 se.
1442 4411 1701 4474 constans

1822 4403 2230 4474 ίιπαραλ).άκτῳ,
2283 4401 2472 4474 ὁμοίῳ,
2515 4403 2665 4465 παρὰ
2709 4403 2872 4474 μηδὲν
2936 4400 3392 4474 παραλλάσσοντι.

129 4472 385 4543 etlirma.
415 4483 470 4529 et
493 4475 640 4542 quod
670 4473 746 4528 ait
787 4475 975 4543 Apost.
995 4473 1036 4526 1.
1060 4473 1185 4528 Cor.
1216 4490 1330 4538 xm,
1360 4473 1480 4542 8εή
1514 4473 1700 4542 ἀγάπη

131 4541 380 4613 οὐδέποτε
403 4541 676 4598 ἐκπίπτει.
698 4541 946 4598 Charitas
971 4560 1243 4613 nunquam
1267 4541 1504 4596 excidit:
1530 4560 1591 4596 ea
1625 4541 1709 4613 ni-

132 4611 330 4665 mirum
361 4614 594 4677 ratione,
628 4631 734 4684 qua
759 4611 1102 4682 reliquarum
1127 4614 1394 4684 virtutum
1442 4612 1713 4684 theologi-

131 4695 335 4754 carum
371 4683 852 4754 complementum
889 4690 1008 4744 est;
1086 4684 1146 4735 τὸ
1209 4683 1435 4753 ἔσχατον
1485 4683 1710 4754 ὀρεκτὸν

131 4750 248 4803 ὃλον
298 4753 394 4822 ὂλη
444 4750 948 4824 περιπτυσσομένη,
1000 4761 1168 4806 totum
1218 4750 1712 4824 lolacornpleclens

133 4835 435 4894 supremum
482 4823 795 4894 appetibile,
829 4825 1056 4893 ejusque
1095 4823 1382 4894 praesentis
1428 4823 1709 4894 fruitiune,

137 4838 435 4941 signemus:
482 4838 795 4894 appetwue,
829 4838 1056 4893 ejusque
1095 4838 1382 4892 praesentis
1428 4838 1709 4888 trummic,

137 4887 175 4969 ﬁ.
211 4892 260 4943 ei
284 4909 374 4969 _ac
403 4894 518 4964 spei
551 4895 616 4969 in
661 4894 837 4969 ipsum
883 4901 1065 4969 motus
1083 4894 1283 4969 quiete
1324 4891 1544 4969 sistens.
1577 4893 1709 4969 Quae

135 4962 212 5013 sic
253 4962 401 5034 clara
431 4962 494 5019 ac
528 4962 856 5034 theolbgica,
912 4964 1038 5031 quis
1077 4963 1220 5016 ferat
1269 4963 1343 5016 ita
1387 4963 1514 5016 Pico
1551 4964 1706 5034 nullo

135 5043 296 5087 sensu
317 5033 548 5100 reddita,
567 5035 698 5100 Qua:
728 5043 842 5104 post
865 5035 1044 5088 omnia
1076 5046 1293 5103 prorsus
1319 5033 1612 5103 expetenda
1636 5041 1712 5087 εει

135 5108 183 5151 ct
204 5109 313 5155 tota
337 5105 604 5159 induenda
627 5105 653 5158 ?

180 5170 266 5247 _(i)
299 5174 400 5225 Διὰ
422 5174 538 5247 τὴν
547 5177 696 5244 μίαν
721 5171 1709 5247 καὶάπιιρᾴμακτονξ...βούλησιν.

122 5235 296 5315 Picus
312 5244 457 5312 quod
481 5235 602 5300 eain
624 5260 814 5300 vocem
833 5235 1268 5315 ἀπαράλλακτον,
1291 5235 1709 5315 immutabilem,

137 5308 346 5385 reddit}
375 5316 672 5385 statimque
701 5321 827 5385 post
847 5329 898 5368 c.
920 5308 1092 5385 29,_in
1111 5313 1220 5385 illis
1247 5312 1454 5377 verbis,
1474 5313 1592 5385 τὴν
1615 5314 1712 5385 τοῦ

139 5374 266 5456 (ᾖξεν
265 5374 422 5456 μένου
436 5385 570 5456 πρὸς
582 5374 674 5456 τὸν
689 5374 819 5438 Θεὸν
832 5374 1048 5456 κατὰτὸ
1065 5383 1271 5456 ἀγαθὸν.
1283 5384 1315 5434 ά
1325 5374 1712 5456 παραλλαξίαν,

138 5442 374 5515 υεὶΙῖσαιί
411 5472 446 5509 a
481 5442 590 5509 Deo
627 5454 997 5525 impossibilem
1039 5442 1460 5577 seﬂarationen't;
1489 5442 1650 5524 longe
1681 5442 1713 5508 εἰ

142 5527 288 5577 vero.
322 5531 427 5577 est.
483 5540 724 5577 sanaaue
758 5523 1027 5577 doctrina.
1139 5522 1398 5577 trobiuue
1445 5523 1595 5577 enim
1653 5523 1711 5577 τὸ

142 5527 427 5594 vero,_e_st,
483 5522 724 5594 sanaque
758 5523 1052 5594 doctrina._
1087 5522 1398 5592 Utrobique
1440 5522 1607 5594 enim
1653 5523 1711 5594 τὸ

140 5583 550 5664 ἀπαράλλακτον
597 5583 652 5664 εἰ
695 5591 1091 5664 ἀπαραλλαξία
1118 5629 1133 5654 ,
1183 5583 1372 5664 exacta
1407 5593 1709 5664 similitudo

127 5659 412 5740 ‘6“,uulla
431 5664 589 5734 quasi
621 5659 931 5720 diﬁ'erentia
955 5671 1013 5717 et
1053 5662 1393 5718 evariatione
1428 5680 1440 5715 :
1472 5663 1706 5734 llesych.

1813 4473 1969 4540 Quod
2038 4475 2271 4529 reddere
2332 4473 2564 4528 voluerit
2630 4473 2843 4531 Phile.
2913 4482 3174 4528 etvetus
3217 4473 3396 4528 Gloss.

1816 4543 2006 4614 Steph.
2055 4561 2180 4599 cum
2213 4545 2555 4614 indiscretum
2581 4553 2877 4614 exponunt
2948 4543 3110 4613 (ἶνες.
3147 4544 3204 4597 in
3252 4543 3396 4598 diem

1813 4613 2020 4669 Cllristi
2059 4615 2237 4669 Nalal.
2286 4617 2319 4682 ἡ
2358 4613 2776 4682 ἀπαράλλακτος
2811 4614 2977 4668 εἰκών
3014 4631 3024 4642 ·
3085 4614 3271 4683 Imago
3307 4630 3399 4679 prr

1805 4687 1989 4755 omnia
2020 4686 2227 4738 similis.
2262 4685 2520 4755 Nihilque
2555 4685 2822 4755 theologis
2851 4685 3121 4747 crebrius,
3156 4699 3219 4755 ea
3251 4684 3399 4755 vods

1815 4753 1959 4809 illius
1985 4755 2320 4824 acceptione,
2343 4755 2426 4808 vel
2458 4754 2512 4807 in
2545 4753 2762 4810 divinis
2785 4756 3056 4824 personis,
3093 4754 3252 4824 veliin
3279 4754 3400 4822 qui-

1813 4824 1917 4878 bus
1946 4823 2186 4894 pcrfccta
2219 4824 2521 4880 secundum
2559 4823 2882 4889 bonitatem,
2932 4833 3134 4894 quanta
3184 4823 3394 4894 homini

1817 4893 2097 4956 concessa,
2148 4910 2273 4948 cum
2307 4895 2417 4948 Deo
2468 4896 2772 4949 similitudo
2811 4903 2894 4950 est
2928 4893 3025 4964 per
3072 4893 3397 4964 charitatem

1818 4981 1939 5032 quae
1965 4973 2145 5019 tamen
2186 4980 2288 5020 nec
2331 4973 2532 5018 statum
2559 4963 2978 5027 immutabilem,
3012 4980 3115 5018 nec
3149 4963 3400 5031 impossi-

1811 5035 1982 5089 bilem
2017 5051 2046 5089 a
2072 5036 2184 5089 Deo
2229 5035 2630 5104 separationem
2661 5036 2811 5098 facit,
2853 5045 3026 5104 extra,
3051 5035 3224 5104 ipsam
3261 5050 3398 5088 con-

1814 5105 2237 5159 summationem
2266 5103 2322 5159 et
2351 5105 2446 5159 Dei
2466 5105 2758 5168 visionem,
2789 5105 2858 5158 de
2880 5119 2986 5173 qua
3015 5103 3282 5158 Maximus
3307 5103 3398 5159 hic

1814 5191 1924 5247 non
1957 5178 2107 5247 agit._
2135 5174 2409 5247 Fraudem
2433 5173 2626 5230 fecerit
2650 5175 2805 5247 ‘Pico
2830 5173 3027 5244 Steph.
3055 5173 3108 5227 in
3142 5173 3396 5247 Thesauri

1815 5244 2018 5309 indice,
2057 5245 2149 5299 ubi
2183 5245 2337 5300 nullo
2380 5256 2608 5301 auctore
2640 5244 2848 5316 (nescio
2871 5260 2940 5298 an
2971 5259 3049 5316 ex_
3070 5244 3243 5316 veteri
3285 5244 3394 5316 alio

1818 5331 1925 5386 quo
1956 5316 2244 5386 glossario,
2272 5316 2360 5370 vel
2388 5331 2457 5370 ex
2486 5331 2587 5386 sino
2626 5312 2825 5386 capite)
2849 5313 3252 5385 ἀπαραλλαξίαο
3278 5312 3397 5370 Non

1815 5385 2032 5450 mutari,
2076 5401 2168 5438 seu
2217 5385 2645 5451 immutabilitas,
2677 5385 3008 5448 constantia;
3063 5400 3185 5439 cum
3213 5392 3400 5440 tamen

1815 5455 1984 5526 idem,
2012 5463 2054 5526 ι.
2086 5454 2128 5521 l,
2165 5455 2306 5511 bene
2329 5465 2595 5526 exponat;
2619 5465 2919 5526 arguatque
2942 5455 3168 5526 iBilibal.
3201 5453 3402 5518 inloco

1814 5525 1978 5608 allato
1992 5523 2158 5608 Frag.
2183 5526 2338 5649 quasi
2366 5523 2659 5598 perperam
2679 5523 3004 5592 reddiderit,
3034 5525 3396 5579 incommuta-

1814 5595 1932 5650 bilis
1959 5594 2182 5650 similitu
2221 5612 2273 5650 ο.

1847 5596 1932 5651 ilis
1959 5596 2273 5652 similitudo.
