3930 6324
509 255 642 321 1191

1701 247 1766 307 S.
1811 246 2099 309 ΜΑΧιΜι
2139 243 2654 306 CONFESSORIS

3695 240 3821 307 1192

507 383 566 423 se
592 366 832 437 copulet,
867 364 1014 419 circa
1041 374 1192 424 eum,
1225 358 1320 429 qui
1356 357 1448 412 illa
1475 354 1742 426 praeditus
1765 364 1882 421 est;
1911 354 2102 408 faciat-

2231 370 2344 416 τους
2379 354 2448 406 δι’
2479 355 2680 424 ἑαυτῆς
2723 355 2851 425 περὶ
2878 355 2970 407 τὸν
2999 353 3168 426 αὐτὴν
3192 353 3387 424 ἔχοντα
3421 353 3816 408 συνάπτουσαι
3894 400 3895 418 χ

508 475 634 528 que,
669 468 728 512 ut
758 457 851 527 qui
897 453 1183 508 hominum
1217 466 1392 522 genus
1425 448 1690 509 condidit,
1727 459 1788 502 ut
1817 448 1981 501 homo
2009 461 2105 515 ap-

509 559 718 621 pareat,
767 551 838 603 ob
867 563 1139 603 summam
1174 548 1296 617 ejus
1329 546 1423 615 qui
1458 546 1660 599 deitate
1708 543 1946 597 donatur
1980 557 2104 596 cum

510 643 642 704 Deo,
683 639 898 693 ratione
939 638 1090 701 boni,
1132 635 1313 706 quoad
1365 634 1576 688 homini
1621 647 1945 688 concessum
1985 640 2104 694 est,

509 731 966 796 similitudinem;
1017 745 1182 799 quam
1226 737 1490 798 praestare
1520 727 1796 787 existimo,
1830 726 1934 779 hoc
1959 724 2108 793 quod

507 835 612 891 est,
635 827 872 897 Diligere
901 825 1198 879 Dominum
1223 824 1395 879 Deum
1421 839 1488 877 ex
1521 828 1644 876 toto‘
1660 821 1826 876 corde
1848 832 1904 875 et
1926 819 2108 873 anima

508 927 565 975 et
592 919 835 982 virtute;
869 925 924 971 et
955 917 1264 985 proximum
1303 915 1448 968 sicut
1481 915 1722 982 seipsum
1758 915 1821 966 ¹³.

584 1009 674 1063 50.
734 1008 1152 1064 Observandum
1197 1006 1501 1068 diabolum,
1530 1007 1660 1060 dolo
1684 1014 1863 1060 astute
1887 1019 2112 1074 compo-

514 1102 644 1164 sito,
682 1116 782 1169 per
814 1101 1101 1168 φιλαυτίαν
1139 1100 1365 1169 (caecum
1393 1098 1607 1153 scilicet
1629 1113 1693 1151 ac
1717 1097 1992 1150 carnalem
2023 1095 2111 1150 sui

515 1193 784 1264 amorem)
832 1193 1134 1262 voluptatis
1167 1191 1390 1260 objectu
1444 1189 1762 1244 seduceudo
1797 1188 2107 1253 hominem,

516 1286 696 1355 ipsum
734 1285 897 1353 518
931 1300 960 1337 a
991 1284 1125 1346 Deo,
1158 1282 1404 1350 aliosque
1434 1281 1504 1334 ab
1547 1280 1690 1342 aliis,
1739 1279 2113 1349 pugnantibus

517 1377 715 1430 animis
739 1391 802 1429 ac
832 1375 1126 1430 sententiis
1157 1373 1526 1444 disjunxissc;
1558 1386 1816 1441 perversa
1848 1370 2110 1423 nimirum

520 1468 875 1530 rectitudine,
923 1468 1090 1535 inque
1139 1466 1288 1518 hunc
1327 1465 1550 1517 modum
1579 1463 1756 1517 divisa
1798 1471 2017 1525 natura,
2048 1475 2116 1516 ac

521 1559 576 1610 in
610 1559 807 1611 multas
832 1557 1123 1625 opiniones
1150 1554 1471 1625 judiciaquc
1495 1553 1685 1607 scissa.

591 1649 676 1700 51.
714 1647 842 1700 Tria
878 1653 1007 1699 sunt
1057 1644 1294 1698 maxima
1336 1652 1392 1697 et
1428 1641 1759 1712 primigenia
1788 1640 1961 1706 vitia;
1991 1653 2112 1693 om-

520 1739 736 1809 nisque,
768 1747 828 1791 ut
860 1738 1028 1792 semel
1057 1737 1258 1800 dicam,
1282 1735 1404 1790 vitii
1434 1735 1591 1806 origo
1613 1743 1669 1789 et
1691 1746 1889 1797 causa;
1917 1745 2116 1801 nempe

522 1831 854 1902 ignorantia;
877 1830 1135 1899 φιλαυτία
1156 1828 1466 1900 (improbus
1490 1827 1576 1882 sui
1599 1840 1662 1880 ac
1683 1825 1921 1881 carnalis
1941 1822 2116 1892 amor)

519 1933 579 1978 et
613 1922 896 1994 tyrannis;
927 1938 956 1976 a
988 1937 1045 1976 se
1092 1922 1356 1975 nimirum
1405 1930 1600 1977 mutuo
1626 1918 1949 1990 pendentia,
1980 1916 2119 1970 alia-

522 2029 629 2083 que
661 2014 784 2068 aliis
818 2014 926 2066 vim
979 2028 1044 2066 ac
1089 2013 1524 2067 stabilimentum
1556 2013 1878 2082 praebentia.
1913 2011 1992 2065 Ex
2020 2009 2119 2064 Dei

523 2107 669 2159 enim
699 2105 1031 2175 ignorantia,
1058 2115 1144 2160 est
1167 2105 1424 2173 φιλαυτία
1451 2107 1649 2176 (caecus
1671 2105 1762 2160 ille
1793 2103 1993 2175 amor),
2021 2120 2121 2158 ex-

523 2214 633 2269 que
655 2197 772 2262 illa,
809 2197 1060 2268 tyrannis
1090 2197 1192 2268 (vis
1223 2197 1437 2252 scilicet
1473 2196 1683 2267 iniqua)
1711 2212 1838 2267 erga
1862 2211 1960 2250 eos
1982 2211 2122 2266 quos

524 2289 814 2360 conjungit
855 2288 1073 2359 generis
1102 2289 1348 2359 ejusdem
1397 2288 1770 2343 necessitudo.
1818 2288 1932 2342 Nec
1965 2287 2120 2357 quis-

524 2396 690 2450 quam
729 2389 818 2434 eat
854 2380 1088 2443 inﬁcias,
1135 2379 1270 2449 quin
1313 2381 1694 2449 nequissimus
1738 2395 1838 2449 per
1885 2380 2122 2433 abusum

525 2474 873 2544 propriarum
913 2473 1113 2525 virium
1159 2472 1417 2542 (rationis
1455 2473 1692 2537 scilicet,
1729 2471 2045 2542 cupiditatis
2066 2479 2124 2527 et

528 2567 643 2636 inc)
680 2567 795 2619 inec
833 2565 887 2618 in
923 2564 1082 2618 nobis
1116 2564 1349 2619 suscitet
1381 2580 1446 2618 ac
1473 2562 1692 2618 clliciat.

599 2660 686 2713 δὲ.
733 2658 973 2728 Equum
1005 2675 1138 2714 sane
1181 2673 1244 2712 ac
1275 2673 1373 2727 par
1402 2667 1505 2720 est,
1555 2666 1616 2711 ut
1659 2672 1759 2727 pro
1791 2657 2118 2727 ignorantia,

526 2767 628 2822 per
652 2750 937 2805 scientiam
973 2750 1039 2803 ad
1069 2750 1242 2804 Deum
1283 2749 1718 2818 singularissimc
1753 2765 1945 2812 unum,
1977 2765 2125 2818 quab-

528 2843 703 2897 rendo
739 2857 1090 2907 moveamur;
1137 2840 1439 2911 cupiditate
1477 2856 1630 2903 vero,
1665 2841 1953 2908 φιλαυτῒας
1995 2856 2123 2910 pra-

527 2934 694 3005 vique
724 2934 930 2988 amoris
957 2934 1081 2988 labe
1113 2948 1274 3003 pura,
1307 2933 1363 2986 in
1392 2933 1563 2987 Deum
1603 2933 1782 2986 solum
1819 2948 2004 2987 arnore
2029 2932 2125 2987 de-

2208 447 2303 498 καί¹
2327 446 2404 508 ὡς
2442 445 2731 512 ἄνθρωπον
2760 447 2854 498 τὸν
2883 447 3115 516 ποιητὴν
3145 446 3252 500 τῶν
3284 444 3632 515 ἀνθρώπων
3894 445 3895 456 ‘

2207 553 2298 588 ναι
2328 535 2854 604 παρασκευάζουσα,
2907 535 2998 588 διὰ
3039 537 3138 606 τὴν
3175 535 3272 589 τοῦ
3322 535 3661 605 θεουμὲνου
3701 540 3818 606 πρὸς

2208 627 2301 680 τὸν
2333 625 2469 679 Θεὸν
2527 627 2673 680 κατά
2725 627 2787 680 τὸ
2836 627 3040 694 ἀγαθὸν
3088 628 3164 691 ὼς
3214 627 3450 696 ἐφικτὸν
3524 627 3815 700 ἀνθρώπῳ,

2208 718 2632 789 ἀπαραλλαξίαν
2657 736 2670 750 °
2705 720 2772 790 ἣν
2805 721 3054 789 ἐνεργεῖν
3100 720 3492 790 ὑπολαμϐάνω
3538 723 3633 783 τὸ.
3673 723 3819 788 ’Δγαο

2213 815 2385 882 πῆσαι
2415 813 2622 882 Κύριον
2649 813 2742 866 τὸν
2775 812 2910 865 Θεὸν
2943 813 3002 879 ἐξ
3047 813 3176 881 ὅλης
3204 812 3477 884 καρδίας,
3511 811 3621 866 καὶ
3654 812 3815 883 ψυχῆς

2211 905 2304 958 καὶ
2330 903 2613 974 δυνάμεως
2639 921 2652 932 ·
2683 905 2782 957 καὶ
2804 905 2894 957 τὸν
2931 904 3160 972 πλησίον
3194 904 3269 965 ὡς
3300 904 3544 957 ἑαυτόν.

2281 995 2346 1048 λ’.
2393 995 2613 1058 ’1στέον,
2649 996 2726 1060 ὡς
2776 996 2914 1066 δόλῳ
2970 997 3301 1067 κακούργως
3356 995 3818 1066 μεμηχανημὲνῳ

2210 1084 2300 1139 διὰ
2346 1087 2656 1156 φιλαυτίας,
2711 1088 2833 1140 καθ’
2888 1088 3086 1159 ἡδονῆς
3145 1087 3477 1158 προσϐολὴν
3531 1089 3817 1158 ἀπατήσας

2211 1181 2362 1249 ἡμᾶς
2399 1182 2428 1233 ὁ
2485 1179 2753 1244 διάϐολος,
2785 1178 2924 1232 Θεοῦ
2967 1181 3065 1232 καὶ
3097 1178 3345 1248 ἀλλήλων
3407 1178 3576 1231 κατά
3610 1179 3820 1247 γνώμην

2211 1272 2485 1342 διέστησε,
2523 1272 2585 1325 τὸ
2614 1271 2771 1335 εὑθὲς
2801 1270 3155 1342 διαστρέψας,
3189 1269 3286 1324 καὶ
3328 1269 3442 1338 τὴν
3473 1268 3660 1338 φύσιν
3697 1273 3822 1323 κατὰ

2212 1366 2305 1419 τὸν
2336 1366 2542 1436 τρόπον
2579 1365 2770 1420 τοῦτον
2804 1365 3056 1444 μερίσας,
3094 1364 3188 1418 καὶ
3213 1362 3578 1432 κατατεμὼν
3602 1366 3689 1427 εἰς
3719 1365 3824 1417 πολ-

2214 1457 2314 1521 λὰς
2344 1458 2504 1524 δόξας
2537 1459 2633 1512 καὶ
2663 1459 2984 1528 φαντασίας.

2288 1644 2391 1698 λα’.
2424 1645 2568 1717 Τρία
2605 1646 2724 1700 ἐστὶ
2753 1646 2822 1701 τά
2849 1647 3086 1718 μέγιστα
3115 1649 3209 1701 καὶ
3234 1648 3576 1719 ἀρχέκακα.
3617 1649 3712 1702 καί

2222 1754 2344 1808 σης,
2363 1737 2552 1801 ἁπλῶς
2583 1740 2782 1802 εἰπεῖν,
2809 1739 3011 1803 κακίας
3043 1739 3344 1809 γεννητικά
3363 1757 3380 1768 ·
3418 1742 3660 1809 ἄγνοια,
3680 1742 3823 1807 φημὶ.

2222 1830 2317 1884 καὶ
2365 1829 2626 1899 φιλαυτία
2671 1832 2763 1884 καὶ
2819 1833 3103 1903 τυραννίς·
3164 1833 3422 1902 ἀλλήλων
3479 1834 3828 1905 ἐξηρτημένα

2222 1923 2320 1975 καὶ
2372 1923 2442 1975 δι’
2493 1922 2741 1994 ἀλλήλων
2794 1926 3186 1996 συνιστάμενα.
3227 1927 3325 1980 Ἐκ
3382 1927 3510 1999 γὰρ
3568 1927 3677 1996 τῆς
3713 1927 3826 1995 περὶ

2221 2012 2358 2066 Θεοῦ
2385 2013 2632 2080 ἀγνοίας,
2659 2017 2694 2085 ὴ
2721 2014 2982 2082 φιλαυτία
3003 2033 3016 2045 ·
3060 2018 3126 2069 ὲκ
3154 2015 3211 2068 δὲ
3243 2016 3497 2086 ταύτης,
3528 2019 3564 2087 ἡ
3604 2017 3742 2087 πρὸς
3779 2017 3826 2067 τὸ

2225 2105 2488 2174 συγγενὲς
2508 2107 2770 2178 τυραννίς
2807 2110 2945 2161 ἐστι.
3002 2108 3112 2161 Καὶ
3145 2109 3326 2172 οὐδεὶς
3358 2111 3610 2180 ἀντερεῖ
3663 2111 3823 2176 λόγος.

2227 2199 2300 2268 μὴ
2334 2198 2455 2268 οὑχὶ
2503 2197 2583 2267 τῷ
2615 2199 2758 2252 κατά
2813 2201 3166 2269 παράχρησιν
3195 2201 3392 2271 τρόπῳ
3449 2203 3574 2255 τῶν
3627 2203 3824 2254 οἰκείων

2223 2289 2528 2360 δυνάμεων,
2553 2287 2714 2356 λόγου
2740 2307 2797 2341 τε
2825 2292 2921 2343 καὶ
2949 2290 3244 2361 ἐπιθυμίας
3267 2291 3372 2344 καὶ
3398 2291 3620 2363 θυμοῦ,
3641 2293 3826 2354 ταύτας

2223 2382 2284 2436 ὲν
2322 2381 2458 2452 ἡμῖν
2495 2379 2588 2434 τὸν
2613 2381 2853 2453 πονηρὸν
2881 2382 3319 2454 ὑποστήσασθαι.

2295 2655 2363 2726 λρ
2384 2694 2399 2710 .
2433 2657 2582 2719 Δέον,
2613 2654 2759 2724 λόγῳ
2811 2655 2932 2725 μὲν,
2981 2655 3103 2709 ἀντὶ
3141 2653 3242 2724 τῆς
3285 2655 3556 2723 ἀγνοίας,
3589 2655 3729 2728 πρὸς
3750 2655 3824 2707 τὸν

2225 2748 2360 2802 Θεὸν
2391 2746 2482 2801 διὰ
2529 2746 2786 2816 γνώσεως
2841 2747 2985 2800 κατὰ
3025 2745 3256 2817 ζήτησιν
3296 2747 3637 2816 μονώτατον
3679 2750 3824 2799 κινεῖ-

2228 2839 2354 2892 σθαι
2379 2855 2396 2871 ο
2427 2839 2497 2892 δι’
2527 2839 2830 2910 ἐπιθυμίας
2876 2840 2957 2902 δὲ,
2989 2839 3082 2892 τοῦ
3123 2838 3224 2908 τῆς
3272 2839 3587 2907 φιλαυτίας
3639 2840 3825 2901 παθως

2226 2932 2499 3004 καθαρᾶς,
2525 2931 2668 2984 κατά
2716 2931 2884 2984 πόθον
2919 2931 3058 3002 πρὸς
3099 2931 3190 2984 τὸν
3240 2931 3382 2985 Θεὸν
3417 2934 3595 3001 μόνον
3625 2935 3824 2985 ἐλαύνε-

530 3029 846 3098 siderioque
873 3043 1132 3096 agamur;
1167 3025 1250 3078 ira
1284 3024 1546 3094 denique,
1593 3024 1682 3078 cui
1729 3023 1879 3077 nulla
1912 3023 1996 3076 vis
2021 3023 2117 3077 ini-

2231 3023 2355 3078 σθαι
2374 3040 2390 3055 ⁸
2426 3024 2522 3078 καὶ
2546 3023 2627 3094 τῷ
2653 3024 2814 3095 θυμῷ
2839 3024 3157 3094 τυραννίδος
3205 3029 3655 3098 κεχωρισμένῳ,
3707 3027 3824 3096 πρὸς

531 3135 639 3190 qua
673 3134 880 3181 comes,
907 3117 1078 3171 Deum
1107 3115 1454 3171 solummodo
1488 3113 1706 3184 assequi
1740 3115 2117 3179 eounitamur;

533 3223 698 3282 atque
733 3210 894 3264 nobis
925 3210 1126 3262 borum
1174 3208 1408 3276 prolem,
1454 3223 1517 3261 ac
1565 3208 1618 3260 in
1654 3208 1813 3276 cujus
1856 3206 1972 3259 haec
2004 3221 2124 3275 gra-

533 3303 666 3356 tiam
700 3299 962 3369 (divinam
997 3297 1208 3351 scilicet
1251 3311 1314 3349 ac
1360 3297 1574 3350 beatam
1623 3297 1967 3359 charitatem,
2001 3311 2124 3365 qua:

533 3401 590 3447 et
636 3392 748 3447 Deo
784 3391 1032 3460 copulet,
1069 3389 1345 3458 deumque
1375 3389 1555 3442 virum
1593 3387 1907 3458 religiosum
1938 3403 2000 3442 ac
2025 3387 2123 3442 Dei

535 3485 804 3539 cultorem
831 3482 1048 3549 eliiciat)
1075 3480 1396 3535 conﬁcmus.

604 3578 693 3631 55.
718 3575 997 3638 Φιλαυτία,
1027 3573 1105 3627 uti
1148 3573 1355 3626 dictum
1392 3580 1496 3635 est,
1525 3571 1952 3626 vclutvitiorum
1972 3572 2124 3642 prin-

536 3665 659 3734 cipe
705 3674 870 3734 atque
917 3672 1142 3734 parente
1178 3663 1388 3726 evulsa,
1430 3663 1550 3732 ejus
1579 3663 1848 3717 universae
1881 3663 2118 3731 soboles,

535 3771 711 3825 eaque
758 3755 1012 3824 sequiora
1062 3753 1310 3824 germina
1357 3753 1519 3807 simul
1568 3753 1728 3808 evelli
1779 3755 1977 3808 solent.
2027 3754 2123 3808 illa

535 3863 773 3918 namque
815 3836 1051 3911 sublata,
1083 3847 1297 3900 nullum
1330 3862 1558 3916 prorsus
1588 3847 1809 3902 malitia:
1835 3863 2006 3918 genus
2027 3856 2124 3902 aut

536 3938 825 4006 vestigium
855 3946 1034 4007 potest
1055 3936 1376 3991 consistere.

606 4028 694 4082 54.
733 4027 972 4080 Tantum
1007 4027 1408 4097 nosmetipsos,
1450 4027 1653 4098 aliique
1703 4030 1840 4085 alios
1885 4030 2123 4100 comple-

536 4128 752 4175 ctamur
773 4135 835 4174 ac
853 4120 1097 4173 colamus
1121 4133 1302 4188 opera!
1321 4121 1560 4188 pretium
1585 4130 1691 4186 est,
1710 4133 1978 4192 quantum
2005 4124 2122 4192 ipse

537 4227 636 4282 per
666 4211 906 4281 scipsum
936 4209 1193 4264 Christus
1232 4210 1384 4280 prior
1408 4211 1669 4276 ostendit,
1704 4214 1796 4283 qui
1837 4229 1936 4284 pro
1964 4215 2124 4270 nobis

537 4302 679 4372 parti
713 4317 778 4356 ac
808 4302 946 4356 mori
977 4317 1248 4372 propense
1283 4301 1538 4371 dignatus
1564 4311 1667 4356 est.

2233 3115 2295 3166 τὸ
2333 3113 2474 3168 Θεοῦ
2505 3115 2668 3172 μόνου
2698 3117 2884 3185 τυχεῖν
2920 3115 3311 3183 ἀγωνίζεσθαι,
3346 3119 3448 3170 καὶ
3484 3119 3597 3188 τὴν
3627 3121 3690 3170 ἐκ
3718 3118 3819 3170 τοὺ-

2229 3225 2340 3261 των
2398 3210 2496 3262 καὶ
2540 3209 2607 3261 δι’
2643 3210 2711 3280 ἣν
2759 3209 2934 3261 ταῦτα
2979 3209 3130 3262 θείαν
3159 3212 3254 3262 καὶ
3285 3213 3589 3282 μακαρίαν
3620 3212 3820 3279 ἀγάπην

2228 3300 2657 3374 δημιουργῆσαι,
2719 3301 2797 3371 τῷ
2847 3301 2966 3372 Θεῷ
3015 3303 3404 3356 συνάπτουσαν
3448 3321 3516 3358 τε

2230 3395 2640 3464 ἀποφαίνουσαν
2665 3394 2755 3447 τὸν
2783 3395 3030 3464 φιλόθεον
3046 3431 3064 3448 .

3569 3306 3669 3358 καὶ
3718 3304 3822 3356 θεὸν

2302 3569 2405 3638 λγν.
2452 3569 2566 3638 Τῆς
2610 3568 2898 3637 φιλαυτίας
2945 3568 3021 3630 ὡς
3066 3568 3265 3639 ἀρχῆς,
3296 3567 3493 3631 καθὼς
3531 3568 3710 3632 εἶπον,
3741 3575 3822 3624 καὶ

2234 3662 2444 3735 μητρὸς
2465 3662 2573 3715 τῶν
2603 3661 2790 3715 κακῶν
2829 3661 3200 3732 ἀποτιλείσης,
3233 3661 3424 3715 πάντα
3451 3664 3527 3716 τὰ
3575 3666 3635 3730 ἐξ
3667 3665 3822 3731 αὐτῆς

2230 3771 2290 3807 τε
2323 3755 2414 3807 καὶ
2451 3755 2568 3824 μετ’
2614 3755 2807 3824 αὑτὴν,
2857 3753 3349 3806 συναποτίλλεσθαι
3383 3755 3586 3808 εἴωθεν
3639 3759 3817 3824 ἐπειδὴ

2229 3847 2438 3918 ταύτης
2470 3846 2544 3917 μὴ
2569 3845 2760 3916 οὑσης,
2797 3845 2916 3898 οὑδὲ
2947 3844 3203 3914 οὐδαμῶς
3227 3845 3291 3898 τὸ
3321 3847 3602 3916 παράπαν
3635 3850 3822 3908 κακὰς

2231 3937 2371 4004 εἶδος
2401 3941 2434 4011 ἢ
2468 3941 2613 4010 ἴχνος
2640 3928 2968 4007 ὑφίστασθαι
2999 3938 3246 3993 δύναται.

2303 4031 2397 4086 λδ’.
2431 4034 2558 4085 Δέον
2581 4031 2748 4092 ἐστὶν,
2780 4031 2986 4084 ἑαυτῶν
3020 4033 3115 4086 καὶ
3138 4031 3390 4101 ἀλλήλων
3421 4033 3685 4086 τοσοῦτον
3712 4035 3819 4086 ἀντ-

2231 4126 2474 4197 έχεσθαι,
2526 4126 2650 4178 ὅσον
2677 4124 2839 4186 αὑτὸς
2867 4125 2932 4177 δι’
2964 4123 3129 4178 αὑτοῦ
3179 4124 3207 4176 ό
3240 4125 3484 4196 Χριστὸς
3535 4125 3815 4196 προλαεὲν

2233 4218 2579 4282 ἀπεδείξατο,
2611 4217 2752 4288 ὑπὲρ
2779 4220 2810 4287 ἡ
2821 4217 2938 4288 μῶν
2965 4217 3162 4270 παθεῖν
3195 4218 3604 4288 ἀνασχόμενος.

605 4393 694 4446 55.
755 4391 942 4452 Sancti
995 4407 1188 4447 omnes
1234 4402 1461 4462 propter
1517 4394 1841 4449 charitatcm
1897 4397 2117 4467 ejusque

2305 4400 2402 4454 λε’.
2447 4399 2548 4452 Διά
2588 4399 2686 4468 τὴν
2714 4397 2940 4468 ἀγάπην
2981 4397 3029 4451 oi
3084 4397 3232 4465 ἅγιοι
3286 4397 3493 4459 πάντες
3549 4402 3692 4469 πρὸς
3737 4400 3818 4462 τήν

535 4490 674 4537 nutu
698 4491 925 4552 peccato
950 4483 1293 4548 restiterunt,
1328 4485 1533 4538 nullam
1570 4488 1856 4556 praesentis
1883 4489 2007 4544 vitae
2036 4507 2126 4545 ra-

541 4574 745 4630 tionem
791 4575 1093 4641 habentes;
1127 4575 1453 4646 diversaque
1488 4579 1681 4634 mortis
1715 4597 1915 4650 genera
1957 4583 2096 4638 susti

539 4674 802 4731 nuerunt,
828 4676 888 4720 ut
918 4666 1021 4736 ipsi
1050 4667 1103 4720 in
1127 4684 1185 4723 se
1213 4685 1277 4723 ac
1305 4669 1476 4723 Deum
1509 4686 1538 4724 a
1565 4673 1771 4726 mundo
1796 4674 2123 4746 colligeren-

539 4767 648 4822 tur,
679 4757 1011 4828 unirentque
1054 4759 1109 4813 in
1155 4776 1214 4814 se
1257 4760 1388 4831 ipsis
1434 4772 1643 4818 naturae
1688 4768 1951 4836 segmina.
1997 4769 2124 4825 Haec

536 4847 685 4903 enim
719 4865 846 4903 vera
893 4865 956 4903 ac
1000 4849 1277 4919 inculpata
1330 4849 1572 4906 ﬁdelium
1625 4853 1810 4909 divina
1857 4857 2125 4926 sapientia

537 4942 718 5014 (cujus
759 4940 886 4996 ﬁnis
933 4941 1135 4996 bouum
1181 4951 1267 4998 est
1314 4952 1478 5013 atque
1523 4945 1731 5001 veritas
1785 4966 1798 5002 :
1848 4949 2124 5019 siquidem

537 5032 766 5097 bonum,
801 5048 1076 5103 propensa
1120 5033 1431 5105 benignitas
1453 5045 1538 5090 est
1567 5045 1625 5090 ct
1656 5037 1998 5107 humanitas;
2023 5057 2121 5096 ve-

537 5136 804 5193 rumque,
853 5141 921 5178 ex
968 5125 1094 5178 ﬁdei
1141 5123 1448 5180 rationibus
1497 5129 1799 5198 composita
1841 5131 2017 5199 pietas
2057 5149 2121 5188 ac

537 5218 762 5287 religio;
805 5234 937 5272 vera
982 5216 1196 5273 scilicet
1257 5217 1544 5273 cbaritatis
1589 5220 1848 5291 insignia)
1895 5232 1955 5278 ut
1999 5241 2120 5295 qua:

535 5309 668 5372 Deo,
704 5309 950 5378 aliosque
983 5307 1108 5361 aliis
1143 5307 1396 5362 homines
1438 5311 1753 5380 conjungal,
1787 5326 2018 5382 eamque
2048 5315 2120 5369 ob

536 5413 649 5452 rem
684 5397 839 5453 ﬁrma
869 5414 934 5453 ac
977 5395 1252 5453 constanti
1296 5397 1568 5454 bonorum
1602 5404 1943 5471 percnnitatc
1984 5421 2119 5478 gau-

533 5487 678 5544 deat.

608 5664 654 5696 ⁸³
684 5663 840 5717 Deut.
863 5661 949 5730 ιι,
981 5667 1044 5731 5;
1080 5666 1270 5722 Matth.
1297 5684 1425 5735 xvu,
1458 5668 1546 5722 57.

2236 4491 2514 4562 ἁμαρτίαν
2557 4489 3054 4560 ἀντικατέστησαν,
3084 4489 3185 4558 τῆς
3217 4489 3516 4560 παρούσης
3552 4489 3704 4558 ζωῆς
3738 4491 3815 4541 os.

2230 4583 2358 4638 δὲνα
2389 4582 2546 4650 λόγον
2576 4580 2976 4652 ποιησάμενον
3045 4580 3140 4633 καὶ
3195 4581 3323 4642 τοὺς
3379 4581 3693 4644 πολυειδεῖς
3736 4580 3814 4633 τις]

2232 4677 2471 4731 θανάτου
2500 4676 2738 4746 τρόπους
2768 4675 3108 4743 ὑπέστησαν,
3151 4674 3238 4727 ἵνα
3274 4674 3414 4746 πρὸς
3458 4675 3698 4738 ἑαυτοὺς
3724 4674 3816 4729 ἀπὸ

2229 4769 2326 4823 τοῦ
2366 4771 2572 4839 κόσμου
2602 4769 2695 4822 καὶ
2727 4768 2818 4821 τὸν
2851 4767 2985 4822 Θεὸν
3018 4767 3348 4837 συναχθῶσι,
3379 4767 3478 4819 καὶ
3505 4769 3582 4820 τά
3611 4769 3707 4838 τῆς
3737 4767 3817 4835 φέ-

2232 4877 2372 4922 σεως
2395 4860 2482 4927 ἐφ’
2510 4859 2720 4912 ἑαυτῶν
2746 4856 2989 4911 ἑνὼσωσι
3023 4859 3306 4928 ῥήγματα.
3336 4855 3490 4928 Δὺτη
3519 4859 3638 4930 γάρ
3681 4860 3812 4911 ἐστιν

2184 5000 2185 5003 η
2229 4954 2262 5023 ὴ
2297 4951 2503 5022 ἀληθὴς
2548 4951 2645 5006 καὶ
2686 4949 2991 5022 ἀμώμητος
3024 4950 3133 5004 τῶν
3183 4949 3392 5004 πιστῶν
3427 4951 3696 5019 θεοσοφία
3719 4967 3732 4978 ⁸
3757 4945 3812 5016 ἧς

2230 5043 2420 5106 τέλος,
2455 5043 2516 5095 τὸ
2561 5042 2767 5110 ἀγαθόν
2805 5043 2922 5095 ἐστι
2957 5042 3052 5096 καὶ
3088 5043 3122 5113 ἡ
3162 5041 3394 5112 ἀλήθεια
3418 5055 3433 5070 ⁸
3476 5043 3651 5114 εἴπερ
3686 5045 3809 5110 ἀγαο

2231 5133 2323 5187 θὸν
2363 5133 2423 5186 τὸ
2467 5133 2875 5204 φιλάνθρωπον,
2929 5134 3024 5188 καὶ
3081 5133 3286 5203 ἀληθὲς
3324 5133 3386 5185 τὸ
3441 5135 3594 5188 κατά
3646 5137 3812 5188 πίστιν

2230 5228 2500 5298 φιλόθεον,
2535 5228 2606 5282 τὰ
2635 5229 2732 5296 τῆς
2767 5227 2990 5296 ἀγάπης
3020 5225 3383 5296 γνωρίσματα
3407 5242 3420 5254 ο
3471 5225 3554 5290 ὡς
3581 5228 3702 5297 Θεῷ
3729 5228 3811 5280 καὶ

2228 5321 2484 5393 ἀλλήλοις
2507 5323 2633 5384 τοὺς
2665 5319 2988 5392 ἀνθρώπους
3021 5321 3394 5382 συνάπτουσα,
3430 5319 3529 5372 καὶ
3554 5320 3648 5373 διὰ
3669 5319 3815 5373 τοῦτο

2228 5413 2340 5466 τῶν
2381 5412 2602 5482 ἀγαθῶν
2633 5412 2733 5484 τὴν
2772 5411 3032 5484 διαμονὴν
3060 5410 3406 5466 ἀδιάπτωτον
3438 5412 3671 5485 ἔχουσα.
