3930 6324
140 332 275 402 1193

836 336 1172 399 CAPITUM
1207 298 1631 411 QUINQUIES
1669 334 2191 401 CENTENORUM
2228 334 2616 397 CENTURIA
2653 335 2705 395 I.

3260 331 3283 397 l
3300 331 3398 398 194

206 454 312 513 λς’.
352 447 636 521 Ἐνέργεια
687 448 783 502 καὶ¹
830 449 1102 515 ἀπόδειξις
1149 453 1246 521 τῆς
1277 450 1412 522 πρὸς
1444 450 1576 504 Θεὸν
1616 450 1704 504 :22-

1885 450 2049 522 519
2074 450 2163 506 56.
2190 450 2448 505 Perfecta:
2473 449 2527 503 in
2554 450 2727 504 Deum
2763 447 3050 506 charitatis
3076 446 3159 505 v’is
3182 462 3246 506 ac
3274 465 3402 520 pro-

65 530 69 535 ’
134 538 284 605 λείας
314 541 533 611 ἀγάπης
565 542 732 605 ἐστὶν,
761 543 795 611 ἡ
826 542 1025 613 γνησία
1079 542 1147 594 δι’
1194 542 1409 605 εὐνοίας
1458 542 1720 599 ἑκουσίου,

134 630 273 703 πρὸς
300 633 392 685 τὸν
419 632 646 703 πλησίον
674 632 940 696 διάθεσις.
972 634 1034 686 '0
1066 633 1175 704 γὰρ
1198 633 1285 703 μὴ
1314 634 1563 703 ἀγαπῶν
1603 636 1710 688 τόν

130 720 402 790 ἀδελφὸν
430 722 639 786 αὐτοῦ,
680 722 753 775 ὃν
789 722 1030 789 ἑώρακε,
1072 726 1239 794 φησιν
1272 725 1301 776 6
1340 723 1482 786 θεῖος
1524 724 1707 777 Ἰωὰν-

130 830 252 883 νης,
282 814 391 867 τὸν
420 816 569 868 Θεὸν
597 813 669 867 ὃν
692 816 804 884 οὐχ
856 813 1134 883 ἑώρακεν,
1178 817 1248 869 οὐ
1287 816 1536 869 δύναται
1566 816 1709 885 ἀγα-

130 905 273 974 πᾶν.

200 998 299 1064 λζ’.
334 1000 401 1052 ἰι
457 998 559 1069 τῆς
616 998 874 1070 ἀληθείας
919 999 1057 1063 ὁδὸς,
1111 1002 1144 1070 ή
1197 999 1387 1071 ἀγάπη
1417 1002 1585 1065 ἐστὶν,
1642 1001 1710 1072 ἢν

133 1092 325 1145 ἑαυτὸν
355 1092 628 1163 ὀνομάσας
664 1094 692 1144 6
736 1090 830 1144 τοῦ
880 1092 1015 1144 Θεοῦ
1064 1091 1259 1160 Λόγος,
1293 1093 1419 1156 τοὺς
1472 1096 1530 1146 ἐν
1569 1094 1707 1165 αὐτῇ

128 1183 436 1246 ὁδεύοντας,
484 1183 563 1254 τῷ
610 1182 730 1254 Θεῷ
782 1183 874 1236 καὶ
908 1183 1085 1255 Πατρὶ
1138 1184 1411 1256 καθαροὺς
1443 1187 1710 1239 παντοίων

128 1275 463 1345 γενομένους
491 1275 848 1347 παρίστησιν.

196 1365 301 1438 λη’.
328 1367 481 1438 Αὖτη
518 1368 665 1420 ἐστὶν
694 1369 727 1438 ή
756 1367 914 1439 θύρα.
945 1367 1013 1421 δι’
1042 1363 1110 1440 ἦς
1138 1370 1166 1420 6
1196 1369 1597 1439 εἰσερχόμενος,
1630 1371 1711 1432 είς

126 1456 195 1511 τά
220 1460 393 1527 Ἀγια
424 1459 638 1525 γίνεται
661 1460 770 1511 τῶν
804 1460 996 1526 ἁγίων,
1029 1461 1120 1513 καὶ
1148 1459 1242 1512 τοῦ
1270 1461 1566 1531 ἀπροσίτου
1584 1462 1713 1515 κάλ-

126 1552 253 1616 λους
309 1552 408 1621 τῆς
452 1552 615 1621 ἁγίας
644 1551 740 1604 καὶ
798 1551 1084 1623 βασιλικῆς
1114 1552 1344 1625 Τριάδος
1390 1551 1711 1606 καθίσταται

126 1643 276 1709 ἄξιος
315 1642 519 1715 θεατὴς
553 1643 830 1711 γενέσθαι.

183 1725 293 1789 λθ’.
327 1734 569 1806 Φοὸερὸν
600 1734 769 1797 ὅντως
794 1734 890 1787 καὶ
924 1735 1105 1805 πάσης
1131 1735 1509 1806 κατακρίσεως
1543 1736 1713 1807 ὑπερ-

125 1833 404 1892 επέκεινα,
432 1827 495 1880 :6
514 1827 613 1898 τὴν
638 1826 887 1880 δοθεῖσαν
918 1828 1050 1896 ἡμῖν
1078 1828 1230 1897 παρά
1258 1826 1393 1879 Θεοῦ
1430 1830 1571 1880 κατὰ
1604 1806 1708 1881 δω-
1743 1806 1784 1860 Β

125 1920 256 1992 ρεάν
282 1919 375 1972 τοῦ
408 1919 574 1985 ἁγίου
603 1917 923 1988 Πνεύματος
950 1918 1214 1981 ἑκουσίως
1238 1919 1511 1988 νεκρῶσαι
1543 1919 1707 1991 ζωὴν,

123 2012 213 2064 διὰ
237 2011 338 2082 τῆς
370 2009 510 2081 πρὸς
534 2009 604 2063 τὰ
634 2008 967 2080 φθειρόμενα
997 2010 1216 2079 ἀγάπης
1239 2026 1251 2039 ο
1284 2010 1377 2063 καὶ
1403 2010 1549 2062 ῐσασι
1577 2009 1710 2061 πάν-

122 2119 233 2166 τως
257 2103 451 2155 τοῦτον
475 2103 568 2155 τὸν
600 2100 786 2172 φόϐον,
819 2103 867 2154 οἱ
891 2102 993 2171 τὴν
1017 2100 1273 2167 ἀλήθειαν
1298 2100 1396 2170 τῆς
1428 2100 1710 2169 φιλαυτίας

125 2196 409 2266 προτιμᾷν
440 2193 868 2264 μελετήσαντες.

200 2293 273 2357 μ’.
302 2284 657 2357 Χρησώμεθα
693 2288 772 2350 είς
797 2286 917 2339 δέον
941 2288 1007 2357 τῇ
1040 2286 1254 2357 εἰρήνῃ,
1312 2285 1406 2339 καὶ
1443 2285 1539 2356 τὴν
1571 2284 1708 2356 πρὸς

124 2378 217 2430 τὸν
250 2377 481 2448 κόσμον,
523 2377 617 2430 καὶ
644 2377 736 2431 τὸν
780 2378 1203 2449 κοσμοκράτορα
1238 2376 1423 2440 κακῶς
1454 2379 1586 2447 ήμῖν
1620 2378 1707 2429 ὲν-

130 2469 463 2535 υπάρξασαν
491 2470 865 2542 ἀθετήσαντες
888 2470 1092 2539 φιλίαν,
1117 2470 1210 2523 τὸν
1249 2470 1338 2523 διά
1369 2469 1478 2522 τῶν
1513 2470 1707 2524 παθῶν

127 2563 265 2632 πρὸς
296 2562 388 2614 τὸν
419 2561 554 2615 Θεὸν
584 2562 998 2632 συνιστάμενον,
1032 2562 1137 2618 κᾶν
1163 2561 1261 2628 ὀψέ
1292 2579 1426 2615 ποτε
1473 2562 1700 2615 καταλύο

129 2671 313 2724 σωμεν
351 2653 593 2725 πόλεμον
612 2669 627 2681 ’
663 2655 760 2707 καὶ
789 2653 1020 2717 σπονδὰς
1053 2653 1283 2716 ἀλύτους
1320 2654 1420 2724 τῆς
1451 2652 1585 2722 πρὸς
1612 2653 1709 2705 αύ-

126 2745 221 2798 τὸν
251 2745 483 2817 εἰρήνης
530 2747 878 2815 ποιήσαντες,
905 2746 965 2798 ὲν
994 2746 1062 2816 τῇ
1091 2746 1434 2816 καταργήσει
1470 2743 1564 2797 τοῦ
1603 2743 1708 2797 σώ-

130 2852 301 2907 ματος
334 2838 435 2907 τῆς
492 2836 787 2907 ἁμαρτίας,
817 2838 919 2907 τῆς
966 2838 1104 2909 πρὸς
1133 2837 1298 2891 αὐτὸν
1329 2837 1530 2908 ἔχθρας
1562 2852 1706 2889 παυ-

128 2929 377 3000 σὼμεθα.

199 3020 313 3091 μα’.
358 3019 651 3074 Ἀδύνατόν
687 3020 835 3074 ἐστιν
881 3021 1027 3092 ἡμᾶς
1059 3022 1385 3093 φιλιωθῆναι
1434 3022 1575 3093 Θεῷ,
1616 3023 1709 3079 διὰ

124 3112 237 3166 τῶν
267 3111 461 3165 παθῶν
502 3111 638 3182 πρὸς
672 3112 836 3166 αὐτὸν
863 3112 1277 3179 στασιάζοντας,
1308 3112 1503 3184 καὶτῷ
1535 3132 1706 3185 πονηο·

131 3204 211 3275 pip
258 3203 514 3275 τυράννῳ
564 3204 659 3258 καὶ
692 3208 924 3275 φονευτῇ
968 3205 1079 3257 τῶν
1124 3205 1312 3275 ψυχῶν
1347 3206 1581 3278 διαϐόλῳ
1616 3207 1709 3261 διὰ

128 3296 325 3359 κακίας
362 3295 729 3366 δασμοφορεῑν
776 3295 1159 3367 ἀνεχομένους,
1202 3296 1278 3367 μὴ
1312 3296 1578 3369 πρότερον
1626 3297 1709 3351 δι-

122 3385 246 3440 όλου
278 3384 698 3457 πολεμωθέντας
736 3385 812 3455 τῷ
849 3386 1092 3458 πονηρῷ.
1122 3387 1302 3460 Μέχρι
1333 3389 1439 3457 γάρ
1464 3389 1583 3441 τότε
1612 3389 1706 3442 τοῦ

128 3476 264 3529 Θεοῦ
301 3477 727 3548 καθεστήκαμεν
761 3476 949 3547 ἐχθροὶ
980 3478 1091 3531 καὶ
1149 3477 1424 3547 πολέμιοι,
1470 3476 1574 3532 κᾶν
1618 3496 1708 3531 m-

132 3568 273 3621 στῶν
312 3569 694 3641 προσηγορίαν
718 3572 852 3639 ἡμῖν
886 3572 1071 3634 αὐτοῖς
1098 3570 1578 3641 περιπλάττωμεν,
1610 3570 1710 3639 μέ-

130 3676 251 3728 χρις
280 3652 341 3712 οὗ
369 3659 603 3713 πάθεσιν
637 3659 865 3731 ἀτιμίας
918 3660 1195 3713 δουλεύειν
1228 3660 1565 3730 βουλόμεθα·
1613 3659 1710 3714 καὶ

132 3750 283 3804 οὐδὲν
308 3750 505 3821 ὄφελος
533 3753 664 3821 ἡμῖν
709 3752 774 3805 ὲκ
802 3752 902 3822 τῆς
930 3751 1073 3805 κατὰ
1101 3752 1193 3805 τὸν
1240 3752 1445 3821 κόσμον
1486 3752 1709 3822 εἰρήνης

132 3839 315 3893 λοιπὸν
362 3842 785 3911 περιγενήσεται
814 3880 829 3902 ,
866 3841 966 3910 τῆς
994 3839 1175 3910 ψυχῆς
1218 3839 1404 3903 κακῶς
1434 3839 1712 3909 διακειμέ-

131 3947 248 3999 νης,
281 3933 379 3984 καὶ
415 3931 552 4002 πρὸς
583 3931 674 3983 τὸν
705 3931 837 3983 ἴδιον
875 3932 1106 4001 ποιητὴν
1156 3931 1581 4002 στασιαζούσης,
1612 3932 1709 3985 καὶ

132 4021 234 4075 ὑπὸ
262 4023 359 4092 τὴν
408 4021 574 4076 αὑτοῦ
613 4021 889 4091 βασιλείαν
920 4022 1174 4091 γενέσθαι
1204 4025 1305 4076 οὐκ
1335 4024 1670 4093 ἀνεχομένης
1689 4039 1705 4054 ο

132 4112 211 4166 ἔτι
244 4115 462 4185 μυρίοις
501 4112 859 4184 πεπραμένης
892 4112 1064 4184 ὠμοῖς
1089 4114 1376 4177 δεσπόταις
1402 4116 1482 4178 εἰς
1511 4114 1709 4169 κακίαν

132 4205 300 4275 αὐτὴν
326 4205 739 4274 κατεπείγουσι,
766 4206 861 4259 καὶ
887 4205 988 4277 τήν
1023 4209 1102 4270 εἰς
1127 4207 1407 4260 ἀπώλειαν
1435 4208 1709 4276 φέρουσαν

131 4295 268 4359 ὁδὸν,
318 4298 422 4368 τῆς
488 4296 770 4367 σωζούσης
823 4297 1027 4368 μᾶλλον
1078 4298 1373 4371 ἀπατηλῶς
1435 4299 1707 4371 αἱρεῖσθαι

134 4385 666 4456 παρασκευάζωσιν.

1736 3163 1779 3219 C

1811 545 1985 610 batio,
2013 560 2147 599 vera
2171 552 2255 598 est
2280 560 2411 613 erga
2441 543 2751 613 proximum
2776 543 3030 597 ultronea
3060 542 3398 598 benevolen-

1813 639 1888 693 tia
1927 638 2207 707 animique
2239 637 2478 691 allectio.
2514 634 2618 700 Qui
2645 635 2815 700 enim,
2840 635 3019 704 inquit
3044 634 3203 690 divus
3228 634 3409 691 Joan-

1811 742 1931 793 nos,
1984 744 2088 781 non
2121 726 2293 796 diligit
2326 725 2548 796 fratrem
2579 740 2754 789 suum,
2786 740 2938 793 quem
2988 722 3158 789 videt,
3205 723 3397 788 Deum,

1811 835 1964 890 quem
1994 836 2097 873 non
2127 818 2284 883 videt,
2314 815 2534 889 diligere
2569 832 2672 868 non
2703 822 2871 886 potest
2906 814 2969 868 “.

1884 999 1973 1052 57.
2010 999 2107 1054 Via
2135 998 2402 1063 veritatis,
2430 997 2674 1053 cbaritas
2697 1006 2801 1061 est,
2830 1012 2992 1065 quam
3026 996 3266 1065 scipsum
3306 1011 3403 1048 vo—

1811 1109 1942 1148 cans
1973 1093 2069 1147 Dci
2096 1091 2336 1146 Verbum
2384 1092 2448 1157 ⁸⁸,
2490 1090 2835 1145 ambulantes
2881 1089 2935 1142 in
2977 1104 3061 1153 ea,
3103 1088 3254 1143 omni
3280 1087 3400 1144 labe

1812 1200 2003 1253 puros,
2036 1184 2149 1238 Deo
2176 1199 2241 1237 ac
2276 1181 2422 1238 Patri
2455 1188 2833 1253 repraesentat.

1883 1372 1973 1427 38.
2006 1371 2132 1426 llaec
2160 1380 2247 1426 est
2272 1380 2451 1442 porta,
2496 1387 2597 1441 per
2635 1387 2798 1441 quam
2843 1370 2938 1442 qui
2981 1371 3311 1441 ingreditur,
3344 1370 3399 1425 in

1813 1462 2014 1517 Sancta
2039 1471 2353 1516 sanctorum
2387 1470 2662 1532 penetrat,
2687 1464 2995 1535 dignusque
3021 1462 3274 1527 edicitur,
3304 1465 3399 1534 qui

1812 1564 2015 1611 sancta:
2042 1572 2106 1611 ac
2134 1556 2331 1627 regalis
2352 1556 2640 1611 Trinitatis
2660 1557 2928 1612 inaccessi
2952 1556 3170 1612 decoris
3190 1565 3403 1627 specta-

1816 1655 1900 1700 tor
1943 1646 2190 1700 exsistat.

1882 1733 1970 1788 39.
2002 1734 2372 1789 Tremendum
2412 1750 2543 1790 sane
2575 1735 2836 1805 omnique
2866 1736 3042 1806 majus
3068 1736 3401 1791 condemna-

1815 1825 1986 1889 tione,
2016 1825 2163 1894 quod
2188 1841 2506 1882 concessam
2531 1827 2694 1882 nobis
2717 1827 2985 1883 divinitus
3009 1828 3247 1898 Spiritus
3276 1844 3402 1883 san-

1815 1916 1891 1971 cti
1923 1933 2150 1972 munere
2181 1918 2371 1982 vitam,
2406 1917 2676 1973 ﬂuxarum
2722 1934 2908 1973 rerum
2951 1934 3017 1974 ac
3045 1920 3399 1989 pereuntium

1815 2022 2027 2074 amore,
2059 2020 2255 2081 sponte
2280 2010 2633 2081 perimamus.
2665 2010 2916 2081 Eumque
2942 2012 3103 2081 plane
3126 2020 3402 2066 noverunt

1815 2111 2047 2165 metum,
2078 2102 2173 2170 qui
2203 2100 2491 2156 veritatem
2518 2101 2776 2172 φιλαυτία
2810 2101 2977 2174 (amco
3011 2103 3090 2157 illi
3132 2105 3304 2158 amori
3334 2119 3399 2161 ac

1815 2190 2043 2263 carnali)
2076 2194 2352 2249 anteferre
2381 2195 2735 2249 studuerunt.

1883 2283 1974 2336 40.
2002 2283 2110 2338 Pro
2132 2299 2201 2339 eo
2234 2300 2299 2339 ac
2335 2284 2497 2340 decet
2528 2301 2662 2354 pace
2689 2294 2932 2352 utamur,
2960 2286 3211 2356 maleque
3237 2287 3400 2341 nobis

1814 2386 1942 2426 cum
1978 2373 2206 2437 mundo,
2258 2375 2561 2444 mundique
2604 2384 2818 2430 rectore
2859 2384 3169 2430 consertam
3210 2377 3399 2432 amici-

1816 2460 1949 2514 tiam
1979 2462 2191 2517 irritam
2216 2479 2538 2533 cassamque
2564 2464 2880 2530 reddentes,
2908 2466 3128 2521 tandem
3150 2468 3400 2538 aliquan-

1814 2554 1885 2607 do
1917 2554 2214 2609 conﬂatum
2244 2556 2407 2611 nobis
2428 2556 2693 2609 vitiorum
2722 2556 2846 2611 labe
2870 2572 2935 2612 ac
2962 2556 3258 2613 affectuum
3283 2559 3400 2615 δοι-

1813 2646 1928 2701 lum
1957 2646 2220 2702 adversus
2250 2648 2423 2702 Deum
2461 2648 2845 2714 dissolvamus,
2878 2649 3135 2719 pacisque
3168 2665 3293 2705 eum
3329 2667 3398 2707 eo

1815 2736 2129 2791 insolubilia
2172 2739 2466 2809 jungentes
2514 2740 2743 2803 hedera,
2786 2741 2841 2795 in
2875 2740 3247 2797 destructione
3276 2760 3400 2799 cor-

1814 2825 1967 2894 poris
1994 2826 2205 2896 peccati
2241 2828 2303 2894 ",
2336 2827 2749 2884 inimicitiarum
2780 2844 2904 2884 cum
2948 2830 3068 2899 ipso
3125 2830 3289 2885 ﬁnem
3317 2832 3398 2887 fa-

1813 2918 2043 2974 ciamus.

1885 3012 1976 3066 41.
2011 3012 2305 3081 Nunquam
2333 3012 2426 3068 ﬁat
2454 3022 2515 3067 ut
2542 3013 2656 3068 Deo
2684 3014 2929 3069 amicitia
2960 3015 3273 3086 iungamur,
3300 3016 3397 3087 qui

1813 3124 1914 3178 per
1945 3108 2079 3163 vitia
2109 3115 2272 3177 atque
2300 3107 2532 3165 allectus
2578 3109 2657 3164 illi
2708 3109 2944 3164 rebelles
2972 3110 3145 3165 simus
3164 3151 3177 3174 ,
3226 3110 3398 3180 pessi-

1812 3215 2011 3269 moque
2058 3201 2364 3255 animorum
2413 3188 2647 3271 tyranno
2694 3217 2760 3257 ac
2805 3201 3098 3257 homicida:
3145 3201 3395 3267 diabolo,

1813 3292 1998 3359 pravis
2050 3291 2248 3347 studiis
2296 3291 2586 3363 vestigales
2637 3308 2759 3353 esse
2805 3294 3211 3358 sustineamus,
3261 3293 3397 3363 quin

1814 3380 1964 3449 prius
1995 3381 2335 3450 nequissimo
2370 3382 2579 3437 inimici
2604 3398 2859 3453 prorsus
2904 3382 3224 3438 eﬂiciamur.
3252 3383 3398 3437 Tau-

1811 3472 1907 3528 diu
1933 3473 2083 3527 enim
2113 3473 2210 3528 Dei
2240 3474 2425 3530 hostes
2449 3490 2640 3530 sumus
2667 3491 2733 3530 ac
2762 3475 2994 3542 inimici,
3023 3475 3236 3530 tametsi
3265 3474 3397 3530 tide-

1814 3564 1947 3619 lium
1990 3564 2153 3620 nobis
2190 3581 2391 3620 nomen
2434 3565 2772 3638 alﬁngimus,
2823 3567 3068 3637 quandiu
3111 3566 3398 3638 probrosis

1810 3654 2099 3711 aﬂ‘ectibus
2126 3657 2335 3713 servire
2380 3657 2437 3712 in
2480 3659 2726 3713 animum
2756 3657 3112 3714 inducimus:
3140 3673 3244 3713 nec
3282 3658 3395 3730 jam

1811 3747 1971 3801 nobis
2000 3763 2070 3803 ex
2098 3749 2287 3804 mundi
2315 3764 2449 3818 pace
2482 3750 2708 3806 accedet
2733 3749 2943 3819 aliquid
2979 3749 3281 3817 commodi,
3299 3748 3395 3820 qui

1811 3840 1953 3893 male
1982 3840 2167 3893 animo
2198 3840 2380 3894 aﬂ‘ecti
2426 3841 2621 3904 simus,
2653 3841 3058 3909 adversumque
3092 3843 3392 3911 proprium

1811 3938 2091 3984 auctorem
2142 3930 2504 3993 rebellemus,
2556 3945 2660 3984 nec
2708 3931 2829 4000 ejus
2871 3930 3113 3984 feramus
3163 3931 3395 4000 imperio

1811 4022 2008 4092 subjici
2048 4039 2063 4075 :
2107 4021 2413 4077 innumeris
2451 4021 2663 4076 scilicet
2692 4022 2992 4077 venundati
3024 4023 3182 4077 saevis
3212 4023 3393 4077 domi-

1809 4114 1917 4179 nis,
1970 4114 2025 4168 in
2075 4113 2271 4168 vitium
2319 4130 2385 4169 ae
2425 4113 2687 4168 malitiam
2728 4113 3195 4183 propellentibus,
3227 4122 3283 4169 et
3322 4115 3392 4170 ad

1810 4206 1954 4260 viam
1980 4222 2102 4276 quae
2145 4205 2299 4260 ducit
2330 4206 2397 4260 ad
2436 4205 2823 4276 perditionem,
2851 4221 2965 4275 prae
2993 4220 3057 4259 ea
3098 4221 3207 4274 qua
3247 4205 3396 4263 salus

1811 4300 2053 4366 paratur,
2078 4313 2266 4352 errore
2290 4297 2621 4368 eligendam,
2649 4295 2810 4352 nobis
2835 4295 3172 4355 auctoribus.

205 4474 313 4547 μ6’.
347 4478 444 4541 Ei;
472 4478 631 4532 τοῦτο
668 4480 817 4549 ήμᾶς
858 4482 1159 4550 πεποίηκεν
1187 4480 1215 4531 ό
1238 4482 1389 4549 Θεὸς,
1426 4483 1513 4538 ἵνα
1536 4486 1708 4554 γενώ-

1880 4476 1969 4531 42.
2020 4475 2080 4530 In
2129 4474 2238 4529 hoc
2279 4488 2383 4528 nos
2420 4473 2568 4528 Deus
2596 4472 2863 4538 condidit,
2896 4481 2957 4527 ut
2982 4471 3283 4528 eﬂiciamur
3312 4471 3394 4526 di-

138 4566 278 4636 μεθα
310 4569 465 4632 θείας
501 4569 751 4623 κοινωνοὶ
783 4570 1021 4637 φύσεως,
1054 4573 1148 4624 καὶ
1196 4574 1293 4643 τῆς
1344 4575 1512 4629 αὑτοῦ
1542 4578 1709 4633 ἀῖδιό-

1811 4567 1953 4622 vinte
1982 4573 2266 4622 consortes
2306 4571 2517 4617 naturae
2546 4563 2610 4627 ‘7,
2646 4563 2875 4633 ejusque
2907 4561 3231 4616 aeternitatis
3272 4575 3396 4629 par-

132 4672 292 4727 τητος
334 4658 578 4728 μέτοχοι,
623 4658 718 4712 καὶ⁸
749 4659 1007 4730 φανῶμεν
1040 4661 1189 4731 αὐτῷ
1226 4664 1403 4732 ὅμοιοι
1432 4668 1574 4722 κατὰ
1608 4670 1706 4739 τὴν

1822 4661 2028 4730 ticipes,
2080 4666 2245 4727 atque
2285 4657 2362 4710 illi
2406 4656 2614 4711 similes
2650 4653 2693 4686 ⁸⁸
2726 4668 3085 4723 appareamus
3116 4668 3217 4722 per
3240 4651 3395 4707 deiti-

136 4747 200 4800 ὲκ
228 4750 453 4821 χάριτος
484 4749 703 4816 θέωσιν,
736 4751 804 4805 δι’
831 4753 899 4824 ἢν
930 4752 1083 4806 πᾶσά
1115 4769 1174 4805 τε
1202 4753 1312 4808 τῶν
1347 4755 1517 4810 ὄντων
1550 4760 1582 4830 ή
1611 4761 1708 4813 σύ-

1822 4752 2108 4816 eationcm,
2141 4766 2263 4822 quae
2302 4766 2369 4804 ex
2411 4749 2585 4819 gratia
2611 4755 2697 4802 est
2728 4747 2843 4813 :pob
2871 4760 3034 4815 quam
3061 4760 3247 4799 rerum
3277 4762 3395 4799 om-

138 4841 324 4908 στασίς
355 4843 471 4895 ἐστι
502 4842 601 4895 καὶ
625 4843 878 4914 διαμονή,
925 4844 1019 4899 καὶ
1046 4846 1079 4915 ή
1121 4844 1227 4899 τῶν
1256 4846 1331 4917 μὴ
1358 4846 1526 4904 ὄντων
1564 4868 1709 4923 παρ-

82 4976 85 4979 ,
140 4932 331 5003 ἀγωγὴ
370 4932 464 4986 καὶ
499 4933 731 5003 γένεσις.

208 5113 282 5167 μγ
304 5141 318 5154 .
348 5097 413 5151 Ei
464 5098 556 5153 τοῦ
604 5099 739 5154 Θεοῦ
768 5100 1126 5172 ὀνομάζεσθαί
1155 5117 1214 5154 τε
1244 5100 1339 5155 καὶ
1383 5096 1523 5156 εἶναι
1558 5102 1700 5173 ὲφιέ-

140 5186 301 5255 μεθα,
334 5191 735 5262 ἀγωνισώμεθα
793 5192 869 5263 μὴ
916 5192 1203 5265 προδοῦναι
1230 5196 1343 5258 τοῖς
1385 5195 1585 5249 πάθεσι
1614 5197 1705 5249 τὸν

138 5277 329 5346 Λόγον,
384 5281 526 5335 κατὰ
560 5281 651 5334 τὸν
679 5281 916 5336 Ἰούδανο
952 5283 984 5353 ἢ
1026 5284 1100 5355 μὴ
1158 5284 1521 5356 ἀρνήσασθαι,
1566 5290 1707 5343 κατὰ

140 5368 227 5423 τὸν
254 5372 477 5445 Πέτρον.
514 5377 779 5446 Ἀρνησις
813 5374 921 5446 γάρ
969 5377 1085 5431 ἐστι
1137 5376 1231 5429 τοῦ
1280 5378 1477 5448 Λόγου,
1525 5382 1557 5451 ή
1610 5382 1704 5438 τοῦ

138 5462 399 5531 πράττειν
443 5467 505 5521 τὸ
544 5468 747 5535 ἀγαθὸν
784 5468 873 5522 διὰ
907 5469 1071 5537 φόϐον
1106 5471 1469 5541 παραίτησις’
1512 5475 1707 5545 προδο⁸

142 5551 230 5604 σία
278 5555 355 5623 δὲ,
391 5560 424 5629 ἡ
459 5559 585 5612 κατ’
630 5559 912 5629 ἐνέργειαν
942 5561 1280 5631 ὲμπρόθετος
1312 5563 1578 5636 ἁμαρτία,
1612 5570 1706 5623 καὶ

139 5644 174 5712 ή
202 5645 333 5716 πρὸς
359 5650 457 5721 τὴν
480 5652 761 5722 ἁμαρτίαν
789 5653 958 5722 ὁρμή.

1816 4844 1965 4899 nium
1998 4842 2162 4913 520
2205 4839 2527 4897 constitutio
2575 4846 2632 4895 et
2674 4839 3024 4908 perennitas,
3056 4853 3390 4907 eorumque,

1815 4952 1936 5005 qua:
1972 4935 2209 4990 necdum
2249 4934 2307 4988 in
2350 4948 2537 4988 rerum
2565 4947 2737 4987 censu
2779 4932 3072 4996 exsistunt,
3102 4931 3393 5000 productio

1809 5035 1863 5080 et
1886 5036 2060 5080 ortus.

1880 5119 1971 5173 ‘43.
2009 5118 2066 5173 Si
2109 5118 2206 5173 Dei
2253 5132 2311 5172 re
2355 5124 2537 5187 atque
2562 5115 2786 5170 nomine
2828 5129 2946 5169 esse
2987 5112 3385 5175 desideramus,

1812 5208 1916 5263 hoc
1938 5210 2234 5275 enitamur,
2274 5224 2378 5264 nec
2408 5208 2463 5261 in
2492 5206 2647 5262 Judze
2674 5222 2882 5261 morem
2908 5204 3150 5260 Verbum
3179 5219 3274 5258 seu
3303 5220 3389 5258 ra-

1813 5302 2015 5357 tionem
2051 5302 2340 5356 affectibus
2378 5300 2707 5371 prodamus;
2740 5313 2877 5353 neve
2907 5298 3078 5353 instar
3100 5296 3253 5352 Petri
3291 5295 3387 5350 ab-

1811 5409 2094 5463 negemus.
2121 5393 2289 5449 Verbi
2311 5394 2457 5447 enim
2493 5393 2831 5462 rationisque
2863 5390 3080 5461 negatio
3103 5397 3206 5454 est,
3238 5390 3386 5459 quod
3486 5439 3493 5446 .

1811 5486 1937 5557 quis
1963 5494 2144 5543 metus
2160 5500 2324 5541 causa
2356 5492 2573 5540 recuset
2596 5493 2856 5555 praestare
2878 5483 3120 5548 bonum;
3145 5483 3389 5553 proditio

1809 5590 1963 5642 vero,
1995 5589 2119 5629 cum
2147 5590 2212 5629 ex
2245 5573 2529 5644 proposito
2555 5583 2839 5645 peccatum
2868 5574 2925 5629 in
2950 5582 3076 5628 actu
3109 5581 3391 5642 perpetra-

1811 5681 1953 5732 mus,
1986 5665 2151 5735 inque
2182 5666 2317 5721 illud
2347 5668 2531 5724 animo
2558 5669 2872 5729 incitamur.

212 5755 257 5788 “
284 5757 307 5813 Ι
332 5760 489 5817 Joan.
521 5779 592 5828 ιν,
618 5764 708 5819 20.
787 5766 830 5796 ¹⁸
862 5764 1020 5820 Joan.
1050 5782 1157 5832 xxv,
1188 5768 1239 5823 6.
1320 5770 1362 5803 ¹⁸
1389 5771 1546 5829 Rom.
1594 5792 1667 5844 v1,
1698 5781 1708 5831 t

1828 5782 1867 5813 "
1897 5781 1941 5836 ll
1970 5783 2116 5839 Petr.
2148 5802 2184 5852 ι,
2213 5787 2264 5842 4.
2347 5785 2387 5819 ¹⁸
2415 5785 2435 5840 1
2468 5784 2622 5845 Joan.
2654 5806 2729 5857 ut,
2759 5792 2814 5846 2.

452 5861 720 5921 Pri-nor.
766 5862 883 5924 Gn.
943 5863 1071 5924 XC.

2932 5886 3013 5948 38
