3930 6324
471 259 604 324 1199

1633 248 1692 307 S.
1733 243 2020 306 MAXiMl
2061 237 2571 299 CONFESSORIS

3633 230 3766 299 1233

465 372 642 426 altero
689 368 1055 440 dispcsccret;
1111 361 1322 431 solique
1373 356 1640 429 voluptati
1701 359 2055 428 conjunctum

2181 352 2517 423 ιυνημμένην
2573 351 2670 422 τὴν
2721 348 3008 420 φιλαυτίαν
3059 346 3202 420 ἔχειν
3231 348 3531 413 παντελῶς
3572 348 3773 419 ὀδύνης

469 475 700 532 pravum
737 460 894 513 illum
934 466 1251 522 caecumque
1297 449 1546 520 corporis
1593 461 1858 510 amorem,
1905 445 2058 498 nullo

468 567 697 625 prorsus
743 548 952 607 doloris
1002 545 1271 617 periculo,
1321 543 1583 608 haberet;
1620 541 1876 612 ignorans
1911 537 2060 592 scili-

467 656 557 703 cet
607 644 831 718 (aﬂ‘ectu
897 650 1032 712 puto
1094 654 1318 696 sensum
1377 633 1676 704 adimente)
1723 633 2058 702 voluptatem

470 741 644 811 ipsam
681 753 780 807 per
827 751 886 790 se
915 747 1163 788 seorsum
1201 747 1231 785 a
1283 729 1473 784 dolore
1503 741 1786 796 nunquam
1834 721 2062 777 omnino

469 809 632 898 posse
679 824 966 880 exsistere.
1001 822 1101 875 Est
1133 818 1282 874 enim
1312 816 1640 873 commistus
1664 809 1935 882 voluptati
1965 810 2062 865 do-

469 920 605 975 loris
648 918 826 980 labor,
861 912 1082 970 tametsi
1124 911 1297 966 latere
1336 924 1433 964 eos
1473 906 1747 971 videatur,
1798 904 1893 974 qui
1942 903 2062 973 ejus

472 1017 755 1080 compotes
788 1013 937 1071 sunt,
968 1004 1039 1060 ob
1087 1008 1516 1072 exsuperantem
1564 997 1776 1053 scilicet
1813 995 2065 1064 volupta-

473 1103 545 1158 tis
573 1101 852 1155 aﬂ'ectum.
897 1096 1129 1166 Semper
1176 1093 1327 1150 enim
1371 1091 1519 1161 quod
1563 1088 1840 1159 praecipue
1888 1084 2065 1140 domi-

475 1204 638 1251 natur
673 1207 737 1248 ac
773 1192 940 1262 viget,
974 1196 1164 1243 natum
1198 1193 1283 1240 est
1325 1184 1566 1247 elucere,
1596 1182 1715 1251 ejus
1755 1176 2066 1248 obtegendo

473 1300 697 1340 sensum
732 1281 878 1353 quod
909 1279 988 1334 illi
1023 1279 1380 1349 conjunctum
1412 1281 1517 1329 est.
1553 1270 1714 1327 Pravi
1756 1271 1922 1341 igitur
1956 1283 2064 1323 ca:-

474 1379 636 1447 cique
668 1375 816 1430 illius
853 1361 1060 1428 amoris
1089 1369 1274 1426 studio
1299 1367 1635 1436 voluptatem
1670 1357 2062 1447 consectando,

477 1466 797 1520 innumeros
827 1461 1090 1516 exitiosos
1119 1457 1350 1513 affectus
1375 1435 1618 1521 vitiaque
1658 1435 2065 1504 adinveuimu's.

546 1557 632 1612 54.
672 1553 858 1610 Nescit
889 1552 1010 1623 ipso
1039 1551 1120 1606 rei
1158 1547 1408 1621 periculo
1437 1541 1735 1615 voluptatis
1762 1555 1829 1596 ac
1860 1537 2069 1594 doloris

477 1665 722 1715 sensum,
757 1647 852 1718 qui
903 1646 1017 1700 Deo
1062 1657 1194 1698 vere
1241 1638 1588 1704 charissimo,
1624 1633 1956 1702 amabilique
2005 1623 2069 1682 ac

2157 446 2478 514 ἀπείρατον,
2534 445 2812 515 ἀγνοήσας
2849 443 2957 495 ὑπὸ
2999 441 3096 495 τοῦ
3148 441 3378 504 πάθους,
3425 441 3514 504 ὡς
3563 440 3770 507 ἔοικεν,

2159 535 2234 599 ὡς
2264 535 2366 589 οὐκ
2404 532 2682 604 ἐνδέχεταί
2710 549 2844 585 ποτε
2876 532 3046 603 χωρὶς
3077 531 3270 602 ὀδύνης
3301 527 3454 584 εἶναι
3493 531 3604 601 τὴν
3655 533 3774 600 ἡδο-

2161 628 2280 699 νήν.
2321 626 2690 698 Ἐγκέκραται
2729 625 2839 697 γὰρ
2891 627 2960 696 τῇ
3001 625 3165 696 ἡδονῇ
3199 624 3300 694 τῆς
3349 624 3567 695 ὀδύνης
3601 626 3634 676 ὁ
3676 626 3772 676 πεί-

2161 736 2272 785 νος,
2301 719 2406 773 κᾶν
2439 718 2726 772 λανθάνειν
2759 718 2889 790 δοκῇ
2921 719 3048 781 τοὺς
3072 717 3319 787 ἔχοντας,
3357 717 3456 771 διὰ
3494 717 3605 789 τὴν
3631 719 3774 770 κατὰ

2161 812 2220 864 τὸ
2273 810 2446 876 πάθος
2483 810 2586 880 τῆς
2627 809 2827 880 ἡδονῆς
2866 808 3232 880 ἐπικράτειαν
3259 825 3270 836 ·
3317 807 3528 878 ἐπειδὴ
3557 807 3622 861 τὸ
3651 809 3771 860 ἑπι-

2163 903 2424 976 κρατοῦν,
2481 903 2572 958 ἀεὶ
2612 902 2993 972 διαφαίνεσθαι
3052 902 3288 970 πέφυκε,
3327 889 3633 954 καλύπτον
3681 899 3770 952 τεῦ

2165 995 2578 1067 παρακειμένου
2640 993 2740 1064 τὴν
2791 993 3068 1066 αἴσθησιν.
3116 993 3344 1064 Ἡδονῆς
3400 989 3506 1048 οὖν
3537 993 3635 1047 διὰ
3678 994 3774 1065 τῖεν

2166 1088 2457 1157 φιλαυτίαν
2487 1087 2952 1159 ἀντιποιούμενοι,
2985 1087 3081 1141 καὶ
3115 1087 3310 1158 ὀδύνην
3331 1087 3422 1140 διὰ
3459 1088 3570 1158 τὴν
3605 1086 3774 1156 usti?

2167 1179 2350 1234 αἰτίαν
2379 1179 2543 1232 πάλιν
2578 1179 2802 1248 φεύγειν
2843 1179 3260 1243 σπουδάζοντες,
3293 1179 3397 1240 τὰς
3439 1178 3775 1249 ἀμυθήτοις

2167 1271 2278 1325 τῶν
2313 1271 2656 1340 φθοροποιῶν
2691 1271 2884 1325 παθῶν
2911 1271 3236 1343 ἐπινοοῦμεν
3266 1271 3553 1342 γενέσεις.

2239 1528 2334 1582 νδ¹.
2371 1529 2586 1598 Ἀγνοεῖ
2636 1546 2722 1593 τις
2773 1528 2872 1601 τὴν
2913 1532 3040 1586 καθ’
3070 1533 3265 1604 ἡδονὴν
3303 1536 3405 1587 καὶ
3440 1536 3652 1608 ὀδύνην
3684 1539 3778 1606 τῆς

2171 1619 2483 1689 αἰσθήσεως
2511 1623 2731 1692 πεῖραν,
2773 1622 2904 1676 ὅταν
2930 1622 3011 1696 τῷ
3037 1624 3158 1696 Θεῷ
3183 1625 3262 1696 τῷ
3287 1626 3467 1690 ὅντως
3499 1628 3780 1699 ἀγαπητῷ

477 1709 812 1811 desiderato,
841 1735 1118 1808 corporali
1147 1733 1297 1789 omni
1331 1731 1532 1787 affectu
1573 1743 1638 1782 ac
1667 1723 1901 1780 libidine
1933 1719 2069 1776 libe-

2181 1713 2268 1811 καὶ
2295 1713 2632 1811 ἐραστῷ-καὶ
2657 1714 2836 1787 ἐφετῷ
2865 1718 3168 1792 προσδήσῃ.
3202 1719 3414 1788 μᾶλλον
3441 1719 3502 1772 δὲ
3537 1722 3781 1793 mnta-3

482 1849 626 1900 rum,
663 1829 999 1903 dejunxerit.
1047 1842 1146 1883 seu
1190 1825 1363 1895 magis
1413 1815 1896 1892 conglutinaverit,
1944 1812 2068 1868 ani-

483 1941 656 1981 mum.

553 2015 643 2069 55.
664 2009 1136 2080 Quemadmodum
1169 2005 1285 2062 ﬁeri
1315 2020 1423 2060 non
1453 2010 1652 2073 potest,
1679 2011 1741 2056 ut
1764 2000 1890 2071 quis
1909 1995 2071 2053 aliter

485 2119 682 2176 purum
713 2103 825 2158 Deo
851 2102 1062 2157 cultum
1093 2098 1379 2160 adhibeat,
1407 2095 1540 2165 quin
1579 2093 1802 2162 penitus
1825 2089 2070 2145 animum

484 2195 747 2252 emundet
777 2212 790 2247 :
817 2193 898 2248 sic
928 2207 1030 2247 nec
1057 2198 1325 2246 creaturae
1361 2188 1570 2244 servire
1601 2191 1802 2255 potest,
1843 2184 1977 2253 quin
2010 2195 2070 2237 se

486 2287 702 2356 corpori
759 2283 1095 2357 diligentiori
1139 2297 1272 2338 cura
1319 2279 1601 2351 impendat
1648 2295 1662 2331 :
1714 2290 1826 2346 quo
1872 2289 2072 2344 nempe

485 2380 673 2442 homo,
706 2377 1000 2433 exitiosum
1023 2387 1254 2444 corpore
1283 2372 1491 2427 cultum
1528 2382 1816 2439 peragens,
1840 2367 2070 2437 ejusque

489 2471 699 2525 ratione
739 2468 824 2523 sui
864 2467 978 2537 ipse
1011 2480 1076 2519 ac
1121 2461 1419 2518 carnaliter
1459 2472 1686 2523 amans,
1733 2456 2070 2524 voluptatem

480 2564 684 2635 jugiter
737 2561 1010 2631 vigentem
1060 2565 1225 2626 atque
1261 2554 1510 2609 dolorem
1561 2549 1835 2614 habebat,
1879 2547 2071 2602 inobo-

487 2653 710 2708 dientize
755 2664 971 2720 semper
1003 2647 1152 2718 ligno
1195 2658 1451 2709 vesceris;
1495 2641 1641 2711 quod
1682 2639 1896 2696 scilicet
1941 2636 2073 2692 boni

486 2760 552 2798 ac
603 2745 731 2799 mali
787 2741 1130 2798 commistam
1185 2752 1402 2806 semper
1451 2749 1650 2790 sensus
1695 2731 2074 2802 experimento

487 2835 772 2891 scientiam
819 2835 1069 2888 haberet.
1122 2815 1235 2886 Nec
1283 2829 1423 2883 forte
1454 2842 1486 2880 a
1528 2840 1662 2880 vero
1694 2822 2072 2886 aberraverit,

487 2927 582 2997 qui
614 2926 780 2990 dicat,
813 2925 1020 2996 lignum
1063 2920 1312 2976 scientiae
1349 2918 1480 2974 boni
1509 2924 1565 2971 et
1590 2915 1721 2970 mali
1764 2921 2076 2970 creaturam

2170 1803 2265 1858 τὸν
2291 1804 2439 1869 νοῦν,
2471 1805 2571 1877 τῆς
2620 1807 2946 1879 σωματικῆς
2975 1810 3271 1880 γενόμενον
3305 1811 3623 1884 ἐλεύθερον
3661 1817 3781 1883 σχέ-

2174 1911 2336 1959 σεως.

2244 1994 2337 2044 νε’.
2366 1989 2576 2062 Ὥσπερ
2625 1991 2685 2043 οὐ
2721 1990 2945 2046 δύναταί
2999 2010 3083 2057 τις
3115 1994 3292 2058 ἄλλως
3341 1994 3657 2068 λατρεύειν
3710 2001 3780 2067 τῷ

2175 2079 2294 2150 Θεῷ
2330 2080 2611 2152 καθαρῶς,
2646 2083 2720 2154 μὴ
2747 2083 2845 2154 τὴν
2873 2083 3050 2155 ψυχὴν
3080 2084 3248 2156 ἄρδην
3272 2086 3674 2159 ἐκκαθαίρων
3698 2092 3781 2143 οὖα

2175 2187 2283 2235 τως
2323 2171 2447 2225 οὔτε
2476 2175 2542 2243 τῇ
2571 2174 2749 2227 κτίσει
2778 2175 3086 2246 λατρεύειν,
3127 2177 3201 2248 μὴ
3231 2176 3295 2230 τὸ
3321 2179 3496 2249 σῶμα
3531 2198 3779 2253 περιποι-

2175 2265 2404 2335 ούμενος
2434 2266 2551 2338 (m)'
2593 2266 2716 2321 καθ’
2747 2269 2776 2321 ὃ
2814 2267 2976 2339 σῶμα
3003 2270 3102 2342 τὴν
3133 2270 3475 2341 φθοροποιὸν
3514 2276 3779 2329 ἐπιτελῶν

2176 2357 2431 2428 λατρείαν
2459 2363 2488 2414 ὁ
2515 2359 2823 2432 ἄνθρωπος,
2859 2363 2953 2416 καὶ
2983 2365 3107 2417 κατ’
3135 2364 3268 2418 αὐτὸ
3303 2366 3630 2438 γενόμενος
3671 2371 3781 2438 9'5.-

2177 2467 2360 2519 αυτος,
2392 2451 2590 2522 ἡδονὴν
2620 2451 2766 2524 εἶχεν
2791 2455 3088 2520 ἀπαύστως
3134 2458 3226 2510 καὶ
3272 2459 3484 2530 ὀδύνην
3527 2464 3782 2533 ὲνεργοι-

2181 2545 2372 2634 μένῆν,
2403 2546 2600 2601 ἐσθίων
2632 2549 2721 2602 ἀεὶ
2749 2550 2816 2602 τὸ
2845 2549 3002 2615 ξύλον
3029 2552 3130 2622 τῆς
3160 2556 3491 2626 παρακοῆς,
3524 2557 3598 2610 τὸ
3626 2558 3782 2611 καλοῦ

2177 2656 2237 2691 τε
2273 2639 2367 2692 καὶ
2398 2640 2593 2706 κακοῦ,
2623 2642 2765 2694 κατὰ
2821 2643 3017 2698 ταύτὸν
3068 2646 3434 2717 μεμιγμένην
3491 2650 3650 2702 κατᾶ
3695 2651 3783 2720 τὴν

2179 2730 2436 2801 αἴσθησιν
2465 2732 2554 2786 διὰ
2586 2734 2684 2803 τῆς
2716 2735 2911 2806 πείρας
2939 2736 3060 2806 ἔχον
3091 2737 3188 2808 τὴν
3217 2738 3454 2804 γνῶσιν.
3497 2743 3622 2795 Καὶ
3649 2743 3784 2812 τάχα

2180 2825 2336 2891 ξύλον
2368 2822 2509 2880 εἶναι
2541 2827 2785 2895 γνωστὸν
2815 2828 2983 2882 καλοῦ
3019 2829 3115 2882 καὶ
3140 2828 3416 2901 πονηροῦ,
3462 2833 3573 2904 τὴν
3608 2853 3786 2904 φαινο-

2186 2917 2354 2990 μένην
2403 2921 2584 2973 κτίσιν
2637 2920 2807 2974 είπών
2859 2938 2966 2985 τις,
3026 2923 3127 2993 οὐχ
3163 2922 3498 2994 ἁμαρτήσει
3530 2927 3638 2996 τῆς
3665 2927 3786 2994 ἀλη-

487 3032 610 3073 esse
647 3016 824 3072 oculis
854 3014 1157 3084 subjectatn
1181 3029 1196 3079 ;
1225 3009 1372 3081 quod
1398 3020 1598 3077 nempe
1623 3005 1716 3062 illa
1744 3003 1796 3058 vi
1822 3004 2070 3072 volupta-

2181 3010 2332 3113 θείας
2361 3029 2374 3042 ·
2408 3011 2604 3084 ἡδονῆς
2628 3013 2738 3085 γὰρ
2773 3013 2868 3066 καὶ
2898 3013 3092 3084 ὀδύνης
3123 3015 3425 3087 ποιητικὴν
3471 3017 3604 3087 ἔχει
3637 3035 3786 3087 φυσι-

489 3110 561 3164 tis
589 3114 754 3177 atque
789 3105 998 3162 doloris
1031 3103 1335 3167 eﬂ'ectrice,
1366 3099 1526 3172 523
1556 3113 1625 3154 eo
1652 3096 1800 3168 quod
1836 3094 2074 3165 percipi-

492 3211 612 3266 tur,
643 3209 838 3254 natura
870 3197 1097 3268 praedita
1131 3195 1223 3250 sit.

560 3291 648 3346 56.
683 3289 787 3345 Ubi
837 3304 945 3343 non
993 3287 1209 3342 obtinet
1241 3301 1306 3340 ac
1326 3284 1648 3340 dominatur
1679 3281 1842 3346 ratio,
1878 3291 2075 3335 sensus

490 3385 646 3454 vigor
693 3393 750 3438 et
799 3379 1095 3451 imperium
1150 3378 1242 3433 cui
1289 3375 1577 3432 commista
1620 3384 1785 3443 atque
1819 3379 2074 3426 conserta

493 3474 699 3545 peccati
733 3473 838 3538 vis,
871 3480 1074 3543 praesto
1099 3485 1221 3526 esse
1252 3469 1424 3534 solet;
1458 3464 1757 3536 voluptatis
1792 3461 2072 3523 illecebra,

490 3569 557 3622 ad
589 3567 770 3622 carnis
802 3581 910 3620 una
939 3561 1293 3620 subsistentis
1318 3575 1493 3633 eoque
1523 3557 1730 3620 allinis,
1764 3554 2078 3610 miseratio-

492 3673 616 3712 nem
647 3656 892 3727 proclive
917 3655 1162 3709 animum
1200 3653 1428 3707 trahens
1464 3669 1477 3704 :
1510 3664 1612 3721 pro
1648 3649 1807 3720 cujus
1839 3645 2072 3712 ratione,

493 3758 751 3817 tanquam
785 3760 927 3815 opus
949 3744 999 3799 ei
1029 3743 1299 3807 naturale,
1326 3740 1582 3795 vitiosam
1617 3753 1681 3794 ac
1705 3735 2072 3807 voluptariam

492 3854 588 3893 seu
621 3835 976 3892 libidinosam
1003 3834 1188 3889 carnis
1215 3839 1407 3888 curam‘
1433 3845 1739 3897 assumens,
1774 3844 1804 3883 a
1828 3828 1939 3882 vita
1972 3841 2072 3880 na-

494 3930 652 3986 turali
703 3928 977 3993 abducit,
1025 3936 1330 3996 auctorque
1374 3923 1454 3978 illi
1509 3931 1626 3988 est,
1687 3931 1749 3976 ut
1795 3919 1901 3975 sibi
1956 3919 2075 3988 ipse

491 4021 777 4092 pravitatis
810 4035 874 4074 ac
900 4018 1146 4084 malitias,
1173 4033 1296 4088 quae
1325 4031 1429 4072 nec
1479 4031 1608 4070 vere
1637 4023 1742 4080 est,
1774 4011 2074 4067 fabricator

491 4114 738 4168 exsistat.
1477 4115 1482 4119 ‘
1810 4125 1812 4128 ν

562 4207 650 4262 57.
681 4206 864 4261 Animi
893 4202 1251 4275 intelligentis
1272 4201 1468 4256 vitium
1495 4215 1557 4254 ac
1577 4197 1819 4269 pravitas
1842 4205 1944 4260 est,
1971 4211 2072 4249 na-

493 4298 751 4352 turalium
781 4297 1055 4352 bonorum
1085 4293 1314 4359 oblivio,
1341 4307 1408 4346 ex
1437 4290 1733 4346 libidinosa
1765 4288 1820 4342 in
1850 4301 2072 4341 carnem

492 4388 872 4458 mundumque
897 4385 1188 4440 affectione
1221 4381 1586 4455 proveniens;
1611 4393 1777 4450 quam
1793 4377 1939 4433 delet
1965 4377 2075 4445 spi-

492 4481 638 4536 ritali
679 4480 912 4537 scientia
933 4479 1210 4547 imperans
1243 4489 1346 4544 pro
1379 4471 1538 4527 ducis
1563 4484 1789 4525 munere
1823 4468 1985 4531 ratio,
2008 4482 2073 4520 ac

494 4573 684 4629 mundi
722 4571 1018 4639 carnisque
1056 4576 1242 4622 ortum
1277 4575 1640 4633 naturamque
1678 4569 1952 4625 scrutans,
1986 4568 2071 4613 at-

495 4683 602 4738 que
646 4665 714 4720 ad
742 4664 980 4730 aliinem,
1021 4677 1212 4717 earum
1237 4675 1422 4714 rerum
1448 4675 1570 4729 quae
1598 4655 1715 4713 sola
1735 4663 1918 4710 mente
1951 4667 2076 4723 per-

495 4760 798 4830 cipiuntur,
861 4756 1142 4826 regionem
1195 4752 1507 4824 provehens
1544 4765 1609 4806 ac
1662 4750 1922 4812 minans,
1976 4744 2072 4800 ubi

495 4850 646 4906 nulla
679 4849 925 4904 excurrit
963 4856 1061 4904 aut
1103 4846 1304 4902 transit
1344 4843 1557 4916 peccati
1603 4843 1722 4909 lex;
1767 4856 1930 4911 quam
1958 4841 2073 4911 jam

496 4959 692 5001 sensus
721 4942 962 5007 deﬁciat,
989 4940 1176 5012 pontis
1204 4939 1382 4995 instar
1407 4937 1475 4993 ad
1503 4943 1742 4991 mentem
1768 4949 1889 4990 eam
1919 4931 2074 5002 traji-

495 5040 676 5106 ciens;
708 5039 828 5110 ejus
855 5037 1066 5093 scilicet
1090 5052 1216 5121 cum
1245 5034 1429 5090 animo
1459 5033 1570 5104 jam
1595 5030 1862 5087 dissoluta
1885 5044 2076 5085 neces-

495 5131 738 5186 situdine
761 5171 775 5196 ,
814 5131 1044 5200 ipsoque
1083 5129 1383 5183 sensilibus
1413 5125 1741 5196 spectaculis
1778 5124 2028 5193 projecto
2057 5138 2070 5175 :

497 5239 732 5293 quorum
776 5238 932 5276 mens
974 5218 1293 5274 habitudine
1324 5227 1489 5288 atque
1533 5225 1726 5272 natura
1774 5215 2071 5286 superatis,

497 5329 567 5370 ne
597 5330 826 5386 prorsus
847 5313 1069 5384 quidem
1107 5309 1298 5367 sentit.

567 5496 662 5568 (ιιι)
700 5494 795 5562 Μὴ
825 5493 1087 5568 nisi?)an
1119 5491 1631 5568 περιποιούμενος.
1657 5489 1869 5557 Ubique
1897 5489 1951 5542 in
1988 5489 2072 5542 ui-

495 5560 668 5624 mium
696 5560 940 5634 corporis
973 5560 1517 5634 amorem,_illiusque
1544 5573 1730 5634 curam
1764 5574 1875 5634 non
1896 5575 1963 5634 cit
1988 5575 2073 5612 ra-

498 5641 648 5692 tione
680 5627 824 5704 (quae
852 5635 941 5688 illa
965 5633 1158 5704 vitiosa
1186 5627 1455 5704 φιλαυτία-
1477 5627 1580 5697 est)
1608 5627 1774 5682 refert
1809 5628 2074 5704 Maximus

505 5707 634 5761 vitia
671 5699 910 5770 reliqua;
942 5714 998 5759 et
1029 5703 1137 5767 hic,
1181 5701 1326 5770 quod
1364 5699 1490 5770 quis
1523 5705 1791 5754 creaturae
1841 5699 2064 5755 serviat.

2179 3102 2292 3168 κῶς
2315 3106 2415 3174 τὴν
2447 3105 2768 3177 μετάληψιν.

2248 3295 2354 3352 νς¹.
2396 3287 2565 3341 Ἔνθα
2595 3289 2751 3357 λόγος
2777 3291 2838 3343 οῦ
2867 3293 3091 3362 κρατεῖ,
3153 3290 3214 3343 τὸ
3243 3292 3368 3343 κατ’
3387 3291 3670 3364 αἴσθησιν
3697 3295 3784 3345 πέε-

2177 3395 2348 3446 φυκεν
2392 3379 2732 3448 ἐπιγίνεσθαι
2779 3379 2982 3450 κράτος
3007 3423 3021 3443 ,
3083 3382 3141 3434 ἐν
3167 3375 3213 3450 ᾧ
3238 3382 3342 3454 τῆς
3367 3383 3666 3454 ἁμαρτίας
3695 3386 3786 3436 τεέ-

2178 3469 2382 3540 φυρταί
2436 3487 2553 3532 πως
2585 3472 2617 3541 ἡ
2651 3470 2902 3540 δύναμις,
2968 3472 3104 3542 πρὸς
3131 3467 3314 3525 οἶκτον
3347 3473 3452 3543 τῆς
3484 3473 3783 3542 συγγενοῦς

2179 3561 2385 3632 σαρκὸς
2417 3561 2541 3615 καθ’
2564 3563 2861 3624 ὑπόστασιν
2882 3605 2897 3630 ,
2928 3563 3028 3634 τὴν
3052 3563 3231 3635 ψυχὴν
3257 3563 3326 3617 δι’
3348 3564 3556 3634 ἡδονῆς
3587 3566 3786 3618 ὑποσύ-

2179 3668 2347 3725 ρουσα
2370 3668 2384 3684 ’
2442 3653 2565 3707 καθ’
2588 3655 2653 3723 ἦν
2683 3653 2756 3717 ὡς
2786 3653 2946 3722 ἔργον
2975 3656 3115 3725 αὐτῇ
3150 3655 3383 3724 φυσικὸν
3411 3657 3782 3727 ὲγχειρὲσαεα

2175 3742 2277 3812 τὴν
2326 3743 2550 3813 ἐμπαθῆ
2596 3742 2692 3797 καλ⁸
2733 3743 3029 3814 καθήδονον
3059 3748 3157 3815 τῆς
3192 3747 3400 3818 σαρκὸς
3427 3748 3778 3817 ἐπιμέλειαι»,

2177 3836 2381 3904 ἀπάγει
2411 3835 2512 3906 τῆς
2537 3837 2676 3889 κατὰ
2708 3837 2870 3907 φύσιν
2900 3836 3065 3909 ζωῆς,
3099 3839 3196 3892 καὶ
3225 3839 3406 3892 πείθει
3441 3840 3546 3910 τῆς
3573 3842 3782 3894 ἀνυπο-

2179 3928 2373 3982 στάτου
2411 3927 2609 3992 κακίας
2641 3929 2898 3998 γενέσθαι
2928 3930 3133 4001 ταύτην
3159 3931 3528 4002 δημιουργόν.

2248 4192 2344 4257 νζ⁹.
2401 4193 2586 4247 Κακία
2614 4191 2732 4245 ἐστὶ
2773 4191 2951 4260 ψυχῆς
2978 4191 3172 4261 νοερᾶς
3196 4233 3210 4254 ,
3264 4190 3296 4261 ἡ
3325 4188 3470 4259 λήθη
3505 4190 3617 4242 τῶν
3647 4193 3780 4244 κατὰ

2177 4285 2341 4354 φύσιν
2372 4283 2578 4348 καλῶν,
2613 4285 2737 4354 ἥτις
2771 4284 2836 4336 ἐκ
2863 4282 2964 4352 τῆς
2997 4282 3125 4354 περὶ
3149 4280 3248 4351 τὴν
3277 4283 3462 4350 σάρκα
3489 4299 3552 4334 τε
3584 4284 3685 4335 καί
3705 4283 3781 4334 κὰ-

2180 4393 2316 4446 σμον
2347 4417 2361 4441 ,
2418 4373 2702 4446 ἐμπαθοῦς
2738 4375 3045 4442 ἐπιγίνεται
3079 4373 3320 4444 σχέσεως
3353 4412 3368 4438 ,
3424 4373 3500 4444 ῆν
3532 4375 3780 4442 cista-15:5:

2181 4466 2503 4537 στρατηγῶν
2554 4467 2583 4518 ὁ
2633 4466 2794 4534 λόγος
2845 4465 2966 4519 κατ’
3001 4464 3316 4535 ἐπιστήμην
3370 4464 3779 4535 πνευματικὴν,

2180 4561 2278 4630 τήν
2299 4577 2357 4614 τε
2375 4558 2469 4612 τοῦ
2495 4559 2700 4630 κόσμου
2720 4558 2814 4612 καὶ
2834 4559 2933 4629 τῆς
2952 4557 3152 4629 σαρκὸς
3168 4558 3612 4630 διερευνώμενος
3636 4562 3782 4627 γένεο

2182 4655 2266 4708 σίν
2298 4671 2356 4706 τε
2391 4652 2486 4704 καὶ
2520 4651 2700 4721 φύσιν,
2739 4650 2832 4704 καὶ
2861 4650 3000 4722 πρὸς
3029 4650 3128 4721 τὴν
3157 4651 3398 4721 συγγενῆ
3432 4651 3552 4702 τῶν
3576 4651 3779 4722 von-.12”

2180 4744 2366 4815 χώραν
2396 4742 2494 4814 τὴν
2519 4742 2700 4814 ψυχὴν
2724 4741 2984 4795 ἐλαύνων
3019 4741 3159 4813 πρὸς
3187 4742 3255 4811 ῆν
3281 4740 3552 4810 οὐδεμίαν
3572 4742 3603 4793 ὁ
3623 4742 3781 4809 vdae;

2180 4836 2278 4905 τῆς
2307 4833 2585 4907 ἁμαρτίας
2611 4835 2852 4887 ποιεῖται
2877 4831 3128 4885 διάϐασιν
3150 4871 3164 4896 ,
3216 4831 3319 4883 οῦκ
3352 4827 3499 4902 ἔχων
3529 4833 3780 4902 καθάπερ

2183 4932 2431 5002 γέφυραν
2465 4931 2604 5002 πρὸς
2625 4928 2716 4982 τὸν
2743 4929 2868 4984 νοῦν
2900 4927 3326 4994 διαϐιϐάζουσαν
3354 4929 3527 4984 αὐτὸν
3567 4931 3648 4982 ἔτι
3691 4930 3782 4997 τὴν

2183 5025 2457 5096 αῐσθησιν,
2506 5022 2847 5077 διαλυθεῖσαν
2875 5021 2976 5092 ἤδη
3006 5021 3144 5093 πρὸς
3176 5021 3273 5093 τὴν
3294 5020 3475 5091 ψυχὴν
3509 5023 3660 5076 κατὰ
3689 5020 3782 5088 τὴν

2185 5119 2390 5192 σχέσιν,
2426 5118 2519 5172 καὶ
2545 5119 2657 5181 τοῖς
2685 5115 2963 5186 αἰσθητοῖς
2990 5115 3457 5184 ἐναπορῤιφεῖσαν
3483 5112 3778 5182 θεάμασιν,

2182 5205 2257 5266 ὧν
2284 5209 2475 5273 διαϐὰς
2501 5209 2600 5280 τὴν
2629 5208 2815 5280 σχέσιν
2846 5207 2940 5260 καὶ
2966 5206 3066 5277 τὴν
3089 5205 3250 5275 φύσιν
3277 5205 3305 5257 ὁ
3324 5203 3472 5268 νοῦς,
3502 5204 3783 5265 παντελῶς

2184 5306 2282 5359 οὐκ
2311 5304 2647 5359 αἰσθάνεται.

2177 5486 2312 5540 Male
2336 5498 2454 5539 rem
2495 5481 2658 5536 Picus
2685 5477 2964 5548 exprimit,
2992 5476 3269 5532 Crcatum
3287 5476 3548 5548 inscrrire
3581 5479 3780 5545 ιιιφιέι,

2146 5553 2148 5558 ’
2178 5557 2280 5610 nisi
2313 5559 2616 5623 prazparato
2641 5546 2787 5623 prius
2814 5564 3047 5623 corpore.
3071 5548 3129 5623 lu
3163 5546 3395 5615 reliquis
3429 5547 3604 5601 etiam
3639 5549 3785 5601 labo-

2178 5635 2263 5680 rat
2313 5618 2498 5686 l’icus,
2550 5618 2651 5676 nee
2696 5619 2838 5674 altos
2879 5618 3097 5673 Maximi
3131 5633 3330 5675 sensus
3373 5620 3606 5688 assequi
3651 5620 3774 5672 διιρε

2180 5703 2383 5768 potest,
2413 5702 2507 5749 aut
2540 5689 2796 5747 reddere.
