3930 6324
191 369 323 434 i205

888 364 1223 425 CAPITUM
1261 364 1685 437 QUINOUIES
1721 362 2244 425 CENTENORUM
2284 362 2669 424 CENTURIA
2709 361 2750 421 Ι.

3303 351 3437 417 1206

183 478 437 538 Νυσαέως
488 476 724 547 μεγάλου
774 474 1080 547 Γρηγορίου
1135 473 1363 545 μαθὼν,
1422 477 1503 529 ὅτι
1540 474 1628 527 διὰ
1659 473 1755 544 τὴν

1887 494 2119 550 nagnum
2152 476 2479 547 Gregorium
2510 474 2817 544 Nysscnum
2852 468 2971 542 (lib.
2998 467 3073 522 De
3108 466 3315 536 apiﬁdo
3338 467 3445 545 pho-

174 572 279 640 τῆς
336 570 669 640 τελειότητος
698 569 1028 633 ἔκπτωσιν,
1090 567 1389 638 ὲπεισήχθη
1434 567 1629 627 ταῦτα,
1678 564 1756 636 τῷ

181 663 483 732 ἁλογοτὲρῳ
534 661 690 731 μέρει
728 659 1084 730 προσφυὲντα
1128 660 1226 728 τῆς
1262 659 1477 727 φύσεως
1500 677 1513 690 ο
1570 659 1635 712 δι’
1657 650 1753 723 ὧν,

160 754 300 807 λάντὶ
345 755 445 824 τῆς
496 751 770 824 μακαρίας
822 750 917 804 καί¹
959 751 1109 814 θείας
1147 750 1392 815 εἰκόνος,
1452 751 1615 814 εὐθὺς
1640 751 1757 821 ἅμα

180 848 246 918 τῇ
274 845 603 915 παραϐάσει,
626 844 890 915 διαφανὴς
912 844 1005 896 καὶ
1034 843 1285 914 ἐπίδηλος
1307 845 1365 897 ὲν
1385 842 1464 915 τῷ
1486 843 1761 915 ἀνθρώπῳ

180 936 405 1007 γέγονεν
453 937 487 1006 ὴ
526 935 643 989 τῶν
689 935 902 1003 ἀλόγων
942 933 1099 998 ζώων
1146 935 1427 1006 ὁμοίωσις,
1468 936 1616 989 Ἔδει
1654 935 1782 1008 γὰρ,

150 1050 153 1051 ν
185 1030 284 1101 τῆς
318 1026 479 1094 ἀξίας
519 1028 613 1082 τοῦ
644 1028 802 1096 λόγου
829 1028 1203 1099 καλυφθείσης
1226 1068 1241 1092 ,
1299 1029 1397 1098 ὑφ’
1413 1024 1487 1083 ὧν
1517 1031 1762 1085 ἐπεσπά-

189 1138 318 1174 σατο
350 1122 452 1190 τῆς
486 1120 711 1187 ἀλογίας
739 1120 1135 1190 γνωρισμάτων
1159 1162 1174 1185 ,
1230 1119 1453 1184 ἐνδίκως
1480 1119 1578 1190 τὴν
1603 1120 1765 1188 φύσιν

186 1212 293 1265 τῶν
348 1212 652 1283 ἀνθρώπων
698 1211 1054 1276 κολάζεσθαι·
1094 1211 1274 1279 σοφῶς
1302 1212 1382 1275 είς
1410 1211 1766 1283 συναίσθησιν

188 1302 287 1372 τῆς
336 1303 565 1372 λογικῆς
616 1303 971 1373 μεγαλονοίας
1013 1303 1188 1357 ἐλθεῖν
1228 1303 1641 1374 οἱκονομοῦντος
1672 1301 1766 1357 τοῦ

187 1393 333 1449 Θεοῦ·
349 1396 444 1449 τὸν
460 1394 780 1467 ἄνθρωπον.

258 1572 366 1639 Eg’.
398 1572 561 1627 Καλὰ
585 1572 796 1642 γίνεται
824 1572 919 1627 καὶ
941 1571 1011 1626 τὰ
1034 1572 1181 1644 πάθη
1206 1568 1408 1637 ivvat;
1438 1572 1769 1641 σπουδαίοις,

188 1663 428 1733 ὁπηνίκα
461 1663 640 1733 σοφῶς
666 1664 806 1719 αὐτὰ
832 1664 941 1719 τῶν
973 1664 1305 1735 σωματικῶν
1333 1664 1770 1736 ἀποστήσαντες,

190 1756 327 1827 πρὸς
376 1756 482 1827 τὴν
526 1755 644 1810 τῶν
694 1755 1517 1829 οὐρανίωνμεταχειριζώμεθα
1555 1756 1769 1827 κτῆσιν·

1866 571 2067 642 minis),
2103 586 2169 626 eo
2200 568 2346 639 quod
2380 567 2577 621 amissa
2618 562 2884 635 perfectio
2918 569 3056 625 erat,
3082 558 3445 616 subintrodu-

1867 675 1955 721 cta
1988 665 2125 728 hmc,
2162 662 2211 717 ei
2237 659 2404 715 animi
2443 659 2584 730 parti
2609 654 2966 720 cohierenlia,
3002 670 3123 725 qua:
3161 669 3191 708 a
3232 648 3447 707 ratione

1868 757 2136 812 remotior
2171 761 2255 809 est
2288 770 2301 806 :
2328 752 2550 823 quibus,
2582 750 2705 805 loco
2755 749 2929 827 beata:
2958 746 3269 817 divinzeque
3314 745 3449 799 ima-

1869 849 2034 920 ginis,
2088 848 2273 903 statim
2307 861 2336 899 a
2388 842 2860 915 transgressione,
2897 839 3140 897 dilucida
3191 854 3256 895 ac
3299 838 3447 894 clara

1870 942 2163 997 brutarum
2196 936 2559 993 animantium
2591 931 2896 990 similitudo
2923 932 2977 986 in
3014 930 3237 986 homine
3273 929 3449 984 exsti-

1872 1036 1957 1089 tit.
1985 1032 2226 1088 Decebat
2256 1028 2403 1085 enim
2438 1028 2669 1084 rationis
2712 1024 3029 1097 praestantia
3063 1021 3117 1077 in
3146 1022 3448 1078 obscurum

1871 1130 2081 1187 coacta,
2135 1121 2333 1175 merito
2381 1119 2567 1192 puniri
2623 1116 2927 1173 humanum
2972 1130 3164 1185 genus,
3198 1112 3265 1167 iis
3314 1126 3450 1181 quas

1872 1212 2161 1275 asciverat,
2211 1216 2424 1264 natura:
2459 1205 2703 1263 carentis
2742 1205 2951 1259 ratione
2980 1203 3160 1268 notis;
3195 1192 3309 1256 Deo
3355 1216 3445 1255 sa-

1873 1300 2219 1374 pientissime
2273 1298 2624 1368 disponente,
2680 1302 2744 1350 ut
2775 1296 2876 1365 per
2910 1292 3066 1348 hunc
3108 1286 3357 1356 modum,
3391 1291 3450 1345 in

1874 1392 2165 1450 rationalis
2192 1389 2524 1463 praestantia:
2544 1386 2719 1444 animi
2742 1398 2971 1442 sensum
3010 1383 3183 1439 homo
3202 1383 3452 1437 adduce-

1877 1491 2055 1541 retur.

1947 1577 2037 1634 66.
2072 1574 2212 1647 Ipsa:
2261 1570 2843 1644 quoquc‘passlones,
2894 1560 3240 1637 affectusque
3283 1564 3341 1620 ln
3385 1554 3453 1620 its

1874 1654 1974 1739 qui
2006 1665 2261 1730 studiosi,
2298 1662 2633 1733 honestique
2653 1661 2894 1717 cultores
2916 1657 3224 1724 "sunt,'boni
3248 1668 3311 1711 ac
3336 1656 3456 1710 lau-

1878 1759 2092 1818 dabiles
2122 1757 2469 1822 redduntur;
2500 1768 2626 1811 cum
2647 1752 2939 1823 sapienter
2968 1765 2998 1805 a
3026 1749 3308 1821 corporeis
3329 1763 3458 1803 avo-

190 1844 321 1913 οίον,
379 1849 474 1902 ὅτε
505 1848 605 1921 τὴν
624 1849 733 1920 μὲν
762 1848 1078 1919 ἐπιθυμίαν,
1128 1847 1226 1918 τῆς
1251 1850 1443 1919 νοερᾶς
1466 1849 1575 1902 τῶν
1604 1850 1765 1903 θείων

1887 1856 2062 1909 :antes
2087 1849 2156 1905 ad
2180 1846 2549 1918 comparanda
2569 1860 2692 1915 qua:
2724 1842 2969 1899 cmlcstia
2996 1850 3144 1904 sunt,
3177 1850 3272 1895 eos
3296 1848 3457 1894 dsur-

193 1938 434 2008 ὲφέσεως
459 1940 748 2012 ὀρεκτικὴν
773 1939 1124 2010 ἐργασόμεθα
1152 1940 1367 2009 κίνησιν
1383 1956 1399 1973 ο
1450 1940 1551 2009 τὴν
1576 1940 1772 2011 ἡδονὴν

176 2029 249 2083 δὲ
275 2071 289 2093 ,
321 2033 425 2101 τῆς
453 2031 546 2084 ἐπὶ
568 2034 689 2093 τοῖς
717 2031 883 2094 θείοις
911 2030 1213 2102 χαρίσμασι
1245 2029 1338 2083 τοῦ
1363 2030 1453 2083 νοῦ
1484 2030 1776 2100 θελκτικῆς

194 2122 472 2192 ἐνεργείας
505 2122 845 2193 εὐφροσύνην
876 2123 989 2191 ἀπή
1002 2139 1136 2191 μονα
1160 2138 1175 2153 ο
1229 2123 1323 2175 τὸν
1354 2122 1411 2176 δὲ
1454 2122 1641 2190 φόϐον.
1675 2122 1775 2191 τῆς

193 2211 499 2282 μελλούσης
550 2214 643 2266 ἐπὶ
696 2213 1134 2283 πλημμελήμασι
1178 2214 1450 2283 τιμωρίας
1492 2212 1775 2283 προφυλα-

193 2304 386 2376 κτικὴν
419 2305 736 2374 ἐπιμέλειαν
757 2322 770 2336 ·
825 2307 927 2377 τὴν
952 2306 1008 2359 δὲ
1035 2305 1215 2376 λύπην
1233 2344 1248 2369 ,
1295 2304 1653 2376 διορθωτικὴν
1680 2305 1776 2357 ἐπὶ

190 2396 430 2467 παρόντι
471 2395 627 2465 κακῷ
665 2397 1051 2467 μεταμέλειαν.
1104 2398 1215 2450 Καὶ
1256 2397 1536 2467 συντόμως
1577 2397 1775 2461 εἰπεῖν,

194 2488 335 2541 κατὰ
386 2488 515 2550 τοὺς
559 2489 757 2556 σοφοὺς
797 2489 908 2541 τῶν
955 2488 1179 2560 ἰατρῶν,
1231 2488 1443 2558 σώματι
1466 2486 1775 2558 φθαρτικοῦ

194 2576 361 2647 θηρὸς
414 2577 514 2645 τῆς
554 2577 789 2647 ἐχίδνης,
817 2577 915 2648 τὴν
942 2575 1107 2631 οὖσαν
1133 2577 1166 2648 ἦ
1199 2576 1584 2648 μελετωμένην
1610 2577 1778 2645 ἀφαι-

198 2667 497 2737 ρουμένους
541 2667 802 2738 λώεησιν,
851 2671 965 2732 τοῖς
995 2668 1195 2723 πάθεσι
1224 2667 1437 2730 τούτοις
1462 2668 1598 2737 πρὸς
1616 2666 1778 2720 ἀναί-

200 2774 348 2828 ρεσιν
388 2757 661 2829 χρώμενοι
705 2759 989 2831 παρούσης
1014 2759 1215 2820 κακίας
1244 2758 1276 2828 ἢ
1303 2757 1779 2829 προσδοκωμένης,

196 2850 293 2902 καὶ
327 2850 523 2920 κτῆσιν
561 2851 658 2902 καὶ
686 2848 930 2918 φυλακὴν
956 2847 1160 2917 ἀρετῆς
1184 2866 1248 2900 τε
1279 2848 1375 2901 mi.
1398 2846 1672 2915 γνώσεως.

1872 1958 2100 2015 pamus;
2138 1949 2200 1995 ut
2253 1954 2402 2003 cum,
2447 1936 2599 1993 verbi
2636 1927 3029 2007 gratia,'526
3056 1932 3454 2001 cupiditatem,

1874 2036 2079 2090 mentis
2108 2041 2315 2087 motum
2335 2028 2647 2101 appetentis
2670 2027 2854 2081 divina
2882 2026 3183 2103 faciemus;
3205 2023 3458 2093 volupta-

1872 2133 2010 2190 tem,
2058 2124 2341 2179 innoxiam
2393 2122 2636 2176 animum
2673 2118 2969 2175 mulcentis
3023 2132 3087 2172 ac
3126 2114 3446 2178 'illicientis,

1876 2216 2197 2273 divinorum
2225 2214 2496 2269 donorum
2512 2212 2795 2282 “largitate,
2819 2208 3159 2281 Operationis
3184 2206 3455 2271 laetitiam,

1880 2317 2111 2371 metum,
2135 2305 2307 2361 futuri
2338 2304 2671 2359 delictorum
2695 2316 2858 2357 causa
2873 2299 3162 2370 supplicii,
3188 2298 3259 2352 οὶ)
3284 2302 3459 2366 caque

1880 2398 2278 2469 impendentis,
2302 2396 2521 2451 cautam
2549 2393 2894 2463 diligentiam
2916 2409 2930 2457 ;
2956 2390 3232 2446 tristitiam
3259 2387 3459 2442 animi-

1881 2506 1990 2563 que
2020 2476 2289 2549 dolorem,
2327 2500 2434 2557 qua
2458 2500 2706 2556 praesens
2730 2485 2935 2539 malum
2954 2481 3461 2550 emendc‘muspm-

1876 2581 2191 2638 nitentium.
2222 2582 2431 2649 Atque,
2466 2577 2721 2633 ut‘seme'l
2744 2577 2947 2639 diemu,
2988 2574 3113 2630 cum
3149 2575 3462 2644 sapientum

1872 2673 2223 2728 medicorum
2254 2684 2432 2735 more,
2454 2670 2626 2739 cuias
2653 2668 2707 2722 in
2736 2668 2871 2723 feris
2886 2674 3139 2738 prie‘sens
3176 2658 3455 2721 venenum

1875 2771 1984 2821 est.
2012 2762 2217 2832 viperae
2260 2770 2526 2830 corpore,
2558 2766 2892 2830 praesentem
2928 2766 3033 2813 ‘sen
3074 2757 3460 2813 imminentem

1870 2850 2166 2920 gibberem
2205 2848 2636 2919 depellendum,
2674 2844 2773 2903 fhis
2805 2840 3201 2903 ita-aﬂectibus
3246 2847 3465 2901 ‘u'timur

200 2948 261 2996 ut
282 2942 395 2997 illis
414 2950 752 3011 prmsentem
780 2941 1049 2996 malitiam
1084 2948 1186 2996 aut
1213 2940 1594 2996 imminentem
1634 2940 1972 3011 pcrimamus
2030 2959 2096 2999 ac
2141 2952 2257 2999 tum
2289 2942 2553 2998 virtutem
2599 2950 2723 2996 tum
2766 2940 3051 2996 scientiam
3110 2939 3467 3010 acquiramus

195 3047 264 3086 ac
286 3031 693 3086 custodiamus.

273 3122 373 3187 5;".
422 3122 480 3174 Ὀ
521 3121 620 3190 μὲν
665 3121 765 3191 τῆς
794 3119 1016 3191 πρώτης
1047 3119 1322 3191 Διαθὴκης
1351 3121 1534 3190 νόμος,
1563 3119 1655 3173 διὰ
1676 3120 1779 3191 τῆς

1954 3121 2043 3177 67.
2067 3121 2276 3177 Prioris
2298 3120 2640 3177 Testamenti
2666 3120 2774 3183 lex,
2792 3135 2890 3190 per
2915 3134 3035 3173 eam
3060 3118 3463 3189 philosophiam

201 3211 515 3285 πρακτικῆς
545 3211 861 3280 φιλοσοφίας
883 3252 897 3275 ,
953 3212 1153 3275 παντὸς
1187 3211 1465 3281 μολυσμοῦ
1497 3212 1594 3282 τὴν
1618 3211 1783 3281 φύσιν

200 3301 590 3372 ἀποκαθαίρει.
634 3302 692 3354 Ὀ
720 3303 775 3355 δὲ
806 3302 906 3374 τῆς
934 3303 1157 3373 Καινῆς,
1206 3302 1293 3355 διὰ
1317 3303 1417 3371 τῆς
1448 3304 1786 3375 θεωρητικῆς

211 3392 601 3464 μυσταγιργίας
619 3433 632 3456 ,
669 3392 775 3447 ἀπὸ
801 3393 909 3446 τῶν
938 3394 1267 3463 σωματικῶν
1296 3395 1431 3464 πρὸς
1455 3397 1524 3448 τὰ
1550 3396 1783 3465 συγγενῆ

204 3488 312 3540 τῶν
360 3485 570 3557 νοητῶν
616 3484 865 3557 θεάματα
889 3525 906 3551 ,
970 3483 1060 3537 τὸν
1102 3484 1226 3539 νοῦν
1263 3486 1576 3553 γνωστικῶς
1600 3487 1787 3540 ἀναϐιο

207 3576 386 3641 ϐάζει.

278 3670 384 3740 ξην.
436 3667 501 3721 Ἠ
535 3666 655 3720 θεία
688 3660 911 3737 Γραφὴ,
963 3664 1091 3729 τοὺς
1120 3666 1219 3735 μὲν
1248 3667 1654 3738 εἰσαγομένους,
1693 3669 1787 3723 καλ⁵

205 3761 301 3817 ἐπὶ
341 3761 419 3814 τὰ
456 3758 769 3829 προπύλαιά
801 3775 904 3811 που
932 3758 1301 3826 τυγχάνοντας
1329 3759 1427 3827 τῆς
1449 3758 1597 3821 θείας
1618 3760 1786 3828 αὐλῆς

206 3852 314 3905 τῶν
335 3850 570 3922 ἀρετῶν,
605 3847 1017 3918 φοϐουμένους
1047 3847 1233 3900 καλεῖ⁸
1269 3848 1396 3910 τοὺς
1422 3840 1479 3900 δὲ
1509 3849 1788 3918 κτησαμέ-

207 3961 333 4009 νους
378 3944 695 4015 σύμμετρον
736 3944 850 4007 ἕξιν
889 3943 998 3996 τῶν
1039 3944 1160 3996 κατ’
1183 3943 1383 4015 ἀρετὴν
1408 3942 1580 4012 λόγων
1604 3962 1665 3997 τε
1695 3944 1789 3998 καὶ

198 4038 433 4108 »τρόπων
457 4075 474 4100 ,
523 4031 664 4090 οἶδεν
713 4035 1000 4104 ὀνομάζειν
1046 4037 1531 4104 πεσοῑιόπτοντας·
1588 4037 1715 4099 τοὺς
1734 4037 1790 4090 δὲ

212 4130 332 4182 κατ’
357 4127 531 4198 αὐτὴν
582 4128 898 4196 γνωστικῶς
947 4127 1046 4198 ήδη
1096 4128 1495 4197 γεγενημένους
1541 4127 1639 4198 τῆς
1682 4128 1790 4182 τῶν

205 4219 426 4290 ἀρετῶν
459 4219 792 4286 ἑκφαντικῆς
818 4218 1074 4286 ἀληθείας
1104 4217 1201 4287 τὴν
1228 4218 1493 4288 κορυφὴν,
1527 4235 1793 4290 προσαγο-

214 4303 363 4374 ρεύει
393 4304 680 4369 τελείους.
701 4304 757 4357 Ὀ
777 4305 954 4357 τοίνυν
965 4306 1066 4374 τὴν
1095 4308 1154 4357 ὲν
1177 4307 1289 4366 τοῖς
1306 4305 1536 4359 πάθεσιν
1559 4306 1793 4377 ἀρχαίαν

1885 3228 2009 3285 quae
2030 3212 2240 3268 actioni
2279 3212 2488 3276 studet,
2524 3212 2594 3266 ab
2626 3211 2776 3265 omni
2803 3210 2967 3265 sorde
2988 3220 3239 3267 naturam
3268 3220 3465 3263 cmun-

1886 3306 1997 3363 dat.
2052 3304 2191 3359 Novi
2245 3320 2377 3359 vero
2411 3302 2750 3360 Testamenti
2800 3303 2927 3366 lex,
2984 3302 3471 3371 contemplationis

1887 3397 2198 3452 initiatione
2228 3396 2684 3464 abstrusioreque
2717 3393 2995 3459 doctrina,
3020 3408 3051 3448 a
3082 3394 3365 3463 corporeis
3398 3394 3465 3447 ad

1886 3486 2068 3542 aflinia
2098 3486 2535 3557 iutelligibilium
2576 3483 2917 3554 spectacula,
2955 3490 3193 3537 mentem
3241 3482 3471 3551 mystice

1882 3588 2196 3651 promovet.

1961 3672 2050 3726 68.
2088 3672 2286 3728 Divina
2316 3670 2623 3740 Scriptura,
2645 3684 2742 3725 eos
2764 3670 2859 3739 qui
2882 3668 3241 3733 inducuntur,
3262 3668 3475 3739 quique

1888 3763 1945 3817 in
1970 3761 2261 3817 vestibulis
2288 3761 2490 3815 divina:
2523 3760 2791 3814 virtutum
2836 3760 2975 3816 aulze
3022 3761 3174 3815 velut
3216 3775 3464 3815 commo-

1884 3856 2101 3915 rantur,
2133 3852 2371 3904 timentes
2404 3857 2590 3914 vocat;
2615 3836 2709 3918 qui
2732 3864 2864 3903 vero
2884 3858 3245 3917 temperatum
3272 3851 3467 3904 saltem

1888 3940 2114 3995 virtutis
2140 3939 2416 3995 rationum
2442 3939 2843 4009 modorumquc
2874 3938 3120 3992 habitum
3148 3940 3291 3994 nacti
3315 3950 3465 4005 sunt,

1889 4031 2220 4103 proﬁcientes
2265 4031 2405 4086 solet
2434 4030 2717 4101 appellare
2746 4047 2759 4084 :
2799 4030 2891 4101 qui
2921 4030 3158 4100 denique
3189 4028 3255 4085 ad
3288 4031 3471 4100 ipsum

1889 4126 1996 4196 jam
2032 4124 2282 4179 'veritatis
2310 4122 2547 4178 virtutes
2578 4122 2926 4191 explanantis
2960 4124 3223 4177 verticem
3246 4164 3258 4187 ,
3286 4124 3468 4178 scien-

1892 4214 1985 4267 tia:
2002 4212 2156 4266 cultu
2193 4226 2259 4266 ac
2292 4209 2777 4282 contemplationis
2804 4221 3193 4281 provexerunt,
3219 4212 3471 4283 perfectos

1892 4313 2197 4373 nuncupat.
2245 4304 2349 4371 Qui
2380 4304 2547 4375 igitur
2584 4312 2851 4369 veterem,
2888 4321 2995 4374 qua
3034 4305 3186 4359 vitiis
3230 4304 3473 4359 haerebat

212 4396 563 4464 ἀναστροφὴν
613 4396 1005 4466 ἀποστραφεὶς,
1056 4397 1149 4451 καὶ
1203 4398 1387 4450 πᾶσαν
1436 4397 1628 4450 ἑαυτοῦ
1656 4418 1661 4421 ·
1692 4396 1781 4469 τὴν

1896 4411 1960 4450 ac
1987 4394 2277 4450 aﬂ'ectibus
2299 4396 2631 4466 iactabatur,
2664 4396 3135 4451 conversationem
3166 4404 3469 4462 aversatus,

218 4486 461 4540 διάθεσιν
481 4487 570 4541 διὰ
597 4489 690 4541 τὸν
714 4489 877 4556 φόϐον
921 4486 1234 4552 ἐκδεδωκὼς
1268 4490 1380 4551 τοῖς
1419 4488 1584 4552 θείοις
1622 4498 1789 4560 προσ-

219 4578 516 4648 τάγμασιν,
546 4579 757 4642 ούδενὸς
777 4579 941 4633 καλοῦ
958 4580 1067 4632 τῶν
1088 4580 1463 4647 εἰσαγομένοις
1481 4580 1798 4651 πρεπόντων

221 4668 567 4739 καθυστερεῦ
601 4667 703 4721 κᾶν
730 4669 884 4722 ούπω
914 4669 1013 4733 τὴν
1040 4670 1103 4723 ὲν
1124 4670 1347 4739 ἀρεταῖς
1368 4669 1484 4733 ἕξιν
1505 4666 1795 4739 ἐκτήσατο,

224 4758 321 4810 καὶ
362 4758 463 4828 τῆς
514 4759 573 4811 ἐν
614 4761 728 4821 τοῖς
763 4759 989 4823 τελείοις
1016 4758 1352 4830 λαλουμένης
1388 4759 1582 4828 σοφίας
1607 4759 1800 4827 γέγονε

224 4849 476 4919 μέτοχος.
523 4850 666 4903 Ἀλλ’
696 4850 819 4905 οὐδὲ
866 4851 897 4903 ὁ
936 4850 1262 4921 προκόπτων
1288 4888 1303 4916 ,
1358 4848 1467 4904 τῶν
1515 4842 1803 4922 ἐπιϐεϐλη-

295 4962 341 4995 "
376 4961 397 5015 Ι
427 4960 554 5017 Cor.
591 4979 649 5027 ιι,
682 4963 733 5022 6.

228 5073 657 5145 προηγουμένως
689 5090 702 5125 :
734 5089 844 5127 non
864 5074 1015 5145 bene
1038 5075 1101 5145 ab
1126 5075 1278 5145 initio
1310 5091 1329 5128 :
1362 5084 1468 5138 est,
1502 5077 1671 5145 primo
1700 5092 1797 5131 seu

228 5144 520 5213 primario;
562 5142 737 5213 prima
797 5143 1012 5213 scilicet
1060 5144 1430 5199 destinatione
1459 5186 1473 5207 ,
1502 5142 1573 5199 ac
1640 5147 1799 5213 quasi

230 5211 639 5283 Deusﬂcreando
667 5212 969 5283 hominem,
1003 5214 1091 5266 his
1116 5214 1270 5267 illum
1306 5215 1514 5283 stipare
1548 5211 1801 5269 intende-

229 5283 326 5354 rit.
364 5281 832 5354 NegatuMaximus
858 5298 980 5336 cum
1032 5281 1411 5354 Nysseno;a'c
1442 5299 1634 5338 verum
1683 5300 1802 5339 om-

228 5351 365 5422 nino
393 5351 462 5406 de
492 5351 784 5422 all’ectibus
820 5359 879 5406 ut
917 5363 1045 5407 sunt
1070 5351 1201 5407 vere
1267 5353 1413 5422 πάθη
1449 5369 1545 5407 seu
1580 5362 1799 5422 pertur-

230 5418 501 5493 bationes,
537 5421 843 5493 vitiumque
875 5423 1046 5486 olent,
1084 5439 1187 5493 nec
1219 5418 1461 5493 perfecte
1483 5418 1799 5493 subjiciun-

234 5500 334 5562 tur:
358 5491 578 5562 rationi.
615 5491 834 5559 Alioqui
880 5501 1030 5546 certe
1073 5491 1238 5546 etiam
1275 5492 1378 5562 ipsi
1403 5491 1499 5562 Aad
1554 5492 1797 5562 hominis

230 5555 605 5631 deﬁnitionem
630 5555 897 5631 spectant,
940 5566 1050 5631 non
1080 5555 1310 5631 quidem
1334 5560 1438 5617 sub
1460 5561 1675 5616 formali
1706 5578 1795 5617 ra-

231 5628 384 5682 tione
431 5628 692 5693 hominis,
717 5629 814 5682 sed
848 5640 907 5683 ut
944 5628 1113 5684 etiam
1157 5632 1358 5685 animal
1398 5632 1649 5693 exsistit;
1693 5648 1797 5687 nec

229 5696 380 5771 enim
414 5699 582 5771 homo
628 5714 803 5771 purus
835 5702 1051 5771 animus
1078 5715 1148 5771 ac
1186 5716 1345 5771 mens
1380 5709 1498 5771 est,
1533 5701 1587 5754 ni
1618 5700 1811 5771 Orige-

231 5765 395 5821 niane
416 5765 912 5824 sentire—velimus.
942 5770 1259 5839 Passimque
1302 5770 1565 5825 Maximus
1591 5765 1793 5840 aliique

1898 4498 2119 4541 omnem
2142 4486 2312 4540 animi
2339 4484 2623 4550 affectum,
2656 4502 2768 4556 quo
2805 4487 3001 4542 timore
3035 4481 3249 4559 agitur;
3272 4488 3475 4543 divinis

1893 4578 2182 4648 prmceptis
2212 4577 2456 4644 addixit;
2496 4578 2562 4641 is,
2600 4578 2756 4632 nullo
2786 4577 2915 4632 boni
2952 4595 3176 4650 genere,
3206 4579 3351 4649 quod
3379 4596 3475 4634 eos

1896 4670 2091 4725 deceat
2113 4669 2207 4739 qui
2239 4670 2630 4733 instituuntur,
2670 4669 2953 4736 deficitur;
2984 4671 3198 4726 tametsi
3238 4670 3475 4726 necdum

1899 4752 2118 4815 ﬁrmum
2147 4760 2203 4816 in
2227 4761 2533 4817 virtutibus
2559 4760 2811 4815 habitum
2860 4770 3054 4817 nactus
3088 4773 3190 4827 est,
3215 4777 3317 4817 nec
3356 4763 3475 4831 ejus

1900 4851 2183 4923 sapientia
2212 4867 2379 4923 quam
2402 4852 2707 4923 loquuntur
2730 4852 2877 4908 inter
2901 4853 3178 4923 perfectos
3195 4853 3261 4917 λ’,
3294 4851 3474 4907 factus

1900 5075 2089 5130 Patres
2143 5076 2339 5130 horum
2396 5076 2679 5145 ἐνέργειαν
2732 5077 2788 5131 in
2827 5077 3050 5132 Christo
3104 5077 3475 5132 necessariam

1899 5145 2262 5203 contendunt.
2307 5154 2367 5199 ut
2390 5148 2594 5201 veritas
2621 5147 2676 5200 in
2702 5162 2768 5200 eo
2792 5155 2997 5201 natura:
3026 5147 3276 5200 humanae
3316 5163 3477 5201 mon-

1901 5222 2195 5285 straretur_
2235 5215 2389 5285 Sicut
2419 5231 2551 5284 ergo
2573 5225 2732 5272 erant
2772 5217 2826 5269 in
2858 5216 3068 5270 Adamo
3095 5227 3152 5270 et
3186 5217 3317 5279 Eva,
3347 5217 3474 5285 qui-

1902 5283 2004 5355 bus
2032 5299 2133 5355 nos
2156 5283 2750 5355 nudisgerubescimus,
2778 5286 2891 5355 ipsa
2924 5286 3091 5345 nuda,
3123 5295 3178 5339 et
3206 5302 3315 5339 non
3348 5283 3475 5339 eru-

1899 5353 2223 5416 bescebant,
2252 5353 2380 5422 quia
2412 5355 2467 5408 in
2503 5356 2585 5409 eis
2610 5353 2822 5411 nullum
2874 5357 3230 5409 rebellantem
3264 5364 3477 5409 motum

1899 5422 2239 5493 semiebant;
2260 5424 2425 5493 inque
2458 5440 2581 5478 cum
2596 5426 2815 5478 modum
2834 5441 3024 5480 eorum
3045 5441 3274 5492 corpora
3300 5425 3474 5493 etiam

1905 5492 2570 5563 προηγουμένωςοοηάἰιο
2595 5494 2809 5548 fuerant
2834 5512 2847 5548 :
2879 5495 2956 5549 sic
2980 5503 3035 5549 et
3058 5494 3225 5563 πάθη,
3246 5492 3475 5551 affectus

1903 5560 2103 5615 virium
2127 5562 2480 5617 sentientium
2507 5573 2563 5646 et
2589 5565 2885 5646 ἐνέργειαιζ
2909 5575 3075 5646 prout
3102 5560 3331 5646 quicque
3350 5579 3478 5634 prc—

1903 5646 2071 5700 pensa
2129 5642 2246 5687 erat
2303 5648 2462 5705 suum
2519 5633 2786 5705 [incutiet
2835 5633 3143 5705 objectum;
3200 5634 3292 5705 sed
3349 5633 3475 5688 Cum

1902 5716 2118 5824 sunltmit
2150 5702 2543 5773 tranquillitate
2569 5744 2585 5770 ,
2636 5702 3343 5775 nullaqueperturbatione
3384 5713 3478 5759 aut

1903 5786 1992 5824 mo
2018 5787 2075 5824 es
2106 5788 2175 5824 ιιι.

1903 5786 2175 5825 ῐηοιοδιιίι.
