3930 6324
179 332 323 398 1209
885 349 1216 413 CAPITUM
1254 356 1675 430 QUINQUIES
1709 363 2225 425 CENTENOBUM
2266 366 2653 427 CENTURIA
2696 366 2745 427 Ι.

182 530 209 546 ν
252 442 355 512 στ’.
389 442 542 546 Ἔστι
606 450 702 546 μὲν
748 452 808 506 ἐν
866 456 1030 511 πᾶσιν
1074 461 1261 528 ἁπλῶς
1314 466 1375 518 τὸ
1427 468 1651 538 Πνεῦμα
1691 470 1746 523 τὸ

1927 474 2013 526 75.
2058 473 2295 543 Spiritus
2335 482 2557 529 sanctus
2588 474 2643 528 in
2678 474 2934 529 omnibus
2960 473 3282 545 simpliciter
3317 484 3425 543 est,

179 537 359 601 ᾰγιον,
385 537 520 592 καοὸ
554 542 771 597 πάντων
795 547 914 600 ἐστὶ
953 555 1269 608 συνεκτικὸν
1321 560 1417 610 καὶ
1461 537 1746 631 προνοητι-

1852 580 1915 619 ca
1963 566 2173 620 ratione
2205 582 2311 635 qua
2344 567 2524 620 omnia
2567 566 2813 622 continet
2839 576 2895 620 et
2932 576 3243 634 conservat,
3294 585 3427 639 pro-

3290 366 3426 432 1210

178 625 319 721 κον,
381 628 477 681 καὶ
547 632 655 686 τῶν
728 640 970 704 φυσικῶν
1042 648 1372 715 σπερμάτων
1441 625 1754 721 ἀνακινητι-

179 715 299 773 κόν.
353 721 880 796 Προσδιωρισμένως
904 733 982 794 δὲ,
1028 738 1121 788 καὶ⁵
1146 739 1204 790 ἐν
1244 742 1379 792 πᾶσι
1413 744 1526 805 τοῖς
1566 745 1624 796 ἐν
1660 715 1753 796 νό-

182 824 293 877 μιν,
323 811 515 867 καθότι
534 816 635 885 τῆς
663 820 772 874 τῶν
800 824 1026 879 ἐντολῶν
1055 827 1205 883 ἐστιν
1236 832 1614 887 ὑποδεικτικδν
1636 854 1745 890 πα-

182 900 489 999 ραϐάσεως,
530 908 627 962 καὶ
677 913 777 983 τῆς
807 917 949 969 κατὰ
987 919 1222 990 Χριστὸν
1252 927 1754 999 προαγορευθείσης

179 990 553 1080 ἐπαγγελίας,
609 1004 935 1065 φωτιστικόν
962 1020 977 1035 ⁶
1029 1008 1089 1061 ἐν
1133 1010 1192 1063 δὲ
1243 990 1376 1066 πάσι
1413 990 1551 1080 *τοῖς
1607 990 1750 1071 κατὰ

178 1077 420 1146 Χριστὸν
466 1083 605 1152 πρὸς
652 1090 765 1152 τοῖς
803 1093 1138 1164 εἰρημένοις,
1169 1101 1265 1152 καὶ
1315 1101 1392 1166 ὡς
1430 1077 1749 1163 υίοθετικόν.

194 1166 291 1268 :9;-
311 1170 367 1223 δὲ
396 1175 593 1268 σοφίας
645 1186 943 1253 ποιητικὸν,
968 1190 1026 1242 ἐν
1071 1190 1246 1244 οὐδενὶ
1285 1193 1393 1247 τῶν
1447 1198 1753 1268 εἰρημένων

181 1259 334 1315 ἐστὶν
383 1265 589 1332 ἁπλῶς,
635 1271 773 1343 πλὴν
820 1276 930 1328 τῶν
968 1282 1276 1348 συνιέντων,
1307 1286 1400 1338 καὶ
1421 1288 1647 1352 ἑαυτοὺς
1666 1291 1753 1343 διὰ

179 1353 281 1448 τῆς
306 1355 491 1410 ἐνθέου
524 1361 799 1429 πολιτείας
828 1369 1012 1433 ἀξίους
1042 1377 1429 1445 ποιησαμένων
1460 1379 1562 1448 τῆς
1584 1381 1748 1434 αὐτοῦ

184 1441 455 1518 θεωτικῆς
504 1453 852 1525 ἐνοικήσεως.
898 1462 1013 1525 Πᾶς
1041 1441 1169 1533 ’γὰρ’
1204 1441 1278 1537 μή
1332 1441 1606 1524 ποιῶνντὰ
1634 1471 1755 1525 θεῖα

182 1538 487 1635 θελήματα,
511 1546 616 1601 κᾶν
649 1551 839 1615 πιστὸς
874 1549 932 1626 ᾗ,
956 1555 1214 1610 ἀσύνετον
1242 1560 1353 1630 ἔχει
1380 1563 1479 1632 τήν
1501 1566 1749 1635 καρδίαν,

179 1629 260 1695 ὡς
292 1635 546 1705 πονηρῶν
578 1637 856 1711 λογισμῶν
921 1629 1309 1719 ἐργαστήριον,
1342 1629 1444 1706 καὶ.
1482 1656 1544 1707 τὸ
1581 1629 1752 1725 ’σῶμα

180 1727 501 1818 κατάχρεων
530 1731 849 1803 ἁμαρτίαις,
886 1736 963 1802 ὠς
988 1740 1280 1807 διαπαντὸς
1304 1746 1602 1818 μολυσμοῖς
1648 1766 1753 1801 πα-

180 1814 290 1871 θῶν
327 1819 663 1892 ἐνεχόμενον.

249 2094 347 2191 οδ¹ἶ
390 2097 453 2156 '0
477 2102 580 2173 τῆς
605 2106 879 2178 σωτηρίας
914 2110 1243 2184 ὀρεγόμενος
1286 2116 1506 2171 πάντων
1539 2118 1751 2191 ἀνθρώ-

178 2204 300 2244 πων
318 2188 470 2259 Θεὸς,
506 2195 600 2249 καὶ
630 2199 831 2253 πεινῶν
862 2202 1043 2258 αὐτῶν
1067 2205 1165 2275 τὴν
1195 2207 1478 2274 ἐκθέωσιν,
1508 2209 1607 2280 τὴν
1626 2188 1750 2265 τούς

178 2300 290 2337 των
313 2284 491 2356 οίησιν
514 2288 589 2352 ὡς
616 2291 716 2361 τὴν
743 2292 994 2364 ἄκαρπον
1025 2299 1413 2374 καταρώμενος
1446 2303 1749 2374 ἀποξηραί-

177 2390 261 2429 vet
313 2378 505 2449 συκῆν,
541 2381 689 2445 ὅπως
740 2383 834 2436 τοῦ
868 2385 1044 2441 δοκεῖν
1077 2373 1221 2442 εἷναί
1249 2390 1470 2457 δίκαιοι,
1504 2393 1564 2446 τὸ
1607 2373 1746 2448 εἶναι

182 2468 384 2541 μᾶλλον
413 2474 827 2545 προκρίναντες,
876 2478 966 2533 τὸν
1012 2481 1109 2551 μὲν
1163 2481 1286 2535 καθ’
1318 2483 1608 2551 ὑπόκρισιν
1648 2489 1751 2558 τῆς

178 2559 381 2632 ἠθικῆς
409 2564 723 2629 ἐπιδείξεως
751 2567 1110 2638 ἐκδυσάμενοι
1160 2572 1392 2641 χιτῶνα,
1424 2574 1516 2627 τὸν
1563 2576 1750 2647 ἐνάρε-

176 2668 269 2705 τον
295 2654 382 2718 δὲ,
416 2655 600 2721 καθὼς
643 2659 674 2711 6
725 2658 867 2725 θεῖος
920 2661 1168 2730 βούλεται
1221 2663 1399 2731 λόγος,
1449 2664 1749 2730 ἀνοθεύτως

183 2745 535 2815 μετελθόντες
578 2748 718 2819 βίον,
754 2752 993 2815 εὐσεϐῶς
1036 2752 1137 2823 τὴν
1188 2753 1332 2823 ζωὴν
1393 2756 1745 2824 διενέγκωσι,

176 2832 299 2904 Θεῷ
353 2836 554 2906 μᾶλλον
606 2840 707 2909 τῆς
752 2839 930 2910 ψυχῆς
972 2840 1071 2912 τὴν
1121 2842 1439 2916 διάθεσιν,ἢ
1490 2850 1603 2911 τοῖς
1653 2849 1749 2900 ἅν-

179 2923 419 2995 θρῶποις
477 2928 570 2981 τὸν
639 2931 799 2994 ἐκτὸς
846 2932 1283 3005 ἐπιδεικνύμενοι
1330 2938 1458 3008 περὶ
1498 2938 1568 2992 τὰ
1639 2937 1743 3012 ἤθη

175 3017 580 3085 σχηματισμόν.

1852 656 2113 725 videtque
2176 657 2453 711 universis
2482 699 2496 722 ,
2550 664 2606 711 et
2648 656 2921 711 naturalia
2968 657 3175 711 semina
3223 666 3427 713 movet.

1851 746 2014 802 Certa
2047 756 2228 803 autem
2258 750 2471 803 ratione
2495 750 2661 803 etiam
2700 749 2756 802 in
2795 748 3053 804 omnibus
3084 749 3179 819 qui
3223 751 3278 803 in
3308 751 3430 821 lege

1854 847 2001 905 sunt,
2046 848 2318 908 quatenus
2367 840 2748 894 mandatorum
2778 839 3269 912 transgressionem
3297 842 3431 895 sub-

1857 940 2159 996 monstrat,
2198 940 2253 985 et
2282 931 2351 985 ad
2397 932 2603 987 Christi
2641 933 2961 1002 prazdictam
3002 932 3428 1001 promissionem

1854 1025 2287 1093 cognoscendam
2316 1066 2328 1088 ,
2377 1025 2558 1079 lucem
2607 1025 2833 1095 praebet.
2869 1025 3073 1079 Praeter
3106 1024 3208 1079 hos
3244 1032 3427 1079 autem

1853 1115 2046 1170 modos
2075 1157 2090 1181 ,
2152 1116 2207 1170 in
2260 1118 2520 1171 omnibus
2566 1127 2652 1172 est
2696 1118 2791 1186 qui
2852 1116 3167 1172 Christiano
3203 1117 3429 1171 nomine

1853 1215 2170 1273 censentur,
2199 1209 2366 1263 etiam
2422 1219 2483 1263 ut
2530 1209 2843 1279 adoptionis
2890 1216 3100 1262 auctor.
3152 1208 3316 1279 528
3358 1207 3430 1263 Ut

1853 1308 2035 1354 autem
2068 1308 2259 1356 auctor
2293 1300 2595 1369 sapientiae,
2626 1300 2679 1353 in
2709 1302 2860 1355 nullo
2887 1315 3099 1362 eorum,
3132 1315 3269 1369 quos
3290 1297 3431 1352 dixi-

1854 1408 1995 1457 mus,
2034 1392 2360 1462 simpliciter
2393 1401 2497 1457 est,
2536 1400 2900 1461 prmterquam
2948 1393 3003 1445 in
3036 1390 3143 1445 illis
3172 1390 3265 1461 qui
3297 1406 3429 1459 pru-

1853 1481 2038 1537 dentia
2065 1496 2128 1535 ac
2154 1480 2516 1550 intelligentia
2556 1480 2769 1549 praediti
2808 1489 2955 1543 sunt,
2989 1480 3194 1549 quique
3222 1494 3322 1548 per
3350 1478 3431 1531 vi-
3487 1529 3496 1540 ,

1855 1581 1964 1627 tam
2019 1573 2222 1627 divinis
2252 1572 2500 1626 moribus
2549 1571 2877 1635 institutam,
2935 1572 3056 1641 ejus
3121 1570 3429 1626 deificantis

1854 1664 2271 1719 inhabitationis
2300 1680 2358 1719 se
2384 1664 2577 1734 dignos
2600 1664 2970 1732 praebuerunt.
2998 1662 3260 1732 Quisquis
3279 1663 3426 1717 enim

1855 1756 2067 1811 divinas
2090 1757 2400 1811 voluntates
2429 1773 2539 1810 non
2570 1756 2719 1819 facit,
2748 1755 2850 1811 etsi
2877 1754 3052 1808 fidelis
3086 1763 3187 1818 est,
3222 1769 3317 1808 cor
3339 1754 3426 1808 in-

1852 1848 2057 1919 sipiens
2085 1847 2270 1912 habet,
2301 1859 2559 1918 tanquam
2593 1848 2861 1901 malorum
2889 1846 3281 1916 cogitationum
3312 1842 3430 1899 ofﬁ-

1852 1942 2054 2006 cinam,
2085 1957 2149 1995 ac
2175 1956 2379 2011 corpus
2409 1940 2709 1994 obnoxium
2740 1938 3000 2008 peccatis,
3030 1945 3090 1991 ut
3124 1936 3272 2005 quod
3290 1950 3429 1990 semo

1852 2048 1951 2102 per
1980 2033 2241 2086 vitiorum
2269 2048 2334 2087 ac
2377 2031 2671 2086 libidinum
2709 2027 3142 2099 inquinamentis
3185 2026 3427 2080 sordeat.

1922 2126 2010 2180 74.
2037 2126 2141 2192 Qui
2170 2126 2417 2180 omnium
2447 2126 2677 2179 salutem
2706 2124 2913 2193 expetit
2935 2123 3100 2187 Deus,
3124 2134 3429 2190 eorumque

1850 2216 2026 2272 esurit
2042 2216 2465 2282 deiﬁcationem,
2485 2215 2706 2269 illorum
2726 2213 2893 2266 animi
2918 2212 3116 2266 fastum
3139 2226 3203 2265 ac
3217 2211 3428 2281 jactan—

1853 2307 2007 2371 tiam,
2054 2308 2204 2361 velut
2243 2305 2640 2360 infructuosam
2684 2303 2844 2357 ﬁcum
2876 2300 3193 2355 maledictio
3244 2299 3426 2354 arefa-

1851 2395 1927 2449 cit
1948 2396 2027 2462 ³⁰;
2055 2404 2133 2459 ut,
2163 2410 2274 2464 prae
2309 2409 2376 2449 eo
2400 2393 2546 2462 quod
2576 2402 2662 2446 est
2690 2392 2867 2460 justos
2894 2388 3100 2453 videri,
3133 2388 3305 2458 pluris
3343 2388 3427 2442 fa-

1851 2486 2062 2541 cientes
2090 2492 2151 2539 ut
2175 2484 2307 2555 justi
2332 2483 2512 2552 reipsa
2540 2482 2672 2546 sint,
2708 2478 3056 2534 simulatione
3083 2484 3427 2531 constantem

1850 2590 2064 2631 morum
2101 2573 2484 2630 ostentationis
2526 2572 2764 2626 tunicam
2798 2577 3085 2633 ementes,
3135 2567 3429 2621 virtutum-

1849 2683 1957 2737 que
1988 2668 2110 2721 luce
2144 2666 2412 2719 nitentem
2432 2664 2510 2718 'ac
2547 2662 2868 2725 studiosam,
2900 2669 2959 2714 ut
2985 2659 3170 2714 divina
3215 2659 3301 2713 lex
3339 2659 3430 2729 ju—

1848 2756 1963 2822 bet,
1992 2756 2204 2811 sincere
2234 2754 2401 2807 vitam
2427 2759 2828 2813 consectantes,
2853 2749 2940 2819 pie
2970 2748 3114 2818 quod
3142 2756 3226 2801 est
3261 2747 3429 2816 hujus

1851 2849 2111 2918 temporis
2138 2845 2476 2915 transigant;
2503 2843 2577 2897 ita
2605 2828 2867 2896 nimirum
2892 2848 2954 2894 ut
2978 2841 3089 2894 Deo
3115 2839 3299 2909 potius
3313 2837 3429 2893 ani-

1848 2956 1999 2994 mum
2025 2938 2339 3001 exhibeant,
2386 2951 2551 3005 quam
2580 2934 2825 2997 exterius
2865 2933 3177 2990 simulatam
3212 2946 3428 2987 morum

1848 3032 2431 3106 speciem'hominibus
2451 3037 2749 3085 ostentent.

244 3106 338 3163 σε’.
367 3109 594 3180 Ἕτερός
631 3111 780 3165 ἐστιν
810 3114 837 3166 6
866 3112 962 3166 τοῦ
993 3117 1186 3179 ποιεῖν,
1217 3117 1309 3170 καὶ
1363 3118 1549 3187 ἔτερος
1582 3121 1610 3173 6
1648 3121 1742 3174 τοῦ

1920 3127 2005 3180 75.
2042 3125 2159 3179 Alia
2179 3131 2263 3178 est
2295 3122 2491 3192 agendi
2512 3121 2673 3185 ratio,
2697 3120 2803 3174 alia
2835 3118 3099 3189 patiendi.
3134 3118 3211 3173 Ac
3232 3118 3428 3188 agendi

170 3202 406 3273 πάσχειν
429 3203 586 3272 λόγος
613 3220 626 3235 ·
664 3206 760 3259 καὶ
804 3207 832 3259 6
872 3206 972 3277 μὲν
1010 3211 1103 3263 τοῦ
1147 3215 1320 3265 ποιεῖν
1374 3212 1533 3282 λόγος
1574 3215 1741 3280 ἐστὶν,

170 3296 210 3367 ἡ
234 3298 436 3366 φυσικὴ
485 3298 621 3368 πρὸς
659 3299 871 3369 ἀρετῶν
909 3300 1190 3381 ἐνέργειαν
1222 3305 1451 3376 δύναμις
1484 3307 1551 3377 (ε)
1580 3322 1597 3338 ο
1632 3310 1659 3361 ὁ
1691 3308 1747 3361 δὲ

171 3386 266 3441 τοῦ
294 3389 523 3459 πάσχειν
546 3430 562 3457 ,
596 3390 627 3461 ἢ
677 3392 838 3462 χάρις
858 3392 967 3445 τῶν
1014 3395 1154 3465 ὑπὲρ
1204 3396 1441 3469 φύσιν,ἢ
1476 3398 1747 3469 σύμϐασις

173 3480 283 3534 τῶν
331 3480 485 3551 παρὰ
536 3482 716 3549 φύσιν.
757 3485 846 3549 Ὠς
885 3486 993 3555 γὰρ
1042 3487 1138 3540 τοῦ
1173 3489 1466 3560 ὐπερόντος
1507 3493 1745 3563 φυσικὴν

170 3570 274 3623 οὐκ
312 3570 507 3641 ἔχομεν
526 3571 776 3643 δύναμιν,
809 3574 982 3638 οὕτως
1009 3575 1133 3629 οὔτε
1174 3576 1266 3630 τοῦ
1312 3579 1385 3649 μὴ
1423 3578 1576 3644 ὄντος
1620 3581 1742 3652 ἔχο-

177 3677 278 3732 μεν
315 3662 471 3730 φύσει
500 3662 599 3733 τὴν
622 3663 869 3735 δύναμιν.
896 3666 1181 3738 Πάσχομεν
1219 3664 1313 3722 οὖν
1361 3670 1437 3733 ὡς
1468 3671 1607 3742 ὑπὲρ
1640 3674 1743 3742 φύ-

174 3769 261 3806 σιν
288 3747 451 3806 οὗσαν
473 3754 615 3807 κατὰ
644 3755 826 3826 χάριν,
854 3756 968 3809 ἀλλ’
990 3757 1050 3810 οὐ
1083 3758 1344 3827 ποιοῦμεν
1380 3760 1481 3830 τὴν
1510 3760 1738 3816 θέωσιν·
1775 3774 1781 3779 ’

167 3844 237 3896 οὐ
266 3844 373 3915 γὰρ
404 3844 600 3916 ἔχομεν
626 3846 783 3916 φύσει
806 3848 1061 3917 δεκτικὴν
1089 3848 1189 3918 τῆς
1222 3848 1471 3913 θεώσεως
1493 3852 1743 3921 δύναμιν.

168 3933 285 3986 Καὶ
330 3937 612 4005 πάσχομεν
661 3936 827 3990 πάλιν
871 3937 948 4000 ὡς
990 3938 1140 4009 παρὰ
1167 3937 1328 4007 φύσιν
1353 3980 1367 4005 ,
1390 3939 1583 4013 γνώμῃ
1604 3943 1745 3996 κατά

168 4023 446 4094 σύμϐασιν
472 4028 571 4098 τὴν
597 4029 797 4082 κακίαν
821 4046 837 4062 ο
872 4029 933 4082 οὐ
968 4029 1078 4100 γὰρ
1105 4030 1301 4101 ἔχομεν
1347 4031 1484 4103 πρὲς
1530 4034 1744 4102 γένεσιν

168 4115 372 4180 κακίας
409 4120 641 4191 φυσικὴν
667 4119 910 4190 δύναμιν.
949 4120 1217 4192 Ποιοῢμεν
1242 4117 1335 4176 οὖν
1379 4124 1610 4178 ἐνταῦθα
1642 4126 1743 4195 φῦ·

170 4225 259 4262 σει
284 4208 436 4274 ὄντες
468 4210 566 4273 τὰς
588 4210 810 4280 ἀρετὰς,
846 4211 982 4282 πρὸς
1016 4213 1077 4265 τὸ
1098 4212 1301 4277 ταύτας
1331 4217 1506 4269 ποιεῖν
1530 4216 1743 4286 ἔχοντες

166 4300 407 4369 φυσικὴν
437 4299 537 4371 τὴν
566 4299 799 4371 δύναμιν
824 4317 837 4332 ·
875 4303 1157 4373 πάσχομεν
1188 4302 1246 4356 δὲ
1284 4307 1424 4359 κατὰ
1453 4306 1513 4359 τὸ
1549 4308 1742 4378 μέλλον

164 4390 271 4463 τὴν
305 4390 498 4445 θέωσιν
524 4432 539 4457 ,
574 4393 675 4463 τὴν
705 4392 841 4463 πρὸς
874 4393 937 4447 τὸ
975 4394 1168 4447 παθεῖν
1212 4394 1417 4468 ταύτην
1459 4400 1601 4455 κατὰ
1639 4400 1740 4453 6w-

172 4484 303 4552 ρεᾶς
335 4484 495 4554 χάριν
521 4484 820 4555 δεχόμενοι.

1847 3217 2070 3289 quidem
2095 3217 2256 3280 ratio,
2286 3214 2555 3269 naturalis
2584 3212 2814 3266 facultas
2846 3218 2930 3266 est
2954 3210 3291 3280 operationis
3310 3209 3428 3263 vir-

1846 3317 2059 3372 tutum;
2096 3303 2339 3377 patiendi
2391 3319 2524 3357 vero
2558 3302 2730 3368 ratio,
2779 3300 2865 3356 vel
2897 3316 3087 3355 eorum
3130 3300 3305 3371 gratia
3339 3307 3426 3355 est

1844 3413 1964 3468 quae
1990 3405 2239 3450 naturam
2272 3401 2556 3465 superant,
2574 3393 2659 3447 vel
2685 3408 2877 3447 eorum
2907 3407 3070 3446 casus
3088 3407 3151 3445 ac
3170 3398 3421 3455 eventus,

1844 3504 1965 3558 qua:
2004 3495 2131 3542 sunt
2180 3494 2381 3556 przeter
2436 3495 2710 3540 naturam.
2744 3483 3218 3549 Quemadmodum
3272 3481 3421 3536 enim

1842 3577 1962 3648 ejus
1988 3575 2134 3645 quod
2167 3575 2334 3629 rebus
2367 3573 2621 3644 superius
2657 3584 2761 3639 est,
2788 3570 3212 3640 haudquaquam
3256 3576 3422 3623 natu-

1842 3672 2013 3726 ralem
2057 3671 2371 3725 facultatem
2408 3668 2697 3733 habemus,
2744 3666 2819 3719 ita
2854 3681 2957 3720 nec
2982 3664 3100 3734 ejus
3146 3663 3289 3733 quod
3321 3676 3423 3718 nec

1843 3772 1928 3817 est
1955 3763 2009 3816 in
2051 3762 2238 3825 rebus,
2267 3760 2515 3814 seunihil
2543 3766 2649 3825 est,
2687 3758 2948 3811 facultate
2973 3764 3171 3809 natura
3204 3753 3423 3823 praediti

1844 3868 2052 3908 sumus.
2098 3852 2344 3906 Patimur
2375 3865 2526 3919 ergo,
2581 3856 2643 3902 ut
2675 3847 2819 3916 quod
2855 3855 3106 3898 naturam
3158 3851 3421 3914 superet,

1843 3959 1953 3997 non
1988 3956 2121 3995 vero
2162 3940 2412 4003 facimus,
2454 3939 2612 4008 cujus
2656 3936 2819 3990 nobis
2863 3941 3055 3989 auctor
3087 3934 3285 4003 gratia,
3314 3933 3422 3988 hoc

1843 4033 1990 4105 quod
2020 4031 2377 4095 dcificamur;
2414 4029 2617 4099 quippe
2662 4028 2756 4097 qui
2796 4027 2915 4097 ejus
2938 4040 3192 4094 capacem
3222 4035 3422 4077 natura

1842 4126 2158 4181 facultatem
2214 4122 2417 4177 nullam
2455 4120 2773 4175 habeamus.
2823 4118 3036 4171 Rursus
3079 4131 3209 4170 vero
3268 4114 3425 4168 mali-

1845 4217 1974 4271 tiam
2000 4226 2166 4285 atque
2198 4214 2415 4277 vitium,
2438 4211 2584 4282 quod
2615 4218 2806 4264 contra
2833 4216 3108 4272 naturam,
3138 4205 3422 4260 voluntate

1843 4296 2124 4380 animique
2156 4308 2441 4364 sententia
2470 4305 2703 4367 accidat,
2729 4303 2998 4373 patimur;
3035 4298 3239 4369 quippe
3265 4297 3424 4366 cujus

1843 4403 2072 4473 originis
2116 4401 2268 4455 nulla
2321 4399 2377 4453 in
2407 4397 2569 4452 nobis
2610 4393 2879 4450 naturalis
2906 4390 3138 4445 facultas
3174 4388 3421 4443 exsistat.

1776 4489 1818 4543 D
1847 4495 2211 4563 Quamobrem
2244 4492 2374 4547 dum
2413 4488 2669 4561 praesenti
2690 4502 2806 4543 aevo
2832 4485 3062 4556 agimus.
3095 4489 3292 4536 natura
3313 4478 3426 4532 vir-

166 4586 318 4633 tutes
346 4594 657 4649 operamur,
687 4581 753 4636 ad
785 4597 921 4652 quas
949 4584 1250 4653 praestandi
1268 4588 1504 4641 naturali
1539 4570 1796 4645 instructi
1856 4591 2112 4646 facultate
2139 4603 2368 4643 sumus:
2406 4587 2461 4640 in
2528 4584 2717 4639 futuro
2772 4590 2955 4636 autem
3019 4575 3422 4632 deiﬁcationem

161 4668 429 4739 patimur,
458 4673 617 4741 cujus
644 4672 914 4741 patienda:
940 4673 1169 4743 gratiam
1202 4690 1264 4729 ac
1297 4691 1499 4731 munus
1532 4680 1562 4731 a
1599 4678 1708 4732 Deo
1750 4693 2176 4749 consequamur.

237 4767 344 4825 ος’.
370 4762 635 4830 Ποιοῦμεν
665 4764 844 4832 ἡμεῖς,
882 4765 967 4833 ἐφ’
994 4765 1118 4817 ὅσον
1154 4768 1255 4837 τήν
1287 4784 1345 4820 τε
1392 4767 1500 4820 τῶν
1530 4768 1741 4839 ἀρετῶν

159 4852 456 4925 ποιητικὴν
481 4852 641 4924 φύσει
670 4854 894 4927 λογικὴν
916 4853 1114 4928 ἔχομεν
1151 4857 1376 4927 δύναμιν
1412 4860 1741 4930 ἐνεργουμέ-

159 4960 267 5015 νην
300 4960 315 4975 °
346 4947 440 5000 καὶ
463 4947 562 5017 τὴν
592 4947 773 5018 πάσης
800 4947 1056 5017 γνώσεως
1088 4949 1342 5023 δεκτικὴν
1368 4950 1561 5022 νοερὰν
1584 4952 1746 5023 ἀσχέ-

244 5109 290 5142 ao
322 5107 510 5164 Matth.
546 5125 656 5174 χιι,
697 5080 785 5163 i9.

237 5237 339 5316 (δ)Δ
460 5243 691 5316 φυσικὴ
719 5242 1443 5316 πρὸς-ἁρετῶιορνέργειαν
1464 5247 1740 5316 δύναμις.

161 5312 257 5369 Sic
291 5312 576 5383 Maximus,
604 5313 709 5367 hoc
741 5312 889 5381 quod
920 5323 1005 5367 est
1033 5329 1195 5383 agere
1220 5312 1437 5381 definit,
1464 5312 1743 5371 Naturalis

162 5381 396 5456 facultas
424 5384 698 5456 aperandi,
728 5397 820 5456 seu
843 5381 1129 5456 prwstandi
1161 5384 1395 5456 virtutes.
1434 5386 1509 5442 Ac
1540 5388 1744 5456 ubique

162 5451 227 5525 τὸ
257 5451 695 5525 φύσειχορμοιιίι
718 5451 815 5525 τῷ,
854 5454 1004 5525 παρᾲ
1038 5454 1218 5525 φύσιν.
1261 5454 1352 5510 Sic
1379 5457 1528 5525 loqui
1556 5451 1746 5511 doc'uit

164 5521 392 5596 Paulus,
429 5521 589 5596 non].
640 5539 696 5596 n_.
731 5522 898 5575 Ὅταν
942 5522 1071 5596 ἔθνη
1109 5523 1267 5596 φύσει
1310 5525 1380 5579 τά
1422 5521 1516 5579 τοῦ
1571 5527 1740 5596 νόμου

167 5593 299 5660 ποιῇ
338 5609 350 5622 ·
394 5594 547 5661 quasi
571 5609 633 5646 ea:
650 5592 809 5646 ductu
827 5600 982 5665 atque
1011 5594 1259 5646 instinctu
1293 5604 1521 5659 natura,
1552 5592 1741 5665 illique

163 5670 572 5733 consentanee;
629 5670 760 5715 tunc
818 5661 983 5715 etiam
1016 5677 1141 5716 cum
1204 5665 1375 5732 gratia
1413 5661 1737 5733 excitamur,

165 5737 327 5791 extra
348 5746 511 5800 quam
544 5731 599 5786 in
639 5740 837 5785 natura
869 5741 1147 5800 corrupta,
1170 5731 1279 5787 non
1306 5733 1466 5803 φύσει
1503 5731 1736 5806 agimus,

1917 4772 2003 4825 76.
2032 4771 2258 4840 Agimus
2288 4784 2411 4832 nos,
2444 4777 2718 4838 quatenus
2745 4763 3000 4819 rationali
3021 4762 3279 4817 facultate
3305 4759 3423 4814 vir-

1853 4870 2033 4918 tutum
2060 4863 2338 4917 effectrice
2366 4869 2560 4917 natura
2583 4858 2798 4930 praediti
2830 4874 3041 4937 sumus,
3071 4856 3424 4925 scientiaeque

1852 4952 2031 5008 omnis
2064 4968 2262 5023 capace
2311 4952 2560 5007 absolute
2591 4950 2792 5006 mentis
2827 4949 3116 5013 facultate,
3168 4960 3423 5001 omnem-

1850 5249 1947 5319 sed
1977 5249 2126 5318 παρὰ
2158 5249 2319 5319 φύσιν
2340 5265 2355 5281 ο
2382 5249 2483 5304 etsi
2511 5249 2776 5304 Maximus
2804 5250 2943 5304 nihil
2966 5248 3057 5305 hic
3084 5248 3421 5319 peculiarius

1852 5318 1920 5373 de
1945 5320 2118 5389 gratia
2149 5318 2410 5389 explicat,
2436 5320 2554 5373 sine
2576 5336 2682 5388 qua
2721 5328 2935 5374 certum
2962 5330 3045 5375 est
3075 5318 3178 5374 nos
3202 5335 3312 5373 non
3335 5321 3421 5375 di-

1851 5387 1988 5459 gnos
2031 5387 2170 5442 efﬁci
2230 5387 2386 5441 beata
2444 5390 2535 5443 illa
2582 5387 2868 5457 passione,
2905 5406 3025 5459 quae
3058 5397 3143 5443 est
3189 5390 3418 5455 θέωσις,

1852 5458 2204 5530 perfectaque
2230 5474 2356 5530 cum
2383 5459 2495 5530 Deo
2544 5460 2851 5530 similitudo
2902 5458 3134 5530 erSque
3177 5458 3417 5530 adepﬁtio,

1852 5528 2078 5582 omnino
2107 5527 2382 5581 excedens
2405 5529 2515 5582 vim
2551 5537 2608 5583 et
2644 5527 2958 5584 facultatem
2996 5537 3204 5583 naturae
3230 5529 3418 5597 (etiam

1849 5599 2029 5667 quoad
2065 5597 2309 5666 modum)
2335 5600 2486 5651 omni
2529 5600 2754 5668 proprio
2790 5610 2912 5655 actu
2949 5600 3002 5653 in
3039 5613 3103 5651 ea
3144 5606 3419 5668 cessante,

1847 5669 1959 5723 Deo
1997 5669 2101 5723 sibi
2146 5668 2367 5739 penitus
2392 5667 2642 5722 animum
2664 5669 2991 5739 subjiciente
3020 5669 3182 5724 beato
3210 5667 3305 5725 illo
3339 5667 3419 5725 si-

1845 5739 2037 5805 lentio,
2084 5739 2313 5809 ejusque
2338 5738 2557 5794 fruendi
2583 5739 2730 5798 felici
2760 5738 3111 5798 necessitate.
