3930 6324
456 325 598 391 1215

1617 332 1676 391 S.
1718 329 2004 391 ΜᾹΧΙΜΙ
2043 329 2552 400 CONFESSORIS

3613 340 3750 409 1216

454 445 518 486 ac
548 434 814 501 Verbum,
846 435 1070 492 eosdem
1101 438 1336 494 actionis
1391 441 1632 500 cultores
1682 445 1750 500 ad
1800 448 2038 512 Patrem,

2148 452 2212 505 δι’
2250 445 2326 506 ὧν
2352 453 2429 517 ὡς
2462 455 2633 523 Λόγος
2662 454 2798 526 πρὸς
2843 454 2935 509 τὸν
2975 457 3035 509 ἐν
3076 449 3121 524 ᾧ
3177 457 3324 511 κατὰ
3355 457 3534 528 φύσιν
3573 461 3746 528 ἐστὶ-ε,

452 529 510 582 in
540 541 652 595 quo
685 542 784 598 per
815 535 1067 582 naturam
1087 537 1191 593 est,
1223 544 1441 587 sursum
1472 535 1715 590 adducit.

527 616 617 670 85.
654 616 788 671 Vita:
816 620 1235 675 conversionem
1272 623 1593 695 cultumque
1617 629 1946 699 angelicum,
1974 645 2037 687 ac
2123 637 2126 639 λ

456 715 823 778 spontaneum
874 711 1045 765 animi
1088 727 1213 767 cum
1248 730 1478 785 corpore
1517 717 1842 781 divortium,
1889 723 2034 777 divi-

462 812 651 866 naeque
687 797 743 853 in
802 800 998 868 spiritu
1047 801 1463 859 instaurationis
1513 815 1718 870 ortum,
1757 809 1895 863 Novi
1935 809 2039 866 Tc—

457 889 719 944 stamenti
774 891 1067 959 proiitetur
1125 896 1463 965 mysterium.
1508 896 1815 967 Spiritalem
1871 918 2037 971 porro

461 975 939 1032 circumcisionem
963 993 1166 1032 vocare
1194 982 1366 1036 moris
1388 984 1689 1040 estdivinae
1715 987 2034 1057 Scriptum,

459 1067 608 1134 quod
657 1067 953 1124 libidinosa
1000 1071 1169 1126 animi
1218 1073 1286 1127 ad
1339 1089 1540 1144 corpus
1591 1076 1808 1132 affectio
1845 1094 2037 1149 ampu-

463 1164 641 1219 latum,

532 1249 619 1304 86.
652 1251 802 1306 Deus
833 1265 958 1307 cum
1000 1254 1180 1312 bonus
1217 1272 1281 1312 ac
1316 1258 1587 1330 benignus
1613 1259 1703 1326 sit,
1735 1263 1975 1333 malique
2006 1279 2038 1320 a

461 1339 626 1394 nobis
682 1350 849 1410 atque
891 1343 1014 1397 vitii
1057 1360 1246 1400 semen
1288 1363 1516 1416 prorsus
1561 1351 1868 1420 exstirpare
1905 1353 2039 1408 velit

465 1429 822 1502 (voluptatem
870 1434 1081 1489 scilicet
1128 1453 1193 1492 ac
1240 1438 1546 1506 libidinem,
1599 1458 1719 1512 quae
1773 1459 1802 1498 a
1853 1444 2037 1500 divina

463 1521 731 1589 charitate
770 1524 1014 1579 animum
1066 1527 1372 1594 subduxit),
1417 1531 1659 1598 diabolo,
1715 1542 1777 1587 ut
1820 1535 2038 1590 labores

464 1611 628 1666 nobis
653 1622 708 1668 et
740 1616 1006 1684 supplicia
1043 1618 1264 1683 inferat,
1287 1623 1590 1690 permittit;
1632 1641 1742 1694 quo
1774 1627 2037 1682 nimirum

464 1705 627 1758 simul
653 1721 717 1760 ac
747 1709 936 1772 semel,
978 1719 1092 1764 tum
1134 1713 1254 1782 ejus
1285 1730 1407 1783 quae
1436 1718 1749 1782 antecessit,
1785 1721 2037 1790 volupta-

466 1793 537 1847 tis
575 1795 728 1850 virus
771 1813 869 1866 per
926 1799 1145 1856 labores
1189 1802 1376 1860 animo
1410 1805 1706 1876 abstergat,
1748 1817 1863 1860 tum
1909 1784 2038 1864 vero
2072 1784 2110 1838 Β

465 1884 758 1941 adversum
789 1887 954 1958 hujus
977 1891 1078 1944 avi
1119 1906 1227 1956 res,
1261 1909 1325 1948 ac
1367 1909 1490 1962 quae
1525 1897 1629 1950 soli
1663 1899 1854 1952 sensui
1885 1899 2041 1953 blan-

464 1976 712 2041 diantur,
765 1978 953 2033 odium
1011 1980 1174 2036 nobis
1227 1985 1638 2055 perfectamque
1693 1988 2040 2044 abhorrentis

465 2064 638 2118 animi
689 2064 1116 2134 displicentiam,
1179 2069 1419 2139 ingerat;
1474 2082 1535 2127 ut
1589 2090 1823 2143 quarum
1883 2092 2038 2138 usus,

465 2163 663 2225 praeter
705 2171 945 2226 poenam,
995 2161 1218 2229 majoris
1259 2161 1395 2215 nihil
1444 2167 1717 2220 commodi
1775 2167 1975 2222 habeat
2023 2187 2038 2222 :

467 2243 634 2312 idque
680 2244 900 2298 demum
935 2263 1126 2318 agens,
1158 2260 1218 2303 ut
1247 2249 1396 2304 illius
1426 2251 1614 2317 ultrix,
1647 2254 2040 2325 hominumque

465 2333 795 2402 propensior
843 2335 970 2390 odio
1027 2339 1293 2407 potentia,
1344 2341 1484 2411 ipsa,
1534 2343 1675 2398 mala
1721 2344 2038 2416 iniligendo,

465 2423 533 2478 ad
567 2425 848 2491 virtutem,
884 2442 980 2482 eos
1017 2430 1111 2499 qui
1153 2439 1348 2500 sponte
1397 2432 1467 2488 ab
1510 2449 1576 2489 ea
1621 2437 1862 2507 prolapsi
1907 2439 2037 2505 sint,

466 2522 624 2584 cogat
651 2526 708 2571 et
744 2517 990 2572 reducat.

537 2606 626 2662 87.
663 2609 873 2665 Decens
912 2612 1070 2681 plane
1101 2628 1434 2686 aequumque
1476 2626 1582 2682 est,
1624 2627 1685 2674 ut
1719 2619 1813 2689 qui
1847 2635 2042 2690 pravas

467 2695 672 2752 diaboli
701 2702 1100 2770 suggestiones,
1141 2714 1203 2760 ut
1233 2716 1431 2776 sponte
1468 2718 1779 2777 peccarent,
1809 2711 2042 2769 libentes
2113 2723 2117 2728 ‘

466 2788 652 2842 animo
680 2803 1068 2860 susceperunt,
1111 2795 1179 2850 ab
1210 2813 1278 2851 eo
1317 2800 1636 2867 puniantur.
1680 2802 1896 2857 Etenim
1927 2805 2043 2859 dia-

467 2878 630 2934 bolus
669 2890 784 2935 tum
831 2899 931 2953 per
977 2886 1324 2944 voluntarios
1376 2890 1606 2947 affectus
1647 2909 1713 2948 ac
1759 2895 2042 2962 passiones

465 2972 764 3042 voluptatis
791 2982 942 3030 sator
985 2987 1091 3042 est,
1130 2987 1247 3034 tum
1288 2981 1498 3038 doloris
1525 2998 1591 3038 ac
1637 2986 1916 3042 cruciatus
1940 3003 2041 3057 per

466 3062 871 3123 involuntarios
901 3069 1148 3126 inﬂictor
1178 3083 1236 3126 et
1260 3084 1435 3129 actor.

539 3156 626 3212 88.
667 3159 820 3216 Mens
855 3165 1310 3232 contemplationi
1350 3167 1534 3222 dedita
1586 3179 1751 3239 atque
1797 3175 2040 3243 sapiens,

467 3248 677 3305 idcirco
718 3251 865 3306 haud
906 3270 1035 3308 raro
1069 3257 1362 3324 plectenda
1401 3259 1622 3315 diabolo
1660 3264 1914 3332 traditur,
1947 3269 2043 3337 qui

461 3335 610 3406 juste
657 3338 709 3392 ei
755 3338 975 3394 labores
1007 3357 1394 3413 :erumnasque
1439 3362 1536 3401 seu
1573 3349 1757 3405 clades
1796 3335 2042 3421 inducat,

467 3435 530 3480 ut
561 3426 736 3482 discat
770 3430 941 3500 magis
974 3446 1073 3500 per
1109 3433 1274 3498 mala,
1320 3451 1442 3505 quae
1484 3438 1714 3506 patitur,
1764 3444 2043 3512 patienter

465 3515 695 3572 ferendo
735 3535 800 3573 ac
847 3522 1174 3577 sustinendo
1216 3525 1614 3597 philosophari,
1651 3547 1816 3601 quam
1863 3543 1923 3588 ut
1953 3552 2047 3590 su-

467 3606 702 3675 perﬂue,
759 3609 852 3677 iis,
899 3627 1022 3682 quae
1057 3629 1169 3669 non
1208 3625 1360 3682 sunt,
1401 3621 1792 3691 superbiendo,
1841 3643 2043 3685 evane-

465 3704 603 3750 scat.

536 3786 624 3842 89.
677 3787 782 3855 Qui
835 3792 906 3848 ob
958 3792 1141 3850 lmsam
1189 3797 1289 3852 Dei
1333 3801 1564 3870 gratiam
1629 3805 1857 3874 patitur,
1911 3809 2042 3866 dum

465 3880 710 3935 sanantis
736 3896 864 3935 eum
894 3883 1096 3941 divinae
1118 3888 1484 3956 providentiae
1509 3895 1781 3952 rationem
1807 3914 2036 3970 agnove-

465 3968 559 4034 rit,
586 3978 701 4024 tum
732 3972 879 4026 illata
908 3975 1048 4029 mala
1081 3978 1287 4048 gratias
1315 3982 1528 4051 agendo
1554 3987 1754 4054 gaudio
1785 3968 2038 4060 suscipit,

466 4069 582 4114 tum
610 4064 769 4134 cujus
795 4064 953 4136 532
990 4069 1166 4137 gratia
1195 4072 1448 4140 punitur,
1483 4074 1748 4131 delictum
1787 4081 2036 4150 corrigit.

463 4149 568 4213 Qui
599 4166 732 4206 vero
761 4153 882 4224 ejus
914 4155 1203 4213 medicina:
1234 4174 1459 4216 sensum
1492 4179 1602 4218 non
1635 4166 1887 4236 percipit,
1921 4149 2038 4225 tum

463 4254 496 4294 a
527 4255 788 4298 concessa
816 4247 994 4316 gratia
1021 4249 1169 4319 juste
1197 4261 1538 4320 removetur,
1580 4264 1698 4310 tum
1738 4257 2037 4319 libidinum

461 4345 530 4386 ac
565 4333 827 4390 vitiorum
873 4337 1190 4394 confusioni
1228 4343 1489 4411 traditur,
1537 4346 1595 4400 in
1639 4347 1744 4403 hoc
1785 4351 2039 4407 desertus

2136 543 2325 611 ἀνάγει
2356 545 2575 616 Πατέρα
2602 547 2728 610 τοὺς
2758 547 3114 618 πράττοντας.

2209 642 2313 689 πε¹.
2341 637 2496 708 Ζωῆς
2522 637 2812 708 μετάθεσιν
2848 642 2944 693 καὶ
2979 640 3235 712 λατρείαν
3264 641 3614 712 ἀγγελικὴν,
3647 643 3743 697 καὶ

2142 727 2280 796 πρὸς
2307 727 2465 798 σῶμα
2489 729 2666 800 ψυχῆς
2699 731 2943 784 ἑκούσιον
2976 732 3356 804 ἀλλοτρίωσιν,
3391 733 3501 787 καὶ
3687 737 3744 788 ἐν

2139 818 2406 889 πνεύματι
2436 820 2588 884 θείας
2618 825 3032 895 μεταποιήσεως
3064 825 3314 892 ’γένεσιν⁹
3343 827 3408 880 τὸ
3456 827 3568 896 τῆς
3593 829 3741 892 Νέας

2145 910 2424 983 Διαθήκης
2463 916 2820 984 καταγγέλλει
2872 918 3192 988 μυστήριον.
3241 921 3655 990 Πνευματικὴν
3689 921 3742 974 ἃ

2140 1004 2442 1075 περιτομὴν
2495 1007 2524 1058 6
2571 1006 2729 1075 λόγος
2779 1003 2887 1061 οἶδε
2943 1009 3149 1074 καλεῖν,
3215 1009 3314 1080 τὴν
3376 1011 3489 1081 τῆς
3556 1016 3739 1081 ἔμπα-

2137 1090 2264 1156 θοῦς
2294 1094 2532 1171 σχέσεως
2570 1096 2709 1168 πρὸς
2747 1098 2908 1168 σῶμα
2944 1100 3043 1170 τῆς
3075 1100 3251 1171 ψυχῆς
3273 1102 3555 1173 ἐκτομὴν.

2209 1262 2324 1327 σις’.
2373 1262 2602 1331 ’Λγαθδς
2637 1265 2898 1334 ὑπάρχων
2925 1266 2953 1318 6
2993 1265 3158 1330 Θεὸς,
3195 1266 3289 1319 καὶ
3335 1266 3518 1319 θέλων
3578 1267 3742 1337 ἡμῶν

2139 1353 2346 1407 ὲκτῖλαι
2378 1355 2662 1430 παντελῶς
2694 1355 2757 1408 τὸ
2797 1359 2897 1426 τῆς
2942 1357 3141 1421 κακίας
3181 1359 3405 1430 σπέρμα
3475 1359 3584 1430 τὴν
3615 1359 3740 1429 ἠδο-

2138 1445 2254 1515 νὴν,
2293 1445 2390 1516 τὴν
2419 1445 2510 1498 τὸν
2534 1428 2658 1499 νοῦν
2686 1447 2787 1518 τῆς
2820 1447 2969 1512 Θείας
3001 1428 3426 1520 ἀποσυλήσασαν
3464 1428 3701 1521 ἀγὰπής
3721 1493 3735 1515 ,

2139 1539 2413 1607 συγχωρεῖ
2437 1535 2514 1607 τῷ
2546 1536 2777 1608 διαϐόλῳ
2804 1540 2997 1604 πόνους
3031 1542 3163 1612 ἡμῖν
3190 1542 3283 1595 καὶ
3319 1543 3606 1613 τιμωρίας
3649 1545 3740 1595 ἐπ-

2137 1625 2385 1692 αγαγεῖν·
2433 1625 2574 1678 κατὰ
2611 1626 2805 1682 ταύτὸν
2846 1629 2939 1681 καὶ
2971 1629 3069 1699 τῆς
3109 1630 3501 1702 προλαϐοὐσης
3541 1633 3735 1704 ἡδονῆς

2138 1713 2229 1766 τὸν
2289 1714 2385 1778 ίὸν,
2425 1713 2514 1768 διὰ
2559 1715 2670 1768 τῶν
2732 1716 2910 1770 πόνων
2962 1718 3060 1788 τῆς
3091 1718 3271 1789 ψυχῆς
3312 1721 3614 1787 ἀποξέων,
3643 1724 3735 1774 καὶ

2141 1805 2276 1877 πρὸς
2305 1806 2373 1859 τὰ
2402 1807 2645 1876 παρόντα
2674 1809 2767 1861 καὶ
2801 1809 2970 1878 μόνην
2999 1810 3098 1880 τὴν
3149 1810 3403 1881 αἴσθησιν
3449 1812 3732 1877 σαίνοντα,

2143 1901 2298 1968 μῖσος
2321 1900 2453 1969 ἡμῖν
2476 1899 2570 1953 καὶ
2600 1898 2813 1954 τελείαν
2837 1900 3208 1964 ἀπώιάθεσιν,
3241 1902 3317 1966 ὡς
3352 1905 3531 1974 μηδὲν
3565 1924 3733 1974 τιμω-

2120 1987 2264 2058 ⁹ρίας
2292 1989 2454 2041 πλέον
2477 1988 2555 2052 είς
2587 1989 2778 2061 κέρδος
2817 1992 3131 2061 κεκτημένα
3175 1991 3318 2046 κατὰ
3359 1994 3464 2063 τὴν
3507 1999 3730 2067 χρῆων,

2139 2081 2436 2151 ἐμποιῆσαι
2462 2081 2806 2152 βουλόμενος,
2831 2083 2925 2137 καὶ
2967 2082 3063 2153 τὴν
3096 2085 3304 2137 ἐκείνου
3349 2088 3611 2158 τιμωρδν
3642 2088 3730 2141 δύο

2140 2189 2305 2242 ναμιν
2337 2173 2432 2226 καὶ
2469 2174 2874 2244 μισάνθρωπον,
2899 2172 3006 2245 τῆς¹
3029 2175 3167 2244 πρὸς
3197 2176 3403 2247 ἀρετὴν
3433 2180 3733 2246 ἐπαναγω-

2139 2263 2245 2332 γῆς
2314 2263 2703 2334 περιστατικὴν
2764 2267 2942 2318 αἰτίαν
3007 2265 3343 2337 ποιήσασθαι
3395 2267 3514 2322 τῶν
3567 2270 3733 2342 αὐτῆς

2141 2353 2403 2416 ἑκουσίως
2437 2353 2934 2424 ἀπολισθησὰντων.

2211 2631 2317 2697 πζ’.
2350 2633 2566 2704 Πρέπον
2590 2634 2708 2688 ἐστὶ
2734 2635 2827 2689 καί¹
2861 2635 3068 2690 δίκαιον
3093 2637 3199 2690 ὖπδ
3220 2636 3317 2692 τοῦ
3347 2638 3614 2694 διαϐόλου
3646 2659 3738 2695 mo

2139 2723 2414 2790 λάζεσθαι,
2446 2725 2570 2788 τοὺς
2633 2725 2730 2790 τὰς
2777 2726 2942 2780 αὐτοῦ
2992 2728 3236 2798 πονηρὰς
3287 2729 3591 2799 ὑποθήκας
3628 2731 3734 2785 τῶν

2141 2815 2402 2868 ἑκουσίων
2441 2817 2858 2888 ἁμαρτημάτων
2884 2818 3054 2889 ἡδέως
3083 2818 3439 2890 δεξαμένους.
3475 2823 3594 2875 Καὶ
3627 2825 3734 2893 γὰρ

2140 2906 2234 2957 καὶ
2265 2907 2454 2976 ἡδονῆς
2489 2907 2603 2960 ἐστι
2628 2907 2718 2961 διὰ
2759 2908 2868 2961 τῶν
2898 2909 3164 2963 ἑκουσίων
3193 2911 3390 2965 παθῶν
3426 2913 3672 2983 σπορεῦς
3704 2914 3734 2967 6

2140 2991 2383 3056 διάϐολος
2409 3034 2423 3058 ,
2475 2993 2568 3047 καὶ
2627 2994 2822 3066 ὀδύνης
2883 2997 2972 3051 διὰ
3023 2999 3132 3052 τῶν
3178 3000 3457 3056 ἀκουσίων
3507 3005 3732 3072 ἐπαγω-

2067 3113 2110 3170 c
2142 3083 2292 3150 γεύς.

2215 3176 2330 3238 σπη’.
2371 3170 2428 3224 Ὁ
2461 3170 2794 3243 θεωρητικδς
2832 3173 2955 3237 νοῦς
2992 3175 3085 3228 καὶ
3116 3177 3448 3243 γνωστικὸς,
3479 3178 3626 3248 πρὸς
3651 3197 3731 3233 τι-

2149 3259 2361 3328 μωρίαν
2413 3259 2677 3314 ἐκδίδοται
2715 3261 2806 3314 διὰ
2849 3263 3008 3316 τοῦτο
3043 3264 3305 3328 πολλάκις
3347 3265 3434 3335 τῷ
3460 3267 3728 3337 διαεῦλῳ,

2145 3351 2344 3412 πόνους
2387 3349 2536 3420 αὐτῷ
2591 3351 2816 3415 δικαίως
2849 3354 3106 3421 ἐπάγοντι
3147 3357 3241 3408 καὶ
3296 3361 3622 3427 συμφορὰς.
3650 3360 3731 3414 ἶνα

2149 3441 2294 3511 μάθῃ
2345 3429 2589 3512 πάσχων
2626 3443 2756 3513 περὶ
2809 3444 3103 3514 καρτερίας
3153 3445 3356 3516 μᾶλλον
3402 3451 3506 3502 καὶ
3555 3452 3730 3504 πόνων

2146 3532 2424 3602 ὑπομονῆς
2483 3533 2875 3604 φιλοσοφεῖν,ἢ
2931 3535 3185 3606 διακενῆς
3243 3539 3360 3602 τοῖς
3425 3541 3534 3594 οὐκ
3581 3537 3731 3595 οὖσιν

2146 3624 2509 3694 ὑπερηφάνως
2537 3625 2956 3695 ὲμματαιάζειν.

2213 3790 2323 3846 πθ’.
2370 3790 2431 3844 Ὀ
2473 3792 2702 3863 πάσχων
2745 3793 2888 3864 ὑπὲρ
2939 3794 3160 3865 χάριτος
3191 3793 3343 3867 [fort
3376 3796 3524 3868 ὑπὲρ
3567 3798 3726 3862 Θείας

2143 3882 2381 3956 ἐντολῆς]
2407 3883 2544 3937 Θεοῦ
2574 3885 3004 3956 παραὸαθείσης,
3039 3885 3136 3938 ἐὰν
3180 3887 3392 3956 ὲπιγνῷ
3419 3888 3522 3957 τῆς
3553 3890 3722 3960 ἰωμέ-

2140 3993 2239 4045 νης
2266 3974 2429 4028 αὐτὸν
2450 3974 2599 4040 θείας
2623 3975 2879 4047 προνοίας
2906 3975 2997 4029 τὸν
3023 3975 3182 4044 λόγον
3208 3976 3312 4046 τήν
3336 3993 3398 4030 τε
3433 3979 3727 4049 συμφορὰν

2142 4067 2480 4138 εὐχαρίστως
2539 4067 2752 4137 δέχεται
2797 4065 3032 4136 χαίρων,
3070 4067 3168 4120 καὶ
3193 4066 3294 4138 τὴν
3323 4067 3469 4139 ὑπὲρ
3493 4065 3564 4142 ἧς
3597 4087 3726 4124 παι-

2139 4160 2351 4214 δεύεται
2391 4157 2699 4230 διορθοῦται
2734 4158 3113 4229 πλημμέλειαν
3137 4175 3152 4190 ο
3196 4159 3226 4211 6
3251 4159 3308 4212 δὲ
3337 4161 3551 4232 ταύτης
3574 4162 3724 4214 ἀναι-

2142 4252 2352 4320 σθητῶν
2382 4252 2480 4320 τῆς
2513 4248 2776 4319 ἰατρείας,
2804 4250 2905 4320 τῆς
2937 4267 3000 4304 τε
3042 4251 3291 4317 δοθείσης
3336 4251 3570 4316 ἐνδίκως
3615 4255 3723 4307 ἀπ·

2139 4341 2330 4409 ἀγεται
2345 4340 2566 4410 χάριτος
2591 4340 2685 4392 καὶ
2705 4341 2771 4409 τῇ
2800 4339 3066 4410 συγχύσει
3090 4341 3201 4396 τῶν
3219 4341 3412 4395 παθῶν
3431 4343 3723 4412 παραδίδο-

465 4431 526 4476 ut
570 4424 691 4494 ipso
740 4437 922 4498 patret
959 4444 1151 4500 opere,
1193 4448 1426 4503 quorum
1469 4438 1657 4494 animo
1703 4426 2036 4497 desiderium

2148 4450 2250 4498 ται,
2286 4432 2423 4504 πρὸς
2471 4433 2571 4503 τὴν
2610 4431 2810 4503 πρᾶξιν
2832 4432 3011 4487 ἐλθεῖν
3033 4433 3616 4506 καταλιμπανόμενος,
3644 4429 3720 4491 ὗν

462 4511 721 4571 habebat.

532 4605 618 4659 90.
654 4607 937 4678 Quisquis,
986 4626 1181 4669 eorum
1221 4631 1344 4685 quas
1385 4605 1464 4672 illi
1503 4619 1703 4676 delicta
1750 4626 2040 4681 commissa

461 4701 611 4760 sunt,
643 4712 810 4752 sensu
847 4700 1142 4770 adductus,
1173 4715 1390 4775 sponte,
1417 4723 1526 4777 qua
1552 4709 1713 4766 decet
1735 4714 2038 4784 gratiarum

460 4786 699 4856 actione,
738 4793 1000 4847 aerumnis
1053 4811 1248 4865 graves
1298 4799 1632 4857 tentationes
1678 4819 1800 4872 quae
1837 4806 2040 4864 invitos

459 4878 765 4947 excipiunt,
797 4891 860 4937 ut
883 4886 1168 4956 suscipiat,
1203 4890 1259 4944 in
1296 4891 1540 4947 animum
1579 4894 1810 4961 inducit,
1860 4897 2036 4952 virtu-

459 4967 532 5024 tis
559 4969 752 5026 habitu
787 4982 953 5046 atque
987 4979 1160 5048 gratia
1188 4997 1297 5036 non
1335 4983 1586 5052 ejicitur;
1615 4993 1678 5039 ut
1705 4988 1801 5056 qui
1839 4998 2034 5057 sponte

457 5060 603 5130 regis
649 5062 942 5136 Babylonis
964 5069 1154 5141 jugum
1199 5075 1458 5139 subierit,
1520 5092 1585 5132 ac
1629 5078 1783 5133 velut
1827 5081 2033 5136 delicto

459 5151 708 5210 facturus
748 5159 882 5214 satis
929 5176 1258 5233 poenamque
1293 5166 1472 5232 luens,
1508 5185 1618 5223 non
1655 5171 1881 5239 abnuat,
1910 5188 2032 5242 qua)

456 5241 538 5297 illi
583 5260 759 5315 preme
799 5247 1114 5306 inferuntur
1157 5270 1173 5306 :
1217 5255 1313 5309 sed
1369 5255 1425 5309 in
1466 5257 1574 5313 illis
1619 5275 1868 5325 manens,
1916 5241 2040 5333 regi

453 5335 679 5406 quidem
725 5339 1019 5412 Babylonis
1076 5343 1284 5400 tributo
1327 5347 1490 5403 solvit
1537 5349 1602 5416 ",
1649 5350 1920 5408 violentos
1962 5370 2030 5410 ex

523 5449 572 5481 “
595 5449 801 5506 Jerem.
832 5468 999 5518 xxv",
1036 5452 1068 5508 6
1095 5468 1248 5526 seqq.

454 5581 595 5644 quos
613 5571 820 5644 statim.
842 5572 972 5644 τοὺς
1005 5573 1342 5644 πράττοντας
1371 5583 1550 5628 vocat.
1590 5575 1733 5640 Alibi
1765 5575 2022 5644 pluribus

453 5637 690 5714 explicat
719 5641 1019 5714 Maximus,
1039 5637 1159 5714 esse
1181 5645 1473 5714 actionem,
1499 5660 1561 5699 ac
1580 5637 1801 5698 virtutis
1829 5661 2017 5714 opera,

457 5650 520 5686 ex
565 5650 690 5690 neat
719 5650 1002 5704 Maximus,
1039 5657 1159 5697 esse
1181 5650 1473 5706 actionem,
1499 5660 1561 5699 ac
1580 5650 1801 5698 virtutis
1829 5661 2017 5714 opera,

457 5650 610 5760 verm
629 5722 830 5776 corpus
866 5711 1113 5767 hominis
1135 5713 1426 5782 spiritalis;
1470 5714 1646 5784 ipsum
1676 5715 2018 5771 intellectum

2137 4526 2461 4589 ὲνδιαθὲτως
2495 4522 2610 4596 εἶχε
2634 4525 2731 4596 τὴν
2762 4525 2969 4594 ἔφεσιν.

2208 4617 2278 4685 ιί.
2312 4619 2428 4681 Πᾶς
2482 4618 2811 4688 ἀνεχόμενος
2877 4617 3142 4682 ἑκουσίως
3186 4619 3252 4672 ὲκ
3299 4620 3402 4688 τῆς
3425 4620 3545 4674 τῶν
3570 4619 3721 4692 αὐτῷ

2135 4709 2542 4782 πεπραγμένων
2567 4708 2993 4777 συναισθήσεως,
3018 4708 3275 4773 δέξασθαι
3292 4711 3395 4772 τὰς
3421 4713 3720 4776 ἐπιπόνους

2133 4801 2242 4856 τῶν
2273 4802 2544 4855 ἀκουσίων
2579 4799 2847 4869 ἐπιφορὰς
2895 4798 3240 4870 πειρασμῶν,
3272 4801 3412 4869 μετὰ
3433 4803 3538 4871 τῆς
3565 4803 3720 4856 δεού-

2140 4910 2240 4962 σης
2280 4891 2651 4962 εὐχαριστίας,
2681 4891 2782 4945 οὐκ
2828 4890 3153 4956 ὲξοικίζεται
3211 4894 3309 4962 τῆς
3356 4896 3483 4944 κατ’
3519 4895 3720 4964 ἀρετὴν

2138 4986 2304 5052 esse;
2327 5003 2386 5038 τε
2419 4985 2512 5038 καὶ
2540 4985 2780 5056 χάριτος,
2811 4985 2886 5048 ὡς
2912 4985 3160 5040 ὑπελθὼν
3188 4987 3454 5049 ἑκουσίως
3501 4991 3597 5042 τὸν
3623 4991 3718 5056 ζυ-

2137 5075 2232 5143 γδν
2256 5075 2517 5144 βασιλέως
2557 5074 2902 5139 Βαϐυλῶνος,
2935 5075 3030 5128 καὶ
3054 5076 3132 5138 ὠς
3169 5078 3330 5147 χρέος
3398 5079 3714 5143 timur-5;,

2135 5166 2236 5229 τὰς
2273 5165 2381 5219 τῶν
2417 5165 2664 5235 βασάνων
2689 5165 2960 5234 ἐπιφορὰς
2992 5167 3426 5238 καταδεχόμενος
3455 5186 3475 5200 ο
3510 5171 3630 5224 ἀλλ’
3661 5175 3717 5224 ἐν

2136 5259 2327 5321 αὐταῖς
2353 5257 2549 5327 μένων,
2578 5257 2722 5310 τελεῖ
2749 5257 2824 5326 τῷ
2850 5257 2948 5326 μὲν
2976 5256 3186 5327 βασιλεῖ
3212 5258 3562 5324 Βαϐυλῶνος,
3595 5265 3718 5324 τοὺς

2137 5357 2201 5408 ὲκ
2223 5355 2316 5408 τοῦ
2341 5349 2585 5420 παθητοῦ
2608 5353 2708 5422 τῆς
2741 5353 2956 5420 φύσεως
2989 5352 3196 5423 βιαίους
3231 5355 3459 5423 πόνους,
3493 5359 3596 5410 καὶ
3617 5355 3718 5426 τὴν

2125 5559 2744 5651 etcentcmplationem,
2769 5579 2923 5651 velut
2950 5579 3229 5647 animam,
3266 5595 3386 5651 qua:
3414 5597 3472 5638 sc
3513 5594 3712 5640 mutuo

2126 5648 2196 5704 ad
2224 5650 2343 5720 ejus
2375 5647 2769 5719 perfectionem
2797 5649 3099 5722 indigeant.
