3930 6324
216 291 358 357 1217

924 298 1257 363 CAPITUM
1298 304 1721 379 QUINQUIES
1761 312 2705 391 CENTENORUMCENTURIA
2744 330 2794 390 Ι.

3343 337 3481 407 1218

206 409 294 460 ἐπ’
322 408 506 471 αὐτοῖς
536 410 674 463 κατά
698 410 937 467 διάνοιαν
970 416 1044 479 ὡς
1066 416 1356 490 ὀφειλέτης
1384 423 1562 479 αὐτῶν
1584 426 1672 480 διὰ
1690 426 1758 480 τὰ

206 496 585 527 ορλἹκκΑ.ε-..-
645 501 950 527 -π...-.--π,ρ
1086 525 1103 527 ω
1306 511 1354 527 ,Α
1634 517 1659 527 ..
1736 521 1753 527 -

1894 442 2092 489 natura
2122 439 2334 506 patibili
2366 456 2433 496 ac
2480 444 2741 512 obnoxia,
2775 447 3017 515 labores,
3058 454 3374 527 mentisque
3421 460 3479 516 in

205 496 585 567 προλαϐοὐσας
644 501 1037 573 πλημμελείας,
1078 511 1476 575 συγκατάθεσιν
1513 533 1525 543 ·
1592 517 1670 588 τῷ
1729 520 1787 572 δὲ

202 587 345 657 Θεῷ,
383 590 707 662 προσφέρων
745 593 831 648 διὰ
859 596 1113 668 λατρείας
1153 603 1431 674 ἀληθινῆς,
1468 607 1567 677 τῆς
1602 587 1786 664 ταπει-

199 677 298 747 νῆς
324 677 468 747 λέγω
503 680 816 753 διαθέσεως,
840 686 937 760 τὴν
980 691 1092 743 τῶν
1128 695 1603 766 παρημελημένων
1641 700 1785 772 διόρ-

200 766 390 823 θωσιν.

271 957 384 1027 ka'.
420 960 477 1015 '0
498 963 597 1035 τὴν
629 966 771 1020 κατά
800 969 1150 1040 συγχώρησιν
1171 974 1307 1027 Θεοῦ
1335 979 1469 1048 πρὸς
1493 980 1780 1051 διόρθωσιν

195 1049 546 1123 ἐπαγομένην
571 1055 719 1124 αὐτῷ
746 1055 833 1111 διά
860 1058 970 1111 τῶν
992 1060 1261 1115 ἀκουσίων
1290 1049 1613 1137 πειρασμῶν
1640 1088 1781 1139 συμ-

195 1141 397 1213 φορὰν,
428 1144 768 1214 εὐχαρίστως
826 1148 902 1220 μὴ
958 1152 1391 1225 καταδεχόμενος
1426 1159 1519 1211 καὶ
1561 1160 1658 1231 τὴν
1685 1162 1780 1213 ἐπὶ

191 1232 275 1303 τῷ
296 1234 472 1287 δοκεῖν
500 1234 707 1300 δίκαιος
732 1233 891 1306 εἶναι,
929 1244 1251 1313 μεταγνοὺς,
1274 1247 1371 1301 οὐκ
1390 1249 1778 1322 ἀποτιθέμενος

191 1325 393 1394 οἴησιν,
422 1325 498 1389 ὡς
543 1329 656 1390 τοῖς
691 1327 857 1393 θείοις
884 1331 992 1383 τῶν
1036 1333 1263 1389 δικαίων
1315 1342 1599 1410 χριμάτων
1631 1344 1778 1397 ἀντι-

194 1414 410 1468 πίπτων
438 1415 795 1488 θεσπίσμασι,
829 1421 924 1473 καὶ
949 1423 1023 1493 μὴ
1056 1427 1487 1499 καταδεχόμενος
1511 1433 1776 1499 ἑκουσίως

192 1501 299 1554 ὑπὸ
319 1502 409 1585 τὸν
433 1502 594 1573 ζυγὸν
609 1507 858 1573 γενέσθαι
887 1510 980 1562 τοῦ
1005 1512 1270 1582 βασιλέως
1303 1516 1620 1585 Βαϐυλῶνος
1637 1525 1776 1577 κατὰ

190 1592 292 1663 τὴν
312 1578 462 1648 θείαν
484 1596 768 1670 διαταγὴν,
793 1602 872 1665 εἰς
890 1578 1267 1674 αἰχμαλωσίαν
1294 1578 1663 1681 παραδίδοται·
1684 1617 1774 1669 καὶ

190 1684 409 1749 κλοιοὺς
431 1687 523 1739 καὶ
548 1687 723 1759 δεσμά
747 1694 841 1745 καὶ
867 1693 1053 1765 λοιμὸν
1087 1699 1181 1751 καὶ
1210 1699 1437 1757 θάνατον
1460 1705 1553 1757 καὶ
1578 1708 1775 1776 μάχα-ι-

1894 538 1991 578 eos
2022 541 2373 595 consensum,
2410 540 2672 603 tanquam
2702 552 2915 599 eorum
2951 556 3101 607 reus,
3134 544 3209 599 ob
3235 561 3324 607 ea,
3353 563 3480 615 qua

1888 614 2002 683 jam
2042 616 2121 671 illi
2148 618 2350 676 delicta
2378 624 2674 681 commissa
2704 636 2854 694 sunt,
2885 631 3000 685 Deo
3039 641 3226 689 autem
3255 651 3356 705 per
3377 614 3478 695 ve-

1891 722 2015 760 rum
2044 710 2257 765 cultum
2301 722 2357 768 et
2382 713 2711 785 obsequium
2747 719 3035 788 (humilem
3067 725 3278 781 scilicet
3306 729 3478 785 animi

1890 815 2115 857 sensum
2142 814 2197 860 et
2238 807 2612 879 aﬂ‘ectionem)
2650 812 2983 871 delictorum
3023 819 3187 875 oﬁert
3214 824 3479 879 emenda-

1891 892 2118 948 tionem.

1958 985 2047 1040 9l.
2109 987 2216 1054 Qui
2270 992 2575 1047 secundum
2635 996 2733 1051 Dei
2786 997 3184 1070 indulgentiam
3240 1005 3473 1076 ejusque

1887 1077 2184 1144 permissu,
2240 1096 2364 1150 quae
2424 1082 2770 1142 inducuntur
2821 1092 3227 1149 emendationis
3283 1111 3470 1162 causa,

1886 1170 2256 1225 tentationum
2306 1173 2508 1230 invitos
2557 1178 2956 1248 excipientium
3008 1183 3256 1248 incursu,
3301 1187 3469 1253 mala,

1884 1261 2185 1330 gratiarum
2231 1266 2448 1322 actione
2494 1285 2604 1324 non
2655 1274 2920 1343 suscipit,
2960 1290 3094 1340 nec,
3143 1279 3470 1347 pmnitentia

1883 1352 2104 1419 ductus,
2136 1356 2356 1411 inanem
2375 1360 2697 1429 jactantiam
2721 1366 2920 1435 suique
2949 1368 3290 1436 opinionem,
3316 1371 3467 1440 quod

1882 1443 1988 1499 sibi
2014 1447 2203 1516 justus
2228 1449 2501 1517 videatur,
2538 1452 2789 1523 deponit,
2831 1464 3089 1527 tanquam
3133 1461 3228 1531 qui
3261 1461 3467 1518 divinis

1875 1535 2153 1605 justorum
2184 1540 2521 1609 judiciorum
2554 1544 2797 1602 decretis
2836 1549 3105 1617 obsistat;
3133 1568 3238 1609 nec
3266 1564 3466 1625 sponte

1882 1626 1939 1680 in
1967 1629 2213 1685 animum
2248 1631 2495 1698 inducat,
2532 1645 2593 1691 ut
2615 1638 2770 1706 juxta
2798 1640 2897 1694 Dei
2935 1643 3279 1709 mandatum,
3317 1647 3466 1716 regis

1880 1717 2177 1789 Babylonis
2209 1738 2268 1779 se
2290 1724 2422 1795 jugo
2449 1727 2727 1798 subjiciat,
2767 1729 2825 1786 in
2872 1734 3245 1802 captivitatem
3286 1737 3461 1792 tradi-

190 1790 315 1846 ραν,
341 1776 433 1829 καὶ
465 1778 564 1848 τῆς
595 1780 732 1845 ἰδίας
759 1785 1040 1849 παντελῶς
1064 1789 1408 1856 ἀποικίζεται
1440 1796 1563 1865 γῆς.
1591 1799 1758 1852 Πάντα

190 1868 300 1898 ηοξ.-
337 1868 508 1898 -..π-..
557 1872 645 1898 ..-ι
687 1875 892 1898 --.ε-η,
948 1879 998 1898 ,3.
1023 1880 1059 1898 ,1
1239 1886 1252 1898 ο
1322 1885 1347 1897 ~
1526 1892 1538 1898 -
1578 1891 1589 1898 .
1708 1894 1718 1898 -

1998 1776 2016 1789 ,ρ
2222 1776 2261 1779 η
2290 1776 2415 1795 ον-τι-
2450 1776 2727 1798 -ηηδ-ν--ντ
2767 1776 2825 1786 --”
2874 1776 3245 1802 ν··ι¹’·’·’“·’ν“³
3289 1776 3460 1792 ""‘"‘

1879 1819 1991 1869 tur.
2016 1815 2337 1884 catenisque
2360 1826 2417 1872 et
2440 1819 2679 1874 vinculis
2696 1830 2753 1875 et
2769 1821 2898 1877 fami
2932 1834 2988 1878 et
3008 1826 3130 1880 neci
3164 1827 3460 1898 gladioque

187 1868 300 1938 γὰρ
337 1868 532 1933 ταῦτα,
557 1872 651 1925 καὶ
686 1875 893 1931 τούτων
939 1879 1157 1935 πλείονα
1179 1923 1194 1947 ,
1230 1886 1257 1936 ό
1288 1885 1387 1956 τῆς
1420 1892 1538 1941 κατ’
1565 1891 1768 1963 ἀρετὴν

188 1961 286 2013 καὶ
302 1962 500 2029 γνῶσιν
534 1964 609 2026 ὼς
636 1964 769 2031 ἰδίας
791 1969 894 2039 γῆς
920 1971 1318 2045 ἐξοικιζόμενος
1340 1978 1509 2045 ἕξεως
1540 1961 1761 2055 πάσχει·

186 2051 278 2105 διὰ
301 2053 362 2106 τὸ
390 2054 463 2126 μὴ
489 2055 662 2110 θέλειν
686 2060 849 2115 αὑτὸν
882 2062 942 2126 ἐξ
967 2063 1347 2137 ὑπερηφανίας
1398 2075 1493 2127 καὶ
1531 2051 1766 2145 ματαίας

185 2142 419 2234 οἰήσεως
455 2147 555 2210 τάς
588 2148 674 2217 ἐφ’
697 2146 778 2215 οἷς
816 2153 1243 2228 ἐπλημμέλησεν
1283 2142 1543 2230 ἐκτιννὺςν
1587 2166 1764 2234 δίκας,

186 2234 249 2286 ὲν
281 2233 523 2305 θλίψεσιν
572 2240 863 2311 εὐδοκῆσαι
914 2248 1008 2299 καὶ
1052 2250 1322 2318 ἀνάγκαις
1366 2255 1459 2307 καὶ
1504 2274 1771 2328 στενοχω-

188 2325 335 2397 ρίαις
370 2327 513 2381 κατά
539 2329 631 2382 τὸν
666 2330 809 2385 θετον
854 2335 1198 2396 Ἀπόστολον,
1226 2344 1380 2414 ’ᾙδει
1402 2346 1511 2416 γάρ
1535 2348 1563 2399 ό
1596 2325 1770 2418 μέγας

198 2415 541 2483 Ἀπόστολος,
564 2419 901 2494 φυλακτικὴν
917 2426 1026 2480 τῶν
1052 2430 1208 2483 θείων
1226 2434 1363 2486 κατὰ
1380 2415 1555 2506 ψυχὴν
1569 2415 1770 2510 θησαυ-

187 2505 298 2574 ρῶν
316 2507 684 2578 ὑπάρχουσαν,
704 2516 799 2585 τὴν
816 2518 971 2581 ἐκτὸς
984 2521 1111 2591 περί
1128 2522 1187 2574 τὸ
1201 2524 1359 2595 σῶμα
1372 2533 1769 2603 συνισταμένην

183 2594 273 2646 διὰ
293 2594 399 2649 τῶν
427 2597 605 2653 πόνων
629 2604 980 2658 ταπείνωσιν·
1012 2613 1104 2661 καὶ
1121 2609 1208 2662 διὰ
1226 2611 1382 2665 τοῦτο
1398 2615 1649 2685 ’στέργων
1671 2620 1769 2670 ὑπ·

184 2682 366 2754 έμενε,
388 2690 480 2741 καὶ
501 2690 588 2745 διὰ
606 2692 816 2760 ἑαυτὸν,
836 2696 929 2748 καὶ
951 2698 1075 2762 τοὺς
1097 2694 1178 2763 οἷς
1200 2703 1399 2774 ἀρετῆς
1416 2682 1515 2758 καὶ.
1533 2706 1768 2772 πίστεως

181 2871 274 2947 τὸν
322 2875 716 2945 ἐπιτιμηθέντα
764 2880 1071 2950 Κορίνθιον,
1131 2886 1209 2948 εἰς
1239 2890 1581 2959 παρηγορίαν
1602 2891 1767 2961 ἔχωσι

182 2964 276 3016 καὶ
327 2965 604 3038 ὑπομονῆς
638 2969 870 3040 μίμησιν
899 2972 988 3026 τὸν
1018 2977 1324 3042 ἀνευθύνως
1361 2982 1658 3052 πάσχοντα.

1877 1901 2174 1968 addicitur,
2230 1915 2397 1977 atque
2448 1911 2675 1967 omnino
2734 1916 2911 1983 patria
2960 1917 3294 1987 sedibusque
3343 1920 3461 1975 suis

1875 1993 2115 2064 ejicitur.
2138 1994 2266 2052 Haec
2299 2000 2447 2053 enim
2473 2002 2680 2068 omnia,
2717 2013 2883 2073 atque
2914 2004 3001 2060 his
3032 2007 3187 2075 plura
3223 2010 3459 2077 patitur,

1874 2085 1969 2153 qui
2000 2086 2153 2140 velut
2169 2095 2312 2142 terra
2335 2104 2455 2154 sua,
2474 2091 2699 2148 virtutis
2714 2094 3069 2165 scientiaeque
3091 2097 3283 2153 habitu
3308 2099 3458 2154 able-

1870 2184 2065 2242 gatur;
2095 2177 2243 2246 quod
2268 2178 2530 2234 nimirum
2556 2196 2671 2251 prae
2694 2182 2976 2252 superbia,
3017 2184 3279 2255 inanique
3311 2187 3450 2243 fastu

1869 2281 1933 2321 ac
1972 2269 2260 2338 jactantia,
2292 2280 2647 2340 peccatorum
2698 2276 2860 2332 luens
2910 2292 3121 2345 pmnas,
3166 2279 3304 2334 nolit
3348 2280 3455 2336 sibi

1864 2358 2022 2427 juxta
2057 2359 2305 2421 divinum
2350 2362 2679 2431 Apostolum
2729 2365 2773 2397 ³³
2821 2366 2878 2419 ίιι
2913 2367 3365 2423 tribulationibus
3398 2380 3456 2423 et

1808 2494 1811 2497 .
1870 2452 2296 2507 necessitatibus
2343 2460 2399 2506 et
2442 2454 2712 2522 angustiis
2765 2454 3006 2524 placere,
3059 2472 3157 2511 seu
3214 2456 3345 2510 boni
3395 2466 3455 2511 et

1868 2540 2010 2609 aequi
2052 2542 2170 2595 haec
2195 2542 2418 2597 ducere.
2445 2544 2557 2598 Nec
2590 2545 2740 2598 enim
2787 2546 2994 2601 latebat
3018 2563 3276 2617 magnum
3304 2548 3451 2617 Apo-

1870 2629 2102 2693 stolum,
2131 2645 2253 2698 quae
2293 2632 2540 2687 exterius
2568 2633 2715 2687 circa
2750 2648 2949 2704 corpus
2983 2637 3083 2705 per
3104 2636 3320 2692 labores
3349 2638 3452 2692 hu-

1807 2764 1811 2768 .
1870 2717 2076 2772 militas
2113 2718 2405 2783 conﬂatur,
2443 2721 2720 2791 ejusmodi
2759 2738 2903 2787 esse,
2934 2734 2995 2799 ut
3030 2739 3131 2793 per
3152 2740 3273 2779 eam
3304 2725 3449 2780 divi-

183 2778 469 2845 προέκειτο
502 2782 689 2847 τύπος”
716 2785 799 2839 ἵνα
815 2786 918 2841 κᾶν
948 2788 1022 2851 ὡς
1041 2791 1331 2846 ὑπεύθυνοι
1354 2796 1603 2867 πάσχωσι
1628 2801 1768 2854 κατά
1811 2850 1816 2855 .

1869 2808 1956 2862 nis
1990 2809 2045 2862 in
2080 2810 2268 2865 animo
2323 2811 2597 2866 thesauris
2642 2812 2817 2881 probe
2870 2822 3153 2870 caveatur.
3202 2816 3452 2885 Eamque

1868 2898 1940 2952 ob
1969 2912 2082 2952 rem
2112 2899 2290 2967 libens
2319 2900 2650 2965 sustinebat,
2684 2913 2800 2956 tum
2829 2904 2913 2958 sui
2958 2905 3076 2974 ipse
3109 2906 3305 2974 gratia,
3331 2916 3448 2962 tum

1868 3002 2061 3041 eorum
2107 2988 2312 3057 quibus
2358 2990 2585 3044 virtutis
2631 3006 2695 3055 ac
2733 2991 2861 3046 ﬁdei
2894 3009 3088 3048 norma
3130 2996 3450 3063 propositus

178 3063 334 3121 erat;
370 3065 430 3109 ut
457 3060 544 3112 vel
581 3076 805 3115 reorum
846 3079 997 3120 more
1028 3069 1323 3137 patientes,
1348 3074 1498 3127 velut
1532 3075 1623 3130 ille
1652 3075 1974 3133 Corinthius
2034 3080 2079 3111 “
2143 3081 2330 3135 multae
2394 3081 2652 3136 addictus
2688 3090 2855 3152 atque
2900 3084 3149 3153 punitus,
3189 3087 3446 3142 consola-

179 3150 351 3206 tionis
369 3164 693 3222 argumento
718 3156 1149 3231 mmuianquue
1182 3166 1464 3234 patientia:
1495 3184 1623 3223 eum
1656 3168 1946 3235 haberent,
1973 3171 2132 3241 533
2164 3172 2259 3242 qui
2285 3180 2342 3227 et
2360 3173 2550 3228 insons
2582 3150 2919 3243 patiebatur.

251 3245 357 3315 ι-ιβκ
404 3246 465 3299 Ὀ
501 3248 575 3319 μὴ
620 3253 732 3315 τοῖς
758 3258 1003 3326 σχήμασι
1036 3262 1144 3315 τῶν
1172 3261 1382 3331 ὁρατῶν
1410 3264 1757 3332 ἐναπομένων

1934 3265 2022 3319 92.
2054 3264 2158 3332 Qui
2185 3282 2381 3322 sensus
2421 3266 2672 3330 libidine,
2699 3282 2886 3322 rerum
2913 3267 3218 3325 visibilium
3254 3270 3447 3342 ﬁguris

175 3337 266 3389 διὰ
290 3337 388 3409 τὴν
427 3338 701 3410 αἴσθησιν,
734 3343 871 3398 ἀλλά
901 3347 1040 3401 κατὰ
1062 3350 1186 3402 νοῦν
1216 3352 1340 3414 τοὺς
1370 3352 1561 3421 λόγους
1582 3352 1760 3405 αὐτῶν

178 3428 483 3499 ἀναζητῶν,
512 3430 587 3495 ὡς
616 3433 820 3504 νοητῶν
849 3436 1053 3503 τύπους
1084 3440 1153 3511 (υ)
1187 3440 1218 3512 ἢ
1250 3440 1443 3509 λόγους
1486 3444 1760 3513 αἰσθητῶν

178 3517 451 3591 θεώμενος
497 3527 834 3595 κτισμάτων,
892 3529 1043 3583 οὐδὲν
1099 3533 1410 3605 ἀκάθαρτον
1464 3532 1604 3589 εἶναι
1650 3537 1759 3590 τῶν

175 3611 471 3682 ὁρωμένων
501 3614 811 3673 διδάσκεται
840 3634 857 3651 ο
895 3623 1072 3675 πάντα
1105 3624 1215 3695 γὰρ
1245 3624 1405 3694 φύσει
1452 3627 1591 3681 καλὰ
1638 3628 1757 3683 λίαν

174 3705 533 3778 καθέστηκεν.

248 3801 356 3868 ιιγέ.
395 3804 412 3824 ⁸
450 3803 509 3856 ’0
530 3806 596 3875 τῇ
622 3809 835 3879 κινήσει
863 3804 972 3862 τῶν
996 3810 1271 3881 αἰσθητῶν
1303 3813 1379 3884 μὴ
1415 3814 1755 3870 συναλλοιού-

178 3907 360 3959 μενος,
392 3892 681 3964 ἀκίϐδηλον
700 3897 797 3969 τὴν
817 3899 928 3953 τῶν
955 3900 1165 3969 ἀρετῶν
1189 3903 1511 3974 μετέρχεται
1534 3907 1752 3976 πρᾶξιν.

186 3981 247 4036 Ὀ
276 3982 333 4036 δὲ
354 3987 466 4048 τοῖς
498 3986 678 4042 αὐτῶν
716 3990 961 4060 σχήμασι
995 3991 1072 4063 μὴ
1113 3992 1457 4058 διατυπώσας
1486 3996 1575 4050 τὸν
1604 3997 1751 4064 νοῦν,

170 4075 273 4146 τὴν
318 4077 494 4150 ἀληθῆ
545 4081 657 4133 τῶν
715 4083 881 4137 ὄντων
934 4085 1204 4156 ἀπείληφε
1247 4087 1425 4154 δόξαν.
1481 4091 1535 4143 '0
1572 4091 1628 4144 δὲ
1661 4094 1753 4147 καὶ

168 4167 344 4238 αὐτὴν
375 4170 472 4241 τὴν
498 4172 688 4225 οὐσίαν
708 4171 817 4225 τῶν
837 4176 1005 4229 ὄντων
1025 4179 1091 4247 τῇ
1119 4176 1328 4249 διανοίᾳ
1351 4180 1750 4251 παραδραμὼν,
1804 4240 1807 4243 _

166 4258 247 4322 ὡς
304 4260 525 4331 ἄριστος
576 4263 843 4333 θεολόγος,
898 4268 1040 4338 μετά
1092 4260 1297 4359 ταύτην
1344 4271 1637 4339 ἀγνώστως
1683 4278 1749 4346 τῇ

168 4351 364 4421 μονάδι
384 4356 715 4425 προσέὀαλει

242 4530 344 4597 ιιδν.
382 4533 418 4552 “
450 4534 566 4598 Πᾶς
596 4535 927 4607 θεωρητικὸς
959 4538 1102 4603 νοῦς,
1138 4539 1277 4610 ἔχων
1320 4540 1422 4611 τὴν
1474 4542 1748 4613 μάχαιραν

161 4620 263 4687 τοῦ
291 4625 622 4695 πνεύματος,
653 4629 681 4680 ὃ
714 4628 831 4683 ἐστι
857 4630 1009 4701 ῥῆμα
1039 4630 1196 4695 Θεοῦ,
1219 4634 1275 4685 ὲν
1297 4633 1475 4704 ἑαυτῷ
1497 4635 1594 4705 τῆς
1616 4653 1744 4704 φαι-

160 4714 403 4787 νομένης
440 4718 671 4783 κτίσεως
700 4721 1046 4786 ἀποκτείνας
1093 4723 1192 4795 τὴν
1247 4724 1482 4796 κίνησιν,
1528 4726 1746 4797 κατώρ-

161 4808 343 4863 θωσεν
376 4810 579 4881 ἀρετήν
609 4827 624 4841 ο
668 4813 897 4867 καὶτῶν
927 4814 1201 4886 αἰσθητῶν
1229 4817 1527 4887 σχημάτων
1548 4819 1742 4871 ἑαυτοῦ

158 4900 267 4971 τὴν
312 4903 618 4971 φαντασίαν
661 4904 975 4976 ἀποτεμὼν,
1019 4906 1119 4977 τὴν
1171 4908 1231 4960 ἐν
1273 4910 1409 4973 τοῖς
1435 4908 1611 4978 λόγοις
1635 4911 1743 4965 τῶν

1864 3370 1977 3409 non
2008 3356 2356 3423 immoratur,
2399 3357 2495 3413 sed
2537 3373 2730 3412 earum
2766 3367 2951 3414 mente
2980 3361 3223 3417 rationes
3250 3378 3443 3433 exqui-

1863 3445 1955 3511 rit,
2000 3455 2261 3517 tanquam
2309 3448 2404 3517 qui
2440 3448 2843 3503 intellectilium
2877 3450 3101 3516 formas,
3143 3462 3239 3507 aut
3266 3454 3442 3509 sensi-

1859 3536 1994 3591 lium
2023 3548 2337 3594 creatorum
2370 3539 2613 3594 rationes
2643 3548 2993 3605 contueatur,
3039 3542 3179 3597 nihil
3220 3543 3274 3597 in
3328 3544 3441 3599 illis

1858 3644 1981 3698 quae
2013 3632 2192 3686 oculis
2240 3646 2594 3701 usurpamus,
2638 3631 2985 3688 immundum
3031 3649 3155 3690 esse
3186 3634 3436 3692 docetur.

1856 3719 2070 3775 Cuncta
2096 3723 2246 3776 enim
2279 3730 2478 3777 natura
2507 3722 2664 3776 valde
2695 3723 2840 3779 bona
2869 3723 3146 3780 exsistunt
3178 3726 3242 3781 ³⁸.

1927 3811 2016 3865 95.
2049 3808 2152 3875 Qui
2174 3827 2283 3864 una
2309 3827 2432 3865 cum
2466 3827 2651 3865 rerum
2676 3814 2962 3868 sensilium
2995 3827 3148 3870 motu
3172 3831 3285 3870 non
3309 3833 3434 3872 mu-

1856 3907 2025 3965 tatur,
2059 3902 2270 3957 aliusve
2311 3916 2381 3955 ex
2427 3901 2551 3967 alio,
2575 3901 2836 3967 efﬁcitur,
2872 3903 2919 3959 is
2941 3921 3129 3959 veram
3164 3907 3433 3965 virtutum

1854 3990 2133 4045 actionem
2178 3990 2334 4055 colit.
2371 3988 2473 4054 Qui
2504 4004 2639 4044 vero
2667 4004 2858 4046 eorum
2895 3992 3085 4063 ﬁguris
3112 3995 3296 4050 animo
3319 4014 3427 4054 non

1852 4083 2142 4150 ﬁrmatur,
2172 4099 2360 4140 veram
2404 4085 2473 4140 de
2511 4083 2678 4139 rebus
2714 4095 2912 4140 nactus
2958 4096 3043 4142 est
3089 4088 3427 4167 opinionem.

1852 4176 1958 4242 Qui
1997 4188 2181 4233 autem
2216 4178 2389 4247 ipsam
2430 4194 2617 4235 rerum
2657 4178 2952 4233 essentiam
2992 4180 3180 4235 subtili
3228 4181 3429 4238 intelli-

1852 4271 2037 4339 gentia
2056 4280 2479 4341 praztergressus
2512 4280 2619 4336 est,
2653 4280 2914 4338 tanquam
2937 4272 3179 4341 Optimus
3213 4274 3427 4337 theolo-

1852 4378 1972 4432 gus,
2011 4363 2194 4433 ignota
2231 4364 2445 4419 ratione
2488 4363 2580 4418 illa
2626 4370 2908 4431 superata,
2937 4364 3181 4419 animum
3226 4365 3423 4421 unitati

1774 4482 1777 4485 ν
1850 4455 2070 4524 adjecit.

1925 4550 2013 4604 94.
2050 4549 2203 4603 Mens
2249 4550 2432 4605 omnis
2476 4552 2942 4622 contemplatione
2986 4560 3266 4621 provecta,
3307 4550 3427 4620 gis-

1852 4641 2007 4697 dium
2042 4642 2275 4711 spiritus
2298 4642 2530 4705 habens,
2568 4645 2716 4713 quod
2753 4652 2837 4699 est
2866 4643 3098 4699 verbum
3129 4644 3229 4699 Dei
3264 4643 3329 4707 ³⁸,
3368 4644 3424 4697 in

1848 4746 1907 4786 se
1942 4733 2061 4801 ipsa
2093 4742 2381 4802 perempto
2407 4743 2677 4789 creatura:
2698 4736 2877 4791 oculis
2906 4736 3219 4804 conspicuae
3246 4745 3421 4799 motu,

1848 4823 2112 4879 virtutem
2145 4824 2344 4893 adepta
2377 4834 2497 4890 est;
2543 4827 2942 4898 sensiliumque
2974 4830 3272 4900 ﬁgurarum
3298 4844 3330 4883 a
3361 4845 3422 4884 se

1848 4913 2090 4970 abscissa
2130 4916 2486 4985 cogitatione,
2530 4917 2587 4972 in
2632 4932 2819 4974 rerum
2851 4920 3160 4976 rationibus
3185 4920 3420 4991 positam

236 5054 283 5087 ³³
314 5055 359 5110 Il
387 5054 513 5111 Cor.
550 5023 713 5122 v1,-4.
789 5058 833 5090 “
887 5059 1058 5116 iCor.
1095 5076 1146 5129 ν,
1178 5063 1227 5117 5.
1309 5064 1352 5095 ³⁵
1386 5063 1519 5119 Gen.
1553 5081 1591 5132 ι,
1621 5065 1709 5120 5i.

1870 5068 2063 5137 Ephes.
2091 5086 2161 5133 γι,
2190 5071 2276 5125 17.

230 5197 247 5214 ε
278 5190 360 5247 cr.
394 5193 475 5247 Ad
517 5195 671 5250 Thai.
702 5212 757 5267 q.
792 5198 884 5261 28.

233 5329 307 5402 (υ)
343 5331 746 5410 Τοὺς-λόγους
797 5338 994 5391 αὐτῶν
1023 5340 1349 5409 ἀναζητῶν,
1402 5345 1481 5408 ὼς
1508 5344 1739 5410 νοητῶν

128 5423 137 5429 ·
162 5402 395 5480 trigonoe
427 5418 440 5431 ·
471 5403 674 5480 Earum
705 5416 876 5480 mente
898 5411 1125 5480 exquirit
1158 5402 1419 5476 rationes,
1444 5402 1501 5465 ut
1532 5402 1743 5467 intelle-

161 5471 423 5546 ctibilium
459 5474 674 5542 formas.
713 5477 793 5530 Ex
828 5471 1121 5535 sensilibus
1163 5483 1333 5546 enim,
1370 5471 1449 5538 sic
1479 5484 1737 5546 spiritali-

168 5549 259 5595 ter
280 5542 441 5623 lectis
463 5558 658 5623 eorum
701 5548 1027 5623 rationibus,
1080 5542 1420 5622 assurgimus
1448 5542 1525 5609 ad
1546 5555 1729 5623 νοητὰ,

164 5626 253 5694 τεο
296 5611 563 5682 spiritales
608 5624 657 5694 et
685 5617 958 5694 qua_sola
995 5611 1165 5694 mente
1190 5611 1579 5694 intelliguntur.
1609 5611 1735 5681 ἡωὰ

163 5680 333 5738 Picus
358 5698 583 5755 prorsus
607 5680 965 5758 ἁφίλοσόφως.
995 5688 1099 5746 Sed
1134 5708 1241 5761 qua
1268 5693 1329 5749 de
1351 5680 1429 5748 [iis
1453 5680 1734 5764 dicuntur,

1980 5207 2182 5263 Eadem
2221 5208 2437 5265 iterum.
2458 5216 2469 5232 ‘

1846 5356 1902 5427 ut
1929 5345 2367 5432 intellectualium
2411 5351 2565 5432 typis.
2594 5351 3040 5432 Intellectualium
3067 5353 3272 5432 vosva
3306 5364 3413 5432 est,

1844 5417 1961 5471 sive
2004 5417 2555 5506 mentiumnvoqitiiv,
2593 5438 2771 5506 eorum
2801 5440 2918 5493 qua:
2952 5423 3017 5477 ab
3060 5417 3177 5506 illis
3212 5417 3414 5506 intem}:

1842 5494 2060 5559 guntur,
2104 5502 2181 5559 ac
2232 5488 2619 5545 velut‘eorum
2667 5488 2824 5548 cibus
2857 5501 3018 5559 sunt,
3074 5493 3153 5548 uti
3187 5496 3416 5559 exponit

1838 5556 2064 5639 Dionys.
2098 5556 2189 5611 Sic
2224 5565 2403 5613 tamen
2448 5562 2646 5644 passim
2676 5556 3413 5644 interpretes-confundunt;

1841 5628 2133 5697 superiora
2160 5642 2327 5694 vero,
2360 5645 2524 5687 nemo
2557 5631 2633 5707 ita
2665 5628 2858 5694 reddat
2883 5645 2939 5692 ut
2970 5636 3153 5702 Picus,
3181 5633 3275 5707 qui
3307 5651 3415 5691 nco

1839 5712 2090 5755 errorem
2117 5712 2231 5769 seq.
2270 5714 2388 5771 cap.
2421 5703 2672 5759 mutavit.
