3930 6324
460 276 602 345 1223

1652 267 1715 328 S.
1753 265 2042 328 MAXIMI
2078 263 2593 329 CONFESSORIS

3637 253 3776 322 122$

461 391 697 466 singulis
722 388 926 447 creatis
952 385 1116 452 inest,
1143 383 1416 442 rationem
1440 386 1722 453 sapienter
1746 386 2046 446 scrutatur,

2173 400 2213 434 ιν
2254 382 2472 452 ἑκάστῳ
2501 375 2762 451 κτίσματι
2805 377 2966 447 λόγον
3027 373 3424 447 ἐρευνώμενος,
3503 370 3777 444 cupientes

461 487 638 543 Deum
687 481 918 547 invenit,
958 479 1055 550 qui
1110 494 1177 533 ex
1234 478 1518 548 proposita
1571 492 1758 530 rerum
1795 470 2051 544 magniﬁ-

463 579 665 641 centia,
714 590 904 630 earum
963 581 1246 626 auctorem
1288 571 1462 625 Deum
1514 567 1872 624 doceatur".

533 671 587 724 6.
627 666 768 733 Quia
793 664 959 734 igitur
991 661 1344 717 attrectantis
1371 659 1598 731 propria
1639 657 1905 713 discretio
1929 664 2050 720 est;

461 762 557 832 qui
604 759 799 829 legalis
845 755 1095 828 symbola
1149 754 1429 824 sapienter
1493 753 1699 822 legens,
1756 761 2055 818 rerumque

462 852 820 922 conspicuam
852 857 1104 904 naturam
1129 847 1364 902 solerter
1389 854 1680 908 contuens,
1711 843 2054 912 Scripturam

464 953 521 1000 et
575 952 886 999 creaturam
943 956 1008 995 ac
1057 939 1305 1009 seipsum
1353 937 1626 993 discernit
1669 951 1768 990 seu
1804 933 2051 997 dirimit;

466 1034 810 1103 Scripturam
843 1029 1092 1101 quidem,
1122 1027 1179 1082 in
1206 1029 1448 1082 litteram
1473 1035 1530 1082 et
1554 1025 1814 1097 spiritum
1843 1041 1858 1090 ;
1895 1039 2054 1080 crea-

466 1135 644 1179 turam
692 1138 844 1187 vero,
880 1120 944 1176 in
993 1119 1264 1175 rationem
1303 1126 1359 1172 et
1393 1116 1783 1188 superﬁciem;
1811 1115 2054 1185 scipsum

467 1226 678 1277 autem,
722 1213 780 1268 in
828 1219 1070 1266 mentem
1124 1217 1184 1265 et
1243 1224 1468 1264 sensum
1506 1226 1519 1262 :
1557 1223 1622 1262 ac
1664 1223 1730 1261 ex
1771 1206 2057 1275 Scriptura

465 1307 716 1377 quidem,
770 1304 1062 1374 spiritum;
1113 1318 1180 1356 ex
1244 1310 1500 1356 creatura
1553 1315 1704 1364 vero,
1765 1300 2054 1362 rationem,

464 1411 535 1450 ex
580 1409 639 1449 se
689 1394 809 1463 ipso
847 1400 1030 1447 autem
1090 1401 1332 1446 mentem
1394 1389 1775 1460 assumpscrit,
1831 1389 2058 1459 haecque

469 1485 578 1540 alia
608 1484 731 1540 aliis
772 1484 1055 1540 insolubili
1082 1499 1228 1538 nexu
1253 1481 1583 1547 devinxerit,
1607 1481 1780 1536 Deum
1816 1480 2055 1544 invenit;

468 1577 675 1647 quippe
721 1575 814 1646 qui
865 1577 1038 1630 Deum
1069 1575 1125 1630 in
1157 1576 1335 1630 Mente
1369 1583 1425 1629 et
1453 1575 1684 1629 Ratione
1700 1574 1830 1644 .(seu
1854 1573 2056 1641 Verbo)

467 1676 525 1721 et
573 1667 784 1737 Spiritu
824 1665 1208 1730 exsistentem,
1265 1664 1345 1719 uti
1385 1663 1546 1718 decet
1603 1677 1666 1718 ac
1695 1679 1794 1732 per
1826 1662 2059 1716 faculta-

468 1767 578 1814 tem
629 1759 779 1824 licet,
843 1758 1149 1829 agnoverit,
1204 1757 1420 1812 cunctis
1460 1757 1729 1811 liberatus
1775 1770 1896 1825 quae
1929 1763 2059 1809 sunt
2091 1739 2130 1792 Β

467 1852 809 1916 seducendo,
845 1851 1014 1921 inque
1051 1852 1373 1905 innumeras
1405 1865 1598 1906 errore
1628 1849 1920 1919 Opiniones
1949 1857 2060 1902 tra-

468 1947 632 2010 hunt,
689 1944 952 1999 nimirum
995 1960 1024 1998 a
1065 1944 1274 2007 littera,
1327 1942 1623 2013 superﬁcie
1669 1952 1726 1996 et
1759 1957 1946 2006 sensu,
2003 1944 2059 1995 in

469 2037 676 2107 quibus
706 2036 926 2091 diversa
951 2034 1236 2104 quantitas
1273 2035 1436 2104 536
1465 2042 1551 2089 est
1583 2049 1647 2088 ac
1683 2033 1879 2088 unitati
1926 2049 2061 2087 con-

471 2129 659 2182 traria.
705 2126 801 2181 Sin
846 2135 1031 2181 autem
1095 2127 1222 2196 quis
1289 2125 1425 2195 legis
1467 2125 1731 2189 litteram,
1766 2139 2062 2195 rerumque

471 2219 652 2274 oculis
711 2217 1086 2288 subiectarum
1146 2215 1500 2286 superﬁciem
1545 2226 1711 2285 atque
1778 2216 2063 2285 proprium

473 2323 699 2365 sensum
743 2309 849 2363 alia
907 2307 1033 2362 aliis
1082 2305 1359 2361 nectendo
1410 2305 1718 2371 miscuerit,
1754 2319 1931 2360 cmcus
1980 2314 2066 2359 est

473 2416 640 2455 manu
677 2400 822 2454 viam
871 2407 1126 2464 tentans;
1163 2412 1351 2452 rerum
1385 2395 1601 2454 scilicet
1625 2395 1884 2452 Auctoris
1913 2395 2066 2466 igno-

475 2493 656 2546 rantia
700 2493 981 2548 laborans.

546 2607 601 2660 7.
664 2606 896 2661 Divinus
965 2621 1307 2676 magnusque
1383 2603 1681 2674 Apostolus
1747 2599 2064 2658 deﬁniendo

474 2693 739 2765 quidnam
796 2695 870 2749 sit
918 2693 1075 2759 ﬁdes,
1109 2694 1189 2748 ait
1235 2711 1248 2747 :
1283 2693 1437 2748 Fides
1466 2701 1542 2747 est
1577 2710 1761 2746 eorum
1799 2709 1915 2756 quae
1942 2681 2062 2762 spe-

477 2789 673 2839 rantur
729 2784 1066 2848 substantia,
1124 2799 1407 2854 rerumque
1457 2799 1574 2854 quaz
1632 2801 1738 2837 non
1785 2783 2062 2851 videntur,

477 2875 662 2930 ceictio
698 2875 763 2930 ".
805 2875 902 2930 Sin
931 2882 1116 2929 autem
1151 2875 1279 2944 quis
1311 2875 1476 2929 etiam
1509 2874 1757 2940 deﬁniat,
1808 2891 1930 2930 esse
1962 2875 2064 2930 bo-

480 2983 614 3024 num
664 2967 948 3022 internum
1001 2968 1298 3037 animoque
1359 2967 1688 3037 repositum,
1727 2977 1824 3022 aut
1875 2982 2064 3022 veram

2155 473 2312 540 Θεὸν,
2351 475 2460 527 ἀπὸ
2490 473 2592 543 τῆς
2615 469 3070 544 προδεδλημὲνης
3103 468 3212 521 τῶν
3240 467 3418 520 ὄντων
3454 466 3777 538 μεγαλουρ-

2155 565 2301 634 γίας,
2321 565 2421 638 τὴν
2444 565 2625 619 αὐτῶν
2644 564 2754 617 τῶν
2785 562 2956 616 ὄντων
2977 561 3372 632 διδασκόμενος
3402 559 3628 615 αἰτίαν.

2230 667 2304 726 ς’.
2343 659 2564 732 Ἐπειδὴ
2613 659 2798 712 τοίνυν
2839 656 2974 710 ίδιον
3018 655 3114 708 τοῦ
3160 654 3546 725 ψηλαφῶντος
3583 655 3624 722 ἡ
3659 651 3774 705 διὰ-

2156 754 2341 826 κρισίς
2373 754 2550 806 ἔστιν’
2584 753 2612 805 ὁ
2637 749 2706 804 τὰ
2732 749 2936 820 νομικὰ
2961 748 3208 818 σύμϐολα
3237 746 3579 816 γνωστικῶς
3611 747 3776 815 ἐπρ-

2157 847 2410 918 χόμενος,
2438 843 2536 898 καὶ
2568 843 2669 914 τὴν
2701 841 3040 912 φαινομένην
3068 840 3177 893 τῶν
3201 839 3376 893 ὄντων
3420 837 3604 907 φύσιν
3653 839 3772 892 ἐπι-

2159 933 2504 1008 πημονικῶς
2523 933 2818 1004 θεώμενος,
2847 931 3145 1002 διακρίνων
3161 932 3261 1002 τὴν
3285 931 3535 1000 Γραφὴν
3550 931 3654 984 καὶ
3680 931 3772 998 τὴν

2156 1027 2335 1081 κτίσιν
2363 1027 2456 1082 καὶ
2487 1026 2700 1090 ἑαυτὸν,
2720 1023 2821 1097 τὴν
2855 1025 2956 1095 μὲν
2987 1023 3228 1094 Γραφὴν,
3280 1023 3364 1086 είς
3398 1023 3662 1094 γράμμα
3685 1022 3772 1074 καὶ

2158 1118 2380 1190 πνεῦμα
2408 1135 2424 1149 ο
2457 1117 2556 1189 τὴν
2616 1116 2676 1171 δὲ
2724 1117 2926 1180 κτίσιν,
2965 1118 3046 1179 είς
3068 1115 3226 1183 λόγον
3259 1116 3360 1169 καὶ
3391 1115 3770 1183 ἐπιφάνειαν

2160 1212 2352 1266 ἑαυτὸν
2385 1209 2462 1275 δὲ,
2494 1211 2576 1272 είς
2613 1203 2738 1264 νοῦν
2765 1209 2863 1262 καὶ
2885 1207 3139 1279 αἴσθησιν
3165 1225 3180 1240 ο
3212 1209 3308 1262 καὶ
3333 1209 3442 1278 τῆς
3488 1206 3600 1277 μὲν
3631 1206 3771 1277 Ppu-

2161 1304 2288 1374 φῆς,
2322 1302 2384 1356 τὸ
2409 1302 2628 1372 πνεῦμα
2654 1318 2668 1332 ο
2695 1301 2796 1370 τῆς
2839 1299 2895 1354 δὲ
2925 1300 3176 1366 κτίσεως,
3205 1300 3297 1353 τὸν
3329 1300 3502 1368 λόγον
3521 1316 3537 1329 ο
3576 1300 3772 1352 ἑαυπῦ

2159 1393 2235 1457 δὲ,
2270 1392 2362 1446 τὸν
2411 1393 2537 1446 νοῦν
2591 1391 2796 1455 λαϐὼν,
2846 1392 2942 1445 καὶ
2983 1391 3236 1462 ἀλλήλοις
3277 1390 3507 1455 ἀλύτως
3541 1390 3770 1455 suam,

2162 1480 2288 1556 εὗρε
2311 1483 2480 1536 Θεόν·
2538 1483 2614 1546 ὠς
2671 1483 2929 1552 ἐπιγνοὺς
2985 1481 3169 1547 καθὼς
3225 1481 3327 1546 δεῖ,
3374 1483 3482 1536 καὶ
3548 1484 3773 1537 δυνατόν

2161 1578 2300 1641 ἐστι,
2322 1577 2412 1629 τὸν
2441 1576 2595 1642 Θεὸν,
2628 1577 2718 1630 τὸν
2769 1578 2826 1629 ἐν
2863 1575 2962 1646 Νῷ
2989 1576 3086 1630 καὶ
3114 1577 3272 1647 Λόγῳ
3296 1578 3396 1630 καὶ
3432 1577 3732 1655 Πνεύματι
3756 1596 3769 1610 ·

2163 1669 2386 1722 πάντων
2425 1670 2535 1722 τῶν
2561 1667 2893 1723 πλανώντων
2917 1669 3012 1721 καὶ
3039 1669 3119 1732 είς
3158 1668 3365 1740 μυρίας
3396 1671 3572 1735 δόξας
3605 1689 3773 1724 rata-

2165 1761 2438 1831 συρόντων
2473 1759 2835 1828 ἀπαλλαγεὶς,
2859 1759 3003 1828 λέγω
3036 1760 3092 1812 δὲ
3123 1760 3462 1830 γράμματος
3498 1763 3601 1814 καὶ
3656 1766 3774 1816 ἑπι-

2163 1852 2389 1920 φανείας
2410 1852 2506 1906 καὶ
2531 1851 2862 1923 αίσθήσεως,
2907 1852 2965 1904 ἐν
2993 1845 3074 1914 οἷς
3121 1853 3155 1922 ὴ
3207 1851 3475 1924 διάφορος
3535 1855 3772 1925 ὑπάρχει

2166 1944 2422 2013 ποσότης,
2481 1943 2578 1998 καὶ
2625 1944 2730 2013 τῆς
2793 1944 3023 2014 μονάδος
3077 1945 3381 2008 ἀντίθετος.
3467 1945 3542 2000 Εἰ
3604 1949 3665 2000 δὲ
3717 1949 3772 2001 τὸ

2164 2036 2402 2106 γράμμα
2457 2035 2552 2090 τοῦ
2614 2036 2804 2106 νόμου,
2858 2037 2951 2090 καὶ
2983 2037 3082 2106 τὴν
3132 2035 3243 2089 τῶν
3282 2039 3607 2108 ὁρωμένων
3658 2041 3770 2093 ἑπι-

2166 2126 2397 2196 φάνειαν
2454 2125 2549 2178 καὶ
2608 2124 2708 2196 τὴν
2760 2126 2972 2180 οἰκείαν
3037 2125 3293 2196 αἴσθησιν
3365 2127 3644 2198 ἀλλήλοις
3695 2147 3772 2193 τις

2167 2215 2515 2288 προσ-πλέξας
2571 2216 2853 2289 συμφύρῃ,
2886 2216 3086 2286 τυφλός
3114 2218 3231 2270 ἐστι
3266 2220 3626 2287 μυωπάζων,
3679 2222 3769 2290 τήν

2165 2307 2267 2377 τῆς
2291 2307 2482 2370 Αίτὶας
2505 2307 2613 2360 τῶν
2640 2307 2812 2361 ὄντων
2838 2307 3114 2377 ἀγνωσίαν
3143 2309 3337 2364 νοσῶν.

2241 2580 2308 2644 ζ’,
2337 2581 2356 2599 '
2405 2577 2466 2632 '0
2490 2577 2631 2642 θεῖος
2656 2577 2752 2630 καὶ
2781 2575 2955 2646 μέγας
2987 2575 3330 2642 ’Δπόστολος,
3360 2579 3421 2631 τί
3447 2580 3575 2633 ἐστι
3599 2582 3770 2645 πίστις

2167 2669 2388 2742 ὁρίζων,
2415 2670 2568 2741 φησί·
2602 2669 2816 2736 Πίστις
2837 2667 3032 2732 ἐστίν,
3057 2667 3475 2738 ἐλπιζομένων
3505 2675 3772 2728 ὑπέστη.

2166 2778 2290 2829 (nc,
2345 2761 2445 2816 καί
2499 2759 2856 2830 πραγμάτων
2912 2759 3164 2830 ἔλεγχος
3205 2761 3279 2814 οὐ
3333 2762 3765 2832 βλεπομένων.

2168 2857 2231 2911 Et
2263 2855 2320 2908 δέ
2343 2872 2428 2916 τις
2462 2855 2558 2908 καὶ
2602 2851 2908 2907 ἐνδιάθετον
2949 2853 3121 2924 αὐτὴν
3168 2853 3380 2921 ἀγαθὸν
3433 2856 3767 2926 ὀρίσαετο,ἣ

2167 2949 2371 3018 γνῶσιν
2404 2946 2578 3017 ἀληθῆ
2617 2945 2726 2999 τῶν
2774 2947 3102 3018 ἀπορρήτων
3159 2945 3391 3014 ἀγαθῶν
3457 2949 3765 3004 aranearum.

478 3059 732 3115 notitiam
788 3075 988 3114 arcana
1035 3059 1129 3114 illa
1176 3060 1321 3115 bona
1367 3059 1876 3126 demonstrantem,
1927 3053 2064 3114 nihil

2173 3041 2296 3113 κὴν,
2319 3040 2420 3111 τῆς
2453 3037 2710 3109 ἀληθείας
2741 3039 2804 3092 οὐ
2833 3037 3153 3111 διήμαρτεν.

483 3166 515 3206 a
563 3165 697 3206 vero
739 3151 1104 3206 aberraverit.

552 3244 604 3298 8.
647 3242 813 3298 Fides
847 3243 932 3298 vis
977 3251 1084 3307 est,
1133 3251 1194 3296 ut
1243 3242 1326 3298 sic
1375 3243 1591 3313 loquar,
1629 3243 1918 3309 aﬁ‘ectiva,
1970 3260 2068 3300 seu

479 3335 702 3390 atl‘ectio
748 3347 815 3389 ac
863 3333 1154 3399 habitudo,
1201 3351 1309 3405 qua
1363 3335 1681 3390 immediata
1713 3351 1880 3405 supra
1911 3345 2072 3391 natu-

479 3440 596 3480 ram
644 3425 922 3480 credentis
965 3441 1090 3480 cum
1139 3426 1274 3492 Deo,
1324 3427 1412 3481 cui
1445 3427 1692 3483 creditur
1721 3443 1785 3483 ac
1816 3427 1913 3498 qui
1948 3443 2071 3483 cre-

481 3515 668 3578 datur,
727 3515 967 3582 pert‘ecta
1016 3514 1150 3570 unio
1193 3524 1506 3586 praestetur.

552 3604 608 3658 9.
647 3604 788 3669 Quia
817 3603 987 3674 igitur
1021 3605 1190 3660 homo
1235 3622 1306 3662 ex
1341 3607 1520 3660 anima
1549 3607 1823 3664 exsistens
1863 3622 1920 3668 et
1945 3629 2071 3669 cor-

485 3709 644 3764 pore,
685 3694 903 3750 duabus
941 3697 1187 3767 jactatur
1242 3696 1458 3768 legibus
1497 3696 1704 3768 (carnis
1754 3703 1969 3759 scilicet
2016 3716 2074 3760 et

486 3786 735 3858 spiritus)
780 3787 850 3842 ac'
885 3787 1110 3858 quidem
1157 3789 1340 3845 carnis
1396 3791 1506 3857 lex,
1568 3791 1626 3845 in
1674 3807 1838 3850 sensu
1887 3798 2069 3868 viget;

484 3881 572 3935 lex
603 3889 787 3934 autem
838 3881 1089 3950 spiritus,
1141 3879 1198 3935 in
1229 3890 1413 3937 mente
1447 3903 1459 3937 :
1499 3883 1698 3953 lexque
1723 3886 1862 3940 adeo
1891 3888 2072 3944 carnis

485 3971 542 4026 iu
577 3986 742 4026 sensu
772 3971 982 4040 vigens,
1022 3973 1260 4027 terrenis
1307 3973 1567 4029 addicere
1594 3975 1794 4044 habet;
1830 3978 1917 4032 lex
1943 3995 2072 4033 vero

484 4061 734 4131 spiritus,
778 4061 895 4130 ipsa
925 4061 980 4115 in
1012 4069 1196 4115 mente
1223 4063 1435 4132 vigens,
1467 4063 1782 4119 immediate
1810 4083 1934 4120 cum
1959 4067 2072 4122 Deo

484 4151 738 4220 copulat;
787 4150 1030 4204 merito:
1061 4147 1163 4215 Qui
1201 4167 1304 4204 non
1343 4153 1599 4206 discretus
1637 4154 1796 4223 fuerit
1833 4155 1887 4208 in
1919 4157 2074 4209 corde

483 4257 580 4294 suo
605 4241 688 4304 “;
721 4240 828 4295 hoc
857 4249 964 4306 est,
993 4256 1105 4295 non
1149 4241 1477 4296 discreverit
1512 4243 1567 4295 in
1601 4253 1783 4299 mente
1810 4261 1942 4312 sua;
1975 4263 2072 4302 seu

486 4331 856 4386 immediatam
881 4346 1006 4386 cum
1037 4331 1151 4385 Deo
1179 4331 1460 4397 unionem,
1489 4349 1611 4402 qua:
1642 4343 1726 4389 est
1763 4351 1862 4404 per
1887 4337 2070 4404 ﬁdem,

2239 3230 2312 3292 η’.
2361 3225 2424 3276 Ἥ
2487 3224 2692 3289 πίστις,
2753 3223 2985 3294 δύναμίς
3033 3226 3150 3278 ἐστι
3203 3224 3465 3295 extendi,
3523 3225 3561 3296 ἢ
3598 3227 3765 3296 σχέσις

2171 3317 2438 3387 δραστικὴ
2513 3315 2614 3386 τῆς
2652 3316 2793 3388 ὑπὲρ
2857 3317 3026 3387 φύσιν
3083 3315 3289 3387 ἀμέσου
3326 3317 3429 3370 τοῦ
3483 3320 3765 3375 πιστεύον-

2171 3426 2262 3472 τος
2311 3409 2450 3479 πρὸς
2504 3408 2598 3463 τὸν
2679 3410 3075 3481 πιστευόμενον
3126 3409 3279 3478 Θεδν,
3356 3411 3594 3477 τελείας
3647 3414 3763 3467 ἑνώ-

2175 3518 2331 3564 σεως.

2247 3592 2336 3661 θ’..
2359 3592 2575 3664 Ἐπειδὴ
2605 3593 2785 3646 τοίνυν
2819 3595 2847 3646 ὸ
2878 3594 3164 3666 ἄνθρωπος
3196 3597 3261 3649 ὲκ
3287 3595 3481 3668 ψυχῆς
3508 3599 3763 3670 ὑπάρχω

2173 3686 2276 3738 καὶ
2295 3686 2565 3755 σώματος,
2587 3685 2710 3738 δυσὶ
2761 3686 3045 3740 σαλεύεται
3089 3688 3298 3757 νόμοις,
3358 3691 3573 3760 σαρκὸς
3628 3692 3763 3760 λέγω

2174 3775 2270 3828 καὶ
2311 3775 2657 3845 πνεύματοςο
2693 3777 2788 3830 καὶ
2815 3778 2844 3830 ὁ
2876 3778 2973 3846 μὲν
2997 3778 3099 3847 τῆς
3143 3779 3350 3849 σαρκὸς
3401 3781 3591 3851 νόμος,
3623 3783 3764 3835 κατὰ

2172 3871 2274 3941 τὴν
2325 3867 2612 3940 αἴσθησιν·
2647 3870 2676 3922 ό
2722 3869 2779 3922 δὲ
2829 3867 2924 3922 τοῦ
2970 3871 3306 3940 πνεύματος,
3345 3875 3494 3925 κατὰ
3521 3873 3616 3925 τὸν
3644 3873 3764 3927 νοῦν

2175 3961 2440 4032 κέκτηται
2465 3961 2564 4032 τὴν
2597 3961 2877 4032 ἐνέργειαν
2899 3978 2915 3993 ·
2952 3962 3048 4015 καὶ
3077 3964 3106 4015 ὁ
3141 3962 3240 4032 μὲν
3267 3962 3368 4033 τῆς
3431 3967 3645 4037 capitis;
3670 3967 3762 4036 ὕλῃ

2177 4050 2386 4104 συνδεῖν
2445 4051 2677 4120 πέφυκε,
2752 4051 2894 4105 κατὰ
2946 4054 3046 4122 τὴν
3112 4052 3365 4123 αἴσθησιν
3430 4056 3759 4126 ἐνεργούμε-

2174 4159 2264 4206 νος
2291 4143 2406 4213 (z)'
2448 4145 2476 4196 ὁ
2502 4143 2559 4196 δὲ
2601 4142 2694 4196 τοῦ
2735 4143 3048 4214 πνεύματος
3093 4143 3233 4196 κατᾶ
3273 4143 3404 4197 νοῦν
3437 4148 3761 4218 ἐνεργούμει

2175 4251 2284 4298 νος,
2317 4233 2454 4306 πρὸς
2476 4234 2567 4286 τὸν
2598 4233 2730 4286 Θεὸν
2757 4235 2979 4304 ἀμέσως
3005 4237 3237 4289 ποιεῖται
3273 4237 3383 4307 τὴν
3414 4238 3659 4292 ἕνωσιν
3693 4243 3759 4291 εἰ-

2175 4326 2352 4388 κότως
2402 4325 2465 4378 '0
2508 4325 2596 4395 μὴ
2652 4327 2976 4395 διακριθεὶς
3027 4328 3096 4381 ἐν
3143 4327 3219 4396 τῇ
3272 4329 3502 4399 καρδίᾳ
3548 4330 3758 4384 αὐτοῦ’

483 4437 598 4477 non
654 4421 928 4488 diviserit,
985 4431 1246 4492 tanquam
1317 4423 1415 4493 qui
1463 4425 1853 4495 imperturbati
1902 4429 2064 4484 animi

2178 4418 2491 4482 τουτέστιν,
2525 4419 2583 4488 εν
2612 4417 2691 4488 τῷ
2735 4416 2818 4471 νοῒ
2870 4419 2948 4492 μὴ
3002 4417 3302 4489 διακρίνας,
3369 4419 3548 4488 ἦγουν
3596 4421 3760 4474 διατε-

485 4515 642 4586 (quin
679 4522 738 4570 et
786 4515 895 4584 iam
953 4514 1090 4569 deus
1135 4530 1234 4584 per
1282 4514 1470 4586 ﬁdem)
1517 4518 1724 4573 unione
1762 4518 1942 4574 factus
1977 4521 2072 4587 sit,

485 4610 621 4662 dicet
665 4606 830 4660 monti
856 4607 1012 4660 huic:
1045 4605 1255 4673 Transi,
1287 4615 1337 4660 et
1370 4609 1614 4662 transibit
1639 4609 1686 4641 ”
1720 4627 1733 4663 :
1770 4625 1880 4681 quo
1910 4611 2075 4667 modo

484 4697 771 4768 loquendi,
833 4698 986 4753 velut
1035 4699 1216 4769 ipsum
1263 4698 1434 4770 digito
1486 4715 1711 4759 sensum
1775 4719 1840 4759 ac
1895 4704 2074 4775 legem

485 4789 670 4845 carnis
711 4789 974 4854 ostendit,
1025 4805 1248 4861 gravem
1304 4791 1456 4846 illam
1513 4808 1579 4848 ac
1623 4790 1847 4849 difﬁcile
1899 4797 2078 4851 mobi-

2178 4509 2298 4581 μὼν
2327 4508 2426 4580 τὴν
2471 4510 2561 4564 διὰ
2588 4509 2686 4580 τῆς
2717 4509 2954 4573 πίστεως
3009 4511 3147 4580 πρὸς
3197 4511 3289 4562 τὸν
3345 4509 3486 4562 Θεὸν
3539 4528 3754 4580 γεγενηο

2177 4604 2349 4674 μένην
2399 4604 2602 4673 ἄμεσον
2672 4601 2866 4656 ἕνωσιν
2895 4643 2910 4668 ,
2976 4603 3052 4666 ὡς
3115 4603 3357 4674 ἀπαθὴς,
3417 4605 3632 4674 μᾶλλον
3711 4605 3757 4657 δὲ

2175 4695 2295 4758 θεὸς
2326 4696 2426 4766 ἥδη
2483 4694 2572 4748 διὰ
2613 4694 2709 4764 τῆς
2744 4694 2981 4758 πίστεως
3018 4697 3082 4765 τῇ
3137 4693 3332 4748 ἑνώσει
3370 4698 3755 4767 γεγενημένος,

2173 4786 2293 4856 ἐρεῖ
2325 4786 2405 4853 τῷ
2425 4786 2547 4854 ὄρει
2574 4787 2765 4852 τούτῳ
2804 4785 3156 4856 μεταϐῆναι,
3187 4786 3288 4840 καὶ
3316 4789 3724 4857 ιωταϐἠσεωι
3739 4801 3754 4818 ⁸

553 4923 602 4956 ⁸⁸
631 4922 758 4995 Sap.
790 4940 903 4992 xm,
937 4925 990 4980 5.
1066 4925 1110 4961 δι
1143 4924 1310 4982 Hebr.
1343 4942 1416 4993 xi,
1459 4927 1512 4980 l.
1591 4928 1634 4959 δ’
1659 4927 1824 4985 Marc.
1856 4945 1915 4996 ιι,
1945 4930 2035 4986 25.

2192 4927 2326 4983 ibid.

553 5047 756 5116 "chi.
787 5057 856 5114 ad
882 5058 1039 5115 Thal.
1067 5074 1123 5130 q.
1156 5059 1248 5116 53.

560 5196 826 5272 (s)__Ka_rd
870 5196 984 5265 τὴν
1025 5198 1319 5268 αἴσθησιν
1349 5197 1795 5272 ἐνεργούμενα-ος.
1832 5201 2067 5272 Exponit

481 5267 603 5337 ipse
634 5267 898 5342 Maximus
926 5284 1047 5342 eam
1069 5267 1264 5342 vocem
1290 5267 1504 5342 active,
1541 5267 1640 5341 per
1667 5267 1770 5326 hoc
1798 5267 1946 5342 quod
1978 5273 2066 5327 di-

482 5341 560 5411 cit
599 5337 792 5411 natura
841 5340 937 5410 τὴν
979 5337 1230 5411 αίσθησιν
1255 5378 1270 5403 ,
1299 5339 1457 5411 ,κατὰ
1494 5337 1584 5394 τδν
1618 5342 1740 5396 νοῦν
1803 5337 2066 5411 ἑέκτηται

481 5407 584 5482 τῂν
625 5407 941 5482 ενέργεεανς
976 5407 1166 5482 sicque
1195 5409 1404 5482 optime
1443 5411 1770 5482 intelligitur
1810 5407 2069 5482 quodvide

487 5477 758 5553 cliaritate
801 5477 976 5534 Galat.
1019 5477 1089 5536 v.7
1129 5480 1206 5532 Δι’
1234 5477 1473 5553 ”ἀγάπης
1521 5477 1886 5553 ἐνεργουμένη
1915 5500 1927 5512 ·
1962 5481 2070 5553 Per

489 5548 804 5604 charitatem
834 5564 1082 5614 cperant,
1111 5557 1175 5604 ut
1206 5564 1317 5604 non
1363 5548 1504 5605 male
1546 5548 1764 5606 Er'asmf
1793 5548 1930 5606 nihil
1961 5552 2071 5606 dis-

492 5567 804 5604 cuaruatem
834 5567 864 5602 ο
902 5567 1082 5614 erant,
1111 5567 1175 5604 ut
1206 5567 1317 5604 non
1363 5567 1504 5605 male
1546 5567 1757 5606 brasm.
1793 5567 1930 5606 mnu
1961 5567 2068 5606 αις-

492 5626 756 5698 sentence
783 5567 940 5698 vuig.
967 5637 1085 5698 qua
1114 5635 1209 5690 per
1235 5622 1548 5698 charitatem
1579 5631 1832 5698 operatur
1867 5639 2068 5698 :quem

499 5700 601 5740 nec
638 5687 714 5741 ita
741 5687 989 5746 barbare
1007 5687 1244 5748 locutum
1268 5687 1716 5761 existimandum,
1751 5702 1811 5748 ut
1855 5687 2069 5762 passiva

2173 5203 2575 5275 signiﬁcatione
2606 5220 2727 5259 eam
2762 5217 2948 5260 vocem
2979 5199 3277 5275 acceperit,
3312 5200 3598 5275 quidquid
3628 5204 3753 5261 relic

2173 5273 2428 5330 videatur
2467 5275 2617 5330 llier.
2647 5275 2767 5344 Ipsa
2801 5289 2933 5329 sane
2965 5273 3103 5328 ﬁdes
3133 5280 3237 5337 est,
3264 5273 3371 5344 cui
3397 5277 3659 5344 operatio
3688 5278 3758 5328 ri-

2178 5355 2342 5416 taque
2371 5343 2693 5407 ascribitur,
2735 5345 2838 5399 etsi
2881 5344 2961 5416 illi
2995 5343 3313 5416 necessaria
3353 5343 3424 5396 ad
3461 5345 3758 5413 periectio-

2167 5414 2293 5471 nem
2334 5431 2522 5470 comes
2545 5415 2785 5470 Charitas
2812 5429 2907 5468 seu
2931 5414 3177 5476 dilectio,
3219 5414 3340 5467 sine
3361 5428 3473 5482 qua
3505 5431 3648 5470 vana
3681 5425 3758 5470 est

2167 5497 2334 5556 atque
2366 5495 2584 5556 mortua
2607 5525 2622 5550 ,
2653 5485 2986 5556 nonfvalens
3023 5483 3237 5556 scilicet
3263 5499 3396 5536 vera
3434 5484 3576 5556 vita
3603 5501 3760 5556 opera

2166 5553 2352 5619 edere,
2385 5555 2491 5610 nisi
2516 5556 2658 5628 forte
2683 5555 3033 5628 inchoatione
3057 5569 3120 5607 ac
3149 5553 3505 5628 disponendo
3545 5557 3618 5612 ad
3639 5553 3755 5628 pu-

2168 5628 2367 5683 fectam
2393 5625 2666 5698 justitiam
2691 5641 2758 5682 es
2794 5626 3036 5680 motione
3065 5623 3273 5696 gratia).

3869 5419 3873 5551 ιι
