3930 6324
1096 96 1121 109 Χ

233 240 353 303 ιιι.)

902 239 1233 303 CAPITUM
1271 240 1692 313 QUINQUIES
1728 239 2245 315 CENTENOHUM
2286 241 2673 304 CENTURIA
2708 241 2793 303 II.

3352 246 3489 312 1210

228 357 369 419 θείας
396 353 610 419 ὲλπίδος
657 352 750 408 καὶ
775 352 1025 410 ἄσειστον
1054 370 1067 384 ⁸
1101 353 1203 424 τὴν
1224 354 1281 409 δὲ
1327 354 1529 424 πυρὰν,
1559 354 1657 425 τὴν
1682 354 1795 417 ἕξιν

1916 355 2038 410 time
2102 357 2218 427 spei
2264 356 2570 424 habitum;_.
2625 372 2841 428 rogum.
2900 356 3149 417 scientia
3195 361 3329 415 item
3391 366 3484 419 ha-

227 449 319 514 τῆς
363 446 649 514 γνώσεως·
710 444 778 497 τὰ
823 444 881 497 δὲ
912 444 1185 515 φρύγανα,
1225 443 1325 514 τὴν
1350 444 1459 498 τῶν
1506 444 1801 515 ὁρωμένων

229 540 414 607 φύσιν⁶
446 538 512 610 ἢν
545 537 879 609 συνέστρεφε
900 537 996 607 μὲν
1014 539 1080 607 τῇ
1107 538 1272 609 χειρὶ,
1301 539 1367 607 τῇ
1391 538 1535 590 κατά
1568 536 1802 608 θεωρίαν

227 630 361 698 λέγω
405 629 761 701 ψηλαφητικῇ
792 629 884 682 τοῦ
936 628 1027 683 νοῦ
1066 627 1316 698 δυνάμει,
1359 628 1662 699 διατρέφων
1690 630 1802 690 τοῖς

226 722 280 789 ἐξ
302 722 472 790 αὐτῆς
510 722 746 791 νοήμασι
791 720 891 791 τὴν
928 720 1044 786 ἓξιν
1083 720 1183 790 τῆς
1211 720 1483 788 γνώσεως,
1515 719 1612 789 τὴν
1636 718 1799 790 θερα-

227 812 490 867 πεύουσαν
536 812 637 883 τὴν
705 814 771 866 ὲκ
822 812 916 865 τοῦ
967 812 1234 883 χειμῶνος
1296 810 1404 865 τῶν
1472 808 1801 880 πειρασμῶν

228 904 644 974 προστριῦεῖσαν
666 905 731 973 τῇ
762 903 973 973 διανοίᾳ
1003 903 1338 973 κατήφειανο
1362 901 1460 971 τὴν
1484 900 1540 954 δὲ
1566 900 1800 969 ἔχιδναν,

226 998 316 1065 τὴν
334 994 705 1056 λανθανόντως
735 993 1193 1064 ἐγκεκρυμμένην
1233 994 1300 1063 τῇ
1354 992 1519 1062 φύσει
1559 992 1666 1044 τῶν
1714 991 1802 1044 αἱ-

230 1087 436 1157 σθητῶν
463 1086 709 1156 πονηρὰν
730 1086 824 1138 καὶ
867 1084 1108 1155 ὀλέθριον
1138 1083 1368 1154 δύναμιν
1392 1101 1408 1116 ·
1437 1083 1674 1154 δήξασαν
1705 1083 1803 1153 μὲν

227 1180 317 1251 τὴν
341 1183 521 1250 χεῖρα,
577 1177 847 1241 τουτέστι,
894 1176 995 1247 τὴν
1061 1177 1201 1231 κατά
1258 1176 1384 1230 νοῦν
1418 1176 1803 1248 ψηλαφητικὴν

226 1274 319 1342 τῆς
355 1271 590 1341 θεωρίας
633 1270 917 1341 ἐνέργειαν
942 1286 957 1300 ⁸
1000 1271 1058 1322 οὐ
1086 1269 1365 1339 βλάψασαν
1394 1269 1451 1322 δὲ
1480 1271 1572 1323 τὸν
1607 1270 1803 1338 διορα-

227 1364 369 1419 τικὺν
400 1363 544 1427 νοῦν,
592 1361 670 1433 τῷ
727 1364 868 1430 φωτί¹
904 1363 1006 1425 τῆς
1043 1361 1298 1431 γνώσεως
1345 1360 1513 1433 αὐτὴν
1543 1362 1703 1425 εὐθὺς
1728 1361 1804 1425 ὡς

228 1458 283 1510 ἐν
308 1456 444 1527 πυρὶ
481 1453 895 1525 διαφθείραντα,
944 1454 1046 1524 τὴν
1087 1454 1164 1525 τῷ
1198 1453 1486 1526 πρακτικῷ
1543 1457 1805 1524 κινήματι

226 1548 316 1602 τοῦ
355 1548 470 1613 νοῦ,
502 1548 913 1619 προσαφθεὶοαν
942 1549 1007 1601 ὲκ
1037 1546 1137 1617 τῆς
1199 1548 1309 1600 τῶν
1366 1546 1641 1619 αἰσθητῶν
1680 1547 1809 1600 θεω-

231 1640 366 1711 ρίας.
400 1639 644 1711 ὀλέθριον
683 1639 933 1709 δύναμιν,

1903 446 2119 512 bitum;
2201 456 2509 514 sarmenta,
2582 464 2770 504 rerum
2828 450 3131 505 visibilium
3204 460 3477 521 naturam,

1902 551 2065 606 quam
2109 536 2156 590 is
2180 551 2345 590 manu
2371 537 2631 592 versabat
2661 537 3062 609 (contrectante
3115 542 3328 611 scilicet
3358 558 3487 612 spe-

1902 628 2141 682 culando
2188 629 2389 683 mentis
2437 629 2721 701 facultate)
2778 630 2845 684 ad
2902 631 3160 685 alendum
3208 633 3329 703 ejus
3374 650 3489 690 me-

1902 719 2267 775 ditationibus
2315 720 2603 788 sensisque
2651 720 2895 775 scientiae
2959 720 3244 790 habitum;
3279 739 3390 793 quo
3438 725 3488 778 is

1902 811 2178 867 incussam
2204 828 2271 867 ex
2295 813 2660 866 tentationum
2686 812 2905 868 turbine
2926 814 3111 867 animo
3140 814 3488 870 maestitiam-

1901 903 2100 973 quovis
2140 902 2307 959 modo
2356 904 2604 969 levaret;
2655 904 2924 974 viperam,
2959 906 3273 962 clanculum
3311 908 3488 962 later-

1905 1001 2015 1050 tem
2060 995 2118 1049 in
2166 1011 2351 1050 rerum
2396 998 2685 1052 sensilium
2744 1009 2942 1054 natura
2985 1000 3383 1070 nequissimam
3425 1015 3489 1055 ac

1901 1086 2179 1142 exitialem
2221 1088 2527 1152 virtutem;
2580 1104 2704 1159 quae
2753 1104 2997 1143 morsum
3042 1090 3271 1160 quidem
3302 1088 3490 1145 manui

1904 1177 2149 1233 inﬁxerit
2209 1179 2602 1250 (contrectanti
2652 1182 2867 1236 scilicet
2918 1181 3257 1251 speculando
3286 1183 3488 1237 mentis

1904 1268 2238 1340 operationi)
2290 1286 2394 1325 nec
2448 1279 2632 1327 tamen
2680 1272 3211 1341 perspicacissimam
3247 1280 3489 1328 mentem

1904 1362 2204 1432 quidquam
2230 1362 2438 1417 laeserit
2474 1380 2488 1416 :
2516 1379 2638 1432 quae
2660 1364 2833 1433 ipsam
2864 1364 3045 1418 statim
3073 1365 3320 1444 scientia;
3346 1365 3490 1425 luce.

1903 1454 2058 1509 velut
2091 1453 2147 1508 in
2183 1453 2329 1524 igne,
2372 1454 2675 1509 merentem
2713 1455 2876 1526 539
2927 1472 2995 1511 ex
3027 1458 3317 1512 sensilium
3365 1472 3488 1528 spe-

1906 1546 2183 1601 culatione
2238 1547 2358 1617 ejus
2392 1548 2567 1601 motui
2612 1548 2887 1602 actionem
2916 1552 3161 1621 regenti,
3213 1552 3492 1606 exitialem

1906 1653 2029 1693 eam
2072 1638 2335 1694 virtutem
2379 1638 2700 1708 peremerit.

293 1700 390 1784 κδ’.
455 1700 629 1800 Ὀσμὴ
659 1725 726 1801 ἢν
765 1700 873 1783 ἀπὸ
906 1729 1052 1801 ζωῆς
1096 1731 1175 1793 εἰς
1204 1727 1351 1799 ζωὴν
1380 1730 1409 1781 ὁ
1459 1727 1798 1792 Ἀπόστολος,

1978 1728 2067 1782 24.
2109 1728 2239 1783 Erat
2276 1700 2573 1798 Apostolus
2595 1728 2733 1783 odor
2767 1745 2796 1783 a
2820 1730 2934 1784 vita
2967 1728 3036 1784 ad
3072 1730 3242 1784 vitam
3281 1730 3348 1794 “,
3382 1733 3487 1783 vel-

228 1821 297 1885 ὠς
324 1822 454 1884 τοὺς
490 1822 721 1884 πιστοὺς
774 1822 852 1890 τῷ
902 1821 1024 1874 καθ’
1056 1820 1253 1875 ἑαυτὸν
1299 1820 1683 1890 ὑποδείγματι,
1717 1819 1805 1871 διὰ

230 1916 476 1986 πράξεως
516 1916 652 1985 πρὸς
697 1916 795 1985 τὴν
827 1917 1056 1969 εὐωδίαν
1108 1915 1216 1968 τῶν
1270 1913 1803 1986 ἀρετῶνοκινεῖσθαι,

229 2008 698 2078 παρασκευάζων
746 2009 778 2078 ἢ
815 2010 941 2070 τοὺς
990 2008 1347 2079 πειθομένους
1399 2007 1478 2078 τῷ
1520 2006 1662 2076 λόγῳ
1707 2005 1805 2070 τῆς

229 2102 466 2171 χάριτος,
500 2101 576 2164 ὡς
617 2101 794 2172 κήρυξ
826 2102 934 2154 ἀπὸ
961 2104 1059 2174 τῆς
1087 2102 1209 2176 κατ’
1238 2101 1491 2170 αἴσθησιν
1522 2099 1688 2169 ζωῆς,
1727 2100 1806 2161 είς

226 2201 322 2262 την
370 2195 427 2246 ἐν
458 2193 729 2264 πνεύματι
761 2194 1017 2265 μετάγων
1048 2193 1216 2263 ζωήν.
1271 2192 1444 2262 Ὀσμὴ
1478 2191 1534 2244 δὲ
1576 2191 1805 2246 θανάτου

227 2289 304 2351 εἰς
338 2287 585 2351 θάνατον,
619 2289 732 2352 τοῖς
766 2288 875 2340 ἀπὸ
909 2286 1002 2340 τοῦ
1050 2287 1282 2341 θανάτου
1329 2288 1428 2357 τῆς
1458 2284 1680 2354 ἀγνοίας
1726 2287 1805 2346 είς

228 2377 317 2430 τὸν
343 2378 441 2449 τῆς
471 2379 728 2442 ἀπιστίας
752 2379 978 2432 ὲλάσασι
1007 2378 1256 2443 θάνατον,
1292 2377 1472 2440 διδοὺς
1501 2378 1680 2439 αὐτοῖς
1727 2376 1804 2428 αἴ-

231 2470 419 2540 σθησιν
454 2471 551 2540 τῆς
585 2471 855 2543 μενούσης
885 2473 1081 2534 αὐτοὺς
1110 2471 1512 2542 κατακρίσεως.
1546 2471 1615 2522 Ἢ
1646 2470 1807 2523 πάλιν

227 2563 367 2633 ὀσμὴ
394 2562 500 2616 ἀπὸ
525 2562 672 2633 ζωῆς
700 2567 781 2627 είς
807 2563 973 2633 ζωὴν,
1006 2566 1119 2626 τοῖς
1146 2564 1255 2617 ἀπὸ
1282 2560 1535 2634 πράξεως
1564 2564 1645 2623 είς
1673 2560 1807 2613 θεω-

229 2654 349 2718 ρίαν
370 2655 729 2725 ἀναγομένοις
747 2669 760 2683 ·
787 2653 931 2723 ὀσμὴ
961 2653 1018 2706 δὲ
1050 2652 1278 2706 θανάτου
1311 2654 1391 2715 είς
1423 2652 1672 2710 θάνατον.
1696 2651 1808 2712 τοῖς

226 2745 333 2798 ἀπὸ
379 2745 472 2797 τοῦ
508 2744 784 2814 νεκρῶσαι
817 2743 891 2816 (b)
938 2738 1027 2814 τῇ’
1055 2743 1179 2795 καθ’
1219 2740 1495 2813 ἁμαρτίαν
1532 2740 1700 2810 ἀργίᾳ
1740 2739 1809 2793 τὰ

230 2836 368 2906 μέλη
393 2836 462 2889 τὰ
494 2838 586 2891 ἐπὶ
615 2837 713 2906 τῆς
747 2834 872 2905 γῆς,
906 2836 985 2896 εἰς
1019 2833 1117 2903 τὴν
1144 2833 1254 2885 τῶν
1295 2830 1559 2903 ἐμπαθῶν
1598 2832 1808 2901 νοημάο

224 2945 335 2980 των
373 2943 431 2979 τε
463 2927 556 2979 καὶ
603 2924 917 2995 φαντασιῶν
966 2924 1367 2996 ἐπαινουμένην
1421 2921 1807 2994 μεταϐαίνουσι

226 3020 520 3090 νέκρωσιν.

300 3289 397 3339 κε’.
438 3282 600 3350 Τρεῖς
644 3282 783 3336 εἰσιν
833 3282 891 3334 αί
936 3282 1035 3352 τῆς
1069 3282 1246 3354 ψυχῆς
1284 3282 1574 3353 δυνάμεις,
1632 3284 1810 3352 λόγος,

226 3373 422 3443 θυμὸς,
463 3373 556 3426 καὶ
602 3371 883 3443 ἐπιθυμία.
922 3373 1013 3443 Τῷ
1062 3373 1161 3444 μὲν
1190 3373 1358 3445 λόγῳ,
1400 3373 1672 3446 ζητοῦμεν
1697 3390 1709 3405 ⁸
1743 3378 1811 3447 τῇ

228 3466 498 3537 ἐπιθυμίᾳ
543 3466 619 3530 δὲ,
677 3465 950 3535 ποθοῦμεν
992 3467 1053 3518 τὸ
1101 3466 1337 3537 ζητηθέν
1369 3467 1599 3537 ἀγαθόν·
1640 3469 1718 3539 τῷ
1755 3469 1813 3522 δὲ

228 3559 411 3628 Θυμῷ,
442 3557 990 3629 ὑπεραγωνιζόμεθα.
1024 3559 1179 3613 Κατὰ
1208 3560 1408 3623 ταύτας
1436 3560 1500 3629 δὴ
1530 3561 1628 3625 τὰς
1658 3562 1815 3616 δυνά-

174 3720 175 3723 η
230 3667 358 3721 μεις
390 3651 785 3721 προσμένοντες
813 3653 860 3704 οἱ
892 3653 982 3705 τὸν
1009 3653 1141 3706 Θεὸν
1173 3652 1514 3721 ἀγαπῶντες,
1560 3653 1640 3723 τῷ
1684 3653 1813 3725 θείῳ

227 3743 375 3814 λόγῳ
406 3745 504 3813 τῆς
527 3743 727 3815 ἀρετῆς
758 3744 851 3796 καὶ
882 3746 981 3814 τῆς
1012 3743 1263 3807 γνώσεως
1286 3760 1300 3774 ο
1336 3748 1401 3815 τῇ
1438 3744 1556 3814 μὲν,
1588 3745 1813 3817 ζητοῦν-

226 3852 363 3898 τεςο
400 3837 464 3905 τῇ
514 3835 593 3894 δὲ,
636 3835 958 3897 ποθοῦντες·
1003 3837 1069 3905 τῇ
1120 3835 1197 3896 δὲ,
1253 3835 1813 3907 ὑπεραγωνιζόμενοι,

224 3925 476 3994 δέχονται
509 3925 712 3996 τροφὴν
746 3926 1044 3996 ἄφθαρτον,
1087 3927 1180 3980 καὶ¹
1215 3926 1303 3979 τὸν
1334 3926 1457 3980 νοῦν
1493 3928 1813 3982 πιαίνουσαν

223 4019 331 4088 τὴν
367 4016 565 4085 γνῶσιν
596 4018 706 4071 τῶν
751 4018 1067 4087 γεγονότων.

307 4177 418 4260 χέ’.
461 4196 570 4267 Τὴν
602 4197 930 4250 κενωθεῖσαν
952 4198 1049 4268 τῆς
1072 4197 1317 4269 δοθείσης
1345 4196 1600 4266 γνώσεως
1629 4196 1810 4266 φύσιν,

225 4292 524 4360 γενόμενος
554 4289 839 4359 ἄνθρωπος
875 4291 902 4342 ὀ
927 4289 1020 4342 τοῦ
1047 4290 1181 4343 Θεοῦ
1225 4290 1417 4358 Λόγος,
1456 4290 1615 4343 πάλιν
1650 4288 1814 4358 ἐπλή-

1909 1827 1966 1873 ut
2017 1821 2111 1889 qui
2168 1820 2361 1875 ﬁdeles
2402 1820 2658 1891 exemplo
2698 1837 2820 1886 suo,
2856 1829 2916 1875 ut
2956 1822 3027 1876 ad
3064 1824 3335 1877 virtutum
3390 1824 3487 1875 fra-

1907 1912 2175 1982 grantiam
2225 1927 2325 1981 per
2364 1912 2640 1967 actionem
2690 1922 3071 1978 moverentur,
3102 1926 3495 1983 componeret,

1907 2014 2003 2061 aut
2031 2017 2291 2077 tanquam
2326 2007 2675 2077 prasdicator,
2706 2022 2804 2062 eos
2842 2008 2936 2077 qui
2976 2008 3246 2063 doctrinae
3272 2023 3337 2063 ac
3377 2024 3488 2063 ser-

1908 2099 2060 2154 moni
2104 2100 2295 2171 gratiae
2340 2100 2803 2170 obsequerentur,
2836 2117 2868 2155 a
2896 2100 3010 2156 vita
3046 2117 3114 2155 ex
3158 2116 3361 2156 sensus
3407 2117 3485 2155 ra~

1910 2193 2079 2256 tione,
2131 2191 2199 2246 ad
2248 2192 2415 2247 vitam
2468 2208 2592 2262 quae
2630 2208 2697 2247 ex
2746 2193 2978 2263 spiritus
3024 2194 3337 2248 rationibus
3393 2203 3497 2253 est,

1910 2284 2258 2339 transferret.
2303 2282 2452 2338 Odor
2498 2293 2683 2339 autem
2724 2285 2920 2339 mortis
2970 2284 3027 2337 in
3087 2295 3344 2348 mortem,
3391 2284 3497 2343 his.

1909 2376 2003 2445 qui
2033 2376 2101 2429 ab
2151 2375 2476 2447 ignorantiae
2509 2384 2687 2429 morte
2722 2375 2788 2429 ad
2821 2376 3225 2431 incredulitatis
3262 2390 3497 2431 mortem

1910 2472 2220 2527 evaserant,
2272 2480 2508 2532 quorum
2549 2465 2750 2519 animis
2790 2465 3066 2521 manentis
3106 2482 3205 2520 eos
3231 2468 3496 2521 condem-

1909 2553 2151 2607 nationis
2201 2569 2424 2607 sensum
2478 2556 2822 2612 immitteret.
2877 2556 2990 2613 Aut
3036 2574 3230 2613 rursus
3275 2559 3414 2613 odor
3469 2575 3497 2612 τι

1910 2643 2022 2697 vita
2067 2644 2134 2697 ad
2184 2644 2372 2708 vitam,
2415 2645 2522 2709 his,
2575 2647 2671 2717 qui
2729 2646 2800 2701 ab
2862 2648 3078 2703 actione
3125 2649 3192 2702 ad
3246 2658 3494 2703 contem-

1910 2736 2206 2805 plationem
2288 2738 2697 2806 proveherent;
2751 2738 2892 2794 odor
2941 2749 3126 2795 autem
3185 2741 3383 2795 mortis
3439 2741 3495 2793 in

1911 2835 2166 2891 mortem,
2229 2828 2334 2893 his,
2384 2829 2479 2899 qui
2537 2830 2606 2884 ab
2648 2846 2716 2886 eo
2769 2833 2919 2902 quod
2955 2834 3266 2888 cessatione
3299 2850 3329 2888 a
3360 2848 3497 2902 pec-

1912 2926 2057 2986 eato,
2104 2920 2333 2991 ejusque
2360 2922 2464 2976 sibi
2491 2922 2696 2978 indicta
2722 2924 3036 2991 vacatione,
3070 2927 3318 2981 membra
3352 2942 3501 2981 mor-

1837 3033 1878 3091 C
1915 3008 2265 3076 tiﬁcaverint,
2305 3028 2427 3082 quae
2456 3021 2587 3067 sunt
2625 3028 2793 3083 super
2837 3024 3043 3069 terram
3078 3015 3145 3079 δ’,
3190 3016 3257 3071 ad
3308 3017 3499 3071 lauda-

1911 3100 2080 3155 bilem
2122 3102 2449 3158 vitiosarum
2486 3120 2585 3159 seu
2633 3105 3059 3161 libidinosarurn
3098 3108 3497 3179 cogitationum

1911 3208 2315 3264 sensorumque
2346 3196 2517 3250 animi
2560 3196 3043 3253 mortiﬁcationem
3080 3208 3389 3255 transeunt.

1980 3283 2069 3337 25.
2113 3284 2252 3339 Tres
2300 3296 2435 3339 sunt
2480 3286 2679 3340 animae
2731 3287 3041 3352 facultates,
3095 3291 3257 3355 ratio,
3314 3290 3392 3346 ira
3442 3301 3500 3346 et

1911 3374 2204 3444 cupiditas.
2243 3375 2321 3430 Ac
2357 3375 2569 3430 ratione
2592 3376 2840 3445 quidem,
2896 3378 3225 3447 quaerimus;
3279 3380 3498 3450 cupidi-

1912 3476 2044 3532 tate,
2079 3468 2226 3538 quod
2274 3469 2568 3539 quaesitum
2597 3469 2803 3524 bonum
2830 3478 2915 3525 est
2947 3470 3497 3539 desideramus;~ira,

1912 3564 2033 3632 ejus
2074 3561 2265 3616 tuendi
2312 3577 2480 3616 causa
2508 3571 2916 3619 concertamus.
2969 3564 3049 3619 Ex
3083 3565 3279 3621 harum
3308 3567 3494 3638 itaque

1913 3653 2236 3707 facultatum
2266 3653 2502 3717 ratione,
2535 3654 2629 3722 qui
2664 3654 2850 3709 divina
2892 3656 3163 3712 charitate
3214 3659 3362 3724 fulti,
3416 3660 3500 3714 di-

1913 3742 2055 3796 vinae
2096 3740 2318 3796 virtutis
2360 3757 2424 3797 ac
2479 3744 2727 3799 scientiae
2783 3747 2982 3799 rationi
3045 3759 3211 3818 atque
3254 3755 3495 3806 sermoni

1915 3832 2136 3887 assidue
2197 3842 2403 3887 navant
2443 3848 2707 3904 operam;
2737 3852 2800 3890 ac
2830 3839 3027 3906 partim
3065 3853 3340 3909 quaerunt,
3368 3860 3499 3913 par-

1919 3923 2016 3978 tim
2046 3923 2384 3990 desiderant,
2409 3925 2723 3996 partimque
2754 3928 2943 3981 tuendi
2965 3930 3162 3986 ardore
3187 3932 3496 3998 decertant,

1915 4015 2395 4085 incorruptibilem
2446 4032 2630 4071 escam
2684 4006 3195 4077 nanciscuntur‘ac
3256 4032 3496 4080 mentem

1917 4106 2377 4177 impinguantem,
2434 4115 2745 4164 creatarum
2794 4125 2979 4165 rerum
3016 4114 3327 4170 scientiam.

1987 4198 2075 4253 26.
2110 4199 2401 4264 Naturam,
2432 4215 2725 4271 concessa,
2754 4203 2858 4258 sibi
2892 4204 3124 4261 scientia
3153 4219 3497 4276 evacuatam,

1918 4291 2015 4345 Dei
2069 4291 2309 4345 Verbum
2359 4291 2566 4347 factum
2612 4293 2798 4361 homo,
2832 4296 3061 4353 scientia
3107 4300 3290 4355 denuo
3322 4303 3495 4357 adim-

228 4399 378 4454 ρωσε
429 4380 716 4448 γνώσεως⁸
755 4380 847 4432 καὶ
892 4378 1180 4449 στομώσας
1220 4379 1355 4449 πρὸς
1407 4379 1707 4449 ἀτρεψίαν,
1752 4377 1807 4429 οὐ

1920 4382 2122 4451 plevit;
2162 4383 2480 4453 duransque
2512 4393 2573 4439 ut
2618 4387 2753 4440 nulli
2798 4387 3060 4459 deinceps
3104 4392 3342 4447 obnoxia
3376 4409 3501 4448 mu-

226 4474 424 4542 φύσει,
475 4474 719 4543 ποιότητι
777 4473 854 4537 δὲ,
923 4473 1125 4544 ταύτην
1182 4472 1446 4525 ὲθέωσεν·
1508 4471 1813 4534 ὰνελλιπῶς

227 4564 404 4634 αὐτὴν
434 4563 509 4633 τῷ
537 4566 722 4633 οἰκείῳ
752 4564 1163 4635 χαρακτηρίσας
1199 4562 1476 4630 Πνεύματι
1498 4578 1511 4591 '
1563 4561 1814 4631 καθάπερ

229 4657 402 4726 ὕδωρ,
438 4657 581 4709 οἴνου
613 4658 861 4726 ποιότητι
908 4656 1045 4727 πρὸς
1087 4655 1238 4707 τόνον
1272 4653 1670 4724 μετακεράσας.
1718 4653 1816 4705 Διά

230 4748 395 4800 τοῦτο
426 4747 536 4818 γὰρ
568 4748 661 4800 καὶ
693 4747 901 4814 γίνεται
934 4744 1055 4797 κατ’
1101 4746 1358 4817 ἀλήθειαν
1387 4743 1695 4815 ἄνθρωπος,
1732 4744 1818 4796 ἵνα

229 4835 381 4897 κᾶτὰ
406 4841 565 4914 χάριν
597 4842 743 4910 ἡμᾶς
772 4839 1086 4910 καταστήσῃ
1117 4838 1292 4902 θεούς.
1724 4892 1740 4905 ,

308 4936 413 5001 κζ’.
469 4935 525 4988 '0
564 4934 663 5005 τὴν
709 4933 871 5001 φύσιν
902 4931 1011 4985 τῶν
1058 4931 1362 5002 ἀνθρώπων
1404 4930 1814 5001 δημιουργήσας

230 5027 391 5090 Θεὸς,
435 5026 550 5096 ἅμα
586 5025 836 5095 βουλήσει
879 5024 937 5077 τὸ
973 5020 1111 5077 εἶναι
1144 5024 1279 5094 αὐτῇ
1327 5022 1578 5088 δέδωκεν,
1616 5024 1815 5093 συνήρ-

232 5136 406 5191 μοσεν
453 5120 589 5189 αὐτῇ
643 5118 737 5170 καὶ
788 5116 1015 5185 δύναμιν
1058 5114 1166 5168 τῶν
1205 5115 1554 5185 καθηκόντων
1604 5130 1817 5182 ποιητι-

230 5213 345 5281 κήν
365 5226 380 5241 ⁸
415 5210 641 5281 δύναμιν
671 5209 727 5262 δὲ
768 5208 929 5278 λέγω,
955 5210 1054 5279 τὴν
1080 5209 1352 5271 οὐσιωδῶς
1381 5208 1480 5279 μὲν
1510 5222 1822 5275 κατεσπαρ-

1920 4475 2115 4529 talioni
2149 4475 2241 4540 sit,
2294 4492 2406 4531 non
2456 4484 2675 4543 natura,
2725 4479 2821 4533 sed
2871 4482 3136 4549 qualitate
3184 4499 3305 4538 eam
3343 4485 3499 4540 deiﬁ-

1920 4567 2097 4633 cavit;
2125 4566 2205 4621 sic
2235 4583 2338 4622 suo
2368 4568 2669 4639 obsignans
2710 4568 2945 4640 Spiritu,
2973 4582 3035 4627 ut
3070 4574 3208 4629 nihil
3243 4576 3296 4630 ei
3322 4576 3502 4641 desit;

1923 4675 1985 4713 ac
2058 4658 2104 4713 si
2155 4675 2296 4729 aqua
2352 4660 2467 4713 vini
2523 4662 2790 4730 qualitate
2856 4664 3177 4733 misceatur,
3244 4676 3306 4722 ut
3357 4668 3505 4724 illius

1922 4749 2167 4819 vigorem
2195 4748 2505 4804 contrahat.
2551 4750 2765 4806 Idcirco
2800 4755 2947 4808 enim
2980 4757 3148 4811 etiam
3182 4774 3309 4815 vere
3337 4760 3506 4814 homo
3537 4758 3543 4763 ’

1923 4837 2101 4894 factus
2135 4846 2240 4903 est,
2291 4848 2352 4893 ut
2396 4856 2497 4895 nos
2547 4856 2644 4910 per
2680 4844 2913 4912 gratiam
2951 4844 3085 4901 deos
3126 4856 3433 4916 praestaret.

1997 4928 2085 4983 27.
2127 4930 2275 4984 Deus
2328 4931 2620 4985 condendo
2688 4933 2984 4988 humanam
3050 4945 3327 5001 naturam,
3381 4954 3509 4994 mox

1926 5037 1991 5075 ac
2045 5019 2123 5074 illi
2166 5032 2228 5075 ut
2279 5030 2426 5077 esset
2468 5022 2754 5078 voluntate
2811 5026 3068 5091 contulit,
3120 5028 3230 5081 vim
3287 5044 3508 5099 quoque

1928 5113 2109 5168 eidem
2147 5113 2381 5169 faciendi
2411 5131 2532 5184 quas
2561 5115 2789 5170 honesta
2821 5119 2931 5171 sint
2971 5128 3028 5173 et
3061 5118 3246 5186 ofﬁcii,
3275 5124 3508 5191 aptavit.

1929 5206 2050 5261 Vim
2090 5212 2274 5259 autem
2313 5204 2439 5258 dico
2484 5221 2582 5260 seu
2611 5206 2954 5274 facultatem,
3005 5224 3133 5264 eum
3164 5221 3374 5268 motum
3407 5214 3506 5283 qui

244 5432 247 5433 ν
310 5374 358 5406 ⁴⁸
380 5374 426 5429 ΙΙ
452 5374 576 5429 Cor.
606 5390 664 5438 ιι,
702 5372 789 5436 l6,
821 5371 914 5425 ubi
945 5379 1124 5424 tamen
1153 5369 1309 5425 deest
1340 5369 1399 5423 τὸ
1425 5369 1551 5422 ἀπό.
1584 5367 1725 5422 Odor
1753 5368 1801 5420 vi

1916 5369 1959 5420 In
1988 5366 2173 5420 vitam.
2251 5364 2295 5395 ⁸⁸
2328 5364 2537 5420 Coloss.
2566 5384 2645 5433 ιιι,
2676 5368 2727 5423 5.

315 5513 388 5587 (ὁ)
435 5514 578 5568 ’Λπὸ
606 5514 710 5587 τοῦ
740 5513 1052 5587 νεγρώσαι.
1084 5512 1359 5582 Quidquid
1378 5510 1684 5587 _hic_Picus,
1740 5507 1818 5587 sic

231 5578 499 5662 alienum
534 5602 565 5639 a
612 5578 1567 5662 tlteologia.motumqué“scientia,
1624 5588 1684 5631 ut
1731 5578 1816 5662 vel

233 5672 417 5713 unum
450 5656 502 5710 id
519 5657 771 5726 exemplo
790 5648 1120 5725 6‘ssc'queat,
1148 5648 1255 5707 non
1285 5652 1441 5707 facile
1462 5648 1817 5719 irrumpenda

1926 5520 2081 5585 sacra
2115 5504 2299 5585 adyta.
2335 5501 2554 5585 ci,_.qui
2591 5506 2837 5585 ἁμόητος
2872 5507 2987 5585 δὴ..
3014 5509 3155 5585 Quid
3190 5512 3337 5565 enim
3393 5530 3515 5583 pc—

1926 5576 2029 5697 cizti
2065 5574 2328 5637 socordia,
2374 5574 2593 5645 aliaque
2635 5574 2739 5631 hic
2765 5577 2816 5631 ei
2871 5578 3075 5648 posita?
3136 5580 3254 5656 Ipsa
3291 5574 3510 5646 Maium

1926 5661 1954 5699 ο
1980 5660 2090 5698 ara.
