3930 6324
226 367 355 429 1933

890 374 1225 434 CAPITUM
1268 376 1690 448 QUINQUIES
1730 375 2252 439 CENTENORUM
2296 383 2689 443 CENTURIA
2732 383 2808 441 ΙΙ.

3366 378 3381 439 1
3394 379 3495 441 234

220 478 283 553 ἧς
334 486 477 551 κατα
524 487 622 556 τὴν
663 489 878 559 πεῖραν,
917 492 989 560 μὴ
1048 491 1289 559 ἅψασθαι
1336 493 1401 544 δι’
1442 495 1721 563 ἐνεργείας
1776 493 1803 543 ὁ

1931 497 2124 551 ιοιιιίιιί
2176 498 2535 554 interdictum
2586 509 2752 564 esset,
2789 516 2856 554 ne
2896 500 3234 569 experiendo
3269 502 3493 569 attinge-

218 574 498 646 ἅνθρωπος
548 578 647 646 τὴν
678 581 827 633 θείαν
875 582 1055 635 λαϐὼν
1096 586 1333 654 εντολὴν,
1368 586 1469 637 οὐκ
1514 585 1799 652 ἐφύλαξεν.

283 666 384 733 λγ’.
441 669 754 741 Ἀμφότεροι
790 673 855 724 τὰ
887 673 1017 737 ξύλα
1050 676 1188 729 κατὰ
1222 676 1320 746 τὴν
1354 678 1597 746 Γραςρὴν,
1642 676 1802 731 τινῶν

218 759 318 811 είσι
353 759 688 832 διακριτικὰ,
738 764 907 834 ἤγουν
938 768 965 818 ὁ
994 766 1117 828 νούς
1158 770 1251 820 καὶ
1283 771 1314 838 ἠ
1352 767 1637 839 αἴσθησις·
1670 764 1801 834 οἷον,

218 855 244 906 ὁ
281 854 380 923 μὲν
413 856 556 918 νοῦς,
610 856 721 927 ἔχει
769 858 997 929 δύναμιν
1046 860 1411 930 διακριτικὴν,
1460 860 1665 929 νοητῶν
1712 862 1805 914 καὶ

218 946 510 1016 αἰσθητῶν,
544 950 895 1019 προσκαίρων
941 952 1034 1003 καὶ
1073 951 1338 1004 αἰωνίων·
1379 952 1579 1021 μᾶλλον
1611 952 1667 1004 δὲ
1700 952 1802 1020 upu-

219 1040 317 1109 χῆς
356 1040 614 1111 ὑπάρχων
662 1042 893 1113 δύναμις
942 1043 1278 1114 διακριτικὴ,
1320 1045 1428 1097 τῶν
1467 1045 1586 1113 μὲν,
1636 1045 1806 1115 αὐτὴν

219 1132 538 1203 ἀντέχεσθαι
591 1122 796 1185 πείθειλ
840 1134 950 1186 τῶν
1000 1136 1079 1199 δὲ,
1148 1136 1566 1207 ὑπεραίρεσθαι.
1629 1139 1693 1190 Ἡ
1749 1139 1804 1190 δὲ

219 1224 471 1295 αἴσθησις
518 1225 629 1296 ἔχει
670 1226 900 1297 δύναμιν
933 1228 1275 1299 διακριτικὴν
1307 1229 1501 1299 ἡδονῆς
1541 1230 1808 1300 σωμάτων

220 1317 312 1369 καὶ
339 1316 533 1385 ὀδύνης
553 1332 566 1345 °
603 1318 805 1388 μᾶλλον
832 1319 887 1371 δὲ
927 1318 1156 1388 δύναμις
1180 1318 1502 1389 ὑπάρχουσα
1552 1320 1809 1391 ἐμψύχων

223 1408 312 1460 καὶ
350 1409 685 1478 αἰσθητικῶν
731 1410 1024 1478 σωμάτων,
1057 1410 1154 1480 τὴν
1196 1412 1292 1481 μὲν
1341 1410 1535 1482 ἡδονὴν
1575 1413 1811 1465 ἐπισπᾶ-

224 1499 344 1555 σθαι
376 1501 574 1566 πείθει,
606 1501 705 1572 τὴν
739 1502 795 1555 δὲ
829 1502 1020 1575 ὀδύνην
1051 1503 1501 1574 ἀποπέμπεσθαι.

291 1764 386 1819 λδ’.
432 1765 490 1819 Ὀ
524 1764 830 1833 ἄνθρωπος,
867 1768 962 1820 ἐὰν
997 1768 1093 1839 μὲν
1123 1769 1290 1839 μόνης
1336 1770 1433 1838 τῆς
1463 1771 1583 1823 καθ’
1616 1772 1813 1841 ἡδονὴν

228 1856 316 1908 καὶ
351 1855 544 1927 ὀδύνην
571 1856 893 1928 αίσθητικῆς
925 1858 1032 1911 τῶν
1058 1860 1325 1929 σωμάτιον
1349 1861 1573 1930 γένηται
1601 1862 1813 1930 διακρί-
1847 1845 1889 1898 Β

230 1966 384 2014 σεως,
437 1951 535 2020 τὴν
571 1950 720 2004 θείαν
758 1952 1011 2023 παραϐὰς
1062 1953 1301 2021 ἐντολὴν,
1342 1953 1508 2006 ἐσθίει
1552 1955 1612 2007 τὸ
1660 1953 1813 2018 ξύλον

229 2041 288 2091 τὸ
321 2042 561 2106 γνωστὸν
600 2042 766 2094 καλοῦ
801 2044 893 2096 καὶ
928 2046 1200 2115 πονηρού-
1238 2046 1505 2109 τουτέστι,
1551 2048 1649 2117 τὴν
1695 2048 1812 2100 κατ’

229 2132 481 2202 αἴσθησιν
530 2134 783 2200 ἀλογίαν’
822 2135 959 2206 ἔχων
1008 2138 1175 2208 μόνην
1206 2140 1301 2209 τὴν
1352 2141 1681 2210 συστατικὴν
1710 2141 1817 2193 τῶν

233 2226 500 2293 σωμάτων
548 2227 857 2297 διάκρισιν,
909 2228 1030 2282 καθ’
1080 2231 1168 2299 ἣν,
1215 2231 1289 2293 ὡς
1343 2230 1440 2301 μὲν
1485 2231 1674 2292 καλοῦ,
1717 2233 1815 2301 τῆς

234 2316 423 2386 ἡδονῆς
456 2319 772 2388 ἀντέχεται·
812 2322 886 2383 ὡς
927 2321 980 2373 δὲ
1018 2322 1210 2386 κακοῦ,
1252 2324 1350 2392 τῆς
1376 2323 1570 2390 ὀδύνης
1605 2325 1818 2393 ἀπέχε-

231 2426 339 2463 ται.
389 2411 514 2463 Ἐὰν
559 2412 615 2463 δὲ
667 2412 835 2480 μόνης
859 2415 956 2481 τῆς
999 2414 1107 2466 τῶν
1159 2415 1391 2469 αἰωνίων
1436 2416 1819 2487 διακρινούσης

232 2501 303 2552 τὰ
344 2502 654 2572 πρόσκαιρα
698 2504 764 2556 δι’
797 2505 921 2557 ὅλου
964 2506 1188 2575 γένηται
1238 2510 1429 2574 νοερᾶς
1474 2509 1818 2578 διακρίσεως,

231 2592 330 2662 τὴν
354 2592 503 2645 θείαν
529 2594 767 2661 φυλάξας
795 2596 1039 2665 ἐντολὴν,
1069 2597 1240 2650 ἐσθίει
1265 2598 1321 2649 τὸ
1344 2597 1499 2662 ξύλον
1522 2600 1617 2666 τῆς
1642 2599 1782 2666 ζωῆς
1805 2618 1817 2629 ·

230 2683 331 2753 τὴν
382 2686 521 2738 κατὰ
561 2687 685 2739 νοῦν
738 2686 882 2753 λέγω
934 2690 1332 2757 συνισταμένην
1383 2690 1603 2756 σοφίαν·
1654 2691 1823 2760 μόνην

231 2774 372 2842 ἔχων
406 2776 498 2845 τὴν
530 2779 862 2847 συστατικὴν
900 2780 998 2846 τῆς
1029 2779 1206 2849 ψυχῆς
1238 2778 1544 2849 διάκρισινο
1582 2780 1703 2832 καθ’
1734 2782 1820 2851 ἢν,

226 2864 307 2927 ὡς
358 2867 454 2935 μὲν
507 2868 699 2928 καλοῦ,
747 2870 843 2939 τῆς
880 2870 989 2921 τῶν
1030 2872 1268 2923 αἰωνίων
1308 2872 1592 2941 ἀντέχεται
1628 2873 1817 2943 δόξης·

226 2960 311 3022 ὼς
386 2962 441 3013 δὲ
511 2964 719 3025 κακοῦ,

227 3052 465 3120 φθορᾶς.

800 2966 896 3033 τῆς
960 2966 1068 3019 τῶν
1148 2967 1497 3037 προσκαίρων
1561 2968 1823 3036 ἀπέχεται

1910 596 2012 647 ret,
2064 590 2382 643 mandatum
2432 606 2541 643 non
2592 592 2854 645 servavit.

1978 674 2133 745 541
2186 677 2271 731 55.
2328 678 2635 747 Utrumque
2686 678 2895 747 lignum
2952 679 3140 747 (mens
3187 679 3401 733 scilicet
3448 688 3504 732 et

1907 768 2119 835 sensus)
2153 768 2306 835 juxta
2342 768 2705 838 Seripturam,
2739 769 2848 821 vim
2883 770 3249 838 quorumdam
3288 769 3499 821 discer-

1906 855 2215 909 nendorum
2251 857 2477 921 habent,
2505 859 2657 912 verbi
2691 860 2863 927 gratia
2896 876 3073 922 mens,
3102 874 3164 913 ea
3192 859 3244 911 vi
3276 858 3502 927 praedita

1908 963 1991 1002 est
2016 991 2029 1011 ,
2067 968 2172 1019 qua
2209 952 2491 1007 discernat
2523 970 2645 1022 qua:
2688 956 2790 1008 sub
2828 956 3171 1009 intellectum
3213 954 3415 1008 cadunt.
3450 964 3505 1007 et

1909 1056 2032 1109 quae
2075 1042 2178 1095 sub
2219 1059 2465 1109 sensum,
2494 1061 2615 1114 qua:
2655 1056 3005 1114 temporanea
3045 1056 3099 1099 et
3137 1062 3259 1114 qua:
3299 1056 3505 1099 aeterna

1910 1142 2057 1186 sunt.
2093 1133 2228 1197 lmo,
2264 1150 2388 1187 cum
2431 1136 2547 1204 ipsa
2589 1137 2859 1205 ejusmodi
2905 1136 3137 1189 facultas
3177 1136 3374 1188 anima:
3413 1134 3503 1197 sit,

1911 1224 1999 1276 cui
2054 1225 2197 1278 inest
2239 1227 2322 1279 vis
2367 1227 2751 1289 discernendi,
2788 1239 2981 1282 auctor
3028 1228 3103 1280 illi
3152 1235 3267 1291 est,
3301 1236 3359 1279 ut
3402 1227 3506 1280 alia

1912 1319 2313 1387 amplectatur,
2345 1320 2450 1373 alia
2498 1330 2722 1389 superet
2771 1304 2834 1374 ac
2878 1320 3255 1373 transcendat.
3301 1319 3509 1372 Sensus

1912 1420 2096 1463 autem
2137 1410 2244 1461 vim
2282 1410 2449 1463 habet
2483 1410 2863 1464 discernenda:
2924 1424 3221 1476 corporum
3254 1407 3503 1473 volupta-

1917 1499 1984 1551 tis
2028 1488 2194 1568 atque
2235 1499 2443 1552 doloris
2485 1516 2498 1550 :
2542 1498 2795 1566 quinimo
2836 1514 2961 1550 cum
3008 1498 3125 1565 ipse
3166 1494 3399 1548 facultas
3438 1492 3509 1545 sit

1916 1605 2206 1658 corporum
2236 1591 2415 1644 anima
2450 1606 2726 1658 sensuque
2759 1589 3140 1658 prreditorum,
3170 1588 3506 1655 voluptatem

1918 1681 2139 1749 quidem
2176 1682 2446 1735 asciscere
2481 1680 2707 1743 suadet,
2737 1681 2982 1734 dolorem
3012 1694 3144 1732 vero
3176 1678 3505 1747 propeilere.

1990 1773 2078 1836 54.
2112 1772 2308 1837 llotno,
2336 1774 2608 1842 siquidem
2647 1774 2747 1827 soli
2784 1771 3129 1834 discretioni,
3158 1787 3279 1839 quae
3313 1785 3510 1823 sensus

1916 1873 2020 1927 est,
2059 1865 2357 1932 voluptatis
2401 1879 2701 1933 corporum
2749 1873 2914 1932 atque
2954 1862 3185 1925 doloris,
3231 1862 3510 1929 impensus

1918 1954 2023 2017 sit,
2072 1954 2247 2007 divini
2307 1955 2585 2028 mandati;
2645 1954 3094 2023 transgressionis
3151 1968 3309 2013 rcus,
3365 1951 3510 2019 ligno

1918 2048 2160 2100 vescitur
2201 2049 2448 2101 scientia:
2492 2047 2623 2100 boni
2674 2055 2730 2100 et
2784 2048 2912 2100 mali
2971 2047 3198 2115 (sensus
3246 2044 3509 2096 nimirum

1916 2148 2141 2208 experte
2178 2141 2407 2194 rationis
2439 2139 2615 2207 motu)
2651 2156 2758 2193 una
2799 2140 3013 2208 pollens
3046 2154 3109 2190 ea
3142 2137 3509 2197 discretione,

1919 2246 2041 2299 quze
2075 2231 2140 2285 ad
2179 2246 2475 2299 corporum
2512 2231 2948 2285 incolumitatem
2985 2229 3144 2293 facit;
3185 2244 3320 2296 qua,
3353 2228 3511 2280 volu-

1920 2331 2127 2392 ptatem
2176 2323 2397 2391 quidem
2450 2332 2509 2376 ut
2557 2323 2764 2375 bonum
2818 2321 3211 2389 amplectitur;
3265 2321 3510 2373 dolorem

1921 2430 2051 2467 vero
2089 2415 2227 2480 fugit
2294 2421 2353 2465 ut
2391 2414 2615 2465 malum.
2647 2412 2741 2465 Sin
2766 2422 2964 2466 'autetn
3006 2412 3208 2465 mentis
3248 2412 3514 2464 duntaxat

1921 2504 2243 2557 discretioni
2297 2520 2525 2571 prorsus
2573 2504 2828 2569 studeat,
2876 2521 2996 2573 qua:
3042 2514 3395 2572 temporanea
3445 2503 3513 2555 ab

1921 2596 2141 2649 aeternis
2189 2595 2495 2656 discernat,
2544 2596 2716 2648 divini
2768 2597 3014 2649 mandati
3067 2605 3258 2654 tenax,
3302 2595 3510 2663 lignum

1924 2686 2048 2740 vitae
2084 2686 2431 2755 (sapientiam
2470 2688 2737 2740 nimirum
2774 2688 2827 2740 in
2866 2695 3051 2741 mente
3088 2686 3511 2753 consistentem)

1924 2782 2198 2846 comedit;
2246 2798 2349 2835 una
2386 2782 2652 2835 duntaxat
2690 2783 2951 2851 prmditus
2988 2782 3357 2845 discretione,
3392 2797 3513 2849 qua:

1926 2872 1991 2925 ad
2025 2872 2189 2925 animi
2223 2874 2454 2927 salutem
2486 2874 2645 2939 facit;
2680 2890 2808 2943 qua,
2837 2884 3168 2928 aeternorum
3204 2875 3511 2927 claritatem

1927 2974 1989 3018 ut
2014 2965 2217 3017 bonum
2251 2968 2593 3035 complexus,
2623 2983 2651 3021 a
2684 2977 3027 3021 terrenorum
3066 2967 3425 3035 corruptione
3455 2972 3513 3019 ut

1928 3069 1959 3108 ι
1987 3057 2132 3109 malo
2163 3058 2498 3127 abjungitur.

308 3142 401 3197 λε’.
458 3145 569 3196 Νοῦ
622 3146 720 3214 μὲν
772 3146 935 3199 καλόν
996 3149 1179 3212 ἐστιν,
1228 3150 1259 3218 ἡ
1306 3148 1523 3218 ἀπαθὴς
1581 3149 1717 3218 πρὸς
1765 3150 1819 3203 τὸ

1997 3144 2085 3198 55.
2116 3146 2313 3199 Mentis
2348 3148 2553 3199 bonum
2592 3155 2755 3215 atque
2788 3147 2979 3211 animi,
3009 3148 3305 3215 tranquilla
3340 3154 3423 3201 est
3454 3162 3515 3200 ac

227 3233 455 3301 πνεῦμα
491 3236 761 3299 διάθεσις’
816 3239 984 3290 κακὸν
1033 3239 1110 3312 δὲ,
1153 3242 1184 3309 ὴ
1235 3241 1490 3311 ἐμπαθὴς
1538 3241 1674 3312 πρὸς
1724 3240 1824 3313 τὴν

226 3324 487 3395 αἴσθησιν
516 3327 699 3397 σχέσις
722 3347 735 3360 -
771 3329 1081 3398 αἰσθήσεως
1121 3330 1175 3383 δὲ
1210 3332 1373 3384 καλόν
1414 3335 1583 3396 ἐστιν,
1631 3336 1662 3403 ὴ
1700 3332 1823 3385 καθ’

228 3415 429 3485 ἡδονὴν
464 3418 717 3488 ἐμπαθὴς
751 3420 888 3489 πρὸς
943 3421 1103 3491 σῶμα
1147 3423 1396 3493 κίνησις·
1451 3425 1621 3478 κακὸν
1674 3426 1752 3490 δὲ,
1790 3427 1824 3495 ἡ

231 3509 379 3561 κατὰ
410 3510 663 3582 στέρησιν
696 3513 895 3581 ταύτης
928 3514 1281 3585 ὲπιγινομένη
1317 3514 1576 3579 διάθεσις.

313 3775 421 3839 λς’.
479 3775 536 3830 Ὀ
593 3778 786 3843 πείσας
846 3780 908 3833 τὸ
978 3780 1221 3842 συνειδὸς
1270 3779 1346 3843 ὡς
1399 3782 1559 3851 φύσει
1625 3785 1824 3847 καλὸν,

234 3869 620 3938 πραττόμενον
655 3871 799 3940 ἔχειν
829 3874 890 3925 τὸ
932 3874 1216 3938 κάκιστον,
1261 3870 1415 3937 οὗτος
1461 3877 1827 3948 χειρὸςκδίκην

235 3960 491 4023 ἐκτείνας
519 3964 580 4015 τὸ
629 3965 952 4033 πρακτικὸν,
986 3966 1143 4018 ἔλαϐε
1174 3967 1389 4036 ψεκτῶς
1423 3968 1514 4021 τοῦ
1544 3968 1699 4032 ξύλου
1727 3970 1826 4039 τῆς

235 4050 423 4120 ζωῆς,
477 4054 746 4107 ἀθάνατον
801 4059 1147 4126 ἡγησάμενος
1202 4060 1361 4127 φύσει
1424 4061 1484 4113 τὸ
1545 4061 1824 4115 κάκιστον.

234 4145 446 4216 Διόπερ
476 4146 576 4216 τὴν
606 4150 743 4200 κατὰ
772 4150 834 4201 τὸ
867 4151 1099 4214 συνειδὸς
1130 4152 1223 4205 τοῦ
1261 4153 1430 4206 κακοῦ
1463 4154 1717 4224 διαϐολὴν
1751 4155 1829 4226 τῷ

236 4236 521 4308 ἀνθρώπῳ
552 4239 799 4305 φυσικῶς
850 4241 1138 4312 ἐνθέμενος
1178 4246 1205 4297 ὁ
1249 4245 1402 4311 Θεὸς,
1430 4247 1699 4317 διέκρινεν
1741 4251 1829 4301 αὐ-

236 4328 464 4399 τὸντῆς
503 4332 679 4399 ζωῆς,
730 4333 899 4386 κακὸν
948 4337 1012 4405 τῇ
1063 4337 1381 4407 προαιρέσει
1430 4340 1825 4411 γεγενημένον’

237 4420 334 4472 ἵνα
395 4422 469 4492 μὴ
522 4425 583 4482 τὸ
640 4425 809 4478 κακὸν
861 4427 1153 4497 πράττων,
1206 4429 1429 4500 δύνηται
1493 4435 1676 4485 πεῖσαι
1732 4436 1829 4504 τὴν

1928 3236 2223 3290 affectibus
2250 3254 2452 3291 vacans
2482 3254 2576 3292 seu
2612 3238 2909 3291 libidinosa
2936 3240 3066 3308 ejus
3099 3254 3226 3307 erga
3263 3239 3514 3307 spiritum

1926 3327 2176 3393 aflectio;
2213 3330 2414 3381 malum
2442 3346 2594 3393 vero,
2622 3330 2915 3384 libidinosa
2951 3341 3005 3382 et.
3032 3347 3154 3383 eum
3188 3331 3387 3384 affectu
3419 3346 3515 3385 seu

1926 3417 2344 3484 perturbatione
2391 3435 2517 3489 erga
2564 3435 2786 3475 sensum
2839 3421 3106 3473 habitudo
3159 3416 3221 3473 ac
3273 3421 3512 3474 affectio.

1930 3508 2138 3563 Sensus
2162 3521 2343 3564 autem
2372 3513 2599 3576 bonum,
2622 3529 2833 3582 pronus
2856 3522 2939 3567 est
2962 3512 3260 3581 voluptatis
3284 3512 3515 3565 libidine

1928 3598 1983 3651 in
2019 3613 2221 3669 corpus
2257 3608 2471 3665 motus;
2511 3603 2715 3655 malum
2753 3618 2913 3665 vero,
2944 3618 3064 3671 quae
3100 3616 3196 3669 per
3231 3599 3378 3653 illius
3409 3601 3518 3669 pri-

1928 3689 2204 3743 vationem
2234 3692 2524 3760 dispositio
2554 3710 2615 3746 ac
2644 3694 2863 3747 affectio
2897 3694 3127 3747 accedit.

1998 3779 2087 3833 56.
2119 3780 2221 3845 Qui
2270 3793 2465 3836 auctor
2503 3785 2855 3837 conscientia:
2895 3793 2999 3846 cst,
3035 3796 3096 3837 ut
3136 3785 3285 3837 velut
3328 3793 3517 3838 natura

1926 3869 2171 3931 bonum,
2212 3870 2384 3938 quod
2457 3880 2541 3924 est
2608 3873 2910 3939 pessimum
2981 3886 3150 3940 opere
3214 3874 3518 3928 exercitum

1929 3961 2154 4028 habeat;
2196 3962 2269 4026 is,
2299 3964 2456 4032 quasi
2498 3980 2718 4017 manum
2761 3963 2976 4033 (agendi
3016 3964 3147 4033 vim)
3184 3968 3515 4027 extendens,

1928 4050 1997 4107 de
2032 4054 2183 4123 ligno
2214 4054 2371 4119 vitae,
2406 4056 2721 4109 damnando
2760 4055 3005 4111 facinore
3043 4057 3280 4126 accepit;
3326 4067 3518 4111 natura

1929 4154 2081 4199 ratus
2122 4146 2463 4209 immortale,
2494 4148 2640 4217 quod
2680 4149 2732 4201 in
2771 4149 3028 4217 pessimis
3066 4149 3379 4203 habendum
3416 4159 3516 4205 est.

1929 4237 2074 4291 Deus
2111 4237 2316 4306 itaque,
2346 4239 2439 4308 qui
2474 4249 2671 4293 natura
2705 4239 2915 4293 homini
2955 4240 3249 4303 indiderat,
3281 4248 3357 4306 ut,
3393 4258 3522 4294 con-

1930 4329 2157 4383 scientia
2206 4331 2411 4400 judice,
2448 4333 2651 4385 malum
2697 4333 3069 4401 vituperaret,
3116 4335 3373 4388 eumdem
3423 4350 3521 4387 sua

1934 4422 2111 4490 ipsum
2138 4423 2418 4477 voluntate
2450 4440 2511 4479 ac
2538 4424 2772 4479 arbitrio
2804 4426 3008 4479 malum
3047 4425 3328 4490 effectum,
3356 4442 3385 4479 a
3411 4426 3520 4480 vita

240 4512 385 4563 ἰδίαν
418 4516 745 4585 συνείδησιν,
798 4518 879 4571 ὅτι
935 4518 1094 4588 φύσει
1144 4521 1306 4575 καλὸν
1348 4523 1584 4597 ὑπάρχει
1619 4525 1680 4577 τὸ
1732 4527 1819 4580 κά·

1931 4513 2239 4582 segregavit
2278 4531 2290 4565 :
2328 4530 2396 4568 nc
2433 4515 2563 4567 dum
2600 4516 2804 4567 malum
2847 4514 2986 4585 agit,
3025 4516 3379 4569 conscientia:
3411 4531 3524 4569 sua:

238 4618 454 4657 κιστον.

318 4767 396 4832 λζ’
472 4769 537 4822 Ἠ
572 4769 834 4840 ἄμπελος,
872 4768 1014 4824 οἶνον
1065 4776 1238 4825 ποιεῖ’
1271 4775 1299 4827 ὁ
1331 4773 1491 4838 οἶνος,
1543 4778 1714 4848 μέθην
1738 4796 1749 4809 ·
1796 4784 1827 4849 ἠ

244 4856 415 4927 μέθη,
446 4858 720 4913 ἔκστασιν.
756 4862 963 4916 Οὐκοῦν
988 4866 1014 4916 ὁ
1037 4867 1262 4934 ἐνεργὴς
1290 4866 1465 4933 λόγος,
1507 4869 1644 4939 ὅπερ
1684 4873 1833 4926 ἐστὶν

240 4950 278 5017 ἡ
328 4949 591 5017 ἄμπελος,
649 4952 1062 5023 γεωργούμενος
1090 4957 1212 5015 ταῖς
1262 4956 1502 5025 ἀρεταῖς,
1545 4961 1706 5030 γεννᾷ
1737 4964 1834 5032 τὴν

242 5040 450 5108 γνῶσιν
470 5059 483 5072 ο
512 5044 544 5111 ἡ
577 5042 631 5095 δὲ
662 5044 882 5112 γνῶσις,
919 5048 1079 5117 γεννᾷ
1103 5046 1200 5119 τὴν
1231 5048 1401 5118 καλὴν
1431 5048 1704 5113 ἔκστασιν,
1737 5053 1835 5124 τὴν

241 5132 340 5184 τὸν
373 5132 497 5185 νοῦν
534 5134 633 5203 τῆς
668 5136 786 5188 κατ’
824 5138 1076 5207 αἴσθησιν
1112 5140 1346 5207 σχέσεως
1387 5140 1706 5205 ὲξιστῶσαν.

322 5224 424 5295 λη’.
466 5227 592 5290 Τοῖς
625 5228 733 5279 τῶν
772 5228 1047 5299 αἰσθητῶν
1089 5232 1361 5300 νοήμασιν
1398 5235 1553 5286 εἴωθε
1594 5237 1831 5309 κακούρ‹

244 5329 362 5379 γως
400 5317 427 5366 ὁ
480 5317 710 5386 πονηρὸς
746 5318 1072 5387 συμϐάλλειν
1123 5320 1191 5372 τὰ
1236 5321 1344 5374 τῶν
1396 5325 1670 5394 αἰσθητῶν
1718 5330 1833 5401 εἴδη

242 5406 345 5457 καὶ
378 5410 652 5477 σχήματα,
683 5409 749 5461 δι’
777 5403 851 5463 ὦν
884 5411 1091 5479 πέφυκε
1121 5411 1187 5464 τὰ
1219 5413 1363 5484 ποιοη
1382 5406 1833 5486 δημιουργεῖσθαι

250 5498 384 5566 περὶ
410 5500 505 5561 τὰς
540 5500 864 5570 ἐπιφανείας
897 5504 1005 5555 τῶν
1038 5504 1268 5572 ὁρατῶν,
1307 5507 1494 5558 στάσιν
1533 5509 1835 5579 λαμϐανού-

250 5606 354 5658 σης
385 5590 457 5660 (e)
492 5591 580 5645 διὰ
613 5594 709 5662 τῆς
742 5594 912 5663 μέσης
947 5596 1251 5665 αἰσθήσεως
1290 5597 1387 5665 τῆς
1424 5601 1548 5668 περὶ
1576 5602 1641 5654 τὰ
1669 5606 1836 5674 νοητὰ

342 5768 401 5844 (ε)
441 5771 667 5825 Στάσιν
715 5774 1139 5844 λαμϐανούσης
1172 5792 1183 5805 '

1933 4604 2267 4672 persuadere
2303 4606 2502 4675 possit,
2531 4606 2737 4660 bonum
2772 4617 2966 4659 natura
3002 4622 3144 4669 esse,
3170 4605 3316 4676 quod
3353 4606 3524 4675 pessi-

1935 4713 2085 4750 mum
2117 4706 2220 4751 (ξεί.

2007 4787 2094 4841 57.
2152 4788 2324 4852 Vitis,
2378 4790 2564 4844 vinum
2631 4792 2808 4860 parit;
2876 4793 3103 4859 vinum,
3159 4791 3519 4854 ebrietatem;

1938 4874 2097 4945 542
2154 4878 2423 4940 ebrietas,
2472 4881 2673 4935 mentis
2727 4897 3035 4935 excessum.
3086 4880 3284 4934 Efficax
3342 4881 3524 4947 itaque

1941 4967 2081 5021 ratio
2131 4968 2326 5039 (quam
2378 4970 2479 5024 rite
2524 4970 2690 5024 vitem
2734 4970 3174 5041 nuncupaveris)
3223 4970 3525 5025 virtutibus

1939 5059 2177 5124 exculta,
2202 5060 2489 5113 scientiam
2514 5062 2817 5132 progignit;
2841 5062 3091 5126 scientia,
3113 5061 3319 5115 bonum
3336 5077 3525 5115 exces—

1948 5165 2091 5214 sum,
2113 5167 2222 5219 quo
2240 5168 2395 5205 mens
2412 5168 2441 5205 a
2458 5154 2662 5207 carnali
2695 5169 2998 5224 sensusque
3028 5153 3254 5208 libidine
3285 5152 3521 5205 excedit.

2010 5244 2097 5297 58.
2126 5245 2329 5297 Rerum
2356 5245 2409 5298 in
2439 5261 2659 5299 sensum
2692 5247 3004 5301 cadentium
3038 5246 3319 5317 conceptis
3344 5247 3524 5299 animo

1941 5333 2269 5397 rationibus,
2296 5334 2611 5388 earumdem
2651 5335 2854 5390 formas
2887 5346 3050 5405 atque
3086 5335 3286 5404 figuras
3321 5342 3381 5387 ut
3408 5352 3530 5388 ver-

1942 5433 2063 5478 sute
2095 5434 2370 5488 conserat,
2396 5441 2462 5478 ex
2488 5427 2812 5496 nequissimi
2842 5427 3004 5497 genio
3030 5435 3144 5492 est;
3174 5427 3379 5496 quibus
3402 5442 3529 5495 pro-

1943 5516 2084 5569 clive
2125 5516 2272 5569 circa
2311 5532 2501 5571 earum
2544 5534 2730 5571 rerum
2771 5528 3149 5589 conspectum,
3182 5534 3319 5588 quas
3354 5518 3530 5573 oculis

1943 5624 2294 5679 usurpamus,
2319 5592 2548 5664 affectus
2575 5622 2937 5681 procreantur
2960 5628 3024 5666 ac
3048 5610 3307 5667 libidines
3329 5627 3343 5675 ;
3365 5611 3535 5666 ratio-

1237 5777 1697 5853 Intcrqnicsrrnlc,
1768 5803 1859 5840 acu
1900 5796 2167 5851 cessante;
2230 5807 2295 5845 ne
2356 5806 2520 5846 sensu
2573 5789 2755 5845 medio
2799 5788 2865 5842 ad
2917 5788 3185 5860 spiritalia
3245 5793 3527 5850 transeat;
