  <div class='ocr_page' id='page_1' title='image "/cluster/home/n/w/nwhite01/storage/ocr_20150623/90/pst.000005712960/658.png"; bbox 0 0 3930 6324; ppageno 0'>
   <div class='ocr_carea' id='block_1_1' title="bbox 224 359 360 425">
    <p class='ocr_par' dir='ltr' id='par_1_1' title="bbox 224 359 360 425">
     <span class='ocr_line' id='line_1_1' title="bbox 224 359 360 425; baseline -0.007 -1"><span class='ocrx_word' id='word_1_1' title='bbox 224 359 360 425; x_wconf 66' lang='grc'>123⁸1</span> 
     </span>
    </p>
   </div>
   <div class='ocr_carea' id='block_1_2' title="bbox 865 347 2778 443">
    <p class='ocr_par' dir='ltr' id='par_1_2' title="bbox 865 347 2778 443">
     <span class='ocr_line' id='line_1_2' title="bbox 865 347 2778 443; baseline 0.001 -19"><span class='ocrx_word' id='word_1_2' title='bbox 865 362 1202 426; x_wconf 80' lang='lat' dir='ltr'>CAPITUM</span> <span class='ocrx_word' id='word_1_3' title='bbox 1239 364 1663 437; x_wconf 84' lang='lat' dir='ltr'>QUINQUIES</span> <span class='ocrx_word' id='word_1_4' title='bbox 1700 347 2654 443; x_wconf 36' lang='lat' dir='ltr'>CENTENORUMICENTURIA</span> <span class='ocrx_word' id='word_1_5' title='bbox 2695 367 2778 426; x_wconf 88' lang='lat' dir='ltr'>II.</span> 
     </span>
    </p>
   </div>
   <div class='ocr_carea' id='block_1_3' title="bbox 3353 360 3489 424">
    <p class='ocr_par' dir='ltr' id='par_1_3' title="bbox 3353 360 3489 424">
     <span class='ocr_line' id='line_1_3' title="bbox 3353 360 3489 424; baseline 0.007 -1"><span class='ocrx_word' id='word_1_6' title='bbox 3353 360 3489 424; x_wconf 77' lang='grc'>1233</span> 
     </span>
    </p>
   </div>
   <div class='ocr_carea' id='block_1_4' title="bbox 225 471 1817 549">
    <p class='ocr_par' dir='ltr' id='par_1_4' title="bbox 225 474 1810 549">
     <span class='ocr_line' id='line_1_4' title="bbox 225 474 1810 549; baseline 0 -21"><span class='ocrx_word' id='word_1_7' title='bbox 225 477 320 530; x_wconf 67' lang='grc' dir='ltr'>καὶ</span> <span class='ocrx_word' id='word_1_8' title='bbox 362 475 574 548; x_wconf 66' lang='grc' dir='ltr'>ὑψηλὴν</span> <span class='ocrx_word' id='word_1_9' title='bbox 607 474 844 548; x_wconf 77' lang='grc' dir='ltr'>θεωρίαν</span> <span class='ocrx_word' id='word_1_10' title='bbox 878 476 1030 549; x_wconf 86' lang='grc' dir='ltr'>δηλοῖ</span> <span class='ocrx_word' id='word_1_11' title='bbox 1050 496 1062 509; x_wconf 90' lang='grc'><strong>·</strong></span> <span class='ocrx_word' id='word_1_12' title='bbox 1098 478 1126 529; x_wconf 86' lang='grc' dir='ltr'><strong>ὁ</strong></span> <span class='ocrx_word' id='word_1_13' title='bbox 1155 477 1211 531; x_wconf 75' lang='grc' dir='ltr'>δὲ</span> <span class='ocrx_word' id='word_1_14' title='bbox 1242 477 1505 548; x_wconf 79' lang='grc' dir='ltr'>βραχίων,</span> <span class='ocrx_word' id='word_1_15' title='bbox 1527 477 1627 547; x_wconf 81' lang='grc' dir='ltr'>τὴν</span> <span class='ocrx_word' id='word_1_16' title='bbox 1667 477 1810 546; x_wconf 75' lang='grc' dir='ltr'>πρᾶ-</span> 
     </span>
    </p>
   </div>
   <div class='ocr_carea' id='block_1_5' title="bbox 1929 471 3499 549">
    <p class='ocr_par' dir='ltr' id='par_1_5' title="bbox 1929 471 3499 546">
     <span class='ocr_line' id='line_1_5' title="bbox 1929 471 3499 546; baseline -0.004 -16"><span class='ocrx_word' id='word_1_17' title='bbox 1929 475 2117 531; x_wconf 85' lang='lat' dir='ltr'>tiorem</span> <span class='ocrx_word' id='word_1_18' title='bbox 2170 491 2233 531; x_wconf 88' lang='lat' dir='ltr'>ac</span> <span class='ocrx_word' id='word_1_19' title='bbox 2286 475 2580 532; x_wconf 84' lang='lat' dir='ltr'>sublimem</span> <span class='ocrx_word' id='word_1_20' title='bbox 2631 473 3156 545; x_wconf 70' lang='lat' dir='ltr'>contemplationem</span> <span class='ocrx_word' id='word_1_21' title='bbox 3207 471 3499 546; x_wconf 84' lang='lat' dir='ltr'>signiﬁcat.</span> 
     </span>
    </p>
   </div>
   <div class='ocr_carea' id='block_1_6' title="bbox 123 542 1815 640">
    <p class='ocr_par' dir='ltr' id='par_1_6' title="bbox 123 542 1815 640">
     <span class='ocr_line' id='line_1_6' title="bbox 123 542 1815 640; baseline -0.002 -17"><span class='ocrx_word' id='word_1_22' title='bbox 123 542 330 636; x_wconf 48' lang='lat' dir='ltr'>&quot;Pint,</span> <span class='ocrx_word' id='word_1_23' title='bbox 567 570 664 624; x_wconf 85' lang='grc' dir='ltr'>τοῦ</span> <span class='ocrx_word' id='word_1_24' title='bbox 722 542 1069 640; x_wconf 76' lang='grc' dir='ltr'>διανοητικοῦ</span> <span class='ocrx_word' id='word_1_25' title='bbox 1114 569 1214 640; x_wconf 77' lang='grc' dir='ltr'>τὴν</span> <span class='ocrx_word' id='word_1_26' title='bbox 1242 542 1382 633; x_wconf 46' lang='grc' dir='ltr'>-έξιν</span> <span class='ocrx_word' id='word_1_27' title='bbox 1408 570 1502 623; x_wconf 70' lang='grc' dir='ltr'>καὶ</span> <span class='ocrx_word' id='word_1_28' title='bbox 1526 542 1626 639; x_wconf 65' lang='grc' dir='ltr'>την</span> <span class='ocrx_word' id='word_1_29' title='bbox 1661 542 1815 638; x_wconf 74' lang='grc' dir='ltr'>ἐνέρ-</span> 
     </span>
    </p>
   </div>
   <div class='ocr_carea' id='block_1_7' title="bbox 222 659 1814 732">
    <p class='ocr_par' dir='ltr' id='par_1_7' title="bbox 222 659 1814 732">
     <span class='ocr_line' id='line_1_7' title="bbox 222 659 1814 732; baseline 0 -19"><span class='ocrx_word' id='word_1_30' title='bbox 222 677 404 729; x_wconf 85' lang='grc' dir='ltr'>γειαν,</span> <span class='ocrx_word' id='word_1_31' title='bbox 439 660 472 732; x_wconf 81' lang='grc' dir='ltr'>ἢ</span> <span class='ocrx_word' id='word_1_32' title='bbox 510 659 609 732; x_wconf 77' lang='grc' dir='ltr'>τὴν</span> <span class='ocrx_word' id='word_1_33' title='bbox 633 659 836 730; x_wconf 87' lang='grc' dir='ltr'>γνῶσιν</span> <span class='ocrx_word' id='word_1_34' title='bbox 881 660 994 732; x_wconf 27' lang='grc' dir='ltr'>καὶ.</span> <span class='ocrx_word' id='word_1_35' title='bbox 1028 660 1126 731; x_wconf 81' lang='grc' dir='ltr'>τὴν</span> <span class='ocrx_word' id='word_1_36' title='bbox 1172 661 1406 730; x_wconf 72' lang='grc' dir='ltr'>ἀρετήν’</span> <span class='ocrx_word' id='word_1_37' title='bbox 1442 659 1520 722; x_wconf 87' lang='grc' dir='ltr'>ὡς</span> <span class='ocrx_word' id='word_1_38' title='bbox 1557 660 1657 729; x_wconf 80' lang='grc' dir='ltr'>τῆς</span> <span class='ocrx_word' id='word_1_39' title='bbox 1715 660 1814 730; x_wconf 84' lang='grc' dir='ltr'>μὲν</span> 
     </span>
    </p>
   </div>
   <div class='ocr_carea' id='block_1_8' title="bbox 221 751 1816 824">
    <p class='ocr_par' dir='ltr' id='par_1_8' title="bbox 221 751 1816 824">
     <span class='ocr_line' id='line_1_8' title="bbox 221 751 1816 824; baseline 0 -20"><span class='ocrx_word' id='word_1_40' title='bbox 221 751 504 824; x_wconf 84' lang='grc' dir='ltr'>γνώσεως,</span> <span class='ocrx_word' id='word_1_41' title='bbox 543 751 693 824; x_wconf 80' lang='grc' dir='ltr'>αὐτῷ</span> <span class='ocrx_word' id='word_1_42' title='bbox 729 751 1114 824; x_wconf 78' lang='grc' dir='ltr'>προσαγούσης</span> <span class='ocrx_word' id='word_1_43' title='bbox 1153 751 1375 823; x_wconf 76' lang='grc' dir='ltr'>ἀμέσως</span> <span class='ocrx_word' id='word_1_44' title='bbox 1427 752 1521 804; x_wconf 85' lang='grc' dir='ltr'>τὸν</span> <span class='ocrx_word' id='word_1_45' title='bbox 1573 751 1697 804; x_wconf 98' lang='grc' dir='ltr'>νοῦν</span> <span class='ocrx_word' id='word_1_46' title='bbox 1738 751 1816 822; x_wconf 86' lang='grc' dir='ltr'>τῷ</span> 
     </span>
    </p>
   </div>
   <div class='ocr_carea' id='block_1_9' title="bbox 223 843 1817 917">
    <p class='ocr_par' dir='ltr' id='par_1_9' title="bbox 223 843 1817 917">
     <span class='ocr_line' id='line_1_9' title="bbox 223 843 1817 917; baseline -0.003 -17"><span class='ocrx_word' id='word_1_47' title='bbox 223 844 345 917; x_wconf 87' lang='grc' dir='ltr'>Θεῷ</span> <span class='ocrx_word' id='word_1_48' title='bbox 368 861 379 874; x_wconf 89' lang='grc'><strong>·</strong></span> <span class='ocrx_word' id='word_1_49' title='bbox 416 845 517 914; x_wconf 80' lang='grc' dir='ltr'>τῆς</span> <span class='ocrx_word' id='word_1_50' title='bbox 552 844 758 916; x_wconf 82' lang='grc' dir='ltr'>ἀρετῆς</span> <span class='ocrx_word' id='word_1_51' title='bbox 787 844 864 910; x_wconf 85' lang='grc' dir='ltr'>δὲ,</span> <span class='ocrx_word' id='word_1_52' title='bbox 898 843 1038 897; x_wconf 76' lang='grc' dir='ltr'>κατὰ</span> <span class='ocrx_word' id='word_1_53' title='bbox 1064 843 1162 914; x_wconf 77' lang='grc' dir='ltr'>τὴν</span> <span class='ocrx_word' id='word_1_54' title='bbox 1196 843 1394 913; x_wconf 74' lang='grc' dir='ltr'>πρᾶξιν</span> <span class='ocrx_word' id='word_1_55' title='bbox 1429 844 1612 913; x_wconf 88' lang='grc' dir='ltr'>πάσης</span> <span class='ocrx_word' id='word_1_56' title='bbox 1651 845 1817 912; x_wconf 76' lang='grc' dir='ltr'>ἀφαι-</span> 
     </span>
    </p>
   </div>
   <div class='ocr_carea' id='block_1_10' title="bbox 227 935 1818 1010">
    <p class='ocr_par' dir='ltr' id='par_1_10' title="bbox 227 935 1818 1010">
     <span class='ocr_line' id='line_1_10' title="bbox 227 935 1818 1010; baseline -0.003 -17"><span class='ocrx_word' id='word_1_57' title='bbox 227 938 502 1010; x_wconf 78' lang='grc' dir='ltr'>ρουμένης</span> <span class='ocrx_word' id='word_1_58' title='bbox 534 937 699 992; x_wconf 80' lang='grc' dir='ltr'>αὑτὸν</span> <span class='ocrx_word' id='word_1_59' title='bbox 729 940 828 1008; x_wconf 84' lang='grc' dir='ltr'>τῆς</span> <span class='ocrx_word' id='word_1_60' title='bbox 851 937 958 990; x_wconf 87' lang='grc' dir='ltr'>τῶν</span> <span class='ocrx_word' id='word_1_61' title='bbox 983 935 1155 988; x_wconf 77' lang='grc' dir='ltr'>ὄντων</span> <span class='ocrx_word' id='word_1_62' title='bbox 1179 936 1448 1003; x_wconf 84' lang='grc' dir='ltr'>γενέσεως</span> <span class='ocrx_word' id='word_1_63' title='bbox 1470 939 1486 959; x_wconf 77' lang='grc'><strong><em>⁵</em></strong></span> <span class='ocrx_word' id='word_1_64' title='bbox 1518 953 1530 966; x_wconf 72' lang='grc' dir='ltr'><strong>ο</strong></span> <span class='ocrx_word' id='word_1_65' title='bbox 1570 935 1716 1008; x_wconf 73' lang='grc' dir='ltr'>ἅπερ</span> <span class='ocrx_word' id='word_1_66' title='bbox 1745 935 1818 989; x_wconf 77' lang='grc' dir='ltr'>ἱε-</span> 
     </span>
    </p>
   </div>
   <div class='ocr_carea' id='block_1_11' title="bbox 227 1027 1816 1103">
    <p class='ocr_par' dir='ltr' id='par_1_11' title="bbox 227 1027 1816 1103">
     <span class='ocr_line' id='line_1_11' title="bbox 227 1027 1816 1103; baseline -0.001 -19"><span class='ocrx_word' id='word_1_67' title='bbox 227 1031 416 1103; x_wconf 79' lang='grc' dir='ltr'>ρεῦσιν</span> <span class='ocrx_word' id='word_1_68' title='bbox 440 1031 722 1100; x_wconf 82' lang='grc' dir='ltr'>ἀφώρισεν</span> <span class='ocrx_word' id='word_1_69' title='bbox 771 1033 798 1084; x_wconf 90' lang='grc' dir='ltr'>ὀ</span> <span class='ocrx_word' id='word_1_70' title='bbox 849 1030 1028 1098; x_wconf 79' lang='grc' dir='ltr'>λόγος,</span> <span class='ocrx_word' id='word_1_71' title='bbox 1061 1031 1174 1092; x_wconf 85' lang='grc' dir='ltr'>τοῖς</span> <span class='ocrx_word' id='word_1_72' title='bbox 1209 1029 1372 1100; x_wconf 84' lang='grc' dir='ltr'>μόνον</span> <span class='ocrx_word' id='word_1_73' title='bbox 1419 1028 1512 1082; x_wconf 80' lang='grc' dir='ltr'>τὸν</span> <span class='ocrx_word' id='word_1_74' title='bbox 1545 1027 1680 1082; x_wconf 67' lang='grc' dir='ltr'>Θεὸν</span> <span class='ocrx_word' id='word_1_75' title='bbox 1728 1027 1816 1082; x_wconf 70' lang='grc' dir='ltr'>διὰ</span> 
     </span>
    </p>
   </div>
   <div class='ocr_carea' id='block_1_12' title="bbox 225 1118 1814 1192">
    <p class='ocr_par' dir='ltr' id='par_1_12' title="bbox 225 1118 1814 1192">
     <span class='ocr_line' id='line_1_12' title="bbox 225 1118 1814 1192; baseline 0 -20"><span class='ocrx_word' id='word_1_76' title='bbox 225 1121 446 1174; x_wconf 80' lang='grc' dir='ltr'>πάντων</span> <span class='ocrx_word' id='word_1_77' title='bbox 467 1121 842 1192; x_wconf 75' lang='grc' dir='ltr'>κτησαμένοις</span> <span class='ocrx_word' id='word_1_78' title='bbox 871 1119 1262 1191; x_wconf 73' lang='grc' dir='ltr'>κληρονομίαν,</span> <span class='ocrx_word' id='word_1_79' title='bbox 1295 1121 1389 1173; x_wconf 74' lang='grc' dir='ltr'>καὶ</span> <span class='ocrx_word' id='word_1_80' title='bbox 1422 1118 1591 1191; x_wconf 79' lang='grc' dir='ltr'>μηδὲν</span> <span class='ocrx_word' id='word_1_81' title='bbox 1628 1118 1814 1173; x_wconf 86' lang='grc' dir='ltr'>τοσύν-</span> 
     </span>
    </p>
   </div>
   <div class='ocr_carea' id='block_1_13' title="bbox 225 1213 1025 1285">
    <p class='ocr_par' dir='ltr' id='par_1_13' title="bbox 225 1213 1025 1285">
     <span class='ocr_line' id='line_1_13' title="bbox 225 1213 1025 1285; baseline 0.001 -18"><span class='ocrx_word' id='word_1_82' title='bbox 225 1213 345 1268; x_wconf 91' lang='grc' dir='ltr'>ολον</span> <span class='ocrx_word' id='word_1_83' title='bbox 372 1232 541 1284; x_wconf 83' lang='grc' dir='ltr'>κεκτη</span> <span class='ocrx_word' id='word_1_84' title='bbox 553 1214 733 1285; x_wconf 79' lang='grc' dir='ltr'>μένοις</span> <span class='ocrx_word' id='word_1_85' title='bbox 759 1213 1025 1284; x_wconf 78' lang='grc' dir='ltr'>ἐπίγειον.</span> 
     </span>
    </p>
   </div>
   <div class='ocr_carea' id='block_1_14' title="bbox 302 1303 1814 1380">
    <p class='ocr_par' dir='ltr' id='par_1_14' title="bbox 302 1303 1814 1380">
     <span class='ocr_line' id='line_1_14' title="bbox 302 1303 1814 1380; baseline -0.003 -20"><span class='ocrx_word' id='word_1_86' title='bbox 302 1314 420 1377; x_wconf 82' lang='grc' dir='ltr'>μς¹.</span> <span class='ocrx_word' id='word_1_87' title='bbox 461 1307 680 1378; x_wconf 80' lang='grc' dir='ltr'>Ἐπειδὴ</span> <span class='ocrx_word' id='word_1_88' title='bbox 731 1305 830 1370; x_wconf 80' lang='grc' dir='ltr'>τὰς</span> <span class='ocrx_word' id='word_1_89' title='bbox 868 1307 1043 1363; x_wconf 84' lang='grc' dir='ltr'>ἄλλων</span> <span class='ocrx_word' id='word_1_90' title='bbox 1094 1309 1324 1380; x_wconf 78' lang='grc' dir='ltr'>καρδίας</span> <span class='ocrx_word' id='word_1_91' title='bbox 1383 1304 1470 1360; x_wconf 76' lang='grc' dir='ltr'>διὰ</span> <span class='ocrx_word' id='word_1_92' title='bbox 1509 1303 1603 1358; x_wconf 85' lang='grc' dir='ltr'>τοῦ</span> <span class='ocrx_word' id='word_1_93' title='bbox 1653 1303 1814 1372; x_wconf 84' lang='grc' dir='ltr'>λόγου</span> 
     </span>
    </p>
   </div>
   <div class='ocr_carea' id='block_1_15' title="bbox 226 1391 1816 1466">
    <p class='ocr_par' dir='ltr' id='par_1_15' title="bbox 226 1391 1816 1466">
     <span class='ocr_line' id='line_1_15' title="bbox 226 1391 1816 1466; baseline -0.007 -15"><span class='ocrx_word' id='word_1_94' title='bbox 226 1400 324 1466; x_wconf 74' lang='grc' dir='ltr'>τῆς</span> <span class='ocrx_word' id='word_1_95' title='bbox 350 1396 722 1460; x_wconf 79' lang='grc' dir='ltr'>διδασκαλίας,</span> <span class='ocrx_word' id='word_1_96' title='bbox 755 1399 803 1449; x_wconf 76' lang='grc' dir='ltr'>οἱ</span> <span class='ocrx_word' id='word_1_97' title='bbox 838 1396 1042 1466; x_wconf 82' lang='grc' dir='ltr'>γνώσει</span> <span class='ocrx_word' id='word_1_98' title='bbox 1073 1397 1168 1450; x_wconf 64' lang='grc' dir='ltr'>καὶ</span> <span class='ocrx_word' id='word_1_99' title='bbox 1202 1395 1372 1466; x_wconf 83' lang='grc' dir='ltr'>ἀρετῇ</span> <span class='ocrx_word' id='word_1_100' title='bbox 1403 1393 1467 1445; x_wconf 87' lang='grc' dir='ltr'>δι’</span> <span class='ocrx_word' id='word_1_101' title='bbox 1489 1391 1611 1445; x_wconf 83' lang='grc' dir='ltr'>ὅλου</span> <span class='ocrx_word' id='word_1_102' title='bbox 1650 1407 1816 1442; x_wconf 83' lang='grc' dir='ltr'>ποιω-</span> 
     </span>
    </p>
   </div>
   <div class='ocr_carea' id='block_1_16' title="bbox 229 1480 1816 1558">
    <p class='ocr_par' dir='ltr' id='par_1_16' title="bbox 229 1480 1816 1558">
     <span class='ocr_line' id='line_1_16' title="bbox 229 1480 1816 1558; baseline -0.006 -17"><span class='ocrx_word' id='word_1_103' title='bbox 229 1488 412 1552; x_wconf 85' lang='grc' dir='ltr'>θὲντες</span> <span class='ocrx_word' id='word_1_104' title='bbox 437 1486 517 1558; x_wconf 84' lang='grc' dir='ltr'>τῷ</span> <span class='ocrx_word' id='word_1_105' title='bbox 545 1487 844 1556; x_wconf 86' lang='grc' dir='ltr'>πνεύματι,</span> <span class='ocrx_word' id='word_1_106' title='bbox 880 1486 1166 1551; x_wconf 78' lang='grc' dir='ltr'>εὐσεϐείας</span> <span class='ocrx_word' id='word_1_107' title='bbox 1198 1487 1293 1540; x_wconf 70' lang='grc' dir='ltr'>καὶ</span> <span class='ocrx_word' id='word_1_108' title='bbox 1334 1484 1571 1545; x_wconf 81' lang='grc' dir='ltr'>πίστεως</span> <span class='ocrx_word' id='word_1_109' title='bbox 1600 1480 1816 1534; x_wconf 82' lang='grc' dir='ltr'>ποιοῦν-</span> 
     </span>
    </p>
   </div>
   <div class='ocr_carea' id='block_1_17' title="bbox 227 1568 1819 1648">
    <p class='ocr_par' dir='ltr' id='par_1_17' title="bbox 227 1568 1819 1648">
     <span class='ocr_line' id='line_1_17' title="bbox 227 1568 1819 1648; baseline -0.009 -12"><span class='ocrx_word' id='word_1_110' title='bbox 227 1596 317 1636; x_wconf 81' lang='grc' dir='ltr'>ται</span> <span class='ocrx_word' id='word_1_111' title='bbox 348 1577 628 1643; x_wconf 78' lang='grc' dir='ltr'>δεκτικὰς,</span> <span class='ocrx_word' id='word_1_112' title='bbox 655 1578 750 1631; x_wconf 70' lang='grc' dir='ltr'>καὶ</span> <span class='ocrx_word' id='word_1_113' title='bbox 774 1578 874 1648; x_wconf 84' lang='grc' dir='ltr'>τὴν</span> <span class='ocrx_word' id='word_1_114' title='bbox 906 1577 1223 1647; x_wconf 82' lang='grc' dir='ltr'>πρακτικὴν</span> <span class='ocrx_word' id='word_1_115' title='bbox 1258 1573 1438 1628; x_wconf 89' lang='grc' dir='ltr'>αὑτῶν</span> <span class='ocrx_word' id='word_1_116' title='bbox 1461 1574 1575 1639; x_wconf 75' lang='grc' dir='ltr'>ἕξιν</span> <span class='ocrx_word' id='word_1_117' title='bbox 1610 1572 1702 1624; x_wconf 78' lang='grc' dir='ltr'>καὶ</span> <span class='ocrx_word' id='word_1_118' title='bbox 1735 1568 1819 1622; x_wconf 85' lang='grc' dir='ltr'>δύ-</span> 
     </span>
    </p>
   </div>
   <div class='ocr_carea' id='block_1_18' title="bbox 231 1663 1818 1742">
    <p class='ocr_par' dir='ltr' id='par_1_18' title="bbox 231 1663 1818 1742">
     <span class='ocr_line' id='line_1_18' title="bbox 231 1663 1818 1742; baseline -0.006 -18"><span class='ocrx_word' id='word_1_119' title='bbox 231 1688 398 1742; x_wconf 88' lang='grc' dir='ltr'>ναμιν</span> <span class='ocrx_word' id='word_1_120' title='bbox 427 1670 851 1741; x_wconf 82' lang='grc' dir='ltr'>ἀφαιρούμενοι,</span> <span class='ocrx_word' id='word_1_121' title='bbox 877 1669 987 1722; x_wconf 82' lang='grc' dir='ltr'>τῶν</span> <span class='ocrx_word' id='word_1_122' title='bbox 1016 1669 1108 1721; x_wconf 71' lang='grc' dir='ltr'>ἐπὶ</span> <span class='ocrx_word' id='word_1_123' title='bbox 1134 1670 1199 1739; x_wconf 82' lang='grc' dir='ltr'>τῇ</span> <span class='ocrx_word' id='word_1_124' title='bbox 1233 1666 1448 1736; x_wconf 83' lang='grc' dir='ltr'>φθαρτῇ</span> <span class='ocrx_word' id='word_1_125' title='bbox 1471 1663 1631 1734; x_wconf 83' lang='grc' dir='ltr'>φύσει</span> <span class='ocrx_word' id='word_1_126' title='bbox 1656 1679 1818 1716; x_wconf 82' lang='grc' dir='ltr'>σπου-</span> 
     </span>
    </p>
   </div>
   <div class='ocr_carea' id='block_1_19' title="bbox 230 1756 1814 1834">
    <p class='ocr_par' dir='ltr' id='par_1_19' title="bbox 230 1756 1814 1834">
     <span class='ocr_line' id='line_1_19' title="bbox 230 1756 1814 1834; baseline -0.007 -17"><span class='ocrx_word' id='word_1_127' title='bbox 230 1762 549 1834; x_wconf 75' lang='grc' dir='ltr'>δασμάτων,</span> <span class='ocrx_word' id='word_1_128' title='bbox 585 1762 722 1833; x_wconf 74' lang='grc' dir='ltr'>πρὸς</span> <span class='ocrx_word' id='word_1_129' title='bbox 756 1761 857 1831; x_wconf 82' lang='grc' dir='ltr'>τὴν</span> <span class='ocrx_word' id='word_1_130' title='bbox 887 1759 996 1813; x_wconf 84' lang='grc' dir='ltr'>τῶν</span> <span class='ocrx_word' id='word_1_131' title='bbox 1027 1760 1168 1831; x_wconf 83' lang='grc' dir='ltr'>ὑπὲρ</span> <span class='ocrx_word' id='word_1_132' title='bbox 1195 1758 1357 1828; x_wconf 83' lang='grc' dir='ltr'>φύσιν</span> <span class='ocrx_word' id='word_1_133' title='bbox 1395 1756 1692 1826; x_wconf 78' lang='grc' dir='ltr'>ἀφθάρτων</span> <span class='ocrx_word' id='word_1_134' title='bbox 1727 1757 1814 1808; x_wconf 82' lang='grc' dir='ltr'>ὲν·-</span> 
     </span>
    </p>
   </div>
   <div class='ocr_carea' id='block_1_20' title="bbox 232 1847 1813 1925">
    <p class='ocr_par' dir='ltr' id='par_1_20' title="bbox 232 1847 1813 1925">
     <span class='ocr_line' id='line_1_20' title="bbox 232 1847 1813 1925; baseline -0.008 -15"><span class='ocrx_word' id='word_1_135' title='bbox 232 1855 454 1925; x_wconf 84' lang='grc' dir='ltr'>έργειαν</span> <span class='ocrx_word' id='word_1_136' title='bbox 481 1852 703 1922; x_wconf 81' lang='grc' dir='ltr'>ἀγαθῶν</span> <span class='ocrx_word' id='word_1_137' title='bbox 747 1851 1186 1923; x_wconf 54' lang='grc' dir='ltr'>μεταφέρουσιν</span> <span class='ocrx_word' id='word_1_138' title='bbox 1232 1849 1460 1912; x_wconf 78' lang='grc' dir='ltr'>εἰκότως</span> <span class='ocrx_word' id='word_1_139' title='bbox 1493 1847 1602 1900; x_wconf 88' lang='grc' dir='ltr'>τῶν</span> <span class='ocrx_word' id='word_1_140' title='bbox 1644 1864 1813 1917; x_wconf 87' lang='grc' dir='ltr'>προσ-</span> 
     </span>
    </p>
   </div>
   <div class='ocr_carea' id='block_1_21' title="bbox 233 1937 1816 2016">
    <p class='ocr_par' dir='ltr' id='par_1_21' title="bbox 233 1937 1816 2016">
     <span class='ocr_line' id='line_1_21' title="bbox 233 1937 1816 2016; baseline -0.006 -17"><span class='ocrx_word' id='word_1_141' title='bbox 233 1945 517 2016; x_wconf 87' lang='grc' dir='ltr'>αγομένων</span> <span class='ocrx_word' id='word_1_142' title='bbox 551 1946 632 2008; x_wconf 86' lang='grc' dir='ltr'>είς</span> <span class='ocrx_word' id='word_1_143' title='bbox 674 1944 866 1997; x_wconf 80' lang='grc' dir='ltr'>θυσίαν</span> <span class='ocrx_word' id='word_1_144' title='bbox 895 1943 1052 2008; x_wconf 89' lang='grc' dir='ltr'>Θεοῦ,</span> <span class='ocrx_word' id='word_1_145' title='bbox 1093 1943 1155 1996; x_wconf 71' lang='grc' dir='ltr'>τὸ</span> <span class='ocrx_word' id='word_1_146' title='bbox 1185 1939 1474 2012; x_wconf 86' lang='grc' dir='ltr'>στηθύνιον</span> <span class='ocrx_word' id='word_1_147' title='bbox 1503 1939 1598 1992; x_wconf 85' lang='grc' dir='ltr'>τοῦ</span> <span class='ocrx_word' id='word_1_148' title='bbox 1627 1937 1816 1993; x_wconf 80' lang='grc' dir='ltr'>ἐπιθέ-</span> 
     </span>
    </p>
   </div>
   <div class='ocr_carea' id='block_1_22' title="bbox 236 2029 1818 2106">
    <p class='ocr_par' dir='ltr' id='par_1_22' title="bbox 236 2029 1818 2106">
     <span class='ocr_line' id='line_1_22' title="bbox 236 2029 1818 2106; baseline -0.005 -17"><span class='ocrx_word' id='word_1_149' title='bbox 236 2053 406 2106; x_wconf 81' lang='grc' dir='ltr'>ματος</span> <span class='ocrx_word' id='word_1_150' title='bbox 437 2035 533 2105; x_wconf 71' lang='grc'>(9)·</span> <span class='ocrx_word' id='word_1_151' title='bbox 580 2034 854 2094; x_wconf 81' lang='grc' dir='ltr'>τουτέστι,</span> <span class='ocrx_word' id='word_1_152' title='bbox 903 2033 1013 2088; x_wconf 87' lang='grc' dir='ltr'>τῶν</span> <span class='ocrx_word' id='word_1_153' title='bbox 1047 2031 1482 2103; x_wconf 76' lang='grc' dir='ltr'>προσαγομένων</span> <span class='ocrx_word' id='word_1_154' title='bbox 1531 2029 1631 2100; x_wconf 83' lang='grc' dir='ltr'>τὴν</span> <span class='ocrx_word' id='word_1_155' title='bbox 1681 2045 1818 2099; x_wconf 84' lang='grc' dir='ltr'>καρ-</span> 
     </span>
    </p>
   </div>
   <div class='ocr_carea' id='block_1_23' title="bbox 232 2120 1818 2198">
    <p class='ocr_par' dir='ltr' id='par_1_23' title="bbox 232 2120 1818 2198">
     <span class='ocr_line' id='line_1_23' title="bbox 232 2120 1818 2198; baseline -0.004 -16"><span class='ocrx_word' id='word_1_156' title='bbox 232 2129 386 2183; x_wconf 78' lang='grc' dir='ltr'>δίανο</span> <span class='ocrx_word' id='word_1_157' title='bbox 428 2129 522 2183; x_wconf 78' lang='grc' dir='ltr'>καὶ</span> <span class='ocrx_word' id='word_1_158' title='bbox 567 2128 660 2180; x_wconf 81' lang='grc' dir='ltr'>τδν</span> <span class='ocrx_word' id='word_1_159' title='bbox 709 2127 993 2198; x_wconf 79' lang='grc' dir='ltr'>βραχίονα,</span> <span class='ocrx_word' id='word_1_160' title='bbox 1045 2125 1153 2180; x_wconf 90' lang='grc' dir='ltr'>τῶν</span> <span class='ocrx_word' id='word_1_161' title='bbox 1202 2123 1384 2178; x_wconf 89' lang='grc' dir='ltr'>αὑτῶν</span> <span class='ocrx_word' id='word_1_162' title='bbox 1431 2122 1674 2194; x_wconf 86' lang='grc' dir='ltr'>δηλονότι</span> <span class='ocrx_word' id='word_1_163' title='bbox 1718 2120 1818 2192; x_wconf 80' lang='grc' dir='ltr'>τὴν</span> 
     </span>
    </p>
   </div>
   <div class='ocr_carea' id='block_1_24' title="bbox 234 2210 1819 2290">
    <p class='ocr_par' dir='ltr' id='par_1_24' title="bbox 234 2210 1819 2290">
     <span class='ocr_line' id='line_1_24' title="bbox 234 2210 1819 2290; baseline -0.005 -18"><span class='ocrx_word' id='word_1_164' title='bbox 234 2219 472 2289; x_wconf 68' lang='grc' dir='ltr'>πρᾶξιψ</span> <span class='ocrx_word' id='word_1_165' title='bbox 527 2217 862 2290; x_wconf 79' lang='grc' dir='ltr'>προσέταξεν</span> <span class='ocrx_word' id='word_1_166' title='bbox 910 2214 1272 2286; x_wconf 85' lang='grc' dir='ltr'>ἀφιεροῦσθαι</span> <span class='ocrx_word' id='word_1_167' title='bbox 1327 2215 1442 2277; x_wconf 83' lang='grc' dir='ltr'>τοῖς</span> <span class='ocrx_word' id='word_1_168' title='bbox 1505 2210 1741 2285; x_wconf 74' lang='grc' dir='ltr'>ἱερεῦσιν</span> <span class='ocrx_word' id='word_1_169' title='bbox 1790 2211 1819 2264; x_wconf 88' lang='grc' dir='ltr'>ό</span> 
     </span>
    </p>
   </div>
   <div class='ocr_carea' id='block_1_25' title="bbox 233 2313 428 2380">
    <p class='ocr_par' dir='ltr' id='par_1_25' title="bbox 233 2313 428 2380">
     <span class='ocr_line' id='line_1_25' title="bbox 233 2313 428 2380; baseline -0.01 -15"><span class='ocrx_word' id='word_1_170' title='bbox 233 2313 428 2380; x_wconf 84' lang='grc' dir='ltr'>Λόγος.</span> 
     </span>
    </p>
   </div>
   <div class='ocr_carea' id='block_1_26' title="bbox 307 2394 1814 2471">
    <p class='ocr_par' dir='ltr' id='par_1_26' title="bbox 307 2394 1814 2471">
     <span class='ocr_line' id='line_1_26' title="bbox 307 2394 1814 2471; baseline -0.007 -17"><span class='ocrx_word' id='word_1_171' title='bbox 307 2400 416 2471; x_wconf 61' lang='grc' dir='ltr'>μζ.</span> <span class='ocrx_word' id='word_1_172' title='bbox 449 2400 605 2453; x_wconf 76' lang='grc' dir='ltr'>Πᾶσα</span> <span class='ocrx_word' id='word_1_173' title='bbox 660 2400 694 2470; x_wconf 77' lang='grc' dir='ltr'>ἡ</span> <span class='ocrx_word' id='word_1_174' title='bbox 752 2397 986 2452; x_wconf 75' lang='grc' dir='ltr'>ἐνταῦθα</span> <span class='ocrx_word' id='word_1_175' title='bbox 1040 2395 1361 2467; x_wconf 74' lang='grc' dir='ltr'>δικαιοσύνη</span> <span class='ocrx_word' id='word_1_176' title='bbox 1412 2394 1814 2466; x_wconf 83' lang='grc' dir='ltr'>συγκρινομένη</span> 
     </span>
    </p>
   </div>
   <div class='ocr_carea' id='block_1_27' title="bbox 239 2484 1817 2560">
    <p class='ocr_par' dir='ltr' id='par_1_27' title="bbox 239 2484 1817 2560">
     <span class='ocr_line' id='line_1_27' title="bbox 239 2484 1817 2560; baseline -0.003 -18"><span class='ocrx_word' id='word_1_177' title='bbox 239 2489 372 2560; x_wconf 76' lang='grc' dir='ltr'>πρὸς</span> <span class='ocrx_word' id='word_1_178' title='bbox 423 2489 523 2560; x_wconf 83' lang='grc' dir='ltr'>τὴν</span> <span class='ocrx_word' id='word_1_179' title='bbox 557 2487 885 2558; x_wconf 84' lang='grc' dir='ltr'>μέλλουσαν,</span> <span class='ocrx_word' id='word_1_180' title='bbox 927 2486 1196 2556; x_wconf 78' lang='grc' dir='ltr'>ἐσόπτρου</span> <span class='ocrx_word' id='word_1_181' title='bbox 1249 2487 1408 2555; x_wconf 87' lang='grc' dir='ltr'>λόγον</span> <span class='ocrx_word' id='word_1_182' title='bbox 1464 2486 1674 2556; x_wconf 79' lang='grc' dir='ltr'>ἐπέχει,</span> <span class='ocrx_word' id='word_1_183' title='bbox 1718 2484 1817 2556; x_wconf 77' lang='grc' dir='ltr'>τὴν</span> 
     </span>
    </p>
   </div>
   <div class='ocr_carea' id='block_1_28' title="bbox 235 2575 1816 2654">
    <p class='ocr_par' dir='ltr' id='par_1_28' title="bbox 235 2575 1816 2654">
     <span class='ocr_line' id='line_1_28' title="bbox 235 2575 1816 2654; baseline -0.005 -17"><span class='ocrx_word' id='word_1_184' title='bbox 235 2581 340 2637; x_wconf 84' lang='grc' dir='ltr'>τῶν</span> <span class='ocrx_word' id='word_1_185' title='bbox 372 2580 700 2654; x_wconf 86' lang='grc' dir='ltr'>άρχετύπων</span> <span class='ocrx_word' id='word_1_186' title='bbox 728 2580 1073 2650; x_wconf 80' lang='grc' dir='ltr'>πραγμάτων</span> <span class='ocrx_word' id='word_1_187' title='bbox 1105 2577 1312 2643; x_wconf 76' lang='grc' dir='ltr'>εἰκόνα,</span> <span class='ocrx_word' id='word_1_188' title='bbox 1351 2579 1452 2631; x_wconf 92' lang='grc' dir='ltr'>οὑκ</span> <span class='ocrx_word' id='word_1_189' title='bbox 1488 2576 1627 2630; x_wconf 80' lang='grc' dir='ltr'>αὑτὰ</span> <span class='ocrx_word' id='word_1_190' title='bbox 1654 2577 1709 2630; x_wconf 82' lang='grc' dir='ltr'>δὲ</span> <span class='ocrx_word' id='word_1_191' title='bbox 1747 2575 1816 2630; x_wconf 84' lang='grc' dir='ltr'>τὰ</span> 
     </span>
    </p>
   </div>
   <div class='ocr_carea' id='block_1_29' title="bbox 234 2668 1817 2744">
    <p class='ocr_par' dir='ltr' id='par_1_29' title="bbox 234 2668 1817 2744">
     <span class='ocr_line' id='line_1_29' title="bbox 234 2668 1817 2744; baseline -0.005 -16"><span class='ocrx_word' id='word_1_192' title='bbox 234 2674 536 2744; x_wconf 85' lang='grc' dir='ltr'>πράγματα</span> <span class='ocrx_word' id='word_1_193' title='bbox 566 2671 690 2726; x_wconf 86' lang='grc' dir='ltr'>κατ’</span> <span class='ocrx_word' id='word_1_194' title='bbox 710 2668 852 2734; x_wconf 76' lang='grc' dir='ltr'>εἶδος</span> <span class='ocrx_word' id='word_1_195' title='bbox 891 2669 1240 2739; x_wconf 80' lang='grc' dir='ltr'>ὑφιστάμενα</span> <span class='ocrx_word' id='word_1_196' title='bbox 1266 2669 1463 2740; x_wconf 75' lang='grc' dir='ltr'>ἔχουσα</span> <span class='ocrx_word' id='word_1_197' title='bbox 1487 2687 1498 2698; x_wconf 91' lang='grc'>·</span> <span class='ocrx_word' id='word_1_198' title='bbox 1534 2670 1628 2722; x_wconf 68' lang='grc' dir='ltr'>καὶ</span> <span class='ocrx_word' id='word_1_199' title='bbox 1674 2669 1817 2721; x_wconf 79' lang='grc' dir='ltr'>πᾶσα</span> 
     </span>
    </p>
   </div>
   <div class='ocr_carea' id='block_1_30' title="bbox 231 2760 1816 2835">
    <p class='ocr_par' dir='ltr' id='par_1_30' title="bbox 231 2760 1816 2835">
     <span class='ocr_line' id='line_1_30' title="bbox 231 2760 1816 2835; baseline -0.004 -17"><span class='ocrx_word' id='word_1_200' title='bbox 231 2764 435 2835; x_wconf 84' lang='grc' dir='ltr'>γνῶσις</span> <span class='ocrx_word' id='word_1_201' title='bbox 467 2764 701 2818; x_wconf 76' lang='grc' dir='ltr'>ἐνταῦθα</span> <span class='ocrx_word' id='word_1_202' title='bbox 728 2764 838 2816; x_wconf 90' lang='grc' dir='ltr'>τῶν</span> <span class='ocrx_word' id='word_1_203' title='bbox 859 2763 1084 2833; x_wconf 74' lang='grc' dir='ltr'>ὑψηλῶν</span> <span class='ocrx_word' id='word_1_204' title='bbox 1116 2761 1519 2832; x_wconf 85' lang='grc' dir='ltr'>συγκρινομένη</span> <span class='ocrx_word' id='word_1_205' title='bbox 1551 2761 1689 2831; x_wconf 72' lang='grc' dir='ltr'>πρὸς</span> <span class='ocrx_word' id='word_1_206' title='bbox 1716 2760 1816 2831; x_wconf 79' lang='grc' dir='ltr'>τὴν</span> 
     </span>
    </p>
   </div>
   <div class='ocr_carea' id='block_1_31' title="bbox 239 2853 1815 2926">
    <p class='ocr_par' dir='ltr' id='par_1_31' title="bbox 239 2853 1815 2926">
     <span class='ocr_line' id='line_1_31' title="bbox 239 2853 1815 2926; baseline -0.002 -18"><span class='ocrx_word' id='word_1_207' title='bbox 239 2854 561 2926; x_wconf 81' lang='grc' dir='ltr'>μέλλουσαν,</span> <span class='ocrx_word' id='word_1_208' title='bbox 613 2853 846 2925; x_wconf 79' lang='grc' dir='ltr'>αἴνιγμά</span> <span class='ocrx_word' id='word_1_209' title='bbox 876 2856 1047 2917; x_wconf 79' lang='grc' dir='ltr'>ἐστιν,</span> <span class='ocrx_word' id='word_1_210' title='bbox 1101 2853 1342 2924; x_wconf 77' lang='grc' dir='ltr'>ἔμφασιν</span> <span class='ocrx_word' id='word_1_211' title='bbox 1391 2853 1491 2924; x_wconf 80' lang='grc' dir='ltr'>τῆς</span> <span class='ocrx_word' id='word_1_212' title='bbox 1535 2853 1815 2924; x_wconf 84' lang='grc' dir='ltr'>ἀληθείας,</span> 
     </span>
    </p>
   </div>
   <div class='ocr_carea' id='block_1_32' title="bbox 231 2935 1816 3020">
    <p class='ocr_par' dir='ltr' id='par_1_32' title="bbox 231 2935 1816 3020">
     <span class='ocr_line' id='line_1_32' title="bbox 231 2935 1816 3020; baseline -0.001 -18"><span class='ocrx_word' id='word_1_213' title='bbox 231 2947 352 3003; x_wconf 79' lang='grc' dir='ltr'>ἀλλ’</span> <span class='ocrx_word' id='word_1_214' title='bbox 390 2949 489 3003; x_wconf 87' lang='grc' dir='ltr'>οὑκ</span> <span class='ocrx_word' id='word_1_215' title='bbox 514 2949 685 3018; x_wconf 83' lang='grc' dir='ltr'>αὑτὴν</span> <span class='ocrx_word' id='word_1_216' title='bbox 720 2935 1100 3020; x_wconf 80' lang='grc' dir='ltr'>ὑφισταμένην</span> <span class='ocrx_word' id='word_1_217' title='bbox 1127 2946 1326 3018; x_wconf 77' lang='grc' dir='ltr'>ἔχουσα</span> <span class='ocrx_word' id='word_1_218' title='bbox 1351 2945 1451 3019; x_wconf 78' lang='grc' dir='ltr'>τὴν</span> <span class='ocrx_word' id='word_1_219' title='bbox 1480 2945 1816 3020; x_wconf 77' lang='grc' dir='ltr'>φανήσεσθαι</span> 
     </span>
    </p>
   </div>
   <div class='ocr_carea' id='block_1_33' title="bbox 235 3041 858 3113">
    <p class='ocr_par' dir='ltr' id='par_1_33' title="bbox 235 3041 858 3113">
     <span class='ocr_line' id='line_1_33' title="bbox 235 3041 858 3113; baseline 0.002 -19"><span class='ocrx_word' id='word_1_220' title='bbox 235 3042 539 3113; x_wconf 86' lang='grc' dir='ltr'>μέλλουσαν</span> <span class='ocrx_word' id='word_1_221' title='bbox 575 3041 858 3112; x_wconf 81' lang='grc' dir='ltr'>ἀλήθειαν.</span> 
     </span>
    </p>
   </div>
   <div class='ocr_carea' id='block_1_34' title="bbox 309 3130 1814 3206">
    <p class='ocr_par' dir='ltr' id='par_1_34' title="bbox 309 3130 1814 3206">
     <span class='ocr_line' id='line_1_34' title="bbox 309 3130 1814 3206; baseline 0.001 -21"><span class='ocrx_word' id='word_1_222' title='bbox 309 3131 423 3204; x_wconf 79' lang='grc' dir='ltr'>μη’.</span> <span class='ocrx_word' id='word_1_223' title='bbox 465 3133 684 3204; x_wconf 82' lang='grc' dir='ltr'>Ἐπειδὴ</span> <span class='ocrx_word' id='word_1_224' title='bbox 701 3134 880 3206; x_wconf 17' lang='grc' dir='ltr'>..ἀρετῇ</span> <span class='ocrx_word' id='word_1_225' title='bbox 916 3133 1010 3186; x_wconf 75' lang='grc' dir='ltr'>καὶ</span> <span class='ocrx_word' id='word_1_226' title='bbox 1036 3130 1235 3203; x_wconf 78' lang='grc' dir='ltr'>γνώσει</span> <span class='ocrx_word' id='word_1_227' title='bbox 1262 3133 1330 3188; x_wconf 78' lang='grc' dir='ltr'>τὰ</span> <span class='ocrx_word' id='word_1_228' title='bbox 1357 3133 1478 3187; x_wconf 85' lang='grc' dir='ltr'>θεῖα</span> <span class='ocrx_word' id='word_1_229' title='bbox 1511 3133 1814 3205; x_wconf 80' lang='grc' dir='ltr'>συνέχεται,</span> 
     </span>
    </p>
   </div>
   <div class='ocr_carea' id='block_1_35' title="bbox 231 3222 1820 3299">
    <p class='ocr_par' dir='ltr' id='par_1_35' title="bbox 231 3222 1820 3299">
     <span class='ocr_line' id='line_1_35' title="bbox 231 3222 1820 3299; baseline 0.002 -23"><span class='ocrx_word' id='word_1_230' title='bbox 231 3222 344 3277; x_wconf 85' lang='grc' dir='ltr'>τῶν</span> <span class='ocrx_word' id='word_1_231' title='bbox 384 3223 504 3276; x_wconf 87' lang='grc' dir='ltr'>κατ’</span> <span class='ocrx_word' id='word_1_232' title='bbox 531 3223 732 3294; x_wconf 77' lang='grc' dir='ltr'>ἀρετὴν</span> <span class='ocrx_word' id='word_1_233' title='bbox 781 3223 1160 3295; x_wconf 86' lang='grc' dir='ltr'>πρωτοτύπων</span> <span class='ocrx_word' id='word_1_234' title='bbox 1209 3225 1360 3278; x_wconf 72' lang='grc' dir='ltr'>ἐστὶν</span> <span class='ocrx_word' id='word_1_235' title='bbox 1393 3224 1724 3299; x_wconf 67' lang='grc' dir='ltr'>ἐνδεικτικὸν</span> <span class='ocrx_word' id='word_1_236' title='bbox 1757 3223 1820 3279; x_wconf 80' lang='grc' dir='ltr'>τὸ</span> 
     </span>
    </p>
   </div>
   <div class='ocr_carea' id='block_1_36' title="bbox 233 3314 1822 3387">
    <p class='ocr_par' dir='ltr' id='par_1_36' title="bbox 233 3314 1822 3387">
     <span class='ocr_line' id='line_1_36' title="bbox 233 3314 1822 3387; baseline 0 -19"><span class='ocrx_word' id='word_1_237' title='bbox 233 3315 522 3386; x_wconf 79' lang='grc' dir='ltr'>ἔσοπτρον,</span> <span class='ocrx_word' id='word_1_238' title='bbox 552 3316 646 3368; x_wconf 78' lang='grc' dir='ltr'>καὶ</span> <span class='ocrx_word' id='word_1_239' title='bbox 674 3314 786 3368; x_wconf 86' lang='grc' dir='ltr'>τῶν</span> <span class='ocrx_word' id='word_1_240' title='bbox 816 3316 960 3369; x_wconf 82' lang='grc' dir='ltr'>κατὰ</span> <span class='ocrx_word' id='word_1_241' title='bbox 991 3315 1195 3384; x_wconf 84' lang='grc' dir='ltr'>γνῶσιν</span> <span class='ocrx_word' id='word_1_242' title='bbox 1244 3315 1569 3387; x_wconf 87' lang='grc' dir='ltr'>άρχετύπων</span> <span class='ocrx_word' id='word_1_243' title='bbox 1621 3317 1822 3386; x_wconf 77' lang='grc' dir='ltr'>ἐκφαν-</span> 
     </span>
    </p>
   </div>
   <div class='ocr_carea' id='block_1_37' title="bbox 233 3405 1053 3478">
    <p class='ocr_par' dir='ltr' id='par_1_37' title="bbox 233 3405 1053 3478">
     <span class='ocr_line' id='line_1_37' title="bbox 233 3405 1053 3478; baseline -0.001 -16"><span class='ocrx_word' id='word_1_244' title='bbox 233 3409 386 3462; x_wconf 77' lang='grc' dir='ltr'>τικὸν</span> <span class='ocrx_word' id='word_1_245' title='bbox 427 3407 666 3477; x_wconf 84' lang='grc' dir='ltr'>ὑπάρχει</span> <span class='ocrx_word' id='word_1_246' title='bbox 701 3407 762 3462; x_wconf 86' lang='grc' dir='ltr'>τὸ</span> <span class='ocrx_word' id='word_1_247' title='bbox 796 3405 1053 3478; x_wconf 79' lang='grc' dir='ltr'>αἴνιγμα.</span> 
     </span>
    </p>
   </div>
   <div class='ocr_carea' id='block_1_38' title="bbox 311 3486 1820 3573">
    <p class='ocr_par' dir='ltr' id='par_1_38' title="bbox 311 3486 1820 3573">
     <span class='ocr_line' id='line_1_38' title="bbox 311 3486 1820 3573; baseline 0.001 -19"><span class='ocrx_word' id='word_1_248' title='bbox 311 3501 419 3572; x_wconf 86' lang='grc' dir='ltr'>μθ’.</span> <span class='ocrx_word' id='word_1_249' title='bbox 454 3501 512 3554; x_wconf 88' lang='lat'>&#39;0</span> <span class='ocrx_word' id='word_1_250' title='bbox 555 3499 644 3552; x_wconf 86' lang='grc' dir='ltr'>διὰ</span> <span class='ocrx_word' id='word_1_251' title='bbox 699 3500 958 3572; x_wconf 80' lang='grc' dir='ltr'>πράξεως</span> <span class='ocrx_word' id='word_1_252' title='bbox 1011 3501 1389 3571; x_wconf 81' lang='grc' dir='ltr'>εὑαρεστήσας</span> <span class='ocrx_word' id='word_1_253' title='bbox 1434 3486 1696 3573; x_wconf 72' lang='grc' dir='ltr'>τῷΘεῷ,</span> <span class='ocrx_word' id='word_1_254' title='bbox 1731 3501 1820 3556; x_wconf 81' lang='grc' dir='ltr'>διὰ</span> 
     </span>
    </p>
   </div>
   <div class='ocr_carea' id='block_1_39' title="bbox 234 3589 1818 3665">
    <p class='ocr_par' dir='ltr' id='par_1_39' title="bbox 234 3589 1818 3665">
     <span class='ocr_line' id='line_1_39' title="bbox 234 3589 1818 3665; baseline 0.004 -23"><span class='ocrx_word' id='word_1_255' title='bbox 234 3589 472 3662; x_wconf 86' lang='grc' dir='ltr'>θεωρίας</span> <span class='ocrx_word' id='word_1_256' title='bbox 503 3590 639 3661; x_wconf 78' lang='grc' dir='ltr'>πρὸς</span> <span class='ocrx_word' id='word_1_257' title='bbox 665 3589 764 3660; x_wconf 77' lang='grc' dir='ltr'>τὴν</span> <span class='ocrx_word' id='word_1_258' title='bbox 795 3589 904 3643; x_wconf 88' lang='grc' dir='ltr'>τῶν</span> <span class='ocrx_word' id='word_1_259' title='bbox 953 3591 1162 3664; x_wconf 86' lang='grc' dir='ltr'>νοητῶν</span> <span class='ocrx_word' id='word_1_260' title='bbox 1188 3590 1396 3662; x_wconf 83' lang='grc' dir='ltr'>χώραν,</span> <span class='ocrx_word' id='word_1_261' title='bbox 1439 3593 1529 3646; x_wconf 80' lang='grc' dir='ltr'>τὸν</span> <span class='ocrx_word' id='word_1_262' title='bbox 1571 3593 1695 3649; x_wconf 88' lang='grc' dir='ltr'>νοῦν</span> <span class='ocrx_word' id='word_1_263' title='bbox 1721 3594 1818 3665; x_wconf 81' lang='grc' dir='ltr'>δη-</span> 
     </span>
    </p>
   </div>
   <div class='ocr_carea' id='block_1_40' title="bbox 234 3682 1820 3755">
    <p class='ocr_par' dir='ltr' id='par_1_40' title="bbox 234 3682 1820 3755">
     <span class='ocr_line' id='line_1_40' title="bbox 234 3682 1820 3755; baseline 0.003 -18"><span class='ocrx_word' id='word_1_264' title='bbox 234 3683 370 3755; x_wconf 78' lang='grc' dir='ltr'>λαδὴ</span> <span class='ocrx_word' id='word_1_265' title='bbox 406 3682 798 3754; x_wconf 85' lang='grc' dir='ltr'>μετατίθησιν·</span> <span class='ocrx_word' id='word_1_266' title='bbox 831 3683 918 3737; x_wconf 80' lang='grc' dir='ltr'>ἵνα</span> <span class='ocrx_word' id='word_1_267' title='bbox 951 3682 1025 3755; x_wconf 78' lang='grc' dir='ltr'>μὴ</span> <span class='ocrx_word' id='word_1_268' title='bbox 1065 3683 1153 3738; x_wconf 73' lang='grc' dir='ltr'>διὰ</span> <span class='ocrx_word' id='word_1_269' title='bbox 1201 3684 1502 3752; x_wconf 87' lang='grc' dir='ltr'>φαντασίας</span> <span class='ocrx_word' id='word_1_270' title='bbox 1549 3687 1694 3749; x_wconf 77' lang='grc' dir='ltr'>τινὸς</span> <span class='ocrx_word' id='word_1_271' title='bbox 1727 3688 1820 3741; x_wconf 79' lang='grc' dir='ltr'>τὸν</span> 
     </span>
    </p>
   </div>
   <div class='ocr_carea' id='block_1_41' title="bbox 236 3772 1817 3846">
    <p class='ocr_par' dir='ltr' id='par_1_41' title="bbox 236 3772 1817 3846">
     <span class='ocr_line' id='line_1_41' title="bbox 236 3772 1817 3846; baseline 0.003 -20"><span class='ocrx_word' id='word_1_272' title='bbox 236 3774 296 3827; x_wconf 76' lang='grc' dir='ltr'>ἐν</span> <span class='ocrx_word' id='word_1_273' title='bbox 328 3774 439 3836; x_wconf 84' lang='grc' dir='ltr'>τοῖς</span> <span class='ocrx_word' id='word_1_274' title='bbox 471 3772 666 3828; x_wconf 87' lang='grc' dir='ltr'>πάθεσι</span> <span class='ocrx_word' id='word_1_275' title='bbox 699 3772 962 3844; x_wconf 81' lang='grc' dir='ltr'>θεάσηται</span> <span class='ocrx_word' id='word_1_276' title='bbox 993 3772 1222 3826; x_wconf 87' lang='grc' dir='ltr'>θάνατον</span> <span class='ocrx_word' id='word_1_277' title='bbox 1249 3772 1393 3826; x_wconf 83' lang='grc' dir='ltr'>κατὰ</span> <span class='ocrx_word' id='word_1_278' title='bbox 1410 3776 1510 3843; x_wconf 74' lang='grc' dir='ltr'>τὴν</span> <span class='ocrx_word' id='word_1_279' title='bbox 1540 3774 1817 3846; x_wconf 72' lang='grc' dir='ltr'>αἴσθησιν,</span> 
     </span>
    </p>
   </div>
   <div class='ocr_carea' id='block_1_42' title="bbox 237 3863 1822 3936">
    <p class='ocr_par' dir='ltr' id='par_1_42' title="bbox 237 3863 1822 3936">
     <span class='ocr_line' id='line_1_42' title="bbox 237 3863 1822 3936; baseline 0.002 -21"><span class='ocrx_word' id='word_1_280' title='bbox 237 3863 315 3925; x_wconf 80' lang='grc' dir='ltr'>ὡς</span> <span class='ocrx_word' id='word_1_281' title='bbox 342 3863 446 3917; x_wconf 80' lang='grc' dir='ltr'>ὑπὸ</span> <span class='ocrx_word' id='word_1_282' title='bbox 482 3863 706 3934; x_wconf 76' lang='grc' dir='ltr'>μηδενὸς</span> <span class='ocrx_word' id='word_1_283' title='bbox 751 3864 857 3918; x_wconf 85' lang='grc' dir='ltr'>τῶν</span> <span class='ocrx_word' id='word_1_284' title='bbox 885 3865 1026 3917; x_wconf 78' lang='grc' dir='ltr'>ἑλεῖν</span> <span class='ocrx_word' id='word_1_285' title='bbox 1059 3863 1404 3934; x_wconf 83' lang='grc' dir='ltr'>βουλομένων</span> <span class='ocrx_word' id='word_1_286' title='bbox 1437 3863 1512 3936; x_wconf 85' lang='grc' dir='ltr'>(Ιι)</span> <span class='ocrx_word' id='word_1_287' title='bbox 1539 3865 1822 3930; x_wconf 85' lang='grc' dir='ltr'>παντελῶς</span> 
     </span>
    </p>
   </div>
   <div class='ocr_carea' id='block_1_43' title="bbox 235 3954 648 4026">
    <p class='ocr_par' dir='ltr' id='par_1_43' title="bbox 235 3954 648 4026">
     <span class='ocr_line' id='line_1_43' title="bbox 235 3954 648 4026; baseline 0.005 -20"><span class='ocrx_word' id='word_1_288' title='bbox 235 3954 648 4026; x_wconf 82' lang='grc' dir='ltr'>εὑρισκόμενος.</span> 
     </span>
    </p>
   </div>
   <div class='ocr_carea' id='block_1_44' title="bbox 311 4043 1820 4120">
    <p class='ocr_par' dir='ltr' id='par_1_44' title="bbox 311 4043 1820 4120">
     <span class='ocr_line' id='line_1_44' title="bbox 311 4043 1820 4120; baseline 0.003 -20"><span class='ocrx_word' id='word_1_289' title='bbox 311 4051 373 4100; x_wconf 80' lang='grc' dir='ltr'>ν’.</span> <span class='ocrx_word' id='word_1_290' title='bbox 411 4046 469 4098; x_wconf 88' lang='lat'>&#39;0</span> <span class='ocrx_word' id='word_1_291' title='bbox 497 4043 726 4116; x_wconf 81' lang='grc' dir='ltr'>καθαρῷ</span> <span class='ocrx_word' id='word_1_292' title='bbox 779 4045 1015 4110; x_wconf 86' lang='grc' dir='ltr'>πίστεως</span> <span class='ocrx_word' id='word_1_293' title='bbox 1064 4044 1331 4117; x_wconf 83' lang='grc' dir='ltr'>ὀφθαλμῷ</span> <span class='ocrx_word' id='word_1_294' title='bbox 1376 4046 1487 4102; x_wconf 86' lang='grc' dir='ltr'>τῶν</span> <span class='ocrx_word' id='word_1_295' title='bbox 1515 4048 1820 4120; x_wconf 84' lang='grc' dir='ltr'>μελλόντων</span> 
     </span>
    </p>
   </div>
   <div class='ocr_carea' id='block_1_45' title="bbox 233 4137 1826 4214">
    <p class='ocr_par' dir='ltr' id='par_1_45' title="bbox 233 4137 1826 4214">
     <span class='ocr_line' id='line_1_45' title="bbox 233 4137 1826 4214; baseline 0.004 -22"><span class='ocrx_word' id='word_1_296' title='bbox 233 4137 459 4206; x_wconf 77' lang='grc' dir='ltr'>ἀγαθῶν</span> <span class='ocrx_word' id='word_1_297' title='bbox 510 4138 633 4192; x_wconf 82' lang='grc' dir='ltr'>ἰδὼν</span> <span class='ocrx_word' id='word_1_298' title='bbox 684 4139 784 4210; x_wconf 83' lang='grc' dir='ltr'>τὴν</span> <span class='ocrx_word' id='word_1_299' title='bbox 844 4137 1207 4210; x_wconf 85' lang='grc' dir='ltr'>εὐπρέπειαν,</span> <span class='ocrx_word' id='word_1_300' title='bbox 1259 4138 1524 4194; x_wconf 81' lang='grc' dir='ltr'>ὑπακούει</span> <span class='ocrx_word' id='word_1_301' title='bbox 1569 4144 1673 4214; x_wconf 82' lang='grc' dir='ltr'>γῆς</span> <span class='ocrx_word' id='word_1_302' title='bbox 1729 4145 1826 4200; x_wconf 72' lang='grc' dir='ltr'>καὶ.</span> 
     </span>
    </p>
   </div>
   <div class='ocr_carea' id='block_1_46' title="bbox 235 4230 1818 4304">
    <p class='ocr_par' dir='ltr' id='par_1_46' title="bbox 235 4230 1818 4304">
     <span class='ocr_line' id='line_1_46' title="bbox 235 4230 1818 4304; baseline 0.005 -20"><span class='ocrx_word' id='word_1_303' title='bbox 235 4232 559 4300; x_wconf 78' lang='grc' dir='ltr'>συγγενείας</span> <span class='ocrx_word' id='word_1_304' title='bbox 595 4232 688 4284; x_wconf 79' lang='grc' dir='ltr'>καὶ</span> <span class='ocrx_word' id='word_1_305' title='bbox 719 4230 872 4284; x_wconf 74' lang='grc' dir='ltr'>οἴκου</span> <span class='ocrx_word' id='word_1_306' title='bbox 908 4231 1183 4302; x_wconf 87' lang='grc' dir='ltr'>πατρικοῦ</span> <span class='ocrx_word' id='word_1_307' title='bbox 1231 4233 1530 4304; x_wconf 83' lang='grc' dir='ltr'>προθύμως</span> <span class='ocrx_word' id='word_1_308' title='bbox 1559 4235 1818 4304; x_wconf 75' lang='grc' dir='ltr'>ἐξελθεῖν,</span> 
     </span>
    </p>
   </div>
   <div class='ocr_carea' id='block_1_47' title="bbox 234 4321 1824 4399">
    <p class='ocr_par' dir='ltr' id='par_1_47' title="bbox 234 4321 1824 4399">
     <span class='ocr_line' id='line_1_47' title="bbox 234 4321 1824 4399; baseline 0.003 -22"><span class='ocrx_word' id='word_1_309' title='bbox 234 4322 554 4377; x_wconf 76' lang='grc' dir='ltr'>καταλιπὼν</span> <span class='ocrx_word' id='word_1_310' title='bbox 575 4321 674 4394; x_wconf 77' lang='grc' dir='ltr'>τὴν</span> <span class='ocrx_word' id='word_1_311' title='bbox 704 4321 842 4392; x_wconf 75' lang='grc' dir='ltr'>πρὸς</span> <span class='ocrx_word' id='word_1_312' title='bbox 859 4323 1038 4395; x_wconf 84' lang='grc' dir='ltr'>σάρκα</span> <span class='ocrx_word' id='word_1_313' title='bbox 1068 4324 1162 4378; x_wconf 74' lang='grc' dir='ltr'>καὶ</span> <span class='ocrx_word' id='word_1_314' title='bbox 1184 4323 1439 4394; x_wconf 77' lang='grc' dir='ltr'>αἴσθησιν</span> <span class='ocrx_word' id='word_1_315' title='bbox 1470 4325 1566 4380; x_wconf 74' lang='grc' dir='ltr'>καὶ</span> <span class='ocrx_word' id='word_1_316' title='bbox 1590 4328 1824 4399; x_wconf 78' lang='grc' dir='ltr'>αἰσθητὰ</span> 
     </span>
    </p>
   </div>
   <div class='ocr_carea' id='block_1_48' title="bbox 236 4415 1822 4494">
    <p class='ocr_par' dir='ltr' id='par_1_48' title="bbox 236 4415 1822 4494">
     <span class='ocr_line' id='line_1_48' title="bbox 236 4415 1822 4494; baseline 0.006 -26"><span class='ocrx_word' id='word_1_317' title='bbox 236 4415 427 4486; x_wconf 86' lang='grc' dir='ltr'>σχέσιν</span> <span class='ocrx_word' id='word_1_318' title='bbox 453 4433 513 4470; x_wconf 90' lang='grc' dir='ltr'>τε</span> <span class='ocrx_word' id='word_1_319' title='bbox 553 4418 647 4470; x_wconf 76' lang='grc' dir='ltr'>καὶ</span> <span class='ocrx_word' id='word_1_320' title='bbox 699 4415 1109 4487; x_wconf 84' lang='grc' dir='ltr'>προσπάθειαν·</span> <span class='ocrx_word' id='word_1_321' title='bbox 1167 4417 1261 4472; x_wconf 74' lang='grc' dir='ltr'>καὶ</span> <span class='ocrx_word' id='word_1_322' title='bbox 1299 4416 1516 4487; x_wconf 83' lang='grc' dir='ltr'>φύσεως</span> <span class='ocrx_word' id='word_1_323' title='bbox 1552 4422 1609 4474; x_wconf 83' lang='grc' dir='ltr'>ἐν</span> <span class='ocrx_word' id='word_1_324' title='bbox 1643 4422 1822 4494; x_wconf 82' lang='grc' dir='ltr'>καιρῷ</span> 
     </span>
    </p>
   </div>
   <div class='ocr_carea' id='block_1_49' title="bbox 1919 561 3502 634">
    <p class='ocr_par' dir='ltr' id='par_1_49' title="bbox 1919 561 3502 634">
     <span class='ocr_line' id='line_1_49' title="bbox 1919 561 3502 634; baseline -0.005 -12"><span class='ocrx_word' id='word_1_325' title='bbox 1919 569 2118 623; x_wconf 86' lang='lat' dir='ltr'>Armus</span> <span class='ocrx_word' id='word_1_326' title='bbox 2163 575 2370 633; x_wconf 87' lang='lat' dir='ltr'>autem,</span> <span class='ocrx_word' id='word_1_327' title='bbox 2408 567 2710 629; x_wconf 87' lang='lat' dir='ltr'>actionem,</span> <span class='ocrx_word' id='word_1_328' title='bbox 2759 566 2812 622; x_wconf 88' lang='lat' dir='ltr'>id</span> <span class='ocrx_word' id='word_1_329' title='bbox 2856 575 2959 629; x_wconf 85' lang='lat' dir='ltr'>est,</span> <span class='ocrx_word' id='word_1_330' title='bbox 2996 563 3288 634; x_wconf 87' lang='lat' dir='ltr'>cogitantis</span> <span class='ocrx_word' id='word_1_331' title='bbox 3333 561 3502 616; x_wconf 88' lang='lat' dir='ltr'>animi</span> 
     </span>
    </p>
   </div>
   <div class='ocr_carea' id='block_1_50' title="bbox 1919 654 3501 728">
    <p class='ocr_par' dir='ltr' id='par_1_50' title="bbox 1919 654 3501 728">
     <span class='ocr_line' id='line_1_50' title="bbox 1919 654 3501 728; baseline -0.005 -16"><span class='ocrx_word' id='word_1_332' title='bbox 1919 658 2172 713; x_wconf 84' lang='lat' dir='ltr'>habitum</span> <span class='ocrx_word' id='word_1_333' title='bbox 2196 666 2254 713; x_wconf 90' lang='lat' dir='ltr'>et</span> <span class='ocrx_word' id='word_1_334' title='bbox 2279 657 2682 728; x_wconf 80' lang='lat' dir='ltr'>operationem,</span> <span class='ocrx_word' id='word_1_335' title='bbox 2705 657 2790 712; x_wconf 88' lang='lat' dir='ltr'>vel</span> <span class='ocrx_word' id='word_1_336' title='bbox 2817 656 3106 712; x_wconf 74' lang='lat' dir='ltr'>scientiam</span> <span class='ocrx_word' id='word_1_337' title='bbox 3131 661 3185 707; x_wconf 89' lang='lat' dir='ltr'>et</span> <span class='ocrx_word' id='word_1_338' title='bbox 3207 654 3501 719; x_wconf 76' lang='lat' dir='ltr'>virtutem;</span> 
     </span>
    </p>
   </div>
   <div class='ocr_carea' id='block_1_51' title="bbox 1859 744 3505 820">
    <p class='ocr_par' dir='ltr' id='par_1_51' title="bbox 1859 744 3505 820">
     <span class='ocr_line' id='line_1_51' title="bbox 1859 744 3505 820; baseline -0.004 -16"><span class='ocrx_word' id='word_1_339' title='bbox 1859 765 1862 768; x_wconf 53' lang='grc' dir='ltr'>ί</span> <span class='ocrx_word' id='word_1_340' title='bbox 1919 750 2123 820; x_wconf 82' lang='lat' dir='ltr'>quippe</span> <span class='ocrx_word' id='word_1_341' title='bbox 2153 765 2277 804; x_wconf 92' lang='lat' dir='ltr'>cum</span> <span class='ocrx_word' id='word_1_342' title='bbox 2309 750 2538 804; x_wconf 90' lang='lat' dir='ltr'>scientia</span> <span class='ocrx_word' id='word_1_343' title='bbox 2572 757 2812 804; x_wconf 89' lang='lat' dir='ltr'>mentem</span> <span class='ocrx_word' id='word_1_344' title='bbox 2835 748 2947 802; x_wconf 90' lang='lat' dir='ltr'>Deo</span> <span class='ocrx_word' id='word_1_345' title='bbox 2976 744 3291 800; x_wconf 82' lang='lat' dir='ltr'>immediate</span> <span class='ocrx_word' id='word_1_346' title='bbox 3318 744 3505 798; x_wconf 91' lang='lat' dir='ltr'>admo-</span> 
     </span>
    </p>
   </div>
   <div class='ocr_carea' id='block_1_52' title="bbox 1921 836 3500 911">
    <p class='ocr_par' dir='ltr' id='par_1_52' title="bbox 1921 836 3500 911">
     <span class='ocr_line' id='line_1_52' title="bbox 1921 836 3500 911; baseline -0.005 -15"><span class='ocrx_word' id='word_1_347' title='bbox 1921 851 2074 909; x_wconf 89' lang='lat' dir='ltr'>veat;</span> <span class='ocrx_word' id='word_1_348' title='bbox 2118 843 2298 898; x_wconf 88' lang='lat' dir='ltr'>virtus</span> <span class='ocrx_word' id='word_1_349' title='bbox 2340 858 2505 906; x_wconf 85' lang='lat' dir='ltr'>vero,</span> <span class='ocrx_word' id='word_1_350' title='bbox 2549 857 2658 911; x_wconf 90' lang='lat' dir='ltr'>qua</span> <span class='ocrx_word' id='word_1_351' title='bbox 2707 843 2979 895; x_wconf 84' lang='lat' dir='ltr'>actionem</span> <span class='ocrx_word' id='word_1_352' title='bbox 3030 837 3190 901; x_wconf 89' lang='lat' dir='ltr'>colit,</span> <span class='ocrx_word' id='word_1_353' title='bbox 3233 836 3302 890; x_wconf 88' lang='lat' dir='ltr'>ab</span> <span class='ocrx_word' id='word_1_354' title='bbox 3352 836 3500 889; x_wconf 87' lang='lat' dir='ltr'>omni</span> 
     </span>
    </p>
   </div>
   <div class='ocr_carea' id='block_1_53' title="bbox 1919 929 3503 1003">
    <p class='ocr_par' dir='ltr' id='par_1_53' title="bbox 1919 929 3503 1003">
     <span class='ocr_line' id='line_1_53' title="bbox 1919 929 3503 1003; baseline -0.006 -14"><span class='ocrx_word' id='word_1_355' title='bbox 1919 949 2105 990; x_wconf 91' lang='lat' dir='ltr'>rerum</span> <span class='ocrx_word' id='word_1_356' title='bbox 2136 933 2427 989; x_wconf 71' lang='lat' dir='ltr'>affectione</span> <span class='ocrx_word' id='word_1_357' title='bbox 2456 941 2690 1002; x_wconf 88' lang='lat' dir='ltr'>ortuque</span> <span class='ocrx_word' id='word_1_358' title='bbox 2720 941 2998 987; x_wconf 82' lang='lat' dir='ltr'>removeat</span> <span class='ocrx_word' id='word_1_359' title='bbox 3025 949 3038 984; x_wconf 88' lang='lat'>:</span> <span class='ocrx_word' id='word_1_360' title='bbox 3067 949 3189 1003; x_wconf 80' lang='lat' dir='ltr'>qua:</span> <span class='ocrx_word' id='word_1_361' title='bbox 3217 929 3503 998; x_wconf 82' lang='lat' dir='ltr'>Scriptura</span> 
     </span>
    </p>
   </div>
   <div class='ocr_carea' id='block_1_54' title="bbox 1918 1019 3504 1096">
    <p class='ocr_par' dir='ltr' id='par_1_54' title="bbox 1918 1019 3504 1096">
     <span class='ocr_line' id='line_1_54' title="bbox 1918 1019 3504 1096; baseline -0.007 -15"><span class='ocrx_word' id='word_1_362' title='bbox 1918 1023 2300 1082; x_wconf 82' lang='lat' dir='ltr'>sacerdotibus</span> <span class='ocrx_word' id='word_1_363' title='bbox 2348 1025 2683 1096; x_wconf 79' lang='lat' dir='ltr'>segregavit,</span> <span class='ocrx_word' id='word_1_364' title='bbox 2736 1023 2830 1094; x_wconf 88' lang='lat' dir='ltr'>qui</span> <span class='ocrx_word' id='word_1_365' title='bbox 2886 1023 3063 1078; x_wconf 87' lang='lat' dir='ltr'>solum</span> <span class='ocrx_word' id='word_1_366' title='bbox 3121 1024 3296 1077; x_wconf 88' lang='lat' dir='ltr'>Deum</span> <span class='ocrx_word' id='word_1_367' title='bbox 3358 1019 3504 1073; x_wconf 84' lang='lat' dir='ltr'>nacti</span> 
     </span>
    </p>
   </div>
   <div class='ocr_carea' id='block_1_55' title="bbox 1919 1113 3504 1190">
    <p class='ocr_par' dir='ltr' id='par_1_55' title="bbox 1919 1113 3504 1190">
     <span class='ocr_line' id='line_1_55' title="bbox 1919 1113 3504 1190; baseline -0.006 -16"><span class='ocrx_word' id='word_1_368' title='bbox 1919 1119 2326 1184; x_wconf 67' lang='lat' dir='ltr'>haereditatem,</span> <span class='ocrx_word' id='word_1_369' title='bbox 2365 1119 2502 1174; x_wconf 87' lang='lat' dir='ltr'>nihil</span> <span class='ocrx_word' id='word_1_370' title='bbox 2551 1133 2778 1190; x_wconf 79' lang='lat' dir='ltr'>prorsus</span> <span class='ocrx_word' id='word_1_371' title='bbox 2819 1132 3004 1172; x_wconf 85' lang='lat' dir='ltr'>rerum</span> <span class='ocrx_word' id='word_1_372' title='bbox 3049 1124 3396 1171; x_wconf 86' lang='lat' dir='ltr'>terrenarum</span> <span class='ocrx_word' id='word_1_373' title='bbox 3448 1113 3504 1166; x_wconf 91' lang='lat' dir='ltr'>in</span> 
     </span>
    </p>
   </div>
   <div class='ocr_carea' id='block_1_56' title="bbox 1918 1208 2380 1263">
    <p class='ocr_par' dir='ltr' id='par_1_56' title="bbox 1918 1208 2380 1263">
     <span class='ocr_line' id='line_1_56' title="bbox 1918 1208 2380 1263; baseline -0.002 0"><span class='ocrx_word' id='word_1_374' title='bbox 1918 1223 2088 1263; x_wconf 89' lang='lat' dir='ltr'>censu</span> <span class='ocrx_word' id='word_1_375' title='bbox 2121 1208 2380 1262; x_wconf 86' lang='lat' dir='ltr'>habeant.</span> 
     </span>
    </p>
   </div>
   <div class='ocr_carea' id='block_1_57' title="bbox 1990 1295 3504 1368">
    <p class='ocr_par' dir='ltr' id='par_1_57' title="bbox 1990 1295 3504 1368">
     <span class='ocr_line' id='line_1_57' title="bbox 1990 1295 3504 1368; baseline -0.004 -15"><span class='ocrx_word' id='word_1_376' title='bbox 1990 1298 2078 1353; x_wconf 71' lang='grc'>46.</span> <span class='ocrx_word' id='word_1_377' title='bbox 2109 1297 2245 1353; x_wconf 88' lang='lat' dir='ltr'>Cum</span> <span class='ocrx_word' id='word_1_378' title='bbox 2275 1298 2385 1364; x_wconf 88' lang='lat' dir='ltr'>his,</span> <span class='ocrx_word' id='word_1_379' title='bbox 2411 1297 2504 1368; x_wconf 88' lang='lat' dir='ltr'>qui</span> <span class='ocrx_word' id='word_1_380' title='bbox 2541 1298 2774 1353; x_wconf 87' lang='lat' dir='ltr'>scientia</span> <span class='ocrx_word' id='word_1_381' title='bbox 2800 1305 2856 1352; x_wconf 91' lang='lat' dir='ltr'>et</span> <span class='ocrx_word' id='word_1_382' title='bbox 2883 1297 3218 1368; x_wconf 72' lang='lat' dir='ltr'>virtute&#39;per</span> <span class='ocrx_word' id='word_1_383' title='bbox 3249 1295 3504 1366; x_wconf 87' lang='lat' dir='ltr'>spiritum</span> 
     </span>
    </p>
   </div>
   <div class='ocr_carea' id='block_1_58' title="bbox 1918 1389 3505 1460">
    <p class='ocr_par' dir='ltr' id='par_1_58' title="bbox 1918 1389 3505 1460">
     <span class='ocr_line' id='line_1_58' title="bbox 1918 1389 3505 1460; baseline -0.003 -16"><span class='ocrx_word' id='word_1_384' title='bbox 1918 1397 2034 1444; x_wconf 86' lang='lat' dir='ltr'>toto</span> <span class='ocrx_word' id='word_1_385' title='bbox 2077 1389 2264 1445; x_wconf 87' lang='lat' dir='ltr'>animo</span> <span class='ocrx_word' id='word_1_386' title='bbox 2310 1389 2506 1444; x_wconf 89' lang='lat' dir='ltr'>imbuti</span> <span class='ocrx_word' id='word_1_387' title='bbox 2549 1397 2707 1456; x_wconf 89' lang='lat' dir='ltr'>sunt,</span> <span class='ocrx_word' id='word_1_388' title='bbox 2741 1390 2962 1460; x_wconf 89' lang='lat' dir='ltr'>pietatis</span> <span class='ocrx_word' id='word_1_389' title='bbox 3001 1389 3238 1459; x_wconf 88' lang='lat' dir='ltr'>ﬁdeique</span> <span class='ocrx_word' id='word_1_390' title='bbox 3278 1403 3505 1456; x_wconf 85' lang='lat' dir='ltr'>capaces</span> 
     </span>
    </p>
   </div>
   <div class='ocr_carea' id='block_1_59' title="bbox 1919 1471 3502 1550">
    <p class='ocr_par' dir='ltr' id='par_1_59' title="bbox 1919 1471 3502 1550">
     <span class='ocr_line' id='line_1_59' title="bbox 1919 1471 3502 1550; baseline -0.003 -17"><span class='ocrx_word' id='word_1_391' title='bbox 1919 1480 2153 1534; x_wconf 89' lang='lat' dir='ltr'>aliorum</span> <span class='ocrx_word' id='word_1_392' title='bbox 2195 1471 2409 1535; x_wconf 84' lang='lat' dir='ltr'>mentes</span> <span class='ocrx_word' id='word_1_393' title='bbox 2449 1481 2697 1536; x_wconf 89' lang='lat' dir='ltr'>doctrina</span> <span class='ocrx_word' id='word_1_394' title='bbox 2741 1490 2906 1550; x_wconf 88' lang='lat' dir='ltr'>atque</span> <span class='ocrx_word' id='word_1_395' title='bbox 2945 1495 3201 1535; x_wconf 89' lang='lat' dir='ltr'>sermone</span> <span class='ocrx_word' id='word_1_396' title='bbox 3244 1478 3502 1541; x_wconf 71' lang='lat' dir='ltr'>eﬂiciant,</span> 
     </span>
    </p>
   </div>
   <div class='ocr_carea' id='block_1_60' title="bbox 1917 1567 3504 1638">
    <p class='ocr_par' dir='ltr' id='par_1_60' title="bbox 1917 1567 3504 1638">
     <span class='ocr_line' id='line_1_60' title="bbox 1917 1567 3504 1638; baseline -0.003 -14"><span class='ocrx_word' id='word_1_397' title='bbox 1917 1585 2222 1638; x_wconf 84' lang='lat' dir='ltr'>eorumque</span> <span class='ocrx_word' id='word_1_398' title='bbox 2255 1569 2490 1624; x_wconf 87' lang='lat' dir='ltr'>actionis</span> <span class='ocrx_word' id='word_1_399' title='bbox 2521 1569 2770 1623; x_wconf 89' lang='lat' dir='ltr'>habitum</span> <span class='ocrx_word' id='word_1_400' title='bbox 2804 1584 2868 1623; x_wconf 90' lang='lat' dir='ltr'>ac</span> <span class='ocrx_word' id='word_1_401' title='bbox 2897 1569 3211 1623; x_wconf 82' lang='lat' dir='ltr'>facultatem</span> <span class='ocrx_word' id='word_1_402' title='bbox 3247 1567 3504 1620; x_wconf 77' lang='lat' dir='ltr'>auferen-</span> 
     </span>
    </p>
   </div>
   <div class='ocr_carea' id='block_1_61' title="bbox 1923 1659 3501 1730">
    <p class='ocr_par' dir='ltr' id='par_1_61' title="bbox 1923 1659 3501 1730">
     <span class='ocr_line' id='line_1_61' title="bbox 1923 1659 3501 1730; baseline -0.003 -16"><span class='ocrx_word' id='word_1_403' title='bbox 1923 1669 2024 1726; x_wconf 83' lang='lat' dir='ltr'>tes,</span> <span class='ocrx_word' id='word_1_404' title='bbox 2053 1677 2121 1715; x_wconf 92' lang='lat' dir='ltr'>nc</span> <span class='ocrx_word' id='word_1_405' title='bbox 2155 1676 2258 1730; x_wconf 90' lang='lat' dir='ltr'>pro</span> <span class='ocrx_word' id='word_1_406' title='bbox 2291 1668 2503 1715; x_wconf 72' lang='lat' dir='ltr'>natura:</span> <span class='ocrx_word' id='word_1_407' title='bbox 2531 1667 2807 1730; x_wconf 66' lang='lat' dir='ltr'>corrupta:</span> <span class='ocrx_word' id='word_1_408' title='bbox 2833 1659 2954 1714; x_wconf 85' lang='lat' dir='ltr'>labe</span> <span class='ocrx_word' id='word_1_409' title='bbox 2983 1659 3182 1714; x_wconf 91' lang='lat' dir='ltr'>studiis</span> <span class='ocrx_word' id='word_1_410' title='bbox 3207 1659 3501 1722; x_wconf 89' lang='lat' dir='ltr'>dedantur,</span> 
     </span>
    </p>
   </div>
   <div class='ocr_carea' id='block_1_62' title="bbox 1919 1749 3502 1821">
    <p class='ocr_par' dir='ltr' id='par_1_62' title="bbox 1919 1749 3502 1821">
     <span class='ocr_line' id='line_1_62' title="bbox 1919 1749 3502 1821; baseline -0.003 -15"><span class='ocrx_word' id='word_1_411' title='bbox 1919 1751 1985 1806; x_wconf 85' lang='lat' dir='ltr'>ad</span> <span class='ocrx_word' id='word_1_412' title='bbox 2013 1752 2332 1821; x_wconf 89' lang='lat' dir='ltr'>incorrupta</span> <span class='ocrx_word' id='word_1_413' title='bbox 2361 1751 2505 1807; x_wconf 86' lang='lat' dir='ltr'>bona</span> <span class='ocrx_word' id='word_1_414' title='bbox 2534 1751 2644 1805; x_wconf 87' lang='lat' dir='ltr'>vim</span> <span class='ocrx_word' id='word_1_415' title='bbox 2673 1767 2894 1805; x_wconf 87' lang='lat' dir='ltr'>onmem</span> <span class='ocrx_word' id='word_1_416' title='bbox 2926 1760 3135 1804; x_wconf 69' lang='lat' dir='ltr'>naturas</span> <span class='ocrx_word' id='word_1_417' title='bbox 3164 1749 3502 1820; x_wconf 88' lang='lat' dir='ltr'>superantia,</span> 
     </span>
    </p>
   </div>
   <div class='ocr_carea' id='block_1_63' title="bbox 1920 1844 3505 1916">
    <p class='ocr_par' dir='ltr' id='par_1_63' title="bbox 1920 1844 3505 1916">
     <span class='ocr_line' id='line_1_63' title="bbox 1920 1844 3505 1916; baseline -0.003 -16"><span class='ocrx_word' id='word_1_418' title='bbox 1920 1861 2085 1916; x_wconf 89' lang='lat' dir='ltr'>opere</span> <span class='ocrx_word' id='word_1_419' title='bbox 2114 1845 2429 1915; x_wconf 71' lang='lat' dir='ltr'>praestanda</span> <span class='ocrx_word' id='word_1_420' title='bbox 2459 1844 2834 1906; x_wconf 71' lang='lat' dir='ltr'>transierant;</span> <span class='ocrx_word' id='word_1_421' title='bbox 2859 1844 3056 1902; x_wconf 79' lang='lat' dir='ltr'>merito</span> <span class='ocrx_word' id='word_1_422' title='bbox 3084 1858 3277 1898; x_wconf 88' lang='lat' dir='ltr'>eorum</span> <span class='ocrx_word' id='word_1_423' title='bbox 3304 1859 3424 1912; x_wconf 70' lang='lat' dir='ltr'>quae</span> <span class='ocrx_word' id='word_1_424' title='bbox 3451 1844 3505 1896; x_wconf 88' lang='lat' dir='ltr'>in</span> 
     </span>
    </p>
   </div>
   <div class='ocr_carea' id='block_1_64' title="bbox 1919 1933 3508 2007">
    <p class='ocr_par' dir='ltr' id='par_1_64' title="bbox 1919 1933 3508 2007">
     <span class='ocr_line' id='line_1_64' title="bbox 1919 1933 3508 2007; baseline -0.002 -16"><span class='ocrx_word' id='word_1_425' title='bbox 1919 1936 2016 1992; x_wconf 89' lang='lat' dir='ltr'>Dei</span> <span class='ocrx_word' id='word_1_426' title='bbox 2069 1936 2339 1992; x_wconf 87' lang='lat' dir='ltr'>sacriﬁcio</span> <span class='ocrx_word' id='word_1_427' title='bbox 2388 1936 2700 1992; x_wconf 83' lang='lat' dir='ltr'>oﬁeruntur</span> <span class='ocrx_word' id='word_1_428' title='bbox 2745 1935 3128 2007; x_wconf 89' lang='lat' dir='ltr'>pectusculum</span> <span class='ocrx_word' id='word_1_429' title='bbox 3178 1933 3508 1990; x_wconf 87' lang='lat' dir='ltr'>elevationis</span> 
     </span>
    </p>
   </div>
   <div class='ocr_carea' id='block_1_65' title="bbox 1921 2024 3505 2100">
    <p class='ocr_par' dir='ltr' id='par_1_65' title="bbox 1921 2024 3505 2100">
     <span class='ocr_line' id='line_1_65' title="bbox 1921 2024 3505 2100; baseline -0.004 -17"><span class='ocrx_word' id='word_1_430' title='bbox 1921 2028 2135 2100; x_wconf 91' lang='lat' dir='ltr'>(eorum</span> <span class='ocrx_word' id='word_1_431' title='bbox 2168 2029 2379 2083; x_wconf 88' lang='lat' dir='ltr'>scilicet</span> <span class='ocrx_word' id='word_1_432' title='bbox 2405 2029 2496 2099; x_wconf 91' lang='lat' dir='ltr'>qui</span> <span class='ocrx_word' id='word_1_433' title='bbox 2529 2028 2894 2082; x_wconf 84' lang='lat' dir='ltr'>admoventur</span> <span class='ocrx_word' id='word_1_434' title='bbox 2926 2043 3020 2082; x_wconf 91' lang='lat' dir='ltr'>cor</span> <span class='ocrx_word' id='word_1_435' title='bbox 3045 2035 3208 2096; x_wconf 88' lang='lat' dir='ltr'>atque</span> <span class='ocrx_word' id='word_1_436' title='bbox 3238 2024 3505 2095; x_wconf 86' lang='lat' dir='ltr'>animum)</span> 
     </span>
    </p>
   </div>
   <div class='ocr_carea' id='block_1_66' title="bbox 1918 2115 3508 2189">
    <p class='ocr_par' dir='ltr' id='par_1_66' title="bbox 1918 2115 3508 2189">
     <span class='ocr_line' id='line_1_66' title="bbox 1918 2115 3508 2189; baseline -0.004 -15"><span class='ocrx_word' id='word_1_437' title='bbox 1918 2134 2244 2189; x_wconf 85' lang='lat' dir='ltr'>armumque</span> <span class='ocrx_word' id='word_1_438' title='bbox 2271 2119 2616 2188; x_wconf 87' lang='lat' dir='ltr'>(eorumdem</span> <span class='ocrx_word' id='word_1_439' title='bbox 2645 2119 2856 2174; x_wconf 88' lang='lat' dir='ltr'>scilicet</span> <span class='ocrx_word' id='word_1_440' title='bbox 2879 2118 3175 2187; x_wconf 80' lang='lat' dir='ltr'>actionem)</span> <span class='ocrx_word' id='word_1_441' title='bbox 3209 2115 3508 2172; x_wconf 86' lang='lat' dir='ltr'>sacerdoti-</span> 
     </span>
    </p>
   </div>
   <div class='ocr_carea' id='block_1_67' title="bbox 1919 2206 3150 2279">
    <p class='ocr_par' dir='ltr' id='par_1_67' title="bbox 1919 2206 3150 2279">
     <span class='ocr_line' id='line_1_67' title="bbox 1919 2206 3150 2279; baseline -0.003 -15"><span class='ocrx_word' id='word_1_442' title='bbox 1919 2209 2023 2266; x_wconf 90' lang='lat' dir='ltr'>bus</span> <span class='ocrx_word' id='word_1_443' title='bbox 2053 2209 2358 2264; x_wconf 87' lang='lat' dir='ltr'>addicenda</span> <span class='ocrx_word' id='word_1_444' title='bbox 2390 2209 2654 2279; x_wconf 62' lang='lat' dir='ltr'>praecepit.</span> <span class='ocrx_word' id='word_1_445' title='bbox 2681 2208 2904 2264; x_wconf 91' lang='lat' dir='ltr'>divinus</span> <span class='ocrx_word' id='word_1_446' title='bbox 2937 2206 3150 2262; x_wconf 86' lang='lat' dir='ltr'>Sermo.</span> 
     </span>
    </p>
   </div>
   <div class='ocr_carea' id='block_1_68' title="bbox 1989 2405 3506 2482">
    <p class='ocr_par' dir='ltr' id='par_1_68' title="bbox 1989 2405 3506 2482">
     <span class='ocr_line' id='line_1_68' title="bbox 1989 2405 3506 2482; baseline -0.004 -16"><span class='ocrx_word' id='word_1_447' title='bbox 1989 2413 2077 2466; x_wconf 75' lang='grc'>47.</span> <span class='ocrx_word' id='word_1_448' title='bbox 2127 2411 2322 2468; x_wconf 89' lang='lat' dir='ltr'>Omnis</span> <span class='ocrx_word' id='word_1_449' title='bbox 2365 2412 2490 2467; x_wconf 70' lang='lat' dir='ltr'>vita:</span> <span class='ocrx_word' id='word_1_450' title='bbox 2541 2411 2706 2482; x_wconf 81' lang='lat' dir='ltr'>hujus</span> <span class='ocrx_word' id='word_1_451' title='bbox 2748 2410 3000 2482; x_wconf 84' lang='lat' dir='ltr'>justitia,</span> <span class='ocrx_word' id='word_1_452' title='bbox 3044 2407 3089 2463; x_wconf 88' lang='lat' dir='ltr'>si</span> <span class='ocrx_word' id='word_1_453' title='bbox 3140 2422 3264 2464; x_wconf 91' lang='lat' dir='ltr'>cum</span> <span class='ocrx_word' id='word_1_454' title='bbox 3320 2405 3506 2460; x_wconf 79' lang='lat' dir='ltr'>futura</span> 
     </span>
    </p>
   </div>
   <div class='ocr_carea' id='block_1_69' title="bbox 1919 2499 3507 2573">
    <p class='ocr_par' dir='ltr' id='par_1_69' title="bbox 1919 2499 3507 2573">
     <span class='ocr_line' id='line_1_69' title="bbox 1919 2499 3507 2573; baseline -0.004 -15"><span class='ocrx_word' id='word_1_455' title='bbox 1919 2503 2204 2568; x_wconf 83' lang='lat' dir='ltr'>conferas,</span> <span class='ocrx_word' id='word_1_456' title='bbox 2242 2504 2452 2573; x_wconf 88' lang='lat' dir='ltr'>speculi</span> <span class='ocrx_word' id='word_1_457' title='bbox 2500 2504 2774 2557; x_wconf 85' lang='lat' dir='ltr'>rationem</span> <span class='ocrx_word' id='word_1_458' title='bbox 2817 2501 3066 2572; x_wconf 74' lang='lat' dir='ltr'>praefert,</span> <span class='ocrx_word' id='word_1_459' title='bbox 3102 2499 3507 2570; x_wconf 87' lang='lat' dir='ltr'>primitivarum</span> 
     </span>
    </p>
   </div>
   <div class='ocr_carea' id='block_1_70' title="bbox 1924 2584 3505 2666">
    <p class='ocr_par' dir='ltr' id='par_1_70' title="bbox 1924 2584 3505 2666">
     <span class='ocr_line' id='line_1_70' title="bbox 1924 2584 3505 2666; baseline -0.005 -16"><span class='ocrx_word' id='word_1_460' title='bbox 1924 2611 2108 2652; x_wconf 90' lang='lat' dir='ltr'>rerum</span> <span class='ocrx_word' id='word_1_461' title='bbox 2141 2595 2460 2666; x_wconf 84' lang='lat' dir='ltr'>imaginem,</span> <span class='ocrx_word' id='word_1_462' title='bbox 2494 2611 2605 2650; x_wconf 89' lang='lat' dir='ltr'>non</span> <span class='ocrx_word' id='word_1_463' title='bbox 2637 2611 2728 2650; x_wconf 89' lang='lat' dir='ltr'>res</span> <span class='ocrx_word' id='word_1_464' title='bbox 2760 2595 2906 2664; x_wconf 89' lang='lat' dir='ltr'>ipsas</span> <span class='ocrx_word' id='word_1_465' title='bbox 2936 2584 3237 2649; x_wconf 84' lang='lat' dir='ltr'>secundum</span> <span class='ocrx_word' id='word_1_466' title='bbox 3269 2590 3505 2662; x_wconf 85' lang='lat' dir='ltr'>speciem</span> 
     </span>
    </p>
   </div>
   <div class='ocr_carea' id='block_1_71' title="bbox 1919 2683 3508 2755">
    <p class='ocr_par' dir='ltr' id='par_1_71' title="bbox 1919 2683 3508 2755">
     <span class='ocr_line' id='line_1_71' title="bbox 1919 2683 3508 2755; baseline -0.001 -15"><span class='ocrx_word' id='word_1_467' title='bbox 1919 2703 2049 2742; x_wconf 87' lang='lat' dir='ltr'>vere</span> <span class='ocrx_word' id='word_1_468' title='bbox 2083 2689 2436 2753; x_wconf 81' lang='lat' dir='ltr'>exsistentes,</span> <span class='ocrx_word' id='word_1_469' title='bbox 2469 2687 2681 2743; x_wconf 90' lang='lat' dir='ltr'>habens</span> <span class='ocrx_word' id='word_1_470' title='bbox 2715 2705 2727 2740; x_wconf 94' lang='lat'>:</span> <span class='ocrx_word' id='word_1_471' title='bbox 2767 2686 3056 2754; x_wconf 86' lang='lat' dir='ltr'>omnisque</span> <span class='ocrx_word' id='word_1_472' title='bbox 3089 2683 3375 2755; x_wconf 70' lang='lat' dir='ltr'>praesentis</span> <span class='ocrx_word' id='word_1_473' title='bbox 3404 2683 3508 2739; x_wconf 82' lang='lat' dir='ltr'>aevi</span> 
     </span>
    </p>
   </div>
   <div class='ocr_carea' id='block_1_72' title="bbox 1919 2773 3505 2843">
    <p class='ocr_par' dir='ltr' id='par_1_72' title="bbox 1919 2773 3505 2843">
     <span class='ocr_line' id='line_1_72' title="bbox 1919 2773 3505 2843; baseline -0.005 -8"><span class='ocrx_word' id='word_1_474' title='bbox 1919 2780 2243 2836; x_wconf 88' lang='lat' dir='ltr'>sublimium</span> <span class='ocrx_word' id='word_1_475' title='bbox 2288 2795 2476 2834; x_wconf 90' lang='lat' dir='ltr'>rerum</span> <span class='ocrx_word' id='word_1_476' title='bbox 2524 2778 2792 2843; x_wconf 88' lang='lat' dir='ltr'>scientia,</span> <span class='ocrx_word' id='word_1_477' title='bbox 2837 2776 2882 2833; x_wconf 93' lang='lat' dir='ltr'>si</span> <span class='ocrx_word' id='word_1_478' title='bbox 2931 2791 3057 2830; x_wconf 90' lang='lat' dir='ltr'>cum</span> <span class='ocrx_word' id='word_1_479' title='bbox 3106 2789 3172 2830; x_wconf 87' lang='lat' dir='ltr'>ea</span> <span class='ocrx_word' id='word_1_480' title='bbox 3217 2773 3505 2837; x_wconf 84' lang='lat' dir='ltr'>conferas,</span> 
     </span>
    </p>
   </div>
   <div class='ocr_carea' id='block_1_73' title="bbox 1918 2867 3510 2944">
    <p class='ocr_par' dir='ltr' id='par_1_73' title="bbox 1918 2867 3510 2944">
     <span class='ocr_line' id='line_1_73' title="bbox 1918 2867 3510 2944; baseline -0.004 -16"><span class='ocrx_word' id='word_1_481' title='bbox 1918 2889 2041 2944; x_wconf 80' lang='lat' dir='ltr'>qua:</span> <span class='ocrx_word' id='word_1_482' title='bbox 2073 2873 2260 2928; x_wconf 82' lang='lat' dir='ltr'>futura</span> <span class='ocrx_word' id='word_1_483' title='bbox 2293 2880 2664 2942; x_wconf 78' lang='lat' dir='ltr'>exspectatur,</span> <span class='ocrx_word' id='word_1_484' title='bbox 2696 2872 2928 2941; x_wconf 63' lang='lat' dir='ltr'>aenigma</span> <span class='ocrx_word' id='word_1_485' title='bbox 2961 2878 3064 2936; x_wconf 90' lang='lat' dir='ltr'>est,</span> <span class='ocrx_word' id='word_1_486' title='bbox 3089 2869 3341 2924; x_wconf 86' lang='lat' dir='ltr'>veritatis</span> <span class='ocrx_word' id='word_1_487' title='bbox 3366 2867 3510 2923; x_wconf 81' lang='lat' dir='ltr'>exile</span> 
     </span>
    </p>
   </div>
   <div class='ocr_carea' id='block_1_74' title="bbox 1920 2959 3510 3032">
    <p class='ocr_par' dir='ltr' id='par_1_74' title="bbox 1920 2959 3510 3032">
     <span class='ocr_line' id='line_1_74' title="bbox 1920 2959 3510 3032; baseline -0.002 -15"><span class='ocrx_word' id='word_1_488' title='bbox 1920 2962 2304 3027; x_wconf 85' lang='lat' dir='ltr'>simulacrum,</span> <span class='ocrx_word' id='word_1_489' title='bbox 2335 2979 2446 3018; x_wconf 88' lang='lat' dir='ltr'>non</span> <span class='ocrx_word' id='word_1_490' title='bbox 2485 2962 2659 3032; x_wconf 87' lang='lat' dir='ltr'>ipsam</span> <span class='ocrx_word' id='word_1_491' title='bbox 2688 2977 2810 3031; x_wconf 74' lang='lat' dir='ltr'>quae</span> <span class='ocrx_word' id='word_1_492' title='bbox 2842 2959 3238 3015; x_wconf 89' lang='lat' dir='ltr'>manit&#39;estanda</span> <span class='ocrx_word' id='word_1_493' title='bbox 3269 2967 3356 3016; x_wconf 89' lang='lat' dir='ltr'>est</span> <span class='ocrx_word' id='word_1_494' title='bbox 3381 2973 3510 3014; x_wconf 85' lang='lat' dir='ltr'>vere</span> 
     </span>
    </p>
   </div>
   <div class='ocr_carea' id='block_1_75' title="bbox 1919 3052 3134 3124">
    <p class='ocr_par' dir='ltr' id='par_1_75' title="bbox 1919 3052 3134 3124">
     <span class='ocr_line' id='line_1_75' title="bbox 1919 3052 3134 3124; baseline -0.002 -16"><span class='ocrx_word' id='word_1_495' title='bbox 1919 3055 2276 3109; x_wconf 82' lang='lat' dir='ltr'>exsistentem</span> <span class='ocrx_word' id='word_1_496' title='bbox 2305 3062 2362 3110; x_wconf 92' lang='lat' dir='ltr'>et</span> <span class='ocrx_word' id='word_1_497' title='bbox 2387 3054 2563 3124; x_wconf 89' lang='lat' dir='ltr'>ipsam</span> <span class='ocrx_word' id='word_1_498' title='bbox 2586 3054 2876 3108; x_wconf 89' lang='lat' dir='ltr'>veritatem</span> <span class='ocrx_word' id='word_1_499' title='bbox 2904 3052 3134 3106; x_wconf 85' lang='lat' dir='ltr'>habens.</span> 
     </span>
    </p>
   </div>
   <div class='ocr_carea' id='block_1_76' title="bbox 1847 3143 3505 3225">
    <p class='ocr_par' dir='ltr' id='par_1_76' title="bbox 1847 3143 3505 3225">
     <span class='ocr_line' id='line_1_76' title="bbox 1847 3143 3505 3225; baseline -0.002 -25"><span class='ocrx_word' id='word_1_500' title='bbox 1847 3165 1892 3225; x_wconf 69' lang='grc' dir='ltr'>ο</span> <span class='ocrx_word' id='word_1_501' title='bbox 1993 3145 2081 3200; x_wconf 68' lang='grc'>48.</span> <span class='ocrx_word' id='word_1_502' title='bbox 2113 3145 2251 3202; x_wconf 89' lang='lat' dir='ltr'>Cum</span> <span class='ocrx_word' id='word_1_503' title='bbox 2291 3161 2378 3201; x_wconf 90' lang='lat' dir='ltr'>res</span> <span class='ocrx_word' id='word_1_504' title='bbox 2411 3145 2632 3212; x_wconf 69' lang='lat' dir='ltr'>divinae,</span> <span class='ocrx_word' id='word_1_505' title='bbox 2661 3145 2866 3201; x_wconf 91' lang='lat' dir='ltr'>virtute</span> <span class='ocrx_word' id='word_1_506' title='bbox 2902 3151 2959 3200; x_wconf 91' lang='lat' dir='ltr'>et</span> <span class='ocrx_word' id='word_1_507' title='bbox 2992 3143 3224 3225; x_wconf 80' lang='lat' dir='ltr'>scientia</span> <span class='ocrx_word' id='word_1_508' title='bbox 3255 3156 3505 3212; x_wconf 83' lang='lat' dir='ltr'>compre-</span> 
     </span>
    </p>
   </div>
   <div class='ocr_carea' id='block_1_77' title="bbox 1924 3235 3504 3308">
    <p class='ocr_par' dir='ltr' id='par_1_77' title="bbox 1924 3235 3504 3308">
     <span class='ocr_line' id='line_1_77' title="bbox 1924 3235 3504 3308; baseline -0.003 -16"><span class='ocrx_word' id='word_1_509' title='bbox 1924 3237 2275 3303; x_wconf 89' lang='lat' dir='ltr'>hendantur,</span> <span class='ocrx_word' id='word_1_510' title='bbox 2311 3239 2631 3308; x_wconf 82' lang='lat' dir='ltr'>speculum,</span> <span class='ocrx_word' id='word_1_511' title='bbox 2663 3237 2885 3294; x_wconf 88' lang='lat' dir='ltr'>virtutis</span> <span class='ocrx_word' id='word_1_512' title='bbox 2928 3237 3208 3308; x_wconf 88' lang='lat' dir='ltr'>primitiva</span> <span class='ocrx_word' id='word_1_513' title='bbox 3249 3243 3310 3290; x_wconf 89' lang='lat' dir='ltr'>ut</span> <span class='ocrx_word' id='word_1_514' title='bbox 3350 3235 3504 3289; x_wconf 81' lang='lat' dir='ltr'>exhi-</span> 
     </span>
    </p>
   </div>
   <div class='ocr_carea' id='block_1_78' title="bbox 1921 3327 3512 3401">
    <p class='ocr_par' dir='ltr' id='par_1_78' title="bbox 1921 3327 3512 3401">
     <span class='ocr_line' id='line_1_78' title="bbox 1921 3327 3512 3401; baseline -0.002 -17"><span class='ocrx_word' id='word_1_515' title='bbox 1921 3330 2071 3395; x_wconf 85' lang='lat' dir='ltr'>beat,</span> <span class='ocrx_word' id='word_1_516' title='bbox 2099 3340 2478 3400; x_wconf 88' lang='lat' dir='ltr'>comparatum</span> <span class='ocrx_word' id='word_1_517' title='bbox 2507 3330 2702 3396; x_wconf 88' lang='lat' dir='ltr'>habet;</span> <span class='ocrx_word' id='word_1_518' title='bbox 2731 3329 2962 3401; x_wconf 57' lang='lat' dir='ltr'>aenigma</span> <span class='ocrx_word' id='word_1_519' title='bbox 2992 3344 3146 3394; x_wconf 87' lang='lat' dir='ltr'>vero,</span> <span class='ocrx_word' id='word_1_520' title='bbox 3176 3337 3236 3384; x_wconf 90' lang='lat' dir='ltr'>ut</span> <span class='ocrx_word' id='word_1_521' title='bbox 3266 3327 3512 3383; x_wconf 72' lang='lat' dir='ltr'>scientia:</span> 
     </span>
    </p>
   </div>
   <div class='ocr_carea' id='block_1_79' title="bbox 1919 3421 3296 3492">
    <p class='ocr_par' dir='ltr' id='par_1_79' title="bbox 1919 3421 3296 3492">
     <span class='ocr_line' id='line_1_79' title="bbox 1919 3421 3296 3492; baseline 0 -18"><span class='ocrx_word' id='word_1_522' title='bbox 1919 3421 2203 3492; x_wconf 88' lang='lat' dir='ltr'>principes</span> <span class='ocrx_word' id='word_1_523' title='bbox 2226 3422 2431 3478; x_wconf 80' lang='lat' dir='ltr'>formas</span> <span class='ocrx_word' id='word_1_524' title='bbox 2457 3437 2522 3478; x_wconf 91' lang='lat' dir='ltr'>ac</span> <span class='ocrx_word' id='word_1_525' title='bbox 2547 3423 2884 3492; x_wconf 84' lang='lat' dir='ltr'>exemplaria</span> <span class='ocrx_word' id='word_1_526' title='bbox 2917 3429 3296 3492; x_wconf 65' lang='lat' dir='ltr'>reprmsentet.</span> 
     </span>
    </p>
   </div>
   <div class='ocr_carea' id='block_1_80' title="bbox 1991 3511 3512 3586">
    <p class='ocr_par' dir='ltr' id='par_1_80' title="bbox 1991 3511 3512 3586">
     <span class='ocr_line' id='line_1_80' title="bbox 1991 3511 3512 3586; baseline -0.004 -17"><span class='ocrx_word' id='word_1_527' title='bbox 1991 3514 2081 3569; x_wconf 69' lang='lat'>49.</span> <span class='ocrx_word' id='word_1_528' title='bbox 2107 3513 2210 3580; x_wconf 85' lang='lat' dir='ltr'>Qui</span> <span class='ocrx_word' id='word_1_529' title='bbox 2245 3531 2344 3586; x_wconf 89' lang='lat' dir='ltr'>per</span> <span class='ocrx_word' id='word_1_530' title='bbox 2371 3515 2646 3570; x_wconf 90' lang='lat' dir='ltr'>actionem</span> <span class='ocrx_word' id='word_1_531' title='bbox 2674 3515 2787 3569; x_wconf 89' lang='lat' dir='ltr'>Deo</span> <span class='ocrx_word' id='word_1_532' title='bbox 2819 3528 3044 3583; x_wconf 87' lang='lat' dir='ltr'>operam</span> <span class='ocrx_word' id='word_1_533' title='bbox 3074 3511 3350 3582; x_wconf 86' lang='lat' dir='ltr'>probavit,</span> <span class='ocrx_word' id='word_1_534' title='bbox 3379 3525 3512 3564; x_wconf 82' lang='lat' dir='ltr'>con—</span> 
     </span>
    </p>
   </div>
   <div class='ocr_carea' id='block_1_81' title="bbox 1921 3603 3503 3678">
    <p class='ocr_par' dir='ltr' id='par_1_81' title="bbox 1921 3603 3503 3678">
     <span class='ocr_line' id='line_1_81' title="bbox 1921 3603 3503 3678; baseline -0.004 -16"><span class='ocrx_word' id='word_1_535' title='bbox 1921 3606 2295 3678; x_wconf 81' lang='lat' dir='ltr'>templationis</span> <span class='ocrx_word' id='word_1_536' title='bbox 2327 3606 2482 3662; x_wconf 89' lang='lat' dir='ltr'>cultu</span> <span class='ocrx_word' id='word_1_537' title='bbox 2511 3606 2580 3662; x_wconf 89' lang='lat' dir='ltr'>ad</span> <span class='ocrx_word' id='word_1_538' title='bbox 2612 3621 2807 3661; x_wconf 84' lang='lat' dir='ltr'>eorum</span> <span class='ocrx_word' id='word_1_539' title='bbox 2833 3620 2956 3675; x_wconf 85' lang='lat' dir='ltr'>quae</span> <span class='ocrx_word' id='word_1_540' title='bbox 2979 3613 3162 3659; x_wconf 88' lang='lat' dir='ltr'>mente</span> <span class='ocrx_word' id='word_1_541' title='bbox 3191 3603 3503 3673; x_wconf 85' lang='lat' dir='ltr'>intelligun-</span> 
     </span>
    </p>
   </div>
   <div class='ocr_carea' id='block_1_82' title="bbox 1923 3695 3510 3768">
    <p class='ocr_par' dir='ltr' id='par_1_82' title="bbox 1923 3695 3510 3768">
     <span class='ocr_line' id='line_1_82' title="bbox 1923 3695 3510 3768; baseline -0.003 -17"><span class='ocrx_word' id='word_1_542' title='bbox 1923 3705 2011 3752; x_wconf 90' lang='lat' dir='ltr'>tur</span> <span class='ocrx_word' id='word_1_543' title='bbox 2050 3697 2362 3768; x_wconf 81' lang='lat' dir='ltr'>regionem,</span> <span class='ocrx_word' id='word_1_544' title='bbox 2399 3698 2591 3768; x_wconf 89' lang='lat' dir='ltr'>utique</span> <span class='ocrx_word' id='word_1_545' title='bbox 2635 3697 2882 3752; x_wconf 89' lang='lat' dir='ltr'>animum</span> <span class='ocrx_word' id='word_1_546' title='bbox 2929 3696 3170 3752; x_wconf 76' lang='lat' dir='ltr'>traducit</span> <span class='ocrx_word' id='word_1_547' title='bbox 3189 3695 3256 3762; x_wconf 78' lang='lat'>&quot;,</span> <span class='ocrx_word' id='word_1_548' title='bbox 3293 3710 3363 3750; x_wconf 89' lang='lat' dir='ltr'>ne</span> <span class='ocrx_word' id='word_1_549' title='bbox 3402 3709 3510 3764; x_wconf 87' lang='lat' dir='ltr'>qua</span> 
     </span>
    </p>
   </div>
   <div class='ocr_carea' id='block_1_83' title="bbox 1922 3786 3512 3859">
    <p class='ocr_par' dir='ltr' id='par_1_83' title="bbox 1922 3786 3512 3859">
     <span class='ocr_line' id='line_1_83' title="bbox 1922 3786 3512 3859; baseline -0.001 -16"><span class='ocrx_word' id='word_1_550' title='bbox 1922 3787 2276 3859; x_wconf 58' lang='lat'>555-546</span> <span class='ocrx_word' id='word_1_551' title='bbox 2300 3788 2655 3857; x_wconf 80' lang='lat' dir='ltr'>cogitatione,</span> <span class='ocrx_word' id='word_1_552' title='bbox 2680 3796 2913 3844; x_wconf 82' lang='lat' dir='ltr'>mortem</span> <span class='ocrx_word' id='word_1_553' title='bbox 2943 3788 2997 3841; x_wconf 91' lang='lat' dir='ltr'>iu</span> <span class='ocrx_word' id='word_1_554' title='bbox 3025 3788 3312 3844; x_wconf 82' lang='lat' dir='ltr'>aﬁectibus</span> <span class='ocrx_word' id='word_1_555' title='bbox 3334 3786 3512 3841; x_wconf 89' lang='lat' dir='ltr'>vitiis-</span> 
     </span>
    </p>
   </div>
   <div class='ocr_carea' id='block_1_84' title="bbox 1921 3879 3508 3949">
    <p class='ocr_par' dir='ltr' id='par_1_84' title="bbox 1921 3879 3508 3949">
     <span class='ocr_line' id='line_1_84' title="bbox 1921 3879 3508 3949; baseline 0 -16"><span class='ocrx_word' id='word_1_556' title='bbox 1921 3895 2030 3949; x_wconf 92' lang='lat' dir='ltr'>que</span> <span class='ocrx_word' id='word_1_557' title='bbox 2057 3879 2316 3949; x_wconf 90' lang='lat' dir='ltr'>positam,</span> <span class='ocrx_word' id='word_1_558' title='bbox 2341 3894 2507 3934; x_wconf 86' lang='lat' dir='ltr'>sensu</span> <span class='ocrx_word' id='word_1_559' title='bbox 2533 3879 2721 3934; x_wconf 75' lang='lat' dir='ltr'>videat</span> <span class='ocrx_word' id='word_1_560' title='bbox 2746 3897 2759 3932; x_wconf 92' lang='lat'>:</span> <span class='ocrx_word' id='word_1_561' title='bbox 2788 3895 2952 3948; x_wconf 80' lang='lat' dir='ltr'>quem</span> <span class='ocrx_word' id='word_1_562' title='bbox 2981 3879 3266 3945; x_wconf 89' lang='lat' dir='ltr'>nimirum,</span> <span class='ocrx_word' id='word_1_563' title='bbox 3293 3894 3508 3944; x_wconf 83' lang='lat' dir='ltr'>eorum,</span> 
     </span>
    </p>
   </div>
   <div class='ocr_carea' id='block_1_85' title="bbox 1921 3967 3119 4037">
    <p class='ocr_par' dir='ltr' id='par_1_85' title="bbox 1921 3967 3119 4037">
     <span class='ocr_line' id='line_1_85' title="bbox 1921 3967 3119 4037; baseline 0 -17"><span class='ocrx_word' id='word_1_564' title='bbox 1921 3982 2042 4037; x_wconf 70' lang='lat' dir='ltr'>quas</span> <span class='ocrx_word' id='word_1_565' title='bbox 2071 3967 2386 4036; x_wconf 89' lang='lat' dir='ltr'>mancipare</span> <span class='ocrx_word' id='word_1_566' title='bbox 2411 3967 2614 4031; x_wconf 84' lang='lat' dir='ltr'>velint,</span> <span class='ocrx_word' id='word_1_567' title='bbox 2637 3969 2788 4023; x_wconf 87' lang='lat' dir='ltr'>nulla</span> <span class='ocrx_word' id='word_1_568' title='bbox 2818 3967 3119 4022; x_wconf 85' lang='lat' dir='ltr'>inveniant.</span> 
     </span>
    </p>
   </div>
   <div class='ocr_carea' id='block_1_86' title="bbox 1991 4056 3509 4124">
    <p class='ocr_par' dir='ltr' id='par_1_86' title="bbox 1991 4056 3509 4124">
     <span class='ocr_line' id='line_1_86' title="bbox 1991 4056 3509 4124; baseline 0 -12"><span class='ocrx_word' id='word_1_569' title='bbox 1991 4056 2080 4112; x_wconf 83' lang='lat'>50.</span> <span class='ocrx_word' id='word_1_570' title='bbox 2119 4056 2223 4124; x_wconf 82' lang='lat' dir='ltr'>Qui</span> <span class='ocrx_word' id='word_1_571' title='bbox 2264 4057 2472 4114; x_wconf 90' lang='lat' dir='ltr'>mundo</span> <span class='ocrx_word' id='word_1_572' title='bbox 2513 4057 2641 4114; x_wconf 87' lang='lat' dir='ltr'>ﬁdei</span> <span class='ocrx_word' id='word_1_573' title='bbox 2683 4058 2846 4114; x_wconf 88' lang='lat' dir='ltr'>oculo</span> <span class='ocrx_word' id='word_1_574' title='bbox 2885 4057 3197 4113; x_wconf 82' lang='lat' dir='ltr'>futurorum</span> <span class='ocrx_word' id='word_1_575' title='bbox 3237 4057 3509 4112; x_wconf 90' lang='lat' dir='ltr'>bonorum</span> 
     </span>
    </p>
   </div>
   <div class='ocr_carea' id='block_1_87' title="bbox 1921 4149 3508 4222">
    <p class='ocr_par' dir='ltr' id='par_1_87' title="bbox 1921 4149 3508 4222">
     <span class='ocr_line' id='line_1_87' title="bbox 1921 4149 3508 4222; baseline 0 -18"><span class='ocrx_word' id='word_1_576' title='bbox 1921 4149 2251 4221; x_wconf 83' lang='lat' dir='ltr'>elegantiam</span> <span class='ocrx_word' id='word_1_577' title='bbox 2279 4150 2512 4221; x_wconf 81' lang='lat' dir='ltr'>aspexit,</span> <span class='ocrx_word' id='word_1_578' title='bbox 2537 4161 2600 4208; x_wconf 92' lang='lat' dir='ltr'>ut</span> <span class='ocrx_word' id='word_1_579' title='bbox 2620 4149 2778 4222; x_wconf 83' lang='lat' dir='ltr'>quasi</span> <span class='ocrx_word' id='word_1_580' title='bbox 2807 4151 2876 4206; x_wconf 91' lang='lat' dir='ltr'>de</span> <span class='ocrx_word' id='word_1_581' title='bbox 2905 4161 3052 4206; x_wconf 87' lang='lat' dir='ltr'>terra</span> <span class='ocrx_word' id='word_1_582' title='bbox 3075 4163 3133 4206; x_wconf 83' lang='lat' dir='ltr'>et</span> <span class='ocrx_word' id='word_1_583' title='bbox 3162 4149 3508 4222; x_wconf 84' lang='lat' dir='ltr'>cognatione,</span> 
     </span>
    </p>
   </div>
   <div class='ocr_carea' id='block_1_88' title="bbox 1923 4240 3510 4313">
    <p class='ocr_par' dir='ltr' id='par_1_88' title="bbox 1923 4240 3510 4313">
     <span class='ocr_line' id='line_1_88' title="bbox 1923 4240 3510 4313; baseline -0.002 -15"><span class='ocrx_word' id='word_1_584' title='bbox 1923 4241 2102 4313; x_wconf 86' lang='lat' dir='ltr'>deque</span> <span class='ocrx_word' id='word_1_585' title='bbox 2151 4251 2382 4313; x_wconf 87' lang='lat' dir='ltr'>paterna</span> <span class='ocrx_word' id='word_1_586' title='bbox 2429 4244 2594 4300; x_wconf 91' lang='lat' dir='ltr'>domo</span> <span class='ocrx_word' id='word_1_587' title='bbox 2636 4251 2796 4300; x_wconf 84' lang='lat' dir='ltr'>exeat</span> <span class='ocrx_word' id='word_1_588' title='bbox 2823 4243 2888 4307; x_wconf 80' lang='grc'>⁵⁵,</span> <span class='ocrx_word' id='word_1_589' title='bbox 2926 4251 3182 4312; x_wconf 90' lang='lat' dir='ltr'>prompto</span> <span class='ocrx_word' id='word_1_590' title='bbox 3216 4240 3510 4310; x_wconf 80' lang='lat' dir='ltr'>.alacrique</span> 
     </span>
    </p>
   </div>
   <div class='ocr_carea' id='block_1_89' title="bbox 1925 4335 3509 4403">
    <p class='ocr_par' dir='ltr' id='par_1_89' title="bbox 1925 4335 3509 4403">
     <span class='ocr_line' id='line_1_89' title="bbox 1925 4335 3509 4403; baseline -0.003 -11"><span class='ocrx_word' id='word_1_591' title='bbox 1925 4335 2110 4392; x_wconf 85' lang='lat' dir='ltr'>animo</span> <span class='ocrx_word' id='word_1_592' title='bbox 2143 4335 2403 4401; x_wconf 88' lang='lat' dir='ltr'>obaudit;</span> <span class='ocrx_word' id='word_1_593' title='bbox 2439 4335 2590 4390; x_wconf 91' lang='lat' dir='ltr'>omni</span> <span class='ocrx_word' id='word_1_594' title='bbox 2624 4336 2690 4390; x_wconf 91' lang='lat' dir='ltr'>ad</span> <span class='ocrx_word' id='word_1_595' title='bbox 2728 4350 2950 4390; x_wconf 89' lang='lat' dir='ltr'>carnem</span> <span class='ocrx_word' id='word_1_596' title='bbox 2985 4348 3319 4403; x_wconf 85' lang='lat' dir='ltr'>sensumque</span> <span class='ocrx_word' id='word_1_597' title='bbox 3353 4347 3417 4388; x_wconf 90' lang='lat' dir='ltr'>ac</span> <span class='ocrx_word' id='word_1_598' title='bbox 3445 4347 3509 4388; x_wconf 86' lang='lat' dir='ltr'>ea</span> 
     </span>
    </p>
   </div>
   <div class='ocr_carea' id='block_1_90' title="bbox 1924 4422 3505 4494">
    <p class='ocr_par' dir='ltr' id='par_1_90' title="bbox 1924 4422 3505 4494">
     <span class='ocr_line' id='line_1_90' title="bbox 1924 4422 3505 4494; baseline -0.003 -14"><span class='ocrx_word' id='word_1_599' title='bbox 1924 4440 2048 4494; x_wconf 64' lang='lat' dir='ltr'>qutc</span> <span class='ocrx_word' id='word_1_600' title='bbox 2081 4440 2308 4480; x_wconf 89' lang='lat' dir='ltr'>sensum</span> <span class='ocrx_word' id='word_1_601' title='bbox 2343 4434 2588 4491; x_wconf 88' lang='lat' dir='ltr'>movent,</span> <span class='ocrx_word' id='word_1_602' title='bbox 2616 4425 2908 4480; x_wconf 83' lang='lat' dir='ltr'>aﬁ‘ectione</span> <span class='ocrx_word' id='word_1_603' title='bbox 2939 4441 3003 4480; x_wconf 84' lang='lat' dir='ltr'>ac</span> <span class='ocrx_word' id='word_1_604' title='bbox 3031 4424 3259 4485; x_wconf 84' lang='lat' dir='ltr'>libidine</span> <span class='ocrx_word' id='word_1_605' title='bbox 3285 4422 3505 4489; x_wconf 86' lang='lat' dir='ltr'>relicta;</span> 
     </span>
    </p>
   </div>
   <div class='ocr_carea' id='block_1_91' title="bbox 233 4503 1817 4589">
    <p class='ocr_par' dir='ltr' id='par_1_91' title="bbox 233 4503 1816 4584">
     <span class='ocr_line' id='line_1_91' title="bbox 233 4503 1816 4584; baseline 0.006 -27"><span class='ocrx_word' id='word_1_606' title='bbox 233 4505 550 4577; x_wconf 85' lang='grc' dir='ltr'>πειρασμοῦ</span> <span class='ocrx_word' id='word_1_607' title='bbox 582 4506 676 4559; x_wconf 73' lang='grc' dir='ltr'>καὶ</span> <span class='ocrx_word' id='word_1_608' title='bbox 710 4503 938 4575; x_wconf 84' lang='grc' dir='ltr'>ἀγώνων</span> <span class='ocrx_word' id='word_1_609' title='bbox 963 4505 1301 4580; x_wconf 65' lang='grc' dir='ltr'>ὑψηλότερος</span> <span class='ocrx_word' id='word_1_610' title='bbox 1331 4507 1428 4574; x_wconf 86' lang='grc' dir='ltr'>ὢν,</span> <span class='ocrx_word' id='word_1_611' title='bbox 1465 4513 1816 4584; x_wconf 80' lang='grc' dir='ltr'>προτιμήσας</span> 
     </span>
    </p>
   </div>
   <div class='ocr_carea' id='block_1_92' title="bbox 1929 4503 3506 4589">
    <p class='ocr_par' dir='ltr' id='par_1_92' title="bbox 1929 4516 3506 4589">
     <span class='ocr_line' id='line_1_92' title="bbox 1929 4516 3506 4589; baseline 0.001 -18"><span class='ocrx_word' id='word_1_612' title='bbox 1929 4524 2266 4589; x_wconf 87' lang='lat' dir='ltr'>naturaque,</span> <span class='ocrx_word' id='word_1_613' title='bbox 2299 4517 2524 4574; x_wconf 88' lang='lat' dir='ltr'>interim</span> <span class='ocrx_word' id='word_1_614' title='bbox 2562 4519 2693 4574; x_wconf 87' lang='lat' dir='ltr'>dum</span> <span class='ocrx_word' id='word_1_615' title='bbox 2735 4519 3072 4576; x_wconf 82' lang='lat' dir='ltr'>tentationcs</span> <span class='ocrx_word' id='word_1_616' title='bbox 3109 4534 3174 4574; x_wconf 88' lang='lat' dir='ltr'>ac</span> <span class='ocrx_word' id='word_1_617' title='bbox 3208 4516 3506 4572; x_wconf 86' lang='lat' dir='ltr'>certamina</span> 
     </span>
    </p>
   </div>
   <div class='ocr_carea' id='block_1_93' title="bbox 309 4661 1642 4731">
    <p class='ocr_par' dir='ltr' id='par_1_93' title="bbox 309 4661 1642 4731">
     <span class='ocr_line' id='line_1_93' title="bbox 309 4661 1642 4731; baseline 0.001 -12"><span class='ocrx_word' id='word_1_618' title='bbox 309 4661 358 4694; x_wconf 80' lang='lat'><strong>“</strong></span> <span class='ocrx_word' id='word_1_619' title='bbox 381 4662 518 4719; x_wconf 81' lang='lat' dir='ltr'>Gen.</span> <span class='ocrx_word' id='word_1_620' title='bbox 550 4677 607 4731; x_wconf 79' lang='grc' dir='ltr'>ν,</span> <span class='ocrx_word' id='word_1_621' title='bbox 636 4661 742 4729; x_wconf 72' lang='lat'><strong>24;</strong></span> <span class='ocrx_word' id='word_1_622' title='bbox 777 4661 950 4718; x_wconf 84' lang='lat' dir='ltr'>Hebr.</span> <span class='ocrx_word' id='word_1_623' title='bbox 979 4677 1055 4727; x_wconf 78' lang='lat' dir='ltr'>xi,</span> <span class='ocrx_word' id='word_1_624' title='bbox 1084 4662 1137 4718; x_wconf 88' lang='lat'>5.</span> <span class='ocrx_word' id='word_1_625' title='bbox 1216 4663 1262 4695; x_wconf 82' lang='lat'>”</span> <span class='ocrx_word' id='word_1_626' title='bbox 1295 4662 1433 4719; x_wconf 85' lang='lat' dir='ltr'>Gen.</span> <span class='ocrx_word' id='word_1_627' title='bbox 1459 4680 1554 4730; x_wconf 71' lang='grc' dir='ltr'>χιι,</span> <span class='ocrx_word' id='word_1_628' title='bbox 1591 4667 1642 4722; x_wconf 83' lang='lat' dir='ltr'>l.</span> 
     </span>
    </p>
   </div>
   <div class='ocr_carea' id='block_1_94' title="bbox 308 4794 1364 4864">
    <p class='ocr_par' dir='ltr' id='par_1_94' title="bbox 308 4794 1364 4864">
     <span class='ocr_line' id='line_1_94' title="bbox 308 4794 1364 4864; baseline -0.003 -12"><span class='ocrx_word' id='word_1_629' title='bbox 308 4801 346 4819; x_wconf 85' lang='lat'>&quot;</span> <span class='ocrx_word' id='word_1_630' title='bbox 375 4795 554 4860; x_wconf 83' lang='lat' dir='ltr'>Edita,</span> <span class='ocrx_word' id='word_1_631' title='bbox 579 4794 858 4863; x_wconf 82' lang='grc' dir='ltr'>γνώσεως.</span> <span class='ocrx_word' id='word_1_632' title='bbox 887 4794 1071 4850; x_wconf 80' lang='lat' dir='ltr'>Malim</span> <span class='ocrx_word' id='word_1_633' title='bbox 1101 4794 1364 4864; x_wconf 79' lang='grc' dir='ltr'>σχέσεως.</span> 
     </span>
    </p>
   </div>
   <div class='ocr_carea' id='block_1_95' title="bbox 311 4863 2165 4947">
    <p class='ocr_par' dir='ltr' id='par_1_95' title="bbox 311 4863 2165 4947">
     <span class='ocr_line' id='line_1_95' title="bbox 311 4863 2165 4947; baseline 0.003 -23"><span class='ocrx_word' id='word_1_634' title='bbox 311 4870 326 4887; x_wconf 87' lang='grc'><strong><em>⁸</em></strong></span> <span class='ocrx_word' id='word_1_635' title='bbox 357 4865 438 4924; x_wconf 87' lang='lat' dir='ltr'>Cl‘.</span> <span class='ocrx_word' id='word_1_636' title='bbox 475 4867 545 4924; x_wconf 88' lang='lat' dir='ltr'>ad</span> <span class='ocrx_word' id='word_1_637' title='bbox 592 4867 841 4923; x_wconf 86' lang='lat' dir='ltr'>Thalass.</span> <span class='ocrx_word' id='word_1_638' title='bbox 872 4882 927 4938; x_wconf 92' lang='lat' dir='ltr'>q.</span> <span class='ocrx_word' id='word_1_639' title='bbox 977 4866 1068 4932; x_wconf 74' lang='grc'>47,</span> <span class='ocrx_word' id='word_1_640' title='bbox 1117 4863 1214 4920; x_wconf 87' lang='lat' dir='ltr'>ubi</span> <span class='ocrx_word' id='word_1_641' title='bbox 1261 4863 1376 4920; x_wconf 81' lang='lat' dir='ltr'>fere</span> <span class='ocrx_word' id='word_1_642' title='bbox 1409 4880 1530 4938; x_wconf 82' lang='lat' dir='ltr'>seq.</span> <span class='ocrx_word' id='word_1_643' title='bbox 1563 4866 1653 4924; x_wconf 87' lang='lat' dir='ltr'>ad.</span> <span class='ocrx_word' id='word_1_644' title='bbox 1702 4886 1825 4944; x_wconf 83' lang='lat' dir='ltr'>cap.</span> <span class='ocrx_word' id='word_1_645' title='bbox 1869 4889 2042 4947; x_wconf 87' lang='lat' dir='ltr'>usque</span> <span class='ocrx_word' id='word_1_646' title='bbox 2077 4876 2165 4934; x_wconf 68' lang='lat'>49.</span> 
     </span>
    </p>
   </div>
   <div class='ocr_carea' id='block_1_96' title="bbox 335 5005 1817 5082">
    <p class='ocr_par' dir='ltr' id='par_1_96' title="bbox 335 5005 1817 5082">
     <span class='ocr_line' id='line_1_96' title="bbox 335 5005 1817 5082; baseline 0 -15"><span class='ocrx_word' id='word_1_647' title='bbox 335 5009 391 5082; x_wconf 78' lang='lat' dir='ltr'>g)_</span> <span class='ocrx_word' id='word_1_648' title='bbox 418 5007 525 5082; x_wconf 24' lang='grc' dir='ltr'>--Τὸ</span> <span class='ocrx_word' id='word_1_649' title='bbox 572 5007 915 5082; x_wconf 33' lang='grc' dir='ltr'>στῃθύνιον.</span> <span class='ocrx_word' id='word_1_650' title='bbox 963 5007 1083 5082; x_wconf 59' lang='grc' dir='ltr'>*τοῦ⁸</span> <span class='ocrx_word' id='word_1_651' title='bbox 1109 5005 1484 5082; x_wconf 66' lang='grc' dir='ltr'>ἐπιθέματος.</span> <span class='ocrx_word' id='word_1_652' title='bbox 1524 5009 1684 5082; x_wconf 71' lang='lat' dir='ltr'>Vulg.</span> <span class='ocrx_word' id='word_1_653' title='bbox 1735 5014 1817 5069; x_wconf 89' lang='lat' dir='ltr'>uti</span> 
     </span>
    </p>
   </div>
   <div class='ocr_carea' id='block_1_97' title="bbox 233 5076 1816 5153">
    <p class='ocr_par' dir='ltr' id='par_1_97' title="bbox 233 5076 1816 5153">
     <span class='ocr_line' id='line_1_97' title="bbox 233 5076 1816 5153; baseline 0.003 -18"><span class='ocrx_word' id='word_1_654' title='bbox 233 5076 605 5153; x_wconf 76' lang='lat' dir='ltr'>reddidimus,</span> <span class='ocrx_word' id='word_1_655' title='bbox 639 5077 1008 5153; x_wconf 61' lang='lat' dir='ltr'>Pectusculunt</span> <span class='ocrx_word' id='word_1_656' title='bbox 1034 5076 1358 5153; x_wconf 56' lang='lat' dir='ltr'>alienationis.</span> <span class='ocrx_word' id='word_1_657' title='bbox 1397 5079 1548 5153; x_wconf 78' lang='lat' dir='ltr'>Syxt.</span> <span class='ocrx_word' id='word_1_658' title='bbox 1581 5076 1816 5153; x_wconf 70' lang='lat' dir='ltr'>interpr.</span> 
     </span>
    </p>
   </div>
   <div class='ocr_carea' id='block_1_98' title="bbox 232 5147 1817 5219">
    <p class='ocr_par' dir='ltr' id='par_1_98' title="bbox 232 5147 1817 5219">
     <span class='ocr_line' id='line_1_98' title="bbox 232 5147 1817 5219; baseline 0.001 -13"><span class='ocrx_word' id='word_1_659' title='bbox 232 5150 611 5219; x_wconf 80' lang='lat' dir='ltr'>impositionis,</span> <span class='ocrx_word' id='word_1_660' title='bbox 661 5149 809 5219; x_wconf 84' lang='lat' dir='ltr'>quod</span> <span class='ocrx_word' id='word_1_661' title='bbox 844 5164 956 5203; x_wconf 89' lang='lat' dir='ltr'>non</span> <span class='ocrx_word' id='word_1_662' title='bbox 991 5148 1064 5202; x_wconf 87' lang='lat' dir='ltr'>ita</span> <span class='ocrx_word' id='word_1_663' title='bbox 1094 5147 1315 5202; x_wconf 87' lang='lat' dir='ltr'>videtur</span> <span class='ocrx_word' id='word_1_664' title='bbox 1359 5147 1693 5218; x_wconf 80' lang='lat' dir='ltr'>exprimere.</span> <span class='ocrx_word' id='word_1_665' title='bbox 1729 5147 1817 5208; x_wconf 45' lang='lat' dir='ltr'>&quot;lbi</span> 
     </span>
    </p>
   </div>
   <div class='ocr_carea' id='block_1_99' title="bbox 235 5218 1819 5291">
    <p class='ocr_par' dir='ltr' id='par_1_99' title="bbox 235 5218 1819 5291">
     <span class='ocr_line' id='line_1_99' title="bbox 235 5218 1819 5291; baseline -0.001 -16"><span class='ocrx_word' id='word_1_666' title='bbox 235 5218 430 5291; x_wconf 78' lang='lat' dir='ltr'>Schol.</span> <span class='ocrx_word' id='word_1_667' title='bbox 468 5218 692 5274; x_wconf 26' lang='grc' dir='ltr'>Ταυτάνί</span> <span class='ocrx_word' id='word_1_668' title='bbox 727 5221 874 5291; x_wconf 81' lang='grc' dir='ltr'>ἐστιν</span> <span class='ocrx_word' id='word_1_669' title='bbox 915 5219 1198 5291; x_wconf 82' lang='grc' dir='ltr'>ἀφαίρεμα</span> <span class='ocrx_word' id='word_1_670' title='bbox 1214 5219 1331 5291; x_wconf 25' lang='grc' dir='ltr'>Ακα¹ι</span> <span class='ocrx_word' id='word_1_671' title='bbox 1379 5220 1664 5291; x_wconf 81' lang='grc' dir='ltr'>ἁφόρισμα</span> <span class='ocrx_word' id='word_1_672' title='bbox 1725 5226 1819 5278; x_wconf 70' lang='grc' dir='ltr'>καὶ</span> 
     </span>
    </p>
   </div>
   <div class='ocr_carea' id='block_1_100' title="bbox 236 5287 1819 5362">
    <p class='ocr_par' dir='ltr' id='par_1_100' title="bbox 236 5287 1819 5362">
     <span class='ocr_line' id='line_1_100' title="bbox 236 5287 1819 5362; baseline -0.006 -17"><span class='ocrx_word' id='word_1_673' title='bbox 236 5290 479 5362; x_wconf 76' lang='grc' dir='ltr'>ἐπίθεμα</span> <span class='ocrx_word' id='word_1_674' title='bbox 502 5291 606 5362; x_wconf 13' lang='grc' dir='ltr'>,καὶ</span> <span class='ocrx_word' id='word_1_675' title='bbox 653 5287 1008 5362; x_wconf 81' lang='grc' dir='ltr'>καρπώματα</span> <span class='ocrx_word' id='word_1_676' title='bbox 1033 5287 1142 5362; x_wconf 61' lang='lat' dir='ltr'>diu?)</span> <span class='ocrx_word' id='word_1_677' title='bbox 1171 5287 1280 5362; x_wconf 61' lang='grc' dir='ltr'>τῶν</span> <span class='ocrx_word' id='word_1_678' title='bbox 1303 5287 1514 5362; x_wconf 12' lang='grc' dir='ltr'>,θυσιῶν</span> <span class='ocrx_word' id='word_1_679' title='bbox 1544 5287 1819 5362; x_wconf 37' lang='lat' dir='ltr'>impias.</span> 
     </span>
    </p>
   </div>
   <div class='ocr_carea' id='block_1_101' title="bbox 285 5357 1820 5431">
    <p class='ocr_par' dir='ltr' id='par_1_101' title="bbox 285 5357 1820 5431">
     <span class='ocr_line' id='line_1_101' title="bbox 285 5357 1820 5431; baseline -0.005 -17"><span class='ocrx_word' id='word_1_680' title='bbox 285 5378 382 5415; x_wconf 87' lang='grc' dir='ltr'>ενα</span> <span class='ocrx_word' id='word_1_681' title='bbox 409 5357 554 5431; x_wconf 84' lang='grc' dir='ltr'>Θεῷ,</span> <span class='ocrx_word' id='word_1_682' title='bbox 587 5357 969 5431; x_wconf 69' lang='grc' dir='ltr'>άπεργίνέται</span> <span class='ocrx_word' id='word_1_683' title='bbox 1000 5361 1141 5431; x_wconf 77' lang='grc' dir='ltr'>μέρη</span> <span class='ocrx_word' id='word_1_684' title='bbox 1176 5357 1271 5410; x_wconf 81' lang='grc' dir='ltr'>τοῦ</span> <span class='ocrx_word' id='word_1_685' title='bbox 1300 5359 1509 5431; x_wconf 68' lang='grc' dir='ltr'>ἱερέως.</span> <span class='ocrx_word' id='word_1_686' title='bbox 1537 5357 1680 5416; x_wconf 75' lang='grc' dir='ltr'>Νοη’</span> <span class='ocrx_word' id='word_1_687' title='bbox 1699 5379 1820 5418; x_wconf 84' lang='lat' dir='ltr'>ma-</span> 
     </span>
    </p>
   </div>
   <div class='ocr_carea' id='block_1_102' title="bbox 239 5382 1822 5503">
    <p class='ocr_par' dir='ltr' id='par_1_102' title="bbox 239 5382 1822 5503">
     <span class='ocr_line' id='line_1_102' title="bbox 285 5382 1820 5431; baseline -0.006 -16"><span class='ocrx_word' id='word_1_688' title='bbox 285 5382 382 5415; x_wconf 67' lang='grc' dir='ltr'>ενα</span> <span class='ocrx_word' id='word_1_689' title='bbox 413 5382 554 5431; x_wconf 75' lang='grc' dir='ltr'>υεῳ,</span> <span class='ocrx_word' id='word_1_690' title='bbox 587 5382 731 5431; x_wconf 80' lang='grc' dir='ltr'>απερ</span> <span class='ocrx_word' id='word_1_691' title='bbox 759 5382 969 5426; x_wconf 76' lang='grc' dir='ltr'>γινεται</span> <span class='ocrx_word' id='word_1_692' title='bbox 1176 5382 1271 5410; x_wconf 77' lang='grc' dir='ltr'>τηυ</span> <span class='ocrx_word' id='word_1_693' title='bbox 1300 5382 1509 5430; x_wconf 73' lang='grc' dir='ltr'>ιερεως.</span> <span class='ocrx_word' id='word_1_694' title='bbox 1537 5382 1657 5416; x_wconf 66' lang='grc' dir='ltr'>ΠΟΠ</span> <span class='ocrx_word' id='word_1_695' title='bbox 1699 5382 1820 5418; x_wconf 70' lang='lat' dir='ltr'>ma-</span> 
     </span>
     <span class='ocr_line' id='line_1_103' title="bbox 239 5382 1822 5503; baseline 0.002 -16"><span class='ocrx_word' id='word_1_696' title='bbox 239 5382 556 5488; x_wconf 52' lang='lat' dir='ltr'>refersitan</span> <span class='ocrx_word' id='word_1_697' title='bbox 585 5431 928 5503; x_wconf 73' lang='lat' dir='ltr'>appositionis</span> <span class='ocrx_word' id='word_1_698' title='bbox 951 5446 968 5495; x_wconf 91' lang='lat'><strong><em>;</em></strong></span> <span class='ocrx_word' id='word_1_699' title='bbox 996 5430 1112 5503; x_wconf 79' lang='lat' dir='ltr'>sive</span> <span class='ocrx_word' id='word_1_700' title='bbox 1136 5427 1822 5503; x_wconf 55' lang='lat' dir='ltr'>pectusculunrappositum</span> 
     </span>
    </p>
   </div>
   <div class='ocr_carea' id='block_1_103' title="bbox 240 5499 1817 5573">
    <p class='ocr_par' dir='ltr' id='par_1_103' title="bbox 240 5499 1817 5573">
     <span class='ocr_line' id='line_1_104' title="bbox 240 5499 1817 5573; baseline 0.002 -18"><span class='ocrx_word' id='word_1_701' title='bbox 240 5519 306 5555; x_wconf 85' lang='lat' dir='ltr'>ac</span> <span class='ocrx_word' id='word_1_702' title='bbox 327 5499 666 5571; x_wconf 68' lang='lat' dir='ltr'>suppositum</span> <span class='ocrx_word' id='word_1_703' title='bbox 687 5501 889 5556; x_wconf 66' lang='lat' dir='ltr'>divin-.13</span> <span class='ocrx_word' id='word_1_704' title='bbox 918 5499 1144 5573; x_wconf 60' lang='lat' dir='ltr'>hostias,</span> <span class='ocrx_word' id='word_1_705' title='bbox 1170 5513 1233 5573; x_wconf 78' lang='lat' dir='ltr'>ac</span> <span class='ocrx_word' id='word_1_706' title='bbox 1263 5499 1405 5573; x_wconf 66' lang='lat' dir='ltr'>parti</span> <span class='ocrx_word' id='word_1_707' title='bbox 1447 5499 1528 5556; x_wconf 85' lang='lat' dir='ltr'>illi</span> <span class='ocrx_word' id='word_1_708' title='bbox 1555 5499 1683 5573; x_wconf 68' lang='lat' dir='ltr'>quae</span> <span class='ocrx_word' id='word_1_709' title='bbox 1719 5520 1817 5573; x_wconf 88' lang='lat' dir='ltr'>pe-</span> 
     </span>
    </p>
   </div>
   <div class='ocr_carea' id='block_1_104' title="bbox 240 5569 1819 5639">
    <p class='ocr_par' dir='ltr' id='par_1_104' title="bbox 240 5569 1819 5639">
     <span class='ocr_line' id='line_1_105' title="bbox 240 5569 1819 5639; baseline 0.002 -13"><span class='ocrx_word' id='word_1_710' title='bbox 240 5569 511 5626; x_wconf 76' lang='lat' dir='ltr'>culiarius</span> <span class='ocrx_word' id='word_1_711' title='bbox 538 5573 592 5625; x_wconf 89' lang='lat' dir='ltr'>in</span> <span class='ocrx_word' id='word_1_712' title='bbox 619 5573 712 5626; x_wconf 87' lang='lat' dir='ltr'>Dei</span> <span class='ocrx_word' id='word_1_713' title='bbox 741 5573 1006 5628; x_wconf 86' lang='lat' dir='ltr'>honorem</span> <span class='ocrx_word' id='word_1_714' title='bbox 1043 5569 1294 5632; x_wconf 86' lang='lat' dir='ltr'>cedebat,</span> <span class='ocrx_word' id='word_1_715' title='bbox 1331 5569 1520 5639; x_wconf 90' lang='lat' dir='ltr'>illique</span> <span class='ocrx_word' id='word_1_716' title='bbox 1555 5569 1819 5629; x_wconf 77' lang='lat' dir='ltr'>incende-</span> 
     </span>
    </p>
   </div>
   <div class='ocr_carea' id='block_1_105' title="bbox 244 5639 1819 5698">
    <p class='ocr_par' dir='ltr' id='par_1_105' title="bbox 244 5639 1819 5698">
     <span class='ocr_line' id='line_1_106' title="bbox 244 5639 1819 5698; baseline 0.001 -2"><span class='ocrx_word' id='word_1_717' title='bbox 244 5641 426 5696; x_wconf 86' lang='lat' dir='ltr'>batur.</span> <span class='ocrx_word' id='word_1_718' title='bbox 462 5643 591 5696; x_wconf 85' lang='lat' dir='ltr'>Eam</span> <span class='ocrx_word' id='word_1_719' title='bbox 624 5652 860 5696; x_wconf 88' lang='lat' dir='ltr'>mentem</span> <span class='ocrx_word' id='word_1_720' title='bbox 897 5639 1069 5694; x_wconf 87' lang='lat' dir='ltr'>nostri</span> <span class='ocrx_word' id='word_1_721' title='bbox 1098 5639 1213 5694; x_wconf 81' lang='lat' dir='ltr'>Jac.</span> <span class='ocrx_word' id='word_1_722' title='bbox 1248 5639 1314 5693; x_wconf 84' lang='lat' dir='ltr'>de</span> <span class='ocrx_word' id='word_1_723' title='bbox 1349 5639 1523 5696; x_wconf 85' lang='lat' dir='ltr'>Janua</span> <span class='ocrx_word' id='word_1_724' title='bbox 1573 5642 1819 5698; x_wconf 87' lang='lat' dir='ltr'>Catholi-</span> 
     </span>
    </p>
   </div>
   <div class='ocr_carea' id='block_1_106' title="bbox 243 5709 1810 5778">
    <p class='ocr_par' dir='ltr' id='par_1_106' title="bbox 243 5709 1810 5778">
     <span class='ocr_line' id='line_1_107' title="bbox 243 5709 1810 5778; baseline 0.002 -14"><span class='ocrx_word' id='word_1_725' title='bbox 243 5726 349 5765; x_wconf 84' lang='lat' dir='ltr'>c-on</span> <span class='ocrx_word' id='word_1_726' title='bbox 384 5713 700 5767; x_wconf 78' lang='lat' dir='ltr'>insinuavit.</span> <span class='ocrx_word' id='word_1_727' title='bbox 740 5713 819 5766; x_wconf 85' lang='lat' dir='ltr'>Eo</span> <span class='ocrx_word' id='word_1_728' title='bbox 844 5712 986 5766; x_wconf 77' lang='lat' dir='ltr'>forte</span> <span class='ocrx_word' id='word_1_729' title='bbox 1014 5709 1330 5764; x_wconf 67' lang='lat' dir='ltr'>Graecorum</span> <span class='ocrx_word' id='word_1_730' title='bbox 1362 5710 1503 5766; x_wconf 89' lang='lat' dir='ltr'>ritus</span> <span class='ocrx_word' id='word_1_731' title='bbox 1531 5713 1810 5778; x_wconf 85' lang='lat' dir='ltr'>collineat,</span> 
     </span>
    </p>
   </div>
   <div class='ocr_carea' id='block_1_107' title="bbox 247 5778 1811 5855">
    <p class='ocr_par' dir='ltr' id='par_1_107' title="bbox 247 5778 1811 5855">
     <span class='ocr_line' id='line_1_108' title="bbox 247 5778 1811 5855; baseline 0.002 -21"><span class='ocrx_word' id='word_1_732' title='bbox 247 5796 374 5835; x_wconf 87' lang='lat' dir='ltr'>cum</span> <span class='ocrx_word' id='word_1_733' title='bbox 433 5797 620 5838; x_wconf 66' lang='lat' dir='ltr'>massa)</span> <span class='ocrx_word' id='word_1_734' title='bbox 682 5783 858 5853; x_wconf 77' lang='lat' dir='ltr'>panis,</span> <span class='ocrx_word' id='word_1_735' title='bbox 909 5797 974 5837; x_wconf 78' lang='lat' dir='ltr'>ex</span> <span class='ocrx_word' id='word_1_736' title='bbox 1031 5795 1137 5849; x_wconf 87' lang='lat' dir='ltr'>qua</span> <span class='ocrx_word' id='word_1_737' title='bbox 1213 5778 1553 5835; x_wconf 88' lang='lat' dir='ltr'>Dominicum</span> <span class='ocrx_word' id='word_1_738' title='bbox 1613 5800 1811 5855; x_wconf 87' lang='lat' dir='ltr'>corpus</span> 
     </span>
    </p>
   </div>
   <div class='ocr_carea' id='block_1_108' title="bbox 1927 5013 3507 5086">
    <p class='ocr_par' dir='ltr' id='par_1_108' title="bbox 1927 5013 3507 5086">
     <span class='ocr_line' id='line_1_109' title="bbox 1927 5013 3507 5086; baseline 0 -14"><span class='ocrx_word' id='word_1_739' title='bbox 1927 5017 2251 5082; x_wconf 87' lang='lat' dir='ltr'>conﬁciunt,</span> <span class='ocrx_word' id='word_1_740' title='bbox 2307 5017 2621 5086; x_wconf 86' lang='lat' dir='ltr'>complures</span> <span class='ocrx_word' id='word_1_741' title='bbox 2675 5015 2847 5070; x_wconf 87' lang='lat' dir='ltr'>mlcas</span> <span class='ocrx_word' id='word_1_742' title='bbox 2883 5013 3238 5072; x_wconf 79' lang='lat' dir='ltr'>offerentium</span> <span class='ocrx_word' id='word_1_743' title='bbox 3282 5015 3507 5072; x_wconf 84' lang='lat' dir='ltr'>nomine</span> 
     </span>
    </p>
   </div>
   <div class='ocr_carea' id='block_1_109' title="bbox 1926 5087 3509 5157">
    <p class='ocr_par' dir='ltr' id='par_1_109' title="bbox 1926 5087 3509 5157">
     <span class='ocr_line' id='line_1_110' title="bbox 1926 5087 3509 5157; baseline 0 -16"><span class='ocrx_word' id='word_1_744' title='bbox 1926 5099 2234 5157; x_wconf 88' lang='lat' dir='ltr'>apponunt,</span> <span class='ocrx_word' id='word_1_745' title='bbox 2289 5087 2405 5142; x_wconf 85' lang='lat' dir='ltr'>sive</span> <span class='ocrx_word' id='word_1_746' title='bbox 2469 5093 2832 5157; x_wconf 82' lang='lat' dir='ltr'>supponunt,</span> <span class='ocrx_word' id='word_1_747' title='bbox 2889 5101 3030 5157; x_wconf 84' lang='lat' dir='ltr'>quas</span> <span class='ocrx_word' id='word_1_748' title='bbox 3085 5087 3360 5157; x_wconf 86' lang='lat' dir='ltr'>incertum</span> <span class='ocrx_word' id='word_1_749' title='bbox 3437 5102 3509 5141; x_wconf 88' lang='lat' dir='ltr'>an</span> 
     </span>
    </p>
   </div>
   <div class='ocr_carea' id='block_1_110' title="bbox 1927 5155 3508 5280">
    <p class='ocr_par' dir='ltr' id='par_1_110' title="bbox 1927 5155 3508 5280">
     <span class='ocr_line' id='line_1_111' title="bbox 1927 5155 3508 5280; baseline 0 -70"><span class='ocrx_word' id='word_1_750' title='bbox 1927 5155 2260 5280; x_wconf 70' lang='lat' dir='ltr'>silicriﬁcent.</span> <span class='ocrx_word' id='word_1_751' title='bbox 2291 5157 2412 5212; x_wconf 87' lang='lat' dir='ltr'>Non</span> <span class='ocrx_word' id='word_1_752' title='bbox 2455 5155 2640 5212; x_wconf 83' lang='lat' dir='ltr'>tamen</span> <span class='ocrx_word' id='word_1_753' title='bbox 2668 5155 2724 5210; x_wconf 90' lang='lat' dir='ltr'>in</span> <span class='ocrx_word' id='word_1_754' title='bbox 2764 5156 3028 5213; x_wconf 85' lang='lat' dir='ltr'>omnibus</span> <span class='ocrx_word' id='word_1_755' title='bbox 3056 5155 3292 5226; x_wconf 82' lang='lat' dir='ltr'>quadrat</span> <span class='ocrx_word' id='word_1_756' title='bbox 3318 5170 3508 5211; x_wconf 83' lang='lat' dir='ltr'>exem-</span> 
     </span>
     <span class='ocr_line' id='line_1_112' title="bbox 1927 5242 2097 5280; baseline 0 0"><span class='ocrx_word' id='word_1_757' title='bbox 1927 5242 1960 5280; x_wconf 85' lang='grc' dir='ltr'>ι)</span> <span class='ocrx_word' id='word_1_758' title='bbox 1986 5244 2097 5280; x_wconf 93' lang='lat' dir='ltr'>um.</span> 
     </span>
    </p>
   </div>
   <div class='ocr_carea' id='block_1_111' title="bbox 1986 5244 2097 5281">
    <p class='ocr_par' dir='ltr' id='par_1_111' title="bbox 1986 5244 2097 5281">
     <span class='ocr_line' id='line_1_113' title="bbox 1986 5244 2097 5281; baseline -0.009 0"><span class='ocrx_word' id='word_1_759' title='bbox 1986 5244 2097 5281; x_wconf 89' lang='lat' dir='ltr'>um.</span> 
     </span>
    </p>
   </div>
   <div class='ocr_carea' id='block_1_112' title="bbox 1924 5242 3505 5369">
    <p class='ocr_par' dir='ltr' id='par_1_112' title="bbox 1924 5242 3505 5369">
     <span class='ocr_line' id='line_1_114' title="bbox 1924 5242 3505 5369; baseline -0.001 -18"><span class='ocrx_word' id='word_1_760' title='bbox 1924 5242 2227 5369; x_wconf 39' lang='lat' dir='ltr'>131?};wa</span> <span class='ocrx_word' id='word_1_761' title='bbox 2253 5295 2418 5369; x_wconf 67' lang='grc' dir='ltr'>ἑλεῖν</span> <span class='ocrx_word' id='word_1_762' title='bbox 2445 5295 2865 5369; x_wconf 69' lang='grc' dir='ltr'>βουλομένων.</span> <span class='ocrx_word' id='word_1_763' title='bbox 2904 5294 3114 5369; x_wconf 80' lang='lat' dir='ltr'>Sensus</span> <span class='ocrx_word' id='word_1_764' title='bbox 3143 5294 3259 5369; x_wconf 79' lang='lat' dir='ltr'>ipse</span> <span class='ocrx_word' id='word_1_765' title='bbox 3288 5295 3505 5369; x_wconf 82' lang='lat' dir='ltr'>planus.</span> 
     </span>
    </p>
   </div>
   <div class='ocr_carea' id='block_1_113' title="bbox 1927 5364 3510 5437">
    <p class='ocr_par' dir='ltr' id='par_1_113' title="bbox 1927 5364 3510 5437">
     <span class='ocr_line' id='line_1_115' title="bbox 1927 5364 3510 5437; baseline -0.001 -16"><span class='ocrx_word' id='word_1_766' title='bbox 1927 5364 2294 5422; x_wconf 81' lang='lat' dir='ltr'>Securitatem</span> <span class='ocrx_word' id='word_1_767' title='bbox 2334 5367 2452 5421; x_wconf 67' lang='lat' dir='ltr'>haec</span> <span class='ocrx_word' id='word_1_768' title='bbox 2481 5364 2702 5432; x_wconf 79' lang='lat' dir='ltr'>sonant,</span> <span class='ocrx_word' id='word_1_769' title='bbox 2729 5367 2870 5437; x_wconf 84' lang='lat' dir='ltr'>ejus,</span> <span class='ocrx_word' id='word_1_770' title='bbox 2889 5368 2998 5437; x_wconf 76' lang='lat' dir='ltr'>qui</span> <span class='ocrx_word' id='word_1_771' title='bbox 3026 5364 3256 5421; x_wconf 86' lang='lat' dir='ltr'>scientia</span> <span class='ocrx_word' id='word_1_772' title='bbox 3289 5364 3354 5419; x_wconf 83' lang='lat' dir='ltr'>ac</span> <span class='ocrx_word' id='word_1_773' title='bbox 3399 5365 3510 5419; x_wconf 73' lang='lat' dir='ltr'>vir-</span> 
     </span>
    </p>
   </div>
   <div class='ocr_carea' id='block_1_114' title="bbox 1935 5436 3508 5506">
    <p class='ocr_par' dir='ltr' id='par_1_114' title="bbox 1935 5436 3508 5506">
     <span class='ocr_line' id='line_1_116' title="bbox 1935 5436 3508 5506; baseline -0.001 -16"><span class='ocrx_word' id='word_1_774' title='bbox 1935 5444 2052 5492; x_wconf 88' lang='lat' dir='ltr'>tute</span> <span class='ocrx_word' id='word_1_775' title='bbox 2082 5438 2244 5506; x_wconf 78' lang='lat' dir='ltr'>longe</span> <span class='ocrx_word' id='word_1_776' title='bbox 2275 5445 2572 5506; x_wconf 78' lang='lat' dir='ltr'>provectus</span> <span class='ocrx_word' id='word_1_777' title='bbox 2610 5437 2702 5499; x_wconf 89' lang='lat' dir='ltr'>sit,</span> <span class='ocrx_word' id='word_1_778' title='bbox 2747 5436 2851 5491; x_wconf 85' lang='lat' dir='ltr'>nee</span> <span class='ocrx_word' id='word_1_779' title='bbox 2881 5436 3038 5490; x_wconf 80' lang='lat' dir='ltr'>facile</span> <span class='ocrx_word' id='word_1_780' title='bbox 3071 5452 3136 5491; x_wconf 78' lang='lat' dir='ltr'>ex</span> <span class='ocrx_word' id='word_1_781' title='bbox 3163 5451 3327 5489; x_wconf 84' lang='lat' dir='ltr'>sensu</span> <span class='ocrx_word' id='word_1_782' title='bbox 3358 5437 3508 5503; x_wconf 81' lang='lat' dir='ltr'>ejus-</span> 
     </span>
    </p>
   </div>
   <div class='ocr_carea' id='block_1_115' title="bbox 1927 5506 3508 5631">
    <p class='ocr_par' dir='ltr' id='par_1_115' title="bbox 1927 5506 3508 5631">
     <span class='ocr_line' id='line_1_117' title="bbox 1927 5506 3508 5631; baseline -0.002 -70"><span class='ocrx_word' id='word_1_783' title='bbox 1927 5522 2038 5631; x_wconf 59' lang='lat' dir='ltr'>ﬂue</span> <span class='ocrx_word' id='word_1_784' title='bbox 2065 5507 2295 5561; x_wconf 91' lang='lat' dir='ltr'>libidine</span> <span class='ocrx_word' id='word_1_785' title='bbox 2327 5507 2525 5562; x_wconf 85' lang='lat' dir='ltr'>tentari</span> <span class='ocrx_word' id='word_1_786' title='bbox 2557 5514 2652 5560; x_wconf 88' lang='lat' dir='ltr'>aut</span> <span class='ocrx_word' id='word_1_787' title='bbox 2681 5506 2805 5560; x_wconf 67' lang='lat' dir='ltr'>lardi</span> <span class='ocrx_word' id='word_1_788' title='bbox 2829 5507 3034 5576; x_wconf 87' lang='lat' dir='ltr'>possit;</span> <span class='ocrx_word' id='word_1_789' title='bbox 3091 5523 3196 5576; x_wconf 89' lang='lat' dir='ltr'>qua</span> <span class='ocrx_word' id='word_1_790' title='bbox 3238 5507 3508 5560; x_wconf 82' lang='lat' dir='ltr'>sollicitu—</span> 
     </span>
     <span class='ocr_line' id='line_1_118' title="bbox 1969 5576 3506 5631; baseline -0.002 0"><span class='ocrx_word' id='word_1_791' title='bbox 1969 5579 2058 5631; x_wconf 88' lang='lat' dir='ltr'>ine</span> <span class='ocrx_word' id='word_1_792' title='bbox 2088 5578 2339 5631; x_wconf 88' lang='lat' dir='ltr'>moribus</span> <span class='ocrx_word' id='word_1_793' title='bbox 2383 5578 2658 5631; x_wconf 74' lang='lat' dir='ltr'>excultus.</span> <span class='ocrx_word' id='word_1_794' title='bbox 2698 5576 2904 5631; x_wconf 88' lang='lat' dir='ltr'>divinis</span> <span class='ocrx_word' id='word_1_795' title='bbox 2948 5577 3194 5631; x_wconf 84' lang='lat' dir='ltr'>animum</span> <span class='ocrx_word' id='word_1_796' title='bbox 3247 5576 3506 5630; x_wconf 85' lang='lat' dir='ltr'>intendit.</span> 
     </span>
    </p>
   </div>
   <div class='ocr_carea' id='block_1_116' title="bbox 1969 5576 3506 5640">
    <p class='ocr_par' dir='ltr' id='par_1_116' title="bbox 1969 5576 3506 5640">
     <span class='ocr_line' id='line_1_119' title="bbox 1969 5576 3506 5640; baseline -0.001 -10"><span class='ocrx_word' id='word_1_797' title='bbox 1969 5579 2058 5632; x_wconf 89' lang='lat' dir='ltr'>ine</span> <span class='ocrx_word' id='word_1_798' title='bbox 2088 5578 2339 5632; x_wconf 89' lang='lat' dir='ltr'>moribus</span> <span class='ocrx_word' id='word_1_799' title='bbox 2383 5578 2658 5640; x_wconf 74' lang='lat' dir='ltr'>excultus,</span> <span class='ocrx_word' id='word_1_800' title='bbox 2698 5576 2904 5631; x_wconf 89' lang='lat' dir='ltr'>divinis</span> <span class='ocrx_word' id='word_1_801' title='bbox 2948 5577 3194 5632; x_wconf 83' lang='lat' dir='ltr'>animum</span> <span class='ocrx_word' id='word_1_802' title='bbox 3247 5576 3506 5630; x_wconf 85' lang='lat' dir='ltr'>intendit.</span> 
     </span>
    </p>
   </div>
   <div class='ocr_carea' id='block_1_117' title="bbox 1925 5647 3510 5718">
    <p class='ocr_par' dir='ltr' id='par_1_117' title="bbox 1925 5647 3510 5718">
     <span class='ocr_line' id='line_1_120' title="bbox 1925 5647 3510 5718; baseline -0.001 -16"><span class='ocrx_word' id='word_1_803' title='bbox 1925 5647 2088 5703; x_wconf 89' lang='lat' dir='ltr'>Picus</span> <span class='ocrx_word' id='word_1_804' title='bbox 2116 5647 2292 5700; x_wconf 81' lang='grc' dir='ltr'>ἐλθεῖν</span> <span class='ocrx_word' id='word_1_805' title='bbox 2327 5647 2559 5715; x_wconf 87' lang='lat' dir='ltr'>habuit,</span> <span class='ocrx_word' id='word_1_806' title='bbox 2591 5662 2657 5701; x_wconf 79' lang='lat' dir='ltr'>ex</span> <span class='ocrx_word' id='word_1_807' title='bbox 2703 5661 2815 5716; x_wconf 89' lang='lat' dir='ltr'>quo</span> <span class='ocrx_word' id='word_1_808' title='bbox 2866 5647 3006 5701; x_wconf 87' lang='lat' dir='ltr'>nihil</span> <span class='ocrx_word' id='word_1_809' title='bbox 3051 5648 3269 5718; x_wconf 86' lang='lat' dir='ltr'>probati</span> <span class='ocrx_word' id='word_1_810' title='bbox 3311 5661 3510 5702; x_wconf 83' lang='lat' dir='ltr'>sensus</span> 
     </span>
    </p>
   </div>
   <div class='ocr_carea' id='block_1_118' title="bbox 1922 5718 2352 5788">
    <p class='ocr_par' dir='ltr' id='par_1_118' title="bbox 1922 5718 2352 5788">
     <span class='ocr_line' id='line_1_121' title="bbox 1922 5718 2352 5788; baseline 0 -16"><span class='ocrx_word' id='word_1_811' title='bbox 1922 5718 2125 5774; x_wconf 88' lang='lat' dir='ltr'>elicere</span> <span class='ocrx_word' id='word_1_812' title='bbox 2151 5718 2352 5788; x_wconf 88' lang='lat' dir='ltr'>potuit.</span> 
     </span>
    </p>
   </div>
  </div>
