3930 6324
515 341 652 433 1243

1684 350 1744 411 S.
1787 351 2077 414 MAXIMI
2116 355 2630 421 CONFESSORIS

3686 356 3809 419 12ιὲ

585 455 674 512 ϐξ).
720 456 1002 513 Cisternas
1053 458 1259 516 excidit
1305 461 1572 518 Dominus
1629 464 1683 520 in
1734 465 1956 530 deserto
2011 468 2093 540 (in

2277 471 2344 536 ξ’.
2378 474 2630 538 Λάκκους
2657 474 2886 546 λατομεῖ
2909 475 2938 527 ὁ
2965 473 3170 544 Κύριος
3191 473 3252 527 ὲν
3279 475 3352 546 τῇ
3387 474 3602 544 ἐρήμῳ
3628 490 3645 504 ·
3685 472 3810 541 λέγω
3889 455 3897 546 1

514 551 722 605 mundo
773 550 987 604 scilicet
1030 551 1430 624 hominumque
1479 556 1709 626 natura)
1763 573 1958 613 eorum
2005 560 2101 629 qui

512 640 662 711 digni
706 651 854 704 sunt,
885 641 1054 696 corda
1091 642 1382 708 elIodiens,
1409 653 1466 699 et
1500 661 1529 700 a
1572 655 1794 702 terrena
1835 651 2104 720 gravitate

513 733 918 804 prudentiaque
952 735 1294 800 emundans,
1326 747 1491 806 atque
1526 738 1596 792 ad
1631 739 1851 796 divinos
1883 743 2104 812 sapien-

511 825 599 879 tia:
639 832 697 879 et
734 825 980 880 scientiae
1020 824 1226 880 imbres
1263 829 1677 898 suscipiendos,
1711 834 1857 888 unde
1895 833 2103 890 Christi

509 931 710 985 pecora
746 917 1024 987 adaquent
1059 916 1176 985 (eos
1209 918 1472 974 nimirum
1511 923 1607 992 qui
1648 939 1762 992 pra:
1804 925 1973 979 animi
2015 925 2103 980 in-

509 1004 709 1070 fantia,
743 1007 940 1061 morali
985 1007 1278 1078 disciplina
1329 1011 1548 1084 egeant)
1597 1012 1836 1070 dilatans
1883 1023 1940 1070 et
1985 1031 2103 1071 am-

507 1098 712 1166 plians.

579 1188 668 1243 6i.
696 1188 1010 1258 Montanam
1042 1201 1203 1247 vocat
1234 1192 1545 1264 Scriptura,
1572 1196 1869 1254 sublimem
1905 1199 1960 1255 in
1991 1202 2104 1272 spi-

508 1278 620 1334 ritu
654 1289 867 1336 natura:
900 1285 1448 1354 contemplationem,
1474 1304 1638 1358 quam
1675 1290 1709 1344 ii
1740 1292 1954 1358 colunt,
1980 1295 2096 1363 qui,

506 1386 698 1427 rerum
737 1374 1024 1428 sensilium
1062 1377 1271 1432 relictis
1310 1379 1764 1449 cogitationibus,
1796 1384 1862 1438 ad
1907 1400 2099 1440 earum

506 1465 782 1535 spiritales
822 1468 1067 1523 rationes
1098 1485 1198 1540 per
1232 1470 1592 1528 inter-medias
1627 1475 1865 1533 virtutes
1905 1493 2099 1534 evase~

508 1563 662 1610 runt.

576 1646 664 1702 62.
717 1645 973 1714 Quandiu
1031 1651 1253 1708 animus
1311 1653 1368 1707 in
1423 1653 1608 1723 seipso
1667 1656 1944 1726 vigentem
2001 1661 2096 1716 Dei

505 1741 830 1795 memoriam
870 1740 1062 1807 habet,
1096 1759 1196 1813 per
1240 1748 1762 1817 contemplationem
1804 1752 2097 1809 Dominum

2204 563 2261 618 δὲ
2303 565 2386 635 τῷ
2426 566 2638 637 κόσμῳ,
2675 567 2771 622 καὶ
2815 569 2882 638 τῇ
2916 566 3076 636 φύσει
3136 567 3248 619 τῶν
3299 563 3675 636 ἀνθρώπωνο
3730 565 3809 627 τὰς

2149 705 2154 712 .
2204 655 2314 710 τῶν
2348 654 2514 721 ἀξίων
2546 658 2777 723 καρδίας
2825 656 3112 728 ὲκχοῖζων,
3145 658 3242 710 καὶ
3275 655 3710 727 ἀποκαθαίρω-θ
3733 656 3806 709 tot}

2205 748 2395 803 ὑλικοῦ
2425 749 2628 822 βάρους
2662 767 2723 803 τε
2754 750 2848 804 καὶ
2893 753 3267 821 φρονήματος,
3305 750 3405 802 καὶ
3439 748 3633 801 ποιῶν
3666 749 3806 818 εὐρυ-

2203 839 2416 910 χώρους
2467 842 2605 913 πρὸς
2645 841 2914 912 ὑποδοχὴν
2968 841 3080 893 τῶν
3110 840 3273 893 θείων
3305 843 3415 910 τῆς
3477 840 3690 907 σοφίας
3732 841 3807 890 καὶ

2202 933 2305 1001 τῆς
2337 932 2596 1002 γνώσεως
2623 934 2817 998 ὑετῶν,
2851 935 2940 988 ἶνα
2965 933 3229 998 ποτίζωσι
3261 933 3330 987 τὰ
3354 933 3547 1003 κτήνη
3574 930 3676 984 τοῦ
3695 932 3807 1001 Χρι-

2206 1023 2354 1087 στοῦ,
2378 1025 2506 1088 τοὺς
2535 1026 2828 1096 δεομένους
2852 1025 2998 1094 λέγω
3025 1026 3112 1079 διά
3140 1025 3321 1096 ψυχῆς
3350 1023 3706 1094 νηπιότητα,
3726 1023 3807 1089 τῆς

2201 1115 2401 1187 ἠθικῆς
2425 1117 2797 1180 διδασκαλίας.

2275 1207 2375 1274 Ea’.
2415 1208 2662 1280 Ὀρεινὴν
2693 1212 2726 1280 ἡ
2755 1210 2970 1282 Γραφὴ,
3019 1209 3119 1278 τὴν
3149 1206 3366 1280 ὑψηλὴν
3421 1206 3491 1260 ὲν
3545 1202 3808 1274 πνεύματι

2203 1299 2439 1371 Θεωρίαν
2472 1302 2574 1368 τῆς
2628 1301 2846 1370 φύσεως
2899 1301 3068 1370 λέγει,
3105 1301 3172 1372 ἦν
3213 1299 3582 1371 γεωργοῦσιν
3631 1298 3684 1349 οἱ
3717 1297 3807 1348 τῶν

2203 1390 2479 1460 αἰσθητῶν
2514 1393 2913 1462 ἀπογενόμενοι
2968 1391 3304 1462 φαντασιῶν,
3357 1391 3464 1442 xui.
3512 1389 3665 1458 πρὸς
3699 1388 3808 1449 τοὶς

2200 1483 2384 1537 αὐτῶν
2421 1485 2650 1556 νοητοὺς
2700 1485 2792 1539 διὰ
2839 1485 3024 1556 μέσων
3068 1483 3181 1537 τῶν
3231 1480 3459 1553 ἀρετῶν
3515 1479 3805 1540 διαϐαπες

2200 1575 2396 1645 λόγους

2277 1665 2376 1736 ξβ’.
2423 1666 2481 1721 Ὀ
2519 1668 2645 1733 νοῦς
2704 1667 2790 1735 ἐφ’
2819 1667 2944 1719 ὅσον
2994 1664 3108 1734 ἔχει
3147 1662 3333 1726 ζῶσαν
3375 1663 3437 1715 ἐν
3495 1661 3692 1729 ἑαυτῷ
3720 1661 3804 1729 τὴν

2204 1755 2300 1808 τοῦ
2349 1757 2484 1810 Θεοῦ
2555 1759 2801 1829 μνήμην,
2841 1755 2930 1808 διὰ
2985 1755 3084 1824 τῆς
3138 1752 3376 1822 θεωρίας
3432 1751 3686 1820 ὲκζητεί
3729 1751 3803 1802 τῖεν

503 1830 775 1900 exquirit;
820 1848 1000 1901 neque
1040 1835 1093 1889 id
1141 1835 1489 1892 defunctorie
1529 1840 1847 1912 leviusque,
1880 1847 2010 1908 sed,
2043 1850 2093 1903 in

2205 1847 2446 1918 Κύριον·
2503 1847 2602 1901 καὶ
2656 1847 2758 1917 οὐχ
2802 1843 3008 1907 ἁπλῶς,
3041 1841 3158 1896 ἀλλ’
3211 1842 3284 1902 ἐκ
3313 1842 3490 1910 φόϐῳ
3545 1841 3802 1908 Κιερίοιο·

506 1921 696 1974 timore
739 1920 952 1975 Domini
979 1923 1055 1989 “;
1107 1923 1214 1977 hoc
1261 1935 1375 1992 est,
1415 1932 1771 1998 exsequendo
1819 1937 2097 1992 mandata.

503 2015 609 2080 Qui
645 2016 794 2070 enim
831 2019 1258 2087 eontemplando
1292 2021 1410 2076 sine
1441 2022 1658 2078 actione
1685 2024 1979 2080 Dominum
2009 2043 2100 2082 ex-

505 2107 698 2178 quirit,
724 2123 833 2162 non
868 2109 1097 2174 invenit,
1128 2127 1194 2165 eo
1226 2115 1373 2182 quod
1408 2130 1518 2168 non
1556 2116 1610 2168 in
1648 2115 1846 2172 timore
1877 2118 2099 2173 Domini

504 2194 850 2262 exquisierit.
889 2195 960 2249 Et
1006 2203 1336 2269 prosperavit
1381 2204 1429 2255 ei
1476 2202 1738 2259 Dominus
1760 2207 1827 2260 ⁵⁵.
1867 2207 2099 2263 Omnem

503 2285 653 2340 enim
680 2287 774 2356 qui
801 2289 1028 2343 scicntia
1056 2292 1256 2347 comite
1279 2295 1484 2348 actioni
1513 2295 1806 2362 incumbit,
1832 2299 2099 2355 Dominus

506 2393 770 2448 prospere
799 2380 1006 2450 dirigit,
1030 2384 1126 2451 qui
1157 2393 1213 2437 et
1245 2386 1630 2443 mandatorum
1659 2390 1853 2446 modos
1880 2393 2096 2460 doceat,

503 2476 562 2524 et
584 2483 745 2523 veras
772 2485 957 2524 rerum
987 2474 1229 2529 rationes
1259 2479 1494 2547 aperiat.

577 2560 666 2616 65.
694 2560 957 2617 Sublimis
981 2563 1049 2618 de
1076 2565 1282 2622 deitate
1312 2584 1497 2623 sermo
1527 2586 1592 2626 ac
1623 2571 1901 2639 doctrina,
1931 2577 2099 2632 turris

502 2663 587 2708 cst
611 2654 820 2720 animo,
857 2657 1243 2734 mandatorum
1271 2660 1434 2733 549
1457 2664 1840 2722 observatione
1866 2670 2095 2724 munita.

502 2747 574 2801 Et
612 2747 719 2802 hoc
767 2756 853 2803 est
896 2751 1045 2819 quod
1093 2751 1170 2807 ait
1221 2771 1234 2807 :
1276 2754 1586 2824 didi/ienuit
1627 2756 1782 2822 Ogias
1829 2770 1997 2815 turres
2043 2763 2098 2817 in

500 2838 807 2894 Jerusalem
838 2841 904 2895 “.
946 2843 1052 2909 Qui
1105 2845 1252 2898 enim
1303 2856 1453 2902 recte
1504 2849 1853 2920 diriguntur,
1892 2861 1952 2906 ut
2000 2867 2098 2922 pcr

502 2930 1030 3000 contemplationem
1060 2947 1185 2987 cum
1217 2934 1479 3006 adjuncto
1510 2941 1866 2995 convenienti
1901 2942 2098 2998 timore

503 3018 737 3091 (agendo
769 3024 982 3078 scilicet
1014 3041 1138 3095 quae
1172 3028 1430 3082 mandata
1465 3030 1627 3102 sunt)
1666 3032 1957 3088 Dominum
1999 3051 2096 3088 ex-

500 3113 710 3180 quirat,
739 3115 785 3170 is
819 3117 874 3169 in
906 3117 1213 3173 Jerusalem
1251 3130 1434 3176 turres
1464 3122 1732 3190 mdiﬁcat;
1772 3125 1827 3179 in
1862 3128 2095 3197 simplici

501 3205 764 3262 nimirum
819 3220 878 3263 et
927 3213 1227 3281 tranquillo
1278 3215 1447 3269 animi
1490 3224 1670 3283 statu,
1716 3218 1982 3275 sublimes
2025 3221 2094 3276 de

499 3300 705 3360 deitate
741 3318 1029 3360 sermones
1061 3307 1343 3363 attollens.

570 3481 660 3537 64.
702 3483 1076 3540 Particulares
1132 3487 1378 3542 rationes
1436 3487 1571 3543 dum
1619 3489 1687 3544 ad
1749 3493 2094 3552 universales

497 3573 792 3640 accedunt,
818 3590 941 3644 qua:
975 3575 1153 3630 divisa
1182 3587 1313 3632 sunt
1354 3580 1500 3634 inter
1529 3596 1588 3634 se
1620 3583 1900 3651 copulant.
1932 3585 2091 3651 Quod

497 3663 764 3719 nimirum
794 3665 1232 3723 universaliores
1262 3670 1527 3736 rationes,
1580 3689 1773 3728 eorum
1817 3693 1940 3746 qum
1979 3695 2095 3735 ma-

497 3753 583 3824 gis
631 3755 988 3824 particularia
1037 3766 1201 3824 sunt,
1249 3761 1496 3818 rationes
1544 3765 1900 3822 uniformiter
1941 3786 2092 3824 com-

498 3845 874 3914 prehendant,
911 3848 981 3904 ad
1028 3865 1150 3919 quas
1194 3854 1525 3909 naturaliter
1569 3856 1685 3926 ipsa
1733 3859 2091 3928 particularia

499 3934 831 3992 relationem
868 3937 1130 3996 habeant.
1160 3941 1268 3998 Sed
1302 3947 1358 3998 et
1388 3945 1513 4000 caeli
1549 3961 1674 4000 cum
1709 3956 1874 4012 terra,
1905 3967 2090 4007 rerum

497 4043 624 4098 qua:
660 4043 828 4085 sensu
879 4033 1272 4104 percipiuntur
1311 4053 1436 4091 cum
1476 4038 1587 4094 illis
1620 4056 1743 4109 quae
1784 4053 1969 4100 mente
2001 4047 2086 4100 in-

501 4119 855 4190 telliguntur,
877 4132 1102 4180 natura:
1125 4142 1250 4180 cum
1286 4128 1521 4192 ratione,
1553 4130 1900 4188 habitudinis
1935 4152 2088 4207 qum-

498 4209 622 4264 dam
658 4211 712 4265 in
751 4214 949 4282 spiritu
987 4217 1132 4272 ratio
1175 4226 1281 4283 est,
1310 4235 1420 4290 qua
1471 4221 1588 4276 hate
1630 4224 1740 4278 alia
1783 4227 1910 4281 aliis
1956 4243 2090 4284 con-

497 4313 645 4356 serta
678 4305 966 4359 uniantur.

569 4395 659 4450 65.
697 4395 799 4452 Cui
847 4397 916 4452 ab
963 4395 1258 4455 aﬂ'ectibus
1285 4402 1548 4472 vitiisque
1583 4421 1783 4462 sensus
1819 4410 2086 4467 revellere

2201 1940 2504 2002 τουτέστιν,
2546 1941 2604 1992 ὲν
2641 1941 2703 2008 τῇ
2738 1936 2936 2008 πράξει
2988 1935 3096 1988 τῶν
3145 1933 3403 1987 ἐντολῶν.
3441 1934 3514 1987 Ὀ
3556 1933 3676 2004 γὰρ
3724 1936 3804 1987 ἐκ-

2203 2031 2381 2102 ζητῶν
2411 2032 2502 2085 διὰ
2530 2031 2766 2099 θεωρίας
2811 2030 2902 2083 τὸν
2949 2027 3154 2098 Κύριον
3180 2027 3354 2097 χωρὶς
3389 2025 3692 2095 πράξεως,
3722 2025 3804 2093 οὐχ

2201 2125 2448 2196 εὑρίσκει
2481 2124 2665 2186 αὑτὸν,
2704 2123 2788 2175 ὅτι
2835 2121 2937 2174 οὐκ
2983 2122 3043 2172 ἐν
3100 2117 3252 2190 φόϐῳ
3285 2117 3510 2186 Κυρίου
3562 2117 3665 2169 τὸν
3702 2118 3802 2168 K5-

2203 2234 2318 2289 ριον
2349 2215 2668 2286 ἐξεζήτησε.
2719 2215 2831 2270 Καὶ
2887 2212 3206 2268 εὐώδωσεν
3238 2209 3408 2274 αὐτῷ
3463 2211 3502 2264 ό
3552 2211 3798 2278 Κύριοι-⁸
3896 2209 3897 2272 ᾖ

2202 2311 2366 2363 παντὶ
2398 2309 2509 2380 γὰρ
2561 2309 2643 2380 τῷ
2699 2308 2842 2379 μετά
2879 2307 3135 2373 γνώσεως
3191 2305 3525 2376 πράττοντι.
3577 2304 3800 2357 εὖοὶῶό

2200 2403 2427 2474 Κύριος,
2460 2403 2586 2467 τούς
2612 2421 2668 2456 τε
2697 2403 2804 2455 τῶν
2831 2399 3064 2454 ἐντολῶν
3094 2398 3367 2452 διδάσκων
3391 2397 3676 2468 τρόπους,
3721 2397 3801 2448 καὶ

2199 2500 2326 2561 τοὺς
2350 2498 2460 2552 τῶν
2491 2496 2661 2550 ὄντων
2688 2495 2909 2564 ἀληθεῖς
2939 2493 3131 2561 λόγους
3161 2489 3608 2544 ἀποκαλύπτων.

2272 2589 2373 2659 ξγ’.
2412 2591 2470 2644 '0
2497 2589 2626 2661 περὶ
2677 2587 2932 2657 θεότητος
2969 2584 3174 2653 ὑψηλὸς
3212 2583 3399 2650 λόγος,
3435 2581 3664 2652 πύργος
3695 2577 3799 2630 ἐστὶ

2200 2684 2344 2737 κατά
2367 2681 2567 2754 ψυχὴν,
2600 2683 2722 2743 ταῖς
2750 2680 2860 2733 τῶν
2891 2678 3120 2733 ἐντολῶν
3148 2675 3464 2747 ἐνεργείαις
3507 2673 3804 2742 ὠχυρωμέ-

2198 2789 2309 2836 νος.
2345 2771 2458 2825 Καὶ
2505 2770 2663 2824 τοῦτό
2708 2771 2856 2822 ἐστιν
2903 2769 2932 2823 ὃ
2984 2784 3171 2839 φησιν,
3219 2767 3304 2820 ὅτι
3378 2764 3800 2834 ’ῼιιοδόμησεν

2211 2862 2401 2927 Ὀζῖας
2443 2863 2714 2930 πύργους
2757 2861 2828 2914 ἐν
2865 2858 3278 2928 Ἰερουσαλήμ.
3335 2857 3400 2910 Ὀ
3448 2859 3572 2927 γὰρ
3627 2855 3800 2917 καλῶς

2198 2953 2555 3026 εύοδούμενος
2593 2954 2685 3006 ὲπὶ
2740 2954 2842 3022 τὴν
2901 2952 2989 3006 διὰ
3049 2950 3285 3020 θεωρίας
3344 2947 3665 3020 ὲκζήτησιν
3714 2946 3797 2999 τοῦ

2198 3044 2429 3116 Κυρίου,
2468 3044 2608 3116 μετὰ
2654 3043 2748 3097 τοῦ
2799 3043 3238 3114 ὲπιδείλημένου
3297 3040 3501 3109 φόὸου,
3559 3041 3798 3094 τουτέστι

2198 3137 2298 3206 τῆς
2333 3135 2444 3190 τῶν
2497 3136 2727 3190 ἐντολῶν
2766 3137 3042 3206 πράξεως,
3093 3135 3377 3204 οἰκοδομεῖ
3441 3134 3702 3204 πύργους
3745 3135 3796 3184 ἐν

2211 3228 2590 3299 Ἰερουσαλὴμ.
2617 3229 2758 3282 κατά
2783 3228 2881 3299 τὴν
2913 3227 3094 3294 ἁπλῆν
3124 3225 3327 3297 δηλαδὴ
3379 3229 3481 3277 καὶ
3527 3223 3795 3294 ἠρεμίαν

2195 3321 2298 3388 τῆς
2327 3318 2510 3391 ψυχῆς
2555 3320 2917 3383 κατάστασιν,
2957 3319 3086 3382 τοὺς
3114 3318 3247 3388 περὶ
3275 3315 3550 3384 θεότητος
3576 3314 3788 3383 ivxta}an

2194 3409 2412 3479 λόγους.

2267 3500 2360 3567 ξδ’.
2389 3503 2451 3556 ΟΞ
2477 3501 2583 3556 τῶν
2629 3501 2722 3556 ἐπὶ
2770 3502 2974 3572 μέρους
2999 3500 3172 3570 λόγοι,
3203 3501 3316 3563 τοῖς
3348 3499 3608 3569 ,καθόλου
3637 3513 3797 3568 προσ·
3896 3529 3897 3536 η

2194 3593 2524 3666 χωροῦντες,
2560 3595 2664 3657 τὰς
2690 3594 2799 3647 τῶν
2829 3595 3179 3666 διῃρημένων
3226 3593 3463 3656 ὲνώσεις
3490 3591 3790 3645 ποιοῦνται·

2192 3687 2327 3741 διότι
2361 3687 2471 3741 τῶν
2521 3688 2909 3760 μερικωτέρων
2969 3686 3218 3750 ὲνοειδῶς
3263 3688 3317 3739 oi
3361 3683 3793 3752 καθολικώτερω

2191 3779 2320 3843 τοὺς
2351 3779 2544 3849 λόγους
2585 3778 3078 3850 περιλαμϐάνουσι,
3108 3779 3248 3850 πρὸς
3277 3777 3375 3840 οὓς
3420 3776 3670 3847 φυσικῶς
3701 3776 3794 3844 τὴν

2192 3869 2474 3940 ἀναφορὰν
2508 3868 2623 3939 ἔχει
2669 3869 2739 3923 τὰ
2783 3869 2925 3923 κατά
2961 3869 3146 3940 μέρος.
3185 3867 3353 3920 Ἀλλά
3395 3867 3496 3919 καὶ
3522 3864 3620 3917 νοῦ
3666 3864 3795 3935 apo;

2191 3959 2471 4030 αἴσθησιν,
2501 3961 2597 4014 καὶ
2621 3961 2858 4032 ούρανοῦ
2888 3960 3024 4031 πρὸς
3058 3959 3184 4028 γῆν,
3218 3959 3314 4011 καὶ
3341 3957 3633 4027 αἰσθητῶν
3667 3957 3793 4026 πρὸς

2190 4051 2378 4120 νοητὰ,
2411 4049 2508 4103 καὶ
2537 4049 2755 4119 φύσεως
2785 4050 2921 4122 πρὸς
2959 4048 3141 4118 λόγον,
3170 4048 3286 4102 ἔστι
3322 4065 3410 4111 τις
3459 4051 3560 4101 καὶ
3595 4047 3792 4100 τούτων

2193 4141 2444 4212 σχετικδς
2468 4142 2526 4194 ἐν
2558 4141 2833 4214 πνεύματι
2874 4141 3052 4210 λόγος,
3081 4141 3184 4212 τὴν
3208 4138 3346 4210 πρὸς
3378 4137 3602 4210 ἄλληλα
3628 4137 3790 4196 διδοὺς

2190 4231 2377 4296 αὐτοῖς
2400 4231 2616 4286 ἕνωσιν.

2263 4406 2358 4474 ξε’.
2415 4407 2476 4462 ’0
2510 4407 2622 4460 τῶν
2658 4405 2850 4459 παθῶν
2881 4404 3129 4478 δυνηθεὶς
3154 4397 3436 4475 ἐξηλῶσαι
3471 4404 3575 4470 τὰς
3608 4405 3789 4474 αἰσθή-

496 4487 678 4553 licuit,
717 4489 1076 4560 animumque
1123 4506 1153 4545 a
1197 4508 1461 4550 sensuum
1514 4497 1748 4554 libidine
1798 4501 2083 4573 abjunxit;

2205 4517 2328 4565 ςεις,
2365 4501 2460 4554 καὶ
2508 4499 2608 4569 τῆς
2659 4499 2768 4551 τῶν
2820 4499 3127 4568 αἰσθήσεων
3171 4499 3416 4568 σχέσεως
3466 4499 3573 4570 τὴν
3622 4499 3790 4568 ῥυῇ-ο

495 4598 660 4651 quem
705 4583 814 4637 sibi
858 4582 915 4635 in
953 4597 1196 4639 mentem
1245 4586 1502 4644 diabolus
1550 4583 1881 4649 intermedio
1918 4612 2086 4652 sensu

495 4671 709 4724 aditum
750 4681 1155 4742 perstruxerat,
1199 4677 1493 4734 obstruere
1539 4682 1734 4738 valuit.
1772 4683 1986 4741 Idcirco
2028 4687 2085 4742 in

495 4762 720 4817 deserto
764 4762 1046 4835 (naturali
1081 4767 1293 4824 scilicet
1323 4771 1737 4842 speculatione)
1779 4777 1953 4832 veluti
1994 4779 2087 4834 [ir-

497 4865 617 4904 mas
648 4859 832 4907 turres
866 4868 933 4908 ac
959 4863 1129 4919 tutas,
1163 4857 1285 4926 pias
1312 4857 1380 4913 de
1417 4859 1586 4916 rebus
1627 4862 1921 4933 opiniones
1952 4867 2086 4924 aedi-

495 4941 680 4998 ﬁcavit
709 4962 723 4999 :
749 4945 818 5000 ad
855 4963 994 5017 quas
1025 4950 1122 5019 qui
1168 4951 1440 5022 confugit,
1475 4969 1588 5010 non
1628 4971 1727 5012 eos
1769 4958 1950 5026 timet,
1987 4962 2085 5032 qui

495 5036 551 5090 in
604 5038 712 5093 hoc
757 5039 984 5096 deserto
1035 5041 1260 5114 (natura
1315 5046 1534 5104 scilicet
1584 5051 1762 5106 oculis
1809 5053 2083 5126 subjecta)

493 5129 785 5204 latrocinia
831 5143 1097 5190 exercent
1139 5135 1219 5207 (id
1248 5146 1355 5204 est,
1385 5139 1687 5214 dtemones)
1715 5145 1923 5214 quique
1957 5163 2085 5202 scn-

492 5236 654 5277 suum
695 5241 863 5296 opera
916 5235 1158 5285 mentem
1203 5231 1498 5299 seducunt,
1538 5245 1596 5290 et
1643 5236 1709 5290 ad
1758 5237 2084 5308 ignorantia;

492 5315 786 5386 caliginem
824 5320 1182 5388 pertrahunt.
1215 5323 1320 5392 Qui
1363 5327 1514 5397 enim
1549 5328 1785 5400 singulis
1821 5329 1876 5385 in
1914 5331 2084 5390 rebus

494 5408 584 5467 pie
619 5409 884 5479 opinatur
933 5428 1000 5468 ac
1049 5417 1239 5484 sentit,
1282 5418 1617 5476 sedueentes
1657 5422 1941 5482 daemones
1979 5443 2080 5497 per

491 5512 555 5552 ea
585 5515 708 5570 quae
731 5503 912 5560 oculis
939 5505 1240 5574 cernimus,
1272 5523 1383 5564 non
1417 5511 1638 5566 metuit.

560 5759 607 5789 α
643 5761 684 5813 il
720 5764 836 5821 l‘sal
893 5768 1109 5829 ruufi.
1190 5771 1232 5801 ε’
1263 5768 1399 5825 ibid.

1481 5773 1522 5800 “'
1557 5773 1686 5829 ibid.
1721 5777 1772 5830 9.

2194 4590 2629 4652 ἀποδιαστείλας,
2671 4589 3000 4660 κατίσχυσεν
3039 4587 3387 4656 ἀποτειχίσαι
3420 4588 3531 4657 τὴν
3570 4589 3792 4657 γενομέ-

2195 4697 2294 4750 νην
2328 4679 2423 4733 τοῦ
2479 4678 2728 4734 διαϐόλου
2761 4680 2899 4750 πρὸς
2941 4680 3030 4733 τὸν
3063 4678 3186 4732 νοῦν
3216 4677 3304 4731 διὰ
3345 4679 3543 4749 μέσων
3569 4681 3685 4733 τῶν
3715 4682 3792 4732 αξ-

2195 4773 2442 4844 σθήσεων
2478 4773 2704 4826 εἴσοδον·
2741 4773 2838 4824 καὶ
2876 4771 2966 4826 διὰ
3009 4770 3169 4825 τοῦτο
3205 4771 3349 4824 κατά
3398 4773 3512 4842 τὴν
3567 4772 3792 4844 ἔρημον,

2196 4865 2342 4938 φημὶ
2364 4865 2422 4919 δὲ
2451 4865 2552 4937 τὴν
2578 4865 2820 4936 φυσικὴν
2847 4863 3104 4937 θεωρίαν,
3136 4864 3302 4917 οἱονεὶ
3335 4864 3600 4935 πύργους
3624 4872 3794 4935 ἀστρα-

2193 4958 2330 5023 λεῖς,
2355 4956 2458 5020 τὰς
2487 4957 2735 5022 εὐσεϐεῖς
2763 4958 2895 5029 περὶ
2925 4955 3033 5010 τῶν
3058 4957 3230 5009 ὄντων
3262 4956 3598 5029 ᾠκοδόμησε
3620 4961 3791 5026 δόξας

2190 5051 2250 5103 ὲν
2288 5044 2378 5113 αἷς
2409 5051 2438 5104 ὁ
2477 5048 2878 5119 καταφεύγων,
2925 5050 2989 5104 ού
3029 5047 3276 5118 φοϐεῖται
3308 5048 3442 5112 τοὺς
3505 5053 3662 5104 κατὰ
3704 5053 3796 5119 τὴν

2188 5141 2397 5212 ἔρημον
2427 5141 2657 5212 ταύτηνσ
2698 5141 2844 5212 λέγω
2872 5141 2930 5195 δὲ
2980 5141 3079 5212 τὴν
3125 5139 3292 5209 φύσιν
3322 5140 3433 5192 τῶν
3468 5144 3793 5213 ὁρωμένων,

2188 5232 2552 5306 λῃστεύοντας
2595 5234 2857 5306 δαίμονας
2879 5275 2894 5300 ,
2941 5234 3038 5288 καὶ
3067 5232 3388 5298 πλανῶντας
3416 5234 3518 5288 τὸν
3552 5235 3687 5289 νοῦν
3714 5235 3794 5288 διὰ

2188 5327 2289 5398 τῆς
2333 5327 2661 5398 αἰσθήσεως,
2693 5327 2791 5380 ’καὶ
2824 5325 2960 5398 πρὸς
2998 5328 3225 5396 ἀγνοίας
3255 5328 3693 5399 κατασύροντας
3723 5331 3796 5394 ζίι

2189 5435 2309 5486 φον.
2358 5419 2418 5472 ὐ
2439 5418 2550 5490 γὰρ
2584 5419 2686 5490 τὴν
2715 5419 2919 5488 εὐσεδῆ
2961 5419 3090 5488 περὶ
3118 5418 3354 5472 ἕκαστον
3383 5419 3553 5485 δόξαν
3587 5424 3796 5489 κτηεά-

2190 5525 2376 5578 μενος,
2403 5511 2465 5563 οὺ
2489 5510 2698 5565 δέδοικε
2739 5510 2867 5574 τοὺς
2896 5511 2985 5564 διὰ
3007 5509 3120 5562 τῶν
3149 5509 3500 5580 φαινομένων
3538 5514 3796 5566 πλανῶν-

2184 5623 2283 5668 τας
2315 5607 2440 5672 τοὺς
2475 5606 2799 5680 ἀνθρώπους
2832 5606 3110 5678 δαίμονας.
