3930 6324
104 409 233 475 ινὶίιὸ

767 397 1108 465 CAPITUM
1145 393 1574 472 QUINQUIES
1611 391 2137 459 CENTENORUM
2175 371 2571 461 CENTURIA
2605 392 2688 454 Π.

3233 382 3370 449 Ῑὲἰιθ

170 521 273 596 ξςπ,
317 520 426 584 Πᾶς
454 514 579 582 νοῦς
622 515 776 586 ἰσχὺν
806 515 944 586 πρὸς
977 513 1216 586 θεωρίαν
1257 511 1420 582 ἔχων,
1457 507 1665 580 ἀληθής
1697 539 1706 569 4

1839 511 1926 567 66.
1978 511 2134 568 Mens
2184 512 2369 568 omnis
2399 510 2455 566 vi
2505 508 2574 563 ad
2627 503 3068 576 speculationem
3123 503 3372 574 pollens,

106 590 217 672 ἐστι
248 611 524 686 γεωργὸς,
577 609 799 680 καθαρά
860 605 1119 672 ζιζανίων
1180 603 1269 658 διὰ
1313 605 1415 673 τῆς
1465 598 1678 661 οἰκείας

1815 618 1948 658 erus
1982 603 2225 674 agricola
2259 609 2366 666 est,
2405 598 2615 654 munda
2657 609 2884 651 servans
2919 609 2950 649 a
2995 593 3247 676 zizaniis,
3290 590 3377 646 di-

103 708 334 776 σπουδῆς
362 703 454 759 καὶ
485 700 807 773 ἐπιμελείας
833 699 902 753 τὰ
932 698 1053 752 θεῖα
1084 696 1194 751 τῶν
1227 693 1449 764 ἀγαθῶν
1482 692 1679 760 διαφυ-

103 799 303 855 λάττων
338 796 664 867 σπέρματα,
719 792 915 864 μέχρις
972 780 1036 841 οῦ
1093 783 1470 856 συντηροῦσαν
1516 779 1681 835 αὐτὸν

102 893 195 962 ἔχῃ
228 889 327 959 τὴν
363 885 458 940 τοῦ
489 883 626 938 Θεοῦ
670 884 912 954 μνήμην.
961 879 1102 951 Φησὶ
1131 877 1276 949 γάρ·
1315 875 1426 930 Καὶ
1455 871 1535 945 ἦν
1579 873 1683 927 ἐκ·

80 981 284 1052 {mar
317 979 423 1034 τὸν
464 979 689 1047 Κύριον
727 977 798 1030 ἐν
826 973 950 1040 ταῖς
1003 972 1255 1042 ἡμέραις
1285 968 1584 1040 Ζαχαρίου
1615 967 1685 1020 ἐν

103 1076 260 1145 φόϐῳ
295 1071 541 1140 Κυρίου.
578 1068 856 1140 Ζαχαρίαν
898 1066 990 1130 δέ,
1033 1062 1284 1134 μνήμην
1348 1060 1498 1115 Θεοῦ
1548 1057 1684 1128 πρὸς

102 1169 199 1236 τὴν
241 1164 466 1220 Ἐλλάδα
519 1162 705 1232 φωνὴν
759 1157 1205 1230 μεταφερόμενον
1260 1151 1400 1208 οἶδεν
1446 1153 1474 1206 ὁ
1505 1149 1683 1220 λόγος.

104 1260 192 1314 Διὸ
217 1258 447 1312 πάντοτε
469 1254 750 1325 δεηθῶμεν
774 1249 870 1306 τοῦ
899 1249 1130 1322 Κυρίου,
1159 1248 1260 1318 τὴν
1287 1246 1556 1316 σωτήριον
1586 1243 1687 1297 αύ-

103 1349 194 1403 τοῦ
226 1346 567 1419 φυλαχθῆναι
588 1346 721 1414 ἡμῖν
766 1343 1012 1414 μνήμην,
1039 1341 1128 1393 ἵνα
1161 1337 1236 1410 μὴ
1277 1337 1372 1391 καὶ
1415 1333 1548 1390 αὐτὸ
1575 1333 1691 1387 δια-

107 1441 301 1512 φθείρῃ
346 1441 446 1509 τὴν
495 1436 676 1507 ψυχὴν
721 1435 784 1487 τὸ
844 1431 1310 1502 κατορθούμενον,
1362 1429 1498 1499 πρὸς
1555 1425 1692 1496 ὕψος

106 1529 380 1600 ἀρθεῖσαν,
416 1527 514 1582 καὶ
561 1525 672 1578 τῶν
705 1522 850 1595 ὑπὲρ
881 1520 1068 1590 φύσιν,
1099 1517 1176 1580 ὡς
1217 1518 1247 1570 ὁ
1290 1515 1492 1581 Ὀζίας,
1519 1529 1691 1567 κατα-

109 1623 471 1693 τολμήσασαν.

177 1692 272 1778 EC’.
331 1715 351 1735 '
415 1711 484 1765 Ἠ
537 1709 649 1762 τῶν
702 1707 876 1762 ὄντων
933 1702 1183 1772 ἀπλανὴς
1223 1698 1467 1770 θεωρία,
1503 1692 1696 1748 παθῶν

110 1803 538 1876 ἀπηλλαγμένης
591 1802 762 1854 δεῖται
808 1797 1007 1868 ψυχῆς
1063 1795 1186 1866 ἥτις
1225 1786 1586 1864 Ἰερουσαλὴμ
1615 1786 1698 1839 λέ-

110 1916 284 1967 γεται,
313 1898 401 1952 διά
430 1912 494 1949 τε
523 1893 622 1964 τὴν
655 1893 844 1964 ἄρτιον
875 1889 1076 1962 ἀρετὴν
1110 1886 1206 1941 καὶ
1233 1885 1333 1956 τὴν
1366 1883 1528 1938 ἄῦλον
1554 1879 1698 1948 γνῶ-

114 2008 213 2045 σινο
246 1990 368 2061 ἥτις
400 1989 462 2042 ού
500 1987 661 2058 μόνον
707 1983 850 2038 κατὰ
898 1975 1398 2053 στέρησινπαθῶν,
1432 1972 1568 2027 ἀλλά
1605 1971 1699 2024 καὶ

115 2083 427 2154 φαντασιῶν
453 2079 732 2150 αἰσθητῶν
763 2075 1094 2146 ἐπιγίνεται.

185 2353 286 2426 ξη⁸.
313 2352 502 2425 Χωρὶς
526 2349 764 2411 πίστεως
802 2345 898 2400 καὶ
935 2341 1150 2404 ἐλπίδος
1201 2337 1297 2394 καὶ
1339 2334 1587 2404 ἀγάπης,
1611 2331 1703 2384 οὺ-

115 2449 202 2503 δὲν
239 2447 365 2501 οὔτε
416 2445 530 2501 τῶν
577 2440 768 2497 κακῶν
817 2437 1184 2506 καταργεῖται
1232 2426 1534 2490 παντελῶς,
1579 2421 1704 2476 οὕτε

113 2542 222 2592 τῶν
254 2537 440 2594 καλῶν
485 2532 848 2606 κατορθοῦται
879 2526 1185 2582 τοσύνολον.
1232 2522 1297 2576 'll
1339 2519 1435 2592 μὲν
1473 2519 1584 2586 γὰρ
1612 2515 1705 2567 πί-

118 2647 253 2697 στις,
287 2628 473 2684 πείθεῑ
503 2625 581 2697 τῷ
611 2621 732 2693 Θεῷ
765 2619 1112 2692 προσχωρεῖν
1141 2614 1234 2667 τὸν
1281 2611 1408 2665 νοῦν
1436 2603 1708 2676 πολεμού-

120 2739 301 2793 μενον,
356 2721 542 2789 πάσης
595 2714 747 2784 αὒτῷ
799 2710 1060 2782 γινομένη
1123 2701 1476 2776 παρασκευῆς
1527 2697 1708 2750 ὃπλων

119 2787 512 2885 πνευματικῶν
547 2809 686 2882 πρὸς
739 2805 800 2859 τὸ
860 2804 1086 2874 θαρρεῖν
1134 2793 1508 2866 παραμύθιον.
1554 2789 1622 2843 Ἦ
1650 2787 1709 2842 δὲ

119 2908 294 2972 ἐλπὶς,
335 2907 440 2976 τῆς
469 2903 619 2964 θείας
661 2896 810 2968 αὐτῷ
855 2895 1183 2949 καθίσταται
1220 2887 1474 2960 βοηθείας
1507 2885 1712 2951 ἐγγυη-

117 3001 217 3071 τὴς
278 2973 717 3068 ἀψεύδέστατος,
770 2989 871 3060 τὴν
916 2985 1026 3039 τῶν
1081 2981 1340 3038 ἐναντίων
1390 2973 1713 3046 καθαίρεσιν

121 3070 576 3162 ἐπαγγελλομένη
615 3084 922 3154 δυνάμεων.
989 3079 1052 3131 Ἦ
1097 3076 1154 3129 δὲ
1202 3072 1414 3142 ἀγάπη,
1441 3070 1715 3138 δυσμετα-

1782 694 2012 766 ligentia
2065 710 2165 750 sua
2215 706 2274 750 et
2321 709 2494 756 cura,
2552 689 2740 746 divina
2797 687 3072 742 bonorum
3123 684 3372 749 semina,

1786 787 2037 858 quandiu
2061 788 2159 842 Dei
2195 787 2548 848 memoriam,
2570 785 2694 856 ejus
2737 782 3048 837 munimine
3091 789 3210 835 tuta
3233 822 3248 846 ,
3275 780 3378 834 ha-

1784 880 1994 936 buerit.
2029 880 2123 934 Ait
2161 879 2310 934 enim
2350 897 2365 932 :
2402 878 2472 932 Et
2513 885 2631 930 erat
2663 877 2944 947 exquirens
2987 873 3274 928 Dominum
3319 875 3376 927 in

1785 972 1968 1028 diebus
2006 970 2306 1036 Zacharim,
2352 972 2408 1024 in
2463 971 2652 1022 timore
2698 967 2912 1022 Domini
2955 965 3022 1021 ".
3066 966 3243 1021 Porro
3277 964 3380 1019 Za-

1787 1067 2059 1132 chariam,
2087 1067 2134 1121 si
2160 1067 2348 1136 lingua
2374 1071 2566 1119 nostra
2591 1062 2914 1125 reddamus,
2937 1060 3036 1114 Dei
3067 1060 3380 1114 memoriam

1789 1173 1988 1213 sonare
2035 1171 2148 1212 non
2181 1157 2486 1211 nescimus.
2523 1155 2793 1220 Quocirca
2829 1151 3126 1208 Dominum
3161 1165 3383 1220 semper

1789 1265 2036 1312 oremus,
2081 1257 2143 1305 ut
2190 1249 2456 1304 salutaris
2485 1249 2606 1318 ejus
2644 1245 2913 1300 memoria
2958 1243 3123 1298 nobis
3161 1231 3386 1297 conser-

1789 1352 1976 1410 vetur,
2010 1358 2080 1397 ne
2111 1341 2293 1412 ipsum
2327 1341 2434 1395 hoc
2465 1337 2616 1410 quod
2647 1345 2801 1394 recte
2836 1351 3017 1407 exque
3047 1336 3257 1391 virtute
3292 1350 3384 1405 ge-

1793 1435 1958 1498 ritur,
2007 1432 2294 1494 interitum
2348 1432 2546 1486 anima:
2597 1431 2814 1501 pariat,
2861 1428 2995 1484 dum
3047 1427 3105 1483 in
3148 1427 3387 1483 sublime

1793 1526 2050 1598 erigitur,
2109 1541 2175 1580 ac
2223 1525 2378 1580 velut
2422 1523 2611 1588 Ozias,
2665 1531 2873 1578 temere
2927 1519 3216 1594 praesumit
3262 1533 3386 1590 qua:

1795 1629 2008 1675 natura:
2037 1619 2356 1674 facultatem
2393 1617 2673 1673 excedunt
2705 1614 2774 1670 °°.

1869 1712 1957 1767 67.
1991 1710 2156 1766 Certa
2218 1722 2521 1778 erroreque
2589 1720 2787 1761 vacans
2835 1703 3143 1774 speculatio
3187 1701 3390 1757 immu-

1799 1823 1928 1863 nem
1960 1807 2028 1861 ab
2059 1804 2352 1860 aﬁ'ectibus
2386 1809 2555 1872 atque
2587 1799 2741 1856 vitiis
2778 1798 2944 1869 exigit
2982 1797 3266 1862 animum;
3295 1793 3389 1853 Je-

1802 1899 2042 1954 rusalem
2091 1895 2307 1952 scilicet
2358 1899 2778 1962 nuncupatum,
2826 1898 2945 1944 tum
2995 1894 3224 1958 propter
3263 1899 3392 1956 per-

1801 1989 2000 2045 fectam
2037 1986 2200 2057 550
2229 1985 2515 2048 virtutem,
2555 1990 2673 2036 tum
2706 1986 2934 2052 propter
2967 1975 3392 2032 immaterialem

1799 2081 2052 2149 nihilque
2073 2087 2357 2133 terrenum
2377 2075 2670 2130 habentem
2695 2070 2982 2126 scientiam
3008 2085 3023 2134 ;
3049 2083 3170 2138 quae
3193 2079 3394 2136 nempe

1802 2172 2010 2229 nedum
2068 2169 2374 2226 eliminatis
2423 2165 2721 2222 all'ectibus
2769 2173 2938 2234 atque
2983 2161 3160 2226 vitiis,
3196 2159 3292 2215 sed
3339 2167 3396 2212 et

1805 2279 1993 2320 rerqu
2045 2261 2336 2317 sensilium
2379 2257 2838 2330 cogitationibus,
2873 2253 3120 2325 proclive
3158 2249 3392 2305 accedit.

1875 2357 1964 2412 68.
2006 2355 2231 2410 Nullum
2261 2352 2490 2407 omnino
2515 2350 2727 2419 absque
2763 2346 2891 2410 ﬁde,
2915 2359 3011 2415 spe
3039 2351 3096 2398 et
3123 2340 3394 2396 charitate

1805 2451 2069 2505 vitiorum
2114 2444 2462 2509 destruitur,
2507 2442 2587 2495 uti
2632 2455 2814 2509 neque
2858 2450 3089 2509 prorsus
3120 2433 3396 2488 virtutum

1807 2543 1923 2598 ulla
1963 2547 2279 2611 priestatur.
2315 2535 2481 2590 Fides
2510 2534 2683 2598 enim,
2715 2532 2847 2587 dum
2887 2528 3248 2597 impugnatur
3279 2521 3401 2578 ani-

1809 2650 1956 2698 mus,
1984 2639 2180 2686 auctor
2201 2636 2288 2684 est
2310 2625 2668 2699 confugiendi
2699 2623 2768 2679 ad
2794 2624 2992 2686 Deum,
3021 2620 3187 2688 eique
3216 2614 3400 2670 omnis

1809 2721 2146 2797 spiritalium
2203 2734 2490 2775 armorum
2545 2722 2884 2787 apparatus,
2937 2709 3144 2781 quibus
3200 2703 3401 2760 ﬁducia

1810 2825 2066 2889 paretur,
2109 2812 2347 2868 efﬁcitur
2374 2809 2658 2865 solatium.
2701 2806 2840 2876 Spes
2867 2810 3053 2858 autem
3077 2798 3321 2853 divinam
3350 2791 3402 2847 ei

1811 2906 2104 2963 verissime
2133 2902 2466 2975 Oppignerat
2517 2914 2704 2969 opem,
2741 2893 3006 2952 delendas
3057 2885 3406 2946 adversarius

1813 3004 2121 3070 potestates
2202 2993 2432 3050 omnino
2491 2990 2787 3062 pollicens.
2853 2985 3110 3045 Charitas
3163 2979 3405 3048 denique

1815 3069 1958 3163 aegre
1995 3088 2253 3143 mobilem
2295 3083 2452 3156 (quin
2493 3091 2551 3138 ct
2589 3095 2819 3152 prorsus
2855 3069 3224 3144 immobilem)
3262 3084 3406 3142 prae-

124 3159 368 3256 κίνητον,
415 3159 624 3254 μᾶλλον
674 3178 752 3242 δὲ,
805 3175 1043 3246 πάμπαν
1092 3169 1383 3238 ἀκίνητονν,
1419 3162 1524 3232 τῆς
1561 3159 1706 3221 θείας

1818 3191 1946 3246 stat,
1979 3179 2154 3235 divini
2191 3177 2454 3234 illecebra
2497 3171 2725 3238 amoris,
2781 3180 2897 3225 tum
2933 3168 3100 3224 etiam
3141 3179 3268 3220 cum
3307 3161 3410 3213 im-

129 3251 370 3353 στοργῆς
401 3251 567 3330 αὑτὸν
601 3268 742 3326 εἶναι
793 3260 1212 3342 παρασκευάζει
1237 3257 1332 3312 καὶ
1363 3251 1706 3324 πολεμούμε-

1818 3283 2118 3346 pugnatur,
2145 3269 2392 3344 ejusvim
2428 3281 2649 3324 omnem
2683 3260 3006 3336 cupiditatis
3040 3256 3234 3314 divino
3262 3251 3411 3311 desi-

128 3341 241 3438 vov,
274 3341 640 3442 ’προσηλοῦσα
693 3361 772 3434 τῷ
828 3341 958 3429 θείῳ
1001 3353 1152 3424 πόθῳ
1193 3351 1376 3404 πᾶσαν
1428 3344 1595 3400 αὐτοῦ
1619 3341 1721 3414 τὴν

129 3467 227 3534 τῆς
254 3463 502 3532 ἐφέσεως
539 3457 793 3526 δύναμιν.

201 3526 312 3623 ξθθ..
353 3555 422 3608 Ἢ
465 3551 653 3613 πίστις
692 3544 1106 3617 παραμυθεῖται
1155 3537 1250 3592 τδν
1283 3532 1412 3589 νοῦν
1451 3526 1722 3600 πολεμού-

138 3669 317 3724 μενον,
353 3649 616 3724 βοηθείας
659 3644 836 3699 ἐλπίδι
870 3639 1232 3713 ῥωννύμενον·
1274 3635 1309 3704 ἡ
1352 3631 1410 3686 δέ
1440 3629 1594 3692 ἐλπὶς
1629 3625 1722 3724 ύπ’

134 3745 254 3814 ὄψιν
296 3744 513 3813 ἄγουσα
549 3738 648 3810 τὴν
688 3734 1076 3790 πιστευθεῖσαν
1111 3726 1389 3798 βοήθειαν,
1415 3716 1724 3790 ἀποκρούε-

135 3808 225 3891 ται
255 3808 356 3907 τὴν
385 3833 498 3888 τῶν
526 3808 923 3899 ἀντικειμένων
964 3818 1336 3891 καταδρομήν·
1363 3813 1398 3883 ἠ
1420 3811 1479 3864 δὲ
1510 3808 1723 3907 ἀγάπη.

137 3897 336 4001 νεκρὰν
359 3925 658 3994 καθίστησι
692 3897 772 3991 τῷ
802 3914 1038 3988 φιλοθέῳ
1071 3910 1149 3982 νῷ
1181 3908 1291 3963 τῶν
1325 3899 1602 4001 πολεμίων
1629 3897 1728 3968 τὴν

139 3993 474 4091 προσϐολὴν,
521 3993 594 4088 τῇ
623 4011 760 4087 πρὸς
800 4009 934 4063 Θεὸν
989 4003 1175 4075 ἐφέσει
1216 3995 1498 4058 παντελῶς
1545 3993 1728 4063 ἀμαυο

143 4130 234 4184 ρον
243 4112 438 4184 μένην.

1820 3365 1980 3421 derio
2006 3362 2249 3434 aﬁigens.

1893 3548 1982 3605 69.
2018 3544 2207 3611 Fides,
2245 3543 2491 3598 animum
2521 3538 2618 3612 qui
2660 3537 3040 3608 impugnatur,
3071 3540 3289 3604 sperata
3319 3544 3413 3588 sa-

1821 3643 1938 3698 lute
1980 3641 2304 3696 roboratum
2349 3637 2585 3693 solatur.
2631 3632 2770 3704 Spes
2813 3638 3026 3694 autem,
3074 3627 3282 3699 ipsum,
3315 3625 3412 3680 cui

1824 3730 2074 3787 adhibita
2121 3727 2295 3790 ﬁdes,
2347 3725 2620 3781 auxilium
2665 3723 2771 3778 sub
2825 3727 3114 3792 aSpectum
3166 3731 3412 3790 ponens,

1826 3821 2276 3878 adversariorum
2333 3815 2603 3871 insultum
2655 3812 2907 3882 depellit.
2954 3809 3212 3866 Charitas
3259 3806 3418 3862 deni-

1827 3929 1958 3986 que,
1999 3911 2258 3968 inl‘cstam
2305 3906 2555 3964 hostium
2596 3902 2776 3960 aciem
2829 3902 3064 3973 ejusque
3114 3900 3452 3968 impetum,‘

1829 4003 2109 4062 desiderio
2139 4001 2195 4058 in
2231 4001 2408 4056 Deum
2441 4011 2672 4070 prorsus
2701 3999 3048 4056 enervatum,
3080 3989 3176 4046 Dei
3215 3987 3416 4046 cultori

1829 4112 1895 4154 ac
1925 4094 2184 4167 religioso
2219 4091 2406 4148 animo
2439 4096 2756 4146 emortuum
2791 4085 2941 4140 facit.

208 4171 270 4260 ον..
317 4171 484 4264 Θείας
523 4197 692 4260 ὅντως
726 4192 962 4265 μερίδος,
994 4189 1162 4257 ἤγουν
1187 4179 1443 4252 γνώσεως
1471 4171 1706 4247 ἀληθοῦς

1904 4189 1992 4246 70.
2029 4187 2251 4245 Primus
2291 4199 2488 4240 revera
2529 4181 2789 4251 solusque
2819 4176 3022 4233 divina:
3054 4172 3230 4246 partis
3257 4171 3423 4242 (verte

144 4294 277 4360 υἱὸς,
315 4262 540 4364 πρῶτός
578 4305 638 4342 τε
662 4262 758 4340 καὶ
791 4262 970 4354 μόνος,
995 4280 1023 4333 ὁ
1049 4274 1189 4332 κατά
1208 4275 1307 4346 τὴν
1333 4271 1519 4325 πίστιν
1549 4268 1649 4340 τῆς
1675 4269 1706 4318 ἐε

1832 4281 2048 4339 scilicet
2093 4275 2361 4348 scientiae)
2404 4274 2573 4340 ﬁlius,
2612 4285 2796 4328 sermo
2823 4268 2952 4324 ﬁdei
2991 4274 3078 4323 est
3121 4263 3323 4320 divina:
3365 4262 3422 4318 in

141 4354 276 4456 ἡμίν
319 4354 476 4448 θείας
510 4374 864 4438 ἀναστάσεώς
901 4375 1020 4426 ἐστι
1060 4369 1248 4438 λόγος,
1291 4364 1430 4437 μετὰ
1452 4363 1552 4434 τῆς
1582 4356 1704 4413 δεού

1834 4374 1998 4432 nobis
2037 4367 2486 4434 resurrectionis,
2519 4379 2648 4421 cum
2677 4359 2894 4418 decenti
2930 4357 3098 4414 animi
3129 4371 3192 4412 ac
3224 4354 3422 4410 volun-

147 4445 246 4549 σης
283 4476 432 4533 κατὰ.
588 4469 816 4543 γνώμην
835 4463 1172 4534 οἰκονομίας,
1196 4460 1364 4532 ἧγουν
1383 4455 1706 4527 διακρίσεως

1839 4466 1968 4523 tatis
2001 4459 2421 4534 dispensatione
2459 4457 2537 4531 (id
2577 4465 2682 4522 est,
2715 4452 3051 4510 discretione
3089 4463 3156 4504 ac
3193 4445 3422 4520 judicio)

145 4536 325 4636 καλῶς
347 4536 629 4639 διαφέρων
670 4536 785 4626 τάς-
807 4577 866 4613 τε
911 4556 1020 4611 τῶν
1049 4553 1315 4609 ἐκουσίων
1339 4549 1434 4605 καὶ
1463 4544 1704 4601 ἀκουσίω

1842 4559 2208 4614 tentationum
2243 4552 2484 4608 insultus
2513 4559 2741 4606 strenue
2770 4546 3037 4612 tolerans,
3068 4550 3185 4598 tum
3214 4554 3336 4610 quae
3359 4553 3428 4594 ex
3501 4536 3508 4544 '

149 4661 476 4734 πειρασμῶν
506 4656 921 4715 ἐπαναστάσεις.
967 4649 1080 4703 Καὶ
1127 4647 1236 4717 γὰρ
1273 4641 1468 4716 πρώτη
1517 4642 1574 4694 ἐν
1605 4639 1706 4710 ήμῖ

1838 4651 2162 4714 voluntate,
2207 4654 2325 4701 tum
2374 4658 2496 4715 quae
2546 4641 2805 4697 violentae
2855 4644 3198 4705 externoque
3242 4641 3430 4688 actore

146 4726 448 4816 ἀνάστασις
466 4747 561 4803 τοῦ
576 4747 667 4800 διὰ
677 4745 774 4814 τῆς
790 4740 1012 4810 ἀγνοίας
1031 4740 1161 4808 ἡμῖν
1188 4732 1556 4804 νεκρωθὲντος
1575 4728 1706 4782 Θεοῦ

1838 4743 2138 4800 exsistunt.
2170 4740 2356 4795 Prima
2388 4750 2630 4806 namque
2659 4731 2757 4789 Dei
2787 4747 2819 4788 a
2847 4729 3012 4786 nobis
3038 4743 3140 4799 per
3171 4726 3430 4798 ignoran-

146 4849 180 4919 ἡ
220 4846 408 4909 πίστις
423 4843 562 4908 ἐστὶ,
597 4839 776 4902 καλῶς
817 4837 927 4900 τοῖς
951 4833 1134 4905 ἔργοις
1148 4829 1258 4883 τῶν
1277 4823 1506 4880 ἐντολῶν
1535 4825 1706 4877 οἰκονο

1839 4836 1970 4890 tiam
1999 4831 2294 4896 exstincti,
2320 4825 2655 4884 resurrectio
2673 4864 2688 4889 ,
2725 4821 2865 4879 ﬁdes
2894 4827 3010 4888 est,
3037 4834 3160 4892 qua:
3175 4815 3431 4872 mandata

152 4914 254 5011 μου
263 4938 425 5012 μέν-η.

1841 4942 2006 4999 opere
2038 4921 2350 4996 praestando
2381 4921 2488 4975 rite
2521 4917 2828 4989 digeratur.
2904 4914 2911 4920 ’

221 5007 322 5085 οα’.
387 5007 454 5083 Ἦ
486 5030 625 5100 πρὸς
658 5025 790 5079 Θεὸν
842 5019 1167 5090 ἐπιστροφὴ,
1215 5013 1402 5084 σαφῶς
1447 5009 1644 5083 μηνύει
1668 5007 1739 5063 δι’

153 5120 359 5192 ἑαυτῆς
388 5120 479 5174 τδν
512 5084 888 5189 πληρέστατον
911 5084 1019 5183 τῆς.
1040 5084 1188 5172 θείας
1218 5105 1432 5169 ἐλπίδος
1459 5103 1616 5171 λόγον
1646 5100 1706 5172 (j)

1846 5105 2131 5162 nissimam
2178 5109 2366 5172 aperte
2416 5097 2617 5154 divina:
2671 5093 2788 5165 spei
2825 5090 3095 5146 rationem
3137 5084 3430 5158 signiﬁcat,

152 5208 216 5268 οῦ
239 5178 431 5286 χωρὶς,
739 5207 914 5262 οὐδενὶ
946 5178 1070 5260 καθ’
1092 5201 1271 5258 ὁτιοῦν
1294 5200 1431 5271 πρὸς
1457 5198 1590 5252 Θεὸν
1621 5194 1706 5248 ἐπί

1849 5199 1968 5254 sine
1995 5209 2104 5267 qua
2134 5205 2419 5263 nunquam
2451 5189 2566 5254 ﬁat,
2594 5194 2656 5243 ut
2689 5185 2815 5258 quis
2853 5183 2964 5238 ulla
3001 5180 3214 5235 ratione
3249 5178 3436 5232 animo

155 5324 344 5370 νευσις
403 5303 653 5375 γίνεσθαι
704 5301 968 5367 πέφυκεν·
1027 5296 1183 5365 εἴπερ
1237 5291 1452 5355 ἐλπίδος
1495 5289 1648 5352 ἴδιον,
1686 5304 1706 5339 τ

1852 5291 1908 5370 in
1935 5289 2107 5343 Deum
2138 5284 2336 5340 tendat
2359 5283 2522 5353 eique
2554 5279 2842 5336 assentiat.
2873 5276 2933 5332 ld
2964 5275 3115 5331 enim
3149 5271 3264 5342 spei
3311 5283 3435 5322 mu-

158 5357 428 5470 οξτίᾶιηᾷ
447 5396 604 5466 ἄγειν
625 5394 701 5458 ὡς
730 5357 976 5463 παρόντα
1002 5389 1072 5442 τά
1102 5357 1388 5460 μέλλοντα*
1427 5384 1521 5439 καὶ
1580 5383 1706 5455 μηδσ

1853 5359 2006 5436 neris
2049 5383 2156 5440 est,
2195 5383 2256 5429 ut
2292 5389 2416 5444 quae
2457 5371 2647 5427 futura
2671 5376 2820 5434 sunt,
2854 5376 3114 5436 tanquam
3144 5357 3435 5434 praesentia

233 5555 280 5588 ⁸⁷
309 5554 445 5610 ibid.
478 5553 532 5610 5.
608 5552 653 5583 ⁸⁸
680 5545 815 5605 ibid.
852 5547 938 5602 16.

232 5675 250 5689 '
283 5668 365 5726 Cf.
399 5669 467 5725 ad
496 5667 746 5723 Thalass.
778 5680 832 5734 q.
867 5662 932 5718 49
967 5675 1140 5730 usque
1164 5658 1230 5712 ad
1260 5672 1382 5727 cap.
1412 5655 1500 5710 85.

237 5785 303 5854 (j)
332 5788 443 5840 'I‘r‘r
471 5784 891 5851 πληρέστατον
921 5779 1222 5854 rﬁcﬂeiqq
1259 5772 1505 5852 ἐλπίδος
1533 5769 1738 5836 λόγον.

165 5842 325 5912 (Ζιοῗο
352 5842 870 5912 Μοιὶιιιίἔεηιεηιίει
894 5869 906 5917 ;
945 5842 1149 5905 includi
1173 5842 1603 5902 inconversione
1631 5855 1743 5894 mo-

1855 5776 1968 5820 tum
1992 5779 2122 5833 spe:
2162 5763 2309 5834 quod
2335 5770 2390 5817 et
2409 5759 2710 5834 declaravit
2735 5771 2893 5813 conc.
2931 5752 3086 5809 Trid.
3117 5753 3281 5810 Picus
3300 5748 3440 5807 nihil

1854 5829 2221 5903 θρηυξλόγοῦ,
2258 5835 2500 5888 animum
2537 5829 2736 5886 reddit.

1916 5015 2008 5069 Η.
2039 4991 2347 5068 Comei-sio
2388 5005 2459 5062 ad
2504 5006 2712 5070 Deum,
2752 5001 2839 5058 sui
2887 4999 3006 5069 ipsa
3056 4995 3270 5052 ratione
3312 4991 3432 5063 ple-
3521 4991 3527 4995 ’
