3930 6324
136 283 275 347 iiii-3

830 281 1163 341 CAPITUM
1206 280 1627 352 QUINQUIES
1664 278 2183 341 CENTENORUM
2224 282 2611 343 CENTURIA
2660 286 2735 343 ll.

3285 283 3419 348 12250

132 402 407 470 γενναίως
441 395 614 469 μύσας
653 396 745 457 τὰς
783 393 1089 462 αίσθήσεις,
1124 394 1217 445 καὶ
1261 393 1358 463 τὴν
1383 392 1489 443 τῶν
1531 391 1724 460 αἰσθη-

1850 393 2208 459 mrgentibns.
2237 408 2541 463 eorumque
2577 394 2773 447 infesta
2800 394 2938 458 acie,
2975 410 3170 450 sensus
3206 396 3419 453 fortiter

130 493 244 545 τῶν
275 492 579 559 φαντασίαν
621 505 676 540 τε
719 488 813 539 καὶ
854 488 1089 561 μνήμην,
1121 484 1404 546 παντελῶς
1431 484 1727 553 ἀπωσάμε-

130 600 249 644 νος,
282 584 373 635 καὶ
408 582 693 643 συστείλας
746 579 921 649 πάντη
955 581 1054 642 τὰς
1087 576 1178 630 τοῦ
1208 576 1299 630 νοῦ
1332 578 1459 645 περὶ
1491 577 1589 646 τὴν
1620 575 1728 626 τῶν

133 675 297 737 ἐκτὸς
326 675 552 744 ἔρευναν
586 673 821 742 φυσικὰς
865 673 1131 742 κινήσεις,
1158 670 1467 741 κατῄσχυνε
1498 669 1729 740 νικήσας

133 766 228 819 διὰ
270 767 371 835 τῆς
404 765 557 828 θείας
588 765 789 838 χειρὸς,
826 765 925 834 τήν
956 765 1342 817 ἑπαναστᾶσαν
1372 760 1521 831 αὐτῷ
1556 778 1728 832 πονη-

139 859 245 919 ρὰν
274 860 366 911 καὶ
394 862 723 928 τυραννικὴν
755 857 1095 911 δυναστείαν.

212 1039 312 1102 οζ¹.
348 1040 518 1090 Ὅταν
557 1038 721 1099 ἄνους
763 1040 790 1091 6
838 1037 996 1104 λόγος
1028 1035 1275 1107 γένηται,
1317 1035 1412 1087 καὶ
1453 1032 1731 1105 προπετὴς

137 1137 167 1186 6
205 1133 378 1202 θυμὸς
408 1132 501 1183 καὶ
535 1129 728 1197 ἄλογος
769 1132 801 1198 ἡ
851 1128 1140 1199 ἐπιθυμία,
1173 1130 1266 1181 καὶ
1307 1128 1497 1195 ἄγνοια
1524 1126 1617 1179 καὶ
1640 1144 1734 1178 τυ-

146 1226 337 1295 ραννὶς
366 1226 459 1277 καὶ
493 1224 761 1277 ἀκολασία
791 1222 1037 1293 κρατῶσι
1070 1224 1167 1291 τῆς
1193 1222 1392 1291 ψυχῆς,
1422 1221 1539 1273 τότε
1577 1222 1607 1289 ή
1636 1220 1732 1289 τῆς

140 1316 345 1375 κακίας
387 1315 498 1379 ἕξις
550 1314 869 1385 ἔμπρακτος
913 1313 1160 1381 γίνεσθαι
1214 1314 1450 1390 πέφυκε,
1491 1311 1735 1382 συμπλα-

142 1410 302 1461 κεῖσα
334 1410 400 1477 τῇ
430 1407 674 1476 διαῳόρῳ
716 1406 824 1458 τῶν
860 1405 1168 1475 αἰσθήσεων
1199 1405 1381 1476 ἡδονῇ.

217 1504 316 1569 or].
351 1498 473 1567 Χρὴ
501 1496 592 1548 τὸν
623 1496 943 1563 γνωστικῶς
965 1496 1064 1557 τὰς
1094 1495 1360 1565 ἀοράτους
1389 1494 1730 1563 συμπλοκὰς,

143 1590 481 1645 ὑπαλύσκειν
512 1589 580 1657 (Ir)
612 1589 974 1658 ἐπιστάμενον
999 1589 1144 1652 νοῦν,
1182 1590 1314 1658 μήτε
1347 1589 1582 1659 φυσικὴν
1619 1607 1738 1659 μετ-

145 1685 287 1735 ιέναι
310 1682 564 1752 Θεωρίαν,
596 1682 718 1751 μηδ’
748 1680 874 1734 ἄλλο
903 1698 955 1733 τι
996 1684 1169 1732 ποιεῖν
1199 1683 1256 1733 ἐν
1284 1681 1363 1752 τῷ
1425 1684 1603 1752 καιρῷ
1632 1684 1735 1752 τῆς

142 1774 255 1827 τῶν
285 1771 537 1843 πονηρῶν
566 1772 849 1842 δυνάμεων
881 1771 1208 1843 προσϐολῆς,
1250 1772 1282 1843 ἢ
1314 1773 1474 1842 μόνον
1500 1774 1741 1839 προσεύ-’

145 1864 362 1936 χεσθαι,
407 1866 501 1916 καὶ
544 1864 604 1915 τὸ
644 1863 803 1932 σῶμα
845 1864 1028 1925 ττὸνοις
1079 1864 1363 1934 δαμάζειν.
1398 1868 1491 1917 καὶ
1521 1865 1616 1937 τὴν
1643 1864 1734 1918 τοῦ

146 1955 335 2027 χοϊκοῦ
373 1956 721 2025 φρονήματος
755 1954 841 2009 διὰ
880 1954 1060 2023 πάσης
1088 1956 1321 2027 σπουδῆς
1346 1957 1613 2009 ποιεῖσθαι
1641 1974 1737 2009 κα-

148 2047 416 2117 θαίρεσιν,
459 2046 549 2098 καὶ
584 2044 873 2115 φυλάττειν
916 2046 982 2098 τὰ
1021 2045 1174 2117 τείχη
1210 2048 1306 2116 τῆς
1340 2049 1566 2113 πόλεως·
1593 2049 1738 2117 λέγω

146 2140 205 2193 δὲ
238 2138 331 2201 τὰς
375 2138 748 2209 φρουρητικὰς
809 2137 906 2205 τῆς
949 2138 1126 2208 ψυχῆς
1178 2139 1395 2207 ἀρετὰς,
1438 2140 1598 2210 ﬁcit;
1630 2140 1736 2191 τῶν

149 2231 359 2301 ἀρετῶν
404 2230 746 2298 φυλακτικάς
787 2230 1063 2299 μεθόδους·
1105 2232 1429 2301 ἐγκράτειαν
1462 2232 1604 2299 λέγω
1644 2234 1737 2285 καὶ

151 2324 430 2392 ὑπομονήν
456 2340 469 2355 ο
515 2322 711 2393 μήπως
756 2320 843 2374 διὰ
896 2322 1003 2373 τῶν
1041 2321 1231 2386 δεξιῶν
1264 2324 1572 2394 ἀπατήσας,
1611 2327 1738 2377 ἁπο-

151 2417 325 2493 στήσῃ
351 2414 485 2469 Θεοῦ
519 2414 725 2483 κλέψας
755 2415 852 2484 τὴν
885 2415 1091 2482 ἔφεσιν,
1120 2418 1147 2469 6
1179 2415 1274 2487 τὴν
1300 2417 1476 2488 ψυχήν
1504 2418 1737 2479 ποτίζων

150 2507 471 2578 ἁνατραπὴν
497 2506 745 2577 θολερὰν,
768 2506 863 2560 καὶ
884 2506 970 2559 διὰ
992 2507 1099 2559 τῶν
1133 2508 1503 2579 νομιζομένων
1534 2509 1733 2572 καλῶν,

151 2598 290 2669 πρὸς
322 2597 389 2653 τὰ
431 2598 650 2670 χείρονα
705 2598 802 2667 τὴν
847 2598 915 2650 τὰ
974 2599 1118 2653 καλὰ
1170 2598 1440 2668 ζητοῦσαν
1490 2600 1736 2670 onmem

149 2690 404 2745 διάνοιαν.
962 2694 965 2695 ⁷

225 2869 319 2923 σθ’.
368 2871 426 2922 'O
452 2871 714 2939 γενναίως
762 2870 851 2923 διὰ
891 2875 990 2941 τῆς
1029 2872 1417 2945 λελογισμένης
1454 2874 1545 2925 καὶ
1584 2892 1739 2947 περι-

149 2962 376 3031 εκτικῆς
413 2962 738 3032 ἐγκρατείας
790 2962 851 3032 (ί)
882 2964 977 3015 καὶ
1017 2964 1294 3033 ὑπομονῆς
1327 2964 1503 3033 μύσας
1530 2965 1626 3028 τὰς
1656 2968 1739 3018 αίκ

1831 483 2110 549 clauserit,
2147 500 2440 554 rerumque
2486 503 2705 541 sensum
2750 489 3089 541 moventium
3132 490 3419 559 cogitatio-

1830 590 1954 629 nem
2000 578 2441 647 rncm'oriamque
2484 580 2709 632 omnino
2760 580 3100 633 submoverit.
3142 598 3155 633 :
3194 590 3423 636 natura-

1830 668 2019 737 lcsque
2056 671 2245 724 itidem
2277 671 2444 724 animi
2474 681 2656 724 motus
2687 671 2784 724 abs
2816 672 3128 725 scrutandis
3164 672 3272 726 illis
3305 686 3427 742 qute

1831 763 2078 815 exterius
2124 771 2281 825 sunt,
2336 764 2560 831 penitus
2608 764 2946 827 coercuerit,
3002 763 3185 817 divina
3234 764 3427 818 dextra

1832 853 2161 920 opitulante,
2196 853 2392 916 victor,
2422 868 2542 921 quze
2576 852 2628 905 in
2656 868 2780 905 cum
2807 854 3177 907 iusurrexerat
3207 856 3427 925 ncquis-

1834 945 2025 997 simam
2056 959 2119 997 ac
2152 944 2493 1015 tyrannicam
2526 952 2877 1014 potestatem,
2910 944 3178 999 confudit.

1906 1037 1992 1089 77.
2045 1036 2181 1090 Cum
2233 1039 2374 1091 ratio
2424 1052 2644 1100 amens,
2698 1038 2776 1090 ira
2826 1052 3102 1107 przeceps,
3152 1037 3428 1107 cupiditas

1835 1125 1954 1179 sine
1990 1127 2225 1189 ratione,
2270 1127 2600 1194 ignorantia,
2635 1128 2736 1189 vis,
2776 1128 2999 1180 lascivia
3046 1128 3286 1181 animum
3323 1130 3427 1181 sibi

1832 1216 2236 1284 maneiparint;
2298 1226 2431 1269 tunc
2490 1217 2680 1285 vigens
2741 1226 2905 1284 atque
2960 1216 3147 1268 eilieax
3207 1217 3429 1270 malitia.-

1836 1307 2080 1371 habitus,
2132 1308 2422 1377 multiplici
2468 1323 2730 1362 sensuum
2779 1309 2994 1363 libidini
3044 1310 3426 1377 complicatus,

1836 1398 2081 1467 proclive
2117 1399 2319 1452 evadit.

1912 1490 1996 1544 78.
2030 1490 2227 1559 Operae
2269 1491 2510 1560 pretium
2559 1500 2661 1553 est,
2698 1500 2757 1543 ut
2803 1492 3082 1560 sapienter
3125 1491 3432 1545 invisibiles

1840 1597 2172 1652 congressus
2210 1584 2594 1653 subterfugere
2632 1584 2827 1638 doctus
2873 1585 3111 1647 animus,
3141 1600 3250 1652 quo
3294 1592 3431 1637 tem-

1841 1688 1973 1741 pore
2007 1674 2360 1741 nequissimae
2406 1682 2709 1743 potestates
2742 1672 3094 1737 adoriuntur,
3131 1689 3231 1727 nec
3267 1683 3397 1727 natu

1840 1767 2008 1819 ralem
2038 1767 2199 1819 obeat
2231 1767 2683 1835 speculationem,
2730 1781 2909 1834 neque
2949 1765 3099 1819 aliud
3134 1766 3265 1835 quid
3296 1784 3432 1835 pra?-

1839 1864 1966 1917 stet,
2001 1857 2105 1910 nisi
2148 1858 2325 1910 solum
2376 1865 2435 1909 ut
2488 1856 2751 1925 precibus
2793 1855 3075 1909 incumbat
3120 1872 3183 1911 ae
3231 1873 3431 1926 corpus

1837 1946 2121 2001 laboribus
2183 1949 2400 2012 domet,
2462 1948 2725 2016 oumique
2792 1947 3076 2019 diligentia
3144 1958 3429 2002 terremnn

1832 2050 2060 2094 Sensum
2118 2056 2179 2093 ac
2230 2040 2577 2109 prudentiam
2630 2041 2914 2102 destruat,
2970 2049 3133 2108 atque
3193 2039 3432 2093 civitatis

1838 2148 2026 2185 muros
2068 2132 2387 2186 custodiat:
2425 2146 2620 2201 nempe
2666 2131 2922 2194 virtutes,
2964 2132 3168 2201 quibus
3214 2133 3431 2186 animus

1840 2234 1900 2280 ιιι
1945 2227 2197 2294 praesidio
2240 2224 2552 2299 muniatur;
2588 2232 2680 2277 aut
2717 2224 2956 2277 rationes
2992 2225 3221 2291 viasque
3259 2225 3433 2277 virtu-

1840 2327 1956 2372 tum
1986 2318 2246 2373 custodes
2279 2318 2696 2388 (continentiam
2734 2317 2947 2369 scilicet
2978 2324 3029 2368 et
3062 2314 3429 2385 patientiam),

1838 2426 1907 2464 ue
1950 2428 2059 2480 quo
2097 2410 2258 2463 modo
2286 2411 2352 2471 is,
2388 2409 2479 2477 qui
2532 2406 2755 2460 turbida
2795 2406 3155 2458 subversione
3188 2406 3429 2458 animum

1841 2512 1992 2570 potat
2026 2502 2090 2563 ⁸⁸,
2142 2516 2238 2568 per
2274 2514 2535 2567 prospera
2565 2496 2898 2556 seducendo,
2928 2495 3236 2547 clanculum
3264 2511 3292 2547 a
3321 2496 3432 2549 Deo

1840 2590 2199 2657 cupiditatem
2245 2594 2487 2648 avertat;
2518 2600 2580 2637 ac
2622 2599 2719 2651 per
2752 2597 2837 2643 ea,
2872 2596 2991 2649 qure
3040 2580 3258 2633 honesti
3306 2595 3432 2649 Spe-

1841 2682 1980 2734 ciem
2030 2676 2268 2740 habent,
2321 2685 2557 2730 tuentem
2611 2675 2725 2727 lucc
2778 2674 2895 2742 ipsa
2948 2682 3317 2741 quaerentem,
3364 2673 3430 2725 ad

1842 2774 2117 2827 deteriora
2151 2770 2412 2839 paulatim
2452 2769 2649 2821 trahat.
3394 2840 3397 2841 ν

1913 2866 1999 2920 79.
2037 2865 2137 2930 Qui
2166 2864 2515 2918 considerata
2542 2878 2603 2914 ae
2633 2867 2924 2913 coercente
2945 2874 3041 2912 seu
3069 2869 3431 2912 conservante

1843 2975 1901 3012 ac
1937 2960 2209 3013 retinente
2242 2955 2583 3010 continentia
2623 2954 2996 3023 patientiaque
3044 2962 3266 3005 strenue
3308 2966 3435 3004 sena

153 3053 397 3124 σθήσεις,
425 3052 521 3104 καὶ
546 3053 634 3106 διὰ
660 3053 766 3106 τῶν
790 3052 928 3106 κατὰ
957 3053 1137 3123 ψυχὴν
1168 3056 1451 3125 δυνάμεων
1475 3056 1572 3119 τὰς
1604 3057 1737 3131 πρὸς

1850 3068 1936 3107 sus
1964 3052 2243 3113 clauserit,
2282 3065 2579 3115 rerumque
2612 3062 2834 3100 sensum
2870 3044 3208 3099 moventium
3242 3044 3431 3113 ﬁguris

142 3144 244 3199 τὸν
281 3144 403 3197 νοῦν
449 3144 557 3197 τῶν
592 3145 866 3215 αἰσθητῶν
912 3147 1212 3216 σχημάτων
1243 3148 1596 3216 ἀποτειχίσας
1623 3150 1736 3199 είσρ

148 3239 326 3301 ὁδους,
356 3238 597 3307 εὐχερῶς
652 3236 745 3289 τοῦ
799 3237 1049 3290 διαϐόλου
1098 3237 1194 3300 τὰς
1234 3239 1474 3308 πονηρὰς
1505 3239 1739 3292 διόλλυσι

157 3328 427 3399 μηχανὰς,
469 3329 827 3398 ὑποστρέφων
872 3329 1034 3381 αὐτὸν
1079 3330 1197 3397 μετ’
1233 3331 1494 3400 αἰσχύνης
1535 3334 1599 3402 τῇ
1637 3332 1741 3402 ὁδῷ

153 3416 188 3495 ᾖ
220 3417 403 3492 ἦλθεν.
457 3420 607 3483 Ὁδὸς
637 3421 692 3473 δὲ
722 3421 786 3473 δι’
824 3416 892 3493 ἧς
923 3423 950 3474 6
979 3421 1224 3485 διάεο).ος
1249 3422 1490 3493 ἔρχεται,
1528 3424 1642 3477 ἐστὶ
1672 3424 1741 3479 τὰ

157 3512 295 3585 πρὸς
345 3514 603 3567 σύστασιν
646 3515 739 3567 τοῦ
779 3515 1031 3585 σώματος
1080 3514 1216 3569 εἶναι
1261 3516 1524 3572 δοκοῦντα
1550 3518 1736 3574 Ὁλικά.

231 3776 305 3830 π’.
328 3777 477 3840 »Νοῦς
528 3776 707 3846 ἑαυτῷ
738 3780 878 3830 κατὰ
914 3778 1076 3847 φύσιν
1117 3780 1203 3831 διὰ
1239 3780 1402 3850 μέσου
1436 3781 1593 3848 λόγου
1624 3798 1741 3833 συν-

154 3870 302 3938 άψας
360 3870 458 3940 τὴν
506 3870 779 3939 αἴσθησιν,
840 3873 937 3943 τὴν
980 3874 1044 3926 ἐκ
1092 3877 1189 3943 τῆς
1232 3876 1468 3945 φυσικῆς
1508 3875 1741 3946 θεωρίας

151 3962 333 4033 ἀληθῆ
362 3947 679 4031 συλλέγεται
709 3964 931 4031 γνῶσιν.

232 4061 342 4108 πα’.
378 4055 559 4124 Πηγαί
612 4058 750 4108 εἰσιν
786 4056 888 4119 ἔξω
947 4057 1046 4125 τῆς
1095 4057 1322 4121 πόλεως’
1360 4060 1607 4112 τουτέστι
1640 4060 1741 4128 τῆς

151 4147 359 4216 ψυχῆς⁸
383 4146 446 4209 ἃς
479 4147 720 4210 Ἑζεκίας
744 4150 1065 4219 ἐμφράττει·
1084 4149 1395 4220 τὰαίσθητᾶ
1420 4152 1595 4203 πάντα
1621 4154 1736 4221 (ιη)-

156 4239 330 4292 ῦδατα
388 4241 443 4292 δὲ
502 4241 708 4293 τούτων
746 4243 1074 4311 τυγχάνουσι
1118 4244 1225 4295 τῶν
1285 4246 1498 4313 πηγῶν,
1534 4246 1601 4297 τά
1635 4248 1741 4300 τῶν

153 4331 433 4401 αἰσθητῶν
464 4334 731 4402 νοήματα·
785 4335 1026 4403 ποταμὸς
1066 4335 1122 4386 δὲ
1169 4335 1414 4404 διορίζων
1449 4337 1537 4388 διὰ
1570 4337 1742 4407 μέσης

1842 3162 1941 3216 per
1983 3147 2178 3198 anima:
2222 3145 2368 3197 vires
2415 3142 2622 3194 aditum
2665 3142 2719 3192 in
2769 3148 3007 3193 mentem
3056 3137 3427 3206 interceperit,

1843 3242 1909 3305 is,
1934 3240 2079 3293 facili
2118 3238 2340 3309 negotio
2378 3235 2742 3303 aequissimas
2769 3232 2971 3286 diaboli
3013 3231 3293 3285 machinas
3318 3230 3431 3285 dis-

1843 3333 1984 3403 sipat
2011 3349 2075 3387 ac
2109 3333 2320 3402 perdit;
2357 3330 2537 3384 redire
2575 3346 2701 3383 cum
2737 3328 2947 3397 pudore
2984 3343 3206 3397 cogens,
3235 3326 3428 3380 eadem

1844 3427 1960 3496 ipsa
1987 3428 2095 3490 via,
2126 3441 2232 3495 qua
2264 3426 2432 3479 venit.
2464 3423 2560 3477 Via
2588 3432 2771 3476 autem
2810 3438 2916 3491 qua
2960 3421 3214 3475 diabolus
3253 3420 3426 3483 venit,

1844 3527 2065 3574 terrena
2093 3520 2184 3573 illa
2216 3517 2550 3573 adminicula
2584 3524 2735 3578 sunt,
2768 3531 2889 3584 qua:
2919 3514 2983 3567 ad
3017 3512 3267 3583 corporis
3297 3528 3431 3566 con-

1790 3663 1806 3677 ,
1842 3612 2076 3668 ﬂandam
2108 3615 2273 3667 vitam
2312 3627 2375 3666 ac
2409 3608 2840 3665 conservandam
2881 3607 3196 3663 conducere
3237 3604 3431 3661 viden-

1844 3709 1934 3753 tur
1964 3702 2030 3754 ⁷ο.

1914 3791 2003 3844 80.
2038 3790 2271 3843 Animus
2308 3791 2404 3857 qui
2445 3789 2548 3843 sibi
2583 3785 2911 3840 intcrmcdia
2956 3786 3193 3849 ratione,
3226 3784 3304 3837 uti
3335 3800 3430 3838 na-

1844 3891 1966 3935 tura
2002 3889 2379 3949 comparatum
2421 3888 2523 3942 est,
2562 3893 2784 3930 sensum
2840 3876 3201 3942 copulaverit,
3245 3890 3427 3928 veram

1843 3988 1909 4028 cx
1936 3971 2171 4025 naturali
2203 3970 2579 4039 speculatione
2611 3967 2785 4036 carpit
2812 3965 3121 4020 scientiam.

1914 4062 2001 4117 8i.
2063 4062 2263 4115 Fontes
2312 4068 2464 4114 extra
2519 4058 2800 4113 civitatem
2856 4054 3127 4125 (animam
3185 4054 3428 4123 scilicet)

1844 4173 1983 4225 quos
2011 4154 2275 4209 Ezechias
2318 4151 2594 4205 obstruxit
2622 4150 2687 4214 7‘,
2717 4156 2917 4203 cuncta
2962 4162 3025 4200 ea
3067 4155 3195 4201 sunt
3222 4162 3343 4215 qum
3376 4146 3429 4200 in

1844 4264 2067 4303 sensum
2106 4246 2330 4300 cadunt.
2369 4243 2573 4297 Horum
2617 4238 2803 4295 autem
2848 4237 3082 4293 fontium
3128 4254 3304 4307 aqum,
3336 4254 3430 4292 ea-

1845 4337 2097 4390 rumdem
2144 4351 2328 4389 rerum
2376 4341 2504 4387 sunt
2545 4340 2825 4400 conceptae
2869 4329 3051 4381 animo
3092 4330 3333 4382 rationes
3368 4343 3432 4381 ac

150 4423 257 4491 τῆς
302 4422 511 4487 πόλεώς
545 4425 713 4486 ἐστιν,
757 4426 788 4494 ἡ
833 4428 970 4477 κατὰ
1000 4427 1233 4495 φυσικὴν
1276 4427 1507 4497 θεωρίαν
1541 4432 1603 4481 ἐκ
1634 4429 1737 4481 τῶν

1850 4430 2119 4485 notiones.
2158 4427 2385 4482 Fluvios
2434 4441 2532 4495 per
2573 4423 2806 4477 mediam
2845 4421 3111 4476 dirimens
3147 4419 3304 4491 553
3351 4421 3429 4474 ci-

227 4578 274 4611 ‘9
297 4578 499 4635 Hahae.
528 4596 586 4645 ιι,
613 4582 699 4635 15.
779 4584 825 4615 ⁷ο
851 4582 917 4636 ιν
951 4582 1082 4652 Reg.
1118 4599 1225 4645 xix,
1257 4584 1344 4637 55.

234 4737 306 4806 (It)
341 4737 451 4802 Τὰς
486 4737 782 4803 ἀοράτοινς
819 4740 1181 4805 συμπλοκὰς
1206 4741 1606 4793 ὑπαλύσκειν.
1664 4743 1741 4796 Ila

154 4822 361 4879 nempe
396 4823 535 4879 saepe
561 4818 783 4879 cautum
824 4810 1072 4863 victoriae
1108 4818 1215 4873 est,
1252 4810 1398 4879 quod
1420 4827 1575 4865 mora
1600 4820 1740 4865 tem»

152 4878 313 4950 poris
337 4892 399 4930 ac
431 4878 555 4950 fuga
592 4878 784 4950 praelii,
825 4895 911 4931 res
942 4896 1070 4933 suas
1123 4881 1247 4948 quis
1272 4878 1336 4933 in
1379 4891 1495 4935 tuto
1539 4891 1739 4950 ponat;

155 4947 426 5021 sinatque
450 4948 664 5021 hostem
696 4948 959 5021 ipstitirin
1008 4965 1064 5003 se
1092 4947 1221 5003 suas
1246 4950 1392 5004 vires
1443 4947 1698 5021 frangere
1729 4947 1741 5004 ξ

154 5033 272 5085 quo
304 5020 468 5072 modo
498 5019 701 5072 Fabius
735 5035 846 5071 rem
879 5019 1180 5073 Romanam
1217 5021 1528 5075 cunctando
1578 5019 1748 5077 resti—

158 5089 289 5142 tuit.
343 5091 513 5154 Quem
542 5106 763 5144 sensum
795 5089 992 5145 melius
1034 5090 1311 5155 redderet,
1337 5092 1483 5160 quod
1508 5108 1574 5145 ex
1612 5109 1741 5147 mss.

154 5160 565 5232 emendandum
597 5170 939 5228 putaveram,
985 5162 1375 5213 ὑπαναλίσκειν
1409 5180 1421 5192 ·
1467 5162 1613 5232 quod
1651 5162 1742 5226 sit,

156 5228 425 5300 paulatim
466 5246 772 5291 consumere
807 5233 1101 5300 sensimque
1132 5232 1399 5294 deterere;
1431 5228 1527 5286 sed
1572 5234 1743 5286 tnalui

154 5299 329 5362 edita,
357 5300 471 5368 ipsa
512 5316 619 5352 non
656 5301 816 5363 mala,
857 5299 1189 5369 relinquere.
1234 5302 1370 5355 Male
1395 5319 1527 5357 vero
1556 5305 1739 5368 Picus,

158 5373 484 5435 συμπλοκας
511 5371 779 5439 dolea-ceu;
801 5387 813 5399 ”
850 5371 1130 5424 invisibilia
1162 5373 1458 5426 involucra.

234 5439 294 5507 (Ι)
325 5440 431 5492 Καὶ
487 5439 860 5505 περιεκτικῆς
908 5442 1273 5509 ἐγκρατείας.
1308 5443 1485 5496 Etiam
1522 5454 1667 5496 cent.
1706 5460 1740 5506 ι,

158 5512 352 5581 ccli)
409 5512 733 5581 περιεκτικὴ
766 5512 1097 5578 ἐγκράτεια’
1153 5528 1264 5580 quo
1321 5514 1445 5567 loco
1498 5515 1740 5581 sngillati

158 5580 363 5649 Obsop.
400 5590 455 5633 et
488 5580 717 5635 Gesner.
758 5581 889 5633 dum
923 5582 1073 5649 prior
1098 5583 1390 5649 acquisita;
1426 5580 1587 5645 alter,
1618 5586 1739 5637 uni-

156 5651 380 5703 versalis
434 5650 634 5703 reddit.
687 5651 915 5718 Propius
973 5667 1088 5704 rem
1143 5652 1322 5719 attigit
1372 5655 1557 5714 Picus,
1608 5655 1739 5707 dum

159 5731 427 5775 coercente
459 5720 715 5783 reddidit;
743 5737 861 5790 quae
887 5721 1096 5775 scilicet
1127 5723 1425 5787 contineat,
1448 5732 1740 5792 teneatque

1423 4586 1463 4615 ⁷¹
1500 4585 1545 4639 II
1583 4586 1760 4639 Paral.
1792 4600 1958 4643 χχχιι.
1990 4584 2041 4637 5.

1844 4756 1908 4794 ac
1924 4748 2177 4795 coerceat
2205 4738 2472 4799 animum,
2506 4751 2574 4789 ne
2602 4751 2659 4791 se
2685 4735 2883 4789 adduci
2920 4732 3209 4787 affectibus
3232 4735 3377 4787 sinat
3413 4752 3426 4786 :

1848 4811 1926 4864 uti
1969 4826 2035 4863 eo
2069 4811 2193 4863 loco
2233 4809 2554 4878 expositum
2578 4822 2606 4859 a
2630 4807 2860 4878 metuit.

1921 4880 2020 4949 (ml
2080 4880 2154 4933 Τίι
2185 4877 2440 4941 αἰσθητὰ
2473 4877 2987 4949 πίὶιθτίιημιικιιῐιιιιι
3018 4884 3226 4928 textum
3266 4891 3426 4949 secn-

1850 4947 1938 5004 lus
1991 4950 2174 5010 Picus,
2209 4949 2347 5001 nihil
2398 4958 2522 5017 apte
2574 4947 2995 5017 reddiditzihoc
3052 4955 3125 4997 est
3184 4947 3431 5017 universe

1846 5021 2066 5074 sensilia
2099 5022 2313 5071 animm.
2347 5014 2488 5071 Sunt
2532 5019 2727 5070 anima:
2758 5029 2814 5069 et
2857 5016 3137 5079 dicuntur,
3183 5014 3431 5067 universi

1853 5107 2069 5152 sensus,
2098 5107 2207 5143 non
2237 5089 2477 5143 sensilia.
2504 5088 2640 5140 lllud
2664 5102 2793 5155 ergo
2810 5086 3076 5147 τουτέστι,
3098 5085 3203 5155 Δτῆς
3231 5084 3428 5155 ψυχῆς,

1853 5162 2113 5231 allegoria
2141 5170 2248 5223 est,
2287 5159 2382 5210 τοῦ
2418 5159 2521 5221 ἔξω
2546 5159 2641 5225 τῆς
2681 5152 2907 5231 nim-ig,
2966 5153 3111 5224 quod
3145 5169 3209 5231 ex

1854 5224 2235 5300 repracsento:
2286 5237 2414 5282 sunt
2464 5224 2657 5296 nempe
2704 5226 2946 5288 sensilia,
3002 5225 3277 5300 exteriora
3338 5224 3430 5276 illa

1853 5294 2145 5353 inilttcutia
2192 5300 2247 5353 in
2281 5301 2541 5359 animam,
2595 5294 2705 5365 per
2762 5312 2976 5356 sensus,
3014 5294 3166 5364 quasi
3216 5302 3430 5365 meatus

1848 5372 2158 5439 quosdam,
2219 5386 2247 5421 a
2299 5371 2498 5437 quiluts
2563 5363 2853 5435 diligenter
2909 5363 3259 5425 cavendum,
3332 5363 3424 5416 ob-

1849 5441 2114 5494 struendo
2141 5440 2362 5493 eosdem
2396 5455 2608 5495 sensus.
2640 5454 2760 5491 cum
2785 5453 2878 5505 per
2908 5452 3002 5489 eos
3026 5451 3131 5488 una
3156 5450 3280 5488 cum
3299 5448 3428 5487 sen-

1847 5511 2063 5572 silibus,
2098 5510 2274 5562 hostis
2310 5511 2534 5577 ingruit.
2575 5510 2712 5562 Sunt
2744 5508 2797 5560 hi
2829 5506 3103 5572 fenestrae,
3157 5521 3254 5573 per
3289 5519 3429 5575 quas

1846 5598 1996 5636 mors
2025 5579 2296 5639 ascendit,
2334 5581 2535 5633 .lcrem.
2571 5594 2641 5642 ις,
2678 5594 2798 5647 (ιιιίε
2826 5578 2932 5631 alia
2963 5577 3287 5645 metaphora
3313 5581 3423 5636 est,

1844 5652 2091 5722 ejusdem
2117 5666 2329 5705 sensus.
