3930 6324
519 233 651 299 1251

1687 228 1752 289 S.
1792 224 2081 289 MAXIMI
2122 220 2633 286 CONFESSORIS

3682 212 3810 280 125i

513 343 763 402 vitalem.
799 350 922 409 quae
960 333 1203 392 naturali
1241 332 1619 405 speculatione
1657 349 1727 391 ex
1761 347 1946 390 rerum
1977 346 2103 388 sem

2209 328 2483 401 αἰσθητῶν
2510 326 2801 398 νοημάτων
2846 322 3192 396 συναγομὲνη
3238 322 3479 393 γνῶσις,
3512 320 3611 377 8ιᾶ
3644 323 3809 393 μέσης

516 433 705 489 silium
741 428 1105 498 conceptibus
1135 426 1368 482 scientia
1396 426 1697 505 colligitur,
1727 440 1829 497 per
1861 424 2100 481 mediam

518 524 795 581 transiens
834 518 1099 581 animam,
1132 527 1195 573 ut
1229 532 1351 589 quae
1393 525 1632 574 mentem
1673 516 1819 573 inter
1853 530 2104 573 sensum-

518 631 626 686 que
657 612 890 668 conﬁnis
918 610 1010 666 sit.
1039 610 1248 667 Rerum
1273 609 1422 664 enim
1454 609 1511 664 in
1539 623 1761 664 sensum
1785 606 2102 683 cadentium

519 704 774 767 scientia,
806 716 911 756 nec
952 701 1227 755 a'mentis
1270 714 1497 771 prorsus
1528 698 1795 754 abhorret
1819 697 2101 762 facultate,

518 810 622 850 nec
664 794 721 848 in
768 792 1008 848 solidum
1058 790 1370 862 Operationi
1419 805 1616 846 sensus
1661 789 1956 855 tribuitur;
2006 785 2100 843 sed

518 886 674 941 velut
724 883 939 949 media,
986 898 1094 954 qua
1145 898 1304 938 mens
1357 897 1482 937 cum
1553 896 1748 947 sensu,
1800 895 2105 951 sensusque

521 989 648 1030 cum
682 982 869 1027 mente
913 979 1140 1037 coeunt,
1180 986 1373 1026 eorum
1423 971 1571 1025 inter
1607 986 1666 1026 se
1699 984 1729 1024 a
1765 969 1945 1040 seipsa
1974 984 2106 1024 con-

514 1067 862 1138 junctionem
895 1063 1029 1119 facit
1065 1080 1078 1116 :
1117 1078 1281 1118 sensu
1315 1063 1562 1134 quidem,
1593 1077 1785 1118 rerum
1816 1062 2106 1117 sensilium

521 1144 743 1226 figuris,
791 1153 976 1223 specie
1025 1152 1292 1219 formata;
1352 1162 1539 1209 mente
1586 1168 1749 1231 vero,
1806 1152 2105 1225 figurarum

519 1244 733 1300 formas
757 1242 826 1297 ad
855 1242 1101 1297 rationes
1132 1242 1493 1298 transferens.
1514 1242 1885 1310 Quamobrem
1916 1246 2106 1315 ﬂuvius

521 1352 615 1407 per
657 1335 886 1389 mediam
929 1335 1180 1389 dirimens
1223 1336 1506 1401 civitatem,
1542 1334 1745 1391 merito
1789 1343 2106 1406 nuncupata

436 1430 443 1437 '
522 1434 612 1482 est
664 1441 852 1481 rerum
907 1426 965 1480 in
1015 1434 1301 1496 aspectum
1355 1425 1672 1481 cadentium
1727 1425 1999 1492 scicntia,
2045 1433 2109 1480 ut

524 1532 648 1587 qua:
681 1517 921 1573 duorum
959 1525 1338 1572 extremorum
1386 1516 1611 1588 (mentis
1638 1518 1853 1574 scilicet
1885 1534 1951 1574 ac
1978 1533 2108 1574 sen-

523 1609 644 1675 sus)
675 1607 913 1663 confinis
944 1605 1196 1661 exsistat.

2198 420 2524 492 διερχομένη
2559 417 2662 490 τῆς
2712 415 2917 489 ψυχῆς,
2955 416 3035 481 ὡς
3062 415 3157 470 νοῦ
3184 415 3281 469 καὶ
3320 414 3659 486 αἰσθήσεως
3686 413 3808 469 οὖσα

2202 511 2479 585 μεθόριος.
2502 511 2570 565 Ἡ
2605 509 2716 581 γὰρ
2742 509 2942 581 γνῶσις
2968 508 3078 563 τῶν
3103 507 3415 579 αἰσθητῶν,
3459 504 3605 560 οὔτε
3641 509 3807 579 πάν-ιη

2200 606 2395 678 νοερᾶς
2423 602 2767 671 ἀπεξενωται
2804 602 3110 672 δυνάμεως,
3145 598 3269 655 οὕτε
3294 600 3485 654 διόλου
3520 603 3807 670 W-

2203 717 2377 773 μηται
2401 700 2469 771 τῇ
2496 698 2618 753 κατ’
2655 696 2913 769 αίσθησιν
2963 695 3234 767 ἐνεργείᾳ·
3289 694 3413 751 ἀλλ’
3467 688 3595 747 οἷον
3625 695 3727 764 τῆς
3754 710 3807 746 τι

2199 788 2295 843 τοῦ
2325 787 2419 845 νοῦ
2460 786 2600 861 πρὸς
2635 788 2737 859 τὴν
2778 786 3055 859 αῑσθησιν,
3094 785 3197 840 καὶ
3235 785 3380 857 πρὸς
3409 784 3519 838 τὸν
3549 783 3687 837 νοῦν
3719 787 3807 854 τῆς

2200 878 2511 951 αἰσθήσεως
2557 877 2799 944 συνόδου,
2856 878 3001 948 μέση
3059 874 3455 946 τυγχάνουσαι
3499 872 3578 926 δι’
3614 873 3805 940 ἑαυτῖό

2202 973 2441 1027 ποιεῖται
2480 971 2581 1041 τὴν
2620 969 2760 1042 πρὸς
2790 968 2999 1040 ἄλληλα
3042 967 3249 1022 τούτων
3281 965 3636 1035 συνάφειανο
3680 968 3805 1018 κατὰ

2205 1059 2306 1131 μὲν
2331 1058 2429 1131 τὴν
2463 1058 2739 1130 αἴσθησιν,
2759 1059 2883 1111 κατ’
2917 1053 3057 1119 εἶδος
3072 1055 3398 1126 τυπουμένη
3428 1056 3559 1117 τοῖς
3594 1054 3807 1122 σχῆμ’

2205 1167 2260 1203 σι
2287 1150 2396 1203 τῶν
2452 1148 2747 1221 αἰσθητῶν·
2778 1146 2924 1203 κατὰ
2951 1146 3008 1202 δὲ
3053 1146 3145 1200 τὸν
3170 1145 3321 1211 νοῦν,
3368 1146 3458 1209 εἰς
3492 1145 3704 1213 λόγους
3739 1150 3805 1213 (ιι

2203 1239 2313 1294 τῶν
2337 1241 2633 1311 σχημάτων
2657 1239 2786 1303 τοὺς
2816 1240 3025 1304 τύπους
3052 1237 3544 1310 μεταϐιϐάζουσα.
3580 1236 3685 1290 Διὸ
3723 1254 3808 1289 πο-

2202 1331 2379 1403 ταμὸς
2403 1331 2652 1403 διορίζων
2672 1329 2762 1384 διὰ
2783 1329 2956 1403 μέσης
2976 1331 3076 1401 τῆς
3097 1330 3335 1397 πόλεως,
3367 1330 3618 1392 εἰκότως
3651 1345 3813 1398 προς.

2202 1422 2483 1496 ηγορεύθη
2510 1423 2621 1477 τῶν
2655 1423 2950 1495 ὁρωμένων
2977 1425 3012 1496 ἠ
3064 1422 3288 1492 γνῶσις,
3324 1422 3409 1486 ὡς
3445 1422 3572 1477 τῶν
3607 1423 3811 1493 ἂκρα-δ,
3896 1490 3897 1495 η

2204 1510 2350 1582 λέγω
2367 1511 2425 1567 δὲ
2452 1512 2545 1567 νοῦ
2568 1512 2663 1568 καὶ
2698 1513 3025 1585 αἰσθήσεως,
3052 1508 3191 1569 οὖσα
3220 1512 3598 1585 μεταίχμιος.

599 1697 688 1754 82.
729 1697 857 1765 Qui,
893 1712 1006 1768 quo
1052 1707 1304 1768 tempore
1350 1694 1645 1769 insurgunt
1687 1694 2044 1762 tentationes,
2075 1711 2103 1751 a

2277 1685 2390 1757 πβ⁹.
2440 1684 2504 1742 Ὀ
2537 1684 2680 1741 κατὰ
2699 1688 2797 1741 τδν
2824 1686 3018 1758 καιρὸν
3045 1686 3146 1756 τῆς
3175 1686 3289 1740 τῶν
3340 1684 3694 1758 πειρασμῶν
3722 1684 3813 1737 ἐπε

523 1790 765 1849 naturali
833 1804 893 1846 se
941 1789 1319 1860 speculatione
1370 1789 1646 1856 abstinet,
1705 1789 2001 1860 animoque
2047 1788 2106 1843 in

525 1881 769 1951 seipsum
817 1896 883 1936 ac
923 1882 1096 1935 Deum
1141 1880 1211 1935 ab
1248 1881 1506 1939 omnibus
1558 1880 1813 1946 collecto,
1849 1880 2109 1951 precibus

526 1973 749 2037 studet,
805 1971 1056 2026 habitum
1116 1970 1247 2026 mali
1299 1981 1586 2043 parentem
1642 1971 1942 2039 interimit;
2004 1986 2109 2040 ac,

525 2075 690 2129 quem
742 2059 857 2113 dixi
907 2059 1159 2114 habitum
1211 2071 1619 2132 suggerentem,
1655 2062 1939 2118 diabolum
1980 2077 2107 2117 cum

528 2149 747 2221 pudore
784 2151 990 2205 reverti
1014 2153 1161 2223 cogit
1194 2169 1208 2206 :
1239 2168 1349 2223 quo
1382 2168 1580 2224 nempe
1617 2153 1813 2220 fretus,
1843 2168 1967 2210 cum
2008 2169 2108 2209 sua

526 2241 620 2297 ille
669 2243 988 2313 arrogantia
1033 2244 1088 2298 in
1141 2244 1385 2298 animum
1426 2253 1676 2312 venerat,
1720 2245 1977 2317 superbis
2012 2244 2111 2300 ad-

524 2347 725 2389 versus
747 2334 1035 2388 veritatem
1062 2335 1491 2406 cogitationibus
1510 2337 1709 2392 elatus.
1726 2335 1786 2392 ld
1808 2352 1940 2392 vero
1963 2335 2108 2393 forte

526 2437 758 2493 magnus
798 2422 970 2477 David
1016 2438 1141 2478 cum
1182 2425 1549 2497 cognovisset,
1586 2442 1889 2497 passusque
1921 2436 1978 2483 et
2014 2443 2109 2483 ex-

525 2526 720 2585 pertus
763 2524 909 2571 esset
951 2525 1117 2587 atque
1158 2520 1380 2590 egisset,
1418 2521 1663 2575 omnium
1710 2520 1825 2591 ipse
1872 2521 2108 2577 maxime

525 2605 858 2674 spiritalium
903 2606 1176 2662 bellorum
1212 2609 1423 2680 peritus
1455 2628 1468 2664 :
1496 2609 1626 2667 Cum
1666 2613 1988 2678 consisteret,
2021 2612 2106 2667 in-

525 2695 667 2764 quit,
698 2704 940 2766 peccator
973 2697 1252 2754 adversum
1291 2717 1396 2761 me.
1426 2700 1682 2768 obmutui,
1717 2710 1763 2757 et
1796 2704 2105 2759 humiliatus

523 2801 644 2840 sum
682 2795 733 2840 et
771 2785 896 2841 silui
941 2805 975 2842 a
1019 2788 1167 2845 bonis
1197 2792 1263 2844 7’.
1308 2791 1577 2863 lluncque
1620 2806 1845 2852 secutus
1886 2796 2107 2852 divinus

524 2874 814 2941 Jere‘mias,
846 2878 1052 2951 jubens
1098 2882 1325 2952 pepulo,
1369 2897 1440 2937 nc
1487 2883 1558 2939 ob
1610 2884 1819 2940 circum
1863 2885 2105 2959 undique

525 2981 833 3026 morantem
864 2971 1108 3027 hostium
1137 2973 1402 3045 gladium,
1430 2975 1651 3031 civitate
1681 2977 1862 3032 exiret
1894 2977 1963 3034 ".

596 3230 684 3284 83.
721 3229 893 3300 igitur
930 3233 1095 3287 etiam
1147 3234 1342 3291 beatus
1381 3238 1551 3303 Abel,
1595 3240 1869 3310 siquidem
1910 3243 2104 3300 obser-

525 3328 731 3386 vasset,
765 3336 871 3376 nec
899 3338 1006 3376 una
1037 3339 1162 3378 cum
1189 3324 1324 3380 Cain
1358 3327 1414 3381 in
1441 3344 1694 3400 campum
1729 3331 1859 3403 (lata
1895 3334 2108 3390 scilicet

528 3412 798 3467 naturalis
830 3415 1248 3499 speculationis)
1281 3418 1504 3485 exisset,
1537 3422 1774 3477 necdum
1812 3433 1972 3494 parto
2004 3427 2109 3481 im-

527 3505 968 3574 perturbationis
1017 3507 1250 3576 habitu,
1303 3526 1584 3581 nunquam
1637 3514 1728 3570 ille
1779 3516 2103 3588 insurgens,

528 3593 657 3649 dolo
691 3595 988 3650 occidisset
1015 3596 1061 3629 ⁷⁸
1091 3616 1104 3651 :
1137 3599 1226 3653 lex
1262 3601 1474 3657 scilicet
1503 3604 1685 3658 carnis
1720 3604 1863 3676 (quae
1892 3616 1949 3662 et
1970 3608 2104 3665 Cain

527 3696 614 3743 est
655 3696 713 3743 et
756 3698 1145 3762 nuncupatur)
1196 3694 1396 3764 lepidis
1444 3697 1782 3770 faustisque,
1830 3701 1978 3759 inter
2014 3720 2106 3761 res

528 3787 914 3855 speculandas,
939 3788 1156 3858 fallens,
1196 3807 1321 3849 cum
1362 3794 1594 3851 necdum
1631 3799 1879 3869 perfecto
1913 3802 2101 3860 habitu

530 3875 837 3935 instructus
869 3890 1036 3936 esset.

598 3969 688 4024 84.
731 3966 908 4023 Simili
954 3986 1176 4041 quoque
1218 3973 1433 4031 ratione
1482 3977 1653 4043 Dina,
1702 3982 1883 4053 magni
1933 3982 2102 4039 Jacob

527 4058 670 4121 filia,
715 4057 826 4113 nisi
868 4074 995 4114 cum
1040 4062 1474 4134 alienigenarum
1520 4068 1737 4125 filiabus
1780 4071 2102 4144 (sentientis

525 4148 737 4203 scilicet
789 4149 958 4203 animi
1009 4151 1469 4228 cogitationibus)
1517 4173 1737 4229 egressa
1781 4170 1959 4231 esset;
1998 4181 2102 4222 nec

525 4254 657 4295 sane
704 4237 927 4296 Sicbem
960 4241 1109 4300 filius
1145 4244 1369 4302 Emmor
1417 4265 1537 4305 eam
1585 4264 2000 4326 constuprasset
2028 4262 2096 4317 ⁷⁵.

591 4413 680 4469 85.
720 4415 973 4483 Praestat,
1013 4425 1075 4473 ut
1115 4419 1211 4489 qui
1241 4422 1473 4479 necdum
1503 4428 1808 4497 perfectum
1842 4433 2093 4493 habitum

521 4503 671 4601 nacti
705 4503 901 4571 simus,
926 4510 1243 4601 naturalem
1277 4517 1708 4584 speculationem
1754 4540 1863 4579 non
1908 4543 2096 4601 aggre-

522 4590 774 4658 diamur;
810 4608 881 4649 ne
909 4593 1040 4649 dum
1071 4613 1139 4653 cx
1174 4602 1338 4659 rebus
1369 4609 1567 4663 creatis
1605 4611 1659 4667 in
1694 4590 2095 4685 aspectumvca-

522 4680 784 4737 dentibus
805 4684 1082 4754 spiritales
1105 4693 1351 4751 rationes
1372 4700 1733 4767 exquirimus,
1756 4680 1998 4765 vati‘ectus
2029 4727 2094 4767 ac

520 4770 782 4866 libidines
817 4773 1198 4845 imprudentes
1233 4784 1570 4855 colligamus.
1604 4790 1767 4866 554
1797 4797 1926 4854 Plus
1948 4789 2094 4857 enim

520 4859 706 4915 valent
755 4878 927 4933 penes
981 4867 1363 4939 imperfectos,
1424 4884 1481 4930 ut
1542 4859 1763 4938 sensum
1820 4887 2092 4958 alliciant,

521 4953 834 5057 conspicuae
880 4974 1065 5013 rerum
1115 4966 1531 5032 aspcctabilium
1578 4970 1784 5045 ﬁgurat,
1819 4995 1983 5049 quam
2033 4953 2095 5039 ut

2209 4953 2504 5057 ιρύμμένοι
2533 4992 2647 5052 τοῖς

521 5046 803 5113 animum,
850 5051 960 5105 illis
1002 5052 1202 5109 abditae
1247 5067 1553 5116 crcatarum
1598 5081 1785 5122 rerum
1827 5046 2090 5131 rationes.

2207 1777 2579 1845 αναστάσεως,
2608 1777 2709 1849 τῆς
2743 1780 2882 1850 μετὰ
2911 1779 3149 1848 φυσικῆς
3169 1776 3532 1849 ἀπεχόμενος
3556 1776 3810 1846 θεωρίας,

2207 1870 2307 1942 τῆς
2327 1871 2385 1924 δὲ
2411 1869 2722 1942 προσευχῆς
2751 1870 2892 1925 κατὰ
2925 1870 3023 1945 τὴν
3060 1871 3127 1924 ἐκ
3156 1870 3385 1925 πάντων
3427 1870 3584 1942 πρὸς
3630 1871 3812 1923 ἑαυτόν

2206 1978 2268 2017 τε
2289 1963 2384 2017 καὶ
2417 1962 2509 2016 τὸν
2532 1960 2667 2016 Θεὸν
2694 1959 2790 2015 τοῦ
2822 1961 2915 2016 νοῦ
2944 1961 3214 2033 συστολὴν
3243 1962 3659 2033 ἀπεχόμενος,
3685 1962 3809 2016 ἀπο-

2208 2050 2412 2108 κτείνει
2447 2054 2549 2124 τὴν
2587 2051 2881 2124 ποιητικὴν
2929 2053 3030 2123 τῆς
3077 2053 3281 2117 κακίας
3325 2053 3481 2121 ἕξιν,
3531 2052 3640 2107 καὶ
3684 2055 3813 2107 ἀει-

2210 2146 2435 2217 στρέφει
2472 2145 2590 2215 μετ’
2622 2144 2888 2217 αἰσχύνης
2931 2144 3023 2198 τὸν
3050 2144 3322 2213 διάϐολον,
3354 2144 3810 2216 ὑποϐαλλόμενον

2206 2238 2307 2310 τὴν
2345 2238 2646 2310 εἰρημένην
2689 2237 2843 2304 ἕξιν,
2882 2239 2968 2307 ἐφ’
3001 2231 3036 2311 ᾗ
3092 2236 3382 2302 πεποιθὼς
3422 2239 3581 2308 μετὰ
3614 2242 3713 2307 τῆς
3734 2240 3807 2290 οξ-

2208 2331 2363 2394 κείας
2386 2330 2712 2396 ἀλαζονείας
2765 2327 2901 2402 ἦλθε
2946 2331 3081 2402 πρὸς
3143 2332 3245 2401 τὴν
3281 2330 3505 2402 ψυχὴν,
3570 2332 3667 2386 διὰ
3710 2331 3806 2384 τετε

2208 2423 2576 2496 ὑπερηφάνων
2604 2422 2884 2495 λογισμῶν
2898 2422 2998 2494 τῆς
3014 2422 3276 2495 ἀληθείας
3304 2427 3805 2497 κατετεαιρόμενοτ

2206 2514 2344 2587 ὅπερ
2380 2515 2544 2586 τυχὸν
2575 2516 2671 2571 καὶ
2707 2516 2872 2585 γνοὺς
2904 2517 3001 2570 καὶ
3031 2513 3218 2570 παθὼν
3247 2516 3345 2570 καὶ
3382 2519 3692 2588 ποιήσαςό
3719 2519 3807 2588 p.1-

2207 2624 2310 2677 γας
2335 2606 2531 2673 Δαϐὶδ,
2559 2608 2589 2661 ό
2616 2606 2837 2661 πάντων
2882 2606 3120 2677 μάλιστα
3154 2609 3360 2679 πεῖραν
3394 2608 3552 2680 ἔχων
3580 2611 3685 2682 τῆς
3708 2609 3805 2663 τῶν

2205 2696 2413 2769 νοητῶν
2444 2697 2699 2768 πολέμων
2749 2696 3133 2768 παρατάξεως,
3177 2696 3283 2750 Ἐν
3324 2696 3421 2762 τῷ
3474 2695 3803 2767 συστῆναι,

2208 2791 2367 2861 φησι,
2418 2792 2528 2844 τὸν
2564 2789 2921 2859 ἁμαρτωλὸν
2944 2789 3224 2843 ἐναντίον
3269 2806 3425 2860 μου,
3488 2790 3807 2860 eum

2206 2882 2304 2936 καὶ
2348 2880 2776 2948 ἐταπεινώθην,
2825 2879 2926 2934 καὶ
2969 2880 3232 2950 ἐσιτησα
3263 2879 3338 2946 ἐξ
3392 2880 3672 2951 ἀγαθῶν·
3720 2884 3804 2935 καὶ

2212 2974 2328 3047 μετ’
2368 2975 2532 3029 αὐτὸν
2563 2974 2592 3028 ό
2644 2972 2786 3036 θεῖος
2826 2973 3121 3044 Ἱερεμίας,
3160 2973 3555 3044 προστάσσων
3594 2973 3673 3047 τῷ
3698 2973 3803 3043 λησιὲ

2210 3065 2286 3136 μὴ
2313 3064 2539 3135 ἐκϐῆναι
2572 3065 2672 3133 τῆς
2700 3064 2930 3130 πόλεως,
2948 3062 3037 3117 διὰ
3061 3062 3161 3133 τὴν
3183 3061 3490 3120 κύκλωθεν
3516 3063 3804 3138 παρακῦ-

2208 3173 2310 3210 σαν
2341 3156 2451 3210 τῶν
2480 3156 2692 3228 ἐχθρῶν
2720 3155 3020 3226 ῥομφαίαν.

2278 3252 2390 3315 πγ’.
2430 3247 2540 3300 Καὶ
2574 3248 2604 3300 ὁ
2644 3246 2917 3317 μακάριος
2947 3245 3129 3299 τοίνυν
3167 3245 3367 3310 Ἀϐελ,
3407 3247 3588 3319 εἴπερ
3613 3246 3800 3319 ἐφυλέ-

2208 3335 2355 3402 ξατο,
2389 3336 2484 3391 καὶ
2515 3337 2590 3408 μὴ
2622 3336 2915 3408 συνεξῆλθε
2936 3336 3016 3407 τῷ
3043 3336 3187 3391 Κάῖν
3210 3337 3270 3389 ὲν
3304 3336 3388 3408 τῷ
3424 3338 3631 3410 πεδεῳ·
3654 3354 3800 3392 τουτ-

2207 3428 2356 3481 έστιν
2388 3428 2445 3482 ὲν
2477 3428 2554 3499 τῷ
2586 3429 2780 3483 πλάτει
2818 3430 2918 3500 τῆς
2956 3428 3195 3499 φυσικῆς
3241 3427 3525 3501 θεωρίας
3560 3430 3667 3503 πρὸ
3706 3431 3799 3501 τῆς

2206 3520 2496 3587 ἀπαθείας,
2524 3523 2627 3575 οὐκ
2667 3520 2733 3576 ἂν
2758 3520 3069 3585 ἐπαναστὰς
3095 3522 3437 3578 ἀπέκτεινεν
3469 3525 3643 3581 αὐτὸν
3667 3526 3799 3599 μετὰ

2204 3612 2384 3678 δόλου,
2414 3612 2622 3684 κλέψας
2664 3616 2777 3678 τοῖς
2803 3613 3000 3681 δεξιοῖς
3022 3614 3169 3668 κατὰ
3200 3615 3307 3685 τὴν
3327 3615 3448 3671 τῶν
3468 3617 3650 3674 ὄντων
3671 3618 3798 3672 θευ-

2209 3704 2332 3776 ρίαν
2364 3705 2471 3777 πρὸ
2511 3706 2610 3777 τῆς
2637 3704 2850 3769 τελείας
2890 3705 3077 3773 ἕξεως,
3107 3708 3137 3761 ό
3166 3706 3269 3780 τῆς
3306 3710 3529 3781 σαρκὸς
3558 3710 3747 3781 νόμος,
3768 3711 3799 3762 ό

2205 3796 2346 3851 Κάῖν
2376 3798 2471 3852 καὶ⁵
2510 3796 2586 3852 ὣν
2616 3797 2714 3853 καὶ¹
2747 3797 3103 3869 καλούμενος.

2276 3974 2380 4028 τπδ’.
2421 3975 2655 4044 Ὁμοίως
2708 3978 2805 4031 καὶ
2850 3978 3000 4044 Δίνα,
3049 3979 3084 4050 ἡ
3132 3978 3228 4033 τοῦ
3259 3982 3517 4051 μεγάλου
3547 3985 3794 4057 θυγάτηρ

2215 4065 2431 4133 Ἰακὼϐ,
2463 4070 2511 4120 εἰ
2546 4068 2620 4139 μὴ
2652 4068 2946 4139 συνεξῆλθε
2975 4073 3094 4134 ταῖς
3127 4069 3444 4145 θυγατράσι
3475 4078 3595 4132 τῶν
3621 4081 3794 4148 ἐγχω-

2205 4155 2356 4227 ρίωνο
2404 4158 2673 4223 τουτέστι,
2719 4161 2836 4225 ταῖς
2889 4160 3238 4233 αίσθητικαῖς
3291 4170 3661 4235 φαντασίαις·
3698 4173 3791 4224 οὐκ

2200 4245 2267 4302 ἂν
2301 4248 2485 4320 Συχὲμ
2515 4250 2546 4302 ὁ
2576 4251 2692 4315 υἱὸς
2733 4252 2945 4325 Ἐμμδρ
2987 4254 3300 4320 ἐπαναστὰς
3351 4259 3540 4332 αὐτὴν
3576 4262 3789 4316 {utsi-

2126 4355 2170 4411 ι)
2197 4358 2357 4396 νωσε.

2270 4438 2377 4488 πεν.
2409 4433 2591 4488 Καλόν
2633 4435 2749 4489 ἐστι
2783 4436 2891 4507 πρὸ
2919 4437 3018 4508 τῆς
3044 4439 3257 4504 τελείας
3285 4439 3485 4507 ἕξεως,
3520 4445 3599 4515 μὴ
3631 4446 3787 4498 ἄπτε-

2201 4524 2326 4579 σθαι
2364 4527 2512 4598 ἡμᾶς
2534 4526 2636 4597 τῆς
2678 4528 2914 4599 φυσικῆς
2943 4529 3196 4600 θεωρίας,
3223 4531 3313 4586 ἵνα
3346 4533 3423 4605 μὴ
3449 4533 3657 4602 λόγους
3678 4539 3789 4588 t1:-

2201 4616 2495 4688 ζητοῦντες
2531 4623 2936 4690 πνευματικοὺς
2979 4624 3045 4675 ὲκ
3081 4623 3193 4678 τῶν
3215 4625 3527 4697 δρωμένων
3552 4630 3789 4699 κτισμά-

2199 4726 2330 4771 των,
2366 4709 2619 4782 λάθωμεν
2657 4711 2805 4784 πάθη
2839 4713 3210 4784 συλλέγοντες.
3244 4716 3420 4771 Πλέον
3442 4720 3564 4793 γὰρ
3588 4722 3653 4775 ἐν
3684 4726 3791 4784 τοῖς

2202 4800 2421 4855 ἀτελέσι
2453 4801 2768 4858 δυναστεύει
2788 4804 2926 4876 πρὸς
2956 4806 3054 4877 τὴν
3079 4807 3335 4881 αῐσθησιν
3368 4809 3440 4864 τὰ
3477 4815 3789 4885 φαινόμενα

2198 4894 2455 4964 σχήματα
2483 4895 2595 4948 τῶν
2644 4897 2955 4968 ὁρωμένων,
2990 4900 3023 4971 ἢ
3067 4899 3203 4971 πρὸς
3249 4901 3352 4973 τὴν
3392 4903 3585 4976 ψυχὴν
3612 4910 3673 4960 οἱ
3697 4925 3787 4961 κε-

2687 4993 2931 5061 σχήμασι
2971 4992 3119 5061 λόγοι
3146 4993 3257 5046 τῶν
3306 4998 3642 5064 γεγονότων.
3679 5004 3701 5022 ⁶
3729 5001 3788 5054 οξ

2198 5079 2382 5147 μέντοι
2419 5078 2564 5150 μόνῳ
2593 5080 2670 5150 τῷ
2700 5080 2991 5151 γράμματι
3021 5085 3431 5155 προσδήσαντες
3478 5091 3789 5151 Ἰουδαίιαῗθς

519 5137 716 5204 Porro,
754 5141 848 5208 qui
900 5142 1003 5196 soli
1048 5143 1245 5203 littera:
1285 5146 1600 5209 Iudaeorum
1648 5173 1799 5215 more
1845 5164 2089 5222 animum

2209 5170 2292 5242 τὴν
2322 5170 2583 5240 διάνοιαν,
2616 5173 2758 5227 κατὰ
2786 5174 2878 5227 τὸν
2911 5173 3085 5229 αἰῶνα
3122 5176 3313 5232 τοῦτον
3337 5180 3663 5253 ἐκδέκονται
3695 5184 3789 5247 τὲς

592 5293 637 5327 ⁷³
667 5293 810 5350 Psal.
835 5312 1054 5365 xxxvm,
1085 5300 1139 5354 ‘2.
1216 5303 1260 5334 ⁷³
1282 5303 1483 5361 Jcrem.
1515 5325 1586 5375 vr,
1627 5311 1715 5366 25.
1790 5315 1836 5345 "
1863 5312 1999 5374 Gen.
2035 5337 2109 5388 ιν,
2152 5323 2206 5380 8.
2284 5325 2331 5358 "
2357 5324 2495 5381 Gen.
2528 5342 2708 5393 xxxiv,
2740 5329 2766 5383 l
2801 5344 2957 5401 seqq.

588 5415 608 5437 '
634 5413 720 5471 Cf.
757 5415 827 5471 ad
858 5417 1015 5473 Tha].
1043 5436 1097 5490 (ι.
1125 5421 1191 5477 50
1214 5432 1269 5477 et
1294 5426 1362 5481 55
1388 5426 1457 5481 ad
1483 5445 1540 5483 n.
1575 5430 1642 5486 89
1667 5431 1825 5489 infra.

588 5525 673 5598 (η)
699 5531 802 5595 Εἰς
819 5532 1058 5604 εἶόγους.
1090 5537 1265 5604 Λόγοι

521 5606 669 5662 sunt,
699 5600 843 5671 quod
876 5616 1030 5659 mens
1058 5604 1112 5658 in
1142 5600 1301 5664 rebus

1802 5552 2078 5637 prce-cipue
2187 5557 2407 5637 liusque
2431 5559 2501 5615 de
2547 5556 2671 5637 illi_s_
2691 5563 2967 5637 intelligit.
3015 5568 3195 5623 Latini
3235 5575 3481 5632 rationa
3545 5578 3729 5634 dicunt
3766 5599 3776 5634 τ

1346 5618 1591 5668 inlimius
1638 5618 1813 5688 legit,
1840 5618 2070 5691 spiri‘ta-
2179 5642 2283 5684 nec
2305 5618 2439 5685 satis
2460 5642 2587 5702 apte
2614 5618 2797 5701 Picus,
2829 5618 3191 5709 εἴσίίαεῖᾰῆὲὲζ
