3930 6324
196 288 216 351 1
228 290 337 354 2ῑῶ

875 282 1207 346 CAPITUM
1248 280 1667 355 QUINQUIES
1703 278 2223 342 CENTENORUM
2260 274 2647 337 CENTUBIA
2688 276 2768 335 Il.

3319 282 3452 340 1254

185 399 529 470 ἐπαγγελίας
576 399 685 452 τῶν
736 397 1032 469 ἀκηράτων
1069 396 1324 467 ἀγαθῶν,
1358 395 1766 467 ἀγνοοῦντες.τᾶ

1877 395 2242 459 addixerunt,
2291 391 2620 446 inmortalia
2665 391 2809 445 bona
2853 388 3152 460 promissa,
3189 405 3305 449 cve
3353 392 3456 447 hoc

186 496 337 550 κατὰ
378 493 542 567 φύσιν
567 493 666 564 τῆς
695 491 877 563 ψυχῆς
902 490 1104 560 ἀγαθά.

258 672 379 732 πςη
420 667 484 721 ’0
520 664 622 736 τὴν
681 665 867 718 εἰκόνα
914 663 1153 733 φορέσας
1194 661 1286 716 τοῦ
1320 661 1664 732 ἐπουρανίου,
1693 660 1772 731 τῷ

185 754 463 824 πνεύματι
509 752 599 807 διὰ
653 753 875 807 πάντων
909 750 1144 805 ἔπεσθαι
1197 750 1417 805 σπεύδει
1461 752 1561 821 τῆς
1613 751 1770 820 ἁγίας

186 845 431 917 Γραφῆς,
464 847 521 898 ὲν
546 837 590 913 ᾧ
619 844 684 898 δι’
713 844 916 915 ἀρετῆς
948 844 1044 897 καὶ
1088 842 1367 911 γνώσεως,
1399 845 1431 914 ἠ
1464 845 1560 915 τῆς
1593 843 1771 913 ψυχῆς

183 938 425 1009 ὑπάρχει
460 939 809 1008 συντήρησις·
830 938 858 989 ὁ
894 936 953 990 δὲ
974 936 1071 1006 τὴν
1104 935 1287 989 εἰκόνα
1319 936 1499 1005 φορῶν
1521 934 1614 989 τοῦ
1653 940 1769 1005 χοῖ-

182 1028 309 1093 κοῦ,
345 1027 406 1081 τὸ
452 1027 689 1096 γράμμα
748 1025 907 1096 μόνον
966 1025 1239 1097 περιέπει·
1283 1026 1340 1077 ὲν
1377 1017 1422 1092 ᾧ
1459 1026 1494 1095 ἡ
1543 1025 1662 1077 κατ’
1686 1024 1768 1077 αἵ-

180 1118 381 1190 σθησιν
421 1118 557 1188 πρὸς
589 1117 750 1186 σῶμα
792 1117 1018 1186 λατρεία
1071 1116 1373 1187 συνέστηκε
1401 1116 1469 1170 τὰ
1498 1115 1647 1187 πάθη
1676 1116 1769 1186 δη-

183 1208 551 1279 μιουργοῦσα.

258 1297 367 1362 πζ.
404 1297 619 1367 Κράτος
660 1295 798 1348 Θεοῦ
840 1295 1202 1365 καθέστηκεν,
1234 1299 1267 1367 ἡ
1301 1295 1622 1367 ἀναιρετικὴ
1659 1296 1768 1349 τῶν

180 1386 375 1441 παθῶν
409 1386 602 1457 ἀρετὴ.
633 1384 730 1438 καὶ
772 1384 881 1439 τῶν
937 1386 1178 1438 εὐσεϐῶν
1228 1388 1569 1458 φρουρητικὴ
1615 1386 1767 1454 λογιο

183 1476 363 1546 σμῶν,
394 1475 460 1544 ἣν
484 1474 648 1545 γεννᾷ
680 1475 879 1545 πρᾶξις
906 1475 1161 1541 ἐντολῶν,
1209 1476 1274 1529 δι’
1301 1471 1368 1547 ἧς
1402 1476 1501 1539 τὰς
1526 1477 1766 1530 ἀντικει-

184 1566 357 1636 μένας
384 1565 463 1636 τῷ
488 1565 682 1636 ἀγαθῷ
714 1567 956 1637 πονηρὰς
979 1567 1261 1637 δυνάμεις,
1295 1566 1586 1637 συνεργείᾳ
1608 1565 1764 1620 Θεοῦ·

184 1657 390 1728 μᾶλλον
422 1657 479 1710 δὲ
526 1657 665 1731 μόνῃ
696 1658 923 1727 δυνάμει
960 1657 1121 1722 Θεοῦ,
1152 1658 1563 1728 διαφθειρόμεν.
1590 1658 1764 1727 ’Ὕψος

1870 484 2184 556 praestanda
2218 489 2559 552 exspectant,
2592 481 2724 535 dum
2767 496 2890 550 qua:
2933 482 3046 537 sint
3080 484 3249 537 animi
3287 492 3453 537 natu-

1872 574 2011 629 ralia
2044 575 2188 629 bona
2226 575 2502 644 ignorant.

1943 667 2031 722 86.
2063 666 2170 733 Qui
2200 667 2440 722 caelestis
2469 675 2654 736 portat
2684 650 3257 738 imaginem,-omnem
3293 666 3454 721 adhi-
3526 652 3547 669 ⁸

1871 755 1966 811 bet
1997 770 2212 821 curam,
2245 764 2308 810 ut
2349 756 2405 809 in
2442 756 2702 811 omnibus
2746 756 3048 826 Scriptura
3084 771 3253 811 sacrae
3286 755 3452 824 spiri-
3556 778 3559 781 ·

1874 854 1989 901 tum
2020 858 2287 917 sequatur
2313 848 2387 913 7‘;
2419 846 2475 901 in
2503 861 2635 915 quo,
2662 846 2868 901 virtute
2896 847 3095 901 comite
3120 854 3176 901 et
3200 846 3450 908 scientia,

1870 939 2040 994 animi
2088 938 2438 994 incolumitas
2478 946 2536 992 et
2575 938 2724 993 salus
2764 939 2943 1007 posita
2977 948 3064 993 est
3094 956 3107 991 :
3137 939 3231 1008 qui
3271 946 3452 991 autem

1873 1034 2062 1098 portat
2090 1028 2386 1098 imaginem
2423 1028 2726 1091 terrestris,
2754 1027 2995 1081 litteram
3026 1028 3292 1083 duntaxat
3321 1042 3426 1081 con

1869 1125 2142 1182 sectatur;
2194 1118 2252 1171 in
2291 1132 2423 1186 qua,
2457 1116 2838 1185 propensioris
2880 1115 2935 1169 in
2983 1130 3185 1184 corpus
3231 1129 3450 1181 sensus,

1867 1208 2129 1262 vitiorum
2164 1222 2364 1276 parens
2396 1220 2458 1261 ac
2486 1206 2802 1271 libidinum,
2830 1204 3100 1260 consistit.

1938 1299 2027 1353 87.
2070 1299 2167 1353 Dei
2220 1306 2501 1366 potestas,
2552 1296 2733 1351 virtus
2785 1305 2870 1352 est
2925 1295 3060 1349 vitia
3110 1294 3451 1365 aﬂ’ectusque

1869 1386 2226 1450 interimens,
2275 1386 2503 1455 piasque
2555 1386 2799 1440 rationes
2844 1384 3102 1437 muniens
3142 1398 3207 1438 ac
3257 1388 3449 1449 tuens‘;

1868 1478 2105 1533 actionis
2159 1478 2346 1547 proles
2396 1493 2505 1546 qua
2564 1477 2821 1532 mandata
2890 1475 3279 1545 exsequimur;
3344 1491 3452 1545 qua

1866 1586 2089 1639 nempe,
2134 1569 2281 1623 bono
2325 1568 2631 1623 contrarias
2665 1568 3034 1638 nequissimas
3067 1569 3324 1630 virtutes,
3354 1568 3451 1622 Dei

1867 1661 2073 1716 auxilio
2117 1659 2271 1730 (quin
2314 1660 2434 1730 ejus
2476 1674 2584 1713 una
2625 1659 2892 1730 potentia)
2939 1659 3315 1730 proﬂigamns.
3353 1659 3451 1715 Dei

175 1746 241 1801 δὲ
270 1746 403 1801 Θεοῦ
444 1748 593 1800 ἐστιν
636 1749 670 1816 ἡ
701 1744 902 1815 γνῶσις
928 1747 1029 1815 τῆς
1065 1746 1345 1817 ἀληθείας,
1372 1747 1439 1816 ἣν
1476 1746 1642 1817 γεννᾷ
1668 1746 1766 1816 τῆς

1877 1760 2056 1808 autem
2104 1751 2397 1817 celsitudo,
2432 1751 2687 1806 veritatis
2735 1751 2968 1806 scientia
3002 1759 3107 1816 est,
3140 1767 3305 1821 quam
3347 1753 3452 1806 im-

178 1838 293 1892 τῶν
321 1838 632 1907 γεγονότων
659 1837 892 1909 θεωρίας
920 1839 949 1890 ὁ
988 1837 1178 1901 πόνος,
1220 1838 1314 1890 καὶ
1338 1838 1388 1889 οἱ
1416 1838 1509 1891 ἐπὶ
1533 1839 1599 1907 τῇ
1624 1837 1765 1908 πρά-

180 1928 265 1995 ξει
313 1928 422 1981 τῶν
466 1927 678 1999 ἀρετῶν
730 1928 955 1999 ἱδρῶτες
989 1930 1152 1981 πόνου
1193 1928 1430 1997 πατέρες
1466 1927 1761 1997 γινόμενοι·

177 2018 248 2072 δι’
280 2012 347 2089 ῆς
381 2016 480 2088 τὴν
506 2018 892 2087 ἄντικειμὲνην
923 2020 989 2088 τῇ
1025 2016 1256 2088 ἀληθείᾳ
1283 2016 1380 2070 τοῦ
1412 2015 1642 2086 ψεύδους
1672 2016 1765 2069 δύ-

178 2126 368 2179 ναμιν,
402 2108 682 2172 παντελῶς
702 2107 1253 2178 ὲξαφανίζομεν,,πᾶν
1271 2107 1469 2179 ὕψωμα
1488 2109 1597 2162 τῶν
1615 2109 1768 2163 ἐπαι-

184 2198 429 2268 ρομένων
460 2198 601 2252 κατὰ
634 2199 734 2268 τῆς
756 2199 1010 2267 γνώσεως
1034 2198 1127 2251 τοῦ
1150 2198 1288 2251 Θεοῦ
1316 2199 1571 2270 πονηρῶν
1598 2217 1764 2253 πνευ-

183 2291 374 2360 μάτων
401 2288 786 2353 ταπεινοῦντες
820 2276 943 2344 ⁵καὶ
1006 2290 1464 2352 καταϐάλλοντες.
1512 2292 1622 2347 Καὶ
1655 2293 1766 2363 γὰρ

178 2380 376 2452 ῶσπερ
402 2383 436 2450 ἡ
473 2381 673 2452 πρᾶξις
714 2383 881 2453 γεννᾷ
912 2382 1009 2453 τὴν
1036 2382 1262 2454 ἀρετὴν,
1293 2382 1467 2446 οὕτως
1505 2386 1535 2455 η
1563 2383 1765 2454 θεωρία

179 2472 284 2542 τὴν
312 2473 533 2541 γνῶσιν.

255 2572 366 2637 πη’.
430 2566 493 2618 Ἡ
534 2564 768 2636 ἄληστος
817 2564 1044 2633 γνῶσις,
1096 2565 1348 2637 ἀόριστον
1390 2565 1589 2637 ἔχουσα
1635 2566 1765 2636 περὶ

176 2655 284 2725 τὴν
325 2655 475 2709 θείαν
520 2656 777 2726 ἀπειρίαν
818 2656 918 2725 τὴν
958 2656 1103 2709 κατὰ
1132 2656 1261 2709 νοῦν
1292 2657 1432 2727 ὑπὲρ
1466 2657 1652 2727 νόησιν
1680 2657 1766 2709 κίο

178 2762 359 2815 νησιν,
391 2745 644 2811 είκονίζει
668 2747 756 2799 διὰ
783 2748 881 2816 τῆς
915 2748 1196 2817 ἀοριστίας
1227 2748 1299 2818 (ο)
1326 2749 1423 2820 τὴν
1462 2751 1764 2819 ύπεράπει-

179 2855 280 2910 ρον
309 2838 465 2905 δόξαν
488 2840 587 2910 τῆς
610 2839 888 2909 ἀληθείας
920 2840 953 2908 ἡ
985 2840 1040 2891 δὲ
1072 2842 1170 2911 τῆς
1210 2840 1354 2893 κατά
1380 2842 1479 2909 τὴν
1509 2841 1767 2911 πρόνοιαν

179 2930 356 3000 σοφῆς
394 2930 730 3000 ἀγαθότητος
762 2930 1084 3000 αὐθαίρετος
1133 2932 1385 3001 μίμησις,
1415 2931 1580 3001 τιμὴν
1613 2933 1766 3002 φέρει

175 3020 282 3091 τὴν
312 3021 449 3091 πρὸς
480 3021 571 3074 τὸν
605 3020 737 3073 Θεὸν
764 3020 860 3074 τοῦ
889 3020 980 3073 νοῦ
1014 3021 1156 3074 κατὰ
1184 3021 1283 3093 τὴν
1312 3021 1550 3075 διάθεσιν
1579 3023 1767 3092 ἀρίδη-

174 3110 295 3175 λον,
324 3112 399 3172 ὡς
433 3109 549 3163 ἐστι
578 3110 823 3174 δυνατὸν,
862 3110 1201 3180 ἐξομοίωσιν.

1869 1858 2076 1914 pensus
2122 1843 2279 1898 labor
2324 1842 2677 1913 speculandis
2716 1843 2885 1898 rebus
2925 1844 3128 1897 creatis
3162 1843 3328 1913 parit,
3356 1857 3452 1896 su-

1868 1934 2145 2005 doresque
2207 1933 2500 2005 {ungendis
2547 1932 2881 1996 virtutibus,
2933 1934 3027 2003 qui
3086 1934 3190 2003 ipsi
3243 1932 3453 1987 laboris

1866 2033 2126 2097 parentes
2154 2024 2284 2079 sint.
2320 2024 2435 2079 Hac
2473 2023 2726 2086 scientia,
2772 2023 2883 2077 vim
2916 2040 3135 2079 omnem
3178 2022 3452 2077 mendacii

1866 2114 2092 2169 veritati
2122 2112 2507 2167 adversantem
2535 2111 2762 2165 omnino
2792 2110 3098 2176 abolenms,
3131 2112 3226 2182 qui
3252 2126 3450 2180 nempe

1866 2222 2086 2262 omnem
2134 2206 2499 2275 malignorum
2560 2204 2854 2272 spirituum
2907 2204 3307 2259 sublimitatem
3353 2219 3449 2257 ex-

1866 2300 2153 2355 tollentem
2196 2313 2255 2353 se
2297 2297 2564 2351 adversus
2619 2297 2906 2350 scientiam
2946 2297 3043 2351 Dei
3069 2298 3135 2360 7",
3177 2296 3452 2365 deprima-

1866 2405 1991 2445 mus
2037 2406 2102 2445 ac
2147 2389 2516 2443 destruamus.
2556 2386 2645 2442 Uti
2685 2387 2832 2440 enim
2869 2386 3014 2441 actio
3051 2386 3338 2450 virtutem,
3372 2387 3452 2440 sic

1865 2489 1923 2536 et
1948 2480 2253 2549 speculatio
2283 2478 2569 2533 scientiam
2603 2477 2765 2545 parit.

1936 2571 2023 2625 88.
2077 2570 2250 2635 Quam
2307 2569 2457 2622 nulla
2517 2568 2836 2623 inobscuret
2886 2567 3122 2633 oblivio,
3183 2568 3448 2631 scientia,

1866 2661 2035 2715 nullis
2066 2661 2270 2714 ﬁnibus
2300 2662 2765 2731 comprehensum
2798 2660 2944 2715 circa
2983 2661 3228 2715 divinam
3259 2661 3449 2715 inﬁni-

1868 2762 2056 2816 tatem,
2091 2753 2291 2807 mentis
2327 2768 2546 2806 omnem
2594 2752 2892 2822 cogitatum
2933 2761 3289 2823 superantem
3329 2769 3451 2808 mo-

1870 2853 1985 2898 tum
2020 2844 2268 2909 habens;
2301 2844 2470 2898 nullis
2521 2844 2724 2898 ﬁnibus
2762 2845 3161 2913 comprehensa
3203 2845 3293 2899 illa
3337 2860 3453 2899 am-

1868 2934 2136 3005 plitudine
2158 2976 2171 2997 ,
2209 2935 2357 2988 omni
2390 2928 2650 3005 majorem
2680 2934 2896 2989 inﬁnito
2938 2935 3188 2991 veritatis
3219 2936 3450 3005 gloriam

1870 3023 2130 3093 exprimit
2166 3040 2179 3075 :
2213 3011 2481 3092 sapientis
2521 3041 2653 3079 vero
2697 3041 2763 3079 ex
2813 3025 3179 3080 Providentia:
3225 3024 3452 3080 rationi-

1794 3099 1834 3153 C
1871 3115 1975 3169 bus
2021 3115 2287 3170 bonitatis
2334 3124 2531 3184 sponte
2582 3126 2862 3186 assumpta
2903 3117 3171 3179 imitatio,
3221 3118 3453 3171 honoris

174 3203 503 3274 praestantia
547 3203 754 3258 claram
798 3204 1095 3259 admodum
1137 3219 1264 3259 cum
1336 3205 1451 3261 Deo
1526 3206 1729 3261 mentis
1793 3207 2016 3272 affectu,
2043 3209 2221 3277 quoad
2262 3208 2473 3263 homini
2510 3225 2833 3266 concessum
2864 3221 2970 3277 est,
3033 3210 3450 3266 similitudinem

179 3295 390 3350 reddit.

255 3388 365 3444 πθ’.
404 3388 469 3441 Ἠ
500 3388 722 3457 γλῶσσα
772 3389 869 3458 τῆς
903 3388 1046 3441 κατὰ
1072 3389 1251 3459 ψυχὴν
1279 3392 1587 3461 γνωστικῆς
1616 3392 1765 3461 ἐνερ-

177 3478 484 3549 γείαςὲστὶ
511 3476 803 3548 σύμϐολον·
837 3478 865 3529 ὁ
884 3478 941 3530 δὲ
964 3477 1192 3549 λάρυγξ,
1231 3482 1328 3550 τῆς
1359 3480 1495 3552 πρὸς
1520 3482 1581 3535 τὸ
1604 3482 1764 3550 σῶμα

180 3566 421 3637 φυσικῆς
444 3567 729 3636 φιλαυτίας
749 3570 1068 3639 τεκμήριον.
1104 3569 1161 3623 ὐ
1186 3571 1314 3636 γοῦν
1341 3570 1517 3625 ταῦτα
1546 3572 1762 3642 ψεκτῶς

181 3655 457 3727 κολλήσας
483 3657 755 3728 ἀλλήλοις,
805 3658 1110 3729 μνησθῆναι
1140 3660 1240 3728 τῆς
1270 3662 1389 3713 κατ’
1430 3661 1632 3732 ἀρετὴν
1667 3663 1761 3714 καὶ

178 3746 391 3817 γνῶσιν
422 3750 708 3819 εἰρηνικῆς
734 3749 900 3815 ἕξεως
928 3750 988 3802 οὐ
1014 3749 1260 3815 δύναται,
1288 3752 1355 3820 τῇ
1386 3750 1646 3820 συγχύσει
1675 3751 1763 3804 διὰ

183 3838 429 3907 σπουδῆς
459 3837 569 3892 τῶν
608 3840 939 3908 σωματικῶν
967 3839 1229 3909 ἡδόμενος
1271 3839 1481 3894 παθῶν.

265 4016 334 4084 ι’.
376 4016 441 4069 Ai
476 4017 617 4070 κατὰ
660 4016 822 4084 φύσιν
884 4016 1091 4086 ὀρέξεις
1142 4018 1234 4070 καὶ
1300 4017 1505 4088 ἡδοναὶ,
1557 4017 1632 4088 μὴ
1670 4018 1764 4087 φέ-

186 4125 384 4181 ρουσαι
419 4112 434 4131 ⁶
463 4110 577 4171 τοῖς
629 4106 986 4177 κεκτημένοις
1019 4108 1295 4177 διαϐολὴν,
1352 4107 1427 4171 ὡς
1470 4109 1766 4177 ἀναγκαῖον

182 4197 660 4268 παρακολούθημα
718 4200 815 4266 τῆς
874 4199 1108 4267 φυσικῆς
1146 4196 1378 4267 ὀρέξεως
1424 4196 1759 4268 καθεστήκα-

187 4306 301 4343 σιν.
345 4289 568 4359 Ἥόονὴν
592 4289 701 4359 γὰρ
742 4289 886 4342 κατὰ
911 4289 1075 4359 φύσιν
1101 4291 1245 4341 ποιεῖ
1271 4290 1364 4341 καὶ
1396 4289 1470 4359 μὴ
1502 4289 1763 4361 βουλομέ-

1936 3387 2023 3451 89.
2062 3386 2271 3458 Lingua
2336 3388 2602 3457 sapientis
2644 3387 2814 3442 animi
2857 3386 3194 3457 operationis
3232 3390 3454 3460 symbo-

1870 3477 1982 3531 lum
2016 3487 2103 3532 est
2145 3496 2157 3531 :
2201 3488 2391 3549 guttur
2433 3494 2583 3540 vero,
2628 3478 2898 3534 naturalis
2936 3494 3060 3549 erga
3095 3494 3296 3549 corpus
3324 3495 3453 3550 pro-

1868 3568 2117 3623 clivioris
2164 3569 2367 3624 amoris
2415 3569 2774 3638 libidinisque
2825 3568 3115 3624 indicium.
3164 3569 3267 3635 Qui
3317 3586 3452 3640 ergo

1867 3660 1985 3713 haec
2023 3660 2168 3714 inter
2197 3675 2255 3714 se
2289 3660 2563 3729 vituperio
2592 3660 2889 3731 copulavit,
2918 3661 3143 3716 virtutis
3171 3676 3235 3716 ac
3265 3662 3448 3716 scien-

1872 3751 1961 3804 tiae
2010 3751 2290 3818 tranquilli
2337 3751 2559 3805 habitus
2602 3752 2923 3806 meminisse
2967 3766 3077 3805 non
3121 3761 3322 3822 potest,
3355 3754 3451 3822 qui

1875 3841 2243 3909 corporalium
2300 3840 2602 3894 aﬂ‘ectuum
2650 3856 2715 3895 ac
2775 3841 3069 3895 libidinum
3125 3844 3451 3899 confusione

1871 3933 2199 4000 propensius
2229 3931 2557 3985 delectetur.

1940 4020 2028 4074 90.
2074 4020 2208 4086 Quae
2259 4021 2540 4075 naturales
2594 4019 2962 4089 appetitiones
3008 4030 3137 4075 sunt
3179 4021 3338 4093 555
3387 4039 3450 4079 ac

1871 4113 2204 4181 voluptates,
2236 4112 2446 4165 nullam
2476 4111 2724 4166 criminis
2764 4110 2944 4165 labem
2978 4111 3089 4166 illis
3126 4112 3447 4179 inferentes,

1869 4206 1964 4276 qui
1998 4220 2094 4260 eas
2124 4204 2359 4271 habent;
2396 4205 2551 4259 velut
2579 4204 2954 4259 necessarium
2987 4205 3263 4275 quoddam
3289 4218 3451 4263 natu-

1870 4294 2000 4348 ralis
2044 4294 2323 4363 appetitus
2385 4292 2738 4347 corollarium
2804 4303 2952 4348 sunt.
3006 4294 3212 4350 Natura
3263 4297 3448 4362 enim,

186 4397 299 4434 νων
320 4379 497 4449 ήμῶν,
539 4379 636 4432 καὶ
684 4381 716 4450 ἡ
764 4379 1002 4449 τυχοῦσα
1034 4378 1228 4450 τροφὴ,
1264 4377 1639 4450 προλαϐοῦσαν
1678 4380 1761 4432 ἐν·

1877 4386 2105 4440 velimus
2150 4385 2419 4452 nolimus,
2466 4384 2709 4455 vulgaris
2753 4386 2870 4455 ipse
2917 4386 3207 4456 primoque
3254 4388 3453 4443 obvius

184 4473 342 4526 δειαν
380 4470 889 4543 παραμυθουμένη’
947 4471 1041 4524 καὶ
1095 4471 1285 4537 πόσις,
1348 4470 1763 4543 ἀποκρουομένη

183 4561 289 4617 τοῦ
316 4562 501 4633 δίψους
526 4563 624 4635 τὴν
660 4563 903 4634 ὄχλησιν·
937 4564 1033 4616 καὶ
1055 4562 1242 4627 ὕπνος,
1262 4564 1363 4635 τὴν
1388 4564 1453 4617 ὲκ
1485 4566 1583 4634 τῆς
1604 4567 1765 4636 ἐγρη-

188 4650 439 4722 γόρσεως
497 4653 899 4724 δαπανηθεϊσαν
950 4653 1344 4725 ἀνανεούμενος
1384 4653 1631 4724 δύναμινο
1671 4657 1764 4709 καὶ

268 4807 312 4841 ⁷⁸
347 4809 389 4863 ll
412 4810 536 4865 Cor.
575 4826 628 4875 x,
662 4811 713 4864 5.
792 4811 837 4841 ⁷⁷
869 4810 1003 4865 ibid.

1871 4478 2051 4538 cibus,
2084 4478 2326 4547 priorem
2365 4476 2723 4546 indigentiam
2758 4477 2942 4532 solans
2973 4486 3136 4547 atque
3172 4494 3451 4544 recreans,

1871 4570 2298 4625 delectationem
2352 4569 2513 4636 facit;
2567 4577 2730 4639 potus
2780 4570 2945 4635 item,
2999 4568 3282 4640 depellens
3332 4571 3455 4626 sitis

1872 4659 2219 4725 molestiam;
2251 4674 2467 4715 necnon
2494 4674 2720 4715 somnus
2748 4659 3048 4716 exhaustas
3075 4659 3280 4731 vigiliis
3303 4661 3454 4717 vires

272 4966 291 4987 ο
313 4965 396 5021 cr.
432 4967 498 5021 ad
533 4968 780 5022 Thalass.
815 4983 869 5037 q.
897 4967 984 5033 65,
1016 4974 1067 5021 el
1100 4967 1188 5033 51,
1222 4968 1309 5033 56,
1340 4976 1396 5022 et
1417 4947 1485 5021 '50
1513 4968 1579 5021 ad
1612 4985 1665 5022 η.
1687 4969 1766 5023 οι

1877 4976 1882 5022 ι
1910 4978 1966 5025 et
2004 4971 2072 5025 95
2101 4970 2260 5025 infra.

272 5107 345 5175 (0)
378 5108 479 5160 Διὰ
508 5105 613 5171 τῆς
637 5108 964 5173 ἀοριστίας.
1000 5106 1284 5176 Significat
1316 5106 1481 5172 hujus
1509 5106 1770 5170 scientim,

193 5192 367 5247 quam
408 5178 640 5247 ἄληστον
682 5186 859 5234 vocat.
884 5177 1038 5244 quasi
1069 5175 1249 5229 animo
1275 5175 1605 5247 indelebilem
1630 5192 1773 5247 sem-

198 5246 505 5318 perqueiin'
526 5247 933 5318 eoAvigcntem;
965 5248 1284 5300 immensam
1309 5246 1601 5318 quamdam
1638 5246 1772 5310 vim,

196 5316 309 5386 qua
346 5317 562 5370 animus
589 5316 825 5370 divinam
851 5318 1175 5370 inﬁnitatem
1195 5316 1426 5385 quadam
1463 5317 1613 5369 velut
1648 5332 1775 5385 pro-

198 5386 456 5470 portione
486 5387 734 5467 attingat,
757 5386 1261 5470 ejusqueveritatis
1296 5386 1523 5467 gloriam
1566 5400 1635 5470 ac
1663 5402 1776 5438 ma-

194 5455 646 5529 jestatcrrromni
690 5458 950 5529 majorem
988 5455 1231 5529 inﬁnito,
1272 5457 1444 5529 quasi
1479 5455 1771 5529 simulacro

197 5524 424 5596 icferat.
459 5526 592 5579 Nam
629 5536 683 5580 et
714 5524 1070 5596 ’σὺ-ἀόριστον,
1098 5526 1328 5596 Maximo
1356 5525 1589 5596 aliisque
1616 5526 1770 5596 theo-

194 5594 360 5662 logis,
392 5596 535 5649 inter
568 5596 751 5649 divina
778 5594 999 5649 nomina
1028 5605 1129 5656 est,
1158 5595 1208 5648 id
1238 5596 1415 5663 ipsum
1443 5595 1586 5663 quod
1616 5594 1766 5648 Lati—

200 5663 290 5719 nis
317 5665 663 5718 immensitas.
686 5666 811 5719 ιιωα
832 5673 940 5719 tam
976 5674 1225 5733 augusta,
1254 5665 1378 5732 quis
1402 5679 1464 5717 ex
1502 5665 1627 5720 Pico
1669 5680 1767 5718 an-

1873 5109 1986 5180 diat
2012 5126 2024 5161 :
2052 5108 2134 5161 Ea:
2154 5107 2637 5180 illiaincertitudine
2666 5108 3096 5180 superinﬁnitarn
3125 5108 3456 5180 efﬁngitopi-

1875 5178 2084 5231 nionem
2115 5178 2405 5231 veritatis?
2447 5177 2588 5243 Quid
2627 5178 2717 5233 hic
2763 5178 3124 5242 inccrtitudo,
3162 5177 3269 5233 ubi
3308 5177 3456 5235 Deus

1874 5248 2344 5317 altissimoimodo
2379 5248 2699 5317 attingitur?
2732 5248 2873 5302 Num
2904 5247 3051 5317 quod
3097 5248 3241 5312 δόξα,
3278 5265 3455 5317 eaque

1874 5316 2323 5371 incertitudincm
2359 5316 2607 5385 exposcit
2627 5317 2748 5387 ?7At
2775 5335 2883 5371 non
2925 5316 3047 5372 hmo
3073 5316 3452 5387 philosophica

1874 5387 2021 5450 δόξα,
2057 5387 2275 5455 opinio;
2314 5396 2516 5440 nutans
2555 5386 2768 5441 scilicet
2810 5388 2977 5441 animi
3024 5386 3312 5449 assensus,
3367 5394 3453 5443 cui

1875 5456 2071 5529 falsum
2114 5465 2290 5529 potest
2341 5458 2588 5529 subesse,
2639 5472 2743 5509 nec
2791 5473 2914 5510 raro
2942 5458 3169 5529 subest;
3215 5460 3310 5513 sed
3337 5460 3449 5529 ipsa

1873 5526 2184 5579 animorum
2225 5526 2370 5600 circa
2411 5526 2581 5600 Deum
2622 5529 2969 5600 ἀεικιντ,σία;
3023 5527 3082 5600 in
3120 5527 3298 5586 beatis
3342 5526 3453 5600 jam

1871 5604 2276 5661 consummata;
2310 5594 2397 5649 hic
2435 5596 2489 5650 in
2512 5596 2739 5652 summis
2768 5596 3151 5667 θεωρητικοίς,
3189 5594 3447 5678 ηυηεῖῖη-

1872 5675 2072 5734 caspia.
