3930 6324
143 242 248 309 125⁵1

740 236 1072 300 CAPITUM
1111 227 1531 307 QUINQUIES
1568 220 2083 285 CENTENORUM
2124 219 2510 281 CENTURIA
2548 218 2628 277 II.

3171 208 3306 276 1258

134 353 254 418 λεια,
277 349 350 407 διὰ
375 348 463 418 τῆς
509 346 618 402 τῶν
652 348 951 421 Ἀσσυρίων
985 347 1300 419 τυπουμένη
1333 342 1632 414 βασιλείας,
1665 387 1667 394 .

1781 351 1938 401 num,
1997 335 2147 406 regni
2215 333 2561 406 Assyriorum
2620 339 2749 400 typo
2805 328 3129 399 ﬁguratum,
3175 328 3317 383 bello

139 447 215 499 τὸν
238 444 353 500 κατὰ
374 442 458 510 τῆς
485 441 683 512 ἀρετῆς
715 440 806 493 καὶ
835 441 932 510 τῆς
960 439 1214 508 γνώσεως
1242 436 1644 507 συναγείρουσα

133 533 353 605 πόλεμον,
379 531 452 585 διὰ
481 531 788 600 τῶψαὺτῆς
813 531 1069 601 ἐμφύτων
1097 529 1382 598 δυνάμεων
1410 525 1646 597 τροποῦ-

138 630 241 682 σθαι
267 627 544 696 μηχανᾶται
573 623 669 694 τὴν
685 623 861 693 ψυχήν
880 637 893 650 ·
929 620 1026 692 τὴν
1055 621 1152 690 μὲν
1176 618 1473 688 ἐπιθυμίαν
1498 617 1650 686 πρῶ-

131 737 224 782 τον,
261 719 328 780 εἰς
348 715 510 786 ὄρεξιν
533 715 637 768 τῶν
672 714 822 784 παρὰ
851 713 1009 782 φύσιν
1031 711 1422 783 διερεθίζουσα,
1454 709 1552 768 καὶ
1579 710 1648 761 τὰ

133 807 332 876 αἰσθητὰ
365 804 459 860 τῶν
490 803 696 873 νοητῶν
730 802 1002 873 προτιμᾷν
1030 798 1401 852 ἀναπείθουσα
1422 813 1435 826 ·
1471 795 1561 850 τὸν
1592 795 1650 848 δὲ

130 900 294 970 θυμὸν,
342 891 833 968 ὑπεραγωνίζεσθαι
889 890 980 944 τοῦ
1033 888 1344 959 αἱρεθέντος
1398 886 1505 940 ὑπὸ
1554 887 1652 954 τῆς

129 989 386 1060 ἐπιθυμίας
445 985 703 1056 αἰσθητοῦ
757 982 1136 1053 διεγείρουσα·
1201 979 1263 1032 τδ
1305 980 1363 1032 δὲ
1407 978 1649 1047 λογικὸν,

124 1080 236 1142 τοὺς
259 1079 468 1150 τρόπους
525 1076 759 1130 ἐπινοεῖν
814 1073 924 1126 τῶν
974 1073 1094 1125 κατ’
1149 1069 1403 1135 αἴσθησιν
1453 1069 1654 1142 ἡδονῶν

124 1170 496 1224 ἐκδιδάσκουσα.

183 1365 296 1432 ἵης’.
343 1365 447 1427 Τῆς
467 1362 656 1434 -ἄκρας
693 1360 1028 1432 ὰγαθότητος
1063 1359 1218 1424 ἴδιον,
1248 1329 1335 1420 Ea,
1375 1356 1450 1427 μὴ
1499 1355 1658 1426 μόνον

118 1455 208 1519 τὰς
237 1456 371 1518 θείας
397 1454 490 1508 καὶ
515 1453 842 1522 ἀσωμάτους
888 1450 998 1505 τῶν
1042 1449 1250 1520 νοητῶν
1300 1447 1508 1512 οὐσίας,
1560 1447 1660 1516 τῆς

115 1551 406 1621 ἀπορρήτου
478 1547 572 1601 καί
625 1546 774 1610 θείας
820 1542 1260 1613 ἀπεικονίσματα
1315 1539 1660 1609 καταστῆσαι

113 1641 276 1709 δόξης,
302 1634 424 1710 ὅλην
457 1637 598 1692 κατά
627 1640 686 1691 τδ
716 1635 937 1706 θεμιτὸν
959 1633 1238 1702 ἀναλόγως
1270 1631 1460 1693 αὑταῖς
1487 1629 1658 1682 εἰσδε-

111 1732 331 1804 χομένας
357 1731 453 1801 τὴν
483 1728 839 1799 ἀπερινόητον
872 1726 1181 1799 ὡραιότητα
1224 1721 1320 1776 τοῦ
1365 1720 1658 1792 ἀπροσίτου

113 1825 354 1888 κάλλους’
387 1822 525 1876 ἀλλά
555 1821 649 1874 καί
677 1821 788 1881 τοῖς
827 1817 1125 1888 αἰσθητοῖς,
1176 1814 1271 1868 καὶ
1303 1813 1426 1888 τῶν,
1456 1809 1662 1881 νοητῶν

106 1914 292 1970 οὐσιῶν
317 1913 455 1968 κατὰ
496 1912 629 1965 πολὺ
667 1910 1008 1972 ἀποδέουσιν,
1041 1907 1383 1976 ἀπηχήματα
1431 1903 1532 1973 τῆς
1589 1901 1666 1955 οἰ-

109 2007 252 2070 κείας
277 2003 640 2074 ἐγκαταμίξαι
676 1999 1115 2073 μεγαλειότητος,
1149 1997 1422 2066 δυνάμενα
1447 1993 1538 2047 τὸν
1571 1993 1664 2046 ἀν-

103 2096 363 2165 θρώπινον
397 2094 524 2149 νοῦν
547 2092 745 2164 ἐποχού
755 2103 914 2160 μενον
941 2090 1144 2162 αὐτοῖς,
1172 2085 1306 2156 πρὸς
1334 2084 1466 2136 Θεὸν
1491 2082 1664 2136 ἀπλα·

103 2187 204 2251 νῶς
255 2186 696 2259 διαπορθμεύειν,
751 2178 1005 2253 ὑπεράνω
1055 2179 1272 2232 πάντων
1319 2175 1428 2228 τῶν
1459 2171 1669 2244 ὁρωμέ-

100 2295 202 2330 νων
228 2277 536 2347 γινόμενον,
567 2267 655 2327 οἷα
683 2275 781 2342 τῆς
810 2271 986 2341 ἄκρας
1016 2266 1282 2321 ἐπιϐάντα
1331 2262 1669 2334 μακαριότη-

101 2384 208 2432 τος.

167 2561 273 2628 ιιζν,
305 2558 424 2622 Πᾶς
476 2555 601 2617 νοῦς
631 2555 800 2624 ἀρετῇ
837 2550 929 2604 καὶ
975 2546 1176 2618 γνώσει
1207 2543 1670 2616 κατεστεμμένος,

92 2648 182 2707 οἷα
214 2652 280 2722 δὴ
314 2647 458 2703 κατά
505 2646 597 2699 τὸν
649 2645 820 2714 μέγαν
847 2642 1097 2706 Ἐζεκίαν
1139 2637 1444 2711 βασιλεύειν
1495 2634 1678 2710 λαχὼν,

93 2744 195 2814 τῆς
232 2739 629 2812 Ἰερουσαλήμ⁸
668 2736 933 2800 τουτέστι,
959 2733 1060 2803 τῆς
1088 2733 1312 2802 εἰρήνην
1351 2729 1518 2798 μόνην
1545 2726 1677 2798 ὁρώ-

93 2855 195 2908 σης
222 2837 419 2901 ἕξεως,
460 2833 628 2902 ἥγουν
656 2832 753 2900 τῆς
797 2826 1065 2880 παντοίων
1087 2824 1276 2878 παθῶν
1309 2821 1677 2892 ἐστερημένης

94 2921 525 2980 καταστάσεως⁹
563 2916 770 2983 ὅρασις
798 2915 905 2984 γὰρ
934 2911 1177 2980 εἰρήνης
1201 2909 1558 2980 Ἰερουσαλὴμ
1585 2909 1678 2978 ἐρ-

1748 427 2011 482 adversus
2051 428 2309 481 virtutem
2379 439 2444 480 ac
2496 423 2782 479 scientiam
2823 420 3074 483 conﬂato,
3103 416 3200 490 per
3236 420 3319 473 in-

1749 527 1903 573 natas
1941 517 2134 572 anima:
2161 517 2464 580 facultates,
2502 514 2642 568 hanc
2666 513 2892 571 fundere
2933 528 2994 565 ac
3033 513 3320 583 proﬂigare

1750 604 1992 664 molitur.
2025 607 2100 664 Ac
2117 609 2359 680 primum
2388 607 2608 677 quidem
2639 604 2990 674 cupiditatem
3033 604 3230 667 irritat,
3263 614 3323 657 ut

1750 717 1871 772 quae
1901 701 2228 756 innaturalia
2257 707 2404 764 sunt,
2429 705 2669 767 appetat,
2691 704 2991 766 auctorque
3017 703 3120 759 est,
3149 704 3208 748 ut
3238 695 3324 748 his
3349 693 3354 696 ’

1752 805 1872 860 quae
1901 806 2062 845 sensu
2099 790 2500 863 percipiuntur,
2531 804 2616 853 ea,
2650 803 2771 858 qua:
2800 788 2913 842 sola
2945 795 3130 841 mente
3161 786 3324 868 intel-

1751 883 2015 954 liguntur,
2046 883 2370 955 posthabcat
2399 899 2412 934 :
2441 881 2578 934 iram
2602 894 2732 934 vero
2757 879 2988 948 impellit
3013 895 3074 934 ac
3099 880 3322 940 excitat,

1754 979 1816 1024 ut
1842 967 1962 1040 ejus
1983 970 2134 1034 boni,
2157 969 2302 1039 quod
2333 984 2497 1024 sensu
2535 968 2857 1039 percipitur,
2884 983 3067 1033 causa,
3095 983 3159 1022 ac
3179 969 3326 1038 quod

1755 1061 2025 1130 cupiditas
2068 1061 2297 1131 delegit,
2343 1075 2580 1131 pugnam
2616 1059 2880 1124 instruat;
2917 1059 3182 1114 rationem
3227 1073 3323 1128 po-

1755 1160 1959 1206 stremo
2008 1151 2187 1216 docet,
2235 1159 2295 1205 ut
2329 1151 2669 1220 voluptatum
2713 1165 2934 1205 sensum
2981 1149 3328 1205 amcientium

1758 1242 1950 1296 modos
1977 1241 2310 1308 adinvcniat.

1830 1354 1915 1413 96.
1949 1353 2184 1409 Summae
2208 1354 2466 1409 bonitatis
2490 1353 2773 1423 proprium
2803 1363 2906 1418 est,
2931 1363 2991 1407 ut
3019 1369 3126 1409 non
3153 1356 3333 1409 solum

1761 1443 1974 1497 divinas
2024 1451 2080 1497 et
2124 1443 2478 1512 incorporeas
2526 1441 2925 1496 intellectilium
2973 1442 3334 1506 substantias,

1761 1549 1973 1588 arcana:
2000 1533 2307 1603 divinaeque
2335 1532 2634 1603 majestatis
2674 1533 2965 1587 simulacra
3008 1533 3334 1600 constituat;

1763 1639 1884 1694 qua:
1924 1623 2182 1677 videlicet
2227 1631 2428 1684 totam,
2465 1628 2669 1690 quanta
2714 1621 3065 1686 conceditur,
3113 1639 3214 1690 pro
3253 1625 3338 1677 sui

1765 1716 1996 1783 ratione,
2029 1714 2176 1770 omni
2220 1715 2484 1784 majorem
2528 1713 2769 1782 cogitatu
2816 1713 3080 1769 inaccessi
3126 1714 3341 1769 decoris

1763 1806 1994 1860 formam
2047 1804 2622 1875 pulchritudinemque
2675 1803 2972 1872 recipiant;
3026 1806 3121 1859 sed
3177 1807 3340 1860 etiam

1766 1898 1872 1961 his,
1900 1912 2020 1965 quae
2065 1896 2118 1948 in
2163 1911 2380 1950 sensum
2415 1893 2638 1956 cadunt,
2672 1893 2940 1963 longeque
2974 1895 3042 1948 ab
3078 1897 3186 1950 illis
3218 1898 3342 1951 sub-

1767 1985 1984 2040 stantiis
2018 2000 2140 2055 quae
2167 1992 2346 2038 mente
2383 1983 2783 2052 intelliguntur,
2815 1982 3100 2050 deﬁci-unt,
3134 1989 3344 2056 magni-

1769 2078 2000 2134 ﬁcentia:
2042 2093 2156 2132 suae
2196 2084 2441 2131 extrema
2475 2075 2722 2145 quaedam
2768 2075 2923 2145 quasi
2969 2078 3195 2147 vestigia
3242 2079 3345 2132 mi-

1770 2180 1947 2236 sceat;
1996 2185 2118 2240 quae
2167 2168 2276 2222 illis
2320 2167 2586 2222 nitentem
2631 2166 3012 2238 invectamque
3052 2168 3346 2224 humanam

1771 2270 2032 2325 mentem,
2065 2268 2214 2315 recta
2257 2258 2324 2313 ad
2357 2258 2529 2313 Deum
2573 2256 2822 2326 trajicere
2867 2257 3105 2319 valeant,
3137 2263 3347 2313 cunctis

1774 2353 1938 2409 rebus
1966 2351 2020 2409 in
2046 2355 2326 2420 aspectum
2352 2345 2678 2401 cadentibus
2707 2346 3046 2415 superiorem
3075 2347 3348 2414 effectam,

1776 2455 1836 2501 ut
1862 2460 1982 2516 quae
2005 2455 2315 2512 supremam
2341 2437 2658 2496 beatitatem
2684 2436 3038 2492 inscenderit.

1847 2555 1936 2609 97.
1969 2551 2230 2621 Quisquis
2258 2549 2496 2616 animus,
2540 2550 2743 2604 virtute
2766 2565 2830 2604 ac
2869 2549 3097 2606 scientia
3125 2566 3349 2608 corona-

1779 2655 1888 2708 tus,
1927 2644 2079 2698 velut
2108 2657 2336 2712 magnus
2379 2641 2660 2706 Ezechias,
2698 2649 2758 2694 ut
2791 2637 3093 2696 Jerusalem
3124 2643 3353 2713 imperio

1779 2736 1947 2806 regat
1976 2743 2171 2788 nactus
2201 2740 2286 2787 est
2321 2731 2590 2802 (habitum
2629 2731 2838 2786 scilicet
2880 2731 3048 2786 solam
3079 2733 3352 2788 videntem

1779 2839 1969 2897 pacem
2018 2841 2032 2877 :
2077 2833 2278 2879 statum
2322 2822 2582 2878 nimirum
2630 2822 2809 2876 omnis
2841 2823 3057 2892 generis
3096 2824 3248 2878 vitiis
3292 2840 3353 2881 ac

1780 2915 2288 2986 perturbationibus
2319 2921 2631 2981 carentem;
2660 2914 2964 2970 Jerusalem
2983 2916 3144 2971 ’enim
3174 2918 3353 2970 nomi-
3405 2990 3408 2992 _

91 3013 409 3086 μηνεύεται
435 3026 448 3041 ο
489 3011 670 3062 πᾶσαν
685 2995 824 3077 κέχει
853 3004 951 3075 τὴν
986 3004 1164 3058 κτίσιν
1196 3002 1507 3072 ὑποχείριον
1527 3017 1540 3031 ⁸
1587 2999 1667 3053 διὰ

1781 3009 1866 3063 nis
1894 3008 2174 3062 notatione
2199 3008 2343 3076 pacis
2368 3006 2496 3062 uisio
2521 3007 2648 3072 est),
2683 3013 2989 3060 creaturam
3012 3022 3227 3061 omnem
3250 3008 3353 3062 sibi

86 3107 200 3160 τῶν
238 3103 422 3174 αὐτὴν
474 3099 939 3170 συμπληρούντων
987 3098 1165 3161 εἰδῶν,
1197 3093 1280 3166 τῷ
1315 3095 1415 3165 μὲν
1451 3093 1569 3164 Θεῷ
1609 3092 1676 3146 δι’

87 3197 264 3252 αὐτοῦ
298 3195 434 3256 τοὺς
461 3194 517 3244 ἐν
547 3191 686 3261 αὐτῆ
713 3190 1116 3258 πνευματικοὺς
1137 3187 1237 3256 τῆς
1257 3184 1512 3254 γνώσεως
1548 3183 1680 3237 καθ-

87 3291 237 3359 άπερ
273 3286 438 3356 δῶρα
486 3282 966 3352 προσκομίζουσαν
1012 3280 1238 3348 λόγους·
1288 3277 1436 3347 αὐτῷ
1469 3275 1526 3329 δὲ
1553 3273 1682 3328 καθ-

90 3383 240 3451 άπερ
295 3379 537 3447 δόματα,
588 3373 714 3435 τοὺς
775 3371 1176 3442 ἐνυπάρχοντας
1224 3369 1359 3438 αὐτῇ
1419 3366 1559 3420 κατὰ
1590 3365 1683 3419 τὸν

85 3470 332 3542 φυσικὸν
370 3469 540 3536 νόμον
575 3465 712 3535 πρὸς
772 3461 974 3533 ἀρετὴν
1029 3461 1263 3532 τρόπους
1315 3458 1679 3528 παρέχουσαν,

87 3564 187 3615 καὶ
215 3560 313 3613 διὰ
341 3557 456 3611 τῶν
493 3554 818 3625 ἀμφοτέρων
855 3549 1227 3620 δεξιουμένην,
1281 3548 1370 3602 τὸν
1410 3547 1528 3600 κατ’
1578 3547 1686 3615 ἀμ-

83 3653 308 3721 φότερα
346 3647 660 3718 κρατίστως
691 3643 1010 3709 εὐδοκιμεῖν
1031 3639 1329 3707 δυνάμενον
1349 3655 1370 3670 '
1426 3637 1574 3705 λέγω
1604 3637 1683 3694 δὲ.

81 3745 179 3796 τὸν
213 3740 373 3795 κατὰ
401 3738 560 3805 λόγον
609 3735 704 3789 καὶ
737 3733 870 3803 βίον,
903 3731 990 3784 διὰ
1042 3729 1294 3800 πράξεώς
1331 3744 1391 3780 τε
1427 3727 1522 3780 καί
1552 3725 1686 3778 θεω-

1781 3100 2072 3155 obnoxiam
2103 3099 2300 3164 habet;
2333 3113 2453 3168 qum
2478 3113 2576 3168 per
2597 3096 2800 3151 formas
2829 3097 2976 3153 illam
2997 3099 3353 3168 complentes,

1782 3192 1930 3248 illius
1967 3208 2153 3262 opera,
2183 3191 2460 3261 spiritales
2504 3191 2560 3244 in
2589 3204 2652 3244 ea
2701 3190 2942 3247 scientiat-
2972 3193 3212 3248 rationes
3240 3201 3356 3248 lan-

1782 3299 1944 3354 quam
1974 3283 2140 3346 dona,
2181 3283 2294 3337 Deo
2327 3282 2525 3337 oil‘erat
2553 3282 2632 3347 ’3;
2661 3281 2738 3336 illi
2773 3298 2900 3337 vero
2934 3290 3188 3354 tanquam
3233 3301 3358 3340 mu-

1783 3389 1938 3434 nera,
1958 3375 2285 3428 exsistentes
2308 3371 2469 3443 557
2495 3372 2548 3426 in
2574 3388 2638 3427 ea
2665 3373 2853 3427 virtuti
2875 3383 3234 3444 comparatos,
3258 3392 3358 3446 pro

1783 3465 2050 3520 naturalis
2091 3465 2227 3534 legis
2260 3465 2492 3530 ratione,
2523 3463 2713 3518 modos
2758 3464 2981 3534 pendat,
3022 3473 3079 3520 et
3114 3467 3359 3536 utrisque

1786 3569 1914 3608 eum
1967 3552 2252 3623 magniﬁce
2299 3551 2506 3608 habeat.
2547 3567 2609 3607 ac
2659 3552 2913 3622 accipiat,
2964 3553 3060 3623 qui
3105 3555 3361 3626 utrinque

1788 3654 2010 3699 stnenue
2042 3645 2349 3713 eximieque
2381 3645 2593 3698 clarere
2620 3645 2819 3708 valeat,
2849 3645 3118 3714 ejusmodi
3153 3648 3360 3703 scilicet

1767 3727 2065 3798 'animum,
2100 3735 2192 3804 qui
2241 3735 2454 3788 ratione
2488 3743 2543 3786 et
2579 3735 2686 3787 vita
2709 3773 2723 3796 ,
2773 3735 3099 3804 actioneque
3132 3751 3194 3790 ac
3229 3753 3362 3792 con-

75 3836 210 3906 ρίας
240 3827 618 3885 τελειωθέντα
649 3823 936 3894 φιλόσοφον
969 3820 1110 3874 νοῦν.

149 3950 270 4014 ιιησ.
319 3943 384 3995 Ὁ
423 3940 510 3992 διὰ
535 3937 787 4008 πράξεως
820 3934 914 3985 καὶ
941 3931 1176 4002 θεωρίας
1207 3924 1562 3998 κατορθώσας
1608 3924 1688 4014 είς

62 4013 255 4108 ἄκρον
287 4032 416 4103 τὴν
443 4029 645 4100 ἀρετὴν
674 4028 769 4081 καὶ
811 4027 912 4095 τὴν
954 4023 1175 4092 γνῶσιν,
1207 4013 1662 4108 εἰκότωςὺπεραί

1791 4026 1877 4081 nis
1909 4026 2060 4080 cultu
2098 4025 2435 4095 ad‘implevit,
2464 4025 2662 4078 merito
2685 4025 2987 4093 exaltatur;
3022 4043 3216 4095 nempe
3239 4045 3362 4083 car-

69 4105 246 4202 ρεται
300 4125 566 4185 πάντων,
612 4118 723 4172 τῶν
773 4113 1054 4187 σαρκικῶν
1097 4112 1191 4166 καὶ
1248 4105 1667 4202 διαϐεϐλημένον

1793 4118 2010 4172 nalibus
2037 4133 2101 4172 ac
2135 4117 2227 4188 qui
2257 4115 2393 4171 vitio
2431 4117 2659 4180 haerent,
2707 4115 3012 4181 all‘ectibus,
3053 4133 3151 4186 per
3193 4118 3365 4172 actio-

63 4195 286 4276 παθῶν
320 4212 598 4283 ὑπεράνω
627 4209 769 4263 κατὰ
786 4208 883 4279 τὴν
908 4204 1106 4276 πρᾶξιν
1129 4203 1432 4272 γινόμενος,
1464 4197 1559 4251 καί⁸
1586 4195 1667 4250 τῶι

1795 4223 1922 4262 nem
1963 4207 2214 4277 superior
2254 4206 2502 4271 eﬂ‘ectus,
2540 4205 2992 4274 naturalibusque
3033 4207 3117 4279 (ut
3147 4211 3365 4280 vocant)

70 4309 363 4383 φυσικῶν
397 4303 711 4372 λεγομένων
734 4299 1020 4369 σωμάτων,
1048 4296 1192 4364 λέγω
1217 4294 1304 4364 δὴ,
1338 4291 1447 4386 τῶν
1472 4288 1667 4386 ὑπὸ-γέ

1797 4295 2140 4366 corporibus,
2165 4311 2286 4365 quae
2314 4295 2524 4350 scilicet
2546 4294 2792 4348 oriantur
2819 4308 2884 4348 ac
2911 4294 3218 4363 intereant;
3248 4312 3367 4352 om-

62 4377 241 4458 νεσιν
294 4397 489 4450 ὄντων
539 4391 632 4445 καὶ
660 4389 892 4459 φθοράν·
951 4388 1049 4440 καὶ
1097 4383 1306 4448 ἁπλῶς,
1337 4382 1426 4435 ἵνα
1457 4377 1663 4432 συνελὼ

1800 4389 2041 4457 uinoque
2063 4428 2077 4452 ,
2111 4396 2173 4441 ut
2220 4386 2388 4442 semel
2422 4385 2627 4450 dicam,
2681 4385 2872 4440 formis
2905 4387 3161 4442 omnibus
3207 4397 3369 4458 atque

66 4493 257 4552 εἴπω,
337 4483 570 4538 πάντων
617 4481 725 4534 τῶν
759 4480 863 4531 ὑπὸ
912 4478 1163 4548 αἴσθησιν
1195 4475 1373 4538 εἰδῶν,
1425 4474 1566 4529 κατὰ
1599 4475 1666 4543 τὴ

1801 4478 2014 4533 naturis
2051 4477 2105 4530 in
2147 4491 2368 4532 sensum
2416 4475 2767 4539 cadentibus,
2819 4490 2918 4546 per
2954 4479 3368 4547 contemplatio-

64 4579 378 4651 Θεωρίαν,
414 4574 540 4636 τοὺς
577 4575 634 4626 ἐν
685 4571 870 4632 αὐτοῖς
919 4569 1126 4630 πάντας
1158 4565 1478 4634 γνωστικῶς
1507 4566 1666 4618 διαπε

1802 4584 1957 4648 nem;
1994 4567 2248 4622 omnibus
2292 4566 2346 4619 in
2391 4566 2472 4620 eis
2516 4565 2819 4622 rationibus
2848 4567 3090 4622 scientiae
3121 4569 3369 4623 eminen-

67 4674 279 4744 ράσοις
312 4666 546 4732 λόγους,
580 4661 672 4714 τὸν
702 4660 825 4716 νοῦν
853 4661 881 4712 ὁ
911 4655 1152 4720 τοιοῦτος
1196 4657 1333 4728 πρὸς
1360 4661 1429 4709 τὰ
1463 4659 1667 4724 συγγενε

1802 4660 1875 4714 tia
1910 4659 2209 4728 superatis;
2245 4659 2290 4712 is
2327 4658 2451 4712 talis
2493 4659 2733 4710 animum
2766 4656 2833 4710 ad
2875 4673 2940 4726 ea
2985 4671 3104 4726 quae
3146 4669 3371 4730 cognata

59 4764 175 4820 καὶ
215 4762 365 4816 θεῖοι
397 4755 526 4825 ἀνήη
541 4771 692 4820 αγεν.

1804 4767 1867 4805 ac
1895 4751 2077 4805 divina
2107 4758 2262 4814 sunt,
2292 4749 2532 4804 sustulit.

148 4871 283 4941 υθο.
337 4871 410 4922 Ὀ
445 4866 541 4935 τὴν
565 4864 833 4919 ἀπάθειαν
861 4862 1113 4933 καθάπερ
1155 4859 1507 4931 Ἰερουσαλὴμ
1536 4858 1702 4915 οἰκεῖν

52 4961 170 5018 διὰ
209 4958 352 5012 τῶν
387 4953 532 5008 κατὰ
556 4953 654 5023 τὴν
701 4951 899 5021 πρᾶξιν
933 4952 1108 5004 πόνων
1149 4949 1349 5020 λαχὼν,
1393 4949 1488 5002 καὶ
1522 4949 1704 5019 πάσης

52 5055 182 5120 τῆς
256 5045 412 5101 καθ’
469 5041 740 5112 ἁμαρτίαν
787 5039 1204 5110 ἀπηλλαγμένος
1255 5038 1551 5109 ὀχλήσεως,
1609 5040 1704 5093 καὶ

53 5141 281 5214 μόνην
313 5133 556 5202 εἰρήνην
593 5131 690 5184 καὶ
722 5131 976 5199 πράττων
1006 5131 1099 5182 καὶ
1133 5129 1328 5190 λαλῶν,
1357 5130 1452 5182 καὶ
1489 5130 1704 5183 ἀκούων

50 5234 177 5290 καὶ
207 5226 604 5296 λογιζόμενος
627 5238 639 5250 ·
682 5221 822 5292 μετά
850 5223 908 5273 τὸ
939 5221 1190 5284 δέξασθαι
1225 5219 1315 5273 διὰ
1340 5220 1440 5291 τῆς
1470 5222 1705 5292 φυσικῆς

55 5321 367 5394 Θεωρίας
404 5315 504 5385 τὴν
548 5313 708 5383 φύσιν
739 5313 845 5366 τῶν
876 5313 1106 5394 ὁρατῶν,
1151 5312 1277 5375 τοὺς
1304 5314 1361 5366 ἐν
1395 5313 1531 5382 αὐτῇ
1561 5313 1708 5366 θειο-

43 5413 307 5486 τέρους
347 5403 608 5472 καθάπερ
637 5402 785 5474 δῶρα
821 5401 900 5471 τῷ
949 5403 1136 5473 Κυρίῳ
1161 5403 1229 5456 δι’
1261 5400 1426 5456 αὐτοῦ
1467 5419 1704 5473 προσκο-

1791 3824 2146 3892 templati-one
2171 3822 2411 3892 perfecte
2438 3822 2782 3891 philosophia
2807 3822 3025 3891 polleat.

1863 3935 1949 3990 98.
1986 3933 2090 4000 Qui
2131 3948 2399 3988 summam
2432 3931 2649 3987 virtutis
2677 3933 2741 3987 ac
2771 3931 3015 3989 scientiae
3055 3935 3163 3988 vim
3195 3937 3362 3990 actio-

1874 4855 1961 4920 99.
1996 4863 2100 4931 Qui
2132 4862 2364 4918 actionis
2383 4847 2689 4926 laboribus,
2723 4877 2786 4918 ac
2813 4862 3016 4932 quibus
3040 4855 3216 4917 virtus
3243 4880 3372 4932 pne-

1803 4963 2001 5020 statur,
2041 4963 2236 5009 nactus
2285 4962 2388 5017 est,
2435 4961 2496 5006 ut
2549 4963 2804 5022 tanquam
2855 4953 3178 5016 Jerusalem,
3225 4961 3374 5007 tran-

1805 5043 1959 5114 quilli
1985 5043 2152 5108 animi
2183 5059 2246 5097 ac
2269 5043 2648 5113 imperturbati
2681 5043 2927 5096 habitum
2957 5043 3134 5109 colat;
3161 5043 3229 5105 ab
3257 5060 3375 5097 om-

1811 5136 1978 5205 nique
2037 5135 2175 5188 liber
2226 5133 2432 5203 peccati
2492 5133 2769 5196 molestia,
2817 5149 2979 5187 unam
3033 5133 3376 5189 solummodo

1813 5240 2000 5295 pacem
2034 5233 2089 5279 et
2112 5225 2224 5294 agit
2253 5233 2310 5279 et
2340 5225 2602 5294 loquitur,
2637 5224 2897 5294 auditque
2919 5236 2974 5278 et
2995 5225 3222 5295 cogitat;
3257 5235 3380 5294 post

1814 5324 2091 5384 acceptam
2122 5315 2358 5369 naturali
2385 5315 2777 5384 speculatione,
2819 5329 3002 5368 rerum
3037 5315 3211 5369 oculis
3252 5316 3378 5370 sub-

1808 5407 2078 5476 jectarum
2124 5414 2396 5470 naturam,
2438 5406 2736 5461 diviniores
2781 5405 2835 5458 in
2883 5420 2947 5458 ea
2993 5406 3230 5461 rationes
3260 5414 3379 5460 tan-

141 5589 210 5624 "
246 5583 313 5642 II
364 5580 546 5637 Paral.
576 5595 743 5643 nm,
773 5577 863 5633 2'5.

465 5675 736 5735 PATBOL.
769 5669 884 5729 (in.
929 5669 1044 5728 XC.
2974 5668 3050 5727 7.0
