3930 6324
137 235 251 302 1261

777 235 1110 297 CAPITUM
1149 231 1569 306 QUINQUIES
1608 231 2128 296 CENTENORUM
2166 233 2553 296 CENTURIA
2592 235 2707 299 III.

3199 240 3340 306 1262

131 349 408 424 βρωμάτων
439 349 536 402 οὐκ
565 347 751 410 ὄντων,
781 351 882 403 οὐκ
910 349 1062 404 ἔσται
1095 347 1507 420 γαστριμαργία
1526 365 1538 378 ⁸
1575 347 1670 402 καὶ

1786 347 1925 402 modi
1970 348 2162 413 fuerit,
2195 365 2316 419 quae
2346 351 2399 404 in
2432 365 2654 405 sensum
2685 351 2864 417 cadat,
2899 367 3168 423 nusquam
3213 371 3342 426 pas-

129 440 309 514 χρυσοῦ
347 438 642 508 μὴ’δντος,
697 441 796 492 οὐκ
847 439 999 494 ἔσται
1048 440 1400 512 φιλαργυρία.
1454 438 1664 492 Οὐκοῦν

130 539 290 604 πάσης
317 531 588 600 ὲμπαῦοῦς
621 535 883 602 κινήσεως
923 532 1028 584 τῶν
1060 535 1115 585 ὲν
1147 533 1274 602 ἡμῖν
1309 529 1550 598 φυσικῶν
1577 529 1665 581 δυ-

125 624 319 692 νάμεων
365 621 518 692 ἄρχει
564 623 622 675 τὸ
675 623 948 692 αἰσθητὸν,
982 625 1170 692 ἤγουν,
1223 621 1290 674 δι’
1343 619 1506 672 αὑτοῦ
1569 619 1664 686 τὴν

123 712 285 782 ψυχὴν
305 712 614 783 διερεθίζων
645 713 780 784 πρὸς
815 713 1088 784 ἁμαρτίαν
1114 713 1343 780 δαίμων.

121 802 302 858 ralium
359 803 412 856 in
466 802 628 857 nobis
697 803 931 869 virium,
999 819 1115 856 rem
1177 802 1362 856 sensui
1437 798 1735 869 subiectam

122 893 341 947 animum
371 892 694 963 pronitatem
729 893 794 948 ad
831 902 1136 963 peccatum.

179 989 240 1042 δ’.
287 988 346 1038 Ἦ
378 987 580 1055 τρῖψις,
609 987 705 1056 τὴν
738 987 1019 1058 ἐνέργειαν
1047 1005 1059 1016 ·
1115 989 1147 1058 ἡ
1179 987 1424 1057 ἕκτριψις
1463 981 1540 1048 δὲ,
1571 981 1664 1036 καὶ

117 1078 270 1149 αὐτὴν
296 1077 544 1146 ἀφανίζει
575 1079 674 1149 τῆς
725 1081 922 1141 κακίας
950 1078 1048 1149 τὴν
1095 1079 1411 1148 ἐνθύμησιν.
1447 1077 1512 1128 Ἠ
1569 1075 1666 1145 μὲν

112 1170 214 1240 γὰρ
268 1169 466 1239 τρῖψις,
518 1169 615 1236 τῆς
672 1167 956 1238 ὲμπαΟοῦς
1015 1169 1134 1221 κατ’
1171 1168 1456 1237 ἐνέργειαν
1499 1165 1666 1235 μόνης

109 1260 333 1329 ὑπάρχει
391 1257 642 1327 πράξεως
676 1259 1049 1329 κατάργησις·
1105 1261 1137 1330 ἡ
1171 1260 1228 1312 δὲ
1262 1258 1534 1328 ἔκτριψις,
1571 1255 1666 1308 καὶ

106 1351 209 1404 τῶν
240 1351 375 1404 κατὰ
436 1351 679 1404 διάνοιαν
739 1352 989 1423 πονηρῶν
1051 1351 1370 1420 κινημάτων
1398 1347 1668 1418 παντελής

109 1447 247 1498 ἐστιν
277 1445 604 1514 ἀφανισμός.

168 1543 228 1592 ε’.
249 1605 252 1608 ,
271 1538 426 1591 Μέσα
458 1537 564 1590 εἰσὶ
587 1536 722 1590 Θεοῦ
755 1537 848 1590 καὶ
885 1535 1188 1606 ἀνθρώπων
1214 1534 1284 1588 τὰ
1309 1532 1547 1602 αἰσθητά
1577 1530 1657 1585 κοΐ

100 1628 167 1682 τὰ
205 1605 368 1698 νοητά
398 1645 412 1659 ⁸
445 1623 521 1681 ἄν
549 1628 805 1700 ὑπεράνω
854 1605 1066 1696 γίνεται
1097 1626 1288 1697 χωρῶν
1318 1625 1455 1695 πρὸς
1480 1623 1612 1678 Θεὸν
1641 1622 1668 1673 ὁ
1699 1605 1738 1659 Β

97 1719 436 1791 ἀνθρώπινος
466 1717 616 1782 νοῦς·
647 1722 759 1780 τοῖς
789 1719 886 1788 μὲν
919 1716 1197 1788 αἰσθητοῖς
1225 1717 1368 1769 κατὰ
1396 1715 1496 1785 τὴν
1529 1716 1700 1786 πρᾶα“

97 1809 178 1876 ξιν
213 1813 292 1883 μὴ
323 1810 706 1880 δουλούμενος,
744 1812 860 1872 τοῖς
887 1809 944 1863 δὲ
987 1811 1201 1878 νοητοῖς
1231 1808 1372 1862 κατά
1399 1807 1496 1880 τὴν
1528 1806 1664 1860 θεω-

96 1900 220 1974 ρίαν
245 1900 499 1971 μηδόλως
527 1898 924 1970 κρατούμενος.

165 1999 238 2057 ς’.
275 1993 604 2060 Κατήγορος
658 1993 692 2062 ἡ
737 1991 913 2053 κτίσις
942 1991 1147 2058 γίνεται
1175 1987 1282 2042 τῶν
1326 1987 1538 2042 ἀσεϐῶν
1571 1988 1667 2040 ἀν-

93 2081 327 2155 θρώπων
351 2099 366 2113 ·
429 2081 516 2134 διὰ
553 2081 654 2150 μὲν
678 2081 788 2134 τῶν
823 2082 880 2134 ἐν
909 2079 1044 2150 αὐτῇ
1078 2078 1275 2146 λόγων,
1332 2077 1422 2130 τὸν
1469 2075 1667 2145 ἑαυτῆς

91 2173 446 2245 κηρύττουσα
473 2173 702 2241 ποιητήν
723 2189 735 2202 ·
772 2172 860 2226 διὰ
888 2172 942 2225 δὲ
979 2170 1087 2225 τῶν
1117 2173 1174 2224 ὲν
1208 2170 1343 2242 αὑτῇ
1379 2171 1500 2224 κατ’
1530 2162 1670 2231 εἶδος

89 2268 321 2322 ἕκαστον
351 2265 602 2336 φυσικῶν
625 2266 824 2334 νόμων,
857 2265 990 2336 πρὸς
1019 2263 1218 2334 ἀρετὴν
1251 2259 1669 2330 παιδαγωγοῦσα

89 2358 180 2410 τὸν
222 2355 542 2427 ἄνθρωπον.
592 2356 654 2406 (li
693 2357 792 2425 μὲν
818 2341 912 2408 οὖν
943 2353 1112 2419 λόγοι,
1147 2354 1204 2406 ὲν
1238 2354 1304 2422 τῇ
1343 2354 1540 2422 συνοχῇ
1571 2350 1672 2420 τῆς

89 2445 180 2499 τοῦ
213 2445 335 2498 καθ’
359 2445 592 2498 ἕκαστον
622 2444 792 2506 εἴδους
809 2443 1166 2514 γνωρίζονται
1197 2441 1556 2512 μονιμότητος
1584 2439 1668 2510 (ι)-

83 2539 135 2589 οί
171 2537 228 2598 δὲ
257 2537 445 2607 νόμοι,
474 2536 532 2590 ὲν
556 2538 620 2606 τῇ
651 2537 942 2602 ταυτότητι
979 2523 1260 2604 φαίνονται
1293 2533 1390 2600 τῆς
1419 2532 1513 2584 τοῦ
1549 2529 1669 2584 καθ’

85 2625 324 2678 ἕκαστον
365 2623 542 2686 εἴδους
570 2625 805 2692 φυσικῆς
857 2623 1163 2694 ἐνεργείας·
1221 2618 1302 2684 οἷς
1336 2621 1409 2694 μὴ
1447 2619 1673 2674 ἐπιϐαλ-

79 2715 272 2780 λοντες
301 2714 452 2769 κατὰ
484 2714 580 2784 τὴν
609 2715 666 2768 ἐν
686 2715 820 2784 ἡμῖν
849 2713 1040 2784 νοερὰν
1070 2712 1316 2782 δύναμιν,
1348 2711 1446 2779 τήν
1476 2727 1535 2762 τε
1564 2709 1674 2761 τῶν

79 2805 256 2859 ὅντων
285 2803 872 2877 ὴγνοὴσαμεναίτίαν,
905 2803 998 2856 καὶ
1021 2804 1156 2856 πᾶσι
1185 2803 1297 2865 τοῖς
1334 2799 1484 2870 παρά
1515 2797 1673 2870 φύσιν

79 2897 558 2967 προστετήκαμεν
587 2887 803 2946 πάθεσι.

151 2985 219 3052 ζ’.
256 2987 433 3056 Δῶρα
460 2985 537 3056 τῷ
563 2985 681 3054 Θεῷ
716 2983 1122 3054 προσφέρεσθαι
1149 2983 1278 3054 παρ’
1311 2975 1466 3055 ἡμῶν
1515 2985 1542 3036 ὁ
1591 2977 1676 3033 λό-

72 3095 173 3146 γος
210 3074 625 3140 διακελεύεται,
663 3075 748 3128 ἵνα
787 3076 1114 3145 παραστήσῃ
1142 3076 1203 3128 τὸ
1235 3076 1332 3145 τῆς
1363 3073 1512 3138 Οείας
1537 3075 1674 3142 ἀγα-

71 3169 316 3240 θότητος
367 3167 623 3237 ἄπειρον,
665 3168 740 3228 ὡς
774 3166 942 3236 μηδὲν
972 3166 1501 3238 προεισενεγκούσης
1529 3167 1678 3236 δέκε·

73 3261 203 3316 σθαι
235 3261 382 3330 παρ’
418 3259 580 3329 ἡμῶν
608 3257 682 3321 ὡς
712 3259 860 3329 δῶρα
897 3257 966 3311 τὰ
1011 3261 1242 3328 δόματα,
1293 3260 1354 3312 τὸ
1398 3261 1504 3312 πᾶν
1544 3261 1676 3330 ἡμῖν

71 3351 465 3422 λογιζομένης
493 3350 589 3418 τῆς
621 3350 904 3420 εἰσφορᾶς,
945 3349 1146 3422 πολλὴν
1178 3352 1274 3404 καὶ
1303 3352 1509 3420 ἄφατον
1537 3349 1675 3404 εἷναι

71 3444 206 3513 περὶ
244 3442 408 3512 ἡμᾶς
442 3440 701 3495 δεικνύων
757 3439 851 3492 τοῦ
901 3441 1035 3494 Θεοῦ
1069 3442 1174 3512 τὴν
1207 3443 1546 3514 ἀγαῦότητα,
1587 3443 1674 3495 δε-

67 3535 319 3606 χομένου
375 3533 457 3594 ὡς
495 3533 650 3602 ἡμῶν
681 3531 762 3594 ,τά
795 3531 1010 3595 ἑαυτοῦ,
1045 3533 1102 3599 ἐξ
1137 3533 1294 3604 ἡμῶν
1323 3535 1473 3605 αὐτῷ
1505 3551 1676 3604 προσ-

66 3615 395 3697 φερόμενα,
438 3624 535 3675 καὶ
561 3623 660 3694 τῆν
690 3624 829 3694 ὑπὲρ
864 3625 1044 3678 αὐτῶν
1083 3624 1158 3688 ὡς
1189 3625 1491 3694 ἀλλοτρίων
1525 3625 1677 3693 ὀφει-

63 3717 166 3788 λὴν
191 3711 629 3788 ὁμολογοῦντος.
1339 3725 1344 3730 ‘

1702 2937 1742 2992 C

137 3895 216 3968 η’.
261 3897 326 3949 '0
360 3893 684 3964 ἇνῦρωπος,
716 3894 842 3956 τοὺς
893 3895 1299 3962 πνευματικοὺς
1322 3891 1431 3946 τῶν
1463 3895 1680 3964 ὁρωμέο

59 4007 176 4044 νων
216 3990 440 4056 λόγους
495 3985 791 4052 κατανοῶν,
843 3985 1286 4050 διδάσκεται,,ὡς
1315 3984 1429 4038 ἔστι
1457 4004 1541 4050 τις
1575 3987 1682 4040 τῶν

53 4066 448 4152 φαινομένων
485 4074 716 4146 παητῆς
743 4094 757 4109 ·
790 4075 888 4147 τὴν
917 4076 1011 4129 τοῦ
1053 4075 1234 4140 ὁποῖός
1267 4077 1416 4130 ἐστιν
1447 4076 1678 4142 ἔννοιαν,

51 4175 136 4236 ὡς
175 4174 507 4242 ἀνέφικτον
540 4169 697 4237 ἀφεὶς
725 4169 1100 4234 ἀνεξέταστον.
1127 4171 1239 4241 Τὴν
1269 4170 1378 4242 γὰρ
1405 4171 1488 4223 ὅτι
1519 4173 1683 4242 Ποιη-

1769 437 1850 492 sio
1885 454 1948 492 ac
1973 439 2201 494 allectus
2229 450 2331 494 est.
2364 441 2478 494 Nisi
2504 441 2650 495 enim
2691 443 2760 496 sit
2796 444 3012 510 mulier,
3041 461 3220 515 neque
3261 457 3346 504 est

1771 527 2060 584 fornicatio
2091 549 2101 582 :
2137 546 2198 584 ac
2227 533 2330 584 nisi
2364 533 2472 586 cibi
2513 534 2640 598 sint,
2673 551 2784 587 non
2813 535 2917 588 erit
2944 537 3068 606 gula
3107 541 3344 593 ventris-

1771 637 1878 688 que
1911 621 2348 690 ingluviesznisi
2397 640 2590 678 aurum
2639 626 2736 690 sit,
2787 643 2894 680 non
2939 629 3045 682 erit
3095 631 3340 684 avaritia.

1771 711 1964 766 Omnis
1997 713 2164 783 igitur
2197 715 2427 770 vitiosus
2459 726 2639 772 motus
2673 733 2738 772 ac
2766 719 3092 774 libidinosus
3121 733 3346 782 natura-

1797 809 2075 856 auctorem
2147 802 2344 869 habet,
2417 805 2532 859 sive
2599 806 2934 874 daemonem,
3003 823 3104 877 per
3173 811 3345 879 ipsam

1842 983 1893 1035 4.
1943 983 2118 1038 Tritio
2167 985 2247 1054 (ut
2295 987 2376 1041 sic
2419 985 2620 1058 dicam)
2667 991 3076 1058 operationem;
3125 995 3345 1050 extritio

1771 1081 1976 1142 autem,
2013 1075 2183 1145 ipsam
2216 1094 2434 1149 quoque
2459 1080 2579 1134 vitii
2607 1081 2754 1136 delet
2777 1083 3181 1153 cogitationem.
3210 1086 3344 1141 Nam

1771 1165 1923 1220 tritio
1952 1167 2194 1236 quidem,
2228 1169 2400 1222 solius
2433 1169 2648 1226 vitiosa:
2679 1187 2743 1225 ac
2771 1172 3078 1229 libidinosa!
3119 1175 3173 1229 in
3215 1185 3339 1232 actu

1771 1258 2104 1328 Operationis
2135 1260 2432 1314 destructio
2471 1271 2586 1328 est;
2619 1265 2836 1318 extritio
2863 1280 3014 1331 vero,
3041 1267 3160 1337 ipsa
3198 1283 3337 1338 quo-

1772 1361 1879 1414 que
1924 1363 2218 1416 pravorum
2267 1350 2433 1403 animi
2487 1361 2732 1408 motuum
2781 1355 2936 1422 plena
2985 1357 3339 1428 absolulaque

1771 1439 2086 1494 exstinctio.

1843 1528 1896 1580 5.
1929 1528 2104 1586 Media
2149 1539 2278 1586 sunt
2307 1531 2478 1585 Deum
2515 1534 2659 1588 inter
2686 1543 2742 1588 et
2773 1536 3024 1590 homines
3069 1539 3348 1594 sensibilia

1768 1631 1832 1670 ac
1877 1617 2278 1690 in'telligibilia;
2325 1625 2533 1694 quibus
2581 1641 2738 1680 mens
2784 1627 3020 1682 humana
3063 1628 3130 1682 ad
3177 1630 3350 1684 Deum

1768 1709 2057 1776 accedens,
2091 1715 2342 1782 superior
2369 1715 2552 1770 evadit
2585 1735 2598 1769 :
2629 1718 2774 1785 quod
2819 1718 3028 1772 scilicet
3071 1720 3351 1774 sensibili-

1768 1799 1872 1854 bus
1907 1817 2006 1871 per
2036 1805 2308 1860 actionem
2355 1821 2466 1860 non
2501 1808 2723 1871 serviat,
2757 1823 2860 1864 nec
2907 1809 3018 1863 ullo
3057 1810 3218 1864 modo
3251 1827 3352 1878 per

1770 1895 2200 1962 speculationem
2233 1897 2670 1968 intelligibilibus
2695 1897 2948 1952 devincta
2985 1899 3208 1954 haereat.

1837 1985 1890 2040 6.
1921 1985 2182 2041 Creatura
2214 1987 2518 2042 accusatrix
2563 1997 2646 2042 est
2693 1988 2986 2058 impiorum
3033 1985 3349 2044 hominum;

1769 2077 1972 2145 quibus
2019 2078 2286 2133 instructa
2338 2077 2645 2133 rationibus
2691 2086 2795 2144 est,
2848 2079 3142 2134 Auctorem
3191 2095 3352 2134 suum

1770 2169 2102 2238 praedicans;
2151 2170 2606 2240 naturalibusque
2647 2170 2950 2224 secundum
2991 2171 3203 2240 species
3236 2170 3354 2224 sin—

1769 2261 1923 2332 gulas
1947 2261 2084 2316 inca
2113 2260 2343 2332 legibus,
2377 2261 2654 2317 hominem
2686 2261 2752 2316 ad
2781 2261 3036 2316 virtutem
3069 2261 3352 2318 erudiens.

1772 2350 2032 2406 Rationes
2067 2353 2284 2422 itaque,
2323 2355 2378 2406 in
2412 2363 2866 2422 quarumeunque
2917 2353 3225 2422 specierum
3272 2363 3354 2408 at—

1771 2457 1878 2509 que
1899 2457 2157 2512 generum
2181 2444 2439 2500 eorttinua
2463 2443 2624 2514 559
2643 2444 2987 2512 perennitate
3013 2453 3351 2498 noscuntur:

1773 2533 1920 2601 leges
1955 2549 2102 2598 vero,
2149 2535 2204 2587 in
2253 2535 2442 2588 eadem
2475 2535 2676 2604 speciei
2717 2536 2981 2605 cujusque
3029 2549 3092 2588 ac
3137 2535 3354 2605 generis

1773 2625 2010 2678 naturali
2052 2625 2368 2693 operatione
2415 2627 2736 2680 elueescunt
2767 2643 2779 2677 :
2805 2625 3006 2694 quibus
3038 2624 3352 2694 intelligen—

1773 2713 1860 2768 dis
1885 2713 2112 2768 minime
2137 2715 2460 2771 adhibentes
2493 2715 2756 2781 animum,
2787 2731 2910 2770 cum
2931 2717 3224 2770 Auctorem
3269 2733 3355 2771 re-

1776 2817 1898 2856 rum
1934 2805 2302 2868 nescivimus,
2353 2811 2466 2858 tum
2521 2803 2923 2859 innaturalibus
2963 2804 3174 2860 cunctis
3205 2803 3354 2858 vitiis

1775 2909 1840 2950 ae
1873 2894 2162 2950 atl'ectibus
2189 2895 2548 2950 intabuimus.
2657 2903 2672 2908 "

1851 2987 1900 3038 7.
1932 2983 2094 3040 Jubet
2137 2985 2440 3055 Scriptura,
2482 2995 2543 3040 ut
2584 2987 2694 3041 Deo
2723 2985 2864 3040 dona
2895 2985 3212 3048 oﬂ‘eramus,
3244 3001 3354 3054 quo

1775 3091 1974 3144 nempe
2007 3076 2276 3130 inﬁnitam
2314 3077 2511 3130 divinae
2555 3076 2818 3130 bonitatis
2847 3073 3236 3130 abundantiam
3269 3091 3356 3127 re—

1777 3175 2096 3234 prmsentet;
2123 3183 2264 3235 quae,
2301 3177 2556 3236 tanquam
2596 3167 2732 3220 nihil
2761 3167 2914 3235 prior
2935 3167 3054 3235 ipsa
3081 3165 3350 3228 intulerit,

1775 3257 1854 3312 sie
1886 3273 1916 3311 a
1949 3258 2108 3312 nobis
2141 3275 2368 3313 munera
2417 3259 2669 3328 accipiat,
2719 3268 2974 3328 tanquam
3013 3271 3143 3311 vere
3189 3257 3353 3320 dona,

1777 3355 2061 3418 totumque
2096 3351 2238 3418 qqu
2283 3349 2586 3412 inferimus,
2611 3357 2896 3417 acceptum
2929 3347 3088 3402 nobis
3122 3345 3352 3409 referat;

1776 3441 2068 3510 plurimam
2099 3442 2310 3495 scilicet
2341 3456 2406 3494 ac
2435 3440 2768 3494 ineﬂ‘ahilem
2793 3454 2920 3508 erga
2946 3453 3046 3492 nos
3074 3437 3171 3490 Dei
3203 3437 3359 3491 beni-

1777 3533 2038 3600 gnitatem
2075 3533 2404 3597 ostendens,
2457 3533 2550 3601 qui
2587 3548 2684 3596 ea,
2729 3547 2850 3600 quae
2897 3545 2996 3584 sua
3043 3537 3200 3594 sunt,
3237 3537 3360 3583 tan-

1779 3638 1944 3690 quam
1973 3631 2160 3678 nostra
2204 3641 2266 3678 et
2297 3625 2458 3680 nobis
2499 3624 2682 3678 oblata
2717 3621 2998 3692 suscipiat,
3031 3635 3198 3691 seque
3233 3621 3357 3674 illo-

1781 3725 1901 3764 rum
1929 3713 2174 3776 nomine,
2205 3727 2268 3766 ac
2301 3713 2344 3765 si
2385 3712 2562 3766 aliena
2588 3721 2793 3772 essent,
2819 3711 3008 3765 debito
3031 3711 3358 3766 obstrictum

1781 3800 2102 3868 proﬁteatur
2137 3811 2301 3869 atque
2331 3811 2611 3870 agnoscat.

1852 3888 1906 3942 8.
1944 3889 2140 3955 Homo,
2191 3890 2466 3958 spiritales
2512 3905 2696 3944 rerum
2730 3889 3146 3958 aspectabilium
3193 3890 3362 3944 ratio-

1783 3995 1882 4034 nes
1912 3979 2290 4046 considerans,
2318 3995 2440 4036 esse
2481 3979 2718 4050 aliquem
2749 3994 2940 4034 .rerum
2988 3979 3205 4034 illarum
3253 3979 3362 4033 Au-

1783 4079 1988 4126 ctorem
2021 4071 2251 4128 docetur
2282 4089 2294 4125 :
2328 4071 2580 4142 quisnam
2612 4087 2748 4126 vero
2785 4071 2876 4127 ille
2911 4072 2984 4125 sit
3011 4073 3240 4142 ejusque
3273 4071 3362 4125 in-

1783 4164 2162 4238 telligentiam,
2188 4173 2249 4220 ut
2277 4180 2440 4234 quam
2467 4164 2683 4232 assequi
2715 4179 2825 4217 non
2867 4162 3059 4233 possit,
3099 4162 3362 4216 intactam

49 4267 186 4337 τὴς,
224 4265 356 4318 ἀλλ’
392 4262 502 4332 οὐχ
547 4261 730 4324 ὁποῖος
763 4263 911 4320 ἐστιν
939 4264 968 4316 ὁ
1015 4263 1267 4335 ποιητὴς,
1299 4264 1550 4335 ὁρωμένη
1583 4282 1674 4318 σοι.

1787 4258 2068 4327 relinquit.
2097 4257 2252 4324 Quod
2279 4257 2424 4312 enim
2455 4256 2526 4311 sit
2554 4253 2841 4318 Conditor,
2873 4253 3020 4308 haud
3058 4267 3190 4307 vero
3237 4251 3362 4322 quis

47 4357 184 4427 φῶς
224 4357 262 4427 ἡ
300 4353 526 4416 κτίσις,
562 4353 791 4422 παρέχει
827 4353 1164 4424 κατάληψιν.-

128 4531 200 4585 θ’,
234 4533 257 4554 ‘
309 4526 505 4601 Ὀργὴ
537 4526 669 4604 Θεοῦ
721 4528 890 4590 ἐστιν,
927 4529 960 4600 ἠ
1001 4528 1108 4582 τῶν
1143 4530 1681 4601 παιδαγωγουμένων

41 4623 344 4684 ἐπίπονος
381 4618 668 4686 αἴσθησις.
713 4618 998 4680 Ἐπίπονος
1027 4617 1082 4670 δὲ
1115 4618 1451 4690 καθέστηκεν
1485 4621 1682 4691 αἴσθη-

46 4733 168 4780 σις,
203 4717 244 4784 ἡ
280 4711 411 4765 τῶν
452 4707 725 4762 ἀκουσίων
757 4714 932 4762 πόνων
966 4709 1253 4780 ἐπαγωγὴ,
1275 4711 1342 4764 δι’
1373 4706 1441 4782 ἦς
1471 4711 1562 4765 τὸν
1587 4714 1678 4765 ἐπ’

38 4805 238 4876 ἀρετῇ
279 4799 396 4855 καὶ
439 4797 646 4866 γνώσει
705 4796 1066 4865 φυσιούμενον
1115 4797 1261 4864 νοῦν,
1306 4800 1334 4850 ὁ
1385 4799 1518 4862 Θεὸς
1561 4802 1686 4870 ἄγει

39 4894 354 4953 πολλάκις
390 4888 541 4958 πρὸς
572 4885 831 4955 συστολὴν
865 4887 958 4938 καὶ
987 4887 1335 4942 ταπείνωσιν·
1371 4890 1532 4944 αὑτὸν
1560 4892 1686 4944 ὲαυ-

35 4983 146 5038 τοῦ
209 4976 516 5050 γενέσθαι
567 4975 742 5038 διδοὺς
785 4974 1155 5046 ἐπιγνώμονα,
1199 4977 1294 5031 καὶ
1345 4979 1444 5048 τῆς
1481 4983 1686 5046 οἰκείας

1785 4349 1874 4402 ille
1903 4359 1958 4404 et
1987 4349 2184 4418 qualis,
2231 4355 2288 4402 ut
2329 4345 2879 4417 comprehendamus,
2909 4353 3158 4400 creatura
3187 4345 3363 4400 oculis

1784 4441 1998 4510 objecta
2023 4439 2307 4496 manifeste
2339 4439 2553 4494 tribuit.

1853 4533 1906 4587 9.
1943 4532 2026 4586 lra
2073 4531 2171 4586 Dei
2215 4540 2333 4596 est,
2383 4547 2577 4586 eorum
2605 4531 2702 4604 qui
2732 4529 3054 4600 'puniuntur
3103 4527 3364 4582 molestus

1785 4623 2068 4694 dolorique
2111 4624 2436 4695 coniunctus
2467 4639 2679 4678 sensus.
2727 4621 2828 4678 Hic
2867 4635 3021 4685 vero,
3055 4620 3366 4674 involunta-

1787 4714 1996 4768 riorum
2019 4715 2270 4769 laborum
2297 4717 2445 4770 illata
2473 4717 2556 4770 vis
2579 4723 2681 4780 est,
2714 4731 2822 4785 qua
2849 4715 3114 4778 animum,
3145 4711 3368 4767 virtutis

1787 4804 2010 4860 nomine
2037 4820 2100 4860 ac
2129 4805 2372 4860 scientiae
2412 4805 2680 4871 inflatum,
2713 4805 2780 4860 ad
2808 4820 3002 4860 sensus
3041 4802 3364 4857 modestiam

1788 4905 1844 4950 et
1867 4895 2230 4952 humilitatem
2275 4897 2422 4951 haud
2455 4913 2579 4952 raro
2621 4897 2766 4952 Deus
2809 4896 3066 4960 adducit;
3105 4903 3370 4964 praestans

1791 4995 1852 5040 ut
1884 4987 2120 5056 seipsum
2152 4996 2426 5060 agnoscat,
2467 5003 2730 5058 suamque
2763 4987 3134 5041 infirmitatem
3167 4983 3372 5038 intelii.

115 5165 134 5186 ‘
171 5159 270 5218 Cf.
343 5155 430 5213 ad
469 5151 813 5224 Thalass.q.
859 5153 948 5220 52,
1017 5161 1080 5208 ut
1147 5151 1288 5212 infra
1354 5153 1422 5210 ad
1486 5171 1638 5212 num.
1708 5159 1794 5212 ll.

115 5339 194 5414 (ε)
245 5338 368 5414 Ἐζν
381 5329 478 5398 τῇ
509 5327 748 5414 συγοχῇ
771 5327 880 5414 ςῆς
905 5329 1174 5411 τοῦ-καθ’
1199 5328 1462 5412 ἕκαστον
1485 5330 1688 5414 εἴδους

26 5400 544 5482 μοῇοὴμότητος.
574 5400 636 5452 In
669 5402 920 5482 continua
947 5401 1416 5482 cujusquespeeiei
1441 5401 1686 5482 perenni-

27 5469 340 5544 intersere
387 5471 802 5544 conservatione
831 5486 848 5522 :
874 5485 978 5544 qua
1010 5469 1220 5544 Scilicet
1245 5469 1533 5524 individua
1557 5470 1682 5544 alia

25 5539 182 5608 aliis
219 5543 539 5602 continua
564 5539 706 5592 serie
723 5540 1025 5594 succedunt
1045 5554 1108 5592 ac
1137 5539 1450 5603 cohaerent;
1476 5539 1681 5608 quippe

25 5607 154 5680 alia
195 5633 284 5674 ex
344 5610 503 5670 aliis
551 5608 820 5674 deducta;
867 5623 990 5678 qua:
1039 5610 1262 5678 propria
1299 5607 1390 5661 τοῦ
1424 5607 1680 5677 συνεχοῦς

1791 5335 2038 5406 acceptio
2073 5342 2176 5398 est,
2225 5341 2284 5390 ut
2327 5344 2412 5406 est
2459 5335 2582 5389 talis
2612 5341 2900 5402 contactus
2922 5351 2947 5406 ξ
2973 5331 3040 5390 de
3067 5351 3178 5404 quo
3203 5335 3361 5394 Suid.

1791 5403 1844 5476 in
1878 5403 2011 5459 voce
2066 5406 2284 5476 συνοχή.
2323 5405 2442 5476 Non
2473 5405 2614 5460 bene
2669 5406 2852 5470 Picus,
2910 5403 3186 5476 Sermones
3240 5425 3362 5475 per-

1785 5475 2053 5546 cipiuntur
2127 5491 2190 5528 et:
2252 5475 2433 5530 'solida
2488 5475 2845 5546 cujuscunque
2914 5475 3106 5545 speciei
3187 5483 3362 5534 colat:~

1788 5561 1878 5596 run
1889 5545 1961 5597 tia
1972 5586 1983 5596 .
