3930 6324
120 463 242 530 1265

750 458 1083 518 CAPITUM
1120 456 1544 530 QUINQUIES
1581 451 2103 516 CENTENORUM
2140 453 2529 514 CENTURIA
2565 453 2680 513 ΠΙ.

3193 450 3328 513 1266

177 574 264 641 ιγ’.
299 567 454 639 ’Ὁρον
477 566 569 621 καὶ
597 568 758 636 νόμον
787 567 1164 639 ἐνυπάρχοντα
1188 568 1330 622 θεῖον
1358 569 1475 631 τοῖς
1501 563 1654 620 οὖσιν

1831 564 1916 619 15.
1948 567 2210 637 Regulam
2243 567 2526 637 legemque
2557 564 2796 618 divinam
2825 563 2989 618 rebus
3020 565 3196 619 inesse
3226 566 3331 620 sci-

112 662 278 730 ίσμεν,
325 659 418 728 τὴν
462 657 569 710 τῶν
624 657 793 710 ὅντων
837 657 1162 726 συνεκτικὴν
1197 658 1478 729 πρόνοιαν,
1514 655 1655 710 κατά

107 749 275 822 κρίσιν
317 749 528 802 δικαίαν
552 751 618 820 τῇ
651 748 844 802 σπάνει
885 748 993 801 τῶν
1037 749 1258 818 ἀγαθῶν
1291 748 1657 804 παιδεύουσαν

108 841 235 910 πρὸς
267 840 703 911 εὐγνωμοσύνην,
731 841 856 902 τοὺς
885 840 978 891 ἐπὶ
1019 842 1084 910 τῇ
1129 839 1360 910 ἀφθονίᾳ
1388 838 1497 892 τῶν
1523 838 1659 906 ἀγα-

105 931 206 984 θῶν
228 932 360 1001 πρὸς
386 931 476 984 τὸν
500 930 705 1002 ταύτης
735 931 970 1001 χορηγὸν
1006 929 1275 998 φανέντας
1306 927 1656 998 ἀγνώμονας,

103 1021 184 1074 διὰ
206 1021 309 1075 τῶν
336 1021 591 1074 ἐναντίων
618 1021 816 1084 αὐτοὺς
847 1020 983 1090 πρὸς
1031 1019 1386 1089 συναίσθησιν
1417 1019 1659 1086 ἄγουσαν

100 1113 194 1181 τῆς
223 1111 312 1162 τοῦ
361 1109 719 1181 χαριζομένου
755 1111 822 1164 τὰ
867 1110 1006 1164 καλά
1050 1108 1420 1179 διαγνώσεως.
1457 1108 1523 1160 ’Π
1570 1103 1659 1161 ἐπ’

99 1205 257 1273 ἀρετῇ
287 1203 392 1272 γὰρ
435 1203 632 1272 οἴησις,
667 1200 1129 1270 ἀπαιδαγώγητος
1180 1201 1440 1271 μένουσα,
1475 1199 1536 1252 τὸ
1561 1200 1660 1269 τῆς

98 1295 466 1365 ὑπερηφανίας
503 1295 700 1364 γεννᾷν
740 1293 953 1362 πέφυκε
1001 1295 1236 1364 νόσημα,
1275 1293 1337 1346 τὸ
1380 1291 1479 1363 τὴν
1507 1293 1657 1346 ἀντι-

97 1386 347 1457 κειμένην
373 1385 452 1456 τῷ
478 1386 597 1456 Θεῷ
624 1385 789 1457 φέρον
810 1384 1070 1441 διάθεσιν.

163 1565 242 1618 ιδ’.
276 1565 332 1618 '0
363 1565 612 1633 οἰόμενος
645 1565 836 1618 ἐαυτὸν
869 1565 1258 1645 κατειληφέναι
1289 1565 1350 1618 τὸ
1384 1564 1536 1628 τέλος
1559 1564 1659 1635 τῆς

95 1658 310 1728 ἀρετῆς,
344 1657 600 1728 οὐδαμῶς
646 1657 872 1728 ζητήσει
918 1657 1105 1711 λοιπὸν
1135 1657 1233 1728 τὴν
1277 1659 1522 1728 πηγαίαν
1548 1657 1657 1711 τῶν

91 1749 265 1802 καλῶν
298 1750 502 1812 αἰτίαν,
526 1748 704 1818 ἐαυτῷ
737 1749 883 1819 μόνῳ
911 1749 1259 1819 περιγράψας
1289 1748 1388 1820 τὴν
1413 1749 1514 1818 τῆς
1539 1751 1660 1817 ἐφέ-

92 1859 225 1904 σεως
247 1841 501 1910 δύναμιν,
547 1841 640 1892 καὶ
671 1841 832 1897 αὑτὸν
863 1843 960 1911 τῆς
990 1840 1265 1910 σωτηρίας
1291 1841 1382 1893 τὸν
1407 1842 1531 1911 ὅρον
1565 1837 1654 1908 ὑφ’

87 1930 304 1994 ἑαυτοῦ,
340 1931 486 2001 φημὶ
518 1930 574 1983 δὲ
609 1931 700 1984 τὸν
744 1931 898 1996 Θεὸν,
946 1931 1324 2001 ζημιούμενος,
1347 1932 1446 2003 (ac).
1492 1932 1549 1985 Ὀ
1598 1932 1655 1986 δέ

88 2021 186 2086 τῆς
233 2020 428 2072 ἑαυτοῦ
481 2021 608 2090 περὶ
659 2021 728 2074 τά
765 2021 906 2075 καλά
951 2023 1188 2092 φυσικῆς
1234 2022 1656 2092 συναισθόμενος

88 2109 296 2172 πενίας,
338 2109 401 2162 ού
444 2109 674 2163 παύεται
711 2111 1094 2182 προτροπάδην
1133 2113 1344 2184 τρέχων
1396 2113 1534 2182 πρὸς
1569 2113 1659 2170 τὸν

86 2197 268 2251 δοῦναι
294 2199 596 2268 δυνάμενον
622 2201 718 2270 τῆς
752 2201 960 2264 ἐνδείας
993 2201 1090 2272 τὴν
1115 2203 1415 2274 πλήρωσιν.

156 2293 237 2340 ιε’.
271 2287 340 2340 Ὀ
362 2289 464 2358 τὴν
493 2289 746 2360 ἀπειρίαν
771 2291 869 2360 τῆς
885 2291 1085 2361 ἀρετῆς
1108 2291 1378 2360 διαγνοὺς,
1403 2293 1660 2346 οὐδέποτε

86 2379 177 2432 τοῦ
229 2381 352 2435 κατ’
399 2381 569 2451 αὐτὴν
605 2382 840 2436 παύεται
876 2383 1113 2453 δρόμου,
1148 2383 1233 2438 ἵνα
1285 2384 1360 2455 μὴ
1409 2385 1660 2457 ζημιωθῇ

81 2472 252 2544 αὐτὴν
281 2473 385 2542 τῆς
409 2473 613 2544 ἀρετῆς
627 2473 726 2541 τὴν
761 2475 936 2545 ἀρχὴν
975 2475 1070 2529 καὶ⁵
1097 2476 1158 2529 τὸ
1188 2477 1362 2541 τέλος,
1390 2478 1482 2531 τὸν
1532 2479 1664 2532 Θεὸν

82 2563 251 2631 λέγω,
287 2566 421 2635 περὶ
452 2565 643 2620 ἑαυτὸν
667 2567 868 2638 στήσας
896 2569 992 2639 τὴν
1026 2569 1244 2639 κίνησιν
1271 2573 1370 2640 τῆς
1403 2571 1662 2639 ἐφέσεωςο

83 2655 177 2708 καὶ
211 2655 354 2727 λάθῃ
377 2657 617 2726 νομίζων
646 2657 972 2727 ἐπειλῆφθαι
997 2661 1094 2729 τῆς
1133 2661 1462 2728 τελειότητος
1483 2703 1498 2728 ,
1535 2663 1667 2715 ὑποο

82 2748 267 2816 μένων
313 2747 412 2800 τοῦ
457 2747 672 2817 ἀληθῶς
697 2748 849 2811 ὄντος
889 2748 988 2818 τὴν
1043 2749 1334 2816 ἔκπτωσιν,
1367 2752 1504 2820 πρὸς
1532 2752 1668 2822 ὅπερ

77 2840 372 2910 ἐπείγεται
419 2840 566 2892 πᾶσα
593 2839 880 2893 σπουδαίου
909 2839 1140 2909 κίνησις.

175 3036 254 3093 ς’,
299 3028 520 3081 Γίνεται
549 3028 772 3091 δικαίως
803 3029 896 3081 ἐπὶ
923 3030 1012 3083 τὸν
1058 3029 1407 3102 ύψηλόφρονα
1436 3031 1560 3085 νοῦν
1588 3033 1671 3102 ὀρ-

76 3124 148 3192 γή
178 3138 190 3149 ·
227 3120 545 3190 τουτέστιν,
573 3121 988 3191 ἐγκατάλειψις,
1016 3123 1157 3176 καθά
1212 3126 1428 3194 εἴρηται
1465 3141 1476 3154 ·
1504 3126 1671 3195 ἤγουν

1757 671 1900 721 mus,
1931 673 2052 726 quae
2085 658 2296 712 scilicet
2342 673 2430 714 res
2463 652 2709 711 continet
2755 672 2820 712 ac
2861 664 3169 722 conservat,
3199 657 3332 712 Pro~

1758 747 2085 816 videntiam;
2122 750 2272 819 justo
2297 751 2458 820 plane
2481 749 2692 820 judicio
2723 738 2991 802 bonorum
3022 750 3251 818 penuria
3277 758 3333 804 et

1759 847 1998 908 egestate
2043 840 2167 894 illos
2209 841 2575 902 erudientcm,
2622 849 2683 894 ut
2725 840 2864 910 grati
2891 840 3061 894 animi
3110 856 3333 895 sensum

1759 937 2059 993 assumant,
2101 929 2199 998 qui
2260 930 2419 984 bonis
2456 930 2761 993 allluentes,
2806 931 3048 999 ipsorum
3087 931 3334 1000 largitori

1761 1018 1957 1087 ingrati
1997 1021 2349 1086 exstiterant;
2377 1036 2444 1075 ex
2483 1021 2775 1086 contrariis
2819 1021 3080 1074 nimirum
3126 1021 3180 1074 in
3209 1038 3338 1076 sen-

1761 1125 1882 1162 sum
1912 1109 2185 1176 ducendo,
2214 1111 2352 1182 ejus,
2376 1110 2469 1180 qui
2497 1111 2768 1165 bonorum
2799 1119 2990 1164 auctor
3020 1127 3083 1165 ac
3107 1111 3335 1181 largitor

1760 1197 1850 1251 sit.
1894 1197 2026 1263 Qua:
2065 1199 2213 1253 cnim
2262 1215 2362 1268 pro
2391 1198 2612 1254 virtutis
2643 1201 2887 1264 nomine,
2938 1200 3117 1254 inanis
3149 1200 3337 1269 opinio

1761 1289 2072 1358 mentisque
2115 1290 2280 1345 elatio
2323 1291 2554 1355 accedit,
2603 1291 2707 1344 nisi
2756 1291 3110 1362 castigatione
3156 1292 3335 1360 aliqua

1759 1388 2107 1446 coerceatur,
2135 1381 2407 1450 superbia:
2427 1382 2680 1436 morbum
2707 1381 2987 1453 (all‘ectum
3011 1383 3198 1452 utique
3226 1382 3336 1436 Deo

1759 1471 2119 1540 contrarium)
2160 1473 2402 1541 proclive
2436 1473 2595 1542 parit.

1832 1564 1918 1616 Μ.
1964 1563 2069 1629 Qui
2116 1579 2175 1619 se
2215 1563 2435 1619 virtutis
2474 1563 2637 1619 ﬁnem
2674 1574 2987 1621 assecutum
3017 1565 3173 1636 561
3216 1581 3337 1622 esse

1758 1656 2053 1720 existimat,
2091 1672 2360 1726 nusquam
2389 1657 2652 1726 deinceps
2681 1657 2951 1712 bonorum
2994 1657 3199 1712 fonlem
3241 1673 3340 1712 au-

1760 1753 2079 1815 ctoremque
2113 1746 2376 1816 requirat,
2411 1745 2514 1800 sibi
2556 1745 2670 1815 ipse
2710 1746 3166 1800 circumscribens
3195 1747 3342 1800 desi—

1760 1838 1902 1892 derii
1933 1838 2063 1904 vim,
2093 1853 2300 1907 suoque
2327 1838 2444 1908 ipse
2478 1839 2634 1903 vitio,
2664 1839 2837 1907 ipsius
2858 1838 3051 1892 salutis
3076 1836 3200 1890 ﬁnis
3222 1837 3339 1908 (Dei

1762 1931 2043 2002 nimirum)
2088 1933 2357 2002 jacturam
2409 1930 2632 1986 faciens.
2685 1931 2790 1998 Qui
2839 1939 3024 1985 autem
3074 1930 3342 1984 naturalis

1760 2036 1872 2074 sua:
1896 2022 2256 2092 paupertatis,
2286 2021 2354 2076 ad
2397 2022 2540 2076 bona
2579 2021 2726 2091 quod
2756 2022 2952 2077 attinet
2991 2038 3057 2075 ac
3087 2022 3338 2086 honesta,

1762 2113 1866 2166 sibi
1895 2113 2008 2182 ipsc
2032 2114 2286 2169 conscius
2311 2123 2414 2180 est,
2440 2115 2507 2168 ad
2537 2129 2664 2168 eum
2689 2113 2950 2169 festinare
2991 2129 3101 2168 non
3143 2123 3340 2178 cessat,

1660 2241 1664 2245 ι
1761 2202 1855 2271 qui
1891 2205 2134 2272 penuriae
2177 2205 2619 2274 supplementum
2662 2220 2804 2258 unus
2847 2211 3105 2273 praestare
3140 2213 3341 2272 potest.

1837 2294 1921 2347 l5.
1952 2293 2054 2347 Cui
2081 2293 2294 2347 inﬁnita
2327 2294 2551 2348 virtutis
2585 2293 2893 2363 amplitudo
2923 2293 3209 2362 explorata
3232 2301 3340 2359 est,

1763 2383 1833 2438 ab
1862 2385 1982 2456 ejus
2003 2390 2288 2454 nunquam
2328 2401 2494 2440 cursu
2524 2385 2764 2449 desistit,
2797 2400 2866 2439 ne
2891 2386 3022 2455 ejus
3053 2384 3225 2454 ipsius
3247 2384 3344 2454 qui

1765 2480 1986 2535 virtutis
2019 2481 2357 2549 principium
2397 2496 2462 2534 ac
2503 2480 2628 2534 ﬁnis
2668 2488 2755 2534 est
2786 2481 2914 2549 (hoc
2957 2489 3063 2544 est,
3097 2479 3215 2549 Dei)
3257 2481 3344 2551 ja-

1766 2581 1980 2626 cturam
2013 2571 2201 2637 faciat,
2247 2572 2365 2642 ipse
2409 2572 2557 2627 circa
2584 2588 2642 2627 se
2673 2571 2939 2626 desiderii
2981 2580 3188 2625 motum
3217 2570 3347 2626 detis

1767 2663 1977 2717 niens:
2037 2663 2470 2733 imprudensque
2526 2671 2752 2718 nactum
2818 2678 2877 2717 se
2945 2661 3342 2731 perfectionem

1767 2755 2064 2819 existimet,
2110 2754 2179 2809 ab
2206 2769 2274 2809 eo
2316 2754 2608 2824 prolapsus
2647 2754 2797 2824 quod
2843 2763 2931 2809 est
2976 2769 3131 2820 vere,
3175 2762 3232 2808 et
3277 2753 3348 2807 ad
3423 2739 3425 2742 ’

1770 2847 1920 2916 quod
1961 2855 2146 2901 motus
2186 2846 2388 2912 omnis,
2427 2845 2569 2917 ejus,
2600 2846 2695 2915 qui
2737 2846 2932 2900 virtuti
2969 2845 3174 2909 studet,
3212 2849 3347 2898 c‘on-

1772 2939 1974 2994 tendit.

1844 3032 1932 3087 l6.
1961 3032 2117 3088 J'uste
2157 3033 2237 3087 ira
2265 3033 2320 3087 in
2347 3033 2592 3086 animum
2619 3033 2788 3086 altum
2818 3030 3118 3101 sapientem
3167 3029 3351 3084 obtin-

1773 3124 1854 3193 git
1896 3141 1908 3176 :
1970 3139 2171 3194 nempe
2213 3123 2526 3189 derelictio,
2574 3124 2654 3178 uti
2697 3123 2908 3177 dictum
2954 3133 3073 3187 est;
3119 3121 3254 3187 sive,
3291 3128 3352 3175 ut

77 3212 110 3280 ἡ
145 3211 245 3262 τοῦ
282 3209 644 3279 διοχληθῆναι
687 3209 847 3264 αὐτὸν
879 3213 1020 3265 κατά
1058 3231 1117 3266 τε
1149 3215 1247 3284 τὴν
1274 3214 1493 3285 πρᾶξιν,
1530 3216 1671 3268 κατά

1780 3216 2019 3270 divexari
2073 3232 2105 3271 a
2150 3216 2496 3270 dmmonibus
2547 3231 2612 3269 ac
2663 3215 2890 3270 molesta
2939 3214 3055 3284 pati
3113 3213 3348 3278 sinatur,

77 3319 136 3353 τε
174 3303 282 3373 τὴν
313 3301 558 3371 θεωρίαν
595 3301 698 3353 ὑπὸ
726 3301 997 3372 δαιμόνων
1022 3304 1366 3376 συγχώρησις
1393 3322 1406 3336 ⁸
1448 3307 1534 3360 ἵνα
1575 3307 1671 3362 λά-

80 3393 174 3464 ϐῃ,
201 3392 310 3462 τῆς
345 3391 452 3462 μὲν
479 3391 668 3444 ἑαυτοῦ
700 3396 931 3463 φυσικῆς
957 3394 1266 3459 ἀσθενείας,
1299 3397 1671 3468 συναίσθη-σινο

75 3486 178 3554 τῆς
207 3485 268 3537 δὲ
303 3484 622 3552 σκεπούσης
665 3484 842 3548 αὐτὸν,
875 3485 969 3538 καὶ
1029 3490 1091 3539 τὸ
1155 3489 1260 3540 πᾶν
1307 3489 1678 3560 κατορθούσης

76 3577 190 3630 τῶν
218 3575 457 3645 ἀγαθῶν
483 3576 629 3636 θείας
663 3575 944 3646 δυνάμεώς
965 3595 1024 3629 τε
1053 3580 1145 3630 καὶ
1170 3579 1411 3649 χάριτος,
1436 3582 1534 3649 τὴν
1554 3560 1675 3634 ἐπί-

73 3686 292 3736 γνωσιν
321 3685 336 3698 ·
379 3667 481 3721 καὶ
509 3666 841 3737 ταπεινωθῇ,
871 3667 1060 3738 πόρρω
1089 3669 1366 3732 παντελῶς
1395 3672 1591 3724 ἑαυτοῦ
1619 3671 1679 3724 τὸ

74 3761 377 3832 ἀλλότριον
416 3758 512 3812 καὶ
564 3758 714 3828 παρὰ
766 3758 926 3825 φύσιν
971 3756 1106 3826 ὕψος
1144 3759 1464 3830 ποιούμενος
1490 3776 1506 3789 ⁶
1538 3760 1678 3814 ὥστε

74 3855 158 3924 μὴ
190 3851 463 3906 ἐπελθεῖν
501 3851 588 3902 ἐπ’
621 3849 782 3902 αὐτὸν
807 3851 905 3919 τὴν
934 3849 1099 3920 ἄλλην
1120 3850 1308 3921 ὀργὴν,
1339 3852 1440 3920 τῆς
1469 3851 1576 3904 τῶν
1598 3851 1682 3904 δο-

72 3946 297 3998 θέντων
331 3940 698 4013 χαρισμάτων
745 3940 1108 4010 ἀφαιρέσεως,
1150 3941 1557 3995 ταπεινωθέντα
1586 3940 1682 3993 καὶ

68 4037 395 4105 γενόμενον
461 4034 560 4103 τῆς
608 4032 701 4085 τοῦ
760 4032 1092 4103 παρέχοντος
1161 4032 1228 4086 τὰ
1294 4032 1434 4086 καλά
1497 4049 1682 4086 συναι-

71 4130 363 4202 σθήσεως.

148 4223 245 4287 ιζ’.
295 4221 360 4272 Ὁ
397 4219 478 4288 μὴ
510 4215 899 4288 σωφρονισθείς
926 4215 1003 4286 τῷ
1033 4215 1234 4286 πρώτῳ
1279 4216 1411 4268 εἴδει
1457 4216 1554 4285 τῆς
1589 4216 1684 4287 ὀρ-

67 4315 210 4382 γῆς.
247 4313 438 4382 ἡγουν
493 4305 948 4375 ὲΥκῢυιτοιλείιίαεως,
994 4305 1171 4359 ἐλθεῖν
1209 4305 1346 4375 πρὸς
1407 4307 1674 4360 ταπείνω·

67 4424 185 4468 σιν,
238 4401 610 4474 ἡγησάμενος
657 4397 827 4467 αὐτὴν
868 4397 968 4466 τῆς
1013 4396 1184 4467 καλῆς
1231 4397 1685 4466 ἐπιγνωμοσύνης

65 4494 453 4554 διδάσκαλον,
488 4490 586 4561 τὴν
610 4491 778 4560 ἀλλην
803 4490 1010 4559 δέχεται
1052 4488 1237 4556 σαφῶς
1262 4491 1348 4541 ἐπ’
1378 4488 1540 4541 αὑτὸν
1593 4489 1686 4557 ἐρ-

66 4587 337 4659 χομένην
374 4582 568 4654 ὀργὴν,
603 4581 1013 4651 ἀφαιρουμένην
1059 4581 1220 4634 αὐτοῦ
1265 4579 1363 4645 τὴν
1397 4579 1508 4633 τῶν
1533 4598 1687 4652 χαρι-

67 4682 324 4750 σμάτων
382 4675 688 4744 ἐνέργειαν,
722 4674 815 4726 καὶ
865 4673 1068 4744 ἔρημον
1127 4673 1288 4726 αὑτὸν
1341 4671 1689 4727 καθιστῶσαν

62 4773 178 4842 τῆς
221 4770 381 4830 τέως
409 4765 750 4836 φρουρούσης
781 4763 1079 4834 δυνάμεως.
1117 4763 1343 4832 Ἀφελῶ
1374 4767 1446 4832 γά
1495 4803 1509 4825 ,
1533 4765 1688 4832 φησὶ,

62 4868 187 4918 τὸν
219 4857 524 4931 φραγμὸν
548 4857 755 4921 αὐτοῦ,
791 4857 918 4928 περὶ
951 4855 1042 4908 τοῦ
1070 4856 1380 4926 ἀγνώμονος
1412 4852 1630 4926 Ἰσραὴλ
1664 4859 1693 4909 ὀ

66 4958 221 5018 Θεὸς
254 4953 476 5021 λέγων,
517 4950 616 5003 καὶ
642 4949 811 5002 ἔσται
840 4951 928 5014 εὶς
955 4949 1290 5020 διαρπαγήν
1319 4966 1336 4981 ο
1367 4947 1469 5002 καὶ
1512 4953 1690 5005 καθε-

63 5047 165 5102 λῶ
201 5043 328 5098 τὸν
376 5039 584 5107 τοῖχον
612 5038 818 5104 αὐτοῦ,
851 5038 948 5091 καὶ
983 5038 1156 5093 ἔσται
1213 5040 1300 5102 εὶς
1345 5039 1692 5107 καταστάτη-

55 5157 164 5211 λιιι
198 5155 214 5168 ο
255 5134 372 5189 καὶ
405 5131 613 5198 ἀνήσω
651 5130 756 5184 τὸν
805 5128 1129 5199 ἀμπελῶνά
1166 5147 1305 5199 μου,
1334 5129 1436 5183 καὶ
1479 5133 1552 5186 οὐ
1597 5137 1684 5201 μὴ

59 5228 324 5301 τμηθῇ,
386 5223 532 5280 οὐδὲ
584 5223 667 5294 μὴ
728 5221 935 5290 meum?
967 5239 980 5251 ·
1015 5222 1115 5275 καὶ
1175 5223 1542 5292 ἀναϐήσεται
1596 5228 1686 5287 εἰς

64 5321 292 5376 αὑτὸν
323 5316 419 5379 ὡς
445 5315 529 5380 είς
556 5313 778 5381 χέρσον
818 5312 1076 5375 ἄκανθα,
1109 5312 1205 5366 καὶ
1249 5312 1379 5379 ταῖς
1408 5314 1688 5382 νεφέλαις

62 5406 478 5474 ἐντελοῦμαι
505 5403 610 5458 τοῦ
633 5403 719 5473 μὴ
744 5401 958 5470 βρέξαι
978 5403 1061 5480 είς
1091 5403 1297 5456 αὐτόν.

147 5567 199 5600 ⁸³
235 5561 366 5620 lsa.
407 5574 459 5626 v,
489 5557 544 5625 5,
573 5555 624 5610 6.

149 5699 249 5776 (π)
267 5700 283 5719 ’
301 5695 423 5776 Υέξῖ
458 5695 632 5776 έίὲυἶο
641 5693 693 5776 δι.
708 5690 1112 5776 θυιίίῖξῖμὲνρςζ
1126 5688 1315 5776 ,ᾸΡΜῖκ
1345 5687 1463 5776 ifilli.
1478 5697 1689 5776 -9995?"

61 5757 420 5834 am‘it'tcndi
443 5764 634 5818 salutis
657 5757 827 5834 linem
852 5759 1045 5834 (ljeum
1087 5757 1318 5834 scilicet)
1349 5757 1577 5827 ejusque
1607 5759 1689 5828 ja-

63 5827 303 5904 iiii-ae.
340 5834 510 5902 Quod
525 5834 604 5889 sic
627 5827 870 5897 clarum,
883 5829 1064 5896 Picus,
1087 5827 1211 5895 hoc,
1241 5836 1296 5883 et
1321 5841 1438 5897 seq.
1478 5827 1624 5898 cap.,
1654 5843 1686 5881 a

1718 4537 1766 4594 D

1777 3316 1893 3361 tum
1943 3307 2092 3377 quod
2136 3308 2204 3362 ad
2250 3308 2547 3373 actionem,
2588 3318 2702 3362 tum
2731 3307 2876 3376 quod
2910 3307 2978 3360 ad
3013 3306 3353 3376 contempla-
3413 3352 3415 3354 .

1779 3400 1986 3456 tionem
2032 3400 2277 3455 attinet:
2329 3415 2441 3470 quo
2469 3400 2709 3464 scilicet,
2744 3399 3016 3453 naturalis
3049 3411 3162 3450 suae
3199 3393 3355 3448 inﬁr-

1777 3491 1989 3546 mitatis
2027 3506 2191 3546 sensu
2244 3499 2528 3560 percepto,
2557 3507 2616 3546 se
2654 3498 3054 3561 protegentem,
3101 3489 3352 3558 bonaque

1777 3584 1960 3638 omnia
1997 3592 2368 3652 praestantem,
2401 3583 2645 3637 divinam
2673 3582 2976 3653 potentiam
3010 3581 3353 3652 gratiamque

1779 3682 2060 3743 agnoscat,
2087 3682 2142 3731 et
2162 3674 2522 3740 bumilietur;
2560 3688 2626 3726 ac
2652 3673 2846 3742 procul
2871 3672 3096 3726 omnino
3117 3673 3354 3727 alienam

1775 3775 1944 3834 atque
1972 3781 2003 3817 a
2022 3772 2234 3818 natura:
2265 3764 2576 3817 rationibus
2600 3763 3016 3826 abhorrentem,
3050 3762 3354 3816 celsitatem

1781 3853 2039 3924 abjiciat;
2088 3868 2158 3906 ne
2198 3852 2304 3906 alia
2338 3851 2419 3904 ira
2467 3851 2546 3905 illi
2588 3850 2965 3919 superveniat,
3002 3866 3108 3919 qua
3145 3850 3357 3917 scilicet

1782 3943 2062 3998 concessis
2086 3943 2249 3997 donis
2279 3941 2475 3996 ablatis
2517 3940 2862 4006 humiliatus,
2906 3939 2962 3993 in
2999 3939 3177 4009 ipsius
3209 3939 3354 3993 bona

1784 4033 2090 4102 praebentis
2120 4048 2343 4088 sensum
2366 4032 2572 4086 veniat.

1857 4213 1944 4266 l7.
1971 4211 2076 4277 Qui
2108 4210 2288 4281 primo
2329 4211 2426 4266 irae
2463 4223 2665 4281 genere
2700 4206 2780 4278 (id
2819 4214 2926 4270 est,
2959 4203 3355 4274 derelictionis)

1788 4302 2014 4356 minime
2060 4301 2388 4356 emendatus
2443 4304 2548 4361 est,
2604 4289 2968 4364 ut'seipsum
3018 4293 3356 4358 hurniliaret,

1789 4395 2112 4449 existimans
2139 4393 2324 4462 probae
2357 4388 2712 4462 gratitudinis
2734 4402 2854 4441 eam
2873 4386 3187 4456 magistram
3215 4400 3357 4451 esse,

1792 4493 2020 4545 alteram
2057 4489 2219 4558 plane
2247 4486 2303 4539 in
2333 4501 2392 4539 se
2431 4483 2746 4538 venientem
2793 4479 2931 4533 iram
2961 4477 3216 4547 excipiet,
3258 4477 3354 4531 do-

1793 4597 1989 4636 norum
2018 4580 2129 4633 vim
2154 4587 2449 4646 actumque
2479 4573 2843 4635 auferentem,
2869 4571 3250 4638 hactenusque
3273 4576 3364 4622 tu~

1795 4684 1909 4727 tum
1953 4687 2080 4725 eum
2114 4677 2408 4739 praastante
2446 4663 2696 4734 potentia
2728 4671 2892 4732 atque
2920 4660 3145 4726 virtute,
3182 4658 3362 4729 ipsum

1793 4765 2186 4822 denudantem.
2208 4760 2467 4830 Auferam
2486 4757 2656 4819 enim,
2675 4752 3038 4825 inquit_Deus,
3056 4750 3124 4804 de
3147 4749 3360 4819 ingrato

1795 4855 1996 4911 lsraele
2030 4855 2286 4923 loquens,
2314 4865 2489 4920 sepem
2518 4849 2652 4912 eius,
2691 4853 2738 4898 et
2770 4845 2867 4898 erit
2893 4845 2950 4897 in
2979 4841 3322 4910 direptionem
3341 4855 3360 4892 :

1797 4948 2110 5014 diruamque
2130 4944 2416 4998 maceriam
2441 4941 2576 5010 ejus,
2609 4947 2657 4991 et
2680 4938 2778 4990 erit
2807 4937 2863 4988 in
2897 4932 3360 4987 conculcationem.

1799 5041 1867 5093 Et
1896 5036 2194 5105 relinquam
2224 5033 2434 5086 vineam
2473 5043 2666 5089 meam,
2689 5033 2738 5078 et
2768 5039 2870 5078 non
2904 5020 3177 5092 putabitur
3199 5033 3366 5087 neque

1794 5129 2027 5201 fodiatur
2050 5142 2066 5178 :
2091 5133 2138 5176 et
2167 5118 2407 5175 ascendet
2435 5117 2491 5170 in
2517 5131 2657 5178 eam,
2678 5120 2737 5165 ut
2774 5112 2828 5163 in
2859 5121 3056 5162 terram
3079 5105 3364 5201 desertam,

1793 5194 1986 5293 spina;
2014 5225 2063 5270 et
2090 5213 2308 5270 nubibus
2333 5207 2593 5265 mandabo
2615 5222 2678 5260 ne
2693 5203 2882 5276 pluunt
2901 5216 3060 5270 super
3084 5213 3200 5252 eam
3225 5194 3291 5248 ⁸⁸.

1797 5699 1965 5753 seipse
2021 5673 2540 5753 aﬂiciens_iujuria_,
2595 5663 2947 5730 contumelia;
3006 5660 3156 5735 quod
3199 5659 3363 5718 nimis

1797 5747 2138 5809 crassum'ac
2159 5747 2422 5818 supinum
2451 5749 2557 5798 est.
