3930 6324
192 392 324 456 1269

846 389 1178 450 CAPITUM
1213 387 1634 460 QUINQUIES
1671 385 2190 447 CENTENORUM
2227 387 2620 447 CENTURIA
2665 388 2773 447 III.

3282 381 3418 444 1270

187 503 286 569 τὴν
310 495 644 571 φρουροῦσαν
676 497 773 568 τὴν
802 498 980 570 ψυχὴν
1015 498 1200 568 χάριν,
1219 497 1314 550 καὶ¹
1340 495 1549 570 ἔρημον
1584 513 1754 550 κατα-

1875 511 2052 566 iempe
2081 496 2310 565 gratiam
2338 495 2574 550 animam
2609 495 2944 550 munientem
2979 492 3212 556 auferat,
3247 493 3429 563 ingra-

185 590 552 661 λιμπάνουσαν
583 588 674 642 τὸν
703 588 995 662 ἀγνώμονα
1021 588 1166 644 νοῦν.

250 771 358 833 κγ’.
399 763 566 835 Ὀργὴ
598 766 866 836 σωτήριός
887 767 1056 830 ἐστιν,
1090 768 1124 834 ἡ
1159 765 1294 836 πρὸς
1309 765 1369 818 τὸ
1400 762 1754 836 πολεμεῖσθαι

185 858 271 910 τὸν
327 856 676 928 ὑψηλοφρονα
724 857 848 910 νοῦν
891 861 1004 920 τοῖς
1039 857 1268 912 πάθεσιν
1300 857 1404 910 ὑπὸ
1429 857 1538 910 τῶν
1571 856 1756 926 δαιμό-

182 965 305 1010 νων,
343 948 462 1002 θεία
488 948 834 1020 συγχώρησις
863 966 878 979 ι
915 949 1002 1002 ἵνα
1021 949 1134 1020 γνῷ
1158 950 1382 1018 πάσχων
1405 947 1638 1018 ἀτίμως,
1666 947 1756 1000 ἐπ’

133 1039 138 1042 ’
182 1038 402 1106 ἀρεταῖς
461 1037 996 1108 μεγαλαυχούμενος,
1031 1037 1114 1100 τίς
1161 1037 1191 1088 ὁ
1238 1035 1444 1090 τούτων
1515 1035 1754 1107 ὑπάρχει

180 1125 342 1194 δοτήρ
366 1142 379 1154 ·
419 1125 452 1196 ἢ
490 1126 716 1198 γένηται
747 1127 854 1180 τῶν
898 1127 1199 1198 ἀλλοτρίων
1236 1125 1465 1197 γυμνὸς,
1490 1127 1632 1200 ἅπερ
1681 1127 1755 1189 ὡς

185 1217 258 1287 μὴ
287 1216 488 1282 λαϐὼν,
517 1217 662 1290 ἔχειν
687 1217 928 1288 ἐνόμιζε.

252 1394 347 1446 κδ’.
383 1396 672 1464 Μακάριος
726 1397 894 1460 ὅντως
937 1397 1140 1460 ἐκεῖνος
1167 1399 1195 1449 ὁ
1220 1397 1364 1461 νοῦς,
1393 1401 1419 1450 ὁ
1448 1399 1560 1458 τοῖς
1605 1393 1755 1449 οὖσιν

179 1482 382 1538 ἅπασιν
427 1487 726 1549 ὲπαινετῶς
786 1486 1073 1540 ἀποθανών
1105 1505 1119 1517 ·
1151 1491 1264 1550 τοῖς
1298 1488 1398 1556 μὲν
1453 1486 1754 1558 αἰσθητοῖς,

177 1577 242 1644 τῇ
269 1575 531 1628 ἀποθέσει
579 1577 676 1646 τῆς
709 1577 828 1630 κατ’
861 1576 1114 1645 αἴσθησιν
1157 1576 1437 1647 ἐνεργείας
1471 1593 1482 1606 ο
1535 1579 1650 1638 τοῖς
1701 1575 1756 1628 δὲ

177 1669 416 1734 νοητοῖς,
449 1668 517 1736 τῇ
566 1666 668 1736 τῆς
713 1667 908 1736 νοερᾶς
959 1665 1268 1719 ἀποπαύσει
1327 1668 1616 1734 κινήσεως.
1649 1665 1754 1734 Ση-

179 1755 414 1825 μείωσαι
444 1756 504 1808 δὲ
539 1756 620 1808 ὅτι
650 1753 741 1808 νοῦ
769 1755 1000 1810 θάνατον
1030 1755 1419 1826 ἐπαινούμενον
1449 1755 1630 1822 λέγει,
1656 1753 1755 1822 τὴν

1859 596 2078 656 tamque
2105 597 2344 644 mentem
2378 596 2541 656 atque
2582 586 2890 657 improbam
2926 599 3154 640 vacuam
3191 585 3430 644 derelin-

1855 687 2008 746 quaL

1924 769 2012 822 2'5.
2043 771 2127 824 Ira
2143 771 2400 824 salutaris
2423 779 2528 834 est,
2553 771 2740 826 divina
2761 768 3051 840 permissio
3079 766 3431 835 impugnandi

1857 859 2094 913 animam
2127 861 2238 914 alta
2285 861 2586 930 sapientem
2630 861 2936 915 daemonum
2966 873 3152 928 opera,
3185 857 3278 925 qui
3313 855 3436 908 libi-

1857 952 2018 1006 dines
2049 959 2216 1022 atque
2261 953 2494 1008 atIectus
2547 953 2918 1018 suecendant;
2951 961 3012 1005 ut
3041 951 3170 1004 dum
3201 949 3435 1018 turpiter

1857 1059 1920 1098 ac
1953 1044 2312 1114 ignominiose
2341 1045 2596 1108 adicitur,
2641 1045 2736 1114 qui
2774 1045 3034 1098 virtutum
3069 1041 3290 1096 nomine
3317 1041 3433 1110 glo—

1859 1135 2128 1200 riabatur,
2155 1137 2376 1191 noverit
2415 1137 2541 1206 quis
2587 1137 2806 1190 illarum
2847 1135 2918 1189 sil.
2945 1135 3136 1198 dator;
3164 1141 3258 1186 aut
3286 1138 3435 1186 certe

1859 1227 2055 1280 alienis
2089 1226 2352 1292 nudetur,
2382 1243 2506 1296 qua:
2541 1227 2620 1281 sic
2657 1227 2858 1282 habere
2897 1224 3262 1288 existimabat,
3289 1239 3352 1276 ac
3389 1223 3434 1276 si

1859 1335 1968 1372 non
2007 1320 2335 1387 accepisset.

1927 1407 2016 1462 24.
2045 1409 2244 1462 Beatus
2269 1424 2461 1462 revera
2491 1409 2582 1462 ille
2615 1409 2850 1470 animus,
2889 1407 2980 1476 qui
3007 1405 3222 1459 cunctis
3245 1404 3434 1457 lamia—

1859 1497 2044 1551 hiliter
2091 1497 2258 1552 rebus
2291 1507 2544 1552 mortuus
2587 1505 2710 1562 est;
2761 1498 2828 1550 iis
2869 1495 3094 1564 quidem
3124 1509 3245 1561 quze
3273 1507 3436 1546 sensu

1857 1573 2258 1655 percipiuntur,
2283 1587 2494 1657 ahjecta
2535 1587 2806 1641 sentiendi
2835 1585 3186 1654 Operatione;
3217 1584 3284 1637 iis
3307 1599 3438 1636 vero

1857 1694 1980 1747 qua:
2033 1687 2236 1745 mente,
2289 1680 2598 1732 cessatione
2648 1679 2718 1732 ab
2771 1677 3108 1747 intelligendi
3161 1685 3312 1730 mutu
3377 1691 3440 1729 ac

1857 1771 2160 1824 iunctione.
2185 1771 2496 1826 Notandum
2525 1787 2658 1826 vero
2717 1770 3050 1824 laudabilem
3088 1767 3256 1822 animi
3296 1781 3440 1820 mor-

177 1851 314 1921 πρὸς
349 1851 533 1905 πάντα
565 1850 631 1901 τὰ
657 1849 786 1902 ὄντα
827 1849 1114 1918 γνωμικὴν
1147 1848 1473 1916 ἀπογένεσιν
1509 1847 1608 1917 (y),
1639 1845 1757 1916 μεθ’

1875 1878 1971 1916 .em
2019 1863 2320 1931 appellare,
2365 1879 2488 1932 qua:
2531 1865 2814 1917 voluntate
2846 1860 3124 1929 animique
3168 1858 3436 1914 sententia

175 1942 240 2012 ἣν
271 1941 369 2010 τὴν
392 1940 518 2011 θείᾳ
541 1941 722 2012 χάριτι
759 1939 904 2009 ζωὴν
941 1938 1294 2008 ὑποδέχεσθαι
1327 1939 1570 2007 πέφυκεν
1593 1955 1606 1968 ·
1635 1937 1755 1991 ἀντὶ

175 2031 286 2084 τῶν
335 2032 530 2098 ὄντων,
559 2033 620 2085 τὸ
663 2033 833 2087 αἴτιον
883 2030 991 2084 τῶν
1031 2031 1200 2084 ὄντων
1255 2031 1588 2102 ἀνεννοήτως
1616 2030 1751 2083 ἀπο-

175 2119 378 2174 λαϐών.

247 2315 346 2350 κε.
381 2299 670 2370 Μακάριος
703 2301 730 2352 ὀ
783 2299 1024 2369 συνάψας
1079 2300 1138 2352 τὸ
1181 2301 1278 2368 μὲν
1320 2299 1624 2370 πρακτικὸν
1679 2297 1756 2366 τῷ

176 2387 321 2441 κατὰ
383 2389 550 2456 φύσιν
599 2391 790 2460 ἁγαθῴ
827 2408 839 2420 ·
877 2391 939 2444 τὸ
992 2391 1048 2443 δὲ
1100 2389 1454 2460 θεωρητικὸν,
1490 2393 1556 2459 τῇ
1617 2387 1756 2440 κατὰ

175 2475 342 2545 φύσιν
383 2477 636 2548 ἀληθείᾳ.
678 2479 834 2532 Πᾶσα
878 2480 989 2547 γὰρ
1041 2475 1260 2548 πρᾶξις,
1291 2477 1380 2530 διὰ
1433 2476 1494 2528 τὸ
1550 2473 1755 2542 ἀγαθὸν

175 2570 428 2634 γίνεσθαι
466 2571 677 2636 πέφυκε
707 2588 720 2601 ο
751 2571 844 2623 καὶ
877 2572 1026 2626 πᾶσα
1058 2569 1276 2636 θεωρία,
1301 2569 1400 2639 τὴν
1441 2567 1642 2636 γνῶσιν
1669 2567 1756 2620 διὰ

177 2660 350 2729 μόνην
381 2661 538 2730 ζητεῖ
569 2661 666 2730 τὴν
697 2661 956 2730 ἀλήθειαν
991 2677 1006 2689 ο
1040 2654 1113 2713 ὧν
1151 2661 1578 2724 διανυσθέντων,
1603 2659 1758 2712 οὐδὲν

173 2751 332 2804 ἔσται
373 2752 660 2805 τοσύνολον
701 2752 762 2804 τὸ
789 2751 1024 2821 πλῆττον
1059 2753 1157 2820 τῆς
1194 2751 1372 2820 ψυχῆς
1407 2751 1468 2803 τὸ
1521 2767 1752 2820 πρακτι-

174 2842 292 2908 κὸν,
331 2842 462 2894 οὔτε
493 2843 596 2913 μὴν
625 2843 686 2896 τὸ
722 2843 1058 2913 θεωρητικὸν
1089 2845 1286 2910 αὐτῆς,
1313 2843 1399 2895 διὰ
1441 2841 1606 2905 ξένων
1639 2842 1758 2910 δρι-

177 2932 385 3002 μύττον
438 2933 814 3002 θεωρημάτων
851 2950 864 2962 ’
909 2935 1109 2996 παντὸς
1155 2935 1409 2986 ἐπέκεινα
1463 2933 1759 3002 γενομένης

173 3023 274 3078 καὶ
307 3023 488 3087 ὄντος,
529 3023 624 3077 καὶ
655 3025 970 3096 νοουμένου,
1007 3025 1103 3078 καὶ
1142 3027 1222 3088 εἰς
1247 3025 1414 3078 αὑτὸν
1432 3024 1760 3094 είσδυσάσης

172 3114 267 3220 τὸν
298 3115 450 3220 Θεὸν.
477 3115 567 3220 cev
600 3117 759 3220 μονον
787 3118 994 3182 ἀγαθὸν
1031 3119 1126 3171 καὶ
1162 3116 1438 3188 ἀληθινὸν,
1469 3117 1564 3171 ml.
1621 3116 1760 3190 ὑπὲρ
1789 3162 1829 3220 C

177 3209 368 3260 πᾶσαν
396 3208 588 3260 οὐσίαν
623 3209 750 3262 ὄντα
779 3211 874 3263 καὶ
905 3213 1110 3281 νόησιν.

249 3482 370 3539 xy.
403 3475 723 3544 ιΙρακτικῆς
758 3477 956 3546 ἀρετῆς
1009 3476 1161 3540 τέλος
1189 3473 1329 3530 εἶναι
1362 3495 1494 3547 φασι
1533 3479 1594 3530 τὸ
1630 3481 1765 3544 ἁγα-

179 3566 296 3621 θόν.
326 3565 506 3619 Τοῦτο
535 3567 612 3630 δὲ,
646 3566 794 3630 θείας
831 3569 1116 3638 ἐνεργείας
1160 3569 1393 3640 ὑπάρχει
1436 3571 1768 3640 συμπλήρω-

179 3675 290 3720 σις,
325 3657 471 3728 πρὸς
514 3657 578 3726 ἣν
619 3657 742 3724 ἄγει
782 3657 844 3710 τὸ
885 3658 1102 3724 λογικὸν
1135 3658 1234 3726 τῆς
1277 3660 1476 3728 ψυχῆς,
1505 3659 1582 3728 τῷ
1611 3659 1768 3730 θυμῷ

180 3749 280 3802 καὶ
345 3751 416 3818 τῇ
486 3747 750 3818 ἐπιθυμίᾳ
814 3747 1096 3818 χρώμενον
1159 3749 1302 3802 κατὰ
1355 3749 1560 3817 φύσινο
1618 3752 1674 3802 ἐν

179 3842 240 3893 τὸ
267 3839 396 3892 καθ’
436 3837 694 3906 ὁμοίωσιν
727 3838 1122 3907 ἀναφαίνεσθαι
1167 3838 1378 3906 πέφυκε
1411 3840 1612 3902 κάλλος
1642 3841 1713 3910 (z)
1753 3857 1764 3871 '

182 3930 540 4002 θεωρητικῆς
593 3929 648 3982 δὲ
711 3947 841 3998 φασι
901 3929 1218 3997 φιλοσορίας
1265 3926 1402 3982 εἶναι
1464 3930 1560 4000 τὴν
1630 3931 1766 4001 ἀλή-

180 4027 341 4076 θειαν
369 4065 384 4086 ,
417 4023 572 4084 τέλος
606 4038 620 4052 ·
657 4023 778 4092 ἥτις
808 4023 1032 4092 ἁμερῶς
1061 4023 1169 4074 τῶν
1205 4022 1334 4092 περὶ
1351 4022 1484 4074 Θεὸν
1513 4023 1770 4076 ἁπάντων

181 4117 438 4184 ὲνοειδής
467 4117 584 4184 ἐστι
618 4115 840 4183 γνῶσις,
871 4113 1008 4185 πρὸς
1055 4114 1122 4182 ἢν
1169 4116 1198 4166 ὁ
1246 4113 1484 4184 καθαρὸς
1545 4115 1772 4185 φέρεται

181 4207 336 4268 νοῦς·
368 4205 686 4268 ἀποσϐέσας
719 4203 913 4258 ἑαυτοῦ
941 4203 1221 4268 παντελῶς
1245 4205 1345 4274 τὴν
1369 4206 1488 4258 κατ’
1520 4205 1772 4276 αἴσθησιν

183 4297 378 4367 κρίσιν
415 4315 428 4328 ν
460 4291 578 4368 ἑ.νῇ
633 4295 852 4364 (γνώσει
907 4295 1172 4366 δηλονότι)
1220 4295 1506 4366 ἀκίϐδηλον
1557 4296 1620 4350 τὸ
1675 4299 1774 4368 τῆς

185 4390 347 4452 θείας
379 4389 594 4452 εἰκόνος
621 4387 836 4458 ἀξίωμα
857 4388 1152 4442 δείκνυται,

262 4557 374 4624 κζ’.
409 4561 424 4578 '
463 4559 654 4621 Οὐδεὶς
678 4558 898 4610 δύναται
936 4558 1028 4612 τὸν
1067 4557 1200 4610 Θεὸν
1237 4557 1479 4626 εὐλογεῖν
1529 4557 1766 4630 ἀληθῶς,

277 4695 407 4752 ‘Cl‘.
437 4697 504 4751 ad
538 4696 780 4752 Thalass.
814 4713 868 4766 q.
904 4697 990 4752 44.

268 4821 354 4892 (y)
395 4819 698 4892 Τὴν-πρὸς
733 4818 930 4871 πάντα
967 4819 1038 4872 τὰ
1073 4819 1215 4872 ὄντα
1273 4819 1578 4892 γνωμικῂν
1627 4825 1774 4876 ἀπο-

189 4889 466 4958 τέγέσιιν.
523 4889 613 4944 Uti
639 4889 846 4956 γένεσις
877 4897 1072 4942 natura
1107 4897 1222 4953 est;
1260 4889 1592 4956 θιγίνεσθαι,
1619 4894 1768 4956 oriri,

190 4964 248 5015 in
285 4975 472 5012 rerum
516 4967 765 5011 naturam
793 4959 1045 5027 produci;
1096 4959 1176 5011 sic
1213 4958 1552 5026 ἁπογένεσις,
1588 4961 1774 5015 desilio

107 5059 110 5062 ~
192 5041 366 5100 atque
400 5027 638 5100 nihilum.
659 5027 818 5100 Mens
838 5043 968 5100 ergo
991 5027 1338 5100 laudabiliter
1369 5030 1619 5092 moritur,
1647 5047 1771 5084 cum

193 5097 280 5154 sic
322 5115 384 5168 se
417 5099 579 5151 habet
607 5097 674 5150 ad
703 5113 790 5168 res
817 5097 972 5158 alias,
1002 5167 1005 5168 ν
1031 5113 1092 5150 ac
1141 5097 1185 5152 si
1237 5113 1304 5150 ne
1334 5107 1478 5151 esset
1515 5100 1772 5168 quidem;

193 5167 368 5238 quod
392 5168 499 5220 illis
527 5167 821 5238 superatis,
848 5169 964 5238 iuni
985 5167 1098 5220 Deo
1147 5175 1201 5220 et
1229 5168 1442 5220 auctori
1495 5167 1610 5222 tota
1667 5170 1773 5222 im-

191 5237 610 5308 penditur.Non
639 5237 770 5290 satis
801 5237 982 5300 Picus,
1016 5246 1362 5306 spontaneum
1389 5239 1622 5308 omnium
1661 5255 1778 5308 qua:

193 5307 334 5362 aunt
375 5308 765 5376 privationem;
791 5321 910 5374 quae
941 5316 1089 5360 esset
1113 5307 1453 5375 paupertatis
1505 5307 1774 5371 deﬁnitio,

197 5393 326 5432 non
389 5376 726 5446 excellentia:
788 5379 908 5446 ejus
957 5383 1180 5439 status,
1261 5391 1424 5444 quem
1511 5377 1786 5446 Maximus

197 5444 455 5568 intendit
483 5444 1078 5515 :lescribereillesych.
1132 5447 1545 5513 ἀπογενόμενοι,
1575 5445 1787 5498 ἀποθα-

197 5536 228 5568 ν
263 5531 412 5568 ντες.

197 5531 412 5578 νοντες.

279 5585 356 5652 (τ.)
375 5577 476 5638 Ἔν
489 5577 529 5654 ᾖ
540 5584 604 5638 τὸ
622 5586 751 5639 καθ’
769 5584 1052 5652 ὁμοίωσιν
1066 5585 1498 5654 ἀναφαίνεσθαι
1519 5583 1789 5652 πέφυκεν·

197 5653 461 5718 κάλλος.
496 5653 571 5710 "In
609 5671 712 5724 quo
764 5654 1140 5724 complementa
1195 5655 1382 5708 divina:
1441 5655 1782 5724 operationis,

197 5725 380 5782 elucet
417 5721 777 5779 similitudinis
809 5721 998 5780 decor:
1037 5725 1090 5778 id
1124 5725 1270 5793 quod
1312 5721 1490 5780 estad
1533 5721 1783 5780 similitu-

1859 1961 1966 2022 est,
2003 1967 2134 2021 erga
2167 1967 2256 2006 res
2279 1967 2472 2008 omnes
2493 1953 2648 2021 quasi
2679 1952 2962 2005 decessum
2987 1965 3048 2002 ac
3074 1947 3398 2002 desitionem
3421 1965 3434 2008 ;

1860 2051 2172 2110 postquam,
2221 2059 2346 2111 quae
2403 2059 2500 2113 per
2547 2043 2780 2112 gratiam
2839 2050 2945 2104 est,
3019 2039 3186 2092 vitam
3274 2037 3442 2091 habet

1861 2133 2173 2201 suscipere;
2201 2147 2386 2186 rerum
2423 2133 2564 2198 loco,
2601 2133 2780 2201 ipsum
2811 2145 2998 2184 rerum
3031 2129 3324 2184 Auctorem
3355 2141 3440 2182 re-

1862 2221 2102 2288 cipiens,
2125 2237 2234 2290 qua
2259 2235 2423 2276 nemo
2445 2221 2716 2290 intelligat
2741 2221 2974 2273 ratione.

1927 2311 2018 2364 ‘25.
2061 2311 2262 2366 Beatus
2295 2311 2390 2380 qui
2429 2311 2624 2380 agendi
2663 2310 2772 2362 vim
2807 2307 3042 2362 naturali
3081 2307 3230 2359 bono
3267 2320 3438 2372 copu-

1861 2403 2024 2466 lavit;
2057 2402 2274 2470 vimquc
2325 2400 2756 2469 contemplandi,
2807 2398 3044 2453 naturali
3091 2395 3310 2449 veritati
3345 2394 3442 2446 ad-

1859 2488 2018 2542 dixit.
2061 2488 2244 2542 Omnis
2287 2487 2436 2541 enim
2483 2487 2646 2552 actio,
2697 2485 2824 2540 boni
2870 2499 3036 2538 causa
3084 2481 3198 2536 lieri
3241 2481 3438 2546 habet,

1861 2579 2155 2646 omnisque
2213 2577 2604 2646 contemplatio
2653 2593 2750 2631 seu
2811 2575 3134 2644 speculatio,
3193 2572 3442 2626 veritatis

1869 2669 2042 2722 solum
2087 2667 2258 2738 gratia
2297 2667 2582 2722 scientiam
2625 2667 2824 2736 quaerit
2861 2685 2874 2719 :
2926 2664 3130 2734 quibus
3179 2661 3443 2716 absolutis

1863 2770 2026 2828 atque
2061 2761 2320 2828 peractis,
2351 2760 2486 2814 nihil
2517 2775 2744 2829 prorsus
2768 2759 2895 2822 erit,
2929 2757 3076 2826 quod
3103 2754 3298 2826 agendi
3331 2753 3440 2807 vim

1863 2849 2030 2904 animi
2065 2851 2246 2920 pulset
2280 2859 2376 2902 aut
2418 2849 2660 2903 otIendat
2688 2889 2702 2912 ,
2739 2848 2986 2916 nihilque
3020 2845 3167 2914 quod
3199 2840 3442 2913 peregri-

1861 2943 1948 2996 nis
1974 2941 2360 3010 extraneisque
2405 2957 2468 2994 ac
2509 2941 2668 2994 novis
2710 2937 3140 2994 considerationi
3185 2933 3440 3004 objectis,

1861 3033 2107 3104 ejusdem
2139 3031 2548 3100 contemplandi
2584 3031 2695 3084 vim
2737 3029 2988 3084 mordeat
3019 3043 3082 3082 ac
3107 3033 3396 3094 exasperet
3425 3040 3438 3075 :

1863 3141 1988 3178 eum
2019 3124 2304 3189 nimirum,
2331 3129 2592 3192 superato
2619 3122 2892 3192 quidquid
2925 3129 3010 3175 est
3037 3135 3100 3174 ac
3140 3117 3438 3186 cogitatur,

1869 3215 1920 3268 in
1945 3215 2124 3282 ipsum
2155 3215 2348 3276 Deum,
2386 3213 2480 3280 qui
2510 3213 2660 3266 solus
2693 3213 2872 3265 houus
2903 3223 3174 3277 verasque
3201 3213 3306 3268 est,
3327 3219 3443 3258 om-

1867 3303 2032 3370 nique
2071 3300 2334 3355 essentia
2400 3309 2456 3354 et
2517 3301 2802 3354 intellectu
2862 3297 3138 3368 superior,
3215 3296 3443 3350 immea-

1867 3395 2030 3448 verit.

1933 3487 2022 3538 *26.
2051 3486 2200 3553 Ejus,
2227 3501 2348 3554 qua:
2377 3485 2430 3538 in
2466 3483 2686 3537 actione
2719 3489 2994 3544 versatur,
3013 3478 3234 3532 virtutis
3257 3477 3441 3536 tinem,

1869 3575 2074 3636 bonum
2111 3591 2232 3629 esse
2263 3575 2438 3628 aiunt.
2470 3574 2586 3628 Hoc
2615 3583 2821 3636 autem,
2863 3571 3066 3624 divina:
3105 3565 3444 3638 operationis

1869 3667 2334 3734 complementum
2363 3665 2612 3728 exsistit;
2644 3663 2712 3718 ad
2737 3664 2886 3734 quod
2925 3662 3156 3716 facultas
3192 3657 3443 3722 rationis,

1871 3756 1951 3808 ira
1997 3763 2158 3810 utens
2204 3770 2270 3808 ac
2315 3755 2618 3822 cupiditate
2661 3761 2720 3806 ut
2763 3763 2974 3807 natura:
3021 3759 3444 3806 consentaneum

1871 3855 1975 3907 est,
2003 3843 2188 3908 ducit;
2219 3843 2276 3896 in
2306 3858 2482 3911 eoque
2505 3845 2624 3913 ejus
2641 3843 2790 3911 quod
2813 3851 2897 3896 est
2916 3841 2982 3894 ad
3007 3841 3444 3902 similitudinem.

1873 3933 2230 4004 pulchritudo
2262 3934 2444 3987 elucet
2477 3951 2488 3986 :
2525 3933 2802 3986 studentis
2829 3945 2962 3985 vero
2991 3930 3444 3998 contemplationi

1875 4029 2236 4100 philosophia:
2269 4029 2454 4090 tinem,
2485 4025 2774 4080 veritatem
2804 4039 2926 4079 esse
2949 4023 3173 4086 dicunt;
3201 4021 3444 4076 omnium

1874 4119 2083 4172 scilicet
2115 4118 2346 4172 indivise
2365 4117 2510 4170 circa
2531 4115 2700 4168 Deum
2719 4111 3098 4166 assistentium
3121 4107 3444 4162 uniformem

1875 4209 2185 4273 scientiam,
2217 4206 2380 4278 564
2407 4205 2474 4258 ad
2517 4217 2680 4272 quam
2727 4215 2883 4255 mens
2921 4215 3058 4269 pura
3092 4197 3294 4261 fertur;
3333 4203 3444 4248 tum

1877 4300 2158 4364 nimirum,
2183 4312 2308 4352 cum
2325 4311 2520 4350 sensus
2537 4291 2810 4364 judicium
2844 4307 2874 4344 a
2899 4306 2957 4346 se
2985 4303 3211 4358 prorsus
3239 4285 3442 4340 exstin.

1879 4391 2055 4444 xerit:
2096 4390 2148 4442 in
2184 4403 2290 4457 qua
2313 4387 2528 4458 (utique
2559 4383 2810 4455 scientia)
2841 4383 3056 4438 sincera
3085 4379 3284 4434 divinat
3315 4378 3442 4432 ima-

1805 4487 1847 4540 D
1882 4481 2024 4551 ginis
2051 4479 2288 4548 dignitas
2320 4493 2440 4532 sese
2465 4473 2752 4546 magnifice
2783 4473 2984 4544 prodit.

1946 4571 2033 4624 27.
2085 4569 2257 4624 Deum
2306 4583 2468 4622 nemo
2512 4581 2640 4620 vere
2687 4563 3016 4620 benedicere
3064 4569 3263 4632 potest,
3312 4561 3444 4631 quin

1880 4827 2074 4896 dinem.
2097 4827 2284 4896 Itaque
2311 4825 2464 4896 ponit
2490 4823 2753 4896 Maximus
2770 4821 3153 4896 similitudinis
3179 4820 3446 4896 rationem

1881 4895 1935 4948 in
1973 4889 2506 4950 imitationodivinze
2552 4891 2836 4954 bonitatis,
2879 4907 3000 4958 quze
3057 4889 3129 4944 sit
3185 4889 3236 4941 in
3288 4889 3448 4944 nobis

1881 4965 2148 5040 virtutum
2174 4965 2324 5040 cultu
2342 4963 2678 5040 et_actione_:
2708 4961 3122 5040 imaginis-vero
3155 4959 3446 5040 ratimiem,

1885 5033 1938 5086 in
1976 5034 2374 5103 perfectissima
2407 5033 2494 5086 illa
2520 5031 2766 5103 omnium
2797 5027 2940 5103 circa
2971 5030 3144 5103 Deum
3182 5027 3440 5103 unil'o_r_mi

1883 5095 2135 5166 scientia,
2187 5119 2309 5172 qua:
2356 5101 2638 5168 expressio
2665 5101 2738 5172 sit
2768 5099 2986 5172 divina:
3035 5095 3298 5172 veritatis.
3329 5097 3446 5172 Non

1884 5173 2022 5226 bene
2059 5165 2256 5227 Picus:
2297 5171 2352 5224 In
2395 5165 2509 5239 qua:
2531 5187 2624 5239 pro
2657 5167 3006 5222 similitudine
3031 5166 3263 5239 relucent:
3316 5165 3446 5239 solet

1883 5243 2146 5309 quoddam
2202 5231 2604 5294 ornamentum:
2638 5239 2794 5308 quasi
2850 5239 2931 5298 τὸ,
2981 5239 3038 5309 εν
3062 5231 3117 5309 ᾖ,
3155 5235 3356 5309 referat
3391 5235 3453 5287 τὸ

1889 5306 1988 5380 τῆς
2019 5311 2217 5378 ψυχῆς,
2253 5327 2359 5364 non
2388 5310 2468 5372 τὸ,
2505 5306 2894 5380 συμπλήρωσις
2933 5307 3044 5380 ’τῆς
3069 5306 3242 5380 ’θείας
3298 5307 3451 5380 ἐνερ-

1891 5374 2072 5446 γείας.
2100 5374 2414 5448 Utrumque
2443 5374 2656 5432 sanc'et
2684 5374 2986 5448 similitudo
3034 5383 3089 5448 _et
3124 5375 3324 5448 imago
3347 5413 3360 5432 ,
3397 5374 3448 5448 i_u

1889 5443 2068 5502 anima
2097 5449 2298 5508 elucet,
2325 5443 2440 5500 non
2465 5463 2564 5516 pro
2619 5448 2747 5516 ejus
2777 5445 3086 5516 substantia
3115 5443 3294 5516 (quod
3320 5443 3450 5496 atti—

1889 5529 1984 5572 net
2013 5520 2080 5572 ad
2116 5517 2332 5570 Maximi
2365 5512 2718 5586 hic—scopum
2741 5515 2760 5586 )
2784 5515 2889 5586 sed»
2911 5523 3074 5586 prout
3107 5512 3192 5566 vel
3247 5512 3452 5586 virtute

1888 5590 1972 5642 vel
2007 5588 2232 5643 scientia
2262 5587 2448 5655 pollet,
2477 5582 2684 5656 Deique
2707 5582 2758 5640 in
2787 5600 2845 5640 se
2879 5582 3180 5640 bonitatem
3206 5597 3269 5636 ac
3301 5582 3444 5638 veri-

1891 5667 2054 5719 tatem
2085 5667 2314 5728 utraque
2347 5657 2532 5712 refert.
