3930 6324
164 408 305 477 12⁸13

841 419 1177 483 CAPITUM
1213 418 1638 495 QUINQUIES
1673 419 2196 490 CENTENORUM
2233 421 2623 484 CENTURIA
2660 421 2774 482 III.

3294 414 3437 481 ιλιι

158 536 258 590 τοῦ
306 530 472 603 φύσει
496 530 701 599 ἀγαθοῦ
728 531 837 586 τῶν
863 534 1201 604 μετεχόντων
1236 534 1573 597 ἀδιάπτωτος
1590 532 1733 604 ήδονὶ

1854 543 2052 589 natura
2082 534 2214 589 boni
2253 542 2381 590 sunt
2402 533 2719 604 participes,
2764 530 2915 587 ﬁrma
2944 544 3009 586 ac
3042 538 3301 587 constans
3337 547 3438 585 vn-

160 627 257 681 καὶ
290 623 598 695 ἀδιαίρετος
618 625 830 687 ἐνωσις.
854 625 953 679 Διά
980 626 1039 679 δέ
1069 627 1165 697 τῆς
1190 626 1468 696 ἀληθείας,
1494 626 1556 679 τὸ
1574 626 1733 696 πέρας

1852 624 2034 694 luptas
2084 625 2430 693 indivisaque
2479 624 2610 678 unio
2649 631 2755 677 est.
2802 622 3065 677 Veritatis
3115 632 3298 676 autem
3339 639 3439 677 no—

160 722 355 777 πασῶν
389 716 714 785 ἐπεσήμανε
747 714 855 767 τῶν
907 716 1187 783 γνὼσεων,
1215 717 1310 770 καὶ
1356 716 1537 771 αὐτῶν
1584 732 1747 783 γινω-

162 808 451 877 σκομένων
486 823 500 837 ·
536 808 617 870 είς
648 807 805 877 ὅπερ,
837 807 912 871 ὡς
946 807 1121 878 ἀρχὴν
1164 808 1260 862 καὶ
1300 807 1475 879 πέρας
1528 808 1746 861 πάντων

157 899 266 952 τῶν
296 898 494 962 ὄντων,
528 898 583 951 αί
619 897 764 951 κατὰ
796 897 956 967 φύσιν
979 900 1222 970 κινήσεις
1251 898 1452 969 γενικῷ
1470 914 1581 963 τινι
1603 899 1746 970 λόγῳ

160 988 521 1041 συνέλκονται
556 1003 569 1017 ⁶
601 987 781 1041 πάντα
826 988 1067 1060 νικώσης
1117 989 1260 1043 κατά
1301 990 1464 1059 φύσιν
1496 991 1571 1054 ὡς
1614 991 1746 1062 άλη-

160 1079 313 1141 θείας
368 1079 473 1148 τῆς
516 1077 624 1131 τῶν
672 1077 843 1132 ὄντων
887 1080 1062 1149 ἀρχῆς
1117 1080 1214 1134 καὶ
1254 1080 1456 1144 αἰτίας,
1488 1081 1746 1153 καὶπρὸς

157 1172 364 1241 ἐαυτὴν
409 1169 777 1241 συνελκούσης
809 1169 917 1224 τῶν
948 1172 1249 1239 γεγονότων
1270 1174 1369 1243 τὴν
1399 1176 1634 1245 κίνησιν.

226 1342 330 1414 λβ’.
359 1345 442 1414 Τῇ
489 1344 613 1397 καθ’
649 1345 924 1417 ὑπεροχὴν
965 1348 1219 1419 στερήσει
1252 1347 1360 1402 τῶν
1396 1348 1634 1416 πολλῶν,
1669 1350 1745 1412 ὡς

155 1434 215 1487 ἐν
266 1436 365 1487 καὶ
400 1437 565 1506 μόνον
600 1437 632 1506 ή
666 1436 890 1507 ἀλήθεια
938 1438 1181 1507 πέφυκεν
1210 1440 1619 1508 ἀναφαίνεσθαι,
1649 1458 1748 1493 κα·-

154 1516 445 1579 λύπτουσα
470 1527 689 1581 πάντων
720 1530 828 1581 τῶν
881 1531 1020 1582 νοεῖν
1055 1529 1087 1600 ἢ
1140 1532 1377 1584 νοεῖσθαι
1428 1531 1746 1603 δυναμένων

154 1622 254 1681 τὰς
279 1619 600 1687 γνωστικὰς
629 1620 907 1689 δυνάμεις,
924 1620 999 1685 ὡς
1031 1622 1170 1694 ὑπὲρ
1201 1622 1269 1677 τὰ
1298 1623 1524 1678 νοοῦντα
1560 1643 1619 1678 τε
1653 1626 1746 1680 καὶ

153 1712 429 1782 νοούμενα
457 1712 580 1764 καθ’
610 1711 843 1782 ὓπαρξιν
871 1713 1198 1785 ὐπερούσιον
1226 1710 1382 1770 οὖσα·
1415 1719 1506 1771 καὶ
1529 1718 1743 1789 ἀπείρῳ

152 1803 388 1873 δυνάμει
410 1803 513 1866 τὰς
539 1804 680 1857 κατά
704 1805 804 1875 τὴν
840 1806 1014 1877 ἀρχὴν
1052 1808 1146 1860 xal.
1178 1809 1238 1861 τὸ
1262 1809 1417 1873 τέλος
1439 1811 1546 1864 τῶν
1576 1812 1743 1865 ὄντων

152 1892 481 1963 ἀκρότητας
508 1894 949 1963 περιγράφουσα,
993 1898 1173 1949 πᾶσαν
1204 1899 1424 1952 πάντων
1448 1900 1583 1971 πρὸς
1613 1902 1743 1955 ἐαυ-

152 1982 253 2050 τὴν
278 1982 539 2035 συνέλκει
570 1982 785 2053 κίνησιν
806 2000 823 2016 ο
860 1984 973 2045 τοῖς
1018 1986 1120 2055 μὲν
1154 1991 1501 2061 παρεχομένη
1543 1991 1745 2059 γνῶσιν

150 2071 418 2142 ἀρίδηλον
439 2065 511 2143 ἧς
552 2073 933 2143 ἐστερήθησαν
971 2076 1193 2146 χάριτος
1227 2093 1241 2109 ο
1277 2081 1391 2142 τοῖς
1442 2081 1501 2133 δὲ
1541 2082 1745 2154 δωρου-

155 2164 297 2232 μένη
332 2165 459 2217 κατ’
496 2163 753 2235 αἴσθησιν
790 2164 1048 2236 ἄρρητον,
1108 2162 1173 2239 ἦς
1212 2166 1358 2241 εἶχον
1418 2173 1518 2249 τὴν
1558 2174 1745 2245 ἔφεσιν

152 2254 524 2328 ἁγαθότητος,
547 2259 613 2328 τῇ
644 2257 863 2328 μεθέξει
894 2259 1137 2330 φανερὰν
1159 2260 1258 2333 τὴν
1282 2263 1599 2334 ἐπίγνωσιν.

221 2496 329 2567 λγ’.
385 2499 447 2553 '0
490 2500 635 2567 νοῦς,
683 2503 879 2571 σοφίας
928 2503 1182 2576 ὄργανον,
1249 2509 1445 2578 φησίν’
1476 2511 1505 2563 6
1561 2512 1741 2581 λόγος,

151 2587 418 2655 γνώσεως
454 2591 537 2660 ’ἡ
597 2592 721 2644 κατ’
776 2593 944 2663 ἄμφω
992 2598 1197 2668 φυσικὴ
1247 2598 1614 2671 πληροφορία,
1644 2604 1745 2672 τῆς

154 2676 280 2729 κατ’
318 2678 493 2747 ἄμφω
530 2683 933 2753 συνισταμένης
965 2685 1204 2750 πίστεως
1229 2703 1243 2717 ·
1272 2687 1366 2740 τοῦ
1413 2689 1469 2741 δὲ
1520 2690 1628 2743 τῶν
1665 2692 1744 2743 ία-

157 2766 355 2837 μάτων
416 2770 781 2842 χαρίσματος,
823 2776 856 2845 ἡ
906 2778 1113 2847 φυσικὴ
1156 2778 1575 2851 φιλανθρωπία.
1626 2783 1742 2836 Πᾶν

153 2858 267 2929 γὰρ
290 2860 544 2932 χάρισμα
570 2864 733 2929 θεῖον,
756 2866 1060 2936 ἐπιτήδειον
1081 2870 1136 2921 ἐν
1159 2871 1287 2940 ἡμῖν
1314 2871 1427 2941 ἔχει
1457 2874 1549 2927 καὶ
1573 2891 1743 2945 προσ-

154 2951 317 3018 φυὲς,
354 2952 549 3025 ὥσπερ
587 2957 820 3027 δύναμιν
847 3000 862 3024 ,
896 2958 928 3029 ἢ
988 2959 1101 3025 ἕξιν
1142 2961 1175 3032 ἢ
1219 2963 1481 3031 διάθεσιν,
1512 2966 1743 3037 ὄργανον

152 3038 433 3096 δεκτικόν.
452 3040 596 3111 Οίον,
617 3048 645 3099 6
674 3048 764 3100 τὸν
782 3049 904 3101 νοῦν
927 3050 1110 3122 πάσης
1138 3055 1414 3125 αἰσθητῶν
1442 3060 1743 3127 φαντασίας

154 3134 400 3201 ποιήσας
449 3136 711 3206 καθαρὸν,
746 3140 960 3210 δέχεται
1022 3143 1248 3212 σοφίανο
1279 3150 1306 3200 6
1340 3148 1397 3201 δὲ
1438 3150 1531 3204 τὸν
1586 3153 1741 3222 λόγον

152 3222 263 3275 τῶν
292 3224 558 3293 ἐμφύτων
583 3228 791 3297 παθῶν,
814 3233 987 3302 θυμοῦ
1011 3236 1156 3304 λέγω
1185 3238 1280 3291 καὶ
1303 3240 1620 3311 ἐπιθυμίας,
1647 3263 1743 3300 κα-

151 3316 444 3386 ταστήσας
476 3317 769 3390 δεσπότην,
797 3323 1011 3395 δέχεται
1046 3328 1253 3397 γνῶσιν
1280 3349 1294 3363 ο
1329 3334 1358 3386 6
1385 3334 1441 3387 δὲ
1467 3335 1568 3395 τὴν
1599 3339 1741 3393 κατά

150 3404 280 3499 ιςτῦν
310 3409 410 3461 καὶ
446 3409 605 3478 λόγον
636 3414 764 3484 περὶ
792 3415 862 3468 τὰ
898 3415 1014 3470 θεῖα
1040 3420 1334 3476 ἀσάλευτον
1365 3402 1740 3499 πληροφορίαν

154 3495 316 3569 ἔχων,
363 3501 467 3571 τὴν
505 3504 682 3557 πάντα
736 3506 1044 3579 δυναμένην
1089 3511 1303 3584 δέχεται
1365 3495 1590 3572 πίστιν-ο
1682 3521 1740 3574 δὲ

277 3593 521 3664 φυσικὴν
547 3596 901 3668 κατορθώσας
925 3604 1339 3676 φιλανθρωπίαν
1370 3612 1508 3679 μετά
1527 3612 1624 3683 τὴν
1646 3630 1737 3666 τε-

150 3678 307 3736 λείαν
370 3685 476 3753 τῆς
539 3687 828 3757 φιλαυτίας
882 3693 1182 3766 ἀναίρεσιν,
1216 3678 1461 3770 ἰαμάτων
1520 3678 1736 3773 δέχεται

149 3774 489 3846 χαρίσματα.

220 4042 317 4136 λθξ.
349 4046 631 4112 Ἕκαστος
671 4052 829 4121 ἡμῶν
849 4093 863 4118 ,
897 4056 1039 4110 κατά
1070 4058 1167 4129 τὴν
1200 4060 1495 4132 ἀναλογίαν
1523 4066 1624 4136 τῆς
1675 4071 1733 4123 ἐν

150 4133 299 4227 αῦτῷ
316 4136 580 4204 πίστεως,
598 4157 829 4213 φανερου
837 4144 1006 4216 μένην
1028 4148 1287 4221 κέκτηται
1303 4152 1397 4207 τοῦ
1415 4155 1555 4209 Πνεύ
1563 4133 1733 4227 ματος

149 4222 249 4321 τὴν
277 4228 590 4299 ἐνέργειαν.
624 4232 789 4288 Ὥστε
841 4239 1046 4309 ταμίας
1093 4242 1329 4315 ὑπάρχει
1369 4247 1469 4315 τῆς
1507 4222 1731 4321 χάριτος

150 4314 379 4415 ἕκαστος
432 4322 626 4376 ἐαυτοῦ
662 4341 677 4357 ·
712 4327 805 4379 καὶ
862 4330 1046 4385 οὕποτ’
1076 4333 1143 4387 ἂν
1204 4314 1263 4391 εὖ
1320 4314 1539 4409 φρονῶν
1585 4314 1732 4415 ἀλλῴ

150 4407 473 4507 φθονησειεν
514 4414 950 4487 ἐνευδοκιμοῦντι
987 4428 1109 4487 ταῖς
1162 4407 1401 4498 χάρισιν,
1451 4432 1538 4484 ἐπ’
1579 4407 1731 4507 αὑτῶ

1768 3193 1812 3254 C

1848 715 2021 779 mine,
2079 715 2331 768 omnium
2379 713 2727 777 notitiarum,
2784 712 3138 782 ipsoruque
3190 712 3437 767 omnium

1848 819 1970 873 qua:
2011 813 2321 858 noscuntur
2352 812 2517 872 atque
2556 802 2828 866 sciuntur,
2868 802 3029 856 linem
3070 802 3435 872 Signiﬁcavit;

1849 897 1903 949 in
1946 910 2131 965 quem,
2164 904 2224 949 ut
2251 896 2585 967 principium
2628 895 2902 964 ﬁnemque
2943 908 3130 948 rerum
3164 895 3433 959 omnium,

1846 988 2126 1041 naturales
2154 996 2338 1041 motus
2352 987 2595 1057 generali
2623 986 2857 1056 quadam
2886 985 3097 1038 ratione
3121 996 3396 1054 coguntur
3419 1002 3432 1038 :

1847 1094 1973 1133 cum
2006 1095 2202 1148 nempe
2243 1080 2428 1134 vincat
2467 1079 2651 1133 omnia
2690 1086 2950 1147 tanquam
2986 1076 3208 1140 veritas,
3250 1092 3434 1130 rerum

1847 1168 2187 1238 principium
2226 1185 2289 1224 ac
2328 1185 2518 1233 causa,
2559 1175 2615 1223 et
2658 1168 2725 1221 ad
2771 1182 2851 1231 se,
2882 1182 3075 1221 eorum
3104 1182 3224 1235 qua:
3255 1174 3437 1220 creata

1847 1268 1996 1324 sunt,
2023 1261 2254 1330 perinde
2276 1270 2484 1314 motum
2513 1260 2712 1314 trahat.

1917 1350 2007 1403 52.
2037 1349 2113 1402 Ea
2142 1350 2439 1402 multorum
2482 1349 2817 1418 privatione,
2859 1364 2979 1418 qua:
3019 1363 3118 1417 per
3155 1348 3437 1402 excellen-

1847 1438 1980 1493 tiam
2008 1448 2113 1503 est,
2148 1439 2354 1494 veritas
2399 1448 2461 1492 ut
2504 1455 2673 1492 unum
2717 1448 2774 1493 et
2799 1440 3075 1508 singulare
3100 1446 3300 1493 natura
3338 1454 3438 1493 sua

1847 1532 2048 1591 elucet,
2077 1531 2323 1584 omnium
2352 1547 2476 1600 qua:
2501 1531 2809 1601 intelligere
2831 1540 2929 1585 aut
2962 1531 3196 1601 intelligi
3226 1531 3435 1597 valent,

1848 1622 2188 1692 intelligendi
2210 1621 2498 1676 facultates
2522 1623 2817 1693 obtegens;
2853 1622 3054 1692 quippe
3088 1638 3209 1692 quae
3240 1638 3437 1693 super-

1846 1713 2123 1767 essentiali
2171 1714 2512 1779 exsistentia,
2545 1729 2669 1767 cum
2696 1714 2805 1768 illis
2826 1729 2947 1783 quae
2971 1715 3436 1784 intelligunt,tum

1846 1819 1968 1872 quae
2005 1804 2415 1873 intelliguntur,
2467 1805 2743 1870 emineat;
2796 1804 3120 1874 inﬁnitaque
3165 1808 3434 1875 potentia,

1847 1909 2030 1947 rerum
2081 1894 2457 1948 extremitates
2511 1901 2568 1948 et
2614 1894 2874 1964 principii
2927 1895 3143 1949 ratione
3193 1904 3250 1950 et
3308 1894 3434 1951 linis

1845 1984 2383 2050 circumscribendo,
2426 2000 2646 2039 omnem
2696 1986 2944 2040 omnium
2997 1986 3065 2039 ad
3114 2001 3173 2041 se
3216 1996 3430 2041 motum

1844 2076 2053 2146 pariter
2081 2076 2263 2129 trahat
2295 2092 2309 2128 :
2344 2076 2469 2129 aliis
2500 2076 2725 2145 quidem
2754 2077 2874 2146 ejus
2894 2075 3084 2146 gratiae
3107 2091 3213 2144 qua
3234 2076 3435 2144 privati

1844 2176 1993 2232 sunt,
2021 2169 2225 2222 claram
2267 2169 2518 2223 notitiam
2564 2168 2850 2238 praebens;
2886 2168 3009 2223 aliis
3046 2182 3199 2231 vero,
3232 2183 3436 2222 arcano

1843 2276 2009 2315 sensu
2036 2276 2099 2316 ac
2123 2268 2310 2331 gustu,
2346 2277 2468 2316 eam
2495 2260 2822 2323 bonitatem,
2860 2260 3018 2329 cujus
3045 2259 3325 2313 desiderio
3350 2268 3436 2315 te-

1843 2353 2141 2419 nebantur,
2187 2368 2252 2408 ex
2302 2352 2661 2423 perceptione
2706 2351 2995 2406 manifeste
3034 2351 3435 2421 agnoscendum

1844 2443 2122 2497 tribuens.

1913 2533 2002 2586 55.
2039 2531 2376 2597 Intellectus,
2413 2531 2697 2600 sapientia:
2720 2546 3019 2602 organum;
3052 2534 3212 2597 ratio,
3249 2534 3435 2588 scien-

1845 2621 1966 2686 tiae;
2040 2621 2329 2689 utriusque
2399 2621 2668 2675 naturalis
2738 2622 3036 2685 certitudo,
3098 2622 3247 2687 ﬁdei,
3312 2639 3434 2692 qua:

1845 2721 2080 2781 utraque
2108 2719 2341 2766 constat.
2391 2711 2529 2767 Doni
2571 2714 2891 2777 sanitatum,
2929 2714 3200 2768 naturalis
3236 2714 3433 2767 huma-

1842 2802 1987 2856 nitas
2027 2818 2094 2857 ac
2130 2802 2462 2873 benignitas.
2508 2801 2680 2858 Omne
2721 2804 2868 2858 enim
2909 2804 3156 2859 divinum
3201 2805 3432 2869 donum,

1845 2895 2103 2949 idoneum
2139 2896 2193 2950 in
2238 2897 2401 2951 nobis
2428 2897 2913 2967 commodumque,
2953 2899 3104 2953 velut
3131 2899 3431 2968 potentiam

1842 2993 1939 3039 aut
1965 2986 2214 3039 habitum
2252 3001 2349 3040 seu
2385 2986 2827 3055 dispositionem,
2856 3002 3123 3057 organum
3160 2988 3310 3043 illius
3334 3004 3431 3042 ca-

1842 3091 1948 3145 pax
1982 3076 2167 3131 habet.
2199 3076 2447 3147 Exempli
2486 3092 2672 3141 causa,
2708 3078 2803 3147 qui
2845 3078 2915 3131 ab
2952 3078 3100 3132 omni
3143 3094 3328 3133 rerum
3372 3078 3431 3135 in

1844 3182 2065 3221 sensum
2096 3167 2413 3222 cadentium
2453 3169 2783 3238 cogitatione
2827 3169 3071 3223 animum
3096 3171 3429 3225 emundave-

1843 3259 1937 3322 rit,
1975 3258 2299 3328 sapientiam
2328 3259 2523 3329 recipit
2557 3275 2571 3311 :
2613 3260 2706 3328 qui
2740 3272 2872 3314 vero
2908 3277 3101 3315 eorum
3129 3261 3429 3319 affectuum

1841 3349 1936 3417 qui
1974 3364 2003 3402 a
2034 3358 2229 3403 natura
2254 3349 2417 3403 nobis
2454 3349 2605 3404 insiti
2644 3358 2774 3404 sunt
2805 3350 2920 3421 (ira:
2942 3351 3156 3406 scilicet
3178 3361 3234 3406 et
3266 3354 3428 3422 cupi-

1840 3437 2047 3505 ditatis)
2105 3439 2374 3493 rationem
2423 3440 2690 3496 arbitram
2732 3443 3104 3507 constituerit,
3149 3442 3313 3514 566
3372 3445 3423 3499 is

1840 3529 2129 3585 scientiam
2158 3530 2398 3600 accipit:
2431 3530 2525 3599 qui
2553 3540 2735 3585 autem
2766 3540 2949 3586 mente
2979 3547 3044 3586 ac
3079 3533 3291 3588 ratione
3332 3535 3420 3587 in-

1838 3636 2157 3677 concussam
2188 3622 2334 3678 circa
2362 3622 2545 3677 divina
2583 3624 2971 3679 certitudinem
3008 3634 3204 3679 nactus
3236 3637 3341 3690 est,
3376 3628 3427 3682 is

1837 3712 1987 3778 ﬁdei,
2015 3730 2137 3784 quae
2172 3714 2356 3768 omnia
2392 3722 2595 3783 potest,
2634 3732 2859 3785 compos
2881 3716 3118 3771 efﬁcitur
3144 3735 3156 3771 :
3185 3720 3279 3788 qui
3324 3719 3422 3773 de-

1836 3809 2005 3877 nique
2037 3810 2253 3863 sublato
2287 3809 2529 3878 perfecte
2556 3826 2699 3864 caeco
2743 3812 2829 3864 sui
2874 3826 3061 3865 amore
3104 3826 3169 3865 ac
3210 3812 3422 3870 carnali

1839 3900 2149 3971 (φιλαυτίαν
2180 3897 2399 3969 vocant)
2433 3902 2741 3955 naturalem
2759 3901 3154 3955 humanitatem
3187 3902 3421 3972 adeptus

1835 4002 1940 4057 est,
1971 3994 2017 4049 is
2037 3994 2197 4048 donis
2218 3993 2513 4049 sanitatum
2550 3995 2779 4064 potitur.

1905 4087 1993 4141 54.
2024 4085 2269 4156 Quisque
2290 4095 2563 4151 nostrum,
2604 4101 2703 4155 pro
2728 4087 2847 4157 ejus
2881 4084 3007 4141 ﬁdei
3032 4087 3266 4153 ratione,
3298 4104 3425 4158 quze

1835 4175 1890 4229 in
1922 4175 2041 4245 ipso
2074 4184 2179 4240 est,
2220 4173 2569 4229 manifestam
2614 4176 2956 4230 nanciscitur
2999 4176 3239 4246 Spiritus
3283 4195 3421 4248 ope-

1835 4265 2123 4320 rationem.
2156 4264 2414 4329 Proinde,
2447 4280 2559 4320 suze
2587 4266 2840 4335 quisquis
2860 4266 3046 4336 gratia:
3077 4268 3286 4322 arbiter
3308 4278 3414 4333 est,

1832 4340 1961 4410 nec'
1978 4357 2123 4410 ullus
2157 4370 2402 4425 unquam
2425 4356 2543 4410 sani
2574 4356 2770 4426 capitis
2809 4371 2877 4410 eo
2902 4357 3124 4412 nomine
3150 4358 3242 4412 alii
3264 4358 3420 4427 ,iuvi-

1832 4451 1996 4516 derit,
2028 4451 2174 4521 quod
2208 4450 2401 4521 gratiis
2437 4450 2678 4520 fulgeat;
2721 4451 2924 4521 quippe
2960 4467 3085 4506 cum
3128 4452 3421 4522 dispositio

151 4504 419 4575 κειμένης
483 4508 579 4579 τῆς
631 4512 891 4585 δεκτικῆς
944 4517 1052 4571 τῶν
1092 4519 1251 4575 θείων
1292 4524 1515 4594 ἀγαθῶν
1543 4504 1725 4584 ames;

1844 4545 2112 4614 animique
2143 4544 2362 4598 affectio
2385 4544 2698 4599 divinorum
2719 4562 2890 4616 capax
2924 4546 3218 4614 bonorum,
3259 4547 3315 4603 in
3343 4548 3416 4603 il-

152 4608 310 4658 σεως.

218 4684 326 4786 λε’ἒ
345 4688 530 4786 Αἴτιον
551 4686 689 4786 εἷναί
741 4713 876 4767 φησι
932 4699 1035 4770 τῆς
1083 4702 1191 4755 τῶν
1250 4704 1410 4760 θείων
1462 4710 1727 4786 διανομῆς

147 4776 389 4874 ἀγαθῶν,
413 4781 474 4833 τὸ
500 4784 699 4854 μέτρον
722 4787 822 4856 τῆς
843 4788 1075 4843 ἐκὰστου
1108 4792 1362 4859 πίστεως.
1395 4798 1591 4865 Καθὼς

149 4870 500 4964 πιστεύομεν,
535 4874 629 4927 καὶ
656 4874 754 4945 τὴν
776 4877 869 4929 ἐπὶ
897 4879 959 4931 τὸ
990 4881 1252 4950 πράττειν
1276 4886 1377 4956 τῆς
1406 4870 1719 4964 προθυμίας

147 4954 385 5052 ἐπίᾷοσιν
416 4962 633 5034 ἔχομεν.
678 4967 737 5019 '0
766 4968 895 5036 γοῦν
930 4971 1212 5040 πράττων,
1250 4954 1392 5032 κατὰ
1434 4954 1532 5052 τὴν
1586 4954 1713 5039 ἀναί

146 5044 347 5149 λογίανΔ
417 5056 518 5124 τῆς
599 5058 853 5149 πράξεως
922 5062 1291 5122 ἐπιδείκνυται
1373 5071 1435 5125 τὸ
1488 5044 1720 5149 ’μέτρον

148 5139 243 5238 τῇς
285 5144 557 5238 πίστεως,
607 5148 892 5219 δεχόμενος
954 5154 1030 5219 ὡς
1079 5157 1365 5214 ἐπίστευσε
1412 5164 1472 5217 τὸ
1521 5139 1719 5238 μέτρον

145 5232 261 5329 τῆς.
293 5235 555 5329 χάρ-ιτοςο
606 5240 635 5292 6
682 5240 739 5295 δὲ
788 5243 862 5314 μὴ
911 5249 1188 5317 πράττων,
1251 5254 1392 5309 κατά
1448 5232 1546 5329 τὴν
1585 5232 1718 5315 ἀνα-

147 5322 335 5422 λογίαν
361 5326 480 5422 τῆς⁸
513 5330 785 5422 ἀπραξίας
832 5337 1204 5395 ἐπιδείκνυται
1259 5344 1320 5398 τὸ
1378 5322 1576 5419 μέτρον
1621 5354 1721 5422 τῆς

148 5415 421 5513 ἀπιστίας,
450 5419 752 5513 Αδεχόμενος
788 5425 865 5489 ὡς
896 5428 1188 5501 ἠπίστησεν
1221 5435 1321 5506 τῆς
1360 5415 1585 5507 idenim:

148 5501 418 5606 ξτέρησιν.
438 5509 646 5564 Οὐκοῦν
670 5515 857 5577 κακῶς
877 5523 1025 5572 ποιεῖ
1049 5522 1357 5590 βασκαίνων
1381 5532 1493 5594 τοῖς
1520 5549 1715 5606 κατορ-

148 5586 328 5647 θοῦσιν
353 5598 382 5649 6
413 5598 708 5672 φθονερὸς.
750 5604 835 5659 ἐπ’
870 5609 1017 5681 αὐτῷ
1050 5586 1249 5682 ’σαφῶς
1270 5656 1284 5681 ,
1319 5619 1419 5672 οὐκ
1452 5586 1539 5673 ἐπ’
1571 5586 1714 5696 ἄλλῳ

218 5766 263 5799 ⁸⁸
294 5770 451 5828 Rom.
485 5796 574 5846 xu,
620 5788 667 5845 (tu

1831 4638 1941 4694 lius
1974 4638 2046 4691 sit
2064 4637 2167 4691 sita
2192 4636 2370 4691 libera
2398 4637 2707 4691 voluntate.

1902 4728 1991 4784 55.
2030 4727 2262 4782 Causam
2283 4743 2404 4782 esse
2429 4728 2505 4782 ait
2534 4728 2948 4784 distributionis
2969 4730 3282 4787 divinorum
3308 4731 3415 4786 bo-

1830 4836 2050 4885 norum,
2084 4820 2209 4875 ﬁdei
2238 4820 2505 4891 cujusque
2549 4836 2862 4875 mensuram
2902 4822 2969 4875 ⁸⁸.
3019 4823 3126 4877 Pro
3154 4838 3220 4877 eo
3262 4824 3414 4877 enim

1820 4928 1884 4967 ac
1910 4911 2209 4977 credimus,
2236 4911 2403 4966 etiam
2428 4912 2496 4966 ad
2522 4913 2793 4983 agendum
2819 4913 3044 4983 majoris
3071 4913 3180 4966 vim
3211 4914 3412 4968 alacri-

1819 5004 1947 5058 tatis
1970 5003 2255 5058 habemus.
2301 5004 2404 5069 ριιὶ
2442 5020 2573 5075 ergo
2603 5005 2821 5059 actione
2866 5004 3134 5071 fungitur,
3165 5019 3266 5072 pro
3289 5006 3413 5074 ejus

1820 5099 1936 5144 rata
1965 5090 2199 5156 ratione,
2234 5091 2359 5145 ﬁdei
2388 5106 2703 5146 mensuram
2742 5092 3006 5155 ostendit,
3041 5093 3228 5161 gratiae
3258 5108 3409 5147 men-

1823 5196 2009 5234 suram
2043 5192 2257 5245 nactus,
2280 5198 2380 5251 pro
2418 5200 2484 5237 eo
2505 5199 2568 5237 ac
2596 5184 2828 5238 credidit
2858 5202 2871 5237 :
2908 5184 3000 5252 qui
3031 5194 3212 5238 autem
3237 5186 3409 5239 actio-

1828 5283 1953 5321 nem
1987 5285 2096 5325 non
2136 5283 2377 5341 praestat,
2411 5289 2508 5342 pro
2536 5274 2763 5329 desidiae
2806 5273 2968 5327 modo
3005 5273 3415 5328 incredulitatis

1828 5374 2142 5415 mensuram
2190 5364 2393 5432 prodit,
2430 5364 2621 5434 gratia:
2649 5364 2955 5433 privatione
2993 5365 3271 5426 multatus,
3304 5379 3403 5431 pro

1824 5463 1891 5501 eo
1919 5464 1983 5503 ac
2018 5450 2123 5506 fuit
2156 5452 2492 5508 incredulus.
2522 5454 2657 5507 Male
2686 5453 2851 5523 igitur
2878 5452 3030 5516 facit,
3067 5453 3161 5521 qui
3198 5452 3403 5506 invidia

1821 5538 2100 5607 laborans,
2132 5543 2365 5598 aliorum
2399 5545 2605 5599 virtute
2636 5544 2994 5606 contabescit,
3022 5559 3146 5596 eum
3181 5544 3233 5595 in
3258 5543 3399 5612 ejus,

1820 5646 1927 5685 non
1950 5634 2201 5702 alterius,
2226 5638 2512 5707 perspicue
2544 5637 2724 5708 posita.
2749 5636 2820 5691 sit
2856 5635 3109 5689 facultate
3136 5633 3397 5690 credendi
