3930 6324
473 411 614 481 λικε

1635 416 1696 476 S.
1729 416 2018 476 ΜΑΧΙΜΙ
2055 414 2566 476 CONFESSORIS

3621 405 3765 471 H76

471 533 639 595 atque
673 522 868 595 agendi
902 522 1075 591 optio,
1111 528 1168 576 et
1209 531 1271 576 ut
1297 523 1365 577 ad
1408 521 1533 578 ﬁdei
1576 537 1893 578 mensuram
1923 537 2052 594 pcr-

2183 525 2417 594 εειμένης
2454 523 2557 592 τῆς
2614 520 2723 575 τῶν
2763 519 3046 573 πιστεύειν
3093 535 3154 573 τε
3187 518 3282 572 καὶ
3324 514 3763 585 πράττεινςκαὶ

472 618 771 688 tingentem
815 613 1044 684 gratiam
1075 613 1333 683 accipiat.

541 789 630 844 36.
662 788 765 854 Qui
795 788 1014 843 honesti
1047 803 1236 843 amans
1263 797 1367 853 est,
1400 804 1500 858 per
1528 788 1935 843 Providentiam
1971 805 2057 844 sa-

476 880 697 949 pientiae
732 879 1044 933 rationibus
1085 888 1279 947 sponte
1324 880 1391 934 ad
1431 879 1800 934 deiﬁcationis
1835 880 2056 934 festinat

478 971 706 1040 gratiam
737 988 750 1022 :
781 985 947 1040 quem
980 985 1114 1023 vero
1136 969 1285 1024 illius
1330 969 1513 1034 undet,
1546 970 1697 1039 justo
1729 968 1939 1039 judicio
1968 983 2058 1021 ca-

480 1061 791 1129 stigationis
813 1060 991 1114 modis
1026 1075 1056 1113 a
1088 1059 1358 1129 pravitate
1383 1074 1447 1113 ac
1486 1059 1630 1112 malo
1664 1058 1869 1113 invitus
1894 1074 2054 1112 revo-

476 1161 666 1217 catur;
702 1153 783 1207 sic
822 1152 1003 1221 plane,
1053 1158 1114 1205 ut
1144 1152 1282 1204 alter
1318 1158 1578 1219 tanquam
1622 1151 1719 1205 Dei
1763 1166 1953 1204 amans
1992 1166 2057 1205 ac

479 1243 787 1313 religiosus,
832 1259 930 1312 per
962 1242 1367 1297 Providentiam
1408 1242 1728 1306 deilicetur;
1767 1242 1905 1295 alter
1925 1257 2056 1296 vero

479 1348 580 1401 per
604 1332 897 1402 judicium,
931 1331 1467 1393 velutterrenorum
1500 1344 1709 1393 amans,
1741 1330 1800 1383 in
1829 1329 2056 1384 damna-

482 1422 688 1476 tionem
725 1421 916 1475 venire
962 1436 1075 1474 non
1120 1420 1353 1473 sinatur.
1395 1418 1542 1472 Deus
1582 1417 1729 1470 enim
1768 1426 1829 1470 ut
1856 1417 2054 1480 bonus,

483 1514 766 1583 sapientiae
795 1512 1105 1568 rationibus
1152 1519 1311 1566 curat
1342 1525 1459 1574 eos,
1495 1508 1590 1580 qui
1613 1508 1897 1562 voluntate
1925 1523 2057 1577 pro-

482 1604 640 1673 pensi
677 1604 789 1658 sint
822 1622 834 1656 :
869 1602 964 1672 qui
1001 1610 1191 1657 autem
1226 1616 1370 1671 aegre
1409 1599 1478 1654 ad
1513 1600 1772 1654 virtutem
1802 1612 2060 1652 movean-

485 1702 596 1754 tur.
634 1700 792 1746 sanat
818 1691 1196 1762 castigationis
1224 1690 1423 1744 modis.

554 1784 644 1837 '57.
677 1783 808 1849 Quae
837 1798 966 1837 vere
1015 1781 1150 1835 ﬁdes
1186 1789 1293 1844 est,
1320 1778 1525 1833 veritas
1559 1785 1666 1838 est.
1708 1776 2057 1832 mendacium

2156 613 2294 684 πρὸς
2333 612 2395 665 τὸ
2427 612 2624 682 μέτρον
2670 610 2775 681 τῆς
2819 611 3057 674 πίστεως
3118 609 3431 680 ἐρχομένην

2155 703 2253 776 τὴν
2285 704 2464 775 χάριν,
2490 701 2771 770 ὲπιλογῆς.

2225 796 2334 861 λς’.
2377 797 2435 849 Ὀ
2454 794 2564 848 τῶν
2586 792 2766 848 καλῶν
2788 792 3049 864 ἐραστὴς,
3079 790 3224 844 κατὰ
3248 790 3528 860 πρόνοιαν
3554 788 3760 856 σοφίας

2154 888 2330 957 λόγοις
2391 886 2655 949 ἑκουσίως
2699 884 2978 951 ἐπείγεται
3032 881 3171 953 πρὸς
3203 881 3301 952 τὴν
3350 881 3458 951 τῆς
3493 879 3757 942 Occiso-so;

2155 981 2314 1050 χάριν
2341 994 2354 1008 ο
2398 979 2429 1030 ὁ
2471 978 2529 1031 δὲ
2584 974 2791 1029 τούτων
2837 973 3156 1043 ἀνέραστος,
3184 970 3327 1025 κατὰ
3370 971 3478 1040 τὴν
3528 971 3756 1024 δικαίαν

2156 1069 2359 1141 κρίσιν,
2380 1066 2633 1129 παιδείας
2659 1065 2884 1135 τρόποις
2909 1063 3182 1125 ἀκουσίως
3205 1062 3410 1123 κακίας
3438 1062 3750 1128 ἀπάγεται·

2156 1161 2185 1211 ὀ
2219 1158 2340 1228 μὲν,
2369 1158 2446 1220 ὼς
2477 1154 2723 1226 φιλόθεος
2762 1154 2851 1207 διά
2883 1154 2983 1223 τῆς
3020 1152 3288 1222 προνοίας
3345 1150 3697 1221 θεούμενος’
3728 1153 3758 1202 δ

2155 1249 2234 1311 δὲ,
2264 1246 2351 1300 διὰ
2403 1247 2502 1312 τῆς
2570 1244 2829 1315 κρίσεως,
2869 1243 2945 1306 ὡς
2982 1241 3232 1311 φιλόῦλος
3282 1242 3365 1304 εἰς
3412 1240 3759 1310 κατάχρεων

2156 1340 2331 1393 ἐλθεῖν
2368 1338 2441 1409 μὴ
2472 1336 2943 1407 συγχωρούμενος.
2986 1336 3046 1389 '0
3069 1333 3177 1405 γὰρ
3203 1333 3338 1396 θεὸς
3387 1333 3469 1395 ὡς
3521 1332 3759 1401 ἀγαθὸς.

2162 1431 2354 1499 σοφίας
2406 1429 2505 1500 μὲν
2553 1429 2735 1497 λόγοις
2763 1425 3058 1499 θεραπεύει
3101 1426 3231 1487 τοὺς
3262 1424 3533 1486 θέλοντας
3570 1440 3585 1453 ·
3626 1440 3761 1475 παι-

2157 1522 2304 1584 δείας
2359 1523 2417 1574 δὲ
2464 1519 2881 1592 τρόποις,.τοὺς
2942 1516 3078 1588 πρὸς
3125 1515 3328 1587 ἀρετὴν
3385 1515 3763 1585 δυσκινήτοκ

2161 1615 2328 1668 litat.

2231 1791 2329 1855 λζ’.
2354 1790 2418 1842 Ἠ
2447 1788 2547 1859 μὲν
2573 1787 2738 1850 ὅντως
2778 1785 2994 1849 πίστις,
3022 1782 3251 1854 ἀλήθειά
3284 1783 3407 1835 ἐστι
3452 1779 3763 1845 συνεκτική

482 1885 595 1927 non
619 1872 849 1937 habens,
874 1887 994 1941 quae
1016 1872 1297 1926 contineat
1336 1884 1400 1925 ac
1451 1869 1880 1924 incolumitatem
1914 1882 2054 1938 prae-

2183 1901 2217 1937 :s
2253 1852 2347 1936 καὶ
2393 1852 2710 1949 συστατικὴ.
2759 1876 2953 1945 ψεῦδος
3013 1852 3123 1927 οὐκ
3161 1873 3361 1942 ἔχουσα
3389 1888 3406 1903 ο
3436 1873 3470 1942 ἠ
3534 1870 3596 1923 δὲ
3624 1870 3766 1938 ἀγα-

487 1971 630 2029 stet;
670 1964 814 2017 bona
856 1978 988 2017 vero
1020 1960 1376 2025 conscientia,
1406 1961 1515 2014 vim
1540 1961 1706 2017 infert
1754 1960 2056 2027 charitatis,

488 2053 693 2122 quippe
727 2053 930 2117 nullam
970 2052 1212 2106 mandati
1239 2052 1727 2121 transgressionem
1759 2053 1987 2108 habens.

559 2143 649 2197 58.
672 2143 739 2196 Et
762 2143 1098 2212 requiescent,
1129 2141 1326 2210 inquit,
1359 2158 1517 2211 super
1543 2158 1659 2197 eum
1686 2151 1882 2213 septem
1907 2145 2065 2213 spiri-

491 2242 611 2288 tus:
640 2234 855 2304 spiritus
876 2233 1170 2303 sapientiae,
1200 2233 1415 2303 spiritus
1430 2232 1811 2304 intelligentiae,
1849 2236 2064 2304 spiritus

490 2327 741 2391 scientia,
783 2325 997 2395 spiritus
1042 2324 1353 2393 prudentia,
1392 2326 1608 2395 spiritus
1649 2325 1872 2389 consilii,
1906 2325 2065 2395 567

493 2418 710 2488 spiritus
742 2416 1087 2485 fortitudinis,
1129 2417 1347 2485 spiritus
1380 2416 1580 2469 timoris
1610 2415 1705 2469 Dei
1748 2416 1815 2468 ⁸⁸.
1861 2417 2067 2471 Horum

494 2516 680 2562 autem
699 2507 1069 2577 spiritualium
1092 2506 1364 2560 donorum
1404 2495 1684 2574 pr0prium
1711 2515 1826 2559 est:
1856 2504 2071 2558 timoris

495 2598 743 2669 quidem,
790 2609 853 2652 ut
894 2597 1267 2652 abstineamus
1307 2611 1337 2649 a
1378 2596 1568 2661 malis;
1612 2595 1972 2659 fortitudinis,
2011 2602 2074 2649 ut

498 2689 639 2741 bona
666 2702 960 2756 operemur
983 2702 996 2751 ;
1028 2686 1268 2749 consilii,
1290 2694 1352 2740 ut
1369 2685 1643 2741 contraria
1666 2685 2070 2751 discernamus;

496 2781 826 2853 prudentiae,
854 2789 917 2839 ut
936 2796 1058 2853 qum
1086 2780 1253 2837 officii
1276 2789 1424 2845 sunt,
1449 2794 1579 2836 vere
1609 2793 1673 2833 ac
1696 2779 1911 2833 sincere
1930 2778 2073 2833 scia-

501 2889 657 2940 mus;
685 2874 953 2937 scientiae,
984 2880 1044 2927 ut
1065 2874 1245 2942 reipsa
1269 2872 1485 2927 divinas
1508 2872 1564 2926 in
1586 2867 1887 2926 virtutibus
1911 2868 2077 2952 ratio-

475 2974 599 3034 ‘nes
639 2964 1211 3034 comprehendamus;
1251 2963 1649 3033 intelligentiae,
1680 2971 1742 3017 ut
1781 2976 1849 3018 ex
1885 2974 2077 3018 eorum

500 3057 716 3111 ratione
778 3072 901 3125 quae
977 3056 1205 3111 scientia
1273 3056 1794 3125 comprehendimus
1852 3069 2079 3124 prorsus

499 3147 685 3201 atiimo
718 3145 1057 3211 afficiantur;
1091 3146 1393 3214 sapientiae,
1420 3145 1571 3199 nulla
1603 3145 1657 3199 vi
1683 3145 1883 3200 mentis
1921 3160 2074 3198 com-
2105 3175 2147 3232 ο

510 3237 782 3305 prehensa
803 3252 928 3290 cum
963 3238 1077 3290 Deo
1103 3236 1256 3299 unio,
1283 3251 1390 3304 qua
1414 3237 1612 3304 cupido
1638 3245 1888 3289 votorum
1921 3234 2079 3288 avida

501 3328 606 3393 vis,
631 3328 811 3397 dignis
832 3328 885 3381 in
911 3326 1311 3397 possessionem
1335 3342 1399 3381 ac
1428 3326 1743 3381 fruitioncm
1764 3326 1933 3389 cedit,
1954 3341 2079 3379 eum

502 3419 595 3487 qui
636 3419 950 3490 participet,
980 3434 1050 3472 ex
1090 3418 1424 3472 commercio
1461 3418 1625 3471 deum
1673 3417 1903 3482 faciens,
1937 3416 2082 3471 divi-

506 3526 700 3579 naeque
724 3508 1082 3564 beatitudinis
1117 3508 1252 3579 (iugi
1292 3509 1411 3563 sine
1433 3559 1437 3564 .
1462 3508 1606 3563 fastu
1632 3508 1944 3563 divinorum
1974 3525 2085 3579 my—

505 3601 803 3657 steriorum
830 3600 898 3655 ad
920 3615 1017 3654 eos
1045 3600 1139 3668 qui
1164 3614 1304 3668 opus
1333 3600 1573 3653 habeant
1603 3598 1983 3667 propositione
2000 3599 2087 3654 fu-

507 3689 749 3758 siorique
768 3688 1148 3761 enarratione)
1176 3690 1539 3759 interpretem
1563 3696 1849 3759 praestans.

579 3794 669 3848 59.
704 3793 943 3864 Spiritus
981 3794 1203 3849 timoris
1223 3795 1321 3849 Dei
1346 3803 1451 3858 est,
1482 3805 1545 3849 ut
1572 3796 1641 3849 ab
1674 3795 1744 3849 iis
1764 3809 1886 3864 quae
1906 3796 2087 3866 reipsa

510 3886 655 3943 mala
704 3896 833 3942 sunt
889 3886 1119 3957 ipsoque
1170 3902 1338 3957 opere
1392 3886 1799 3953 abstineamus;
1862 3888 2090 3957 spiritus

509 3976 872 4042 fortitudinis,
896 3987 1152 4047 prompta
1189 3978 1359 4033 animi
1399 3979 1650 4034 incitatio
1696 3986 1987 4048 motusque
2019 3979 2087 4033 ad

508 4068 861 4138 exsequenda
889 4085 1056 4139 reque
1091 4070 1209 4139 ipsa
1243 4070 1557 4140 peragenda
1598 4070 1894 4136 mandata;
1926 4070 2092 4140 spiri-

515 4162 606 4210 tus
639 4156 876 4221 consilii,
927 4156 1151 4211 habitus
1175 4155 1547 4221 discretionis,
1578 4170 1713 4225 quo,
1747 4156 1962 4211 ratione
1996 4172 2092 4211 co-

517 4247 672 4309 mite,
707 4247 894 4300 divina
929 4246 1187 4300 mandata
1224 4245 1601 4315 exscquimur,
1632 4244 1875 4313 vitisque
1898 4258 1929 4298 a
1973 4243 2090 4298 vir-

520 4337 732 4393 tutibus
760 4337 1159 4403 discernimus;
1212 4337 1438 4407 spiritus
1490 4334 1836 4406 prudentiae,
1896 4336 2091 4391 modo—

522 4440 642 4479 rum
690 4427 896 4494 quibus
957 4426 1100 4479 actio
1136 4426 1423 4495 virtusque
1460 4425 1693 4490 colatur,
1718 4432 1868 4479 certa
1913 4424 2092 4478 ﬁrma-

2161 1975 2229 2045 θὴ
2261 1973 2592 2042 συνείδησις,
2620 1969 2721 2036 τὴν
2745 1969 2844 2038 τῆς
2878 1967 3103 2035 ἀγάπης
3142 1964 3474 2033 ἐπιφέρεται
3501 1962 3766 2031 δύναμιν,

2161 2063 2235 2126 ὡς
2272 2061 2544 2133 μηδεμίαν
2575 2058 2771 2129 ἔχουσα
2801 2055 3116 2127 παράϐασιν
3141 2052 3387 2122 ἐντολῆς.

2232 2151 2334 2224 λη’.
2369 2151 2479 2206 Kal
2496 2149 3015 2212 ἐπαναπαύσεται,
3036 2145 3222 2217 φησιν,
3242 2144 3336 2197 ἐπ’
3358 2143 3588 2206 αὐτὸν,
3614 2143 3769 2196 ἑπτὰ

2165 2246 2503 2314 πνεύματαο
2543 2241 2778 2311 πνεῦμα
2815 2240 3036 2308 σοφίας
3059 2279 3073 2301 ,
3127 2236 3362 2304 πνεῦμα
3417 2234 3765 2299 συνέσεως,

2167 2336 2399 2405 πνεῦμα
2434 2334 2724 2405 γνώσεως,
2748 2332 2984 2401 πνεῦμα
3013 2327 3356 2397 ἐπιστήμης
3385 2328 3491 2396 (b),
3520 2324 3768 2394 πνεῦμα

2164 2424 2422 2492 βουλῆς,
2442 2422 2677 2491 πνεῦμα
2709 2423 2944 2490 ἰσχύος,
2960 2419 3195 2489 πνεῦμα
3203 2419 3393 2487 φόϐου
3418 2416 3766 2470 Θεοῦ.Ἔστι

2168 2518 2224 2570 δὲ
2253 2516 2379 2569 ἴδιον
2395 2516 2501 2569 τῶν
2531 2514 2914 2585 πνευματικῶν
2941 2513 3143 2566 τούτων
3173 2510 3569 2583 χαρισμάτων,
3599 2509 3765 2579 φόϐου

2176 2607 2290 2676 μὲν,
2324 2608 2357 2676 ἡ
2387 2606 2564 2677 ἀποχὴ
2591 2606 2699 2658 τῶν
2733 2605 2920 2658 κακῶν
2951 2621 2963 2633 ·
3001 2602 3185 2672 ἰσχύος
3217 2601 3307 2664 δὲ,
3334 2603 3368 2671 ἡ
3398 2599 3615 2668 πρᾶξις
3658 2599 3767 2651 τῶν

2174 2697 2394 2764 ἀγαθῶν
2419 2714 2433 2728 ο
2466 2696 2660 2767 βουλῆς
2686 2696 2761 2760 δὲ,
2795 2697 2830 2766 ἡ
2859 2695 2967 2747 τῶν
3005 2691 3403 2760 ἀντικειμένων
3436 2689 3729 2759 διάκρισις
3749 2704 3765 2718 ⁸

2175 2788 2484 2857 ἐπιστήμης
2508 2784 2588 2849 δὲ,
2616 2784 2648 2855 ἡ
2681 2785 2786 2836 τῶν
2816 2781 3166 2851 καθηκόντων
3192 2777 3487 2840 ἀνόθευτος
3509 2773 3731 2848 εἴδησις
3750 2790 3767 2806 ·

2176 2876 2430 2947 γνώσεως
2458 2874 2536 2938 δὲ,
2569 2877 2602 2948 η
2639 2873 2761 2926 κατ’
2792 2871 3076 2942 ἐνέργειαν
3105 2870 3213 2923 τῶν
3256 2871 3314 2922 ὲν
3362 2870 3492 2931 ταῖς
3537 2868 3769 2937 ἀρεταῖς

2177 2970 2335 3023 θείων
2385 2968 2562 3037 λόγων
2620 2963 2950 3036 περίληψις’
2995 2963 3270 3024 συνέσεως
3304 2960 3385 3024 δὲ,
3415 2961 3455 3031 ἡ
3505 2959 3658 3030 πρὸς
3702 2958 3769 3011 τὰ

2179 3060 2491 3131 γνωσθέντα
2537 3057 2712 3112 διόλου
2750 3055 2851 3125 τῆς
2897 3053 3079 3124 ψυχῆς
3132 3052 3481 3114 συνδιάθεσις
3512 3066 3526 3080 ’
3573 3050 3766 3116 σοφίας

2178 3156 2255 3221 δὲ,
2286 3156 2320 3223 ἡ
2369 3153 2507 3224 πρὸς
2559 3149 2694 3204 Θεὸν
2738 3147 3108 3215 ἀδιάγνωστος
3139 3145 3357 3208 ἒνωσις,
3388 3144 3519 3196 καθ’
3546 3143 3620 3213 ῆν
3657 3144 3767 3203 ταῖς

2179 3249 2408 3318 ἀξίοιςὴ
2442 3247 2628 3314 ἔφεσις
2668 3242 2968 3306 ἀπόλαυσις
2993 3244 3227 3310 γίνεται,
3272 3236 3498 3309 μεθέξει
3531 3234 3768 3289 ποιοῦσα

2179 3338 2313 3391 Θεὸν
2341 3336 2433 3389 τὸν
2468 3335 2783 3403 μετέχοντα,
2810 3332 2904 3385 καὶ
2930 3326 3027 3400 τῆς
3066 3328 3218 3391 θείας
3248 3327 3411 3383 αὐτὸν
3472 3326 3767 3396 ὑποφήτην

2181 3424 2498 3481 καθιστῶσα
2544 3421 2970 3492 μακαριότητος,
2998 3419 3140 3472 κατὰ
3187 3418 3284 3488 τὴν
3338 3416 3575 3470 ἀένναον
3632 3414 3769 3484 πρὸς

2181 3519 2308 3581 τοὺς
2354 3514 2641 3585 δεομένους
2670 3513 2779 3566 τῶν
2808 3511 2968 3565 θείων
3012 3508 3346 3581 μυστηρίων,
3376 3507 3772 3575 ἀνεκπόμπευ-

2183 3627 2274 3663 τον
2301 3606 2572 3679 προϐολὴν
2602 3605 2696 3659 καὶ
2724 3602 2976 3667 διέξοδον.

2255 3786 2354 3840 λθ’.
2385 3784 2460 3837 Τὸ
2481 3782 2698 3852 πνεῦμα
2723 3779 2816 3833 τοῦ
2847 3776 3012 3849 φόϐου
3035 3778 3132 3831 τοῦ
3161 3777 3319 3842 Θεοῦ,
3335 3777 3446 3830 τῶν
3469 3777 3594 3830 κατ’
3616 3778 3771 3847 ἐνέρ-

2185 3895 2338 3948 γειαν
2364 3874 2552 3931 κακῶν
2581 3874 2729 3926 ἐστιν
2753 3870 2929 3941 ἀποχή
2961 3885 2976 3900 ο
3011 3867 3072 3921 τὸ
3101 3867 3161 3920 δὲ
3189 3866 3407 3937 πνεῦμα
3428 3868 3531 3936 τῆς
3556 3867 3765 3936 ἰσχύος,

2186 3969 2219 4039 ἡ
2254 3967 2390 4038 πρὸς
2422 3965 2702 4036 ἐνέργειαν
2735 3961 2829 4014 καὶ
2848 3959 3045 4030 πρᾶξιν
3081 3957 3192 4011 τῶν
3222 3955 3451 4011 ἐντολῶν
3486 3955 3767 4027 πρόθυμος

2186 4057 2334 4128 ὁρμὴ
2367 4055 2464 4109 καὶ
2489 4053 2704 4125 κίνησις
2739 4065 2755 4082 ·
2789 4050 2853 4103 τὺ
2879 4049 2936 4102 δὲ
2972 4048 3192 4118 πνεῦμα
3217 4048 3317 4117 τῆς
3342 4046 3565 4117 βουλῆς,
3591 4048 3626 4117 ἡ
3655 4048 3764 4111 ἕξις

2188 4148 2289 4219 τῆς
2314 4144 2661 4216 διακρίσεως,
2694 4140 2817 4195 καθ’
2845 4140 2913 4211 ἢν
2941 4139 3038 4192 σὺν
3076 4137 3222 4208 λόγῳ
3264 4136 3364 4199 τὰς
3412 4136 3569 4199 θείας
3598 4138 3765 4208 πρᾶτ-

2188 4253 2359 4310 τομεν
2398 4235 2636 4297 ὲντολάς,
2667 4231 2764 4287 καὶ
2795 4230 2901 4285 τῶν
2946 4228 3276 4299 κρειττόνων
3330 4225 3654 4297 διαιροῦμεν
3698 4226 3763 4280 τὰ

2190 4329 2412 4401 χείρονα
2444 4344 2458 4359 ο
2489 4327 2552 4380 τὸ
2576 4324 2636 4378 δὲ
2669 4321 2889 4392 πνεῦμα
2918 4320 3021 4389 τῆς
3052 4318 3385 4389 ἐπιστήμης,
3419 4319 3453 4387 ἡ
3485 4318 3598 4370 τῶν
3643 4318 3763 4370 κατ’

2192 4420 2394 4492 ἀρετὴν
2437 4417 2530 4486 τῆς
2559 4414 2808 4487 πράξεως
2836 4412 3050 4482 τρόπων
3078 4410 3328 4472 ἄπτωτος
3367 4408 3577 4480 είδησις
3599 4425 3615 4439 ο
3644 4407 3763 4460 καθ’

519 4533 626 4585 que
650 4517 887 4587 cognitio
907 4555 922 4578 ,
958 4532 1067 4584 qua
1097 4516 1332 4586 agendo,
1380 4531 1411 4571 a
1439 4524 1590 4572 recto
1630 4516 1863 4572 rationis
1883 4517 2076 4588 judicit

2196 4513 2263 4583 ἢν
2297 4510 2646 4578 πράττοντες,
2684 4502 2788 4572 τῆς
2817 4499 2985 4571 ὀρθῆς
3008 4496 3103 4588 τοῦ
3142 4497 3305 4564 λόγου
3337 4496 3587 4588 κρίσεως
3608 4496 3760 4588 οὐδα-

521 4623 796 4677 nunquam
821 4608 1127 4662 excidimus
1144 4625 1158 4672 ;
1174 4608 1401 4677 spiritus
1417 4609 1680 4674 scientiae,
1706 4609 2090 4665 mandatorum

522 4696 689 4766 inque
731 4698 838 4752 illis
891 4698 1270 4753 exsistcntium
1318 4700 1633 4764 rationum,
1659 4700 1861 4768 quibus
1910 4700 2090 4755 consi—

522 4795 675 4840 stunt
702 4787 963 4842 virtutum
989 4788 1159 4853 modi,
1198 4789 1618 4859 comprehensio
1642 4805 1663 4853 ;-
1687 4790 2095 4859 spiritusintel-

521 4878 857 4950 ligentiac,cx
886 4881 1148 4935 virtutum
1176 4882 1352 4937 modis
1375 4898 1441 4938 ac
1462 4881 1772 4938 rationibus
1788 4881 1949 4946 allici,
1977 4882 2095 4937 sive

526 4983 586 5027 ut
607 4972 1027 5028 convenientius
1058 4981 1224 5044 atque
1255 4975 1435 5043 aptius
1463 4974 1681 5043 loquar,
1717 4974 1775 5028 in
1807 4990 1870 5028 ea
1911 4984 2094 5028 trans-
2142 5016 2147 5019 .

529 5064 730 5117 mutari
767 5077 920 5132 :qua
967 5063 1420 5119 transmutatione
1458 5064 1741 5119 naturales
1771 5063 1921 5117 vires
1969 5074 2095 5117 cum

597 5219 640 5252 ³⁸
666 5220 768 5276 lsa.
804 5237 878 5287 xl,
905 5219 960 5287 2,
989 5221 1061 5295 5.‘

600 5371 689 5444 (ὁ)Δ
708 5371 965 5444 ΠνεῦέιιλγΔ
1001 5369 1353 5444 ἐπιστήμης.
1400 5369 1638 5444 ilabent_
1660 5364 1843 5444 LXX_._
1872 5365 2087 5444 πνεῦμα

535 5434 835 5504 εὐσεϐείας.
862 5434 1025 5514 Vulg.
1075 5434 1322 5514 Spiritus
1359 5438 1743 5514 pietatis:nlpse
1784 5434 2085 5514 ﬂeximus,

533 5518 678 5565 cent.
710 5526 783 5572 ιν,
807 5514 874 5565 'cx
904 5505 1001 5564 his
1015 5505 1258 5579 quinque
1297 5505 1440 5564 c.'79
1478 5516 1535 5561 et
1564 5507 1662 5579 80,7
1683 5505 2087 5579 πνεᾷμα--εὐσε-

538 5579 686 5647 Cela;
719 5590 774 5632 ct
807 5580 920 5647 ipse
949 5573 1131 5633 habet.
1169 5573 1344 5633 lrab.
1379 5592 1515 5631 vera:
1560 5575 1854 5647 religionis.
1888 5573 2087 5647 verum

538 5646 655 5698 haec
686 5662 751 5699 ex
798 5643 963 5702 Ilebr.
1020 5665 1131 5701 non
1186 5648 1530 5716 prodierunt
1558 5643 1888 5716 irmncdiatc.
1919 5643 2085 5716 llebr.

542 5730 707 5785 unum
742 5716 993 5784 idemque
1021 5713 1219 5770 nomen
1262 5725 1366 5779 est,
1390 5715 1534 5785 quod
1565 5715 1748 5785 statim
1792 5728 1907 5785 seq.
1937 5713 2091 5785 timor

544 5780 818 5840 redditur.
853 5780 924 5838 Ac
949 5785 1087 5840 forte
1120 5780 1439 5854 scripserint
1463 5785 1510 5837 οἱ
1542 5780 1899 5853 ιΧΧπνεῦμα
1933 5780 2091 5834 εὐλα-

2201 4599 2320 4669 μῶς
2369 4596 2642 4664 πίπτομεν
2671 4605 2684 4619 ·
2733 4591 2794 4645 τὸ
2824 4589 2882 4642 δὲ
2907 4587 3128 4657 πνεῦμα
3155 4589 3256 4657 τῆς
3284 4584 3563 4654 γνώσεως,
3595 4585 3628 4652 ἠ
3657 4582 3761 4636 τῶν

2196 4688 2427 4745 ἐντολῶν
2449 4686 2547 4741 καὶ
2567 4684 2676 4738 τῶν
2720 4685 2780 4736 ὲν
2811 4681 3002 4744 αὐταῖς
3048 4679 3223 4748 λόγων
3277 4676 3591 4748 περίληψις,
3645 4675 3761 4728 καθ’

2193 4781 2289 4845 οὒς
2329 4781 2377 4833 oi
2427 4777 2619 4849 τρόποι
2644 4774 2754 4828 τῶν
2781 4770 2991 4842 ἀρετῶν
3020 4768 3383 4838 συνεστήκασι
3414 4784 3431 4799 ο
3468 4766 3686 4836 πνεῦμα
3706 4765 3760 4818 δὲ

2198 4869 2467 4934 συνέσεώς
2498 4872 2666 4934 ἐστιν,
2692 4867 2727 4937 η
2751 4864 2885 4935 πρὸς
2914 4863 3038 4926 τοὺς
3062 4862 3295 4933 τρόπους
3313 4860 3408 4913 καὶ
3434 4860 3563 4921 τοὺς
3581 4858 3760 4923 λόγους

2193 4964 2306 5017 τῶν
2363 4960 2577 5032 ἀρετῶν
2625 4955 3045 5026 συγκατάθεσις,
3102 4953 3139 5023 ἢ
3196 4950 3529 5022 κυριιίιτερον
3574 4950 3756 5011 εἰπεῖν,

2197 5053 2582 5127 μεταποίησις,
2634 5050 2755 5104 καθ’
2792 5049 2859 5103 ἣν
2894 5046 3195 5114 σύγκρασις
3226 5043 3441 5112 γίνεται
3467 5040 3580 5092 τῶν
3614 5057 3759 5107 quat»

2195 5361 2348 5423 ϐείας
2377 5377 2390 5391 ο
2429 5357 2524 5427 qui
2551 5356 2623 5410 sit
2644 5350 2873 5427 spiritus
2907 5351 3127 5427 timoris
3169 5344 3622 5427 casti,__modesti,
3656 5362 3752 5427 _re-

2194 5415 2486 5486 verentiali
2516 5441 2582 5479 ac
2614 5415 2880 5491 religiosi.
2907 5421 3142 5475 Videtur
3185 5417 3277 5469 hic
3322 5415 3593 5491 Maximus
3650 5416 3755 5491 ἐξι-

2197 5483 2411 5580 σξςημην
2439 5511 2551 5580 ρης).
2575 5483 2868 5580 prudentia
2897 5483 3747 5580 ηερε-ρεπιιῗοε-ᾒςξξςυΞ-ῐῖνξξι

2193 5555 2341 5625 dicio
2369 5555 2689 5636 agibilitim;
2726 5568 2867 5615 utet
2894 5555 3117 5636 γνῶσιν,
3142 5569 3246 5627 pro
3288 5555 3503 5636 judic‘io
3550 5556 3756 5636 quiver-

2197 5620 2331 5697 sali,
2389 5620 2453 5688 εἷο
2514 5647 2623 5701 quo
2679 5620 2864 5702 rerum
2905 5620 3161 5702 rationes
3210 5620 3749 5702 comprehendamus.

2200 5705 2417 5775 Alioqui
2454 5698 2645 5775 notum
2667 5698 2799 5775 quid
2839 5700 3137 5770 ἐπιστήμη,
3180 5703 3235 5750 et
3299 5698 3533 5774 scientia
3574 5698 3749 5745 stricte

2201 5767 2380 5839 dieue,
2420 5767 2786 5844 philosophis.
