3930 6324
245 435 384 504 ιεγτ

921 438 1254 500 CAPITUM
1291 439 1714 512 QUINQU'IES
1751 442 2273 510 CENTENORUM
2309 452 2694 514 CENTURIA
2731 457 2846 516 ΙΙΙ.

3355 459 3488 522 ΙΞἹΒ

241 545 355 602 κῶν
375 545 659 616 δυνάμεων
694 546 830 618 πρὸς
875 551 1000 612 τοὺς
1025 549 1258 615 τρόπους
1314 551 1408 604 καὶ¹
1463 552 1584 616 τοὺς
1632 553 1813 622 λόγους

1923 559 2103 616 modis
2161 563 2581 636 rationibusque
2651 569 3026 625 mandatorum
3085 573 3488 643 contemperari

237 636 350 688 τῶν
375 635 610 689 ἐντολῶν
641 653 656 666 ⁸
693 637 915 708 πνεῦμα
941 637 997 692 δὲ
1036 640 1228 708 σοφίας
1267 641 1436 705 ἐστὶν,
1469 644 1502 712 ή
1544 643 1679 714 πρὸς
1724 645 1821 712 τὴν

238 725 428 780 αἰτίαν
458 725 570 779 τῶν
595 728 653 782 ὲν
684 730 804 792 ταῖς
831 728 1070 793 ἐντολαῖς
1099 733 1626 803 πνευματικωτέρων
1650 733 1822 802 λόγων

239 818 518 890 ἀνάληψις
562 837 622 874 τε
666 822 762 876 καὶ
794 821 1010 888 ἓνωσις,
1053 823 1176 878 καθ’
1203 825 1270 896 ἢν
1293 825 1590 892 ἀγνώστως
1608 826 1733 891 τοὺς
1765 831 1822 882 ὲν

237 909 384 980 Θεῷ,
416 911 566 965 κατά
593 912 652 965 τὸ
699 913 917 983 θεμιτὸν
943 913 1272 986 ἀνθρώποις,
1305 917 1491 980 ἁπλῶς
1527 917 1821 987 μυούμενοι

235 1004 348 1056 τῶν
377 1005 554 1058 ὄντων
580 1006 788 1074 λόγους,
815 1008 890 1069 ὡς
918 1007 980 1062 ἐκ
1001 1026 1148 1072 τινος
1197 1009 1597 1082 βλυστανούσης
1638 1012 1822 1082 πηγῆς

235 1095 338 1164 τῆς
370 1096 627 1166 καρδίας,
669 1100 766 1169 τὴν
819 1099 874 1151 ἐν
921 1101 1034 1162 τοῖς
1077 1100 1220 1164 ὅλοις
1265 1101 1524 1172 ἀλήθειαν
1562 1102 1821 1164 ποικίλως

235 1188 352 1250 τοῖς
371 1187 560 1250 ἄλλοις
589 1188 897 1259 ἀνθρώποις
927 1191 1330 1263 προσφέρομεν.

309 1297 387 1365 μ’.
416 1297 552 1351 Ἀπὸ
577 1299 674 1368 μὲν
694 1299 795 1352 τῶν
815 1302 878 1352 ἐκ
898 1301 1034 1354 Θεοῦ
1049 1302 1395 1372 τελευταίων,
1419 1307 1550 1376 ἡμῖν
1577 1307 1631 1360 δὲ
1653 1327 1822 1378 προσ-

234 1386 402 1456 εχῶν,
460 1388 555 1441 ἐπὶ
592 1390 662 1442 τὰ
693 1391 907 1462 πρῶτα,
959 1393 1053 1446 καὶ
1095 1395 1250 1464 ἡμῶν
1283 1395 1380 1466 μὲν
1409 1399 1616 1469 πόρρω,
1654 1399 1732 1469 τῷ
1767 1401 1823 1453 δὲ

232 1475 356 1546 Θεῷ
385 1479 657 1550 προσεχῆ,
679 1481 804 1532 καθ’
829 1481 946 1535 ὁδὸν
978 1483 1070 1535 καὶ
1094 1483 1248 1550 τάξιν
1271 1485 1654 1557 ἀναϐαίνομεν.
1691 1488 1822 1541 Ἀπὸ

231 1567 344 1639 γὰρ
373 1569 475 1639 τῆς
497 1571 689 1638 ἀργίας
716 1572 824 1624 τῶν
860 1573 1044 1628 κακῶν
1076 1575 1166 1628 διά
1197 1575 1388 1642 φόϐου,
1429 1577 1522 1630 ἐπὶ
1572 1579 1670 1650 τὴν
1714 1581 1822 1634 τῶν

231 1659 455 1728 ἀρετῶν
485 1661 551 1713 δι’
593 1663 774 1732 ἰσχύος
805 1665 1080 1734 ἐρχόμεθα
1105 1667 1306 1736 πρᾶξιν
1337 1686 1352 1700 ο
1385 1669 1567 1722 ἀπὸδὲ
1587 1670 1686 1740 τῆς
1715 1671 1824 1725 τῶν

231 1751 454 1821 ἀρετῶν
516 1754 788 1822 πράξεως,
840 1757 934 1808 ἐπὶ
973 1757 1072 1826 τὴν
1120 1757 1393 1828 διάκρισιν
1438 1760 1554 1829 τῆς·
1581 1759 1774 1830 βουλῆς
1805 1775 1819 1790 °

227 1842 343 1894 ἀπὸ
373 1843 433 1896 δὲ
463 1844 560 1913 τῆς
597 1845 944 1916 διακρίσεως,
1003 1850 1095 1902 ἐπὶ
1122 1849 1219 1920 τὴν
1265 1849 1378 1914 ἕξιν
1427 1851 1536 1904 τῶν
1587 1853 1819 1923 ἀρετῶν,

229 1931 406 2003 ἤγουν
438 1935 754 2006 ἐπιστήμην
784 1951 798 1966 ·
841 1939 948 1992 ἀπὸ
991 1941 1045 1993 δὲ
1096 1942 1193 2010 τῆς
1237 1942 1400 2008 ἕξεως
1445 1944 1556 1998 τῶν
1588 1945 1818 2016 ἀρετῶν,

231 2025 330 2078 ἐπὶ
385 2027 489 2098 τὴν
539 2031 744 2098 γνῶσιν
777 2033 884 2087 τῶν
913 2036 969 2086 ὲν
996 2035 1185 2100 αὐταῖς
1205 2039 1326 2100 ταῖς
1351 2039 1572 2106 ἀρεταῖς
1597 2039 1770 2107 λόγων
1803 2058 1818 2072 ·

233 2116 347 2170 ἀπὸ
369 2119 428 2172 δὲ
458 2121 682 2191 ταύτης,
714 2125 793 2185 είς
813 2121 910 2194 τὴν
929 2126 1064 2196 πρὸς
1095 2127 1220 2191 τοὺς
1242 2128 1612 2198 ἐγνωσμένους
1633 2130 1823 2199 λόγους

232 2207 346 2262 τῶν
399 2211 615 2282 ἀρετῶν
665 2217 1094 2286 μεταποιητικὴν
1139 2218 1271 2285 ἕξιν·
1309 2220 1452 2290 φημὶ
1484 2221 1540 2274 δὲ
1568 2221 1666 2292 τὴν
1697 2223 1821 2276 σύν-

229 2313 354 2352 εσιν
382 2316 396 2328 ·
437 2301 534 2353 καὶ
567 2302 674 2355 ἀπὸ
709 2303 936 2375 ταύτης,
974 2307 1052 2367 εἰς
1107 2307 1205 2376 τὴν
1235 2306 1415 2378 ἁπλῆν
1447 2308 1545 2378 τῆς
1580 2309 1638 2361 ὲν
1680 2309 1824 2372 ὅλοις

232 2387 503 2458 ἀληθείας
541 2392 745 2462 ἀκριϐῆ
788 2393 1020 2466 Θεωρίαν
1055 2413 1068 2426 ·
1105 2397 1198 2474 ἀφ’
1233 2392 1302 2469 ἦς
1338 2396 1668 2468 ὁρμώμενοι,
1695 2401 1822 2453 πολ-

232 2478 367 2543 λοὺς
425 2483 522 2535 καὶ
575 2485 852 2548 ποικίλους
893 2487 956 2538 ὲκ
987 2490 1086 2557 τῆς
1125 2488 1235 2540 τῶν
1266 2487 1438 2542 ὄντων
1461 2489 1736 2559 αίσθητῶν
1761 2508 1820 2543 τε

232 2571 333 2624 καὶ
355 2572 570 2643 νοητῶν
601 2574 802 2629 οὐσιῶν
839 2577 1011 2646 σοφῆς
1036 2578 1294 2648 θεωρίας,
1345 2579 1589 2642 εὐσεϐεῖς
1630 2581 1822 2649 λόγους

233 2664 370 2735 περὶ
401 2665 505 2735 τῆς
534 2665 795 2732 ἀλτκθείας
822 2667 1202 2722 ἀποδώσομεν.

310 2963 430 3028 μα’.
462 2959 534 3012 Τὸ
563 2957 700 3022 πρὸς
731 2957 876 3027 ἡμᾶς
898 2957 1019 3010 κατ’
1051 2956 1335 3028 ἐνέργειαν
1362 2958 1576 3029 πρῶτον
1594 2960 1814 3028 ἀγαθὸν,

229 3051 376 3120 ὅπερ
427 3047 575 3100 ἐστὶν
609 3048 637 3099 ό
695 3047 876 3116 φόϐος,
932 3047 1237 3102 τελευταῖον
1271 3048 1694 3121 ἀπηριθμήσατο
1721 3051 1819 3122 τῆς

229 3135 468 3207 Γραφῆς
489 3139 516 3188 ὁ
538 3135 715 3203 λόγος,
739 3135 814 3198 ὡς
838 3135 1030 3204 σοφίας
1059 3137 1256 3207 ἀρχὴν,
1280 3137 1373 3206 ἀφ’
1396 3129 1456 3190 οὗ
1488 3138 1814 3208 κινούμενοι,

1923 651 2236 722 contingit;
2301 654 2532 723 spiritus
2594 659 2913 727 sapientia},
2979 661 3374 730 spiritaliorum
3431 660 3490 718 iu

1921 745 2194 800 mandatis
2211 747 2482 801 rationum
2529 751 2584 802 in
2629 750 2926 806 Auctorem
2947 763 3002 806 et
3027 769 3245 808 causam
3279 769 3484 808 assum--

1922 837 2039 907 ptio
2071 838 2334 908 unioque,
2362 856 2492 908 qua,
2517 841 2702 910 ignota
2735 843 2966 908 ratione,
2993 859 3113 913 quae
3135 846 3188 898 in
3215 846 3326 900 Deo
3361 859 3492 900 sunt

1923 945 2106 983 rerum
2131 931 2370 985 rationes
2397 931 2720 1000 simpliciter
2755 932 2955 1004 (quoad
2979 935 3294 990 hominibus
3338 935 3487 1004 licet)

1922 1018 2146 1084 edocti,
2207 1021 2360 1075 velut
2414 1036 2480 1076 ex
2521 1023 2706 1077 cordis
2759 1024 2994 1092 quadam
3051 1027 3382 1096 scaturigine
3427 1041 3490 1080 ac

1920 1109 2072 1166 fonte
2096 1153 2109 1177 ,
2147 1113 2506 1168 exsistentem
2555 1114 2612 1168 in
2653 1115 2928 1170 universis
2961 1116 3246 1170 veritatem
3269 1159 3283 1182 ,
3341 1118 3489 1172 varie

1922 1200 2048 1256 aliis
2065 1201 2386 1258 hominibus
2420 1205 2813 1274 expromimus.

1991 1315 2077 1368 40.
2109 1315 2191 1370 Ab
2213 1315 2279 1370 iis
2308 1331 2428 1385 quae
2453 1332 2482 1371 a
2512 1317 2623 1371 Deo
2647 1327 2920 1388 postrema
2949 1329 3095 1383 sunt,
3121 1319 3280 1374 nobis
3307 1329 3490 1373 autem

1923 1406 2172 1474 proxima
2213 1407 2474 1475 velutque
2515 1408 2799 1472 hmrentia,
2828 1409 2894 1463 ad
2929 1409 3126 1478 prima,
3148 1419 3308 1479 atque
3340 1426 3368 1462 a
3391 1425 3490 1462 no-

1923 1503 2008 1558 bis
2032 1502 2255 1573 quidem
2281 1510 2516 1567 remota,
2568 1503 2682 1558 Deo
2720 1513 2902 1558 autem
2933 1505 3204 1574 proxima,
3252 1505 3334 1558 via
3360 1520 3494 1573 qua-

1923 1594 2047 1648 dam
2098 1593 2404 1662 ordineque
2449 1594 2820 1648 ascendimus.
2871 1593 2955 1648 Ab
2997 1611 3063 1648 eo
3093 1595 3238 1648 enim
3281 1594 3426 1663 quod
3463 1609 3494 1648 a

1923 1683 2082 1738 malis
2115 1699 2216 1753 per
2237 1683 2488 1737 timorem
2514 1684 2905 1746 abstineamus,
2937 1683 3004 1738 ad
3027 1684 3294 1738 virtutum
3325 1699 3492 1753 opera

1922 1788 2018 1842 per
2043 1772 2418 1827 fortitudinem
2441 1774 2745 1842 prmstanda
2769 1775 3051 1840 venimus;
3088 1789 3118 1828 a
3145 1774 3492 1844 praestatione

1855 1903 1893 1956 Β
1924 1863 2087 1935 568
2124 1873 2306 1920 autem
2335 1865 2628 1930 virtutum,
2672 1864 2739 1918 ad
2765 1865 2980 1919 consilii
3015 1865 3434 1930 discretionem;
3463 1882 3494 1918 a

1923 1956 2257 2010 discretione
2281 1963 2488 2021 autem,
2522 1955 2590 2009 ad
2625 1956 2892 2009 virtutum
2919 1955 3189 2020 habitum,
3224 1957 3337 2009 sive
3365 1971 3496 2024 pru-

1923 2046 2195 2111 dentiam;
2241 2061 2271 2100 a
2303 2045 2571 2100 virtutum
2623 2055 2808 2099 autem
2853 2045 3068 2108 habitu,
3111 2044 3178 2098 ad
3217 2043 3493 2097 rationum

1923 2135 1978 2188 in
2016 2136 2315 2190 virtutibus
2347 2135 2481 2206 ipsis
2513 2136 2829 2201 scientiam;
2865 2137 2932 2190 ab
2963 2136 3187 2206 illaque,
3231 2134 3298 2188 ad
3332 2135 3494 2188 habi-

1921 2233 2186 2295 tumque
2240 2226 2308 2280 ad
2353 2227 2662 2296 exploratas
2709 2226 2869 2280 nobis
2919 2227 3188 2280 virtutum
3245 2225 3492 2279 rationes

1923 2315 2296 2370 convertimur
2329 2317 2384 2370 in
2403 2331 2603 2386 easque
2631 2325 3082 2377 transmutamur,
3109 2329 3308 2382 nempe
3329 2313 3494 2368 intel-

1921 2406 2236 2476 ligentiam;
2278 2413 2440 2473 atque
2473 2407 2539 2458 ab
2567 2405 2693 2468 hoc,
2730 2403 2794 2458 ad
2825 2404 3130 2472 simplicem
3168 2403 3417 2457 veritatis
3439 2403 3493 2456 in

1922 2495 2200 2550 universis
2253 2503 2564 2550 accuratam
2634 2495 3206 2563 contemplationem:
3262 2483 3330 2548 ex
3385 2511 3490 2563 qua

1921 2586 2153 2656 profecti
2187 2586 2409 2654 orsique
2434 2625 2447 2650 ,
2485 2586 2672 2655 plures
2695 2594 2858 2654 atque
2908 2585 3176 2648 diversas,
3213 2599 3280 2638 ex
3307 2600 3491 2638 rerum

1923 2685 2036 2730 tum
2064 2693 2185 2745 quae
2209 2676 2266 2729 in
2299 2691 2518 2730 Sensum
2547 2675 2770 2746 cadunt,
2799 2684 2916 2730 tum
2939 2691 3059 2746 quae
3085 2682 3266 2730 mente
3293 2676 3492 2729 intelli-

1921 2775 2144 2846 guntur,
2189 2767 2382 2836 pietati
2412 2767 2686 2822 hzcrentes
2711 2767 2778 2821 de
2803 2767 3033 2822 veritate
3079 2767 3373 2822 reddemus
3403 2781 3490 2820 ra-

1921 2859 2120 2913 tiones.

1990 2973 2078 3030 41.
2113 2973 2356 3026 Primum
2379 2972 2558 3042 quoad
2596 2985 2696 3026 nos
2729 2972 2784 3026 in
2819 2979 2942 3025 actu
2978 2971 3206 3034 bonum,
3239 2969 3488 3022 timorem

1922 3062 2150 3128 scilicet,
2183 3071 2520 3130 postremum
2559 3059 2838 3115 recensuit
2879 3058 3194 3128 Scriptura,
3230 3067 3488 3126 tanquam

1920 3150 2204 3220 sapientiae
2227 3149 2600 3220 principium;
2637 3165 2666 3202 a
2701 3164 2810 3218 quo
2834 3148 2999 3202 ducto
3034 3155 3214 3201 motus
3239 3145 3486 3207 exordia,

232 3228 374 3299 πρὸς
417 3227 477 3278 τὸ
508 3225 607 3295 τῆς
643 3226 836 3295 σοφίας
862 3225 1015 3290 τέλος
1039 3226 1136 3296 τὴν
1170 3225 1385 3280 σύνεσιν
1409 3226 1503 3298 (ci,
1534 3227 1813 3282 ἀναϐαίνο-

1921 3243 1986 3297 ad
2011 3243 2290 3313 sapientia:
2312 3242 2476 3296 linem
2504 3241 2580 3312 (id
2611 3248 2716 3302 est,
2757 3238 3200 3310 intelligentiam)
3224 3238 3448 3293 escendi
3473 3269 3487 3279 ‹

235 3336 360 3390 μεν,
411 3315 530 3390 μεθ’
569 3319 635 3390 ἢν
683 3319 968 3388 προσεχεῖς
1021 3317 1171 3389 αὐτῷ
1229 3317 1492 3390 γινόμεθα
1543 3320 1622 3390 τῷ
1675 3319 1812 3391 Θεῷ,

237 3407 413 3476 μόνην
464 3406 564 3475 τὴν
621 3405 811 3474 σοφίαν
863 3407 963 3477 τῆς
1017 3408 1156 3477 πρὸς
1188 3409 1349 3462 αὐτὸν
1379 3409 1625 3473 ἑνώσεως
1657 3427 1815 3481 μεσι-
1865 3407 1868 3410 ’

233 3499 502 3553 τεύουσαν
547 3497 784 3568 ἔχοντες.
817 3498 889 3550 Οὐ
928 3498 1034 3569 γάρ
1058 3499 1173 3550 ἐστι
1202 3499 1428 3553 δυνατὸν
1457 3499 1815 3554 ἐπιλαϐέσθαι

235 3589 455 3658 σοφίας,
495 3588 584 3642 τὸν
612 3589 684 3658 μὴ
720 3589 986 3660 πρότερον
1013 3589 1102 3642 διὰ
1129 3589 1224 3643 τοῦ
1252 3591 1438 3660 φόϐου,
1477 3593 1573 3645 καὶ
1599 3591 1706 3644 τῶν
1728 3591 1816 3645 διά

237 3681 410 3750 μέσου
439 3678 643 3731 λοιπῶν
670 3678 1042 3749 χαρισμάτων,
1078 3679 1177 3749 τὴν
1215 3697 1274 3732 τε
1307 3681 1604 3750 λήμηνζτῆς
1635 3681 1816 3750 ἀγνοί-

233 3787 324 3834 ας,
365 3769 465 3824 καὶ
499 3769 590 3823 τὸν
651 3769 750 3840 τῆς
796 3769 998 3831 κακίας
1049 3770 1347 3842 κονιορτὸν,
1387 3770 1580 3824 ἑαυτοῦ
1615 3787 1817 3824 παντε-

233 3858 344 3922 λῶς
368 3859 830 3929 ἀποσεισάμενον.
879 3859 976 3912 Διά
1015 3857 1176 3913 τοῦτο
1228 3859 1346 3930 Θεῷ
1405 3860 1524 3930 μὲν,
1571 3861 1814 3933 προσεχῆ

232 3951 333 4020 τὴν
376 3951 568 4020 σοφίαν
601 3989 616 4015 ,
653 3951 786 4021 ἡμῖν
823 3949 901 4017 δὲ,
936 3949 1028 4003 τὸν
1061 3949 1225 4020 φόϐον
1282 3951 1316 4022 ἡ
1375 3949 1618 4022 γραφικὴ
1664 3953 1816 4018 τάξις

235 4041 512 4114 διέθηκεν,
561 4042 647 4095 ἵνα
711 4043 874 4112 ἡμεῖς
921 4042 1172 4112 εὐταξίας
1233 4043 1493 4114 μάθωμεν
1546 4045 1670 4115 ὅρον
1723 4046 1817 4100 καὶ

233 4133 295 4188 τό
302 4151 422 4203 μον.

232 4267 238 4274 ·
313 4246 427 4318 μϐ’.
457 4247 555 4300 Διά
582 4247 787 4300 τούτων
813 4243 904 4301 οὖν
951 4247 1334 4310 ἀναϐαίνοντες
1372 4246 1480 4300 τῶν
1523 4246 1815 4317 ὀφθαλμῶν

233 4338 338 4406 τῆς
395 4338 650 4402 πίστεως,
707 4339 871 4409 ῆγουν
901 4340 1216 4408 φωτισμῶν,
1253 4339 1389 4409 πρὸς
1413 4338 1510 4408 τὴν
1538 4339 1685 4394 θείαν
1715 4340 1814 4408 τῆς

241 4429 438 4497 σοφίας
484 4417 830 4498 σύναγόμεθα
875 4431 1078 4501 μονάδα
1106 4447 1120 4461 ⁸
1173 4432 1272 4502 τὴν
1325 4433 1700 4502 γεγενημένην
1745 4431 1812 4484 δι’

237 4521 389 4590 ἡμᾶς
443 4520 547 4572 τῶν
599 4523 954 4592 χαρισμάτων
1003 4522 1287 4590 διαίρεσιν,
1323 4524 1460 4594 πρὸς
1501 4522 1598 4593 τὴν
1629 4522 1810 4575 αἰτίαν

240 4612 346 4666 τῶν
397 4613 753 4682 χαρισμάτων
790 4614 1136 4680 συνάγοντες,
1175 4617 1292 4678 ταῖς
1332 4613 1472 4667 κατά
1505 4614 1668 4684 μέρος
1697 4613 1803 4666 τῶν

240 4703 450 4770 ἀρετῶν
477 4703 796 4768 ἀναϐάσεσι,
847 4707 1014 4776 μηδὲν
1043 4706 1152 4759 τῶν
1199 4705 1504 4777 εἰρημένων
1545 4705 1805 4776 συνεργίᾳ

240 4793 377 4847 Θ;οὖ
404 4795 934 4867 παραλιμπάνοντες,
963 4799 1048 4850 ἵνα
1075 4798 1148 4868 μὴ
1176 4800 1294 4851 κατ’
1331 4797 1508 4864 ὀλίγον
1547 4795 1810 4866 ἀμελοῦν-

239 4903 350 4951 τες,
372 4889 575 4960 τυφλὴν
617 4893 648 4960 ἡ
659 4889 776 4960 μῶν
818 4890 914 4962 τὴν
967 4891 1146 4943 πίστιν
1177 4889 1270 4946 καὶ
1299 4891 1612 4958 ἀνόμματον
1635 4904 1808 4942 κατα-

242 4979 546 5050 στήσωμεν,
605 4981 704 5034 οὐκ
759 4981 984 5050 ἔχουσαν
1015 4982 1133 5044 τοὺς
1195 4981 1282 5034 διὰ
1326 4980 1436 5036 τῶν
1481 4979 1655 5050 ἔργων
1707 4977 1802 5031 τοῦ

240 5069 554 5141 Πνεύματος
591 5074 921 5144 φωτισμοὺς,
970 5075 1064 5128 καὶ
1102 5072 1454 5143 κολασθῶμεν
1477 5071 1699 5136 δικαίως
1723 5071 1803 5135 είς

289 5245 384 5326 ,(6)
414 5251 686 5326 *Πρός-τό
731 5252 840 5326 τῆς
890 5253 1108 5326 σοφίας
1136 5253 1308 5326 τέλος
1357 5251 1471 5319 τὴν
1522 5254 1800 5326 σύνεσιν.

242 5316 556 5391 Singularis
595 5322 686 5376 hic
733 5316 1317 5385 videtur'vocisrélok
1369 5316 1637 5391 acceptio.
1683 5321 1804 5376 Non

244 5388 775 5461 enimgintelligentia
810 5399 864 5444 et
915 5391 1130 5461 σύνεσις
1180 5392 1403 5461 proprie
1434 5388 1559 5445 ﬁnis
1599 5399 1684 5445 est
1713 5405 1803 5444 sa—

244 5457 481 5578 pientiae,
509 5457 632 5512 cum
667 5462 782 5514 haec
805 5459 1104 5529 perfectior
1133 5457 1204 5516 sit.
1233 5457 1590 5578 omniumque
1644 5461 1803 5514 abso-

267 5537 396 5578 tttto.
419 5543 524 5578 uua
548 5529 648 5578 insi
668 5529 980 5578 immediate
1008 5531 1230 5578 nnimur
1259 5532 1391 5578 Dim:
1419 5547 1478 5578 se.
1547 5531 1799 5578 ultimum

267 5527 396 5590 ntio,
419 5543 524 5596 qua
548 5529 649 5598 ipsi
668 5527 980 5584 immediate
1008 5531 1230 5584 unimur
1259 5532 1392 5596 Deo;
1419 5527 1516 5586 sed
1547 5531 1799 5584 ultimum

247 5607 330 5649 est
355 5603 412 5669 et
445 5599 598 5669 quasi
629 5599 807 5665 limes,
835 5600 980 5667 ὅρος,
1007 5615 1116 5669 quo
1143 5609 1424 5668 postremo
1474 5600 1799 5669 sapientiam

247 5667 628 5738 nanciscimur,
657 5685 760 5723 nec
785 5669 930 5722 aliud
960 5667 1225 5723 Maximus
1265 5671 1368 5723 hac
1394 5667 1653 5738 loquendi
1687 5669 1800 5722 for-

251 5749 346 5809 ma
365 5737 638 5809 voluerit;
667 5739 894 5809 ultimus
925 5739 1136 5793 scilicet
1167 5740 1232 5792 ad
1271 5754 1388 5793 eam
1421 5737 1642 5809 gradus.
1695 5739 1796 5804 Qui

189 5807 194 5810 ’
253 5803 374 5856 velit
396 5805 543 5869 τέλος
577 5807 686 5874 hic,
708 5807 986 5874 eli‘ectum,
1010 5811 1152 5874 esito,
1189 5823 1352 5880 quam
1383 5803 1502 5882 ejus
1541 5809 1694 5864 vocis
1721 5803 1798 5862 Si-

1917 3349 2038 3388 mus
2066 3351 2079 3387 :
2107 3349 2268 3403 quem
2293 3334 2462 3398 nacti,
2493 3333 2607 3387 Deo
2632 3332 2881 3402 proxime
2907 3331 3249 3386 cohaerentes
3271 3367 3287 3393 ,
3317 3329 3490 3384 solam

1916 3424 2136 3478 unionis
2172 3439 2295 3479 cum
2337 3424 2456 3494 ipso
2491 3423 2734 3478 medium
2764 3423 3048 3476 vinculum
3101 3420 3366 3474 habemus
3406 3436 3490 3474 sa-

1915 3511 2196 3580 pientiam.
2258 3512 2376 3567 Non
2430 3512 2576 3566 enim
2629 3525 2860 3580 usquam
2913 3509 3112 3579 aliquis
3163 3508 3488 3578 sapientiam

1915 3595 2312 3672 apprehendat,
2351 3603 2483 3672 quin
2513 3602 2668 3672 prius
2697 3619 2794 3672 per
2823 3601 3074 3656 timorem
3105 3599 3357 3668 donaque
3395 3614 3487 3654 re-

1915 3694 2062 3762 liqua
2093 3695 2398 3764 interjeeta,
2429 3710 2460 3749 a
2494 3709 2552 3747 se
2595 3694 2712 3763 ipse
2745 3703 2860 3746 tum
2905 3691 3223 3763 ignorantia:
3266 3691 3496 3754 lemam,

1917 3791 2030 3836 tum
2065 3784 2287 3838 malitiae
2325 3785 2606 3852 pulverem
2639 3784 2863 3852 penitus
2887 3783 3210 3837 excusserit.
3250 3781 3490 3844 Idcirco,

1914 3869 2024 3922 Deo
2049 3869 2272 3938 quidem
2295 3870 2544 3940 proxime
2572 3869 2914 3938 sapientiam,
2933 3869 3097 3924 nobis
3117 3877 3302 3924 autem
3331 3869 3496 3922 timou-

1915 3973 2052 4024 rem,
2102 3957 2398 4027 Scriptum
2432 3945 2568 4012 ordo
2606 3957 2836 4028 digessit
2867 3965 2928 4012 ut
2968 3967 3026 4013 et
3057 3973 3160 4014 nos
3194 3957 3492 4028 compositi

1915 4046 2125 4102 ordinis
2155 4047 2424 4102 rationem
2455 4045 2742 4117 legemque
2767 4046 3102 4102 noverimus.

1985 4249 2074 4329 με.
2105 4250 2209 4302 Per
2235 4249 2336 4302 hos
2377 4247 2542 4318 igitur
2565 4247 2688 4302 ﬁdei
2727 4247 2938 4310 oculos,
2979 4247 3085 4300 hoc
3109 4256 3210 4310 est,
3244 4247 3496 4302 illustra-t

1915 4339 2111 4402 tiones,
2145 4338 2202 4391 in
2254 4336 2502 4390 divinam
2539 4335 2834 4405 Sapientia
2886 4337 3134 4406 cogimur
3185 4338 3494 4403 unitatem;

1914 4443 2034 4482 eam
2081 4427 2311 4491 scilicet,
2352 4441 2472 4496 quae
2520 4434 2748 4496 propter
2797 4442 2898 4482 nos
2941 4428 3184 4496 exstitit,
3215 4430 3494 4486 donorum

1914 4521 2264 4584 divisionem,
2289 4519 2343 4572 in
2362 4519 2632 4573 donorum
2659 4520 2836 4588 ipsum
2852 4521 3150 4577 Auctorem
3177 4536 3240 4576 ac
3264 4535 3492 4578 causam

1911 4614 2246 4683 colligentes,
2271 4611 2698 4682 particularibus
2717 4613 2982 4668 virtutum
3006 4614 3496 4684 progressionibus

1909 4720 2100 4760 eorum
2124 4719 2240 4774 qua:
2261 4704 2404 4760 dicta
2425 4711 2572 4768 sunt,
2591 4703 2702 4756 Deo
2721 4705 2961 4774 auspice,
2983 4705 3121 4760 nihil
3137 4709 3451 4761 omittentes
3468 4723 3492 4772 ς

1912 4813 2002 4862 ne,
2027 4797 2154 4852 dum
2183 4797 2442 4866 paulatim
2467 4795 2812 4865 negligimus,
2837 4811 3031 4851 caecam
3055 4809 3294 4853 nostram
3322 4797 3488 4852 ﬁdem

1915 4897 2078 4958 atque
2119 4889 2294 4943 oculis
2346 4887 2595 4941 orbatam
2641 4893 2946 4944 statuamus
2973 4927 2988 4953 ,
3037 4905 3202 4960 quam
3235 4889 3486 4944 absentia

1907 4995 2158 5049 Operum,
2197 4978 2436 5048 Spiritus
2465 4976 2880 5032 .illustrationes
2918 4978 3202 5046 deﬁciant;
3247 4979 3473 5033 merito-

1909 5087 2014 5142 que
2055 5071 2112 5124 in
2143 5070 2354 5124 inﬁnita
2387 5071 2582 5126 saecula
2613 5073 2926 5140 puniamur,
2961 5079 3022 5124 ut
3052 5071 3146 5140 qui
3191 5071 3245 5126 in
3292 5069 3474 5137 nobis,

1913 5249 2318 5319 gniﬁcationem
2373 5249 2518 5319 inter
2539 5249 2747 5318 primas
2779 5249 2926 5304 illius
2959 5249 3115 5318 ponit
3159 5247 3476 5319 leesaurus,

1911 5317 2014 5372 nec
2043 5319 2136 5372 isa
2170 5335 2302 5373 vero
2335 5317 2556 5373 abierit;
2599 5319 2690 5373 Sic
2712 5319 2880 5384 enim,
2916 5317 2974 5374 cf
3016 5319 3104 5381 44,
3154 5318 3477 5387 sapientiam

1909 5388 2143 5442 monada
2207 5403 2302 5442 seu
2337 5389 2604 5442 unitatem
2660 5390 2886 5457 exponit
2935 5388 3219 5450 Maximus,
3269 5403 3334 5442 ex
3355 5403 3478 5457 qua

1907 5458 2143 5528 virtutes
2175 5457 2399 5528 reliquae
2437 5456 2812 5528 intelligantur
2835 5457 3154 5528 procedere,
3189 5457 3244 5509 in
3274 5456 3478 5528 quibus

1909 5527 2121 5596 origine
2159 5525 2336 5596 prima
2367 5529 2398 5596 ή
2435 5525 2670 5588 σύνεσις,
2711 5525 2963 5596 ἰρειιίίιιιο
2989 5525 3057 5580 ad
3115 5541 3214 5580 nos
3261 5527 3472 5596 ultima,

1910 5595 2016 5664 qua
2049 5595 2434 5666 incipientes’a
2460 5597 2654 5666 timore
2685 5595 2911 5665 gradum
2937 5597 3000 5649 ad
3043 5595 3365 5666 sapientiam
3392 5596 3474 5648 fa-

1908 5667 2103 5722 cimus.
2143 5664 2262 5734 quae
2295 5675 2378 5719 est
2439 5666 2529 5718 illa
2557 5664 2824 5718 virtutum
2871 5667 2936 5719 ad
2993 5664 3163 5734 ipsum
3197 5665 3474 5716 ἀποκατάα

1911 5751 2116 5807 στασις,
2151 5751 2247 5790 seu
2275 5735 2584 5789 revocatio:
2611 5735 2756 5807 quod
2798 5745 3090 5807 utrumque
3123 5735 3474 5796 Maximusmt

1907 5805 2320 5871 subtilissimus,
2357 5807 2413 5862 iu
2437 5811 2619 5860 tuente
2652 5805 2927 5860 habuerit.
