3930 6324
423 427 560 496 1279

1586 432 1646 491 S.
1688 427 1975 493 MAXIMI
2012 416 2519 486 CONFESSORIS

3549 418 3700 485 1280

417 548 570 620 quod
608 547 665 606 in
699 546 861 601 nobis
891 556 996 612 est,
1022 544 1242 605 divinos
1269 548 1398 604 ﬁdei
1425 546 1615 606 oculos
1640 545 1988 604 excaacaveri-

2103 538 2367 609 ἀπείρους
2409 535 2630 601 αίῶνας,
2676 535 2753 598 ὼς
2799 533 2857 586 ἐν
2905 533 3117 600 ἑαυτοῖς
3162 535 3305 590 κατᾶ
3340 535 3447 606 τὴν
3480 536 3695 591 πίστιν*

417 655 562 696 mus.

488 814 579 870 45.
607 814 871 883 Quisquis
900 814 957 868 in
987 828 1046 869 se
1075 828 1174 884 per
1202 813 1469 869 desidiam
1501 827 1611 866 non
1643 810 1998 880 exsequendo

419 905 698 971 mandata,
730 904 1000 976 ejusmodi
1025 906 1214 959 oculos
1242 903 1453 967 eﬁ‘odit,
1477 918 1707 973 prorsus
1730 902 1998 972 reprobus

419 1005 526 1063 est,
571 997 665 1067 qui
711 997 885 1052 Deum
915 996 971 1050 in
1007 996 1184 1065 ipsum
1228 993 1584 1063 aspicientem
1624 992 1861 1063 amplius
1886 1006 1995 1045 non

420 1088 639 1143 habeat.
672 1087 955 1158 Siquidem
990 1086 1138 1141 enim
1163 1085 1337 1140 divini
1368 1083 1608 1154 Spiritus
1641 1082 1996 1152 Operationes

420 1178 742 1248 afllatusque
799 1177 1085 1246 Scriptura
1129 1175 1320 1230 oculos
1363 1172 1580 1229 Domini
1626 1179 1909 1241 nuncupat
1925 1170 1993 1236 ⁸⁷,

419 1264 516 1334 qui
553 1264 829 1334 implendo
858 1262 1113 1317 mandata
1143 1262 1246 1316 hos
1278 1276 1389 1315 non
1413 1261 1610 1330 aperit,
1639 1259 1814 1313 Deum
1849 1260 1906 1313 in
1936 1274 1995 1314 se

420 1356 776 1425 aspicientem
811 1370 922 1408 non
956 1354 1140 1409 habet.
1174 1352 1325 1406 Haud
1367 1352 1513 1406 enim
1531 1351 1647 1416 alii,
1673 1359 1735 1405 ut
1764 1365 1863 1420 par
1887 1359 1993 1416 est,

419 1447 571 1501 oculi
595 1455 744 1509 sunt,
780 1446 985 1515 quibus
1037 1446 1180 1499 Deus
1212 1442 1376 1515 569
1409 1442 1714 1512 terrigenas
1749 1442 1995 1511 aspicere

418 1534 603 1601 novit;
630 1535 832 1605 quippe
877 1549 1000 1588 cum
1036 1540 1224 1588 nostra
1263 1532 1484 1607 virtutis
1513 1531 1636 1586 luce
1674 1530 1991 1597 illustratio,

419 1624 590 1679 divini
619 1634 879 1693 aspectus
907 1623 1099 1678 radius
1128 1622 1221 1677 sit.
1872 1676 1875 1679 η

490 1717 577 1771 Μ.
610 1716 911 1785 Sapientia,
940 1716 1124 1770 unitas
1149 1723 1252 1780 est,
1281 1730 1402 1784 qua:
1433 1714 1489 1770 in
1519 1712 1753 1769 diversis
1789 1725 1855 1767 ex
1877 1710 1993 1780 ipsa

416 1806 717 1861 virtutibus
771 1806 1056 1861 indivisim
1108 1806 1523 1870 consideretur,
1579 1804 1745 1873 inque
1798 1817 1991 1858 eorum

2097 634 2222 687 ὅσον
2241 631 2302 685 τὸ
2336 632 2422 701 ἐφ’
2451 631 2603 701 ἡμῖν,
2632 628 2759 692 τοὺς
2781 628 2960 692 θείους
2983 627 3435 699 ἐκτυφλὼσαντες
3486 631 3694 700 ὀφθαλ-

2102 736 2256 791 μους.

2171 817 2282 881 μγ’.
2325 810 2443 873 Πᾶς
2479 811 2507 864 6
2549 809 2652 880 τῆς
2684 808 2923 873 πίστεως
2955 809 3012 861 ἐν
3039 806 3218 880 ἐαυτῷ
3246 807 3339 862 διὰ
3357 808 3464 879 τῆς
3486 809 3692 881 ἀργίας

2095 902 2206 956 τῶν
2258 901 2488 957 ἐντολῶν
2544 901 2673 965 τοὺς
2719 901 2998 965 τοιούτους
3035 898 3304 970 ἀνορύξας
3339 899 3689 969 ὀφθαλμοὺς,

2097 990 2315 1054 πάντως
2341 990 2691 1061 κατάκριτος,
2721 988 2919 1060 μηκέτι
2944 988 3039 1043 τόν
3072 988 3203 1041 Θεὸν
3232 988 3372 1059 ἔχων
3401 989 3487 1052 εἰς
3522 990 3690 1043 αὐτὸν

2097 1080 2476 1135 ἐπιϐλέποντα.
2531 1081 2596 1134 Et
2639 1080 2750 1151 γὰρ
2772 1079 2869 1144 τὰς
2897 1079 3179 1151 ἐνεργείας
3202 1077 3298 1133 τοῦ
3328 1079 3692 1151 Πνεύματος,

2097 1172 2283 1244 φησὶν,
2330 1171 2644 1243 ὀφθαλμοὺς
2679 1172 2888 1243 Κυρίου
2936 1170 3337 1243 προσαγορεύει
3385 1173 3415 1224 6
3444 1171 3635 1240 λόγκ,
3659 1172 3690 1224 6

2099 1266 2175 1336 μὴ
2212 1264 2435 1329 τούτους
2485 1266 2553 1334 τῇ
2583 1262 2780 1334 πράξει
2809 1261 2919 1315 τῶν
2949 1262 3180 1315 ἐντολῶν
3213 1261 3526 1330 διανοίγων,
3561 1263 3687 1314 ἐπι-

2095 1355 2363 1409 ϐλέποντα
2383 1354 2475 1407 τὸν
2503 1353 2635 1407 Θεὸν
2665 1352 2753 1407 ἐπ’
2772 1352 2937 1407 αὐτὸν
2958 1352 3059 1405 οὐκ
3082 1351 3216 1421 ἔχει.
3246 1352 3326 1405 Δι’
3347 1351 3532 1406 ἄλλων
3547 1353 3685 1424 γὰρ,

2094 1447 2170 1511 ὡς
2194 1447 2362 1513 εἰκὸς,
2393 1443 2687 1515 ὀφθαλμῶν
2716 1444 3036 1496 ἐπισκοπεῖν
3079 1442 3208 1507 τοὺς
3232 1443 3329 1495 ἐπὶ
3357 1446 3462 1515 γῆς
3489 1444 3556 1497 οὗ
3588 1445 3687 1496 πε-

2096 1554 2269 1608 φυκεν
2315 1539 2344 1590 6
2391 1536 2548 1601 Θεὸς,
2596 1533 2757 1604 είπερ
2791 1533 2943 1597 θείας
2977 1533 3222 1604 ὁράσεως
3251 1534 3412 1598 ἀκτίς
3447 1536 3629 1599 ἐστιν,
3654 1536 3687 1587 6

2094 1625 2216 1680 κατ’
2245 1624 2446 1697 ἀρετὴν
2474 1625 2507 1694 ἡ
2518 1622 2636 1691 μῶν
2663 1622 2967 1692 φωτισμόςέ

2163 1715 2266 1786 μδθο
2309 1715 2373 1769 Ἦ
2404 1712 2566 1783 σοφία
2594 1712 2762 1784 μονάς
2819 1712 2958 1776 ἐστι,
2997 1712 3119 1776 ταῖς
3154 1711 3217 1777 ἐξ
3268 1712 3441 1783 αὐτῆς
3486 1712 3685 1784 διαφό-

2095 1819 2209 1874 ροις
2255 1804 2478 1874 ἀρεταῖς
2532 1801 2793 1871 ἀτμήτως
2841 1798 3257 1871 ἐνθεωρουμένη
3289 1816 3305 1833 ο
3362 1802 3459 1854 καὶ
3516 1819 3686 1872 μονο-

418 1896 837 1964 operationibus
886 1894 1237 1948 uniformiter
1286 1893 1748 1969 intelligatur;ac
1797 1905 1988 1945 rursus

2100 1895 2248 1957 ειδῶς
2267 1897 2385 1959 ταῖς
2414 1893 2594 1948 αὐτῶν
2629 1891 2932 1962 ἐνεργείαις
2961 1892 3344 1962 ἐπινοουμένη·
3382 1892 3480 1945 καὶ
3513 1893 3685 1946 πάλιν

417 1985 650 2054 simplex
694 1986 875 2039 unitas
902 1985 1203 2040 virtutibus
1230 2000 1351 2054 quae
1370 1999 1436 2038 ex
1462 1984 1578 2053 ipsa
1602 1993 1750 2048 sunt,
1778 1983 1844 2037 ad
1870 1998 1991 2037 eam

418 2087 515 2127 seu
553 2073 820 2142 originem
857 2072 1254 2136 remeantibus,
1310 2072 1661 2137 ostenditur;
1722 2087 1847 2126 cum
1890 2087 1993 2126 nos

417 2162 647 2227 scilicet,
671 2177 906 2231 quorum
932 2177 1116 2226 causa,
1147 2161 1488 2231 singularum
1521 2158 1792 2217 virtutum
1827 2176 1994 2232 gene-

417 2253 633 2308 ratione
689 2253 1078 2331 progreditur,
1127 2253 1372 2322 ipsarum
1427 2253 1765 2323 singularum
1814 2253 1989 2319 cultu,

416 2345 727 2401 sublimiori
751 2360 980 2401 ascensu
1020 2345 1076 2399 in
1100 2346 1273 2415 ipsam
1302 2343 1633 2413 colligimur.

488 2439 579 2493 45.
614 2437 745 2492 Fide
780 2452 922 2492 caeca
957 2436 1222 2507 praeditus
1246 2443 1361 2499 est,
1387 2434 1481 2504 qui
1504 2449 1616 2488 non
1644 2441 1866 2504 praestat
1904 2434 1990 2488 di-

417 2530 545 2591 vina
576 2529 703 2583 ﬁdei
746 2538 1039 2599 praecepta.
1069 2526 1207 2581 Cum
1251 2526 1399 2581 enim
1431 2525 1527 2579 Dei
1569 2533 1840 2595 pracepta
1881 2524 1993 2579 sint

416 2614 540 2679 lux;
568 2614 744 2683 palam
791 2621 875 2667 est
917 2625 1106 2665 carere
1136 2609 1322 2664 divina
1364 2609 1508 2672 luce,
1538 2608 1630 2677 qui
1662 2624 1770 2662 non
1797 2623 1992 2679 opera-

417 2715 508 2759 tur
531 2704 715 2759 divina
767 2700 1494 2773 praecepta“‘;nudamque,
1545 2715 1657 2753 non
1706 2715 1829 2769 qua).
1862 2714 1991 2754 vere

416 2796 509 2862 sit,
539 2794 896 2851 circumferre
923 2793 1167 2848 divinam
1189 2790 1641 2861 appellationem.

485 2964 576 3021 46.
598 2964 772 3019 Nemo
798 2962 892 3033 qui
922 2971 1133 3033 peccet,
1156 2963 1339 3018 carnis
1379 2960 1778 3025 inﬁrmitatem,
1819 2975 1989 3016 excu-

415 3055 587 3112 sando
604 3067 911 3127 peccatum,
924 3063 1223 3124 praetexere
1239 3061 1437 3125 potest.
1457 3052 1611 3119 Quod
1632 3053 1780 3107 enim
1797 3060 1992 3107 natura

413 3146 529 3202 Deo
552 3147 733 3201 Verbo
762 3148 915 3201 unita
943 3154 1047 3211 est,
1087 3145 1267 3201 soluta
1303 3144 1712 3208 maledictione,
1741 3152 1853 3199 tota
1879 3145 1964 3198 vir

413 3246 534 3292 tute
589 3246 752 3307 atque
809 3237 1011 3291 robore
1062 3237 1368 3290 instaurata
1411 3242 1539 3299 est,
1606 3243 1668 3289 ut
1691 3235 1989 3291 excusandi
2019 3219 2062 3281 Ο

414 3330 765 3401 proclivioris
785 3332 841 3384 in
862 3330 994 3384 vitia
1015 3345 1078 3385 ac
1110 3329 1373 3384 libidines
1394 3328 1648 3395 affectus,
1681 3331 1864 3387 omnis
1886 3347 1990 3386 no-

415 3420 503 3477 bis
523 3431 820 3492 prmtextus
849 3422 1099 3478 sublatus
1134 3421 1226 3476 sit.
1259 3421 1425 3476 Verbi
1465 3423 1611 3476 enim
1650 3423 1846 3489 deitas,
1874 3423 1992 3493 ipsa

417 3531 635 3585 semper
662 3516 916 3570 ﬁdelibus
946 3530 1151 3582 comes,
1192 3514 1551 3569 exsistentem
1579 3513 1637 3569 in
1671 3529 1836 3569 carne
1862 3531 1991 3570 ncc-

417 3604 525 3658 cati
546 3605 719 3672 legem
753 3604 1071 3673 exstinguit.

489 3694 578 3747 47.
609 3693 709 3759 Qui
749 3693 855 3748 ﬁde
882 3695 938 3747 in
965 3694 1139 3749 Deum
1173 3703 1229 3750 ct
1270 3695 1558 3761 cbaritate,
1597 3696 1992 3754 innaturalium

418 3783 714 3837 affectuum
751 3784 1111 3841 abhorrentes
1142 3801 1173 3839 a
1215 3785 1425 3840 ratione
1463 3788 1826 3857 cupiditates,
1872 3792 1991 3847 sive

419 3886 623 3942 motus,
656 3877 880 3943 devicit,
901 3877 1017 3948 ipsa
1050 3894 1266 3948 quoque
1300 3880 1534 3935 naturali
1575 3881 1692 3953 lege
1718 3884 1987 3949 excessit;

418 3975 677 4038 totusque
708 3969 776 4024 ad
826 3970 1258 4041 intclligibilium
1314 3973 1595 4042 regionem
1652 3975 1849 4029 transit
1885 3991 1991 4032 :ac

419 4058 569 4128 quod
608 4068 804 4114 natura
855 4060 1014 4115 aﬁine
1046 4060 1406 4131 ejusdemque
1441 4062 1659 4131 generis
1696 4073 1818 4127 est,
1862 4080 1988 4119 cum

420 4148 510 4203 his
540 4164 662 4218 quae
688 4149 765 4204 illi
808 4161 1161 4206 accesserunt
1244 4167 1352 4206 una
1391 4167 1580 4206 secum
1619 4153 1688 4207 ab
1730 4163 1989 4212 extranea

419 4241 690 4297 servitute
717 4242 924 4298 educit.

491 4331 579 4385 48.
608 4331 880 4398 Scientia,
919 4331 1025 4386 nisi
1062 4347 1182 4387 eam
1215 4333 1451 4387 actionis
1495 4334 1648 4388 cultu
1688 4333 1879 4391 divino
1914 4339 1986 4393 ti-

421 4438 575 4478 more
614 4438 894 4489 coerceas,
922 4424 1091 4477 animi
1130 4424 1429 4480 elationem
1470 4426 1636 4493 facit;
1683 4428 1735 4483 ei
1779 4429 1989 4485 scilicet

2092 1985 2236 2056 ἁπλῆ
2266 1985 2433 2056 μονάς
2470 1984 2927 2052 ἀποδεικνυμένη,
2959 1986 3082 2046 ταῖς
3116 1982 3254 2052 πρὸς
3282 1982 3453 2054 αὐτὴν
3482 1984 3598 2037 τῶν
3622 1984 3686 2050 ἐξ

2089 2077 2258 2147 αὐτῆς
2287 2074 2497 2148 ἀρετῶν
2522 2073 3031 2127 ἀποκαταστάσεσιν
3054 2091 3069 2104 ο
3091 2073 3221 2125 ὅταν
3250 2073 3436 2143 ἡμεῖς,
3470 2072 3547 2125 δι’
3585 2071 3683 2136 οὓς

2089 2165 2234 2219 κατὰ
2266 2152 2365 2236 τὴν
2394 2164 2632 2234 ἑκάστης
2662 2164 2862 2234 ἀρετῆς
2899 2163 3115 2231 γένεσιν
3150 2166 3388 2217 ποιεῖται
3408 2165 3514 2234 τὴν
3536 2164 3683 2235 πρό-

2088 2257 2225 2320 οδον,
2261 2255 2600 2318 ἀνατατικῶς
2646 2254 2716 2308 δι’
2775 2254 3015 2326 ἑκάστης
3065 2255 3269 2325 ἀρετῆς
3316 2255 3456 2326 πρὸς
3501 2255 3680 2325 αὐτὴν

2090 2347 2460 2417 συναγόμεθα.

2163 2444 2266 2508 με’.
2297 2438 2520 2508 Τυφλὴν
2544 2436 2656 2508 ἔχει
2675 2437 2777 2508 τὴν
2805 2436 3014 2501 πίστιν,
3038 2436 3068 2489 6
3091 2436 3159 2490 τά
3185 2437 3329 2491 κατά
3354 2436 3457 2508 τὴν
3479 2438 3676 2490 πίστιν

2090 2529 2209 2583 θεῖα
2242 2529 2642 2599 προστάγματα
2683 2529 2758 2601 μὴ
2787 2512 3175 2601 ἐργαζόμενος.
3199 2529 3263 2583 Εἰ
3287 2528 3400 2601 γάρ
3423 2530 3546 2599 φῶς
3565 2533 3677 2585 εἰσι

2086 2619 2157 2672 τὰ
2188 2620 2282 2672 τοῦ
2329 2618 2466 2673 Θεοῦ
2525 2620 2949 2691 προστάγματα,
2998 2619 3158 2689 δῆλον
3202 2620 3285 2673 ὅτι
3333 2620 3461 2690 δίχα
3521 2622 3677 2676 θείου

2088 2709 2264 2777 φωτός
2300 2710 2468 2773 ἐστιν,
2499 2710 2528 2762 6
2572 2708 2648 2780 μὴ
2686 2710 2942 2777 πράττων
2987 2708 3057 2761 τὰ
3089 2707 3209 2762 θεῖα
3242 2709 3674 2780 προστάγματα,

2091 2797 2184 2851 καὶ
2215 2797 2400 2869 ψιλὴν,
2433 2798 2549 2852 ἀλλ’
2580 2799 2680 2851 οὐκ
2713 2797 2889 2870 ἀληθῆ
2937 2797 3038 2869 τὴν
3090 2796 3245 2851 θείαν
3308 2801 3676 2872 περιφέρεται

2091 2892 2304 2963 κλῆσιν.

2164 2978 2282 3052 μς’.
2336 2980 2522 3046 Οὐδεὶς
2578 2979 2909 3052 ἁμαρτάνων
2970 2978 3197 3034 δύναται
3253 2982 3355 3051 τῆς
3396 2979 3677 3051 ἁμαρτιας

2092 3072 2390 3144 συνήγορον
2416 3071 2560 3142 ἔχειν
2591 3073 2691 3142 τῆς
2717 3070 2919 3141 σαρκὸς
2947 3071 3047 3141 τὴν
3070 3069 3378 3126 ἀσθένειαν.
3442 3071 3513 3124 Ἦ
3562 3072 3675 3143 γὰρ

2092 3160 2230 3233 πρὸς
2263 3160 2354 3214 τὸν
2384 3161 2515 3215 Θεὸν
2538 3160 2708 3230 Λόγον
2730 3160 2942 3226 ἐνωσις,
2975 3159 3106 3229 ὅλην
3127 3159 3228 3230 τὴν
3249 3160 3413 3229 φύσιν
3431 3162 3501 3231 τῇ
3521 3158 3675 3213 λύσει

2092 3255 2190 3323 τῆς
2212 3254 2457 3323 κατάρας
2480 3253 2813 3324 ἀνέρρωσεν,
2842 3251 3252 3323 ἀπροφάσιστον
3274 3251 3410 3322 ἡμῖν
3441 3268 3673 3322 ποιησα-

2096 3342 2231 3413 μένη
2281 3343 2381 3413 τὴν
2430 3341 2568 3413 πρὸς
2600 3341 2669 3395 τὰ
2701 3341 2847 3411 πάθη
2875 3343 2975 3411 τῆς
3000 3339 3227 3411 γνώμης
3263 3339 3672 3411 προσπάθειαν,

2103 3432 2168 3486 Ἦ
2196 3432 2305 3504 γὰρ
2334 3431 2427 3486 τοῦ
2457 3432 2632 3501 Λόγου
2669 3431 2890 3502 θεότης,
2933 3431 3077 3485 κατὰ
3100 3432 3261 3502 χάριν
3290 3433 3381 3484 ἀεὶ
3433 3433 3673 3487 συνοῦσα

2091 3527 2205 3587 τοῖς
2234 3526 2316 3588 είς
2350 3524 2514 3578 αὐτὸν
2541 3523 2883 3590 πιστεύουσι,
2922 3523 3017 3577 τὸν
3060 3525 3119 3576 ἐν
3165 3526 3233 3595 τῇ
3290 3526 3462 3596 σαρκὶ
3505 3528 3672 3597 νόμον

2090 3619 2189 3686 τῆς
2218 3616 2491 3688 ἁμαρτίας
2528 3616 2918 3686 ἀπομαραίνει.

2096 3724 2097 3727 ‘
2167 3702 2275 3775 με’.
2320 3704 2378 3757 ’0
2410 3704 2518 3757 τῶν
2543 3706 2694 3775 παρά
2730 3703 2891 3774 φύσιν
2929 3705 3118 3759 παθῶν
3156 3704 3247 3759 διὰ
3276 3708 3377 3777 τῆς
3408 3708 3492 3769 είς
3534 3706 3671 3760 Θεὸν

2092 3795 2331 3859 πίστεως
2359 3795 2454 3848 καὶ
2487 3794 2711 3866 ἀγάπης
2740 3796 2967 3866 νικήσας
2996 3794 3096 3860 τάς
3119 3796 3465 3866 παραλόγους
3484 3794 3671 3849 tmen-

2094 3888 2245 3957 μίας,
2304 3888 2477 3940 είτουν
2512 3888 2772 3957 κινήσεις,
2822 3888 2920 3941 καὶ
2943 3886 3111 3941 αύτοῦ
3159 3885 3254 3940 τοῦ
3308 3885 3453 3940 κατά
3503 3887 3670 3955 φύσιν

2090 3976 2197 4044 ἔξω
2232 3979 2442 4047 γίνεται
2475 3979 2666 4049 νόμου,
2698 3979 2792 4032 καὶ
2817 3978 2954 4048 πρὸς
2980 3979 3079 4049 τὴν
3112 3979 3295 4051 χώραν
3322 3979 3430 4031 τῶν
3455 3979 3670 4050 νοητῶν

2088 4067 2208 4131 ὅλος
2235 4068 2687 4138 μεταϐιϐάζεται,
2706 4069 2800 4122 καὶ
2824 4068 2887 4122 τὸ
2917 4070 3057 4121 κατά
3080 4068 3243 4137 φύσιν
3263 4069 3540 4139 ὁμόφυλον
3565 4070 3667 4138 (ά).

2092 4159 2233 4228 μετὰ
2292 4160 2402 4212 τῶν
2457 4160 2911 4230 προσγενομένων
2969 4160 3163 4230 αὐτῷ,’
3206 4163 3306 4232 τῆς
3374 4160 3671 4233 ἀλλοτρίας

2088 4250 2265 4320 ἐαυτῷ
2304 4250 2659 4306 συνεκϐάλλει
2684 4251 2957 4314 δουλείας.

2161 4339 2271 4413 μη’.
2300 4343 2392 4414 Μὴ
2431 4343 2791 4414 χαλινουμένη
2844 4341 2922 4413 τῷ
2976 4340 3108 4414 θείῳ
3166 4342 3317 4413 φόϐῳ
3373 4343 3521 4396 κατὰ
3569 4343 3671 4413 τὴν

2090 4431 2289 4502 πρᾶξιν
2327 4433 2361 4502 ἡ
2401 4431 2624 4500 γνῶσις,
2661 4431 2829 4500 τύφον
2877 4431 3190 4503 ἐργάζεται,
3240 4433 3317 4496 ὡς
3366 4434 3571 4485 οἰκεῖον
3606 4433 3668 4486 τὸ

421 4513 517 4582 qui
558 4526 621 4567 ca
668 4512 891 4567 inflatus
928 4514 1018 4578 sit,
1062 4521 1256 4568 auctor
1277 4515 1567 4580 exsistens,
1605 4526 1667 4571 ut
1709 4519 1857 4588 quod
1903 4519 1984 4574 le-

2100 4520 2493 4592 Βεδανεισμένον
2520 4522 2921 4594 προσάλλεσθαι
2966 4524 3230 4577 πείθουσα
3261 4524 3356 4577 τὸν
3384 4525 3479 4577 ἐπ’
3526 4525 3662 4596 αὐτῇ

419 4613 613 4658 aerato
668 4605 899 4674 accepit,
946 4604 1098 4658 velut
1142 4605 1425 4673 proprium
1448 4615 1721 4674 ostentet;
1773 4610 1853 4665 sic
1887 4626 1988 4680 per

2100 4611 2429 4680 τυφωθέντα,
2463 4612 2602 4683 πρὸς
2630 4615 2830 4668 οἰκεῖον
2856 4615 3080 4668 ἔπαινον
3105 4615 3203 4670 τὸν
3228 4614 3425 4686 ἔρανον
3453 4616 3549 4669 τοῦ
3579 4616 3667 4668 λόο

418 4708 538 4747 eam
582 4694 853 4748 sermonis
896 4694 1203 4765 symbolum
1233 4695 1542 4761 conferens,
1575 4706 1636 4752 ut
1682 4699 1737 4753 in
1768 4714 1835 4755 eo
1877 4702 1984 4758 sibi

415 4780 633 4837 laudem
665 4790 865 4851 captet.
913 4782 1045 4848 Quae
1076 4791 1258 4837 autem
1292 4784 1437 4839 actio
1481 4801 1590 4840 una
1623 4803 1750 4842 cum
1793 4789 1984 4847 divino

415 4887 601 4928 amore
634 4872 751 4944 ipsa
797 4882 1151 4944 augmentum
1184 4873 1351 4939 facit,
1399 4873 1532 4929 dum
1576 4879 1681 4934 sibi
1720 4882 1980 4952 majorem

412 4981 578 5037 quam
617 4980 720 5035 pro
748 4965 1086 5037 agendorum
1126 4967 1341 5023 ratione
1365 4969 1655 5024 scientiam
1686 4986 1797 5024 non
1832 4988 1985 5027 arro-

412 5064 522 5122 gat,
548 5071 697 5123 eum,
728 5056 823 5126 qui
858 5056 952 5111 illa
994 5055 1275 5127 fungatur,
1309 5059 1377 5114 ad
1414 5074 1610 5116 sensus
1655 5062 1982 5119 modestiam

2090 4721 2190 4771 γου
2216 4703 2559 4772 ποιούμενον.
2592 4705 2660 4758 Ἦ
2681 4704 2738 4758 δέ
2766 4706 2966 4776 πρᾶξις
2994 4706 3070 4777 τῷ
3099 4707 3227 4778 θείῳ
3254 4706 3664 4770 συναυξάνουσα

2090 4794 2260 4864 πόθῳ,
2294 4794 2392 4864 τὴν
2423 4795 2562 4861 ὑπὲρ
2590 4796 2658 4849 τὰ
2685 4798 2934 4868 πρακτέα
2966 4798 3040 4868 μὴ
3068 4798 3419 4868 λαμϐάνουσα
3438 4798 3661 4865 γνῶσιν,

2086 4884 2178 4938 τὸν
2205 4886 2505 4955 πρακτικὸν
2559 4887 2850 4957 ἐργάζεται
2903 4890 3330 4960 ταπεινόφρονα,
3355 4891 3471 4953 τοῖς
3520 4887 3660 4957 ὑπὲρ

2088 4975 2187 5046 τὴν
2210 4975 2417 5031 οἰκείαν
2445 4976 2674 5049 δύναμιν
2704 4979 2889 5049 λόγοις
2938 4979 3077 5052 πρὸς
3126 4982 3319 5033 ἐαυτὸν
3373 4979 3657 5035 συστελλόυ

2093 5084 2271 5135 μενον.
2370 5114 2371 5119 η

412 5150 716 5217 componit,
755 5149 849 5218 qui
880 5148 1142 5203 nimirum
1182 5150 1494 5207 rationibus
1536 5168 1692 5211 suam
1734 5155 1883 5213 illius
1911 5158 2226 5215 facultatem
2254 5161 2646 5232 superantibus
2678 5161 2732 5215 in
2761 5176 2820 5217 se
2847 5162 3198 5221 contraham.

486 5261 531 5293 "
560 5261 786 5317 Zachar.
819 5279 897 5328 ιιι,
922 5261 976 5316 9.
1053 5259 1098 5294 ⁸³
1124 5262 1283 5319 Prov.
1308 5282 1381 5329 vn,
1409 5264 1498 5318 25.

488 5376 513 5401 ⁶
534 5377 689 5436 Conf.
734 5380 801 5434 ad
828 5380 983 5435 Thal.
1012 5398 1065 5452 q.
1095 5383 1184 5436 55.

485 5489 561 5559 (d)
628 5492 697 5563 Td
752 5492 900 5546 κατὰ
944 5492 1127 5563 φύσιν
1184 5494 1511 5561 ὁμόφυλον.
1560 5494 1835 5563 Allegoria
1878 5506 1983 5560 est,

415 5563 536 5635 ejus
558 5561 702 5628 quod
732 5563 986 5635 Altabetnr
1018 5562 1052 5635 l_
1084 5563 1252 5635 _Esdr.
1309 5579 1377 5635 n._
1407 5577 1538 5635 _quo
1601 5561 1982 5635 recensentur,

416 5632 511 5698 qui
543 5632 744 5702 egressi
768 5642 896 5686 sunt
926 5633 993 5686 de
1023 5630 1297 5702 Babylone
1313 5630 1379 5688 ad
1405 5631 1815 5702 instaurandam
1854 5634 1986 5690 Hie-

421 5700 748 5769 rosolymam
795 5711 850 5755 et
882 5700 1167 5769 templum,
1206 5701 1515 5755 numeratis
1557 5702 1724 5757 etiam
1760 5703 1980 5759 illorum

421 5765 616 5830 servis,
651 5777 706 5840 et
733 5765 1124 5836 iumentis—seu
1173 5769 1651 5840 pecoribus;quae
1698 5785 1828 5826 sunt
1875 5772 1978 5829 ista

423 5837 847 5907 προσγενόμενα,
896 5849 1102 5919 praeter
1142 5837 1201 5893 τὸ
1227 5839 1519 5912 ὁμόφυλον,
1547 5837 1642 5911 qui
1686 5852 1841 5899 erant
1872 5844 1977 5915 ipsi

2091 5499 2306 5570 Hebraei
2349 5517 2363 5551 :
2407 5498 2496 5553 illa
2535 5500 2689 5566 quasi
2739 5500 3066 5570 adventitia;
3110 5513 3232 5570 qua:
3278 5499 3462 5556 omnia
3492 5502 3650 5560 simul

2087 5568 2286 5644 educta
2309 5577 2435 5644 _s_unt
2470 5584 2537 5623 ex
2555 5570 2856 5644 peregrina
2893 5569 2987 5624 illa
3019 5568 3299 5644 servitute:
3348 5570 3495 5644 Nibil
3529 5587 3653 5644 apto

2086 5637 2268 5712 Picus,
2299 5639 2565 5712 Et__quod
2599 5638 2799 5712 arridet
2851 5647 3081 5712 καίηται,
3101 5638 3376 5712 elc._H:ec
3428 5641 3544 5712 ipsa
3564 5637 3649 5699 'ibi

2084 5708 2335 5782 pluribus
2370 5707 2622 5782 maximo.
2666 5708 2841 5782 amica
2894 5707 2974 5782 illi
3014 5709 3293 5781 allegoria,
3347 5707 3619 5782 sensuque

2083 5778 2316 5847 Spiritali
2339 5787 2392 5833 et
2411 5776 2748 5854 tropologico
2773 5777 3044 5847 exposita.
