3930 6324
291 175 419 240 1231

950 174 1282 236 CAPITUM
1317 172 1738 248 QUINQUIES
1770 159 2290 237 CENTENORUM
2330 175 2716 238 CENTURIA
2755 176 2868 238 IlI.
2942 210 2944 213 τ

3396 173 3528 238 1282

359 283 468 354 μθ¹.
505 279 771 351 Οὐράνιον
820 279 1135 351 οἰκητήριόν
1185 283 1354 346 ἐστιν,
1401 283 1434 352 ἡ
1486 283 1607 336 κατ’
1656 279 1856 350 ἀρετὴν

2028 285 2115 340 49.
2147 283 2381 340 lecste
2402 285 2743 340 domicilium
2767 293 2872 349 est,
2913 283 3202 340 affectibus
3233 297 3435 338 vacans
3466 299 3531 339 ac

285 373 502 442 ἀπαθὴς
555 371 692 436 ἕξις,
725 372 818 426 καὶ
848 374 880 442 ἡ
929 373 1096 443 μηδὲν
1124 371 1321 444 ἔχουσα
1351 374 1560 444 πλάνης
1586 371 1854 442 πολεμοῦν

285 466 423 536 αὐτῇ
449 464 643 534 νόημα,
685 463 906 532 γνῶσις.

358 563 421 610 ν’.
485 557 698 625 Ὠσπερ.
753 555 908 618 τέλος
962 557 1280 626 κινηθείσης
1336 555 1570 626 μοιάδος
1612 553 1760 608 ἐστὶν
1820 553 1854 623 ἠ

293 647 514 718 μυριὰς,
557 647 651 700 καὶ
677 646 819 716 ἀρχὴ
848 646 922 716 μὴ
961 646 1274 718 κινηθείσης
1307 647 1566 716 μυριάδος
1619 645 1767 696 ἐστὶν
1821 646 1853 711 ἡ

293 739 462 810 μονάς
494 754 509 770 ⁹
537 738 680 808 ἀρχὴ
711 737 820 807 γὰρ
852 738 1051 802 παντὸς
1070 738 1279 801 τέλους,
1302 739 1335 806 ἡ
1356 738 1476 790 κατ’
1506 737 1640 788 αὐτὸ
1673 734 1856 802 σαφῶς

285 817 547 899 ἀκινηίσία
575 827 881 899 καθέστηκε
907 845 920 859 ·
958 829 1054 880 καὶ
1080 829 1232 890 τέλος
1267 828 1448 898 πάσης
1475 828 1667 896 ἀρχῆς,
1703 827 1736 896 ὴ
1761 826 1858 894 τῆς

285 921 408 975 κατ’
452 918 621 990 αὐτὴν
665 921 928 990 κινήσεως
976 919 1210 990 ὑπάρχει
1256 919 1647 989 συμπλήρωσις
1673 932 1686 945 ’
1718 915 1860 968 οὕτω

282 1011 384 1064 καὶ
417 1012 451 1079 ή
484 1009 686 1072 πίστις,
717 1010 861 1080 ἀρχὴ
894 1011 1035 1064 κατά
1064 1010 1225 1079 φύσιν
1255 1009 1466 1081 ἀρετῶν
1517 1009 1858 1078 ὑπάρχουσα,

283 1098 442 1159 τέλος
477 1096 589 1167 ἔχει
621 1097 714 1150 τοῦ
746 1097 813 1149 δι’
837 1097 1020 1150 αὐτῶν
1053 1098 1260 1166 ἀγαθοῦ
1288 1100 1386 1168 τὴν
1418 1097 1810 1168 συμπλήρωσιν
1841 1111 1856 1124 ο

285 1189 384 1242 καὶ
417 1189 478 1241 τὸ
512 1189 653 1242 κατά
687 1189 850 1258 φύσιν
878 1191 1104 1259 ἀγαθὸν,
1135 1193 1208 1254 ῶς
1236 1190 1447 1262 ἀρετῶν
1477 1190 1649 1254 τέλος,
1689 1188 1860 1260 ἀρχὴν

285 1279 411 1350 ἔχον
435 1282 533 1350 τὴν
564 1282 766 1346 πίστιν,
797 1284 931 1353 πρδς
960 1282 1130 1353 αὐτὴν
1184 1283 1500 1346 ἐνδιαθέτως
1547 1285 1859 1348 συνάγεται.

284 1371 476 1434 Πίστις
512 1372 618 1440 γάρ
667 1374 814 1424 ἐστιν
861 1373 1161 1426 ἐνδιάθετον
1223 1375 1447 1442 ἀγαθὸν,
1512 1374 1602 1426 καὶ
1659 1372 1861 1440 ἀγαθόν

281 1465 433 1514 ἐστιν
463 1462 825 1532 ἐνεργηθεῖσα
877 1464 1077 1528 πίστις.
1129 1466 1327 1527 Πιστὸς
1363 1465 1422 1517 δὲ
1480 1464 1621 1518 κατά
1679 1464 1860 1532 φύσιν,

281 1554 381 1604 καὶ
404 1553 603 1621 ἀγαθός
625 1556 771 1606 ἐστιν
794 1555 822 1606 ό
846 1555 979 1617 Θεός
1000 1572 1012 1584 ·
1051 1556 1108 1607 το
1142 1556 1262 1624 μὲν,
1292 1555 1366 1617 ὼς
1398 1555 1611 1626 πρῶτον
1639 1555 1858 1622 ἀγαθόν·

279 1647 346 1697 τὸ
374 1646 452 1710 δὲ,
495 1646 570 1708 ὡς
608 1646 835 1715 ἔσχατον
873 1647 1117 1718 ὀρεκτόν.
1144 1649 1352 1700 Ταὺτὺν
1398 1647 1456 1699 δὲ
1497 1645 1669 1698 ταῦτα
1732 1645 1864 1699 καθ·
1897 1626 1936 1679 Β

283 1736 485 1806 έστηκε
511 1738 670 1790 παντὶ
697 1739 884 1808 τρόπῳ
896 1739 1144 1809 ἀλλήλοις
1155 1738 1318 1802 ὄντα,
1343 1736 1529 1808 μηδενὶ
1559 1736 1702 1806 λόγῳ
1725 1737 1864 1806 πλὴν

279 1826 381 1877 τοῦ
415 1827 532 1878 κατ’
568 1827 812 1880 ἐπίνοιαν
867 1827 1113 1899 ἀλλήλων
1150 1827 1506 1899 διαιρούμενα
1558 1827 1860 1891 παντελῶς,

280 1916 376 1970 διὰ
402 1917 500 1988 τὴν
535 1918 644 1970 τῶν
672 1921 768 1973 ἀπ’
805 1919 968 1972 αὐτοῦ
1018 1920 1358 1993 ἀρχομένων,
1414 1920 1511 1974 καὶ
1567 1921 1646 1984 είς
1702 1920 1862 1972 αὑτὸν

279 2007 587 2078 ληγόντων,
613 2008 848 2078 κίνησιν.
886 2011 1030 2080 Ἀρα
1058 2013 1092 2081 ή
1132 2010 1335 2081 μυριὰς
1366 2011 1594 2081 ἐσχάτου
1629 2011 1861 2082 ’ὀρεκτοῦ

283 2099 530 2170 φέρουσα
576 2101 764 2166 τύπον,
818 2102 928 2154 τῶν
971 2102 1109 2171 πρὸς
1132 2102 1266 2154 αὐτὸ
1295 2101 1630 2170 κινουμένων
1656 2101 1861 2154 τελείαν

281 2192 620 2261 περιγράφει
661 2193 761 2263 τὴν
801 2192 985 2260 ἔφεσιν
1015 2209 1029 2224 ·
1056 2193 1150 2246 καὶ
1179 2193 1211 2263 ἡ
1252 2192 1440 2262 μονὰς,
1475 2192 1691 2262 πρώτου
1726 2194 1861 2259 ἀγα-

283 2280 382 2333 θοῦ
425 2283 666 2352 φέρουσα
716 2282 1007 2353 σύμϐολον,
1057 2284 1166 2335 τῶν
1199 2283 1292 2334 ἀπ’
1322 2281 1486 2334 αὑτοῦ
1527 2282 1860 2350 κινουμένων

281 2371 500 2426 τελείαν
533 2373 855 2445 ἐπιφέρεται
893 2373 1050 2443 βάσιν
1085 2370 1210 2446 [duo
1236 2373 1362 2444 Reg.
1415 2373 1620 2445 φύσιν].
1802 2375 1804 2379 ’

357 2541 455 2596 να’.
486 2541 686 2613 Πρώτη
723 2543 870 2595 ἐστὶν
917 2543 1176 2609 ἀπάθεια,
1250 2545 1284 2611 ή
1363 2542 1628 2609 παντελὴς
1685 2540 1860 2610 ἀποχὴ

278 2633 393 2686 τῶν
445 2635 566 2686 κατ’
620 2634 901 2703 ἐνέργειαν
953 2634 1158 2696 κακῶν,
1216 2635 1276 2684 ἐν
1325 2635 1438 2693 τοῖς
1489 2630 1861 2700 εἰσαγομένοις

283 2724 632 2794 θεωρουμένη
665 2738 679 2751 ⁸
711 2722 939 2793 δευτέρα
971 2723 1048 2788 δέ,
1088 2725 1119 2792 ἡ
1154 2721 1419 2791 παντελὴς
1454 2721 1593 2774 κατά
1624 2721 1861 2774 διάνοιαν

281 2816 416 2884 περὶ
445 2817 542 2885 τὴν
577 2813 686 2867 τῶν
733 2813 920 2867 κακῶν
964 2813 1365 2880 συγκατάθεσιν
1405 2812 1647 2880 ἀποϐολὴ
1713 2811 1861 2878 λογι-

287 2907 466 2973 σμῶν,
497 2908 556 2957 ἐν
584 2907 697 2966 τοῖς
727 2904 865 2973 μετά
899 2903 1058 2971 λόγου
1087 2904 1186 2974 τὴν
1222 2902 1419 2974 ἀρετὴν
1447 2903 1691 2973 μετιοῦσι
1719 2919 1856 2970 γινο-

289 2996 428 3064 μένη
502 2995 658 3063 τρίτη
689 2994 766 3058 δέ,
809 2995 841 3063 ἡ
889 2994 1011 3046 κατ’
1064 2993 1364 3064 ἐπιθυμίαν
1415 2995 1543 3063 περὶ
1588 2993 1657 3045 τὰ
1711 2993 1856 3062 πάθη

282 3085 558 3153 παντελὴς
601 3085 880 3155 ἀκινησία,
915 3087 974 3139 ἐν
1005 3088 1118 3147 τοῖς
1143 3085 1233 3138 διὰ
1263 3085 1370 3140 τῶν
1415 3085 1710 3155 σχημάτων
1735 3086 1861 3148 τοὺς

280 3174 475 3242 λόγους
501 3173 701 3242 νοητῶς
753 3176 1046 3246 θεωμένοις
1091 3175 1200 3229 τῶν
1246 3176 1538 3246 ὁρωμένων
1569 3190 1581 3202 ·
1626 3176 1858 3244 τετάρτη

281 3265 344 3318 δέ
373 3267 520 3318 ἐστιν
549 3265 806 3332 ἀπάθεια,
833 3267 866 3336 ἡ
892 3267 987 3320 καὶ
1015 3267 1185 3336 αὐτῆς
1237 3266 1338 3335 τῆς
1370 3266 1532 3335 ψιλῆς
1562 3265 1860 3334 φαντασίας

285 3358 553 3421 παντελὴς
570 3357 856 3428 κάθαρσις,
887 3363 944 3412 ἐν
972 3361 1082 3421 τοῖς
1115 3360 1202 3412 διά
1233 3357 1489 3426 γνώσεως
1511 3359 1603 3412 καὶ
1627 3358 1860 3428 θεωρίας

283 3448 526 3518 καθαρὸν
580 3450 673 3501 καὶ
725 3449 914 3512 5ιειδές
965 3450 1232 3520 ἔσοπτρον
1264 3449 1359 3503 τοῦ
1395 3449 1530 3502 Θεοῦ
1554 3449 1858 3521 ποιησαμέ-

283 3563 398 3607 νοις
425 3545 486 3597 τὺ
519 3546 868 3614 ἡγεμονικὸν,
899 3543 1286 3612 συνισταμένη.
1328 3543 1384 3594 '0
1410 3539 1586 3594 τοίνυν
1613 3539 1859 3610 καθάρας

285 3637 476 3689 ἐαυτὸν
524 3636 804 3707 ἐνεργείας
846 3635 1058 3698 παθῶν,
1110 3635 1206 3686 καὶ
1245 3631 1349 3702 τῆς
1383 3633 1468 3686 ἐπ’
1505 3633 1685 3694 αὐτοῖς
1716 3631 1859 3684 κατά

282 3727 523 3780 διάνοιαν
558 3726 1009 3795 συγκαταθέσεως
1044 3724 1448 3796 ἐλευθερωθεὶς,
1479 3723 1575 3776 κα).
1605 3723 1703 3791 τῆς
1729 3722 1856 3791 περὶ

283 3818 426 3870 αὑτά
477 3817 594 3869 κατ’
647 3816 943 3887 ἐπιθυμίαν
1003 3816 1272 3884 κινήσεως
1318 3813 1506 3865 στάσιν
1531 3810 1730 3874 λαϐὼν,
1762 3809 1857 3862 καὶ

282 3907 383 3976 τῆς
412 3907 588 3960 αὐτῶν
648 3907 810 3977 ψιλῆς
856 3905 1157 3974 φαντασίας
1205 3905 1296 3956 τὸν
1337 3901 1462 3957 νοῦν
1507 3901 1857 3968 καταστήσας

283 3995 602 4069 ἀμόλυντον,
642 3998 742 4062 τάς
791 3999 1064 4068 τέσσαρας
1117 3995 1341 4064 γενικὰς
1394 3993 1661 4054 ἀπαθείας
1693 3991 1853 4062 έχων,

282 4090 564 4160 ἐξέρχεται
619 4091 712 4159 τῆς
767 4089 898 4158 ῦλης
950 4089 1043 4142 καὶ
1075 4087 1183 4140 τῶν
1211 4085 1432 4151 ὑλικῶν,
1465 4087 1561 4137 καὶ
1589 4083 1726 4152 πρὸς
1757 4081 1854 4152 τὴν

281 4181 474 4250 νοεράν
503 4182 594 4233 καὶ
613 4180 760 4234 θείαν
792 4181 883 4232 καὶ
912 4179 1193 4250 εἰρηνικὴν
1215 4177 1322 4230 τῶν
1350 4174 1554 4246 νοητῶν
1577 4173 1856 4241 ἐπείγεται

281 4271 453 4342 λῆξιν.

349 4535 447 4607 νβ’.
509 4534 736 4607 Πρώτην
781 4534 1050 4588 ἀπάθειαν
1080 4531 1253 4601 λέγει,
1280 4531 1377 4601 τὴν
1403 4529 1539 4601 πρὸς
1573 4529 1849 4600 ἁμαρτίαν

281 4627 375 4681 τοῦ
434 4626 682 4696 σώματος
736 4625 856 4677 κατ’
907 4623 1184 4692 ἐνέργειαν
1245 4620 1525 4689 ἀνέπαφον
1591 4621 1805 4690 κίνησιν
1835 4636 1849 4650 °

280 4718 539 4788 δευτέραν
563 4717 645 4783 ὃέξ
672 4716 770 4786 τὴν
791 4714 933 4768 κατὰ
957 4713 1135 4783 ψυχὴν
1159 4711 1267 4765 τῶν
1293 4711 1554 4781 ἐμπαθῶν
1577 4711 1853 4781 λογισμῶν

281 4809 490 4865 τελείαν
515 4807 807 4876 ἀποϐολὴν,
836 4807 903 4859 δι’
929 4802 997 4878 ἧς
1031 4804 1139 4858 τῶν
1187 4803 1374 4856 παθῶν
1417 4803 1854 4872 ἀπομαραίνεται

283 4900 427 4956 κατά
448 4900 547 4972 τὴν
580 4899 803 4969 πρώτην
836 4897 1102 4951 ἀπάθειαν
1133 4894 1369 4964 κίνησις,
1402 4893 1732 4957 ἐξάπτοντας
1760 4895 1854 4946 αῦ-

279 4992 380 5062 τὴν
412 4991 548 5062 πρὸς
583 4991 864 5061 ἐνέργειαν
917 4988 1016 5040 οὐκ
1067 4987 1268 5056 ἔχουσα
1299 4987 1424 5048 τοὺς
1467 4985 1732 5053 ἐμπαθεῖς
1772 4987 1860 5040 λο-

280 5083 514 5154 γισμούς
547 5099 560 5114 ο
586 5082 775 5154 τρίτην
807 5081 884 5145 δὲ,
912 5079 1012 5150 τὴν
1057 5078 1187 5148 περὶ
1226 5077 1295 5130 τά
1330 5077 1476 5145 πάθη
1516 5076 1731 5132 τελείαν
1755 5080 1854 5147 τῆς

281 5176 582 5246 ἐπιθυμίας
605 5174 917 5244 ἀκινησίαν,
954 5170 1024 5224 δι’
1057 5172 1122 5242 ἢν
1152 5169 1244 5223 καὶ
1287 5171 1314 5239 ἡ
1343 5168 1568 5237 δευτέρα
1607 5167 1853 5236 γίνεσθαι

281 5264 518 5333 πέφυκε,
545 5265 614 5334 τῇ
641 5262 750 5315 τῶν
775 5258 1049 5330 λογισμῶν
1096 5257 1426 5327 καθαρότητι
1463 5255 1849 5327 συνισταμένηο

279 5353 551 5424 τετάρτην
586 5353 643 5406 δὲ
673 5352 822 5420 λέγει
844 5349 1136 5412 ἀπάθειαν,
1167 5348 1266 5416 τὴν
1296 5346 1439 5398 κατά
1470 5346 1708 5400 διάνοιαν
1748 5364 1852 5400 πα-

284 5445 394 5497 σῶν
449 5443 556 5497 τῶν
611 5437 886 5512 αἰσθητῶν
939 5436 1253 5510 φαντασιῶν
1307 5434 1522 5488 τελείαν
1573 5435 1851 5502 ἀπόθεσιν,

281 5535 405 5590 καθ’
437 5538 504 5608 ἢν
533 5537 567 5607 ἡ
589 5535 748 5606 τρίτη
777 5535 876 5603 τὴν
896 5533 1112 5603 γένεσιν
1139 5528 1385 5600 εἴληφεν,
1406 5526 1506 5580 οὐκ
1536 5525 1734 5596 ἔχουσα
1755 5528 1853 5591 τὰς

1958 377 2286 445 tranquillus
2312 377 2530 432 virtutis
2554 377 2804 442 habitus;
2834 375 3196 444 scientiaque,
3241 389 3362 444 qua:
3384 373 3535 430 nullo

1955 469 2162 524 erroris
2195 470 2433 540 cogitatu
2469 469 2703 538 falsique
2732 469 2926 522 notitia
2961 467 3335 537 impugnetur.

2026 559 2113 612 50.
2170 558 2640 624 Quemadmodum
2685 559 2915 612 unitatis
2965 567 3127 612 mota:
3180 558 3342 627 570
3389 555 3535 624 finis,

1959 651 2161 721 myrias
2183 659 2300 716 est;
2331 651 2778 722 principiumque
2822 658 2981 703 motae
3015 649 3276 719 myriadis
3305 656 3389 702 est
3417 648 3536 702 uni-

1959 751 2041 794 tas
2066 742 2266 809 (omnis
2295 740 2440 794 enim
2489 740 2615 793 ﬁnis
2657 739 2987 808 principium
3017 777 3032 801 ,
3075 739 3194 808 ejus
3248 736 3536 808 perspicue

1959 828 2315 882 immobilitas
2361 837 2446 882 est
2477 870 2492 894 ,
2559 828 2794 896 ﬁnisque
2839 828 3020 881 omnis
3055 828 3330 897 principii,
3388 827 3536 881 illius

1959 930 2142 974 motus
2165 921 2628 988 complementum
2655 918 2762 989 est)
2787 918 2869 972 sic
2897 928 2953 973 et
2985 918 3142 982 ﬁdes,
3177 933 3302 972 cum
3330 919 3400 972 sit
3440 934 3537 972 na-

1960 1020 2083 1065 tura
2107 1011 2373 1065 virtutum
2426 1011 2789 1079 principium,
2828 1011 2948 1080 ejus
2993 1009 3123 1063 boni
3169 1010 3539 1080 complemen-

1962 1113 2098 1165 tum,
2127 1100 2277 1169 quod
2326 1115 2422 1169 per
2463 1100 2586 1153 illas
2635 1108 2949 1169 praestatur,
3006 1098 3170 1152 ﬁnem
3204 1099 3400 1164 habet;
3440 1099 3538 1153 bo-

1961 1209 2204 1262 numque
2258 1201 2488 1255 natura,
2542 1200 2802 1261 tanquam
2840 1192 3018 1260 ipsum
3067 1191 3332 1244 virtutum
3380 1190 3534 1252 ﬁnis.

1961 1285 2106 1354 quod
2170 1284 2331 1338 ﬁdem
2382 1283 2717 1353 principium
2761 1283 2982 1346 habeat,
3037 1281 3106 1335 ad
3155 1297 3274 1336 eam
3322 1281 3538 1352 intente

1963 1377 2148 1430 animo
2185 1375 2490 1444 colligitur.
2529 1374 2626 1428 Est
2676 1374 2825 1428 enim
2869 1371 3004 1427 ﬁdes
3029 1373 3237 1426 bonum
3277 1372 3446 1425 animi
3477 1386 3540 1424 ac

1965 1467 2277 1530 internum;
2350 1466 2710 1534 bonumque,
2783 1464 2963 1532 ipsum
3014 1462 3152 1518 ﬁdes
3202 1461 3390 1516 efﬁcax
3432 1472 3537 1516 est.

1965 1559 2128 1627 Atqui
2176 1558 2321 1611 Deus
2375 1567 2574 1610 natura
2610 1555 2785 1609 ﬁdelis
2824 1570 2888 1609 ac
2917 1556 3096 1609 bonus
3146 1563 3262 1622 est;
3309 1554 3539 1608 alterum

1963 1649 2207 1718 quidem,
2237 1657 2299 1702 ut
2329 1650 2568 1718 primum
2616 1647 2821 1701 bonum
2852 1663 2867 1707 ;
2904 1647 3138 1700 alterum
3168 1662 3333 1710 vero,
3363 1655 3424 1700 ut
3445 1661 3540 1700 su-

1964 1753 2214 1807 premum
2241 1737 2559 1807 appetibile.
2608 1737 2734 1791 Hzec
2776 1751 2908 1790 vero
2940 1736 3084 1790 idem
3117 1737 3262 1791 inter
3303 1751 3363 1790 se
3391 1735 3539 1790 omni

1963 1828 2127 1882 modo
2156 1836 2304 1891 sunt,
2337 1828 2488 1881 nulla
2522 1843 2750 1897 prorsus
2796 1827 3012 1882 ratione
3055 1828 3337 1895 distincta,
3374 1844 3540 1898 quam

1962 1933 2083 1986 qua:
2125 1917 2312 1972 subtili
2364 1918 2605 1986 cogitatu
2654 1917 2936 1982 noscitur;
2973 1916 3044 1970 ob
3095 1932 3286 1970 eorum
3330 1917 3538 1971 scilicet

1963 2019 2197 2072 motum;
2234 2025 2356 2077 qua:
2385 2009 2456 2061 ab
2492 2009 2587 2062 illo
2625 2008 2834 2063 ducunt
2865 2008 3158 2077 originem,
3187 2016 3244 2062 et
3273 2008 3328 2061 in
3363 2007 3540 2078 ipsum

1963 2099 2246 2154 desinunt.
2305 2101 2505 2172 Myrias
2543 2100 2730 2170 igitur,
2763 2115 2886 2170 qua:
2935 2099 3178 2168 supremi
3230 2098 3542 2168 appetibilis

1959 2191 2192 2245 formam
2211 2199 2393 2261 gerat,
2417 2206 2610 2246 eorum
2636 2232 2650 2256 ,
2684 2206 2805 2260 qua:
2853 2190 2909 2244 in
2955 2189 3136 2258 ipsum
3194 2196 3540 2250 moveantur,

1960 2282 2260 2351 perfectam
2305 2282 2702 2351 appetitionem
2731 2280 2924 2334 deﬁnit
2962 2297 2975 2332 :
3012 2280 3298 2347 unitasque
3323 2317 3341 2343 ,
3378 2277 3538 2346 primi

1960 2373 2092 2427 boni
2118 2375 2387 2445 symbolo,
2415 2390 2607 2428 eorum
2632 2389 2753 2442 quae
2792 2372 2860 2426 ab
2886 2372 3007 2441 ipso
3041 2378 3354 2434 moventur,
3407 2384 3535 2438 per-

1960 2463 2156 2518 fectam
2193 2465 2367 2518 basim
2398 2464 2564 2518 infert
2589 2479 2652 2518 ac
2677 2463 3114 2517 fundamentum.

2030 2555 2117 2607 51.
2143 2553 2326 2608 Prima
2371 2553 2610 2607 ἀπάθεια
2647 2559 2732 2607 est
2758 2551 3182 2622 (imperturbatio
3235 2552 3540 2621 aﬂ'cctuum-

1961 2658 2060 2711 que
2085 2644 2346 2713 vacuitas)
2379 2658 2503 2697 cum
2526 2658 2554 2696 a
2585 2642 2741 2696 malis
2772 2641 2891 2710 ipso
2914 2656 3080 2710 opere
3109 2655 3338 2709 prorsus
3371 2637 3540 2692 absti—

1960 2747 2156 2786 nemus
2186 2749 2198 2784 :
2235 2731 2403 2800 inque
2446 2731 2557 2785 illis
2601 2731 3008 2793 consideratur,
3038 2728 3131 2800 qui
3159 2728 3340 2782 adhuc
3378 2727 3539 2780 indu-

1961 2830 2160 2873 cuntur
2195 2838 2207 2872 :
2242 2820 2500 2881 secunda,
2538 2835 2662 2874 cum
2685 2835 2878 2874 omnes
2918 2819 3120 2878 animo.
3148 2818 3350 2888 quibus
3383 2817 3540 2871 malis

1962 2912 2392 2976 consentiamus,
2449 2911 2811 2981 cogitationes
2872 2911 3189 2981 abigimus;
3223 2909 3387 2977 inque
3430 2909 3541 2962 illis

1962 3004 2250 3072 contingit,
2287 3004 2381 3071 qui
2409 3003 2618 3057 ratione
2649 3002 2848 3056 comite
2879 3003 3138 3056 virtutem
3171 3001 3377 3056 colunt.
3409 3000 3539 3053 Ter-

1963 3095 2058 3160 tia,
2106 3111 2230 3149 cum
2256 3096 2550 3164 appetendi
2588 3096 2822 3151 facultas
2867 3096 3019 3149 nullo
3061 3095 3224 3148 modo
3251 3093 3541 3149 affectibus

1960 3198 2211 3240 movetur
2241 3202 2305 3240 ac
2341 3187 2584 3251 libidine,
2641 3187 2695 3240 in
2753 3187 2820 3240 iis
2848 3186 2940 3255 qui
2983 3201 3080 3254 per
3118 3184 3318 3254 ﬁguras
3356 3199 3538 3237 rerum

1960 3279 2137 3333 oculis
2157 3279 2548 3348 subiectarum,
2573 3279 2898 3349 spiritaliter
2923 3277 3164 3331 rationes
3187 3285 3538 3331 contuentur.

1959 3369 2161 3435 Quarta
2188 3371 2425 3439 denique
2443 3370 2902 3439 'imperturbatio,
2930 3378 3015 3423 est
3054 3369 3135 3421 vel
3162 3369 3230 3421 ab
3254 3369 3370 3437 ipsa
3389 3367 3540 3421 nuda

1959 3455 2289 3524 cogitatione
2329 3456 2488 3525 plena
2523 3457 2842 3526 integraque
2869 3453 3226 3520 emundatio;
3260 3455 3315 3508 in
3344 3455 3411 3509 iis
3435 3456 3536 3524 qui

1957 3560 2060 3614 per
2080 3545 2368 3614 scientiam
2393 3555 2450 3600 et
2470 3546 3010 3615 contemplationem,
3045 3545 3309 3599 mundum
3334 3560 3398 3600 ac
3423 3545 3540 3614 pel-

1957 3634 2202 3688 lucidum
2231 3635 2326 3689 Dei
2377 3635 2660 3704 speculum
2718 3642 2959 3689 mentem
3004 3634 3386 3689 reddiderunt.
3430 3633 3535 3705 Qui

1958 3727 2124 3796 igitur
2152 3727 2221 3779 ab
2251 3727 2367 3794 ipso
2398 3742 2456 3780 se
2478 3728 2739 3781 vitiorum
2766 3742 2862 3781 seu
2884 3726 3175 3780 libidinum
3203 3737 3325 3781 actu
3349 3741 3540 3780 emun-

1958 3815 2130 3878 davit,
2153 3829 2217 3867 ac
2253 3830 2322 3867 ne
2350 3814 2461 3869 illis
2486 3817 2669 3870 animo
2698 3817 3005 3870 consentiat
3042 3818 3184 3871 liber
3220 3820 3412 3883 evasit,
3453 3820 3536 3874 af-

1956 3905 2214 3974 fectuque
2255 3905 2323 3958 ad
2357 3920 2422 3960 ea
2458 3907 2667 3959 moveri
2717 3913 2880 3974 atque
2917 3906 3047 3961 illici
3079 3907 3245 3962 desiit
3280 3909 3413 3977 :qui
3448 3911 3537 3963 dc-

1957 3993 2124 4062 nique
2163 4009 2195 4047 a
2239 3993 2389 4048 nudo
2423 3995 2543 4063 ipso
2589 3994 2828 4064 cogitatu
2864 3995 3244 4050 intatninatam
3292 4005 3530 4052 mentem

1957 4085 2216 4150 reddidit,
2252 4086 2298 4140 is
2325 4085 2740 4156 quadruplicem
2783 4088 3092 4156 genericam
3119 4089 3382 4143 ἀπάθειαν
3408 4090 3532 4161 (im-

1956 4175 2430 4244 perturbationem
2470 4175 2702 4246 scilicet)
2752 4184 2967 4242 nactus,
3015 4193 3046 4231 e
3087 4186 3230 4232 terra
3265 4180 3528 4234 terrenis-

1884 4272 1930 4328 D
1958 4282 2064 4335 que
2096 4266 2394 4336 egreditur,
2448 4275 2504 4320 et
2552 4265 2620 4319 ad
2669 4265 2932 4320 mentium
2967 4267 3529 4340 divinamque,atque

1959 4367 2207 4429 pacatam
2237 4357 2568 4427 Spiritalium
2603 4357 2870 4428 requiem,
2900 4358 3196 4430 beatasque
3223 4361 3383 4418 sedes
3398 4378 3530 4418 con-

1957 4449 2153 4505 tendit.

2025 4539 2110 4592 5‘2.
2168 4537 2407 4592 Primam
2463 4539 2733 4593 ἀπάθειαν
2782 4541 3349 4610 (imperturbationem
3398 4544 3527 4615 affe-

1955 4637 2236 4697 ctuumque
2262 4628 2616 4698 vacuitatem)
2666 4637 2846 4693 vocat,
2884 4629 3154 4684 illibatum
3199 4633 3450 4701 corporis
3472 4633 3528 4688 in

1953 4727 2238 4787 peccatum
2281 4719 2398 4789 ipso
2432 4728 2555 4774 actu
2585 4719 2739 4789 571
2772 4728 3011 4787 motum;
3041 4722 3265 4777 alteram
3289 4763 3302 4788 ,
3349 4724 3529 4794 perfe-

1955 4820 2042 4865 cte
2071 4812 2255 4868 animo
2282 4811 2564 4866 abdicatas
2613 4812 2936 4866 libidinosas
2977 4813 3224 4884 vitioque
3260 4816 3531 4870 haerentes

1955 4903 2337 4972 cogitationes,
2366 4920 2433 4957 ex
2457 4917 2566 4972 quo
2592 4912 2698 4968 est,
2729 4911 2788 4956 ut
2807 4918 2909 4972 pro
2937 4903 3138 4973 prioris
3166 4905 3533 4973 imperturba-

1957 4995 2122 5049 tionis
2144 4995 2327 5058 modo,
2354 4994 2650 5047 libidinum
2671 5003 2853 5048 motus
2873 4995 3275 5064 exstinguatur,
3300 4996 3387 5049 cui
3407 4996 3534 5049 libi-

1955 5085 2163 5139 dinosa:
2183 5085 2544 5153 cogitationes
2576 5084 2778 5148 desint,
2811 5084 3012 5154 quibus
3043 5085 3098 5137 in
3126 5094 3308 5138 actum
3331 5101 3529 5141 accen-

1955 5174 2117 5228 datur
2148 5192 2160 5226 :
2190 5173 2427 5239 tertiam,
2455 5174 2753 5242 perfectam
2781 5173 3091 5243 appetentis
3117 5174 3282 5228 animi
3320 5173 3376 5227 in
3398 5173 3531 5230 vitia

1954 5280 2020 5318 ac
2053 5263 2316 5318 libidines
2339 5264 2724 5327 cessationem,
2749 5280 2857 5333 qua
2877 5275 2933 5317 et
2960 5264 3202 5318 secunda
3229 5264 3308 5324 ﬁt,
3332 5279 3452 5332 quae
3474 5263 3530 5317 in

1954 5356 2348 5426 cogitationum
2383 5354 2626 5424 puritate
2659 5355 2914 5409 consistit
2942 5373 2955 5406 :
2986 5364 3238 5424 quartam
3265 5354 3529 5422 denique,

1955 5458 2063 5512 qua
2100 5441 2349 5496 omnium
2398 5456 2520 5510 qua:
2569 5455 2732 5495 sensu
2779 5441 3127 5510 attinguntur
3171 5440 3533 5511 cogitationes

1957 5532 2143 5587 animo
2191 5530 2568 5602 profligamus,
2600 5531 2746 5587 unde
2795 5538 2850 5586 et
2878 5530 3040 5586 tertia
3083 5540 3267 5588 ortum
3313 5529 3523 5588 habuit.
