3930 6324
450 186 589 252 1283

1592 170 1663 243 Β,
1703 178 1990 243 ΜΑΧΙΜΙ
2023 183 2532 245 CONFESSORIS

3569 187 3712 254 1283

442 308 631 350 rerum
665 290 934 364 eiusmOdi
984 290 1410 363 cogitationibus
1437 304 1654 356 carens,
1702 266 1909 361 quibus
1928 292 2011 347 vi-

2127 293 2417 359 ραντασίας
2440 293 2549 347 τῶν
2580 292 2853 366 αἰσθητῶν
2887 295 3264 361 είδοποιούσας
3294 298 3441 371 αὐτῇ
3464 300 3583 352 τῶν
3607 315 3713 353 πα-

442 384 645 439 tiorum
679 384 943 453 imagines
973 397 1036 437 ac
1072 382 1375 435 simulacra
1396 379 1476 434 illi
1502 379 1892 435 informentur.

512 473 601 528 55.
632 472 889 542 Quisquis
941 470 1178 525 actionis
1222 470 1405 525 cultor
1434 469 1538 535 sit,
1585 469 1716 525 huic
1760 476 2018 539 tanquam

442 563 588 617 servi
618 572 782 631 atque
822 560 1056 625 ancilla,
1090 559 1233 614 ratio
1256 559 1567 630 mentisque
1585 559 1843 629 cogitatio
1871 560 2020 614 labo-

442 659 590 715 rant,
622 653 754 706 dum
785 651 1046 707 studiosae
1068 650 1304 706 actionis
1328 650 1521 705 modos
1548 650 1910 706 adinveniunt
1934 661 2019 704 at-

443 760 551 814 que
574 743 864 807 fabricant,
893 757 1224 813 omnemque
1271 742 1670 812 propemodum
1701 743 1811 796 vim
1863 757 2019 796 suam

443 834 500 889 in
526 834 898 904 nequissimos
947 832 1176 903 spiritus
1201 831 1400 885 actioni
1427 831 1668 885 infensos
1697 831 2018 885 instructam

441 925 651 980 habent
671 934 835 994 atque
852 931 1187 978 contentam.
1208 922 1436 991 Expleta
1455 928 1661 986 autem,
1680 936 1802 990 quae
1818 920 2020 974 actioni

442 1017 648 1083 studet,
678 1016 1044 1086 philosophia,
1075 1030 1236 1084 quam
1261 1013 1511 1067 senarius
1531 1027 1801 1067 annorum
1830 1026 2022 1067 nume-

441 1123 539 1161 rus
572 1106 876 1176 designavit
907 1106 1139 1173 (dictum
1179 1118 1417 1172 namque
1450 1111 1553 1166 est,
1590 1102 1865 1157 senarium
1912 1117 2019 1155 nu-

442 1214 657 1255 merum
688 1213 809 1252 eam
841 1205 1051 1267 partem
1086 1194 1451 1265 philosophiae
1492 1193 1738 1264 symbolo
1787 1191 2017 1256 referre,

440 1307 566 1361 qum
630 1290 901 1345 actionem
960 1286 1114 1358 colit)
1165 1286 1233 1341 ad
1289 1285 1590 1355 spiritalem
1626 1284 1790 1339 liberi
1858 1283 2021 1355 (ratio

441 1384 655 1440 scilicet
703 1380 1011 1449 mentisque
1059 1377 1337 1448 cogitatio)
1389 1363 1781 1443 dimittuntur;
1823 1390 2021 1445 nempe

441 1475 511 1529 ad
553 1473 800 1529 afﬁnium
855 1472 911 1525 in
943 1471 1109 1525 rebus
1162 1469 1441 1523 rationum
1497 1467 2016 1537 contemplationem

441 1573 813 1621 revertantur.

512 1658 599 1712 54.
648 1656 853 1711 Servus
891 1653 1195 1723 alienigena
1245 1665 1308 1705 ac
1343 1649 1543 1704 ancilla
1565 1649 1635 1713 ⁸⁸,
1676 1647 1756 1703 ira
1792 1655 1922 1703 sunt
1965 1659 2023 1703 et

439 1745 740 1816 cupiditas;
772 1758 909 1814 quos
931 1743 1147 1797 animus
1176 1738 1626 1810 contemplationi
1655 1737 1894 1799 deditus.
1920 1752 2022 1808 per

439 1835 821 1891 fortitudinem
861 1849 925 1887 ac
944 1832 1384 1903 temperantiam,
1412 1831 1642 1884 rationis
1667 1842 1889 1898 semper
1918 1829 2021 1883 do-

438 1927 610 1981 minio
640 1926 697 1979 in
726 1925 990 1979 virtutum
1022 1923 1348 1992 obsequium
1376 1922 1689 1991 mancipat;
1722 1919 1868 1974 haud
1900 1934 2030 1975 omo;

440 2016 847 2071 ninolihertate
880 2015 1113 2079 donans,
1159 2022 1322 2068 autve
1351 2010 1868 2074 dimittens,'donee
1919 2025 2020 2064 na—

441 2114 581 2160 tura:
620 2105 706 2159 lex
755 2105 823 2158 ab
860 2102 1091 2173 spiritus
1118 2102 1237 2172 lege
1283 2102 1544 2171 absorpta
1577 2100 1768 2163 fuerit,
1815 2114 1879 2155 ac
1911 2100 1956 2153 si
1988 2113 2021 2152 a

440 2196 553 2249 vita
608 2192 824 2248 infinita
876 2191 1092 2246 misera;
1143 2190 1326 2244 carnis
1374 2204 1543 2253 mors,
1595 2195 1818 2257 totaque
1876 2187 2023 2242 clare

440 2289 635 2341 aeterni
691 2286 844 2356 regni
895 2284 1074 2353 imago
1127 2282 1358 2347 eniteat,
1407 2296 1625 2335 omnem
1667 2279 2019 2349 exemplaris,

443 2376 695 2433 imitandi
728 2377 859 2439 ritu,
900 2373 1132 2429 formam
1178 2388 1494 2442 expressam
1548 2372 1796 2426 habens:
1859 2386 2021 2440 quam

442 2474 638 2522 nactus
665 2463 1115 2534 contemplationi
1148 2463 1381 2519 studens
1406 2462 1647 2526 animus,
1687 2462 1825 2515 iram
1849 2471 1906 2515 et
1929 2477 2025 2516 cu-

442 2554 730 2625 piditatem
755 2554 1010 2608 libertate
1052 2552 1260 2607 donat:
1288 2552 1432 2606 hanc
1465 2551 1721 2620 quidem,
1758 2551 1815 2605 in
1851 2550 2023 2604 divini

444 2646 650 2702 amoris
682 2645 1063 2699 intemeratam
1085 2645 1421 2713 voluptatem
1452 2658 1517 2697 ac
1543 2642 1883 2712 impollutam
1910 2642 2025 2697 ille-

444 2736 664 2790 cebram
688 2742 1050 2799 convertens;
1084 2733 1229 2786 illam
1260 2748 1412 2797 vero,
1446 2732 1503 2785 in
1536 2732 1809 2786 fervorem
1858 2731 2024 2801 spiri-

449 2826 609 2881 talem
633 2839 1029 2893 accensamque
1055 2823 1200 2893 jugis
1229 2831 1412 2878 motus
1434 2823 1784 2893 agitationem
1823 2838 1890 2877 ac
1935 2836 2024 2877 so-

444 2915 628 2970 brium
662 2914 909 2970 furorem
934 2914 1248 2968 traducens.

517 3094 605 3149 55.
629 3093 845 3149 Eterni
875 3093 1031 3162 regni
1061 3092 1239 3161 imago
1267 3106 1332 3145 ac
1365 3091 1716 3145 simulacrum
1736 3128 1751 3154 ,
1780 3098 1866 3144 est
1903 3089 2021 3143 ani-

445 3198 570 3240 mus
599 3182 979 3253 cognoscenda
1014 3182 1245 3235 veritate
1278 3180 1637 3233 immutabilis
1659 3220 1673 3244 ,
1716 3190 2020 3248 sensusque

445 3275 655 3330 virtute
689 3271 921 3328 colenda
947 3272 1334 3340 incorruptus;
1370 3271 1554 3325 animo
1580 3285 1780 3340 nempe
1812 3285 1875 3325 ac
1900 3286 2023 3324 cor—

446 3380 604 3437 pore,
636 3366 754 3421 sola
782 3363 969 3418 divina
1000 3362 1227 3432 spiritus
1255 3362 1371 3432 lege
1412 3361 1557 3415 inter
1603 3377 1663 3416 se
1719 3361 2017 3426 devinctis,

447 3474 512 3513 ea
538 3458 770 3522 ratione,
806 3471 913 3526 qua
954 3468 1151 3510 sensus
1196 3454 1254 3507 in
1293 3452 1452 3522 572
1497 3462 1738 3507 mentem
1792 3452 2025 3522 spiritus

449 3549 830 3603 immutatione
861 3546 1087 3611 transit;
1121 3560 1229 3614 qua
1265 3544 1531 3597 nimirum
1553 3583 1567 3607 ,
1594 3543 1713 3614 jugi
1743 3543 2023 3598 incitatam

448 3649 602 3694 motu
652 3639 959 3706 miramque
1012 3652 1078 3691 ac
1129 3643 1376 3706 vegetam
1408 3634 1595 3688 omnia
1632 3634 2021 3705 pervadentem

449 3726 681 3782 rationis
710 3725 1087 3795 operationem
1115 3725 1359 3790 habent;
1389 3723 1446 3778 in
1465 3740 1576 3794 qua
1606 3724 1759 3778 nulla
1797 3739 2025 3794 prorsus

450 3835 483 3875 a
515 3819 628 3874 Deo
648 3818 1040 3873 dissimilitudo
1063 3817 1326 3871 occurrit.

520 3911 607 3967 56.
635 3908 1007 3980 Cupiditatem
1036 3924 1158 3979 quae
1195 3916 1320 3964 actu
1344 3908 1651 3978 expleatur,
1684 3907 2021 3977 voluptatem

448 4016 572 4058 esse
599 4002 811 4066 dicunt,
844 4016 969 4056 cum
1010 4001 1215 4055 bonum
1257 4014 1501 4070 praesens
1543 3998 1613 4053 ad
1653 3999 1774 4069 ejus
1814 4006 2026 4068 spectet

450 4095 858 4161 definitionem;
890 4095 1229 4164 voluptatem
1248 4090 1454 4146 'autem
1482 4106 1605 4162 quae
1630 4105 1745 4144 non
1776 4099 1902 4144 actu
1930 4105 2025 4145 ex-

451 4186 690 4255 pleatur,
721 4184 1099 4254 cupiditatem,
1137 4190 1199 4236 ut
1222 4181 1289 4236 ad
1310 4182 1470 4251 cujus
1500 4178 1876 4234 deﬁnitionem
1902 4194 2026 4248 spe-

2119 383 2226 437 θῶν
2246 382 2347 446 τὰς
2378 383 2611 446 εἰκόνας.

2186 470 2288 540 νγ’.
2327 473 2496 526 Παντὶ
2544 472 2864 544 πρακτικῷ,
2909 474 3096 539 παιδὸς
3141 476 3239 530 καὶ
3282 478 3592 551 παιδίσκης
3632 481 3715 535 δί-

2118 582 2223 637 κην
2254 565 2345 637 (e),
2381 567 2409 620 6
2446 565 2603 636 λόγος
2631 569 2726 621 καὶ
2770 568 2804 636 ἡ
2857 566 3066 621 διάνοια
3101 568 3386 639 μοχθοῦσι,
3417 572 3555 635 τοὺς
3585 573 3711 626 κατ’

2118 657 2319 727 ἀρετὴν
2348 658 2445 729 τῆς
2473 657 2728 729 πράξεως
2758 658 2996 728 τρόπους
3029 659 3373 725 ἐπινοοῦντες
3398 679 3464 715 τε
3494 662 3596 717 κιτιπιΙ
3619 664 3713 733 δη-

2123 748 2533 818 μιουργοῦντες,
2562 750 2658 803 καὶ
2689 743 2799 802 οἷον
2822 752 3006 804 πᾶσαν
3049 751 3260 805 ἑαυτῶν
3283 753 3428 808 κατὰ
3468 754 3584 807 τῶν
3612 755 3710 809 ἀν-

2118 840 2443 908 τικειμένων
2470 843 2538 911 τῇ
2587 843 2871 912 πρακτικῇ
2906 842 3234 911 πνευμάτων
3276 842 3382 913 τῆς
3430 846 3709 917 πονηρίας

2119 929 2217 999 τὴν
2242 929 2473 1000 δύναμιν
2524 930 2738 1001 ἔχοντες
2780 933 3271 1004 ἀντιτεταγμένην·
3303 934 3708 1007 πληρώσαντες

2119 1020 2174 1073 δὲ
2204 1020 2302 1092 τὴν
2327 1023 2638 1093 πρακτικὴν
2667 1021 3005 1091 φιλοσοφίαν,
3039 1025 3105 1095 ἢν
3126 1027 3153 1079 6
3183 1025 3344 1088 ἕκτος
3372 1027 3489 1079 τῶν
3526 1029 3711 1081 ἐνιαυ-

2120 1112 2226 1164 τῶν
2261 1112 2646 1182 παρεδήλωσεν
2675 1115 2940 1185 ἀριθμός’
3005 1114 3222 1186 εἴρηται
3269 1116 3380 1185 γάρ
3420 1118 3512 1170 ὅτι
3566 1120 3597 1171 6
3649 1118 3711 1183 ἐξ

2121 1202 2370 1272 ἀριθμὸς,
2402 1204 2499 1273 τὴν
2530 1204 2841 1276 πρακτικὴν
2878 1204 3135 1275 σημαίνει
3167 1188 3713 1275 φιλοσοφίανονὲλεῦο

2121 1292 2268 1363 θεροι
2301 1293 2437 1364 πρὸς
2484 1295 2583 1366 τὴν
2638 1296 3022 1366 πνευματικὴν
3068 1297 3419 1360 ἀπολύονται,
3455 1297 3712 1368 δηλονότι

2119 1381 2239 1435 τῶν
2257 1383 2315 1435 ἐν
2341 1386 2452 1448 τοῖς
2478 1380 2599 1438 οὖσι
2634 1385 2913 1454 συγγενῶν
2930 1386 3103 1455 λόγων
3134 1386 3371 1459 θεωρίαν
3401 1390 3711 1461 ἐπανερχό-

2125 1488 2295 1542 μενοι,
2328 1473 2356 1526 ὅ
2389 1490 2447 1525 τε
2475 1473 2631 1543 λόγος
2662 1475 2759 1529 καὶ
2780 1478 2814 1545 ή
2848 1473 3075 1530 διάνοια.

2052 1618 2096 1674 Β
2191 1629 2285 1682 νδ’.
2326 1627 2652 1699 ’Δλλόφυλος
2686 1632 2818 1695 παῖς
2860 1632 2978 1685 ἐστι
3019 1632 3115 1685 καὶ
3145 1632 3434 1707 παιδίσκη,
3470 1635 3505 1688 6
3532 1634 3710 1705 θυμὸς

2122 1720 2216 1773 καὶ
2238 1722 2272 1790 ἡ
2305 1719 2601 1790 ἐπιθυμία·
2633 1719 2727 1786 οὓς
2760 1720 3127 1792 ὑποζεύγνυσι
3152 1723 3241 1778 διά
3270 1725 3479 1790 παντὸς
3507 1729 3581 1798 τῇ
3618 1727 3709 1779 δερ

2122 1810 2352 1882 σποτείᾳ
2379 1810 2473 1865 τοῦ
2497 1812 2680 1880 λόγου,
2710 1812 2848 1884 πρὸς
2873 1812 3182 1884 ὑπηρεσίαν
3206 1814 3314 1869 τῶν
3358 1816 3606 1887 ἀρετῶν,
3639 1817 3709 1871 δι’

2120 1901 2344 1973 ἀνδρίας
2370 1902 2465 1956 καὶ
2497 1904 2852 1975 σωφροσύνης
2887 1904 2917 1957 6
2946 1904 3299 1977 θεωρητηκδς
3323 1906 3475 1970 νοῦς,
3513 1908 3594 1976 μὴ
3633 1908 3712 1962 δι-

2118 1993 2244 2057 δοὺς
2277 1995 2459 2057 αὐτοῖς
2505 1994 2785 2058 παντελῶς
2815 1994 2913 2066 τὴν
2943 1995 3082 2066 πρὸς
3135 1994 3455 2067 ἐλευθερίαν
3483 1998 3709 2066 ἄφεσιν,

2120 2087 2225 2150 ἕως
2253 2085 2318 2140 ἂν
2346 2086 2627 2158 καταποθῇ
2657 2086 2735 2158 τῷ
2767 2087 2916 2158 νόμῳ
2952 2086 3047 2141 τοῦ
3077 2088 3392 2158 πνεύματος
3423 2089 3658 2153 τελείως
3684 2091 3713 2142 6

2121 2182 2219 2252 τῆς
2248 2179 2461 2248 φύσεως
2485 2180 2667 2249 νόμος,
2699 2180 2954 2253 καθάπερ
2985 2181 3089 2235 ὑπὸ
3111 2182 3260 2251 ζωῆς
3283 2183 3543 2253 ἀπείρου,
3576 2199 3711 2252 σαρ-

2123 2273 2218 2337 κὸς
2242 2272 2506 2342 δυστήνου
2533 2271 2785 2338 θάνατος,
2816 2272 2914 2326 καὶ
2962 2275 3112 2327 πᾶσα
3141 2273 3331 2345 δειχθῇ
3361 2273 3631 2344 καθαρῶς
3674 2279 3707 2345 ἠ

2123 2361 2223 2431 τῆς
2252 2362 2488 2431 ἀνάρχου
2519 2360 2797 2431 βασιλείας
2826 2361 3011 2428 εἰκὼν,
3042 2366 3224 2417 πᾶσαν
3253 2364 3455 2435 ἔχουσα
3488 2365 3590 2420 τοῦ
3612 2368 3711 2437 ἀρ·

2121 2450 2356 2521 χετύπου
2385 2452 2472 2505 διὰ
2501 2453 2787 2522 μιμήσεως
2815 2452 2913 2523 τὴν
2948 2455 3184 2526 μορφήν·
3228 2456 3350 2508 καθ’
3380 2457 3451 2527 ήν
3475 2458 3711 2527 γενόμε-

2124 2561 2212 2606 νος
2244 2544 2271 2595 6
2296 2542 2627 2614 θεωρητικὸς
2659 2542 2807 2610 νοῦς,
2861 2545 3181 2616 ἐλευθέρους
3214 2549 3457 2601 ποιεῖται
3508 2549 3604 2602 τόν
3652 2566 3711 2602 τι

2125 2632 2294 2702 θυμὸν
2323 2632 2416 2685 καὶ
2443 2632 2545 2702 τὴν
2575 2631 2893 2701 ἐπιθυμίαν
2919 2634 3019 2703 τὴν
3046 2634 3167 2704 μὲν,
3195 2634 3334 2704 πρὸς
3367 2636 3471 2706 τὴν
3494 2638 3713 2709 axis”-

2121 2740 2214 2776 τον
2238 2719 2332 2775 τοῦ
2363 2720 2508 2775 θείου
2544 2721 2745 2791 ἔρωτος
2791 2723 2985 2795 ἡδονὴν
3017 2725 3110 2777 καὶ
3140 2724 3242 2795 τὴν
3271 2725 3552 2796 ἄχραντον
3582 2728 3705 2781 θὲλο

2127 2813 2208 2878 ξιν
2238 2802 2663 2883 μετασκευάζων
2687 2828 2701 2843 ο
2732 2813 2833 2883 τὴν
2860 2813 2938 2879 δὲ,
2971 2815 3108 2883 πρὸς
3141 2815 3294 2880 ζέσιν
3320 2818 3711 2889 πνευματικὴ-ν

2125 2905 2220 2957 καὶ
2248 2904 2511 2975 διάπυρον
2539 2904 2881 2975 ἀεικινησὶαν
2927 2904 2992 2976 (f)
3046 2907 3140 2959 καὶ
3192 2906 3452 2977 σώφρονα
3504 2910 3710 2979 μανίαν

2127 2995 2526 3067 μεταϐιϐάζων.

2190 3093 2282 3139 νε’.
2325 3087 2587 3159 Ἀνάρχου
2620 3085 2898 3156 βασιλείας
2935 3087 3083 3140 ἐστὶν
3137 3087 3323 3153 εἰκὼν,
3366 3091 3402 3159 ή
3458 3090 3561 3144 τοῦ
3613 3091 3704 3144 νοῦ

2121 3180 2253 3250 περὶ
2281 3179 2380 3248 τὴν
2431 3179 2608 3249 ἀληθῆ
2663 3180 2865 3248 γνῶσιν
2896 3179 3151 3250 άτρεψία,
3182 3182 3275 3234 καὶ
3314 3184 3347 3251 ἠ
3375 3183 3482 3251 τῆς
3510 3183 3709 3253 αἰσθή-

2122 3287 2261 3336 σεως
2298 3272 2425 3342 περὶ
2448 3272 2546 3340 τὴν
2567 3272 2765 3341 ἀρετὴν
2792 3272 3073 3341 ἀφθαρσία
3099 3290 3114 3303 ο
3146 3275 3247 3343 τῆς
3273 3272 3461 3343 ψυχῆς
3491 3275 3593 3328 καὶ
3616 3274 3707 3328 τοῦ

2124 3360 2397 3430 σώματος,
2428 3361 2572 3416 κατὰ
2596 3361 2697 3429 τὴν
2730 3363 2788 3415 ἐν
2830 3361 3104 3431 πνειῃιατι
3132 3362 3270 3432 πρὸς
3318 3362 3412 3415 τὸν
3449 3364 3581 3417 νοῦν
3611 3365 3710 3433 τῆς

2122 3451 2426 3523 αἰσθήσεως
2482 3453 2860 3522 μεταποίησιν,
2895 3452 3040 3522 μόνῳ
3096 3452 3177 3522 τῷ
3222 3452 3355 3524 θείῳ
3404 3454 3561 3524 νόμῳ
3613 3455 3706 3508 τοῦ

2125 3542 2431 3613 πνεύματος
2461 3542 2710 3614 ἀλλήλοις
2738 3544 3160 3614 συνδεδεμένων,
3192 3544 3317 3599 καθ’
3358 3547 3430 3616 ἠν
3459 3546 3561 3616 τὴν
3591 3548 3707 3601 da-

2124 3634 2342 3705 κίνητον
2372 3632 2467 3686 τοῦ
2497 3632 2661 3701 λόγου
2699 3634 2794 3688 καὶ
2824 3635 3009 3700 ζῶσαν
3054 3634 3351 3699 διαπαντὸς
3382 3636 3576 3706 ἔχουσι
3626 3638 3708 3690 δι-

2129 3725 2453 3794 ικνουμένην
2486 3724 2767 3796 ἐνέργειαν
2793 3742 2808 3757 ο
2849 3726 2909 3780 ὲν
2937 3721 2972 3800 ᾖ
3006 3728 3157 3781 πᾶσα
3181 3727 3469 3791 παντελῶς
3502 3728 3708 3781 ἄπεστι

2124 3814 2263 3884 πρὸς
2288 3813 2348 3867 τὸ
2372 3813 2524 3867 Θεῖον
2547 3814 2887 3884 άπέμφασις.

2195 3903 2307 3970 νς.Ι
2347 3904 2780 3977 Ἐνεργουμένην
2836 3905 3136 3976 ἐπιθυμίαν
3192 3906 3361 3975 φασὶν
3406 3902 3552 3960 εἶναι
3608 3908 3709 3977 τὴν

2125 3996 2339 4067 ἡδονὴν,
2372 3995 2535 4067 εἴπερ
2571 3997 2747 4067 παρὸν
2797 3997 3025 4066 ἀγαθὸν,
3053 3997 3196 4051 κατὰ
3224 3997 3316 4051 τὸν
3344 3998 3523 4066 αὐτῆς
3555 3999 3705 4049 ἐστιν

2122 4085 2386 4157 ὁρισμόν
2440 4085 2798 4157 άνενέργητον
2844 4086 2903 4140 δὲ
2950 4087 3164 4159 ἡδονὴν,
3225 4088 3324 4157 τὴν
3378 4087 3718 4156 ἐπιθυμίαν,-

2125 4175 2281 4249 εῖπερ
2312 4175 2505 4247 μέλλον
2534 4177 2756 4248 ἀγαθὸν,
2788 4179 2931 4232 κατὰ
2962 4179 3053 4233 τὸν
3077 4180 3246 4251 αὐτῆς
3271 4181 3418 4231 ἐστιν
3450 4180 3705 4251 ὁρισμόν·

453 4284 566 4331 ctet
604 4276 810 4331 bonum
863 4276 1081 4330 absens.
1126 4273 1289 4336 Iram,
1334 4287 1497 4342 quam
1545 4271 1728 4325 animo
1762 4271 2019 4326 molimur

2127 4267 2216 4321 τὸν
2246 4268 2300 4320 δὲ
2330 4266 2522 4337 θυμὸν,
2555 4269 2749 4338 μανίας
2792 4270 3173 4340 μελετωμὲνην
3204 4270 3442 4339 κίνησιν,
3478 4270 3577 4323 καὶ
3610 4269 3707 4340 τὴν

453 4363 659 4418 furoris
685 4363 1090 4425 incitationem;
1140 4362 1404 4425 furorem,
1450 4374 1613 4430 quam
1662 4360 1782 4428 ipso
1830 4373 2016 4428 opere.

453 4451 560 4519 Qui
585 4468 717 4523 ergo
748 4452 849 4505 has
895 4450 1184 4504 facultates
1217 4448 1417 4502 rationi
1446 4446 1762 4518 subjecerit,
1800 4447 2018 4507 cupidi-

526 4588 573 4619 "
605 4586 777 4642 Exod.
809 4603 918 4653 xxx,
949 4587 984 4641 2
1012 4602 1167 4656 seqq.

526 4717 855 4790 (e)_ﬂat6‘6_c
883 4717 997 4790 θεαί
1011 4717 1335 4790 παιδίσκης
1358 4716 1552 4790 δίκην,
1574 4717 1735 4773 Clara
1769 4718 2012 4790 tropolo-

491 4787 664 4850 ia','de
686 4787 864 4841 servis
904 4787 1167 4852 Hebraeis,
1192 4788 1286 4857 qui
1334 4796 1464 4841 sunt
1500 4787 1561 4840 τὸ
1602 4787 1891 4857 ὁμόφυλον,
1933 4788 2014 4842 sic

494 4858 597 4913 elle
634 4857 761 4912 Pico
795 4872 961 4931 supra
1015 4854 1356 4931 expositum;
1393 4854 1903 4931 quorum:servitus
1943 4857 2013 4931 ad

458 4936 670 4997 tempus
701 4933 866 4997 esset,
890 4926 945 4980 id
970 4935 1072 4990 est,
1114 4927 1169 4980 in
1199 4942 1371 4981 annos
1400 4926 1587 4992 senos;
1619 4926 1795 4997 deque
1837 4928 2014 4997 servis

454 4995 777 5067 alienigenis
799 4997 894 5066 qui
938 4997 993 5050 in
1033 5005 1360 5066 perpetuum
1394 5008 1581 5051 essent
1622 4995 1909 5067 servituri;
1943 4995 2013 5050 de

454 5065 1011 5122 facultatibus’animi
1073 5065 1200 5122 cum
1248 5067 1458 5119 ratione
1503 5076 1558 5119 et
1602 5065 1720 5120 sine
1774 5066 2010 5121 ratione.

451 5135 602 5191 Nihil
623 5137 762 5191 bene
785 5136 964 5199 Picus,
994 5136 1135 5190 Puer
1159 5143 1209 5188 et
1237 5135 1413 5204 puella
1443 5138 1704 5205 negotium
1750 5135 2014 5205 facessunt

458 5206 565 5261 imo
594 5215 763 5267 certe,
786 5206 1091 5275 suscipiunt
1123 5220 1218 5258 seu
1246 5206 1478 5269 habent;
1505 5204 1568 5258 ac
1589 5204 1733 5273 quod
1768 5204 2008 5269 reddidi,

462 5275 719 5329 laborant.
739 5277 795 5328 '0
823 5272 978 5338 ἐκτός
1006 5272 1114 5328 τῶν
1145 5275 1303 5327 ἐτῶν·
1345 5272 1885 5337 αηηοηιιηζςεηατίπιδ,
1914 5290 2018 5326 nu-

453 5359 629 5399 merus
658 5361 678 5399 :
710 5345 849 5399 male
881 5360 1108 5413 prorsus
1137 5344 1301 5399 editis
1324 5352 1464 5409 erat,
1489 5343 1714 5411 ἀρετῶν,
1738 5345 2011 5407 virtutum,

453 5415 559 5467 etsi
585 5415 840 5483 excoquit
860 5414 1044 5470 Picus.
1071 5414 1201 5481 Quae
1230 5415 1376 5468 enim
1418 5428 1561 5468 sonte
1584 5413 1854 5467 virtutes?
1880 5428 2015 5483 qua:

456 5488 641 5538 ternas
664 5480 870 5537 norunt
920 5480 1255 5553 philosophi,
1290 5492 1475 5537 ternas
1520 5483 1789 5551 theologi;
1827 5480 2010 5534 neutri

458 5564 655 5605 senas:
688 5567 791 5607 nec
813 5553 868 5606 in
894 5552 1193 5607 virtutibus
1222 5561 1576 5606 consecratus
1612 5552 1701 5606 hic
1747 5564 2011 5605 numerus

2129 4359 2344 4429 μανίαν,
2369 4358 2539 4428 θυμὸν
2574 4360 2987 4430 ὲνεργούμενον.
3021 4362 3079 4415 '0
3106 4359 3237 4429 γοῦν
3267 4361 3476 4424 ταύτας
3506 4361 3707 4414 ὕποτὰ-

2126 4449 2222 4516 ξας
2249 4449 2326 4521 τῷ
2357 4449 2504 4522 λόγῳ
2533 4452 2632 4515 τάς
2660 4442 2942 4522 δυνάμεις,
2974 4452 3215 4524 εὑρήσει,
3247 4453 3348 4524 τὴν
3381 4454 3486 4523 μὲν
3513 4451 3706 4505 ἐπιθυ-

2116 4731 2223 4797 est,
2248 4722 2368 4797 ipse
2388 4722 2592 4794 alioqui
2621 4725 2679 4797 in
2708 4738 2767 4779 se
2788 4724 3090 4797 perfectus,
3117 4734 3175 4780 et
3199 4725 3442 4797 actionis
3482 4726 3702 4797 symbo-

2118 4792 2473 4863 lumidcirco
2501 4792 2651 4863 quod
2689 4792 3008 4849 sex'diehus
3047 4795 3287 4850 mundus
3302 4792 3566 4851 conditus
3589 4809 3697 4858 est.

2119 4862 2352 4931 septimo
2378 4862 2552 4931 quieti
2588 4863 2828 4925 addicto,
2852 4866 2946 4931 qui
2990 4874 3077 4919 est
3099 4865 3219 4920 dies
3266 4865 3527 4931 Sahbati;
3558 4883 3699 4920 nova

2119 4932 2282 4985 nobis
2308 4932 2588 5004 creatione
2611 4932 2666 4987 in
2697 4933 2843 4988 diem
2872 4932 3227 4989 Dominicum
3253 4935 3543 5004 auspicata
3576 4936 3697 5002 ejus

2120 5003 2530 5073 resurrectione
2567 5014 2864 5073 nostraque
2895 5005 2951 5057 in
2975 5004 3090 5069 illo,
3123 5018 3319 5061 versus
3347 5003 3369 5053 ξ
3409 5020 3514 5073 per
3541 5008 3701 5073 cujus

2117 5070 2437 5144 προεόρτιον
2466 5072 2559 5144 die
2589 5070 3066 5144 magnosahbati,
3112 5087 3234 5127 mea
3277 5070 3535 5144 relegens
3584 5070 3701 5129 hac

2116 5140 2479 5212 subnotaham
2502 5142 2622 5197 Kal.
2655 5140 2833 5212 April.
2872 5142 2985 5198 ind.
3015 5158 3126 5197 xw.

2193 5208 2258 5281 (f)
2292 5209 2591 5279 Διάπυρον
2623 5208 3025 5279 ἁεὶκινησιάν.
3075 5212 3177 5267 Hic
3243 5227 3443 5281 nempe
3504 5212 3694 5277 ardor,

2123 5277 2351 5350 hrecque
2372 5277 2681 5350 proprietas
2713 5277 3129 5350 perfectissima:
3150 5282 3357 5337 divinae
3379 5277 3697 5336 hilaritatis:

2124 5348 2214 5409 Τὸ,
2246 5348 2547 5422 διάττειρόν,
2576 5348 2731 5419 quod
2764 5359 2905 5422 erat,
2962 5367 3066 5422 nec
3124 5352 3298 5422 probe
3339 5351 3535 5407 Graeca
3568 5366 3696 5415 vox,

2120 5432 2224 5499 nec
2244 5418 2542 5499 quidquam
2591 5418 2738 5489 apta.
2772 5420 2922 5476 Pico.
2957 5418 3207 5493 Ignotum
3235 5432 3556 5492 perpetuum
3584 5435 3697 5477 ow-

2119 5494 2231 5540 tum
2259 5504 2272 5542 :
2303 5494 2434 5555 imo,
2469 5505 2771 5547 accensum.
