3930 6324
230 239 370 302 1285

896 226 1226 290 CAPITUM
1259 217 1678 295 QUINQUIES
1716 213 2233 274 CENTENORUM
2273 211 2664 271 CENTURIA
2713 207 2830 268 III.

3343 199 3478 264 1-5286

228 347 380 416 μίαν,
413 327 562 410 αὖτῷ
593 336 884 408 γινομένην
918 333 1132 404 ἡδονὴν,
1187 329 1330 383 κατὰ
1377 329 1476 396 τὴν
1522 327 1577 377 ὲν
1613 323 1796 392 χάριτι

1930 329 2068 374 atem
2105 319 2158 372 in
2193 320 2536 388 voluptatem
2567 315 2854 378 transisse,
2891 327 2990 382 per
3025 309 3192 366 animi
3219 327 3342 366 cum
3367 312 3480 366 Deo

226 413 364 509 ατρὸς
395 436 452 488 τὸ
480 435 632 488 Θεῖον
676 431 774 500 τῆς
817 429 994 497 ψυχῆς
1023 426 1288 494 ἄχραντον
1320 419 1670 488 συμπλοκήν·
1711 413 1800 466 τὸν

225 502 289 583 δέ
315 528 504 596 θυμὸν,
539 523 687 588 ζέσιν
716 521 1010 589 ἀκήρατον,
1042 516 1140 584 τῆς
1172 513 1298 584 περὶ
1325 511 1384 562 τὸ
1414 509 1564 561 Θεῖον
1609 502 1802 596 ἡδονῆς

229 617 626 691 φρουρητικὴν,
679 613 773 666 καὶ
827 609 1081 679 σώφρονα
1125 603 1340 675 μανίαν,
1377 601 1473 668 τῆς
1521 596 1662 649 κατᾶ
1705 591 1802 661 τὴν

229 715 419 780 ἔφεσιν
451 709 553 776 τῆς
575 705 754 774 ψυχῆς
792 700 1078 766 θελκτικῆς
1125 697 1406 762 δυνάμεως
1433 688 1542 756 ἁκπὸ
1580 686 1686 738 τῶν
1717 683 1796 735 ὗν-

228 821 340 856 των
371 799 592 860 τελείως
630 791 982 860 ἐκστατικὴν.
1022 787 1232 841 Οὐκοῦν
1267 785 1370 846 ἓως
1401 784 1460 834 ὲν
1497 781 1632 848 ἡμῖν
1658 777 1686 828 ὁ
1715 775 1804 826 κό-

234 909 374 962 σμος
407 891 495 958 ζῇ,
531 887 628 939 καὶ
659 887 690 955 ἡ
719 883 856 953 πρὸς
883 880 951 933 τὰ
998 877 1158 931 ύλικὰ
1201 874 1298 942 τῆς
1351 869 1528 938 ψυχῆς
1559 863 1804 962 ἑκούσιος

233 953 530 1053 diana-ou
572 977 654 1030 δεῖ
680 953 914 1033 ταύταις
945 968 1204 1037 παρέχειν
1233 959 1542 1028 ἐλευθερίαν
1571 957 1688 1016 ταῖς
1717 953 1806 1005 δυ-

233 1041 458 1142 νάμεσι,
515 1067 712 1138 μήπως
771 1063 1012 1133 μιγεῖσαι
1051 1059 1162 1120 τοῖς
1191 1053 1468 1122 αἰσθητοῖς
1495 1047 1570 1109 ὼς
1602 1041 1805 1116 ὁμοφύ-

235 1134 370 1225 λοις,
425 1134 780 1227 πολεμήσωσι
823 1155 924 1219 τὴν
965 1150 1166 1219 ψυχὴν,
1213 1147 1310 1198 καὶ
1351 1142 1590 1196 λάϐωσιν
1637 1134 1806 1204 αὐτὴν

235 1251 574 1322 δορυάλωτον
623 1242 998 1314 γεγενημένην
1056 1242 1170 1300 τοῖς
1225 1229 1597 1304 meamne;
1639 1227 1806 1280 πάλαι

235 1319 340 1413 την
369 1339 746 1411 Ἰερουσαλὴμ,
780 1337 830 1387 οἱ
887 1330 1245 1386 Βαϐυλώνιοι.
1307 1327 1411 1378 Tbv
1469 1323 1578 1393 γὰρ
1635 1319 1807 1373 αἰῶνα

237 1435 366 1488 καθ’
394 1409 454 1486 δν
483 1431 610 1492 τοὺς
655 1425 988 1494 ἀλλοφύλους
1038 1422 1236 1482 παῖδας
1261 1415 1540 1472 δουλεύειν
1571 1413 1598 1464 ὁ
1647 1409 1808 1478 νόμος

239 1526 523 1588 ἐκέλευσε,
557 1523 656 1592 τὴν
711 1520 846 1592 πρὸς
893 1517 988 1571 τὸν
1019 1517 1224 1584 κόσμον
1255 1511 1462 1572 τοῦτον,
1498 1509 1664 1578 ἤγουν
1710 1504 1809 1570 τὴν

241 1616 527 1686 παροῦσαν
551 1611 718 1682 ζωὴν,
747 1607 1036 1678 γνωμικὴν
1070 1605 1170 1674 τῆς
1202 1603 1382 1673 ψυχῆς
1416 1599 1656 1667 ὲσήμανε
1690 1592 1808 1686 axe-

1909 412 2252 480 impollutam
2281 409 2338 462 in
2361 407 2538 478 gratia
2557 406 2922 460 cohazsionem
2945 401 3214 465 inveniet;
3231 400 3481 468 iramque

1908 505 1966 558 in
1999 506 2390 558 intemeratum
2449 487 2722 554 fervorem
2749 538 2762 560 ,
2791 494 3090 564 voluptatis
3128 493 3272 548 circa
3309 493 3480 545 Deum

1906 597 2204 659 vindicem,
2243 596 2604 663 sobrimnque
2653 593 2952 652 fervorem,
3017 601 3149 656 quo,
3205 583 3482 638 desiderio

1907 693 2160 745 mulcens
2199 699 2254 742 et
2283 687 2606 740 illecebrosa
2651 683 2818 738 animi
2870 681 3098 735 facultas
3122 717 3136 738 ,
3187 676 3424 746 perfecte
3454 691 3482 730 a

1909 783 2080 836 rebus
2113 779 2350 834 excedit.
2387 777 2640 844 Quandiu
2671 775 2838 844 igitur
2863 773 3103 826 mundus
3133 772 3188 824 in
3213 771 3374 824 nobis
3399 771 3474 822 vi-

1908 875 2008 938 vit,
2043 871 2464 937 voluntariaque
2509 867 2680 922 animi
2725 865 2790 920 ad
2835 880 2924 918 res
2955 873 3200 917 terrenas
3241 861 3480 924 aifectio,

1911 961 2218 1016 cavendum
2241 959 2402 1012 nobis
2433 973 2500 1010 ne
2523 955 2622 1008 has
2645 954 2794 1008 vires
2821 953 3074 1006 libertate
3103 952 3391 1014 donemus,
3419 967 3486 1004 ne

1911 1057 2055 1108 forte
2085 1067 2210 1106 cum
2245 1051 2414 1104 rebus
2449 1048 2504 1101 in
2542 1061 2766 1101 sensum
2803 1043 3128 1100 cadentibus
3171 1044 3324 1096 Velut
3362 1059 3486 1096 cum

1913 1144 2210 1200 tribulibus
2236 1141 2558 1200 commistaz,
2591 1137 2833 1192 animum
2863 1137 3010 1189 bello
3050 1143 3282 1198 tentent,
3308 1134 3484 1188 vitiis-

1911 1251 2018 1305 que
2065 1249 2126 1288 ae
2169 1233 2460 1288 affectibus
2509 1229 2826 1284 dedititium
2881 1228 3269 1298 captivumque
3320 1227 3488 1296 (haud

1911 1342 2072 1384 secus
2115 1341 2180 1380 ac
2217 1325 2345 1380 olim
2391 1323 2674 1394 Babylonii
2703 1319 3064 1392 Jerosolyma)
3095 1320 3332 1390 capiant.
3377 1317 3488 1370 Str-

1913 1416 2100 1469 culum
2141 1412 2288 1466 enim
2319 1451 2332 1472 ,
2369 1427 2478 1480 quo
2511 1417 2626 1464 toto
2655 1411 2742 1464 lex
2781 1425 2972 1464 servos
3005 1409 3342 1478 alienigenas
3371 1422 3488 1460 ser-

1913 1507 2032 1562 vire
2075 1512 2433 1574 praeceperat,
2463 1518 2582 1558 eam
2605 1519 2729 1571 quae
2769 1502 2976 1555 mentis
3003 1500 3279 1554 sententia
3303 1513 3367 1552 ac
3396 1515 3490 1550 vo-

1907 1597 2147 1656 luntate,
2178 1594 2244 1648 ad
2283 1592 2546 1646 mundum
2579 1592 2744 1645 istum
2791 1591 2880 1660 (ad
2915 1606 3034 1644 eam
3075 1589 3288 1644 scilicet
3325 1603 3492 1658 quam

243 1725 332 1760 σιν
360 1709 388 1760 ὁ
417 1707 598 1772 λόγος,
647 1703 736 1756 διὰ
767 1699 874 1754 τῶν
919 1696 1314 1769 ἱστορουμένων
1349 1687 1710 1762 παραδεικνὺς
1743 1684 1810 1736 τά

1930 1691 1974 1740 in
1997 1701 2064 1740 eo
2107 1685 2344 1738 vivimus
2379 1681 2582 1752 vitam)
2619 1681 2840 1734 aﬂ'ectio
2886 1695 2950 1734 ac
2977 1679 3150 1732 libido
3191 1688 3275 1732 est
3299 1719 3314 1742 ,
3347 1677 3494 1732 Scri-

239 1795 364 1846 νοού
375 1809 531 1862 μενα.

323 2048 416 2112 νζ’.
461 2045 764 2115 Ἦργμένον
805 2043 974 2110 λέγει,
1023 2041 1083 2094 τὸ
1124 2039 1325 2094 κακόν·
1360 2038 1536 2109 ἀρχὴν
1566 2036 1676 2106 γὰρ
1705 2035 1817 2106 ἔχει

243 2140 348 2209 τὴν
372 2138 526 2207 ἡμῶν
557 2135 706 2206 παρὰ
750 2134 909 2202 φύσιν
943 2133 1156 2203 κίνησιν
1179 2149 1192 2162 ·
1226 2133 1324 2185 οὐκ
1347 2129 1620 2202 ἠργμένον
1654 2127 1728 2194 δὲ,
1759 2127 1819 2178 τὸ

245 2231 456 2300 ἀγαθόν
489 2229 587 2299 (9)·
621 2229 726 2298 πρὸ
757 2227 959 2290 παντὸς
997 2226 1105 2294 γὰρ
1129 2224 1324 2286 αἰῶνος
1347 2223 1439 2276 καὶ
1473 2222 1686 2291 χρόνου,
1717 2221 1818 2286 φύ-

247 2339 337 2376 σει
373 2322 433 2374 τὸ
461 2321 685 2388 ἀγαθόν.
725 2318 932 2384 Nor,th
961 2315 1110 2383 λέγει
1145 2316 1202 2367 τὸ
1231 2313 1454 2380 ἀγαθὸν,
1491 2313 1518 2364 ὃ
1547 2313 1628 2363 δεῖ
1661 2311 1817 2380 μόνον

247 2403 424 2466 νοεῖν·
463 2413 522 2465 ού
579 2410 766 2479 νοητὸν
805 2411 882 2472 δὲ,
917 2410 978 2460 τὸ
1023 2407 1211 2468 κακὸν,
1249 2407 1386 2475 ὅπερ
1423 2406 1503 2458 δεῖ
1553 2404 1712 2472 μόνον
1747 2401 1818 2470 μὴ

249 2507 394 2558 νοεῖν
421 2519 434 2534 ·
473 2503 636 2574 ῥητὸν
663 2502 720 2554 δὲ
746 2501 896 2568 λέγει
929 2503 988 2552 τὸ
1025 2498 1250 2572 ἀγαθὸν,
1287 2498 1418 2550 αὐτὸ
1443 2495 1549 2566 γὰρ
1589 2495 1669 2546 δεῖ
1724 2494 1820 2563 μὸ-

249 2613 344 2649 νον
374 2593 672 2647 λαλεῖσθαι.
707 2593 818 2644 Καὶ
855 2591 1136 2660 γινόμενον
1160 2589 1310 2654 λέγει
1344 2587 1404 2639 τὸ
1430 2585 1650 2652 ἀγαθόν·
1683 2583 1822 2635 κατᾶ

251 2686 418 2755 φύσιν
439 2685 548 2756 γὰρ
583 2684 826 2754 ὑπάρχον
862 2681 1176 2751 ἀγέννητον,
1211 2677 1352 2732 κατὰ
1395 2677 1554 2746 χάριν
1581 2675 1668 2726 διὰ
1699 2674 1816 2740 φιλ-

255 2777 574 2848 ανθρωπίαν
603 2777 732 2845 παρ’
759 2774 918 2844 ἡμῶν
952 2775 1204 2842 ἀνέχεται
1231 2768 1503 2837 γίνεσθαι,
1545 2767 1681 2836 πρὸς
1724 2768 1823 2834 τὴν

251 2870 416 2939 ἡμῶν
443 2869 550 2920 τῶν
587 2868 882 2920 ποιούντων
917 2865 1008 2917 καὶ
1034 2862 1342 2914 λαλούντων
1371 2859 1652 2918 ὲκθὲωσιν,
1687 2857 1824 2924 ὅπερ

249 2963 341 3013 δεῖ
373 2958 678 3026 μονώτατον
706 2954 979 3024 γίνεσθαι·
1015 2953 1074 3004 οὐ
1107 2948 1428 3019 ποιούμενον
1455 2947 1509 2998 δὲ
1546 2945 1606 2998 τὸ
1637 2943 1822 3000 κακῦν.

252 3055 396 3120 ὅπερ
424 3051 504 3102 δεῖ
535 3050 693 3118 μόνον
731 3048 804 3117 μὴ
840 3043 1108 3112 γίνεσθαι.
1147 3039 1392 3110 Φθαρτὺν
1437 3037 1586 3106 λέγει
1616 3037 1674 3088 τὸ
1725 3053 1827 3088 κα⁴
1855 3037 1894 3070 ιι

255 3144 388 3196 κύν’
427 3142 600 3212 φθορὰ
633 3137 743 3210 γάρ
779 3143 926 3192 ἐστιν
958 3140 990 3206 ἡ
1025 3137 1118 3189 τοῦ
1157 3132 1330 3188 κακοῦ
1368 3131 1550 3202 φύσις,
1581 3127 1829 3198 οὐδαμῶς

258 3233 386 3286 κατ’
413 3233 564 3284 οὐδὲν
593 3229 826 3298 ὕπαρξιν
853 3228 1050 3296 ἔχουσα
1071 3242 1085 3254 ⁶
1127 3223 1402 3292 ἄφθαρτον
1433 3222 1489 3274 δὲ
1521 3221 1581 3272 τὸ
1605 3218 1828 3285 ἀγαθὸν,

257 3325 341 3385 ὡς
367 3324 453 3376 ἀεὶ
503 3323 580 3386 ὃν,
631 3322 724 3374 καὶ
759 3320 1024 3390 μηδέποτε
1069 3317 1162 3369 τοῦ
1200 3312 1339 3367 εἶναι
1373 3313 1700 3382 παυόμενον,
1737 3311 1832 3362 καὶ

261 3419 485 3471 ⁸κίειν-των
516 3411 595 3478 οἷς
625 3414 932 3482 ἐγγίνηται,
961 3407 1349 3480 φρουρητικὸν.
1377 3405 1548 3458 Τοῦτο
1579 3403 1728 3472 γοῦν,
1755 3402 1832 3470 τῷ

267 3509 370 3579 μὲν
401 3504 712 3574 λογιστικῷ,
752 3501 1018 3572 ζητοῦμεν
1040 3518 1052 3530 ·
1103 3499 1181 3568 τῷ
1209 3499 1263 3552 δὲ
1293 3492 1694 3568 ἐπιθυμητικῷ,
1735 3510 1832 3544 ποα

266 3597 469 3668 οοῦμεν
494 3613 505 3626 ·
541 3597 618 3666 τῷ
651 3596 706 3646 δὲ
753 3594 990 3664 θυμικῷ,
1023 3592 1364 3660 φυλάττομεν
1407 3589 1604 3643 ἄσυλον
1631 3605 1642 3618 ·
1681 3585 1756 3654 τῷ
1790 3585 1833 3638 δ’

266 3687 576 3760 αἰσθητικῷ
620 3688 740 3741 κατ’
788 3689 1118 3754 ἐπιστήμην,
1154 3685 1353 3751 ἀμιγὲς
1381 3683 1512 3735 αὐτὸ
1538 3682 1646 3733 τῶν
1680 3685 1832 3734 ἐναν-

263 3783 400 3838 τίων
425 3782 773 3852 διακρίνομεν
792 3795 804 3808 ·
845 3778 922 3847 τῷ
949 3777 1003 3828 δὲ
1031 3771 1342 3844 φωνητικῷ,
1375 3773 1662 3835 λαλοῦντες
1706 3773 1836 3824 αὐτὸ

267 3873 534 3942 ποιοῦμεν
581 3874 693 3934 τοῖς
745 3867 999 3937 ἀγνοοῦσι
1052 3865 1311 3934 φανερόν·
1369 3862 1568 3932 καὶτῷ
1604 3862 1834 3932 γονίμῳ,

267 3963 616 4034 πληθύνομεν
643 3961 775 4014 αὑτό
796 3977 808 3989 ·
877 3956 1076 4028 μᾶλλον
1126 3954 1170 4006 δ’
1219 3951 1416 4023 ἀληθὲς
1447 3953 1643 4016 εἰπεῖν,
1675 3955 1836 4023 ἡμεῖς

247 4055 392 4109 κατ’
419 4052 550 4106 αὐτὸ
582 4047 990 4120 πληθυνόμεθα.

1918 1787 2078 1848 ptura
2101 1774 2432 1846 significavit
2455 1791 2470 1838 ;
2497 1789 2595 1842 per
2643 1787 2706 1826 ea
2733 1787 2856 1840 quae
2886 1778 3036 1841 gesta
3079 1777 3399 1826 narrantur.
3426 1783 3491 1820 ea

1917 1886 2038 1938 qua:
2081 1866 2318 1938 spiritali
2345 1879 2510 1920 sensu
2543 1861 2900 1932 intelligenda
2931 1869 3080 1926 sunt,
3129 1859 3310 1914 obiter
3353 1857 3493 1912 indi—

1919 1974 2069 2012 cans.
2309 2005 2312 2010 .

1989 2049 2076 2102 57.
2109 2046 2308 2100 Malum
2343 2053 2630 2113 occeptum
2664 2042 2800 2096 dicit
2831 2060 2842 2094 :
2877 2042 3080 2111 quippe
3115 2055 3238 2094 cum
3271 2039 3495 2096 innatu-

1921 2139 2089 2192 ralem
2139 2145 2348 2190 motum
2403 2143 2654 2188 nostrum
2699 2133 2968 2203 originem
3019 2132 3236 2186 habeat.
3285 2131 3496 2184 Bonum

1919 2243 2102 2288 autem
2125 2247 2236 2286 non
2259 2237 2578 2300 occeptum;
2603 2226 2749 2296 (μιοά
2773 2225 3034 2280 nimirum
3051 2233 3244 2278 natura
3269 2224 3494 2284 bonum,

1919 2325 2068 2380 omni
2095 2333 2340 2393 tempore
2374 2337 2602 2389 aevoque
2627 2317 2876 2374 anterius
2910 2323 3013 2372 est.
3045 2314 3394 2388 lutelligibile
3417 2313 3500 2366 «li-

1921 2419 1997 2472 eit
2027 2418 2252 2478 bonum,
2281 2413 2428 2483 quod
2467 2415 2646 2466 solum
2686 2420 2746 2464 ut
2772 2411 3144 2480 intelligamus
3173 2425 3351 2477 Operae
3369 2423 3498 2476 pre-

1923 2511 2058 2562 tium
2119 2517 2378 2560 est:non
2431 2504 2775 2571 intelligibile
2823 2509 3008 2555 autem
3053 2499 3292 2558 nmium,
3349 2497 3497 2568 quod

1923 2601 2100 2652 solum
2140 2613 2250 2650 non
2287 2595 2590 2663 inteiligcre
2639 2610 2734 2648 seu
2781 2595 3022 2661 cogitare
3057 2591 3216 2644 nobis
3261 2597 3496 2658 pra'stet.

1923 2691 2094 2744 Porro
2117 2687 2336 2741 fumium
2367 2695 2522 2738 vocat
2545 2686 2748 2738 bonum
2772 2723 2786 2747 ,
2821 2683 2964 2751 quod
3003 2683 3176 2750 ipsum
3205 2681 3378 2734 soium
3403 2696 3502 2732 nos

1925 2780 2070 2847 loqui
2099 2795 2197 2847 par
2229 2785 2340 2840 est,
2385 2778 2630 2844 dicitque
2663 2776 2866 2828 bonum
2899 2789 3018 2827 esse
3053 2771 3198 2840 quod
3245 2771 3324 2834 fit,
3355 2770 3502 2840 quod

1926 2885 2048 2924 cum
2079 2853 2276 2922 natura
2305 2867 2608 2935 ingenitum
2653 2865 2722 2918 sit
2745 2881 2808 2918 ac
2845 2879 2952 2916 non
2993 2861 3220 2924 factum,
3254 2861 3324 2914 ob
3351 2875 3501 2912 sum-

1929 2977 2070 3012 mam
2109 2959 2523 3027 benignitatem,
2561 2966 2620 3010 ut
2651 2973 2680 3012 a
2709 2957 2892 3019 nobis,
2920 2954 2990 3008 ob
3011 2963 3258 3008 nostram
3291 2953 3382 3020 qui
3413 2951 3496 3004 fa-

1936 3053 2110 3106 cimus
2156 3060 2320 3118 atque
2365 3050 2646 3117 loquimur
2685 3047 3106 3108 deificationem,
3137 3061 3234 3114 per
3275 3043 3502 3114 gratiam

1941 3145 2052 3204 fiat,
2103 3142 2430 3210 propensius
2455 3139 2729 3204 admittit;
2767 3138 2912 3207 quod
2959 3153 3130 3190 unum
3167 3135 3398 3190 maxime
3443 3150 3506 3186 ac

1939 3234 2432 3302 singularissimum
2479 3233 2618 3294 ﬁeri,
2655 3247 2834 3299 Operm
2883 3231 3118 3299 pretium
3154 3239 3274 3282 est:
3305 3227 3505 3282 malum

1941 3341 2070 3380 vero
2097 3325 2242 3394 quod
2271 3340 2380 3378 non
2407 3324 2520 3386 fiat,
2551 3322 2698 3390 quod
2725 3323 2900 3375 solum
2933 3337 3044 3374 non
3069 3319 3226 3388 573
3261 3317 3378 3372 fieri
3421 3319 3507 3370 de-

1940 3425 2078 3470 ceat.
2123 3414 2496 3483 Corruptibile
2547 3413 2748 3466 malum
2781 3413 3028 3465 vocitat:
3071 3421 3158 3464 est
3193 3410 3340 3464 enim
3388 3424 3510 3462 cor-

1939 3507 2120 3576 ruptio
2155 3505 2282 3560 mali
2329 3515 2548 3568 natura,
2581 3519 2702 3572 qua:
2739 3503 2942 3556 nullam
2985 3515 3212 3570 prorsus
3243 3499 3510 3554 exsisten-

1939 3599 2064 3652 tiam
2085 3605 2178 3652 aut
2207 3596 2564 3652 substantiam
2593 3595 2790 3649 habeat
2825 3612 2836 3646 :
2873 3593 3074 3646 bonum
3117 3600 3298 3644 autem
3333 3591 3512 3642 inccr-

1939 3687 2218 3756 ruptibile,
2255 3695 2316 3739 ut
2348 3685 2489 3756 quod
2517 3687 2588 3740 sit
2617 3701 2854 3754 semper,
2875 3692 2930 3739 et
2953 3699 3230 3752 nunquam
3270 3697 3392 3736 esse
3417 3679 3512 3732 de-

1941 3780 2102 3844 sinat,
2138 3794 2202 3832 ac
2223 3779 2424 3846 quibus
2455 3779 2615 3838 inest,
2649 3777 3076 3830 incolumitatem
3107 3791 3172 3828 ac
3197 3782 3510 3844 perennita-

1943 3880 2052 3922 tam
2095 3869 2314 3921 tribuat.
2363 3867 2514 3922 Istud
2551 3867 2713 3936 igitur
2750 3867 2964 3932 (nempe
3004 3865 3226 3934 bonum)
3259 3865 3512 3918 facultate

1942 3959 2168 4014 rationis
2208 3957 2542 4027 qumrimus;
2575 3954 2876 4024 cupiditate
2921 3971 3168 4008 amamus
3201 3969 3264 4008 ac
3295 3955 3512 4008 deside—

1943 4065 2160 4116 ramus;
2194 4049 2296 4112 ira,
2329 4047 2646 4102 inviolabile
2677 4061 2996 4110 servamus;
3021 4061 3217 4102 sensus
3253 4045 3512 4099 facultate

263 4160 372 4216 per
403 4144 686 4200 scientiam
721 4159 784 4196 ac
821 4141 1130 4202 solertiam,
1171 4135 1570 4192 incommistum
1631 4137 1808 4206 ipsum
1845 4155 1874 4194 a
1915 4142 2202 4198 contrariis
2242 4141 2639 4206 discernimus;
2687 4139 2837 4194 vocis
2900 4153 3140 4208 organo,
3184 4137 3252 4192 ad
3297 4153 3391 4191 eos
3420 4137 3514 4206 qui

267 4234 540 4299 nesciant,
561 4226 1528 4302 loquendomanifestamus;genitali
1561 4225 1840 4294 facultate,
1881 4230 2058 4300 ipsum
2107 4232 2564 4302 multiplicamus;
2609 4245 2706 4286 seu
2776 4229 2980 4300 potius,
3015 4239 3076 4283 ut
3141 4245 3268 4283 vere
3313 4229 3512 4294 dicam,

265 4343 343 4386 cx
367 4327 486 4397 ejus
519 4340 620 4378 nos
642 4321 946 4377 rationibus
975 4321 1420 4390 multiplicamur.

349 4443 449 4515 νη’.
483 4445 574 4496 Δεῖ
599 4443 692 4495 τὸν
729 4439 1060 4510 θεωρητικὸν
1089 4437 1232 4503 νοῦν,
1269 4436 1623 4508 βασιλεύοντα
1653 4437 1760 4491 τῶν
1787 4441 1824 4491 ἐπ

2019 4439 2108 4494 58.
2141 4439 2332 4509 Opera:
2383 4439 2622 4508 pretium
2653 4447 2738 4493 est
2774 4445 3014 4492 mentem
3063 4439 3512 4508 contemplationi

269 4539 389 4598 τοῖς
413 4531 531 4588 οὖσι
563 4533 850 4604 νοημάτων
883 4549 942 4583 τε
991 4531 1086 4583 καὶ⁵
1131 4529 1440 4600 θεαμάτων,
1489 4531 1584 4584 καὶ
1613 4530 1724 4583 τῶν
1761 4533 1842 4584 oi-

273 4626 444 4681 κείων
481 4623 822 4693 κινημάτων,
856 4621 966 4685 ἓξιν
1011 4621 1204 4688 ἄγονον
1235 4619 1377 4690 ἔχειν
1409 4619 1608 4684 κακίας
1631 4637 1646 4652 ο
1685 4637 1841 4674 τουτ-

276 4719 418 4778 έστι,
454 4713 652 4767 κακίαν
687 4713 824 4782 μήτε
860 4709 1336 4779 συλλαμϐάνουσαν
1369 4709 1669 4776 παντελῶς,
1707 4713 1843 4779 μήτε

274 4805 572 4860 τίκτουσαν
592 4819 606 4835 ο
637 4805 720 4872 ἐφ’
745 4798 813 4876 ἧς
841 4801 1002 4854 αὑτὸν
1030 4801 1110 4853 δεῖ
1165 4799 1292 4871 περὶ
1321 4799 1552 4864 θεωρίαν
1587 4801 1842 4871 κινούμε-

278 4911 372 4946 νον
419 4891 699 4962 φέρεσθαι,
735 4891 932 4960 μήπως
984 4887 1365 4957 πνευματικὴν
1398 4887 1721 4957 ποιούμενος
1749 4891 1848 4958 τὴν

276 4985 392 5038 τῶν
446 4985 612 5038 ὄντων
656 4981 962 5050 διάσκεψιν,
1026 4979 1530 5050 λαθὼν-περιπέσῃ
1587 4981 1692 5033 τινὶ
1743 4981 1851 5033 τῶν

281 5075 683 5147 παραφθείρειν
738 5074 826 5128 διὰ
874 5073 1018 5136 τινὸς
1061 5073 1168 5124 τῶν
1205 5071 1482 5141 αἰσθητῶν
1531 5071 1852 5141 πεφυκότων

376 5236 615 5307 ’Dionys.
641 5237 702 5290 de
729 5239 831 5292 div.
865 5253 1006 5290 nom.

361 5391 434 5462 (gl
483 5393 806 5460 Ἦρῃιένον
865 5393 932 5446 τὸ
991 5394 1210 5446 κακόν·
1270 5393 1380 5444 οὐκ
1427 5387 1724 5460 ἠργμένον
1785 5395 1850 5447 τὸ

285 5463 530 5530 ἀγαθόν.
571 5463 802 5531 ϐίεριιηη
823 5463 1022 5516 nmium
1047 5481 1064 5526 ;
1092 5465 1284 5516 bonum
1311 5479 1414 5514 non
1439 5463 1852 5531 ca'ptmn;cujus

289 5521 575 5606 uin-iusque
607 5521 751 5586 clara
772 5521 1169 5606 ratioMavimo
1202 5531 1396 5606 tradita
1425 5549 1436 5582 :
1467 5521 1612 5598 quod
1643 5521 1846 5606 malum

295 5615 324 5651 a
361 5600 516 5656 nobis
549 5613 843 5671 nostraque
879 5603 1284 5662 sitvoluntate;
1319 5600 1524 5654 bonum
1565 5610 1745 5657 autem
1791 5603 1846 5656 in

1949 4527 2212 4592 deditam,
2239 4543 2360 4597 qua!
2390 4529 2780 4582 cxsistentibus
2809 4529 2862 4580 in
2893 4528 3056 4581 rebus
3093 4527 3416 4583 notionibus
3451 4547 3516 4584 ac

1952 4621 2398 4690 speculabilibus,
2449 4621 2670 4688 suisque
2711 4620 2826 4688 ipsa
2871 4621 3112 4675 motibus
3159 4621 3512 4682 dominetur.

1951 4710 2250 4764 infecundo
2285 4711 2402 4764 vitii
2442 4726 2506 4764 ac
2539 4711 2758 4764 malitiae
2793 4711 2982 4765 habitu
3031 4712 3316 4780 praeditam
3347 4728 3466 4768 esse
3501 4730 3516 4765 :

1951 4800 2226 4870 ejusmodi
2247 4801 2458 4854 scilicet
2493 4801 2704 4864 habitu,
2760 4801 2855 4870 qui
2903 4817 3006 4855 nec
3059 4802 3251 4856 vitium
3291 4817 3356 4856 ac
3401 4819 3519 4858 ma-

1949 4891 2126 4944 litiam
2171 4891 2398 4944 omnino
2447 4891 2744 4960 concipiat,
2805 4907 2984 4961 neque
3039 4893 3254 4961 pariat:
3285 4909 3393 4961 quo
3438 4893 3522 4946 in-

1949 4989 2237 5046 structam,
2263 4982 2396 5036 ferri
2427 4999 2546 5037 eam
2571 4984 2731 5038 decet
2756 4993 2918 5053 atque
2943 4985 3150 5038 moveri
3183 4985 3246 5039 ad
3277 4993 3524 5038 contem‘

1951 5073 2284 5142 plationem;
2313 5089 2382 5128 ne
2405 5073 2544 5128 forte
2560 5075 2688 5129 dum
2715 5075 2945 5144 spiritali
2967 5091 3150 5130 rerum
3189 5075 3520 5145 inspectioni

1961 5403 2072 5448 tota
2100 5409 2196 5447 sua
2213 5392 2502 5446 latitudine
2523 5393 2802 5448 abstrahat
2819 5396 2886 5450 ab
2902 5411 2968 5450 eo
2988 5395 3132 5462 quod
3151 5403 3230 5449 est
3255 5391 3518 5461 NBpiSF-(f;

1955 5465 2098 5532 quod
2141 5465 2212 5516 sit
2245 5463 2448 5532 bonum
2481 5474 2700 5526 natura,
2729 5465 2904 5532 ipsum
2953 5475 3216 5518 :eternum
3247 5463 3520 5530 Deusan.

1947 5531 2188 5601 Insipide
2225 5531 2386 5584 Picus
2435 5541 2490 5585 et
2531 5531 2893 5603 ἀφιλοσόφως,
2931 5534 3134 5588 malum
3169 5539 3520 5596 coarctatum,

1946 5604 2138 5656 bonum
2169 5619 2268 5654 non
2301 5609 2584 5656 m'ctalum.
