3930 6324
479 174 612 239 1287

1644 166 1704 225 S.
1746 164 2033 226 ΜΑΧῙΜΙ
2067 161 2579 226 CONFESSORIS

3624 151 3762 216 1288

477 281 838 355 impenditur,
865 278 1186 352 imprudens
1228 279 1284 334 in
1329 276 1647 349 quempiam
1685 275 2055 346 nequissimo-

2166 274 2419 345 πονηρῶν
2469 274 2819 345 πνευμάτων,
2853 270 2952 344 τὴν
2984 270 3159 343 ἁγνὴν
3209 269 3304 340 τῆς
3363 265 3612 338 καρδίας
3642 267 3760 322 διὰ-

477 390 602 430 rum
636 375 929 446 spirituum
955 371 1178 437 incidat,
1218 370 1312 442 qui
1339 370 1522 440 aliquo
1549 370 1836 425 sensilium
1869 385 2056 424 rerum

478 468 700 522 incursu
721 506 734 532 ,
761 474 968 521 castam
1001 463 1186 518 cordis
1237 447 1642 534 dispectionem
1689 476 2056 532 corrumpere

476 557 702 611 soleant.

545 648 636 702 59.
691 645 796 712 Qui
849 645 1074 699 virtutis
1123 653 1219 699 aut
1275 645 1524 700 scientiae
1569 647 1817 711 nomine,
1875 645 2056 700 inanis

475 738 662 809 gloria:
691 737 882 792 aculeo
911 737 1024 790 ullo
1062 737 1388 792 vulneratus
1427 747 1535 803 est,
1587 737 1848 792 elationis
1884 736 2055 790 animi

475 829 712 897 eomam,
741 834 916 887 instar
939 831 1252 896 Absalonis,
1288 831 1455 887 stulte
1517 833 1773 887 nutriens
1801 833 1882 897 ⁹¹;
1937 837 2056 884 arte

474 926 712 980 fucatam
740 924 1073 994 mistamque
1110 923 1260 977 velut
1293 923 1527 988 mulum,
1577 939 1683 993 qua
1719 931 2058 993 spectatores

475 1015 1626 1086 seducat,moralemostentatdisciplinam
1665 1033 1677 1068 :
1711 1031 1819 1085 qua
1838 1023 2057 1070 tumens

474 1119 639 1181 atque
661 1109 902 1174 inflatus,
937 1109 1054 1163 fore
1086 1108 1389 1174 existimat,
1420 1118 1482 1162 ut
1506 1108 1601 1177 qui
1622 1107 1878 1162 doctrina
1897 1106 2056 1161 verbi

475 1203 686 1273 genuit,
725 1208 1008 1270 parentem
1059 1199 1320 1269 subigat;
1369 1199 1476 1253 hoc
1529 1212 1729 1267 nempe
1775 1205 2052 1268 satagens,

476 1300 537 1347 ut
575 1298 795 1347 omnem
844 1292 1067 1346 virtutis
1123 1306 1187 1345 ac
1226 1290 1472 1345 scientize
1527 1289 1838 1344 claritatem
1875 1329 1889 1351 ,
1936 1303 2058 1356 quae

475 1384 663 1438 divino
695 1398 924 1437 munere
947 1381 1091 1452 patri
1124 1381 1387 1450 suppetit,
1421 1381 1479 1433 in
1525 1395 1583 1434 se
1618 1379 1734 1448 ipse
1779 1379 1931 1432 velut
1961 1393 2056 1431 su-

473 1475 678 1544 perbus
709 1473 992 1545 tyrannice
1025 1471 1339 1527 transferat.
1382 1471 1587 1526 Verum
1653 1468 1746 1523 hic
1781 1469 1906 1523 talis
1930 1508 1944 1533 ,
1988 1468 2056 1521 ad

475 1565 744 1620 naturalis
774 1565 830 1618 in
867 1563 1065 1633 spiritu
1091 1547 1488 1632 speculationis
1516 1562 1627 1616 lata
1660 1575 1941 1631 egressus,
1987 1559 2056 1614 ad

2161 365 2377 437 σκεψιν.

2229 635 2327 692 νθ¹.
2365 637 2423 688 ὐ
2477 634 2756 706 κενοδοξία
2804 635 2932 697 τινὶ,
2966 633 3032 685 δι’
3072 631 3273 699 ἀρετὴν
3304 629 3339 700 ἢ
3375 627 3596 696 γνῶσιν
3623 643 3762 696 τρω·

2159 729 2294 795 θεὶς,
2325 729 2423 797 τὴν
2449 729 2627 798 κόμην
2661 727 2907 796 ματαίως
2942 726 3269 795 διατρέφων,
3302 722 3575 790 καθάπερ
3604 718 3764 771 Ἀϐε-

2160 819 2356 885 σαλὼν,
2393 820 2493 890 τῆς
2528 822 2778 888 οἰήσεως,
2812 815 3351 886 ὲπιτετεχνασμένην
3403 830 3470 865 τε
3534 812 3639 864 καὶ
3677 829 3765 882 μισ

2161 912 2298 978 κτὴν
2319 911 2509 981 ῶσπερ
2532 911 2757 980 ἡμίονον
2771 909 2910 979 πρὸς
2934 909 3152 978 ἀπάτην
3178 906 3288 958 τῶν
3307 905 3645 974 θεωμένων,
3667 905 3761 975 τὴν

2158 1001 2358 1073 ἠθικὴν
2407 1001 2777 1054 ἐπιδείκνυται
2830 999 3142 1052 πολιτείαν·
3183 998 3270 1066 ἐφ’
3324 993 3395 1067 ἧς
3446 996 3763 1066 αἰωρούμεο

2159 1111 2272 1159 νος,
2303 1093 2476 1146 οίεται
2508 1092 2602 1147 τὸν
2644 1094 2991 1162 γεννήσαντα
3015 1091 3103 1145 διὰ
3133 1092 3233 1161 τῆς
3259 1091 3639 1152 διδασκαλίας
3672 1088 3761 1140 τοῦ

2157 1186 2319 1254 λόγου
2369 1185 2586 1256 πατέρα
2634 1183 3028 1255 χειρώσασθαι,
3070 1184 3251 1236 πᾶσαν
3292 1181 3641 1250 βουλόμενος
3673 1180 3763 1249 τὴν

2157 1277 2237 1348 τῷ
2267 1278 2436 1346 πατρὶ
2470 1274 2785 1348 προσοῦσαν
2826 1275 3014 1328 θεόθεν
3062 1273 3223 1338 δόξαν
3267 1273 3371 1343 τῆς
3417 1271 3646 1343 ἀρετ-ἧς
3675 1272 3763 1323 aui

2158 1371 2259 1441 τῆς
2286 1369 2560 1440 γνώσεως,
2585 1369 2661 1432 ὡς
2693 1368 3047 1440 ὑπερήφανος
3074 1369 3155 1430 είς
3183 1366 3378 1420 ἑαυτὸν
3409 1364 3764 1436 τυραννικῶς

2160 1461 2592 1532 ὲφελκύσασθαι.
2629 1460 2769 1513 Ἀλλ’
2803 1462 2831 1513 ὁ
2864 1459 3105 1523 τοιοῦτος
3145 1457 3380 1523 ἐξελθὼν
3413 1458 3503 1520 είς
3532 1458 3597 1509 τὸ
3627 1456 3763 1508 πλᾶ-

2159 1568 2253 1615 τος
2297 1552 2394 1622 τῆς
2429 1553 2487 1604 ὲν
2526 1551 2804 1621 πνεύματι
2857 1551 3094 1621 φυσικῆς
3145 1549 3406 1620 θεωρίας,
3467 1548 3614 1620 πρὸς
3678 1547 3763 1599 τον

474 1657 680 1710 bellum
709 1653 858 1724 quod
878 1670 978 1724 pro
1006 1653 1240 1708 veritate
1279 1653 1495 1707 ratione
1527 1651 1893 1706 committitur
1917 1689 1931 1714 ,
1978 1650 2055 1703 vi-

2166 1643 2300 1714 ὑπὲρ
2332 1643 2595 1714 ἀληθείας
2648 1643 2870 1712 λογικὸν
2900 1643 3158 1712 πόλεμον,
3187 1643 3276 1698 διά
3320 1642 3420 1713 τὴν
3454 1643 3650 1706 ζῶσαν
3684 1643 3763 1694 αῖ-

477 1758 639 1819 gente
667 1749 722 1802 in
745 1762 813 1803 eo
843 1763 1028 1811 sensu,
1056 1762 1088 1802 e
1109 1746 1279 1801 densa
1310 1761 1519 1815 quercu
1546 1753 1902 1800 terrenorum
1930 1757 2058 1812 spe-

479 1841 844 1904 culabilium,
906 1854 1062 1894 coma
1114 1846 1356 1903 tenetur,
1404 1839 1578 1908 ipsam
1632 1839 1850 1892 inanem
1895 1837 2064 1892 animi

475 1932 779 1987 elationem
817 1930 984 1984 morti
1015 1930 1387 1984 innectentem
1422 1970 1437 1994 ,
1491 1929 1804 1999 coelumque
1833 1931 1978 2014 inter
2009 1937 2067 1984 et

480 2033 705 2086 terram,
743 2020 987 2074 medium
1012 2019 1472 2088 suspendentem,
1509 2019 1743 2074 habens.
1776 2019 1880 2085 Qui
1915 2018 2064 2074 enim

477 2111 659 2165 inanis
680 2110 864 2180 gloriae
893 2109 1030 2163 vitio
1059 2109 1291 2173 laborat,
1347 2110 1524 2164 instar
1573 2111 1700 2164 caeli
1726 2149 1740 2175 ,
1773 2111 2061 2165 scientiam

475 2217 588 2256 non
619 2201 805 2264 habet,
832 2215 954 2270 qua:
977 2215 1198 2254 sursum
1256 2199 1400 2255 ferat
1449 2217 1481 2255 a
1533 2201 1860 2256 detrahente
1895 2202 2062 2257 stulta

479 2293 566 2347 sui
613 2291 876 2361 Opinione
912 2308 924 2344 :
960 2307 1024 2346 ac
1069 2307 1252 2361 neque
1312 2306 1508 2346 rursus
1551 2299 1756 2346 terram
1807 2292 2064 2356 (actionis

485 2385 700 2439 scilicet
748 2385 807 2438 in
866 2383 1179 2438 humilitate
1236 2381 1434 2454 basim)
1483 2399 1513 2437 a
1570 2398 1787 2437 sursum
1839 2384 2064 2440 tollente

478 2477 623 2530 fastu
677 2475 841 2547 5¹7ἥΙ
889 2491 952 2529 ac
1004 2475 1284 2542 elatione,
1342 2474 1589 2544 proclive
1639 2474 2061 2543 deprimentem.

487 2565 667 2631 Hunc,
708 2566 802 2636 qui
836 2566 1028 2637 genuit
1057 2565 1274 2630 doctor,
1323 2565 1683 2619 humanitatis
1710 2580 1894 2631 sensu,
1939 2574 2064 2620 tan-

477 2675 643 2728 quam
674 2660 800 2728 pius
840 2673 904 2712 ac
952 2658 1266 2728 religiosus,
1303 2666 1360 2712 et
1406 2666 1692 2712 mortuum
1733 2657 1916 2728 luget;
1963 2656 2060 2713 Dei

478 2751 693 2804 scilicet
725 2749 1001 2819 exemplo,
1057 2749 1254 2804 nolens
1286 2757 1521 2804 mortem
1568 2750 1878 2819 peccatoris
1903 2789 1918 2814 ,
1965 2749 2063 2804 sed

477 2853 540 2897 ut
569 2849 923 2896 convertatur
948 2849 1004 2896 ct
1032 2841 1182 2895 vivat
1216 2841 1285 2892 ³³.

548 2933 637 2988 60.
672 2934 1116 3004 Uniuscujusque
1165 2931 1408 2986 hominis
1457 2931 1656 2986 salutis
1701 2930 1922 2985 initium
1971 2945 2059 2985 sa-

477 3025 684 3095 pientia
699 3034 948 3094 est;quae
964 3024 1186 3094 quidem
1215 3024 1507 3094 incipiens,
1535 3025 1776 3095 primum
1804 3024 2059 3078 timorem

476 3115 665 3180 efﬁcit,
718 3126 1022 3187 posteaque
1070 3133 1197 3172 cum
1241 3116 1414 3172 fuerit
1460 3124 1882 3182 consummata,
1919 3117 2063 3172 desi-

477 3208 694 3262 derium
743 3223 1097 3276 amoremque
1147 3208 1455 3262 constituit.
1497 3209 1594 3263 Vel
1643 3209 1826 3278 potius
1872 3207 1991 3277 ipsa
2030 3225 2062 3263 a

475 3300 751 3370 principio
769 3307 995 3368 propter
1019 3315 1118 3354 nos
1141 3299 1552 3368 dispensatione
1575 3300 1744 3354 timor
1763 3301 2058 3364 exsistens,

477 3399 539 3446 ut
566 3400 837 3446 amantem
869 3407 899 3445 a
928 3391 1065 3445 vitio
1093 3407 1156 3445 ac
1181 3391 1452 3461 pravitate
1489 3402 1828 3461 compescat,
1858 3408 1922 3447 ac
1938 3408 2061 3463 qua:

474 3492 665 3553 postea
698 3483 812 3552 ipsa
843 3492 1070 3552 propter
1111 3498 1169 3537 se
1197 3498 1354 3536 amor
1392 3493 1588 3536 natura
1635 3485 1690 3537 in
1742 3484 1851 3538 fine
1904 3484 2060 3538 inve-

476 3576 685 3638 niatur,
724 3584 784 3627 ut
810 3591 905 3628 eos
933 3574 1029 3643 qui
1074 3577 1194 3644 ejus
1232 3574 1548 3628 convictum
1590 3575 1760 3628 rebus
1793 3575 2058 3631 omnibus

475 3663 842 3732 antiquiorem
870 3664 1205 3727 habuerunt,
1241 3664 1477 3733 spiritali
1507 3665 1624 3720 risu
1666 3666 1981 3736 adimpleat.

546 3754 633 3808 61.
667 3754 946 3823 Sapientia
971 3763 1028 3810 et
1068 3756 1232 3810 timor
1262 3765 1368 3822 est,
1411 3773 1534 3826 quae
1579 3760 1883 3814 secundum
1917 3760 2058 3831 fugae

475 3842 744 3896 rationem
771 3883 785 3907 ,
842 3858 951 3898 non
987 3845 1379 3914 appetentibus
1410 3847 1650 3916 privatio
1676 3849 1905 3902 exsistat
1933 3866 1948 3915 ;
1996 3857 2055 3903 et

473 3949 629 3987 amor
669 3949 764 3988 seu
794 3935 1155 4001 desiderium,
1188 3952 1310 4006 qua:
1349 3938 1586 3993 fruentis
1625 3940 1795 3993 animi
1830 3941 2054 3997 habitus

473 4026 830 4096 diligentibus
865 4028 978 4082 fiat.
1009 4027 1134 4084 Haec
1159 4029 1309 4084 enim
1337 4030 1593 4099 supplicii
1640 4034 2052 4101 exSpectatione

474 4133 504 4170 a
533 4117 685 4172 vitiis
709 4118 977 4185 liberans,
1007 4129 1062 4175 et
1093 4121 1350 4176 timorem
1374 4120 1525 4188 facit,
1553 4131 1611 4177 et
1640 4139 1882 4178 amorem
1920 4142 2052 4195 ope-

475 4217 648 4272 ratur,
683 4225 805 4278 quae
829 4209 1100 4265 virtutum
1138 4212 1502 4281 acquisitione
1529 4212 1597 4266 ad
1645 4212 1882 4269 videnda
1929 4231 2050 4286 quae

474 4298 658 4353 futura
686 4307 835 4361 sunt,
870 4311 1111 4356 mentem
1145 4302 1494 4357 assuefaciat.

545 4390 634 4444 62.
686 4389 878 4445 Omnis
921 4391 1199 4446 confessio
1243 4391 1489 4446 animum
1538 4392 1832 4461 humiliat;
1883 4395 2058 4453 altera

474 4479 721 4546 quidem,
763 4480 942 4550 gratia
969 4481 1368 4550 iustificatam;
1407 4483 1579 4538 altera
1625 4501 1779 4550 vero,
1820 4488 2056 4557 propria;

474 4569 676 4623 mentis
707 4568 942 4639 ignavia,
993 4585 1140 4624 ream
1171 4571 1343 4640 ipsam
1367 4572 1593 4627 docens.

544 4743 632 4797 65.
665 4742 1039 4801 Confessionis
1084 4747 1288 4817 duplex
1337 4758 1423 4804 est
1465 4751 1607 4805 ratio
1635 4769 1650 4804 :
1682 4753 1852 4808 altera
1875 4796 1889 4820 ,
1925 4772 2048 4825 quae

475 4834 777 4904 gratiarum
811 4837 1048 4893 actionis
1099 4855 1263 4894 causa
1307 4841 1376 4895 ob
1423 4842 1567 4898 bona
1618 4847 1860 4914 praestita
1909 4847 2043 4916 ﬁat;

475 4927 648 4980 altera
673 4967 687 4991 ,
725 4943 844 4997 quae
878 4928 1094 4984 dicatur
1146 4931 1212 4985 ad
1251 4933 1532 5002 arguenda
1574 4951 1638 4990 ac
1681 4938 2046 4995 examinanda

477 5025 688 5084 patrata
728 5019 889 5074 mala.
919 5021 1157 5075 Vocatur
1197 5023 1346 5077 enim
1381 5025 1674 5092 confessio,
1713 5037 1827 5083 tum
1875 5029 2047 5086 bene-

478 5103 724 5160 ficiorum
743 5108 944 5176 quibus
961 5125 990 5163 a
1014 5109 1124 5165 Deo
1155 5111 1336 5166 affecti
1365 5130 1575 5181 sumus,
1591 5131 1716 5171 cum
1747 5119 2048 5188 gratiarum

477 5194 692 5250 actione
713 5201 1185 5264 commemoratio,
1231 5212 1346 5256 tum
1376 5205 1516 5258 male
1543 5217 1843 5275 gestorum,
1879 5210 1948 5263 ab
1982 5210 2051 5264 iis

476 5286 568 5353 qui
597 5288 676 5341 rei
708 5298 855 5354 sunt,
892 5289 1033 5345 facta
1075 5295 1372 5365 evulgatio.
1421 5298 1663 5367 Utraque
1713 5301 1860 5354 enim
1900 5303 2050 5374 ejus-

478 5379 622 5433 modi
644 5390 773 5435 sunt
793 5393 913 5451 qum
934 5383 1193 5440 humilem
1220 5403 1439 5442 sensum
1466 5391 1702 5458 pariant.
1734 5392 1871 5448 Tum
1898 5396 2046 5451 enim

543 5559 588 5591 '“
623 5559 669 5614 Il
707 5562 840 5633 Reg.
873 5580 1020 5629 XVI",
1056 5566 1111 5621 9.
1189 5569 1233 5600 ³⁸
1265 5569 1467 5624 Ezech.
1504 5586 1653 5637 xvm,
1685 5573 1772 5627 59..

2166 1739 2380 1809 σθησιν,
2412 1737 2491 1809 τῷ
2534 1739 2687 1792 δάσει
2743 1737 2847 1807 τῆς
2895 1736 3055 1807 δρυὸς
3081 1736 3189 1791 τῶν
3218 1736 3426 1789 ὑλικῶν
3461 1735 3761 1807 θεαμάτων

2165 1831 2450 1900 κρατεῖται
2502 1829 2603 1899 τῆς
2651 1828 2854 1899 κόμης,
2921 1828 3093 1899 αὐτὴν
3148 1826 3289 1898 ἔχων
3342 1826 3763 1896 συνδεσμοῦσαν

2163 1923 2302 1992 πρὸς
2336 1921 2589 1986 θάνατον,
2622 1921 2723 1992 τὴν
2757 1920 3007 1974 διάκενον
3036 1921 3239 1989 οἴησιν,
3271 1919 3373 1989 τὴν
3403 1919 3763 1990 κρεμνοῦσαν

2163 2011 2324 2065 αὑτὸν
2347 2012 2622 2082 ἀναμέσον
2645 2009 2740 2064 τοῦ
2775 2008 3031 2081 οὐρανοῦ,
3062 2009 3160 2062 καὶ
3191 2010 3476 2078 ἀναμέσον
3507 2009 3617 2078 τῆς
3643 2011 3760 2078 γῆς.

2164 2105 2240 2158 Οὐ
2277 2104 2385 2175 γὰρ
2421 2103 2535 2174 ἔχει
2566 2102 2771 2172 γνῶσιν
2810 2104 2838 2154 ὁ
2886 2099 3187 2168 κενόδοξος,
3220 2101 3484 2170 καθάπερ
3533 2103 3762 2172 οὖρα-δον

2162 2193 2497 2248 ἀνέλκουσαν
2529 2193 2695 2246 αὐτὸν
2724 2193 2827 2262 τῆς
2875 2194 3249 2262 κατασπώσης
3302 2194 3555 2264 οἰήσεως
3579 2208 3596 2222 θ
3657 2193 3758 2246 οὐδ’

2165 2282 2235 2339 αὖ
2265 2283 2431 2337 πάλιν
2471 2284 2598 2353 γῆν,
2631 2283 2731 2354 τὴν
2782 2283 2842 2336 ὲν
2873 2280 2940 2354 τῇ
2991 2281 3327 2336 ταπεινώσει
3390 2281 3546 2348 λέγω
3607 2281 3760 2351 βάσιν

2162 2379 2265 2448 τῆς
2295 2378 2573 2450 πράξεως,
2613 2378 2992 2432 καθέλκουσαν
3047 2377 3211 2431 αὑτὸν
3255 2377 3359 2447 τῆς
3419 2376 3762 2445 ἁνασπὼσης

2165 2471 2486 2542 φυσιώσεως
2512 2489 2526 2501 ·
2563 2472 2622 2524 ὃν
2674 2471 2866 2525 πενθεῖ
2899 2471 2995 2524 καὶ
3043 2470 3277 2524 θανόντα
3315 2470 3410 2523 διὰ
3441 2469 3761 2541 φιλανθρω-

2165 2564 2294 2617 πίαν
2326 2565 2400 2629 ὼς
2435 2563 2680 2633 φιλόθεος
2715 2566 2743 2618 ὁ
2785 2565 3057 2636 γεννήσας
3105 2561 3458 2626 διδάσκαλος,
3532 2564 3762 2633 μιμήσει

2165 2656 2326 2722 Θεοῦ,
2390 2656 2464 2727 μὴ
2517 2656 2844 2728 βουλόμενος
2879 2657 2970 2709 τὸν
3005 2655 3236 2710 θάνατον
3263 2655 3361 2708 τοῦ
3395 2654 3762 2726 ἀμαρτωλοῦ,

2163 2749 2239 2814 ὡς
2267 2749 2328 2803 τὸ
2359 2749 2710 2820 ἐπιστρέψαι,
2742 2750 2837 2802 καὶ
2867 2747 2966 2820 ζῇν
2989 2747 3174 2801 αὐτόν.

2239 2925 2303 2996 ξ’.
2349 2927 2519 3000 Ἀρχὴ
2564 2927 2656 2981 καὶ
2707 2926 2861 2990 τέλος
2891 2927 3010 2980 ἐστὶ
3039 2927 3140 2997 τῆς
3170 2927 3414 2981 ἑκάστου
3453 2931 3758 2999 σωτηρίας,

2165 3021 2200 3092 ἠ
2256 3021 2450 3090 σοφία·
2510 3019 2675 3090 φόϐον
2733 3019 2832 3090 μὲν
2877 3019 3159 3091 ἀρχομένη
3208 3019 3435 3089 πρῶτον
3491 3021 3759 3090 δημιουρ·

2164 3111 2356 3180 γοῦσα,
2391 3110 2484 3164 καὶ
2531 3111 2696 3165 πόθον
2729 3111 2958 3181 ὕστερον
2989 3111 3347 3181 τελειουμένη
3399 3114 3722 3166 συνεστῶσα
3744 3131 3756 3142 ·

2167 3201 2369 3273 μᾶλλον
2405 3202 2464 3254 δὲ
2489 3201 2658 3271 φόὸος
2683 3202 2824 3272 αὑτὴ
2856 3203 2979 3255 κατ’
3007 3202 3182 3274 ἀρχὰς
3203 3203 3273 3256 δι’
3297 3205 3452 3273 ἡμᾶς
3478 3207 3756 3274 οἰκονομι-

2163 3296 2276 3359 κῶς
2305 3295 2587 3366 γινομένη,
2622 3296 2708 3348 ῐνα
2752 3295 2935 3368 παύσῃ
2988 3297 3190 3359 κακίας
3233 3296 3329 3349 τὸν
3360 3298 3638 3368 ἐραστὴν,
3668 3303 3754 3351 καὶ

2163 3387 2330 3450 πόθος
2361 3386 2586 3457 ὕστερον
2607 3380 2856 3455 φυσικῶς
2883 3389 3254 3459 εὑρισκομένη
3289 3387 3355 3440 δι’
3375 3389 3590 3459 ἑαυτὴν
3623 3391 3752 3442 κατὰ

2161 3477 2222 3530 τὸ
2247 3477 2420 3542 τέλος,
2449 3479 2537 3531 ἵνα
2567 3477 2833 3549 πληρώσῃ
2859 3478 3096 3546 γέλωτος
3122 3479 3342 3549 νοητοῦ,
3370 3482 3508 3544 τοὺς
3533 3481 3638 3552 τήν
3659 3481 3751 3533 αὖε

2159 3569 2258 3638 τῆς
2289 3568 2506 3624 πάντων
2535 3569 2644 3622 τῶν
2671 3568 2842 3623 ὄντων
2866 3567 3277 3642 ἁλλαξαμένους
3306 3573 3647 3641 συμϐίωσιν.

2229 3744 2331 3812 Ea’.
2367 3746 2435 3798 Ἣ
2465 3745 2626 3814 σοφία
2659 3746 2756 3799 καὶ⁵
2783 3745 2950 3816 φόϐος
2987 3745 3126 3809 ἐστὶ,
3157 3745 3305 3801 κατά
3333 3746 3432 3818 τὴν
3453 3748 3749 3820 ἀποφυγὴν

2156 3838 2420 3910 γινομένη
2482 3839 2758 3911 στέρησις,
2814 3842 2930 3902 τοῖς
2980 3841 3082 3893 οὐκ
3117 3841 3478 3912 ὀρεγομένοις
3533 3843 3742 3913 αὐτῆς.

2155 3932 2250 3984 καὶ⁴
2277 3931 2442 3995 πόθος
2496 3933 2669 3996 ἐστὶν,
2696 3931 2809 3997 ἕξις
2843 3932 3252 4002 ἀπολαυστικῆς
3281 3933 3575 4004 ἐνεργείας
3604 3937 3749 4005 εὕρι-

2156 4026 2398 4095 σκομένη
2429 4027 2542 4087 τοῖς
2570 4023 2864 4092 ἀγαπῶσιν
2894 4024 3085 4094 αὑτήν.
3113 4023 3262 4094 Αὕτη
3289 4024 3399 4094 γὰρ
3437 4025 3624 4078 ἑλπίδι
3660 4042 3746 4077 κο·

2153 4115 2363 4179 λὰσεως
2391 4115 2580 4169 παθῶν
2620 4115 3070 4181 ἀπαλλάσσουσα,
3106 4115 3202 4167 καὶ
3231 4114 3396 4183 φὸὗον
3433 4119 3619 4168 ποιεῖ’
3657 4117 3744 4170 καὶ

2154 4207 2316 4262 πόθον
2348 4208 2661 4279 ἐργάζεται,
2689 4209 2756 4278 τῇ
2791 4207 2900 4260 τῶν
2929 4205 3141 4276 ἀρετῶν
3165 4205 3458 4277 ὲπικτήσει
3492 4208 3590 4262 τὸν
3625 4210 3743 4262 νοῦν

2083 4323 2129 4380 D
2154 4298 2406 4362 ἐθίζουσα
2441 4297 2660 4368 βλέπειν
2685 4299 2751 4352 τά
2783 4298 3068 4369 μέλλοντα.

2228 4387 2326 4459 ξβῖ
2357 4390 2515 4444 Πᾶσα
2568 4389 2978 4462 ἐξομολόγησις,
3018 4397 3269 4448 ταπεινοῖ
3305 4396 3406 4465 τὴν
3454 4397 3673 4468 ψυχήν·
3707 4399 3737 4465 ἡ

2157 4478 2277 4550 μὲν,
2308 4481 2492 4552 χάριτι
2519 4481 2656 4534 Θεοῦ
2683 4482 3102 4538 δικαιωθείσαν·
3137 4487 3170 4555 ἡ
3204 4486 3281 4550 δὲ,
3318 4487 3575 4560 ῥᾳθυμία
3604 4490 3738 4558 γνό-

2157 4587 2266 4641 μης
2285 4571 2494 4634 οἰκείας
2549 4572 2636 4624 ἐπ’
2671 4573 3012 4644 ἐγκλήμασιν
3057 4577 3408 4648 ἑνεχομένην,
3441 4582 3617 4651 αὐτὴν
3658 4585 3738 4634 ἐκ.

2150 4662 2405 4716 διδάσκου
2413 4681 2500 4718 σα.

2226 4752 2327 4823 ξγ’.
2355 4756 2539 4820 Διττὺς
2564 4757 2591 4809 ὁ
2617 4757 2717 4828 τῆς
2745 4759 3188 4832 ὲξομολογήσεως
3210 4764 3370 4832 λόγος
3392 4784 3406 4798 ο
3436 4769 3468 4820 ὁ
3497 4769 3625 4842 μὲν,
3653 4771 3734 4824 ἐπ’

2154 4843 2476 4915 εὐχαριστίᾳ
2507 4845 2617 4899 τῶν
2658 4847 3046 4921 δεδωρημένων
3075 4853 3297 4920 ἀγαθῶν
3330 4858 3660 4925 γινόμενος·
3710 4864 3736 4912 ὁ

2151 4934 2230 5000 δὲ,
2264 4936 2352 4987 ἐπ’
2386 4935 2597 5008 ἐλέγχῳ
2650 4939 2746 4993 καὶ
2775 4940 2997 5012 ἐτασμῷ
3042 4942 3151 4994 τῶν
3189 4945 3378 5008 κακῶς
3410 4952 3735 5020 πεπραγμέ-

2153 5043 2259 5080 νων
2283 5026 2600 5096 λεγόμενος.
2649 5029 3072 5103 Ἐξομολόγησις
3104 5034 3211 5106 γὰρ
3261 5036 3509 5104 λέγεται,
3560 5047 3656 5094 καὶ
3701 5046 3730 5110 ἡ

2145 5120 2253 5173 τῶν
2281 5115 2340 5174 εὖ
2372 5122 2722 5177 πεπονθότων
2756 5125 2872 5194 μετ’
2901 5125 3251 5197 εὐχαριστίας
3281 5129 3390 5183 τῶν
3425 5131 3591 5187 θείων
3645 5138 3723 5188 εὖ·

2146 5212 2414 5283 εργεσιῶν
2439 5215 2836 5286 ἀπαρίθμησις,
2867 5221 2961 5272 καί⁵
2983 5221 3015 5288 ἡ
3050 5219 3157 5274 τῶν
3182 5222 3370 5287 κακῶς
3401 5231 3729 5299 πεπραγμέ-

2146 5322 2252 5359 νων
2286 5306 2440 5376 παρά
2477 5307 2586 5362 τῶν
2612 5309 2879 5365 ὑπαιτίων
2906 5310 3288 5384 ὲξαγόρευσις’
3327 5319 3622 5390 ἀμφότερα
3653 5322 3726 5384 δὲ,

2145 5398 2535 5466 ταπεινώσεως
2561 5401 2797 5474 ὑπάρχει
2828 5407 3107 5476 ποιητικά.
3159 5408 3228 5464 '0
3253 5426 3312 5464 τε
3341 5411 3454 5482 γὰρ
3484 5414 3575 5468 ἐπ’
3602 5416 3730 5482 ἁγα-
