3930 6324
220 303 351 374 1289

856 312 1189 375 CAPITUM
1225 314 1646 388 QUINQUIES
1681 315 2194 379 CENTENORUM
2233 317 2614 377 CENTURIA
2662 317 2776 396 III.

3319 314 3453 388 1290

217 421 326 483 θοῖς
359 417 701 489 εὐχαριστῶν
730 419 886 491 ὁμοῦ,
923 423 1016 477 καὶ
1040 424 1068 477 6
1093 425 1178 478 ἐπ’
1213 424 1553 497 ἐγκλήμασιν
1587 425 1777 488 ἐταζό-

1910 428 1973 496 μιί
2009 427 2080 480 ob
2107 425 2248 481 dona
2279 428 2475 480 collata
2510 426 2711 496 gratias
2739 425 2867 495 agit,
2918 441 2976 481 sc
3013 426 3286 495 bumiliat.
3336 441 3453 488 tum

219 527 392 582 μενος,
421 510 775 566 ταπεινοῦται
801 528 816 543 ·
865 515 894 567 6
941 515 1060 586 μὲν,
1092 518 1282 572 ἑαυτὸν
1315 519 1533 584 ἀνάξιον
1579 520 1784 589 κρίνων

213 603 319 657 τῶν
347 604 606 658 δοθέντων
635 603 836 658 καλῶν·
867 608 894 660 6
929 606 1009 670 δὲ,
1038 608 1224 663 λαϐεῖν
1247 611 1438 680 ἄφεσιν
1470 611 1578 664 τῶν
1605 610 1784 679 πλημ-

217 695 562 766 μεληθέντων
590 696 864 766 δεόμενος.

187 840 192 842 _
283 787 376 853 ξδ’.
403 788 476 840 Τὸ
500 787 601 858 τῆς
625 789 1004 860 ὑπερηφανίας
1032 792 1221 854 πάθος,
1254 797 1316 848 ἐκ
1345 793 1437 848 δύο
1458 794 1785 864 συνέστηκεν

212 879 464 950 ἀγνοιῶν.
501 879 604 932 Δύο
648 882 704 934 δὲ
743 883 1095 938 συνελθοῦσαι
1135 886 1269 955 πρὸς
1320 887 1514 940 ἕνωσιν
1546 888 1780 955 ἄγνοιαι,

217 973 346 1044 μίαν
376 974 638 1044 φρόνησιν
661 975 1073 1044 συγκεχυμένην
1095 977 1439 1034 ἀποτελοῦσι.
1473 980 1648 1042 Μόνος
1678 980 1784 1051 γὰρ

215 1065 418 1127 ἐκεῖνός
440 1066 590 1118 ἐστιν
616 1066 981 1136 ὑπερήφανος,
1015 1070 1041 1120 ό
1077 1069 1168 1121 καὶ
1207 1069 1302 1138 τήν
1330 1069 1478 1122 θείαν
1512 1070 1782 1141 βοήθειαν,

213 1156 307 1209 καὶ
355 1157 453 1226 τὴν
510 1157 859 1226 ἀνθρωπίνην
912 1160 1183 1230 ἀγνοήσας
1237 1160 1540 1214 ἀσθένειαν.
1577 1161 1786 1216 Οὐκοῦν

215 1248 566 1319 ὑπερηφανία
604 1250 741 1314 ἐστὶ,
791 1251 942 1315 θείας
988 1252 1082 1304 καὶ
1132 1251 1482 1322 ἀνθρωπίνης
1533 1253 1786 1321 γνώσεως

217 1343 494 1412 στέρησις.
529 1343 608 1412 Τῇ
670 1342 778 1413 γὰρ
825 1344 933 1396 τῶν
972 1343 1187 1415 ἀληθῶν
1236 1344 1423 1416 ἄκρων
1488 1345 1784 1414 ἀποφάσει,

218 1433 316 1504 μία
347 1435 440 1488 καὶ
467 1433 669 1505 ψευδὴς
699 1437 932 1506 ὑπάρχει
961 1435 1291 1503 κατάφασις.

287 1521 380 1590 ξε’.
443 1523 512 1581 Ἦ,
558 1525 854 1590 κενοδοξία,
912 1526 1116 1580 σκοποῦ
1173 1527 1271 1598 μὲν
1319 1527 1414 1580 τοῦ
1468 1526 1610 1581 κατά
1657 1527 1788 1581 Θεόν
1877 1575 1884 1578 ,

214 1616 365 1668 ἔστιν
409 1615 704 1680 ἔκστασις·
775 1618 912 1686 πρὸς
964 1617 1023 1670 δὲ
1072 1617 1232 1672 ἄλλον
1285 1619 1488 1672 σκοπὸν
1523 1621 1674 1690 παρὰ
1699 1621 1788 1675 τὸν

214 1703 361 1760 θεῖον
418 1707 651 1778 ὑπάρχει
709 1708 1028 1778 μετάϐασις.
1081 1709 1366 1774 Κενόδοξος
1414 1710 1522 1782 γάρ
1559 1712 1729 1776 ἐστιν,
1761 1713 1790 1764 6

213 1797 316 1866 τῆς
346 1799 573 1864 οίκείας,
621 1799 760 1853 ἀλλά
809 1800 886 1871 μὴ
922 1799 1021 1870 τῆς
1070 1799 1221 1864 θείας
1271 1802 1435 1856 ἕνεκα
1485 1803 1667 1872 δόξης,
1693 1802 1791 1874 τὴν

211 1887 418 1959 ἀρετὴν
452 1888 810 1959 ἐπιτηδεύων,
841 1890 936 1943 καὶ
979 1889 1161 1954 πόνοις
1203 1891 1425 1956 οἰκείοις
1459 1894 1587 1957 τοὺς
1615 1893 1674 1960 ἐξ
1702 1894 1794 1947 άν-

183 2025 188 2028 .
215 1979 454 2052 θρώπων
483 1981 890 2044 ἀνυποστάτους
919 1981 1179 2044 ἐπαίνους
1207 1982 1544 2054 ὠνούμενος.

293 2068 398 2134 ξς·’.
442 2072 500 2124 Ὀ
551 2071 1037 2142 ἀνθρωπάρεσκος,
1092 2074 1270 2146 μόνων
1309 2076 1654 2149 ἐπιμελεῖται
1683 2075 1794 2132 τῶν

215 2162 562 2232 φαινομένων
593 2163 759 2232 ἠθῶν,
792 2165 886 2218 καὶ
919 2167 1025 2240 μὴν
1052 2170 1148 2223 καὶ
1176 2169 1335 2238 λόγου
1373 2168 1468 2222 τοῦ
1515 2169 1744 2234 κόλακος
1773 2185 1790 2200 ο

217 2250 313 2302 ἵνα
342 2252 455 2314 τοῖς
489 2251 588 2320 μὲν
633 2250 730 2322 τὴν
758 2252 948 2324 ὅρασιν
969 2297 984 2321 ,
1011 2256 1090 2328 τῷ
1132 2257 1189 2310 δὲ
1230 2257 1329 2328 τὴν
1353 2257 1522 2329 ἀκοὴν
1548 2257 1795 2330 σφετερί-

220 2341 405 2410 ζηται,
446 2340 554 2394 τῶν
590 2341 770 2412 μόνοις
807 2347 1082 2415 ἡδομένων
1131 2348 1162 2418 ἢ
1214 2348 1311 2401 καὶ
1343 2347 1795 2418 καταπληττομέ-

220 2451 330 2486 νων
375 2437 488 2498 τοῖς
520 2437 867 2505 φαινομένοις
904 2456 962 2492 τε
998 2440 1091 2492 καὶ
1121 2441 1496 2510 ἀκουομένοις,
1527 2440 1619 2492 καὶ
1658 2440 1797 2512 μόνῃ

220 2526 292 2593 τῇ
324 2523 576 2594 αἰσθήσει
609 2527 1061 2597 περιγραφόντων
1087 2528 1184 2598 τὴν
1245 2529 1472 2598 ἀρετήν.
1517 2527 1799 2599 Ἀνθρωπ-

222 2615 518 2687 αρέσκειαν
546 2613 639 2670 οὖν
675 2635 875 2688 φαμεν,
924 2620 1023 2690 τὴν
1067 2619 1140 2682 ὼς
1170 2619 1255 2672 ἐπ’
1281 2621 1450 2689 ἀρετῇ
1483 2618 1549 2670 δι’
1590 2618 1799 2688 ἀνθρώ-

223 2722 364 2770 πους
395 2708 688 2778 γινομένην
721 2709 826 2761 τῶν
853 2709 996 2778 if)ch
1021 2727 1078 2761 τε
1113 2710 1283 2777 λόγων
1312 2707 1595 2773 ἐπίδειξιν.

301 2967 396 3033 EC’.
435 2967 755 3039 ’Υπόκρισίς
804 2961 946 3032 ἐστι,
995 2968 1176 3038 φιλίας
1210 2968 1572 3039 προσποίησις
1597 2983 1612 3000 ⁸
1646 2966 1679 3040 ἢ
1710 2970 1801 3038 μῖ-

227 3076 341 3123 σος,
399 3060 642 3127 σχήματι
697 3059 882 3127 φιλίας
936 3058 1462 3130 κεκαλυμμένον·,ἧ
1511 3059 1700 3132 ἔχθρα,
1732 3059 1800 3114 δι’

225 3150 443 3214 εὐνοίας
472 3145 846 3221 ἐνεργουμένη
870 3169 885 3184 ο
917 3153 948 3222 ἢ
979 3151 1191 3219 φθόνος,
1224 3151 1445 3221 ἀγάπης
1472 3150 1802 3225 χαρακτῆρα

231 3241 607 3313 μιμούμενος·
663 3242 696 3313 ἢ
753 3242 890 3312 βίος,
949 3243 1150 3313 ἀρετῆς
1211 3244 1516 3313 πλάσματι,
1571 3244 1686 3296 ἀλλ’
1738 3245 1800 3297 οὑ

231 3335 516 3406 πράγματι
543 3333 604 3387 τὸ
637 3334 863 3402 κόσμιον
893 3333 1052 3402 ἔχων·
1074 3333 1108 3404 ἢ
1131 3333 1479 3404 δικαιοσύνης
1509 3337 1804 3406 προσποίη-

243 3442 351 3487 σις,
400 3427 466 3494 τῇ
501 3424 595 3477 τοῦ
627 3421 763 3476 εἶναι
795 3424 1013 3493 δοκήσει
1043 3425 1451 3494 συντηρουμένη
1480 3441 1492 3454 ·
1528 3427 1560 3494 ἢ
1595 3427 1801 3495 ἀπάτη,

229 3514 489 3586 ἀληθείας
529 3512 732 3583 ἔχουσα
784 3513 1066 3582 μόρφωσιν
1088 3531 1100 3544 ·
1139 3515 1204 3584 ἣν
1235 3516 1283 3565 οἱ
1311 3514 1400 3566 τὸν
1435 3515 1556 3583 ὅφιν
1590 3517 1654 3585 τῇ
1694 3515 1803 3568 τίυν

227 3605 378 3677 ἠθῶν
410 3604 718 3675 σκολιότητι
759 3605 1112 3674 μιμούμενοι,
1149 3605 1590 3673 ἐπιτηδεύουσιν.

303 3783 404 3855 ξη’.
448 3785 510 3837 ’Π
545 3783 652 3836 τῶν
685 3783 851 3836 ὄντων
905 3782 1072 3845 αἰτία,
1125 3781 1358 3834 καὶτῶν
1408 3784 1465 3835 ἐν
1510 3784 1622 3844 τοῖς
1655 3777 1806 3835 οὖσιν

229 3875 476 3945 ἀγαθῶν,
510 3876 658 3928 ἐστὶν
697 3878 724 3927 ὁ
754 3875 906 3937 Θεός.
948 3874 1006 3926 '0
1035 3873 1218 3926 τοίνυν
1251 3873 1379 3944 περὶ
1406 3873 1506 3943 τὴν
1531 3874 1733 3944 ἀρετὴν
1762 3874 1796 3943 ἢ

228 3966 332 4034 τὴν
361 3965 559 4032 γνῶσιν
585 3962 967 4032 ἐπαιρόμενος,
1005 3961 1099 4014 καὶ
1131 3961 1204 4031 μὴ
1240 3959 1319 4030 τῷ
1370 3962 1553 4031 μέτρῳ
1601 3961 1699 4031 τῆς
1747 3961 1806 4013 ὲν

231 4056 420 4127 χάριτι
469 4053 669 4124 ἀρετῆς
723 4051 842 4122 ἦτοι
893 4050 1199 4120 προκοπῆς,
1254 4048 1806 4117 συνεπεκτείνωντῆς

228 4145 438 4206 οἰκείας
467 4143 748 4205 ἀσθενείας
775 4144 872 4210 τὴν
908 4140 1381 4210 ἐπιγνωμοσύνην,
1415 4139 1476 4191 τὸ
1505 4141 1602 4209 τῆς
1633 4139 1804 4207 ὑπερ-

231 4238 472 4309 ηφανίας
501 4235 668 4289 κακὸν
702 4236 762 4286 οὑ
793 4234 1066 4301 διέφυγεν.
1102 4232 1162 4286 '0
1189 4233 1246 4285 δὲ
1275 4232 1431 4301 δόξης
1457 4232 1642 4284 ’ένεκεν
1675 4231 1810 4294 ἰδίας

229 4330 298 4384 τὸ
327 4329 488 4381 καλδιν
517 4327 872 4397 ἐπιτηδεύων,
905 4326 1096 4379 ἑαυτὸν
1127 4326 1220 4378 τοῦ
1243 4326 1378 4378 Θεοῦ
1420 4325 1809 4395 προτετίμηκε,

1885 514 1978 584 qui
2013 514 2358 569 examinatur
2385 514 2456 568 ob
2487 522 2696 582 patrata
2731 513 2995 580 erimina;
3023 525 3260 583 Quorum
3289 518 3452 583 alter,

1887 606 2126 674 acceptis
2173 605 2337 670 bouis
2377 605 2662 675 indignum
2721 621 2779 659 se
2827 606 3070 675 judicet;
3118 609 3258 664 alter
3298 626 3452 676 vero,

1891 699 2102 752 veniam
2133 698 2461 752 delictorum
2493 697 2743 766 accipere
2777 697 3002 768 ﬂagitet.

1957 790 2046 844 64.
2079 788 2364 858 Superbia:
2417 789 2612 843 vitium
2659 805 2726 842 ex
2767 788 2975 859 duplici
3021 800 3239 847 constat
3301 793 3456 865 igno-

1888 883 2086 937 rantia.
2135 882 2229 937 Hae
2275 898 2448 948 vero,
2501 882 2556 936 in
2608 899 2778 937 unum
2825 889 3123 950 coeuntes,
3176 886 3458 958 alteraque

1887 976 2044 1030 alteri
2073 984 2360 1039 consertae,
2398 975 2681 1030 confusam
2715 991 2878 1030 unam
2930 976 3172 1031 cilicium
3213 979 3460 1046 pruden-

1871 1066 2042 1122 tiam.
2072 1066 2235 1121 Solus
2256 1066 2401 1120 enim
2436 1066 2528 1120 ille
2557 1067 2831 1136 superbus
2859 1075 2962 1130 cst,
2999 1068 3092 1136 qui
3135 1076 3189 1121 et
3210 1068 3460 1122 divinum

1889 1159 2174 1224 auxilium,
2209 1167 2265 1213 et
2289 1159 2583 1213 humanam
2614 1159 2829 1227 ignorat
2872 1160 3321 1214 imbecillitatem.
3364 1155 3462 1216 Est

1887 1251 2075 1320 itaque
2105 1249 2384 1319 superbia,
2421 1249 2621 1304 divina:
2665 1250 3026 1320 humanmque
3050 1251 3312 1314 scientiae
3344 1251 3458 1320 pri-

1889 1337 2055 1391 vatio.
2119 1336 2505 1390 Extremorum
2560 1351 2796 1406 namque
2838 1352 3096 1392 verorum
3145 1338 3457 1408 negatione,

1891 1441 1998 1479 una
2029 1424 2270 1494 falsaque
2295 1424 2511 1479 exsistit
2544 1424 2857 1480 affirmatio.

1961 1516 2049 1570 65.
2080 1515 2262 1569 lnanis
2290 1515 2486 1586 gloria,
2515 1529 2543 1568 a
2587 1515 2778 1569 divino
2816 1531 2984 1586 scopo
3026 1532 3204 1587 exque
3261 1518 3464 1575 divinis

1891 1607 2199 1662 rationibus
2218 1606 2549 1662 exorbitatio
2571 1617 2674 1671 est,
2699 1607 2859 1678 575
2874 1608 3037 1677 inque
3053 1609 3219 1662 alium
3238 1624 3463 1681 sc0pum

1894 1716 2056 1770 quam
2079 1699 2323 1754 divinum
2353 1699 2615 1754 deviatio.
2660 1699 2844 1754 inanis
2869 1699 3017 1755 enim
3060 1700 3250 1771 gloriae
3287 1702 3468 1757 cultor

1895 1800 2020 1855 cst,
2080 1792 2174 1861 qui
2212 1807 2325 1846 sua:
2383 1791 2571 1862 gloria:
2609 1807 2798 1861 causa,
2842 1808 2954 1847 non
3000 1792 3224 1860 divinae,
3274 1793 3466 1849 virtuti

1893 1883 2099 1948 studet,
2132 1883 2356 1954 suisque
2389 1882 2676 1938 laboribus
2703 1883 2926 1954 fragiles
2951 1899 3016 1939 ac
3047 1899 3171 1955 quae
3207 1899 3276 1939 ne
3316 1886 3467 1942 exsi-

1879 1963 2048 2031 'stant
2073 1975 2319 2046 quidem,
2347 1975 2620 2031 humanas
2649 1975 2872 2030 redimit
2905 1975 3116 2031 laudes.

1963 2069 2051 2125 66.
2097 2068 2202 2136 Qui
2247 2068 2644 2124 assentationis
2691 2067 2831 2123 vitio
2873 2067 3108 2134 laborat,
3155 2083 3324 2122 unum
3365 2069 3471 2124 hoc

1896 2170 2053 2215 curat
2086 2169 2145 2214 ut
2178 2161 2426 2215 exterius
2451 2169 2607 2231 gestu
2630 2161 2940 2230 habituque
2963 2174 3148 2215 mores
3169 2175 3300 2216 suos
3323 2175 3474 2215 com-

1896 2260 2062 2320 ponat
2093 2269 2106 2302 :
2142 2252 2236 2306 sed
2261 2260 2315 2306 et
2348 2250 2638 2304 adulatorii
2675 2251 2948 2305 sermonis
2966 2251 3232 2304 rationem
3267 2250 3468 2316 habet;
3515 2275 3518 2278 λ

1899 2349 1959 2396 ιιι
1982 2342 2241 2396 nimirum
2278 2343 2452 2396 altero
2478 2349 2762 2410 aspectum
2791 2340 3057 2406 deliniat;
3089 2341 3261 2395 altero
3284 2350 3470 2396 autem

1897 2448 1994 2487 eos
2010 2433 2265 2496 mulceat,
2284 2432 2376 2501 qui
2392 2431 2608 2486 nonnisi
2625 2431 2758 2485 visis
2778 2432 3088 2501 auditisque
3105 2432 3470 2499 delectantur,

1899 2537 1995 2577 seu
2030 2523 2194 2576 etiam
2218 2523 2327 2576 illis
2353 2521 2715 2575 admiratione
2740 2521 3041 2586 ducuntur,
3076 2537 3139 2576 ac
3162 2521 3278 2576 solo
3304 2536 3468 2578 sensu

1898 2615 2161 2668 virtutem
2202 2613 2696 2668 circumscribunt.
2725 2613 3131 2667 Assentationis
3160 2615 3342 2683 itaque
3374 2629 3469 2668 seu

1900 2699 2221 2754 demerendi
2242 2700 2494 2754 homines
2514 2701 2725 2759 vitium
2740 2701 2857 2770 (ἀνθ
2869 2700 3310 2772 ρωπαρὲσκειαν)
3333 2700 3470 2756 dici-

1902 2809 2044 2856 mus,
2085 2809 2206 2862 qum
2237 2792 2291 2846 in
2323 2792 2570 2847 moribus
2599 2809 2662 2848 ac
2691 2791 3041 2848 sermonibus
3069 2792 3225 2862 quasi
3252 2792 3474 2846 virtutis

1902 2883 2125 2938 nomine
2161 2883 2458 2938 ostentatio
2489 2884 2780 2954 contingit.

1975 2977 2062 3031 67.
2114 2975 2429 3048 Ilypocrisis
2465 3016 2478 3040 ,
2536 2975 2792 3030 amicitia.
2868 2973 3150 3029 simulatio
3204 2983 3325 3042 est;
3381 2985 3476 3028 aut

1905 3069 2116 3136 odium,
2145 3069 2399 3126 amicitiae
2421 3069 2611 3124 habitu
2636 3069 2967 3123 occultatum
2993 3087 3006 3136 ;
3043 3069 3473 3132 autinimicitia‘,

1905 3180 2026 3235 qua:
2050 3164 2450 3218 benevolentia:
2477 3163 2600 3218 ficta
2629 3163 2811 3232 specie
2844 3170 3243 3230 exerceantur;
3272 3170 3368 3218 aut
3394 3163 3479 3218 in-

1903 3254 2071 3318 vidia,
2112 3253 2424 3308 dilectionis
2463 3253 2691 3324 figuram
2726 3252 2970 3308 referens
3013 3271 3027 3306 :
3073 3263 3170 3308 aut
3207 3254 3338 3319 vita,
3366 3256 3479 3309 vir-

1904 3347 2038 3401 tutis
2071 3347 2218 3411 fuco,
2260 3363 2369 3400 non
2417 3347 2535 3417 ipsa
2566 3361 2623 3402 re
2669 3345 3015 3400 honestatem
3076 3345 3332 3401 habens:
3383 3357 3480 3400 aut

1897 3438 2126 3511 justitia:
2156 3438 2438 3492 simulatio
2467 3479 2481 3503 ,
2523 3452 2644 3506 quze
2691 3438 2807 3491 sola
2838 3426 3161 3508 apparentia
3212 3444 3431 3490 constet
3460 3454 3474 3498 ;

1904 3539 1994 3585 aut
2019 3547 2199 3594 error,
2221 3531 2469 3586 veritatis
2490 3528 2720 3583 formam
2753 3529 3000 3594 habens;
3028 3543 3192 3599 quam
3227 3528 3264 3582 ii
3290 3529 3480 3583 colunt

1905 3637 2068 3692 atque
2109 3632 2412 3687 sectantur,
2463 3623 2559 3691 qui
2609 3637 2823 3676 morum
2858 3621 3128 3691 pravitate
3166 3629 3480 3691 serpentem

1907 3712 2219 3766 imitantur.

1977 3803 2064 3856 68.
2123 3803 2268 3854 Deus
2318 3817 2504 3856 rerum
2544 3810 2736 3855 auctor
2796 3809 2900 3861 est,
2946 3817 3009 3855 ac
3051 3802 3323 3854 bonorum
3361 3816 3484 3870 qua:

1909 3891 2078 3944 rebus
2106 3890 2316 3942 insunt.
2349 3889 2399 3942 is
2429 3889 2635 3957 itaque,
2686 3890 2779 3959 qui
2820 3890 3044 3943 virtutis
3088 3898 3186 3944 aut
3237 3891 3485 3945 scientia:

1909 3981 2130 4034 nomine
2156 3980 2460 4045 extollitur,
2497 3995 2600 4035 nec
2643 3997 2742 4051 pro
2771 3981 2932 4034 modo
2974 3982 3196 4036 virtutis
3233 3997 3325 4036 seu
3354 3997 3483 4050 pro--

1909 4073 2105 4136 fectus,
2151 4080 2439 4141 praestante
2469 4071 2664 4142 gratia,
2719 4071 3053 4126 infirmitatis
3091 4088 3201 4135 sua:
3238 4072 3486 4126 modesto

1910 4179 2074 4228 sensu
2109 4163 2444 4230 agnitionem
2480 4163 2714 4217 intendit
2743 4205 2756 4226 ,
2818 4164 3091 4232 superbia:
3138 4163 3341 4218 malum
3375 4180 3486 4218 non

1911 4253 2123 4322 eﬂ‘ugit.
2151 4253 2253 4318 Qui
2281 4269 2430 4308 vero.
2458 4255 2691 4323 propriae
2718 4255 2905 4324 gloria:
2925 4270 3089 4309 causa
3139 4254 3488 4310 honestatem

1914 4343 2064 4405 colit,
2121 4344 2236 4412 ipse
2281 4358 2340 4397 se
2390 4344 2524 4405 Deo,
2573 4345 2751 4398 inanis
2786 4344 2971 4412 gloriae
3021 4345 3177 4399 clavo
3216 4342 3485 4405 confixus,

229 4421 316 4490 τῷ
345 4421 440 4490 τῆς
470 4421 778 4485 κενοδοξίας
807 4419 922 4490 ἦλῳ
977 4418 1328 4488 περιπαρείς.
1375 4417 1433 4469 ’0
1481 4417 1538 4468 δὲ
1588 4418 1723 4485 πρὸς
1753 4417 1801 4468 τί

1915 4435 2249 4502 anteposuit.
2289 4433 2391 4499 Qui
2431 4443 2610 4488 autem
2645 4445 2703 4488 ut
2744 4435 2812 4488 ab
2865 4435 3183 4490 hominibus
3234 4436 3490 4489 videatur

233 4509 501 4580 θεαθῆναι
548 4511 657 4572 τοῖς
691 4508 1023 4579 ἀνθρώποις,
1081 4508 1252 4561 ποιῶν
1293 4508 1326 4578 ἢ
1380 4507 1558 4560 λαλῶν
1608 4507 1808 4577 (Ιι)τὴν

236 4603 469 4673 ἀρετὴν,
490 4601 590 4671 τῆς
623 4601 773 4664 θείας
801 4600 981 4670 πολλῷ
1010 4600 1108 4671 τὴν
1142 4600 1491 4671 ἀνθρωπίνην
1539 4599 1810 4669 ἀποδοχὴν

237 4695 570 4765 ὑπερὲθηκε,
627 4693 706 4765 τῷ
752 4694 852 4762 τῆς
898 4692 1422 4764 ἀνθρωπαρεσκείας
1458 4692 1620 4745 πάθει
1649 4708 1810 4760 νοση-

236 4787 564 4854 λευόμενος⁸
605 4788 634 4837 ὁ
687 4785 742 4837 δὲ
799 4786 958 4856 μόνον
989 4786 1055 4854 τῇ
1105 4784 1225 4836 κατ’
1273 4783 1472 4853 ἀρετὴν
1521 4783 1812 4852 σεμνότητι

236 4878 379 4946 πρὸς
411 4877 625 4946 ἀπάτην
657 4875 977 4946 κακούργως
1005 4873 1318 4945 ὲπιχρώσας
1350 4877 1418 4926 τὰ
1443 4873 1570 4944 ἢθη,
1599 4875 1694 4926 καὶ
1715 4873 1814 4944 τὴν

237 4969 488 5039 πονηρὰν
520 4969 618 5038 τῆς
649 4967 875 5038 γνώμης
923 4967 1161 5020 διάθεσιν
1194 4966 1273 5036 τῷ
1325 4966 1637 5034 φαινομένῳ
1687 4968 1816 5036 σχή-

242 5079 380 5134 ματι
412 5062 705 5115 καλύπτων
739 5063 838 5132 τῆς
871 5060 1176 5122 εὐλαϐείας.
1226 5058 1303 5128 τῷ
1351 5057 1450 5128 τῆς
1477 5058 1819 5130 ὑποκρίσεως

239 5157 525 5224 ὲξωνεῖται
553 5156 692 5225 δόλῳ
728 5157 826 5225 τὴν
848 5156 1067 5227 ἀρετήν.
1104 5153 1313 5206 Οὐκοῦν
1362 5155 1390 5206 6
1435 5152 1694 5216 τοιοῦτος,
1727 5152 1815 5204 ἐπ’

242 5248 382 5303 ἄλλα
416 5249 564 5318 παρά
589 5247 685 5319 τὴν
717 5246 896 5299 αἰτίαν
941 5246 1172 5298 ἑκάστου
1207 5243 1413 5298 τούτων
1442 5245 1694 5314 ἀπήγαγε
1727 5242 1818 5295 τὸν

244 5343 471 5394 σκοπόν.

320 5431 418 5498 ξθ’.
447 5435 461 5452 ⁸
494 5431 681 5495 Οὐδεὶς
710 5429 818 5485 τῶν
845 5427 1094 5500 πονηρῶν
1118 5429 1407 5498 δαιμόνων,
1441 5426 1534 5480 τοῦ
1565 5427 1818 5497 ἐναρέτου

323 5551 342 5572 ⁸
369 5549 452 5605 Cf.
477 5550 544 5603 ad
569 5550 813 5603 Thalass.
840 5562 893 5615 q.
920 5546 1007 5600 56.

1916 4532 2010 4578 aut
2040 4525 2169 4580 facit
2201 4541 2322 4595 quze
2348 4526 2570 4580 virtutis
2603 4535 2749 4589 sunt,
2786 4536 2880 4580 aut
2909 4527 3153 4594 loquitur
3178 4567 3191 4589 ,
3239 4533 3488 4580 assenta-

1919 4615 2084 4670 tionis
2108 4615 2302 4669 morbo
2323 4615 2600 4678 laborans,
2642 4616 2801 4685 longe
2835 4616 3008 4684 pluris
3035 4616 3202 4669 habet
3234 4624 3293 4668 ut
3315 4615 3493 4668 homi-

1916 4707 2103 4770 nibus,
2163 4723 2327 4776 quam
2356 4716 2419 4762 ut
2466 4707 2579 4761 Deo
2630 4708 2916 4776 probetur.
2958 4707 3061 4773 Qui
3101 4706 3340 4776 denique
3376 4707 3493 4760 sola

1918 4796 2140 4850 virtutis
2171 4797 2459 4852 honestate
2488 4798 2554 4852 ad
2588 4797 2774 4854 fucum
2817 4796 3128 4850 faciendum
3181 4796 3325 4849 malo
3370 4804 3493 4847 astu

1920 4903 2104 4943 mores
2124 4887 2355 4952 imbuit,
2387 4901 2722 4957 pravamque
2751 4887 2919 4941 animi
2967 4885 3314 4939 affectionem
3359 4900 3493 4938 cou-

1921 4981 2113 5051 spicuo
2149 4981 2426 5050 religionis
2457 4981 2678 5050 pietatis
2707 4981 2897 5035 habitu
2941 4979 3171 5048 obtegit.
3224 4978 3272 5032 is
3325 4977 3496 5047 hypo-

1922 5071 2084 5125 crisis
2107 5070 2236 5124 dolo
2264 5070 2524 5125 virtutem
2558 5070 2803 5126 redimit.
2833 5070 2936 5137 Qui
2968 5085 3099 5140 ergo
3131 5069 3253 5124 talis
3276 5074 3380 5132 est,
3427 5066 3496 5120 ad

1923 5161 2029 5215 alia
2074 5177 2238 5230 quam
2295 5162 2363 5216 ad
2413 5170 2717 5228 auctorem,
2766 5162 2964 5216 horum
3009 5161 3274 5231 cujusque
3331 5156 3498 5212 ﬁnem

1925 5251 2136 5306 retulit.

1981 5428 2069 5483 69.
2084 5429 2278 5486 Nullus
2294 5446 2534 5502 unquam
2551 5431 3016 5504 nequissimorum
3033 5431 3362 5494 dmmonum,
3379 5426 3501 5498 ejus
3518 5407 3526 5418 ’

345 5642 399 5712 It)
438 5639 626 5698 Ποιῶν
647 5643 683 5707 ἢ
712 5641 937 5696 λαλῶν.
965 5640 1098 5693 Male
1120 5640 1284 5694 editis
1308 5640 1513 5712 δοκῶν,
1565 5640 1710 5710 quod
1762 5654 1801 5694 el

1910 5640 2204 5700 llmcismus
2231 5652 2333 5710 est,
2369 5657 2472 5700 nec
2507 5643 2639 5699 satis
2676 5642 2768 5698 hic
2837 5641 3109 5712 congruit,
3163 5639 3267 5695 etsi
3343 5638 3503 5696 Picus

252 5709 485 5773 reddere
511 5725 740 5767 conatus
765 5721 870 5778 est,
903 5712 1124 5764 Exercet
1150 5720 1244 5763 aut
1273 5709 1512 5763 simulat.

543 5808 808 5867 [Ἀτιιοι.
861 5805 900 5863 1i
916 5823 974 5865 tt.
1026 5804 1146 5864 XC.

3111 5799 3180 5859 Μ
