3930 6324
253 301 387 366 ῙΞἮ

914 299 1245 399 CA.PITUM
1285 300 1707 374 QUINQUIES
1745 300 2266 368 CENTENORUM
2311 310 2699 374 CENTURIA
2738 312 2854 375 III.

3375 318 3511 381 1Ξῖἶῖ

246 419 355 472 τῶν
386 417 701 488 δαιμονίων,
734 419 831 472 οὑκ
861 420 1205 473 εἰσακούεται
1238 418 1697 489 προσευχόμενος,
1733 416 1805 469 οὑξ

1936 417 2122 473 nientc
2157 436 2284 492 erga
2332 440 2576 480 errorem
2618 428 2949 494 daemonum,
2992 445 3094 484 nec
3140 430 3255 501 ipse
3287 435 3513 489 exaudi-

251 509 388 578 ἔχων
438 511 519 571 εἰς
564 512 872 580 προσευχῆς
906 511 1167 582 δύναμιν,
1228 512 1328 581 τὴν
1356 512 1464 564 ἀπὸ
1494 514 1594 582 τῆς
1626 510 1832 580 πλάνης

245 601 559 655 τιῦιδάθέων
589 603 857 656 Ἰουδαίων
886 606 1240 675 ἐπιστροφήν.
1276 605 1438 658 Ὅθεν
1463 603 1557 657 τοῦ
1578 604 1833 672 διακενῆς

247 697 650 765 προσεύχεσθαι
686 701 777 750 καὶ
807 699 995 751 τοῦτον
1022 700 1250 768 ἀπάγων
1281 703 1308 753 ὁ
1334 699 1488 762 Θεὸς,
1526 701 1685 768 φησὶ,
1720 697 1829 752 Καὶ

246 790 329 841 σὺ
360 789 446 858 μὴ
483 792 831 860 προσεύχου
873 792 1006 860 περὶ
1038 790 1144 844 τοῦ
1173 791 1328 845 λαοῦ
1357 792 1595 854 τούτου,
1624 790 1719 843 καὶ
1742 789 1827 857 μὴ

246 881 427 945 ἀξίου
475 883 581 936 τοῦ
622 883 946 952 ἐλεηθῆναι
975 883 1219 950 αὐτοὺς,
1252 883 1346 938 καί
1375 883 1461 953 μὴ
1490 883 1695 951 εὔχου,
1732 884 1827 935 καὶ

238 972 329 1041 μὴ
365 973 709 1040 προσέλθῃς
732 992 833 1042 μοι
868 974 999 1042 περὶ
1031 973 1230 1029 αὐτῶν
1254 974 1342 1029 ἔτι
1365 1018 1379 1041 ,
1437 974 1526 1028 ὅτι
1559 976 1669 1029 οὐκ
1702 977 1827 1027 εισ-

244 1064 601 1130 ιικούσομαι.
1296 1078 1299 1079 ⁷

322 1161 433 1221 πγ’.
473 1154 683 1223 Πολλῆς
711 1156 877 1220 ὅντως
908 1159 1057 1211 ἐστὶν
1086 1158 1435 1229 ἀϐελτηρίας,
1467 1159 1555 1211 ἵνα
1583 1157 1656 1227 μὴ
1683 1156 1825 1225 λέγω

245 1248 677 1319 παραφροσύνης
703 1289 715 1312 ,
771 1251 836 1303 δι’
860 1252 1025 1322 εὐχῆς
1072 1252 1297 1305 δικαίων
1340 1253 1618 1321 ἐπιζητεῖν
1648 1269 1824 1322 σωτη-

246 1340 369 1405 ράν
394 1378 409 1401 ,
473 1339 567 1392 τδν
614 1341 756 1395 κατὰ
802 1341 1042 1396 διάθεσιν
1080 1346 1192 1407 τοῖς
1232 1343 1497 1415 ὀλεθρίοις
1526 1343 1819 1415 ἡδόμενον·

242 1428 513 1483 κάκείνων
571 1430 841 1485 αἰτεῖσθαι
900 1429 1289 1505 συγχώρησιν,
1351 1428 1433 1496 οἷς
1482 1434 1822 1505 ὲγκαυχᾶται

241 1520 362 1571 παῖ’
379 1520 659 1591 ἐνέργειαν
688 1523 944 1595 προθέσει
978 1525 1359 1595 σπιλούμενος,
1394 1525 1514 1580 δέον
1546 1525 1619 1597 μὴ
1646 1527 1823 1599 ἀργὴν

239 1613 335 1681 Ξᾷν
378 1612 625 1680 γίνεσθαι
673 1616 766 1668 καὶ
806 1616 1065 1688 ἀκίνητον
1111 1620 1206 1672 τοῦ
1244 1618 1455 1672 δικαίου
1484 1618 1583 1690 τὴν
1612 1619 1817 1689 δέησιν,

236 1703 331 1753 τλν
385 1702 588 1773 ταύτης
633 1705 920 1775 δεόμενον,
977 1710 1135 1780 εἴπερ
1175 1710 1392 1781 ἀληθῶς
1419 1713 1535 1773 τοῖς
1563 1715 1820 1781 πονηροῖς

242 1792 604 1863 ἀπεχθάνεται
625 1813 639 1828 ·
693 1798 810 1852 ἀλλ’
830 1801 1053 1871 ἐνεργὸν
1080 1805 1255 1856 ποιεῖν
1286 1804 1381 1856 καὶ
1411 1804 1659 1874 ίσχυρὰν,
1691 1807 1814 1869 ταῖς

236 1884 466 1950 οίκείαις
512 1887 734 1958 ἀρεταῖς
780 1895 1176 1966 πτερουμένην,
1228 1899 1322 1951 καὶ
1366 1897 1675 1966 φθάνουσαν
1722 1900 1815 1952 τὸν

240 1976 588 2050 συγχώρησιν
613 1982 812 2038 διδόναι
836 1986 946 2040 τῶν
969 1988 1473 2061 πλημμεληθέντων
1494 1991 1809 2062 δυνάμενον.

311 2157 414 2212 πδ’.
472 2161 638 2215 Πολὺ
678 2164 875 2233 ἰσχύει
922 2167 1027 2221 τοῦ
1060 2169 1294 2224 δικαίου
1336 2172 1375 2240 ἠ
1408 2171 1652 2240 δέησις,
1702 2174 1812 2227 εἴτε

346 2249 443 2302 τοῦ
494 2255 817 2324 ποιουμένου
846 2258 1049 2329 ταύτην
1076 2260 1283 2314 δικαίου
1304 2305 1318 2327 ,
1381 2262 1490 2316 εἴτε
1519 2265 1584 2316 ἐκ
1608 2265 1701 2318 τοῦ
1727 2265 1813 2331 γί-

236 2340 423 2394 νεσθαι
452 2344 622 2415 αὑτὴν
652 2349 970 2418 αἰτουμένου
998 2352 1095 2405 τὸν
1118 2353 1327 2407 δίκαιον
1351 2395 1365 2417 ,
1419 2351 1808 2428 ἐνεργουμένη.

246 2430 382 2485 Ὑπὸ
408 2435 504 2504 μὲν
532 2437 639 2509 γάρ
665 2438 757 2493 τοῦ
782 2442 988 2495 δικαίου
1016 2445 1405 2518 ἐνεργουμένη,
1429 2448 1643 2501 δίδωσιν
1664 2450 1811 2520 αὑτῷ

240 2526 550 2595 παρρησίαν
575 2530 710 2601 πρὸς
731 2533 824 2585 τὸν
848 2534 1030 2589 δοῦναι
1054 2537 1347 2609 δυνάμενον
1368 2540 1434 2594 τὰ
1454 2541 1564 2594 τῶν
1585 2541 1810 2595 δικαίων

234 2616 532 2686 αἰτήματα’
564 2620 669 2674 ὑπὸ
690 2622 747 2675 δὲ
770 2624 863 2676 τοῦ
889 2627 1097 2698 ταύτην
1124 2630 1444 2698 αἰτουμένου
1469 2631 1559 2684 τὸν
1578 2630 1803 2697 δίκαιον,

232 2706 333 2776 τῆς
359 2709 633 2779 προτέρας
660 2712 822 2766 αὑτὸν
851 2716 1153 2786 μοχθηρίας
1179 2718 1439 2789 ἀφίστησι
1466 2763 1478 2785 ,
1535 2720 1806 2792 μεταϐάλ-

231 2795 399 2851 λουσα
432 2801 568 2869 πρὸς
597 2803 799 2875 ἀρετὴν
830 2806 977 2876 αὐτῷ
1004 2808 1102 2878 τὴν
1128 2810 1384 2865 διάθεσιν.

303 2895 406 2944 πε’.
425 2891 445 2911 ⁵
464 2892 571 2944 Τοῦ
588 2894 914 2949 ’Δποστόλου
942 2901 1244 2968 εἰρηκότος,
1263 2896 1423 2970 Ἐνῷ
1438 2903 1807 2975 ἀγαλλιᾶσθε

229 2979 441 3048 ὀλίγον
468 2981 619 3050 ἄρτι,
655 2986 706 3038 εί
752 2985 893 3040 δέον
928 2989 1059 3042 ἐστὶ
1104 2992 1493 3062 λυπηθέντας
1532 2997 1688 3066 ὑμᾶς
1737 2999 1806 3053 ἐν

224 3071 530 3136 ποικίλοις
566 3077 937 3145 πειρασμοῖς,
974 3079 1090 3144 πῶς
1116 3100 1200 3147 τις
1227 3083 1564 3155 λυπούμενος
1592 3089 1649 3140 ὲν
1685 3105 1805 3143 πει-
1831 3096 1873 3157 (Γ.

225 3162 461 3229 ρασμοῖς
490 3162 709 3218 δύναται
740 3167 1096 3236 άγαλλιᾶσθαι
1123 3175 1180 3225 ὲν
1203 3168 1247 3242 ᾧ
1272 3174 1514 3231 λυπεῖται
1543 3196 1559 3245 ;

299 3346 413 3404 πς¹.
449 3341 560 3413 Τὴν
585 3342 760 3417 λύπην
784 3346 967 3419 διττὴν
991 3348 1100 3405 οἵδε
1133 3354 1234 3421 τῆς
1262 3356 1516 3425 ἀληθείας
1545 3362 1572 3413 ὁ
1602 3361 1755 3429 λόγος
1782 3379 1795 3393 ⁸

221 3430 321 3500 τὴν
349 3432 467 3500 μὲν,
498 3436 639 3490 κατὰ
664 3437 843 3510 ψυχὴν
868 3442 1088 3510 ἀφανῶς
1112 3463 1124 3476 ·
1175 3446 1272 3516 τὴν
1298 3449 1374 3513 δὲ,
1402 3450 1521 3503 κάτ’
1546 3452 1799 3525 αἴσθησιν

224 3523 478 3591 φανερῶς
505 3529 920 3599 συνισταμένην·
954 3533 1047 3585 καὶ
1075 3536 1172 3605 τὴν
1206 3538 1325 3607 μὲν,
1355 3540 1476 3594 ὅλον
1501 3542 1598 3612 τῆς
1618 3523 1799 3616 ψυχῆς

220 3613 285 3662 τὸ
316 3612 478 3681 βάθος
506 3618 1039 3690 περιλαμϐάνουσαν,
1076 3630 1141 3697 τῇ
1173 3631 1396 3698 μάστιγι
1425 3633 1525 3702 τῆς
1550 3612 1796 3707 συνειδῆ-

222 3719 357 3766 σεως
388 3705 753 3778 αίκιξόμενονο
786 3713 884 3783 τὴν
912 3714 990 3777 δὲ,
1026 3719 1204 3770 πᾶσαν
1232 3721 1330 3790 τὴν
1361 3722 1613 3795 αἴσθησιν
1639 3705 1792 3796 περι-

219 3793 536 3868 γράφουσαν
560 3839 574 3863 ,
628 3801 707 3870 τῷ
750 3802 906 3874 βάρει
938 3806 1046 3860 τῶν
1069 3808 1332 3875 ἀλγεινῶν
1365 3815 1794 3889 συστελλομένην

216 3883 320 3952 τῆς
345 3892 578 3961 φυσικῆς
603 3893 905 3964 διαχύσεως
924 3913 936 3927 ·
999 3899 1095 3951 καὶ
1120 3900 1220 3969 τὴν
1251 3903 1352 3971 μὲν
1371 3946 1385 3965 ,
1436 3907 1537 3975 τῆς
1565 3883 1685 3961 κατ’
1708 3883 1794 3962 αῖ-

221 3971 412 4039 οΟησιν
439 3976 628 4049 ἡδονῆς
662 3996 675 4006 ·
734 3981 831 4051 τὴν
860 3983 937 4046 δὲ,
959 3986 1060 4052 τῆς
1091 3991 1229 4042 κατὰ
1251 3990 1429 4063 ψυχὴν
1454 3971 1792 4067 εὑφροσύνης

215 4062 369 4129 τέλος
399 4065 748 4140 ὑπάρχουσαν
774 4091 788 4105 ·
830 4077 1031 4143 μᾶλλον
1057 4080 1114 4134 δὲ
1144 4082 1243 4153 τὴν
1271 4062 1393 4153 μὲν,
1428 4062 1540 4139 τῶν
1564 4062 1685 4142 κατ’
1704 4062 1791 4143 ai?

218 4156 410 4228 σθησιν
451 4164 746 4233 γνωμικῶν
770 4183 784 4199 ο
838 4169 936 4239 τὴν
975 4170 1052 4235 δὲ,
1086 4173 1195 4226 τῶν
1232 4177 1351 4228 κατ’
1377 4178 1545 4251 αὐτὴν
1577 4182 1787 4252 συμπέ-

216 4268 402 4322 ρασμα
432 4257 580 4325 παρὰ
605 4259 829 4330 γνώμην
859 4264 1045 4317 παθῶν
1069 4268 1457 4336 τυγχάνουσαν.

1937 518 2044 573 tur,
2084 512 2229 580 quod
2275 513 2426 583 impii
2470 515 2643 571 Judaei
2688 519 3073 573 convertendo-
3101 534 3160 573 se
3194 520 3263 574 ab
3296 536 3505 587 errore,

1933 604 2113 658 nullas
2156 607 2461 674 precationi
2499 609 2647 663 vires
2684 610 2966 665 afferrent.
3007 611 3160 667 Unde
3194 622 3249 667 et
3292 614 3433 669 Deus
3476 630 3508 669 a

1930 692 2243 747 irustraneo
2286 694 2380 749 illo
2426 712 2652 765 precum
2691 699 2901 752 ambitu
2945 716 3070 755 eum
3112 718 3390 757 avocans:
3433 704 3504 757 Tu

1932 799 2153 853 quoque,
2211 786 2409 854 inquit,
2458 787 2566 840 noli
2608 805 2763 842 orare
2803 808 2898 860 pro
2940 792 3133 863 populo
3180 794 3294 857 hoc,
3339 804 3386 847 et
3441 812 3515 848 ne

1931 889 2077 944 roges
2112 884 2171 928 ut
2211 892 2388 930 eorum
2428 880 2718 946 miserear;
2754 900 2847 936 nec
2883 884 3028 939 ultra
3072 902 3166 955 pro
3207 889 3279 941 cis
3314 888 3384 939 ad
3423 904 3504 940 me

1930 969 2225 1031 accesseris,
2251 969 2375 1036 quia
2404 986 2504 1023 non
2524 974 2809 1027 exaudiam
2844 976 2881 1027 ¹.

1997 1146 2084 1201 85.
2120 1147 2356 1204 Summae
2388 1166 2576 1205 revera
2612 1151 2928 1209 ει‹1ἱι1ἱι;ιιὶε
2966 1165 3067 1219 est,
3102 1174 3169 1211 nc
3195 1158 3370 1212 dicam
3402 1160 3500 1215 dc-

1926 1242 2165 1306 mentizc,
2190 1243 2466 1311 juslorum
2507 1246 2763 1314 precibus
2792 1247 3024 1300 salutem
3057 1252 3369 1318 exquirere,
3406 1255 3499 1323 qui

1924 1332 2172 1386 exitiosis
2214 1334 2379 1389 rebus
2422 1351 2485 1389 ac
2533 1353 2654 1406 qua:
2694 1338 2977 1393 interitum
3026 1342 3263 1410 pariant,
3315 1346 3501 1399 animo

1923 1421 2264 1490 delectetur;
2291 1441 2592 1496 eorumque
2623 1430 2837 1483 veniam
2862 1440 3071 1500 petere,
3092 1432 3296 1502 quibus
3320 1436 3499 1505 rcipsa

1923 1514 2155 1569 sordens
2178 1518 2383 1572 mentis
2425 1520 2711 1590 proposito
2727 1522 3022 1591 glorietur;
3057 1540 3180 1579 cum
3208 1542 3307 1597 par
3330 1539 3496 1593 esset,

1921 1614 1982 1658 ut
2008 1606 2099 1675 qui
2132 1608 2264 1678 justi
2299 1609 2742 1680 deprecationem
2793 1614 3071 1683 implorat,
3114 1633 3222 1671 non
3265 1620 3498 1674 otiosam

1920 1704 2213 1765 motusque
2244 1710 2525 1769 expertem
2566 1718 2629 1756 ac
2665 1702 2909 1758 desidem
2953 1721 3072 1759 eam
3110 1707 3229 1761 ﬁeri
3266 1709 3494 1773 sineret,

1847 1764 1893 1820 Β
1919 1785 1963 1839 si
2012 1787 2175 1842 modo
2207 1804 2336 1844 vere
2368 1791 2443 1845 illi
2486 1793 2628 1846 mala
2661 1793 3053 1862 displicerent;
3084 1797 3179 1851 sed
3219 1797 3505 1855 efficacem-

1916 1878 2284 1948 validamque,
2334 1884 2576 1952 propriis
2624 1883 2795 1953 ipsius
2852 1886 3156 1943 virtutibus
3205 1890 3495 1945 subnixam

1914 1971 2195 2040 altumque
2224 1974 2496 2029 volantem
2532 1977 2806 2043 redderet,
2826 1994 3061 2049 eumque
3091 1993 3490 2052 assequentem,

1915 2060 2008 2129 qui
2036 2070 2216 2129 potest
2235 2063 2565 2118 delictorum
2590 2068 2805 2131 veniam
2832 2071 3100 2138 prcebere.

1984 2165 2071 2220 84.
2115 2165 2341 2221 Multum
2381 2168 2520 2222 valet
2549 2171 2686 2240 justi
2737 2173 3055 2245 deprecatio,
3101 2178 3217 2233 sive
3257 2195 3322 2234 ex
3357 2171 3513 2251 justi.

1913 2254 2087 2324 ipsius
2120 2256 2402 2314 offerentis
2433 2275 2687 2329 persona,
2730 2264 2845 2318 sive
2877 2265 3041 2327 illius,
3074 2269 3230 2338 cujus
3256 2272 3370 2340 ipse
3402 2291 3492 2329 ro-

1911 2350 2037 2412 gatu
2068 2344 2280 2398 Numen
2312 2346 2642 2416 interpellat,
2682 2350 2893 2405 efﬁcax.
2931 2353 3088 2409 Justo
3127 2358 3274 2412 cnim
3306 2360 3495 2415 efﬁca-

1912 2444 2030 2484 cem
2072 2432 2345 2496 reddenti,
2388 2434 2645 2488 fiduciam
2688 2438 3018 2507 impetrandi
3070 2445 3299 2511 praebet,
3341 2453 3487 2518 apud

1910 2532 2034 2570 eum
2066 2519 2157 2585 qui
2189 2520 2465 2587 justorum
2500 2523 2798 2590 petitiones
2829 2535 3013 2595 potest
3041 2531 3318 2600 tribuere;
3359 2551 3487 2590 eum

1910 2622 2041 2660 vero
2069 2610 2163 2676 qui
2184 2610 2391 2678 justum
2426 2620 2773 2680 precatorem
2807 2616 3052 2684 adhibet,
3084 2636 3115 2675 a
3155 2622 3339 2691 priore
3380 2626 3486 2680 iui-

1908 2700 2183 2770 probitate
2210 2701 2477 2774 abjungit,
2496 2705 2616 2775 ejus
2645 2706 2889 2762 animum
2911 2709 2977 2763 ad
3005 2711 3265 2769 virtutem
3294 2718 3486 2773 tradu-

1908 2802 2058 2845 cens.

1976 2882 2066 2937 85.
2115 2882 2252 2939 Cum
2284 2885 2576 2955 Apostolus
2620 2888 2767 2944 dicat
2804 2908 2817 2943 :
2861 2891 2927 2946 In
2975 2909 3076 2963 quo
3131 2895 3482 2963 exsultabitis,

1908 2976 2167 3032 modicum
2205 2995 2365 3042 nunc,
2410 2982 2456 3033 si
2505 2990 2705 3052 oportet
2736 2987 3039 3042 contristari
3082 3005 3171 3043 vos
3219 2992 3274 3043 in
3323 2993 3485 3045 variis

1908 3068 2280 3123 tentalionibus
2309 3072 2359 3135 ²;
2398 3074 2675 3141 quomodo
2707 3076 2802 3145 qui
2857 3077 2912 3131 in
2951 3081 3350 3137 tentationibus
3387 3084 3493 3138 tri-

1905 3165 2101 3224 statur,
2150 3161 2205 3215 in
2256 3178 2322 3216 eo
2365 3164 2642 3220 exsultare
2696 3168 2870 3236 possit
2925 3170 2981 3224 in
3033 3187 3143 3241 quo
3188 3174 3495 3241 tristatur;.

1904 3249 2061 3319 cujus
2089 3266 2285 3321 nempe
2309 3254 2482 3323 gratia
2511 3258 2745 3312 moeret?

1972 3339 2060 3394 86.
2122 3341 2407 3411 Duplicem
2467 3346 2744 3401 tristitiam
2796 3351 2951 3416 novit
2989 3368 3149 3409 .vera
3197 3354 3477 3423 doctrina;

1901 3428 2126 3513 alteram
2148 3449 2271 3503 qua:
2295 3434 2351 3487 in
2381 3435 2566 3491 animo
2590 3439 2821 3495 occultis
2844 3442 3150 3500 rationibus
3172 3446 3473 3513 conﬂatur;

1899 3506 2147 3587 alteram,
2182 3538 2303 3591 quae
2328 3521 2491 3595 580
2517 3525 2573 3579 in
2617 3542 2782 3583 sensu
2821 3531 3108 3587 manifeste
3138 3535 3314 3604 posita
3348 3548 3431 3592 est
3460 3558 3471 3592 :

1898 3627 1962 3665 ac
1999 3612 2146 3667 illam
2193 3615 2439 3685 quidem,
2486 3626 2660 3673 totum
2706 3621 2873 3676 animi
2925 3626 3260 3693 profundum
3306 3645 3474 3685 occu-

1898 3720 2049 3773 pare,
2084 3708 2231 3776 quod
2272 3711 2625 3766 conscientiae
2652 3713 2866 3784 ﬂagello
2897 3720 3119 3787 vapulet
3148 3738 3161 3774 :
3203 3722 3347 3778 hanc
3373 3740 3473 3778 au-

1899 3804 2029 3860 tem,
2078 3812 2297 3852 sensum
2353 3816 2571 3856 omnem
2619 3800 3043 3874 circumvenire,
3095 3828 3259 3880 quem
3307 3832 3473 3886 grave

1895 3886 2272 3943 molestiarum
2297 3891 2513 3958 pondus
2547 3910 2575 3947 a
2600 3898 2834 3951 naturali
2862 3898 3155 3957 ditl‘usione
3186 3918 3467 3975 coerceat;

1895 3978 2152 4049 illamque
2173 3981 2311 4037 adeo
2331 3984 2627 4054 voluptatis
2661 4004 2874 4055 sensus,
2900 3992 3040 4047 hanc
3063 3994 3265 4052 laetitiae
3297 4001 3468 4055 animi

1894 4069 2057 4125 tinem
2078 4073 2344 4129 exsistere
2372 4092 2383 4128 :
2416 4078 2548 4145 quin
2588 4081 2790 4149 potius,
2833 4082 2978 4137 illam
3012 4088 3235 4155 quidem
3272 4107 3469 4149 sensus

1891 4160 2185 4218 affectuum
2222 4182 2289 4220 ex
2323 4168 2635 4237 voluntate;
2688 4172 2830 4228 hanc
2864 4185 3069 4242 autem,
3110 4193 3301 4236 eorum
3344 4201 3467 4253 qua:

1890 4263 2089 4323 praeter
2119 4257 2460 4315 voluntatem
2499 4277 2675 4332 eaque
2707 4265 2880 4321 invita
2918 4268 2997 4323 illi
3032 4271 3309 4342 accidunt,
3341 4291 3464 4333 esse

1890 4347 2204 4405 terminum.

282 4431 389 4496 πζ¹.
432 4435 589 4507 Λύπη
623 4439 775 4503 ἐστὶ,
826 4444 945 4495 κατ’
969 4443 1068 4514 ἐμὲ
1099 4445 1285 4515 φάναι,
1319 4450 1557 4517 διάθεσις
1581 4455 1786 4525 ἡδονῶν

1960 4439 2050 4493 87.
2076 4441 2323 4498 Tristitia
2349 4455 2434 4501 est
2456 4445 2623 4518 (quod
2654 4451 2877 4521 quidem
2908 4456 3187 4529 existimo)
3220 4460 3457 4530 disposi—

210 4526 548 4599 ὲστερημένη
568 4545 582 4559 ·
621 4532 875 4601 στέρησις
903 4534 959 4587 δὲ
989 4537 1328 4610 καθέστηκεν
1352 4543 1575 4614 ἡδονῶν,
1606 4549 1793 4603 πόνων

207 4616 472 4686 ἐπαγωγή
498 4635 512 4648 ο
567 4622 727 4684 πόνος
752 4623 808 4676 δὲ
840 4625 1025 4694 σαφῶς
1053 4628 1191 4692 ἐστι,
1240 4636 1477 4705 φυσικῆς
1506 4636 1672 4703 ἕξεως
1697 4641 1782 4694 ,ξλ-

206 4699 383 4767 λειψις
436 4704 466 4773 ἢ
524 4705 874 4780 ὑποχώρησις
897 4729 911 4743 '

1892 4530 1967 4586 tio
2001 4533 2170 4587 animi
2203 4550 2301 4589 seu
2341 4537 2561 4595 affectio
2591 4542 2967 4612 voluptatibus
2996 4562 3210 4605 carens.
3253 4551 3461 4607 Harum

1888 4633 2072 4680 autem
2099 4628 2354 4695 privatio,
2386 4632 2635 4688 laborum
2664 4635 2894 4692 inﬂictio
2914 4649 3016 4694 est.
3047 4641 3227 4699 Labor
3249 4654 3457 4713 autem,

972 4714 1208 4787 ἔλλειψις
1247 4722 1302 4774 δὲ
1358 4732 1589 4799 φυσικῆς
1633 4732 1778 4786 ἐστιν

1913 4720 2145 4774 aturalis
2182 4720 2401 4779 habitus
2430 4726 2607 4794 palam
2647 4728 2915 4798 defectus,
2947 4748 3043 4789 seu
3071 4737 3369 4794 subductio
3392 4757 3458 4795 ac

204 4788 376 4854 ἕξεως
398 4832 412 4858 ,
474 4796 645 4861 πάθος
693 4803 790 4871 τῆς
821 4804 963 4859 κατὰ
991 4808 1152 4874 φύσιν
1180 4812 1544 4887 ὑποκειμένης
1575 4824 1638 4892 τῇ
1666 4823 1778 4888 ἔξει

1913 4824 2130 4866 ecessus
2164 4821 2267 4868 est.
2313 4814 2570 4873 Defectus
2597 4830 2783 4875 autem
2814 4831 2869 4877 et
2907 4824 3156 4882 absentia
3187 4831 3459 4887 naturalis

201 4882 509 4952 δυνάμεως.
546 4889 589 4940 Τ
591 4890 619 4942 ὸ
645 4892 699 4943 δὲ
727 4895 895 4959 πάθος
926 4899 1023 4969 τῆς
1051 4903 1191 4956 κατὰ
1218 4882 1389 4973 φύσιν-
1409 4882 1777 4985 ὑποκειμένης

200 4976 267 5045 τῇ
317 4974 427 5040 ἕξει
472 4978 752 5051 δυνάμεώς
791 4987 970 5055 ἐστιν,
1031 4993 1058 5044 ὁ
1091 4995 1231 5049 κατὰ
1280 4998 1377 5070 τὴν
1426 5004 1774 5075 παράχρησιν

200 5067 302 5135 τῆς
340 5072 575 5140 φυσικῆς
603 5075 883 5145 ἐνεργείας
920 5082 1120 5151 τρόπος
1144 5101 1158 5115 ⁸
1217 5067 1560 5163 παράχρησις
1675 5067 1771 5150 τοῦ

200 5161 321 5210 κατ’
346 5160 623 5232 ἐνέργειαν
647 5169 850 5236 τρόπου
882 5172 1239 5246 καθέστηκεν,
1270 5181 1301 5248 ἡ
1335 5160 1471 5251 πρὸς
1494 5185 1553 5235 τὸ
1584 5186 1656 5257 μὴ
1682 5206 1771 5239 πε-

198 5248 371 5315 φυκὸς
402 5253 543 5306 κατὰ
572 5256 731 5323 φύσιν
759 5261 849 5312 καὶ
874 5260 1237 5333 ὑφιστάμενον
1262 5268 1334 5337 (Ic)
1364 5248 1460 5341 τῆς
1492 5248 1772 5345 δυνάμεως

197 5353 431 5409 κινησις.

272 5494 285 5522 ¹
317 5494 519 5550 Jerem.
557 5516 649 5565 vu,
698 5504 781 5559 l6.
835 5508 884 5561 Ἰ
908 5508 1051 5563 Petr.
1092 5527 1127 5575 ι,
1159 5514 1208 5567 6.

266 5609 283 5625 ⁶
317 5607 399 5663 Cf.
428 5612 494 5665 ad
524 5614 766 5674 Thalass.
794 5637 846 5690 q.
878 5623 963 5677 58.

1883 4899 2126 4968 habitus,
2165 4907 2347 4974 passio
2385 4918 2465 4964 est
2508 4919 2563 4964 et
2604 4912 2757 4968 labes
2796 4930 2890 4969 seu
2932 4918 3201 4987 mgritudo
3229 4923 3350 4992 ejus
3374 4923 3454 4978 fa-
3518 4931 3529 4991 ς-

1880 4992 2123 5061 cultatis,
2166 5014 2287 5067 qua?
2325 5009 2522 5057 natura
2570 5004 2782 5060 habitui
2824 5008 3067 5079 subjecta
3110 5021 3214 5067 est.
3265 5015 3454 5069 Passio

1878 5092 2060 5140 autem
2092 5100 2149 5143 et
2190 5091 2341 5146 labes
2384 5108 2481 5147 seu
2527 5097 2793 5166 aegritudo
2836 5101 2955 5171 ejus
3003 5101 3297 5170 facultatis,
3328 5124 3451 5176 qua:

1877 5187 2072 5234 natura
2102 5182 2315 5238 habitui
2357 5187 2600 5257 subjecta
2632 5200 2736 5255 est,
2771 5195 2966 5249 modus
2988 5206 3071 5251 est
3095 5213 3191 5267 per
3216 5198 3454 5256 abusum

1871 5275 2137 5328 naturalis
2171 5279 2527 5345 operationis.
2582 5283 2752 5340 Porro
2806 5287 3014 5341 abusus
3054 5290 3198 5343 modi
3246 5308 3446 5360 opera—

1871 5366 2057 5428 tionis,
2088 5377 2268 5422 motus
2295 5379 2378 5425 est
2408 5373 2708 5436 facultatis,
2753 5378 2803 5431 in
2841 5379 2892 5433 id
2929 5381 3075 5448 quod
3112 5391 3304 5436 natura
3342 5385 3443 5437 mi‘

1870 5458 2017 5513 nime
2050 5470 2424 5530 comparatum
2448 5474 2549 5529 cst,
2584 5483 2764 5537 neque
2805 5485 2930 5524 vere
2965 5482 3068 5525 cst.

268 5725 340 5792 (ὲ)
383 5726 612 5796 Ἰιπρὸς
659 5732 721 5787 τὸ
765 5734 851 5803 μὴ
905 5740 1170 5808 πεφυκὸς
1219 5746 1366 5797 κατὰ
1410 5748 1597 5814 φύσιν
1657 5752 1749 5804 καὶ
1797 5772 1805 5806 ι

1913 5756 2218 5826 γτιίμενον.
2256 5758 2426 5814 Motus
2492 5763 2760 5830 facultatis
2830 5769 2880 5820 in
2935 5769 2990 5824 id
3021 5770 3161 5840 quod
3203 5786 3303 5826 non
3360 5781 3433 5826 est
