3930 6324
170 314 304 385 1301

815 320 1150 387 CAPITUM
1187 321 1610 396 QUINQUIES
1648 324 2171 389 CENTENORL'M
2210 329 2594 391 CENTURIA
2634 332 2752 393 III.

3293 331 3308 393 l
3320 336 3433 399 302

234 424 344 500 κγ’.
382 428 445 482 '0
496 426 597 501 μὲν
648 427 856 503 Κύριος
905 432 1243 503 ἀπεύχεσθαι
1294 436 1426 500 τοὺς
1460 436 1742 503 ἑκουσίους

1923 439 2014 496 95.
2052 441 2320 497 Dominus
2343 441 2589 513 quidem,
2610 459 2705 500 eas
2734 460 2837 499 nos
2872 446 3209 511 tentationes
3230 445 3426 517 depre-

169 519 316 593 ἠμᾶς
346 521 585 575 διδάσκει
612 524 980 594 πειρασμοὺς,
1016 524 1092 589 ὡς
1122 526 1327 596 σαρκὸς
1354 526 1477 597 μὲν⁹
1506 527 1738 598 ἡδονῆς.

165 613 341 685 ψυχῆς
361 614 438 677 δὲ,
486 616 802 684 ποιητικοὺς
828 615 1021 687 ὀδύνης
1041 629 1057 645 ⁶
1111 616 1141 669 ὁ
1169 616 1227 670 δὲ
1259 616 1432 687 μέγας
1464 617 1739 685 Ἰάκωϐος,

167 707 256 760 ἐπὶ
287 707 398 769 τοῖς
417 706 693 771 ἀκουσίοις
731 708 865 778 ἡμῖν
893 710 1148 780 παραινεῖ
1166 710 1378 781 χαίρειν
1394 712 1742 782 πειρασμοῖς,

165 796 238 859 ὡς
268 796 470 868 σαρκὸς
502 797 601 868 μὲν
630 797 846 870 ἡδονὴν,
878 797 1059 871 ψυχῆς
1086 799 1145 853 δὲ
1174 799 1372 872 ὀδύνην
1397 801 1741 872 ἀφαιρουμέ-

166 907 295 953 νοις.

235 1066 338 1135 κδ’.
384 1066 604 1131 Τέλειός
630 1068 807 1135 ἐστιν,
843 1069 876 1122 ὁ
898 1072 1008 1134 τοῖς
1037 1071 1307 1136 ἑκουσίοις
1333 1071 1402 1125 δι’
1418 1073 1747 1145 ἐγκρατείας

169 1160 476 1231 μαχόμενος
500 1198 517 1224 ,
570 1161 665 1213 καὶ
710 1164 826 1225 τοῖς
851 1162 1129 1227 άκουσίοις
1155 1163 1222 1217 δι’
1243 1164 1520 1235 ὑπομονῆς
1544 1168 1746 1239 ἐγκαρ-

164 1249 339 1320 τερῶν
368 1254 698 1322 πειρασμοῖς
721 1268 737 1285 ⁸
794 1253 889 1307 καὶ
915 1254 1211 1327 ὁλόκληρός
1234 1257 1414 1323 ἐστιν,
1466 1260 1495 1312 ὁ
1525 1261 1619 1313 καὶ
1646 1261 1746 1331 τὴν

166 1342 362 1413 πρᾶξιν
400 1345 540 1415 μετὰ
567 1343 821 1413 γνώσεως
844 1387 860 1413 ,
920 1348 1015 1401 καὶ
1045 1348 1149 1419 τὴν
1175 1348 1410 1421 θεωρίαν
1437 1352 1537 1406 οὐκ
1567 1353 1746 1423 ἄπρα-

164 1452 290 1488 κτον
315 1435 569 1491 διανύων.

234 1621 334 1685 ιιεν.
378 1620 734 1691 Διῃρημένης
769 1624 848 1685 είς
876 1624 1054 1693 ψυχήν
1075 1625 1260 1678 τεκαὶ
1287 1625 1540 1695 αῐσθησιν
1565 1628 1663 1699 τῆς
1684 1645 1744 1682 τε

161 1706 335 1779 λύπης
374 1712 472 1764 καὶ
500 1712 601 1782 τῆς
628 1713 823 1783 ἡδονῆς
845 1754 861 1779 ,
914 1716 943 1768 ὁ
981 1715 1083 1784 τὴν
1106 1719 1206 1787 τῆς
1229 1717 1406 1787 ψυχῆς
1432 1720 1746 1788 περιποιού-

166 1818 322 1870 μενος
353 1802 589 1875 ἡδονὴν,
651 1781 751 1874 τὴν
773 1781 831 1860 δὲ
860 1807 960 1876 τῆς
982 1781 1445 1879 arcessam
1470 1781 1746 1883 ὑπομονῆς
1777 1781 1819 1837 Β

164 1893 598 1963 καταδεχόμενος
639 1895 816 1966 λύπην
841 1937 855 1960 ,
917 1898 1141 1967 δόκιμος
1176 1899 1383 1967 γίνεται
1418 1902 1511 1955 καὶ
1542 1902 1746 1971 τέλειος

163 1984 257 2035 καὶ
286 1984 600 2056 ὁλόκληρος
629 1987 853 2058 δόκιμος
878 1990 999 2055 μὲν,
1034 1990 1122 2043 διὰ
1149 1993 1248 2062 τὴν
1273 1996 1468 2063 πεῖραν
1494 1994 1602 2047 τῶν
1626 1997 1744 2048 κατ’

165 2075 420 2147 αἴσθησιν
455 2078 717 2131 ἐναντίων
736 2093 750 2109 ⁸
810 2080 1016 2144 τέλειος
1045 2081 1124 2145 δὲ,
1160 2082 1236 2145 ὼς
1260 2087 1327 2155 τῇ
1354 2086 1474 2137 κατ’
1498 2087 1746 2156 αἴσθησιν

166 2165 325 2236 ἡδονῇ
359 2185 418 2220 τε
457 2169 551 2221 καὶ¹
574 2168 720 2239 λύπῃ
754 2169 821 2223 δι’
849 2174 1178 2243 ἐγκρατείας
1224 2175 1318 2228 καὶ
1350 2176 1630 2250 ὑπομονῆς
1655 2181 1748 2233 ἀν-

166 2256 393 2322 ενδότως
422 2262 750 2331 μαχόμενος·
783 2264 1075 2336 ὁλόκληρος
1098 2266 1175 2330 δὲ,
1205 2266 1281 2331 ὡς
1306 2269 1407 2332 τὰς
1432 2272 1747 2342 μαχομένας

165 2353 289 2415 ταῖς
337 2355 463 2407 κατ’
504 2354 761 2425 αἴσθησιν
809 2357 1073 2428 ἀλλήλαις
1115 2361 1522 2431 ἀντικειμέναις
1568 2365 1749 2419 διαθέ-

170 2457 319 2494 σεσιν
348 2444 494 2509 ἕξεις
517 2484 532 2509 ,
596 2446 655 2499 ἐν
682 2450 746 2518 τῇ
783 2448 1138 2520 σταθερότητι
1169 2451 1269 2520 τῆς
1303 2456 1447 2513 κατὰ
1475 2454 1568 2508 τὸν
1588 2456 1748 2521 λόγον

168 2536 531 2606 ταυτότητος,
568 2538 885 2611 άλωὸήτους
919 2540 1328 2610 διαφυλάττων·
1385 2546 1527 2615 φημὶ
1559 2546 1615 2598 δὲ
1651 2547 1749 2615 τὴν

171 2627 371 2697 πρᾶξιν
406 2629 500 2682 καὶ
528 2630 626 2699 τὴν
657 2629 912 2703 θεωρίαν,
944 2631 1206 2703 ἀλλήλαις
1238 2635 1624 2704 συνεχομένας,
1655 2638 1752 2692 καὶ

181 2718 448 2790 μηδεμίαν
494 2720 595 2790 τῆς
638 2721 831 2793 ἑτέρας
863 2723 1255 2796 διεζευγμένην
1279 2743 1293 2758 ο
1352 2726 1490 2787 ἀλλά
1522 2728 1620 2799 τὴν
1651 2729 1752 2799 μὲν

172 2808 373 2878 πρᾶξιν
434 2812 536 2883 τῆς
583 2812 815 2883 θεωρίας
877 2813 975 2883 τὴν
1018 2814 1221 2881 γνῶσιν
1265 2816 1353 2871 διὰ
1391 2816 1499 2872 τῶν
1535 2818 1755 2889 τρόπων

172 2903 605 2971 προφαίνουσανο
638 2904 737 2976 τὴν
770 2904 827 2958 δὲ
858 2903 1113 2975 θεωρίαν,
1150 2908 1249 2977 οὐχ
1276 2902 1439 2981 ἦττον
1467 2908 1562 2962 τοῦ
1591 2910 1752 2980 λόγου

169 2990 270 3064 τὴν
297 2994 503 3065 ἀρετὴν
530 2994 1019 3067 τεθωρακισμένην
1051 2996 1152 3068 τῆς
1181 2996 1455 3068 πράξεως.

242 3163 361 3234 ιιςθ.
411 3165 469 3220 Ὀ
514 3165 691 3236 λύπης
740 3168 834 3227 καὶ
868 3168 1064 3240 ἡδονῆς
1094 3170 1297 3249 σαρκὸς
1329 3175 1526 3243 πεῖραν
1549 3172 1750 3241 λαϐὼν,

170 3257 374 3327 λέγοιτ’
396 3258 461 3312 ἂν
488 3259 732 3329 δόκιμοςο
763 3261 840 3325 ὠς
869 3262 1153 3333 εὐχερείας
1176 3264 1270 3318 καὶ
1293 3264 1614 3335 δυσχερείας
1645 3267 1755 3321 τῶν

172 3349 304 3419 περὶ
350 3351 529 3420 σάρκα
567 3352 909 3422 πραγμάτων
948 3356 1376 3428 πεπειραμένος.
1430 3358 1648 3422 Τέλειος
1673 3360 1752 3424 δὲ,

172 3443 200 3494 ὀ
226 3442 322 3512 τὴν
350 3442 549 3514 ⁴ἡδονὴν
580 3441 678 3512 τῆς
706 3443 908 3513 σαρκὸς
935 3445 1030 3498 καὶ
1053 3444 1151 3515 τὴν
1172 3446 1362 3517 ὀδύνην
1386 3451 1454 3518 τῇ
1478 3448 1571 3501 τοῦ
1595 3450 1757 3519 λόγου

172 3532 403 3604 δυνάμει
451 3534 869 3599 καταπαλαίσας
894 3551 909 3565 ⁸
961 3536 1256 3608 ὁλόκληρος
1296 3539 1380 3603 δὲ,
1428 3542 1456 3594 ὁ
1489 3540 1588 3603 τὰς
1616 3542 1757 3596 κατά

171 3622 269 3694 τὴν
314 3624 521 3696 πρᾶξιν
564 3628 659 3681 καὶ
703 3628 935 3697 θεωρίαν
981 3627 1152 3693 ἔξεις,
1192 3632 1498 3700 ἀτρέπτους
1530 3636 1597 3704 τῇ
1629 3636 1757 3706 περὶ

173 3710 262 3763 τὸν
287 3709 434 3765 θεῖον
463 3711 626 3767 πόθον
660 3715 910 3787 συντονίᾳ
940 3716 1295 3789 διατηρήσας.

244 3888 349 3957 ιιζν.
383 3891 497 3960 Τῆς
527 3891 624 3961 μὲν
655 3894 795 3953 κατά
820 3892 997 3966 ψυχὴν
1019 3893 1195 3966 λύπης
1221 3896 1356 3962 ἐστὶ,
1388 3896 1563 3958 διττός
1584 3899 1613 3950 ὁ
1634 3897 1757 3968 τρό-

174 3994 293 4041 πος·
312 3982 341 4034 ὁ
376 3981 499 4051 μὲν,
525 3982 618 4034 ἐπὶ
650 3985 761 4048 τοῖς
784 3984 1028 4048 οἰκείοιςο
1047 3986 1074 4037 ὁ
1101 3984 1179 4049 δὲ,
1200 3985 1292 4041 ἐπὶ
1323 3988 1435 4049 τοῖς
1458 3986 1759 4056 ἀλλοτρίοις

181 4070 623 4144 πλημμελήμασι
684 4076 1095 4146 συνιστάμενος.
1142 4077 1302 4135 Attia
1341 4077 1398 4130 δὲ
1439 4077 1539 4149 τῆς
1575 4078 1761 4136 τοιαύ-

173 4177 273 4232 της
304 4162 518 4235 λύπης,
565 4167 599 4237 ὴ
631 4166 750 4219 κατ’
775 4167 1027 4236 αἴσθησιν
1058 4167 1154 4221 τοῦ
1184 4168 1522 4239 λυπουμένου
1550 4168 1758 4239 σαφῶς,

175 4253 209 4323 ἢ
236 4255 344 4311 τῶν
373 4256 444 4311 δι’
468 4256 564 4321 οὓς
592 4259 846 4313 λυπεῖται
878 4260 1219 4330 καθέστηκεν
1247 4261 1435 4332 ἡδονή.
1471 4261 1629 4315 Κατά
1653 4261 1762 4334 γὰρ

176 4347 266 4401 τὸν
290 4349 498 4421 ἀκριϐῆ
522 4349 700 4419 λόγον,
731 4352 831 4405 οὐκ
856 4351 971 4406 ἐστι
1000 4354 1278 4419 παντελῶς
1307 4354 1553 4426 ἁμαρτία
1575 4347 1760 4425 σχεδὸν

1837 531 1959 588 cari
1993 532 2176 599 docet,
2214 549 2337 605 quae
2374 534 2552 589 nostri
2581 543 2712 592 sunt
2738 535 2954 591 arbitrii
2988 553 3052 593 ac
3086 538 3422 603 voluntatis;

1844 631 1907 677 ut
1947 639 2070 693 quae
2118 624 2304 679 carnis
2346 624 2568 694 quidem
2615 625 2982 696 voluptatem,
3020 625 3191 682 animi
3240 635 3422 680 autem

1843 713 2092 770 dolorem
2113 712 2391 768 efﬁciant:
2422 728 2655 784 magnus
2685 724 2869 769 autem
2896 714 3156 780 Jacobus,
3190 729 3283 769 eas
3323 730 3426 768 nos

1845 805 2219 870 tentationes,
2260 819 2382 874 qua:
2428 804 2634 861 invitos
2677 812 2901 876 petunt,
2947 806 3104 861 laetos
3144 806 3425 875 suscipere

1844 894 2141 961 admonet;
2170 902 2231 949 ut
2256 910 2379 965 quae
2410 896 2595 951 carnis
2621 897 2986 968 voluptatem,
3025 896 3304 967 animique
3329 896 3427 950 do-

1843 987 2019 1043 lorem
2050 986 2314 1042 eximant.

1914 1079 2005 1135 οι.
2034 1078 2317 1135 Perfectus
2342 1089 2447 1143 est,
2482 1080 2575 1150 qui
2605 1095 2706 1150 per
2734 1079 3133 1137 continentiam
3160 1080 3426 1135 adversus

1843 1170 2189 1226 voluntarias
2230 1172 2571 1227 tentationes
2618 1171 2939 1243 depugnat;
2982 1180 3038 1227 et
3073 1188 3173 1242 per
3212 1173 3429 1243 patien—

1845 1260 2000 1327 tiam,
2039 1263 2095 1316 in
2132 1262 2201 1317 iis
2230 1278 2351 1333 qua:
2376 1262 2637 1318 violentae
2667 1273 2799 1319 sunt
2828 1279 2893 1318 ac
2926 1263 3117 1319 invitis
3139 1265 3425 1322 accidunt.

1846 1361 2105 1409 constans
2144 1362 2485 1424 perseverat.
2528 1355 2750 1426 integer
2793 1364 2977 1409 autem
3012 1363 3117 1419 est,
3162 1356 3258 1426 qui
3310 1365 3426 1410 tum

1845 1443 2119 1499 actionem
2147 1460 2272 1499 cum
2311 1446 2564 1511 scientia,
2605 1456 2720 1501 tum
2754 1446 3277 1517 contemplationem
3315 1462 3425 1501 non

1845 1536 2078 1590 otiosam
2105 1550 2199 1591 seu
2224 1536 2458 1591 inertem
2494 1545 2734 1607 praestat.

1916 1626 2080 1707 582
2104 1627 2193 1682 95.
2221 1626 2358 1683 Cum
2380 1628 2528 1683 enim
2581 1636 2697 1682 tum
2733 1627 2961 1683 tristitia
2994 1635 3225 1696 tumque
3275 1627 3432 1681 volu-

1846 1727 1970 1788 ptas
2016 1719 2073 1772 in
2113 1719 2353 1773 animam
2381 1736 2444 1775 ac
2484 1736 2685 1790 corpus
2722 1719 2912 1774 divisa:
2948 1719 3090 1785 sint;
3123 1720 3216 1790 qui
3260 1720 3427 1773 animi

1846 1812 2187 1882 voluptatem
2229 1820 2602 1875 consectatur,
2645 1827 2951 1881 sensusque
2983 1812 3267 1868 tristitiam
3309 1826 3427 1863 am-

1846 1902 2131 1971 plectitur,
2167 1902 2215 1956 is
2252 1902 2519 1972 probatus
2553 1916 2617 1956 ac
2646 1901 2929 1971 perfectus
2959 1900 3282 1970 integcrque
3314 1898 3429 1953 eili-

1846 1993 1992 2046 citur
2020 2009 2034 2045 :
2071 1993 2337 2062 probatus
2364 1991 2613 2062 quidem,
2643 2006 2838 2045 eorum
2873 1992 3124 2061 periculo
3155 2006 3277 2060 quae
3302 2006 3430 2043 sen-

1846 2100 1940 2139 sus
1986 2084 2198 2139 ratione
2243 2083 2520 2139 contraria
2570 2091 2733 2150 sunt;
2784 2083 3064 2153 perfectus
3114 2089 3320 2148 autem,
3368 2090 3430 2136 ut

1846 2175 1941 2245 qui
1959 2189 2057 2243 per
2081 2172 2480 2228 continentiam
2499 2186 2563 2226 ac
2588 2171 2913 2251 patientiam
2940 2171 3207 2228 adversus
3229 2186 3430 2231 sensus

1846 2265 2157 2333 libidinem,
2190 2273 2247 2319 et
2277 2264 2562 2319 tristitiam
2590 2278 2686 2318 seu
2720 2263 2992 2328 dolorem,
3029 2262 3231 2316 obnixe
3256 2262 3431 2331 depu-

1848 2364 2010 2426 gnet;
2057 2356 2271 2425 integer
2301 2355 2564 2423 denique,
2604 2361 2666 2408 ut
2707 2353 2802 2423 qui
2850 2351 3147 2406 contrariis
3191 2352 3336 2405 inter
3370 2367 3433 2405 se

1848 2460 2045 2500 sensus
2070 2444 2286 2498 ratione
2329 2442 2718 2502 affectionibus
2746 2450 3056 2512 pugnantes
3086 2441 3330 2506 habitus,
3372 2441 3429 2495 in

1849 2534 2043 2590 eadem
2075 2533 2307 2589 rationis
2340 2533 2652 2593 constantia
2682 2533 2887 2589 illzesos
2912 2541 3098 2588 servet
3118 2546 3181 2587 ac
3215 2532 3430 2586 incolu-

1850 2641 1967 2685 mes
2003 2625 2302 2696 (actionem
2342 2624 2559 2680 scilicet
2599 2635 2657 2682 et
2698 2625 3249 2696 contemplationem)
3282 2625 3433 2678 inter

1850 2733 1911 2774 se
1935 2716 2304 2781 cohaerentes,
2342 2722 2715 2785 neutramque
2760 2716 2993 2772 alteram
3026 2715 3096 2770 ab
3121 2715 3295 2770 altera
3322 2712 3430 2768 dis—

1846 2811 2133 2882 junctam;
2162 2808 2258 2865 sed
2293 2807 2368 2864 ita
2394 2813 2456 2865 ut
2488 2807 2660 2873 actio,
2690 2807 2954 2873 exteriori
2987 2806 3141 2863 cultu
3172 2821 3237 2862 ac
3260 2805 3432 2860 mori—

1853 2901 1961 2964 bus
1999 2902 2359 2971 praelucente,
2383 2900 2869 2971 contemplationis
2915 2898 3151 2963 scientia
3190 2896 3429 2969 polleat;

1852 2991 2358 3061 contemplatioque
2400 2990 2767 3046 nihilominus
2816 2990 3051 3046 rationis
3084 2988 3288 3043 virtute
3334 3002 3432 3057 per

1779 3109 1823 3169 ε
1855 3082 2129 3137 actionem
2161 3090 2275 3135 tuta
2307 3096 2371 3135 ac
2393 3080 2605 3134 munita
2630 3081 2918 3136 consistat.

1924 3172 2015 3227 96.
2048 3171 2153 3238 Qui
2195 3171 2406 3227 doloris
2442 3186 2508 3226 ac
2551 3171 2850 3241 voluptatis
2887 3169 3091 3233 carnis,
3124 3169 3426 3239 periculum

1854 3262 2004 3329 fecit,
2056 3263 2103 3317 is
2149 3262 2417 3333 probatus
2453 3261 2693 3326 dicatur,
2726 3270 2985 3331 tanquam
3016 3259 3108 3330 qui
3141 3274 3324 3314 rerum
3363 3259 3437 3313 ad

1855 3370 2077 3410 carnem
2113 3353 2485 3424 spectantium
2518 3366 2782 3422 prospera
2804 3352 3145 3420 adversaque
3171 3358 3434 3419 expertus

1855 3446 1946 3501 sit.
1978 3444 2265 3501 Perfectus
2287 3458 2442 3508 vero,
2473 3452 2535 3497 ut
2567 3442 2661 3512 qui
2691 3442 2873 3497 carnis
2906 3442 3247 3511 voluptatem
3280 3439 3437 3494 dolo-

1856 3552 2084 3606 remque
2120 3536 2392 3591 sermonis
2430 3534 2675 3605 potentia
2728 3548 2791 3587 ac
2832 3532 3062 3586 rationis
3089 3545 3439 3601 expugnave-

1857 3628 1948 3682 rit.
2000 3628 2220 3698 lnteger
2267 3627 2529 3696 denique,
2573 3634 2634 3679 ut
2666 3625 2758 3695 qui
2803 3624 3038 3679 actionis
3077 3638 3142 3678 ac
3189 3631 3438 3678 contem—

1857 3718 2118 3788 plationis
2155 3719 2398 3781 habitus,
2430 3733 2541 3787 quo
2575 3718 2747 3772 Deum
2786 3724 3048 3771 contento
3082 3730 3270 3769 amore
3308 3727 3439 3783 pro-

1858 3808 2134 3876 sequitur,
2171 3807 2543 3861 immulabiles
2573 3807 2904 3860 servaverit.

1928 3900 2016 3952 97.
2061 3897 2327 3951 Tristitia:
2354 3896 2523 3950 animi
2564 3894 2768 3965 duplex
2805 3896 3002 3951 modus
3035 3904 3154 3961 est;
3201 3910 3447 3964 quorum,

1858 3990 1997 4045 alter
2043 4006 2109 4045 cx
2154 3988 2427 4059 propriis;
2476 3988 2617 4041 alter
2664 4002 2819 4053 vero,
2868 4003 2936 4042 ex
2980 3985 3176 4040 alienis
3222 3984 3441 4040 delictis

1860 4080 2154 4136 conflatur.
2198 4078 2517 4134 Istiusmodi
2577 4086 2762 4133 autem
2810 4093 2976 4132 causa
3020 4075 3280 4141 tristitiae,
3320 4076 3443 4145 ejus

1861 4174 2022 4242 plane
2056 4172 2147 4243 qui
2196 4171 2420 4227 tristitia
2446 4170 2707 4234 efﬁcitur,
2734 4180 2829 4224 aut
2866 4184 3082 4231 eorum,
3124 4169 3179 4222 in
3206 4183 3441 4239 quorum

1862 4265 2090 4335 gratiam
2135 4264 2226 4319 illa
2251 4262 2513 4328 afficitur,
2536 4276 2732 4317 sensus
2761 4260 3016 4330 voluptas
3052 4274 3115 4313 ac
3136 4259 3311 4325 libido
3334 4266 3439 4314 est.

1864 4356 1935 4412 Ut
1966 4356 2112 4410 enim
2151 4369 2281 4409 vera
2310 4361 2569 4423 certaque
2614 4352 2726 4407 fert
2754 4351 2916 4416 ratio,
2948 4350 3039 4407 vix
3077 4350 3248 4405 ullum
3284 4366 3444 4421 pror-

178 4438 234 4490 ὲν
268 4440 602 4512 ἀνθρώποις,
643 4442 717 4513 μὴ
749 4443 850 4513 τῆς
881 4443 1060 4517 ψυχῆς
1091 4446 1229 4516 πρὸς
1256 4446 1532 4517 αἴσθησιν,
1568 4446 1752 4517 ἡδονῆς

1868 4462 1962 4503 sus
1986 4447 2131 4509 inter
2154 4445 2410 4501 homines
2441 4452 2623 4500 exstat
2653 4452 2967 4515 peccatum,
3001 4443 3148 4521 quod
3180 4458 3292 4498 sum
3333 4443 3446 4497 ori-

177 4525 364 4585 ἕνεκεν
392 4531 680 4600 ἀλόγιστον
708 4533 913 4603 σχέσιν,
939 4534 1110 4607 ἀρχὴν
1138 4537 1236 4604 τῆς
1262 4537 1468 4601 οἰκείας
1495 4538 1761 4606 γενέσεως

179 4618 398 4690 ἔχουσα.
449 4625 561 4696 Τῆς
585 4625 642 4679 δὲ
677 4626 817 4680 κατὰ
844 4627 1022 4698 ψυχὴν
1052 4628 1248 4698 ἡδονῆς
1276 4628 1447 4696 αἰτία,
1479 4630 1763 4703 προδήλως

178 4711 327 4769 ἐστὶν
354 4753 371 4779 ,
433 4715 468 4787 ὴ
498 4716 616 4770 κατ’
639 4718 894 4787 αἴσθησιν
928 4719 1024 4771 τοῦ
1052 4720 1145 4774 ἐπὶ
1172 4721 1291 4784 ταῖς
1315 4720 1547 4786 οἰκείαις
1575 4722 1608 4795 ἢ
1642 4727 1764 4787 ταῖς

179 4806 494 4880 ἀλλοτρίαις
519 4811 744 4881 ἀρεταῖς
771 4811 1033 4881 ἡδομένου
1058 4829 1117 4866 τε
1166 4812 1263 4865 καὶ
1284 4813 1568 4885 χαίροντος
1593 4813 1759 4888 λύπη.

180 4898 343 4955 Κατά
370 4900 480 4972 γὰρ
510 4901 601 4955 τὸν
626 4902 830 4974 ἀκριϐῆ
861 4902 1039 4972 λόγον,
1073 4904 1173 4960 οὐκ
1200 4905 1349 4962 ἐστιν
1374 4906 1547 4979 ἀρετὴ
1578 4907 1764 4978 σχεδὸν

182 4988 242 5042 ιν
284 4991 598 5062 ἀνθρώποις
623 5034 637 5057 ,
705 4995 779 5064 μὴ
820 4994 923 5064 τῆς
954 4995 1135 5066 ψυχῆς
1166 4997 1303 5067 πρὸς
1333 4997 1588 5066 αἴσθησιν
1616 4999 1763 5052 λελο-

183 5083 452 5171 γισμένην
488 5082 873 5147 ἀποδιάθεσιν,
922 5086 1097 5155 ἀρχὴν
1129 5085 1226 5154 τῆς
1255 5086 1466 5151 οἰκείας
1494 5087 1765 5156 γενέσεως

185 5170 310 5242 ἔχου
318 5189 406 5227 σα.

256 5270 366 5338 ιιιη¹.
418 5266 602 5337 Χωρὶς
650 5266 750 5340 τῆς
792 5266 937 5321 κατά
969 5267 1146 5339 ψυχὴν
1191 5269 1470 5340 ὲμπαθοῦς
1508 5271 1644 5341 πρὸς
1677 5272 1763 5327 αῖ-

188 5355 380 5428 σθησιν
423 5358 680 5430 σχέσεως,
732 5359 834 5413 οὐκ
873 5358 1020 5414 ἔστιν
1059 5363 1118 5415 ὲν
1153 5362 1463 5432 ἀνθρώποις
1485 5364 1767 5428 παντελῶς

188 5449 450 5523 ἀμαρτία”
483 5453 664 5524 πάσης
689 5452 746 5507 δὲ
774 5452 952 5522 λύπης
981 5455 1379 5526 συνισταμένης
1402 5454 1544 5509 κατά
1566 5454 1762 5527 ψυχὴν,

190 5542 347 5617 ἡδονὴ
382 5546 584 5617 σαρκὸς
617 5547 963 5617 προηγεῖται.
1678 5604 1680 5607 ,

259 5640 363 5705 110'.
423 5641 640 5705 Γένεσις
684 5640 886 5713 ἀρετῆς
936 5642 1085 5694 ἐστιν
1129 5640 1366 5711 ἀληθὴς,
1422 5642 1457 5712 η
1506 5641 1643 5713 πρὸς
1670 5640 1768 5713 τὴν

196 5729 369 5803 σάρκα
399 5734 498 5805 τῆς
523 5734 701 5805 ψυχῆς
728 5734 975 5800 ἑκούσιος
999 5734 1373 5805 ἀλλοτρίωσις·
1406 5734 1688 5805 εὐφραίνει
1711 5734 1768 5787 δὲ

1864 4536 2007 4607 ginis
2030 4536 2385 4608 principium,
2413 4537 2471 4590 in
2508 4534 2674 4589 animi
2703 4534 2770 4589 ad
2802 4549 3025 4593 sensum
3056 4550 3123 4588 ex
3159 4534 3445 4604 voluptate

1864 4645 1929 4685 ac
1971 4628 2211 4684 libidine
2255 4627 2626 4684 inconsultam
2661 4626 3012 4681 affectionem
3054 4641 3166 4680 non
3217 4625 3439 4681 referat.

1863 4720 2051 4777 Animi
2080 4736 2213 4778 vero
2255 4719 2557 4791 voluptatis
2583 4717 2877 4788 perspicue
2918 4733 3084 4774 causa
3110 4726 3216 4781 est,
3249 4731 3449 4771 sensus

1864 4813 2046 4880 dolor,
2082 4815 2224 4885 ejus,
2267 4812 2361 4884 qui
2406 4811 2476 4866 de
2522 4810 2657 4875 suis,
2706 4816 2803 4864 aut
2848 4810 3083 4864 aliorum
3142 4807 3446 4863 virtutibus

1865 4904 2087 4976 gaudet.
2120 4906 2191 4961 Ut
2215 4905 2363 4960 enim
2389 4918 2521 4957 vera
2553 4901 2722 4956 habet
2756 4900 2921 4966 ratio,
2953 4901 3044 4954 vix
3077 4901 3189 4955 ulla
3218 4914 3445 4969 prorsus

1867 4999 1923 5053 in
1954 4998 2274 5053 hominibus
2300 4997 2479 5051 virtus
2516 5004 2621 5058 est,
2659 5009 2781 5063 quae
2826 4992 3059 5063 originis
3088 5007 3201 5046 suae
3234 4992 3443 5061 princi-

1864 5092 2040 5162 pium,
2072 5090 2243 5146 animi
2278 5104 2406 5158 erga
2435 5101 2660 5147 sensum
2696 5084 3003 5140 consultam
3030 5083 3266 5138 affectus
3290 5081 3447 5137 abdi-

1864 5184 2139 5239 cationem
2174 5198 2284 5236 non
2316 5180 2537 5234 haheat.

1935 5275 2024 5343 98.
2059 5274 2211 5330 Citra
2241 5272 2409 5327 animi
2439 5272 2506 5326 ad
2533 5287 2757 5328 sensum
2803 5269 3157 5325 libidinosam
3191 5264 3447 5320 affectio-

1867 5383 1992 5423 nem
2016 5366 2230 5420 nullum
2261 5363 2564 5435 prorsusin
2580 5361 2902 5418 hominibus
2921 5365 3103 5414 exstat
3133 5366 3444 5426 peccatum.

1864 5458 2027 5517 Omni
2062 5464 2247 5513 autem
2297 5455 2352 5510 in
2394 5455 2580 5510 animo
2621 5452 2948 5511 consistenti
2987 5450 3247 5513 tristitiae,
3286 5447 3449 5518 praeit

1866 5550 2054 5610 carnis
2082 5550 2363 5619 voluptas.

1938 5641 2027 5697 99.
2052 5639 2289 5695 Virtutis
2311 5653 2441 5694 vera
2483 5637 2641 5709 origo
2680 5650 2745 5691 ac
2772 5642 2990 5697 natura,
3026 5631 3195 5686 animi
3226 5648 3254 5686 a
3281 5645 3450 5685 carne

1872 5742 2173 5804 spontanca
2216 5730 2548 5787 abalienatio
2593 5736 2698 5786 est.
2745 5725 2907 5797 583
2953 5724 3211 5780 Animum
3263 5730 3449 5778 att’cm
