3922 6348
450 284 517 349 13
532 287 586 347 Π
811 287 824 301 ⁸
1609 293 1668 351 S.
1709 292 1764 351 Μ
1772 291 1995 352 ΛΧΙΜΙ
2032 291 2542 354 CONFESSORIS
3595 289 3742 355 1:105

445 393 682 466 spiritali
714 395 914 466 gaudio
939 396 1133 464 afﬁcit,
1165 399 1261 469 qui
1306 407 1501 470 sponte
1539 401 1840 471 assumptis
1867 400 1994 455 labo

2198 402 2300 474 χὴν
2349 403 2768 470 πνευματικῶς,
2832 405 2862 458 ὁ
2909 407 3020 468 τοῖς
3067 403 3342 467 έκουσίδις
3392 401 3500 476 τὴν
3553 402 3744 472 migra

445 489 603 542 ribus
633 503 836 557 corpus
871 489 1099 562 subigit.

1070 499 1099 544 ί.
2122 494 2308 560 πόνοις
2339 495 2619 565 δαμάζων.

515 579 638 633 100.
667 581 769 636 Ubi
802 581 1021 638 animus
1037 583 1258 638 virtutis
1279 599 1442 639 causa
1467 584 1655 640 sensui
1673 585 2021 639 addicentem

2199 585 2264 658 ρό
2297 588 2409 657 Τῆς
2456 587 2632 658 ψυχῆς
2673 589 2817 660 ὑπὲρ
2851 592 3054 662 ἀρετῆς
3103 591 3244 663 πρὸς
3301 591 3410 660 τὴν
3467 587 3745 655 αἴσθησιν

444 668 702 726 affectum
736 673 1096 741 abdicaverit,
1121 676 1256 746 quin
1281 692 1476 732 sensus
1502 677 1556 730 in
1585 677 1874 736 laboribus
1895 692 1992 730 ver

2194 679 2474 733 τοδιάϐεσιν
2507 680 2884 751 κτησαμένης,
2919 684 3229 751 ὲξανάγκης
3271 683 3307 752 ἡ
3359 680 3636 748 αῐσθησις
3681 680 3743 729 ὲν

446 772 637 829 setur,
693 763 809 819 ﬁeri
877 767 1305 838 haudquaquam
1373 769 1574 838 possit;
1634 769 1724 823 cui
1766 767 1995 823 videlice

2199 789 2308 836 νοις
2330 771 2502 834 ἔσται,
2526 773 2626 842 τὴν
2646 775 2756 828 τῶν
2781 776 2953 844 ἡδέων
2971 775 3326 844 ὲπινοητικὴν
3360 772 3745 840 συνημμένην

445 856 614 908 animi
644 855 878 913 facultas
915 875 1110 914 eorum
1143 877 1266 930 quae
1301 861 1582 917 delectant
1621 862 1801 916 solers
1831 860 1994 914 inven

2193 865 2263 933 τῇ
2299 863 2440 916 κατὰ
2489 863 2587 933 τὴν
2641 865 2928 936 γνωμικὴν
2986 865 3195 935 σχέσιν,
3259 867 3366 932 τῆς
3412 861 3613 931 ψυχῆς
3643 861 3742 912 οὐκ

445 945 576 1011 trix,
605 949 905 1005 voluntatis
957 952 1157 1006 affectu
1207 968 1270 1006 ac
1307 953 1539 1007 libidine
1582 954 1660 1006 illi
1704 954 1994 1024 conjuncta

2191 969 2324 1006 ουσα
2356 952 2606 1023 δύναμιν·
2641 954 2950 1007 τούναντίον
2995 954 3073 1020 δὲ,
3122 953 3222 1024 τὴν
3257 953 3362 1022 μὲν
3410 950 3530 1002 τῶν
3568 947 3739 1015 αὐτῆς

446 1038 627 1105 desit;
662 1055 824 1096 secus
860 1058 1015 1098 vero.
1045 1061 1168 1112 quae
1198 1060 1298 1114 per
1337 1045 1763 1109 continentiam,
1795 1055 1995 1099 natura

2194 1045 2372 1097 mxd’w
2401 1044 2602 1114 ἡδονῶν
2632 1046 3023 1106 ἐπανάστασιν,
3063 1045 3130 1098 δι’
3155 1043 3502 1113 ἐγκρατείας
3553 1039 3743 1108 ἀνδρες

446 1127 583 1182 lium
617 1145 813 1187 sensus
847 1135 1190 1204 voluptatum
1237 1136 1596 1191 rebellantem
1644 1137 1755 1190 vim
1799 1144 1988 1190 strenu

2198 1151 2240 1196 ›ς
2271 1135 2783 1205 ἁπορῤαπίζουσανο
2829 1135 2966 1204 πρὸς
2997 1135 3054 1188 δὲ
3100 1136 3199 1204 τὴν
3231 1134 3344 1185 τῶν
3376 1132 3545 1199 παρὰ
3581 1131 3747 1197 φύσιν

446 1222 801 1291 comprimat,
835 1225 1002 1296 inque
1033 1227 1295 1288 violentis
1330 1239 1529 1298 praeter
1557 1237 1812 1282 naturam
1859 1225 1995 1280 illati

2198 1226 2222 1277 .‘t
2250 1226 2522 1278 ἀκουσίων
2567 1227 2746 1280 πόνων
2797 1227 3094 1294 ἐπαγωγὴν
3114 1269 3127 1290 ,
3160 1225 3250 1278 διὰ
3279 1226 3383 1293 τῆς
3418 1225 3747 1292 ὑπομονῆς,

448 1311 756 1379 laboribus,
779 1333 879 1386 per
912 1319 1238 1387 patientiam
1261 1329 1522 1373 constans
1547 1317 1859 1387 inflexaque
1896 1333 1997 1372 con

2202 1317 2441 1369 ,είλικτον
2471 1317 2750 1381 παντελῶς
2782 1317 3163 1388 διαμένουσαν,
3182 1318 3276 1370 καὶ
3311 1317 3416 1385 τῆς
3444 1316 3578 1367 κατ’
3617 1315 3751 1381 ἀρε·

448 1404 648 1469 sistat;
681 1421 746 1461 ac
783 1409 1082 1478 ejusmodi,
1107 1419 1166 1464 ut
1199 1427 1228 1464 a
1259 1410 1447 1464 divina
1467 1409 1997 1480 virtutisdignationt

2204 1426 2228 1458 ν
2257 1407 2595 1477 θεοπρεποῦς
2624 1408 2784 1472 ἀξίας
2809 1426 2870 1461 τε
2928 1410 3022 1461 καὶ
3051 1409 3212 1475 δόξης
3253 1408 3348 1459 διὰ
3391 1408 3503 1474 τὴν
3530 1405 3753 1458 ἀνυπό-

447 1513 512 1552 ac
551 1498 824 1562 claritate,
875 1503 1021 1556 inani
1069 1504 1252 1558 illecta
1294 1506 1578 1574 voluptate
1610 1520 1722 1558 non
1759 1502 1992 1558 excedat

2197 1513 2324 1550 ατον
2359 1497 2555 1568 ἡδονὴν
2582 1499 2683 1551 οὐκ
2715 1498 3099 1568 ἐξισταμένην,
3135 1497 3233 1550 καὶ
3281 1496 3431 1566 πρὸς
3488 1496 3602 1564 τὴν
3637 1494 3746 1545 τῶν

446 1606 552 1646 nec
601 1593 784 1647 carnis
837 1595 1203 1666 indulgentia,
1249 1598 1321 1651 ob
1362 1613 1560 1653 sensus
1605 1598 1853 1652 dolorem
1906 1597 1995 1650 fun

2197 1607 2309 1642 ννων
2352 1588 2639 1658 ἀντίληψιν
2688 1589 2861 1658 φειδοί
2906 1591 3004 1660 τῆς
3036 1589 3239 1661 σαρκὸς
3269 1587 3366 1640 διὰ
3392 1586 3505 1657 τὴν

446 1680 628 1747 gendo
658 1682 962 1749 laboribus,
987 1699 1017 1739 a
1043 1686 1314 1740 virtutum
1340 1687 1588 1742 celsitate
1613 1685 1849 1741 excidat.
1887 1685 1995 1739 Sen

2198 1701 2230 1734 ην
2269 1680 2544 1750 αἴσθησιν,
2591 1681 2686 1735 τοῦ
2721 1681 2891 1750 ὕψους
2942 1681 3050 1734 τῶν
3097 1681 3314 1750 ἀρετῶν
3365 1680 3478 1732 οὐκ
3539 1677 3747 1730 ci.me-

447 1784 545 1826 sus
575 1781 758 1826 autem
805 1774 1018 1831 doloris
1050 1791 1216 1830 causa
1251 1777 1435 1832 animo
1475 1785 1580 1839 est,
1623 1777 1712 1830 his
1745 1791 1868 1846 quae
1899 1791 1996 1829 sun

2197 1788 2392 1826 τουσαν.
2429 1773 2543 1841 Τῆς
2583 1773 2641 1826 δὲ
2701 1775 2819 1826 κατ’
2849 1773 3106 1843 αἴσθησιν
3149 1772 3334 1841 λύπης
3381 1771 3546 1824 αἰτία
3612 1768 3746 1820 καϐ-

446 1875 514 1913 ex
544 1872 764 1925 natura,
800 1864 961 1932 plene
1001 1875 1294 1935 occupato.
1340 1867 1548 1921 Sensus
1586 1867 1926 1934 voluptatem
1963 1879 1993 1917 a

2194 1880 2387 1933 τηκεν,
2417 1864 2450 1933 ἡ
2482 1863 2618 1933 πρὸς
2637 1865 2704 1918 τὰ
2728 1866 2865 1918 κατά
2905 1865 3066 1933 φύσιν
3109 1866 3208 1934 τῆς
3233 1863 3424 1932 ψυχῆς
3457 1860 3743 1929 παντελὴς

445 1949 759 2017 libidinem,
789 1954 1115 2009 innaturalis
1140 1956 1307 2010 animi
1342 1957 1592 2026 operatio
1625 1955 1915 2026 perspicue
1946 1955 1994 2008 in

2194 1953 2379 2023 πχολία.
2413 1955 2524 2026 Τὴν
2557 1955 2614 2008 δὲ
2642 1953 2763 2008 κατ’
2789 1955 3040 2025 αἴσθησιν
3065 1955 3281 2024 ἡδονὴν,
3308 1957 3344 2023 ἡ
3381 1953 3548 2022 παρά
3574 1952 3743 2020 φύσιν

447 2042 634 2107 ducit;
681 2045 840 2114 cujus
891 2045 1194 2100 conﬂandae
1235 2047 1450 2101 nullum
1492 2048 1643 2102 aliud
1695 2046 1870 2117 possit
1903 2061 1993 2101 ess

2193 2046 2380 2114 έργεια
2411 2046 2510 2113 τῆς
2542 2045 2722 2115 ψυχῆς
2762 2046 3042 2114 προδήλως
3070 2046 3391 2114 ῦφίστησιν,
3421 2042 3605 2112 ἄλλην
3639 2043 3740 2112 ἀρ-

443 2131 804 2201 principium,
833 2149 996 2202 quam
1033 2133 1181 2203 quod
1211 2134 1451 2200 animus,
1488 2151 1552 2191 ea
1579 2153 1702 2205 quae
1731 2152 1799 2192 ex
1825 2143 1989 2191 natur

2191 2153 2234 2204 ιν
2285 2135 2432 2206 ἔχειν
2473 2137 2537 2190 οὺ
2579 2137 2888 2207 δυναμένην
2936 2137 3289 2201 συστάσεως,
3327 2137 3365 2204 ἢ
3410 2135 3520 2205 τὴν
3560 2135 3740 2206 ψυχῆς

445 2222 677 2294 ejusque
700 2225 1011 2281 rationibus
1037 2225 1332 2293 exsistunt,
1364 2243 1396 2281 a
1425 2242 1484 2282 se
1509 2227 1719 2298 abjicit.

1364 2243 1396 2281 a
1425 2242 1484 2282 se
1509 2227 1719 2298 abjicit.
2130 2223 2239 2280 τῶν
2265 2226 2404 2279 κατὰ
2434 2226 2595 2296 φύσιν
2617 2228 2897 2282 ἀπόθεσιν.

761 2446 1038 2512 QUARTO
1075 2447 1404 2505 CENTENA
1441 2449 1523 2504 CA
1533 2449 1685 2505 PITA
1698 2490 1710 2502 .

2484 2457 2627 2509 ΕΚΑ
2639 2455 2861 2509 ΤΟΝΤΑ
2873 2459 2918 2509 Σ
3001 2456 3356 2508 TETAPTH.

523 2539 575 2592 l.
640 2536 918 2592 Nimirum
978 2540 1092 2602 vim
1157 2539 1558 2605 inventricem,
1626 2541 2028 2613 intelligentem

2197 2544 2264 2598 α’.
2294 2547 2311 2566 ⁶
2351 2547 2738 2617 Ἐπινοητικὴν
2772 2543 2880 2600 οἶδε
2922 2547 3020 2618 τὴν
3057 2545 3252 2616 νοερὰν
3277 2547 3382 2615 τῆς
3408 2544 3602 2614 ψυχῆς
3623 2543 3717 2598 δύο

448 2627 621 2683 animi
652 2627 970 2700 facultatem
1007 2630 1181 2685 novit.
1215 2629 1342 2686 Hzec
1370 2647 1400 2686 a
1433 2647 1631 2687 sensus
1664 2633 1910 2704 sejuncta
1933 2651 1997 2690 ne

2174 2652 2290 2706 ιμιν
2440 2639 2561 2710 ἥτις
2602 2639 2950 2710 χωριζομένη
2981 2639 3080 2710 τῆς
3125 2640 3250 2691 κατ’
3285 2639 3562 2709 αἴσθησιν
3594 2638 3723 2707 σχέ-

447 2717 789 2776 cessitudine
811 2735 874 2776 ac
903 2721 1155 2788 libidine,
1175 2737 1404 2778 vacuam
1429 2739 1564 2778 cura
1594 2723 1661 2777 ad
1686 2725 1996 2795 voluptatem

2176 2743 2286 2792 εως,
2314 2728 2520 2801 ἔρημον
2548 2731 2647 2799 τῆς
2675 2730 2812 2802 πρὸς
2843 2730 3036 2801 ἡδονὴν
3083 2729 3182 2800 τὴν
3229 2730 3416 2801 σάρκα
3446 2729 3725 2798 καταλιμ-

448 2821 516 2864 ac
551 2809 780 2866 delicias
820 2811 1025 2867 mentis
1061 2813 1351 2882 proposito
1393 2828 1616 2868 carnem
1663 2813 1997 2885 derelinquit

2186 2821 2292 2874 iver.
2333 2821 2610 2894 προνοίας,
2638 2821 2781 2876 κατά
2813 2823 2912 2892 τὴν
2937 2822 2995 2874 ὲν
3024 2822 3217 2894 γνώμη
3243 2822 3456 2892 σχέσιν.
3489 2821 3620 2875 οὐδὲ

449 2915 522 2956 ne
566 2901 688 2973 ejus
737 2902 965 2974 quidem
1009 2904 1260 2959 dolorem
1307 2904 1495 2960 levare
1539 2905 1838 2970 sustinens,
1877 2921 1998 2977 qu01

2184 2911 2324 2979 ἱύνην
2361 2913 2464 2982 τῆς
2519 2913 2719 2985 σαρκὸς
2767 2913 3070 2984 ἀνεχομένη
3103 2912 3599 2984 παραμυθεῖσθαι,
3647 2912 3733 2964 διὰ

449 2993 654 3049 mentis
688 3001 802 3051 tota
825 2995 908 3052 vis
939 3002 998 3050 et
1017 2994 1239 3050 affectio
1273 2995 1480 3051 divinis
1512 2996 1722 3052 intenta
1759 2996 1849 3052 sit.

2182 3007 2230 3076 ἡν
2260 3005 2318 3058 ὲν
2346 3005 2526 3076 σχέσει
2555 3006 2655 3076 τῆς
2678 3003 2906 3076 γνώμης
2930 3006 3068 3077 πρὸς
3095 3005 3166 3058 τὰ
3208 3003 3331 3058 θεῖα
3363 3005 3566 3076 έλικὴν
3608 3021 3731 3076 σχο-

2128 3095 2249 3152 λήν.

2050 3099 2068 3127 1

519 3184 576 3238 2.
603 3183 757 3239 Mens
785 3193 843 3239 et
871 3200 1066 3240 sensus
1091 3186 1426 3240 contrariam
1458 3187 1602 3241 inter
1633 3203 1691 3242 se
1723 3186 2028 3241 naturalem

2201 3115 2249 3152 ν.

2184 3116 2269 3261 λβι.
2323 3189 2468 3254 Νοῦς
2513 3189 2611 3245 καὶ
2653 3188 2908 3260 αἴσθησις
2936 3187 3327 3260 ἀντικειμένην
3369 3186 3568 3258 έχουσι
3596 3187 3733 3258 πρὸς

451 3275 832 3346 operationem
878 3275 1103 3334 habent,
1155 3277 1229 3330 ob
1273 3277 1646 3348 snlijeetarum
1694 3278 1804 3334 illis
1843 3294 2000 3333 rerum

2181 3283 2338 3352 0ith
2383 3282 2485 3353 τὴν
2519 3281 2661 3336 κατά
2688 3279 2850 3350 φύσιν
2881 3280 3182 3353 ἐνέργειαν,
3215 3278 3305 3335 διὰ
3334 3280 3440 3351 τὴν
3479 3281 3602 3344 τῶν
3634 3280 3730 3332 αὗ-

452 3382 725 3422 summam
774 3366 1286 3422 dissimilitudinem
1331 3384 1393 3422 ac
1436 3368 1834 3424 diversitatem.
1881 3371 2000 3424 Men

2184 3375 2244 3437 ιῖς
2285 3373 2666 3444 ὑποκειμένων
2700 3372 3010 3444 ἀκροτάτην
3047 3371 3316 3442 διαφορὰν
3343 3372 3443 3424 καὶ
3469 3371 3733 3442 ἑτερότη-

452 3461 602 3515 enim
641 3461 918 3530 subjectas
948 3460 1114 3514 habet
1153 3460 1530 3532 intelligibiles
1565 3461 2001 3530 incorporeasqu‘

2184 3485 2221 3520 ι.
2266 3466 2326 3520 Ὀ
2361 3464 2460 3536 μὲν
2515 3465 2646 3533 γὰρ,
2696 3463 3068 3532 ὑποκειμένας
3111 3461 3223 3532 ἔχει
3256 3462 3357 3524 τὰς
3390 3462 3604 3532 νοητὰς
3643 3464 3733 3514 καὶ

453 3553 818 3615 substantias,
846 3568 982 3621 quas
1013 3553 1091 3604 illi
1122 3561 1500 3621 comparatum
1530 3561 1588 3605 ut
1611 3553 1938 3621 incorporea
1970 3568 1998 3606 a

2182 3555 2460 3626 σωμάτους
2501 3553 2715 3618 οὐσίας,
2751 3546 2826 3605 ὧν
2874 3551 3186 3622 ἀσωμάτως
3214 3551 3731 3621 ἀντιλαμϐάνεσθαι

453 3642 694 3712 spiritali
745 3643 960 3694 ratione
1008 3651 1312 3710 capessat:
1359 3657 1553 3696 sensus
1600 3655 1752 3706 vero,
1808 3649 2033 3694 naturas
2136 3647 2246 3721 [σᾳ.
2287 3648 2355 3702 ad
2411 3644 2649 3701 Thalass.
2681 3662 2732 3716 q.
2784 3645 2873 3704 58,
2911 3637 2990 3698 ὧν
3046 3641 3170 3697 κατ’
3204 3643 3400 3696 οὐσίαν
3439 3641 3732 3714 balatu]

453 3733 749 3787 scnsibiles
787 3741 843 3786 et
876 3747 1191 3801 eorporcas,
1233 3748 1370 3802 quas
1406 3742 1459 3786 et
1492 3732 1607 3802 ipse
1641 3741 1835 3786 natura
1866 3732 2002 3786 habe

2179 3741 2400 3810 έφυκεν·
2439 3740 2472 3808 ἡ
2505 3738 2580 3802 δὲ,
2612 3736 2712 3800 τὰς
2733 3736 2998 3806 αίσοητάς
3029 3736 3122 3788 καὶ
3153 3734 3482 3805 σωματικὰς
3507 3734 3728 3803 φύσεις,

457 3834 517 3879 ιιι
541 3823 830 3894 βθτεῑρίίη.
2133 3825 2210 3885 ὧν
2247 3832 2343 3884 καὶ
2372 3829 2511 3901 αὐτὴ
2535 3827 2780 3898 φυσικῶς
2806 3825 3294 3895 ἀντιλαμϐάνεται.

527 3917 580 3972 '5.
634 3914 773 3970 Hinc
819 3917 1063 3986 proclive
1105 3916 1284 3986 oritur
1321 3915 1576 3985 voluptas
1621 3932 1835 3980 sensus,
1887 3916 2032 3984 quod

2205 3927 2274 3988 γ’.
2321 3921 2386 3973 Ἦ
2421 3919 2521 3988 τῆς
2568 3917 2749 3988 ψυχῆς
2781 3916 2890 3970 τῶν
2932 3916 3075 3970 κατά
3104 3915 3267 3986 φύσιν
3313 3913 3604 3978 ἀπόθεσις,
3633 3918 3729 3985 τῆς

454 4007 674 4061 animus
706 4023 768 4061 ea
816 4023 938 4077 quae
987 4016 1212 4062 suntex
1251 4017 1446 4062 natura
1497 4007 1735 4078 abjiciat.
1780 4007 2003 4074 Quandil

2180 4011 2261 4068 π’
2293 4010 2549 4080 αἴσθησιν
2599 4009 2793 4080 ἡδονῆς
2848 4007 2991 4079 ἀρχὴ
3039 4007 3286 4076 γίνεσθαι
3340 4007 3584 4075 πέφυκε.
3618 4007 3729 4075 τῆς

454 4098 602 4156 enim
649 4098 763 4161 ille,
797 4099 956 4152 bonis
999 4115 1067 4152 ex
1119 4108 1314 4152 natura
1359 4099 1600 4161 insudat,
1645 4097 1791 4151 haud
1837 4105 2003 4168 prtest

2181 4105 2247 4174 ἂρ
2274 4102 2454 4174 ψυχῆς
2489 4103 2618 4172 περὶ
2648 4099 2718 4154 τὰ
2757 4100 2899 4154 κατά
2933 4099 3100 4169 φύσιν
3140 4098 3325 4167 ἁγαθά
3354 4097 3724 4166 πονουμένης,

453 4191 692 4246 facultas
725 4199 832 4257 est,
879 4207 1002 4262 quae
1033 4192 1333 4262 voluptatis
1380 4208 1577 4248 sensus
1621 4193 1844 4246 modum
1881 4191 2002 4246 adin

2176 4196 2237 4248 Βκ
2268 4194 2414 4246 ἔστιν
2448 4194 2479 4262 ἡ
2520 4193 2610 4244 τὸν
2649 4193 2772 4244 κατ’
2818 4190 3072 4261 αἴσθησιν
3128 4190 3227 4261 τῆς
3519 4189 3725 4260 τρόπον

455 4282 665 4336 veniat.

2138 4287 2546 4357 ἐφευρίσκουσα
2582 4283 2830 4354 δύναμις.

525 4375 582 4429 4.
607 4374 711 4430 Ubi
744 4376 886 4430 ratio
913 4374 1334 4430 considerandis
1361 4375 1448 4441 iis,
1475 4391 1598 4446 qua:
1634 4374 1798 4448 584
1831 4376 1885 4430 ἰη
1909 4391 2035 4430 sen—
2069 4416 2074 4468 1

2210 4377 2270 4430 δ’.
2321 4376 2493 4431 Ἔνθα
2548 4375 2705 4442 λόγος
2760 4373 3193 4445 προκαθηγεῖται
3259 4373 3360 4444 τῆς
3416 4373 3722 4441 αἰσθήσεως

457 4480 580 4520 sum
608 4465 832 4529 cadunt,
863 4466 1050 4520 sensui
1081 4466 1259 4536 praeit,
1286 4467 1554 4522 naturalis
1583 4467 1763 4522 omnis
1783 4468 2005 4536 volupta

2173 4469 2283 4522 ιατά
2310 4469 2406 4540 τὴν
2436 4466 2542 4520 τῶν
2571 4465 2781 4538 ὁρατῶν
2804 4463 3059 4536 θεωρίαν,
3094 4464 3272 4534 πάσης
3302 4463 3606 4535 ἐστέρηται
3631 4465 3722 4532 τῆς

457 4571 680 4611 carnem
711 4556 932 4623 deficit;
964 4557 1052 4610 cui
1087 4572 1284 4612 sensus
1316 4558 1457 4611 liber
1493 4573 1557 4612 ac
1579 4558 1809 4613 rationis
1837 4558 2003 4613 vincu

2172 4559 2290 4614 ιατά
2321 4557 2483 4628 φύσιν
2517 4557 2550 4626 ἡ
2589 4554 2724 4625 σάρξ
2775 4555 2992 4626 ἡδονῆς,
3022 4555 3121 4608 οὐκ
3160 4555 3361 4623 ἔχουσα
3391 4553 3498 4623 τὴν
3532 4553 3721 4623 αἴσθη-

457 4649 530 4704 lis
569 4649 805 4716 solutus,
839 4658 902 4705 ut
933 4650 1084 4705 illius
1114 4650 1495 4720 voluptatibus
1540 4651 1838 4717 ministret,
1865 4651 2006 4706 desit

2170 4670 2227 4705 ἰν
2258 4651 2456 4719 ἄφετον
2495 4649 2588 4700 καὶ
2615 4647 2724 4700 τῶν
2754 4645 2993 4714 λογικῶν
3038 4646 3455 4715 ἀπολελυμένην
3488 4645 3719 4714 δεσμῶν,

458 4738 829 4806 Quamobrem
875 4741 1041 4794 etiam
1096 4757 1320 4796 necesse
1367 4752 1473 4808 est,
1518 4742 1733 4798 ratione
1770 4743 1826 4797 in
1871 4742 2002 4797 nobi

2175 4746 2222 4808 ίς
2264 4743 2567 4814 ὑπηρεσίαν
2625 4741 2734 4794 τῶν
2799 4742 2920 4795 κατ’
2973 4738 3142 4808 αὐτὴν
3179 4737 3406 4809 ἡδονῶν.
3445 4739 3610 4791 Ὅθεν
3639 4737 3720 4789 καὶ

453 4826 802 4890 dominante.
830 4845 952 4898 qua:
995 4827 1072 4883 illi
1113 4828 1459 4899 mancipatur
1498 4830 1716 4886 virtutis
1746 4830 2002 4902 obsequio

2177 4835 2450 4904 ξανάγκης
2477 4832 2800 4904 κρατοῦντος
2826 4833 2917 4884 τοῦ
2949 4833 3005 4884 ἐν
3023 4833 3152 4901 ἡμῖν
3175 4831 3359 4897 λόγου,
3386 4831 3417 4900 ἡ
3443 4829 3585 4900 πρὸς
3603 4830 3719 4898 tipa-

461 4933 683 4973 carnem
712 4921 981 4992 torqueri.

2146 4928 2244 4999 τὴν
2271 4925 2420 4995 αὐτῷ
2448 4924 2769 4978 δουλωθεῖσα
2808 4923 3154 4994 βασανίζεται
3180 4922 3331 4992 σάρξ.

535 5074 658 5131 ‘Ex
705 5077 826 5133 ead.
889 5089 1084 5150 quiest.
1146 5081 1216 5135 58
1263 5097 1331 5136 ex
1385 5097 1492 5151 qua
1529 5082 1815 5152 superiora
1853 5079 2150 5146 ἀυτολεξεί.

539 5212 600 5284 (ι)
650 5214 1076 5279 Ἐπινοητικὴν
1095 5213 1219 5269 οἶδε
1253 5216 1366 5285 τὴν
1397 5214 1616 5283 γοερὰν
1664 5212 1774 5280 τῆς
1830 5215 2032 5285 ψυχῆς

2158 5214 2278 5285 pila.
2306 5211 2659 5285 Refertergo
2686 5211 2839 5274 illud,
2863 5208 2993 5285 οἶδε,
3028 5209 3376 5285 superiorem
3411 5219 3707 5285 auctorem,

466 5279 742 5358 εὐκαιειντ
774 5285 1161 5358 Expositioest
1187 5279 1476 5358 ejusquod
1496 5279 1729 5358 dixerat
1747 5279 2039 5358 superiori,
2146 5279 2239 5358 qui
2274 5279 2712 5358 sicintellectum
2745 5292 2838 5336 aut
2864 5279 3151 5358 rationem,
3197 5279 3513 5358 facultatem
3557 5283 3712 5358 animi

467 5372 516 5432 c_.
562 5349 666 5409 100
683 5355 788 5432 τὴν
825 5349 935 5432 τῶν
976 5355 1145 5425 ἡδέων
1174 5349 1524 5432 ὲπινῄτικὴν
1551 5349 1878 5432 σχέσινχέίο
1922 5372 2016 5425 pas

2165 5349 2502 5432 ῖπινοητικὴν
2535 5351 2611 5431 (id
2643 5361 2747 5413 est,
2773 5351 3118 5432 excogitandi
3143 5366 3239 5430 seu
3272 5349 3594 5432 inveniendi
3637 5367 3714 5404 50-

470 5426 594 5489 sim,
648 5420 808 5478 aliam
841 5425 946 5479 alia
987 5420 1260 5481 sententia
1292 5420 1559 5481 Maximus
1587 5420 1836 5493 exponit,
1885 5420 1948 5479 ac
1997 5426 2044 5479 si
2144 5420 2364 5493 lertem)
2415 5423 2572 5492 quasi
2613 5420 2930 5491 paraphrasi
2981 5421 3278 5484 vocaverit,
3328 5435 3439 5493 non
3479 5420 3712 5493 divinam

470 5495 920 5566 essetwdiversus
951 5505 1162 5550 auctor.
1191 5499 1432 5566 Esseque
1481 5512 1589 5566 non
1645 5489 1780 5566 raro
1817 5495 2044 5566 suadeat
2148 5489 2498 5566 Scriptura—nt
2543 5489 2634 5544 aut
2687 5489 3018 5566 sermonem,
3066 5502 3144 5566 _u_t
3195 5507 3300 5544 non
3345 5491 3492 5566 bene
3545 5489 3713 5566 reddi-

473 5563 650 5618 Photii
687 5564 800 5634 ipsa
830 5581 1084 5626 censura,
1125 5583 1154 5619 a
1211 5559 1400 5620 limine
1465 5565 1661 5629 Quarst.
1696 5565 1786 5634 rad
1822 5564 2044 5618 Thalas-
2145 5564 2226 5634 dit
2257 5559 2441 5634 Picus.
2467 5562 2642 5616 Socus
2666 5577 2791 5614 cum
2818 5561 3038 5634 additur
3066 5562 3242 5634 Myog,
3279 5560 3357 5634 uti
3386 5559 3707 5629 quandoque

473 5630 838 5706 ggum‘po'sita,
871 5645 927 5688 et
959 5635 1104 5704 quod
1163 5637 1280 5706 ipse
1320 5636 1649 5706 quandoque
1674 5633 2039 5706 deprehendi,
2144 5632 2278 5688 facit
2309 5633 2596 5698 Maximus,
2626 5647 2693 5686 ac
2719 5631 2924 5702 passim
2949 5633 3042 5686 alii
3070 5630 3326 5700 theologi.

475 5700 919 5772 Marciquzedam
958 5700 1464 5772 οἱὺτολεξὲὶὶηέοι-ιο
1495 5700 1617 5759 aliis
1672 5700 1890 5760 maximi
1939 5704 2044 5760 Ca-
