3922 6348
177 301 327 366 1305
872 301 1208 367 CAPITUM
1245 304 1670 378 QUINQUIES
1705 247 2230 370 CENTENCiRUM
2269 309 2658 372 CENTURIA
2697 313 2795 375 IV.
3103 317 3108 322 ’
3339 313 3476 380 1303

247 417 317 472 ε’.
363 417 426 472 Ὀ
463 417 595 484 νοῦς
635 416 752 486 ἅμα
795 416 896 488 τὴν
917 419 1170 491 αἴσθησιν
1208 421 1414 474 οίκείαν
1452 421 1592 475 κατὰ
1623 417 1786 490 φυσιν

1963 422 2015 477 5.
2063 424 2238 489 Mens,
2278 439 2403 480 mox
2433 439 2498 480 ac
2543 439 2765 481 sensum
2799 425 2912 480 vim
2956 426 3236 497 propriam
3269 441 3334 482 ex
3377 443 3466 482 na—

170 511 460 580 ἠγήσεται
487 511 747 581 δύναμιν,
768 514 888 576 ταῖς
913 511 1022 565 τῶν
1049 511 1327 582 αἰσθητῶν
1359 511 1788 582 ἐπιπλεκόμενος

1897 521 2018 569 tura
2043 530 2166 570 esse
2186 515 2428 581 duxerit,
2464 532 2651 571 rerum
2684 517 2972 571 sensilium
3000 517 3192 587 ﬁguris
3226 533 3289 572 ac
3319 519 3472 573 colo-

170 601 571 669 ἐπιφανείαις,
596 605 893 656 ἐπινοεῖται
913 605 1014 664 τὰς
1047 602 1314 674 σαρκικὰς
1354 602 1570 672 ἡδονὰς,
1609 601 1670 654 οὐ
1701 601 1788 654 δυ·

1897 608 2050 663 ribus
2104 607 2404 678 implicata,
2449 611 2633 664 carnis
2665 611 2977 682 voluptates
3021 611 3317 681 excogitat,
3360 629 3472 668 non

170 693 427 762 νάμενος
469 695 586 747 τῶν
629 693 838 765 ὁρατῶν
882 695 1132 766 διαϐῆναι
1178 695 1277 764 τὴν
1309 693 1492 764 φύσιν,
1535 697 1601 766 τῇ
1656 693 1788 764 πρὸς

1897 702 2084 756 valens
2135 718 2318 755 rerum
2378 702 2794 776 aSpertabilium
2853 710 3108 756 naturam
3172 719 3471 771 superare,

167 785 280 856 τὴν
321 784 599 855 αἴσθησιν
627 787 868 856 ἐμπαθεῖ
909 787 1091 857 σχέσει
1126 785 1506 856 κατασχεθείς.

1897 809 2016 863 qua:
2042 793 2338 847 libidinosa
2363 794 2430 848 ad
2465 809 2686 849 sensum
2713 795 3005 850 aﬁ‘ectione
3031 796 3242 850 irretita
3273 797 3364 850 sit.

247 876 332 940 ς’.
371 877 440 930 Ei
473 880 580 931 οὐκ
629 879 746 932 ἔστι
775 879 1003 933 δυνατὸν
1051 879 1187 950 πρὸς
1237 880 1307 931 τὰ
1356 879 1597 946 συγγενῆ
1626 877 1788 948 νοητὰ

1965 886 2019 940 6.
2042 886 2178 942 Cum
2207 887 2325 941 ﬁeri
2357 903 2469 940 non
2505 888 2702 958 possit,
2739 897 2802 942 ut
2831 903 2988 944 mens
3027 889 3094 943 ad
3127 897 3356 959 cognata
3391 889 3476 942 in-

165 970 268 1023 τὺν
297 970 436 1024 νοῦν
469 971 746 1043 διαϐῆναι,
777 974 902 1042 δίχα
936 973 1036 1042 τῆς
1060 972 1166 1025 τῶν
1187 972 1274 1026 διὰ
1301 972 1468 1041 μέσου
1488 970 1788 1042 προϐεϐλη-

1897 978 2198 1049 telligibilia
2244 987 2504 1042 transeat,
2539 979 2673 1048 quin
2725 981 2976 1046 sensilia,
3009 995 3131 1050 quae
3171 980 3352 1035 media
3389 980 3475 1033 in-

171 1063 369 1134 μένων
395 1063 686 1134 αἰσθητῶν
724 1064 977 1136 Θεωρίας·
1010 1064 1210 1134 ταύτην
1240 1064 1298 1116 δὲ
1341 1063 1614 1132 γενέσθαι,
1654 1079 1788 1116 παν-

1897 1072 2120 1141 terjecta
2147 1080 2298 1136 sunt,
2333 1071 2685 1140 speculetur;
2731 1072 2959 1141 haecque
2989 1072 3083 1126 illa
3117 1073 3270 1126 nullo
3310 1087 3471 1142 pror-

165 1158 356 1221 τελῶς
401 1160 696 1230 ἀμήχανον
723 1160 894 1230 χωρὶς
928 1160 1028 1228 τῆς
1060 1158 1208 1230 αὐτῷ
1252 1159 1351 1228 μὲν
1397 1156 1788 1228 συγκειμένης,

1897 1178 1987 1218 sus
2026 1163 2191 1218 modo
2219 1163 2425 1231 absque
2458 1178 2650 1227 sensu,
2686 1163 2763 1216 illi
2795 1162 3017 1232 quidem
3045 1161 3380 1223 adhaerente,
3418 1167 3474 1213 at

173 1255 300 1315 τοῖς
342 1252 642 1319 αἰσθητοῖς
667 1252 724 1305 δὲ
757 1252 898 1304 κατὰ
939 1251 1100 1320 φύσιν
1134 1249 1429 1319 συγγενοῦς
1460 1249 1788 1319 αἰσθήσεως·

1897 1259 1986 1328 qui
2020 1267 2218 1312 natura
2249 1257 2546 1310 sensilibus
2590 1255 2771 1309 amnis
2809 1256 2902 1321 sit,
2941 1254 3212 1325 speculari
3241 1253 3423 1307 valeat
3453 1269 3469 1305 :

168 1343 422 1406 εἰκότως
455 1347 512 1397 εἰ
537 1343 642 1414 μὲν
682 1342 974 1413 προϐαλὼν
1019 1343 1246 1412 ἐνσχεθῇ
1283 1343 1403 1403 ταῖς
1443 1339 1788 1408 ἐπιφανείαις

1897 1348 2090 1402 merito
2122 1363 2275 1412 sane,
2323 1348 2599 1417 siquidem
2636 1363 2698 1401 ea
2725 1347 3069 1416 attingenda,
3101 1360 3287 1400 rerum
3309 1360 3472 1412 aspe-

168 1433 289 1499 τῶν
324 1433 581 1505 ὁρατῶν,
624 1434 907 1502 ἐνέργειαν
959 1429 1100 1484 εἶναι
1143 1432 1380 1500 φυσικὴν
1419 1429 1518 1499 τὴν
1567 1443 1788 1494 συγκει-

1897 1441 2173 1497 ctabilium
2193 1440 2383 1511 ﬁguris
2409 1454 2472 1493 ae
2495 1438 2778 1493 coloribus
2801 1438 3147 1502 inhaerescat,
3165 1436 3469 1505 simplicem

175 1526 359 1596 μένην
398 1526 656 1596 οίόμενος
695 1525 966 1592 αἴσθησιν,
1020 1523 1128 1577 τῶ)
1173 1522 1270 1593 μὲν
1318 1520 1460 1574 κατὰ
1489 1519 1649 1588 φύσιν
1696 1521 1788 1572 ἐκ·

1897 1547 2011 1588 esse
2048 1541 2166 1586 rata
2195 1531 2597 1601 operationem,
2626 1546 2749 1598 qua:
2775 1545 2972 1583 sensus
2995 1528 3335 1598 compositus
3365 1535 3470 1589 est,

173 1619 462 1671 πέπτωκε
508 1617 736 1688 νοητῶν·
784 1617 891 1670 τῶν
936 1616 992 1669 δὲ
1051 1615 1197 1685 παρᾶ
1229 1612 1391 1680 φύσιν
1437 1614 1640 1682 ἀμφοῖν
1669 1612 1788 1662 ταῖν

1897 1625 1957 1679 ab
1973 1623 2414 1695 intelligibilibus
2427 1638 2490 1677 ac
2506 1621 2869 1692 spiritalibus,
2888 1631 3148 1690 quzcsunt
3166 1636 3228 1673 ex
3248 1627 3468 1683 natura,

171 1711 399 1778 χεροῖν,
443 1709 477 1761 ὃ
516 1709 582 1778 δὴ
610 1708 848 1776 λέγεται,
879 1706 1175 1760 ἐπελάϐετο
1204 1704 1492 1773 σωμάτων·
1523 1697 1602 1764 οἷς
1635 1700 1788 1771 παρὰ

1897 1715 2168 1785 prolapsa,
2196 1713 2467 1767 ambabus
2505 1712 2673 1781 (quod
2719 1709 2896 1779 aiunt)
2935 1709 3211 1772 manibus,
3246 1707 3472 1761 innatu-

173 1803 272 1855 τὸν
309 1802 487 1870 λόγον
523 1799 938 1872 ὲνεργούμενος,
983 1799 1072 1852 διὰ
1095 1796 1192 1867 τὴν
1228 1796 1387 1849 αὑτὸν
1417 1794 1786 1862 ὲκνικήσασαν

1897 1807 2028 1860 ralia
2050 1820 2284 1874 corpora
2311 1803 2700 1873 apprehendit,
2730 1817 2794 1855 ac
2815 1800 3097 1861 complexa
3120 1806 3236 1853 est:
3266 1797 3472 1867 quibus

173 1893 485 1966 αἴσθησιν,
515 1893 615 1964 τῆς
652 1893 749 1963 μὲν
779 1891 920 1945 κατὰ
936 1889 1111 1961 ψυχὴν
1134 1889 1315 1958 λύπης
1353 1889 1632 1957 γεννήτωρ
1659 1884 1788 1938 καθ·-

1897 1899 2054 1954 aliter
2079 1912 2145 1952 ac
2173 1897 2369 1951 suadet
2399 1894 2540 1948 ratio
2567 1896 2748 1948 excita
2783 1907 2846 1945 ac
2891 1898 3060 1952 inlota,
3087 1889 3160 1942 ob
3193 1903 3388 1942 sensus
3415 1889 3471 1941 in

176 1986 441 2046 ίσταται,
478 1985 702 2054 συχναῖς
738 1984 859 2045 ταῖς
909 1981 1049 2034 κατὰ
1079 1980 1383 2049 συνείδησιν
1424 1976 1674 2048 μάστιξιν
1705 1976 1788 2029 αί-

1897 2006 2010 2045 eam
2035 1988 2349 2052 victoriam,
2388 1986 2629 2041 tristitia:
2657 1983 2826 2038 animi
2860 1980 3076 2034 crebris
3115 1979 3474 2034 conscientiae

173 2077 519 2148 κιζόμενος·
561 2079 660 2147 τῆς
688 2075 744 2128 δὲ
771 2077 890 2128 κατ’
924 2072 1180 2142 αἴσθησιν
1208 2071 1399 2143 ἡδονῆς
1431 2070 1685 2141 ἀρίδηλος
1704 2069 1788 2138 γί-

1897 2081 2223 2137 verberibus
2256 2078 2594 2148 vapulantis,
2621 2090 2828 2146 parens
2867 2073 3121 2137 exsistit;
3165 2085 3472 2137 sensusque

171 2189 344 2226 νεται
401 2171 681 2242 ποιητὴς,
738 2173 861 2232 ταῖς
901 2167 1167 2232 ἐπινοίαις
1213 2165 1323 2220 τῶν
1356 2163 1788 2237 περιποιητικῶν

1897 2177 2070 2246 palam
2101 2171 2404 2241 voluptatis
2431 2175 2625 2223 auctor
2652 2166 2913 2230 efﬁcitur,
2953 2178 3074 2233 quze
3103 2161 3318 2216 scilicet
3358 2176 3476 2215 mo-

173 2262 417 2333 τρόπων
456 2263 562 2331 τῆς
604 2251 806 2331 σαρκὸς
842 2259 1250 2329 λιπαινόμενος.
1283 2258 1346 2312 El
1395 2257 1452 2311 δὲ
1503 2255 1601 2327 τὴν
1653 2256 1788 2324 πρὸς

1897 2269 1977 2323 dis
2019 2265 2270 2321 fovenda:
2301 2261 2485 2318 carnis
2523 2257 2899 2329 excogitandis
2943 2254 3176 2309 nimium
3204 2260 3472 2322 quantum

175 2353 482 2424 αἴσθησιν,
513 2353 629 2422 ἄμα
660 2353 724 2422 τῇ
754 2350 1032 2422 προσϐολῇ
1064 2349 1173 2402 τῶν
1195 2348 1490 2418 ὁρωμένων
1516 2346 1788 2418 διατεμὼν

1897 2361 2198 2415 delectetur
2218 2371 2282 2409 ac
2303 2354 2456 2408 velut
2481 2351 2875 2420 iinpinguctur.
2900 2347 2994 2400 Sin
3021 2353 3202 2399 autem
3238 2359 3364 2396 mox
3406 2355 3471 2396 ac

177 2446 554 2515 ἐπιφάνειαν,
583 2445 710 2506 τοὺς
741 2443 1151 2514 πνευματικοὺς
1172 2443 1282 2496 τῶν
1317 2444 1485 2497 ὄντων
1511 2441 1788 2512 καθαροὺς

1897 2451 2070 2522 attigit
2108 2446 2488 2519 percepitque,
2533 2451 2763 2496 externa
2814 2453 3001 2491 rerum
3051 2435 3468 2506 aspectabilium

173 2537 297 2593 τῶν
347 2536 446 2591 ἐπ’
486 2536 672 2599 αὐτοῖς
695 2534 991 2606 σχημάτων
1017 2532 1268 2588 θεάσεται
1299 2534 1513 2602 λόγους,
1549 2533 1648 2604 τὴν
1689 2534 1788 2603 μὲν

1897 2544 2123 2598 dissecta
2151 2537 2356 2608 specie,
2390 2533 2670 2603 spiritales
2713 2544 2893 2583 rerum
2925 2528 3186 2591 rationes,
3224 2526 3468 2596 ipsarum

175 2630 284 2700 τῆς
319 2629 514 2699 ψυχῆς
544 2627 739 2698 ἡδονὴν
783 2626 1205 2697 κατειργάσατο,
1239 2625 1428 2694 μηδενὶ
1456 2624 1563 2678 τῶν
1593 2623 1787 2693 αἰσθη-

1897 2633 2080 2705 ﬁguris
2130 2630 2427 2698 depuratas
2476 2620 2848 2691 conspexerit,
2912 2619 3082 2672 animi
3130 2619 3468 2687 voluptatem

175 2721 299 2775 τῶν
329 2720 735 2791 θεωρουμένων
783 2718 1189 2789 κρατουμένης,
1221 2718 1318 2788 τὴν
1357 2717 1414 2770 δὲ
1465 2717 1564 2786 τῆς
1596 2714 1788 2785 αἰσθή-

1897 2722 2169 2796 produxit,
2223 2719 2318 2790 qui
2363 2715 2519 2771 nullo
2557 2713 2802 2766 visorum
2854 2709 3139 2764 sensilium
3181 2715 3468 2772 teneatur;

179 2835 329 2882 σεως
367 2817 745 2887 συνεστήσατο
788 2814 992 2886 λύπην,
1039 2813 1258 2868 πάντων
1309 2811 1451 2866 κατὰ
1486 2808 1647 2879 φύσιν
1677 2806 1788 2861 τῶν

1897 2828 2194 2884 sensusque
2225 2811 2496 2871 dolorem,
2534 2801 2793 2859 omnibus
2821 2816 2892 2856 ex
2929 2809 3125 2854 natura
3171 2797 3472 2854 sensilibus

178 2907 479 2980 αἰσθητῶν
513 2905 908 2975 ἐστερημένης.

1897 2909 2107 2978 privati,
2141 2907 2448 2962 constituit.

245 2978 355 3063 τ’(
390 2995 614 3065 Ἐπειδὴ
644 2995 742 3066 τὴν
787 2995 887 3064 μὲν
923 2995 1021 3064 τῆς
1049 2993 1228 3064 ψυχῆς
1258 2992 1456 3060 λύπην,
1501 2992 1668 3063 ἧγουν
1696 2989 1788 3042 τὸν

1961 3000 2014 3054 7.
2041 2997 2181 3064 Quia
2214 2998 2380 3068 igitur
2414 2997 2582 3052 animi
2613 2995 2839 3066 quidem
2872 2987 3151 3046 tristitiam
3179 2998 3276 3038 seu
3313 2978 3476 3034 dolo-

177 3089 361 3144 πόνον
380 3087 599 3158 (ταύτὸν
617 3086 724 3157 γὰρ
752 3085 1007 3155 ἀλλήλοις
1023 3083 1359 3156 ἀμφότερα),
1387 3087 1419 3155 ἡ
1441 3084 1561 3138 κατ’
1587 3083 1783 3154 αἴσθη-

1897 3107 2010 3146 rem
2051 3091 2316 3161 (laborem
2364 3090 2574 3144 scilicet
2599 3106 2614 3142 :
2638 3070 2778 3142 sunt
2807 3084 2954 3140 enim
2987 3081 3102 3134 htee
3121 3072 3339 3143 eadem)
3374 3087 3474 3125 vo-

179 3200 273 3236 σιν
303 3180 480 3252 ἡδονὴ
517 3178 818 3249 συνίστησι⁸
850 3178 949 3249 τὴν
975 3178 1034 3232 δὲ
1082 3180 1184 3250 τῆς
1228 3177 1536 3245 αίσθήσεως
1579 3175 1782 3244 λύπην,

82 3335 94 3346 δ
181 3276 366 3345 ἦγουν
403 3272 498 3324 τὸν
531 3271 709 3335 πόνον,
746 3271 780 3340 ἠ
815 3269 956 3332 κατᾲ
1004 3269 1184 3339 ψυχὴν
1217 3270 1387 3321 ποιεῖν
1420 3266 1581 3337 ἡδονὴ
1613 3267 1791 3335 πέφυ-

183 3383 310 3430 κεν,
348 3363 578 3425 εἰκότως
607 3363 636 3416 ὁ
665 3362 762 3432 τῆς
792 3360 913 3414 κατ’
944 3360 1136 3413 ἐλπίδα
1182 3358 1328 3428 ζωῆς
1369 3359 1476 3414 τοῦ
1504 3359 1653 3414 Θεοῦ
1689 3358 1790 3413 καὶ

186 3455 478 3522 Σωτῆρος
522 3452 692 3524 ἡμῶν
736 3452 942 3520 Ἰησοῦ
973 3449 1255 3521 Χριστοῦ,
1291 3450 1366 3504 δι’
1398 3449 1790 3517 ἀναστάσεως

181 3546 434 3617 νεκρῶν
460 3549 550 3611 εις
577 3546 990 3614 κληρονομίαν
1019 3541 1329 3614 ἄφθαρτον
1357 3544 1456 3598 καί
1495 3543 1791 3612 ἀμίαντον

183 3641 288 3695 καὶ
320 3639 681 3709 ἀμάραντον
712 3635 1124 3706 τετηρημένην
1161 3636 1230 3689 ἐν
1280 3636 1593 3703 οὐρανοῖς,
1641 3636 1790 3703 ἐφιέ-

190 3749 388 3802 μενος,
427 3729 569 3783 κατὰ
601 3729 700 3800 μὲν
745 3730 843 3799 τὴν
869 3727 1048 3798 ψυχὴν
1073 3726 1398 3796 ἀγαλλίασιν
1438 3727 1573 3796 ἔχει,
1613 3726 1790 3796 χαρὰν

189 3821 588 3890 ἁνεκλάλητον,
620 3819 884 3891 διηνεκῶς
909 3823 974 3890 τῇ
1002 3819 1109 3870 τῶν
1140 3817 1440 3889 μελλόντων
1463 3818 1639 3870 ἐλπίδι
1664 3834 1790 3884 γαν-

186 3913 434 3985 νύμενος
474 3911 716 3981 ἀγαθῶν·
751 3911 896 3964 κατὰ
923 3910 980 3962 δὲ
1006 3909 1106 3979 τὴν
1139 3909 1320 3979 σάρκα
1355 3908 1450 3960 καὶ
1477 3907 1576 3978 τὴν
1599 3906 1788 3974 αἴσθη-

191 4023 300 4072 σιν,
335 4004 544 4076 λύπην,
582 4005 750 4074 ἤγουν
779 4002 904 4064 τοὺς
935 4003 999 4054 ἐκ
1028 3999 1136 4053 τῶν
1173 3997 1431 4052 ποικίλων
1469 3999 1789 4069 πειρασμῶν

189 4098 616 4168 ἐπιγινομένους
642 4097 780 4166 αὐτῇ
824 4095 1042 4158 πόνους,
1070 4094 1165 4146 καὶ
1193 4095 1292 4155 τας
1321 4095 1406 4146 ἐπ’
1439 4093 1631 4153 αὐτοῖς
1667 4091 1781 4144 ὀδύο

187 4207 313 4253 νας.
367 4188 528 4261 Πάσῃ
559 4189 669 4258 γὰρ
713 4189 902 4258 ἀρετῇ,
934 4186 1096 4257 ἡδονὴ
1130 4185 1223 4238 καὶ
1263 4184 1423 4246 πόνος
1455 4183 1786 4254 παρέπεται·

190 4281 362 4345 πόνος
409 4281 508 4351 μὲν
537 4281 762 4350 σαρκὸς,
807 4279 1183 4349 ἐστερημένης
1222 4276 1322 4347 τῆς
1356 4276 1659 4348 προσηνοῦς
1696 4275 1789 4330 καὶ

191 4371 484 4444 λειοτέρας
531 4373 855 4442 αἰσθήσεως·
912 4369 1074 4442 ἡδονὴ
1134 4369 1190 4422 δέ
1237 4367 1434 4438 ψυχῆς,
1469 4367 1667 4430 παντὸς
1702 4370 1786 4420 αί-
1823 4399 1837 4444 _-

1890 3185 2074 3254 luptas
2099 3198 2296 3239 sensus
2323 3181 2644 3246 constituit;
2669 3190 2973 3245 sensusque
3000 3171 3246 3226 dolorem
3267 3163 3344 3237 (id
3363 3172 3470 3225 est,

1890 3273 2160 3345 laborem)
2195 3273 2364 3328 animi
2401 3273 2660 3342 voluptas
2691 3269 2874 3324 facere
2917 3260 3234 3324 consuevit;
3270 3255 3473 3312 merito

1891 3366 1959 3432 is,
1987 3366 2082 3436 qui
2121 3366 2250 3421 vita:
2289 3365 2344 3420 in
2376 3380 2471 3435 spe
2503 3363 2716 3434 posite,
2745 3359 2843 3414 Dei
2874 3373 2937 3412 ac
2970 3353 3266 3411 Salvatoris
3303 3347 3473 3404 nostri

1888 3457 2016 3512 Iesu
2051 3456 2246 3512 Christi
2280 3473 2370 3528 per
2400 3455 2832 3510 resurrectionem
2861 3465 2924 3503 ea:
2952 3446 3193 3509 mortuis,
3214 3444 3270 3496 in
3303 3443 3475 3495 haere-

1890 3550 2111 3605 ditatem
2157 3547 2607 3620 ineorruplibilem
2663 3553 2712 3598 et
2753 3540 3233 3598 incontaminatam
3274 3543 3321 3586 et
3371 3533 3472 3585 im-

1890 3642 2298 3697 marcescibilem
2329 3649 2690 3694 conservatam
2727 3637 2783 3689 in
2822 3630 2962 3687 caelis
3000 3631 3040 3695 ",
3085 3623 3362 3682 desiderio
3394 3630 3474 3676 te-

1890 3745 2076 3797 netur,
2128 3735 2312 3788 animo
2352 3734 2575 3802 quidem
2621 3731 2878 3790 exsultat,
2922 3723 3234 3795 gaudetque
3272 3715 3474 3788 gaudio

1893 3825 2270 3887 inenarrabili,
2299 3825 2573 3877 bonorum
2607 3820 2768 3890 585
2801 3819 3113 3871 futurorum
3148 3829 3244 3882 spe
3267 3809 3475 3880 jugiter

1890 3909 2187 3989 ganniens;
2229 3932 2395 3970 carne
2439 3923 2620 3968 autem
2671 3929 2734 3966 ac
2775 3924 2940 3965 sensu
2998 3906 3244 3959 dolorem
3285 3901 3469 3962 habet,

1889 4011 2108 4066 labores
2134 4009 2346 4066 scilicet
2370 4008 2462 4078 qui
2493 4023 2560 4061 ex
2597 4004 2767 4059 variis
2806 3996 3202 4055 tentationibus
3235 3993 3312 4047 illi
3336 4007 3470 4046 cono

1891 4102 2114 4168 ﬁantur,
2156 4117 2220 4156 ac
2268 4115 2406 4169 quas
2447 4099 2523 4153 illi
2558 4110 2833 4151 mrumnas
2869 4108 2935 4146 ac
2973 4089 3194 4144 dolores
3229 4083 3470 4155 pariunt.

1889 4196 2053 4251 Omni
2103 4194 2251 4250 enim
2309 4191 2506 4246 virtuti
2555 4200 2669 4244 tum
2724 4187 2999 4256 voluptas,
3053 4189 3166 4235 tum
3213 4187 3268 4232 et
3317 4175 3474 4229 labor

1891 4303 2076 4342 eomes
2096 4284 2314 4341 exsistit
2344 4301 2358 4337 :
2397 4298 2594 4351 nempe
2629 4279 2812 4334 carnis
2841 4277 3016 4338 labor,
3047 4287 3209 4342 quam
3241 4266 3474 4323 blandus
3509 4268 3512 4270 ’

1890 4375 2179 4443 leniorque
2229 4387 2425 4435 sensus
2471 4369 2712 4432 deﬁciat,
2757 4365 3035 4434 animique
3075 4361 3344 4429 voluptas,
3377 4354 3471 4425 qui

198 4441 404 4532 σθητοῖ)
434 4441 698 4533 καθαροῖς
741 4459 1094 4532 ἐντρυφώσης
1139 4462 1253 4522 τοῖς
1297 4461 1354 4512 ἐν
1400 4458 1668 4529 πιεύματι
1695 4459 1787 4512 λόο

1897 4465 1964 4520 ab
1992 4464 2142 4518 omni
2174 4462 2361 4517 sensili
2390 4460 2545 4532 puris
2580 4459 2636 4512 in
2673 4457 2874 4528 spiritu
2922 4450 3228 4508 rationibus
3261 4445 3475 4504 deliciis

233 4574 338 4611 οις.

233 4574 284 4610 οι
323 4597 338 4611 .

196 4572 232 4626 γ
379 4648 508 4702 Δέον
545 4647 661 4701 ἐστὶ
704 4645 799 4700 τὸν
835 4646 961 4700 νοῦν
1001 4648 1144 4702 κατὰ
1177 4647 1275 4720 τὴν
1301 4650 1589 4722 παροῦσαν
1645 4651 1792 4724 ζωὴν

201 4740 388 4814 (τοῦτο
405 4740 513 4810 γάρ
535 4757 622 4810 μοι
652 4741 874 4804 νοεῖται,
906 4737 968 4791 τὸ
995 4737 1133 4810 νῦν),
1153 4742 1293 4794 κατὰ
1319 4744 1498 4812 σάρκα
1525 4744 1794 4815 λυπούμε-

201 4850 314 4898 νον,
346 4833 436 4887 διὰ
473 4833 598 4895 τοὺς
633 4832 862 4895 πολλοὺς
897 4832 1092 4894 πόνους
1136 4832 1245 4885 τῶν
1283 4835 1422 4906 ὑπὲρ
1464 4836 1666 4905 ἀρετῆς
1701 4837 1794 4890 αὐ-

200 4926 280 4996 τῷ
309 4927 736 4998 προσαγομένων
762 4925 1110 4995 πειρασμῶν,
1137 4925 1224 4978 ἀεὶ
1255 4929 1467 4998 χαίρειν
1503 4929 1642 4982 κατὰ
1677 4929 1784 4995 ψυ-

203 5017 328 5088 χὴν,
373 5018 466 5070 καὶ
507 5016 732 5087 ἥδεσθαι
761 5016 850 5069 διὰ
877 5014 976 5086 τὴν
1013 5016 1205 5069 ἐλπίδα
1237 5017 1348 5068 τῶν
1388 5018 1623 5071 αἰωνίων
1649 5019 1790 5087 ἀγα-

206 5109 338 5173 θῶν,
373 5109 476 5161 κᾶν
509 5107 608 5180 ἔχῃ
631 5108 1120 5178 καταπονουμένην
1143 5109 1242 5177 τὴν
1259 5107 1530 5178 αίσθησιν.
1565 5110 1647 5162 Οὐ
1677 5109 1788 5180 γὰρ

206 5200 350 5265 ἀξια
383 5203 452 5254 τὰ
474 5199 792 5268 παθήματα
823 5199 931 5254 τοῦ
955 5199 1073 5253 νῦν
1092 5199 1297 5267 καιροῦ
1327 5201 1478 5267 πρὸς
1502 5200 1616 5268 τὴν
1643 5203 1789 5269 μέλ-

206 5297 449 5346 λουσαν
473 5292 663 5357 δόξαν
689 5293 1226 5346 ἀποκαλύπτεσθαι
1270 5294 1357 5358 είς
1400 5291 1578 5362 ἡμᾶς,
1621 5292 1790 5363 φησὶν

209 5385 238 5435 ὁ
267 5384 410 5448 θεῖος
456 5386 585 5437 ’Δπό
594 5384 800 5446 στόλος.
1603 5391 1606 5393 “

282 5475 347 5529 θ’.
380 5477 593 5547 Ψυχῆς,
639 5479 672 5546 ὴ
724 5477 879 5548 σὰρξ,
915 5477 1029 5530 ἀλλ’
1062 5479 1124 5531 οὐ
1159 5481 1362 5550 σαρκὸς
1401 5482 1433 5551 ή
1475 5479 1620 5550 ψυχή
1646 5497 1659 5510 ·
1695 5480 1788 5533 τοῦ

211 5565 320 5636 γὰρ
345 5569 673 5638 κρείττονος,
707 5569 840 5638 φησὶ
861 5609 874 5634 ,
913 5569 976 5621 τὸ
1002 5566 1184 5642 ἦττον,
1211 5571 1327 5624 ἀλλ’
1355 5574 1414 5624 οὐ
1444 5571 1536 5624 τοῦ
1565 5572 1787 5640 ἥττονος

1243 5748 1261 5778 ⁵
1290 5747 1447 5802 Rom.
1481 5762 1592 5801 vm.
1628 5747 1690 5802 l8

289 5750 308 5782 ⁷
339 5751 358 5807 l
385 5751 529 5808 Petr.
565 5769 601 5813 ι.
631 5751 686 5805 5.
767 5748 787 5780 ⁸
816 5749 834 5805 l
864 5750 1010 5805 Petr.
1046 5764 1082 5812 ι,
1111 5748 1163 5802 6.

1894 4556 2103 4613 afﬂuat.

1966 4650 2018 4705 8.
2047 4647 2241 4717 Operae
2280 4645 2520 4716 pretium
2554 4651 2639 4698 est
2671 4651 2731 4696 ut
2762 4641 2981 4696 animus
3012 4639 3124 4695 vita
3155 4637 3261 4690 hac
3295 4633 3477 4701 (hunc
3538 4713 3540 4715 Ι

1894 4741 2042 4798 enim
2067 4738 2201 4793 mihi
2233 4753 2455 4792 sensum
2487 4735 2675 4797 habet,
2699 4733 2845 4804 quod
2872 4733 3098 4796 dicitur,
3121 4725 3280 4794 nunc)
3312 4739 3476 4780 carne

1893 4836 2086 4890 dolens
2112 4847 2176 4887 ac
2202 4845 2464 4893 moerens,
2490 4829 2561 4882 ob
2591 4843 2785 4882 earum
2821 4826 3184 4881 tentationum
3205 4822 3246 4886 ⁸,
3276 4817 3479 4888 quibus

1892 4927 2116 4982 virtutis
2148 4939 2312 4980 causa
2345 4921 2643 4992 appetitur,
2680 4919 3038 4988 multiplicem
3081 4914 3353 4975 laborem,
3387 4923 3476 4963 se-

1894 5035 2018 5075 cum
2055 5020 2172 5090 ipse
2208 5030 2426 5084 semper
2451 5012 2682 5083 gaudeat
2711 5027 2775 5065 ac
2801 5007 3156 5080 jucundetur,
3183 5018 3278 5072 spe
3303 5000 3478 5055 fretus

1894 5112 2208 5166 futurorum
2234 5109 2530 5169 bonorum,
2559 5104 2662 5160 etsi
2691 5116 2918 5158 sensum
2947 5095 3232 5152 laboribus
3257 5092 3468 5147 divexa-

1895 5209 2009 5255 tum
2057 5199 2274 5253 habeat.
2311 5197 2381 5252 Ut
2414 5195 2561 5250 enim
2604 5194 2681 5248 ait
2714 5191 2936 5247 divinus
2971 5185 3267 5258 Apostolus
3306 5199 3319 5235 :
3356 5181 3476 5235 Νοςι

1894 5299 2017 5344 sunt
2046 5288 2319 5359 condigna:
2349 5286 2616 5358 passiones
2646 5284 2802 5354 hujus
2835 5278 3104 5350 temporis,
3138 5275 3207 5330 ad
3240 5273 3477 5345 futuram

1897 5382 2146 5455 gloriam,
2176 5395 2295 5451 quae
2323 5377 2644 5432 revelabitur
2669 5376 2724 5428 in
2756 5373 2901 5427 nobis
2921 5373 2966 5425 ’.

1965 5477 2016 5532 9.
2050 5476 2210 5540 Caro,
2247 5471 2415 5528 animi
2453 5479 2556 5535 est,
2588 5485 2694 5523 non
2733 5463 2973 5521 vicissim
3013 5460 3230 5515 animus
3271 5453 3474 5512 carnis.

1897 5571 1992 5625 Est
2038 5567 2184 5622 enim
2235 5561 2659 5636 prmstautioris,
2695 5557 2902 5628 inquit,
2937 5555 2992 5610 id
3038 5550 3185 5623 quod
3233 5545 3478 5604 deterius
