3922 6348
210 270 375 340 1309

906 285 1237 349 CAPITUM
1276 289 1698 365 QUINQUIES
1734 293 2253 358 CENTENORUM
2291 299 2676 362 CENTURIA
2719 302 2818 363 IV.

3354 291 3489 357 13m

198 401 359 447 των,
387 388 558 457 χωρὶς
584 388 683 459 τῆς
710 391 942 446 ἑκάστου
965 394 1219 468 δεκτικῆς
1254 396 1422 464 sese);
1437 418 1497 454 τε
1527 401 1623 456 καὶ
1649 402 1804 458 δυνά-

1914 420 2149 474 quorum
2179 408 2384 464 donum
2404 451 2417 474 ,
2446 408 2652 479 absque
2684 410 2872 464 habitu
2908 425 2973 464 ac
3005 406 3264 463 facultate
3297 407 3487 475 cujus-

208 493 400 546 μεως·
438 476 564 532 οὔτε
608 480 714 563 μην
760 483 921 537 πάλιν
964 485 1024 538 ἓν
1060 488 1170 542 τῶν
1212 490 1691 564 ἀπηριθμημένων
1714 496 1810 550 ἄν-

204 567 446 637 Θρωπος
496 572 760 637 κτήσεται
813 576 952 628 κατά
994 576 1224 650 δύναμιν
1258 583 1517 650 φυσικὴν,
1562 584 1686 654 δίχα
1711 588 1810 655 τῆς

201 658 572 729 χορηγούσης
588 660 759 715 ταῦτα
785 663 933 729 θείας
956 666 1258 738 δυνάμεως.
1280 672 1389 724 Καὶ
1407 673 1627 741 δηλοῦσι
1651 674 1810 729 τοῦτο

209 752 416 818 σαφῶς
461 752 661 817 πάντες
723 756 889 824 ἅγιοι,
947 760 1087 828 μετά
1132 761 1229 825 τὰς
1279 765 1648 835 ἀποκαλύψεις
1699 767 1808 821 τῶν

204 842 409 911 θείων,
438 845 731 915 ζητοῦντες
776 849 891 903 τῶν
919 852 1412 924 ἀποκαλυφθέντων
1448 859 1574 923 τοὺς
1593 860 1805 930 λόγους.

316 1015 381 1071 δ’.
422 1017 481 1071 ’0
509 1019 630 1090 δίχα
659 1021 865 1088 πάθους
898 1026 1085 1093 αἰτῶν,
1114 1028 1383 1099 λαμϐάνει
1407 1032 1504 1105 τὴν
1530 1034 1626 1088 τοῦ
1656 1035 1807 1108 ἐνερ-

207 1111 343 1176 γεῖν
383 1109 647 1166 δύνασθαι
694 1115 853 1186 χάριν
902 1121 1044 1173 κατά
1081 1120 1178 1190 τὴν
1205 1123 1406 1193 πρᾶξιν
1451 1126 1551 1190 τὰς
1583 1128 1802 1200 ἀρετάςο
1854 1108 1859 1113 ”

206 1201 318 1293 καὶ
362 1203 390 1255 6
435 1202 614 1273 ζητῶν
673 1207 924 1273 ἀπαθῶς,
973 1211 1220 1280 εὑρίσκει
1264 1218 1404 1270 κατά
1438 1216 1536 1288 τὴν
1570 1220 1808 1293 φυσικὴν

208 1291 480 1362 θεωρίαν,
508 1296 605 1366 τὴν
636 1298 694 1351 ἐν
724 1301 836 1361 τοῖς
880 1298 1032 1378 οὖσιν
1071 1304 1328 1374 ἀλήθειαν
1358 1324 1369 1335 ·
1397 1310 1490 1361 καὶ
1530 1310 1559 1362 ό
1591 1291 1806 1380 κρούων

206 1383 449 1448 ἀπαθῶς
491 1386 588 1457 τὴν
631 1388 800 1460 θύραν
828 1392 925 1459 τῆς
957 1393 1228 1459 γνώσεως,
1276 1397 1571 1463 ἀκωλύτως
1603 1402 1681 1463 εἰς
1706 1401 1808 1470 τὴν

208 1475 544 1547 ἀπόκρυφον
572 1478 671 1550 τῆς
703 1484 973 1551 μυστικῆς
1003 1483 1280 1553 θεολογίας
1309 1487 1591 1543 ἐλεύσεται
1622 1491 1803 1561 χάριν.

295 1574 378 1622 ιε’.
413 1569 469 1623 '0
490 1571 718 1636 ἀπαθῶς
736 1574 804 1626 τὰ
823 1572 942 1627 θεῖα
967 1572 1145 1645 ζητῶν
1171 1576 1287 1647 (ιιι),
1318 1579 1533 1644 πάντως
1552 1580 1804 1651 λήψεται,

208 1659 284 1713 τὸ
330 1659 686 1733 ζητούμενον.
730 1663 788 1718 '0
836 1665 895 1719 δὲ
956 1667 1097 1737 μετά
1145 1686 1290 1733 τινος
1344 1670 1548 1734 πάθους
1600 1672 1800 1743 ζητῶν,

209 1752 580 1819 ἀποτεύξεται
636 1754 731 1808 τοῦ
794 1755 1147 1829 ζητουμένου,
1195 1763 1334 1831 Φησὶ
1386 1763 1515 1832 γὰρ,
1548 1765 1802 1830 Αἰτεῖτε,
1842 1745 1883 1799 Β

211 1845 322 1899 καί
356 1848 426 1900 οὐ
458 1847 814 1917 λαμϐάνετε,
854 1851 1004 1904 διότι
1047 1852 1244 1919 κακῶς
1270 1855 1504 1911 αἰτεῖτε.

293 2028 392 2086 ις’.
425 2024 592 2095 Ζητεῖ
606 2025 663 2076 ἐν
689 2025 822 2096 ἡμῖν
850 2026 949 2098 τὴν
973 2026 1083 2079 τῶν
1113 2028 1284 2083 ὄντων
1311 2030 1517 2099 γνῶσιν
1538 2032 1598 2086 τὸ
1633 2034 1807 2088 Πνεῦ-

215 2130 300 2181 μα
334 2114 396 2167 τὸ
426 2113 601 2183 ἅγιον,
637 2118 731 2169 καὶ
759 2118 962 2190 ἐρευνᾷ
983 2134 997 2148 ο
1034 2119 1150 2173 ἀλλ’
1188 2121 1289 2174 οὐκ
1333 2122 1515 2193 ἑαυτῷ
1560 2124 1717 2195 ζητεί
1747 2126 1807 2180 τὸ

210 2205 572 2277 ζητούμενον,
603 2210 686 2262 ὅτι
713 2209 867 2274 Θεὸς,
900 2211 996 2265 καὶ
1034 2211 1214 2283 πάσης
1245 2214 1503 2270 ἐπέκεινα
1528 2216 1802 2285 γνώσεωςο

209 2297 332 2351 ἀλλ’
358 2299 489 2369 ἡμῖν
513 2301 624 2365 τοῖς
648 2301 924 2372 δεομένοις
956 2305 1053 2376 τῆς
1080 2303 1356 2373 γνώσεως·
1391 2307 1581 2382 ὥσπερ
1610 2312 1804 2380 ἀμέλει

212 2388 314 2442 καὶ
341 2390 369 2442 ό
401 2391 574 2461 Λόγος
604 2392 815 2461 γίνεται
856 2396 1013 2469 σὰρξ,
1063 2399 1161 2469 οὐχ
1210 2399 1407 2471 ἐαυτῷ,
1439 2401 1553 2455 ἀλλ’
1583 2402 1713 2473 ἡμῖν
1744 2404 1809 2457 τὸ

214 2483 312 2536 διά
353 2484 454 2555 τῆς
487 2487 691 2556 σαρκὸς
742 2488 984 2555 ἐξανύων
1025 2492 1347 2563 μυστήριον.
1385 2493 1475 2557 Ὠς
1499 2494 1608 2567 γὰρ
1634 2498 1809 2567 χωρὶς

213 2578 422 2648 σαρκὸς
460 2579 661 2651 νοερῶς
695 2580 1075 2655 ἐψυχωμὲνης,
1103 2585 1203 2638 οῦκ
1230 2587 1450 2657 ἐνήργει
1485 2586 1808 2658 θεοπρεπῶς

210 2668 287 2721 τὰ
318 2670 460 2722 κατὰ
491 2670 657 2737 φύσιν
704 2672 733 2723 6
780 2673 957 2740 Λόγος
992 2676 1093 2745 τῆς
1142 2676 1367 2745 σαρκὸς,
1401 2674 1576 2741 οὕτως
1601 2678 1807 2733 οὐδὲτὸ

214 2759 443 2831 Πνεῦμα
472 2760 531 2814 τὺ
552 2761 707 2829 ἆγιον
746 2762 803 2817 ὲν
840 2766 953 2828 τοῖς
984 2765 1161 2834 ἁγίοις
1205 2769 1418 2838 ἐνεργεῖ
1444 2769 1545 2833 τάς
1574 2770 1806 2838 γνώσεις

211 2850 325 2904 τῶν
357 2852 699 2924 μυστηρίων,
736 2854 907 2925 χωρὶς
944 2856 1045 2927 τῆς
1076 2857 1218 2912 κατά
1249 2859 1412 2927 φύσιν
1444 2860 1719 2935 ζητούσης
1743 2881 1803 2919 τε

210 2943 315 2997 καὶ
349 2944 658 3017 ὲρευνώσης
689 2945 788 3018 τὴν
824 2947 1029 3016 γνῶσιν
1064 2950 1374 3023 δυνάμεως.

289 3125 374 3190 ιζ’.
406 3125 621 3199 ’Ὠσπερ
650 3128 751 3182 οὐκ
782 3127 899 3181 ἔστι
925 3131 1095 3202 χωρὶς
1134 3132 1362 3204 ἡλιακοῦ
1395 3135 1572 3203 φωτὸς
1605 3136 1806 3207 ὀφθαλ-
1834 3116 1876 3175 C

218 3217 319 3288 μὸν
351 3218 846 3290 ἀντιλαμϐάνεσθαι
870 3221 981 3275 τῶν
1011 3223 1309 3295 αἰσθητῶν,
1338 3224 1481 3280 οὕτω
1502 3226 1625 3298 δίχα
1648 3249 1809 3285 πνευ-

221 3312 452 3385 ματικοῦ
484 3314 662 3383 φωτὸς
716 3317 837 3380 νοῦς
872 3318 1215 3388 ἀνθρώπινος
1264 3321 1451 3377 οὔποτ’
1483 3325 1550 3379 ἂν
1598 3326 1808 3394 δέξεται

220 3405 449 3476 θεωρίαν
479 3410 877 3479 πνευματικήν.
916 3410 990 3463 Τὸ
1034 3411 1132 3482 μὲν
1191 3412 1301 3484 γὰρ
1356 3416 1613 3487 αἰσθητὸν
1665 3419 1806 3488 φῶς,

217 3498 357 3553 κατὰ
377 3498 538 3568 φύσιν
553 3500 777 3568 φωτίζει
806 3502 905 3572 τὴν
935 3502 1188 3574 αἴσθησιν
1207 3505 1346 3577 πρὸς
1372 3506 1473 3579 τὴν
1488 3508 1596 3563 τῶν
1622 3527 1809 3582 σωμα-

215 3589 384 3643 τικῶν
403 3591 705 3662 ἀντίληψιν·
728 3593 791 3647 τὸ
807 3593 864 3647 δὲ
885 3598 1273 3666 πνευματικὸν,
1296 3599 1433 3670 πρὸς
1452 3600 1550 3673 τὴν
1575 3602 1806 3674 θεωρίαν

218 3680 311 3734 τὸν
346 3680 471 3736 νοῦν
506 3682 846 3752 καταυγάζει
883 3683 1019 3755 πρὸς
1052 3687 1385 3758 κατανόησιν
1415 3690 1525 3744 τῶν
1555 3693 1697 3764 ὑπὲρ
1720 3695 1805 3749 αῖ.

219 3770 435 3841 σθησιν.

293 3870 379 3935 ιη’.
416 3865 528 3930 Τὰς
589 3866 690 3938 μὲν
724 3867 1026 3939 ζητητικάς
1065 3887 1127 3924 τε
1170 3870 1265 3925 καὶ
1289 3871 1654 3944 ὲρευνητικάς
1683 3874 1801 3947 [ᾳιι.

219 3958 288 4014 59
317 3960 386 4013 ad
430 3959 673 4015 Thalass.
701 3960 1040 4032 ὲξερευνητ.]
1080 3961 1189 4015 τῶν
1218 3962 1380 4017 θείων
1422 3964 1683 4035 δυνάμεις
1710 3965 1803 4019 ού-

219 4048 428 4113 σιωδῶς
463 4048 581 4119 ἔχει
616 4048 1109 4119 καταὸεὸλημένας
1142 4050 1283 4121 αὐτῇ
1321 4050 1472 4122 παρά
1520 4049 1617 4104 τοῦ
1668 4051 1804 4105 Κτί-

218 4157 409 4205 σαντος
460 4140 583 4194 κατ’
617 4140 792 4211 αὐτὴν
823 4140 921 4211 τὴν
957 4142 1040 4204 είς
1071 4141 1132 4195 τὸ
1164 4136 1306 4196 εἶναι
1336 4141 1592 4213 πάροδον,
1632 4145 1665 4214 ἡ
1693 4143 1802 4202 τῶν

216 4229 519 4301 ἀνθρώπων
548 4230 745 4299 φύσις·
795 4229 895 4294 τὰς
942 4230 1001 4284 δὲ
1055 4228 1164 4284 τῶν
1219 4230 1381 4284 θείων
1406 4229 1799 4302 ἀποκαλύψεις,

218 4321 357 4377 κατά
386 4324 546 4394 χάριν
589 4324 623 4395 η
670 4322 764 4377 τοῦ
820 4322 1087 4391 παναγίου
1119 4321 1435 4394 Πνεύματος
1464 4324 1802 4394 ὲπιφοιτῶσα

1912 515 2021 569 que
2054 501 2273 555 illorum
2307 518 2527 572 capace.
2562 503 2633 557 At
2662 518 2840 573 neque
2871 517 3063 556 rursus
3091 500 3176 554 vel
3213 513 3383 553 unum
3419 512 3487 551 ex

1914 592 2251 646 enumeratis
2293 592 2459 647 homo
2496 604 2868 663 consequatur
2908 610 2974 648 ex
3009 601 3217 647 naturae
3251 590 3484 651 viribus,

1912 698 1977 737 ac
2005 684 2109 737 nisi
2140 683 2325 738 divina
2353 685 2557 739 virtute
2588 686 2705 740 haec
2734 685 3210 739 subministrante.
3241 682 3488 749 Rcmque

1910 775 2204 845 perspicue
2254 776 2554 830 ostendunt
2603 778 2779 832 sancti
2830 793 3055 840 omnes,
3102 782 3228 844 post
3275 772 3491 827 divinas

1910 867 2293 933 revelationes,
2317 883 2514 923 eorum
2541 885 2663 940 qua:
2691 870 2929 925 revelata
2960 875 3165 934 essent,
3194 862 3490 936 quaerendo

1910 944 2153 1011 rationes
2175 958 2238 1010 “.

1981 1053 2069 1107 l4.
2103 1052 2206 1118 Qui
2255 1053 2374 1107 sine
2419 1052 2833 1123 perturbatione
2876 1053 3042 1123 petit,
3075 1051 3302 1122 gratiam
3342 1049 3488 1104 acci—

1908 1143 1989 1214 pit
2012 1145 2076 1209 ",
2099 1160 2204 1214 qua
2235 1144 2473 1199 actionis
2497 1145 2647 1199 cultu
2677 1145 2911 1200 virtutes
2938 1144 3153 1214 operari
3188 1145 3360 1214 possit
3385 1161 3398 1198 :
3426 1158 3491 1197 ac

1907 1236 2000 1305 qui
2035 1235 2436 1305 imperturbate
2462 1237 2681 1306 quaerit,
2704 1238 2990 1291 veritatem
3026 1237 3082 1290 in
3114 1236 3299 1299 rebus,
3326 1244 3488 1289 natu-

1908 1326 2036 1380 ralis
2067 1326 2119 1380 vi
2154 1327 2578 1395 speculationis,
2612 1328 2843 1382 invenit.
2877 1328 2980 1393 Qui
3016 1328 3251 1397 denique
3286 1328 3490 1396 imper—

1908 1419 2124 1474 turbate
2155 1418 2403 1475 scientia:
2434 1420 2616 1490 pulsat
2640 1422 2886 1491 januam,
2913 1421 3064 1475 nullo
3095 1419 3491 1489 impedimento

1907 1509 1975 1563 ad
2003 1511 2273 1565 occultam
2302 1513 2543 1583 mystica:
2571 1512 2860 1583 theologia:
2889 1512 3110 1565 invadet
3131 1511 3382 1581 gratiam.

1980 1601 2064 1654 15.
2094 1600 2198 1667 Qui
2239 1602 2634 1672 imperturbate
2669 1604 2963 1672 animoque
2999 1601 3289 1655 affectibus
3318 1616 3493 1656 vacuo

1908 1693 2093 1748 divina
2131 1695 2348 1765 quaerit,
2379 1695 2505 1758 hoc,
2533 1694 2680 1765 quod
2723 1694 2943 1764 quazrit,
2972 1694 3198 1748 omnino
3235 1694 3490 1763 accipiet.

1907 1786 2009 1853 Qui
2041 1794 2225 1840 autem
2250 1786 2410 1857 587
2433 1787 2632 1841 affectu
2658 1787 2843 1855 aliquo
2867 1802 2930 1840 ac
2954 1785 3369 1856 perturbatione
3395 1801 3491 1839 seu

1905 1880 2137 1935 libidine
2181 1882 2409 1950 quaerit,
2448 1881 2674 1935 minime
2720 1889 3109 1950 consequetur.
3143 1879 3232 1932 Ait
3274 1879 3421 1933 enim
3475 1894 3490 1933 :

1906 1972 2115 2036 Petitis,
2142 1980 2192 2025 et
2216 1989 2319 2026 non
2349 1974 2608 2042 accipitis,
2633 1989 2692 2026 eo
2724 1972 2860 2043 quod
2888 1970 3029 2025 male
3060 1972 3248 2041 petatis
3273 1970 3337 2023 “‘.

1982 2065 2067 2119 l6.
2096 2062 2303 2130 Quaarit
2332 2063 2387 2117 in
2419 2064 2582 2118 nobis
2608 2064 2847 2134 Spiritus
2874 2074 3096 2117 sanctus
3124 2077 3190 2116 ac
3217 2068 3496 2115 scrutatur

1906 2173 2093 2212 rerum
2121 2156 2440 2222 scientiam;
2473 2171 2582 2210 non
2615 2164 2797 2210 tamen
2844 2170 2965 2209 eam
3007 2152 3112 2207 sibi
3156 2154 3274 2222 ipse
3298 2151 3495 2221 quaerit

1909 2248 2105 2323 (utqui
2130 2251 2275 2305 Deus
2303 2250 2402 2313 sit,
2440 2264 2769 2319 omnemque
2792 2248 3021 2303 excedat
3040 2246 3374 2312 scientiam),
3396 2244 3491 2299 sed

1906 2341 2088 2403 nobis,
2113 2341 2318 2410 quibus
2354 2342 2445 2394 illa
2477 2356 2617 2409 opus
2647 2340 2741 2393 sit.
2770 2339 2855 2394 Uti
2890 2338 3057 2393 etiam
3091 2352 3223 2391 sane
3253 2335 3493 2390 Verbum

1906 2448 2036 2488 caro
2067 2432 2165 2499 lit;
2202 2448 2311 2486 non
2349 2432 2529 2500 ipsum
2563 2431 2691 2493 sibi,
2720 2430 2815 2485 sed
2853 2429 3032 2491 nobis,
3060 2427 3206 2498 quod
3242 2442 3339 2496 per
3370 2442 3495 2480 car-

1906 2542 2033 2581 nem
2062 2535 2147 2581 est
2170 2527 2398 2597 ejusque
2424 2524 2822 2593 assumptione,
2851 2521 3173 2593 mysterium
3206 2534 3493 2590 peragens.

1906 2616 2378 2685 Quemadmodum
2421 2616 2568 2671 enim
2605 2615 2875 2678 Verbum,
2901 2630 3009 2669 non
3052 2613 3171 2667 sine
3213 2626 3375 2665 carne
3413 2610 3493 2663 in-

1908 2710 2270 2781 telligendum
2313 2724 2465 2763 more
2506 2707 2778 2771 animata,
2814 2722 2935 2776 quae
2973 2722 3039 2759 ex
3081 2704 3262 2759 carnis
3298 2710 3492 2756 natura

1904 2812 2094 2867 erant,
2125 2802 2311 2857 divine
2340 2801 2680 2871 operabatur
2715 2816 2728 2851 :
2764 2798 2844 2852 sic
2878 2813 3057 2866 neque
3093 2795 3333 2864 Spiritus
3364 2809 3493 2847 san-

1906 2901 2057 2958 ctus,
2088 2893 2296 2963 absque
2327 2892 2566 2947 naturali
2598 2890 2856 2945 facultate
2890 2887 3178 2943 scientiam
3215 2895 3493 2957 qumrcnte

1905 2999 1971 3039 ac
2009 2993 2320 3052 scrutante,
2353 2984 2739 3056 mysteriorum
2778 2980 3004 3038 notitias
3037 2981 3094 3034 in
3127 2976 3329 3033 sanctis
3358 2993 3492 3047 ope-

1909 3085 2084 3200 rat“...
2102 3144 2259 3200 Sicut
2280 3144 2399 3198 fieri
2423 3159 2533 3198 non
2562 3150 2763 3213 potest,
2790 3151 2850 3197 ut
2872 3143 3069 3198 oculus
3098 3144 3306 3215 absque
3329 3138 3491 3197 solari

1910 3236 2032 3291 luce
2060 3251 2149 3291 res
2180 3234 2468 3305 percipiat,
2494 3250 2616 3304 quae
2648 3235 2704 3288 in
2736 3249 2955 3289 sensum
2991 3233 3196 3288 cadunt
3229 3252 3243 3288 :
3280 3234 3360 3289 sic
3392 3244 3499 3286 nec

1911 3327 2005 3383 ﬁat
2041 3344 2316 3398 unquam,
2348 3338 2410 3382 ut
2441 3343 2598 3381 mens
2629 3327 2867 3380 humana
2901 3326 3039 3381 citra
3073 3326 3372 3396 spiritalem
3405 3324 3486 3377 lu-

1911 3434 2052 3482 cem,
2085 3419 2387 3488 spiritalem
2426 3418 2949 3487 contemplationem
2992 3417 3277 3488 suscipiat.
3308 3417 3493 3471 Altera
3596 3486 3603 3492 _

1907 3508 2054 3562 enim
2101 3508 2227 3572 lux,
2268 3509 2335 3563 ad
2384 3507 2741 3577 percipienda
2788 3521 3054 3576 corpora,
3097 3522 3198 3576 per
3242 3515 3491 3559 naturam

1907 3613 2131 3654 sensum
2163 3598 2433 3665 illustrat;
2466 3598 2662 3660 altera,
2687 3598 2755 3652 ad
2791 3596 3308 3666 contemplationem
3340 3610 3504 3650 men-

1908 3697 2018 3742 tem
2049 3689 2346 3757 illuminat,
2376 3697 2439 3743 ut
2469 3705 2534 3744 ea
2564 3704 2688 3759 quae
2716 3706 2943 3746 sensum
2974 3687 3252 3745 excedunt
3282 3686 3501 3758 perspi-

1905 3780 2036 3833 ciat.

1982 3871 2070 3927 l8.
2095 3872 2256 3927 Vires
2285 3870 2566 3943 quaerendi
2591 3870 2779 3927 divina
2805 3886 2869 3926 ac
2893 3871 3196 3935 scrutandi,
3221 3870 3489 3925 essentia-

1904 3964 2031 4019 liter
2057 3979 2089 4019 a
2121 3965 2298 4034 prima
2332 3964 2449 4035 ipsa
2483 3965 2801 4021 conditione
2836 3979 2899 4019 ac
2926 3963 3140 4033 origine
3173 3963 3241 4017 ab
3268 3970 3491 4017 auctore

1903 4054 2141 4110 insertas
2163 4055 2331 4112 habet
2357 4056 2596 4112 humana
2618 4066 2848 4124 natura;
2879 4070 3073 4115 verum
3098 4054 3313 4116 divinas
3338 4071 3484 4116 reve-

1902 4147 2167 4214 lationes,
2207 4164 2306 4218 per
2352 4150 2617 4220 gratiam,
2658 4152 2989 4207 sanctissimi
3036 4153 3277 4224 Spiritus
3315 4154 3489 4211 virtus

1902 4238 2226 4307 adveniens,
2258 4249 2500 4311 praestat.
2535 4241 2692 4311 Quod
2738 4252 2919 4299 tamen
2957 4246 3068 4315 jam
3107 4246 3287 4309 initio,
3328 4246 3488 4301 hasce

1900 4332 2052 4388 vires
2095 4348 2197 4403 per
2239 4341 2559 4403 peccatum,
2597 4350 2781 4390 rerum
2830 4335 2902 4390 ob
2945 4337 3136 4391 oculos
3182 4338 3486 4406 positarum

219 4415 450 4466 ποιεῖται
508 4410 759 4483 δύναμις.
804 4411 1025 4482 Ἐπειδὴ
1070 4411 1128 4465 δὲ
1182 4411 1304 4466 κατ’
1350 4413 1526 4483 ἀρχὰς
1570 4413 1658 4468 διὰ
1697 4415 1799 4484 τῆς

1911 4430 2135 4478 natura.
2166 4422 2412 4491 Nequam
2448 4424 2539 4479 ille
2575 4424 2841 4490 aﬂixerat,
2869 4441 2973 4481 nec
3003 4434 3123 4480 erat
3154 4427 3248 4495 qui
3284 4425 3487 4479 intelli-

219 4504 508 4573 ἁμαρτίας,
552 4507 618 4574 τῇ
665 4502 827 4572 φύσει
858 4502 968 4555 τῶν
1010 4503 1220 4575 ὁρατῶν
1257 4503 1460 4568 ταύτας
1491 4505 1519 4558 6
1565 4506 1803 4577 πονηρὸς

220 4594 537 4666 προσήλωσε
570 4594 669 4658 τὰς
701 4594 980 4665 δυνάμεις,
1010 4593 1105 4647 καὶ
1128 4593 1230 4647 οὐκ
1260 4587 1328 4664 ἦν
1357 4595 1385 4647 6
1414 4594 1610 4649 συνιὼν
1642 4595 1675 4667 ἢ
1710 4597 1805 4651 tx-

218 4684 393 4757 ζητῶν
421 4686 511 4738 τὸν
545 4684 699 4746 Θεὸν.
726 4683 944 4739 πάντων
972 4683 1083 4737 τῶν
1121 4684 1529 4756 μετειληφότων
1556 4687 1655 4759 τῆς
1699 4686 1801 4757 φύ-

219 4794 373 4842 σεως,
401 4776 501 4846 τὴν
544 4775 737 4846 νοεράν
781 4793 839 4830 τε
879 4776 975 4829 καὶ
1024 4775 1253 4846 λογικὴν
1289 4774 1518 4846 δύναμιν
1564 4778 1799 4848 ἑχόντων

217 4869 740 4940 περιγεγραμμένην
772 4870 838 4939 τῇ
871 4867 1163 4937 ἐπιφανείᾳ
1204 4867 1315 4921 τῶν
1349 4868 1657 4940 αἰσθητῶν,
1702 4871 1798 4925 καὶ

220 4959 488 5031 μηδεμίαν
526 4958 886 5029 κεκτημένων
923 4957 1132 5011 ἔννοιαν
1180 4956 1290 5009 τῶν
1335 4956 1475 5028 ὑπὲρ
1517 4958 1791 5029 αἴσθησιν,

216 5050 439 5115 εἰκότως
468 5051 500 5121 ἡ
535 5048 628 5104 τοῦ
671 5049 941 5119 παναγίου
988 5047 1306 5119 Πνεύματος
1356 5048 1537 5120 χάρις,
1566 5054 1683 5115 τοῖς
1716 5052 1793 5125 μὴ

218 5140 357 5196 κατὰ
388 5141 648 5212 πρόθεσιν
683 5140 1009 5205 ἐνδιαθέτως
1039 5140 1146 5195 ὑπὸ
1174 5141 1276 5211 τὴν
1317 5142 1536 5214 ἀπάτην
1561 5144 1791 5214 γενομέη

218 5251 347 5299 νοις,
395 5233 505 5288 τῶν
555 5233 759 5289 ύλικῶν
798 5232 1157 5305 ἀφηλώσασα,
1191 5234 1293 5306 τὴν
1348 5235 1785 5312 προσηλωμένην

284 5391 321 5423 ¹¹
360 5391 494 5447 Dan.
532 5408 626 5459 xu,
659 5391 725 5458 8;
756 5390 986 5447 Zachar.
1018 5407 1091 5460 tv,
1124 5392 1177 5448 5.

287 5506 381 5578 (m)
448 5507 512 5561 '0
536 5507 779 5574 ἀπαθῶς
798 5508 871 5562 τὰ
894 5507 1021 5562 θεῖα
1043 5506 1247 5575 ζητῶν.
1279 5508 1415 5565 Nem

1902 4523 2056 4584 geret
2090 4523 2186 4569 aut
2217 4515 2535 4585 exquireret
2567 4517 2741 4572 Deum
2767 4517 2830 4583 “,
2864 4517 3012 4587 quod
3055 4517 3239 4573 cuncti
3277 4526 3487 4571 naturae

1898 4606 2220 4677 participes,
2254 4607 2597 4681 intelligendi
2641 4609 2753 4664 vim
2800 4625 2865 4664 ac
2906 4611 3158 4677 rationis,
3196 4625 3380 4665 rerum
3427 4609 3484 4667 in

1898 4713 2120 4754 sensum
2165 4699 2483 4755 cadentium
2524 4702 2819 4772 superficie
2853 4718 2918 4758 ac
2951 4704 3101 4759 velut
3135 4705 3340 4760 cortice
3371 4706 3484 4761 cir-

1896 4788 2289 4859 cumscriptam
2316 4789 2609 4857 haberent,
2632 4792 2894 4860 omnique
2920 4809 3104 4847 rerum
3130 4809 3293 4848 sensu
3323 4810 3485 4864 supe-

1896 4878 2104 4933 riorum
2131 4881 2375 4951 cogitatu
2402 4898 2677 4952 sensuque
2708 4892 2993 4951 carerent;
3029 4886 3225 4939 merito
3254 4884 3485 4939 sanctis.

1900 4970 2026 5027 simi
2058 4971 2300 5043 Spiritus
2324 4974 2517 5044 gratia,
2544 4974 2647 5046 iis,
2662 4975 2756 5045 qui
2786 4990 2897 5029 non
2929 4976 3181 5031 consulto
3210 4985 3265 5032 et
3287 4976 3484 5031 animi-

1901 5071 1990 5120 tus
2030 5064 2206 5120 errori
2250 5075 2670 5131 concesserant,
2704 5082 2737 5121 a
2786 5066 3050 5131 terrenis,
3086 5067 3286 5136 quibus
3324 5066 3481 5126 affixa

1899 5156 2214 5221 tenebatur,
2247 5158 2491 5213 avulsam
2537 5174 2601 5214 ac
2645 5160 2799 5229 quasi
2852 5159 3075 5215 reﬁxam
3127 5159 3476 5223 facultatem,

1898 5247 2004 5304 sibi
2039 5247 2214 5318 ipsam
2248 5250 2493 5307 restituit
2519 5268 2534 5306 :
2560 5267 2725 5323 quam
2749 5252 3009 5309 videlicet
3032 5252 3218 5325 gratiae
3248 5266 3479 5307 munere

1282 5392 1325 5424 “
1354 5392 1550 5450 Matth.
1579 5410 1674 5463 vn,
1707 5396 1762 5455 8.
1842 5401 1884 5435 ⁸³
1906 5372 2022 5462 Jac.
2058 5423 2133 5475 ιν,
2166 5406 2222 5463 5.
2301 5406 2344 5439 ⁸⁵
2374 5407 2519 5462 Psal.
2552 5424 2668 5474 xm,
2694 5408 2762 5474 2;
2800 5424 2890 5474 ιιι,
2933 5408 2988 5465 5.

1523 5510 1777 5595 ξςάτξῐυιῖι
1884 5521 1991 5595 boc
2016 5530 2073 5578 et
2101 5523 2353 5595 sequenti
2368 5524 2581 5595 capite;
2613 5524 2895 5595 nonnullis
2917 5524 3083 5579 etiam
3118 5523 3467 5595 desideratis.

219 5578 923 5669 29‘."‘.“.“'__P‘3“E.?I?}i".5'?
949 5578 1277 5669 ἓξὲιὶὲξξιξηεὶ
1297 5578 1595 5669 εἱιξίθξινίιὲ.
1620 5582 1782 5669 αθηί-
1884 5578 2217 5669 Impertite?
2238 5578 2599 5669 Picus'tict'a
2623 5578 2699 5669 de.
2716 5578 2980 5669 verba}?!
3002 5578 3377 5669 sinis—illisi
3400 5578 3477 5661 de

219 5663 319 5719 que
350 5663 415 5702 ea
452 5664 577 5719 vos,
609 5650 771 5703 toties
816 5648 907 5703 hic
957 5648 1191 5719 Maximo
1229 5648 1521 5716 inculcata,
1554 5650 1780 5708 Graeco-

219 5734 332 5775 rum
352 5733 453 5775 usu
476 5718 737 5775 insinuat.
766 5719 935 5776 Erant
955 5718 1104 5775 edita
1132 5719 1273 5778 male
1297 5720 1504 5789 luxata,
1538 5722 1785 5781 confusis

1887 5663 2050 5721 nobis
2078 5679 2141 5722 ac
2170 5664 2238 5723 de
2281 5680 2446 5722 carne
2476 5665 2616 5737 ipsa,
2646 5664 2794 5722 dicta
2827 5664 3029 5724 reddit.
