3922 6348
395 260 528 327 1311
1576 255 1636 316 ε.
1678 254 1966 317 MAXIM!
2005 212 2523 316 CONFESSOBIS'
2764 292 2767 295 .
3544 240 3695 303 13:2

396 371 659 429 mundam
703 368 923 441 adepti,
964 366 1307 438 quaesierunt
1353 363 1595 435 primum
1643 372 1709 420 et
1745 363 1972 421 scrutati
2005 388 2014 425 Α

2121 364 2486 437 mutemque
2516 362 2777 433 δύναμιν
2797 356 2862 427 ἢν
2895 358 3146 430 καθαρὰν
3178 353 3577 416 ἀστοὶαόὁντες
3602 352 3703 406 ἰ»ςᾶ

397 466 623 526 sunt";
667 471 896 531 tumque
932 459 1346 530 exquisierunt.
1376 467 1434 513 et
1472 466 1603 513 sunt
1641 458 1972 527 exscrutati,

2121 458 2175 526 ἧς
2198 457 2445 529 χάριτος,
2482 457 2701 527 πρῶτον
2739 451 3015 522 ἐζήτησαν
3054 450 3153 504 καὶ
3202 448 3568 520 ἡρεὺνησαν.
3600 447 3701 496 καὶ

400 570 496 624 per
522 552 773 608 eamdem
798 551 1013 607 scilicet
1035 549 1278 619 Spiritus
1299 548 1550 620 gratiam.
1868 590 1871 593 ρ

2121 547 2250 611 ὅτως
2276 546 2612 617 ἐξεζήτησαν
2653 543 2748 597 καὶ
2795 540 3192 612 ἐξηρεύνησαν,
3224 538 3316 592 διὰ
3370 537 3478 607 τῆς
3512 534 3701 603 αὐτῆς

2077 636 2277 711 δηλαδὴ
2301 637 2395 690 τοῦ
2429 636 2748 704 Πνεύματος
2776 633 3020 704 χάριτος.

2156 729 2242 784 ιθ’.
2279 728 2534 799 Impia
2558 726 2762 797 δηλαδὴ
2787 725 2994 796 ψυχῶν,
3027 723 3236 795 κυρίως
3263 722 3413 783 ἐστὶ,
3442 721 3514 771 τὸ
3540 718 3705 770 τὲὶοε

2080 823 2183 892 τῆς
2211 821 2467 879 πίστεως.
2498 820 2663 883 Τέλος
2684 819 2742 873 δὲ
2789 817 3026 879 πίστεώς
3063 818 3233 881 ἐστιν,
3267 813 3429 886 ἡτοῦ
3462 828 3702 864 πιστευ-

2084 912 2266 975 θέντος
2296 909 2500 979 ἀληθὴς
2530 906 2896 976 ἀποκάλυψις.
2941 904 3173 975 Ἀληθὴς
3212 904 3275 957 δὲ
3303 901 3410 955 τοῦ
3462 917 3692 953 πιστευ-

2085 1000 2271 1063 θέντος
2299 999 2449 1052 ἐστὶν
2488 995 2857 1066 ἀποκάλυψις,
2894 997 2927 1066 ἡ
2974 994 3117 1049 κατᾶ
3152 992 3462 1061 ἀναλογίαν
3495 993 3611 1060 τῆς
3644 992 3705 1043 ἐν

2087 1093 2303 1161 ἑκάστῳ
2355 1089 2593 1153 πίστεως
2650 1088 2891 1160 sperno;
2944 1085 3039 1139 τοῦ
3101 1083 3570 1154 πεπιστευμένου
3622 1082 3707 1153 (ι)

2088 1181 2483 1254 περιχώρησις.
2544 1178 2925 1250 Περιχώρησις
2981 1177 3038 1231 δὲ
3087 1177 3185 1230 τοῦ
3230 1173 3707 1244 πεπιστευμένον

2088 1275 2453 1344 καθέστηκεν,
2491 1275 2525 1344 ἡ
2578 1274 2717 1344 πρὸς
2762 1273 2864 1341 τὴν
2894 1270 3071 1343 ἀρχὴν
3101 1270 3244 1323 κατὰ
3291 1270 3357 1322 τὸ
3396 1268 3568 1330 τέλος
3596 1265 3711 1318 τῶν

2090 1363 2534 1417 πεπιστευκότων
2581 1362 2885 1426 ἐπάνοδος..
2939 1361 3006 1415 Ἦ
3055 1361 3113 1414 δέ
3161 1360 3303 1431 πρὸς
3334 1358 3445 1428 τὴν
3483 1357 3712 1410 οἰκείαν

413 1452 514 1505 sio.
561 1452 767 1519 Eorum
813 1460 995 1505 autem
1045 1451 1141 1519 qui
1191 1450 1547 1505 crediderunt
1587 1450 1655 1504 ad
1703 1451 1986 1521 proprium

2121 1457 2265 1528 ,ρχὴν
2309 1455 2452 1508 κατὰ
2497 1456 2558 1508 τὸ
2590 1454 2746 1518 τέλος
2793 1453 2902 1507 τῶν
2935 1451 3399 1506 πεπιστευκότων
3430 1445 3710 1509 ἐτετάνοῖρς

414 1542 747 1614 principium
796 1559 896 1612 pro
963 1542 1086 1598 ﬁnis
1137 1543 1351 1597 ratione
1398 1542 1678 1608 reversio,
1728 1542 1989 1598 desiderii

2121 1563 2260 1607 στιν,
2300 1547 2334 1616 ἡ
2372 1548 2472 1616 τῆς
2519 1545 2759 1614 ἐφέσεως
2802 1544 3102 1615 πλήρωσις.
3155 1543 3445 1611 Ἐφέσεως
3474 1539 3538 1592 δὲ
3572 1538 3713 1608 π.λή-

415 1634 733 1704 adimpletio
773 1642 877 1689 est.
921 1633 1192 1688 Desiderii
1237 1641 1421 1688 autem
1463 1633 1808 1703 adimpletio,
1845 1633 1992 1705 jugis

2121 1634 2263 1698 ιωσις
2293 1637 2460 1696 ἐστιν.
2496 1637 2528 1705 ἡ
2559 1636 2687 1707 περὶ
2713 1635 2774 1688 τὸ
2802 1634 2995 1705 ἐφετὸν
3021 1634 3130 1687 τῶν
3166 1632 3493 1702 ἐφιεμένων
3519 1629 3710 1685 ἀεικε-

471 728 558 783 19.
593 726 915 780 Animorum
964 722 1178 779 scilicet
1216 719 1438 792 proprie
1476 721 1655 786 salus,
1688 720 1816 777 ﬁdei
1852 721 1980 777 ﬁnis

400 828 503 874 εει.
541 817 694 872 Fidei
733 832 867 869 vero
906 814 1051 878 ﬁnis,
1076 814 1197 884 ejus
1237 814 1384 882 quod
1421 811 1694 866 creditum
1730 821 1816 868 est
1849 828 1980 867 vera

401 909 665 965 revelatio
693 916 778 961 est
801 922 865 961 ac
896 904 1284 960 manifestatio.
1308 904 1446 960 Vera
1476 912 1660 957 autem
1690 904 1811 974 ejus
1833 903 1983 974 quod

403 1002 675 1059 creditum
709 999 875 1069 588
900 1006 984 1053 est
1006 997 1270 1052 revelatio
1286 1004 1349 1051 et
1368 994 1758 1060 manifestatio,
1783 1010 1982 1051 arcana

404 1100 492 1144 εει
514 1104 613 1159 pro
636 1090 755 1158 ejus
777 1086 904 1142 ﬁdei
940 1087 1151 1142 ratione
1184 1102 1291 1157 qua
1321 1085 1557 1156 quisque
1587 1086 1846 1154 prmditus
1879 1094 1983 1150 est,

406 1182 528 1251 ejus
561 1180 710 1249 quod
750 1179 1022 1234 creditum
1055 1187 1140 1233 est
1170 1177 1610 1247 comprehensio.
1638 1178 1772 1248 Ejus
1801 1187 1985 1235 autem

409 1272 555 1341 quod
603 1271 874 1327 creditum
923 1279 1008 1325 est
1041 1270 1493 1340 comprehensio,
1527 1284 1721 1325 eorum
1765 1277 1848 1325 est
1889 1270 1986 1341 qui

410 1362 773 1416 crediderunt
805 1362 871 1415 ad
903 1360 1237 1431 principium
1272 1376 1369 1429 pro
1400 1359 1524 1415 ﬁnis
1556 1360 1769 1414 ratione
1801 1374 1986 1415 rever-

417 1734 599 1780 motus
626 1724 784 1795 quies
808 1733 891 1779 est
916 1724 1295 1794 appetentium
1325 1725 1473 1779 circa
1500 1725 1818 1796 appetibile.
1841 1725 1996 1794 Jugis

417 1824 603 1871 autem
640 1824 822 1871 motus
859 1816 1017 1885 quies
1062 1816 1440 1885 appetentium
1483 1816 1629 1871 circa
1666 1817 1992 1886 appetibile,

416 1911 564 1981 jugis
587 1916 672 1964 est
691 1917 747 1963 et
775 1909 1036 1962 continua
1061 1908 1376 1977 appetibilis
1398 1909 1609 1962 fruitio.
1632 1908 1786 1978 Jugis
1814 1918 1996 1964 autem

423 2009 482 2056 et
540 2001 802 2056 continua
864 1998 1180 2069 appetibilis
1242 1999 1469 2065 fruitio,
1512 2000 1825 2054 divinorum
1887 2001 1996 2054 vim

422 2108 642 2147 omnem
685 2099 895 2146 naturae
932 2091 1312 2160 superautium
1354 2091 1702 2160 participatio
1742 2107 1807 2146 ac
1846 2107 1999 2146 com-

424 2180 692 2236 mercium
733 2189 836 2235 est.
863 2179 1187 2233 Divinorum
1224 2188 1407 2233 autem
1446 2189 1656 2233 naturae
1684 2180 1793 2233 vim
1831 2195 1997 2249 supe-

425 2273 669 2327 rantium
722 2269 1073 2341 participatio
1117 2285 1180 2325 ac
1217 2269 1640 2332 commercium,
1678 2284 1871 2324 eorum
1915 2278 1998 2324 est

426 2362 523 2431 qui
560 2361 977 2431 participatione
1014 2375 1076 2414 ac
1115 2361 1446 2415 commercio
1485 2360 1741 2431 gaudent,
1771 2375 1892 2414 cum
1930 2376 1999 2416 eo

428 2454 498 2509 de
524 2456 682 2525 cujus
708 2453 945 2523 gaudent
973 2451 1391 2522 participatione
1413 2460 1469 2505 ct
1493 2451 1819 2507 commercio
1849 2452 2002 2507 simi-

429 2544 627 2599 litudo.
661 2543 972 2599 Similitudo
1002 2550 1185 2596 autem
1238 2557 1427 2594 eorum
1460 2540 1551 2609 qui
1586 2540 2004 2611 participatione

431 2643 489 2689 et
516 2635 850 2691 commercio
883 2633 1144 2705 gaudent,
1170 2647 1295 2687 cum
1332 2632 1448 2701 ipso
1477 2630 1545 2684 de
1577 2631 1733 2698 cujus
1765 2631 2003 2701 gaudent

435 2723 853 2794 participatione
901 2731 955 2777 et
1005 2720 1369 2783 commercio,
1415 2719 1469 2773 vi
1517 2719 1895 2774 similitudinis
1946 2721 2002 2775 in

2099 1743 2259 1794 νητος
2293 1727 2503 1789 στάσις.
2550 1726 2887 1796 Ἀεικίνητος
2912 1726 2967 1780 δὲ
3003 1726 3199 1788 στάσις
3233 1725 3370 1794 περὶ
3399 1723 3468 1774 τ’)
3504 1721 3717 1790 ἐφετὸν

2100 1818 2210 1872 τῶν
2236 1818 2539 1887 ἐφιεμένων
2564 1817 2730 1881 ἐστὶν,
2770 1819 2803 1887 ὴ
2828 1817 2923 1869 τοῦ
2969 1816 3164 1886 ἐφετοῦ
3216 1815 3487 1886 διηνεκὴς
3517 1830 3582 1866 τε
3614 1812 3712 1865 καὶ

2103 1909 2426 1972 ἀδιάστατος
2476 1908 2797 1972 ἀπόλαυσις.
2864 1907 3190 1971 ’Δπόλαυσις
3237 1907 3294 1960 δέ
3325 1905 3602 1976 διηνεκὴς
3650 1918 3711 1954 τε

2105 2004 2201 2054 καὶ
2229 2000 2557 2064 άδιάστατος
2585 1999 2681 2054 τοῦ
2721 2000 2936 2069 ἐφετοῦ,
2965 2002 2998 2070 ἡ
3027 2000 3137 2053 τῶν
3166 1999 3309 2071 ὑπὲρ
3338 1996 3515 2065 φύσιν
3542 1996 3711 2048 θεξων

2107 2087 2413 2159 καθέστηκε
2430 2088 2672 2158 μέθεξις.
2695 2088 2927 2154 Μέθεξις
2951 2088 3007 2142 δὲ
3036 2088 3146 2149 τῶν
3170 2087 3317 2157 ὑπὲρ
3340 2086 3515 2154 φύσιν
3544 2084 3715 2136 θείων

2104 2181 2277 2244 ἐστὶν,
2299 2182 2332 2252 ἠ
2360 2181 2495 2251 πρὸς
2510 2180 2572 2234 τὸ
2597 2180 2957 2252 μετεχόμενον
2980 2179 3089 2234 τῶν
3115 2178 3466 2250 μετεχόντων
3496 2176 3711 2247 ὁμοίω-

2107 2287 2212 2335 σις.
2269 2271 2335 2327 Ἡ
2377 2271 2435 2324 δὲ
2468 2271 2605 2342 πρὸς
2650 2272 2712 2324 τὸ
2781 2272 3141 2347 μετεχόμενον
3199 2268 3313 2323 τῶν
3354 2268 3711 2340 μετεχόντων

2104 2361 2362 2433 ὀμοίωσίς
2396 2364 2562 2429 ἐστιν,
2603 2367 2636 2435 ἠ
2676 2366 2798 2419 κατ’
2828 2366 3108 2435 ἐνέργειαν
3156 2362 3295 2431 πρὸς
3344 2359 3488 2413 αὐτὸ
3512 2359 3575 2412 τὸ
3610 2375 3708 2429 με·

2105 2456 2392 2526 τεχόμενον
2455 2456 2585 2509 τῶν-
2625 2457 2959 2527 μετεχόντων
3012 2456 3079 2509 δι’
3116 2454 3444 2525 ὁμοιότητος
3491 2451 3710 2521 ἐνδεχο-

2108 2545 2245 2616 μένη
2278 2548 2566 2619 ταυτότης.
2613 2548 2677 2601 Ἦ
2724 2549 2782 2603 δὲ
2836 2548 2946 2603 τῶν
2979 2548 3317 2618 μετεχόντων
3362 2543 3707 2615 ἐνδεχομένη

2107 2635 2227 2689 κατ’
2244 2638 2524 2709 ἐνέργειαν
2546 2640 2612 2693 δι’
2634 2640 2949 2710 ὁμοιότητος
2964 2638 3251 2709 ταυτότης,
3280 2640 3313 2707 ἡ
3345 2637 3416 2692 δι’
3445 2635 3709 2707 ὁμοιότη-

2107 2741 2200 2790 τος
2224 2728 2361 2798 πρὸς
2392 2728 2453 2782 τὸ
2478 2730 2838 2802 μετεχόμενόν
2861 2733 2976 2785 ἐστι
3002 2731 3197 2795 θέωσις
3219 2729 3331 2783 τῶν
3362 2728 3713 2800 ἀξιουμένων

434 2822 581 2876 actu,
607 2824 809 2884 quanta
850 2813 1094 2884 przcstari
1134 2818 1314 2883 potest
1345 2809 1429 2883 (ut
1465 2806 1703 2883 vocant),
1745 2810 2002 2871 identilas
2029 2798 2071 2857 ε
2105 2817 2350 2891 θεώσεως
2379 2824 2416 2878 ί,

435 2916 540 2962 εει.
568 2906 772 2961 Eorum
805 2906 1042 2978 denique
1103 2905 1197 2977 qui
1232 2904 1651 2976 participatione
1718 2921 1783 2960 ac
1850 2912 2183 2967 commercio
2239 2916 2516 2986 gaudent,
2552 2927 2756 2989 quanta
2805 2918 3051 2991 praestari
3095 2926 3278 2990 potest
3324 2918 3383 2973 in
3431 2926 3568 2973 actu
3611 2930 3711 2987 per

438 3000 856 3054 similitudinem
879 2997 1158 3063 identilas,
1182 3012 1306 3051 cum
1329 3013 1395 3053 eo
1416 2998 1572 3069 cujus
1594 2996 2017 3069 participatione
2050 3009 2107 3057 et
2123 3007 2457 3063 commercio
2477 3009 2738 3080 gaudent,
2760 3026 2955 3066 eorum
2982 3020 3069 3066 est
3090 3009 3184 3082 qui
3207 3009 3358 3081 digni
3420 3016 3561 3063 sunt
3614 3006 3708 3078 qui

439 3090 641 3146 deitate
663 3091 961 3153 donentur,
980 3089 1276 3145 deiﬁcatio.

509 3173 599 3234 Ξῖ).
632 3180 868 3244 Natura,
898 3195 1092 3235 eorum
1126 3195 1248 3248 qua:
1280 3187 1409 3234 sunt
1439 3194 1605 3249 supra
1639 3187 1891 3235 naturam
1927 3197 2018 3236 ra-

444 3272 621 3336 tiones
645 3287 753 3328 non
781 3270 976 3337 habet;
1009 3270 1087 3323 uti
1115 3284 1294 3341 neque
1322 3282 1515 3324 eorum
1546 3271 1716 3341 leges,
1741 3288 1863 3342 qua:
1892 3280 2022 3329 sunt

443 3374 643 3436 przeter
677 3372 950 3419 naturam.
980 3362 1154 3433 Supra
1191 3372 1446 3418 naturam
1485 3373 1672 3421 autem
1707 3379 1830 3420 esse
1872 3364 2018 3431 dico,

444 3458 687 3514 divinam
725 3457 872 3512 illam
907 3453 1166 3524 omnique
1201 3454 1464 3525 majorem
1497 3454 1737 3524 cogitatu
1766 3455 2022 3524 volupta-

448 3558 589 3615 tem,
615 3562 781 3618 quam
813 3547 926 3600 Deo
956 3544 1137 3614 dignis
1169 3559 1270 3613 per
1298 3542 1528 3613 gratiam
1564 3543 1721 3603 unito
1759 3554 2021 3613 praestare

448 3647 645 3694 natura
690 3644 1071 3707 comparatum
1105 3644 1190 3690 est
1230 3652 1242 3688 Ξ
1287 3643 1488 3704 praeter
1522 3643 1773 3690 naturam
1813 3644 2019 3701 autem,

448 3730 543 3799 qui
578 3727 742 3800 hujus
776 3726 1083 3798 privatione
1117 3726 1268 3780 nulla
1296 3725 1351 3779 vi
1380 3726 1651 3780 sermonis
1681 3726 2025 3796 explicabilis

451 3820 725 3877 conﬂatur
751 3820 938 3888 dolor;
969 3821 1128 3891 cujus
1155 3821 1320 3885 Deus,
1341 3818 1545 3889 quibus
1573 3827 1770 3887 praeter
1795 3818 2024 3889 gratiam

450 3913 512 3969 in
533 3912 713 3985 dignis
736 3912 946 3978 unitur,
969 3921 1166 3967 natura
1187 3911 1401 3966 exsistit
1420 3918 1632 3965 auctor.
1655 3911 1760 3965 Pro
1781 3909 2027 3980 subjecta

453 4007 603 4061 enim
639 4006 905 4076 cujusque
947 4003 1325 4074 dispositionis
1367 4002 1655 4074 qualitate,
1685 4000 1782 4070 qui
1817 4000 2034 4056 cunctis

458 4098 710 4163 uniatur,
743 4098 916 4160 Deus,
948 4112 1055 4167 qua
1098 4095 1252 4151 novit
1288 4094 1406 4167 ipse
1450 4093 1694 4158 ratione,
1726 4108 1837 4161 pro,
1864 4107 1932 4147 eo
1971 4107 2035 4148 ac

459 4190 691 4259 quisque
734 4204 768 4243 a
810 4189 992 4260 seipse
1034 4189 1304 4243 formatus
1343 4194 1428 4241 est
1467 4200 1535 4240 ac
1574 4190 1923 4253 comparatus
1964 4182 2031 4237 ad

459 4293 584 4332 cum
620 4279 1060 4348 suscipiendum,
1091 4277 1184 4348 qui
1218 4277 1445 4331 omnino
1474 4274 1531 4328 in
1566 4272 1674 4329 ﬁne
1708 4272 2035 4331 saeculorum

459 4367 719 4423 omnibus
741 4368 1019 4423 uniendus
1041 4376 1144 4433 est,
1168 4363 1369 4436 singuli
1395 4377 1620 4427 sensum
1647 4361 1874 4433 pratbet.

531 4481 575 4514 “
602 4481 643 4535 1,
664 4480 810 4535 Petr.
842 4497 880 4545 ι,
917 4480 1000 4534 10.

2193 3194 2261 3241 κ’.
2293 3189 2407 3243 Οὐκ
2436 3190 2549 3262 ἔχει
2575 3192 2608 3262 ή
2641 3190 2804 3259 φύσις
2832 3191 2941 3245 τῶν
2968 3193 3111 3263 ὑπὲρ
3141 3191 3305 3262 φύσιν
3327 3193 3461 3257 τοὺς
3488 3194 3705 3262 λόγους,

2122 3275 2312 3351 ὥσπερ
2363 3281 2487 3334 οὐδὲ
2539 3282 2649 3335 τῶν
2692 3283 2845 3353 παρὰ
2874 3283 3040 3353 φύσιν
3075 3283 3203 3347 τοὺς
3251 3284 3475 3354 νόμους.
3537 3285 3709 3356 ’Υπὲρ

2123 3366 2287 3435 φύσιν
2310 3368 2368 3422 δὲ
2394 3369 2558 3439 λέγω,
2580 3370 2679 3442 τὴν
2726 3372 2881 3426 θείαν
2909 3373 3005 3426 καὶ
3033 3374 3357 3442 dtstqu
3386 3375 3613 3445 ἡδονὴν,
3642 3378 3709 3447 ἦν

2126 3462 2301 3512 ποιεῖν
2333 3461 2575 3531 πέφυκεν
2600 3462 2631 3514 ὁ
2657 3462 2791 3527 Θεὸς
2813 3464 2996 3532 φύσει,
3027 3463 3171 3517 κατὰ
3193 3465 3361 3535 χάριν
3387 3469 3502 3529 τοῖς
3536 3466 3709 3530 ἀξίω

2127 3549 2431 3620 ἐνούμενος·
2471 3552 2620 3619 παρὰ
2649 3552 2812 3622 φύσιν
2851 3553 2929 3619 δὲ,
2959 3555 3058 3625 τὴν
3108 3556 3249 3608 κατὰ
3281 3555 3546 3625 στέρησιν
3577 3556 3707 3610 ταῦ-

2127 3657 2228 3710 της
2274 3643 2671 3716 συνισταμένην
2712 3644 3076 3716 ἀνεκλάλητον
3120 3644 3354 3715 ὀδύνην,
3406 3647 3478 3717 ἦν
3531 3650 3713 3699 ποιεῖν

2128 3732 2320 3785 εἴωθεν
2349 3735 2377 3786 ὀ
2410 3734 2542 3797 Θεὸς
2576 3735 2755 3805 φύσει,
2802 3738 2954 3809 παρὰ
2985 3737 3084 3807 τὴν
3128 3738 3290 3809 χάριν
3311 3739 3428 3802 τοῖς
3464 3738 3709 3804 ἀναξίοις

2129 3821 2441 3891 ἐνούμενος.
2473 3825 2633 3879 Κατὰ
2659 3826 2766 3897 γὰρ
2784 3827 2883 3898 τὴν
2910 3827 3283 3899 ὑποκειμένην
3316 3829 3536 3899 ἑκάστῳ
3567 3830 3709 3882 ποιό-

2129 3928 2270 3980 τητα
2307 3914 2408 3983 τῆς
2442 3914 2757 3981 διαθέσεως,
2804 3920 2833 3971 ὁ
2868 3916 3001 3982 Θεὸς
3045 3922 3159 3983 τοῖς
3188 3921 3357 3974 πᾶσιν
3390 3921 3708 3993 statim,

2129 4000 2205 4065 ὡς
2228 3996 2366 4055 οἶδεν
2399 4003 2582 4068 αὐτὸς,
2611 4005 2710 4076 τὴν
2735 4005 2989 4077 αἴσθησιν
3016 4008 3232 4079 ἑκάστῳ
3255 4011 3584 4080 παρέχεται,
3608 4029 3707 4065 και

2132 4092 2241 4158 θὼς
2269 4095 2417 4149 ἐστιν
2446 4096 2676 4161 ἕκαστος
2709 4097 2801 4166 ὑφ’
2826 4098 3022 4151 ἑαυτοῦ
3046 4099 3549 4170 διαπεπλασμένος,
3574 4101 3709 4172 πρὸς

2133 4182 2402 4256 ὑποδοχὴν
2429 4184 2524 4237 τοῦ
2560 4185 2773 4250 πάντως
2813 4187 2981 4240 πᾶσιν
3032 4188 3445 4259 ἐνωθησομένου
3485 4191 3709 4244 κατὰτὸ

2135 4274 2312 4347 πέρας
2333 4276 2442 4332 τῶν
2473 4277 2704 4334 αἰώνων.

532 4575 550 4592 ⁴
572 4572 891 4643 Sequuntur
921 4574 1078 4645 longe
1097 4572 1257 4644 plura
1279 4584 1369 4642 qu.
1400 4570 1492 4626 illa
1512 4567 1790 4642 59,digna
1818 4570 2037 4626 Maxumi
2069 4582 2230 4625 vena.

536 4693 615 4760 (η)
631 4693 691 4747 Ἠ
709 4691 965 4759 ἇρῤητος
977 4692 1373 4760 περιχὼρησις
1394 4693 1499 4760 τοῦ
1513 4675 2014 4760 ’.πεπιστευμένον

2134 4685 2227 4760 Sic
2259 4698 2392 4760 ergo
2414 4682 2708 4760 Maxumum
2731 4679 3523 4760 telligo._Manifestationem
3545 4696 3609 4760 ac
3624 4697 3701 4734 rr-

465 4758 585 4818 Alia
598 4758 837 4831 profano
874 4776 977 4831 usu
996 4758 1161 4831 hujus
1195 4758 1343 4831 vocis
1357 4759 1708 4831 signiﬁcatio,
1736 4775 1899 4828 quam
1941 4758 2032 4812 hic

466 4827 780 4888 conveniat.
805 4829 962 4895 Quod
992 4827 1124 4884 vero
1156 4827 1340 4898 reddit
1357 4827 1539 4893 Picus,
1572 4827 1775 4883 arcano
1821 4844 2031 4898 prom-

465 4904 564 4964 δίο,
596 4917 705 4955 non
757 4897 1053 4965 satisfacit;
1085 4914 1188 4953 nec
1217 4897 1359 4953 satis
1379 4898 1541 4952 video
1592 4898 1728 4968 quid
1785 4897 1849 4968 ea
1896 4911 2032 4968 voce

466 4972 619 5027 velit.
642 4970 876 5026 Budaeus
907 4964 1067 5041 longe
1091 4968 1307 5024 doctior
1353 4968 1408 5022 in
1440 4964 1776 5041 Damasceno
1809 4966 1877 5041 de
1906 4964 2032 5019 Tri-

468 5044 571 5098 nit.
622 5041 865 5096 divinam
924 5037 1287 5109 personarum
1327 5037 1723 5109 rﬂEthtbpnd'W,
1782 5038 2034 5109 unionem

471 5112 690 5172 reddit;
717 5110 866 5181 quod
917 5105 1060 5165 forte
1116 5109 1282 5178 paulo
1326 5105 1742 5181 liberiusest:
1794 5105 2037 5181 theologi

471 5174 1007 5236 circuminéessionem
1043 5174 1259 5239 vocant,
1305 5176 1464 5247 quasi
1499 5176 1664 5231 unius
1699 5191 1948 5247 personae
1982 5174 2038 5247 in

475 5252 638 5307 aliam
683 5250 929 5317 undique
990 5244 1433 5313 immeationém;
1483 5247 1670 5301 malim
1699 5244 1843 5317 ego,
1891 5244 2038 5317 quod

473 5337 585 5378 una
598 5321 778 5389 capiat
797 5315 956 5373 aliam
974 5333 1037 5389 ac
1054 5319 1204 5373 velut
1217 5317 1496 5389 contineat
1509 5323 1566 5370 et
1579 5315 2037 5389 comprehendat;

474 5386 754 5461 quomodo
788 5390 953 5461 etiam
986 5387 1249 5461 dicuntur
1268 5386 1481 5461 divina:
1509 5401 1755 5461 personae
1794 5386 2044 5452 ἀνεκφοι-

476 5455 654 5528 τήτως
678 5458 999 5529 procedere,
1038 5460 1115 5512 ita
1142 5468 1200 5529 ut
1222 5458 1334 5529 alia
1367 5455 1518 5529 extra
1553 5455 1720 5529 a‘liam
1744 5471 1851 5529 gron
1868 5469 2045 5529 ἐπες-

479 5522 609 5582 άὰηι
631 5522 649 5584 ἑ
672 5522 792 5597 qum
812 5528 963 5583 vocis
990 5528 1208 5598 χωρεῖν,
1245 5527 1371 5580 trita
1401 5526 1692 5598 admodum
1716 5522 2042 5598 signiﬁcatio

481 5608 586 5658 est,
620 5592 867 5665 soletque
892 5606 948 5652 ct
986 5592 1053 5651 ad
1076 5592 1345 5651 'animum
1392 5593 1701 5665 transferri,
1744 5592 1922 5665 quod“
1950 5592 2042 5648 ille

482 5666 640 5734 quasi
675 5662 1008 5723 continendo
1030 5666 1173 5725 actin
1204 5682 1262 5721 se
1288 5680 1404 5722 rem
1439 5664 1712 5729 habendo,
1754 5662 2035 5732 intelligat.

2137 4749 2470 4810 relationem
2505 4754 2585 4806 rei
2617 4751 2844 4807 creditae
2885 4749 2950 4805 ac
2996 4752 3091 4805 Dei
3126 4754 3271 4820 (qua:
3308 4749 3371 4804 ﬁt
3413 4766 3518 4820 per
3546 4751 3699 4805 .dona

2138 4825 2377 4894 Spiritus
2390 4822 2706 4892 adjuvantia
2730 4820 2914 4894 ﬁdem)
2934 4823 3056 4891 ejus
3082 4822 3138 4874 in
3159 4820 3320 4894 nobis
3349 4820 3701 4894 comprehen-

2137 4889 2352 4949 sionem
2381 4889 2503 4947 esse
2522 4906 2592 4962 ac
2614 4889 3022 4962 perceptionem
3058 4907 3072 4943 :
3096 4900 3157 4944 ut
3187 4890 3319 4943 hinc
3347 4890 3403 4943 in
3426 4889 3594 4945 nobis
3619 4889 3707 4943 ha.

2138 4965 2407 5019 bitantem
2442 4961 2745 5016 habeamus
2774 4962 3061 5030 ipsumque
3089 4970 3527 5030 prresentemiac
3557 4961 3704 5013 nobis

2144 5034 2400 5089 intimum
2435 5029 2848 5101 cognoscamus,
2867 5030 3021 5101 juxta
3044 5029 3182 5101 illud
3204 5029 3369 5101 Pauli
3386 5029 3609 5101 (Ephes.
3632 5046 3700 5093 ιιι,

2144 5104 2232 5175 17)
2265 5098 2570 5175 {Habitare
2581 5098 2959 5175 Christum)”
2977 5098 3135 5167 ﬁdem
3160 5100 3213 5152 in
3242 5099 3489 5175 cordibus

2144 5167 2257 5229 Nec
2285 5172 2434 5227 istud
2475 5178 2625 5240 vetat
2650 5167 2891 5240 aliquid:
2904 5184 3158 5223 arcanam
3186 5167 3473 5240 unionem
3508 5169 3703 5229 dicere,

2143 5252 2201 5298 et
2213 5242 2372 5318 quasi
2391 5237 2850 5318 commistioném,
2873 5237 3026 5318 juxta
3056 5237 3199 5318 quod
3223 5237 3463 5318 ﬂesxch:
3483 5255 3705 5318 περιχω-

2151 5254 2201 5298 ει
2219 5257 2372 5312 quast
2391 5254 2850 5302 commistionem,
2873 5254 3026 5319 luna
3054 5254 3199 5362 quod
3227 5254 3462 5318 uesycn.
3483 5255 3703 5318 περιχω-

2151 5315 2253 5383 ρεῖ,
2294 5310 2676 5383 συμμίσγεται
2701 5316 2946 5383 exponit.
2981 5308 3052 5383 Se
3122 5323 3179 5362 in
3223 5306 3703 5383 hts_b_all)uumu§,

2147 5374 2252 5437 etsi
2279 5374 2452 5438 Graeci
2488 5374 2653 5450 paulo
2679 5374 3112 5450 nobisAvocibus
3163 5384 3291 5431 sunt
3324 5376 3618 5450 feliciores.
3653 5377 3703 5431 lu

2147 5452 2290 5516 aliis,
2321 5451 2459 5505 nihil
2483 5446 2598 5505 fere
2630 5449 2795 5504 Picus
2846 5447 3081 5511 felicior,
3119 5455 3180 5501 ut
3234 5446 3383 5514 quod
3411 5447 3706 5514 ἀεικενητος

2148 5521 2358 5583 στάσις,
2387 5521 2465 5574 illi
2491 5527 2594 5582 est,
2624 5517 2850 5571 roridin'o
2874 5532 3082 5587 semper
3118 5532 3362 5587 movens;
3416 5532 3533 5572 non
3576 5518 3705 5587 quia

2147 5591 2261 5662 iugi
2285 5591 2508 5647 incitata
2536 5598 2716 5654 motu;
2742 5587 2921 5657 qualis
2954 5586 3259 5641 {ruentium
3282 5587 3416 5641 Deo.
