3922 6348
442 274 584 345 ι⁴ἶ15

1605 283 1664 343 S.
1705 280 1991 343 ΜΑΧΙΜΙ
2029 276 2536 344 CONFESSORIS

3587 279 3734 344 ιειε

438 395 516 451 sic
553 391 772 463 loquar)
812 391 1046 448 rationis
1083 391 1387 448 secundum
1423 395 1798 466 operationem
1835 397 2015 451 virtu-

2125 398 2260 469 μετά
2296 415 2442 463 τινος
2493 397 2767 469 ἔμφρονος
2815 399 2912 453 καὶ
2955 399 3131 472 σοφῆς
3181 395 3406 463 ἑννοίας
3457 400 3734 469 γινομένη

440 495 553 540 tum
587 485 732 539 circa
768 485 1055 554 pr0prium
1089 485 1402 551 Auctorem,
1430 502 1557 541 cum
1591 488 1852 557 prudenti
1885 501 2021 559 qua-

439 576 559 630 dam
589 585 644 630 et
670 576 899 645 sapienti
929 576 1233 632 intentione
1256 577 1538 634 discretio.

507 665 595 719 28.
622 666 804 720 Sancti
833 683 897 721 ac
925 667 1095 721 divini
1125 669 1428 738 prophetat,
1460 669 1529 724 de
1582 671 1759 726 salute
1811 672 2020 727 anima-

439 773 562 811 rum
593 759 944 828 exquirentes
977 775 1040 814 ac
1069 767 1498 830 perscrutantes,
1533 777 1822 818 accensum
1856 773 2019 833 atque

438 849 738 904 ferventem
803 866 928 905 cum
995 852 1218 906 solertia
1279 852 1650 922 scientiaque,
1703 855 1904 909 mentis
1962 855 2018 908 in

439 941 610 994 Deum
637 941 911 996 desiderio
938 958 1197 1009 accensaa,
1224 953 1430 998 motum
1462 945 1753 1010 habebant,
1779 946 2019 1016 pruden-

440 1032 592 1101 tique
621 1047 684 1087 ac
712 1033 944 1102 sapienti
969 1033 1290 1088 exercendis
1314 1034 1516 1089 divinis
1543 1051 1844 1105 eorumque
1868 1039 2015 1100 actu,

436 1120 772 1176 discretione
815 1122 1095 1190 pollebant
1137 1139 1151 1174 :
1192 1137 1332 1191 quos
1367 1124 1465 1192 qui
1507 1125 1854 1189 aemulantur,
1891 1141 2018 1179 cum

438 1212 659 1268 solertia
697 1228 762 1267 ac
801 1213 1052 1272 scientia,
1085 1213 1390 1268 animarum
1432 1216 1663 1270 salutem
1697 1216 2016 1286 exquirunt,

438 1319 502 1358 ac
543 1319 666 1357 cum
714 1304 1005 1372 prudentia
1047 1304 1424 1374 sapientiaque
1462 1313 1896 1375 perscrutantes,
1931 1307 2018 1362 di-

437 1393 728 1448 scretionis
751 1393 1019 1464 judicium
1045 1393 1110 1446 in‘
1129 1393 1332 1448 divinis
1355 1395 1619 1464 Operibns
1647 1396 1855 1451 colunt.

504 1586 596 1643 29.
634 1586 917 1657 Duplicem
961 1585 1273 1642 divinorum
1318 1587 1603 1658 Scriptura
1645 1588 1800 1643 novit
1837 1587 2018 1644 scien-

438 1679 604 1744 tiam,
645 1695 810 1733 unam
860 1677 1186 1733 habitudine
1229 1693 1293 1735 ac
1335 1680 1601 1734 relatione
1641 1689 2015 1745 constantem,

437 1787 535 1829 seu
564 1772 1003 1834 intentionalem,
1031 1787 1153 1841 qua;
1179 1771 1235 1826 in
1263 1772 1378 1826 sola
1405 1772 1617 1827 ratione
1646 1773 1930 1842 sensisque
1955 1788 2020 1827 ac

436 1866 764 1936 cogitatibus
803 1864 978 1934 posita
1018 1864 1111 1928 sit,
1139 1879 1243 1919 nec
1278 1864 1451 1919 ullum
1492 1864 1670 1934 reipsa
1712 1880 1810 1934 per
1852 1879 2019 1935 expe-

437 1953 690 2007 rientiam
715 1952 916 2020 cogniti
945 1967 1166 2007 sensum
1192 1951 1420 2020 habeat;
1447 1968 1545 2023 per
1567 1970 1729 2024 quam
1756 1954 2018 2024 praesenti

436 2041 550 2094 vita
583 2039 928 2110 disponimur
959 2056 1023 2094 ae
1055 2041 1458 2110 gubernamur;
1495 2042 1719 2095 alteram
1755 2043 1932 2111 reipsa
1965 2051 2022 2097 et

437 2133 658 2202 proprie
693 2148 900 2195 veram,
931 2131 987 2186 in
1024 2134 1137 2186 sola
1175 2134 1230 2186 in
1263 2141 1386 2186 actu
1422 2135 1780 2202 experientia,
1813 2134 2020 2204 absque

437 2227 654 2281 ratione
715 2224 993 2293 animique
1052 2224 1410 2294 conceptibus
1471 2240 1533 2278 ac
1595 2223 2019 2294 cogitationibus

439 2319 619 2380 sitam,
647 2331 768 2384 qua:
798 2321 969 2367 totum
1001 2313 1227 2384 cogniti,
1259 2314 1588 2369 commercio
1621 2314 1712 2368 illo
1744 2314 1888 2384 quod
1923 2329 2020 2384 per

438 2409 666 2479 gratiam
703 2415 804 2470 est,
831 2421 1054 2461 sensum
1090 2405 1330 2474 praebeat
1367 2423 1379 2458 :
1414 2422 1513 2476 per
1547 2421 1709 2475 quam
1745 2405 1802 2459 in
1835 2404 2017 2461 futura

437 2499 629 2567 requie
655 2513 719 2552 ac
747 2494 1028 2562 felicitate,
1055 2504 1263 2549 naturae
1287 2496 1397 2549 vim
1423 2510 1640 2551 omnem
1669 2507 2014 2566 superantem

435 2589 640 2660 iugiter
678 2588 731 2641 in
771 2596 895 2640 actu
936 2602 999 2640 ac
1033 2585 1302 2639 efﬁcacem
1348 2585 1679 2655 suscipimus
1713 2585 2016 2640 deiﬁcatio—

438 2683 588 2730 nem”.
621 2673 695 2728 Ac
733 2673 954 2742 quidem
996 2672 1141 2726 illam
1187 2673 1510 2727 habitudine
1546 2682 1884 2728 constantem
1920 2691 2018 2730 seu

438 2764 856 2819 intentionalem
877 2804 889 2826 ,
915 2765 1066 2818 velut
1105 2764 1160 2816 in
1197 2764 1414 2818 ratione
1446 2763 1723 2833 animique
1753 2767 1926 2820 sensis
1956 2781 2020 2822 ac

436 2855 772 2926 cogitatibus
804 2855 1058 2923 positam,
1085 2869 1149 2907 ea
1186 2853 1236 2907 vi
1268 2854 1474 2923 pollere
1505 2855 1680 2916 aiunt,
1710 2864 1771 2909 ut
1795 2855 2018 2910 deside-

441 2947 582 3000 rium
632 2945 872 3015 pelliciat
920 2959 982 2998 ac
1029 2943 1424 3013 cupiditatem,
1465 2945 1518 2997 in
1563 2959 1682 2998 eam
1727 2959 1848 3014 quae
1889 2961 2016 3001 vera

2118 488 2411 560 διάκρισις.

2189 661 2298 737 κη’.
2341 663 2405 718 Oi
2439 664 2584 733 ἅγιοι
2613 664 2711 718 καὶ
2736 663 2868 717 θεῖοι
2896 663 3192 736 προφῆται,
3231 663 3370 735 περὶ.
3401 663 3510 732 τῆς
3548 679 3732 732 σωτηο

2125 758 2246 828 ρίας
2277 757 2387 808 τῶν
2417 756 2606 828 ψυχῶν
2641 755 3054 826 ὲκζητήσαντές
3080 773 3141 808 τε
3187 756 3286 808 καὶ
3311 755 3730 825 ὲξερευνήσαν-

2119 865 2233 910 τες,
2273 847 2540 918 διάπυρον
2594 843 2742 918 εἶχεν
2791 846 2890 900 καὶ
2947 846 3176 910 ζέουσαν
3237 850 3361 916 μετ’
3399 849 3729 916 ἐπιστήμης

2122 943 2216 994 καὶ
2243 939 2498 1009 γνώσεως
2521 939 2659 1008 πρὸς
2687 940 2779 992 τὸν
2817 939 2951 993 Θεὸν
2988 940 3086 1011 τὴν
3111 939 3208 992 τοῦ
3243 938 3339 992 νοῦ
3376 942 3510 992 κατ’
3544 941 3730 1006 ἔφεσιν

2121 1036 2357 1105 κίνησιν,
2391 1035 2486 1088 καὶ
2513 1035 2762 1105 ἔμφρονα
2799 1034 2896 1088 καὶ
2929 1034 3100 1106 σοφὴν
3125 1033 3226 1106 τὴν
3260 1033 3360 1088 τοῦ
3387 1035 3568 1103 λόγου
3591 1038 3736 1089 κατὰ

2118 1126 2219 1198 τὴν
2249 1127 2534 1196 ἐνέργειαν
2570 1127 2683 1180 τῶν
2714 1123 2877 1179 θείων
2899 1125 3211 1198 δι-ιῑικρισιιιν⁸
3232 1127 3328 1191 οὓς
3353 1129 3409 1179 οἱ
3449 1126 3734 1197 papa-sps.

2119 1235 2220 1275 νει.
2251 1217 2401 1287 μετὰ
2443 1216 2701 1285 γνώσεως
2737 1218 2834 1270 καὶ
2889 1217 3200 1287 ἐπιστήμης
3235 1216 3334 1286 τὴν
3381 1216 3504 1270 τῶν
3539 1217 3736 1286 ψυχῶν

2119 1307 2414 1377 ὲκζητοῦσι
2449 1307 2749 1378 σωτηρίαν,
2781 1307 2879 1360 καὶ
2923 1305 3063 1377 μετὰ
3111 1307 3442 1376 φρονήσεως
3489 1308 3600 1360 καὶ
3651 1323 3737 1359 σο-

2122 1402 2249 1468 φίας
2283 1399 2696 1469 ἐξερευνῶντες,
2734 1387 3225 1469 μετέρχονται’τὴν
3272 1399 3331 1450 ἐν
3386 1400 3512 1460 τοῖς
3563 1397 3736 1460 θείοις

2127 1489 2316 1560 ἔργοις
2343 1488 2672 1558 omnm.-

2191 1581 2292 1634 κθ’.
2337 1578 2568 1650 ’Διττὴν
2607 1575 2716 1632 οἶδε
2743 1578 2850 1649 τὴν
2894 1577 3006 1630 τῶν
3044 1578 3202 1631 θείων
3227 1577 3441 1646 γνῶσιν
3473 1579 3508 1628 ό
3546 1577 3730 1645 λάταξ,

2119 1671 2219 1742 τὴν
2257 1672 2377 1741 μὲν,
2415 1670 2672 1742 σχετικὴν
2699 1672 2797 1739 (ο),
2843 1670 2920 1733 ὡς
2965 1672 3024 1722 ὲν
3071 1669 3216 1740 λόγῳ
3263 1671 3420 1740 μόνῳ
3453 1669 3734 1740 κειμένην

2122 1763 2216 1815 καὶ
2254 1763 2514 1832 νοήμασι,
2560 1762 2655 1816 καὶ
2691 1761 2793 1833 τὴν
2850 1759 2971 1815 κατ’
2996 1762 3280 1832 ἐνέργειαν
3311 1761 3413 1814 τοῦ
3445 1759 3732 1828 γνωσθέν-

2120 1871 2211 1918 τος
2258 1855 2348 1907 διὰ
2386 1854 2583 1925 πείρας
2620 1855 2721 1908 οὐκ
2766 1853 3000 1922 ἔχουσαν
3046 1853 3323 1926 αἴσθησιν,
3359 1855 3435 1906 δι’
3464 1849 3542 1925 ἧς
3582 1852 3729 1908 κατὰ

2119 1947 2222 2018 τὴν
2249 1947 2533 2016 παροῦσαν
2580 1946 2726 2016 ζωὴν
2754 1946 3224 2017 οίκονομούμεθα·
3256 1948 3360 2016 τὴν
3386 1946 3476 2011 δὲ,
3511 1947 3729 2014 κυρίως

2121 2041 2404 2112 ἀληθινὴν,
2448 2043 2542 2095 ἐπὶ
2578 2043 2716 2114 μόνῃ
2755 2046 2822 2115 τῇ
2864 2045 3051 2114 πείρᾳ,
3095 2044 3218 2096 κατ’
3255 2044 3561 2112 ἐνέργειαν
3603 2043 3726 2113 δίχα

2119 2130 2280 2199 λόγου
2341 2132 2436 2186 καὶ
2481 2132 2796 2203 νοημάτων,
2843 2133 2974 2204 ὃλην
3014 2132 3122 2186 τοῦ·
3165 2133 3521 2201 γνωσθέντος
3576 2133 3725 2186 κατὰ

2121 2222 2282 2292 χάριν
2328 2221 2547 2294 μεθέξει
2593 2225 2982 2295 παρεχομένην
3028 2224 3131 2294 τὴν
3175 2222 3468 2294 αἴσθησιν,
3535 2224 3608 2278 δι’
3653 2218 3722 2295 ἧς

2120 2317 2264 2370 κατὰ
2294 2317 2394 2386 τὴν
2434 2315 2737 2386 μέλλουσαν
2765 2315 2942 2385 λῆξιν,
2973 2315 3072 2385 τὴν
3104 2315 3248 2386 ὑπὲρ
3295 2316 3468 2384 φύσιν
3521 2316 3715 2368 ὑποδε-

2118 2407 2327 2480 χόμεθα
2353 2406 2547 2460 θέωσιν
2572 2405 2868 2469 ἀπαύστως
2893 2409 2980 2459 ὲνε
2991 2406 3321 2476 ργουμένην.
3349 2407 3468 2458 Καὶ
3496 2407 3602 2476 τὴν
3624 2407 3721 2476 μὲν

2121 2495 2400 2567 σχετικὴν,
2445 2493 2521 2555 ὡς
2567 2494 2625 2546 ὲν
2662 2493 2806 2565 λόγῳ
2857 2495 3122 2565 κειμένην
3169 2495 3413 2555 καὶτοῖς
3451 2496 3718 2564 νοήμασι,

2118 2586 2405 2657 κινητικὴν
2447 2581 2594 2639 εἷναί
2645 2603 2801 2654 φασι,
2843 2585 2943 2655 τῆς
2994 2585 3133 2656 πρὸς
3175 2585 3278 2654 τὴν
3317 2584 3553 2654 μεθέξει
3601 2594 3719 2638 κατ’

2119 2680 2400 2750 ἐνέργειαν
2444 2678 2649 2746 γνῶσιν
2693 2676 2936 2747 ἐφέσεως
2961 2693 2976 2708 ·
3003 2676 3106 2746 τὴν
3136 2676 3194 2729 δὲ
3235 2679 3363 2729 κατ’
3397 2676 3718 2746 ἐνέργειαν,

2117 2767 2207 2821 διὰ
2231 2768 2330 2837 τῆς
2365 2767 2558 2838 πείρας
2578 2765 2792 2837 μεθέξει
2833 2764 3214 2837 παρεχομένην
3245 2765 3344 2814 τοῦ
3368 2761 3718 2829 γνωσθέντος

2116 2857 2215 2928 τὴν
2233 2857 2488 2928 αἴσθησιν
2515 2853 2680 2928 [male
2693 2856 2857 2918 edita.
2881 2855 3091 2924 ἔφεσιν,
3117 2851 3523 2925 cupiditatem],
3548 2855 3714 2922 ἀφαι-

2122 2947 2344 3018 ρετικὴν
2389 2942 2531 3002 εἶναι
2576 2947 2678 3018 τῆς
2719 2947 2777 3000 ὲν
2824 2945 2968 3016 λόγῳ
3011 2945 3279 3015 κειμένης
3318 2945 3422 2997 καὶ
3457 2944 3714 3014 νοήμασι

439 3037 622 3105 rcipsa
650 3035 1071 3106 participatione
1102 3050 1165 3088 ac
1192 3035 1524 3089 commercio
1549 3044 1653 3100 est,
1681 3036 1964 3091 scientiam
1994 3053 2008 3091 :
2039 3030 2081 3088 C
2114 3039 2369 3107 γνώσεως

438 3127 584 3181 hanc
631 3134 814 3178 autem
861 3139 982 3194 qua:
1033 3139 1223 3178 revera
1274 3139 1373 3194 per
1418 3124 1850 3193 experientiam,
1898 3129 2018 3194 ejus
2087 3127 2261 3198 ipsius
2295 3127 2442 3197 quod
2483 3126 2656 3182 scitur
2691 3139 2756 3180 ac
2793 3123 3168 3198 cognoscitur,
3231 3125 3348 3195 ipsa
3392 3123 3554 3179 illius
3586 3138 3711 3194 per-

435 3219 692 3289 ceptione
712 3233 932 3274 sensum
955 3217 1181 3287 prtebet,
1199 3217 1468 3289 ejusmodi
1490 3232 1632 3284 esse,
1686 3219 2048 3276 utscientiam
2085 3221 2326 3289 a‘boleat,
2385 3221 2450 3276 in
2487 3220 2702 3276 ratione
2738 3219 3020 3290 animique
3060 3219 3240 3274 sensis
3270 3233 3339 3273 ac
3373 3216 3710 3289 cogitatist

487 3312 703 3367 ositam.

487 3329 703 3367 osuam.

438 3329 477 3384 Ρ
512 3400 601 3457 50.
635 3399 918 3470 Duplicem
951 3397 1086 3452 dicit
1128 3411 1248 3451 esse
1297 3395 1664 3466 cognitionem
1699 3412 1798 3453 seu
1833 3397 2016 3456 scien-

441 3492 605 3556 tiam;
638 3492 864 3545 alteram
892 3489 946 3542 in
978 3488 1190 3542 ratione
1215 3486 1526 3556 divinisque
1555 3487 1732 3544 sensis
1755 3505 1819 3544 ac
1840 3493 2019 3545 notio-

437 3581 605 3640 nibus
633 3581 899 3653 positam,
934 3591 1037 3634 nec
1068 3578 1248 3649 ipsum
1277 3576 1581 3634 secundum
1611 3580 1847 3648 speciem
1875 3595 2016 3651 pne-

438 3681 674 3736 sentem,
707 3672 863 3743 591
907 3686 1097 3726 eorum
1141 3686 1264 3739 qua:
1303 3679 1432 3724 sunt
1470 3670 1765 3734 intellecta,
1797 3685 2018 3725 sensum

439 3763 766 3827 habentem;
819 3763 1043 3816 alteram
1097 3760 1154 3815 in
1201 3770 1327 3815 actu
1379 3760 1591 3830 reipsa,
1634 3761 1752 3817 sine
1807 3763 2018 3816 ratione

435 3855 721 3925 animique
757 3855 933 3909 sensis
961 3869 1024 3908 ac
1051 3853 1404 3924 cogitatibus,
1429 3869 1687 3908 verorum
1715 3853 2017 3909 secundum

434 3947 678 4015 speciem
721 3947 1012 4000 habentem
1059 3944 1401 4000 fruitionem.
1437 3944 1590 4010 Quod
1635 3945 1781 3999 enim
1828 3961 1893 4000 ea
1937 3945 2020 3999 vis

438 4037 671 4092 rationis
702 4052 866 4106 atque
900 4036 1172 4091 sermonis
1203 4051 1301 4106 per
1331 4035 1618 4090 scientiam
1653 4050 1716 4089 ac
1747 4035 2017 4105 cognitio-

438 4142 566 4181 nem
599 4136 705 4190 cst,
731 4135 792 4180 ut
823 4127 876 4180 id
911 4125 1058 4196 quod
1094 4127 1267 4181 scitur
1292 4140 1356 4180 ac
1385 4125 1733 4195 cognoscitur
1761 4126 2022 4182 subnotet

439 4232 503 4270 ac
534 4217 794 4281 insinuet,
822 4232 1010 4272 eorum
1044 4216 1139 4286 qui
1172 4217 1289 4286 ipso
1321 4225 1614 4271 moventur
1636 4217 2017 4287 cupiditatem,

438 4305 506 4360 ad
537 4307 588 4360 id
613 4307 759 4377 quod
790 4307 1062 4377 signatum
1088 4313 1192 4371 est,
1218 4305 1508 4361 fruendum
1535 4316 1736 4362 movet.

505 4395 594 4448 51.
634 4396 806 4451 Aiunt
841 4395 947 4450 viri
976 4395 1258 4464 sapientes
1295 4396 1412 4451 ﬁeri
1455 4411 1567 4450 non
1599 4411 1782 4466 posse,
1812 4403 1873 4451 ut
1899 4411 2022 4466 quae

435 4483 507 4539 de
540 4485 654 4540 Deo
672 4486 814 4540 ratio
841 4495 946 4551 εει,
979 4501 1086 4540 una
1111 4486 1344 4550 sitcum
1377 4487 1473 4541 Dei
1497 4489 1905 4556 experimento;
1932 4489 2019 4544 vel

438 4581 501 4626 ut
532 4575 790 4644 cogitatio
823 4584 987 4644 atque
1016 4575 1190 4640 notio,
1225 4591 1331 4630 una
1361 4591 1487 4629 cum
1517 4577 1613 4631 Dei
1643 4593 1812 4633 sensu
1851 4593 2013 4648 repe-

2187 3400 2254 3457 λ’.
2295 3402 2490 3473 Διττὴν
2535 3397 2675 3454 εἶναι
2714 3399 2865 3468 λέγει
2911 3398 3012 3470 τὴν
3058 3397 3284 3467 γνῶσιν,
3335 3398 3442 3466 τὴν
3487 3397 3615 3467 μὲν,
3653 3399 3711 3453 ἒν

2116 3495 2260 3565 λόγῳ
2297 3493 2557 3564 κειμένην
2589 3493 2680 3544 καὶ
2707 3491 2871 3552 θείοις
2914 3492 3170 3559 νοήμασι,
3211 3488 3334 3542 κατ’
3368 3482 3517 3552 εἶδος
3554 3507 3706 3560 παρ..

2115 3585 2282 3640 οὖσαν
2319 3587 2418 3656 τὴν
2471 3585 2723 3651 αἴσθησιν
2775 3582 2887 3635 τῶν
2944 3580 3250 3650 νοηθέντων
3298 3579 3403 3634 οὒκ
3437 3580 3706 3650 ἐχούσαν·

2115 3677 2218 3748 τὴν
2247 3677 2325 3739 δὲ,
2361 3676 2482 3729 κατ’
2534 3665 2820 3744 ἐνέργειαν
2875 3672 3043 3742 μόνην
3083 3671 3335 3742 ἔχουσαν.
3372 3672 3500 3742 δίχα
3545 3672 3707 3740 λόγων

2118 3769 2213 3823 καὶ
2255 3767 2542 3837 νοημάτων
2588 3766 2698 3819 τῶν
2738 3764 2956 3835 ἀληθῶν
2991 3765 3086 3834 τὴν
3127 3766 3250 3818 κατ’
3283 3759 3427 3828 εἶδος
3469 3765 3710 3818 ἀπόλαυ-

2120 3877 2224 3914 σιν.
2271 3860 2491 3926 Ἒπειδὴ
2539 3858 2647 3929 γὰρ
2684 3857 2774 3911 διὰ
2813 3856 3068 3925 γνώσεως
3112 3857 3141 3908 ὁ
3183 3856 3340 3924 λόγος
3369 3856 3433 3908 τὸ
3461 3858 3708 3923 γνωστὸν

2119 3951 2364 4018 πέφυκεν
2398 3949 2824 4019 ὑποσημαίνειν,
2857 3951 3001 4002 κινεῖ
3045 3948 3143 4016 τὴν
3171 3947 3357 4016 ἔφεσιν
3377 3947 3490 3999 τῶν
3507 3947 3581 3998 δι’
3613 3947 3708 4001 αὖ·

2117 4043 2214 4096 τοῦ
2241 4041 2597 4113 κινουμένων,
2633 4042 2770 4113 πρὸς
2795 4041 2894 4112 τὴν
2915 4038 3015 4094 τοῦ
3065 4040 3438 4111 σημανθέντος
3467 4041 3706 4096 ἀπόλαυ-

2123 4151 2233 4188 σιν.

2187 4389 2294 4445 λα’.
2345 4389 2652 4459 Ἀμήχανον
2691 4381 2833 4440 εἷναί
2881 4400 3048 4452 φασιν
3099 4383 3151 4435 οἱ
3200 4381 3379 4448 cro-got,
3419 4383 3700 4448 συνυπάρ-

2116 4500 2239 4552 ηχειν
2263 4483 2331 4551 τῇ
2366 4483 2532 4550 πείρα
2563 4477 2656 4531 τοῦ
2689 4478 2845 4541 Θεοῦ,
2872 4476 2966 4530 τὸν
2991 4476 3121 4549 περὶ
3160 4473 3324 4528 αὐτοῦ
3360 4474 3544 4539 λόγον,
3573 4474 3607 4542 ἢ
3634 4475 3696 4539 τῇ

2119 4575 2375 4644 αἰσθήσει
2416 4571 2510 4624 τοῦ
2544 4569 2701 4634 Θεοῦ,
2723 4569 2822 4640 τὴν
2852 4568 2980 4638 περὶ
3013 4566 3177 4621 αὑτοῦ
3207 4567 3415 4636 νόησιν.
3447 4566 3624 4631 Λόγον

440 4663 640 4718 riatur.
667 4664 957 4719 Rationem
985 4674 1168 4720 autem
1211 4665 1281 4720 de
1309 4666 1423 4720 Deo
1451 4665 1598 4730 dico,
1639 4683 1760 4736 qua:
1823 4683 1890 4722 ex
1919 4683 2010 4722 rc—

2125 4666 2244 4734 περὶ
2267 4663 2408 4718 Θεοῦ
2461 4681 2623 4734 φημι,
2666 4651 2764 4732 τὴν
2813 4663 2878 4714 ὲκ
2919 4659 3025 4712 τῶν
3063 4660 3234 4712 ὄντων
3272 4657 3572 4725 ἀναλογίαν
3603 4654 3695 4722 τῆς

439 4752 544 4808 bus
569 4770 669 4825 per
719 4755 1134 4826 proportionem
1165 4765 1429 4827 certaque
1458 4758 1876 4827 comparatione
1893 4757 2014 4829 spi-

507 4930 528 4954 ‘
555 4929 642 4988 Cf.
677 4930 746 4987 ad
777 4927 1036 5000 Thalass._
1063 4948 1119 5003 q.
1154 4932 1242 4989 60.

504 5108 582 5234 30)
614 5109 734 5174 Τὴν·
755 5107 870 5176 μὲν
891 5106 1201 5174 σχετικήν.
1225 5106 1384 5160 Nulla
1411 5106 1502 5160 hic
1520 5106 1864 5162 commodius
1879 5121 2014 5162 voce

542 5180 596 5232 di
636 5178 912 5234 videatur.
962 5192 1127 5234 quam
1178 5177 1224 5230 si
1280 5175 1682 5230 intentionalem
1721 5178 2007 5234 dicamus:

437 5175 596 5237 reddi
636 5175 912 5236 videatur,
962 5192 1127 5245 quam
1178 5177 1224 5230 si
1280 5175 1682 5230 intentionalem
1721 5178 2007 5243 dicamus;

435 5249 594 5322 quasi
640 5249 695 5302 in
723 5247 890 5300 animi
920 5246 1234 5322 rationibus
1261 5255 1318 5301 et
1359 5246 1806 5322 apprehensione
1861 5247 2010 5322 posit

438 5315 584 5385 tam;
610 5333 772 5388 quam
796 5326 851 5371 et
879 5315 1253 5388 abstractivam
1273 5315 1487 5388 rudiori
1521 5315 1792 5388 vocabulo
1835 5316 2008 5388 nostri

440 5385 676 5457 theologi
706 5394 924 5457 vocant.
973 5385 1167 5442 Allinis
1196 5402 1330 5440 usus
1364 5385 1515 5440 illius
1559 5386 1714 5440 vocis
1757 5386 2010 5440 Patrihus

437 5475 513 5513 vn
569 5456 787 5528 synodi,
840 5456 971 5528 dum
1019 5457 1401 5511 adorationem
1457 5457 1782 5528 imaginum,
1845 5470 2010 5528 quam

439 5525 715 5590 sanciunt,
743 5526 994 5596 σχετικὴν
1026 5537 1261 5592 vocant;
1292 5541 1415 5594 quae
1439 5525 1797 5596 scilicetinon
1829 5525 1896 5596 ad
1925 5525 2011 5596 ipf

439 5611 555 5650 sam
583 5611 719 5658 rem,
751 5594 813 5648 ut
843 5595 895 5648 in
939 5594 998 5649 se
1027 5603 1132 5659 est,
1183 5597 1532 5658 terminatur,
1585 5595 1680 5648 sed
1735 5602 1796 5648 ut
1836 5595 1890 5647 in
1924 5594 2010 5648 sui

437 5663 818 5727 similitudine,
857 5665 1043 5719 animo
1070 5665 1328 5735 cogitanti
1355 5664 1513 5735 quasi
1539 5678 1779 5736 praesens
1819 5663 2010 5735 objici-

2121 4757 2253 4828 περὶ
2284 4754 2450 4809 αὐτοῦ
2474 4754 2783 4824 γνωστικῆς
2813 4751 3077 4823 θεωρίας·
3103 4751 3360 4822 αἴσθησιν
3384 4747 3468 4813 δὲ,
3504 4747 3606 4819 τὴν
3641 4747 3696 4798 ὲν

2122 5114 2235 5169 tur,
2263 5119 2328 5160 ac
2351 5103 2584 5174 quadam
2613 5104 2668 5158 in
2694 5118 2816 5159 eam
2840 5103 3146 5159 intentione
3185 5118 3248 5157 ac
3283 5113 3461 5174 motu,
3494 5119 3690 5159 secun-

2119 5177 2248 5230 dum
2269 5173 2432 5244 quam
2457 5175 2658 5228 dicit-ur
2687 5175 2865 5229 honor
2894 5174 3145 5244 imaginis
3171 5173 3407 5244 transire
3420 5174 3489 5226 ad
3515 5190 3691 5227 exem-

2118 5249 2236 5314 p'ar
2263 5241 2358 5299 seu
2385 5253 2760 5314 prototypum.
2784 5243 2930 5297 Nihil
2959 5245 3028 5314 ad
3055 5259 3192 5301 rem.
3216 5241 3363 5314 quod
3399 5243 3568 5314 Picus
3605 5259 3688 5314 se-

2119 5312 2225 5369 inel
2247 5325 2305 5369 et
2334 5312 2532 5369 iterum
2566 5312 2912 5368 reconditam.
2949 5313 3030 5368 Ac
3087 5323 3237 5367 certe
3268 5313 3432 5381 longe
3470 5312 3687 5366 inaudi-

2119 5392 2231 5438 tum
2256 5384 2484 5448 mundo,
2528 5383 2675 5453 quod
2723 5385 2849 5452 quis
2900 5399 2968 5438 ex
3013 5385 3133 5452 ejus
3183 5383 3690 5453 interpretamentis

2114 5453 2415 5508 conﬁceret
2455 5451 2869 5507 vocabu‘larium
2902 5469 2915 5504 :
2956 5451 3200 5521 stc’sinei
3228 5451 3440 5521 judicio
3489 5461 3687 5508 cuncta

2112 5523 2234 5577 viro
2259 5523 2672 5603 arbitraria;__ut
2708 5522 2863 5603 quod
2897 5522 3009 5587 hic,
3043 5525 3075 5591 ὴ
3112 5520 3326 5603 μεθέξει
3352 5521 3479 5574 κατ’
3514 5523 3682 5603 ,ἐνέρ-

2115 5609 2272 5662 γειαν
2305 5593 2528 5660 γνῶσις,
2561 5592 2639 5645 illi
2669 5593 2897 5662 c0gm'tio
2924 5602 3008 5662 est
3035 5592 3298 5660 particeps
3317 5592 3641 5661 operationis
3668 5601 3687 5644 :

2113 5661 2260 5732 quod
2307 5664 2512 5730 ἔφεσιν,
2549 5676 2648 5731 pro
2671 5661 2931 5731 αἴσθησιν
2950 5661 3232 5730 decoquit,
3261 5672 3370 5716 etc.
