3922 6348
305 291 453 359 1311

986 291 1319 354 CAPITUM
1361 288 1785 363 QUINQUIES
1821 275 2342 350 CENTENORUM
2381 291 2769 354 CENTURIA
2804 290 2902 355 IV.

3440 283 3576 353 1318

293 412 372 480 τῇ
414 407 629 480 μεθέξει
672 410 867 479 πεῖραν
895 404 1003 462 τῶν
1035 405 1176 476 ὑπὲρ
1207 405 1368 476 φύσιν
1417 403 1668 473 ἀγαοαιιι·
1701 402 1882 472 νόησιν

1993 399 2170 457 ritalis
2208 402 2481 474 doctaque
2537 404 2604 460 dc
2653 405 2773 475 ipso
2817 403 3192 461 consideratio
3253 422 3319 462 ac
3369 423 3572 478 specu-

293 499 384 566 δὲ,
415 499 517 572 τὴν
549 501 616 554 ἐκ
645 500 756 553 τῶν
788 500 959 554 ὅντων
992 499 1172 568 ἁπλῆν
1211 497 1340 570 περὶ
1367 495 1532 552 αὐτοῦ
1563 496 1658 550 καὶ
1680 493 1891 549 ἑνιαίαν

294 592 510 659 γνῶσιν
530 609 548 626 ο
582 593 723 664 τάχα
750 593 808 647 δὲ
841 592 938 647 καὶ
961 593 1053 645 ἐπ’
1083 590 1246 648 ἄλλου
1272 589 1474 652 παντὸς
1502 586 1658 642 τοῦτο
1687 585 1889 656 γνωρί-

297 671 486 748 ζεταιο
565 683 725 754 εἴπερ
789 684 824 753 ἡ
871 681 1026 736 τοῦδε
1087 679 1184 735 τοῦ
1229 680 1552 752 πράγματος
1580 681 1764 749 πεῖρα.
1799 677 1890 730 τὸν

296 774 434 846 περὶ
473 773 642 828 αὑτοῦ
668 771 980 828 καταπαύει
1025 772 1186 840 λόγον
1213 789 1226 802 ο
1258 771 1352 824 καὶ
1378 773 1411 840 ἡ
1439 769 1593 822 τοῦδε
1622 767 1718 821 τοῦ
1741 767 1885 837 πράο

295 881 517 936 γματος
543 865 819 935 αἴσθησις,
851 863 948 935 τὴν
972 863 1097 934 περὶ
1124 861 1288 916 αὐτοῦ
1319 861 1686 932 σχολάζουσαν
1719 860 1886 930 ἔργά-

297 959 460 1021 (erat
483 957 690 1027 νόησιν.
721 957 926 1027 Πείραν
952 951 1009 1008 δὲ
1035 954 1202 1023 λέγω,
1236 953 1406 1024 αὐτὴν
1438 952 1536 1024 τὴν
1585 953 1707 1006 κατ’
1737 951 1887 1021 ὲνέρ·

302 1067 461 1118 γειαν
488 1050 714 1120 γνῶσιν,
745 1047 844 1120 τὴν
877 1047 1016 1119 μετὰ
1047 1050 1225 1101 πάντα
1261 1046 1420 1115 λόγον
1463 1046 1850 1115 ὲπιγινομένην
1871 1061 1882 1074 ·

296 1143 559 1212 αἴσθησιν
587 1141 664 1205 δὲ,
695 1141 867 1210 αὐτὴν
895 1139 992 1194 τοῦ
1021 1139 1358 1209 γνωσθέντος
1377 1139 1477 1208 τὴν
1528 1137 1765 1208 μέθεξιν,
1788 1138 1888 1206 τὴν

302 1232 446 1300 μετὰ
474 1234 654 1286 πᾶσαν
695 1231 880 1300 νόησιν
912 1230 1334 1298 ἐκφαινομένην.
1373 1227 1482 1281 Καὶ
1520 1226 1678 1280 τοῦτο
1725 1227 1886 1294 τυχὸν

303 1320 582 1390 μυστικῶς
608 1319 876 1372 διδάσκων
899 1321 926 1371 ὁ
955 1320 1131 1388 μέγας
1166 1319 1517 1381 Ἀπόστολος,
1547 1319 1730 1389 φησίνο
1749 1318 1887 1372 Εἴτε

297 1413 372 1464 δὲ
408 1410 760 1479 προφητεῖαι
813 1409 1402 1478 καταργηθήσονται,
1450 1409 1570 1462 εἴτε
1614 1408 1887 1477 γλῶσσαι

299 1505 666 1567 παύσονται,
713 1501 839 1554 εἴτε
891 1500 1118 1570 γνῶσις
1176 1499 1712 1569 καταργηθήσεται,
1761 1500 1888 1570 περὶ

301 1597 404 1667 τῆς
433 1597 492 1648 ἐν
523 1594 668 1664 λόγῳ
688 1593 951 1664 κειμένης
975 1592 1070 1647 καὶ
1101 1595 1334 1664 νοήμασι
1365 1591 1620 1662 γνώσεως
1645 1591 1890 1662 δηλονότι

300 1688 552 1756 φάσκων.

1991 494 2123 549 latio
2150 505 2274 562 est;
2308 510 2530 551 sensum
2563 512 2727 561 vero,
2761 512 2883 551 eam
2914 497 3188 551 bonorum
3235 508 3433 554 natura
3479 517 3574 555 su-

1989 588 2274 658 periorum
2329 589 2727 660 experientiam
2756 630 2772 654 ,
2816 603 2937 660 quae
2972 591 3396 661 participatione
3440 609 3573 648 con-

1989 681 2182 738 sistit:
2217 682 2608 752 cogitationem
2660 697 2794 736 vero
2845 698 2938 736 seu
2971 683 3279 745 notionem,
3329 701 3451 753 tgna:
3501 685 3570 738 de

1988 775 2108 845 ipso
2129 781 2300 828 estex
2322 773 2488 826 rebus
2505 774 2808 843 simplicem
2834 790 2896 826 ac
2920 774 3254 843 singularem
3278 775 3571 830 scientiam

1987 880 2050 919 ac
2076 864 2468 934 cegnitioncm.
2505 864 2664 918 Forte
2693 879 2822 917 vero
2869 865 3036 917 etiam
3092 864 3148 918 in
3205 880 3265 918 re
3323 865 3572 935 qualibet

1987 957 2132 1010 idem
2176 973 2276 1010 usu
2314 957 2502 1022 venit;
2545 957 2820 1026 siquidem
2872 958 2952 1010 rei
2999 957 3126 1011 talis
3180 958 3521 1027 experientia
3551 999 3566 1018 ,

1985 1065 2106 1118 qua:
2129 1049 2196 1102 de
2216 1050 2305 1102 illa
2328 1058 2433 1111 cst,
2461 1049 2727 1102 rationem
2750 1064 2964 1102 cessare
2988 1047 3150 1113 facit;
3180 1050 3452 1118 hujusque
3488 1049 3570 1103 rei

1987 1133 2112 1188 talis
2139 1149 2360 1197 sensus,
2381 1151 2503 1204 qua:
2532 1135 2600 1190 de
2631 1135 2722 1190 illa
2743 1144 2848 1199 est,
2881 1137 3271 1206 cogitationem
3291 1153 3386 1191 seu
3417 1153 3571 1192 com-

1984 1226 2378 1279 mentationem
2407 1227 2637 1281 otiosam
2670 1226 2870 1280 reddit.
2911 1228 3359 1296 Experimentum
3386 1238 3570 1286 autem

1989 1315 2138 1380 dico,
2165 1315 2335 1385 ipsam
2365 1317 2546 1386 reipsa
2567 1318 2620 1370 in
2644 1329 2768 1372 actu
2789 1318 3074 1372 scientiam
3093 1335 3157 1374 ac
3174 1320 3566 1389 cognitionem,

1987 1423 2108 1477 qua:
2127 1417 2250 1478 post
2273 1423 2492 1463 omnem
2519 1409 2731 1464 accedit
2752 1411 3021 1466 rationem
3039 1422 3205 1483 atque
3217 1429 3528 1468 sermonem
3551 1430 3566 1468 :

1987 1517 2210 1556 sensum
2245 1516 2399 1564 vero,
2435 1502 2607 1571 ipsam
2630 1503 2750 1572 ejus
2780 1505 2928 1572 quod
2973 1505 3174 1559 scitum
3222 1513 3308 1560 est
3335 1546 3350 1571 ,
3403 1514 3571 1575 atque

1989 1593 2146 1662 cogui
2157 1601 2270 1646 tum
2290 1592 2699 1663 perceptionem
2717 1597 3050 1649 commercio
3061 1611 3243 1666 mque,
3260 1605 3384 1666 post
3399 1596 3571 1651 animi

1991 1679 2292 1750 cogitatum
2323 1694 2542 1734 omnem
2573 1695 2637 1734 ac
2667 1679 3091 1750 intelligentiam
3115 1685 3363 1739 elucens.
3394 1681 3574 1754 idque

301 1778 537 1833 forsitan
569 1777 798 1848 mystice
827 1776 1034 1833 docens
1070 1789 1301 1846 magnus
1332 1774 1630 1846 Apostolus
1648 1773 1834 1829 aiebat
1859 1793 1872 1828 :
1898 1774 2021 1830 Sive
2045 1773 2330 1846 prophetia:
2355 1772 2766 1836 cvacuabuntur,
2802 1772 2909 1826 sive
2929 1771 3120 1842 lingua:
3149 1775 3442 1840 cessabunt,
3462 1779 3572 1832 sive

296 1869 520 1925 scientia
541 1868 843 1922 destruetur
865 1867 944 1932 ης
987 1877 1186 1934 nempe
1205 1865 1360 1921 de-ea
1375 1865 1606 1934 loquens
1634 1865 1888 1931 scientia,
1928 1881 2051 1936 quae
2078 1865 2134 1920 in
2168 1864 2380 1919 ratione
2409 1861 2692 1932 animique
2755 1862 2936 1917 sensis
2983 1871 3039 1917 et
3075 1865 3408 1936 eogitatibus
3437 1884 3571 1924 con-

271 2015 276 2020 .
301 1962 476 2016 sistit.

373 2050 471 2121 λβ’.
525 2051 724 2122 Ἐχρῆν
768 2049 844 2114 ὡς
887 2048 1107 2120 ἀληθῶς
1139 2049 1228 2102 τὸν
1268 2049 1407 2102 κατὰ
1455 2047 1618 2118 φύσιν
1648 2050 1745 2116 τῆς
1777 2049 1882 2102 τῶν

2056 2050 2144 2105 52.
2180 2048 2423 2103 Decebat
2455 2046 2602 2101 enim
2654 2061 2849 2101 revera
2875 2087 2893 2112 ,
2935 2063 3086 2114 eum,
3123 2049 3218 2118 qui
3259 2050 3568 2107 secundum

299 2142 471 2196 ὄντων
505 2141 699 2204 οὐσίας
745 2140 1100 2212 δημιουργὸν,
1132 2143 1224 2193 καὶ
1257 2141 1356 2210 τῆς
1395 2143 1536 2195 κατὰ
1563 2141 1722 2212 χάριν
1750 2143 1885 2194 αύτ-

299 2230 494 2300 ουργὸν
551 2228 804 2297 γενέσθαι
852 2228 964 2282 τῶν
1040 2230 1344 2297 γεγονότων
1401 2229 1688 2294 θεώσεωςο
1737 2232 1827 2285 ἵνα
1855 2231 1884 2283 ὁ

301 2322 398 2374 τοῦ
435 2317 574 2375 εἶναι
618 2321 808 2392 δοτὴρ,
844 2324 986 2392 φανῇ
1028 2322 1122 2375 καὶ
1164 2320 1259 2374 τοῦ
1288 2323 1375 2375 ἀεὶ
1396 2317 1455 2376 εὖ
1483 2317 1622 2375 εἶναι
1645 2340 1886 2394 χαριστι-

301 2414 419 2476 κός.
455 2413 608 2466 Ἐπεὶ
636 2409 731 2466 οὖν
757 2413 911 2465 οὐδὲν
943 2411 1052 2465 τῶν
1075 2412 1245 2466 ὄντων
1289 2413 1449 2466 ἑαυτὸ
1473 2415 1820 2485 τοπαράπαν,
1850 2414 1883 2485 ἢ

303 2505 433 2561 ἄλλο
479 2504 794 2576 γινώσκειό
820 2505 872 2559 τί
914 2522 1044 2559 ποτε
1068 2504 1188 2559 κατ’
1211 2505 1398 2558 οὐσίαν
1444 2507 1610 2569 ἐστὶν,
1661 2506 1884 2568 είκᾶτως

300 2599 424 2652 οὐδὲ
478 2598 588 2652 τῶν
629 2599 1011 2668 γενησομένων
1065 2596 1278 2659 οὐδενὸς
1315 2595 1470 2648 οῦδὲν
1523 2596 1634 2649 τῶν
1694 2595 1882 2661 ὄντων,

302 2687 416 2759 ἔχει
445 2690 588 2742 κατὰ
618 2687 782 2758 φύσιν
813 2686 913 2757 τὴν
940 2683 1272 2756 πρόγνωσιν,
1327 2683 1471 2755 πλὴν
1517 2684 1610 2738 τοῦ
1640 2685 1780 2754 ὑπὲρ
1815 2685 1886 2738 τὰ

300 2779 430 2833 ὄντα
451 2779 606 2846 Θεοῦ,
636 2782 730 2832 καὶ
759 2777 952 2831 ἑαυτὸν
1003 2776 1381 2845 γινώσκοντος.
1409 2777 1436 2830 ὃ
1464 2793 1516 2828 τι
1543 2777 1664 2828 κατ’
1699 2776 1885 2828 οὐσίαν

300 2871 442 2939 ἐστὶ,
478 2872 572 2927 καὶ
607 2871 822 2924 πάντων
851 2868 959 2921 τῶν
1015 2867 1106 2922 ὑπ’
1152 2865 1319 2921 αὑτοῦ
1353 2869 1756 2938 πεποιημένων,
1791 2869 1886 2922 καὶ

301 2964 434 3034 πρὶν
463 2961 718 3032 γενέσθαι
755 2959 1162 3032 προεγνωκότος
1189 2959 1288 3029 τὴν
1318 2955 1552 3030 ὓπαρξιν
1579 2976 1592 2990 ·
1629 2960 1721 3012 καὶ
1753 2960 1884 3028 μὲλ-

298 3049 484 3111 λοντος
515 3049 656 3102 κατὰ
677 3048 838 3118 χάριν
889 3047 1298 3118 φιλοτιμεῖσθαι
1335 3049 1447 3110 τοῖς
1476 3041 1592 3100 οὖσι
1624 3047 1724 3118 τὴν
1755 3049 1884 3101 ἐαυ-

299 3137 432 3201 τῶν,
465 3137 559 3189 καὶ
605 3136 803 3199 ἄλλων,
835 3137 863 3189 ὃ
906 3135 959 3188 τί
1001 3151 1130 3187 ποτε
1173 3136 1294 3188 κατ’
1343 3133 1531 3188 οὐσίαν
1582 3136 1885 3206 ὑπάρχουσι

299 3229 526 3299 γνῶσιν,
566 3229 662 3282 καὶ
705 3229 834 3292 τοὺς
872 3228 930 3280 ἐν
972 3227 1122 3296 αὐτῷ
1173 3227 1459 3297 μονοειδῶς
1488 3226 1754 3298 προόντας
1784 3227 1886 3296 τῆς

301 3321 480 3376 αὐτῶν
504 3319 774 3388 γενέσεως
804 3319 1121 3390 φανερῶσαι
1153 3319 1366 3386 λόγους.

1984 2149 2242 2195 naturam
2270 2138 2526 2194 essentiae
2570 2154 2756 2193 rerum
2802 2137 3059 2192 conditor
3105 2140 3198 2203 sit,
3247 2150 3568 2196 creatorum

1986 2247 2205 2302 quoque
2234 2231 2622 2297 deiﬁcationis,
2665 2247 2786 2300 quae
2815 2247 2916 2300 per
2942 2231 3176 2301 gratiam
3206 2241 3313 2296 est,
3368 2247 3568 2288 auem-

1986 2340 2102 2378 rem
2131 2324 2440 2388 exsistere;
2477 2333 2536 2377 ut
2569 2323 2662 2392 qui
2691 2332 2750 2376 ut
2776 2331 2962 2376 essent
3008 2333 3398 2386 concesserat,
3447 2327 3568 2394 ejus

1985 2415 2132 2484 quod
2165 2424 2251 2468 est
2278 2430 2496 2483 semper
2540 2413 2679 2467 bene
2721 2428 2841 2467 esse
2874 2413 3336 2483 sempiternmque
3385 2415 3565 2470 felici-

1988 2509 2114 2560 tatis
2149 2507 2378 2575 largitor
2395 2507 2653 2559 eniteret.
2683 2504 2819 2558 Cum
2849 2505 3015 2574 igitur
3045 2505 3193 2559 nulla
3221 2521 3309 2560 res
3337 2507 3562 2560 omnino

1989 2595 2107 2665 ipsa
2135 2612 2216 2657 se,
2269 2604 2431 2648 antve
2467 2595 2629 2648 aliam
2666 2604 3000 2664 cognoscat,
3047 2595 3312 2663 quidnam
3361 2597 3433 2650 sit
3467 2613 3565 2666 per

1987 2685 2320 2750 essentiam;
2365 2685 2560 2738 merito
2593 2684 2670 2749 lit,
2706 2693 2767 2738 ut
2800 2700 2903 2739 nec
2947 2685 3057 2739 ulla
3105 2686 3339 2756 alicujus
3370 2703 3566 2743 eorum

1986 2789 2108 2842 qua:
2141 2773 2329 2828 futura
2361 2783 2510 2836 sunt,
2542 2788 2612 2826 ex
2657 2782 2853 2826 natura
2899 2773 3298 2842 praescientiam
3341 2775 3562 2842 habeat,

1987 2880 2098 2918 uno
2129 2864 2415 2925 duntaxat,
2442 2863 2536 2932 qui
2571 2871 2656 2916 est
2685 2878 2852 2932 super
2887 2863 3072 2916 omnia
3098 2905 3113 2928 ,
3164 2875 3396 2934 excepto
3427 2867 3562 2934 Deo,

1985 2955 2080 3024 qui
2137 2965 2195 3008 et
2245 2954 2362 3024 ipse
2408 2952 2649 3022 seipsum
2684 2962 2980 3022 cognoscat
3028 2954 3290 3023 quidnam
3346 2957 3418 3011 sit
3466 2974 3565 3027 per

1985 3043 2303 3106 essentiam,
2335 3047 2692 3111 omniumque
2720 3059 2908 3096 eorum
2933 3060 3056 3112 quae
3085 3044 3154 3098 ab
3193 3045 3311 3114 ipso
3340 3048 3566 3103 condita

1987 3140 2136 3198 sunt,
2167 3131 2484 3200 priusquam
2516 3131 2685 3184 etiam
2717 3131 3090 3187 conderentur
3133 3133 3292 3204 592
3345 3144 3565 3192 essent-

1987 3240 2093 3292 que
2132 3223 2302 3287 edita,
2356 3224 2722 3278 substantiam
2770 3232 3079 3292 praenoscat
3114 3243 3126 3278 :
3163 3226 3259 3294 qui
3320 3227 3566 3299 denique

1987 3332 2087 3386 per
2116 3316 2345 3387 gratiam
2367 3315 2654 3370 liberalius
2685 3315 2848 3369 rebus
2881 3315 3182 3370 collaturus
3201 3317 3292 3382 sit,
3342 3329 3401 3373 ut
3431 3319 3566 3388 ipsa)

301 3433 401 3482 se,
429 3417 784 3486 vicissimque
838 3414 970 3472 aliae.
1013 3414 1149 3469 alias
1195 3421 1574 3484 cognoscant,
1616 3411 1882 3485 quidnam
1929 3412 2160 3482 sintper
2197 3411 2514 3475 essentiam,
2556 3411 2725 3480 inque
2789 3409 2976 3479 scipso
3025 3410 3376 3466 uniformiter
3415 3429 3564 3483 pra:-

300 3508 602 3564 existentes
631 3522 820 3562 earum
852 3505 1082 3576 originis
1121 3507 1300 3575 palam
1343 3507 1477 3576 ipsis
1507 3507 1757 3561 facturus
1793 3505 2057 3559 rationes.

375 3599 476 3667 λγ’.
529 3600 588 3652 ὐ
622 3598 722 3668 τὴν
769 3597 931 3667 φύσιν
967 3597 1075 3649 τῶν
1120 3595 1424 3667 ἀνθρώπων
1469 3597 1880 3668 δημιουργήσας
1907 3600 1949 3656 C

302 3688 459 3756 λόγος
484 3687 597 3759 [qq.
646 3687 715 3741 ad
755 3684 972 3740 Tltalas.
1007 3701 1060 3754 q.
1110 3681 1198 3737 6L
1241 3683 1419 3753 Θεδςι,
1457 3684 1519 3735 οὐ
1566 3685 1880 3736 συνέκτισεν

305 3780 444 3849 αὐτῇ
468 3777 611 3831 κατὰ
635 3776 910 3847 αἴσθησιν,
945 3773 1070 3826 οὔτε
1095 3774 1312 3844 ἡδονὴν,
1336 3771 1470 3826 ὀὔτε
1503 3772 1692 3840 ὀδύνην
1709 3788 1720 3802 ·
1747 3771 1882 3824 ἀλλὰ

303 3867 535 3938 δύναμίν
573 3881 696 3919 τινα
728 3866 870 3918 κατὰ
899 3862 1024 3917 νοῦν
1066 3864 1202 3934 αὐτῇ
1240 3863 1376 3933 πρὸς
1399 3861 1618 3932 ἡδονὴν,
1655 3858 1780 3914 καθ’
1813 3862 1880 3932 ἣν

301 3960 553 4031 ἀρρήτως
600 3957 894 4014 ἀπολαύειν
922 3953 1087 4008 αὐτοῦ
1128 3954 1434 4025 δυνήσεται,
1471 3953 1878 4023 ὲνετεκτήνατο.

301 4049 520 4120 Ταύτην
559 4050 616 4102 δὲ
662 4049 762 4120 τὴν
809 4047 1066 4117 δύναμιν,
1111 4039 1261 4114 ’λέγω
1310 4043 1496 4114 δὲτὴν
1533 4045 1672 4098 κατὰ
1715 4042 1878 4112 φύσιν

298 4141 396 4195 τοῦ
432 4140 524 4194 νοῦ
553 4138 692 4210 πρὸς
731 4139 825 4191 τὸν
857 4137 989 4190 Θεὸν
1026 4135 1233 4204 ἔφεσιν,
1269 4135 1384 4205 ἅμα
1411 4133 1489 4205 τῷ
1503 4133 1777 4204 γενέσθαι,
1807 4135 1876 4205 τῇ

305 4230 553 4301 αἰσθήσει
580 4229 703 4292 δοὺς
731 4229 760 4282 ὁ
797 4227 1014 4297 πρῶτος
1041 4225 1351 4296 ἄνθρωπος,
1376 4225 1512 4298 πρὸς
1543 4223 1609 4276 τὰ
1644 4223 1876 4291 αἰσθητὰ

301 4319 423 4372 κατ’
457 4319 626 4388 αὐτὴν
659 4315 758 4387 τὴν
805 4315 1030 4387 πρώτην
1071 4315 1286 4384 κίνησιν
1329 4313 1416 4366 διὰ
1461 4311 1632 4384 μέσης
1655 4313 1755 4383 τῆς
1789 4313 1875 4366 αἱ·

301 4408 548 4479 σοήσεως
591 4407 717 4478 ἔσχε
773 4407 926 4476 παρὰ
975 4404 1134 4474 φύσιν
1165 4404 1578 4474 ’ἐνεργουμένην
1617 4403 1717 4475 τὴν
1749 4403 1874 4473 ἡδο-

298 4501 432 4570 νήν·
467 4493 612 4571 ᾗτινι
677 4499 819 4551 κατὰ
864 4497 1121 4568 πρόνοιαν
1174 4496 1203 4548 ὁ
1254 4497 1354 4566 τῆς
1397 4495 1554 4566 ήμῶν
1600 4487 1876 4566 σωτηρίας

301 4591 622 4661 κηδόμενος,
643 4590 964 4659 παρέπηξεν
995 4587 1186 4658 ὥσπερ
1209 4588 1332 4641 τινὰ
1361 4587 1602 4658 τιμωρὸν
1623 4586 1871 4657 δύναμιν,

295 4681 400 4752 τὴν
433 4680 664 4748 ὀδύνην·
716 4680 842 4734 καθ’
885 4681 952 4752 ἣν
996 4679 1026 4731 ὀ
1074 4677 1167 4730 τοῦ
1214 4677 1443 4730 θανάτου
1502 4676 1639 4747 μετὰ
1683 4677 1874 4744 σοφίας

295 4771 631 4845 ἐνερῤιζώθη
658 4771 725 4843 τῇ
749 4769 841 4824 τοῦ
865 4770 1118 4838 σώματος
1143 4767 1302 4838 φύσει
1333 4768 1517 4836 νόμος,
1546 4767 1873 4839 περιορίζων

293 4864 400 4936 τῆς
437 4863 531 4916 τοῦ
563 4863 658 4917 νοῦ
711 4863 914 4932 μανίας
963 4860 1119 4932 παρὰ
1164 4862 1330 4930 φύσιν
1381 4857 1474 4910 ἐπὶ
1519 4857 1590 4911 τὰ
1633 4857 1871 4930 αἰσθητὰ

297 4955 628 5028 κινουμένην
649 4955 748 5026 τὴν
773 4955 980 5024 ἔφεσιν.
1283 4953 1286 4956 ⁴

354 5048 467 5104 ,λδ’.
519 5048 712 5120 Ἡδονὴ
763 5050 856 5102 καὶ
903 5047 1086 5118 ὀδύνη,
1138 5046 1204 5116 τῆ
1239 5043 1402 5115 φύσει
1429 5041 1529 5115 τῆς
1560 5043 1765 5115 σαρκὸς
1807 5044 1870 5096 οὐ

299 5141 732 5212 συνεκτίσθησαν
753 5157 766 5171 ο
800 5139 916 5194 ἀλλ’
951 5141 985 5211 ἡ
1013 5139 1343 5210 παράϐασις,
1373 5138 1472 5206 τὴν
1503 5135 1622 5207 μὲν,
1647 5135 1874 5205 ἐπενόη-

299 5249 393 5288 σεν
420 5236 503 5296 είς
527 5233 735 5304 φθορὰν
773 5233 871 5303 τῆς
897 5230 1272 5303 προαιρέσεως
1291 5246 1304 5261 ·
1343 5230 1442 5300 τὴν
1469 5227 1549 5292 δὲ,
1583 5227 1873 5281 κατεδίκα-

299 5343 396 5381 σεν
425 5328 505 5390 είς
535 5325 689 5380 λύσιν
726 5330 824 5398 τῆς
855 5326 1070 5397 φύσεως
1092 5341 1105 5355 ·
1135 5324 1222 5381 ἵνα
1253 5325 1287 5394 ή
1336 5322 1435 5394 μὲν
1463 5320 1651 5392 ἡδονὴ,
1688 5319 1868 5390 ψυχῆς

296 5419 547 5476 ἃκούσιον
601 5420 901 5492 ἐργάσηται
959 5417 1190 5472 θάνατον
1242 5416 1344 5487 τὴν
1381 5412 1688 5485 ἁμαρτίαν·
1732 5413 1766 5480 η
1811 5410 1870 5464 δὲ

295 5513 460 5584 ὀδύνη
486 5513 575 5566 διὰ
601 5512 702 5582 τῆς
745 5511 980 5578 λύσεως,
1006 5509 1104 5582 την
1126 5509 1250 5565 κατ’
1281 5503 1423 5574 εἶδος
1445 5505 1743 5579 ποιήσηται
1773 5504 1875 5576 τῆς

372 5670 418 5706 ⁸⁸
446 5672 613 5729 lCor.
637 5687 753 5738 xm,
783 5671 835 5726 8.

2054 3593 2140 3649 55.
2177 3594 2281 3661 Qui
2329 3596 2624 3648 humanam
2667 3603 2921 3646 naturam
2954 3591 3202 3647 condidit
3248 3593 3392 3650 Deus
3423 3635 3439 3659 ,
3489 3614 3565 3654 eo

1983 3687 2128 3754 quod
2157 3687 2425 3749 condidit,
2466 3701 2646 3754 neque
2688 3685 3027 3754 voluptatem
3081 3699 3262 3755 neque
3310 3687 3561 3746 dolorem

1977 3774 2131 3826 illius
2161 3775 2344 3843 sensui
2379 3774 2580 3826 indidit
2619 3791 2632 3825 :
2666 3774 2761 3826 sed
2799 3775 2906 3825 vim
2950 3776 3242 3841 quamdam
3273 3777 3459 3832 animo
3487 3781 3562 3837 ad

1980 3862 2316 3931 voluptatem
2343 3862 2650 3915 fabricatus
2671 3869 2779 3926 est,
2809 3862 3116 3915 secundum
3150 3879 3314 3934 quam
3356 3882 3558 3925 arcana

1980 3952 2257 4022 nullisque
2288 3952 2477 4007 verbis
2533 3951 2848 4020 explica'bili
2898 3953 3112 4009 ratione
3138 3995 3154 4020 ,
3211 3957 3332 4026 ipso
3371 3970 3558 4028 posset

1975 4043 2110 4098 frui.
2149 4043 2300 4098 lianc
2343 4044 2527 4114 itaque
2557 4045 2669 4098 vim
2703 4044 2976 4116 (naturale
3023 4047 3237 4102 scilicet
3269 4052 3471 4105 mentis
3499 4052 3562 4110 in

1978 4131 2150 4186 Deum
2180 4131 2542 4202 desiderium)
2573 4132 2784 4202 primus
2828 4133 2996 4188 homo
3025 4150 3150 4189 mox
3191 4153 3255 4191 ac
3299 4140 3561 4197 conditus

1975 4219 2176 4286 fuerat,
2227 4221 2414 4276 sensui
2459 4221 2760 4289 addicens,
2811 4239 3087 4294 propenso
3112 4225 3173 4280 in
3215 4242 3278 4282 ea
3322 4244 3445 4298 qua:
3501 4232 3559 4288 in

1977 4330 2199 4369 sensum
2227 4313 2450 4380 cadunt,
2475 4315 2655 4384 primo
2682 4315 2801 4385 ipso
2824 4325 2999 4383 motu,
3034 4317 3364 4375 intermedio
3389 4339 3557 4380 sensu

1978 4406 2346 4460 innaturalem
2379 4407 2562 4475 reipsa
2613 4409 2913 4461 exercitum
2944 4415 3107 4478 atque
3147 4410 3422 4481 vigentem
3463 4429 3561 4466 vo-

1978 4496 2245 4566 luptatem
2280 4495 2507 4561 habuit;
2533 4497 2739 4566 cuiper
2761 4497 3191 4566 providentiam,
3229 4502 3320 4569 qui
3352 4511 3561 4558 nostra:

1977 4602 2169 4642 curam
2197 4587 2391 4641 salutis
2415 4587 2560 4656 agit,
2619 4603 2720 4642 ceu
2775 4589 2884 4642 vim
2927 4590 3221 4658 quamdam
3272 4590 3558 4662 ultricem,

1976 4679 2225 4733 dolorem
2254 4677 2462 4744 aﬂixit;
2498 4694 2608 4748 quo
2641 4679 2921 4748 sapienter
2959 4681 3155 4736 mortis
3190 4681 3298 4747 lex,
3345 4691 3562 4742 naturae

1974 4771 2227 4841 corporis
2249 4771 2375 4824 altis
2393 4769 2569 4824 detixa
2593 4769 2878 4825 radicibus
2897 4778 3005 4835 est,
3029 4771 3359 4842 desipientis
3379 4777 3558 4832 animi

1977 4861 2260 4915 incitatam
2297 4861 2351 4914 in
2386 4875 2474 4914 res
2503 4860 2691 4914 sensui
2723 4860 2968 4931 objectas
2995 4861 3359 4918 innaturalem
3394 4866 3557 4935 cupi¢

1907 4937 1950 4992 ι)
1984 4952 2217 5006 ditatem
2256 4949 2548 5003 eliminans
2576 4958 2742 5019 atque
2781 4949 3104 5004 extrudens.

2052 5043 2141 5098 54.
2175 5043 2440 5117 ‘Voluptas
2470 5056 2533 5095 ac
2557 5041 2737 5104 dolor,
2770 5056 2880 5095 non
2912 5056 3020 5095 una
3050 5056 3175 5094 cum
3205 5051 3402 5097 natura
3427 5060 3554 5099 car-

1979 5134 2066 5188 nis
2091 5131 2316 5188 condita
2357 5138 2522 5194 sunt;
2565 5129 2660 5184 scd
2715 5129 3076 5200 transgressio
3119 5130 3281 5184 aliam
3327 5131 3551 5200 quidem

1981 5224 2047 5278 ad
2076 5220 2375 5276 voluntatis
2403 5219 2572 5274 animi
2602 5219 2784 5273 labem
2834 5218 3150 5284 adinvenit;
3195 5219 3432 5272 alterum
3481 5236 3552 5276 ex

1978 5317 2328 5371 damnatione
2347 5313 2400 5367 in
2417 5313 2700 5368 interitum
2723 5320 2934 5366 natura:
2953 5311 3161 5366 invexit
3185 5329 3197 5364 :
3222 5326 3332 5381 quo
3350 5327 3550 5382 nempe

1977 5409 2234 5477 voluptas
2254 5404 2479 5475 quidem
2509 5419 2573 5459 ac
2607 5403 2780 5457 libido
2809 5409 3168 5472 spontaneam
3201 5401 3370 5456 animi
3401 5387 3549 5460 mor:

1980 5509 2092 5556 tem
2121 5501 2430 5570 (peccatum
2465 5495 2693 5566 scilicet)
2730 5495 3054 5562 ascisceret;
3079 5494 3239 5550 dolor
3267 5507 3402 5550 vero
3431 5492 3542 5549 dis-
3592 5539 3609 5557 .
