3922 6348
204 296 333 364 1321

871 293 1208 354 CAPITUM
1247 288 1669 363 QUINQUIES
1700 282 2215 348 CENTENORUM
2255 282 2640 344 CENTURIA
2682 281 2777 342 ιν.

3318 276 3453 344 1322

200 426 327 464 τονο
355 406 446 463 καὶ
484 400 553 478 ἦν
591 403 799 476 ἄπορος
846 404 1198 459 παντάπασιν
1244 405 1273 458 ό
1310 405 1408 474 τῆς
1451 401 1767 473 ἐλευθερίας

1884 397 2059 452 renda:
2087 398 2171 452 eis
2204 396 2483 453 libertatis
2513 393 2713 449 modus
2751 391 3104 463 suppetebat,
3133 391 3229 462 qui
3264 356 3463 463 iniqua.

199 501 417 572 τρόπος,
443 500 554 562 τοῖς
586 497 693 551 ὑπὸ
719 497 821 569 τῆς
845 497 1033 551 ἀδίκου
1059 495 1519 567 τυραννουμένοις
1549 494 1765 565 ἡδονῆς,

198 593 289 647 καὶ
329 590 435 645 ὑπὸ
461 589 571 642 τῶν
607 588 834 643 δικαίων
881 589 1081 656 πόνων,
1119 588 1214 642 καὶ
1241 586 1337 641 τοῦ
1367 586 1453 640 ἐπ’
1480 586 1663 648 αὐτοῖς
1694 585 1771 637 δι-

198 682 484 734 καιοτάτου
547 679 780 733 θανάτου
829 678 1081 747 φυσικῶς
1128 676 1501 749 ἔνεχομένοις·
1550 675 1659 729 ἔδει
1714 673 1771 726 δὲ

198 773 330 843 πρὸς
358 771 640 841 ἀναίρεσιν
678 769 777 840 μὲν
797 771 895 841 τῆς
920 768 1261 841 ἀδικωτάτης
1291 768 1505 836 ἡδονῆς.
1542 765 1635 818 καὶ
1662 765 1771 818 τῶν

193 864 262 916 δι’
306 861 477 933 αὐτὴν
514 862 871 916 δικαιοτάτων
909 861 1110 928 πόνων,
1144 861 1236 930 ὑφ’
1277 852 1353 915 ὧν
1399 856 1652 920 ἐλεεινῶς
1694 859 1771 912 δι-

195 959 397 1009 εσπᾶτο
424 956 649 1025 πάσχων
673 956 701 1007 ὁ
724 954 1030 1025 ἄνθρωπος,
1056 955 1121 1007 ἐκ
1138 953 1344 1025 φθορᾶς
1373 953 1473 1022 τῆς
1502 951 1626 1006 καθ’
1652 951 1773 1021 ἠδο-

194 1049 291 1118 νὴν
321 1048 459 1117 ἔχων
505 1048 605 1116 τὴν
639 1044 814 1116 ἀρχὴν
852 1046 951 1115 τῆς
991 1046 1282 1114 γενέσεως,
1314 1045 1408 1097 καὶ
1452 1046 1532 1106 εἰς
1568 1041 1774 1113 φθορὰν

193 1140 288 1209 τὴν
317 1140 407 1192 διὰ
436 1138 534 1192 τοῦ
566 1138 804 1192 θανάτου
829 1136 893 1191 τὸ
922 1137 1021 1207 τῆς
1047 1135 1193 1208 ζωῆς
1224 1136 1550 1205 καταλήγων
1585 1133 1739 1197 τέλος
1758 1150 1769 1162 ’

191 1231 331 1301 πρὸς
369 1231 428 1283 δὲ
459 1231 561 1301 τὴν
590 1228 972 1300 ἐπανόρθωσιν
994 1229 1095 1298 τῆς
1124 1226 1370 1291 ἀπαθοῦς
1389 1232 1406 1248 ‘
1434 1226 1648 1297 φύσεως
1674 1226 1771 1297 (ᾳ),

191 1321 545 1392 ἐπινοηθῆναι
569 1321 731 1374 πόνον
756 1318 849 1373 καὶ⁸
866 1318 1116 1383 θάνατον,
1138 1319 1321 1373 ἄδικον
1347 1316 1482 1387 ὁμοῦ
1512 1316 1607 1369 καὶ
1621 1317 1775 1369 ἀναί-

190 1430 303 1465 τιον
332 1428 344 1440 ·
380 1413 625 1467 ἀναίτιον
659 1413 778 1483 μὲν,
814 1411 890 1476 ὡς
923 1410 1180 1482 οὐδαμῶς
1232 1408 1615 1482 προλαϐοῦσαν
1651 1408 1775 1479 ήδοο

190 1502 283 1573 νὴν
310 1504 592 1573 ἐσχηκότα
624 1503 761 1574 πρὸς
788 1503 1003 1571 γένεσιν
1023 1521 1038 1535 ο
1068 1504 1253 1557 ἄδικον
1299 1502 1376 1567 δὲ,
1407 1500 1482 1565 ώς
1518 1500 1775 1571 οὐδεμιᾶς

188 1591 521 1659 τοπαράπαν
557 1590 701 1661 ζωῆς
728 1590 1010 1661 ὲμπαθοῦς
1037 1591 1167 1646 ὄντα
1193 1591 1461 1662 διάδοχον,
1486 1590 1578 1645 ἵνα
1610 1590 1774 1661 μέσος

187 1679 511 1751 διαληφθεὶς
560 1682 758 1753 ἡδονῆς
803 1682 1016 1746 ἀδίκου,
1049 1684 1144 1738 καὶ
1190 1684 1355 1738 πόνου
1399 1681 1497 1737 καὶ
1543 1682 1772 1736 θανάτου

186 1772 560 1840 δικαιοτάτου,
600 1775 763 1840 πόνος
814 1777 910 1829 καὶ
946 1776 1174 1841 θάνατος
1219 1773 1576 1842 ἀδικώτατος,
1606 1776 1771 1847 ἀνέλῃ
1806 1766 1844 1820 Β

184 1867 362 1920 διόλου
386 1867 488 1939 τὴν
525 1867 587 1932 ἐξ
616 1867 812 1938 ἡδονῆς
859 1868 1205 1938 ἀδικωτάτην
1236 1866 1435 1939 ἀρχὴν,
1479 1868 1574 1922 καὶ
1604 1868 1667 1922 τὸ
1702 1868 1769 1921 δι’

184 1959 359 2031 αὐτὴν
404 1960 496 2015 διὰ
534 1958 769 2015 θανάτου
808 1959 1150 2015 δικαιότατον
1195 1958 1350 2024 τέλος
1392 1959 1492 2028 τῆς
1532 1958 1769 2027 φύσεως,

184 2053 281 2105 καὶ
310 2052 546 2122 γένηται
594 2052 756 2106 πάλιν
797 2052 994 2125 ἡδονῆς
1033 2054 1128 2106 καὶ
1168 2050 1361 2123 ὀδύνης
1400 2050 1687 2123 ἐλεύθερον
1712 2052 1772 2104 τὸ

185 2144 349 2210 γένος
388 2146 502 2199 τῶν
543 2142 869 2216 ἀνθρώπων,
901 2143 999 2215 τὴν
1039 2143 1277 2215 ὲξαρχῆς
1317 2142 1612 2212 εὐκληρίαν
1634 2142 1772 2195 ἀπο-

182 2233 463 2308 λαϐούσης
497 2237 601 2307 τῆς
635 2235 870 2305 φύσεως,
894 2235 1082 2308 μηδενὶ
1107 2235 1216 2288 τῶν
1242 2233 1637 2305 ὲμπεφυκότων
1660 2236 1772 2297 τοῖς

186 2325 289 2380 ὑπὸ
324 2329 550 2398 γένεσιν
597 2330 690 2383 καὶ
715 2328 922 2401 φθοράν
952 2329 1350 2400 γνωρισμάτων
1380 2325 1769 2398 μολυνομένην.

182 2420 285 2474 Διά
318 2421 487 2474 τοῦτο
519 2421 652 2486 Θεὸς
681 2420 943 2493 ὑπάρχων
987 2420 1193 2484 τέλειος
1237 2418 1380 2475 κατά
1412 2418 1575 2487 φύσιν
1619 2420 1649 2472 ό
1673 2417 1766 2471 τοῦ

181 2511 323 2565 Θεοῦ
387 2515 588 2583 Λόγος,
648 2513 862 2583 γίνεται
910 2511 1115 2578 τέλειος
1165 2512 1452 2584 ἄνθρωπος
1485 2511 1774 2581 έκηψυχῆς

180 2607 383 2675 νοερᾶς
415 2606 514 2659 καὶ
548 2605 802 2678 σώματος
830 2605 1076 2677 παθητοῦ
1110 2604 1251 2661 κατά
1283 2603 1446 2674 φύσιν
1484 2604 1774 2674 παραπλη-

181 2698 319 2762 σίως
368 2700 526 2769 ἡμῖν,
563 2699 736 2769 χωρὶς
778 2698 949 2769 μόνης
1001 2697 1278 2768 ἁμαρτίας
1338 2693 1639 2759 συνεστώς·
1674 2695 1773 2765 τήν

183 2787 287 2857 μὲν
339 2789 407 2841 ὲκ
455 2789 555 2858 τῆς
610 2789 900 2859 παρακοῆς
942 2788 1155 2859 ἡδονὴν,
1198 2787 1449 2858 οὐδαμῶς
1490 2786 1773 2841 τοσύνολον

178 2878 467 2950 ἐσχηκὼς,
509 2879 930 2950 προηγουμένην
962 2877 1128 2932 αὐτοῦ
1170 2879 1268 2950 τῆς
1311 2879 1375 2932 ὲκ
1414 2878 1675 2948 γυναικὸς
1714 2882 1774 2935 ὲν

179 2968 370 3041 χρόνῳ
385 2970 693 3041 γεννήσεως
712 2986 729 3001 ·
754 2969 853 3041 τὴν
882 2969 939 3023 δὲ
975 2968 1042 3021 δι’
1069 2968 1238 3039 αὐτὴν
1265 2966 1475 3039 ὀδύνην,
1500 2969 1774 3041 ὑπάρχου-

179 3076 284 3113 σαν
329 3061 493 3124 τέλος
525 3060 626 3130 τῆς
667 3063 903 3130 φύσεως,
928 3059 1016 3113 διὰ
1056 3058 1467 3131 φιλανθρωπίαν
1500 3061 1644 3113 κατά
1682 3061 1771 3113 θέ-

1873 490 2178 559 voluptatis
2225 488 2403 559 pressi
2440 486 2730 559 tyrannide
2756 526 2769 549 ,
2825 485 2990 555 justis
3042 484 3328 541 laboribus
3366 488 3455 558 ju-

1876 582 2242 651 stissimaeque
2268 596 2336 635 ex
2366 580 2476 635 illis
2518 579 2685 634 morti
2724 586 2924 633 natura
2973 575 3202 630 obnoxii
3251 588 3450 643 erant;

1872 689 2057 744 operae
2081 673 2434 743 pretiumque
2460 682 2603 736 erat,
2624 680 2739 727 tum
2761 670 2828 725 ad
2857 669 3260 739 iniquissimam
3278 670 3454 725 inter-

1872 764 2153 819 imendam
2207 766 2581 835 voluptatem,
2634 764 2893 841 ejusque_
2930 778 3096 819 causa
3141 763 3457 834 justissime

1873 858 2126 911 invectos
2167 855 2390 910 labores
2412 855 2720 911 abolendos
2749 895 2763 920 ,
2808 856 3010 924 quibus
3054 855 3220 910 homo
3254 854 3457 909 misere

1872 948 2137 1003 laborans
2168 947 2587 1003 distrahebatur
2635 949 2742 1020 (cui
2794 947 3009 1003 scilicet
3048 963 3118 1003 ex
3154 946 3456 1017 voluptatis

1874 1055 1939 1095 ac
1966 1038 2214 1094 libidinis
2232 1038 2355 1093 labe
2376 1038 2610 1109 originis
2642 1046 2793 1094 esset
2823 1037 3069 1101 initium,
3107 1037 3276 1106 inque
3303 1051 3456 1090 mor-

1876 1130 1947 1186 tis
1983 1131 2166 1187 tabem
2193 1130 2320 1186 vita;
2345 1128 2472 1185 ﬁnis
2499 1129 2819 1199 desineret),
2867 1138 2982 1185 tum
3028 1128 3096 1182 ad
3150 1128 3458 1182 laborantis

1878 1232 2089 1279 naturae
2120 1222 2611 1287 instaurationem,
2644 1221 2891 1276 laborem
2931 1220 3235 1290 mortisque
3277 1221 3458 1275 inter-

1875 1321 2011 1374 itum
2063 1318 2401 1389 excogitari,
2454 1317 2724 1389 iniustum
2771 1317 2938 1372 simul
2984 1325 3043 1372 et
3082 1332 3304 1372 causam
3343 1331 3459 1371 non

1866 1411 2198 1466 habentem.
2229 1410 2439 1479 Nempe
2469 1423 2582 1463 non
2627 1408 2929 1463 habentem
2977 1422 3223 1471 causam,
3268 1415 3330 1461 ut
3363 1407 3460 1477 qui

1876 1510 2215 1573 praeeuntem
2247 1516 2361 1557 sum
2409 1499 2610 1571 origini
2653 1500 2996 1569 voluptatem
3030 1499 3461 1569 haudquaquam

1879 1594 2200 1659 habuisset;
2242 1593 2513 1664 injustum
2554 1607 2725 1657 vero,
2776 1601 2839 1647 ut
2884 1592 2980 1662 qui
3033 1592 3172 1647 nulli
3229 1607 3463 1663 prorsus

1878 1684 2195 1743 libidinosas
2226 1685 2353 1741 vita:
2377 1700 2563 1741 comes
2591 1693 2739 1740 esset
2768 1724 2782 1748 ,
2833 1691 2895 1738 ut
2938 1684 3202 1739 nimirum
3243 1685 3461 1743 medius

1874 1779 2219 1848 interceptus
2244 1777 2390 1834 inter
2416 1779 2677 1848 injustam
2712 1776 3072 1846 voluptatem,
3100 1776 3461 1848 laboremque

1872 1878 1932 1925 et
1986 1880 2220 1926 mortem
2275 1870 2643 1941 justissimam
2670 1908 2685 1933 ,
2736 1866 2900 1940 594
2951 1867 3109 1922 labor
3153 1869 3462 1928 mortisque

1874 1958 2137 2014 interitus
2169 1957 2587 2029 injustissimus,
2623 1956 3049 2028 injustissimam
3074 1971 3143 2010 ex
3176 1957 3464 2027 voluptate

1873 2050 2146 2121 originem
2175 2065 2408 2121 prorsus
2434 2050 2704 2110 aboleret,
2730 2064 2814 2113 ac,
2836 2048 2930 2118 qui
2954 2048 3077 2120 ejus
3098 2064 3265 2105 causa
3315 2064 3467 2104 mor-

1877 2141 1945 2196 tis
1961 2141 2285 2197 interitione
2304 2141 2632 2205 inoleverat,
2643 2139 3013 2211 iustissimum
3028 2149 3242 2195 naturae
3263 2140 3460 2207 ﬁnem;

1874 2234 2292 2305 humanumque
2324 2247 2502 2305 genus
2540 2247 2739 2287 rursus
2778 2247 2810 2285 a
2846 2232 3136 2301 voluptate
3158 2233 3465 2303 doloreque

1872 2326 2177 2390 eximeret,
2210 2335 2408 2380 natura
2438 2325 2733 2395 pristinam
2777 2325 3085 2395 recipiente
3128 2323 3462 2389 claritatem,

1872 2418 2041 2473 nullis
2077 2434 2268 2473 earum
2298 2432 2483 2471 rerum
2521 2417 2670 2473 nmis
2704 2416 2966 2472 fcedatam
2993 2458 3007 2483 ,
3048 2432 3171 2486 quae
3204 2417 3352 2471 ortui
3400 2431 3466 2471 ac

1874 2509 2127 2565 interitui
2161 2509 2417 2564 obnoxia
2446 2516 2597 2565 sunt.
2640 2508 2859 2563 Idcirco
2883 2523 3010 2563 cum
3046 2507 3195 2562 Deus
3222 2523 3322 2578 per
3364 2522 3465 2561 na-

1876 2614 2056 2656 turam
2077 2601 2362 2672 perlectus
2383 2610 2551 2667 esset,
2574 2600 2673 2656 Dei
2697 2601 2939 2655 Verbum
2980 2600 3264 2670 perfectus
3293 2600 3464 2653 homo

1875 2692 1957 2758 ﬁt,
1991 2708 2061 2747 ex
2090 2692 2277 2748 anima
2317 2693 2681 2763 intelligente,
2717 2708 2781 2747 ac
2832 2692 3053 2746 mortali
3083 2706 3182 2761 per
3205 2697 3463 2745 naturam

1876 2800 2134 2856 corpore,
2164 2786 2332 2841 simili
2355 2786 2518 2841 nobis
2541 2785 2778 2849 ratione,
2808 2800 2920 2839 uno
2945 2783 3215 2839 duntaxat
3236 2792 3467 2853 peccato

1874 2889 2130 2950 excepto,
2170 2878 2486 2935 consistens
2524 2879 2650 2948 :qui
2700 2893 2823 2933 eam
2853 2876 3079 2946 quidem
3115 2876 3465 2946 voluptatem

1876 2989 1976 3029 seu
2025 2972 2356 3037 libidinem,
2410 2987 2531 3041 quae
2586 2969 2819 3024 inolevit
2851 2984 2919 3023 ex
2972 2967 3413 3038 transgressione
3444 3004 3461 3030 ,

1880 3062 2174 3133 temporali
2205 3063 2380 3134 ipsius
2411 3078 2478 3117 ex
2530 3060 2765 3115 muliere
2802 3058 3082 3114 nativitati
3121 3065 3463 3127 prmeuntem

150 3178 153 3179 ν
177 3151 345 3224 λησιν
382 3152 833 3222 προσηκάμενος,
860 3152 948 3205 ἵνα
971 3150 1198 3222 πάσχων
1221 3151 1447 3217 ἀδίκως,
1485 3152 1650 3226 ἀνέλῃ
1679 3151 1777 3224 τὴν

1884 3158 2038 3212 nullo
2087 3172 2320 3227 prorsus
2369 3154 2538 3209 modo
2570 3153 2823 3216 haberet,
2862 3151 3087 3206 tametsi
3119 3151 3270 3205 illius
3304 3164 3470 3204 causa

176 3241 237 3307 ἐξ
269 3241 478 3311 ἡδονῆς
512 3241 699 3294 ἀδίκου
742 3241 1116 3311 τυραννοῡσαν
1141 3242 1239 3313 τὴν
1276 3241 1439 3312 φύσιν
1476 3243 1653 3315 ἀρχὴν
1684 3245 1782 3315 τῆς

174 3332 467 3401 γενέσεως
487 3348 502 3361 ·
531 3331 632 3385 οὐκ
658 3332 891 3402 ἔχουσαν
920 3333 996 3397 ώς
1028 3334 1189 3403 χρέος
1215 3334 1356 3405 ὑπὲρ
1391 3335 1565 3406 αὐτῆς
1607 3337 1782 3390 ἐκτιν-

173 3426 421 3495 νύμενον
457 3424 598 3478 κατά
628 3426 755 3489 τοὺς
785 3424 984 3489 ἄλλους
1017 3424 1341 3498 ἀνθρώπους
1373 3431 1469 3483 καὶ
1529 3429 1624 3482 τοῦ
1668 3431 1783 3482 Κυ-

178 3516 302 3586 ρίου
335 3514 439 3568 τὸν
467 3514 715 3581 θάνατον,
742 3516 881 3570 ἀλλά
919 3517 1120 3587 μᾶλλον
1148 3518 1267 3571 κατ’
1291 3518 1464 3591 αὐτῆς
1480 3521 1782 3591 προϐεσλη-

179 3606 348 3675 μένον
369 3621 385 3635 ·
417 3605 521 3659 καὶ
554 3605 617 3660 τὸ
643 3606 732 3660 διά
762 3605 855 3659 τοῦ
889 3605 1123 3660 θανάτου
1167 3608 1378 3661 δίκαιον
1407 3609 1558 3673 τέλος
1584 3611 1785 3680 ἐξαφα-

175 3697 307 3771 νίσῃ
334 3698 445 3768 τῆς
474 3698 714 3765 φύσεως,
745 3699 845 3751 οὐκ
874 3699 1012 3769 ἔχων
1040 3698 1139 3770 τὴν
1167 3698 1235 3751 δι’
1256 3700 1322 3771 ἢν
1345 3700 1657 3770 ἐπεισῆλθε,
1690 3702 1785 3753 καὶ

176 3787 274 3841 ὑπ’
310 3788 491 3842 αὑτοῦ
533 3788 759 3853 δικαίως
812 3789 1257 3861 τιμωρουμένην,
1323 3790 1399 3854 ὡς
1454 3790 1636 3844 αἰτίαν
1679 3791 1775 3844 τοῦ

177 3875 328 3933 εἶναι
362 3881 690 3951 παράνομον
723 3880 935 3952 ἡδονήν.

1887 3252 2171 3306 invectum
2211 3248 2462 3304 dolorem
2497 3288 2512 3311 ,
2546 3246 2641 3317 qui
2673 3255 2887 3301 naturae
2918 3243 3044 3298 linis
3074 3242 3327 3307 exsistat,
3357 3257 3472 3312 prae

1884 3358 2097 3399 summa
2131 3341 2478 3396 humanitate
2509 3354 2573 3393 ac
2617 3337 2987 3409 benignitate,
3028 3336 3313 3390 voluntate
3353 3334 3473 3404 ipse

1888 3450 1987 3489 sua
2035 3433 2401 3496 admisisset,
2454 3438 2517 3485 ut
2569 3429 2773 3500 injuste
2832 3428 3050 3498 patiens
3090 3427 3469 3496 moriensque,

1889 3525 2122 3595 primam
2162 3538 2228 3578 ex
2264 3522 2454 3592 iniqua
2484 3521 2769 3592 voluptate
2801 3520 3096 3591 originem,
3129 3528 3384 3573 naturam
3417 3518 3473 3572 vi

1887 3616 2319 3686 opprimentem,
2354 3614 2705 3685 proﬂigaret;
2734 3628 2856 3683 qua:
2879 3613 3113 3677 scilicet,
3151 3611 3379 3682 perinde
3410 3627 3475 3665 ac

1889 3708 2237 3775 reliquorum
2268 3705 2557 3759 hominum
2584 3745 2599 3767 ,
2652 3704 2732 3759 sic
2760 3714 2817 3758 et
2848 3703 3067 3756 Domini
3099 3712 3335 3758 mortem
3372 3717 3474 3773 pro

1895 3812 1959 3850 ea
1991 3794 2287 3849 obnoxiam
2327 3808 2394 3847 ac
2426 3794 2582 3848 velut
2614 3809 2682 3848 ex
2715 3791 2906 3847 debito
2939 3792 3256 3847 solvendam
3284 3832 3300 3857 ,
3362 3808 3475 3847 non

1887 3889 2154 3953 haberet;
2186 3886 2284 3941 sed
2310 3900 2431 3956 quae
2457 3885 2640 3955 potius
2668 3885 2749 3939 illi
2772 3884 3007 3939 adversa
3031 3874 3202 3947 esset,
3227 3884 3473 3954 justum-

174 3988 291 4042 que
336 3973 541 4028 mortis
584 3972 903 4029 interitioue
952 3982 1165 4029 natura:
1200 3972 1365 4030 linem
1419 3975 1701 4043 aboleret;
1733 3979 1822 4034 cui
1858 3981 2123 4036 nimirum
2173 3979 2363 4049 iniqua
2397 3979 2656 4049 voluptas
2678 3993 2743 4032 ac
2772 3976 2967 4042 libido,
2995 3974 3154 4045 cujus
3176 3975 3269 4030 ille
3291 3976 3473 4047 gratia

178 4072 449 4135 inolevit,
478 4086 541 4125 ac
578 4087 744 4140 quam
806 4071 954 4142 justc
993 4070 1331 4136 ulciscatur,
1402 4081 1463 4126 ut
1502 4087 1617 4127 sum
1649 4082 1845 4130 auctor
1879 4075 2114 4148 originis
2154 4074 2387 4131 minime
2421 4080 2764 4144 suppeteret.

259 4172 338 4237 μ’.
388 4165 539 4219 Ἔδει
570 4165 645 4228 ὡς
680 4165 917 4236 ἀληθῶς,
965 4165 1096 4232 ἔδει,
1132 4166 1293 4234 σοφὸν
1330 4167 1425 4220 καὶ
1453 4168 1660 4222 δίκαιον
1691 4171 1784 4223 καὶ

188 4259 437 4314 δυνατὸν
464 4258 594 4312 ὄντα
625 4258 768 4312 κατά
794 4261 962 4328 φύσιν
990 4260 1081 4313 τὸν
1108 4258 1335 4331 Κύριον,
1360 4260 1436 4323 ώς
1469 4261 1569 4331 μὲν
1597 4263 1781 4332 σοφὸν,

1963 4172 2054 4227 40.
2082 4172 2328 4227 Decebat
2370 4171 2534 4241 plane
2586 4184 2650 4224 ac
2703 4184 2805 4239 par
2836 4177 2976 4233 erat,
3015 4166 3337 4232 Dominum,
3377 4169 3473 4237 qui

1891 4290 1992 4344 per
2017 4282 2272 4327 naturam
2307 4271 2550 4342 sapiens,
2587 4271 2884 4342 justusque
2908 4284 2973 4324 ac
2997 4276 3197 4339 potens
3221 4270 3471 4336 exsistat,

182 4352 264 4423 μὴ
305 4349 582 4419 ἀγνοῆσαι
618 4350 712 4404 τὸν
761 4351 962 4421 τρόπον
1004 4351 1105 4422 τῆς
1142 4355 1412 4424 ἰατρείας·
1457 4357 1533 4421 ώς
1583 4356 1777 4412 δίκαιοι

1896 4374 1957 4421 ut
1992 4365 2219 4437 quidem
2252 4365 2582 4435 sapientem,
2618 4380 2732 4418 non
2768 4364 2990 4419 nescire
3020 4364 3325 4418 curationis
3353 4380 3474 4419 mo-

178 4444 264 4505 δὲ,
323 4444 405 4512 μὴ
465 4442 796 4513 τυραννικὴν
843 4444 1175 4514 ποιήσασθαι
1210 4444 1304 4499 τοῦ
1347 4447 1785 4519 κατειλημμένου

182 4534 340 4588 κατά
378 4532 607 4603 γνώμην
644 4533 750 4585 ὑπὸ
781 4533 881 4605 τῆς
924 4535 1198 4605 ἁμαρτίας
1228 4536 1517 4608 ἀνθρώπου
1547 4540 1647 4610 τὴν
1680 4557 1785 4593 σω-

181 4626 401 4696 τηρίαν
424 4641 437 4654 ·
471 4625 545 4688 ώς
574 4625 630 4678 δὲ
662 4627 841 4679 πάντα
891 4626 1207 4696 δυνάμενον,
1237 4628 1311 4700 μὴ
1347 4631 1604 4702 ἀτονῆσαι
1650 4634 1785 4702 πρὸς

184 4720 295 4790 τὴν
327 4717 432 4784 τῆς
473 4719 715 4789 ἰατρείας
746 4721 1119 4792 ἐκπλήρωσιν.

271 4816 392 4881 μα’.
435 4811 508 4863 Τὸ
545 4812 644 4879 μὲν
675 4811 839 4879 σοφὸν
868 4811 963 4865 τοῦ
1009 4811 1165 4877 Θεοῦ,
1200 4814 1260 4866 ὲν
1292 4812 1370 4884 τῷ
1407 4815 1658 4884 γενέσθαι
1691 4818 1791 4887 φύ-

193 4923 284 4958 σει
334 4905 459 4956 κατ’
496 4903 761 4975 ἀλήθειαν
803 4903 1118 4975 ἄνθρωπον.
1158 4906 1467 4960 δείκνυταιθ
1519 4908 1579 4961 τὸ
1622 4909 1677 4962 δὲ
1712 4911 1792 4963 δί-

189 5014 386 5059 καιον,
413 4995 470 5047 ἐν
523 4996 600 5066 τῷ
636 4997 696 5048 τὸ
737 4996 977 5067 παθητὸν
1023 4996 1163 5052 κατά
1207 4998 1306 5069 τὴν
1334 4998 1551 5066 γένεσιν
1586 5001 1790 5071 ὁμοίως

190 5092 339 5160 ἡμῖν
374 5088 726 5160 ἀνειληφέναι
760 5088 859 5158 τῆς
888 5087 1103 5157 φύσεως
1127 5105 1140 5118 ·
1172 5088 1233 5142 τὸ
1265 5088 1321 5141 δὲ
1354 5089 1597 5157 δυνατὸν,
1631 5093 1686 5145 ὲν
1712 5091 1790 5161 τῷ

1896 4458 2072 4514 (ιωηέ
2110 4466 2173 4513 ut
2202 4468 2386 4514 autem
2436 4459 2672 4530 justum,
2722 4473 2834 4513 non
2888 4457 2941 4511 vi
2984 4458 3187 4528 palam,
3231 4457 3476 4513 hominis

1895 4564 1994 4603 sua
2017 4547 2304 4603 voluntate
2335 4556 2563 4617 peccato
2593 4547 2726 4602 facti
2753 4546 3008 4611 obnoxii,
3064 4546 3299 4602 salutem
3332 4564 3479 4619 prte-

1894 4649 2043 4694 starc
2075 4656 2087 4692 :
2118 4647 2286 4709 atque
2316 4649 2376 4693 ut
2400 4639 2862 4709 omnipotentem,
2885 4637 3211 4707 complenda
3243 4639 3477 4695 sanitate

1896 4746 2005 4799 non
2047 4729 2305 4785 deficere.

1967 4822 2055 4875 4|.
2095 4822 2192 4876 Dei
2229 4822 2456 4891 quidem
2502 4822 2774 4892 sapientia
2822 4823 2876 4876 in
2934 4838 3003 4877 eo
3044 4824 3274 4888 elucet,
3330 4824 3475 4893 quod

1896 4930 2026 4969 vere
2054 4923 2251 4968 natura
2280 4914 2459 4969 factus
2493 4915 2566 4968 sit
2591 4914 2758 4970 homo
2806 4933 2818 4969 :
2854 4917 3069 4985 justitia
3098 4931 3232 4971 vero
3258 4956 3272 4980 ,
3328 4916 3475 4986 quod

1896 5005 2063 5059 simili
2098 5006 2260 5060 nobis
2290 5007 2506 5061 ratione
2530 5016 2741 5062 natura:
2768 5006 2877 5060 vim
2906 5008 3188 5077 patibilem
3214 5016 3337 5062 ortu
3376 5024 3477 5062 suo

1898 5097 2262 5166 assumpserit
2298 5115 2309 5150 :
2348 5098 2596 5167 potentia
2631 5098 2894 5169 denique,
2943 5099 3087 5168 quod
3121 5096 3477 5171 paSsionibus

274 5232 295 5251 ⁴
327 5228 430 5299 Qq.
463 5229 529 5284 ad
562 5228 780 5283 Thalas.
809 5244 865 5298 q.
892 5228 982 5292 61,
1012 5227 1325 5298 παθούσης
1354 5230 1503 5299 quod
1532 5240 1589 5285 et
1617 5232 1930 5303 legendum.

282 5342 364 5415 (τι)
411 5343 526 5415 Τῆς
564 5340 833 5407 ἀπαθοῦς
860 5343 1121 5409 φύσεως.
1171 5340 1437 5415 Sicdicta
1473 5340 1529 5395 in
1567 5341 1788 5415 Christo

197 5412 444 5494 natura,
485 5414 673 5495 sicque
719 5420 1116 5495 repraesentant
1166 5412 1341 5495 codd.
1369 5485 1381 5495 _
1406 5421 1571 5495 atque
1593 5414 1784 5495 edita,

198 5483 305 5540 cui
332 5483 559 5552 proinde
583 5482 736 5537 labor
759 5490 924 5553 atque
958 5498 1125 5545 mors,
1154 5482 1341 5553 ,ἄδικος
1360 5482 1493 5553 ὁμοῦ
1521 5484 1616 5537 καὶ
1632 5483 1787 5537 ἀναί-

198 5571 331 5623 τιος
366 5553 526 5609 foret.
568 5553 675 5609 Sed
707 5552 840 5605 mihi
873 5552 1017 5623 istud
1042 5552 1236 5607 durius
1266 5569 1285 5623 :7
1308 5552 1492 5623 longe
1522 5569 1652 5607 vero
1686 5570 1785 5609 ex-

201 5622 459 5695 peditam
491 5624 637 5693 quod
669 5623 933 5695 habetur,
960 5621 1155 5686 Quaest.
1187 5622 1257 5676 ad
1277 5621 1592 5695 ΤΙιαί.“πρὲις
1620 5625 1787 5695 έπαν.

202 5692 452 5764 ὄρθωσιν
502 5692 600 5763 τῆς
642 5692 919 5762 παθούσης
958 5695 1171 5760 φύσεως
1208 5710 1223 5724 ·
1265 5694 1411 5761 quod
1455 5692 1513 5749 et
1545 5694 1778 5751 reddidi.

543 5789 810 5847 ΡΑτιιυι.
858 5787 953 5844 (in
1008 5786 1129 5846 XC.

1898 5348 1991 5422 §ic
2014 5360 2162 5422 certe
2187 5349 2615 5422 totajlaborahat
2635 5357 2852 5411 natura,
2899 5359 3121 5419 totaque
3151 5354 3478 5422 reparanda,

1893 5419 2098 5476 Christi
2143 5420 2431 5476 laboribus
2479 5429 2535 5490 et
2573 5426 2750 5473 morte
2783 5436 2907 5490 non
2956 5432 3169 5475 naturae
3206 5419 3476 5490 ἀπαθοῦς,

1894 5491 2043 5560 quod
2072 5507 2175 5547 nec
2199 5491 2317 5613 igsa
2351 5490 2431 5544 sic
2465 5489 2718 5543 absolute
2762 5489 2980 5544 dicatur
3011 5490 3217 5546 Christi
3256 5489 3477 5563 natura,

1894 5577 2015 5613 uuze
2046 5563 2105 5613 τὸ
2135 5580 2210 5613 πα
2250 5560 2375 5613 ητὸν
2405 5560 2587 5613 carnis
2631 5560 2876 5613 haberet.
2914 5563 3273 5613 quantumvis
3334 5576 3477 5613 esset

1893 5577 2015 5629 quze
2046 5563 2105 5616 τὸ
2135 5560 2375 5630 παθητὸν
2405 5560 2587 5614 carnis
2631 5560 2877 5625 haberet,
2914 5563 3273 5630 quantumvis
3334 5560 3477 5623 esset

1893 5632 2130 5705 ἀπαθὴς,
2168 5630 2314 5703 quod
2343 5631 2410 5685 ad
2436 5630 2629 5685 vitium
2654 5631 2853 5685 attinet
2873 5646 2935 5686 ac
2956 5630 3195 5700 culpam.

3089 5792 3163 5847 ιο
