  <div class='ocr_page' id='page_1' title='image "/cluster/home/n/w/nwhite01/storage/ocr_20150623/90/pst.000005712960/702.png"; bbox 0 0 3922 6348; ppageno 0'>
   <div class='ocr_carea' id='block_1_1' title="bbox 216 320 354 387">
    <p class='ocr_par' dir='ltr' id='par_1_1' title="bbox 216 320 354 387">
     <span class='ocr_line' id='line_1_1' title="bbox 216 320 354 387; baseline -0.08 0"><span class='ocrx_word' id='word_1_1' title='bbox 216 320 354 387; x_wconf 71' lang='lat'><strong>1325</strong></span> 
     </span>
    </p>
   </div>
   <div class='ocr_carea' id='block_1_2' title="bbox 905 298 2822 378">
    <p class='ocr_par' dir='ltr' id='par_1_2' title="bbox 905 298 2822 378">
     <span class='ocr_line' id='line_1_2' title="bbox 905 298 2822 378; baseline -0.006 -6"><span class='ocrx_word' id='word_1_2' title='bbox 905 310 1239 372; x_wconf 72' lang='lat' dir='ltr'><strong>CAPITUM</strong></span> <span class='ocrx_word' id='word_1_3' title='bbox 1276 300 1699 378; x_wconf 85' lang='lat' dir='ltr'><strong>OUINQUIES</strong></span> <span class='ocrx_word' id='word_1_4' title='bbox 1736 298 2253 363; x_wconf 79' lang='lat' dir='ltr'><strong>CENTENORUM</strong></span> <span class='ocrx_word' id='word_1_5' title='bbox 2294 301 2685 363; x_wconf 83' lang='lat' dir='ltr'><strong>CENTURIA</strong></span> <span class='ocrx_word' id='word_1_6' title='bbox 2721 302 2822 361; x_wconf 89' lang='lat' dir='ltr'><strong>IV.</strong></span> 
     </span>
    </p>
   </div>
   <div class='ocr_carea' id='block_1_3' title="bbox 3341 295 3480 363">
    <p class='ocr_par' dir='ltr' id='par_1_3' title="bbox 3341 295 3480 363">
     <span class='ocr_line' id='line_1_3' title="bbox 3341 295 3480 363; baseline 0.022 -3"><span class='ocrx_word' id='word_1_7' title='bbox 3341 295 3480 363; x_wconf 75' lang='lat'><strong>1326</strong></span> 
     </span>
    </p>
   </div>
   <div class='ocr_carea' id='block_1_4' title="bbox 213 408 1817 505">
    <p class='ocr_par' dir='ltr' id='par_1_4' title="bbox 213 415 1795 505">
     <span class='ocr_line' id='line_1_4' title="bbox 213 415 1795 505; baseline -0.013 -17"><span class='ocrx_word' id='word_1_8' title='bbox 213 428 645 505; x_wconf 77' lang='grc' dir='ltr'><strong>προηγουμένως</strong></span> <span class='ocrx_word' id='word_1_9' title='bbox 693 424 795 478; x_wconf 78' lang='grc' dir='ltr'><strong>οὐκ</strong></span> <span class='ocrx_word' id='word_1_10' title='bbox 839 422 1010 477; x_wconf 77' lang='grc' dir='ltr'>όντων</span> <span class='ocrx_word' id='word_1_11' title='bbox 1043 423 1107 475; x_wconf 76' lang='grc' dir='ltr'>ἐκ</span> <span class='ocrx_word' id='word_1_12' title='bbox 1138 421 1234 475; x_wconf 79' lang='grc' dir='ltr'>τοῦ</span> <span class='ocrx_word' id='word_1_13' title='bbox 1261 420 1419 485; x_wconf 74' lang='grc' dir='ltr'>Θεοῦ,</span> <span class='ocrx_word' id='word_1_14' title='bbox 1451 418 1552 488; x_wconf 83' lang='grc' dir='ltr'>τὴν</span> <span class='ocrx_word' id='word_1_15' title='bbox 1580 415 1795 500; x_wconf 62' lang='grc' dir='ltr'>αναίρε-</span> 
     </span>
    </p>
   </div>
   <div class='ocr_carea' id='block_1_5' title="bbox 1926 408 3482 505">
    <p class='ocr_par' dir='ltr' id='par_1_5' title="bbox 1926 408 3482 484">
     <span class='ocr_line' id='line_1_5' title="bbox 1926 408 3482 484; baseline 0.002 -20"><span class='ocrx_word' id='word_1_16' title='bbox 1926 423 2055 468; x_wconf 51' lang='lat' dir='ltr'><strong>irtus</strong></span> <span class='ocrx_word' id='word_1_17' title='bbox 2089 429 2190 484; x_wconf 90' lang='lat' dir='ltr'><strong>pro</strong></span> <span class='ocrx_word' id='word_1_18' title='bbox 2214 415 2334 483; x_wconf 85' lang='lat' dir='ltr'><strong>ejus</strong></span> <span class='ocrx_word' id='word_1_19' title='bbox 2358 408 2535 482; x_wconf 84' lang='lat' dir='ltr'><strong>ipsius</strong></span> <span class='ocrx_word' id='word_1_20' title='bbox 2560 411 2776 467; x_wconf 76' lang='lat' dir='ltr'><strong>ratione</strong></span> <span class='ocrx_word' id='word_1_21' title='bbox 2807 408 3069 474; x_wconf 75' lang='lat' dir='ltr'><strong>sustulit;</strong></span> <span class='ocrx_word' id='word_1_22' title='bbox 3112 415 3174 463; x_wconf 92' lang='lat' dir='ltr'><strong>ut</strong></span> <span class='ocrx_word' id='word_1_23' title='bbox 3218 424 3341 480; x_wconf 67' lang='lat' dir='ltr'><strong>quae</strong></span> <span class='ocrx_word' id='word_1_24' title='bbox 3368 426 3482 467; x_wconf 91' lang='lat' dir='ltr'><strong>non</strong></span> 
     </span>
    </p>
   </div>
   <div class='ocr_carea' id='block_1_6' title="bbox 216 507 1793 591">
    <p class='ocr_par' dir='ltr' id='par_1_6' title="bbox 216 507 1793 591">
     <span class='ocr_line' id='line_1_6' title="bbox 216 507 1793 591; baseline -0.014 -11"><span class='ocrx_word' id='word_1_25' title='bbox 216 543 300 580; x_wconf 89' lang='grc' dir='ltr'><strong>σιν</strong></span> <span class='ocrx_word' id='word_1_26' title='bbox 340 524 657 591; x_wconf 77' lang='grc' dir='ltr'>ἐποιήσατο,</span> <span class='ocrx_word' id='word_1_27' title='bbox 691 516 788 570; x_wconf 69' lang='grc' dir='ltr'><strong>καὶ</strong></span> <span class='ocrx_word' id='word_1_28' title='bbox 818 517 1028 578; x_wconf 84' lang='grc' dir='ltr'>πάντας</span> <span class='ocrx_word' id='word_1_29' title='bbox 1066 514 1192 575; x_wconf 74' lang='grc' dir='ltr'>τοὺς</span> <span class='ocrx_word' id='word_1_30' title='bbox 1225 509 1505 582; x_wconf 79' lang='grc' dir='ltr'><strong>μυστικῶς</strong></span> <span class='ocrx_word' id='word_1_31' title='bbox 1537 508 1597 573; x_wconf 75' lang='grc' dir='ltr'>ἐξ</span> <span class='ocrx_word' id='word_1_32' title='bbox 1628 507 1793 560; x_wconf 81' lang='grc' dir='ltr'>αὑτοῦ</span> 
     </span>
    </p>
   </div>
   <div class='ocr_carea' id='block_1_7' title="bbox 217 595 1795 679">
    <p class='ocr_par' dir='ltr' id='par_1_7' title="bbox 217 595 1795 679">
     <span class='ocr_line' id='line_1_7' title="bbox 217 595 1795 679; baseline -0.014 -13"><span class='ocrx_word' id='word_1_33' title='bbox 217 607 717 679; x_wconf 81' lang='grc' dir='ltr'>ἁναγεννωμὲνους,</span> <span class='ocrx_word' id='word_1_34' title='bbox 752 603 855 673; x_wconf 83' lang='grc' dir='ltr'><strong>τῆς</strong></span> <span class='ocrx_word' id='word_1_35' title='bbox 886 601 972 655; x_wconf 74' lang='grc' dir='ltr'>ἐπ’</span> <span class='ocrx_word' id='word_1_36' title='bbox 1028 601 1201 669; x_wconf 72' lang='grc' dir='ltr'>αὐτῆς</span> <span class='ocrx_word' id='word_1_37' title='bbox 1252 599 1443 669; x_wconf 77' lang='grc' dir='ltr'>ἐνοχῆς</span> <span class='ocrx_word' id='word_1_38' title='bbox 1477 595 1795 665; x_wconf 74' lang='grc' dir='ltr'>ἐλευθέρους</span> 
     </span>
    </p>
   </div>
   <div class='ocr_carea' id='block_1_8' title="bbox 219 705 538 771">
    <p class='ocr_par' dir='ltr' id='par_1_8' title="bbox 219 705 538 771">
     <span class='ocr_line' id='line_1_8' title="bbox 219 705 538 771; baseline -0.025 -10"><span class='ocrx_word' id='word_1_39' title='bbox 219 705 538 771; x_wconf 81' lang='grc' dir='ltr'>κατέστησε.</span> 
     </span>
    </p>
   </div>
   <div class='ocr_carea' id='block_1_9' title="bbox 287 781 1800 867">
    <p class='ocr_par' dir='ltr' id='par_1_9' title="bbox 287 781 1800 867">
     <span class='ocr_line' id='line_1_9' title="bbox 287 781 1800 867; baseline -0.013 -16"><span class='ocrx_word' id='word_1_40' title='bbox 287 795 528 867; x_wconf 77' lang='grc' dir='ltr'>με’.Τὴν</span> <span class='ocrx_word' id='word_1_41' title='bbox 559 795 624 845; x_wconf 84' lang='grc' dir='ltr'><strong>ὲκ</strong></span> <span class='ocrx_word' id='word_1_42' title='bbox 647 792 741 844; x_wconf 66' lang='grc' dir='ltr'>τοῦ</span> <span class='ocrx_word' id='word_1_43' title='bbox 796 789 961 859; x_wconf 83' lang='grc' dir='ltr'>νόμον</span> <span class='ocrx_word' id='word_1_44' title='bbox 1015 788 1117 855; x_wconf 80' lang='grc' dir='ltr'><strong>τῆς</strong></span> <span class='ocrx_word' id='word_1_45' title='bbox 1163 784 1438 856; x_wconf 76' lang='grc' dir='ltr'>ἁμαρτίας</span> <span class='ocrx_word' id='word_1_46' title='bbox 1483 781 1676 853; x_wconf 74' lang='grc' dir='ltr'>ἡδονὴν</span> <span class='ocrx_word' id='word_1_47' title='bbox 1720 782 1800 842; x_wconf 84' lang='grc' dir='ltr'><strong>είς</strong></span> 
     </span>
    </p>
   </div>
   <div class='ocr_carea' id='block_1_10' title="bbox 217 872 1801 960">
    <p class='ocr_par' dir='ltr' id='par_1_10' title="bbox 217 872 1801 960">
     <span class='ocr_line' id='line_1_10' title="bbox 217 872 1801 960; baseline -0.013 -14"><span class='ocrx_word' id='word_1_48' title='bbox 217 891 473 960; x_wconf 76' lang='grc' dir='ltr'><strong>ἀθέτησιν</strong></span> <span class='ocrx_word' id='word_1_49' title='bbox 525 886 627 956; x_wconf 83' lang='grc' dir='ltr'>τῆς</span> <span class='ocrx_word' id='word_1_50' title='bbox 680 884 823 938; x_wconf 79' lang='grc' dir='ltr'><strong>κατὰ</strong></span> <span class='ocrx_word' id='word_1_51' title='bbox 872 883 1054 952; x_wconf 80' lang='grc' dir='ltr'>σάρκα</span> <span class='ocrx_word' id='word_1_52' title='bbox 1087 880 1395 950; x_wconf 80' lang='grc' dir='ltr'><strong>γεννήσεως</strong></span> <span class='ocrx_word' id='word_1_53' title='bbox 1430 876 1538 929; x_wconf 86' lang='grc' dir='ltr'><strong>τῶν</strong></span> <span class='ocrx_word' id='word_1_54' title='bbox 1568 878 1628 928; x_wconf 84' lang='grc' dir='ltr'>ὲν</span> <span class='ocrx_word' id='word_1_55' title='bbox 1652 872 1801 942; x_wconf 83' lang='grc' dir='ltr'>αὑτῴ</span> 
     </span>
    </p>
   </div>
   <div class='ocr_carea' id='block_1_11' title="bbox 220 964 1801 1054">
    <p class='ocr_par' dir='ltr' id='par_1_11' title="bbox 220 964 1801 1054">
     <span class='ocr_line' id='line_1_11' title="bbox 220 964 1801 1054; baseline -0.014 -16"><span class='ocrx_word' id='word_1_56' title='bbox 220 983 404 1054; x_wconf 84' lang='grc' dir='ltr'>χάριτι</span> <span class='ocrx_word' id='word_1_57' title='bbox 426 980 514 1034; x_wconf 74' lang='grc' dir='ltr'>διὰ</span> <span class='ocrx_word' id='word_1_58' title='bbox 537 977 854 1047; x_wconf 80' lang='grc' dir='ltr'>Πνεύματος</span> <span class='ocrx_word' id='word_1_59' title='bbox 890 970 1249 1043; x_wconf 77' lang='grc' dir='ltr'><strong>γεννωμένων</strong></span> <span class='ocrx_word' id='word_1_60' title='bbox 1294 972 1323 1023; x_wconf 93' lang='lat'><strong>6</strong></span> <span class='ocrx_word' id='word_1_61' title='bbox 1360 969 1565 1039; x_wconf 81' lang='grc' dir='ltr'>Κύριος</span> <span class='ocrx_word' id='word_1_62' title='bbox 1602 964 1801 1036; x_wconf 82' lang='grc' dir='ltr'>ἀφελό-</span> 
     </span>
    </p>
   </div>
   <div class='ocr_carea' id='block_1_12' title="bbox 225 1055 1803 1145">
    <p class='ocr_par' dir='ltr' id='par_1_12' title="bbox 225 1055 1803 1145">
     <span class='ocr_line' id='line_1_12' title="bbox 225 1055 1803 1145; baseline -0.011 -18"><span class='ocrx_word' id='word_1_63' title='bbox 225 1090 407 1145; x_wconf 86' lang='grc' dir='ltr'>μενος,</span> <span class='ocrx_word' id='word_1_64' title='bbox 443 1072 532 1125; x_wconf 75' lang='grc' dir='ltr'><strong>τὸν</strong></span> <span class='ocrx_word' id='word_1_65' title='bbox 567 1072 646 1133; x_wconf 85' lang='grc' dir='ltr'>εἰς</span> <span class='ocrx_word' id='word_1_66' title='bbox 675 1067 974 1137; x_wconf 74' lang='grc' dir='ltr'>καταδίκην</span> <span class='ocrx_word' id='word_1_67' title='bbox 1005 1064 1068 1117; x_wconf 76' lang='grc' dir='ltr'>τὸ</span> <span class='ocrx_word' id='word_1_68' title='bbox 1099 1063 1364 1135; x_wconf 87' lang='grc' dir='ltr'>πρότερον</span> <span class='ocrx_word' id='word_1_69' title='bbox 1396 1060 1529 1114; x_wconf 77' lang='grc' dir='ltr'>ὅντα</span> <span class='ocrx_word' id='word_1_70' title='bbox 1564 1058 1664 1128; x_wconf 79' lang='grc' dir='ltr'><strong>τῆς</strong></span> <span class='ocrx_word' id='word_1_71' title='bbox 1699 1055 1803 1127; x_wconf 82' lang='grc' dir='ltr'><strong>φύ-</strong></span> 
     </span>
    </p>
   </div>
   <div class='ocr_carea' id='block_1_13' title="bbox 220 1148 1802 1230">
    <p class='ocr_par' dir='ltr' id='par_1_13' title="bbox 220 1148 1802 1230">
     <span class='ocr_line' id='line_1_13' title="bbox 220 1148 1802 1230; baseline -0.014 -12"><span class='ocrx_word' id='word_1_72' title='bbox 220 1182 381 1228; x_wconf 89' lang='grc' dir='ltr'>σεως,</span> <span class='ocrx_word' id='word_1_73' title='bbox 419 1164 498 1224; x_wconf 86' lang='grc' dir='ltr'>εἰς</span> <span class='ocrx_word' id='word_1_74' title='bbox 534 1160 631 1230; x_wconf 80' lang='grc' dir='ltr'><strong>τὴν</strong></span> <span class='ocrx_word' id='word_1_75' title='bbox 666 1159 764 1227; x_wconf 83' lang='grc' dir='ltr'><strong>τῆς</strong></span> <span class='ocrx_word' id='word_1_76' title='bbox 794 1155 1071 1227; x_wconf 80' lang='grc' dir='ltr'>ἁμαρτίας</span> <span class='ocrx_word' id='word_1_77' title='bbox 1104 1152 1431 1222; x_wconf 71' lang='grc' dir='ltr'><strong>κατάκρισιν</strong></span> <span class='ocrx_word' id='word_1_78' title='bbox 1461 1148 1644 1209; x_wconf 79' lang='grc' dir='ltr'>αὐτοῖς</span> <span class='ocrx_word' id='word_1_79' title='bbox 1669 1161 1802 1212; x_wconf 89' lang='grc' dir='ltr'>συγ-</span> 
     </span>
    </p>
   </div>
   <div class='ocr_carea' id='block_1_14' title="bbox 219 1235 1805 1327">
    <p class='ocr_par' dir='ltr' id='par_1_14' title="bbox 219 1235 1805 1327">
     <span class='ocr_line' id='line_1_14' title="bbox 219 1235 1805 1327; baseline -0.013 -18"><span class='ocrx_word' id='word_1_80' title='bbox 219 1256 391 1327; x_wconf 80' lang='grc' dir='ltr'>χωρεῖ</span> <span class='ocrx_word' id='word_1_81' title='bbox 422 1251 674 1321; x_wconf 81' lang='grc' dir='ltr'>δέχεσθαι</span> <span class='ocrx_word' id='word_1_82' title='bbox 728 1249 979 1311; x_wconf 86' lang='grc' dir='ltr'>θάνατον,</span> <span class='ocrx_word' id='word_1_83' title='bbox 1034 1245 1257 1315; x_wconf 80' lang='grc' dir='ltr'>ἔχοντας</span> <span class='ocrx_word' id='word_1_84' title='bbox 1316 1241 1414 1312; x_wconf 83' lang='grc' dir='ltr'>μὲν</span> <span class='ocrx_word' id='word_1_85' title='bbox 1466 1236 1562 1291; x_wconf 79' lang='grc' dir='ltr'><strong>τοῦ</strong></span> <span class='ocrx_word' id='word_1_86' title='bbox 1631 1235 1805 1305; x_wconf 77' lang='grc' dir='ltr'>’Δδὰμ</span> 
     </span>
    </p>
   </div>
   <div class='ocr_carea' id='block_1_15' title="bbox 219 1331 1802 1416">
    <p class='ocr_par' dir='ltr' id='par_1_15' title="bbox 219 1331 1802 1416">
     <span class='ocr_line' id='line_1_15' title="bbox 219 1331 1802 1416; baseline -0.015 -13"><span class='ocrx_word' id='word_1_87' title='bbox 219 1348 406 1403; x_wconf 75' lang='grc' dir='ltr'>οὐκέτι</span> <span class='ocrx_word' id='word_1_88' title='bbox 448 1346 547 1416; x_wconf 84' lang='grc' dir='ltr'>τὴν</span> <span class='ocrx_word' id='word_1_89' title='bbox 580 1347 645 1396; x_wconf 76' lang='grc' dir='ltr'>ἐκ</span> <span class='ocrx_word' id='word_1_90' title='bbox 703 1342 797 1395; x_wconf 81' lang='grc' dir='ltr'>τοῦ</span> <span class='ocrx_word' id='word_1_91' title='bbox 855 1338 1030 1409; x_wconf 76' lang='grc' dir='ltr'>’Λδὰμ</span> <span class='ocrx_word' id='word_1_92' title='bbox 1080 1336 1275 1408; x_wconf 76' lang='grc' dir='ltr'>ἡδονὴν</span> <span class='ocrx_word' id='word_1_93' title='bbox 1327 1334 1429 1404; x_wconf 80' lang='grc' dir='ltr'>τῆς</span> <span class='ocrx_word' id='word_1_94' title='bbox 1485 1331 1753 1399; x_wconf 75' lang='grc' dir='ltr'>γενέσεως</span> <span class='ocrx_word' id='word_1_95' title='bbox 1789 1344 1802 1357; x_wconf 71' lang='grc' dir='ltr'><strong>ο</strong></span> 
     </span>
    </p>
   </div>
   <div class='ocr_carea' id='block_1_16' title="bbox 227 1424 1806 1513">
    <p class='ocr_par' dir='ltr' id='par_1_16' title="bbox 227 1424 1806 1513">
     <span class='ocr_line' id='line_1_16' title="bbox 227 1424 1806 1513; baseline -0.013 -19"><span class='ocrx_word' id='word_1_96' title='bbox 227 1442 394 1513; x_wconf 85' lang='grc' dir='ltr'>μόνην</span> <span class='ocrx_word' id='word_1_97' title='bbox 431 1439 490 1492; x_wconf 72' lang='grc' dir='ltr'>δὲ</span> <span class='ocrx_word' id='word_1_98' title='bbox 535 1438 636 1508; x_wconf 84' lang='grc' dir='ltr'><strong>τὴν</strong></span> <span class='ocrx_word' id='word_1_99' title='bbox 679 1435 771 1490; x_wconf 79' lang='grc' dir='ltr'>διὰ</span> <span class='ocrx_word' id='word_1_100' title='bbox 818 1434 909 1487; x_wconf 82' lang='grc' dir='ltr'><strong>τὸν</strong></span> <span class='ocrx_word' id='word_1_101' title='bbox 959 1431 1133 1501; x_wconf 81' lang='grc' dir='ltr'>Ἀδὰμ</span> <span class='ocrx_word' id='word_1_102' title='bbox 1162 1428 1357 1499; x_wconf 79' lang='grc' dir='ltr'>ὀδύνην</span> <span class='ocrx_word' id='word_1_103' title='bbox 1386 1424 1723 1497; x_wconf 74' lang='grc' dir='ltr'>ἐνεργοῦσαν</span> <span class='ocrx_word' id='word_1_104' title='bbox 1750 1424 1806 1475; x_wconf 82' lang='grc' dir='ltr'>ὲν</span> 
     </span>
    </p>
   </div>
   <div class='ocr_carea' id='block_1_17' title="bbox 220 1515 1805 1597">
    <p class='ocr_par' dir='ltr' id='par_1_17' title="bbox 220 1515 1805 1597">
     <span class='ocr_line' id='line_1_17' title="bbox 220 1515 1805 1597; baseline -0.013 -11"><span class='ocrx_word' id='word_1_105' title='bbox 220 1533 405 1595; x_wconf 72' lang='grc' dir='ltr'>αὐτοῖς</span> <span class='ocrx_word' id='word_1_106' title='bbox 434 1548 447 1560; x_wconf 91' lang='grc'>·</span> <span class='ocrx_word' id='word_1_107' title='bbox 473 1529 534 1583; x_wconf 81' lang='grc' dir='ltr'><strong>οὐ</strong></span> <span class='ocrx_word' id='word_1_108' title='bbox 567 1528 709 1582; x_wconf 80' lang='grc' dir='ltr'>κατὰ</span> <span class='ocrx_word' id='word_1_109' title='bbox 744 1526 906 1597; x_wconf 78' lang='grc' dir='ltr'>χρέος</span> <span class='ocrx_word' id='word_1_110' title='bbox 964 1522 1106 1594; x_wconf 80' lang='grc' dir='ltr'>ὑπὲρ</span> <span class='ocrx_word' id='word_1_111' title='bbox 1154 1519 1454 1592; x_wconf 86' lang='grc' dir='ltr'>ἁμαρτίας,</span> <span class='ocrx_word' id='word_1_112' title='bbox 1502 1515 1643 1570; x_wconf 78' lang='grc' dir='ltr'>ἀλλὰ</span> <span class='ocrx_word' id='word_1_113' title='bbox 1684 1516 1805 1568; x_wconf 85' lang='grc' dir='ltr'>κατ’</span> 
     </span>
    </p>
   </div>
   <div class='ocr_carea' id='block_1_18' title="bbox 218 1603 1808 1691">
    <p class='ocr_par' dir='ltr' id='par_1_18' title="bbox 218 1603 1808 1691">
     <span class='ocr_line' id='line_1_18' title="bbox 218 1603 1808 1691; baseline -0.013 -16"><span class='ocrx_word' id='word_1_114' title='bbox 218 1620 555 1691; x_wconf 78' lang='grc' dir='ltr'>οἰκονομίαν,</span> <span class='ocrx_word' id='word_1_115' title='bbox 583 1617 673 1671; x_wconf 71' lang='grc' dir='ltr'><strong>διὰ</strong></span> <span class='ocrx_word' id='word_1_116' title='bbox 703 1617 804 1688; x_wconf 83' lang='grc' dir='ltr'><strong>τὴν</strong></span> <span class='ocrx_word' id='word_1_117' title='bbox 839 1614 983 1668; x_wconf 87' lang='grc' dir='ltr'>κατὰ</span> <span class='ocrx_word' id='word_1_118' title='bbox 1035 1611 1199 1681; x_wconf 82' lang='grc' dir='ltr'>φύσιν</span> <span class='ocrx_word' id='word_1_119' title='bbox 1254 1607 1601 1679; x_wconf 86' lang='grc' dir='ltr'>περίστασιν,</span> <span class='ocrx_word' id='word_1_120' title='bbox 1664 1603 1808 1657; x_wconf 76' lang='grc' dir='ltr'>κατὰ</span> 
     </span>
    </p>
   </div>
   <div class='ocr_carea' id='block_1_19' title="bbox 217 1698 1809 1784">
    <p class='ocr_par' dir='ltr' id='par_1_19' title="bbox 217 1698 1809 1784">
     <span class='ocr_line' id='line_1_19' title="bbox 217 1698 1809 1784; baseline -0.014 -15"><span class='ocrx_word' id='word_1_121' title='bbox 217 1715 324 1784; x_wconf 77' lang='grc' dir='ltr'>τῆς</span> <span class='ocrx_word' id='word_1_122' title='bbox 357 1711 657 1783; x_wconf 82' lang='grc' dir='ltr'>ἁμαρτίας,</span> <span class='ocrx_word' id='word_1_123' title='bbox 691 1709 783 1763; x_wconf 72' lang='grc' dir='ltr'>τὸν</span> <span class='ocrx_word' id='word_1_124' title='bbox 814 1708 1045 1761; x_wconf 85' lang='grc' dir='ltr'>θάνατον</span> <span class='ocrx_word' id='word_1_125' title='bbox 1076 1721 1090 1734; x_wconf 76' lang='grc'><strong><em>⁸</em></strong></span> <span class='ocrx_word' id='word_1_126' title='bbox 1122 1703 1181 1766; x_wconf 81' lang='grc' dir='ltr'>ὃς</span> <span class='ocrx_word' id='word_1_127' title='bbox 1202 1702 1405 1756; x_wconf 82' lang='grc' dir='ltr'>ὁπόταν</span> <span class='ocrx_word' id='word_1_128' title='bbox 1435 1698 1510 1771; x_wconf 81' lang='grc' dir='ltr'>μὴ</span> <span class='ocrx_word' id='word_1_129' title='bbox 1542 1698 1656 1768; x_wconf 77' lang='grc' dir='ltr'>ἔχει</span> <span class='ocrx_word' id='word_1_130' title='bbox 1686 1712 1809 1764; x_wconf 82' lang='grc' dir='ltr'>γεν-</span> 
     </span>
    </p>
   </div>
   <div class='ocr_carea' id='block_1_20' title="bbox 1901 500 3484 575">
    <p class='ocr_par' dir='ltr' id='par_1_20' title="bbox 1901 500 3484 575">
     <span class='ocr_line' id='line_1_20' title="bbox 1901 500 3484 575; baseline 0 -16"><span class='ocrx_word' id='word_1_131' title='bbox 1901 504 2084 575; x_wconf 90' lang='lat' dir='ltr'><strong>primo</strong></span> <span class='ocrx_word' id='word_1_132' title='bbox 2116 521 2146 558; x_wconf 90' lang='lat' dir='ltr'><strong>a</strong></span> <span class='ocrx_word' id='word_1_133' title='bbox 2174 504 2284 559; x_wconf 91' lang='lat' dir='ltr'><strong>Deo</strong></span> <span class='ocrx_word' id='word_1_134' title='bbox 2325 512 2546 568; x_wconf 84' lang='lat' dir='ltr'><strong>essent;</strong></span> <span class='ocrx_word' id='word_1_135' title='bbox 2596 509 2938 571; x_wconf 87' lang='lat' dir='ltr'><strong>cunctosque</strong></span> <span class='ocrx_word' id='word_1_136' title='bbox 2979 500 3213 571; x_wconf 86' lang='lat' dir='ltr'><strong>mystice</strong></span> <span class='ocrx_word' id='word_1_137' title='bbox 3255 516 3324 557; x_wconf 75' lang='lat' dir='ltr'><strong>ex</strong></span> <span class='ocrx_word' id='word_1_138' title='bbox 3360 502 3484 574; x_wconf 89' lang='lat' dir='ltr'><strong>ipso</strong></span> 
     </span>
    </p>
   </div>
   <div class='ocr_carea' id='block_1_21' title="bbox 1903 594 2952 660">
    <p class='ocr_par' dir='ltr' id='par_1_21' title="bbox 1903 594 2952 660">
     <span class='ocr_line' id='line_1_21' title="bbox 1903 594 2952 660; baseline -0.007 -9"><span class='ocrx_word' id='word_1_139' title='bbox 1903 604 2281 660; x_wconf 85' lang='lat' dir='ltr'><strong>renascentes,</strong></span> <span class='ocrx_word' id='word_1_140' title='bbox 2321 596 2467 650; x_wconf 88' lang='lat' dir='ltr'><strong>illius</strong></span> <span class='ocrx_word' id='word_1_141' title='bbox 2497 601 2655 649; x_wconf 91' lang='lat' dir='ltr'><strong>reatu</strong></span> <span class='ocrx_word' id='word_1_142' title='bbox 2693 594 2952 648; x_wconf 82' lang='lat' dir='ltr'><strong>absolvit.</strong></span> 
     </span>
    </p>
   </div>
   <div class='ocr_carea' id='block_1_22' title="bbox 1975 770 3487 842">
    <p class='ocr_par' dir='ltr' id='par_1_22' title="bbox 1975 770 3487 842">
     <span class='ocr_line' id='line_1_22' title="bbox 1975 770 3487 842; baseline 0 -15"><span class='ocrx_word' id='word_1_143' title='bbox 1975 772 2063 827; x_wconf 76' lang='grc'><strong>45.</strong></span> <span class='ocrx_word' id='word_1_144' title='bbox 2103 770 2235 837; x_wconf 62' lang='grc' dir='ltr'>ροσε</span> <span class='ocrx_word' id='word_1_145' title='bbox 2280 787 2347 826; x_wconf 80' lang='lat' dir='ltr'><strong>ex</strong></span> <span class='ocrx_word' id='word_1_146' title='bbox 2397 772 2519 842; x_wconf 85' lang='lat' dir='ltr'><strong>lege</strong></span> <span class='ocrx_word' id='word_1_147' title='bbox 2567 773 2783 842; x_wconf 85' lang='lat' dir='ltr'><strong>peccati</strong></span> <span class='ocrx_word' id='word_1_148' title='bbox 2811 782 2917 836; x_wconf 90' lang='lat' dir='ltr'><strong>est,</strong></span> <span class='ocrx_word' id='word_1_149' title='bbox 2952 771 3238 841; x_wconf 74' lang='lat' dir='ltr'><strong>voluptate</strong></span> <span class='ocrx_word' id='word_1_150' title='bbox 3271 770 3487 827; x_wconf 89' lang='lat' dir='ltr'><strong>sublata</strong></span> 
     </span>
    </p>
   </div>
   <div class='ocr_carea' id='block_1_23' title="bbox 1907 861 3488 933">
    <p class='ocr_par' dir='ltr' id='par_1_23' title="bbox 1907 861 3488 933">
     <span class='ocr_line' id='line_1_23' title="bbox 1907 861 3488 933; baseline 0 -18"><span class='ocrx_word' id='word_1_151' title='bbox 1907 876 1972 916; x_wconf 92' lang='lat' dir='ltr'><strong>ac</strong></span> <span class='ocrx_word' id='word_1_152' title='bbox 2002 861 2254 925; x_wconf 88' lang='lat' dir='ltr'><strong>libidine,</strong></span> <span class='ocrx_word' id='word_1_153' title='bbox 2286 862 2355 916; x_wconf 86' lang='lat' dir='ltr'><strong>ad</strong></span> <span class='ocrx_word' id='word_1_154' title='bbox 2382 876 2576 916; x_wconf 91' lang='lat' dir='ltr'><strong>eorum</strong></span> <span class='ocrx_word' id='word_1_155' title='bbox 2604 861 2698 932; x_wconf 90' lang='lat' dir='ltr'><strong>qui</strong></span> <span class='ocrx_word' id='word_1_156' title='bbox 2749 862 2807 917; x_wconf 90' lang='lat' dir='ltr'><strong>in</strong></span> <span class='ocrx_word' id='word_1_157' title='bbox 2856 862 2977 931; x_wconf 88' lang='lat' dir='ltr'><strong>ipso</strong></span> <span class='ocrx_word' id='word_1_158' title='bbox 3023 863 3213 933; x_wconf 71' lang='lat' dir='ltr'><strong>gratize</strong></span> <span class='ocrx_word' id='word_1_159' title='bbox 3256 877 3488 919; x_wconf 89' lang='lat' dir='ltr'><strong>munere</strong></span> 
     </span>
    </p>
   </div>
   <div class='ocr_carea' id='block_1_24' title="bbox 1906 951 3487 1022">
    <p class='ocr_par' dir='ltr' id='par_1_24' title="bbox 1906 951 3487 1022">
     <span class='ocr_line' id='line_1_24' title="bbox 1906 951 3487 1022; baseline 0.002 -16"><span class='ocrx_word' id='word_1_160' title='bbox 1906 967 2008 1021; x_wconf 89' lang='lat' dir='ltr'><strong>per</strong></span> <span class='ocrx_word' id='word_1_161' title='bbox 2031 951 2299 1022; x_wconf 86' lang='lat' dir='ltr'><strong>Spiritum</strong></span> <span class='ocrx_word' id='word_1_162' title='bbox 2330 960 2636 1009; x_wconf 90' lang='lat' dir='ltr'><strong>nascuntur</strong></span> <span class='ocrx_word' id='word_1_163' title='bbox 2662 953 2989 1009; x_wconf 89' lang='lat' dir='ltr'><strong>abolendam</strong></span> <span class='ocrx_word' id='word_1_164' title='bbox 3012 955 3291 1010; x_wconf 84' lang='lat' dir='ltr'><strong>carnalem</strong></span> <span class='ocrx_word' id='word_1_165' title='bbox 3336 954 3487 1010; x_wconf 89' lang='lat' dir='ltr'><strong>nati-</strong></span> 
     </span>
    </p>
   </div>
   <div class='ocr_carea' id='block_1_25' title="bbox 1910 1044 3487 1116">
    <p class='ocr_par' dir='ltr' id='par_1_25' title="bbox 1910 1044 3487 1116">
     <span class='ocr_line' id='line_1_25' title="bbox 1910 1044 3487 1116; baseline 0.002 -18"><span class='ocrx_word' id='word_1_166' title='bbox 1910 1045 2161 1110; x_wconf 88' lang='lat' dir='ltr'><strong>vitatem,</strong></span> <span class='ocrx_word' id='word_1_167' title='bbox 2203 1044 2452 1115; x_wconf 81' lang='lat' dir='ltr'><strong>indulget</strong></span> <span class='ocrx_word' id='word_1_168' title='bbox 2500 1046 2809 1111; x_wconf 84' lang='lat' dir='ltr'><strong>Dominus,</strong></span> <span class='ocrx_word' id='word_1_169' title='bbox 2857 1056 2919 1101; x_wconf 93' lang='lat' dir='ltr'><strong>ut</strong></span> <span class='ocrx_word' id='word_1_170' title='bbox 2948 1055 3182 1101; x_wconf 89' lang='lat' dir='ltr'><strong>mortem</strong></span> <span class='ocrx_word' id='word_1_171' title='bbox 3211 1088 3225 1112; x_wconf 94' lang='lat'><strong>,</strong></span> <span class='ocrx_word' id='word_1_172' title='bbox 3280 1062 3402 1116; x_wconf 76' lang='lat' dir='ltr'><strong>quae</strong></span> <span class='ocrx_word' id='word_1_173' title='bbox 3428 1047 3487 1101; x_wconf 91' lang='lat' dir='ltr'><strong>in</strong></span> 
     </span>
    </p>
   </div>
   <div class='ocr_carea' id='block_1_26' title="bbox 1911 1135 3494 1207">
    <p class='ocr_par' dir='ltr' id='par_1_26' title="bbox 1911 1135 3494 1207">
     <span class='ocr_line' id='line_1_26' title="bbox 1911 1135 3494 1207; baseline 0.002 -18"><span class='ocrx_word' id='word_1_174' title='bbox 1911 1144 2125 1191; x_wconf 75' lang='lat' dir='ltr'><strong>natura:</strong></span> <span class='ocrx_word' id='word_1_175' title='bbox 2146 1136 2302 1206; x_wconf 88' lang='lat' dir='ltr'><strong>prius</strong></span> <span class='ocrx_word' id='word_1_176' title='bbox 2333 1135 2742 1193; x_wconf 88' lang='lat' dir='ltr'><strong>damnationem</strong></span> <span class='ocrx_word' id='word_1_177' title='bbox 2770 1146 2921 1202; x_wconf 84' lang='lat' dir='ltr'><strong>erat,</strong></span> <span class='ocrx_word' id='word_1_178' title='bbox 2976 1137 3044 1192; x_wconf 91' lang='lat' dir='ltr'><strong>ad</strong></span> <span class='ocrx_word' id='word_1_179' title='bbox 3096 1138 3307 1207; x_wconf 89' lang='lat' dir='ltr'><strong>peccati</strong></span> <span class='ocrx_word' id='word_1_180' title='bbox 3356 1152 3494 1192; x_wconf 89' lang='lat' dir='ltr'><strong>eon-</strong></span> 
     </span>
    </p>
   </div>
   <div class='ocr_carea' id='block_1_27' title="bbox 1907 1227 3491 1300">
    <p class='ocr_par' dir='ltr' id='par_1_27' title="bbox 1907 1227 3491 1300">
     <span class='ocr_line' id='line_1_27' title="bbox 1907 1227 3491 1300; baseline 0.001 -19"><span class='ocrx_word' id='word_1_181' title='bbox 1907 1227 2317 1283; x_wconf 88' lang='lat' dir='ltr'><strong>demnationem</strong></span> <span class='ocrx_word' id='word_1_182' title='bbox 2349 1228 2676 1299; x_wconf 75' lang='lat' dir='ltr'><strong>suscipiant,</strong></span> <span class='ocrx_word' id='word_1_183' title='bbox 2702 1229 2797 1299; x_wconf 87' lang='lat' dir='ltr'><strong>qui</strong></span> <span class='ocrx_word' id='word_1_184' title='bbox 2814 1244 3033 1300; x_wconf 85' lang='lat' dir='ltr'><strong>nempe,</strong></span> <span class='ocrx_word' id='word_1_185' title='bbox 3053 1244 3161 1283; x_wconf 91' lang='lat' dir='ltr'><strong>non</strong></span> <span class='ocrx_word' id='word_1_186' title='bbox 3195 1229 3312 1299; x_wconf 89' lang='lat' dir='ltr'><strong>jam</strong></span> <span class='ocrx_word' id='word_1_187' title='bbox 3331 1238 3491 1284; x_wconf 90' lang='lat' dir='ltr'><strong>ortus</strong></span> 
     </span>
    </p>
   </div>
   <div class='ocr_carea' id='block_1_28' title="bbox 1916 1320 3497 1385">
    <p class='ocr_par' dir='ltr' id='par_1_28' title="bbox 1916 1320 3497 1385">
     <span class='ocr_line' id='line_1_28' title="bbox 1916 1320 3497 1385; baseline 0 -10"><span class='ocrx_word' id='word_1_188' title='bbox 1916 1335 1985 1375; x_wconf 80' lang='lat' dir='ltr'><strong>ex</strong></span> <span class='ocrx_word' id='word_1_189' title='bbox 2019 1321 2229 1376; x_wconf 85' lang='lat' dir='ltr'><strong>Adamo</strong></span> <span class='ocrx_word' id='word_1_190' title='bbox 2256 1320 2568 1385; x_wconf 84' lang='lat' dir='ltr'><strong>libidinem,</strong></span> <span class='ocrx_word' id='word_1_191' title='bbox 2600 1320 2696 1375; x_wconf 85' lang='lat' dir='ltr'><strong>sed</strong></span> <span class='ocrx_word' id='word_1_192' title='bbox 2727 1320 2997 1376; x_wconf 82' lang='lat' dir='ltr'><strong>duntaxat</strong></span> <span class='ocrx_word' id='word_1_193' title='bbox 3018 1320 3229 1375; x_wconf 87' lang='lat' dir='ltr'><strong>Adamo</strong></span> <span class='ocrx_word' id='word_1_194' title='bbox 3264 1328 3497 1375; x_wconf 89' lang='lat' dir='ltr'><strong>auctore</strong></span> 
     </span>
    </p>
   </div>
   <div class='ocr_carea' id='block_1_29' title="bbox 1911 1412 3497 1482">
    <p class='ocr_par' dir='ltr' id='par_1_29' title="bbox 1911 1412 3497 1482">
     <span class='ocr_line' id='line_1_29' title="bbox 1911 1412 3497 1482; baseline 0 -16"><span class='ocrx_word' id='word_1_195' title='bbox 1911 1412 2194 1467; x_wconf 89' lang='lat' dir='ltr'><strong>invectum</strong></span> <span class='ocrx_word' id='word_1_196' title='bbox 2226 1412 2477 1467; x_wconf 84' lang='lat' dir='ltr'><strong>dolorem</strong></span> <span class='ocrx_word' id='word_1_197' title='bbox 2507 1426 2572 1467; x_wconf 91' lang='lat' dir='ltr'><strong>ac</strong></span> <span class='ocrx_word' id='word_1_198' title='bbox 2587 1427 2889 1467; x_wconf 69' lang='lat' dir='ltr'><strong>aerumnam</strong></span> <span class='ocrx_word' id='word_1_199' title='bbox 2918 1412 3182 1478; x_wconf 83' lang='lat' dir='ltr'><strong>habeant;</strong></span> <span class='ocrx_word' id='word_1_200' title='bbox 3206 1427 3317 1466; x_wconf 89' lang='lat' dir='ltr'><strong>non</strong></span> <span class='ocrx_word' id='word_1_201' title='bbox 3337 1412 3497 1482; x_wconf 89' lang='lat' dir='ltr'><strong>quasi</strong></span> 
     </span>
    </p>
   </div>
   <div class='ocr_carea' id='block_1_30' title="bbox 1910 1503 3500 1573">
    <p class='ocr_par' dir='ltr' id='par_1_30' title="bbox 1910 1503 3500 1573">
     <span class='ocr_line' id='line_1_30' title="bbox 1910 1503 3500 1573; baseline 0.001 -16"><span class='ocrx_word' id='word_1_202' title='bbox 1910 1519 1978 1557; x_wconf 77' lang='lat' dir='ltr'><strong>ex</strong></span> <span class='ocrx_word' id='word_1_203' title='bbox 2007 1503 2197 1559; x_wconf 88' lang='lat' dir='ltr'><strong>debito</strong></span> <span class='ocrx_word' id='word_1_204' title='bbox 2227 1503 2439 1573; x_wconf 88' lang='lat' dir='ltr'><strong>peccati</strong></span> <span class='ocrx_word' id='word_1_205' title='bbox 2479 1513 2660 1567; x_wconf 87' lang='lat' dir='ltr'><strong>reatu,</strong></span> <span class='ocrx_word' id='word_1_206' title='bbox 2688 1504 2786 1559; x_wconf 90' lang='lat' dir='ltr'><strong>sed</strong></span> <span class='ocrx_word' id='word_1_207' title='bbox 2832 1512 2984 1559; x_wconf 88' lang='lat' dir='ltr'><strong>certa</strong></span> <span class='ocrx_word' id='word_1_208' title='bbox 3020 1504 3240 1559; x_wconf 91' lang='lat' dir='ltr'><strong>consilii</strong></span> <span class='ocrx_word' id='word_1_209' title='bbox 3278 1504 3500 1558; x_wconf 87' lang='lat' dir='ltr'><strong>ratione</strong></span> 
     </span>
    </p>
   </div>
   <div class='ocr_carea' id='block_1_31' title="bbox 1910 1594 3500 1665">
    <p class='ocr_par' dir='ltr' id='par_1_31' title="bbox 1910 1594 3500 1665">
     <span class='ocr_line' id='line_1_31' title="bbox 1910 1594 3500 1665; baseline 0.003 -16"><span class='ocrx_word' id='word_1_210' title='bbox 1910 1610 1976 1649; x_wconf 90' lang='lat' dir='ltr'><strong>ac</strong></span> <span class='ocrx_word' id='word_1_211' title='bbox 2001 1594 2440 1665; x_wconf 88' lang='lat' dir='ltr'><strong>dispensatione,</strong></span> <span class='ocrx_word' id='word_1_212' title='bbox 2476 1594 2548 1650; x_wconf 93' lang='lat' dir='ltr'><strong>ob</strong></span> <span class='ocrx_word' id='word_1_213' title='bbox 2592 1595 2904 1650; x_wconf 88' lang='lat' dir='ltr'><strong>naturalem</strong></span> <span class='ocrx_word' id='word_1_214' title='bbox 2946 1596 3358 1663; x_wconf 86' lang='lat' dir='ltr'><strong>necessitatem,</strong></span> <span class='ocrx_word' id='word_1_215' title='bbox 3398 1597 3500 1653; x_wconf 88' lang='lat' dir='ltr'><strong>ad-</strong></span> 
     </span>
    </p>
   </div>
   <div class='ocr_carea' id='block_1_32' title="bbox 1913 1686 3500 1759">
    <p class='ocr_par' dir='ltr' id='par_1_32' title="bbox 1913 1686 3500 1759">
     <span class='ocr_line' id='line_1_32' title="bbox 1913 1686 3500 1759; baseline 0.001 -18"><span class='ocrx_word' id='word_1_216' title='bbox 1913 1702 2109 1742; x_wconf 89' lang='lat' dir='ltr'><strong>versus</strong></span> <span class='ocrx_word' id='word_1_217' title='bbox 2139 1695 2428 1758; x_wconf 88' lang='lat' dir='ltr'><strong>peccatum</strong></span> <span class='ocrx_word' id='word_1_218' title='bbox 2449 1686 2641 1757; x_wconf 86' lang='lat' dir='ltr'><strong>illique</strong></span> <span class='ocrx_word' id='word_1_219' title='bbox 2667 1686 2967 1751; x_wconf 86' lang='lat' dir='ltr'><strong>abolendo,</strong></span> <span class='ocrx_word' id='word_1_220' title='bbox 2994 1696 3229 1742; x_wconf 89' lang='lat' dir='ltr'><strong>mortem</strong></span> <span class='ocrx_word' id='word_1_221' title='bbox 3259 1704 3500 1759; x_wconf 88' lang='lat' dir='ltr'><strong>operan-</strong></span> 
     </span>
    </p>
   </div>
   <div class='ocr_carea' id='block_1_33' title="bbox 220 1768 1817 1871">
    <p class='ocr_par' dir='ltr' id='par_1_33' title="bbox 220 1768 1810 1871">
     <span class='ocr_line' id='line_1_33' title="bbox 220 1768 1810 1871; baseline -0.013 -11"><span class='ocrx_word' id='word_1_222' title='bbox 220 1768 410 1861; x_wconf 44' lang='grc' dir='ltr'>νέω-αν</span> <span class='ocrx_word' id='word_1_223' title='bbox 432 1768 599 1857; x_wconf 61' lang='grc' dir='ltr'>αότὸν</span> <span class='ocrx_word' id='word_1_224' title='bbox 633 1801 846 1871; x_wconf 82' lang='grc' dir='ltr'>μητέρα</span> <span class='ocrx_word' id='word_1_225' title='bbox 871 1799 992 1868; x_wconf 86' lang='grc' dir='ltr'>τὴν,</span> <span class='ocrx_word' id='word_1_226' title='bbox 1016 1793 1083 1868; x_wconf 83' lang='grc' dir='ltr'>ἦς</span> <span class='ocrx_word' id='word_1_227' title='bbox 1116 1793 1366 1863; x_wconf 86' lang='grc' dir='ltr'>γίνεσθαι</span> <span class='ocrx_word' id='word_1_228' title='bbox 1393 1792 1607 1859; x_wconf 73' lang='grc' dir='ltr'>πέφυκε</span> <span class='ocrx_word' id='word_1_229' title='bbox 1636 1804 1810 1859; x_wconf 83' lang='grc' dir='ltr'>τιμω-</span> 
     </span>
    </p>
   </div>
   <div class='ocr_carea' id='block_1_34' title="bbox 1926 1768 3503 1871">
    <p class='ocr_par' dir='ltr' id='par_1_34' title="bbox 1926 1776 3503 1848">
     <span class='ocr_line' id='line_1_34' title="bbox 1926 1776 3503 1848; baseline 0.001 -16"><span class='ocrx_word' id='word_1_230' title='bbox 1926 1793 2045 1833; x_wconf 52' lang='lat' dir='ltr'><strong>nam.</strong></span> <span class='ocrx_word' id='word_1_231' title='bbox 2076 1777 2205 1832; x_wconf 66' lang='lat' dir='ltr'><strong>Haec</strong></span> <span class='ocrx_word' id='word_1_232' title='bbox 2236 1777 2410 1841; x_wconf 91' lang='lat' dir='ltr'><strong>enim,</strong></span> <span class='ocrx_word' id='word_1_233' title='bbox 2438 1776 2533 1832; x_wconf 91' lang='lat' dir='ltr'><strong>ubi</strong></span> <span class='ocrx_word' id='word_1_234' title='bbox 2559 1776 2735 1846; x_wconf 85' lang='lat' dir='ltr'><strong>ipsius</strong></span> <span class='ocrx_word' id='word_1_235' title='bbox 2755 1792 2977 1847; x_wconf 81' lang='lat' dir='ltr'><strong>parens.</strong></span> <span class='ocrx_word' id='word_1_236' title='bbox 3003 1780 3163 1848; x_wconf 87' lang='lat' dir='ltr'><strong>cujus</strong></span> <span class='ocrx_word' id='word_1_237' title='bbox 3184 1779 3353 1834; x_wconf 79' lang='lat' dir='ltr'><strong>ultrix</strong></span> <span class='ocrx_word' id='word_1_238' title='bbox 3378 1792 3503 1834; x_wconf 84' lang='lat' dir='ltr'><strong>esse</strong></span> 
     </span>
    </p>
   </div>
   <div class='ocr_carea' id='block_1_35' title="bbox 226 1883 1806 1971">
    <p class='ocr_par' dir='ltr' id='par_1_35' title="bbox 226 1883 1806 1971">
     <span class='ocr_line' id='line_1_35' title="bbox 226 1883 1806 1971; baseline -0.011 -20"><span class='ocrx_word' id='word_1_239' title='bbox 226 1898 344 1971; x_wconf 75' lang='grc' dir='ltr'>ρδς,</span> <span class='ocrx_word' id='word_1_240' title='bbox 362 1894 553 1966; x_wconf 78' lang='grc' dir='ltr'>ἡδονὴν</span> <span class='ocrx_word' id='word_1_241' title='bbox 579 1893 751 1946; x_wconf 77' lang='grc' dir='ltr'>ἀϊδίου</span> <span class='ocrx_word' id='word_1_242' title='bbox 775 1890 923 1960; x_wconf 82' lang='grc' dir='ltr'><strong>ζωῆς</strong></span> <span class='ocrx_word' id='word_1_243' title='bbox 948 1888 1234 1960; x_wconf 78' lang='grc' dir='ltr'><strong>προδήλως</strong></span> <span class='ocrx_word' id='word_1_244' title='bbox 1257 1885 1581 1940; x_wconf 79' lang='grc' dir='ltr'>καθίσταται</span> <span class='ocrx_word' id='word_1_245' title='bbox 1602 1883 1806 1951; x_wconf 83' lang='grc' dir='ltr'>πατήρ.</span> 
     </span>
    </p>
   </div>
   <div class='ocr_carea' id='block_1_36' title="bbox 235 1971 1809 2055">
    <p class='ocr_par' dir='ltr' id='par_1_36' title="bbox 235 1971 1809 2055">
     <span class='ocr_line' id='line_1_36' title="bbox 235 1971 1809 2055; baseline -0.011 -14"><span class='ocrx_word' id='word_1_246' title='bbox 235 1990 327 2051; x_wconf 77' lang='grc' dir='ltr'>Ὠς</span> <span class='ocrx_word' id='word_1_247' title='bbox 376 1987 486 2055; x_wconf 78' lang='grc' dir='ltr'><strong>γὰρ</strong></span> <span class='ocrx_word' id='word_1_248' title='bbox 534 1983 629 2036; x_wconf 84' lang='grc' dir='ltr'>τοῦ</span> <span class='ocrx_word' id='word_1_249' title='bbox 698 1981 872 2052; x_wconf 80' lang='grc' dir='ltr'>Ἀδάμ</span> <span class='ocrx_word' id='word_1_250' title='bbox 930 1982 964 2051; x_wconf 83' lang='grc' dir='ltr'><strong>ἡ</strong></span> <span class='ocrx_word' id='word_1_251' title='bbox 1002 1978 1125 2054; x_wconf 73' lang='grc' dir='ltr'>καθ’</span> <span class='ocrx_word' id='word_1_252' title='bbox 1158 1976 1355 2048; x_wconf 80' lang='grc' dir='ltr'>ἡδονὴν</span> <span class='ocrx_word' id='word_1_253' title='bbox 1392 1972 1529 2045; x_wconf 79' lang='grc' dir='ltr'>ζωὴ,</span> <span class='ocrx_word' id='word_1_254' title='bbox 1574 1971 1809 2026; x_wconf 86' lang='grc' dir='ltr'>θανάτου</span> 
     </span>
    </p>
   </div>
   <div class='ocr_carea' id='block_1_37' title="bbox 221 2064 1813 2148">
    <p class='ocr_par' dir='ltr' id='par_1_37' title="bbox 221 2064 1813 2148">
     <span class='ocr_line' id='line_1_37' title="bbox 221 2064 1813 2148; baseline -0.012 -13"><span class='ocrx_word' id='word_1_255' title='bbox 221 2080 323 2135; x_wconf 76' lang='grc' dir='ltr'><strong>καὶ</strong></span> <span class='ocrx_word' id='word_1_256' title='bbox 348 2078 554 2148; x_wconf 73' lang='grc' dir='ltr'>φθορᾶς</span> <span class='ocrx_word' id='word_1_257' title='bbox 583 2076 775 2145; x_wconf 80' lang='grc' dir='ltr'>γέγονε</span> <span class='ocrx_word' id='word_1_258' title='bbox 803 2075 1010 2146; x_wconf 83' lang='grc' dir='ltr'>μήτηρ,</span> <span class='ocrx_word' id='word_1_259' title='bbox 1045 2069 1193 2125; x_wconf 78' lang='grc' dir='ltr'>οὕτω</span> <span class='ocrx_word' id='word_1_260' title='bbox 1212 2070 1309 2123; x_wconf 75' lang='grc' dir='ltr'><strong>καὶ</strong></span> <span class='ocrx_word' id='word_1_261' title='bbox 1342 2071 1370 2122; x_wconf 90' lang='lat'><strong>6</strong></span> <span class='ocrx_word' id='word_1_262' title='bbox 1397 2067 1487 2121; x_wconf 85' lang='grc' dir='ltr'>διὰ</span> <span class='ocrx_word' id='word_1_263' title='bbox 1508 2065 1601 2119; x_wconf 83' lang='grc' dir='ltr'><strong>τὸν</strong></span> <span class='ocrx_word' id='word_1_264' title='bbox 1639 2064 1813 2133; x_wconf 73' lang='grc' dir='ltr'>Ἀδὰμ</span> 
     </span>
    </p>
   </div>
   <div class='ocr_carea' id='block_1_38' title="bbox 220 2158 1813 2243">
    <p class='ocr_par' dir='ltr' id='par_1_38' title="bbox 220 2158 1813 2243">
     <span class='ocr_line' id='line_1_38' title="bbox 220 2158 1813 2243; baseline -0.011 -15"><span class='ocrx_word' id='word_1_265' title='bbox 220 2174 324 2228; x_wconf 78' lang='grc' dir='ltr'>τοῦ</span> <span class='ocrx_word' id='word_1_266' title='bbox 346 2174 557 2243; x_wconf 83' lang='grc' dir='ltr'>Κυρίου</span> <span class='ocrx_word' id='word_1_267' title='bbox 582 2172 813 2233; x_wconf 84' lang='grc' dir='ltr'>θάνατος</span> <span class='ocrx_word' id='word_1_268' title='bbox 836 2169 1099 2239; x_wconf 80' lang='grc' dir='ltr'>ὑπάρχων</span> <span class='ocrx_word' id='word_1_269' title='bbox 1125 2165 1225 2236; x_wconf 83' lang='grc' dir='ltr'><strong>τῆς</strong></span> <span class='ocrx_word' id='word_1_270' title='bbox 1248 2165 1314 2218; x_wconf 69' lang='grc' dir='ltr'>ἐκ</span> <span class='ocrx_word' id='word_1_271' title='bbox 1334 2162 1430 2219; x_wconf 77' lang='grc' dir='ltr'>τοῦ</span> <span class='ocrx_word' id='word_1_272' title='bbox 1461 2159 1634 2232; x_wconf 82' lang='grc' dir='ltr'>Ἀδὰμ</span> <span class='ocrx_word' id='word_1_273' title='bbox 1656 2158 1813 2214; x_wconf 67' lang='grc' dir='ltr'>ἐλεύ-</span> 
     </span>
    </p>
   </div>
   <div class='ocr_carea' id='block_1_39' title="bbox 220 2252 1595 2341">
    <p class='ocr_par' dir='ltr' id='par_1_39' title="bbox 220 2252 1595 2341">
     <span class='ocr_line' id='line_1_39' title="bbox 220 2252 1595 2341; baseline -0.011 -18"><span class='ocrx_word' id='word_1_274' title='bbox 220 2268 387 2341; x_wconf 79' lang='grc' dir='ltr'>θερος</span> <span class='ocrx_word' id='word_1_275' title='bbox 419 2265 633 2338; x_wconf 76' lang='grc' dir='ltr'>ἡδονῆς,</span> <span class='ocrx_word' id='word_1_276' title='bbox 668 2263 840 2320; x_wconf 77' lang='grc' dir='ltr'>ἀϊδίου</span> <span class='ocrx_word' id='word_1_277' title='bbox 869 2259 1150 2331; x_wconf 80' lang='grc' dir='ltr'>γεννήτωρ</span> <span class='ocrx_word' id='word_1_278' title='bbox 1175 2256 1387 2327; x_wconf 82' lang='grc' dir='ltr'>γίνεται</span> <span class='ocrx_word' id='word_1_279' title='bbox 1428 2252 1595 2326; x_wconf 79' lang='grc' dir='ltr'>ζωῆς.</span> 
     </span>
    </p>
   </div>
   <div class='ocr_carea' id='block_1_40' title="bbox 307 2522 1818 2604">
    <p class='ocr_par' dir='ltr' id='par_1_40' title="bbox 307 2522 1818 2604">
     <span class='ocr_line' id='line_1_40' title="bbox 307 2522 1818 2604; baseline -0.009 -16"><span class='ocrx_word' id='word_1_280' title='bbox 307 2540 423 2602; x_wconf 69' lang='lat' dir='ltr'><strong>pg’.</strong></span> <span class='ocrx_word' id='word_1_281' title='bbox 469 2531 672 2604; x_wconf 78' lang='grc' dir='ltr'>’Ᾱρχὴν</span> <span class='ocrx_word' id='word_1_282' title='bbox 706 2531 833 2603; x_wconf 76' lang='grc' dir='ltr'>ἔσχε</span> <span class='ocrx_word' id='word_1_283' title='bbox 871 2529 1014 2602; x_wconf 80' lang='grc' dir='ltr'>μετὰ</span> <span class='ocrx_word' id='word_1_284' title='bbox 1043 2528 1143 2600; x_wconf 78' lang='grc' dir='ltr'><strong>τὴν</strong></span> <span class='ocrx_word' id='word_1_285' title='bbox 1176 2526 1487 2599; x_wconf 75' lang='grc' dir='ltr'>παράϐασιν</span> <span class='ocrx_word' id='word_1_286' title='bbox 1522 2526 1555 2595; x_wconf 80' lang='grc' dir='ltr'>ἡ</span> <span class='ocrx_word' id='word_1_287' title='bbox 1586 2522 1695 2577; x_wconf 84' lang='grc' dir='ltr'><strong>τῶν</strong></span> <span class='ocrx_word' id='word_1_288' title='bbox 1721 2522 1818 2576; x_wconf 85' lang='grc' dir='ltr'>άν-</span> 
     </span>
    </p>
   </div>
   <div class='ocr_carea' id='block_1_41' title="bbox 225 2612 1817 2695">
    <p class='ocr_par' dir='ltr' id='par_1_41' title="bbox 225 2612 1817 2695">
     <span class='ocr_line' id='line_1_41' title="bbox 225 2612 1817 2695; baseline -0.011 -15"><span class='ocrx_word' id='word_1_289' title='bbox 225 2625 469 2695; x_wconf 86' lang='grc' dir='ltr'>θρώπων</span> <span class='ocrx_word' id='word_1_290' title='bbox 518 2632 682 2693; x_wconf 74' lang='grc' dir='ltr'>φύσις</span> <span class='ocrx_word' id='word_1_291' title='bbox 723 2626 823 2694; x_wconf 80' lang='grc' dir='ltr'>τῆς</span> <span class='ocrx_word' id='word_1_292' title='bbox 864 2622 1001 2685; x_wconf 88' lang='grc' dir='ltr'>ίδίας</span> <span class='ocrx_word' id='word_1_293' title='bbox 1037 2620 1305 2689; x_wconf 82' lang='grc' dir='ltr'>γενέσεως</span> <span class='ocrx_word' id='word_1_294' title='bbox 1338 2618 1437 2687; x_wconf 82' lang='grc' dir='ltr'>τὴν</span> <span class='ocrx_word' id='word_1_295' title='bbox 1468 2614 1593 2669; x_wconf 85' lang='grc' dir='ltr'>καθ’</span> <span class='ocrx_word' id='word_1_296' title='bbox 1623 2612 1817 2683; x_wconf 79' lang='grc' dir='ltr'>ἡδονὴν</span> 
     </span>
    </p>
   </div>
   <div class='ocr_carea' id='block_1_42' title="bbox 225 2702 1815 2790">
    <p class='ocr_par' dir='ltr' id='par_1_42' title="bbox 225 2702 1815 2790">
     <span class='ocr_line' id='line_1_42' title="bbox 225 2702 1815 2790; baseline -0.011 -16"><span class='ocrx_word' id='word_1_297' title='bbox 225 2722 299 2774; x_wconf 80' lang='grc' dir='ltr'>ὲκ</span> <span class='ocrx_word' id='word_1_298' title='bbox 323 2720 530 2790; x_wconf 81' lang='grc' dir='ltr'>σπορᾶς</span> <span class='ocrx_word' id='word_1_299' title='bbox 554 2715 837 2787; x_wconf 75' lang='grc' dir='ltr'>σύλληψιν,</span> <span class='ocrx_word' id='word_1_300' title='bbox 874 2713 971 2767; x_wconf 72' lang='grc' dir='ltr'><strong>καὶ</strong></span> <span class='ocrx_word' id='word_1_301' title='bbox 998 2713 1098 2783; x_wconf 85' lang='grc' dir='ltr'>τὴν</span> <span class='ocrx_word' id='word_1_302' title='bbox 1129 2710 1275 2764; x_wconf 72' lang='grc' dir='ltr'>κατὰ</span> <span class='ocrx_word' id='word_1_303' title='bbox 1299 2708 1484 2778; x_wconf 83' lang='grc' dir='ltr'>ῥεῦσιν</span> <span class='ocrx_word' id='word_1_304' title='bbox 1515 2702 1772 2775; x_wconf 79' lang='grc' dir='ltr'>γέννησιν</span> <span class='ocrx_word' id='word_1_305' title='bbox 1799 2720 1815 2736; x_wconf 75' lang='grc' dir='ltr'><strong>ο</strong></span> 
     </span>
    </p>
   </div>
   <div class='ocr_carea' id='block_1_43' title="bbox 226 2795 1818 2874">
    <p class='ocr_par' dir='ltr' id='par_1_43' title="bbox 226 2795 1818 2874">
     <span class='ocr_line' id='line_1_43' title="bbox 226 2795 1818 2874; baseline -0.009 -11"><span class='ocrx_word' id='word_1_306' title='bbox 226 2810 327 2863; x_wconf 76' lang='grc' dir='ltr'><strong>καὶ</strong></span> <span class='ocrx_word' id='word_1_307' title='bbox 346 2809 522 2873; x_wconf 80' lang='grc' dir='ltr'>τέλος,</span> <span class='ocrx_word' id='word_1_308' title='bbox 552 2809 644 2861; x_wconf 76' lang='grc' dir='ltr'><strong>τὸν</strong></span> <span class='ocrx_word' id='word_1_309' title='bbox 681 2806 805 2859; x_wconf 84' lang='grc' dir='ltr'>κατ’</span> <span class='ocrx_word' id='word_1_310' title='bbox 834 2804 1026 2874; x_wconf 77' lang='grc' dir='ltr'>ὀδύνην</span> <span class='ocrx_word' id='word_1_311' title='bbox 1049 2802 1138 2855; x_wconf 82' lang='grc' dir='ltr'><strong>διὰ</strong></span> <span class='ocrx_word' id='word_1_312' title='bbox 1168 2800 1375 2871; x_wconf 80' lang='grc' dir='ltr'>φθορᾶς</span> <span class='ocrx_word' id='word_1_313' title='bbox 1403 2798 1632 2851; x_wconf 85' lang='grc' dir='ltr'>θάνατον</span> <span class='ocrx_word' id='word_1_314' title='bbox 1659 2812 1673 2827; x_wconf 88' lang='grc'><strong>·</strong></span> <span class='ocrx_word' id='word_1_315' title='bbox 1703 2797 1732 2849; x_wconf 97' lang='lat'><strong>6</strong></span> <span class='ocrx_word' id='word_1_316' title='bbox 1761 2795 1818 2849; x_wconf 85' lang='grc' dir='ltr'><strong>δὲ</strong></span> 
     </span>
    </p>
   </div>
   <div class='ocr_carea' id='block_1_44' title="bbox 226 2889 1816 2973">
    <p class='ocr_par' dir='ltr' id='par_1_44' title="bbox 226 2889 1816 2973">
     <span class='ocr_line' id='line_1_44' title="bbox 226 2889 1816 2973; baseline -0.01 -17"><span class='ocrx_word' id='word_1_317' title='bbox 226 2900 439 2973; x_wconf 82' lang='grc' dir='ltr'>Κύριος</span> <span class='ocrx_word' id='word_1_318' title='bbox 458 2900 666 2969; x_wconf 77' lang='grc' dir='ltr'>ταύτην</span> <span class='ocrx_word' id='word_1_319' title='bbox 687 2899 789 2952; x_wconf 80' lang='grc' dir='ltr'><strong>οὐκ</strong></span> <span class='ocrx_word' id='word_1_320' title='bbox 814 2896 955 2968; x_wconf 79' lang='grc' dir='ltr'>ἔχων</span> <span class='ocrx_word' id='word_1_321' title='bbox 983 2893 1159 2965; x_wconf 84' lang='grc' dir='ltr'>ἀρχὴν</span> <span class='ocrx_word' id='word_1_322' title='bbox 1186 2894 1283 2963; x_wconf 77' lang='grc' dir='ltr'>τῆς</span> <span class='ocrx_word' id='word_1_323' title='bbox 1308 2890 1451 2945; x_wconf 73' lang='grc' dir='ltr'>κατὰ</span> <span class='ocrx_word' id='word_1_324' title='bbox 1480 2889 1660 2959; x_wconf 84' lang='grc' dir='ltr'>σάρκα</span> <span class='ocrx_word' id='word_1_325' title='bbox 1690 2905 1816 2957; x_wconf 87' lang='grc' dir='ltr'>γεν-</span> 
     </span>
    </p>
   </div>
   <div class='ocr_carea' id='block_1_45' title="bbox 226 2979 1817 3061">
    <p class='ocr_par' dir='ltr' id='par_1_45' title="bbox 226 2979 1817 3061">
     <span class='ocr_line' id='line_1_45' title="bbox 226 2979 1817 3061; baseline -0.009 -16"><span class='ocrx_word' id='word_1_326' title='bbox 226 2992 466 3061; x_wconf 78' lang='grc' dir='ltr'>νήσεως,</span> <span class='ocrx_word' id='word_1_327' title='bbox 503 2989 628 3043; x_wconf 72' lang='grc' dir='ltr'>οὔτε</span> <span class='ocrx_word' id='word_1_328' title='bbox 674 2988 752 3058; x_wconf 84' lang='grc' dir='ltr'>τῷ</span> <span class='ocrx_word' id='word_1_329' title='bbox 788 2988 954 3051; x_wconf 79' lang='grc' dir='ltr'>τέλει,</span> <span class='ocrx_word' id='word_1_330' title='bbox 982 2985 1233 3039; x_wconf 81' lang='grc' dir='ltr'>τουτέστι</span> <span class='ocrx_word' id='word_1_331' title='bbox 1261 2982 1343 3054; x_wconf 84' lang='grc' dir='ltr'>τῷ</span> <span class='ocrx_word' id='word_1_332' title='bbox 1369 2981 1608 3051; x_wconf 80' lang='grc' dir='ltr'>θανάτῳ,</span> <span class='ocrx_word' id='word_1_333' title='bbox 1637 2979 1817 3050; x_wconf 78' lang='grc' dir='ltr'>ὑπῆρ-</span> 
     </span>
    </p>
   </div>
   <div class='ocr_carea' id='block_1_46' title="bbox 226 3081 586 3153">
    <p class='ocr_par' dir='ltr' id='par_1_46' title="bbox 226 3081 586 3153">
     <span class='ocr_line' id='line_1_46' title="bbox 226 3081 586 3153; baseline -0.003 -19"><span class='ocrx_word' id='word_1_334' title='bbox 226 3098 328 3153; x_wconf 86' lang='grc' dir='ltr'><strong>χεν</strong></span> <span class='ocrx_word' id='word_1_335' title='bbox 356 3081 586 3143; x_wconf 81' lang='grc' dir='ltr'>ἀλωτός.</span> 
     </span>
    </p>
   </div>
   <div class='ocr_carea' id='block_1_47' title="bbox 309 3164 1817 3243">
    <p class='ocr_par' dir='ltr' id='par_1_47' title="bbox 309 3164 1817 3243">
     <span class='ocr_line' id='line_1_47' title="bbox 309 3164 1817 3243; baseline -0.009 -14"><span class='ocrx_word' id='word_1_336' title='bbox 309 3173 416 3243; x_wconf 76' lang='grc' dir='ltr'><strong>μζ’.</strong></span> <span class='ocrx_word' id='word_1_337' title='bbox 453 3172 557 3225; x_wconf 83' lang='grc' dir='ltr'><strong>Τὸν</strong></span> <span class='ocrx_word' id='word_1_338' title='bbox 613 3173 785 3241; x_wconf 71' lang='grc' dir='ltr'>Ἀδὰμ</span> <span class='ocrx_word' id='word_1_339' title='bbox 815 3172 847 3241; x_wconf 81' lang='grc' dir='ltr'><strong>ἡ</strong></span> <span class='ocrx_word' id='word_1_340' title='bbox 880 3169 1125 3241; x_wconf 83' lang='grc' dir='ltr'>ἁμαρτία</span> <span class='ocrx_word' id='word_1_341' title='bbox 1168 3166 1448 3239; x_wconf 68' lang='grc' dir='ltr'>καταρχὰς</span> <span class='ocrx_word' id='word_1_342' title='bbox 1494 3164 1817 3225; x_wconf 87' lang='grc' dir='ltr'>δελεάσασα,</span> 
     </span>
    </p>
   </div>
   <div class='ocr_carea' id='block_1_48' title="bbox 230 3257 1821 3339">
    <p class='ocr_par' dir='ltr' id='par_1_48' title="bbox 230 3257 1821 3339">
     <span class='ocr_line' id='line_1_48' title="bbox 230 3257 1821 3339; baseline -0.009 -18"><span class='ocrx_word' id='word_1_343' title='bbox 230 3268 372 3339; x_wconf 84' lang='grc' dir='ltr'>πρὸς</span> <span class='ocrx_word' id='word_1_344' title='bbox 404 3264 717 3337; x_wconf 73' lang='grc' dir='ltr'>παράϐασιν</span> <span class='ocrx_word' id='word_1_345' title='bbox 747 3265 843 3335; x_wconf 85' lang='grc' dir='ltr'><strong>τῆς</strong></span> <span class='ocrx_word' id='word_1_346' title='bbox 872 3262 1025 3326; x_wconf 90' lang='grc' dir='ltr'>θείας</span> <span class='ocrx_word' id='word_1_347' title='bbox 1056 3261 1394 3335; x_wconf 71' lang='grc' dir='ltr'>παρέπεισεν</span> <span class='ocrx_word' id='word_1_348' title='bbox 1441 3257 1617 3311; x_wconf 78' lang='grc' dir='ltr'>ἐλθεῖν</span> <span class='ocrx_word' id='word_1_349' title='bbox 1668 3257 1821 3310; x_wconf 66' lang='grc' dir='ltr'>ἐντος</span> 
     </span>
    </p>
   </div>
   <div class='ocr_carea' id='block_1_49' title="bbox 229 3346 1822 3429">
    <p class='ocr_par' dir='ltr' id='par_1_49' title="bbox 229 3346 1822 3429">
     <span class='ocr_line' id='line_1_49' title="bbox 229 3346 1822 3429; baseline -0.009 -16"><span class='ocrx_word' id='word_1_350' title='bbox 229 3360 335 3429; x_wconf 83' lang='grc' dir='ltr'><strong>λῆς</strong></span> <span class='ocrx_word' id='word_1_351' title='bbox 367 3375 381 3388; x_wconf 90' lang='grc'><strong>·</strong></span> <span class='ocrx_word' id='word_1_352' title='bbox 438 3358 559 3411; x_wconf 90' lang='grc' dir='ltr'>καθ’</span> <span class='ocrx_word' id='word_1_353' title='bbox 606 3358 672 3426; x_wconf 83' lang='grc' dir='ltr'>ἢν</span> <span class='ocrx_word' id='word_1_354' title='bbox 718 3356 818 3424; x_wconf 83' lang='grc' dir='ltr'><strong>τὴν</strong></span> <span class='ocrx_word' id='word_1_355' title='bbox 849 3354 1047 3426; x_wconf 76' lang='grc' dir='ltr'>ἡδονὴν</span> <span class='ocrx_word' id='word_1_356' title='bbox 1079 3354 1456 3423; x_wconf 79' lang='grc' dir='ltr'>ὑποστήσασα,</span> <span class='ocrx_word' id='word_1_357' title='bbox 1495 3349 1591 3403; x_wconf 71' lang='grc' dir='ltr'><strong>καὶ</strong></span> <span class='ocrx_word' id='word_1_358' title='bbox 1615 3346 1822 3420; x_wconf 61' lang='grc' dir='ltr'>ἑαυτὴν</span> 
     </span>
    </p>
   </div>
   <div class='ocr_carea' id='block_1_50' title="bbox 230 3440 1823 3519">
    <p class='ocr_par' dir='ltr' id='par_1_50' title="bbox 230 3440 1823 3519">
     <span class='ocr_line' id='line_1_50' title="bbox 230 3440 1823 3519; baseline -0.008 -15"><span class='ocrx_word' id='word_1_359' title='bbox 230 3449 326 3505; x_wconf 81' lang='grc' dir='ltr'><strong>διὰ</strong></span> <span class='ocrx_word' id='word_1_360' title='bbox 353 3450 454 3519; x_wconf 80' lang='grc' dir='ltr'><strong>τῆς</strong></span> <span class='ocrx_word' id='word_1_361' title='bbox 477 3449 671 3519; x_wconf 80' lang='grc' dir='ltr'>ἡδονῆς</span> <span class='ocrx_word' id='word_1_362' title='bbox 698 3449 756 3501; x_wconf 84' lang='grc' dir='ltr'>ὲν</span> <span class='ocrx_word' id='word_1_363' title='bbox 783 3445 937 3517; x_wconf 72' lang='grc' dir='ltr'>αὐτῷ</span> <span class='ocrx_word' id='word_1_364' title='bbox 961 3443 1331 3513; x_wconf 87' lang='grc' dir='ltr'>καθηλώσασα</span> <span class='ocrx_word' id='word_1_365' title='bbox 1362 3443 1440 3514; x_wconf 82' lang='grc' dir='ltr'>τῷ</span> <span class='ocrx_word' id='word_1_366' title='bbox 1465 3440 1703 3511; x_wconf 82' lang='grc' dir='ltr'>πυθμένι</span> <span class='ocrx_word' id='word_1_367' title='bbox 1723 3442 1823 3509; x_wconf 84' lang='grc' dir='ltr'>τῆς</span> 
     </span>
    </p>
   </div>
   <div class='ocr_carea' id='block_1_51' title="bbox 235 3530 1820 3611">
    <p class='ocr_par' dir='ltr' id='par_1_51' title="bbox 235 3530 1820 3611">
     <span class='ocr_line' id='line_1_51' title="bbox 235 3530 1820 3611; baseline -0.007 -17"><span class='ocrx_word' id='word_1_368' title='bbox 235 3540 474 3611; x_wconf 83' lang='grc' dir='ltr'>φύσεως,</span> <span class='ocrx_word' id='word_1_369' title='bbox 506 3540 598 3592; x_wconf 78' lang='grc' dir='ltr'><strong>τὸν</strong></span> <span class='ocrx_word' id='word_1_370' title='bbox 629 3539 858 3593; x_wconf 85' lang='grc' dir='ltr'>θάνατον</span> <span class='ocrx_word' id='word_1_371' title='bbox 911 3538 1010 3607; x_wconf 85' lang='grc' dir='ltr'>τῆς</span> <span class='ocrx_word' id='word_1_372' title='bbox 1063 3537 1193 3605; x_wconf 81' lang='grc' dir='ltr'>ὅλης</span> <span class='ocrx_word' id='word_1_373' title='bbox 1243 3535 1534 3605; x_wconf 81' lang='grc' dir='ltr'>κατέκρινε</span> <span class='ocrx_word' id='word_1_374' title='bbox 1582 3530 1820 3600; x_wconf 85' lang='grc' dir='ltr'>φύσεως,</span> 
     </span>
    </p>
   </div>
   <div class='ocr_carea' id='block_1_52' title="bbox 236 3621 1824 3702">
    <p class='ocr_par' dir='ltr' id='par_1_52' title="bbox 236 3621 1824 3702">
     <span class='ocr_line' id='line_1_52' title="bbox 236 3621 1824 3702; baseline -0.008 -14"><span class='ocrx_word' id='word_1_375' title='bbox 236 3633 456 3688; x_wconf 81' lang='grc' dir='ltr'>ὠθοῦσα</span> <span class='ocrx_word' id='word_1_376' title='bbox 488 3631 624 3702; x_wconf 83' lang='grc' dir='ltr'>πρὸς</span> <span class='ocrx_word' id='word_1_377' title='bbox 648 3630 973 3698; x_wconf 80' lang='grc' dir='ltr'>ἀπογένεσιν</span> <span class='ocrx_word' id='word_1_378' title='bbox 996 3628 1139 3681; x_wconf 83' lang='grc' dir='ltr'>κατὰ</span> <span class='ocrx_word' id='word_1_379' title='bbox 1180 3627 1273 3680; x_wconf 83' lang='grc' dir='ltr'><strong>τὸν</strong></span> <span class='ocrx_word' id='word_1_380' title='bbox 1305 3625 1537 3678; x_wconf 89' lang='grc' dir='ltr'>θάνατον</span> <span class='ocrx_word' id='word_1_381' title='bbox 1587 3623 1678 3675; x_wconf 85' lang='grc' dir='ltr'>διὰ</span> <span class='ocrx_word' id='word_1_382' title='bbox 1727 3621 1824 3676; x_wconf 77' lang='grc' dir='ltr'>τοῦ</span> 
     </span>
    </p>
   </div>
   <div class='ocr_carea' id='block_1_53' title="bbox 237 3712 1825 3797">
    <p class='ocr_par' dir='ltr' id='par_1_53' title="bbox 237 3712 1825 3797">
     <span class='ocr_line' id='line_1_53' title="bbox 237 3712 1825 3797; baseline -0.011 -16"><span class='ocrx_word' id='word_1_383' title='bbox 237 3725 551 3797; x_wconf 76' lang='grc' dir='ltr'>ἀνθρώπου,</span> <span class='ocrx_word' id='word_1_384' title='bbox 592 3720 688 3793; x_wconf 76' lang='grc' dir='ltr'>τὴν</span> <span class='ocrx_word' id='word_1_385' title='bbox 730 3720 896 3791; x_wconf 84' lang='grc' dir='ltr'>φύσιν</span> <span class='ocrx_word' id='word_1_386' title='bbox 948 3719 1060 3772; x_wconf 85' lang='grc' dir='ltr'><strong>τῶν</strong></span> <span class='ocrx_word' id='word_1_387' title='bbox 1107 3716 1433 3787; x_wconf 86' lang='grc' dir='ltr'>γεγονότων.</span> <span class='ocrx_word' id='word_1_388' title='bbox 1502 3713 1674 3767; x_wconf 83' lang='grc' dir='ltr'>Τοῦτο</span> <span class='ocrx_word' id='word_1_389' title='bbox 1715 3712 1825 3782; x_wconf 77' lang='grc' dir='ltr'><strong>γάρ</strong></span> 
     </span>
    </p>
   </div>
   <div class='ocr_carea' id='block_1_54' title="bbox 240 3804 1827 3886">
    <p class='ocr_par' dir='ltr' id='par_1_54' title="bbox 240 3804 1827 3886">
     <span class='ocr_line' id='line_1_54' title="bbox 240 3804 1827 3886; baseline -0.009 -16"><span class='ocrx_word' id='word_1_390' title='bbox 240 3816 339 3872; x_wconf 72' lang='grc' dir='ltr'><strong>καὶ</strong></span> <span class='ocrx_word' id='word_1_391' title='bbox 372 3816 732 3886; x_wconf 82' lang='grc' dir='ltr'>μεμηχάνητο</span> <span class='ocrx_word' id='word_1_392' title='bbox 759 3811 837 3882; x_wconf 84' lang='grc' dir='ltr'>τῷ</span> <span class='ocrx_word' id='word_1_393' title='bbox 868 3812 1062 3880; x_wconf 83' lang='grc' dir='ltr'>σπορεῖ</span> <span class='ocrx_word' id='word_1_394' title='bbox 1082 3811 1180 3881; x_wconf 84' lang='grc' dir='ltr'><strong>τῆς</strong></span> <span class='ocrx_word' id='word_1_395' title='bbox 1208 3806 1506 3878; x_wconf 84' lang='grc' dir='ltr'>ἁμαρτίας,</span> <span class='ocrx_word' id='word_1_396' title='bbox 1537 3804 1632 3858; x_wconf 72' lang='grc' dir='ltr'><strong>καὶ</strong></span> <span class='ocrx_word' id='word_1_397' title='bbox 1657 3804 1827 3872; x_wconf 76' lang='grc' dir='ltr'>πατρὶ</span> 
     </span>
    </p>
   </div>
   <div class='ocr_carea' id='block_1_55' title="bbox 238 3897 1829 3979">
    <p class='ocr_par' dir='ltr' id='par_1_55' title="bbox 238 3897 1829 3979">
     <span class='ocr_line' id='line_1_55' title="bbox 238 3897 1829 3979; baseline -0.01 -16"><span class='ocrx_word' id='word_1_398' title='bbox 238 3910 339 3979; x_wconf 78' lang='grc' dir='ltr'>τῆς</span> <span class='ocrx_word' id='word_1_399' title='bbox 358 3908 556 3970; x_wconf 84' lang='grc' dir='ltr'>κακίας</span> <span class='ocrx_word' id='word_1_400' title='bbox 586 3904 807 3977; x_wconf 86' lang='grc' dir='ltr'>πονηρῷ</span> <span class='ocrx_word' id='word_1_401' title='bbox 827 3902 1078 3974; x_wconf 77' lang='grc' dir='ltr'>διαϐόλῳ,</span> <span class='ocrx_word' id='word_1_402' title='bbox 1102 3901 1179 3973; x_wconf 83' lang='grc' dir='ltr'><strong>τῷ</strong></span> <span class='ocrx_word' id='word_1_403' title='bbox 1212 3899 1404 3955; x_wconf 79' lang='grc' dir='ltr'>ἑαυτὸν</span> <span class='ocrx_word' id='word_1_404' title='bbox 1438 3899 1535 3970; x_wconf 80' lang='grc' dir='ltr'><strong>μὲν</strong></span> <span class='ocrx_word' id='word_1_405' title='bbox 1573 3897 1632 3964; x_wconf 82' lang='grc' dir='ltr'><strong>ὲξ</strong></span> <span class='ocrx_word' id='word_1_406' title='bbox 1658 3897 1829 3967; x_wconf 73' lang='grc' dir='ltr'>ὕπερον</span> 
     </span>
    </p>
   </div>
   <div class='ocr_carea' id='block_1_56' title="bbox 240 3987 1828 4072">
    <p class='ocr_par' dir='ltr' id='par_1_56' title="bbox 240 3987 1828 4072">
     <span class='ocr_line' id='line_1_56' title="bbox 240 3987 1828 4072; baseline -0.01 -17"><span class='ocrx_word' id='word_1_407' title='bbox 240 4001 477 4072; x_wconf 83' lang='grc' dir='ltr'>ηφανίας</span> <span class='ocrx_word' id='word_1_408' title='bbox 541 3997 642 4069; x_wconf 85' lang='grc' dir='ltr'>τῆς</span> <span class='ocrx_word' id='word_1_409' title='bbox 694 3996 844 4060; x_wconf 85' lang='grc' dir='ltr'>θείας</span> <span class='ocrx_word' id='word_1_410' title='bbox 894 3993 1224 4059; x_wconf 82' lang='grc' dir='ltr'>ὲξοικίσαντι</span> <span class='ocrx_word' id='word_1_411' title='bbox 1271 3991 1451 4062; x_wconf 81' lang='grc' dir='ltr'>δόξης,</span> <span class='ocrx_word' id='word_1_412' title='bbox 1495 3989 1585 4043; x_wconf 84' lang='grc' dir='ltr'><strong>διὰ</strong></span> <span class='ocrx_word' id='word_1_413' title='bbox 1631 3987 1828 4058; x_wconf 79' lang='grc' dir='ltr'>φθόνον</span> 
     </span>
    </p>
   </div>
   <div class='ocr_carea' id='block_1_57' title="bbox 240 4078 1829 4162">
    <p class='ocr_par' dir='ltr' id='par_1_57' title="bbox 240 4078 1829 4162">
     <span class='ocr_line' id='line_1_57' title="bbox 240 4078 1829 4162; baseline -0.011 -14"><span class='ocrx_word' id='word_1_414' title='bbox 240 4095 302 4149; x_wconf 83' lang='grc' dir='ltr'>δὲ</span> <span class='ocrx_word' id='word_1_415' title='bbox 329 4094 421 4146; x_wconf 80' lang='grc' dir='ltr'><strong>τόν</strong></span> <span class='ocrx_word' id='word_1_416' title='bbox 462 4110 522 4145; x_wconf 88' lang='grc' dir='ltr'><strong>τε</strong></span> <span class='ocrx_word' id='word_1_417' title='bbox 557 4090 697 4162; x_wconf 85' lang='grc' dir='ltr'>πρὸς</span> <span class='ocrx_word' id='word_1_418' title='bbox 728 4086 878 4159; x_wconf 80' lang='grc' dir='ltr'>ἡμᾶς</span> <span class='ocrx_word' id='word_1_419' title='bbox 928 4087 1024 4140; x_wconf 72' lang='grc' dir='ltr'><strong>καὶ</strong></span> <span class='ocrx_word' id='word_1_420' title='bbox 1071 4086 1162 4139; x_wconf 83' lang='grc' dir='ltr'><strong>τὸν</strong></span> <span class='ocrx_word' id='word_1_421' title='bbox 1209 4084 1363 4147; x_wconf 82' lang='grc' dir='ltr'>Θεὸν,</span> <span class='ocrx_word' id='word_1_422' title='bbox 1414 4080 1510 4136; x_wconf 80' lang='grc' dir='ltr'>τοῦ</span> <span class='ocrx_word' id='word_1_423' title='bbox 1568 4078 1829 4151; x_wconf 85' lang='grc' dir='ltr'>παραδεί-</span> 
     </span>
    </p>
   </div>
   <div class='ocr_carea' id='block_1_58' title="bbox 244 4170 1827 4251">
    <p class='ocr_par' dir='ltr' id='par_1_58' title="bbox 244 4170 1827 4251">
     <span class='ocr_line' id='line_1_58' title="bbox 244 4170 1827 4251; baseline -0.01 -12"><span class='ocrx_word' id='word_1_424' title='bbox 244 4203 345 4239; x_wconf 90' lang='grc' dir='ltr'><strong>σου</strong></span> <span class='ocrx_word' id='word_1_425' title='bbox 376 4185 468 4238; x_wconf 72' lang='grc' dir='ltr'><strong>τδν</strong></span> <span class='ocrx_word' id='word_1_426' title='bbox 510 4184 683 4251; x_wconf 83' lang='grc' dir='ltr'>Ἀδὰμ</span> <span class='ocrx_word' id='word_1_427' title='bbox 731 4180 1084 4247; x_wconf 78' lang='grc' dir='ltr'>ὲξοικίσαντι,</span> <span class='ocrx_word' id='word_1_428' title='bbox 1133 4176 1398 4246; x_wconf 82' lang='grc' dir='ltr'>ἀφανίσαι</span> <span class='ocrx_word' id='word_1_429' title='bbox 1455 4175 1524 4229; x_wconf 83' lang='grc' dir='ltr'>τὰ</span> <span class='ocrx_word' id='word_1_430' title='bbox 1567 4173 1705 4244; x_wconf 73' lang='grc' dir='ltr'>ἔργα</span> <span class='ocrx_word' id='word_1_431' title='bbox 1733 4170 1827 4224; x_wconf 80' lang='grc' dir='ltr'>τοῦ</span> 
     </span>
    </p>
   </div>
   <div class='ocr_carea' id='block_1_59' title="bbox 242 4266 1682 4343">
    <p class='ocr_par' dir='ltr' id='par_1_59' title="bbox 242 4266 1682 4343">
     <span class='ocr_line' id='line_1_59' title="bbox 242 4266 1682 4343; baseline -0.009 -12"><span class='ocrx_word' id='word_1_432' title='bbox 242 4277 403 4343; x_wconf 75' lang='grc' dir='ltr'>Θεοῦ,</span> <span class='ocrx_word' id='word_1_433' title='bbox 437 4277 534 4329; x_wconf 71' lang='grc' dir='ltr'><strong>καὶ</strong></span> <span class='ocrx_word' id='word_1_434' title='bbox 563 4272 813 4328; x_wconf 74' lang='grc' dir='ltr'>διαλῦσαι</span> <span class='ocrx_word' id='word_1_435' title='bbox 843 4271 910 4324; x_wconf 83' lang='grc' dir='ltr'>τὰ</span> <span class='ocrx_word' id='word_1_436' title='bbox 943 4269 1254 4324; x_wconf 81' lang='grc' dir='ltr'>συνεστῶτα</span> <span class='ocrx_word' id='word_1_437' title='bbox 1281 4267 1418 4339; x_wconf 67' lang='grc' dir='ltr'>πρὸς</span> <span class='ocrx_word' id='word_1_438' title='bbox 1445 4266 1682 4335; x_wconf 78' lang='grc' dir='ltr'>γένεσιν.</span> 
     </span>
    </p>
   </div>
   <div class='ocr_carea' id='block_1_60' title="bbox 1911 1868 3501 1940">
    <p class='ocr_par' dir='ltr' id='par_1_60' title="bbox 1911 1868 3501 1940">
     <span class='ocr_line' id='line_1_60' title="bbox 1911 1868 3501 1940; baseline -0.001 -15"><span class='ocrx_word' id='word_1_439' title='bbox 1911 1869 2224 1934; x_wconf 87' lang='lat' dir='ltr'><strong>consuevit,</strong></span> <span class='ocrx_word' id='word_1_440' title='bbox 2262 1870 2518 1939; x_wconf 85' lang='lat' dir='ltr'><strong>voluptas</strong></span> <span class='ocrx_word' id='word_1_441' title='bbox 2551 1868 2838 1939; x_wconf 85' lang='lat' dir='ltr'><strong>libidoque</strong></span> <span class='ocrx_word' id='word_1_442' title='bbox 2867 1868 3129 1933; x_wconf 81' lang='lat' dir='ltr'><strong>defuerit,</strong></span> <span class='ocrx_word' id='word_1_443' title='bbox 3167 1870 3287 1940; x_wconf 84' lang='lat' dir='ltr'><strong>ipsa</strong></span> <span class='ocrx_word' id='word_1_444' title='bbox 3314 1875 3501 1940; x_wconf 87' lang='lat' dir='ltr'><strong>palam</strong></span> 
     </span>
    </p>
   </div>
   <div class='ocr_carea' id='block_1_61' title="bbox 1912 1959 3505 2031">
    <p class='ocr_par' dir='ltr' id='par_1_61' title="bbox 1912 1959 3505 2031">
     <span class='ocr_line' id='line_1_61' title="bbox 1912 1959 3505 2031; baseline 0.001 -15"><span class='ocrx_word' id='word_1_445' title='bbox 1912 1960 2266 2030; x_wconf 64' lang='lat' dir='ltr'><strong>sempiterna:</strong></span> <span class='ocrx_word' id='word_1_446' title='bbox 2310 1960 2440 2015; x_wconf 74' lang='lat' dir='ltr'><strong>vitae</strong></span> <span class='ocrx_word' id='word_1_447' title='bbox 2480 1974 2683 2031; x_wconf 89' lang='lat' dir='ltr'><strong>parens</strong></span> <span class='ocrx_word' id='word_1_448' title='bbox 2731 1960 2971 2015; x_wconf 84' lang='lat' dir='ltr'><strong>exsistit.</strong></span> <span class='ocrx_word' id='word_1_449' title='bbox 3024 1959 3505 2027; x_wconf 82' lang='lat' dir='ltr'><strong>Quemadmodum</strong></span> 
     </span>
    </p>
   </div>
   <div class='ocr_carea' id='block_1_62' title="bbox 1911 2050 3507 2120">
    <p class='ocr_par' dir='ltr' id='par_1_62' title="bbox 1911 2050 3507 2120">
     <span class='ocr_line' id='line_1_62' title="bbox 1911 2050 3507 2120; baseline 0.003 -15"><span class='ocrx_word' id='word_1_450' title='bbox 1911 2051 2063 2105; x_wconf 90' lang='lat' dir='ltr'><strong>enim</strong></span> <span class='ocrx_word' id='word_1_451' title='bbox 2098 2050 2414 2120; x_wconf 76' lang='lat' dir='ltr'><strong>voluptaria</strong></span> <span class='ocrx_word' id='word_1_452' title='bbox 2448 2065 2515 2106; x_wconf 87' lang='lat' dir='ltr'><strong>ac</strong></span> <span class='ocrx_word' id='word_1_453' title='bbox 2538 2050 2842 2105; x_wconf 90' lang='lat' dir='ltr'><strong>libidinosa</strong></span> <span class='ocrx_word' id='word_1_454' title='bbox 2871 2051 3068 2106; x_wconf 80' lang='lat' dir='ltr'><strong>Adami</strong></span> <span class='ocrx_word' id='word_1_455' title='bbox 3097 2052 3247 2120; x_wconf 87' lang='lat' dir='ltr'><strong>vita,</strong></span> <span class='ocrx_word' id='word_1_456' title='bbox 3304 2055 3507 2111; x_wconf 87' lang='lat' dir='ltr'><strong>mortis</strong></span> 
     </span>
    </p>
   </div>
   <div class='ocr_carea' id='block_1_63' title="bbox 1912 2142 3507 2216">
    <p class='ocr_par' dir='ltr' id='par_1_63' title="bbox 1912 2142 3507 2216">
     <span class='ocr_line' id='line_1_63' title="bbox 1912 2142 3507 2216; baseline 0.003 -18"><span class='ocrx_word' id='word_1_457' title='bbox 1912 2157 1978 2198; x_wconf 86' lang='lat' dir='ltr'><strong>ac</strong></span> <span class='ocrx_word' id='word_1_458' title='bbox 2001 2142 2260 2199; x_wconf 86' lang='lat' dir='ltr'><strong>interitus</strong></span> <span class='ocrx_word' id='word_1_459' title='bbox 2279 2158 2480 2214; x_wconf 90' lang='lat' dir='ltr'><strong>parens</strong></span> <span class='ocrx_word' id='word_1_460' title='bbox 2496 2143 2707 2200; x_wconf 84' lang='lat' dir='ltr'><strong>exstitit</strong></span> <span class='ocrx_word' id='word_1_461' title='bbox 2733 2160 2749 2197; x_wconf 88' lang='lat'><strong>:</strong></span> <span class='ocrx_word' id='word_1_462' title='bbox 2783 2143 2864 2199; x_wconf 91' lang='lat' dir='ltr'><strong>sic</strong></span> <span class='ocrx_word' id='word_1_463' title='bbox 2884 2159 3107 2215; x_wconf 89' lang='lat' dir='ltr'><strong>quoque</strong></span> <span class='ocrx_word' id='word_1_464' title='bbox 3128 2161 3292 2216; x_wconf 90' lang='lat' dir='ltr'><strong>quam</strong></span> <span class='ocrx_word' id='word_1_465' title='bbox 3315 2148 3507 2203; x_wconf 91' lang='lat' dir='ltr'><strong>Domi-</strong></span> 
     </span>
    </p>
   </div>
   <div class='ocr_carea' id='block_1_64' title="bbox 1913 2234 3507 2306">
    <p class='ocr_par' dir='ltr' id='par_1_64' title="bbox 1913 2234 3507 2306">
     <span class='ocr_line' id='line_1_64' title="bbox 1913 2234 3507 2306; baseline 0.003 -16"><span class='ocrx_word' id='word_1_466' title='bbox 1913 2251 2021 2290; x_wconf 85' lang='lat' dir='ltr'><strong>nus</strong></span> <span class='ocrx_word' id='word_1_467' title='bbox 2040 2245 2267 2306; x_wconf 88' lang='lat' dir='ltr'><strong>propter</strong></span> <span class='ocrx_word' id='word_1_468' title='bbox 2288 2234 2560 2290; x_wconf 82' lang='lat' dir='ltr'><strong>Adamum</strong></span> <span class='ocrx_word' id='word_1_469' title='bbox 2578 2243 2815 2290; x_wconf 89' lang='lat' dir='ltr'><strong>mortem</strong></span> <span class='ocrx_word' id='word_1_470' title='bbox 2845 2235 3039 2302; x_wconf 88' lang='lat' dir='ltr'><strong>subiit,</strong></span> <span class='ocrx_word' id='word_1_471' title='bbox 3069 2251 3193 2306; x_wconf 82' lang='lat' dir='ltr'><strong>quae</strong></span> <span class='ocrx_word' id='word_1_472' title='bbox 3213 2239 3283 2292; x_wconf 88' lang='lat' dir='ltr'><strong>ab</strong></span> <span class='ocrx_word' id='word_1_473' title='bbox 3307 2237 3507 2295; x_wconf 81' lang='lat' dir='ltr'><strong>Adami</strong></span> 
     </span>
    </p>
   </div>
   <div class='ocr_carea' id='block_1_65' title="bbox 1913 2325 3512 2400">
    <p class='ocr_par' dir='ltr' id='par_1_65' title="bbox 1913 2325 3512 2400">
     <span class='ocr_line' id='line_1_65' title="bbox 1913 2325 3512 2400; baseline 0.004 -19"><span class='ocrx_word' id='word_1_474' title='bbox 1913 2326 2146 2383; x_wconf 89' lang='lat' dir='ltr'><strong>libidine</strong></span> <span class='ocrx_word' id='word_1_475' title='bbox 2168 2342 2235 2382; x_wconf 91' lang='lat' dir='ltr'><strong>ac</strong></span> <span class='ocrx_word' id='word_1_476' title='bbox 2269 2327 2553 2398; x_wconf 87' lang='lat' dir='ltr'><strong>voluptate</strong></span> <span class='ocrx_word' id='word_1_477' title='bbox 2586 2326 2853 2381; x_wconf 89' lang='lat' dir='ltr'><strong>immunis</strong></span> <span class='ocrx_word' id='word_1_478' title='bbox 2874 2325 2969 2395; x_wconf 88' lang='lat' dir='ltr'><strong>sit,</strong></span> <span class='ocrx_word' id='word_1_479' title='bbox 3000 2328 3357 2400; x_wconf 72' lang='lat' dir='ltr'><strong>sempiternae</strong></span> <span class='ocrx_word' id='word_1_480' title='bbox 3381 2333 3512 2388; x_wconf 65' lang='lat' dir='ltr'><strong>vita</strong></span> 
     </span>
    </p>
   </div>
   <div class='ocr_carea' id='block_1_66' title="bbox 1914 2428 2383 2499">
    <p class='ocr_par' dir='ltr' id='par_1_66' title="bbox 1914 2428 2383 2499">
     <span class='ocr_line' id='line_1_66' title="bbox 1914 2428 2383 2499; baseline 0 -15"><span class='ocrx_word' id='word_1_481' title='bbox 1914 2445 2119 2499; x_wconf 85' lang='lat' dir='ltr'><strong>parens</strong></span> <span class='ocrx_word' id='word_1_482' title='bbox 2143 2428 2383 2485; x_wconf 82' lang='lat' dir='ltr'><strong>exsistit.</strong></span> 
     </span>
    </p>
   </div>
   <div class='ocr_carea' id='block_1_67' title="bbox 1986 2521 3512 2598">
    <p class='ocr_par' dir='ltr' id='par_1_67' title="bbox 1986 2521 3512 2598">
     <span class='ocr_line' id='line_1_67' title="bbox 1986 2521 3512 2598; baseline 0.007 -23"><span class='ocrx_word' id='word_1_483' title='bbox 1986 2522 2077 2576; x_wconf 77' lang='grc'><strong>46.</strong></span> <span class='ocrx_word' id='word_1_484' title='bbox 2116 2521 2434 2577; x_wconf 83' lang='lat' dir='ltr'><strong>Humanum</strong></span> <span class='ocrx_word' id='word_1_485' title='bbox 2466 2538 2642 2594; x_wconf 84' lang='lat' dir='ltr'><strong>genus</strong></span> <span class='ocrx_word' id='word_1_486' title='bbox 2665 2539 2696 2579; x_wconf 91' lang='lat' dir='ltr'><strong>a</strong></span> <span class='ocrx_word' id='word_1_487' title='bbox 2732 2526 3204 2598; x_wconf 84' lang='lat' dir='ltr'><strong>transgressione,</strong></span> <span class='ocrx_word' id='word_1_488' title='bbox 3229 2538 3388 2583; x_wconf 91' lang='lat' dir='ltr'><strong>ortus</strong></span> <span class='ocrx_word' id='word_1_489' title='bbox 3423 2532 3512 2586; x_wconf 90' lang='lat' dir='ltr'><strong>sui</strong></span> 
     </span>
    </p>
   </div>
   <div class='ocr_carea' id='block_1_68' title="bbox 1914 2612 3512 2684">
    <p class='ocr_par' dir='ltr' id='par_1_68' title="bbox 1914 2612 3512 2684">
     <span class='ocr_line' id='line_1_68' title="bbox 1914 2612 3512 2684; baseline 0.004 -18"><span class='ocrx_word' id='word_1_490' title='bbox 1914 2612 2212 2682; x_wconf 79' lang='lat' dir='ltr'><strong>originem,</strong></span> <span class='ocrx_word' id='word_1_491' title='bbox 2264 2613 2638 2684; x_wconf 88' lang='lat' dir='ltr'><strong>voluptariam</strong></span> <span class='ocrx_word' id='word_1_492' title='bbox 2688 2630 2754 2671; x_wconf 92' lang='lat' dir='ltr'><strong>ac</strong></span> <span class='ocrx_word' id='word_1_493' title='bbox 2788 2616 3146 2673; x_wconf 87' lang='lat' dir='ltr'><strong>libidinosam</strong></span> <span class='ocrx_word' id='word_1_494' title='bbox 3178 2634 3246 2675; x_wconf 83' lang='lat' dir='ltr'><strong>ex</strong></span> <span class='ocrx_word' id='word_1_495' title='bbox 3296 2620 3512 2676; x_wconf 83' lang='lat' dir='ltr'><strong>semine</strong></span> 
     </span>
    </p>
   </div>
   <div class='ocr_carea' id='block_1_69' title="bbox 1917 2707 3513 2780">
    <p class='ocr_par' dir='ltr' id='par_1_69' title="bbox 1917 2707 3513 2780">
     <span class='ocr_line' id='line_1_69' title="bbox 1917 2707 3513 2780; baseline 0.005 -22"><span class='ocrx_word' id='word_1_496' title='bbox 1917 2713 2141 2759; x_wconf 92' lang='lat' dir='ltr'><strong>nactum</strong></span> <span class='ocrx_word' id='word_1_497' title='bbox 2178 2712 2263 2761; x_wconf 90' lang='lat' dir='ltr'><strong>est</strong></span> <span class='ocrx_word' id='word_1_498' title='bbox 2293 2707 2711 2777; x_wconf 90' lang='lat' dir='ltr'><strong>conceptionem</strong></span> <span class='ocrx_word' id='word_1_499' title='bbox 2739 2750 2752 2772; x_wconf 95' lang='lat'><strong>,</strong></span> <span class='ocrx_word' id='word_1_500' title='bbox 2792 2723 2971 2780; x_wconf 81' lang='lat' dir='ltr'><strong>exque</strong></span> <span class='ocrx_word' id='word_1_501' title='bbox 3005 2710 3251 2768; x_wconf 74' lang='lat' dir='ltr'><strong>ﬂuxioue</strong></span> <span class='ocrx_word' id='word_1_502' title='bbox 3299 2712 3475 2767; x_wconf 83' lang='lat' dir='ltr'><strong>nativi</strong></span> <span class='ocrx_word' id='word_1_503' title='bbox 3500 2744 3513 2754; x_wconf 89' lang='lat'><strong>-</strong></span> 
     </span>
    </p>
   </div>
   <div class='ocr_carea' id='block_1_70' title="bbox 1920 2800 3513 2872">
    <p class='ocr_par' dir='ltr' id='par_1_70' title="bbox 1920 2800 3513 2872">
     <span class='ocr_line' id='line_1_70' title="bbox 1920 2800 3513 2872; baseline 0.007 -22"><span class='ocrx_word' id='word_1_504' title='bbox 1920 2805 2121 2863; x_wconf 88' lang='lat' dir='ltr'><strong>tatem;</strong></span> <span class='ocrx_word' id='word_1_505' title='bbox 2150 2813 2216 2853; x_wconf 90' lang='lat' dir='ltr'><strong>ac</strong></span> <span class='ocrx_word' id='word_1_506' title='bbox 2246 2808 2531 2869; x_wconf 88' lang='lat' dir='ltr'><strong>postremo</strong></span> <span class='ocrx_word' id='word_1_507' title='bbox 2565 2800 2758 2868; x_wconf 84' lang='lat' dir='ltr'><strong>ﬁnem,</strong></span> <span class='ocrx_word' id='word_1_508' title='bbox 2799 2818 2923 2872; x_wconf 72' lang='lat' dir='ltr'><strong>qua:</strong></span> <span class='ocrx_word' id='word_1_509' title='bbox 2952 2803 3144 2858; x_wconf 89' lang='lat' dir='ltr'><strong>labore</strong></span> <span class='ocrx_word' id='word_1_510' title='bbox 3180 2813 3238 2860; x_wconf 92' lang='lat' dir='ltr'><strong>et</strong></span> <span class='ocrx_word' id='word_1_511' title='bbox 3263 2820 3513 2861; x_wconf 62' lang='lat' dir='ltr'><strong>aerumna</strong></span> 
     </span>
    </p>
   </div>
   <div class='ocr_carea' id='block_1_71' title="bbox 1917 2884 3511 2968">
    <p class='ocr_par' dir='ltr' id='par_1_71' title="bbox 1917 2884 3511 2968">
     <span class='ocr_line' id='line_1_71' title="bbox 1917 2884 3511 2968; baseline 0.006 -23"><span class='ocrx_word' id='word_1_512' title='bbox 1917 2890 2213 2956; x_wconf 86' lang='lat' dir='ltr'><strong>conﬂatur,</strong></span> <span class='ocrx_word' id='word_1_513' title='bbox 2244 2884 2442 2947; x_wconf 89' lang='lat' dir='ltr'><strong>mortis</strong></span> <span class='ocrx_word' id='word_1_514' title='bbox 2464 2893 2843 2950; x_wconf 88' lang='lat' dir='ltr'><strong>interitionem</strong></span> <span class='ocrx_word' id='word_1_515' title='bbox 2874 2914 2885 2947; x_wconf 89' lang='lat'>:</span> <span class='ocrx_word' id='word_1_516' title='bbox 2914 2896 3185 2953; x_wconf 89' lang='lat' dir='ltr'><strong>Dominus</strong></span> <span class='ocrx_word' id='word_1_517' title='bbox 3210 2913 3343 2952; x_wconf 89' lang='lat' dir='ltr'><strong>vero</strong></span> <span class='ocrx_word' id='word_1_518' title='bbox 3366 2939 3381 2962; x_wconf 96' lang='lat'><strong>,</strong></span> <span class='ocrx_word' id='word_1_519' title='bbox 3413 2900 3511 2968; x_wconf 87' lang='lat' dir='ltr'><strong>qui</strong></span> 
     </span>
    </p>
   </div>
   <div class='ocr_carea' id='block_1_72' title="bbox 1918 2982 3511 3061">
    <p class='ocr_par' dir='ltr' id='par_1_72' title="bbox 1918 2982 3511 3061">
     <span class='ocr_line' id='line_1_72' title="bbox 1918 2982 3511 3061; baseline 0.004 -25"><span class='ocrx_word' id='word_1_520' title='bbox 1918 2982 2063 3037; x_wconf 91' lang='lat' dir='ltr'><strong>hanc</strong></span> <span class='ocrx_word' id='word_1_521' title='bbox 2119 3000 2231 3039; x_wconf 91' lang='lat' dir='ltr'><strong>non</strong></span> <span class='ocrx_word' id='word_1_522' title='bbox 2284 2983 2518 3041; x_wconf 89' lang='lat' dir='ltr'><strong>haberet</strong></span> <span class='ocrx_word' id='word_1_523' title='bbox 2560 2987 2872 3042; x_wconf 84' lang='lat' dir='ltr'><strong>nativitatis</strong></span> <span class='ocrx_word' id='word_1_524' title='bbox 2925 2989 3168 3043; x_wconf 88' lang='lat' dir='ltr'><strong>carnalis</strong></span> <span class='ocrx_word' id='word_1_525' title='bbox 3215 2990 3511 3061; x_wconf 79' lang='lat' dir='ltr'><strong>Originem,</strong></span> 
     </span>
    </p>
   </div>
   <div class='ocr_carea' id='block_1_73' title="bbox 1847 3072 3328 3171">
    <p class='ocr_par' dir='ltr' id='par_1_73' title="bbox 1847 3072 3328 3171">
     <span class='ocr_line' id='line_1_73' title="bbox 1847 3072 3328 3171; baseline 0.006 -47"><span class='ocrx_word' id='word_1_526' title='bbox 1847 3113 1890 3171; x_wconf 74' lang='lat' dir='ltr'>c</span> <span class='ocrx_word' id='word_1_527' title='bbox 1922 3086 2028 3126; x_wconf 87' lang='lat' dir='ltr'><strong>nec</strong></span> <span class='ocrx_word' id='word_1_528' title='bbox 2053 3073 2222 3129; x_wconf 89' lang='lat' dir='ltr'><strong>etiam</strong></span> <span class='ocrx_word' id='word_1_529' title='bbox 2259 3072 2353 3127; x_wconf 89' lang='lat' dir='ltr'><strong>ﬁni</strong></span> <span class='ocrx_word' id='word_1_530' title='bbox 2392 3074 2581 3147; x_wconf 87' lang='lat' dir='ltr'><strong>(morti</strong></span> <span class='ocrx_word' id='word_1_531' title='bbox 2613 3075 2852 3145; x_wconf 90' lang='lat' dir='ltr'><strong>scilicet)</strong></span> <span class='ocrx_word' id='word_1_532' title='bbox 2882 3077 3158 3133; x_wconf 82' lang='lat' dir='ltr'><strong>obnoxius</strong></span> <span class='ocrx_word' id='word_1_533' title='bbox 3188 3086 3328 3133; x_wconf 86' lang='lat' dir='ltr'><strong>erat.</strong></span> 
     </span>
    </p>
   </div>
   <div class='ocr_carea' id='block_1_74' title="bbox 1996 3165 3516 3234">
    <p class='ocr_par' dir='ltr' id='par_1_74' title="bbox 1996 3165 3516 3234">
     <span class='ocr_line' id='line_1_74' title="bbox 1996 3165 3516 3234; baseline 0.005 -16"><span class='ocrx_word' id='word_1_534' title='bbox 1996 3165 2086 3219; x_wconf 75' lang='grc'><strong>47.</strong></span> <span class='ocrx_word' id='word_1_535' title='bbox 2120 3165 2437 3231; x_wconf 85' lang='lat' dir='ltr'><strong>Peccatum,</strong></span> <span class='ocrx_word' id='word_1_536' title='bbox 2463 3168 2616 3223; x_wconf 86' lang='lat' dir='ltr'><strong>velut</strong></span> <span class='ocrx_word' id='word_1_537' title='bbox 2656 3168 2843 3223; x_wconf 85' lang='lat' dir='ltr'><strong>oblata</strong></span> <span class='ocrx_word' id='word_1_538' title='bbox 2883 3185 3009 3225; x_wconf 82' lang='lat' dir='ltr'><strong>esca</strong></span> <span class='ocrx_word' id='word_1_539' title='bbox 3038 3212 3052 3233; x_wconf 92' lang='lat'><strong>,</strong></span> <span class='ocrx_word' id='word_1_540' title='bbox 3090 3170 3360 3226; x_wconf 82' lang='lat' dir='ltr'><strong>Adamqu</strong></span> <span class='ocrx_word' id='word_1_541' title='bbox 3389 3212 3402 3234; x_wconf 94' lang='lat'><strong>,</strong></span> <span class='ocrx_word' id='word_1_542' title='bbox 3454 3180 3516 3226; x_wconf 89' lang='lat' dir='ltr'><strong>ut</strong></span> 
     </span>
    </p>
   </div>
   <div class='ocr_carea' id='block_1_75' title="bbox 1926 3256 3510 3329">
    <p class='ocr_par' dir='ltr' id='par_1_75' title="bbox 1926 3256 3510 3329">
     <span class='ocr_line' id='line_1_75' title="bbox 1926 3256 3510 3329; baseline 0.003 -18"><span class='ocrx_word' id='word_1_543' title='bbox 1926 3256 2103 3311; x_wconf 87' lang='lat' dir='ltr'><strong>divini</strong></span> <span class='ocrx_word' id='word_1_544' title='bbox 2139 3265 2520 3329; x_wconf 82' lang='lat' dir='ltr'><strong>trausgressor</strong></span> <span class='ocrx_word' id='word_1_545' title='bbox 2558 3260 2804 3315; x_wconf 86' lang='lat' dir='ltr'><strong>mandati</strong></span> <span class='ocrx_word' id='word_1_546' title='bbox 2840 3262 3000 3317; x_wconf 85' lang='lat' dir='ltr'><strong>ﬁeret</strong></span> <span class='ocrx_word' id='word_1_547' title='bbox 3037 3262 3199 3318; x_wconf 88' lang='lat' dir='ltr'><strong>initio</strong></span> <span class='ocrx_word' id='word_1_548' title='bbox 3238 3263 3460 3318; x_wconf 76' lang='lat' dir='ltr'><strong>induxit</strong></span> <span class='ocrx_word' id='word_1_549' title='bbox 3498 3283 3510 3316; x_wconf 91' lang='lat'><strong>:</strong></span> 
     </span>
    </p>
   </div>
   <div class='ocr_carea' id='block_1_76' title="bbox 1925 3351 3515 3424">
    <p class='ocr_par' dir='ltr' id='par_1_76' title="bbox 1925 3351 3515 3424">
     <span class='ocr_line' id='line_1_76' title="bbox 1925 3351 3515 3424; baseline 0.001 -20"><span class='ocrx_word' id='word_1_550' title='bbox 1925 3364 2032 3419; x_wconf 90' lang='lat' dir='ltr'><strong>qua</strong></span> <span class='ocrx_word' id='word_1_551' title='bbox 2064 3365 2265 3420; x_wconf 85' lang='lat' dir='ltr'><strong>nempe</strong></span> <span class='ocrx_word' id='word_1_552' title='bbox 2315 3358 2511 3407; x_wconf 85' lang='lat' dir='ltr'><strong>auctor</strong></span> <span class='ocrx_word' id='word_1_553' title='bbox 2560 3351 2641 3407; x_wconf 90' lang='lat' dir='ltr'><strong>illi</strong></span> <span class='ocrx_word' id='word_1_554' title='bbox 2676 3353 2982 3424; x_wconf 87' lang='lat' dir='ltr'><strong>voluptatis</strong></span> <span class='ocrx_word' id='word_1_555' title='bbox 3022 3354 3227 3409; x_wconf 83' lang='lat' dir='ltr'><strong>factum</strong></span> <span class='ocrx_word' id='word_1_556' title='bbox 3275 3370 3340 3409; x_wconf 91' lang='lat' dir='ltr'><strong>ac</strong></span> <span class='ocrx_word' id='word_1_557' title='bbox 3381 3353 3515 3408; x_wconf 82' lang='lat' dir='ltr'><strong>libi-</strong></span> 
     </span>
    </p>
   </div>
   <div class='ocr_carea' id='block_1_77' title="bbox 1927 3441 3519 3516">
    <p class='ocr_par' dir='ltr' id='par_1_77' title="bbox 1927 3441 3519 3516">
     <span class='ocr_line' id='line_1_77' title="bbox 1927 3441 3519 3516; baseline -0.001 -15"><span class='ocrx_word' id='word_1_558' title='bbox 1927 3441 2095 3507; x_wconf 85' lang='lat' dir='ltr'><strong>dinis,</strong></span> <span class='ocrx_word' id='word_1_559' title='bbox 2137 3459 2349 3513; x_wconf 87' lang='lat' dir='ltr'><strong>perque</strong></span> <span class='ocrx_word' id='word_1_560' title='bbox 2397 3444 2596 3515; x_wconf 87' lang='lat' dir='ltr'><strong>ipsam,</strong></span> <span class='ocrx_word' id='word_1_561' title='bbox 2629 3445 2767 3516; x_wconf 87' lang='lat' dir='ltr'><strong>ipsis</strong></span> <span class='ocrx_word' id='word_1_562' title='bbox 2798 3456 3011 3501; x_wconf 66' lang='lat' dir='ltr'><strong>natura:</strong></span> <span class='ocrx_word' id='word_1_563' title='bbox 3040 3447 3164 3502; x_wconf 86' lang='lat' dir='ltr'><strong>imis</strong></span> <span class='ocrx_word' id='word_1_564' title='bbox 3205 3446 3519 3501; x_wconf 84' lang='lat' dir='ltr'><strong>visceribus</strong></span> 
     </span>
    </p>
   </div>
   <div class='ocr_carea' id='block_1_78' title="bbox 1927 3533 3511 3600">
    <p class='ocr_par' dir='ltr' id='par_1_78' title="bbox 1927 3533 3511 3600">
     <span class='ocr_line' id='line_1_78' title="bbox 1927 3533 3511 3600; baseline 0.004 -14"><span class='ocrx_word' id='word_1_565' title='bbox 1927 3533 2037 3587; x_wconf 88' lang='lat' dir='ltr'><strong>alte</strong></span> <span class='ocrx_word' id='word_1_566' title='bbox 2062 3534 2312 3600; x_wconf 83' lang='lat' dir='ltr'><strong>inﬁxum,</strong></span> <span class='ocrx_word' id='word_1_567' title='bbox 2340 3544 2594 3591; x_wconf 86' lang='lat' dir='ltr'><strong>naturam</strong></span> <span class='ocrx_word' id='word_1_568' title='bbox 2619 3553 2840 3594; x_wconf 90' lang='lat' dir='ltr'><strong>omnem</strong></span> <span class='ocrx_word' id='word_1_569' title='bbox 2872 3539 3069 3594; x_wconf 88' lang='lat' dir='ltr'><strong>mortis</strong></span> <span class='ocrx_word' id='word_1_570' title='bbox 3089 3555 3236 3595; x_wconf 81' lang='lat' dir='ltr'><strong>ream</strong></span> <span class='ocrx_word' id='word_1_571' title='bbox 3266 3538 3511 3600; x_wconf 84' lang='lat' dir='ltr'><strong>addixit;</strong></span> 
     </span>
    </p>
   </div>
   <div class='ocr_carea' id='block_1_79' title="bbox 1927 3626 3517 3701">
    <p class='ocr_par' dir='ltr' id='par_1_79' title="bbox 1927 3626 3517 3701">
     <span class='ocr_line' id='line_1_79' title="bbox 1927 3626 3517 3701; baseline 0.004 -22"><span class='ocrx_word' id='word_1_572' title='bbox 1927 3626 2171 3683; x_wconf 86' lang='lat' dir='ltr'><strong>hominis</strong></span> <span class='ocrx_word' id='word_1_573' title='bbox 2203 3627 2298 3682; x_wconf 89' lang='lat' dir='ltr'><strong>illo</strong></span> <span class='ocrx_word' id='word_1_574' title='bbox 2327 3637 2506 3692; x_wconf 87' lang='lat' dir='ltr'><strong>reatu,</strong></span> <span class='ocrx_word' id='word_1_575' title='bbox 2534 3637 2853 3684; x_wconf 89' lang='lat' dir='ltr'><strong>creatorum</strong></span> <span class='ocrx_word' id='word_1_576' title='bbox 2882 3647 3057 3701; x_wconf 82' lang='lat' dir='ltr'><strong>genus</strong></span> <span class='ocrx_word' id='word_1_577' title='bbox 3079 3647 3242 3686; x_wconf 86' lang='lat' dir='ltr'><strong>omne</strong></span> <span class='ocrx_word' id='word_1_578' title='bbox 3275 3633 3329 3686; x_wconf 90' lang='lat' dir='ltr'><strong>in</strong></span> <span class='ocrx_word' id='word_1_579' title='bbox 3356 3630 3517 3686; x_wconf 72' lang='lat' dir='ltr'><strong>nihili</strong></span> 
     </span>
    </p>
   </div>
   <div class='ocr_carea' id='block_1_80' title="bbox 1927 3715 3517 3791">
    <p class='ocr_par' dir='ltr' id='par_1_80' title="bbox 1927 3715 3517 3791">
     <span class='ocr_line' id='line_1_80' title="bbox 1927 3715 3517 3791; baseline 0.008 -24"><span class='ocrx_word' id='word_1_580' title='bbox 1927 3715 2273 3780; x_wconf 88' lang='lat' dir='ltr'><strong>barathrum,</strong></span> <span class='ocrx_word' id='word_1_581' title='bbox 2310 3726 2368 3771; x_wconf 85' lang='lat' dir='ltr'><strong>et</strong></span> <span class='ocrx_word' id='word_1_582' title='bbox 2404 3726 2467 3771; x_wconf 87' lang='lat' dir='ltr'><strong>ut</strong></span> <span class='ocrx_word' id='word_1_583' title='bbox 2496 3734 2565 3773; x_wconf 87' lang='lat' dir='ltr'><strong>ne</strong></span> <span class='ocrx_word' id='word_1_584' title='bbox 2592 3720 2705 3773; x_wconf 89' lang='lat' dir='ltr'><strong>sint</strong></span> <span class='ocrx_word' id='word_1_585' title='bbox 2748 3721 2974 3789; x_wconf 88' lang='lat' dir='ltr'><strong>quidem</strong></span> <span class='ocrx_word' id='word_1_586' title='bbox 3010 3722 3324 3791; x_wconf 89' lang='lat' dir='ltr'><strong>impellens.</strong></span> <span class='ocrx_word' id='word_1_587' title='bbox 3381 3724 3517 3779; x_wconf 83' lang='lat' dir='ltr'><strong>Nam</strong></span> 
     </span>
    </p>
   </div>
   <div class='ocr_carea' id='block_1_81' title="bbox 1931 3803 3521 3883">
    <p class='ocr_par' dir='ltr' id='par_1_81' title="bbox 1931 3803 3521 3883">
     <span class='ocr_line' id='line_1_81' title="bbox 1931 3803 3521 3883; baseline 0.008 -26"><span class='ocrx_word' id='word_1_588' title='bbox 1931 3803 2037 3859; x_wconf 89' lang='lat' dir='ltr'><strong>hoc</strong></span> <span class='ocrx_word' id='word_1_589' title='bbox 2078 3820 2301 3873; x_wconf 90' lang='lat' dir='ltr'><strong>quoque</strong></span> <span class='ocrx_word' id='word_1_590' title='bbox 2338 3806 2569 3863; x_wconf 86' lang='lat' dir='ltr'><strong>molitus</strong></span> <span class='ocrx_word' id='word_1_591' title='bbox 2599 3819 2721 3864; x_wconf 87' lang='lat' dir='ltr'><strong>erat</strong></span> <span class='ocrx_word' id='word_1_592' title='bbox 2771 3813 2985 3880; x_wconf 89' lang='lat' dir='ltr'><strong>peccati</strong></span> <span class='ocrx_word' id='word_1_593' title='bbox 3020 3820 3170 3866; x_wconf 89' lang='lat' dir='ltr'><strong>sator</strong></span> <span class='ocrx_word' id='word_1_594' title='bbox 3215 3815 3521 3883; x_wconf 79' lang='lat' dir='ltr'><strong>pessimus-</strong></span> 
     </span>
    </p>
   </div>
   <div class='ocr_carea' id='block_1_82' title="bbox 1929 3897 3520 3978">
    <p class='ocr_par' dir='ltr' id='par_1_82' title="bbox 1929 3897 3520 3978">
     <span class='ocr_line' id='line_1_82' title="bbox 1929 3897 3520 3978; baseline 0.009 -28"><span class='ocrx_word' id='word_1_595' title='bbox 1929 3913 2037 3968; x_wconf 86' lang='lat' dir='ltr'><strong>que</strong></span> <span class='ocrx_word' id='word_1_596' title='bbox 2065 3897 2325 3969; x_wconf 82' lang='lat' dir='ltr'><strong>nequitiae</strong></span> <span class='ocrx_word' id='word_1_597' title='bbox 2352 3915 2557 3969; x_wconf 89' lang='lat' dir='ltr'><strong>parens</strong></span> <span class='ocrx_word' id='word_1_598' title='bbox 2585 3902 2861 3970; x_wconf 92' lang='lat' dir='ltr'><strong>diabolus,</strong></span> <span class='ocrx_word' id='word_1_599' title='bbox 2894 3905 2989 3974; x_wconf 89' lang='lat' dir='ltr'><strong>qui</strong></span> <span class='ocrx_word' id='word_1_600' title='bbox 3026 3914 3141 3959; x_wconf 90' lang='lat' dir='ltr'><strong>tum</strong></span> <span class='ocrx_word' id='word_1_601' title='bbox 3167 3922 3229 3961; x_wconf 92' lang='lat' dir='ltr'><strong>se</strong></span> <span class='ocrx_word' id='word_1_602' title='bbox 3268 3906 3388 3976; x_wconf 88' lang='lat' dir='ltr'><strong>ipse</strong></span> <span class='ocrx_word' id='word_1_603' title='bbox 3418 3924 3520 3978; x_wconf 84' lang='lat' dir='ltr'><strong>per</strong></span> 
     </span>
    </p>
   </div>
   <div class='ocr_carea' id='block_1_83' title="bbox 1931 3988 3519 4061">
    <p class='ocr_par' dir='ltr' id='par_1_83' title="bbox 1931 3988 3519 4061">
     <span class='ocr_line' id='line_1_83' title="bbox 1931 3988 3519 4061; baseline 0.008 -20"><span class='ocrx_word' id='word_1_604' title='bbox 1931 3988 2250 4058; x_wconf 85' lang='lat' dir='ltr'><strong>superbiam</strong></span> <span class='ocrx_word' id='word_1_605' title='bbox 2284 4005 2314 4045; x_wconf 93' lang='lat' dir='ltr'><strong>a</strong></span> <span class='ocrx_word' id='word_1_606' title='bbox 2343 3990 2532 4047; x_wconf 89' lang='lat' dir='ltr'><strong>divina</strong></span> <span class='ocrx_word' id='word_1_607' title='bbox 2567 3992 2822 4049; x_wconf 90' lang='lat' dir='ltr'><strong>claritate</strong></span> <span class='ocrx_word' id='word_1_608' title='bbox 2856 3997 3182 4061; x_wconf 83' lang='lat' dir='ltr'><strong>extruscrit,</strong></span> <span class='ocrx_word' id='word_1_609' title='bbox 3218 4008 3333 4052; x_wconf 92' lang='lat' dir='ltr'><strong>tum</strong></span> <span class='ocrx_word' id='word_1_610' title='bbox 3371 3999 3519 4053; x_wconf 82' lang='lat' dir='ltr'><strong>Ada-</strong></span> 
     </span>
    </p>
   </div>
   <div class='ocr_carea' id='block_1_84' title="bbox 1931 4081 3521 4159">
    <p class='ocr_par' dir='ltr' id='par_1_84' title="bbox 1931 4081 3521 4159">
     <span class='ocr_line' id='line_1_84' title="bbox 1931 4081 3521 4159; baseline 0.008 -27"><span class='ocrx_word' id='word_1_611' title='bbox 1931 4094 2082 4133; x_wconf 90' lang='lat' dir='ltr'><strong>mum</strong></span> <span class='ocrx_word' id='word_1_612' title='bbox 2114 4094 2215 4151; x_wconf 89' lang='lat' dir='ltr'><strong>per</strong></span> <span class='ocrx_word' id='word_1_613' title='bbox 2237 4081 2501 4137; x_wconf 89' lang='lat' dir='ltr'><strong>invidiam</strong></span> <span class='ocrx_word' id='word_1_614' title='bbox 2533 4083 2589 4139; x_wconf 90' lang='lat' dir='ltr'><strong>in</strong></span> <span class='ocrx_word' id='word_1_615' title='bbox 2606 4100 2710 4141; x_wconf 93' lang='lat' dir='ltr'><strong>nos</strong></span> <span class='ocrx_word' id='word_1_616' title='bbox 2738 4087 2949 4156; x_wconf 87' lang='lat' dir='ltr'><strong>pariter</strong></span> <span class='ocrx_word' id='word_1_617' title='bbox 2977 4103 3041 4142; x_wconf 85' lang='lat' dir='ltr'><strong>ac</strong></span> <span class='ocrx_word' id='word_1_618' title='bbox 3068 4086 3239 4143; x_wconf 89' lang='lat' dir='ltr'><strong>Deum</strong></span> <span class='ocrx_word' id='word_1_619' title='bbox 3262 4091 3521 4159; x_wconf 69' lang='lat' dir='ltr'><strong>paradiso</strong></span> 
     </span>
    </p>
   </div>
   <div class='ocr_carea' id='block_1_85' title="bbox 1934 4169 3519 4251">
    <p class='ocr_par' dir='ltr' id='par_1_85' title="bbox 1934 4169 3519 4251">
     <span class='ocr_line' id='line_1_85' title="bbox 1934 4169 3519 4251; baseline 0.008 -26"><span class='ocrx_word' id='word_1_620' title='bbox 1934 4169 2095 4240; x_wconf 78' lang='lat'><strong>597</strong></span> <span class='ocrx_word' id='word_1_621' title='bbox 2122 4173 2500 4242; x_wconf 79' lang='lat' dir='ltr'><strong>expulerat,ut</strong></span> <span class='ocrx_word' id='word_1_622' title='bbox 2521 4176 2618 4230; x_wconf 89' lang='lat' dir='ltr'><strong>Dei</strong></span> <span class='ocrx_word' id='word_1_623' title='bbox 2644 4191 2813 4246; x_wconf 88' lang='lat' dir='ltr'><strong>opera</strong></span> <span class='ocrx_word' id='word_1_624' title='bbox 2844 4178 3113 4243; x_wconf 84' lang='lat' dir='ltr'><strong>aboleret,</strong></span> <span class='ocrx_word' id='word_1_625' title='bbox 3146 4190 3203 4235; x_wconf 88' lang='lat' dir='ltr'><strong>et</strong></span> <span class='ocrx_word' id='word_1_626' title='bbox 3240 4197 3361 4251; x_wconf 65' lang='lat' dir='ltr'><strong>qua:</strong></span> <span class='ocrx_word' id='word_1_627' title='bbox 3394 4194 3519 4239; x_wconf 90' lang='lat' dir='ltr'><strong>ortu</strong></span> 
     </span>
    </p>
   </div>
   <div class='ocr_carea' id='block_1_86' title="bbox 1933 4262 3521 4338">
    <p class='ocr_par' dir='ltr' id='par_1_86' title="bbox 1933 4262 3521 4338">
     <span class='ocr_line' id='line_1_86' title="bbox 1933 4262 3521 4338; baseline 0.008 -22"><span class='ocrx_word' id='word_1_628' title='bbox 1933 4262 2082 4317; x_wconf 89' lang='lat' dir='ltr'><strong>edita</strong></span> <span class='ocrx_word' id='word_1_629' title='bbox 2116 4264 2284 4334; x_wconf 88' lang='lat' dir='ltr'><strong>inque</strong></span> <span class='ocrx_word' id='word_1_630' title='bbox 2316 4282 2503 4321; x_wconf 88' lang='lat' dir='ltr'><strong>rerum</strong></span> <span class='ocrx_word' id='word_1_631' title='bbox 2540 4279 2735 4323; x_wconf 89' lang='lat' dir='ltr'><strong>natura</strong></span> <span class='ocrx_word' id='word_1_632' title='bbox 2762 4272 3176 4338; x_wconf 89' lang='lat' dir='ltr'><strong>consisterent,</strong></span> <span class='ocrx_word' id='word_1_633' title='bbox 3218 4274 3336 4329; x_wconf 62' lang='lat' dir='ltr'><strong>haec</strong></span> <span class='ocrx_word' id='word_1_634' title='bbox 3385 4293 3521 4331; x_wconf 82' lang='lat' dir='ltr'><strong>vero</strong></span> 
     </span>
    </p>
   </div>
   <div class='ocr_carea' id='block_1_87' title="bbox 1935 4354 2285 4411">
    <p class='ocr_par' dir='ltr' id='par_1_87' title="bbox 1935 4354 2285 4411">
     <span class='ocr_line' id='line_1_87' title="bbox 1935 4354 2285 4411; baseline 0.009 -4"><span class='ocrx_word' id='word_1_635' title='bbox 1935 4354 2285 4411; x_wconf 81' lang='lat' dir='ltr'><strong>dissolveret.</strong></span> 
     </span>
    </p>
   </div>
   <div class='ocr_carea' id='block_1_88' title="bbox 319 4442 1817 4529">
    <p class='ocr_par' dir='ltr' id='par_1_88' title="bbox 319 4442 1817 4523">
     <span class='ocr_line' id='line_1_88' title="bbox 319 4442 1817 4523; baseline -0.008 -16"><span class='ocrx_word' id='word_1_636' title='bbox 319 4442 683 4523; x_wconf 76' lang='grc' dir='ltr'>μη⁶οΦθονῶν</span> <span class='ocrx_word' id='word_1_637' title='bbox 711 4450 790 4522; x_wconf 78' lang='grc' dir='ltr'>τῷ</span> <span class='ocrx_word' id='word_1_638' title='bbox 819 4451 940 4519; x_wconf 84' lang='grc' dir='ltr'><strong>Θεῷ</strong></span> <span class='ocrx_word' id='word_1_639' title='bbox 986 4450 1078 4503; x_wconf 76' lang='grc' dir='ltr'><strong>καὶ</strong></span> <span class='ocrx_word' id='word_1_640' title='bbox 1135 4450 1265 4519; x_wconf 60' lang='grc' dir='ltr'>ἡμῖν</span> <span class='ocrx_word' id='word_1_641' title='bbox 1293 4448 1321 4499; x_wconf 90' lang='lat'><strong>6</strong></span> <span class='ocrx_word' id='word_1_642' title='bbox 1374 4445 1643 4512; x_wconf 77' lang='grc' dir='ltr'>διάϐολος,</span> <span class='ocrx_word' id='word_1_643' title='bbox 1690 4444 1817 4514; x_wconf 66' lang='grc' dir='ltr'>δόλῳ</span> 
     </span>
    </p>
   </div>
   <div class='ocr_carea' id='block_1_89' title="bbox 1926 4442 3522 4529">
    <p class='ocr_par' dir='ltr' id='par_1_89' title="bbox 2002 4448 3522 4529">
     <span class='ocr_line' id='line_1_89' title="bbox 2002 4448 3522 4529; baseline 0.009 -28"><span class='ocrx_word' id='word_1_644' title='bbox 2002 4448 2091 4502; x_wconf 67' lang='lat'><strong>68.</strong></span> <span class='ocrx_word' id='word_1_645' title='bbox 2134 4450 2420 4515; x_wconf 88' lang='lat' dir='ltr'><strong>Diabolus,</strong></span> <span class='ocrx_word' id='word_1_646' title='bbox 2473 4470 2581 4523; x_wconf 87' lang='lat' dir='ltr'><strong>qua</strong></span> <span class='ocrx_word' id='word_1_647' title='bbox 2628 4455 2683 4509; x_wconf 91' lang='lat' dir='ltr'><strong>in</strong></span> <span class='ocrx_word' id='word_1_648' title='bbox 2736 4472 2839 4511; x_wconf 92' lang='lat' dir='ltr'><strong>nos</strong></span> <span class='ocrx_word' id='word_1_649' title='bbox 2891 4458 3177 4529; x_wconf 86' lang='lat' dir='ltr'><strong>Deumque</strong></span> <span class='ocrx_word' id='word_1_650' title='bbox 3232 4461 3387 4515; x_wconf 85' lang='lat' dir='ltr'><strong>ardet</strong></span> <span class='ocrx_word' id='word_1_651' title='bbox 3434 4461 3522 4515; x_wconf 85' lang='lat' dir='ltr'><strong>in-</strong></span> 
     </span>
    </p>
   </div>
   <div class='ocr_carea' id='block_1_90' title="bbox 241 4536 1824 4615">
    <p class='ocr_par' dir='ltr' id='par_1_90' title="bbox 241 4536 1824 4615">
     <span class='ocr_line' id='line_1_90' title="bbox 241 4536 1824 4615; baseline -0.006 -17"><span class='ocrx_word' id='word_1_652' title='bbox 241 4545 336 4597; x_wconf 77' lang='grc' dir='ltr'>τὸν</span> <span class='ocrx_word' id='word_1_653' title='bbox 389 4543 675 4615; x_wconf 78' lang='grc' dir='ltr'>ἄνθρωπον</span> <span class='ocrx_word' id='word_1_654' title='bbox 730 4542 837 4594; x_wconf 78' lang='grc' dir='ltr'><strong>ὑπὸ</strong></span> <span class='ocrx_word' id='word_1_655' title='bbox 884 4539 1021 4592; x_wconf 81' lang='grc' dir='ltr'>Θεοῦ</span> <span class='ocrx_word' id='word_1_656' title='bbox 1077 4537 1393 4608; x_wconf 79' lang='grc' dir='ltr'>φθονεῖσθαι</span> <span class='ocrx_word' id='word_1_657' title='bbox 1453 4536 1824 4606; x_wconf 86' lang='grc' dir='ltr'>παραπείσας,</span> 
     </span>
    </p>
   </div>
   <div class='ocr_carea' id='block_1_91' title="bbox 244 4629 1824 4706">
    <p class='ocr_par' dir='ltr' id='par_1_91' title="bbox 244 4629 1824 4706">
     <span class='ocr_line' id='line_1_91' title="bbox 244 4629 1824 4706; baseline -0.005 -18"><span class='ocrx_word' id='word_1_658' title='bbox 244 4633 686 4706; x_wconf 78' lang='grc' dir='ltr'>παραϐἧναιτὴν</span> <span class='ocrx_word' id='word_1_659' title='bbox 711 4632 929 4703; x_wconf 76' lang='grc' dir='ltr'>ἐντολὴν</span> <span class='ocrx_word' id='word_1_660' title='bbox 957 4631 1362 4702; x_wconf 85' lang='grc' dir='ltr'>παρεσκεύασε.</span> <span class='ocrx_word' id='word_1_661' title='bbox 1414 4630 1503 4701; x_wconf 83' lang='grc' dir='ltr'>Τῷ</span> <span class='ocrx_word' id='word_1_662' title='bbox 1535 4629 1655 4699; x_wconf 84' lang='grc' dir='ltr'>Θεῷ</span> <span class='ocrx_word' id='word_1_663' title='bbox 1705 4630 1824 4699; x_wconf 82' lang='grc' dir='ltr'>μὲν,</span> 
     </span>
    </p>
   </div>
   <div class='ocr_carea' id='block_1_92' title="bbox 245 4720 1830 4797">
    <p class='ocr_par' dir='ltr' id='par_1_92' title="bbox 245 4720 1830 4797">
     <span class='ocr_line' id='line_1_92' title="bbox 245 4720 1830 4797; baseline -0.004 -18"><span class='ocrx_word' id='word_1_664' title='bbox 245 4728 337 4780; x_wconf 78' lang='grc' dir='ltr'>ἵνα</span> <span class='ocrx_word' id='word_1_665' title='bbox 370 4728 581 4797; x_wconf 83' lang='grc' dir='ltr'>φανερὰ</span> <span class='ocrx_word' id='word_1_666' title='bbox 622 4726 698 4797; x_wconf 84' lang='grc' dir='ltr'>μὴ</span> <span class='ocrx_word' id='word_1_667' title='bbox 734 4726 960 4793; x_wconf 86' lang='grc' dir='ltr'>γένηται</span> <span class='ocrx_word' id='word_1_668' title='bbox 1001 4725 1121 4777; x_wconf 83' lang='grc' dir='ltr'>κατ’</span> <span class='ocrx_word' id='word_1_669' title='bbox 1156 4724 1438 4793; x_wconf 74' lang='grc' dir='ltr'>ἐνέργειαν</span> <span class='ocrx_word' id='word_1_670' title='bbox 1474 4724 1507 4791; x_wconf 83' lang='grc' dir='ltr'>ἡ</span> <span class='ocrx_word' id='word_1_671' title='bbox 1538 4720 1830 4790; x_wconf 85' lang='grc' dir='ltr'>πανύμνη-</span> 
     </span>
    </p>
   </div>
   <div class='ocr_carea' id='block_1_93' title="bbox 244 4808 1833 4885">
    <p class='ocr_par' dir='ltr' id='par_1_93' title="bbox 244 4808 1833 4885">
     <span class='ocr_line' id='line_1_93' title="bbox 244 4808 1833 4885; baseline -0.006 -14"><span class='ocrx_word' id='word_1_672' title='bbox 244 4834 341 4881; x_wconf 86' lang='grc' dir='ltr'><strong>τος</strong></span> <span class='ocrx_word' id='word_1_673' title='bbox 372 4816 537 4870; x_wconf 73' lang='grc' dir='ltr'>αὑτοῦ</span> <span class='ocrx_word' id='word_1_674' title='bbox 566 4817 795 4885; x_wconf 86' lang='grc' dir='ltr'>δύναμις</span> <span class='ocrx_word' id='word_1_675' title='bbox 841 4812 1179 4884; x_wconf 83' lang='grc' dir='ltr'>θεουργοῦσα</span> <span class='ocrx_word' id='word_1_676' title='bbox 1229 4812 1322 4865; x_wconf 76' lang='grc' dir='ltr'>τὸν</span> <span class='ocrx_word' id='word_1_677' title='bbox 1370 4810 1657 4881; x_wconf 81' lang='grc' dir='ltr'>ἄνθρωπον</span> <span class='ocrx_word' id='word_1_678' title='bbox 1691 4825 1706 4838; x_wconf 75' lang='grc'><strong>⁸</strong></span> <span class='ocrx_word' id='word_1_679' title='bbox 1754 4808 1833 4879; x_wconf 82' lang='grc' dir='ltr'>τῷ</span> 
     </span>
    </p>
   </div>
   <div class='ocr_carea' id='block_1_94' title="bbox 246 4903 1831 4981">
    <p class='ocr_par' dir='ltr' id='par_1_94' title="bbox 246 4903 1831 4981">
     <span class='ocr_line' id='line_1_94' title="bbox 246 4903 1831 4981; baseline -0.006 -18"><span class='ocrx_word' id='word_1_680' title='bbox 246 4910 291 4963; x_wconf 86' lang='grc' dir='ltr'>δ’</span> <span class='ocrx_word' id='word_1_681' title='bbox 330 4909 604 4981; x_wconf 84' lang='grc' dir='ltr'>ἀνθρώπῳ</span> <span class='ocrx_word' id='word_1_682' title='bbox 632 4907 943 4979; x_wconf 86' lang='grc' dir='ltr'>προδήλως,</span> <span class='ocrx_word' id='word_1_683' title='bbox 982 4907 1069 4960; x_wconf 80' lang='grc' dir='ltr'>ἵνα</span> <span class='ocrx_word' id='word_1_684' title='bbox 1104 4904 1180 4975; x_wconf 85' lang='grc' dir='ltr'>μὴ</span> <span class='ocrx_word' id='word_1_685' title='bbox 1212 4905 1439 4975; x_wconf 81' lang='grc' dir='ltr'>γένηται</span> <span class='ocrx_word' id='word_1_686' title='bbox 1469 4905 1567 4974; x_wconf 82' lang='grc' dir='ltr'>τῆς</span> <span class='ocrx_word' id='word_1_687' title='bbox 1594 4903 1744 4966; x_wconf 89' lang='grc' dir='ltr'>θείας</span> <span class='ocrx_word' id='word_1_688' title='bbox 1773 4904 1831 4955; x_wconf 81' lang='grc' dir='ltr'>ἐν</span> 
     </span>
    </p>
   </div>
   <div class='ocr_carea' id='block_1_95' title="bbox 246 4991 1832 5069">
    <p class='ocr_par' dir='ltr' id='par_1_95' title="bbox 246 4991 1832 5069">
     <span class='ocr_line' id='line_1_95' title="bbox 246 4991 1832 5069; baseline -0.005 -17"><span class='ocrx_word' id='word_1_689' title='bbox 246 4998 380 5052; x_wconf 80' lang='grc' dir='ltr'>εῖδει</span> <span class='ocrx_word' id='word_1_690' title='bbox 430 4998 553 5052; x_wconf 80' lang='grc' dir='ltr'>κατ’</span> <span class='ocrx_word' id='word_1_691' title='bbox 581 4998 783 5069; x_wconf 77' lang='grc' dir='ltr'>ἀρετὴν</span> <span class='ocrx_word' id='word_1_692' title='bbox 824 4997 1050 5067; x_wconf 77' lang='grc' dir='ltr'>μέτοχος</span> <span class='ocrx_word' id='word_1_693' title='bbox 1080 4994 1260 5063; x_wconf 76' lang='grc' dir='ltr'>δόξης.</span> <span class='ocrx_word' id='word_1_694' title='bbox 1286 4992 1476 5046; x_wconf 82' lang='grc' dir='ltr'>Φθονεῖ</span> <span class='ocrx_word' id='word_1_695' title='bbox 1506 4991 1615 5062; x_wconf 82' lang='grc' dir='ltr'><strong>γάρ</strong></span> <span class='ocrx_word' id='word_1_696' title='bbox 1641 4993 1669 5044; x_wconf 91' lang='lat'><strong>6</strong></span> <span class='ocrx_word' id='word_1_697' title='bbox 1703 5009 1832 5062; x_wconf 67' lang='grc' dir='ltr'>μιαν</span> 
     </span>
    </p>
   </div>
   <div class='ocr_carea' id='block_1_96' title="bbox 249 5083 1831 5163">
    <p class='ocr_par' dir='ltr' id='par_1_96' title="bbox 249 5083 1831 5163">
     <span class='ocr_line' id='line_1_96' title="bbox 249 5083 1831 5163; baseline -0.005 -20"><span class='ocrx_word' id='word_1_698' title='bbox 249 5092 492 5163; x_wconf 79' lang='grc' dir='ltr'>ρώτατος</span> <span class='ocrx_word' id='word_1_699' title='bbox 512 5091 573 5142; x_wconf 85' lang='grc' dir='ltr'>οὑ</span> <span class='ocrx_word' id='word_1_700' title='bbox 605 5090 766 5159; x_wconf 89' lang='grc' dir='ltr'>μόνον</span> <span class='ocrx_word' id='word_1_701' title='bbox 789 5090 919 5160; x_wconf 82' lang='grc' dir='ltr'>ἡμῖν</span> <span class='ocrx_word' id='word_1_702' title='bbox 956 5090 1056 5159; x_wconf 80' lang='grc' dir='ltr'><strong>τῆς</strong></span> <span class='ocrx_word' id='word_1_703' title='bbox 1084 5087 1175 5139; x_wconf 71' lang='grc' dir='ltr'>ἐπὶ</span> <span class='ocrx_word' id='word_1_704' title='bbox 1206 5084 1285 5155; x_wconf 82' lang='grc' dir='ltr'>τῷ</span> <span class='ocrx_word' id='word_1_705' title='bbox 1309 5083 1428 5154; x_wconf 84' lang='grc' dir='ltr'><strong>Θεῷ</strong></span> <span class='ocrx_word' id='word_1_706' title='bbox 1457 5083 1546 5138; x_wconf 74' lang='grc' dir='ltr'><strong>διὰ</strong></span> <span class='ocrx_word' id='word_1_707' title='bbox 1570 5084 1670 5155; x_wconf 78' lang='grc' dir='ltr'>τὴν</span> <span class='ocrx_word' id='word_1_708' title='bbox 1699 5086 1831 5155; x_wconf 83' lang='grc' dir='ltr'>ἁρε-</span> 
     </span>
    </p>
   </div>
   <div class='ocr_carea' id='block_1_97' title="bbox 246 5175 1834 5254">
    <p class='ocr_par' dir='ltr' id='par_1_97' title="bbox 246 5175 1834 5254">
     <span class='ocr_line' id='line_1_97' title="bbox 246 5175 1834 5254; baseline -0.006 -18"><span class='ocrx_word' id='word_1_709' title='bbox 246 5183 349 5254; x_wconf 80' lang='grc' dir='ltr'>τὴν</span> <span class='ocrx_word' id='word_1_710' title='bbox 381 5182 561 5252; x_wconf 81' lang='grc' dir='ltr'>δόξης,</span> <span class='ocrx_word' id='word_1_711' title='bbox 588 5181 725 5235; x_wconf 79' lang='grc' dir='ltr'>ἀλλὰ</span> <span class='ocrx_word' id='word_1_712' title='bbox 758 5182 851 5234; x_wconf 75' lang='grc' dir='ltr'><strong>καὶ</strong></span> <span class='ocrx_word' id='word_1_713' title='bbox 886 5179 965 5251; x_wconf 83' lang='grc' dir='ltr'><strong>τῷ</strong></span> <span class='ocrx_word' id='word_1_714' title='bbox 1002 5177 1121 5249; x_wconf 83' lang='grc' dir='ltr'>Θεῷ</span> <span class='ocrx_word' id='word_1_715' title='bbox 1161 5179 1259 5248; x_wconf 83' lang='grc' dir='ltr'>τῆς</span> <span class='ocrx_word' id='word_1_716' title='bbox 1296 5176 1379 5244; x_wconf 76' lang='grc' dir='ltr'><strong>ἐφ’</strong></span> <span class='ocrx_word' id='word_1_717' title='bbox 1417 5177 1547 5248; x_wconf 77' lang='grc' dir='ltr'>ἡμῖν</span> <span class='ocrx_word' id='word_1_718' title='bbox 1592 5176 1681 5229; x_wconf 76' lang='grc' dir='ltr'>διὰ</span> <span class='ocrx_word' id='word_1_719' title='bbox 1737 5175 1834 5246; x_wconf 77' lang='grc' dir='ltr'><strong>τὴν</strong></span> 
     </span>
    </p>
   </div>
   <div class='ocr_carea' id='block_1_98' title="bbox 250 5270 1233 5344">
    <p class='ocr_par' dir='ltr' id='par_1_98' title="bbox 250 5270 1233 5344">
     <span class='ocr_line' id='line_1_98' title="bbox 250 5270 1233 5344; baseline -0.004 -19"><span class='ocrx_word' id='word_1_720' title='bbox 250 5272 529 5344; x_wconf 78' lang='grc' dir='ltr'>σωτηρίαν</span> <span class='ocrx_word' id='word_1_721' title='bbox 556 5290 693 5327; x_wconf 79' lang='grc' dir='ltr'>πάνυ</span> <span class='ocrx_word' id='word_1_722' title='bbox 703 5273 905 5343; x_wconf 85' lang='grc' dir='ltr'>μνήτου</span> <span class='ocrx_word' id='word_1_723' title='bbox 932 5270 1233 5341; x_wconf 84' lang='grc' dir='ltr'>δυνάμεως.</span> 
     </span>
    </p>
   </div>
   <div class='ocr_carea' id='block_1_99' title="bbox 330 5543 1849 5625">
    <p class='ocr_par' dir='ltr' id='par_1_99' title="bbox 330 5543 1849 5625">
     <span class='ocr_line' id='line_1_99' title="bbox 330 5543 1849 5625; baseline -0.005 -21"><span class='ocrx_word' id='word_1_724' title='bbox 330 5551 439 5622; x_wconf 90' lang='grc' dir='ltr'>μθ’.</span> <span class='ocrx_word' id='word_1_725' title='bbox 482 5552 693 5621; x_wconf 82' lang='grc' dir='ltr'>’Ὠσπερ</span> <span class='ocrx_word' id='word_1_726' title='bbox 732 5553 789 5603; x_wconf 84' lang='grc' dir='ltr'>ὲν</span> <span class='ocrx_word' id='word_1_727' title='bbox 826 5549 905 5619; x_wconf 85' lang='grc' dir='ltr'>τῷ</span> <span class='ocrx_word' id='word_1_728' title='bbox 959 5547 1130 5616; x_wconf 78' lang='grc' dir='ltr'>Ἀδὰμ</span> <span class='ocrx_word' id='word_1_729' title='bbox 1159 5550 1187 5601; x_wconf 89' lang='lat'><strong>6</strong></span> <span class='ocrx_word' id='word_1_730' title='bbox 1224 5546 1458 5610; x_wconf 87' lang='grc' dir='ltr'>θάνατος</span> <span class='ocrx_word' id='word_1_731' title='bbox 1502 5548 1600 5613; x_wconf 81' lang='grc' dir='ltr'>τῆς</span> <span class='ocrx_word' id='word_1_732' title='bbox 1632 5543 1849 5625; x_wconf 65' lang='grc' dir='ltr'>φύσει-ις</span> 
     </span>
    </p>
   </div>
   <div class='ocr_carea' id='block_1_100' title="bbox 325 5732 1478 5805">
    <p class='ocr_par' dir='ltr' id='par_1_100' title="bbox 325 5732 1478 5805">
     <span class='ocr_line' id='line_1_100' title="bbox 325 5732 1478 5805; baseline 0.002 -19"><span class='ocrx_word' id='word_1_733' title='bbox 325 5734 483 5805; x_wconf 72' lang='grc' dir='ltr'><strong>ορρ.</strong></span> <span class='ocrx_word' id='word_1_734' title='bbox 510 5736 576 5794; x_wconf 82' lang='lat' dir='ltr'><strong>ad</strong></span> <span class='ocrx_word' id='word_1_735' title='bbox 606 5736 825 5793; x_wconf 82' lang='lat' dir='ltr'><strong>Thalas.</strong></span> <span class='ocrx_word' id='word_1_736' title='bbox 860 5752 916 5805; x_wconf 87' lang='lat' dir='ltr'><strong>q.</strong></span> <span class='ocrx_word' id='word_1_737' title='bbox 948 5733 1037 5802; x_wconf 85' lang='lat' dir='ltr'><strong>6i,</strong></span> <span class='ocrx_word' id='word_1_738' title='bbox 1069 5732 1478 5803; x_wconf 80' lang='grc' dir='ltr'>πνευματικῶς.</span> 
     </span>
    </p>
   </div>
   <div class='ocr_carea' id='block_1_101' title="bbox 1928 4541 3535 4619">
    <p class='ocr_par' dir='ltr' id='par_1_101' title="bbox 1928 4541 3535 4619">
     <span class='ocr_line' id='line_1_101' title="bbox 1928 4541 3535 4619; baseline 0.01 -26"><span class='ocrx_word' id='word_1_739' title='bbox 1928 4541 2109 4605; x_wconf 87' lang='lat' dir='ltr'><strong>vidia,</strong></span> <span class='ocrx_word' id='word_1_740' title='bbox 2170 4558 2269 4612; x_wconf 87' lang='lat' dir='ltr'><strong>per</strong></span> <span class='ocrx_word' id='word_1_741' title='bbox 2321 4543 2573 4601; x_wconf 83' lang='lat' dir='ltr'><strong>fraudem</strong></span> <span class='ocrx_word' id='word_1_742' title='bbox 2633 4548 2845 4607; x_wconf 90' lang='lat' dir='ltr'><strong>homini</strong></span> <span class='ocrx_word' id='word_1_743' title='bbox 2900 4554 3281 4619; x_wconf 81' lang='lat' dir='ltr'><strong>persuadens,</strong></span> <span class='ocrx_word' id='word_1_744' title='bbox 3348 4554 3535 4610; x_wconf 87' lang='lat' dir='ltr'><strong>Deum.</strong></span> 
     </span>
    </p>
   </div>
   <div class='ocr_carea' id='block_1_102' title="bbox 1932 4630 3527 4713">
    <p class='ocr_par' dir='ltr' id='par_1_102' title="bbox 1932 4630 3527 4713">
     <span class='ocr_line' id='line_1_102' title="bbox 1932 4630 3527 4713; baseline 0.011 -31"><span class='ocrx_word' id='word_1_745' title='bbox 1932 4630 2011 4683; x_wconf 90' lang='lat' dir='ltr'><strong>illi</strong></span> <span class='ocrx_word' id='word_1_746' title='bbox 2043 4631 2312 4697; x_wconf 89' lang='lat' dir='ltr'><strong>invidere,</strong></span> <span class='ocrx_word' id='word_1_747' title='bbox 2352 4638 2795 4706; x_wconf 82' lang='lat' dir='ltr'><strong>transgrediendi</strong></span> <span class='ocrx_word' id='word_1_748' title='bbox 2830 4641 3153 4696; x_wconf 84' lang='lat' dir='ltr'><strong>mandatum</strong></span> <span class='ocrx_word' id='word_1_749' title='bbox 3188 4643 3293 4713; x_wconf 88' lang='lat' dir='ltr'><strong>ipsi</strong></span> <span class='ocrx_word' id='word_1_750' title='bbox 3329 4653 3527 4701; x_wconf 89' lang='lat' dir='ltr'><strong>auctor</strong></span> 
     </span>
    </p>
   </div>
   <div class='ocr_carea' id='block_1_103' title="bbox 1930 4718 3529 4804">
    <p class='ocr_par' dir='ltr' id='par_1_103' title="bbox 1930 4718 3529 4804">
     <span class='ocr_line' id='line_1_103' title="bbox 1930 4718 3529 4804; baseline 0.012 -33"><span class='ocrx_word' id='word_1_751' title='bbox 1930 4718 2057 4773; x_wconf 81' lang='lat' dir='ltr'><strong>fuit.</strong></span> <span class='ocrx_word' id='word_1_752' title='bbox 2091 4721 2205 4776; x_wconf 88' lang='lat' dir='ltr'><strong>Deo</strong></span> <span class='ocrx_word' id='word_1_753' title='bbox 2227 4724 2571 4792; x_wconf 88' lang='lat' dir='ltr'><strong>quidemille</strong></span> <span class='ocrx_word' id='word_1_754' title='bbox 2611 4728 2850 4794; x_wconf 89' lang='lat' dir='ltr'><strong>invidet,</strong></span> <span class='ocrx_word' id='word_1_755' title='bbox 2885 4746 2956 4785; x_wconf 90' lang='lat' dir='ltr'><strong>ne</strong></span> <span class='ocrx_word' id='word_1_756' title='bbox 2990 4733 3111 4802; x_wconf 85' lang='lat' dir='ltr'><strong>ejus</strong></span> <span class='ocrx_word' id='word_1_757' title='bbox 3153 4733 3337 4804; x_wconf 87' lang='lat' dir='ltr'><strong>reipsa</strong></span> <span class='ocrx_word' id='word_1_758' title='bbox 3371 4745 3529 4790; x_wconf 90' lang='lat' dir='ltr'><strong>actu-</strong></span> 
     </span>
    </p>
   </div>
   <div class='ocr_carea' id='block_1_104' title="bbox 1933 4814 3527 4885">
    <p class='ocr_par' dir='ltr' id='par_1_104' title="bbox 1933 4814 3527 4885">
     <span class='ocr_line' id='line_1_104' title="bbox 1933 4814 3527 4885; baseline 0.011 -21"><span class='ocrx_word' id='word_1_759' title='bbox 1933 4827 2043 4880; x_wconf 89' lang='lat' dir='ltr'><strong>que</strong></span> <span class='ocrx_word' id='word_1_760' title='bbox 2068 4814 2360 4870; x_wconf 82' lang='lat' dir='ltr'><strong>manifesta</strong></span> <span class='ocrx_word' id='word_1_761' title='bbox 2396 4816 2509 4882; x_wconf 82' lang='lat' dir='ltr'><strong>ﬁat,</strong></span> <span class='ocrx_word' id='word_1_762' title='bbox 2544 4819 2760 4877; x_wconf 88' lang='lat' dir='ltr'><strong>donans</strong></span> <span class='ocrx_word' id='word_1_763' title='bbox 2793 4823 3076 4878; x_wconf 83' lang='lat' dir='ltr'><strong>hominem</strong></span> <span class='ocrx_word' id='word_1_764' title='bbox 3113 4825 3341 4885; x_wconf 87' lang='lat' dir='ltr'><strong>deitatc.</strong></span> <span class='ocrx_word' id='word_1_765' title='bbox 3374 4829 3527 4882; x_wconf 90' lang='lat' dir='ltr'><strong>omni</strong></span> 
     </span>
    </p>
   </div>
   <div class='ocr_carea' id='block_1_105' title="bbox 1941 4905 3525 4987">
    <p class='ocr_par' dir='ltr' id='par_1_105' title="bbox 1941 4905 3525 4987">
     <span class='ocr_line' id='line_1_105' title="bbox 1941 4905 3525 4987; baseline 0.011 -29"><span class='ocrx_word' id='word_1_766' title='bbox 1941 4905 2103 4960; x_wconf 87' lang='lat' dir='ltr'><strong>laude</strong></span> <span class='ocrx_word' id='word_1_767' title='bbox 2136 4911 2525 4979; x_wconf 85' lang='lat' dir='ltr'><strong>prosequenda</strong></span> <span class='ocrx_word' id='word_1_768' title='bbox 2552 4915 2802 4983; x_wconf 89' lang='lat' dir='ltr'><strong>potentia</strong></span> <span class='ocrx_word' id='word_1_769' title='bbox 2833 4932 2998 4987; x_wconf 79' lang='lat' dir='ltr'><strong>;erga</strong></span> <span class='ocrx_word' id='word_1_770' title='bbox 3022 4917 3306 4972; x_wconf 88' lang='lat' dir='ltr'><strong>hominem</strong></span> <span class='ocrx_word' id='word_1_771' title='bbox 3342 4928 3525 4975; x_wconf 90' lang='lat' dir='ltr'><strong>autem</strong></span> 
     </span>
    </p>
   </div>
   <div class='ocr_carea' id='block_1_106' title="bbox 1940 4994 3530 5081">
    <p class='ocr_par' dir='ltr' id='par_1_106' title="bbox 1940 4994 3530 5081">
     <span class='ocr_line' id='line_1_106' title="bbox 1940 4994 3530 5081; baseline 0.011 -33"><span class='ocrx_word' id='word_1_772' title='bbox 1940 4994 2120 5050; x_wconf 77' lang='lat' dir='ltr'><strong>fertur</strong></span> <span class='ocrx_word' id='word_1_773' title='bbox 2179 4999 2423 5065; x_wconf 87' lang='lat' dir='ltr'><strong>invidia,</strong></span> <span class='ocrx_word' id='word_1_774' title='bbox 2482 5018 2551 5057; x_wconf 89' lang='lat' dir='ltr'><strong>ne</strong></span> <span class='ocrx_word' id='word_1_775' title='bbox 2584 5004 2632 5059; x_wconf 89' lang='lat' dir='ltr'><strong>is</strong></span> <span class='ocrx_word' id='word_1_776' title='bbox 2688 5006 2915 5061; x_wconf 88' lang='lat' dir='ltr'><strong>virtutis</strong></span> <span class='ocrx_word' id='word_1_777' title='bbox 2974 5009 3130 5062; x_wconf 88' lang='lat' dir='ltr'><strong>cultu</strong></span> <span class='ocrx_word' id='word_1_778' title='bbox 3178 5009 3381 5065; x_wconf 72' lang='lat' dir='ltr'><strong>divina:</strong></span> <span class='ocrx_word' id='word_1_779' title='bbox 3429 5027 3530 5081; x_wconf 87' lang='lat' dir='ltr'><strong>per</strong></span> 
     </span>
    </p>
   </div>
   <div class='ocr_carea' id='block_1_107' title="bbox 1941 5088 3529 5161">
    <p class='ocr_par' dir='ltr' id='par_1_107' title="bbox 1941 5088 3529 5161">
     <span class='ocr_line' id='line_1_107' title="bbox 1941 5088 3529 5161; baseline 0.01 -21"><span class='ocrx_word' id='word_1_780' title='bbox 1941 5088 2182 5157; x_wconf 87' lang='lat' dir='ltr'><strong>speciem</strong></span> <span class='ocrx_word' id='word_1_781' title='bbox 2209 5091 2395 5161; x_wconf 74' lang='lat' dir='ltr'><strong>gloria:</strong></span> <span class='ocrx_word' id='word_1_782' title='bbox 2429 5109 2659 5150; x_wconf 87' lang='lat' dir='ltr'><strong>consors</strong></span> <span class='ocrx_word' id='word_1_783' title='bbox 2697 5098 2916 5154; x_wconf 81' lang='lat' dir='ltr'><strong>evadat.</strong></span> <span class='ocrx_word' id='word_1_784' title='bbox 2971 5098 3186 5154; x_wconf 84' lang='lat' dir='ltr'><strong>Nedum</strong></span> <span class='ocrx_word' id='word_1_785' title='bbox 3219 5100 3368 5155; x_wconf 87' lang='lat' dir='ltr'><strong>enim</strong></span> <span class='ocrx_word' id='word_1_786' title='bbox 3412 5117 3529 5156; x_wconf 89' lang='lat' dir='ltr'><strong>scc-</strong></span> 
     </span>
    </p>
   </div>
   <div class='ocr_carea' id='block_1_108' title="bbox 1939 5176 3525 5261">
    <p class='ocr_par' dir='ltr' id='par_1_108' title="bbox 1939 5176 3525 5261">
     <span class='ocr_line' id='line_1_108' title="bbox 1939 5176 3525 5261; baseline 0.008 -29"><span class='ocrx_word' id='word_1_787' title='bbox 1939 5176 2274 5237; x_wconf 82' lang='lat' dir='ltr'><strong>lcstissimus</strong></span> <span class='ocrx_word' id='word_1_788' title='bbox 2296 5184 2387 5239; x_wconf 89' lang='lat' dir='ltr'><strong>ille</strong></span> <span class='ocrx_word' id='word_1_789' title='bbox 2412 5186 2574 5244; x_wconf 87' lang='lat' dir='ltr'><strong>nobis</strong></span> <span class='ocrx_word' id='word_1_790' title='bbox 2598 5188 2831 5255; x_wconf 89' lang='lat' dir='ltr'><strong>invidet,</strong></span> <span class='ocrx_word' id='word_1_791' title='bbox 2852 5191 2971 5261; x_wconf 82' lang='lat' dir='ltr'><strong>eius</strong></span> <span class='ocrx_word' id='word_1_792' title='bbox 2993 5190 3263 5245; x_wconf 88' lang='lat' dir='ltr'><strong>claritatis</strong></span> <span class='ocrx_word' id='word_1_793' title='bbox 3283 5191 3525 5255; x_wconf 91' lang='lat' dir='ltr'><strong>nomine,</strong></span> 
     </span>
    </p>
   </div>
   <div class='ocr_carea' id='block_1_109' title="bbox 1943 5276 3531 5354">
    <p class='ocr_par' dir='ltr' id='par_1_109' title="bbox 1943 5276 3531 5354">
     <span class='ocr_line' id='line_1_109' title="bbox 1943 5276 3531 5354; baseline 0.008 -29"><span class='ocrx_word' id='word_1_794' title='bbox 1943 5287 2108 5341; x_wconf 89' lang='lat' dir='ltr'><strong>quam</strong></span> <span class='ocrx_word' id='word_1_795' title='bbox 2148 5276 2294 5345; x_wconf 91' lang='lat' dir='ltr'><strong>apud</strong></span> <span class='ocrx_word' id='word_1_796' title='bbox 2329 5279 2501 5333; x_wconf 87' lang='lat' dir='ltr'><strong>Deum</strong></span> <span class='ocrx_word' id='word_1_797' title='bbox 2539 5296 2607 5335; x_wconf 79' lang='lat' dir='ltr'><strong>ex</strong></span> <span class='ocrx_word' id='word_1_798' title='bbox 2633 5281 2843 5337; x_wconf 90' lang='lat' dir='ltr'><strong>virtute</strong></span> <span class='ocrx_word' id='word_1_799' title='bbox 2877 5284 3303 5354; x_wconf 85' lang='lat' dir='ltr'><strong>consequimur;</strong></span> <span class='ocrx_word' id='word_1_800' title='bbox 3335 5298 3531 5338; x_wconf 69' lang='lat' dir='ltr'><strong>venum</strong></span> 
     </span>
    </p>
   </div>
   <div class='ocr_carea' id='block_1_110' title="bbox 1938 5363 3534 5446">
    <p class='ocr_par' dir='ltr' id='par_1_110' title="bbox 1938 5363 3534 5446">
     <span class='ocr_line' id='line_1_110' title="bbox 1938 5363 3534 5446; baseline 0.009 -29"><span class='ocrx_word' id='word_1_801' title='bbox 1938 5363 2104 5419; x_wconf 83' lang='lat' dir='ltr'><strong>etiam</strong></span> <span class='ocrx_word' id='word_1_802' title='bbox 2128 5365 2262 5433; x_wconf 92' lang='lat' dir='ltr'><strong>Deo,</strong></span> <span class='ocrx_word' id='word_1_803' title='bbox 2291 5366 2362 5423; x_wconf 92' lang='lat' dir='ltr'><strong>ob</strong></span> <span class='ocrx_word' id='word_1_804' title='bbox 2385 5384 2505 5424; x_wconf 89' lang='lat' dir='ltr'><strong>eam</strong></span> <span class='ocrx_word' id='word_1_805' title='bbox 2531 5373 2711 5427; x_wconf 91' lang='lat' dir='ltr'><strong>modis</strong></span> <span class='ocrx_word' id='word_1_806' title='bbox 2736 5373 2994 5430; x_wconf 88' lang='lat' dir='ltr'><strong>omnibus</strong></span> <span class='ocrx_word' id='word_1_807' title='bbox 3024 5375 3301 5430; x_wconf 84' lang='lat' dir='ltr'><strong>laudatam</strong></span> <span class='ocrx_word' id='word_1_808' title='bbox 3336 5382 3534 5446; x_wconf 89' lang='lat' dir='ltr'><strong>poten-</strong></span> 
     </span>
    </p>
   </div>
   <div class='ocr_carea' id='block_1_111' title="bbox 1953 5458 3205 5546">
    <p class='ocr_par' dir='ltr' id='par_1_111' title="bbox 1953 5458 3205 5546">
     <span class='ocr_line' id='line_1_111' title="bbox 1953 5458 3205 5546; baseline 0.013 -37"><span class='ocrx_word' id='word_1_809' title='bbox 1953 5458 2206 5522; x_wconf 89' lang='lat' dir='ltr'><strong>tentiam,</strong></span> <span class='ocrx_word' id='word_1_810' title='bbox 2238 5476 2347 5530; x_wconf 90' lang='lat' dir='ltr'><strong>qua</strong></span> <span class='ocrx_word' id='word_1_811' title='bbox 2380 5464 2542 5520; x_wconf 89' lang='lat' dir='ltr'><strong>nobis</strong></span> <span class='ocrx_word' id='word_1_812' title='bbox 2574 5466 2807 5523; x_wconf 87' lang='lat' dir='ltr'><strong>salutem</strong></span> <span class='ocrx_word' id='word_1_813' title='bbox 2836 5470 3073 5524; x_wconf 79' lang='lat' dir='ltr'><strong>confert.</strong></span> <span class='ocrx_word' id='word_1_814' title='bbox 3200 5540 3205 5546; x_wconf 26' lang='lat'><em>.</em></span> 
     </span>
    </p>
   </div>
   <div class='ocr_carea' id='block_1_112' title="bbox 2029 5551 3535 5618">
    <p class='ocr_par' dir='ltr' id='par_1_112' title="bbox 2029 5551 3535 5618">
     <span class='ocr_line' id='line_1_112' title="bbox 2029 5551 3535 5618; baseline 0.011 -17"><span class='ocrx_word' id='word_1_815' title='bbox 2029 5551 2113 5603; x_wconf 76' lang='grc'><strong>49.</strong></span> <span class='ocrx_word' id='word_1_816' title='bbox 2149 5551 2626 5617; x_wconf 71' lang='lat' dir='ltr'><strong>Quemadmodum</strong></span> <span class='ocrx_word' id='word_1_817' title='bbox 2653 5559 2709 5613; x_wconf 81' lang='lat' dir='ltr'><strong>iu‘</strong></span> <span class='ocrx_word' id='word_1_818' title='bbox 2738 5560 2946 5617; x_wconf 79' lang='lat' dir='ltr'><strong>Adamo</strong></span> <span class='ocrx_word' id='word_1_819' title='bbox 2971 5578 3120 5616; x_wconf 90' lang='lat' dir='ltr'><strong>mors</strong></span> <span class='ocrx_word' id='word_1_820' title='bbox 3140 5570 3352 5618; x_wconf 66' lang='lat' dir='ltr'><strong>naturzc</strong></span> <span class='ocrx_word' id='word_1_821' title='bbox 3377 5561 3535 5618; x_wconf 80' lang='lat' dir='ltr'><strong>dam-</strong></span> 
     </span>
    </p>
   </div>
  </div>
