3922 6348
464 337 595 402 132Ἷ

1624 324 1688 383 S.
1726 322 2013 382 ΜΛΧΙΜΙ
2053 321 2566 384 CONFESSORIS

3625 325 3755 390 133.8

459 449 614 504 natio
641 450 784 510 erat,
830 436 1042 512 proprii
1094 432 1310 491 scilicet
1353 437 1513 487 ortus
1543 429 1845 502 originem,
1891 429 2048 484 volu-

2172 433 2372 504 ὀπῆρχε
2414 431 2769 503 κατάκρισις,
2815 431 3000 504 ἀρχὴν
3038 432 3272 506 ἑκούσης
3303 433 3406 504 τὴν
3427 432 3638 506 ἡδονὴν
3666 434 3762 500 τῆς

459 548 666 611 ptatem
689 533 904 590 habens
933 547 946 585 :
981 529 1063 586 sic
1093 527 1151 583 in
1181 525 1428 591 Christo,
1467 538 1620 578 mors
1649 521 1866 593 peccati
1894 521 2054 576 dam-

459 632 612 687 natio
641 628 784 682 facta
817 632 924 690 est,
972 622 1029 677 in
1083 635 1194 691 quo
1232 632 1431 673 rursus
1464 624 1668 672 natura
1715 614 1983 670 mundam
2023 629 2054 668 a

457 721 742 790 voluptate
774 725 831 772 et
862 714 1096 778 libidine
1124 711 1399 783 originem
1426 716 1593 765 nacta
1616 717 1723 763 est.

529 811 618 868 50.
651 811 709 866 Si
730 825 852 875 nos,
881 807 978 879 qui
1017 805 1118 862 Dei
1153 805 1354 859 domus
1385 803 1577 874 gratiae
1620 800 1769 856 dono
1799 815 1900 871 per
1926 799 2054 869 Spi-

461 906 633 960 ritum
662 901 804 958 eﬂici
839 900 1170 963 meruimus,
1231 905 1444 952 tantam
1482 892 1716 964 justitite
1760 907 1928 947 causa
1986 890 2056 946 ad

462 997 874 1052 damnationem
899 991 1109 1064 peccati
1142 989 1412 1046 exhibere
1432 988 1706 1043 debemus
1733 985 2055 1056 passionum

463 1089 812 1145 tolerantiam
849 1101 915 1142 ac
939 1096 1340 1147 aerumnarum,
1387 1086 1737 1148 mortemque
1763 1085 2059 1133 contume-

462 1181 842 1244 liosissimam,
875 1177 1284 1234 sceleratorum
1324 1188 1504 1237 more,
1538 1171 1834 1242 quantavis
1867 1169 2060 1239 probi-

465 1283 577 1330 tate
609 1273 940 1344 lulgeamus,
971 1267 1142 1324 alacri
1175 1266 1365 1321 animo
1430 1265 1642 1319 referre
1703 1281 1715 1316 :
1753 1261 1884 1328 Quis
1932 1261 2059 1330 ﬁnis

464 1381 668 1429 eorum,
703 1364 795 1433 qui
823 1378 928 1415 non
961 1359 1182 1414 credunt
1223 1356 1318 1410 Dei
1344 1353 1638 1425 Evangelia
1663 1355 1708 1386 ’θ
1735 1353 1760 1406 ?
1795 1353 1902 1407 hoc
1931 1362 2054 1406 est:

464 1458 654 1524 Qualis
669 1457 987 1513 eriteorum
1014 1453 1163 1513 ﬁnis,
1185 1468 1282 1507 seu
1307 1449 1602 1521 judicium,
1625 1446 1720 1518 qui
1738 1462 1848 1501 non
1872 1446 2054 1501 solum

466 1550 646 1605 vivam
679 1557 846 1619 atque
869 1546 1145 1616 vigentem
1162 1543 1606 1612 exercitamque,
1629 1539 1815 1596 animo
1848 1538 2060 1608 pariter

478 1648 538 1695 et
575 1653 833 1709 corpore,
867 1635 1152 1704 animique
1184 1631 1463 1688 sententia
1513 1637 1571 1685 ct
1609 1636 1828 1694 natura,
1873 1627 2061 1682 libidi-

445 1747 659 1786 .nosam
693 1738 909 1784 natura!
936 1727 1319 1783 dominantem
1353 1724 1409 1779 in
1443 1723 1610 1778 ﬁnem
1644 1737 1823 1791 usque
1863 1717 2056 1774 Adami

466 1823 740 1892 originem
780 1820 974 1876 sedulo
1015 1818 1407 1881 retinuerunt;
1439 1815 1537 1870 sed
1567 1828 1749 1884 neque
1773 1813 1965 1867 Deum:
1999 1819 2056 1866 et
2085 1795 2129 1850 Β

2111 1894 2123 1899 ’
2157 1898 2252 1952 τὸν
2289 1897 2424 1951 Θεὸν
2483 1897 2579 1950 καὶ
2637 1897 2862 1968 Πατέρα
2909 1897 2977 1950 δι’
3015 1897 3148 1952 Υίοῦ
3214 1899 3620 1969 σαρκωθέντθς
3652 1916 3670 1930 ’
3711 1904 3778 1969 νὴ

467 1912 706 1974 Patrem,
741 1924 843 1978 per
884 1907 1084 1961 Filium
1128 1913 1414 1973 assumpta
1462 1918 1632 1958 carne
1666 1902 2054 1957 exhortantem

467 2006 853 2070 susceperunt;
877 2012 1060 2066 neque
1093 2011 1226 2050 vero
1252 1995 1614 2050 Mediatorem
1629 2010 1694 2050 ac
1728 1993 1931 2048 Filium
1956 2007 2058 2062 pro

467 2093 630 2146 Patre
659 2087 936 2160 legatione
966 2086 1291 2158 fungentem
1326 2087 1370 2118 ²¹
1402 2103 1418 2152 ;
1465 2085 1601 2156 qui,
1638 2094 1703 2140 ut
1752 2100 1855 2139 nos
1903 2083 2059 2138 Patri

469 2182 881 2247 reconciliaret,
936 2180 1056 2250 ipse
1091 2194 1151 2234 se
1189 2178 1480 2236 voluntate
1523 2177 1705 2232 Patris
1753 2191 1856 2247 pro
1897 2175 2064 2230 nobis

472 2286 674 2350 sponte
703 2276 870 2332 morti
887 2271 1184 2338 tradiderit
1217 2289 1233 2338 ;
1261 2280 1325 2326 ut
1345 2287 1447 2326 nos
1472 2279 1706 2341 propter
1731 2284 1812 2334 se,
1839 2267 2066 2322 deitatis

447 2387 583 2428 .suae
603 2369 804 2426 decore
833 2366 1225 2438 praefulgentes
1247 2372 1463 2419 tantum
1486 2361 1820 2418 clariﬁcaret
1837 2403 1852 2426 ,
1881 2375 2064 2430 quan-

373 2523 384 2534 .
471 2475 588 2518 tum
635 2469 868 2534 propter
901 2473 1008 2514 nos
1029 2458 1241 2512 nostris
1291 2456 1410 2526 ipse
1443 2453 1806 2512 dehonestari
1854 2452 2069 2524 ρειεείοο

470 2556 641 2612 nibus
667 2552 962 2610 sustinuit.

539 2648 630 2704 51.
685 2644 1152 2717 Quandoquidem
1202 2644 1353 2700 Deus
1400 2640 1652 2697 omnium
1688 2639 1786 2708 qui
1825 2637 2057 2694 salutem

471 2745 886 2809 consequentur
913 2737 1068 2792 locus
1101 2736 1213 2792 erit
1253 2736 1322 2799 ",
1360 2729 1882 2800 incircumscriptus
1930 2744 2063 2783 con-

455 2829 773 2899 tinuusque
797 2837 853 2883 et
883 2828 1156 2893 inﬁnitus,
1180 2827 1273 2898 qui
1303 2842 1404 2896 pro
1426 2834 1578 2880 certa
1594 2821 1824 2895 iustitia:
1849 2819 2064 2875 ratione

472 2919 660 2974 omnia
683 2919 943 2974 omnibus
972 2919 1099 2986 ﬁati;
1124 2917 1398 2988 quinimo,
1432 2915 1528 2986 qui
1551 2930 1651 2984 pro
1681 2911 1848 2967 modo
1871 2926 2063 2967 earum

472 3013 793 3084 passionum
835 3027 901 3067 ac
937 3026 1313 3068 aerumnarum
1343 3051 1357 3074 ,
1405 3009 1611 3080 quibus
1647 3022 1766 3063 τενο
1805 3006 1911 3061 hoc
1939 3019 2065 3060 cum

2159 523 2299 588 ιδίας
2329 525 2602 592 γενέσεως
2635 541 2649 553 ·
2676 524 2854 588 οὕτως
2887 528 2917 580 ό
2961 525 3194 590 θάνατος
3256 529 3316 581 ὲν
3357 525 3622 598 Χριστῷ,
3669 529 3762 596 τῆς

2154 615 2434 687 ἁμαρτίας
2477 617 2809 686 κατάκρισις
2851 618 3099 686 γέγονεν,
3158 619 3354 688 ἡδονῆς
3405 618 3674 688 καθαρὰν
3709 620 3756 670 ἐ·

2155 709 2378 781 Χριστῷ
2410 710 2573 762 πάλιν
2602 714 2700 781 τῆς
2727 712 2942 780 φύσεως
2970 713 3358 782 ἀπολαϐούσης
3385 712 3492 782 τὴν
3522 713 3760 780 γένεσιν.

2227 799 2292 855 ν’.
2329 803 2391 855 Et
2422 805 2584 871 ἡμεῖς
2627 805 2674 855 οἱ
2714 798 2863 866 οἶκος
2914 804 3010 858 τοῦ
3070 803 3226 856 Θεοῦ·
3258 804 3452 874 χάριτι
3509 803 3766 870 γενέσθαι

2155 895 2483 960 ἀξιωθέντες
2518 895 2607 949 διά
2634 896 3282 966 Πνεύματος,ιτοσαύτην
3304 897 3454 967 ὑπὲρ
3489 897 3766 950 δικαιοσύ-

2156 1006 2253 1060 νης
2281 991 2360 1052 εἰς
2396 989 2726 1060 κατάκρισιν
2765 991 2864 1060 τῆς
2904 989 3181 1059 ἁμαρτίας
3233 988 3526 1058 ὑπομονὴν
3571 989 3765 1041 ἐπιδεί-

2157 1081 2386 1136 κνυσθαι
2421 1080 2763 1150 παθημάτων
2782 1080 3094 1150 ὀφείλομεν,
3117 1083 3212 1134 καὶ
3231 1082 3308 1144 ὡς
3338 1080 3667 1150 κακοῦργοι
3690 1083 3769 1132 τὶν

2157 1173 2510 1244 ὲφύόριστον,
2547 1173 2746 1242 ἀγαθοὶ
2777 1173 3167 1242 τυγχάνοντες,
3198 1173 3519 1243 προθύμως
3567 1174 3772 1240 ἀποφὲ-

2159 1261 2352 1332 ρεσθαι
2400 1259 2653 1324 θάνατον,
2694 1261 2749 1313 τί
2771 1259 2840 1312 τὸ
2869 1259 3045 1326 τέλος
3077 1259 3198 1313 τῶν
3235 1261 3681 1314 ἀπειθούντων
3707 1259 3776 1324 τῷ

2158 1354 2266 1408 τοῦ
2295 1352 2448 1407 Θεοῦ
2476 1353 2829 1422 Edam-satio)
2859 1368 2878 1415 ;
2916 1353 3165 1406 τουτέστι
3189 1355 3344 1406 ποῖον
3375 1353 3548 1405 ἔσται
3595 1355 3661 1405 τὸ
3693 1353 3777 1404 τέ-

2157 1441 2270 1506 λος,
2302 1441 2471 1512 ἢγουν
2505 1443 2540 1511 ἡ
2571 1439 2775 1512 κρίσις,
2817 1439 2930 1493 τῶν
2976 1441 3052 1511 μὴ
3102 1440 3268 1510 μόνον
3313 1441 3514 1504 ζῶσάν
3571 1458 3637 1494 τε
3689 1441 3777 1493 καὶ

2158 1529 2587 1601 ἐνεργουμένην,
2621 1527 2766 1580 κατά
2793 1544 2853 1581 τε
2886 1528 3067 1598 ψυχὴν
3099 1529 3194 1581 καὶ
3247 1527 3437 1598 σῶμα,
3479 1529 3692 1602 γνώμῃ
3725 1546 3778 1581 τε

2159 1620 2257 1674 καὶ
2287 1619 2446 1690 φύσει
2491 1619 2591 1690 τὴν
2631 1618 2753 1672 καθ’
2799 1618 2995 1690 ἡδονὴν
3032 1619 3127 1672 τοῦ
3191 1621 3369 1690 Ἀδὰμ
3407 1623 3778 1692 κρατήσασαν

2159 1715 2260 1778 τῆς
2293 1711 2510 1782 φύσεως
2542 1711 2758 1779 γένεσιν
2793 1711 2957 1782 μέχρι
2985 1712 3172 1775 τέλους
3195 1713 3288 1767 διὰ
3323 1714 3584 1783 σπουδῆς
3615 1716 3779 1785 ἐσχη-

2159 1807 2336 1862 κότων
2355 1847 2374 1870 ,
2429 1803 2568 1859 ἀλλά
2619 1807 2756 1876 μήτε
2813 1805 3271 1876 προσδεξαμένων
3337 1825 3415 1861 πα
3427 1808 3780 1877 pexam-3w:

2157 2009 2218 2044 τε
2252 1991 2362 2062 μὴν
2409 1989 2575 2042 αὐτὸν
2623 1989 2720 2044 τὸν
2779 1989 2923 2061 ὑπὲρ
2963 1989 3057 2043 τοῦ
3110 1990 3328 2062 Πατρὸς
3388 1991 3782 2062 πρεσϐεύοντα

2163 2069 2394 2154 μεσίτην
2421 2082 2518 2136 καὶ
2538 2082 2691 2147 Υῐὸν,
2721 2083 2816 2136 καὶ
2837 2083 2981 2154 ὑπὲρ
3004 2082 3107 2153 τῆς
3133 2085 3167 2155 η
3177 2085 3297 2156 μῶν
3317 2085 3402 2146 εἰς
3429 2085 3534 2137 τον
3557 2085 3778 2156 Πατέρα

2161 2171 2538 2244 καταλλαγῆς,
2590 2175 2787 2228 ἑαυτὸν
2841 2174 3094 2245 βουλήσει
3131 2175 3230 2229 τοῦ
3279 2177 3538 2246 Πατρὸς,
3573 2180 3661 2240 εἰς
3695 2179 3779 2229 τὸν

2165 2270 2308 2340 ὑπὲρ
2335 2270 2496 2340 ἡμῶν
2527 2269 2763 2324 θάνατον
2791 2272 2932 2326 κατὰ
2960 2271 3182 2342 θέλησιν
3218 2273 3589 2343 προῖέμενσν,
3635 2275 3778 2336 ὅπως

2165 2361 2233 2416 δι’
2284 2362 2480 2417 ἑαυτὸν
2523 2363 2673 2432 ἡμᾶς
2721 2362 2981 2416 τοσοῦτον
3005 2363 3231 2434 δοξάσῃ,
3259 2363 3341 2434 τῷ
3371 2364 3574 2418 κάλλει
3611 2381 3777 2419 κατα-

2131 2485 2140 2495 ·
2166 2453 2466 2524 φαιδρύνας
2490 2454 2590 2523 τῆς
2627 2454 2836 2518 οἰκείας
2864 2454 3143 2526 θεότητος,
3174 2457 3300 2510 ὅσον
3332 2455 3406 2509 δι’
3429 2458 3594 2528 ἡμᾶς
3623 2459 3776 2520 αὐτος

2165 2544 2494 2609 κατεδέξατο
2513 2547 2624 2608 τοῖς
2651 2545 2814 2616 ἡμῶν
2851 2545 3234 2616 ἀτιμασθῆναι
3273 2546 3640 2618 παθήμασιν.

2232 2635 2336 2691 να’.
2377 2635 2602 2708 Ἐπειδὴ
2625 2637 2848 2691 πάντων
2875 2638 2987 2691 τῶν
3018 2637 3350 2709 σωζομένων
3378 2641 3409 2693 ό
3426 2639 3597 2705 Θεὸς,
3631 2642 3778 2695 ἔσται

2161 2727 2327 2792 τόπος
2360 2727 2749 2800 ἀπερίγραφός
2795 2747 2853 2783 τε
2899 2731 2997 2785 καὶ
3034 2730 3364 2796 ἀδιάστατος
3398 2733 3503 2786 καὶ
3524 2733 3772 2806 ἄπειρος.

2165 2820 2299 2873 πᾶσι
2368 2820 2544 2873 πάντα
2609 2821 2895 2892 γινόμενος
2952 2822 3092 2876 κατὰ
3149 2823 3250 2894 τὴν
3304 2824 3626 2894 ἀναλογίαν
3682 2829 3776 2895 τῆς

2165 2909 2537 2982 δικαιοσύνης,
2574 2911 2776 2982 μᾶλλον
2805 2911 2863 2966 δὲ
2908 2911 3056 2966 κατά
3101 2913 3161 2966 τὸ
3216 2915 3422 2986 μέτρον
3465 2916 3588 2970 τῶν
3645 2918 3777 2988 μετὰ

2167 2999 2427 3069 γνώσεως
2483 3002 2625 3073 ὑπὲρ
2682 3003 3034 3075 δικαιοσύνης
3089 3006 3327 3060 ἐνταῦθα
3394 3008 3774 3078 παθημάτων,

475 3104 707 3159 scientia
732 3103 1137 3174 perfungimur,
1171 3101 1338 3173 598
1389 3101 1634 3170 seipsum
1681 3097 1915 3169 singulis
1956 3097 2062 3150 lar-

2172 3093 2363 3148 έαυτδν
2402 3094 2622 3165 ἑκάστῳ
2644 3094 3012 3166 δωρούμενος,
3043 3097 3297 3169 καθάπερ
3327 3100 3484 3171 ψυχὴ
3526 3101 3776 3172 σώματος

473 3195 692 3268 giturus
717 3193 808 3258 sit,
848 3193 995 3247 haud
1022 3208 1184 3248 secus
1204 3206 1272 3246 ac
1301 3189 1506 3254 anima,
1540 3204 1639 3259 pro
1665 3187 1912 3257 subjecta
1948 3184 2064 3240 cui-

475 3300 583 3355 que
614 3283 864 3340 membro
904 3281 1186 3344 facultate,
1231 3280 1468 3350 seipsam
1503 3286 1826 3348 operantem
1857 3275 2060 3346 prodit,

475 3391 542 3432 ac
566 3374 868 3440 efﬁcacem,
898 3372 1064 3444 vique
1088 3386 1209 3434 sua,
1257 3367 1509 3424 membra
1550 3365 1800 3422 continet
1835 3373 1896 3420 ut
1931 3365 2061 3429 sint,

480 3477 537 3524 et
570 3468 639 3524 ad
667 3468 794 3523 vita:
839 3465 1028 3522 munia
1060 3472 1254 3534 vegeta
1296 3460 1410 3518 sint
1442 3477 1458 3514 :
1489 3460 1684 3531 impius
1736 3465 1786 3511 et
1824 3467 2068 3528 peccator

480 3561 569 3616 ubi
591 3560 852 3632 parebunt
877 3560 922 3592 ”
949 3597 963 3621 ,
1024 3556 1119 3626 qui
1170 3556 1277 3610 hac
1307 3553 1489 3624 gratia
1531 3550 1910 3606 deﬁciamur?
1961 3549 2067 3616 Qui

479 3651 630 3707 enim
665 3649 766 3705 Dei
807 3646 1164 3718 praesentiam
1203 3644 1528 3700 beatitatem
1573 3651 1930 3714 praestantem
1978 3659 2070 3698 ca-

482 3755 616 3812 pere
644 3754 753 3794 non
776 3738 945 3802 valet,
971 3736 1197 3792 ubinam
1226 3733 1467 3806 parebit,
1504 3749 1631 3789 cum
1660 3749 1692 3788 a
1721 3731 1910 3788 divina
1934 3735 2067 3799 vita,

482 3846 647 3888 omne
709 3831 972 3886 sarculum
1023 3840 1355 3900 tempusque
1403 3842 1469 3883 ac
1517 3827 1703 3882 locum
1746 3836 2066 3898 superante,

459 3939 607 3997 leum
636 3923 909 3978 excidisse
948 3921 1293 3992 contigerit?

550 4015 640 4070 52.
681 4015 784 4081 Qui
834 4014 930 4069 Dei
995 4013 1063 4068 ad
1122 4012 1446 4067 beatitatem
1506 4012 1676 4066 vitam
1729 4011 2072 4068 continentis

463 4122 708 4186 compos
764 4122 884 4162 non.
930 4106 1023 4169 sit,
1065 4105 1160 4176 qui
1211 4105 1330 4176 ipse
1379 4105 1537 4159 locus
1579 4103 1764 4174 dignis
1811 4103 2072 4158 omnibus

484 4207 628 4271 erit;
667 4215 909 4272 quonam
939 4199 1105 4254 modo
1135 4215 1256 4254 sese
1306 4197 1558 4262 habebit,
1606 4198 1696 4252 cui
1748 4197 1897 4252 Deus
1953 4197 2071 4267 ipse

485 4293 792 4349 secundum
819 4291 1101 4346 beatitatis
1137 4290 1191 4344 in
1219 4290 1333 4345 Deo
1367 4288 1778 4360 perennitatem
1809 4303 1872 4342 ac
1898 4287 2071 4341 ﬁrmi-

487 4393 656 4440 tatem
681 4384 868 4439 desit?
895 4383 994 4447 Ac,
1024 4383 1069 4437 si
1099 4397 1241 4451 aagre
1272 4380 1572 4436 admodum
1605 4380 1793 4451 justus
1827 4379 2071 4434 salvabi-

2170 3185 2359 3255 μέλεσι
2381 3186 2520 3240 κατὰ
2542 3187 2642 3257 τὴν
2667 3187 3040 3261 ὑποκειμένην
3075 3190 3296 3262 ἑκάστῳ
3326 3192 3490 3260 μέλει
3523 3193 3774 3265 δύναμιν,

2165 3277 2368 3349 ἑαυτὴν
2403 3277 2734 3349 ἐνεργοῦσαν
2760 3280 3118 3349 ἐκφαίνουσα,
3151 3281 3248 3335 καὶ
3275 3283 3418 3352 πρὸς
3457 3283 3528 3336 τὸ
3551 3281 3694 3339 εἶναι
3713 3287 3778 3338 δι’

2167 3369 2367 3446 ἑαυτῆς
2383 3369 2451 3422 τά
2478 3369 2613 3440 μέλη
2634 3370 2936 3440 συνέχουσα
2954 3371 3092 3442 πρὸς
3111 3371 3260 3442 ζωὴν
3283 3389 3428 3441 συγκ
3437 3378 3776 3446 ρατούμενα·

2167 3463 2202 3515 ό
2229 3459 2458 3527 ἀσεϐὴς
2485 3460 2584 3514 καὶ
2621 3461 2972 3529 ἁμαρτωλὸς
3025 3461 3149 3516 ποῦ
3198 3463 3507 3531 φανεῖται,
3574 3468 3778 3537 ταύτης

2168 3554 2536 3625 ἐστερημένος
2596 3555 2696 3625 τῆς
2747 3555 3004 3624 χάριτος;
3065 3555 3125 3608 '0
3175 3557 3286 3628 γὰρ
3341 3558 3424 3629 μὴ
3471 3558 3779 3630 δυνάμενος

2170 3647 2573 3719 ἐνεργουμένην
2609 3647 2710 3718 τὴν
2744 3647 2888 3701 κατά
2915 3649 2977 3702 τὸ
3019 3645 3081 3702 εὖ
3118 3644 3259 3702 εἶναι
3304 3649 3406 3703 τοῦ
3441 3652 3590 3705 Θεοῦ
3623 3653 3780 3718 δέξα-

2172 3738 2297 3792 σθαι
2347 3740 2676 3812 παρουσίαν,
2720 3739 2825 3793 ποῦ
2856 3743 3128 3811 φανεῖται,
3164 3745 3264 3815 τῆς
3295 3743 3453 3806 θείας
3498 3744 3653 3814 ζωῆς
3680 3747 3780 3814 τῆς

2171 3831 2313 3903 ὑπὲρ
2341 3831 2516 3885 αἰῶνα
2549 3833 2648 3886 καὶ
2673 3833 2868 3904 χρόνον
2900 3834 2996 3888 καὶ
3021 3833 3191 3888 τόπον
3226 3834 3534 3906 ὑπομείνας
3560 3837 3663 3906 τὴν
3688 3836 3778 3889 Ξκ-

2170 3940 2380 3977 πτωσιν
2400 3942 2416 3991 ;

2243 4015 2342 4085 νβ’.
2394 4017 2454 4068 ὐ
2478 4015 2570 4069 τὸν
2598 4016 2731 4070 Θεὸν
2755 4017 2857 4070 οὐκ
2885 4015 3023 4088 ἔχων
3063 4018 3204 4089 πρὸς
3245 4019 3306 4071 τὸ
3360 4014 3427 4072 εὖ
3462 4016 3615 4073 εἶναι
3665 4037 3784 4072 aw-

2173 4108 2367 4179 έχοντα
2397 4108 2496 4180 τὴν
2531 4108 2699 4178 ζωὴν,
2732 4110 2825 4163 τὸν
2857 4111 3122 4181 μέλλοντα
3156 4112 3292 4164 πᾶσι
3318 4111 3581 4178 γίνεσθαι
3615 4115 3778 4165 τόπον

2171 4204 2285 4266 τοῖς
2333 4203 2526 4268 ἀξίοις,
2577 4203 2695 4266 πῶς
2754 4203 2932 4269 ἐσται,
2973 4202 3141 4256 τόπον
3174 4202 3339 4256 αὐτὸν
3371 4205 3478 4256 οὐκ
3508 4205 3658 4275 ἔχων
3687 4206 3777 4258 τί,

2172 4295 2305 4348 Θεὸν
2332 4295 2474 4348 κατά
2507 4296 2606 4366 τὴν
2629 4297 2738 4349 τῶν
2772 4293 2830 4349 εὖ
2877 4291 3020 4350 εἶναι
3053 4299 3112 4350 ὲν
3167 4296 3288 4368 Θεῷ
3340 4298 3519 4367 μονήν
3570 4315 3634 4350 τε
3688 4299 3774 4348 καὶ

2177 4384 2418 4458 ἵδρυσινς
2453 4387 2560 4439 Καὶ
2589 4388 2638 4439 εἰ
2677 4387 2812 4457 μετά
2867 4387 3067 4458 πολλῆς
3112 4386 3436 4459 δυσχερείας
3482 4389 3513 4440 ὁ
3571 4389 3775 4450 δίκαιος

451 4486 454 4489 ’
488 4488 599 4544 tur,
631 4475 767 4547 quid
794 4475 904 4530 erit
938 4481 1105 4530 autve
1139 4473 1232 4528 ﬂet
1277 4473 1388 4539 illi,
1442 4473 1538 4545 qui
1587 4473 1798 4528 nullam
1847 4472 2062 4542 pietatis

2175 4475 2430 4542 σώζεται,
2454 4476 2507 4530 τί
2533 4476 2708 4534 ἔσται.
2734 4477 2840 4548 ἢτί
2863 4478 3114 4533 πείσεται
3164 4480 3193 4532 ὁ
3227 4478 3438 4549 μηδένα
3477 4479 3645 4549 λόγον
3684 4481 3775 4532 si.

487 4577 652 4640 atque
680 4567 926 4632 virtutis,
961 4565 1211 4640 quandiu
1243 4566 1358 4622 vita
1394 4566 1472 4621 illi
1502 4581 1689 4621 comes
1723 4563 1851 4632 fuit,
1891 4565 2065 4620 ratio-

466 4675 613 4731 .nem
642 4657 874 4712 habuit?

558 4750 645 4804 55.
687 4750 835 4804 Deus
863 4748 1114 4821 quidem,
1141 4748 1450 4806 secundum
1475 4762 1644 4802 unam
1681 4745 1910 4802 inﬁnitae
1951 4745 2069 4800 vir-

489 4845 622 4899 tutis
672 4841 944 4898 bonitatis
986 4856 1101 4896 suae
1139 4841 1482 4896 voluntatem
1507 4879 1521 4906 ,
1579 4853 1777 4894 omnes
1817 4837 2067 4902 omnino,

486 4935 821 5006 angelosque
847 4942 905 4989 et
935 4931 1195 4988 homines
1221 4972 1235 4996 ,
1265 4931 1557 5001 bonosque
1586 4937 1643 4986 et
1670 4929 1847 4984 malos
1885 4927 2068 4983 conti-

485 5027 643 5081 nebit
686 5045 699 5082 :
739 5040 852 5082 non
899 5034 1085 5080 tamen
1129 5036 1325 5078 omnes
1384 5022 1674 5093 aequaliter
1733 5021 2071 5092 paribusque

486 5114 685 5179 modis,
745 5112 964 5169 cunctis
1009 5110 1267 5166 absolute
1312 5120 1477 5181 atque
1523 5111 1700 5165 libere
1757 5109 2073 5165 immeantis

485 5203 606 5269 Dei,
640 5211 810 5258 erunt
837 5201 1174 5273 participes;
1209 5200 1303 5256 sed
1327 5216 1428 5272 pro
1450 5217 1520 5257 eo
1550 5216 1614 5256 ac
1642 5200 1878 5271 quisque
1905 5199 2070 5254 modo

486 5295 652 5366 capit.

558 5389 646 5444 54.
679 5385 783 5455 Qui
809 5385 1152 5442 voluntatem
1183 5394 1346 5457 atque
1365 5385 1610 5440 animum
1635 5399 1736 5454 per
1758 5383 1945 5437 omnia
1973 5399 2072 5438 na-

2177 4567 2394 4632 σεὸείας
2431 4568 2524 4621 καὶ
2562 4568 2764 4640 ἀρετῆς
2794 4571 2936 4622 κατά
2970 4570 3071 4640 τὴν
3108 4569 3395 4642 παροῦσαν
3423 4570 3582 4643 ζωὴν
3617 4587 3772 4641 ποιη-

2177 4660 2317 4732 σάμε
2325 4676 2413 4724 νος
2430 4677 2447 4726 ;
3707 4677 3716 4680 ·

2247 4758 2347 4821 νγι,
2384 4752 2444 4805 ’0
2497 4752 2595 4822 μὲν
2629 4752 2763 4816 Θεὸς
2813 4752 2956 4808 κατά
3007 4753 3137 4825 μίαν
3189 4753 3647 4825 ἀπειροδύναμον
3679 4755 3777 4824 τῆς

2175 4843 2513 4915 ἀγαθότητος
2547 4843 2826 4916 βούλησιν,
2856 4847 3064 4910 πάντας
3112 4845 3322 4910 συνέξει
3361 4847 3462 4899 καὶ
3503 4847 3777 4916 ἀγγέλους

2175 4935 2274 4989 καὶ
2316 4935 2660 5008 ἀνθρώπους,
2706 4936 2947 5006 ἀγαθούς
2995 4953 3057 4991 τε
3103 4936 3199 4990 καὶ
3247 4937 3525 5006 πονηρούς
3564 4955 3580 4969 ο
3635 4935 3774 4992 οὗτοι

2175 5024 2233 5077 δὲ
2257 5025 2480 5089 πάντες,
2509 5026 2609 5079 οὐκ
2633 5027 2764 5088 ἴσως
2803 5025 3090 5095 μεθέξουσι
3113 5023 3269 5088 Θεοῦ,
3303 5025 3399 5078 τοῦ
3431 5026 3524 5080 διά
3560 5028 3774 5081 etim

2178 5119 2426 5191 ἀσχέτως
2448 5122 2821 5192 χωρήσαντος,
2848 5119 2965 5174 ἀλλ’
2994 5119 3272 5188 ἀναλόγως
3308 5119 3553 5182 ἑαυτοῖς.

2250 5382 2342 5436 νδ’.
2377 5383 2439 5437 ΟΞ
2468 5381 2567 5453 μὲν
2598 5384 2662 5454 τῇ
2697 5379 2856 5452 φύσει
2906 5382 2978 5454 (r)
3027 5382 3363 5453 φυλάξαντες
3416 5383 3510 5436 διά
3554 5385 3779 5438 πάντων

557 5524 600 5552 ’⁸
625 5522 646 5578 ι
671 5523 820 5579 Petr.
849 5539 924 5591 tv,
951 5525 1038 5578 Π.
1119 5526 1162 5556 ⁸¹
1195 5525 1238 5580 ll
1271 5524 1398 5580 Cor.
1434 5541 1490 5590 v,
1519 5523 1609 5579 20.
1692 5525 1737 5556 ²¹
1774 5525 1917 5581 Psal.
1951 5541 2062 5589 Lxx,

2243 5524 2288 5555 ⁸³
2316 5522 2336 5576 Ι
2363 5523 2509 5576 Petr.
2539 5537 2612 5586 ιν,
2645 5521 2731 5576 18.

467 5643 472 5656 ·
557 5633 629 5702 (r)
655 5636 720 5688 οι
743 5634 860 5702 μὲν
885 5635 962 5706 τῇ
986 5637 1188 5706 φύσει.
1212 5633 1386 5706 Quod
1426 5636 1507 5690 sic
1557 5635 1669 5698 hic,
1721 5643 1778 5690 et
1807 5637 2058 5706 sequenti

489 5719 608 5785 cap.
669 5719 733 5759 ac
777 5704 999 5785 passim
1029 5707 1180 5785 alibi.
1211 5704 1478 5785 Magimus
1521 5714 1779 5785 naturam
1834 5704 2056 5777 ingerit,

490 5775 718 5846 ejusque
748 5775 1017 5830 rationem
1049 5783 1110 5830 ut
1132 5775 1355 5831 virtutis
1387 5775 1567 5832 omnis
1591 5776 1856 5846 regulam,
1886 5775 1949 5831 ac
1968 5792 2058 5832 nc-

2171 5635 2534 5691 cessitndinis
2577 5651 2704 5690 cum
2761 5637 2874 5690 Deo
2923 5650 3216 5701 normam;
3266 5646 3328 5690 ut
3383 5646 3613 5691 tantum
3667 5638 3772 5692 Deo

2171 5708 2430 5778 uniamur
2459 5707 2774 5778 acvirtutc
2825 5706 3153 5777 fulgeamus,
3201 5707 3490 5776 simusque
3539 5722 3770 5778 capaces

2167 5787 2387 5832 aeterna:
2411 5776 2790 5842 beatitudinis,
2825 5776 3094 5847 quantum
3137 5777 3296 5833 nobis
3343 5793 3404 5831 ac
3439 5776 3653 5833 nostri:
3676 5794 3768 5831 w-
