3922 6348
173 318 308 385 132‘.)

839 323 1175 385 CAPITUM
1213 321 1638 396 QUINOUIES
1676 303 2198 384 CENTENORUM
2241 325 2629 386 CENTURIA
2668 328 2767 388 1V.

3309 325 3442 391 1330

174 430 526 504 ί-σονομοῦσαν
556 433 654 506 τὴν
707 435 962 507 γνώμην,
997 439 1091 491 καὶ
1135 438 1243 490 τῶν
1291 439 1387 508 τῆς
1425 438 1640 508 φύσεως
1670 437 1758 490 λό-

1867 446 2002 493 tune
2025 439 2353 508 mquabilcm
2388 449 2772 506 servaverunt,
2799 441 3093 512 ipsumque
3119 441 3304 511 reipsa
3346 457 3442 495 na-

169 541 280 596 γων
317 527 436 578 κατ’
467 525 747 597 ἐνέργειαν
796 528 1052 600 δεκτικὴν
1102 529 1273 599 αὐτὴν
1303 529 1750 598 καταστήσαντες

169 617 288 670 καθ’
317 617 436 670 ὅλον
469 618 562 671 τὸν
594 619 686 672 τοῦ
708 621 794 673 ἀεὶ
820 616 878 673 εὖ
901 618 1038 674 εἶναι
1065 620 1244 689 λόγον,
1270 620 1357 674 διὰ
1382 621 1480 690 τὴν
1504 621 1635 690 πρὸς
1658 619 1753 690 τὴν

169 710 318 764 θείαν
346 709 601 782 βούλησιν
642 713 741 784 τῆς
795 712 1022 785 γνώμης
1081 713 1400 776 εὐπάθειαν,
1445 713 1574 784 ὅλης
1628 711 1744 785 [qu.

167 801 262 856 illa
299 803 386 864 61,
429 801 587 876 ὅλως]
637 804 926 875 μεθέξουσι
960 807 1060 876 τῆς
1089 807 1448 875 άγαθότητος,
1482 805 1625 858 κατὰ
1653 807 1753 874 τὴν

165 895 347 957 αὐτοῖς
381 895 796 980 ἐπιλάμπουξαν
816 897 892 960 ώς
921 899 978 949 ὲν
1005 898 1259 967 ἀγγέλοις
1291 895 1323 968 ἢ
1349 897 1424 961 ὡς
1457 897 1515 949 ὲν
1541 883 1754 968 ἀνθρώ-ξ

165 1003 290 1052 ποις
317 987 467 1042 θείαν
491 989 661 1059 ζωήν.
697 990 759 1042 Οί
789 990 845 1042 δὲ
869 993 934 1061 τῇ
959 991 1118 1060 φύσει
1151 992 1480 1062 ποιήσαντες
1507 991 1752 1044 ἀνισονο-

167 1079 374 1149 μοῦσαν
394 1079 481 1134 διὰ
505 1081 721 1134 πάντων
745 1081 841 1152 τὴν
865 1081 1115 1153 γνώμην,
1149 1082 1243 1138 καὶ
1265 1081 1376 1136 τῶν
1401 1084 1502 1156 τῆς
1530 1080 1750 1151 φύσεως

163 1166 352 1240 λόγων
387 1174 530 1226 κατὰ
567 1173 667 1244 τὴν
713 1175 994 1246 ἐνέργειαν
1026 1173 1390 1246 σκεδαστικὴν
1420 1176 1592 1247 αὐτὴν
1618 1175 1753 1228 ἁπο-

160 1261 438 1329 δείξαντες
462 1261 584 1316 καθ’
615 1261 734 1316 ὂλον
750 1264 842 1317 τὸν
858 1263 950 1317 τοῦ
963 1258 1023 1318 εὗ
1041 1263 1179 1317 εἶναι
1195 1265 1367 1332 λόγον,
1389 1264 1479 1317 διὰ
1497 1264 1595 1335 τὴν
1618 1264 1754 1334 πρὸς

163 1354 268 1425 τὴν
301 1354 452 1408 θείαν
498 1354 753 1427 βούλησιν
798 1356 900 1426 τῆς
936 1356 1164 1428 γνώμης
1211 1356 1588 1418 ἀντιπάθειαν,
1625 1355 1755 1426 ὅλης

163 1445 525 1500 ἐκπεσοῦνται
573 1447 672 1517 τῆς
718 1447 1075 1520 ἅγαθότητος,
1106 1447 1247 1501 κατὰ
1280 1449 1378 1512 τὴν
1422 1447 1754 1519 ἐμφαινομέ-

163 1557 267 1610 νην
292 1539 475 1603 αὐτοῖς
511 1539 647 1608 πρὸς
671 1539 732 1592 τὸ
762 1540 864 1609 φεῦ
891 1535 1031 1594 εἶναι
1062 1542 1160 1611 τῆς
1191 1539 1416 1612 γνώμης
1439 1541 1712 1593 οἰκείωσιν
1737 1555 1752 1570 '

166 1631 290 1684 καθ’
336 1632 402 1700 ἢν
443 1632 477 1702 ἡ
523 1633 660 1703 πρὸς
706 1633 798 1686 τὸν
837 1632 970 1687 Θεὸν
1018 1633 1174 1688 ἔσται
1203 1633 1311 1687 τῶν
1342 1631 1599 1686 τοιούτων
1631 1633 1750 1686 διά-

169 1737 374 1784 στασις,
399 1721 500 1774 οὑκ
528 1722 760 1790 ἐχόντων
787 1723 932 1776 κατὰ
951 1722 1050 1794 τὴν
1079 1726 1340 1793 πρόθεσιν
1372 1725 1467 1794 τῆς
1501 1722 1749 1794 γνώμης,

1855 539 1992 585 tura:
2028 531 2304 587 rationum
2332 547 2589 602 capacem
2609 533 2766 604 juxta
2797 549 3016 588 omnem
3039 534 3182 588 bene
3215 533 3437 588 cssendi

1855 623 2125 677 rationem
2158 623 2545 689 reddiderunt,
2570 625 2642 679 ob
2674 625 2842 680 animi
2867 641 2932 680 ac
2966 625 3270 680 voluntatis
3314 640 3439 681 cum

1853 713 2040 768 divina
2065 715 2351 770 voluntate
2380 715 2857 781 convenientiam,
2894 715 3097 772 divina:
3117 715 3298 772 omnis
3339 715 3442 768 bo-

1853 805 2066 871 nitatis,
2113 822 2215 877 pro
2260 807 2549 863 divinae-in
2579 809 2662 863 eis
2694 807 2843 874 vitm,
2885 817 2948 864 ut
3001 809 3055 862 in
3087 808 3302 879 angelis
3345 816 3444 860 aut

1855 899 1910 952 in
1933 897 2259 955 hominibus
2289 899 2583 965 elucentis,
2643 899 2879 966 ratione,
2921 909 3087 956 erunt
3113 896 3439 970 participes.

1851 990 1959 1058 Qui
1986 1009 2122 1048 vero
2151 1009 2251 1063 per
2275 993 2459 1048 omnia
2483 991 2872 1062 intequabilem
2899 992 3248 1048 voluntatem
3273 1000 3442 1060 atque

1853 1085 2100 1140 animum
2157 1091 2370 1139 natura:
2423 1082 2832 1150 reddiderunt,
2879 1091 3200 1152 natumque
3257 1069 3440 1150 reipsa

1855 1176 2103 1231 rationes
2132 1175 2494 1246 dissipantem
2523 1175 2678 1246 juxta
2710 1190 2931 1230 omnem
2958 1174 3102 1230 bene
3128 1189 3308 1243 exque
3334 1172 3444 1225 vir-

1855 1275 1972 1321 tute
2003 1267 2226 1323 cssendi
2266 1266 2538 1322 rationem
2596 1265 2972 1322 exhibuerunt
2998 1307 3013 1331 ,
3050 1265 3122 1320 ob
3157 1264 3327 1319 animi
3378 1279 3443 1318 ac

1854 1359 2158 1413 voluntatis
2193 1373 2318 1412 cum
2343 1357 2530 1412 divina
2556 1358 2843 1414 voltmtate
2879 1355 3441 1420 disconvenientiam,

1853 1449 2121 1505 bonitatis
2160 1448 2343 1503 omnis
2361 1447 2832 1520 jacturam,juxta
2875 1448 3194 1503 elucentem
3241 1445 3298 1500 in
3338 1447 3439 1512 eis,

1852 1559 1980 1598 cum
2020 1543 2129 1597 hoc
2155 1541 2301 1612 quod
2330 1548 2417 1595 est
2445 1539 2585 1596 male
2613 1539 2924 1610 misereque
2949 1555 3095 1603 esse,
3137 1539 3444 1593 voluntatis

1849 1635 2134 1704 animique
2168 1631 2660 1698 necessitudinem,
2690 1631 2937 1697 facient;
2969 1647 3098 1701 qua,
3125 1646 3319 1685 eorum
3344 1631 3441 1700 qui

1854 1725 2128 1798 ejusmodi
2169 1731 2321 1790 sunt,
2355 1723 2464 1780 erit
2491 1740 2617 1779 cum
2649 1723 2763 1778 Deo
2797 1723 3101 1778 divortium
3135 1722 3443 1794 scjunctio-

167 1815 286 1876 ταῖς
320 1814 623 1884 ἐνεργείαις
650 1813 760 1867 τῶν
791 1815 1037 1884 ἀγαθῶν,
1068 1816 1160 1869 τὸν
1185 1816 1278 1869 τοῦ
1309 1813 1368 1870 εὖ
1419 1813 1559 1870 εἶναι
1594 1816 1750 1884 λόγον

1865 1834 1992 1888 jue;
2034 1817 2238 1889 quibus
2265 1832 2462 1887 nempe
2495 1815 2640 1870 desit
2666 1814 2870 1869 mentis
2898 1813 3186 1884 proposito
3215 1853 3231 1878 ,
3278 1813 3443 1867 bonis

169 1904 624 1976 ζωογονούμενον,
659 1905 786 1960 καθ’
828 1906 888 1961 δν
937 1910 971 1978 ἡ
1023 1907 1144 1962 θεία
1200 1908 1312 1981 ζωὴ
1375 1909 1750 1980 διαφαίνεσθαι

171 1992 406 2045 πέφυκε.

171 2009 406 2062 πεφυκε.

241 2181 331 2228 γε’.
358 2175 529 2245 Ζυγὸς
549 2177 648 2247 τῆς
675 2176 905 2234 ἑκάστου
929 2178 1155 2252 γνώμης
1182 2179 1336 2234 ἔσται
1353 2180 1496 2235 κατὰ
1523 2181 1620 2252 τὴν
1637 2182 1758 2252 κρί-

174 2267 431 2338 σιν,ὀτῆς
447 2267 659 2335 φύσεως
675 2267 851 2336 λόγος,
879 2271 978 2340 τὴν
1012 2271 1150 2342 πρὸς
1181 2270 1241 2323 τὸ
1272 2271 1396 2341 φεῦ,
1426 2271 1460 2342 ἢ
1494 2269 1552 2326 εὖ
1586 2274 1758 2344 αὐτῆς

168 2357 460 2428 διελέγχων
484 2360 720 2430 κίνησιν.
743 2361 864 2414 καθ’
891 2363 957 2432 ἢν
991 2363 1025 2432 ἡ
1053 2362 1153 2432 τῆς
1175 2362 1326 2426 θείας
1359 2364 1503 2436 ζωῆς
1540 2364 1758 2436 μέθεξις

171 2449 208 2519 ἢ
231 2449 492 2519 ἀμεθεξία
526 2450 773 2519 γίνεσθαι
810 2453 1047 2523 πέφυκε.
1078 2455 1234 2508 Κατὰ
1259 2455 1370 2528 γάρ
1399 2456 1459 2510 τὸ
1485 2452 1626 2512 εἶναι
1660 2460 1752 2511 καὶ

170 2539 263 2592 ἀεὶ
291 2536 449 2604 εἶναι,
478 2541 688 2607 πάντας
721 2544 930 2609 συνέξει
962 2547 1154 2617 παρὼν
1181 2550 1209 2600 ό
1242 2548 1374 2611 Θεός
1401 2564 1414 2578 ·
1445 2549 1583 2602 κατὰ
1611 2549 1667 2603 δὲ
1695 2551 1756 2604 τὸ

170 2633 263 2684 ἀεὶ
287 2628 344 2687 εὖ
375 2628 538 2703 εἶναι,
571 2635 767 2706 μόνους
808 2637 1126 2708 ἰδιοτρόπως
1176 2641 1301 2703 τοὺς
1343 2641 1553 2708 ἁγίους,
1586 2643 1757 2711 ἀγγέ-

167 2723 298 2789 λους
324 2744 383 2779 τε
411 2730 505 2781 καὶ
533 2727 878 2800 ἀνθρώπους,
913 2729 976 2782 τὸ
1006 2731 1094 2784 ἀεὶ⁹
1138 2731 1241 2800 φεῦ
1296 2729 1459 2797 εἶναι,
1515 2737 1628 2798 τοῖς
1683 2735 1758 2806 μὴ

165 2820 435 2887 τοιούτοις
467 2824 543 2886 ώς
568 2824 794 2894 γνώμης
833 2827 1046 2896 καρπὸν
1085 2829 1246 2898 ἀφεὶς
1299 2829 1756 2900 ἐπικιρνώμενον.

1853 1910 2120 1982 operibus
2171 1908 2357 1963 vivida
2410 1907 2712 1979 vigensque
2774 1905 2918 1960 bene
2968 1903 3193 1961 cssendi
3256 1903 3438 1967 ratio,

1855 1999 2161 2056 secundum
2179 2014 2342 2070 quam
2362 1997 2564 2052 divinae
2580 1997 2706 2051 vitae
2729 1995 2914 2051 exscri
2934 2004 3314 2067 comparatum
3333 2003 3436 2060 est,

1855 2107 1920 2147 ac
1947 2091 2357 2162 splendescere.
2433 2111 2442 2119 ι

1928 2184 2016 2239 55.
2048 2181 2329 2255 Cujusque
2357 2181 2662 2236 voluntatis
2698 2180 2906 2235 trutina
2937 2180 2992 2234 in
3019 2178 3234 2251 judicio
3257 2177 3441 2232 futura

1855 2287 1940 2333 est
1995 2284 2213 2331 natura:
2261 2275 2444 2340 ratio,
2512 2275 2634 2345 ejus
2693 2274 2960 2327 nimirum
3001 2271 3166 2341 599
3213 2271 3281 2325 ad
3335 2271 3441 2325 hoc

1855 2368 2003 2440 quod
2051 2378 2136 2422 est
2165 2367 2305 2420 male
2337 2381 2461 2420 esse
2491 2375 2590 2419 aut
2635 2365 2778 2419 bene
2808 2372 3019 2417 motum
3051 2379 3326 2432 arguens;
3374 2378 3443 2416 cx

1854 2463 2014 2532 cujus
2044 2460 2258 2515 ratione
2291 2467 2406 2522 est,
2439 2465 2502 2512 ut
2530 2456 2730 2512 divinae
2772 2458 2900 2511 vitae
2927 2456 3229 2527 participes
3268 2455 3444 2510 simus

1852 2561 1950 2610 aut
1988 2553 2326 2622 inexpertos.
2357 2550 2642 2617 Quatenus
2659 2549 2806 2604 enim
2838 2549 2950 2605 sint
2969 2564 3034 2603 ac
3065 2564 3283 2618 semper
3309 2547 3440 2612 sint,

1855 2660 2101 2716 prmsens
2133 2644 2276 2697 Deus
2313 2657 2507 2697 omnes
2552 2639 2868 2696 continebit
2909 2657 2921 2694 ;
2971 2649 3032 2693 ut
3067 2648 3256 2693 autem
3300 2639 3444 2694 bene

1858 2752 2078 2808 semper
2141 2735 2252 2790 illis
2303 2735 2376 2789 sit
2413 2749 2477 2788 ac
2522 2742 2796 2804 perpetua
2837 2731 3100 2787 beatitate
3155 2731 3443 2798 fruantur,

1857 2827 2127 2900 peculiari
2157 2828 2425 2882 duntaxat
2458 2826 2674 2880 ratione
2704 2832 2946 2891 sanctos,
2982 2826 3208 2897 angelos
3237 2826 3446 2896 pariter

161 2923 339 2984 atque
374 2917 654 2982 homines;
692 2918 783 2984 iis,
812 2919 908 2989 qui
931 2937 1041 2976 non
1090 2923 1366 2992 ejusmodi
1425 2925 1652 2989 fuerint,
1725 2933 1990 2994 tanquam
2035 2937 2231 2977 eorum
2275 2918 2446 2975 animi
2495 2935 2559 2974 ac
2602 2919 2909 2977 voluntatis
2973 2916 3251 2980 fructum.
3295 2934 3446 2973 com-

163 3007 398 3063 mistum
441 3009 784 3080 relinquens,
819 3020 880 3066 ut
912 3013 996 3068 eis
1022 3028 1240 3085 semper
1270 3017 1413 3072 male
1447 3020 1538 3072 sit.

241 3102 351 3167 νς’.
403 3103 477 3155 Οὐ
518 3104 886 3174 συνεπάγεται
931 3109 998 3178 τῇ
1050 3110 1194 3164 κατὰ
1225 3111 1390 3179 φύσιν
1427 3113 1536 3166 τῶν
1571 3114 1629 3181 ἐξ
1681 3107 1755 3168 ὧν
1783 3119 1826 3176 C

165 3193 507 3264 συνέστηκεν
541 3196 846 3266 ἑτερότητι,
874 3199 972 3252 καὶ
1000 3199 1101 3272 τὴν
1142 3201 1269 3255 καθ’
1314 3203 1615 3259 ὑπόστασιν
1645 3206 1759 3258 δια-

165 3284 349 3356 φορὰν
382 3284 442 3338 τὸ
471 3287 771 3358 μυστήριον
800 3291 902 3361 τῆς
936 3290 1088 3354 θείας
1118 3293 1453 3364 σαρκώσεως
1474 3311 1488 3324 ·
1528 3295 1590 3348 τὸ
1631 3297 1754 3366 μὲν,

166 3377 263 3433 ἵνα
299 3381 372 3450 μὴ
399 3381 720 3454 προσθήκην
757 3383 893 3455 λάϐῃ
923 3384 986 3438 τὸ
1025 3385 1126 3456 τῆς
1156 3386 1386 3459 Τριάδος
1419 3393 1754 3462 μυστήριονο

167 3473 236 3526 σεδ
262 3473 336 3540 δὲ,
372 3473 458 3526 ἵνα
493 3474 661 3546 μηδὲν
755 3477 821 3547 τῇ
867 3475 1082 3547 θεότητι
1114 3479 1255 3532 κατὰ
1290 3479 1450 3550 φύσιν
1497 3483 1760 3552 ὁμογενὲς

169 3564 269 3617 καὶ
306 3564 614 3634 όμοούσιον.
643 3567 748 3621 Δύο
794 3567 904 3640 γὰρ
965 3569 1182 3638 φύσεων
1244 3571 1379 3643 προς
1433 3573 1755 3636 ὑπόστασιν,

169 3654 295 3709 ἀλλ’
327 3656 388 3708 οὐ
425 3659 562 3730 πρὸς
597 3659 758 3729 φύσιν
798 3662 926 3730 μίαν
972 3663 1164 3730 γέγονε
1221 3663 1478 3726 σύνοδοςο
1534 3664 1623 3717 ἵνα
1662 3665 1760 3717 καὶ

168 3747 239 3799 τι
269 3747 391 3801 καθ’
415 3747 713 3804 ὑπόστασιν
746 3750 806 3804 ἓν
835 3752 900 3804 ἐκ
929 3752 1038 3805 τῶν
1057 3751 1316 3823 ἀλλήλαις
1333 3751 1758 3824 συνδραμουσῶν

171 3836 398 3908 φύσεων
429 3839 614 3912 δειχθῇ
645 3843 787 3897 κατὰ
808 3843 908 3916 τὴν
934 3844 1131 3898 ἕνωσιν
1165 3844 1628 3914 ἀποτελούμενον,
1662 3848 1756 3900 καὶ⁴

169 3931 241 3984 τὸ
276 3931 532 4004 διάφορον
553 3935 663 3987 τῶν
698 3935 1063 3989 συνελθόντων
1090 3936 1226 4007 πρὸς
1253 3934 1352 4006 τὴν
1392 3937 1761 3995 ἀδιάσπαστον

168 4022 376 4078 ἕνωσιν
408 4024 551 4080 κατὰ
575 4026 674 4097 τὴν
706 4028 944 4098 φυσικὴν
981 4027 1226 4100 ἰδιότητα
1254 4028 1544 4100 πιστευθῇ,
1579 4032 1763 4100 πάσης

170 4115 340 4182 ἐκτὸς
367 4117 530 4188 μένον
555 4119 768 4192 τροπῆς
797 4121 890 4173 καὶ
925 4120 1259 4192 συγχύσεως.

249 4291 349 4358 νζ.
381 4293 456 4348 Οὐ
479 4294 711 4366 λέγομεν
728 4296 821 4349 ἐπὶ
841 4297 1078 4368 Χριστοῦ
1101 4297 1364 4367 διαφορὰν
1387 4299 1761 4366 ύποστάσεων,

177 4386 265 4440 ὅτι
295 4384 470 4459 ’τριὰς
503 4387 818 4460 μεμένηκεν
851 4389 883 4460 ἡ
914 4389 1106 4459 Τριὰς,
1139 4392 1233 4443 καὶ
1259 4390 1636 4460 σαρκωθέντος
1665 4391 1760 4445 τοῦ

1930 3109 2018 3164 56.
2049 3107 2262 3163 Divina:
2309 3103 2712 3161 incarnationis
2763 3103 3124 3178 mysterium,
3186 3117 3298 3156 non
3339 3118 3449 3166 una

1861 3217 1988 3256 cum
2009 3215 2226 3264 eorum,
2254 3215 2322 3254 ex
2348 3198 2554 3269 quibus
2578 3205 2812 3258 constat.
2840 3195 3082 3251 naturali
3103 3194 3447 3259 diversitate,

1860 3292 2028 3348 etiam
2074 3291 2428 3362 personalem
2479 3290 2649 3346 infert
2698 3288 3118 3345 distinctionem
3159 3305 3172 3340 :
3211 3289 3448 3342 alterum

1860 3385 2087 3456 quidem
2113 3425 2127 3452 ,
2157 3395 2218 3438 ut
2255 3384 2469 3438 nullum
2515 3382 2808 3438 Trinitatis
2858 3383 3184 3454 mysterium
3235 3379 3452 3435 addita-

1860 3486 2111 3532 mentum
2140 3475 2415 3546 accipiat;
2445 3473 2683 3529 alterum
2721 3487 2876 3538 vero,
2911 3482 2972 3526 ut
3019 3470 3159 3525 nihil
3205 3485 3305 3541 per
3348 3485 3451 3524 na-

1861 3578 2042 3624 turam
2085 3566 2281 3622 deitati
2337 3581 2705 3636 congenerum
2730 3573 2785 3620 et
2834 3560 3309 3619 consubstantialc
3355 3575 3451 3616 ex-

1860 3659 2039 3712 sistat.
2069 3659 2198 3711 Duac
2213 3658 2359 3711 enim
2386 3666 2600 3711 natura:
2619 3656 2673 3710 in
2697 3671 2861 3709 unam
2893 3669 3186 3726 personam
3207 3651 3448 3710 coiverc.

1862 3765 1974 3803 non
2023 3749 2078 3800 in
2133 3763 2299 3801 uuam
2341 3754 2620 3810 naturam,
2651 3753 2711 3799 ut
2747 3754 2862 3798 tum
2913 3744 3227 3814 personalis
3271 3744 3453 3797 unitas

1862 3856 1928 3895 ex
1982 3848 2310 3892 naturarum
2359 3836 2508 3890 inter
2567 3850 2626 3890 se
2681 3851 2955 3890 concursu
3003 3851 3102 3905 per
3146 3834 3451 3889 unitionem

1863 3939 2193 4004 patescerct,
2223 3939 2337 3985 tum
2371 3929 2831 3984 concurrentium
2865 3929 2934 3984 ad
2967 3928 3260 3983 indivisam
3294 3928 3454 3983 unio-

1861 4043 1988 4082 nem
2036 4025 2271 4081 naturali
2328 4022 2670 4094 proprietate
2746 4023 3038 4077 distinctio
3067 4063 3082 4087 ,
3133 4030 3288 4078 extra
3330 4039 3452 4077 om-

1862 4136 1991 4176 nem
2026 4118 2392 4175 mutationem
2416 4131 2482 4171 ac
2532 4115 2923 4184 confusionem
2972 4116 3294 4172 crederetur
3341 4134 3453 4171 ma-

1865 4230 1998 4270 nere
2009 4255 2021 4268 .

1938 4307 2027 4363 57.
2077 4307 2446 4362 Personarum
2495 4306 2552 4360 in
2583 4303 2806 4360 Christo
2836 4301 3258 4358 distinctionem
3302 4304 3453 4358 haud

1866 4399 2125 4466 dicimus,
2162 4398 2310 4470 quod
2341 4399 2587 4454 Trinitas
2643 4397 2888 4465 Trinitas
2913 4396 3201 4461 manserit,
3236 4405 3455 4466 postea-

177 4477 378 4547 Λόγου,
413 4479 734 4551 προσθήκης
770 4481 1064 4553 προσώπου
1113 4483 1173 4536 οὐ
1219 4483 1667 4555 προσγενομένης
1693 4486 1758 4555 τῇ

1867 4508 2032 4563 quam
2059 4491 2227 4546 etiam
2257 4493 2501 4547 Verbum
2529 4505 2751 4545 carnem
2793 4488 3135 4559 assumpsit;
3193 4489 3345 4542 nulla
3387 4502 3455 4542 ex
3511 4487 3517 4494 '

179 4574 317 4646 ἁγίᾳ
355 4573 548 4644 Τριάδι
576 4573 662 4628 διὰ
685 4573 784 4645 τὴν
813 4574 1091 4645 σάρκωσιν
1112 4592 1126 4607 ·
1170 4574 1404 4646 λέγομεν
1445 4575 1502 4628 δὲ
1543 4575 1762 4644 φύσεων

167 4665 468 4737 διαφορὰν,
498 4666 583 4720 ἵνα
627 4665 700 4737 μὴ
732 4666 809 4738 τῷ
841 4667 1000 4738 Λόγῳ
1049 4667 1191 4721 κατὰ
1224 4667 1324 4738 τὴν
1365 4667 1527 4738 φύσιν
1565 4668 1764 4739 όμοού-

174 4775 301 4812 σιον
329 4757 429 4828 τὴν
468 4759 648 4829 σάρκα
674 4757 1088 4829 πρεσϐεύωμεν.

258 4849 361 4920 νη’.
413 4850 472 4904 '0
522 4849 597 4923 μὴ
653 4851 830 4920 λέγων
885 4852 1100 4922 φύσεων
1155 4852 1439 4924 διαφορὰν,
1489 4854 1590 4908 οὐκ
1651 4852 1765 4924 ἔχει

169 4943 352 4997 πόθεν
410 4943 789 4998 πιστώσασθαι
829 4944 930 5015 τὴν
976 4945 1057 4997 ὅτι
1089 4944 1280 5013 γέγονε
1327 4945 1466 5017 σὰρξ
1511 4948 1539 4999 ό
1594 4947 1765 5015 Λόγος

171 5035 308 5106 δίχα
353 5036 563 5107 τροπῆς
605 5035 935 5106 όμολογίαψ
995 5024 1401 5108 μὴ’γινώσκων
1458 5038 1765 5109 σωζόμενον

171 5129 329 5184 κατὰ
379 5127 476 5200 τὴν
529 5127 690 5198 φύσιν
744 5129 804 5181 ἐν
855 5131 920 5200 τῇ
969 5131 1068 5201 μιᾷ
1099 5129 1195 5183 τοῦ
1238 5131 1356 5195 ἑνὸς
1391 5131 1629 5204 Χριστοῦ
1671 5134 1768 5187 καὶ

254 5310 274 5333 ⁸
303 5309 386 5368 Cf.
419 5310 488 5368 ad
517 5309 676 5366 Thal.
707 5327 761 5383 q.
791 5309 877 5366 62.

175 5478 390 5537 luntati
419 5493 544 5533 cum
573 5486 785 5532 natura:
811 5475 1125 5531 rationibus
1170 5476 1492 5532 convenerit
1514 5494 1540 5544 ;_
1563 5477 1633 5533 de
1657 5492 1758 5532 na-

175 5559 314 5606 tura
342 5558 529 5604 sanata
549 5558 605 5604 et
625 5548 874 5602 instituta
898 5562 996 5617 per
1022 5546 1273 5618 gratiam,
1303 5547 1529 5618 omnino
1551 5548 1759 5602 intelli-

175 5620 432 5690 gendum
479 5636 587 5674 non
619 5618 684 5673 dc
734 5619 850 5687 ipsa
873 5616 1144 5690 quate—nus
1177 5616 1237 5690 in_
1260 5617 1418 5670 nobis
1464 5634 1530 5671 ex
1554 5628 1758 5690 itrans-

178 5687 477 5760 egressione
519 5706 620 5760 pro
646 5697 874 5760 peccato
899 5688 1126 5760 inolevit
1149 5705 1165 5760 _:
1207 5687 1274 5743 de
1305 5697 1500 5742 natura
1536 5689 1758 5760 demum

179 5757 422 5830 Ejualisa
460 5757 569 5815 Deo
602 5757 823 5814 cendita
854 5757 976 5824 fuit,
1000 5758 1235 5828 imagine
1266 5768 1458 5813 ornata
1503 5769 1558 5813 ct
1605 5758 1760 5812 simi-

1863 4581 2247 4638 incarnatione
2281 4590 2487 4640 sanctae
2508 4581 2769 4636 Trinitati
2813 4577 2956 4635 facta
2993 4595 3242 4651 persona:
3273 4594 3457 4635 acces-

1859 4673 2037 4728 sione.
2097 4665 2436 4727 Naturarum
2491 4680 2676 4726 tamen
2726 4671 3145 4727 distinctionem
3194 4671 3453 4748 dicimus,

1859 4782 1933 4822 ne
1962 4781 2186 4822 carnem
2219 4765 2404 4822 Verbo
2435 4764 2975 4820 consubstantialem
3025 4765 3348 4819 sentiamus.

1933 4857 2020 4912 58.
2053 4857 2158 4924 Qui
2190 4866 2514 4912 naturarum
2543 4857 2963 4912 distinctionem
3003 4872 3115 4910 non
3142 4855 3452 4926 profitetur,

1873 4966 1984 5005 non
2009 4950 2178 5004 habet
2209 4951 2356 5004 unde
2383 4957 2600 5004 astruat
2633 4949 2781 5019 quod
2813 4948 3053 5004 Verbum
3082 4947 3289 5002 factum
3328 4964 3453 5003 car-

1872 5054 2023 5104 nem,
2072 5039 2212 5094 citra
2261 5055 2482 5096 omnem
2520 5040 2887 5094 mutationem
2930 5035 3302 5100 confitemur;
3357 5035 3453 5106 qui

1873 5146 2073 5203 nempe
2119 5147 2229 5187 non
2281 5131 2574 5202 intelligat,
2619 5132 2718 5187 uni
2771 5131 2938 5186 unius
2979 5130 3079 5186 Dei
3133 5145 3198 5185 ac
3243 5128 3452 5186 Christi

1893 5475 2142 5540 litudine,
2173 5474 2226 5528 in
2249 5489 2359 5544 qua
2387 5473 2558 5528 divini
2589 5473 2875 5529 elucerent
2920 5474 3297 5544 characteres,
3340 5488 3452 5544 non

1868 5547 1959 5603 cui
1994 5545 2233 5600 obducta
2258 5543 2322 5600 ex
2355 5553 2582 5614 peccato
2607 5545 2900 5598 brutorum
2943 5545 3061 5613 ipsa
3086 5543 3232 5612 πάθη
3277 5543 3451 5614 (libi-

1869 5618 2026 5672 dines
2045 5615 2300 5686 scilicet).
2327 5615 2550 5686 virtutis
2573 5615 2724 5686 cultu
2748 5630 2811 5686 ac
2832 5614 3223 5686 exercitatione
3242 5630 3273 5670 a
3291 5614 3456 5686 nobis

1868 5687 2218 5760 excutienda,
2249 5685 2308 5760 ut
2331 5685 2518 5740 divina
2542 5685 2596 5739 in
2619 5685 2780 5760 nobis
2803 5685 3142 5760 instaurctur
3167 5685 3454 5756 vita,qu0d

1872 5753 1981 5813 non
2006 5758 2168 5812 aliter
2199 5757 2487 5823 habemus,
2527 5772 2691 5824 quam
2715 5753 2921 5811 Christi
2949 5756 3142 5826 gratia.
