3922 6348
201 216 344 291 13.13

875 232 1208 299 CAPITUM
1248 240 1674 313 QUINOUIES
1710 241 2233 312 CENTENORUM
2272 256 2660 319 CENTURIA
2702 262 2801 323 IV.

3346 224 3481 331 1334

194 350 265 401 τὸ
321 344 422 416 τῆς
471 344 689 414 φύσεως
742 347 986 418 παθητὸν
1043 350 1222 424 [unus
1286 353 1413 424 Reg.
1446 354 1784 427 παθητικὸν]

1905 376 2078 430 luam,
2123 368 2232 422 vim
2268 370 2580 442 patibilem)
2613 373 2971 446 expugnavit,
3007 374 3283 447 vigentem
3325 378 3380 433 in
3411 394 3476 437 ea

199 440 644 504 καταπαέλαίσας,
675 440 776 511 τὴν
804 445 863 495 ἐν
884 444 1034 514 αὑτῷ
1071 444 1181 498 τῶν
1215 448 1364 516 παρά
1403 447 1566 516 φύσιν
1599 448 1789 502 παθῶν

204 535 397 605 σχέσιν
426 536 802 606 κατήργησεν.

278 628 368 693 ξδ’.
411 629 604 683 Ἦνίκα
636 631 734 700 μὲν
772 630 839 682 δι’
872 631 1090 701 ἀπάτης
1127 631 1265 703 δόλῳ
1300 632 1491 686 συλῶν
1529 634 1628 705 τὴν
1661 634 1791 705 περὶ

200 718 340 772 Θεὸν
367 719 610 790 ἔμφυτον
645 720 847 788 γνῶσιν
878 721 979 791 τῆς
1003 720 1239 790 φύσεως,
1271 720 1477 791 ταύτην
1500 725 1528 775 ὁ
1553 723 1790 795 πονηρὸς

202 811 288 871 εις
322 809 517 863 ἐαυτὸν
549 812 957 881 σφετερίζεται,
984 810 1227 883 κλέπτης
1259 813 1397 878 ἐστὶ,
1431 814 1567 883 πρὸς
1596 814 1790 867 ἑαυτὸν

201 903 321 956 ἀπὸ
368 904 464 957 τοῦ
512 904 652 957 Θεοῦ
704 903 766 957 τὸ
814 906 979 970 σέϐας
1025 905 1356 978 μεταφέρειν
1405 908 1785 977 πειρώμενος⁹

201 996 440 1064 ἀπάγων
466 996 714 1067 δηλονότι
745 998 854 1050 τῶν
892 999 950 1051 ἐν
979 1000 1091 1063 τοῖς
1119 1001 1369 1068 γεγονόσι
1400 1000 1791 1070 πνευματικῶν

200 1085 403 1174 λόγων,
433 1089 531 1159 τὴν
562 1088 706 1143 κατά
734 1088 858 1142 νοῦν
891 1090 991 1160 τῆς
1024 1091 1203 1162 ψυχῆς
1239 1090 1498 1163 θεωρίαν,
1528 1093 1623 1144 καὶ
1653 1092 1789 1163 μόνῃ

207 1180 571 1250 περιγράφων
600 1181 698 1251 τὴν
733 1181 928 1252 νοεράν
964 1181 1216 1252 δύναμιν,
1253 1185 1321 1253 τῇ
1358 1182 1499 1235 κατά
1542 1182 1638 1253 τὴν
1669 1183 1791 1235 ἐπι..

205 1269 436 1336 κράνειαν
472 1271 735 1342 προσόψει
780 1271 890 1325 τῶν
934 1272 1231 1343 αἰσθητῶν.
1304 1271 1573 1342 Ὀπηνίκα
1600 1272 1656 1324 δὲ
1703 1271 1791 1323 διὰ

201 1362 319 1414 τῶν
342 1362 590 1430 φυσικῶν
611 1364 992 1436 ἀπαρχόμενος
1023 1364 1365 1435 κινημάτων,
1392 1362 1528 1432 πρὸς
1548 1363 1616 1416 τὰ
1644 1361 1791 1431 παρὰ

204 1454 372 1524 φύσιν
395 1456 728 1524 σοφιστικῶς
753 1457 1044 1528 κατασύρῃ
1070 1456 1167 1527 τὴν
1199 1456 1510 1526 πρακτικὴν
1534 1454 1787 1525 δύναμιν,

205 1549 307 1602 καὶ
340 1547 431 1601 διὰ
468 1547 577 1602 τῶν
602 1548 980 1619 νομιζομένων
1016 1549 1197 1602 καλῶν
1246 1550 1359 1611 τοῖς
1390 1547 1599 1619 χείροσι
1630 1545 1793 1600 πιθα-

204 1639 317 1703 νῶς
344 1640 675 1711 προσηλὼσῃ
710 1640 917 1710 ταύτης
943 1639 1041 1711 τὴν
1077 1640 1287 1709 ἔφεσιν,
1323 1642 1417 1696 ἐπὶ
1455 1639 1535 1710 τῷ
1564 1639 1790 1709 ὀνόματι

203 1733 418 1802 Κυρίου
459 1732 651 1803 ὀμνύει
705 1732 936 1803 ψευδῶς,
986 1733 1120 1804 πρὸς
1159 1732 1296 1787 ἄλλα
1327 1734 1457 1804 παρ’
1496 1733 1789 1803 ὑπόσχεσιν
1821 1711 1866 1768 θ

204 1826 363 1896 ἄγων
384 1828 484 1898 τὴν
506 1826 839 1899 πειθομένην
871 1827 1071 1899 ψυχήν.
1111 1830 1223 1882 Καὶ
1251 1828 1369 1881 ἔστι
1395 1826 1637 1898 κλέπτης
1668 1826 1787 1898 μὲν,

205 1918 287 1981 ὼς
335 1918 474 1989 πρὸς
523 1919 716 1972 ἑαυτὸν
769 1919 948 1973 συλῶν
995 1919 1096 1989 τὴν
1154 1919 1359 1988 γνῶσιν
1404 1920 1502 1987 τῆς
1540 1917 1785 1989 φύσεωςο

206 2011 468 2082 ἐπίορκος
500 2011 581 2078 δὲ,
638 2010 716 2075 ὡς
767 2011 829 2065 τὸ
882 2010 1191 2081 πρακτικὸν
1230 2011 1332 2081 τῆς
1375 2010 1557 2082 ψυχῆς
1608 2011 1791 2082 μάτην

206 2099 580 2156 διαπονεῖσθαι
604 2102 808 2156 πείθων
841 2105 954 2166 τοῖς
992 2103 1144 2174 παρὰ
1181 2101 1366 2172 φύσιν.

285 2288 379 2353 εε⁹.
411 2290 483 2342 Ἦ
506 2289 672 2343 πάλιν
698 2289 941 2361 κλέπτης
979 2288 1153 2355 ἐστὶν,
1182 2291 1211 2345 ό
1250 2289 1388 2361 πρὸς
1421 2290 1640 2360 ἀπάτην
1684 2290 1793 2343 τῶν

206 2383 516 2437 ἀκουόντων
559 2384 688 2447 τοὺς
729 2382 907 2446 θείους
961 2382 1126 2451 δῆθεν
1182 2381 1526 2449 ἀσκούμενος
1576 2381 1790 2450 λόγους,

206 2473 287 2531 ὧν
320 2476 419 2530 οὐκ
447 2475 665 2543 ἐπέγνω
697 2475 787 2528 διὰ
831 2474 944 2529 τῶν
994 2473 1175 2543 ἔργων
1227 2472 1328 2545 τὴν
1379 2474 1631 2546 δύναμιν,
1693 2474 1793 2543 τὴν

206 2569 371 2640 ψιλὴν
398 2567 682 2641 προφορὰν
716 2567 875 2637 δόξης
902 2567 1176 2638 ἐμπορίαν
1212 2568 1563 2636 ποιούμενος,
1596 2568 1693 2620 καὶ
1714 2567 1794 2638 τῷ

207 2661 301 2715 διὰ
332 2658 585 2730 γλώσσης
612 2660 757 2731 λόγῳ
783 2658 877 2712 τὸν
915 2659 1009 2712 τοῦ
1039 2658 1253 2723 δίκαιος
1292 2657 1612 2727 νομίζεσθαι
1643 2658 1795 2729 παρά

206 2752 321 2806 τῶν
371 2752 745 2824 ἀκροωμένων
792 2750 1113 2823 θηρώμενος
1158 2749 1400 2803 ἔπαινον.
1443 2748 1554 2803 Καὶ
1608 2747 1795 2811 ἁπλῶς

208 2851 410 2913 εἰπεῖν,
444 2850 473 2902 ὁ
496 2848 575 2919 τῷ
602 2848 748 2919 λόγῳ
781 2848 873 2900 τὸν
906 2845 1019 2916 βίον
1042 2845 1407 2916 ἀνάρμοστον,
1441 2845 1535 2899 καὶ
1562 2848 1628 2917 τῇ
1653 2844 1792 2914 γνὼ-

210 2958 298 2996 σει
348 2941 449 3013 τὴν
509 2940 749 2995 διάθεσιν
795 2939 897 3009 τῆς
937 2938 1118 3010 ψυχῆς
1184 2938 1328 3008 ἔχων
1384 2938 1791 3010 ἀντικειμένην,

208 3033 456 3103 κλέπτης
481 3033 649 3097 ἐστὶν,
683 3033 746 3084 ἐκ
780 3031 889 3085 τῶν
920 3030 1215 3101 ἀλλοτρίων
1266 3029 1492 3098 ἀγαθῶν
1515 3031 1576 3083 οὑ
1610 3030 1796 3092 καλῶς

206 3126 650 3196 διαφαινόμενος.
686 3123 828 3195 Πρὸς
880 3123 940 3176 ὃν
993 3125 1022 3177 ό
1064 3122 1223 3193 λόγος
1263 3124 1493 3186 εἰκότως
1526 3124 1660 3196 ἐρεῖ,
1712 3123 1800 3191 Τῷ

207 3218 283 3273 δὲ
311 3215 640 3287 ἁμαρτωλῷ
672 3210 845 3270 εἷπεν
890 3218 923 3271 ό
954 3214 1120 3281 Θεὸς,
1147 3214 1275 3269 Ἵνα
1324 3214 1384 3268 τί
1421 3214 1506 3268 σὺ
1549 3215 1800 3287 ἐκδιηγῇ

208 3310 288 3366 τὰ
308 3306 669 3377 δικαιώματά
694 3324 833 3377 μου,
864 3308 958 3361 καί
979 3304 1423 3377 ἀνωρὶαμϐάνεις
1451 3306 1802 3378 τὴν-,διαθή-

210 3421 337 3472 κην
364 3421 485 3474 μου
509 3402 610 3456 διὰ
640 3402 943 3471 στόματός
975 3416 1127 3467 σου;

286 3496 394 3563 ξς’.
427 3494 683 3563 Κλέπτης
716 3494 981 3558 ὡσαύτως
1014 3495 1153 3560 ἐστὶ,
1183 3494 1279 3548 καὶ
1323 3496 1355 3548 ό
1388 3494 1502 3558 τοῖς
1530 3494 1814 3565 φαινομέ-.

209 3608 328 3654 νοις
362 3589 585 3659 τρόποις
617 3587 709 3643 καὶ
734 3588 912 3659 ἧθεσι,
948 3586 1050 3657 τὴν
1094 3587 1170 3658 μὴ
1210 3587 1551 3658 φαινομένην
1590 3605 1800 3657 συγκα-

210 3683 438 3737 Αύπτων
462 3684 561 3751 τῆς
586 3681 767 3752 ψυχῆς
799 3680 1157 3751 κακουργίαν,
1188 3680 1494 3742 ἐπιεικείας
1522 3679 1801 3749 πλάσματι

212 3776 316 3847 τὴν
336 3776 482 3829 ἔνδον
505 3774 893 3829 ἐπικαλύπτων
911 3772 1173 3826 διάθεσιν·
1203 3771 1300 3825 καὶ
1318 3771 1591 3836 κλέπτων,
1612 3771 1800 3845 ὥσπερ

210 3872 425 3932 ἐκεῖνος
452 3872 518 3939 τῇ
556 3867 809 3939 προφορᾷ
848 3864 958 3917 τῶν
1005 3863 1180 3932 λόγων
1224 3863 1325 3933 τῆς
1379 3863 1656 3932 γνώσεως,
1700 3866 1801 3938 τὴν

209 3962 327 4016 τῶν
383 3961 690 4015 ἀκουόντων
738 3960 1012 4012 διάνοιανθ
1074 3956 1217 4009 οὕτω
1260 3956 1324 4027 δὴ
1365 3956 1461 4010 καὶ
1506 3958 1668 4023 αὐτὸς
1721 3961 1802 4033 τῷ

210 4053 405 4125 τρόπῳ
450 4053 549 4123 τῆς
577 4052 687 4105 τῶν
727 4050 877 4121 ἠθῶν
934 4050 1302 4120 ὑποκρίσεως,
1347 4050 1458 4103 τῶν
1511 4051 1801 4123 θεωμένων

214 4148 317 4219 τὴν
350 4146 628 4218 αἴσθησιν,
668 4145 802 4215 πρὸς
836 4145 895 4198 ὃν
933 4144 1136 4213 ὁμοίως
1177 4147 1480 4215 είρήσεται,
1534 4148 1799 4217 Αἰσχύν-

213 4244 383 4307 θητε,
430 4242 483 4293 οἱ
507 4236 893 4306 ἐνδεδυμένοι
935 4235 1137 4306 ἱμάτια
1178 4237 1508 4304 ἀλλότρια·
1573 4240 1667 4293 καὶ
1718 4240 1799 4305 τὸ,

229 4331 642 4398 Ἀποκαλύψει
691 4329 910 4394 Κύριος
956 4328 1021 4381 τὸ
1079 4328 1291 4397 σχῆμα
1348 4327 1549 4383 αὐτῶν
1604 4330 1675 4383 ἐν
1727 4330 1804 4400 τῇ

1890 458 2287 516 innaturalium
2312 464 2616 520 ali‘ectuum
2650 467 3127 523 necessitudinem
3160 469 3484 541 proﬂigavit

1890 564 1955 604 ac
1983 550 2293 608 libidinem.

1959 647 2045 701 64.
2082 648 2217 704 Cum
2272 666 2372 720 per
2418 668 2665 707 errorem
2696 652 2857 717 dolo,
2913 652 3219 722 ingenitam
3268 662 3485 707 naturae

1891 738 1959 794 de
1979 740 2094 795 Deo
2126 742 2497 812 cognitionem
2537 745 2906 815 depraedando
2934 744 3315 815 nequissimus
3368 745 3480 800 sibi

1892 841 2133 902 arrogat,
2169 832 2259 887 fur
2291 845 2395 900 est,
2439 836 2532 906 qui
2586 836 2682 892 Dei
2738 836 2794 892 in
2852 853 2911 893 se
2943 839 3157 894 cultum
3194 853 3259 893 ac
3302 839 3479 909 maje-

1892 932 2088 978 statem
2113 925 2409 981 transferre
2431 936 2674 998 satagat;
2707 944 2906 998 nempe
2920 922 3290 1000 intelligentis
3311 929 3481 983 animi

1891 1016 2326 1085 speculationem
2366 1019 2435 1072 ab
2466 1019 2813 1089 spiritalibus
2859 1021 2914 1074 in
2942 1021 3101 1091 θοι
3145 1021 3352 1075 creatis
3397 1038 3484 1075 ra-

1895 1109 2141 1165 tionibus
2172 1110 2480 1177 abducens,
2518 1112 2747 1182 solaque
2793 1128 2979 1167 rerum
3016 1113 3073 1166 in
3122 1128 3350 1167 sensum
3395 1128 3486 1166 ca-

1891 1199 2143 1253 dentium
2174 1209 2402 1254 externa
2427 1201 2613 1271 specie
2638 1211 2802 1271 atque
2815 1210 3118 1271 conspectu
3143 1202 3253 1255 vim
3282 1200 3486 1255 mentis

1892 1290 2185 1346 definiens.
2215 1291 2352 1347 Cum
2372 1309 2505 1348 vero
2522 1307 2553 1348 a
2574 1294 2930 1349 naturalibus
2960 1294 3208 1348 motibus
3226 1293 3483 1363 auspica—

1895 1393 1982 1439 tus
2008 1383 2075 1437 ad
2114 1384 2461 1439 innaturales
2491 1384 2688 1456 agendi
2720 1384 2830 1437 vim
2852 1384 3078 1439 fallacia
3108 1384 3374 1446 traxerit,
3420 1397 3487 1436 ac

1894 1491 1993 1545 per
2026 1492 2088 1530 ea
2133 1490 2256 1546 qua:
2284 1477 2430 1531 bona
2482 1477 2908 1547 existimantur,
2949 1476 3225 1547 probabili
3278 1475 3484 1545 specie,

1892 1568 2196 1638 voluptatis
2220 1569 2501 1625 lenocinio
2551 1569 2790 1624 illectum
2831 1568 2952 1637 ejus
2984 1567 3352 1638 cupiditatem
3385 1566 3487 1620 de-

1896 1660 2199 1716 terioribus
2233 1661 2491 1727 aiiixerit,
2522 1662 2579 1716 in
2609 1662 2835 1716 nomine
2876 1660 3097 1716 Domini
3153 1659 3291 1714 falso
3314 1660 3483 1730 iurat,

1901 1751 2010 1805 alio
2042 1767 2208 1822 quam
2251 1751 2535 1822 pollicitus
2573 1750 2753 1807 fuerat
2790 1751 3037 1805 animum
3081 1749 3484 1818 obsequentem

1898 1844 2127 1899 ducens.
2162 1844 2241 1900 Ac
2285 1844 2509 1915 quidem
2555 1844 2646 1899 fur
2685 1853 2810 1909 est,
2859 1859 2967 1914 qua
3015 1844 3230 1898 ratione
3272 1851 3487 1898 natura:

1898 1937 2004 1993 sibi
2037 1939 2412 2010 cognitionem
2443 1938 2587 2008 rapit
2614 1956 2627 1991 :
2660 1939 2921 2010 perjurus
2952 1952 3109 2001 vero,
3142 1952 3253 2006 qua
3286 1935 3484 2007 agendi

1901 2032 2007 2086 vim
2028 2072 2044 2097 ,
2074 2031 2142 2087 iis
2171 2033 2374 2087 l‘rustra
2425 2031 2712 2087 laboribus
2741 2032 2835 2103 qui
2875 2046 2906 2087 a
2931 2039 3126 2087 natura
3156 2030 3485 2092 abhorrent,

1899 2124 2183 2180 suadendo
2218 2123 2447 2180 addicit.

1971 2296 2059 2352 65.
2100 2298 2208 2352 Aut
2228 2297 2535 2353 rursus'l‘ur
2557 2306 2662 2363 est,
2696 2298 2792 2369 qui
2821 2306 2884 2354 ut
2909 2298 3264 2353 auditoribus
3295 2297 3484 2353 fucum

1900 2388 2090 2455 faciat,
2119 2390 2338 2445 divinos
2361 2391 2555 2460 utique
2582 2404 2872 2445 sermones
2905 2390 3059 2456 colit,
3098 2406 3339 2461 quorum
3384 2406 3488 2460 per

1900 2496 2068 2551 opera
2097 2481 2210 2536 vim
2236 2480 2467 2536 minime
2507 2481 2774 2555 agnovit;
2804 2482 3010 2537 nudam
3051 2483 3268 2538 scilicet
3304 2484 3488 2553 prola-

1902 2574 2109 2628 tionem
2143 2573 2197 2627 in
2219 2574 2408 2644 gloria:
2432 2582 2805 2629 mercaturam
2834 2582 3095 2641 vertens;
3124 2588 3188 2629 ac
3207 2589 3486 2637 sermone,

1902 2679 2067 2734 quem
2095 2679 2191 2719 ore
2221 2664 2491 2735 loquitur,
2513 2665 2745 2736 iustitiae
2782 2665 3005 2720 laudem
3036 2664 3107 2720 ab
3138 2664 3490 2721 auditoribus

1901 2754 2424 2826 captans.Atque‘ut
2448 2770 2664 2810 summa
2691 2755 2893 2819 dicam,
2923 2755 3017 2825 qui
3048 2755 3217 2810 vitam
3239 2754 3488 2811 sermoni

1902 2866 1965 2905 ac
1985 2849 2251 2904 doctrina:
2267 2847 2697 2913 dissentaneam,
2724 2847 3008 2917 animique
3026 2847 3284 2903 allectum
3309 2846 3491 2903 scien-

1903 2941 1993 2996 tiae
2014 2940 2419 3007 adversantem,
2434 2940 2623 3005 habet,
2646 2940 2734 2994 l'ur
2755 2951 2861 3005 est,
2884 2956 2949 2995 ex
2973 2940 3171 2996 alienis
3188 2940 3353 2995 bonis
3373 2957 3483 2996 non

1905 3035 2467 3090 beneinclareseens.
2500 3034 2582 3088 Ad
2619 3050 2782 3105 quem
2810 3036 3011 3089 merito
3052 3034 3131 3089 ait
3154 3034 3485 3103 Scriptura:
3568 3026 3571 3029 ’

1902 3125 2175 3180 Peccaton'
2198 3133 2376 3180 autem
2397 3124 2529 3178 dixit
2553 3123 2693 3178 Deus
2720 3141 2738 3180 :
2770 3123 2950 3190 Quare
2976 3133 3033 3178 tu
3067 3141 3292 3179 enarra:
3316 3125 3487 3196 justi-

1903 3219 2004 3273 tias
2060 3235 2227 3284 meas,
2276 3227 2326 3274 et
2377 3220 2601 3275 assumis
2655 3228 3029 3275 testamentum
3098 3236 3275 3274 meum
3302 3236 3397 3291 per
3431 3236 3489 3273 οε

1902 3319 2051 3365 tuum
2083 3310 2169 3364 ἐἳ

1973 3508 2059 3564 66.
2094 3508 2291 3564 Itidem
2316 3507 2406 3565 l‘ur
2438 3516 2544 3575 est,
2586 3505 2680 3578 qui
2708 3516 2937 3564 externa
2961 3502 3151 3562 indole
3174 3515 3340 3575 atque
3368 3519 3486 3557 mo-

1901 3600 2059 3655 ribus
2111 3600 2386 3656 internam
2439 3608 2605 3671 atque
2633 3600 2898 3656 latentem
2944 3597 3281 3653 fraudulenti
3315 3596 3484 3651 animi

1901 3692 2111 3762 obtegit
2132 3691 2471 3761 nequitiam;
2507 3692 2631 3746 ﬁcta
2664 3691 2936 3746 nimirum
2975 3690 3203 3761 pietatis
3254 3703 3320 3743 ac
3368 3703 3488 3743 mo-

1904 3783 2279 3847 destirelarva,
2308 3784 2584 3836 internum
2610 3783 2780 3837 animi
2805 3782 3155 3837 aﬂectionem
3178 3783 3396 3848 celans;
3426 3796 3492 3837 ac

1903 3875 2045 3930 sicut
2070 3874 2179 3938 ille,
2211 3873 2558 3928 eruditorum
2594 3888 2915 3929 sermonum
2956 3874 3290 3943 prolatione,
3324 3873 3487 3926 audi-

1904 3977 2086 4022 torum
2139 3974 2401 4030 mentem,
2453 3965 2533 4021 sic
2585 3975 2642 4021 et
2691 3966 2808 4036 ipse
2859 3966 3221 4020 honestorum
3274 3980 3489 4019 morum

1904 4056 2263 4111 simulatione
2300 4055 2632 4125 virtutisque
2674 4056 2939 4110 ementita
2989 4054 3173 4125 specie
3204 4096 3219 4120 ,
3265 4054 3487 4108 intuen-

1904 4151 2041 4207 tium
2094 4165 2317 4205 sensum
2386 4149 2633 4216 fallerts;
2691 4149 2746 4203 in
2814 4164 2980 4219 quem
3040 4148 3272 4219 perinde
3338 4147 3491 4204 dice-

1906 4254 1995 4300 tur
2026 4262 2039 4298 :
2070 4243 2392 4308 Erubescite,
2415 4243 2506 4313 qui
2528 4242 2814 4295 induimiui
2830 4250 2992 4295 vestes
3009 4240 3217 4294 alienas
3233 4242 3302 4294 '9.
3322 4240 3490 4295 ltem-
3524 4218 3539 4235 ‘

1905 4352 2012 4407 que
2032 4355 2043 4389 :
2064 4336 2319 4389 Dominus
2342 4334 2627 4388 denudabit
2651 4333 2889 4387 habitum
2920 4350 3106 4388 earum
3122 4335 3177 4386 in
3199 4333 3280 4387 die
3302 4331 3400 4385 illa
3419 4331 3485 4385 ³ο.

214 4417 412 4489 ἡμέρᾳ
437 4419 662 4485 ἐκείνῃ.
692 4415 831 4470 Καθ’
859 4417 1097 4485 ἑκάστην
1128 4418 1237 4487 γὰρ
1259 4417 1315 4469 ἐν
1341 4416 1419 4487 τῷ
1450 4418 1679 4491 κρυπτῷ
1704 4424 1794 4492 τῆς

1907 4420 2167 4489 Quotidie
2197 4420 2347 4475 enim
2383 4419 2440 4474 in
2476 4419 2664 4473 abdita
2696 4419 2879 4473 cordis
2901 4418 3138 4483 ollieina,
3171 4418 3287 4473 haae
3313 4416 3380 4471 ad
3403 4432 3487 4471 me

218 4511 450 4584 καρδίας
498 4508 869 4580 ἐργαστηρίῳ,
921 4506 1092 4561 ταῦτά
1134 4524 1224 4578 μοι
1269 4508 1521 4577 λέγοντος
1581 4511 1803 4566 ἀκούειν

216 4603 366 4659 δοκῶ
396 4602 489 4656 τοῦ
527 4599 665 4655 Θεοῦ
699 4600 799 4671 τὴν
832 4601 1065 4673 ἡμέραν,
1098 4600 1175 4666 ὡς
1205 4600 1294 4653 ἐπ’
1327 4601 1531 4673 ἀμφοῖν
1572 4603 1803 4676 διαρρή-

217 4698 321 4769 δην
350 4695 826 4764 κατεγνωσμένος.
1688 4752 1697 4759 ι

295 4787 392 4855 ξς.
422 4788 711 4858 Ἐπίορκός
738 4788 905 4853 ἐστιν,
929 4786 1097 4856 ἦγουν
1128 4785 1345 4855 ὀμνύων
1364 4787 1458 4840 ἐπὶ
1479 4788 1556 4859 τῷ
1580 4789 1803 4862 ὀνόματι

219 4882 434 4955 Κυρίου
472 4882 705 4953 ψευδῶς,
744 4883 772 4935 ὁ
795 4878 1266 4950 ἐπαγγελλόμενος
1294 4880 1371 4951 τῷ
1406 4881 1526 4953 Θεῷ
1556 4883 1648 4937 τὸν
1682 4888 1805 4939 κατ’

220 4973 431 5043 ἀρετὴν
470 4973 606 5045 βίον,
635 4973 730 5027 καὶ
757 4972 1013 5043 ἀλλότρια
1044 4970 1197 5043 παρὰ
1235 4971 1335 5041 τὴν
1369 4972 1663 5044 ὑπόσχεσιν
1707 4977 1808 5046 τῆς

219 5064 433 5129 οἰκείας
468 5062 800 5133 ἐπαγγελίας
832 5061 1191 5134 ἐπιτηδεύων,
1231 5059 1328 5114 καὶ
1377 5060 1477 5132 τὴν
1528 5062 1810 5133 συνθήκην

220 5157 323 5230 τῆς
353 5158 641 5229 ὁμολογίας
674 5157 768 5211 τοῦ
800 5156 1000 5229 σεμνοῦ
1046 5155 1162 5227 βίου
1201 5154 1290 5208 διὰ
1317 5153 1417 5224 τῆς
1458 5154 1661 5226 ἀργίας
1698 5154 1809 5207 τῶν

1902 4514 2224 4583 loquentem
2262 4511 2431 4565 Deum
2473 4510 2617 4564 mihi
2637 4509 2833 4565 audire
2870 4509 3085 4573 videor,
3119 4517 3180 4562 ut
3211 4509 3305 4579 qui
3333 4516 3487 4568 utro~

1903 4622 2011 4677 que
2042 4605 2265 4660 nomine
2290 4602 2580 4673 perspicue
2611 4601 2884 4656 obnoxius
2920 4600 3203 4657 exsistant.

1974 4785 2063 4841 67.
2104 4783 2370 4855 Periurus
2393 4795 2499 4848 est,
2537 4782 2591 4836 id
2622 4791 2729 4849 est,
2762 4780 2900 4837 falso
2930 4783 3121 4852 jnrans
3163 4781 3243 4836 in—
3261 4780 3486 4837 nomine

1901 4877 2141 4944 Domini,
2182 4876 2276 4947 qui
2302 4876 2550 4931 studiose
2580 4891 2757 4945 exque
2786 4875 3011 4931 virtutis
3048 4876 3267 4929 ratione
3311 4874 3484 4927 vitam

1900 4985 1959 5025 se
1986 4970 2371 5024 instituturum
2394 4968 2695 5038 pollicitus,
2721 4969 2899 5023 aliena
2934 4976 3289 5025 consectatur
3303 4966 3373 5021 ab
3398 4965 3487 5022 bis

1901 5079 2024 5133 qum
2071 5062 2223 5117 vovit
2275 5069 2333 5115 et
2376 5060 2657 5131 professus
2709 5071 2835 5127 est;
2878 5060 3171 5131 fmdusque
3221 5059 3491 5129 religiosa:

1901 5170 1964 5209 ac
1990 5152 2283 5209 sanctioris
2316 5152 2461 5218 vitze,
2496 5166 2606 5207 non
2640 5152 2953 5224 praestando
2997 5151 3277 5216 mandata,
3311 5158 3490 5204 trans-

222 5247 457 5303 ἐντολῶν
483 5247 862 5319 παραϐαίνων.
896 5247 1006 5300 Καὶ
1039 5245 1322 5318 συντόμως
1358 5246 1555 5308 εἰπεῖν,
1600 5247 1629 5299 ὁ
1667 5245 1794 5298 κατὲ

1905 5244 2176 5315 greditur.
2218 5244 2421 5315 Atque,
2449 5253 2510 5299 ut
2543 5259 2757 5299 summa
2787 5245 2988 5311 dicam,
3019 5245 3112 5314 qui
3156 5259 3280 5299 cum
3311 5246 3398 5314 pie
3426 5254 3490 5293 ac

290 5429 341 5464 ⁸⁸
376 5430 520 5487 Psal.
549 5431 639 5499 49,
674 5431 759 5485 l6.
834 5432 881 5463 ²⁹
906 5429 1147 5500 Soplton.
1177 5445 1213 5494 ι,
1244 5429 1296 5483 8.
1375 5430 1419 5463 ³ο
1447 5429 1548 5485 lsa.
1594 5445 1671 5494 ιιι,
1706 5428 1790 5482 l7.

223 5628 352 5671 cum
387 5612 724 5670 attendenda
771 5628 927 5669 mens
976 5621 1288 5677 auctorum,
1319 5611 1371 5665 ui
1411 5609 1538 5680 quis
1580 5610 1801 5681 gravius
1839 5622 2028 5668 errare
2092 5610 2253 5679 velit,
2316 5610 2588 5682 docetque
2628 5612 2743 5682 ipse
2792 5607 3059 5664 Maximus
3102 5606 3158 5663 iu
3199 5606 3315 5661 suis
3352 5603 3486 5676 Dog-

233 5685 452 5741 amicis.
