3922 6348
238 151 378 220 1337

914 153 1249 217 CAPITUM
1287 155 1713 228 OUINQUIES
1753 155 2282 216 CENTENORUM
2324 156 2710 217 CENTURIA
2754 158 2846 218 IV.

3372 156 3513 226 1338

228 264 509 335 διακόψαι,
544 263 641 317 καὶ
685 265 956 335 μηδεμίαν
999 265 1196 320 διδόναι
1247 267 1529 320 τοσύνολον
1574 268 1706 338 ὕλης
1749 269 1816 337 τῇ

1941 270 2207 323 -ὶῑγίονριη
2242 270 2293 323 in
2325 285 2387 323 ca
2419 270 2586 324 animi
2616 269 2874 324 allectum
2903 286 2971 325 ac
2996 270 3281 327 libidinem
3308 288 3521 342 ampum

231 357 383 428 ψυχῇ
413 357 713 426 φαντασίαν
748 374 761 387 ·
799 356 1121 429 σϐεσθείσης
1146 358 1247 429 ἤδη
1278 359 1355 429 τῷ
1388 359 1534 429 λόγῳ
1564 359 1665 427 τῆς
1693 358 1815 411 κατ’

232 451 433 522 ἀρχὰς,
464 450 554 503 τὴν
591 449 688 520 μὲν
719 448 878 516 λόγον
912 449 1334 522 παρωσαμένης,
1366 451 1465 522 τὴν
1508 452 1733 521 ἀλογίαν
1759 451 1816 506 δὲ

232 546 335 613 τῆς
366 542 559 613 ἡδονῆς
589 541 763 609 ὄφεως
793 540 951 613 δίκην
984 541 1315 613 ἐρπυστικοῦ
1346 543 1815 614 προσδεξαμένης,

231 635 560 705 αἰσθήσεως,
603 635 726 687 καθ’
763 628 831 706 ἧς
865 634 1076 706 ὡρίσθη
1111 635 1337 700 δικαίως
1374 636 1402 688 6
1444 635 1695 700 θάνατος,
1731 636 1818 689 ἵνα

234 727 520 795 παύσηται
548 724 623 795 τῷ
660 724 896 797 διαϐόλῳ
930 726 1065 798 πρὸς
1105 727 1203 797 τὴν
1244 727 1422 800 ψυχὴν
1463 726 1817 799 παρεχομένη

233 818 339 889 τὴν
369 817 596 871 εἴσοδον.

310 1000 399 1052 (ιδ’.
432 1000 547 1052 Μία
603 999 925 1071 ὑπάρχουσα
975 998 1119 1054 κατά
1178 1001 1241 1055 τὸ
1282 986 1501 1073 γένοςή
1541 1000 1818 1071 αῖσθησις,

233 1090 645 1147 πενταπλοῦται
678 1095 789 1157 τοῖς
820 1091 1009 1157 εἴδεσι,
1037 1093 1128 1148 διὰ
1164 1093 1264 1163 τῆς
1303 1092 1426 1147 καθ’
1454 1093 1685 1148 ἕκαστον
1742 1087 1821 1146 εἷ-

233 1186 328 1248 δος
359 1184 752 1257 ἀντιληπτικῆς
804 1185 1107 1258 ἐνεργείας,
1168 1187 1229 1240 τὸ
1278 1186 1563 1257 προσφυὲς
1626 1184 1820 1257 αἰσθη-

234 1278 354 1337 τὶν,
386 1278 505 1331 ἀντὶ
539 1277 675 1331 Θεοῦ
708 1277 956 1350 στέργειν
978 1279 1076 1350 τὴν
1106 1279 1466 1350 πλανωμένην
1491 1278 1669 1350 ψυχὴν
1690 1278 1823 1333 ἀναο

237 1369 526 1423 πείθουσα.
570 1369 771 1443 Διόπερ
830 1372 858 1424 6
896 1369 973 1441 τῷ
1021 1370 1165 1441 λόγῳ
1198 1370 1376 1440 σοφῶς
1398 1370 1681 1440 ἑπόμενος,
1716 1368 1823 1438 πρὸ

245 1461 344 1514 τοῦ
378 1460 738 1531 βεϐιασμένου
765 1461 858 1514 καὶ
886 1456 959 1513 πα
972 1459 1038 1531 ρὰ
1068 1459 1295 1531 γνώμην
1330 1460 1584 1522 θανάτου,
1609 1460 1699 1512 τὸν
1726 1459 1822 1512 θά-

236 1570 402 1606 νῖτον
427 1552 524 1627 τῆς
560 1552 762 1624 σαρκὸς
788 1552 1053 1615 ἑκουσίως
1076 1551 1541 1621 καταψηφίζεται,
1570 1552 1660 1606 τὸν
1687 1552 1823 1621 πρὸς

1928 367 2062 425 teut,
2081 360 2396 437 nullamque
2418 362 2468 417 ei
2492 378 2719 434 prorsus
2742 375 3091 421 terrenorum
3113 364 3517 434 cogitationem,

1926 452 2279 523 indulgeant;
2330 454 2603 509 exstincto
2645 456 2758 525 jam
2809 472 2909 526 per
2955 456 3228 511 rationem
3276 458 3513 526 ejusque

1925 543 2200 613 potentia,
2231 544 2326 614 qui
2360 545 2522 600 initio
2555 547 2807 602 submota
2843 549 3087 613 ratione,
3114 548 3413 616 voluptatis
3447 564 3514 601 ac

1926 632 2173 688 libidinis
2205 634 2425 689 brutam
2459 635 2805 693 ali‘ectionem
2844 639 3118 708 serpentis
3148 654 3304 693 more
3338 641 3511 708 repti—

1925 723 2015 788 lis,
2044 739 2240 780 sensus
2275 735 2618 797 susceperat;
2659 729 2927 785 adversus
2962 745 3128 799 quem
3167 730 3366 785 merito
3402 731 3517 784 lata

1926 816 2124 871 mortis
2163 818 2460 885 sententia,
2495 834 2608 889 quo
2646 820 2741 876 ille
2776 820 2998 877 diabolo
3020 821 3077 875 in
3118 821 3364 875 animum
3405 821 3514 876 iter

1926 908 2170 976 pandere
2194 908 2432 966 desinat.

2000 998 2085 1052 74.
2129 996 2267 1053 Cum
2314 1014 2511 1056 sensus
2554 1001 2756 1057 unicus
2804 1002 2875 1057 sit
2918 1017 3149 1073 genere,
3184 1002 3515 1074 quintuplex

1926 1097 2011 1144 cst
2032 1090 2240 1160 specie,
2262 1106 2366 1163 pro
2390 1094 2658 1164 cujusque
2684 1094 2886 1165 speciei
2918 1096 3515 1166 perceptione,animaa

1928 1181 2169 1236 seductas
2200 1190 2395 1239 auctor
2420 1185 2714 1251 exsistens,
2746 1195 2809 1241 ut
2839 1186 2938 1244 Dei
2971 1187 3095 1243 loco
3118 1188 3514 1258 amplectatur,

1928 1275 2076 1344 quod
2107 1274 2266 1330 aliine
2293 1292 2355 1331 ac
2384 1279 2726 1335 conveniens
2748 1279 3029 1350 obiectum
3055 1295 3279 1337 sensum
3307 1288 3513 1335 movet.

1928 1365 2138 1422 Idcirco
2182 1367 2275 1437 qui
2324 1368 2625 1438 prudenter
2668 1371 2937 1426 rationem
2988 1371 3187 1427 ducem
3240 1372 3513 1441 sequitur,

1930 1474 1995 1512 an
2006 1458 2368 1527 tcjviolentam
2400 1468 2665 1531 extraque
2682 1463 2851 1516 animi
2876 1465 3232 1530 sententiam,
3257 1474 3515 1529 mortem,

1930 1561 2125 1622 sponte
2156 1568 2377 1609 carnem
2404 1556 2568 1610 morti
2599 1556 2829 1621 addicit,
2855 1557 3101 1612 animum
3130 1573 3161 1613 a
3191 1572 3359 1613 sensu
3387 1574 3516 1627 per-

237 1644 498 1716 αἷσθησιν
546 1646 644 1717 τῆς
708 1644 932 1716 γνώμης
988 1644 1223 1714 παντελῆ
1273 1644 1597 1715 ποιούμενος
1657 1662 1822 1715 χωρι-

1941 1642 2069 1696 "ceto
2094 1642 2329 1698 divortio
2353 1659 2632 1713 separans.

240 1738 401 1807 σμόν.

315 1833 405 1883 σε’.
427 1825 680 1880 Λαόοῦσα
711 1826 801 1880 τδν
831 1825 955 1880 νοῦν
991 1829 1023 1898 ἡ
1052 1827 1315 1899 αἴσθησις
1348 1827 1664 1897 ὑποχείριον
1692 1866 1706 1887 ,
1740 1828 1823 1880 δι-

236 1918 430 1972 δάσκει
462 1918 744 1982 πολύθεον,
778 1918 845 1972 δι’
869 1919 1110 1990 ἑκάστης
1148 1919 1460 1989 αἰσθήσεως
1496 1921 1562 1989 τῇ
1598 1919 1729 1990 περὶ
1758 1919 1825 1973 τά

238 2009 393 2079 πάθη
443 2008 661 2081 δουλείᾳ
701 2010 779 2073 ὡς
809 2008 953 2063 θεῖον
987 2009 1045 2063 τὸ
1069 2010 1345 2081 προσφυὲς
1376 2007 1630 2081 αἰσθητὸν
1659 2008 1823 2081 θερα-

238 2099 506 2155 πεύουσα.

315 2195 418 2253 ος¹.
456 2192 475 2212 ’
523 2189 585 2244 ’0
621 2188 767 2261 μόνῳ
806 2188 884 2261 τῷ
918 2190 1211 2262 γράμματι
1250 2189 1350 2259 τῆς
1384 2189 1609 2262 Γραφῆς
1644 2206 1824 2260 παρα-

240 2282 578 2353 καθήμενος,
616 2283 784 2353 μόνην
829 2282 942 2353 ἔχει
975 2281 1072 2353 τὴν
1108 2281 1362 2354 αἴσθησιν
1393 2280 1700 2352 κρατοῦσαν
1725 2282 1824 2351 τῆς

242 2371 485 2440 φύσεως,
519 2372 643 2426 καθ’
676 2372 743 2444 ἢν
778 2375 811 2444 ἡ
842 2373 983 2443 πρὸς
1011 2372 1111 2443 τὴν
1136 2373 1316 2440 σάρκα
1343 2373 1440 2443 τῆς
1484 2371 1663 2443 ψυχῆς
1705 2370 1828 2441 σχέ-

243 2481 335 2527 σις
360 2465 499 2537 ’μόνη
524 2465 907 2536 διαφαίνεσθαι
938 2464 1172 2534 πέφυκε.
1206 2464 1279 2517 Τὸ
1321 2465 1428 2535 γὰρ
1482 2465 1716 2535 γράμμα
1751 2464 1826 2534 μὴ

241 2553 536 2623 νοούμενον
594 2554 1005 2624 πνευματικῶς,
1039 2554 1227 2625 μόνην
1272 2553 1385 2623 ἔχει
1428 2551 1528 2621 τὴν
1573 2551 1827 2623 αἴσθησιν

242 2643 698 2715 περιγράφουσαν
734 2643 901 2696 αὑτοῦ
928 2642 1026 2715 τὴν
1053 2641 1386 2711 ὲκφώνησιν,
1441 2640 1538 2693 καὶ
1584 2638 1659 2711 μὴ
1699 2656 1829 2709 συγ-

246 2735 540 2809 χωροῦσαν
568 2736 705 2808 πρὸς
724 2737 815 2789 τὸν
838 2736 964 2790 νοῦν
993 2734 1249 2807 διαϐῆναι
1278 2733 1386 2787 τῶν
1420 2732 1828 2803 γεγραμμένων

248 2827 356 2897 τὴν
386 2826 636 2897 δύναμιν.
664 2827 728 2879 Ei
760 2826 816 2879 δὲ
846 2826 986 2896 πρὸς
1022 2825 1188 2896 μόνην
1225 2822 1324 2893 τὴν
1357 2822 1611 2894 αἴσθησιν
1635 2822 1746 2894 ἔχει
1769 2822 1829 2876 1:6

244 2918 486 2990 γράμμα
510 2917 608 2989 τὴν
632 2918 963 2989 οἰκειότητα,
996 2918 1105 2980 πᾶς
1138 2919 1165 2970 6
1190 2916 1314 2969 καθ’
1356 2915 1602 2988 ἱστορίαν
1654 2915 1825 2987 μόνην

255 3008 571 3072 Ἰουδαϊκῶς
597 3008 658 3061 τὸ
702 3010 940 3079 γράμμα
976 3008 1284 3079 δεχόμενος,
1322 3007 1463 3062 κατά
1512 3007 1691 3077 σάρκα
1737 3007 1828 3077 ζῇ,
1858 2990 1900 3047 C

244 3103 351 3171 τῆς
396 3094 672 3171 ἁμαρτίας
721 3100 843 3153 καθ’
874 3099 1113 3171 ἑκάστην
1158 3100 1374 3170 ἡμέραν
1405 3099 1494 3154 διὰ
1524 3099 1623 3171 τὴν
1651 3098 1831 3164 ζῶσαν

247 3194 507 3263 αἴσθησιν
554 3191 849 3263 γνωμικῶς
892 3191 1255 3264 ἀποθνήσκων
1294 3192 1387 3245 τὸν
1441 3191 1697 3260 θάνατον,
1757 3192 1833 3264 μὴ

248 3286 553 3354 δυνάμενος
579 3281 847 3353 πνεύματι
874 3283 975 3346 τάς
1013 3282 1240 3354 πράξεις
1265 3282 1578 3337 θανατῶσαι
1606 3282 1702 3337 τοῦ
1727 3282 1834 3337 σώ-

257 3392 451 3449 ματος,
495 3375 583 3428 ἵνα
633 3373 696 3446 ζῇ
733 3374 831 3444 τὴν
882 3375 939 3425 ἐν
987 3374 1260 3445 πνεύματι
1323 3374 1605 3446 μακαρίαν
1665 3374 1832 3447 ζωήν.

256 3471 328 3523 El
358 3467 467 3536 γὰρ
501 3467 653 3520 κατὰ
695 3464 895 3533 σάρκα
923 3463 1076 3533 ζῆτε,
1102 3465 1359 3535 μέλλετε
1395 3466 1833 3534 ἀποθνήσκειν,

253 3559 423 3631 φησιν
473 3559 501 3610 6
557 3559 700 3622 θεῖος
751 3559 1110 3621 Ἀπόστολος·
1152 3560 1206 3611 εὶ
1253 3558 1324 3611 δὲ
1376 3561 1675 3628 πνεύματι
1728 3559 1837 3625 τὰς

252 3652 502 3720 πράξεις
531 3652 637 3705 τοῦ
663 3650 940 3720 σώματος
972 3649 1300 3705 θανατοῦτε
1329 3690 1344 3714 ,
1373 3649 1649 3715 ζήσεσθε.

332 3743 427 3807 0;".
460 3743 550 3814 Μὴ
578 3742 754 3796 τοίνυν
782 3743 872 3796 τὸν
894 3743 1038 3796 θεῖον
1083 3741 1300 3813 λύχνον,
1324 3742 1491 3813 ἤγουν
1544 3742 1636 3795 τὸν
1669 3759 1838 3810 φωτι-

254 3835 446 3890 στικδν
496 3835 598 3905 τῆς
649 3833 905 3904 γνώσεως
932 3834 1089 3903 λόγον
1116 3835 1454 3899 ἀνάπτοντες
1479 3835 1569 3889 διὰ
1600 3834 1837 3905 θεωρίας

254 3929 356 3986 καὶ
387 3927 658 3998 πράξεως,
682 3926 788 3980 ὑπὸ
818 3926 908 3980 τὸν
941 3926 1122 3997 μόδιον
1144 3926 1423 3997 θήσωμεν,
1453 3926 1541 3979 ἵνα
1567 3925 1643 3997 μὴ
1671 3943 1840 3980 κατα-

254 4020 540 4093 κριθῶμεν
575 4019 651 4082 ὠς
684 4020 1118 4090 περιγράφοντες
1169 4018 1247 4088 τῷ
1281 4018 1572 4089 γράμματι
1606 4016 1706 4090 τὴν
1738 4017 1841 4087 τῆς

257 4112 456 4183 σοφίας
490 4110 865 4181 ἀπερίληπτον
886 4108 1115 4180 δύναμιν
1142 4126 1156 4139 ·
1183 4109 1299 4163 ἀλλ’
1335 4110 1427 4162 ἐπὶ
1456 4110 1555 4180 τὴν
1578 4108 1802 4178 λυχνίαν
1824 4149 1839 4169 ,

254 4207 403 4273 λέγω
422 4204 518 4276 τὴν
541 4204 702 4272 ἁγίαν
733 4202 1084 4272 Ἐκκλησίαν,
1118 4203 1176 4255 ὲν
1206 4201 1285 4273 τῷ
1311 4200 1437 4271 ὕψει
1470 4201 1572 4271 τῆς
1604 4200 1840 4272 ἀληθοῦς

2004 1820 2089 1874 75.
2114 1819 2349 1874 Addicto
2374 1836 2573 1875 sensus
2601 1821 2787 1877 animo
2813 1822 3032 1891 sibique
3061 1822 3373 1893 subjugato,
3396 1823 3524 1892 plu-

1932 1910 2077 1964 rium
2117 1927 2245 1966 eum
2286 1911 2517 1966 deorum
2559 1912 2900 1982 impietatem
2939 1913 3118 1979 docet,
3151 1913 3284 1968 dum
3325 1928 3522 1969 sensus

1931 2001 2199 2073 cujusque
2229 2018 2395 2073 opera
2426 2002 2719 2058 serviendo
2746 2003 3055 2072 affectibus,
3082 2003 3231 2074 quod
3260 2012 3521 2075 agnatum

1930 2093 2132 2148 sensile
2158 2102 2245 2149 cst
2266 2096 2421 2149 velut
2444 2095 2561 2150 fere
2586 2096 2802 2152 Numen
2828 2097 2981 2152 colit.

2005 2186 2091 2242 76.
2118 2186 2222 2253 Qui
2255 2187 2310 2241 in
2341 2188 2456 2242 sola
2488 2187 2790 2258 Scriptum
2815 2190 3000 2244 littera
3028 2188 3375 2256 immoratur,
3397 2204 3522 2245 sen-

1931 2296 2054 2336 sum
2088 2281 2357 2337 duntaxat
2384 2290 2595 2344 naturaa
2625 2281 3003 2336 dominantem
3037 2281 3226 2346 habet,
3257 2297 3370 2351 quo
3404 2281 3523 2339 sola

1931 2371 2101 2427 animi
2131 2371 2199 2425 ad
2224 2386 2447 2425 carnem
2474 2370 2694 2425 all‘eetio
2724 2380 2891 2442 atque
2915 2373 3091 2427 libido
3114 2373 3336 2428 elucere
3359 2374 3523 2429 solet-

1932 2462 2142 2517 Littera
2188 2462 2337 2517 enim
2360 2503 2377 2528 ,
2411 2461 2519 2516 nisi
2568 2462 2898 2533 spiritaliter
2942 2463 3310 2535 intelligatur,
3345 2464 3523 2521 solum

1933 2570 2189 2620 sensum,
2223 2554 2373 2609 illius
2414 2554 2963 2611 circumscribentem
3000 2556 3393 2626 prolationem,
3420 2556 3523 2610 ba-

1933 2645 2046 2711 bet,
2076 2661 2180 2701 nec
2212 2646 2487 2702 sinentcm
2520 2661 2715 2702 eorum
2745 2662 2870 2717 quae
2899 2648 3104 2716 scripta
3137 2656 3285 2713 sunt,
3312 2647 3425 2702 vim
3454 2646 3526 2702 ad

1934 2737 2180 2795 animum
2218 2739 2475 2794 transire.
2507 2737 2795 2808 Siquidem
2829 2737 3209 2809 igiturlittera
3246 2753 3374 2793 eum
3408 2738 3527 2793 solo

1934 2847 2102 2888 sensu
2126 2832 2598 2887 necessitudinem
2628 2831 2817 2898 habet,
2838 2830 3096 2902 quisquis
3121 2846 3190 2886 ex
3210 2831 3327 2887 sola
3351 2830 3529 2885 histo-

1937 2923 2033 2979 riae
2067 2923 2283 2979 ratione
2315 2921 2544 2979 Judaice
2578 2922 2821 2979 litteram
2853 2921 3087 2992 accipit,
3118 2936 3188 2977 ex
3222 2920 3404 2977 carnis
3436 2936 3529 2975 ra-

1935 3014 2088 3069 tione
2120 3013 2288 3081 vivit,
2315 3014 2410 3085 qui
2444 3014 2657 3084 peccati
2692 3013 2945 3085 quotidie
2979 3021 3187 3081 morte,
3213 3014 3438 3069 vivente
3470 3011 3532 3068 in

1933 3120 2003 3162 eo
2027 3115 2192 3176 atque
2210 3105 2431 3177 vigente
2459 3121 2648 3173 sensu,
2673 3106 2862 3161 animo
2885 3106 3181 3172 moriatur;
3206 3121 3318 3163 non
3340 3105 3533 3162 valens

1933 3199 2149 3255 scilicet
2169 3209 2328 3257 actus
2350 3199 2609 3270 corporis
2624 3199 2825 3270 spiritu
2849 3198 3209 3265 mortiﬁcare,
3232 3206 3294 3254 ut
3311 3199 3531 3254 beatam

1935 3288 1992 3343 in
2017 3289 2216 3359 spiritu
2240 3290 2411 3345 vitam
2434 3289 2584 3344 vivat
2613 3309 2627 3343 :
2656 3288 2715 3345 Si
2744 3291 2886 3345 enim
2907 3290 3196 3345 secundum
3218 3287 3386 3360 σοι
3410 3303 3534 3343 car-

1934 3396 2055 3435 nem
2084 3381 2339 3447 vixerim,
2369 3380 2550 3451 inquit
2578 3380 2801 3437 divinus
2828 3381 3146 3451 Apostolus,
3168 3380 3477 3435 moriemini
3507 3395 3531 3436 :

1932 3469 1978 3522 si
2012 3476 2191 3523 autem
2221 3471 2413 3538 spiritu
2447 3478 2595 3525 actus
2627 3472 2863 3542 corporis
2896 3469 3366 3539 mortiﬁcaueritis,
3387 3471 3531 3525 viue-

1935 3561 2001 3614 tis
2028 3559 2097 3615 ⁸⁸.

2008 3734 2096 3787 77.
2117 3731 2200 3787 Ne
2227 3731 2393 3803 igitur
2417 3730 2660 3784 divinam
2690 3732 2977 3786 lucernam
3002 3731 3394 3803 (illustrantem
3420 3730 3530 3786 sci-

1934 3822 2065 3878 licet
2091 3821 2340 3878 scientiae
2369 3820 2701 3890 sermonem)
2730 3822 3216 3892 contemplationis
3241 3821 3527 3891 diligentia

1936 3931 2001 3970 ac
2039 3914 2278 3971 actionis
2314 3913 2705 3981 acccndentes,
2743 3914 2848 3970 sub
2888 3914 3075 3971 modio
3114 3929 3405 3984 ponamus,
3434 3929 3526 3980 ne,

1936 4006 2091 4060 velut
2139 4006 2234 4078 qui
2282 4004 2567 4075 sapientiae
2609 4004 2722 4059 vim
2774 4004 3292 4075 incomprehensam
3341 4003 3528 4059 littera

1938 4100 2499 4167 circumscribamus,
2533 4097 2906 4154 damnationis
2938 4099 3021 4154 rei
3054 4097 3392 4165 habeamur;
3430 4098 3528 4157 sed

1939 4210 2111 4266 super
2150 4190 2571 4258 candelabrum,
2607 4200 2853 4247 sanctam
2896 4191 3157 4246 nimirum
3204 4191 3528 4257 Ecclesiam,

256 4298 517 4370 θεωρίας,
543 4297 679 4350 πᾶσι
720 4294 783 4348 τὸ
812 4294 928 4364 φῶς
955 4297 1064 4350 τῶν
1094 4294 1257 4349 θείων
1287 4294 1572 4365 δογμάτων
1597 4289 1830 4363 πυρσεύ-

1945 4286 2003 4340 in
2040 4286 2189 4340 celso
2224 4298 2370 4339 vera:
2409 4284 2900 4354 contemplationis
2934 4283 3183 4355 fastigio,
3214 4284 3529 4341 divinorum

254 4410 319 4447 Ου
330 4407 444 4448 παν.

332 4569 433 4643 οη’.
473 4570 532 4624 Ὀ
582 4569 683 4632 τάς
724 4565 1036 4640 προσϐολὰς
1063 4564 1173 4619 τῶν
1212 4565 1485 4620 ἀκουσίων
1520 4566 1848 4638 πειρασμῶν

256 4663 401 4718 κατά
422 4662 509 4715 τὸν
536 4660 805 4731 μακάριον
836 4657 956 4711 Ἰὼϐ
986 4657 1227 4720 καὶτοὺς
1253 4657 1538 4726 γενναίους
1560 4658 1847 4730 μάρτυρας

258 4751 642 4819 ἁκατασείστῳ
695 4750 879 4820 φέρων
939 4746 1017 4819 τῷ
1060 4751 1417 4823 φρονήματι,
1463 4747 1655 4819 λύχνος
1700 4750 1846 4802 ἐστὶν

264 4842 508 4913 ἰσχυρὸς,
549 4840 960 4895 ἀκατάσὸεστον
982 4841 1078 4894 καὶ
1107 4839 1271 4903 αὐτὸς
1316 4838 1601 4908 φυλάττων
1629 4838 1691 4890 τὸ
1726 4838 1845 4906 φῶς

259 4935 366 5003 τῆς
398 4933 691 5004 σωτηρίας,
726 4935 785 4987 ἐν
812 4933 894 5003 τῷ
920 4933 1107 5004 τρόπῳ
1147 4934 1248 5002 τῆς
1276 4931 1426 4984 κατὰ
1470 4931 1572 5001 τὴν
1621 4930 1847 5001 ἀνδρίαν

261 5025 550 5096 ὑπομονῆς
600 5026 1026 5096 φυλαττόμενον,
1048 5024 1125 5088 ὡς
1168 5022 1261 5078 τὸν
1292 5022 1497 5096 Κύριον
1526 5024 1682 5094 ἰσχὺν
1706 5023 1846 5092 ἔχων

262 5118 364 5176 καὶ
398 5117 652 5191 ἦμνησιν.
688 5119 747 5172 '0
777 5119 833 5173 δὲ
867 5117 1152 5186 γινώσκων
1176 5114 1272 5170 τοῦ
1305 5113 1546 5186 πονηροῦ
1568 5115 1638 5168 τὰ
1667 5130 1845 5184 μηχα-

257 5209 508 5280 νήματα,
534 5209 629 5262 καὶ
671 5208 769 5271 τὰς
826 5208 1148 5278 συμπλοκὰς
1192 5205 1300 5260 τῶν
1343 5205 1567 5276 ἀφανῶν
1587 5204 1840 5275 πολέμων

261 5301 369 5357 οὐκ
397 5300 628 5370 ἀγνοῶν,
654 5300 749 5355 καὶ
771 5294 927 5364 οὗτος
951 5299 1030 5370 τῷ
1075 5300 1216 5369 φωτὶ⁸
1258 5300 1361 5371 τῆς
1390 5297 1648 5368 γνώσεως
1683 5314 1839 5371 περι·-

1946 4379 2129 4433 lucem
2160 4376 2515 4433 decretorum
2548 4376 2723 4432 instar
2752 4376 2912 4432 l‘actis
2946 4376 3165 4433 cunctis
3195 4376 3355 4447 longe
3387 4391 3531 4446 prae-

1939 4469 2213 4525 ferentem
2236 4468 2304 4522 “.

2013 4562 2100 4617 78.
2135 4558 2240 4627 Qui
2282 4558 2780 4615 involuntariarum
2828 4557 3197 4613 tentationum
3241 4557 3527 4621 incursus,

1940 4652 2088 4708 haud
2141 4666 2305 4707 secus
2355 4665 2422 4706 ac
2473 4650 2832 4705 beatissimus
2873 4647 2979 4703 Job
3031 4663 3099 4703 ac
3157 4646 3532 4703 strenuissimi

1941 4751 2243 4816 martyres,
2274 4742 2607 4797 inconcusso
2640 4739 2852 4810 perfert
2881 4738 3098 4803 animo,
3126 4738 3355 4793 lucerna
3389 4751 3532 4806 pm-

1944 4845 2142 4906 potens
2170 4841 2276 4901 est,
2299 4834 2396 4905 qui
2420 4846 2479 4889 et
2504 4833 2622 4904 ipse
2652 4833 3045 4887 inexstinctum
3071 4839 3365 4885 conservet
3388 4827 3535 4889 salu-

1944 4929 2016 4985 tis
2045 4928 2269 4993 lumen,
2301 4924 2450 4996 quod
2484 4925 2541 4979 in
2571 4924 2754 4979 virilis
2785 4922 3069 4994 patientiae
3106 4920 3270 4976 modo
3304 4934 3533 4975 conserv

1941 5032 2136 5088 vatur;
2166 5020 2322 5076 velut
2349 5017 2566 5075 scilicet
2593 5017 2893 5072 Dominum
2928 5014 3103 5070 robur
3135 5021 3334 5068 nactus
3364 5018 3532 5081 atque

1944 5115 2220 5172 canticum
2241 5113 2308 5168 ⁸⁸.
2333 5112 2438 5181 Qui
2466 5119 2654 5168 autem
2678 5109 3005 5182 nequissimi
3034 5117 3185 5165 artes
3213 5116 3532 5179 perspectas

1948 5207 2145 5273 habet,
2177 5223 2282 5263 nec
2315 5205 2676 5261 invisibilinm
2710 5204 3025 5275 praeliorum
3059 5215 3392 5272 congressus
3426 5214 3528 5254 ne-

1944 5298 2081 5365 scit;
2116 5298 2209 5354 bic
2232 5312 2451 5369 quoque
2479 5296 2724 5352 scientia:
2748 5296 2871 5350 luce
2900 5294 3274 5359 collustratus,
3298 5291 3529 5347 lucerna

344 5439 389 5475 ⁸³
418 5440 578 5496 Rom.
604 5459 718 5505 VIII,
752 5443 836 5497 15.
913 5440 957 5473 ³⁸
982 5443 1172 5498 Matth.
1202 5460 1255 5509 v,
1285 5442 1370 5497 15.
1448 5441 1492 5473 ³³
1519 5439 1567 5495 ιι
1591 5438 1724 5510 Reg.
1753 5454 1830 5494 τε]

1941 5439 1972 5505 Ξ,
2005 5438 2072 5505 5;
2114 5437 2319 5496 Jcrem.
2354 5453 2463 5503 ιη,
2503 5434 2602 5502 19;
2636 5433 2778 5491 Psal.
2810 5447 2932 5498 Lxx,
2958 5430 3011 5500 6,
3045 5432 3097 5486 7.

346 5558 365 5577 ‘
399 5556 645 5612 Thalass.
676 5572 730 5625 q.
760 5555 846 5610 65.
