3922 6348
423 250 560 324 1339

421 482 601 538 quens
625 483 640 521 :
666 466 785 522 Non
812 465 952 517 enim
981 463 1291 532 ignoramus
1319 463 1656 532 cogitationes
1689 463 1804 534 ejus
1826 463 1891 516 “.

498 643 588 698 79.
635 640 733 695 liis
779 639 1003 709 quidem
1055 637 1151 707 qui
1205 635 1356 706 digni
1411 636 1678 690 virtutum
1733 633 2004 690 munditia

1604 258 1666 318 S.
1706 255 1992 318 MAXIMI
2024 253 2534 319 CONFESSORIS

419 374 530 432 alia
563 373 783 438 claruit,
815 369 935 442 pari
973 369 1085 424 tero
1124 383 1324 439 magno
1360 367 1625 438 Apostolo
1663 369 1877 425 ratione
1918 371 2001 424 lo-
2033 379 2051 432 Α

2160 371 2456 441 ιμπόμενος
2486 412 2501 436 ,
2550 367 2708 432 ἄλλος
2772 367 2982 440 πέφηνε
3051 365 3245 436 λύχνος

3570 229 3712 299 1313

3263 407 3281 432 .
3333 363 3415 436 τῷ
3479 361 3713 435 μεγάλη⁵

2117 461 2426 531 ’Δποστόλῳ
2453 459 2846 532 προσηκόντως
2875 459 3271 530 φθεγγόμενος,
3307 460 3397 512 Οὐ
3449 459 3573 527 τὰρ
3602 460 3712 511 αἰε-

2102 551 2206 606 τοῦ
2237 553 2308 606 τὰ
2333 551 2606 621 νοήματα
2629 550 2990 620 ἀγνοοῦμεν.

2177 643 2276 696 σθ’.
2310 642 2422 713 Τὴν
2455 641 2554 713 μὲν
2584 641 2856 710 κάθαρσιν
2901 645 3015 705 τοῖς
3044 641 3217 708 ἀξίοις
3259 640 3362 710 τῆς
3410 639 3530 692 τῶν
3583 639 3711 707 ἁρε-

430 740 590 794 sunt,
624 729 888 799 Spiritus,
917 735 1140 782 sanctus
1171 741 1269 795 per
1303 724 1556 779 timerem
1581 734 1636 779 et
1663 727 1923 796 pietatem
1951 734 2008 781 et

2160 735 2216 787 ὒν
2249 733 2643 805 καθαρότητος,
2681 733 2769 788 διὰ
2804 733 2971 804 φόϐου
2997 734 3092 786 καὶ
3122 731 3415 796 εὐσεϐείας
3449 732 3556 784 καὶ
3578 731 3713 798 γνὼ-

431 822 740 884 scientiam,
787 817 1236 873 emundationem
1279 816 1508 885 praebet.
1544 815 1640 871 His
1683 824 1867 871 autem
1914 817 2010 886 qui

432 913 582 984 digni
612 913 734 967 lucc
763 921 913 976 sunt,
939 909 1344 964 noscendarum
1373 910 1798 968 illustrationem
1825 926 2010 965 rerum

434 1003 737 1058 secundum
771 1017 865 1056 eas
895 1000 1098 1070 quibus
1129 1001 1400 1055 exsistunt
1432 1002 1691 1066 rationes,
1723 1017 1822 1071 per
1854 1001 2014 1058 foru-

437 1096 686 1153 tudinem
727 1104 784 1152 et
819 1094 1114 1150 consilium
1159 1103 1215 1149 et
1255 1093 1668 1164 intelligentiam
1719 1094 1904 1149 donat.
1945 1095 2018 1149 lis

437 1187 678 1255 denique
712 1184 810 1255 qui
849 1183 1000 1255 digni
1039 1191 1168 1237 sunt
1205 1183 1572 1247 deiﬁcatione,
1609 1199 1708 1253 per
1741 1184 2018 1238 lucidissi-

440 1291 584 1331 mam
612 1276 1028 1345 simplicemque
1051 1290 1114 1328 ac
1141 1274 1360 1328 totalem
1387 1274 1707 1343 sapientiam
1732 1274 2023 1344 perfectio-

381 1409 392 1414 α
441 1383 568 1422 nem
611 1368 862 1437 largitur,
888 1367 959 1420 ad
1003 1382 1192 1421 rerum
1233 1380 1331 1420 eos
1365 1367 1663 1420 Auctorem
1708 1365 2023 1421 immediate

442 1461 594 1514 omni
633 1458 818 1524 modo,
851 1459 1032 1527 quoad
1072 1457 1283 1512 homini
1325 1472 1648 1512 concessum
1686 1467 1789 1522 est,
1822 1457 2024 1511 subve-

445 1551 614 1617 hens;
649 1550 743 1620 qui
779 1565 848 1604 ex
886 1549 1018 1604 solis
1056 1549 1262 1604 divinis
1300 1548 1564 1604 bonitatis
1599 1549 2028 1620 proprietatibus

2114 840 2251 888 σεως
2277 827 2511 877 ποιεῖται
2543 823 2604 878 τὸ
2623 825 2849 893 Πνεῦμα
2873 823 2934 876 rb
2974 825 3129 891 ᾶγιον
3163 839 3176 852 ·
3205 822 3298 876 τδν
3326 822 3388 874 δὲ
3422 821 3714 890 φωτισμὸν

2113 914 2210 984 τῆς
2236 915 2346 967 τῶν
2377 913 2547 967 ὄντων
2583 914 2705 967 καθ’
2725 901 2828 978 οὓς
2864 915 3171 985 ὑπάρχουσι
3196 913 3398 981 λόγους
3429 911 3712 980 γνώσεως,

2115 1004 2181 1056 δι’
2211 1002 2391 1073 ἰσχύος
2433 1003 2527 1056 καὶ
2573 1001 2768 1073 βουλῆς
2817 1003 2914 1056 καὶ
2975 1001 3244 1064 συνέσεως
3289 1003 3567 1074 δωρεῖται
3609 1002 3716 1061 τοὶς

2118 1094 2290 1160 ἀξίοις
2320 1093 2495 1161 φωτός
2532 1109 2546 1122 ·
2574 1095 2676 1164 τὴν
2705 1093 2764 1146 δὲ
2789 1093 3127 1163 τελειότητα,
3157 1093 3246 1147 διὰ
3271 1095 3377 1164 τῆς
3410 1090 3720 1160 παμφαοῦς

2120 1186 2214 1238 καὶ
2263 1183 2439 1254 ἁπλῆς
2492 1182 2589 1236 καὶ
2627 1183 2953 1254 ὁλοσχεροῦς
3000 1185 3193 1253 σοφίας
3253 1183 3564 1260 χαρίζεται
3613 1184 3723 1241 τνλῖς

2122 1275 2293 1340 ἀξίοις
2311 1273 2582 1339 θεώσεως,
2621 1274 2757 1344 πρὸς
2782 1275 2883 1344 τὴν
2911 1275 3021 1327 τῶν
3052 1275 3223 1328 όντων
3256 1273 3464 1334 αἰτίαν,
3491 1273 3725 1342 ἀμέσως

2123 1367 2320 1429 αὖτοὺς
2345 1366 2544 1434 ἀνάγον
2576 1366 2718 1419 κατὰ
2745 1367 2925 1420 πάντα
2957 1366 3177 1438 τρόπον,
3213 1365 3290 1430 ὡς
3328 1365 3482 1418 ἔστι-ο
3515 1364 3724 1434 ἀνθρώ

2125 1474 2213 1526 πῳ
2265 1455 2506 1522 δυνατὸν,
2547 1458 2613 1510 ὲκ
2662 1457 2840 1527 μόνων
2882 1458 2990 1510 τῶν
3031 1456 3190 1511 θείων
3226 1456 3327 1525 τῆς
3371 1457 3725 1525 ἀγαθότητος

2129 1548 2434 1616 ἰδιωμάτων
2488 1547 2960 1620 γνωριζομένους,
2997 1549 3114 1604 καθ’
3172 1549 3239 1620 ἦν
3292 1550 3357 1602 ἐκ
3412 1547 3561 1601 Θεοῦ
3629 1547 3736 1616 μὲν

445 1652 747 1698 noscantur
773 1658 786 1694 :
817 1655 933 1712 qua
954 1640 1218 1694 nimirum
1247 1653 1307 1696 se
1332 1656 1401 1696 ex
1429 1640 1541 1694 Deo
1567 1655 1743 1709 exque
1768 1655 1830 1694 se
1852 1640 2024 1694 Deum

2160 1643 2375 1706 αυτοὺς,
2410 1641 2468 1709 ἐξ
2510 1642 2720 1696 ἑαυτῶν
2771 1642 2828 1696 δὲ
2872 1643 3233 1711 γινώσκοντες
3285 1643 3380 1698 τὸν
3416 1641 3594 1704 Θεὸν,
3629 1641 3728 1694 οὐκ

448 1734 555 1804 ipsi
588 1743 1005 1804 cognoscentes,
1034 1732 1188 1786 nullo
1233 1731 1512 1786 dividente
1545 1729 1729 1785 medio
1765 1746 1830 1785 ac
1861 1731 2032 1785 inter-

2160 1751 2287 1797 ιντος
2314 1733 2460 1796 τινὸς
2495 1735 2660 1804 μέσου
2683 1735 3105 1806 διατειχίζοντος
3132 1752 3146 1766 ·
3181 1736 3379 1804 σοφίας
3409 1734 3528 1806 γὰρ
3566 1735 3731 1803 μέσον

448 1825 707 1881 eludente
747 1825 979 1895 (nullum
1015 1825 1164 1879 enim
1209 1823 1535 1892 sapientiam
1574 1823 1716 1878 inter
1755 1839 1820 1879 ac
1855 1823 2028 1878 Deum

452 1916 747 1988 medium),
773 1916 943 1972 nullis
960 1916 1252 1970 obnoxiam
1280 1914 1638 1970 varietatibus
1671 1915 2031 1970 immutabili-

452 2018 623 2064 tatem
651 2007 959 2073 habebunt;
991 2006 1206 2061 cunctis
1233 2006 1448 2062 scilicet
1472 2007 1671 2062 mediis
1702 2023 1767 2062 ex
1802 2017 1917 2063 toto
1951 2008 2032 2062 eis

453 2099 764 2168 superatis,
804 2099 861 2153 in
895 2097 1098 2168 quibus
1136 2103 1198 2151 ut
1235 2097 1290 2150 in
1328 2097 1576 2162 scientia,
1605 2114 1674 2152 ne
1702 2097 2034 2167 quandoque

455 2207 616 2246 error
651 2191 960 2259 obreperet,
996 2188 1303 2258 periculum
1348 2187 1458 2243 illis
1492 2188 1831 2243 vertebatur.
1866 2189 2039 2242 Porro

457 2281 638 2338 media
661 2290 840 2347 vocat,
866 2295 1052 2334 rerum
1078 2296 1200 2349 qua:
1230 2279 1696 2359 intelligunturac
1725 2293 1851 2349 quae
1873 2295 2036 2335 sensu

2133 1825 2286 1879 οὐδὲν
2317 1824 2451 1896 πρὸς
2475 1825 2630 1880 Ειιεόν⁹
2667 1828 2768 1899 τὴν
2797 1827 3398 1894 ἀναλλοίωτονέξουσιν
3428 1825 3729 1897 ἀτρεψίαν,

2135 1914 2245 1967 τῶν
2305 1916 2484 1984 μέσων
2523 1916 2706 1981 αὐτοῖς
2747 1917 2946 1982 όλικῶς
2982 1919 3202 1974 πάντων
3239 1915 3651 1980 διαϐαθέντιιιν,
3677 1919 3735 1968 ὲν

2137 2001 2219 2070 οἷς
2248 2007 2496 2079 ὑπῆρχεν
2526 2011 2555 2063 ό
2592 2011 2719 2080 περῖ
2742 2011 2842 2082 τὴν
2867 2011 3070 2080 γνῶσίν
3102 2029 3231 2064 ποτε
3260 2011 3355 2064 τοῦ
3386 2008 3733 2078 σφάλλεσθαι

2141 2095 2402 2178 κίνδυνος.
2438 2100 2594 2153 Μέσα
2633 2099 2691 2154 δὲ
2729 2101 2906 2168 καλεῖ,
2942 2103 3042 2172 τὴν
3082 2102 3192 2155 τῶν
3225 2102 3445 2171 νοητῶν
3482 2102 3586 2154 καὶ
3629 2099 3735 2152 τῶν

2139 2187 2412 2259 αἰσθητῶν
2438 2190 2645 2258 οὐσίαν,
2669 2192 2735 2245 δι’
2758 2186 2834 2247 ὧν
2851 2194 2989 2264 πρὸς
3018 2193 3151 2247 Θεὸν
3172 2194 3247 2257 ὼς
3282 2193 3475 2248 αἰτίαν
3504 2192 3620 2246 τῶν
3640 2193 3727 2244 ιν-

2139 2296 2271 2344 των,
2305 2282 2334 2334 ὁ
2363 2281 2702 2352 ἀνθρώπινος
2737 2287 2862 2350 νοῦς
2903 2284 3202 2354 ἀνάγεσθαι
3237 2285 3486 2354 πέιρυκε.

459 2373 848 2444 percipiuntur
889 2371 1278 2438 substantiam,
1306 2371 1511 2442 quibus
1546 2371 1603 2425 in
1638 2371 1811 2426 Deum
1848 2377 1910 2424 ut
1949 2383 2138 2424 rerum
2187 2380 2472 2428 auctorem
2509 2375 2768 2446 .provebi
2835 2376 3087 2432 humanae
3155 2384 3375 2430 natura;
3443 2388 3736 2444 compara-

461 2475 580 2520 tum
609 2474 714 2521 est.

535 2558 626 2612 80.
665 2557 798 2625 Quae
843 2559 1031 2614 studet
1069 2557 1274 2614 actioni
1318 2555 1721 2627 philosophiam
1767 2553 2042 2619 efﬁciunt,

466 2649 655 2715 timor,
683 2649 860 2718 pietas
887 2657 945 2704 et
974 2649 1206 2703 scicntia
1241 2665 1256 2701 :
1290 2647 1594 2702 naturalem
1627 2645 1790 2717 605
1819 2659 1952 2700 vero
1988 2645 2044 2698 in

467 2740 666 2810 spiritu
689 2739 1122 2810 speculationem
1144 2747 1423 2811 praestant,
1446 2737 1732 2803 fortitudo,
1753 2736 2047 2791 consilium

465 2839 528 2886 ct
557 2829 872 2886 intellectus
900 2847 915 2884 :
949 2831 1235 2901 mysticam
1270 2827 1512 2897 denique
1547 2826 1904 2898 theologiam,
1935 2824 2051 2880 sola

467 2920 658 2977 divina
687 2920 957 2991 sapientia
985 2920 1240 2990 largitur.

543 3011 634 3068 8i.
670 3011 1142 3079 Quemadmodum
1186 3009 1306 3064 ﬁeri
1348 3023 1459 3064 non
1501 3015 1712 3078 potest,
1743 3014 1801 3060 ut
1845 3005 2054 3076 absque

471 3103 599 3158 oleo
625 3105 852 3159 lucerna
877 3104 1206 3160 inexstineta
1230 3109 1514 3167 servetur;
1547 3101 1628 3155 sic
1652 3113 1832 3170 neque
1855 3106 1917 3153 ut
1937 3098 2057 3154 sine

476 3193 696 3258 habitu,
731 3194 1191 3250 convenientibus
1225 3203 1341 3248 tum
1384 3191 1689 3247 rationibus
1725 3198 1841 3244 tum
1879 3188 2059 3244 modis

477 3284 869 3354 moribusque,
893 3285 1184 3355 sensisque
1213 3298 1280 3339 ac
1307 3281 1736 3354 cogitationibus
1771 3279 2058 3351 congruis,

477 3391 604 3446 qua
633 3375 866 3432 honesta
897 3383 1059 3442 sunt,
1090 3373 1417 3430 confovente
1446 3388 1512 3428 ac
1545 3372 1853 3442 nutriente,
1883 3372 2059 3427 dono-

484 3481 607 3520 rum
648 3467 835 3522 lumen
877 3465 1266 3521 inexstinctum
1301 3463 1666 3518 custodiatur.
1700 3461 1873 3517 Omne
1915 3461 2062 3519 enim

482 3557 733 3627 spiritale
778 3557 1022 3624 donum,
1059 3554 1414 3612 convenienti
1457 3562 1622 3624 atque
1669 3553 1815 3609 amni
1861 3554 2066 3626 indiget

486 3649 699 3716 habitu,
722 3665 832 3719 quo
858 3649 1008 3704 velut
1032 3651 1236 3715 oleum,
1257 3649 1462 3720 iugiter
1481 3649 1533 3703 ei
1557 3648 1624 3702 ad
1649 3647 2064 3718 intelligendum

489 3737 721 3792 materia
757 3737 1110 3803 infundatur,
1139 3745 1200 3792 ut
1232 3753 1332 3807 pro
1365 3737 1486 3808 ejus
1515 3735 1609 3808 qui
1645 3735 1842 3806 recipit
1874 3736 2066 3791 habitu

489 3829 710 3884 tinuum
738 3838 956 3890 maneat
983 3843 1046 3884 ac
1075 3837 1347 3884 teneatur.

562 3920 651 3976 82.
676 3920 1147 3988 Quemadmodum
1176 3920 1294 3975 ﬁeri
1328 3935 1439 3974 non
1466 3928 1649 3990 potest
1674 3927 1735 3973 ut
1757 3917 1874 3972 sine
1902 3916 2066 3983 oliva,

491 4027 682 4068 verum
711 4021 909 4069 natura
933 4027 996 4066 ac
1025 4011 1324 4082 genuinum
1355 4010 1536 4066 oleum
1563 4025 1795 4080 usquam
1827 4009 2072 4064 invenia-

494 4113 614 4170 tur;
656 4105 743 4159 vel
783 4114 844 4159 ut
885 4104 1004 4160 sine
1041 4119 1168 4158 vase
1209 4103 1460 4173 capiente
1501 4102 1682 4156 oleum
1723 4100 2074 4155 contineatur

496 4206 661 4266 atque
683 4204 966 4261 servetur;
995 4211 1058 4250 ac
1086 4195 1247 4265 plane
1278 4195 1351 4248 ita
1375 4194 1548 4252 rebus
1568 4183 1942 4262 comparatum
1966 4199 2069 4256 est,

2217 2561 2293 2611 π’.
2324 2557 2438 2628 Τὴν
2468 2558 2567 2630 μὲν
2598 2559 2910 2631 πρακτικὴν
2948 2557 3270 2629 φιλοσοφίαν
3290 2599 3306 2624 ,
3339 2557 3518 2628 φόϐος
3537 2596 3553 2617 .
3585 2556 3741 2609 εὗσέ-

2147 2644 2272 2701 6ειά
2304 2664 2366 2700 τε
2393 2647 2488 2702 καὶ
2519 2648 2720 2718 γνῶσις
2749 2648 3076 2720 ἐργάζονται
3100 2663 3117 2678 ·
3154 2647 3255 2719 τὴν
3288 2647 3350 2700 δὲ
3383 2646 3638 2716 φυσικὴν
3684 2647 3740 2698 ιν

2146 2739 2422 2810 πνεύματι
2445 2737 2700 2812 θεωρίαν,
2735 2741 2889 2811 ἰσχὺς
2918 2741 3012 2796 καὶ
3041 2741 3207 2812 βουλὴ
3225 2741 3323 2795 καὶ
3348 2738 3583 2802 σύνεσις
3611 2755 3743 2792 κατι

2147 2830 2368 2903 ορθοῦσι
2401 2848 2417 2862 ο
2453 2832 2554 2903 τὴν
2605 2831 2663 2886 δὲ
2712 2834 2986 2904 μυστικὴν
3050 2833 3362 2904 θεολογίαν,
3394 2831 3570 2900 σοφία
3632 2830 3745 2884 θεία

2079 2955 2122 3013 C
2157 2925 2293 2996 μόνη
2328 2925 2632 2998 χαρίζεται.

2228 3025 2340 3073 πα’.
2377 3020 2590 3093 Ὥσπερ
2622 3021 2802 3074 ἐλαίου
2825 3020 3021 3091 χωρὶς,
3044 3017 3314 3075 ἄσϐεστον
3344 3014 3747 3087 διατηρηθῆναι

2157 3109 2350 3181 λύχνον
2399 3111 2680 3184 ἀμήχανον
2700 3157 2714 3180 ,
2745 3110 2922 3176 οὕτως
2963 3111 3131 3176 ’ἐξεως
3164 3109 3374 3181 χωρὶς.
3411 3107 3748 3178 προεφόρας

2161 3201 2253 3256 καὶ
2281 3201 2462 3271 λόγοις
2492 3205 2587 3257 καὶ
2608 3204 2831 3272 τρόποις
2861 3203 2956 3258 καὶ
2988 3203 3167 3274 ἦθεσι,
3195 3200 3442 3272 νοήμασί
3474 3217 3538 3253 τε
3569 3195 3640 3254 αῦ
3658 3198 3749 3253 καὶ

2159 3293 2442 3366 λογισμοῖς
2490 3299 2603 3360 τοῖς
2648 3295 2952 3366 καθήκουσι
2994 3294 3062 3348 τὰ
3102 3293 3247 3346 καλὰ
3291 3292 3744 3364 διατρεφοῦσης.

2163 3385 2426 3440 ἄσϐεστον
2448 3385 2788 3462 φυλαχθῆνμι
2816 3387 2877 3451 τὸ
2901 3385 3018 3459 φῶς
3048 3385 3159 3442 τῶν
3195 3385 3572 3459 χαρισμάτων
3607 3388 3749 3458 ἀμή-

2163 3498 2346 3552 χανον.
2379 3484 2494 3536 Πᾶν
2542 3482 2650 3554 γὰρ
2692 3481 2945 3554 χάρισμα
2998 3480 3379 3551 πνευματικὸν
3431 3478 3750 3550 προσςςυοῦς

2165 3571 2356 3644 Χρῄξει
2383 3571 2483 3643 τῆς
2516 3571 2703 3640 ἓξεως,
2739 3570 3033 3636 ἀπαύστως
3064 3568 3398 3640 έπιχεούσης
3432 3569 3586 3638 αὐτῷ
3621 3568 3749 3627 καθ-

2167 3664 2311 3736 άπερ
2366 3663 2543 3718 ἔλαιον
2584 3666 2685 3736 τὴν
2741 3663 2873 3734 ὓλην
2919 3663 3018 3734 τὴν
3062 3661 3298 3731 νοεραν,
3347 3661 3436 3714 ἴνα
3501 3661 3755 3730 διαμείνῃ

2167 3757 2311 3809 κατὰ
2341 3755 2438 3828 τὴν
2463 3755 2578 3821 ἕξιν
2610 3755 2702 3808 τοῦ
2735 3755 3030 3824 δεξαμένου
3065 3751 3466 3823 κρατούμενον.

2242 3935 2356 4006 πβ⁹.
2388 3934 2604 4004 Ὠσπερ
2635 3931 2820 3995 ἐλαίας
2851 3929 3045 4002 χωρὶς,
3076 3929 3176 3982 οὐκ
3206 3927 3358 3980 ἐστιν
3378 3926 3644 3997 οὐδαμῶς
3668 3926 3756 3978 eii-

2174 4031 2288 4102 ρεῖν
2319 4027 2481 4098 φύσει
2510 4025 2632 4080 κατ’
2659 4023 2920 4094 ἀλήθειαν
2937 4023 3162 4092 γνήσιον
3192 4021 3373 4074 ἔλαιον
3410 4037 3426 4051 ο
3462 4021 3677 4089 ἄγγους
3703 4020 3756 4072 δὲ

2174 4122 2298 4192 δίχα
2327 4119 2648 4192 κρατεῖσθαι
2682 4116 2776 4171 τοῦ
2810 4114 3099 4186 δεχομένου
3127 4114 3186 4166 τὸ
3215 4114 3397 4165 ἔλαιον
3419 4113 3481 4164 οὗ
3511 4111 3756 4164 δυνατόν·

2177 4213 2341 4284 ἐλαίῳ
2369 4213 2424 4265 δὲ
2456 4211 2530 4282 μὴ
2561 4210 2898 4282 τρεφόμενον
2937 4206 3222 4260 σϐέννυται
3267 4206 3490 4268 πάντως
3527 4203 3592 4257 τὺ
3635 4203 3758 4270 hx-

499 4297 562 4346 ut
591 4289 738 4358 quod
771 4289 892 4344 oleo
925 4304 1032 4342 non
1065 4289 1309 4342 nutritur
1339 4286 1576 4341 lucernae
1611 4285 1820 4349 lumen,
1846 4284 2051 4338 omnim

2177 4307 2348 4359 νιαῖον
2378 4304 2516 4372 φῶς·
2553 4301 2696 4355 οὕτω
2725 4299 2833 4353 τῶν
2861 4296 3032 4366 ἁγίων
3054 4294 3288 4366 Γραφῶν
3309 4296 3504 4365 χωρὶς,
3531 4294 3633 4347 οὐκ
3652 4294 3760 4345 ἐστι

498 4381 878 4452 exstinguatur
907 4398 921 4434 :
965 4380 1045 4434 sic
1077 4380 1284 4449 absque
1321 4378 1524 4433 divinis
1571 4377 1900 4447 Seripturis,
1931 4376 2051 4432 null;

2177 4398 2319 4457 κατὰ
2402 4393 2661 4464 ἀλήθειαν
2732 4392 2966 4463 δύναμις
3042 4389 3330 4458 νοημάτων
3401 4385 3756 4456 θεοπρεπήςο

500 4489 630 4530 vere
654 4473 841 4529 divina
871 4487 1160 4528 sensorum
1200 4470 1286 4525 vis
1317 4486 1382 4525 ac
1423 4469 1684 4541 majestas
1713 4465 1949 4533 ex‘sistit,
1981 4484 2050 4523 ne

2177 4491 2343 4556 ἕξεως
2371 4489 2428 4544 δὲ
2461 4488 2605 4558 δίχα,
2638 4486 2892 4555 καθάπερ
2926 4483 3130 4552 ἄγγους
3158 4480 3452 4550 νοημάτων
3472 4477 3758 4534 δεκτικοῦ.

503 4565 623 4618 sine
652 4563 865 4627 habitu,
891 4577 1002 4630 quo
1035 4561 1183 4615 velut
1212 4575 1340 4615 vase
1374 4559 1466 4614 illa
1501 4559 1908 4622 contineantur,
1937 4557 2080 4611 divi-

504 4669 611 4710 nus
643 4668 872 4723 usquam
905 4663 1208 4723 conceptus
1235 4651 1491 4707 consistit
1519 4667 1532 4703 :
1564 4665 1631 4704 ac
1659 4658 1941 4720 postremo
1972 4647 2080 4702 nisi

505 4745 654 4816 quod
682 4744 738 4799 in
765 4745 925 4800 donis
950 4745 1192 4800 scientiae
1221 4751 1408 4800 lumen
1441 4751 1546 4808 est,
1574 4741 1777 4796 divinis
1808 4738 2079 4812 ejusmodi

507 4837 682 4892 scnsis
711 4852 776 4892 ac
799 4837 1158 4908 conceptibus
1183 4836 1484 4899 nutriatur,
1507 4834 1594 4889 his
1619 4835 1712 4906 qui
1742 4834 1836 4889 illo
1865 4831 2081 4904 prmditi

509 4927 651 4992 sint,
680 4927 1066 4983 inexstinctum
1094 4927 1517 4995 haudquaquam
1543 4923 1835 4978 exstiterit.

579 5019 668 5076 83.
695 5018 904 5076 Olivam
935 5034 1054 5089 qua:
1077 5034 1107 5072 a
1131 5015 1370 5072 sinistris
1390 5016 1454 5082 ³⁷,
1478 5015 1649 5072 Vetus
1672 5014 2086 5068 Testamentum

509 5111 820 5184 significare
853 5111 1139 5174 existimo,
1172 5117 1235 5163 ut
1263 5107 1412 5178 quod
1446 5105 1848 5178 philosophiam
1883 5103 2085 5158 actioni

511 5202 822 5258 studentem
865 5201 1038 5272 magis
1077 5207 1234 5254 curet
1271 5215 1284 5252 :
1325 5213 1447 5268 qua:
1486 5207 1670 5251 autem
1716 5211 1746 5249 a
1788 5193 1996 5249 dextris
2015 5193 2080 5258 ³⁸,

513 5291 725 5348 Novum
758 5291 1188 5354 Testamentum,
1215 5289 1364 5359 quod
1393 5303 1599 5342 novum
1632 5285 1950 5357 mysterium
1981 5283 2084 5337 do-

514 5393 658 5450 ceat,
686 5400 752 5440 ac
783 5385 877 5454 qui
911 5384 966 5438 in
996 5382 1228 5453 singulis
1259 5381 1501 5436 ﬁdelium
1533 5388 1638 5442 est,
1667 5377 1915 5432 habitum
1947 5390 2083 5430 con-

520 5473 889 5544 templationis
919 5471 1134 5529 eﬂiciat.
1165 5471 1303 5527 Illud
1337 5469 1580 5540 quidem,
1608 5467 1828 5523 virtutis
1859 5465 2080 5532 modos,

586 5659 629 5690 ³⁸
671 5651 713 5708 ll
741 5652 866 5708 Cor.
896 5669 953 5718 ιι,
987 5651 1070 5706 ll.
1151 5652 1190 5681 "
1221 5649 1447 5704 Zachar.
1475 5665 1547 5714 tv,
1577 5650 1630 5704 5.
1709 5646 1752 5678 ³⁸
1788 5642 1922 5700 ibid.

2176 4580 2430 4650 οὐδαμῶς
2455 4579 2520 4632 ἂν
2547 4576 2776 4645 συσταίη
2809 4574 2988 4644 νόημα
3014 4573 3157 4626 θεῖον
3188 4590 3202 4602 ·
3239 4571 3414 4634 θείοις
3445 4569 3503 4622 δὲ
3531 4572 3761 4640 νοήμασι

2183 4671 2258 4744 μὴ
2284 4669 2620 4744 τρεφόμενον
2653 4668 2715 4722 τὸ
2741 4665 2858 4735 φῶς
2901 4665 3003 4735 τῆς
3032 4665 3091 4717 ὲν
3122 4664 3232 4726 τοῖς
3277 4661 3598 4732 χαρίσμασι
3626 4658 3762 4729 γνίμ

2184 4779 2347 4826 σεως,
2383 4760 2650 4815 ἄσϐεστον
2683 4758 2744 4811 οὐ
2781 4756 3132 4827 συντηρεῖται
3163 4755 3276 4818 τοῖς
3309 4752 3520 4822 ἔχουσι.

2255 5000 2371 5071 πγ’.
2399 4999 2512 5070 Τὴν
2535 4997 2636 5068 μὲν
2656 4995 2904 5050 Παλαιὰν
2931 4995 3230 5067 Διαθήκην,
3261 4993 3360 5064 τὴν
3379 4989 3445 5057 ἐξ
3471 4992 3766 5062 εὐωνύμου

2186 5092 2382 5146 ἐλαίαν
2419 5090 2794 5160 ὑπολαμϐάνοι
2841 5089 3154 5160 σημαίνειν,
3184 5087 3260 5150 ὡς
3305 5085 3409 5156 τῆς
3457 5090 3765 5157 πρακτικῆς

2195 5181 2399 5254 μᾶλλον
2432 5179 2842 5252 προνοουμένην
2869 5175 3190 5246 φιλοσοφίας
3209 5192 3224 5206 ·
3255 5174 3355 5246 τὴν
3383 5176 3452 5226 ἐκ
3481 5174 3766 5236 δεξιῶνδὲ,

2194 5273 2294 5344 τὴν
2328 5272 2476 5325 Νέαν
2514 5268 2814 5341 Διαθήκην,
2847 5269 2924 5332 ὡς
2952 5266 3143 5321 καινοῦ
3183 5265 3487 5337 μυστηρίου
3517 5264 3769 5318 edint:-

2190 5366 2304 5428 λον,
2332 5363 2429 5418 καὶ
2484 5362 2584 5432 τῆς
2631 5363 2691 5414 ὲν
2743 5361 2962 5431 ἑκάστῳ
3015 5358 3128 5412 τῶν
3177 5357 3384 5412 πιστῶν
3428 5355 3768 5427 θεωρητικῆς

2189 5459 2357 5528 ἕξεως
2397 5455 2704 5527 ποιητικήν.
2777 5453 2839 5508 Ἦ
2872 5454 2973 5526 μιν
3005 5452 3136 5524 γὰρ,
3180 5450 3388 5525 ἀρετῆς
3435 5450 3697 5522 τρόπους,
3738 5449 3768 5516 ἠ
