3922 6348
215 314 347 382 1345

878 314 1213 375 CAPITUM
1252 308 1677 384 QUINQUIES
1716 309 2235 373 CENTENORUM
2273 313 2661 375 CENTURIA
2704 314 2799 376 ιν.

3317 317 3457 385 1346

206 435 384 504 πάσης
424 430 626 502 ἀρετῆς
679 430 921 499 κεφαλὴν
955 431 985 482 ὁ
1021 431 1306 502 προφήτης
1333 429 1614 499 ὠνόμασεν
1639 442 1653 455 ο
1687 427 1751 487 ὡς

1868 426 2138 481 rationem
2166 436 2332 497 atque
2364 444 2697 495 sermonem,
2728 438 2986 501 tanquam
3018 429 3236 489 virtutis
3273 439 3457 493 omnis

202 526 284 589 τὸ,
322 524 461 577 Ἕὸυ
490 524 528 592 ἡ
560 524 791 592 κεφαλή
817 541 937 592 μου
959 526 1042 589 εἰς
1077 523 1349 592 σχισμὰς
1408 521 1629 589 ὀρέωνο
1667 517 1767 581 τὰς

200 615 256 667 δὲ
284 614 514 677 διανοίας
541 615 649 665 τῶν
683 615 1007 683 πνευμάτων
1049 616 1145 684 τῆς
1212 613 1500 681 πονηρίας,
1531 609 1766 680 σχισμὰς

203 704 306 759 τῶν
332 703 522 770 ὀρέων,
554 704 642 771 ὑφ’
681 698 757 755 ὧν
786 704 1063 775 κατεπόθη
1088 704 1176 757 διὰ
1204 705 1300 774 τῆς
1344 703 1709 772 παραϐάσεως
1738 702 1766 752 ὁ

202 793 459 863 ἡμέτερος
517 793 640 855 νοῦς
665 810 677 823 ⁸
707 794 810 863 γῆν
851 794 909 846 δὲ
958 794 1300 862 κατωτάτην,
1337 795 1435 864 τὴν
1502 790 1766 862 μηδαμῶς

201 881 449 948 γνώσεως
509 882 906 954 αἰσθανομένην
969 883 1196 954 θείας,ἢ
1249 885 1349 955 τῆς
1400 885 1521 936 κατ’
1565 883 1764 952 ἀρετὴν

198 974 371 1043 ζωῆς,
399 974 497 1044 τὴν
531 975 744 1028 οἱανοῦν
779 979 990 1046 κίνησιν
1041 976 1270 1046 ἔχουσαν
1323 976 1435 1040 ἕξιν
1463 993 1477 1007 ο
1531 973 1766 1027 ἄϐυσσον

194 1064 269 1125 δὲ,
297 1063 392 1133 τὴν
427 1065 785 1136 ἐπικειμένην
815 1066 1037 1134 ἄγνοιαν
1063 1069 1129 1136 τῇ
1166 1065 1276 1131 ’ἔξει
1303 1068 1401 1135 τῆς
1428 1065 1657 1129 κακίας,
1678 1066 1762 1134 ἐφ’

194 1150 226 1228 ᾗ
257 1156 451 1227 βέϐηκε
474 1157 728 1227 καθάπερ
752 1161 844 1228 γῇ,
870 1158 939 1211 τὰ
965 1157 1065 1228 τῆς
1096 1157 1299 1221 κακίας
1322 1158 1535 1227 πελάγη
1566 1158 1598 1227 ἢ
1636 1158 1760 1227 γῆν,

190 1247 286 1317 τὴν
359 1249 564 1316 παγίαν
615 1250 715 1319 τῆς
766 1249 961 1310 κακίας
1005 1250 1116 1315 ἕξιν
1164 1244 1355 1302 εἶπεν⁸
1396 1248 1647 1309 αἰωνίους
1704 1247 1762 1299 δὲ

195 1341 439 1409 μοχλοὺς,
474 1342 576 1405 τὰς
615 1342 1029 1412 συγκρατούσας
1057 1344 1157 1413 τὴν
1188 1342 1470 1413 χειρίστην
1499 1338 1613 1407 aeto
1658 1342 1761 1410 ἐμ·

190 1432 378 1496 παθεῖς
409 1434 785 1504 προσπαθείας
808 1436 917 1489 τῶν
946 1435 1166 1491 ὑλικῶν.

256 1612 362 1677 ια’.
406 1609 469 1662 'll
501 1609 609 1663 τῶν
635 1609 808 1679 ἁγίων
851 1609 1139 1682 ὑπομονὴ,
1169 1598 1277 1680 τὴν
1312 1608 1557 1680 πονηρὰν
1596 1606 1759 1660 δύνα-

191 1717 280 1769 μιν
302 1701 768 1771 προσϐάλλουσαν,
799 1701 1015 1772 δαπανᾷ
1045 1718 1058 1731 ·
1094 1703 1170 1765 ὡς
1199 1701 1466 1755 πείθουσα
1485 1704 1595 1763 τοῖς
1618 1699 1758 1770 ὑπὲρ

187 1793 437 1863 ἀληθείας
467 1796 974 1863 ἐγκαλλωπίζεσθαι
1001 1797 1202 1862 πόνοις,
1224 1797 1347 1859 τοὺς
1386 1795 1556 1865 αὑτῆς
1579 1794 1761 1849 διακό-

186 1902 325 1949 νους,
359 1887 449 1940 καὶ
472 1887 632 1940 πλέον
654 1888 1091 1958 ἐμπλατύνεσθαι
1113 1889 1439 1942 διδάσκουσα
1462 1885 1761 1956 τοῖςπαθή-

188 1993 367 2045 μασιν,
382 1978 415 2049 ἢ
429 1982 547 2042 ταῖς
562 1980 720 2033 ἁνέσε
729 1996 833 2043 σιν,
850 1981 898 2032 οἱ
915 1982 1014 2048 τῆς
1035 1981 1091 2032 ἐν
1107 1980 1269 2050 σαρκὶ
1289 1979 1434 2049 ζωῆς
1446 1980 1583 2047 ἄγαν
1597 1996 1761 2049 φρον-

182 2064 440 2130 τίζοντες,
480 2068 736 2122 ὑπόθεσιν
763 2069 944 2133 αὐτοῖς
973 2069 1414 2139 ὑπερϐαλλούσης
1445 2070 1585 2122 κατὰ
1606 2069 1760 2122 πνεῦ-

187 2172 260 2224 μα
290 2156 572 2227 δυνάμεως
610 2161 926 2229 ποιουμένη,
957 2159 1055 2230 τὴν
1078 2160 1218 2213 κατὰ
1240 2160 1401 2228 φύσιν
1423 2159 1521 2229 τῆς
1555 2159 1757 2230 σαρκὸς

182 2248 306 2316 περὶ
336 2249 397 2301 τὸ
425 2251 656 2320 πάσχειν
686 2251 992 2304 ἀσθένειαν.
1026 2252 1166 2321 Ὅρα
1197 2250 1305 2322 γὰρ
1334 2252 1480 2315 ὅπως
1507 2251 1607 2321 τῆς
1633 2251 1755 2304 καθ’

181 2338 483 2412 ὑπερϐολὴν
511 2341 663 2405 θείας
692 2341 990 2412 ,δυνάμεώς
1018 2342 1167 2395 ἐστιν
1220 2341 1499 2406 ὑπόθεσις,
1539 2333 1585 2413 η’
1614 2341 1756 2396 κατὰ

179 2430 341 2497 φύσιν
376 2433 488 2485 τῶν
519 2434 691 2501 ἁγίων
717 2434 993 2497 ἀσθένεια,
1018 2430 1086 2506 ἧς
1112 2434 1312 2504 ἥττονα
1350 2433 1440 2489 τὸν
1465 2434 1753 2506 ὑπερήφα-

177 2539 266 2576 νον
289 2523 535 2578 διάϐολον
562 2527 591 2578 ό
621 2526 825 2597 Κύριος
856 2527 1078 2592 ἔδειξεν.

247 2614 345 2682 κδ’.
392 2617 453 2669 '0
487 2617 645 2685 λόγος
672 2618 777 2688 τῆς
802 2619 1049 2689 χάριτος,
1086 2617 1177 2672 διὰ
1200 2616 1413 2672 πολλῶν
1429 2617 1754 2691 πειρασμῶν

175 2710 311 2779 πρὸς
342 2711 442 2782 τὴν
470 2711 578 2763 τῶν
604 2710 908 2782 ἀνθρώπων
936 2711 1121 2781 φύσιν,
1149 2711 1318 2782 ἡγουν
1360 2711 1461 2781 τὴν
1516 2711 1626 2764 τῶν
1664 2712 1754 2765 ἐθ-

176 2799 282 2852 νῶν
324 2802 678 2873 Ἐκκλησίαν,
715 2802 903 2874 ὥσπερ
944 2802 1134 2864 Ἰωνᾶς
1158 2802 1248 2856 διὰ
1270 2802 1481 2857 πολλῶν
1521 2802 1752 2872 θλίψεων

175 2890 312 2959 πρὸς
350 2893 538 2948 Νινευὶ
559 2893 753 2956 διαϐὰς
789 2893 888 2964 τὴν
916 2893 1071 2946 πόλιν
1120 2894 1218 2963 τὴν
1264 2894 1506 2964 μεγάλην
1526 2933 1540 2957 ,
1565 2894 1751 2946 ἔπεισε

175 2980 264 3032 τὸν
296 2981 654 3051 βασιλεύοντα
679 2982 840 3053 νόμον
874 2983 972 3052 τῆς
1002 2982 1217 3050 φύσεως
1247 2980 1612 3050 ἐξαναστῆναι
1657 2979 1749 3034 τοῦ

1868 518 2200 588 principium
2229 530 2285 573 et
2314 520 2615 590 originem;
2646 524 2723 576 uti
2756 532 2839 577 est
2869 522 3003 577 illud
3039 540 3052 577 :
3089 522 3257 579 Subiit
3294 537 3454 598 caput

1870 625 2042 663 meum
2073 611 2333 665 scissuras
2372 614 2627 665 montium
2652 612 2715 665 ”.
2747 612 3027 668 Scissuras
3066 624 3249 670 autem
3293 632 3452 671 mon-

1868 699 2027 765 tium,
2046 701 2508 771 nequissitnorum
2538 704 2826 771 spirituum
2854 705 3080 759 consilia
3109 711 3162 755 et
3190 707 3448 771 rationes,

1867 791 2068 860 quibus
2106 809 2205 862 per
2242 795 2729 864 transgressionem
2770 812 2924 850 mens
2962 808 3151 850 nostra
3191 796 3452 866 absorpta

1864 890 1951 935 cst
1994 899 2007 934 :
2058 892 2256 937 terram
2299 900 2429 937 vero
2476 885 2742 948 inﬁmam,
2775 887 2925 939 omni
2969 887 3212 941 scientiae
3252 887 3451 941 divinae

1866 987 2028 1027 sensu
2082 983 2364 1029 carentem
2412 976 2693 1042 habitum,
2732 994 2795 1032 ac
2844 979 2936 1047 qui
2990 978 3114 1033 vita:
3158 995 3187 1032 e
3228 979 3452 1034 virtutis

1866 1064 2173 1120 rationibus
2208 1067 2474 1122 institutae
2505 1077 2656 1123 tnotu
2690 1069 2841 1123 omni
2877 1070 3234 1125 destituatur.
3266 1072 3448 1143 Abys-

1865 1171 2009 1222 sum,
2040 1157 2406 1227 ignorantiam
2440 1160 2726 1230 pravitatis
2761 1161 2971 1214 habitui
3008 1163 3443 1229 incumbentem;

1865 1246 1921 1300 in
1971 1262 2170 1316 quam,
2212 1249 2362 1303 velut
2412 1251 2467 1303 in
2520 1260 2720 1305 terram
2776 1252 3145 1307 ascenderunt
3187 1255 3448 1323 nequitiae

1861 1334 2028 1406 608
2072 1337 2278 1402 maria,
2327 1338 2440 1393 sive
2485 1348 2720 1402 terram,
2766 1339 2982 1395 firmum
3030 1342 3149 1395 vitii
3199 1342 3444 1395 habitum

1860 1430 2221 1498 nuncupavit.
2273 1430 2464 1485 Vectcs
2523 1441 2793 1495 mternos,
2843 1433 3142 1501 pessimum
3194 1434 3445 1489 habitum

1861 1520 2285 1576 corroborantes
2319 1530 2667 1576 tcrrenorum
2695 1522 3025 1578 libidinosos
3051 1525 3300 1579 affectus.

1933 1612 2021 1666 95.
2068 1612 2393 1669 Sanctorum
2443 1615 2743 1685 patientia,
2782 1615 3122 1670 adoricntem
3166 1617 3443 1687 nequissi-

1862 1719 2007 1758 mam
2038 1715 2363 1774 potestatem
2392 1708 2663 1775 absumit;
2696 1716 2756 1762 ut
2779 1725 2901 1778 qute
2930 1708 3212 1764 laboribus
3240 1711 3441 1766 verita-

1866 1794 1935 1848 tis
1974 1809 2139 1850 causa
2175 1795 2422 1851 ferendis
2460 1797 2707 1867 gloriari,
2742 1798 3008 1852 ministris
3044 1799 3159 1853 suis
3193 1799 3439 1865 suadeat,

1864 1882 2166 1954 doceatque
2190 1901 2287 1940 eos
2313 1887 2485 1956 magis
2504 1887 2767 1943 aerumnis
2789 1888 3028 1952 dilatari,
3051 1906 3212 1959 quam
3239 1892 3443 1959 quibus

1861 1975 2098 2029 carnalis
2120 1976 2231 2030 vita
2263 1978 2497 2031 maxime
2526 1993 2671 2032 curae
2696 1987 2800 2042 est,
2824 1979 3437 2053 deliciisoblectentur;

1859 2068 2178 2123 excellentis
2220 2070 2301 2124 eis
2341 2069 2604 2139 spiritalis
2632 2071 2855 2125 virtutis
2888 2087 2951 2125 ac
2982 2072 3321 2126 fortitudinis
3348 2089 3438 2126 ar-

1857 2167 2180 2230 gumentum
2210 2160 2439 2224 faciens,
2469 2162 2772 2216 naturalem
2804 2163 2985 2217 carnis
3016 2164 3171 2217 malis
3198 2162 3442 2219 ferendis

1857 2252 2311 2307 imbecillitatem.
2337 2252 2473 2307 Vide
2501 2253 2648 2308 enim
2677 2254 3135 2322 quemadmodum
3161 2255 3438 2309 excellen-

1858 2342 1928 2397 tis
1956 2342 2156 2397 divinae
2186 2342 2447 2412 potentia:
2478 2351 2892 2412 argumentum,
2919 2343 3184 2398 naturalis
3215 2352 3433 2400 sancto-

1855 2449 1980 2489 rum
2014 2433 2309 2487 infirmitas
2343 2433 2436 2497 sit,
2468 2449 2575 2503 qua
2607 2433 2873 2489 Dominus
2908 2435 3209 2505 superbum
3240 2436 3436 2494 diabo-

1854 2524 1967 2580 lum
1996 2524 2319 2580 inferiorem
2345 2526 2606 2581 ostendit.

1924 2617 2015 2671 94.
2066 2617 2259 2672 Sermo
2312 2618 2534 2688 gratiae,
2578 2634 2678 2689 per
2724 2621 2924 2675 multas
2980 2621 3313 2679 tentationes
3363 2623 3432 2678 ad

1853 2707 2155 2763 humanum
2187 2724 2362 2779 genus
2397 2710 2720 2780 (Ecclesiam
2755 2712 2964 2767 scilicet
2989 2712 3255 2785 gentium)
3282 2715 3433 2770 velut

1850 2798 2016 2853 Jonas
2065 2815 2164 2869 per
2211 2802 2411 2863 multas
2457 2801 2780 2856 alllictioncs
2825 2812 2993 2871 atque
3042 2808 3317 2858 aerumnas
3361 2805 3430 2859 ad

1852 2890 2049 2945 Ninive
2078 2891 2356 2960 civitatem
2384 2908 2635 2963 magnam
2664 2909 2976 2949 commeans
2996 2894 3062 2959 ⁸ο,
3090 2895 3195 2965 legi
3221 2904 3430 2951 natum

1853 2984 2002 3039 illius
2042 2984 2189 3055 regia
2227 2992 2497 3054 potestate
2537 2985 2844 3040 dominanti
2883 2995 3077 3040 auctor
3107 2987 3238 3048 fuit,
3267 2996 3328 3041 ut
3360 2988 3428 3041 de

174 3072 393 3142 θρόνου,
425 3074 525 3143 τῆς
562 3074 833 3145 προτέρας
862 3072 1060 3143 δηλαδὴ
1099 3073 1228 3141 περὶ
1277 3073 1337 3124 τὸ
1390 3071 1556 3125 κακὸν
1603 3072 1747 3127 κατὰ

1859 3075 1991 3129 solio
2024 3084 2273 3145 surgeret
2305 3076 2354 3148 (a
2388 3075 2575 3145 priore
2606 3076 2817 3130 scilicet
2846 3078 3050 3131 malum
3080 3087 3429 3133 consectanle

168 3162 270 3233 τὴν
314 3163 570 3235 αἴσθησιν
598 3164 786 3231 ἕξεως,
814 3168 908 3218 καὶ
947 3164 1294 3235 περιελέσθαι
1316 3163 1416 3235 τὴν
1441 3164 1633 3234 στολὴν
1650 3165 1747 3218 αὑ-

161 3255 287 3321 τοῦ,
319 3257 411 3308 τὸν
466 3256 559 3309 ἐπὶ
615 3258 725 3318 τοῖς
772 3256 926 3325 ήθεσι
968 3256 1111 3324 λέγω
1147 3259 1244 3327 τῆς
1282 3257 1555 3327 κοσμικῆς
1590 3258 1746 3327 δόξης

172 3340 472 3396 ἀποθέσθαι
529 3341 731 3410 τῦφον,
779 3343 873 3395 καὶ
932 3343 1322 3413 περιϐαλέσθαι
1382 3344 1623 3410 σάκκον,
1685 3346 1747 3397 τὸ

166 3430 371 3494 ,πένθος
399 3432 602 3503 δηλαδὴ
635 3432 730 3486 καὶ
766 3432 1132 3504 τὴνδυσχερῆ
1189 3434 1283 3488 καὶ
1332 3438 1592 3506 τραχεῖαν
1647 3436 1747 3506 τῆς

173 3522 584 3587 κακοπαθείας,
630 3523 722 3575 καὶ
766 3522 866 3593 βίῳ
906 3523 985 3593 τῷ
1045 3524 1186 3577 κατὰ
1242 3524 1373 3578 Θεὸν
1428 3527 1745 3596 πρέπουσαν

172 3610 395 3682 ἀγωγήν
431 3627 446 3642 ο
488 3614 583 3666 καὶ
613 3612 839 3667 καθίσαι
871 3615 963 3667 ἐπὶ
988 3615 1185 3668 σποδοῦ
1219 3632 1231 3646 -
1262 3617 1455 3679 σποδὸς
1487 3618 1543 3670 δέ
1596 3620 1744 3672 ἐστιν

170 3700 480 3771 ήπτωχεία
517 3703 611 3756 τοῦ
668 3704 996 3774 πνεύματος,
1039 3706 1123 3773 ἐφ’
1150 3702 1217 3774 ἧς
1275 3707 1568 3766 καθέζεται
1639 3710 1745 3771 πᾶς

167 3790 413 3855 εὐσεϐῶς
441 3792 541 3864 ζῇν
570 3794 970 3865 διδασκόμενος,
991 3799 1086 3851 καὶ
1106 3797 1205 3868 τὴν
1230 3797 1469 3867 μάστιγα
1490 3799 1589 3868 τῆς
1617 3816 1743 3851 συν-

167 3880 431 3952 ειδήσεως
471 3884 609 3955 ἔχων
651 3888 742 3940 ἐπὶ
770 3890 880 3951 τοῖς
901 3887 1394 3960 πλημμεληθεῖσιν,
1420 3889 1583 3943 αὐτὸν
1609 3906 1742 3944 κατ-

165 3976 511 4040 αικίζουσαν.

238 4067 495 4138 ιιεὝὊρα
526 4070 674 4132 ὅπως
708 4071 933 4140 βασιλέα
964 4071 1061 4142 μὲν
1090 4067 1227 4126 εἶναι
1261 4073 1428 4141 λέγει,
1456 4075 1547 4127 τὸν
1581 4092 1741 4143 φυσι-

172 4160 266 4213 κὺν
325 4161 531 4230 νόμον·
570 4161 760 4235 θρόνον
809 4163 886 4227 δὲ,
924 4165 1021 4231 τὴν
1070 4165 1293 4236 ἐμπαθῆ
1339 4168 1461 4219 κατ’
1490 4167 1742 4239 αἴσθησιν

167 4248 299 4314 ἕξιν·
326 4250 430 4321 τὴν
455 4251 511 4303 δὲ
533 4252 746 4322 στολὴν,
785 4252 881 4322 τὴν
915 4253 1013 4323 τῆς
1040 4258 1201 4324 κενῆς
1223 4255 1380 4326 δόξης
1419 4257 1690 4328 προϐολήν
1724 4274 1739 4290 ο

166 4341 259 4393 τὸν
287 4342 346 4395 δὲ
395 4342 621 4408 σάκκον,
646 4342 708 4394 τὸ
752 4342 891 4396 κατὰ
915 4344 1013 4414 τὴν
1047 4345 1339 4415 μετάνοιαν
1372 4347 1565 4409 πένθος
1591 4364 1603 4377 ·
1641 4347 1741 4418 τὴν

1849 3184 1912 3223 ac
1944 3168 2136 3222 vitium
2171 3183 2365 3222 sensus
2400 3166 2611 3237 habitu)
2648 3167 2954 3237 Stolamque
2990 3169 3313 3223 detraheret
3349 3169 3426 3239 (id

1848 3268 1951 3323 est,
1987 3258 2275 3313 mundana:
2314 3257 2499 3328 gloria:
2537 3273 2603 3310 ex
2641 3273 2856 3312 morum
2900 3268 3096 3313 ornatu
3138 3261 3425 3329 qumsitum

1849 3352 2047 3407 fastum
2070 3350 2382 3422 abjieeret),
2404 3366 2465 3405 ac
2486 3366 2645 3406 sacco
2670 3351 2992 3406 induerctur
3020 3351 3247 3422 (luctum
3280 3353 3425 3407 scili-
3502 3390 3503 3395 η

1847 3452 1965 3508 cet,
2000 3451 2056 3497 et
2104 3443 2389 3497 molestam
2435 3457 2499 3496 ac
2547 3442 2830 3498 laboribus
2878 3458 3157 3513 asperam,
3189 3444 3311 3498 vitae
3356 3460 3425 3498 ex

1847 3532 2068 3604 pietatis
2097 3534 2404 3588 rationibus
2438 3534 2702 3588 instituta:
2732 3550 3047 3606 congruam,
3075 3534 3422 3605 disciplinam

1845 3623 2172 3692 assumeret)
2204 3630 2367 3693 atque
2402 3624 2456 3677 in
2488 3624 2672 3679 cinere
2706 3625 2943 3681 sederet.
2970 3626 3065 3680 Est
3095 3642 3226 3681 vero
3259 3627 3420 3692 cinis,

1846 3724 2138 3783 paupertas
2174 3717 2433 3783 spiritus,
2468 3715 2521 3769 in
2556 3733 2665 3785 quo
2700 3718 2855 3771 sedet
2890 3718 3140 3786 quisquis
3177 3718 3301 3773 vitm
3335 3718 3423 3789 pie

1848 3804 2198 3858 instituenda:
2245 3806 2533 3873 praeceptis
2578 3806 2865 3869 eruditur;
2922 3824 3017 3871 ac,
3060 3808 3151 3877 qui
3206 3810 3421 3864 medens

1844 3894 2199 3950 conscientia:
2229 3894 2525 3965 ﬂagellum,
2552 3911 2655 3965 pro
2695 3896 2763 3951 iis
2795 3913 2915 3966 qua:
2949 3898 3200 3967 deliquit,
3233 3899 3418 3954 habet.

1914 4076 2001 4130 95.
2045 4074 2180 4131 Vide
2226 4073 2693 4144 quemadmodum
2738 4090 2922 4144 regem
2968 4074 3205 4144 appellet
3244 4075 3419 4145 legem

1844 4167 2182 4232 naturalem;
2217 4166 2412 4220 solium
2446 4180 2608 4229 vero,
2642 4164 3000 4218 libidinosum
3034 4181 3229 4219 sensus
3260 4166 3418 4220 habi-

1845 4268 1993 4329 tum;
2023 4262 2239 4327 stolam,
2269 4260 2450 4315 inanis
2480 4259 2666 4331 gloriae
2699 4259 2991 4325 amictum;
3032 4275 3271 4324 saccum,
3301 4277 3419 4329 pm-

1843 4353 2090 4407 nitentia:
2128 4354 2368 4419 luctum;
2415 4353 2685 4418 cinerem,
2718 4350 2952 4405 modesti
2990 4352 3157 4405 anitni
3186 4368 3420 4417 sensum

167 4428 225 4481 δὲ
254 4429 472 4494 σποδόν,
496 4430 594 4502 τὴν
617 4434 1138 4505 ταπεινοφροσύνην*
1161 4436 1484 4506 ἀνθρώπους
1511 4438 1587 4503 δὲ,
1615 4441 1742 4504 τοὺς

1859 4444 1925 4516 [ἰὰ
1949 4453 2052 4509 est,
2071 4444 2458 4516 humilitatem)
2480 4443 2751 4509 homines,
2776 4443 2868 4513 qui
2888 4443 3131 4509 ratione;
3151 4445 3423 4515 jumenta,

173 4523 307 4593 περὶ
345 4523 438 4576 τὸν
472 4523 629 4592 λόγον
666 4541 679 4556 ·
710 4528 881 4597 κτήνη
920 4526 997 4591 δέ,
1030 4529 1156 4591 τοὺς
1220 4531 1349 4600 περὶ
1400 4533 1499 4601 τὴν
1553 4531 1743 4585 ἐπιθυ-

174 4614 303 4683 μίαν
330 4629 344 4643 ’
384 4613 511 4684 βόας
555 4615 633 4680 δὲ,
666 4616 795 4680 τοὺς
844 4616 974 4689 περὶ
1026 4617 1118 4672 τὸν
1152 4618 1323 4690 θυμόν
1346 4632 1362 4649 ⁸
1393 4619 1641 4691 πρόϐατα
1665 4622 1743 4690 δὲ,

166 4705 295 4766 τοὺς
319 4721 387 4756 πε
395 4704 450 4775 pl.
478 4704 577 4775 τὴν
612 4704 846 4777 θεωρίαν
868 4706 976 4760 τῶν
997 4708 1208 4779 ὁρατῶν
1238 4709 1550 4776 πταίοντας.

240 4795 355 4862 ις’.
400 4798 461 4850 ὐ
480 4797 570 4851 διὰ
596 4797 695 4869 τὴν
724 4799 945 4869 ἔννομον
984 4801 1184 4871 ἀρετὴν
1208 4801 1317 4855 τῶν
1351 4804 1410 4856 ἐν
1444 4805 1617 4875 σαρκὶ
1639 4822 1745 4860 πα-

169 4887 278 4941 θῶν
302 4889 376 4951 ὡς
438 4890 745 4961 ἀριστερῶν
808 4890 1132 4961 ποιούμενος
1166 4891 1355 4962 λήθην,
1387 4895 1483 4947 καὶ
1526 4895 1612 4948 διὰ
1643 4896 1742 4968 τὴν

168 4980 465 5034 ἄπταιστον
494 4982 715 5049 γνῶσιν,
756 4982 849 5035 ἐπὶ
909 4986 1020 5045 τοῖς
1058 4984 1445 5054 κατορθώμασι
1492 4990 1557 5057 τῇ
1603 4987 1741 5057 νόσῳ

167 5075 267 5145 τῆς
289 5074 586 5145 φυσιούσης
616 5076 847 5145 οἰήσεως
887 5076 959 5137 ὡς
983 5075 1165 5140 δεξιᾶς
1223 5077 1322 5144 οὑχ
1365 5077 1740 5149 ἁλισκόμενος,

168 5167 308 5240 ἀνὴρ
338 5169 550 5237 γέγονε,
590 5168 663 5239 μὴ
696 5167 980 5236 γινώσκων
1025 5168 1207 5234 δεξιὰν
1239 5171 1429 5233 αὐτοῦ,
1463 5173 1538 5236 ὡς
1587 5174 1744 5244 δόξης

169 5261 269 5312 οὑκ
313 5260 453 5331 ἐρῶν
494 5261 782 5330 λυομένης,
822 5259 942 5314 οὑδὲ
1000 5263 1325 5331 ἀριστερὰν,
1351 5263 1425 5325 ὡς
1474 5268 1585 5327 τοῖς
1648 5267 1743 5337 τῆς

172 5351 374 5422 σαρκὸς
435 5353 536 5405 ούκ
583 5352 962 5423 ἐρεθιζόμενος
1020 5353 1237 5407 πάθεσι.
1275 5354 1466 5419 Δεξιᾶν
1516 5353 1629 5419 οὖν,
1662 5357 1738 5421 ὡς

169 5440 364 5510 ἔοικεν,
395 5441 547 5499 εἶπεν
574 5446 604 5497 ό
631 5445 808 5514 λόγος,
841 5446 936 5516 τὴν
977 5447 1068 5499 ἐπὶ
1096 5450 1207 5511 τοῖς
1255 5448 1414 5516 δῆθεν
1464 5448 1739 5520 κατορθώ-

173 5546 301 5604 μασι
327 5537 651 5603 κενοδοξίανο
686 5538 981 5609 ἀριστερὰν
1009 5539 1088 5603 δὲ,
1112 5539 1209 5609 τὴν
1238 5540 1328 5592 ἐπὶ
1357 5543 1467 5604 τοῖς
1487 5544 1733 5612 αἰσχροῖς

244 5717 288 5750 ³³
311 5719 357 5774 ll
391 5721 524 5791 Reg.
557 5737 685 5787 χχιι,
720 5723 771 5775 8.
854 5722 897 5755 ³⁸
928 5718 1077 5778 lena:
1107 5739 1187 5783 ut,
1228 5740 1245 5777 ι
1287 5738 1440 5794 seqq.
1516 5726 1557 5756 “
1594 5726 1745 5782 Jonte

1859 5726 1988 5793 .10,
2024 5725 2111 5783 ll.

1843 4537 1939 4607 qui
1970 4536 2301 4607 cupiditate;
2334 4536 2526 4601 boves,
2555 4534 2651 4605 qui
2686 4534 2799 4600 ira;
2836 4549 2987 4598 oves,
3019 4534 3112 4605 qui
3148 4551 3329 4590 rerum
3362 4534 3421 4589 in

1844 4637 2128 4701 aspectum
2157 4627 2473 4684 cadentium
2500 4626 2874 4698 speculatione
2899 4626 3207 4682 offendunt.

1914 4820 2000 4876 96.
2027 4820 2130 4887 Qui
2169 4819 2426 4891 legitimae
2455 4818 2680 4873 virtutis
2720 4832 2917 4883 causa,
2950 4819 3249 4873 carnalium
3284 4819 3419 4872 alic-

1847 4921 2033 4967 ctuum
2064 4910 2215 4965 velut
2242 4911 2590 4964 sinistrorum
2624 4909 2998 4975 obliviscitur;
3034 4925 3241 4978 proque
3276 4910 3419 4962 inof-

1846 5005 2013 5059 fensa:
2052 5004 2295 5057 scientiae
2330 5018 2583 5065 munere,
2609 5002 2680 5056 ob
2719 5002 2975 5069 prteclare
3015 5009 3162 5070 gesta
3201 5017 3263 5054 ac
3304 5018 3418 5055 tne-

1846 5096 1971 5158 rita,
2001 5095 2179 5147 inanis
2213 5093 2489 5163 jactantize
2522 5092 2713 5145 morbo
2748 5091 2999 5159 fastuque
3035 5106 3145 5144 non
3179 5092 3417 5160 capitur,

1848 5186 1905 5239 in
1960 5187 2138 5239 virum
2196 5184 2403 5247 evasit,
2451 5184 2546 5253 qui
2606 5184 2817 5238 nesciat
2865 5183 3143 5236 dexteram
3193 5198 3345 5236 suam
3374 5184 3417 5215 ”

1850 5274 2035 5346 (quem
2080 5275 2290 5329 scilicet
2330 5273 2588 5343 peritura:
2617 5274 2803 5343 gloria:
2830 5290 2985 5327 amor
3029 5289 3138 5327 non
3185 5276 3418 5343 teneat),

1844 5379 2023 5434 neque
2061 5379 2194 5418 vero
2238 5364 2517 5418 sinistram
2542 5363 2617 5427 “,
2661 5373 2721 5417 ut
2764 5379 2926 5431 quem
2968 5363 3148 5417 carnis
3188 5361 3416 5417 aﬂ‘ectus

1841 5472 1939 5526 per
1972 5454 2258 5509 libidinem
2292 5470 2401 5508 non
2435 5454 2682 5509 illiciant.
2716 5456 3002 5509 Dexteram
3041 5454 3223 5525 igitur,
3254 5455 3415 5524 609

1850 5556 1908 5602 ut
1946 5545 2184 5612 videtur,
2212 5534 2425 5601 iocavit
2464 5546 2765 5616 Scriptura,
2800 5545 3018 5601 inanem
3057 5546 3306 5617 gloriam,
3352 5547 3422 5603 ob

2190 5726 2233 5758 δ’
2263 5726 2397 5781 ibid.
