3922 6348
506 303 641 368 1341

1675 303 1736 363 S.
1777 298 2032 362 ΜΛΧΙΜ
2040 298 2064 358 Ι
2102 295 2613 359 CONFESSORIS

3658 294 3788 361 1118

503 423 654 469 recte
686 410 825 467 fat-ta
859 425 925 469 ac
955 411 1222 468 virtutum
1250 426 1447 484 opera;
1485 412 1763 469 sinistram
1791 431 1945 480 vero,
1968 428 2080 485 qua

2198 413 2431 475 πάθεσιν
2473 408 2795 464 ἀκολασίαν.
2832 407 2891 461 '0
2929 406 3037 479 γὰρ
3066 405 3169 479 τῆς
3206 407 3423 479 ἀρετῆς
3471 407 3669 475 λόγος.
3700 407 3789 478 τῆς

505 520 574 557 ex
608 504 866 573 turpibus
900 502 1192 559 aﬂ‘ectibus
1219 513 1327 569 est,
1351 504 1649 559 luxuriam.
1676 502 1912 561 Virtutis
1941 504 2092 560 enim

507 608 693 648 sermo
720 601 885 663 atque
909 593 1071 657 ratio,
1097 600 1386 663 peccatum
1418 594 1603 648 carnis
1631 595 1811 648 nescit
1836 603 2092 664 tanquam

506 683 748 739 sinistrae
777 702 792 738 :
821 684 1070 740 scientia:
1092 700 1227 740 vero
1259 686 1420 751 ratio,
1447 686 1616 741 animi
1643 686 1834 741 vitium
1869 702 1934 741 ac
1964 702 2094 757 pra-

504 774 733 830 vitatem
759 775 942 830 nescit
965 786 1224 847 tanquam
1250 777 1473 831 dextrae.

574 865 665 921 97.
703 867 985 922 Virtutum
1028 883 1097 923 ex
1144 869 1359 924 ratione
1403 868 1635 926 scientia
1678 869 1838 941 (vera
1879 869 2096 924 scilicet

505 955 689 1026 reipsa
720 956 980 1014 Auctoris
1008 958 1280 1013 virtutmn
1313 959 1538 1030 agnitio)
1570 961 1941 1015 omnimodam
1974 959 2095 1029 ejus

507 1055 626 1103 tum
655 1063 938 1114 excessus,
966 1059 1085 1104 tum
1116 1050 1387 1116 defectus,
1417 1051 1513 1122 qui
1546 1053 1809 1121 utrinque
1833 1068 1863 1106 a
1886 1051 2095 1107 dextris

505 1151 561 1197 et
586 1157 617 1195 a
644 1142 906 1207 sinistris,
932 1143 1207 1198 virtutum
1237 1143 1608 1199 mediocritati
1639 1144 1913 1214 adjacent,
1941 1143 2095 1214 igno-

506 1235 739 1289 rantiam
805 1245 1069 1305 praestare
1135 1237 1325 1291 habet.
1394 1235 1678 1305 Siquidem
1740 1235 1890 1291 enim
1953 1234 2093 1290 nihil

505 1338 739 1394 prorsus
788 1335 1171 1396 comparatum
1217 1335 1303 1381 est
1349 1339 1470 1380 esse
1520 1325 1574 1379 in
1620 1325 1835 1381 ratione
1873 1325 2021 1396 quod
2060 1340 2092 1380 a

504 1417 719 1472 ratione
769 1418 1108 1483 abhorreat;
1142 1419 1324 1488 palam
1368 1426 1475 1484 est,
1506 1432 1633 1473 eum
1670 1417 1763 1487 qui
1804 1416 1874 1472 ad
1912 1417 2093 1472 virtu-

504 1513 618 1560 tum
669 1507 943 1563 rationem
992 1518 1221 1564 evectus
1269 1508 1362 1573 sit,
1402 1522 1596 1564 eorum
1628 1522 1752 1577 quae
1796 1523 1829 1562 a
1878 1507 2093 1562 ratione

499 1597 843 1653 abhorreant
883 1615 1233 1671 nequaquam
1268 1600 1602 1671 positionem
1644 1614 1874 1669 remque
1907 1599 2095 1671 cegni-

502 1695 714 1743 turum.
752 1690 873 1745 Non
910 1692 1058 1762 enim
1094 1692 1371 1746 contraria
1403 1690 1711 1746 secundum
1746 1690 1892 1745 idem
1926 1689 2090 1745 simul

497 1781 748 1851 conspici
794 1790 1059 1852 possunt,
1106 1791 1273 1854 atque
1319 1783 1555 1839 alterum
1592 1797 1700 1837 una
1741 1796 1867 1836 cum
1910 1781 2087 1837 altero

498 1873 666 1929 simul
699 1875 943 1930 elucere.

569 1966 658 2022 98.
700 1965 989 2036 Siquidem
1046 1966 1104 2021 in
1153 1965 1296 2032 ﬁde,
1347 1966 1694 2022 inﬁdelitatis
1739 1967 1891 2021 nulla
1946 1966 2088 2020 ratio

495 2065 616 2124 cst;
662 2073 844 2127 neque
888 2058 983 2113 lux
1035 2072 1135 2128 per
1184 2067 1441 2112 naturam
1485 2057 1842 2114 tenebrarum
1890 2066 2087 2112 auctor

495 2157 612 2217 est;
647 2165 752 2205 nec
788 2149 1014 2206 diabolo
1047 2158 1432 2221 comparatum
1469 2158 1530 2205 ut
1562 2166 1672 2205 una
1705 2165 1831 2205 cum
1860 2149 2086 2206 Christo

495 2249 842 2312 compareat;
878 2242 1042 2312 plane
1085 2256 1269 2311 neque
1312 2249 1376 2295 ut
1405 2240 1607 2295 rationi
1639 2240 1866 2295 omnino
1898 2254 2085 2296 comes

495 2334 746 2401 exsistat,
779 2334 928 2406 quod
973 2334 1244 2389 abhorret
1269 2349 1301 2389 a
1332 2332 1570 2388 ratione.
1611 2331 1709 2388 Sin
1747 2340 1930 2387 autem
1960 2347 2084 2388 om-

495 2426 631 2482 nino
676 2424 881 2482 rationi
909 2440 1098 2482 comes
1124 2440 1248 2481 esse
1280 2439 1389 2479 non
1422 2432 1606 2495 potest
1636 2421 1785 2494 quod
1818 2422 2086 2480 abhorret

495 2532 528 2572 a
562 2516 813 2581 ratione,
840 2516 937 2587 qui
983 2516 1051 2570 ad
1086 2516 1357 2570 virtutum
1391 2514 1663 2570 rationem
1708 2522 1935 2569 evectus
1973 2520 2080 2579 est,

493 2607 919 2665 abhorrentium
959 2621 990 2661 a
1031 2605 1613 2676 ratione‘positionem
1652 2603 2082 2675 haudquaquam

489 2704 792 2769 agnoscet;
844 2686 941 2766 qui
990 2696 1207 2751 scilicet
1251 2697 1448 2761 solam,
1490 2694 1573 2750 uti
1621 2694 1740 2764 ipsa
1780 2709 1841 2750 se
1889 2693 2077 2761 habet,

491 2803 605 2843 non
638 2795 702 2842 ut
745 2787 1119 2853 existimatur,
1151 2794 1449 2859 cognoscat
1490 2786 1756 2842 virtutem
1785 2802 1801 2839 :
1836 2784 2080 2856 hincque

488 2890 600 2948 est,
633 2889 695 2937 ut
734 2896 915 2952 neque
954 2880 1240 2936 dexteram
1289 2895 1390 2950 per
1433 2892 1744 2942 excessum,
1784 2892 1965 2947 neque
1999 2877 2079 2933 si-

488 2973 723 3028 nistram
758 2986 859 3042 per
901 2970 1205 3032 defectum,
1239 2970 1399 3025 sciat.
1436 2968 1684 3038 Utraque
1726 2966 1877 3022 enim
1917 2974 2078 3037 parte

490 3060 669 3129 palam
701 3058 1047 3130 intelligitur,
1075 3058 1226 3128 quod
1255 3058 1555 3113 abhorreat
1584 3072 1615 3111 a
1643 3056 1881 3111 ratione.

560 3145 651 3201 99.
689 3117 1401 3202 lnﬂdelitatem-vocatseu
1431 3144 1898 3211 incredulitatem,
1925 3144 2077 3214 quod
2103 3117 2147 3175 θ

488 3239 617 3310 quis
646 3238 885 3310 abneget
924 3240 1213 3304 mandata;
1262 3238 1426 3293 ﬁdem
1463 3250 1619 3302 vero,
1655 3237 1806 3308 quod
1848 3237 1958 3294 illis
1994 3254 2082 3296 as-

488 3347 715 3388 sensum
782 3329 1048 3402 praebeat.
1122 3330 1441 3394 Tenebras,
1519 3328 1656 3384 boni
1742 3330 2077 3400 honestique

486 3425 884 3496 ignorantiam;
937 3425 1141 3488 lucem,
1187 3423 1310 3494 ejus
1357 3421 1717 3492 agnitionem.
1768 3419 2077 3491 Christum,

486 3518 620 3572 boni
661 3517 998 3586 honestique
1041 3515 1336 3585 appellavit
1376 3513 1675 3569 essentiam
1714 3528 1780 3568 ac
1814 3513 2078 3570 substan-

488 3608 642 3663 tiam.
694 3606 988 3662 Diabolum
1039 3604 1318 3674 denique,
1357 3604 1455 3674 qui
1509 3603 1783 3658 malorum
1828 3606 2076 3662 omnium

486 3711 689 3767 parens
717 3695 972 3760 exsistat,
1001 3694 1304 3765 pessimum
1336 3693 1616 3749 habitum.

558 3789 686 3846 100.
713 3787 851 3844 Cum
893 3787 1035 3842 ratio
1072 3801 1258 3841 rerum
1298 3786 1426 3842 ﬁnis
1472 3785 1782 3859 modusque
1819 3789 2072 3855 exsistat,

484 3881 717 3953 perinde
754 3890 839 3938 est
878 3881 946 3937 ad
994 3880 1226 3936 rationis
1255 3880 1598 3947 “absentiam,
1630 3889 1798 3951 atque
1844 3881 1984 3938 adeo
2013 3891 2075 3939 ut

482 3991 513 4029 a
546 3974 761 4030 ratione
792 3973 1108 4037 abhorreat,
1142 3983 1346 4043 praeter
1384 3974 1548 4028 tinem
1593 3972 1946 4045 modumque,
1976 3984 2073 4031 aut

484 4084 679 4123 rursus
703 4082 873 4136 supra
905 4066 1018 4130 illa,
1049 4065 1285 4120 moveri.
1315 4064 1603 4121 Utrumvis
1628 4065 1800 4130 enim,
1829 4065 1950 4131 hos,
1975 4069 2071 4138 qui

482 4161 562 4215 sic
609 4167 960 4222 moveantur,
993 4158 1062 4212 ab
1099 4172 1168 4213 eo
1214 4157 1362 4228 quod
1409 4166 1495 4212 est
1541 4158 1764 4228 proprie
1811 4173 2069 4216 exerrarc

481 4252 613 4306 facit
649 4270 663 4306 :
700 4251 934 4306 alterum
981 4250 1239 4320 quidem,
1295 4249 1570 4304 incertum
1625 4250 1904 4321 nullisque
1953 4260 2069 4308 ter-

481 4344 646 4397 minis
678 4342 965 4397 deﬁnitum
1016 4356 1240 4395 cursum
1285 4355 1552 4411 peragere
1588 4340 1854 4409 suadens;
1904 4344 2070 4415 διο

2194 505 2397 575 σαρκὸς
2453 505 2529 567 ὡς
2567 503 2868 573 ἀριστερᾶς
2920 502 3022 555 οὐκ
3073 496 3218 555 οἶδεν
3268 500 3561 571 ἁμαρτίαν
3590 517 3605 531 ⁸
3664 502 3695 554 ὀ
3739 502 3788 555 ἃ

2192 598 2292 666 τῆς
2350 595 2630 666 γνώσεως,
2681 594 2782 668 τὴν
2824 594 3004 664 ψυχῆς
3052 592 3128 657 ὡς
3177 593 3365 657 δεξιᾶς
3418 593 3486 646 οὐ
3544 593 3787 660 γινώσκει

2193 692 2415 747 κακίαν.

2267 866 2375 932 ιπζυ.
2430 864 2494 918 Ἦ
2519 862 2664 918 κατὰ
2699 863 2860 932 λόγον
2897 861 3101 932 γνῶσις
3133 861 3243 915 τῶν
3288 861 3549 933 ἀρετῶν’
3575 861 3785 931 tam"

2195 958 2315 1010 κατ’
2344 955 2631 1027 ἐνέργειαν
2675 954 2885 1025 ἀληθὴς
2927 952 3028 1023 τῆς
3059 952 3169 1006 τῶν
3206 952 3434 1023 ἀρετῶν
3462 952 3659 1015 αἰτίας
3682 954 3787 1005 ἑπέ-

2194 1066 2417 1117 γνωσις,
2445 1050 2674 1118 ἄγνοιαν
2707 1045 2948 1116 παντελῆ
2974 1045 3191 1115 πέφυκε
3223 1048 3435 1110 ποιεῖν,
3469 1045 3582 1117 τῆς
3624 1045 3787 1112 δεξιᾶς

2194 1142 2291 1194 καὶ
2337 1142 2639 1213 ἀριστερᾶς
2668 1138 3016 1212 ἑκατέρωθεν
3045 1139 3479 1209 παρακειμένης
3515 1140 3595 1210 τῇ
3646 1139 3789 1207 pesti-

2192 1248 2318 1302 τητι
2367 1233 2479 1286 τῶν
2517 1232 2732 1301 ἀρετῶν
2762 1230 3074 1303 ὑπερϐολῆς
3105 1232 3202 1284 καὶ
3232 1230 3569 1298 ἐλλείψεως.
3601 1230 3670 1283 El
3697 1230 3789 1299 γὰρ

2188 1325 2347 1379 οὐδὲν
2381 1326 2443 1379 ὲν
2470 1325 2550 1395 τῷ
2583 1324 2729 1396 λόγῳ
2763 1322 3046 1386 παντελῶς
3077 1323 3327 1393 πέφυκεν
3365 1319 3522 1378 εἶναι
3558 1322 3790 1392 παρῶσ-

2194 1433 2313 1487 γον,
2344 1416 2535 1486 σαφῶς
2561 1418 2591 1471 ὀ
2620 1417 2760 1488 πρὸς
2787 1417 2880 1471 τὸν
2911 1416 3069 1486 λόγον
3098 1416 3220 1471 ’τῶν
3250 1415 3478 1488 ἀρετῶν
3512 1415 3789 1486 augeat“

2190 1509 2291 1582 τὴν
2310 1509 2421 1564 τῶν
2437 1510 2769 1581 παραλόγων
2810 1509 3066 1581 οὐδαμῶς
3101 1509 3490 1578 ἐπιγνώσεται
3517 1508 3696 1562 Θὲσιν.
3724 1510 3790 1562 Οὐ

2191 1602 2302 1673 γὰρ
2333 1602 2566 1657 δυνατὸν
2593 1602 2764 1673 ἄμφω
2796 1602 2942 1655 κατὰ
2963 1601 3161 1655 ταύτὸν
3189 1601 3309 1671 ἅμα
3334 1600 3707 1672 καταθρῆσαι
3733 1603 3792 1653 τὰ

2194 1693 2571 1765 ἀντικείμενα,
2609 1695 2707 1748 καὶ
2731 1693 2949 1765 θατέρῳ
2973 1692 3090 1764 ἅμα
3108 1692 3169 1746 τὸ
3193 1693 3388 1765 ἕτερον
3418 1692 3650 1763 γνῶναι
3678 1709 3793 1747 συν·

2194 1804 2219 1840 ε
2229 1786 2615 1858 μφαινόμενον.
3080 1824 3083 1827 -

2263 1968 2375 2040 κη’.
2416 1967 2491 2024 El.
2516 1968 2782 2032 ἀπιστίας
2821 1969 2881 2022 ὲν
2901 1970 2969 2040 τῇ
3015 1969 3201 2021 πίστει
3233 1966 3398 2037 λόγος
3439 1967 3659 2032 οὐδεὶς,
3682 1967 3795 2021 οὖδὶ

2193 2059 2424 2123 σκότους
2466 2059 2629 2114 ἀἰτία
2673 2059 2821 2115 κατὰ
2865 2059 3030 2127 φύσιν
3076 2059 3317 2131 ὑπάρχει
3361 2059 3433 2113 τὸ
3479 2060 3635 2128 φῶς,
3678 2060 3794 2114 oti-it

2193 2150 2415 2222 Χριστῷ
2443 2151 2930 2205 συνενδείκνυσθαι
2971 2152 3219 2222 nim
3255 2153 3287 2206 ό
3330 2149 3794 2222 διάϐολος.δῆλον

2190 2240 2267 2306 ὡς
2291 2241 2416 2296 οὐδὲ
2447 2241 2529 2314 τιῷ
2553 2242 2697 2314 λόγῳ
2723 2243 3057 2315 τοπαράπαν
3075 2244 3427 2315 συνυπάρχτι
3460 2244 3535 2299 τι
3558 2246 3793 2316 περιλο-

2191 2350 2310 2402 γον.
2343 2334 2407 2388 Εί
2446 2333 2507 2388 δὲ
2557 2333 2638 2406 τῷ
2673 2334 2819 2406 λόγῳ
2860 2336 3105 2390 συνεῖναι
3135 2335 3428 2400 παντελῶς
3459 2337 3531 2391 οὗ
3571 2337 3796 2393 δῦναι-ι

2182 2424 2255 2478 τὸ
2287 2424 2621 2496 παράλογον,
2651 2427 2682 2479 ὁ
2713 2426 2853 2498 πρὸς
2892 2425 2987 2480 τὸν
3031 2426 3192 2496 λόγον
3228 2425 3364 2499 τῶν
3392 2427 3631 2498 ἀρετῶν
3665 2430 3790 2483 ἀνι-

2187 2514 2361 2587 χθεὶς,
2411 2515 2512 2588 τὴν
2573 2517 2683 2572 τῶν
2728 2517 3062 2589 παραλόγων
3098 2518 3371 2591 κούδαμῶς
3410 2521 3790 2591 ἐπιγνώσεται

2186 2608 2361 2674 θέσιν,
2403 2609 2574 2682 μόνην
2603 2610 2682 2674 ὡς
2716 2610 2894 2675 ἐστιν,
2923 2609 3044 2665 ἀλλ’
3084 2611 3184 2682 οὐχ
3235 2612 3317 2677 ὡς
3371 2613 3678 2684 νομίζεται
3705 2631 3788 2683 γι·

2185 2700 2418 2756 νῶσκων
2445 2703 2546 2773 τὴν
2574 2703 2780 2774 ἀρετήν
2799 2721 2814 2737 ο
2849 2704 2945 2757 καὶ
2973 2703 3064 2758 διὰ
3091 2703 3255 2758 τοῦτο
3303 2705 3460 2776 μήτε
3489 2705 3688 2772 δεξιὰν
3706 2706 3787 2761 διὰ

2185 2795 2286 2866 τῆς
2314 2794 2657 2867 ὑπερσολῆς,
2702 2797 2841 2868 μήτε
2883 2796 3183 2870 ἀριστερῶν
3216 2797 3309 2852 διὰ
3351 2798 3463 2869 τῆς
3492 2799 3785 2871 ἐλλείψεως

2186 2887 2576 2958 ἐπιστάμενος.
2619 2888 2740 2943 Ἐπ’
2774 2890 2981 2961 ἀμφοῖν
3022 2891 3135 2962 γὰρ
3160 2890 3473 2962 θεωρεῖται
3502 2892 3705 2961 σαφῶς
3725 2893 3782 2947 τὺ

2185 2977 2514 3049 παράλογον.
3360 2995 3373 3005 ’

2253 3155 2359 3224 ιιοι.
2414 3157 2703 3213 ’Δπιστίαν
2738 3158 2912 3228 λέγει,
2942 3159 3044 3231 τὴν
3072 3161 3304 3231 ἄρνησιν
3342 3162 3458 3220 τῶν
3509 3162 3776 3218 ἐντολῶν*

2184 3244 2367 3301 πίστιν
2402 3247 2483 3310 δὲ,
2527 3247 2627 3318 τὴν
2654 3249 2837 3302 αὐτῶν
2883 3249 3316 3318 συγκατάθεσιν·
3357 3250 3420 3304 τὸ
3458 3251 3527 3306 δὲ
3564 3254 3774 3317 enim,

2178 3334 2278 3389 τοῦ
2312 3336 2480 3390 καλοῦ
2505 3337 2606 3406 τὴν
2635 3336 2862 3406 ἄγνοιαν
2883 3354 2897 3369 ·
2933 3340 2997 3401 τὸ
3025 3338 3085 3392 δὲ
3119 3339 3262 3408 φῶς,
3299 3341 3406 3412 τὴν
3434 3345 3644 3397 τούτου
3673 3344 3777 3398 διὰ-

2179 3443 2406 3494 γνωσιν.
2449 3428 2685 3499 Χριστὸν
2718 3429 2774 3483 δὲ
2803 3429 3067 3502 κέκληκε,
3101 3430 3203 3503 τὴν
3232 3431 3428 3485 οὐσίαν
3472 3434 3577 3489 τοῦ
3607 3434 3773 3489 παλῶ

2180 3522 2275 3583 καὶ
2323 3519 2424 3591 τὴν
2458 3520 2799 3575 -ὑπὸστασινο
2833 3522 2925 3576 τὸν
2968 3522 3217 3578 διάϐολον
3268 3524 3353 3588 δὲ,
3400 3524 3508 3597 τὴν
3536 3522 3769 3581 ’πάντων

2175 3610 2506 3683 γεννητικὴν
2527 3612 2639 3665 τῶν
2663 3611 2854 3667 κακῶν
2885 3614 3173 3686 χειρίστην
3203 3613 3343 3681 ἕξιν.

2249 3795 2315 3860 ρ’.
2358 3780 2421 3843 Et
2455 3790 2580 3861 ὄρος
2612 3791 2851 3864 ὑπάρχει
2899 3793 2994 3846 καὶ
3043 3792 3245 3865 μέτρον
3270 3793 3381 3849 τῶν
3406 3794 3587 3851 ὅντων
3613 3797 3648 3849 ό
3678 3797 3767 3852 λό-

2172 3896 2291 3950 γος,
2324 3880 2443 3937 ἴσον
2485 3883 2623 3955 πρὸς
2669 3884 2896 3954 ἀλογίαν
2921 3885 3061 3951 ἐπὶ,
3091 3885 3187 3940 καὶ
3216 3885 3309 3940 διὰ
3328 3886 3496 3940 τοῦτο
3524 3887 3767 3959 παρά-λο-

2173 3987 2292 4040 γον.
2323 3971 2387 4026 τὸ
2417 3972 2574 4045 παρὰ
2593 3972 2686 4027 τὸν
2715 3973 2840 4045 ὅρον
2867 3973 2963 4028 καὶ
2990 3975 3144 4043 παρὰ
3186 3974 3248 4028 τὸ
3274 3974 3504 4047 μέτρον,
3535 3978 3572 4048 ἢ
3602 3977 3766 4032 πάλιν

2172 4062 2314 4133 ὑπὲρ
2344 4062 2435 4116 τὸν
2468 4063 2595 4134 ὅρον
2636 4063 2909 4119 κινεῖσθαι
2931 4066 3027 4119 καὶ
3060 4064 3202 4136 ὑπὲρ
3232 4064 3297 4118 τὺ
3327 4066 3562 4137 μέτρον.
3610 4066 3766 4122 Ἐπε-

2172 4167 2275 4222 σης
2308 4148 2420 4223 γὰρ
2467 4151 2636 4223 ἄμφω
2677 4154 2792 4216 τοῖς
2841 4152 2988 4207 οὕτω
3029 4152 3370 4224 κινουμένοις
3413 4154 3515 4208 τοῦ
3554 4156 3761 4227 κυρίως

2170 4242 2322 4306 ὄντος
2362 4242 2522 4313 φέρει
2565 4244 2668 4315 τὴν
2708 4245 3021 4298 ἔκπτωσινο
3063 4244 3127 4299 τδ
3171 4246 3293 4316 μὲν,
3337 4246 3545 4318 ἄδηλον
3576 4251 3760 4312 auaui;

2170 4334 2439 4387 ποιεῖσθαι
2467 4334 2562 4388 τοῦ
2606 4336 2809 4408 δρόμου
2842 4337 3033 4390 πεῖθον
3063 4336 3163 4408 τὴν
3208 4338 3428 4408 κίνησιν
3466 4340 3572 4394 καὶ
3606 4341 3758 4411 tripe-

477 4435 558 4489 sic
608 4435 893 4496 nimirum,
928 4441 990 4486 ut
1031 4448 1145 4503 pra:
1194 4433 1397 4487 mentis
1442 4431 1899 4499 immoderantia,
1950 4442 2069 4488 tan-

2188 4442 2317 4492 nov,
2359 4428 2462 4480 οὐκ
2522 4426 2755 4498 ἔχουσαν
2813 4428 3017 4482 σκοπὸν
3062 4429 3153 4483 τὸν
3194 4429 3330 4483 Θεὸν
3368 4430 3440 4483 δι’
3486 4432 3758 4503 ἀμετρίαν

476 4544 643 4597 quam
674 4526 838 4582 tinem
875 4525 984 4580 illis
1012 4520 1483 4595 praeconceptuin,
1514 4525 1690 4580 Deum
1731 4525 2068 4581 destinatum

474 4634 587 4674 non
634 4618 911 4682 habeant;
954 4615 1085 4670 dum
1134 4630 1202 4671 eo
1254 4614 1402 4685 quod
1449 4606 1706 4670 dextrum
1751 4624 1870 4682 est,
1919 4616 2066 4672 aliud

474 4702 609 4773 quid
654 4703 831 4773 magis
875 4702 1134 4757 dextrum
1185 4717 1251 4758 ac
1297 4702 1536 4767 beatius,
1572 4704 1848 4760 somniant
1884 4721 1898 4758 :
1934 4705 2066 4761 alte-

473 4811 597 4851 rum
637 4811 769 4850 vero
821 4795 878 4849 in
928 4795 1174 4850 animum
1226 4793 1521 4858 inducens,
1554 4806 1616 4852 ut
1655 4807 1859 4867 praeter
1895 4797 2067 4855 desti-

471 4897 685 4950 natum,
720 4886 776 4940 in
828 4886 1010 4942 solum
1058 4900 1285 4941 sensum
1323 4900 1547 4941 cursum
1586 4886 1903 4955 intendant;
1934 4886 2066 4943 dum

470 4990 584 5046 prae
634 4975 839 5031 mentis
890 4973 1239 5044 pusillitate,
1286 4989 1451 5043 quem
1499 4990 1664 5030 sensu
1711 4975 2065 5031 circumscri-

473 5065 646 5131 bunt,
701 5073 1145 5137 przeconeeptum
1198 5064 1363 5118 linem
1422 5064 1758 5121 existimant.
1806 5065 1933 5120 llaec
1983 5067 2065 5121 rei

473 5157 594 5229 ipso
620 5175 786 5214 sensu
828 5173 939 5213 non
979 5156 1289 5227 experitur,
1326 5156 1421 5226 qui
1459 5157 1563 5212 soli
1595 5158 1820 5213 virtutis
1862 5158 2063 5214 rationi

469 5250 782 5315 devinctus,
806 5264 1030 5304 omnem
1066 5246 1274 5303 mentis
1304 5264 1417 5303 suae
1445 5248 1722 5303 facultatis
1753 5256 1966 5303 motum
1995 5266 2062 5305 ea

467 5339 753 5405 deﬁnivit;
785 5352 850 5393 ex
881 5353 992 5408 quo
1026 5338 1102 5392 illi
1132 5346 1236 5401 est,
1268 5346 1331 5393 ut
1364 5337 1505 5392 nihil
1536 5352 1702 5407 supra
1728 5345 1825 5392 aut
1856 5347 2056 5407 praeter

469 5429 761 5490 rationem,
792 5428 998 5497 illaque
1022 5427 1194 5481 invita
1223 5427 1410 5481 animo
1443 5426 1684 5497 cogitare
1712 5427 1908 5497 possit.

784 5538 1043 5607 QUINTO
1078 5528 1404 5618 CENTENA
1437 5538 1711 5595 CAPITA.

540 5631 592 5684 1.
634 5629 909 5685 Naturalis
939 5632 1101 5696 ratio,
1135 5646 1235 5700 per
1264 5631 1475 5687 medias
1501 5628 1758 5698 virtutes,
1790 5648 1916 5687 eum
1954 5631 2047 5702 qui

538 5736 557 5757 '
588 5735 668 5791 Cf.
706 5738 768 5790 ad
799 5738 959 5795 Thal.
987 5757 1038 5811 q.
1076 5741 1164 5796 6i.

2170 4516 2309 4583 νοὸς,
2338 4518 2415 4583 ὡς
2444 4518 2599 4583 τέλος
2636 4520 2823 4583 αὐτοῖς
2856 4520 3382 4591 προεπινοούμενον·
3417 4522 3519 4577 τοῦ
3556 4523 3753 4588 δεξιοῦ.

2164 4606 2485 4680 δεξιώτερον
2532 4609 3028 4681 ἀναπλαττομένοις
3049 4628 3064 4641 ·
3110 4613 3172 4665 τὸ
3211 4612 3291 4678 δὲ,
3328 4613 3488 4684 παρὰ
3513 4615 3612 4669 τὸν
3632 4632 3758 4669 σιο-

2167 4700 2290 4765 πδν,
2326 4702 2464 4773 πρὸς
2511 4702 2679 4774 μόνην
2725 4703 2826 4774 τὴν
2873 4702 3129 4775 αἴσθησιν
3167 4704 3373 4769 αὐτοὺς
3412 4705 3631 4773 πεῖθον,
3657 4707 3754 4760 τοξ

2167 4792 2369 4865 δρόμου
2395 4794 2670 4848 ποιεῖσθαι
2694 4794 2796 4864 τὴν
2830 4796 3070 4866 κίνησιν,
3092 4795 3162 4851 δι’
3186 4796 3413 4861 ἀτονίας
3439 4798 3591 4863 νοὸς,
3624 4816 3759 4870 προν

2169 4884 2558 4956 επινοούμενον
2608 4885 2761 4950 τέλος
2806 4886 3150 4957 νομίζοντας,
3214 4887 3277 4941 τὸ
3320 4890 3449 4941 κατ’
3494 4891 3753 4961 αἴσθησιν

2163 4976 2348 5040 αὐτοῖς
2393 4977 2874 5048 περιγραφόμενον
2892 4993 2907 5009 ’
2935 4977 3083 5047 ἅπερ
3112 4979 3297 5048 ἀγνοεί
3336 4981 3416 5053 μὴ
3448 4981 3703 5053 πάσχων.
3722 4984 3752 5036 ὁ

2166 5068 2312 5138 μόνῳ
2355 5067 2432 5141 τῷ
2474 5069 2618 5140 λόγῳ
2665 5068 2772 5138 τῆς
2801 5071 3004 5142 ἀρετῆς
3034 5072 3399 5143 συνημμένος,
3434 5074 3535 5127 καὶ
3572 5077 3752 5130 πᾶσαν

2161 5158 2312 5229 αὒτῷ
2356 5160 2457 5229 τῆς
2485 5160 2629 5213 κατὰ
2665 5161 2793 5214 νοῦν
2834 5161 3047 5226 οἰκείας
3076 5162 3356 5233 δυνάμεως
3393 5167 3750 5237 πριγρὰτμις

2158 5252 2259 5322 τὴν
2290 5251 2529 5321 κίνησιν,
2576 5253 2671 5306 καὶ
2716 5252 2969 5307 διατοῦτο
3013 5254 3178 5325 μηδὲν
3211 5255 3353 5326 ὑπὲρ
3403 5258 3499 5311 τὸν
3532 5259 3746 5329 λόγονῆ

2163 5344 2315 5415 παρὰ
2343 5344 2436 5397 τὸν
2466 5343 2624 5413 λόγον
2661 5344 2995 5399 διανοεῖσθαι
3028 5346 3344 5415 δυνάμενος.

2562 5543 2981 5597 ΕΚΛΤΟΝΤΑΣ
3018 5545 3338 5600 ΠΕΜΠἸἩ.

2228 5639 2298 5688 α’.
2342 5636 2357 5655 '
2393 5635 2453 5688 Ὀ
2493 5637 2633 5691 κατὰ
2678 5634 2840 5705 φύσιν
2887 5635 3067 5708 λόγος,
3114 5638 3203 5694 διὰ
3251 5636 3433 5709 μέσων
3475 5639 3741 5725 τῶνᾶρι-
