3922 6348
219 276 366 346 13m

897 271 1234 338 CAPITUM
1275 273 1699 346 QUINOUIES
1735 271 2260 335 CENTENORUM
2294 273 2685 335 CENTURIA
2723 273 2787 336 V.

3366 269 3506 341 i350

216 399 354 462 τῶν,
387 395 526 468 πρὸς
553 393 648 448 τὸν
682 391 809 448 νοῦν
851 394 1078 462 ἀνάγειν
1126 393 1342 465 πέφυκε
1383 393 1476 446 τὸν
1515 390 1808 463 ἐπιμελούο

1936 391 2121 446 ιειίοιιὶ
2164 390 2506 462 diligentiam
2548 392 2734 459 habet,
2773 391 2842 445 ad
2880 389 3300 462 intelligentiam
3342 408 3504 448 men-

219 506 386 560 μενον
419 488 671 560 πράξεως
691 501 706 516 ⁸
741 490 770 542 ὁ
795 487 852 542 δὲ
895 487 1020 550 νοῦς
1050 488 1189 558 πρὸς
1220 487 1318 560 τὴν
1360 487 1556 554 σοφίαν
1593 485 1808 554 εἰσάγει

214 581 310 634 διά
341 579 578 651 θεωρίας
618 579 710 633 τὸν
753 578 1041 649 ἐφιέμενον
1081 578 1356 648 γνώσεως.
1394 579 1466 632 Τὸ
1489 578 1544 631 δὲ
1571 577 1810 649 παράλο·

217 688 319 739 γον
347 670 540 734 πάθος,
575 670 714 736 πρὸς
757 669 857 740 τὴν
900 669 1155 739 αίσθησιν
1183 669 1362 722 πείθει
1402 666 1810 739 καταφέρεσθαι

217 765 317 819 τὸν
346 763 658 834 ἀμελοῦντα
690 762 800 816 τῶν
837 761 1092 824 ἐντολῶν,
1126 755 1195 834 ἦς
1237 761 1389 825 τέλος
1419 761 1559 826 ἐστὶ,
1587 760 1647 814 τὸ
1673 759 1811 832 πρὸς

217 854 322 927 τὴν
351 855 546 926 ἡδονὴν
579 852 967 925 καθηλωθῆναι
988 852 1081 906 τὸν
1109 851 1256 906 νοῦν.

297 1035 362 1104 β’.
419 1033 651 1105 Ἀρετὴν
693 1032 871 1096 καλεῖ,
905 1032 1006 1103 τὴν
1037 1031 1427 1102 ἀπαθεστάτην
1470 1034 1566 1086 καὶ
1606 1031 1813 1102 παγίαν

220 1129 357 1201 περὶ
383 1129 444 1181 τὸ
471 1127 637 1181 καλὸν
681 1126 818 1190 ἕξιν,
847 1119 914 1198 ἦς
953 1124 1040 1193 ἐφ’
1068 1124 1308 1196 ἑκάτερα
1337 1124 1686 1195 καθέστηκεν
1723 1127 1815 1178 οὑ-

219 1223 334 1286 δέν,
375 1221 510 1275 Θεοῦ
542 1219 815 1291 φερούσης
839 1220 1192 1291 χαρακτῆρα,
1225 1210 1269 1285 ᾧ
1297 1217 1450 1270 οὐδέν
1474 1218 1622 1270 ἐστιν
1657 1218 1815 1270 ἐναν-

219 1313 358 1367 τίον.
391 1310 552 1365 Αίτία
597 1311 655 1363 δὲ
694 1308 805 1362 τῶν
839 1309 1051 1380 ἀρετῶν
1085 1311 1236 1361 ἐστιν
1265 1310 1293 1361 ὁ
1331 1307 1465 1370 Θεὸς
1487 1323 1502 1337 ·
1533 1306 1724 1361 τούτου
1755 1307 1814 1360 δέ

223 1404 350 1458 κατ’
371 1404 653 1476 ἐνέργειαν
691 1401 916 1472 γνῶσις,
953 1404 988 1472 ἡ
1019 1400 1111 1455 τοῦ
1133 1401 1256 1454 κατ’
1288 1399 1548 1471 ἀλήθειαν
1571 1401 1816 1470 ἐπεγνω-

223 1499 384 1560 κότος
405 1496 498 1550 τὸν
520 1495 653 1548 Θεὸν
674 1494 810 1566 πρὸς
836 1494 898 1548 τὸ
925 1493 1146 1564 πνεῦμα
1173 1492 1316 1547 κατά
1342 1491 1441 1557 τὴν
1465 1491 1579 1556 ἕξιν
1590 1492 1817 1546 ἀλλοίω-

225 1609 337 1654 σις,

299 1689 366 1750 γ’.
393 1682 454 1735 Εἰ
477 1683 504 1734 ὸ
519 1680 675 1750 λόγος
703 1677 956 1750 διώρισεν
977 1677 1053 1742 ὡς
1081 1677 1324 1747 πέφυκεν
1341 1677 1572 1731 ἑκάστου
1594 1677 1692 1748 τὴν
1709 1676 1816 1747 γέ-

225 1790 395 1836 νεσιν,
424 1773 576 1826 οὐδὲν
606 1771 715 1824 τῶν
737 1771 906 1825 ὄντων
936 1770 1098 1823 ἐαντὸ
1112 1769 1357 1838 φυσικῶς
1381 1769 1412 1838 ἥ
1437 1768 1817 1841 ὑπερὸέὸηκεν
1849 1747 1892 1805 Β

229 1865 263 1934 ἦ
299 1863 658 1934 ὖποϐέϐηκεν.
698 1861 908 1915 Οὐκοῦν
941 1863 1067 1931 ὄρος
1110 1861 1210 1931 μὲν
1238 1861 1347 1914 τῶν
1373 1860 1544 1912 ὅντων
1588 1859 1753 1924 ἐστὶν,
1784 1860 1818 1930 ἡ

227 1955 352 2008 κατ’
371 1954 555 2024 ἔφεσιν
571 1955 670 2024 τῆς
685 1954 862 2017 αἰτίας
888 1954 1182 2021 ἐπίγνωσις
1202 1967 1217 1982 ·
1241 1952 1437 2022 μέτρον
1467 1950 1544 2015 δὲ,
1569 1953 1602 2022 ή
1624 1950 1817 2022 ἐφικτὴ

227 2050 344 2110 τοῖς
364 2042 482 2101 οὖσι
511 2047 632 2099 κατ’
677 2045 958 2114 ἐνέργειαν
979 2045 1079 2113 τῆς
1107 2044 1287 2106 αἰτίας
1311 2044 1635 2114 ὲκμίμησις.
1666 2043 1740 2095 Τὸ
1762 2041 1820 2095 δὲ

232 2138 376 2208 ὑπὲρ
401 2139 490 2191 τὸν
515 2138 642 2208 ὅρον
676 2137 941 2208 φέρεσθαι
965 2137 1058 2189 καὶ
1091 2135 1152 2189 τὸ
1189 2135 1389 2205 μέτρον
1419 2133 1530 2186 τῶν
1566 2131 1822 2204 κινουμέ-

229 2246 341 2283 νων
366 2227 465 2300 τὴν
493 2228 699 2297 ἔφεσιν,
731 2227 990 2298 ἀνόνητον
1023 2228 1169 2280 ποιεί
1202 2227 1292 2279 τὸν
1316 2225 1536 2297 δρόμον,
1578 2224 1652 2296 μὴ
1677 2241 1814 2279 κατ·

230 2318 520 2374 αντώντων
572 2323 652 2383 είς
699 2319 853 2382 Θεὸν,
905 2320 964 2372 ἐν
1013 2312 1058 2387 ᾧ
1106 2319 1140 2389 ἡ
1173 2319 1296 2371 κατ’
1344 2317 1531 2387 ἔφεσιν
1596 2317 1814 2370 πάντων

235 2410 454 2463 ῐισταται
505 2409 736 2481 κίνησις,
787 2408 1199 2464 αὺθυπὸστατον
1237 2407 1501 2478 δεχομένη
1529 2406 1684 2470 τέλος
1715 2405 1815 2460 τοῦ

234 2499 372 2553 Θεοῦ
407 2501 504 2572 τὴν
531 2501 854 2554 ἀπόλαυσιν.
889 2499 963 2552 Τὸ
995 2498 1052 2551 δέ
1095 2496 1248 2568 παρά
1276 2498 1368 2551 τὸν
1397 2499 1522 2568 ὅρον
1552 2496 1812 2568 φέρεσθαι

237 2595 337 2647 καὶ
359 2593 418 2646 τὸ
452 2594 652 2666 μέτρον
687 2593 796 2646 τῶν
831 2591 1297 2663 κινουμένιονίτὴν
1328 2590 1536 2660 ἔφεσιν,
1568 2590 1825 2659 ἀνόνητον

237 2687 383 2737 ποιεί
411 2684 502 2738 τὸν
535 2683 755 2756 δρόμον,
788 2682 910 2737 ἀντὶ
953 2681 1092 2735 Θεοῦ
1130 2680 1522 2735 καταντῶντων
1564 2679 1704 2750 πρὸς
1727 2679 1827 2749 τὴν

238 2777 517 2847 αἴσθησιν,
564 2779 623 2829 ἐν
741 2775 868 2828 καθ’
903 2773 1096 2844 ἡδονὴν
1144 2773 1378 2844 βέϐηκεν
1416 2773 1451 2843 ἡ
1484 2771 1593 2826 τῶν
1637 2771 1828 2826 παθῶν

237 2867 613 2929 ἀνυπόστατος
643 2866 966 2923 ἀπόλαυσις.

1913 493 2137 553 temque
2165 484 2414 554 proclive
2453 484 2754 554 provehit:
2789 499 2948 538 mens
2991 498 3128 538 vero
3165 485 3506 554 contempla-

1913 575 2082 630 tionis
2110 577 2262 630 cultu
2295 575 2538 631 scientia:
2567 574 2847 630 desiderio
2875 573 3152 638 aﬁ‘ectum,
3183 574 3251 628 ad
3280 575 3500 644 sapien-

1913 667 2044 723 tiam
2076 667 2312 724 inducit.
2337 666 2470 734 Quze
2493 677 2676 722 autem
2705 685 2735 722 a
2765 667 2978 722 ratione
3006 666 3189 736 passio
3216 665 3503 730 abhorret,

1913 771 1976 816 ut
2025 763 2082 816 in
2129 778 2350 818 sensum
2401 777 2649 834 praceps
2695 771 2822 816 ruat
2870 761 2949 816 illi
3009 764 3218 816 auctor'
3249 768 3362 823 est,
3407 760 3504 830 qui

1915 854 2172 909 mandata
2201 855 2458 926 negligit;
2499 856 2658 925 cujus
2698 853 2825 908 ﬁnis
2857 864 2961 917 est,
2993 860 3056 907 ut
3094 867 3253 907 mens
3282 850 3505 906 libidini

1915 946 2122 1001 haereat
2149 948 2312 1017 eique
2343 947 2557 1003 conﬁxa
2586 947 2679 1002 sit.

1983 1038 2037 1093 2.
2089 1039 2364 1095 Virtutem
2427 1048 2623 1104 vocat,
2689 1037 3109 1108 pacatissimum
3176 1035 3507 1105 ﬁrmumque

1915 1131 2138 1188 honesti
2179 1133 2427 1202 rectique
2475 1132 2750 1197 habitum,
2795 1132 2936 1186 nihil
2986 1131 3252 1200 utrinque
3298 1129 3509 1182 haben-

1917 1233 2050 1290 tem,
2079 1226 2176 1296 qui
2209 1227 2308 1281 Dei
2353 1229 2732 1282 characterem
2778 1226 2939 1292 ferat,
2972 1226 3062 1282 cui
3105 1225 3244 1280 nihil
3276 1226 3512 1280 exsistat

1915 1317 2282 1372 contrarium.
2318 1317 2601 1373 Virtutum
2644 1326 2831 1371 autem
2879 1332 3044 1372 causa
3092 1317 3238 1371 Deus
3270 1324 3376 1380 est,
3408 1330 3508 1369 seu

1917 1417 2112 1463 auctor
2145 1426 2157 1462 :
2197 1409 2293 1462 Dei
2337 1424 2473 1463 vero
2516 1408 2573 1462 in
2622 1415 2747 1462 actu
2802 1407 3066 1478 cognitio,
3102 1407 3218 1476 ipsa
3255 1408 3374 1475 ejus
3411 1403 3507 1474 qui

1915 1516 2048 1555 vere
2114 1500 2289 1555 Deum
2345 1499 2575 1570 agnovit
2616 1500 2674 1554 in
2738 1499 3002 1570 spiritum
3060 1498 3254 1571 habitu
3309 1497 3511 1551 immu-

1920 1589 2076 1644 talio.

1989 1683 2041 1738 5.
2080 1681 2218 1736 Cum
2260 1683 2425 1747 ratio,
2463 1683 2732 1753 cujusque
2771 1682 2872 1747 rei,
2906 1697 3008 1752 pro
3034 1698 3102 1737 eo
3135 1697 3200 1736 ac
3241 1681 3318 1736 illi
3360 1695 3511 1736 com-

1922 1783 2175 1846 paratum
2205 1783 2310 1839 cst,
2347 1775 2713 1830 substantiam
2744 1784 3112 1845 naturamque
3147 1774 3506 1838 discreverit;

1923 1865 2074 1920 nulla
2126 1881 2216 1921 res
2258 1873 2344 1921 est
2391 1882 2514 1936 quae
2563 1866 2800 1935 seipsam
2852 1875 3050 1920 natura
3103 1864 3366 1926 excedat,
3416 1872 3512 1918 aut

1922 1957 2103 2027 Seipsa
2139 1949 2371 2011 inferior
2399 1957 2492 2011 sit.
2527 1957 2720 2027 Itaque
2755 1972 2942 2011 rerum
2977 1956 3102 2012 ﬁnis
3130 1961 3295 2026 atque
3321 1956 3512 2010 termi-

1922 2061 2050 2110 nus,
2092 2046 2351 2102 Auctoris
2397 2045 2677 2101 desiderio
2729 2045 2940 2117 agnitio
2990 2045 3208 2101 exsistit
3251 2061 3266 2098 :
3316 2044 3514 2098 modus

1921 2151 2078 2202 vero,
2109 2139 2232 2208 ejus
2278 2138 2457 2208 ipsius
2503 2137 2743 2192 imitatio
2785 2147 2898 2204 est,
2939 2153 3106 2208 quam
3159 2152 3250 2192 res
3287 2137 3342 2190 in
3385 2144 3512 2191 actu

1922 2228 2142 2300 assequi
2180 2229 2415 2300 possint.
2447 2228 2604 2296 Quod
2641 2245 2808 2299 porro
2849 2245 3016 2300 supra
3060 2228 3224 2283 ﬁnem
3261 2234 3517 2282 modum-

1922 2334 2053 2389 que,
2081 2335 2275 2375 eorum
2309 2335 2431 2390 quae
2459 2328 2754 2374 moventur
2777 2320 3056 2389 appetitus
3081 2318 3310 2383 feratur,
3347 2316 3519 2372 inuti-

1916 2411 2030 2466 ‘lem
2063 2410 2246 2466 reddit
2273 2426 2523 2475 cursum,
2557 2411 2704 2481 quod
2730 2411 2796 2466 ad
2826 2411 2999 2466 Deum
3021 2426 3134 2465 non
3163 2410 3513 2480 perveniant,

1923 2499 1980 2552 in
2026 2513 2138 2568 quo
2187 2498 2437 2552 omnium
2484 2499 2844 2569 appetitionis
2893 2507 3112 2560 motus,
3158 2499 3338 2569 ipsum
3381 2511 3518 2552 vero

1922 2590 2281 2645 exsistentcm
2328 2590 2489 2644 ﬁnem
2525 2591 2763 2660 (beatam
2810 2591 3027 2646 scilicet
3067 2591 3162 2645 Dei
3211 2591 3520 2660 possessio-

1926 2682 2074 2754 nem)
2107 2691 2326 2746 nactus,
2355 2682 2720 2752 conquiescit.
2756 2683 2851 2738 Sin
2891 2691 3074 2737 autem
3112 2693 3314 2753 praeter
3350 2682 3515 2738 ﬁnem

1926 2775 2266 2844 modumque
2320 2789 2515 2828 eorum
2567 2775 2848 2846 appetitus
2903 2775 3136 2838 feratur,
3191 2791 3313 2846 qua;
3363 2785 3517 2831 motu

1931 2866 2257 2931 incitantur,
2308 2865 2560 2920 inutilem
2616 2873 2844 2936 praestat
2897 2881 3158 2931 cursum,
3212 2867 3342 2921 dum
3397 2867 3522 2920 loco

238 2955 339 3012 Dei
411 2957 464 3010 in
531 2968 755 3010 sensum
795 2952 1069 3018 incidunt,
1108 2952 1167 3007 in
1208 2967 1320 3022 quo
1361 2953 1540 3008 inanis
1603 2952 2026 3024 frustraneaque
2092 2955 2392 3012 aﬁcctuum
2457 2957 2865 3027 libidinuniqne
2939 2957 3134 3013 fruitio
3203 2959 3521 3030 voluptarie

237 3047 535 3106 conﬂatur.

314 3159 378 3216 δ’.
433 3161 490 3214 '0
520 3160 657 3231 πρὸς
685 3161 784 3232 τὴν
821 3161 1003 3214 αἰτίαν
1049 3159 1155 3215 τῶν
1192 3161 1360 3214 ὄντων
1407 3159 1656 3232 ἀσχέτως
1695 3160 1821 3214 ἀνα-

2001 3141 2160 3212 611
2213 3140 2266 3194 4.
2305 3140 2459 3196 Mens
2508 3140 2563 3195 in
2613 3156 2796 3196 rerum
2850 3156 3070 3197 causam
3113 3140 3523 3212 Auctoremque

241 3254 420 3318 τιθεὶς
481 3253 605 3308 νοῦν
638 3295 652 3317 ,
698 3253 955 3324 ἀγνοήσει
1006 3253 1310 3320 παντελῶς,
1357 3253 1561 3324 μηδένα
1607 3251 1828 3322 θεωρῶν

246 3348 433 3415 λύγον,
473 3349 528 3401 ἐν
569 3346 646 3418 τῷ
686 3345 827 3399 κατὰ
873 3346 1053 3398 πᾶσαν
1081 3344 1262 3399 αἰτίαν
1292 3343 1434 3416 ὑπὲρ
1461 3344 1639 3399 πάντα
1671 3345 1827 3413 λόγον

245 3442 365 3495 ὄντι
399 3440 518 3494 κατ’
533 3439 721 3493 οὐσίαν
744 3438 863 3502 Θεῷ
889 3455 901 3466 ·
934 3439 1071 3510 πρὸς
1102 3438 1160 3491 ὃν
1189 3437 1295 3490 ἀπὸ
1325 3436 1435 3489 τῶν
1459 3437 1628 3493 ὄντων
1658 3439 1830 3492 ἁπάν-

244 3549 358 3584 των
394 3528 701 3592 συσταλεὶς,
730 3526 917 3580 οὐδένα
953 3525 1061 3579 τῶν
1113 3525 1208 3595 ἀφ’
1251 3519 1326 3579 ὧν
1373 3527 1587 3591 ἀπέστη
1630 3526 1826 3595 λόγων,

248 3621 566 3682 ἐπίσταται,
606 3619 766 3690 μόνον
813 3618 904 3670 τὸν
955 3617 1091 3688 πρὸς
1141 3615 1201 3668 ὃν
1239 3616 1428 3684 γέγονε
1471 3615 1613 3670 κατὰ
1647 3618 1828 3686 χάριν,

251 3712 678 3784 ἁνερμηνεύτως
722 3709 1022 3781 θεώμενος.
1076 3709 1185 3762 Καὶ
1223 3707 1332 3780 γὰρ
1390 3709 1485 3760 καὶ
1540 3709 1668 3770 τοὺς
1723 3707 1831 3759 τῶν

249 3804 560 3874 ἀσωμάτων
609 3802 704 3854 καὶ
733 3803 860 3865 τοὺς
891 3799 1000 3852 τῶν
1043 3798 1312 3870 σωμάτων
1346 3799 1540 3868 ἀφίησι
1562 3797 1776 3867 λόγους,
1805 3799 1833 3850 ὁ

263 3895 402 3965 πρὸς
439 3893 530 3946 τὸν
575 3891 710 3945 Θεὸν
753 3888 1080 3961 ἀναδραμὼν
1111 3892 1230 3942 κατ’
1273 3889 1530 3943 ἔκστασιν
1569 3886 1722 3952 νοῦς.“
1757 3888 1832 3941 Οὐ

251 3986 367 4055 γὰρ
410 3983 619 4052 πέφυκέ
657 4002 708 4037 τι
741 3981 860 4052 Θεῷ
889 3983 996 4035 τῶν
1039 3982 1176 4052 μετά
1224 3981 1375 4044 Θεὸν,
1416 3979 1531 4050 ἅμα
1569 3995 1834 4048 συγκατοο

257 4075 574 4132 σιτεύεσθαι.

327 4252 389 4300 ε’.
407 4247 543 4299 Ἑπὰ
553 4264 710 4317 ρατον
726 4246 893 4310 ὅντως
908 4247 1079 4309 πάθος
1113 4249 1141 4301 ὁ
1159 4248 1347 4317 τῦφος,
1368 4247 1460 4299 καὶ
1473 4247 1536 4299 ἐκ
1547 4244 1638 4298 δύο
1651 4244 1836 4298 κακῶν

253 4338 399 4393 κατὰ
431 4339 681 4391 σύνθεσιν
709 4339 1122 4410 συνιστάμενον,
1160 4337 1544 4409 ὑπερηφανίας
1578 4337 1721 4407 φημὶ
1745 4336 1838 4389 καὶ

251 4429 596 4496 κενιδοξίας’
635 4424 709 4483 ὧν
751 4433 784 4500 ὴ
835 4430 935 4498 μὲν
990 4429 1358 4500 ὑπερηφανία,
1395 4429 1491 4499 τὴν
1530 4428 1710 4481 αἰτίαν
1742 4429 1839 4496 ἀρ-

1931 3233 2106 3288 libere
2156 3233 2388 3297 intenta,
2442 3233 2672 3287 omnino
2725 3233 3020 3304 ignorabit,
3063 3233 3268 3288 nullam
3313 3234 3368 3287 in
3407 3235 3522 3289 Deo

1931 3333 2203 3380 contuens
2261 3326 2566 3390 rationein,
2633 3325 2728 3394 qui
2788 3326 3165 3381 essentialiter
3219 3326 3522 3382 secundum

1932 3429 2153 3469 onmem
2207 3431 2428 3470 causam
2459 3457 2473 3481 ,
2527 3419 2680 3472 omni
2733 3417 2988 3488 superior
3043 3417 3258 3473 ratione
3303 3428 3387 3473 est
3423 3437 3436 3472 :
3467 3420 3522 3474 in

1932 3520 2097 3575 quem
2145 3521 2175 3560 a
2221 3508 2440 3563 cunctis
2484 3508 2652 3563 rebus
2709 3508 2960 3572 collecta,
3001 3509 3207 3563 nullam
3240 3524 3454 3572 earum,
3491 3524 3527 3565 τι

1932 3594 2138 3662 quibus
2165 3596 2455 3661 abscessit,
2491 3597 2770 3652 rationum
2815 3597 2997 3662 novit;
3034 3597 3214 3652 solum
3262 3597 3526 3652 nimirum

1934 3682 2001 3736 ad
2030 3699 2194 3752 quem
2227 3687 2405 3739 evasit
2449 3701 2549 3755 per
2587 3687 2844 3758 gratiam,
2892 3687 3268 3756 inexplicabili
3312 3689 3527 3743 ratione

1935 3786 2168 3827 cernens
2205 3789 2270 3828 ac
2319 3774 2697 3829 considerans.
2740 3775 2872 3841 Qua:
2911 3776 3058 3828 enim
3097 3791 3254 3830 mens
3299 3793 3526 3832 excessu

1937 3867 1991 3921 in
2036 3866 2212 3921 Deum
2257 3865 2523 3930 excurrit,
2570 3866 3025 3935 incorporeorum
3057 3867 3174 3937 (seu
3205 3867 3526 3938 spirituum)

1936 3972 2347 4029 corporumque
2400 3958 2598 4012 missas
2650 3957 2895 4011 rationes
2946 3957 3098 4013 facit.
3151 3958 3288 4012 Nam
3343 3975 3528 4028 neque

1937 4058 2314 4120 comparatum
2363 4060 2481 4114 est,
2535 4060 2594 4104 ut
2642 4065 2838 4104 eorum
2888 4049 3135 4120 aliquid,
3181 4067 3304 4120 qua:
3345 4067 3375 4106 a
3413 4053 3529 4107 Deo

1938 4142 2180 4197 secunda
2209 4153 2357 4208 sunt,
2391 4157 2499 4196 una
2527 4156 2654 4195 cum
2685 4141 2799 4194 Deo
2827 4142 3224 4210 conSpiciatur.

2013 4235 2065 4289 5.
2107 4233 2745 4289 Exseerandum.revcra
2770 4230 2966 4285 vitium
3000 4231 3361 4300 affectusque,
3393 4232 3523 4286 elati

1939 4327 2110 4381 animi
2141 4335 2324 4381 tumor
2351 4340 2416 4380 ac
2449 4324 2625 4379 fastus
2657 4323 3080 4393 insolentiaque.
3109 4339 3285 4392 exque
3317 4323 3523 4394 duplici

1943 4419 2262 4473 coalescens
2290 4417 2459 4482 vitio,
2498 4415 2756 4486 superbia
2799 4415 3064 4470 nimirum
3110 4415 3372 4484 inanique
3409 4415 3528 4485 glo-

249 4522 429 4574 νεῖται
461 4522 559 4591 τῆς
595 4484 800 4592 ἀρετῆς
831 4484 926 4574 καὶ
961 4520 1060 4590 τῆς
1101 4484 1324 4591 ’φῦσεως
1346 4537 1358 4551 ⁸
1389 4521 1423 4591 ἡ
1449 4484 1510 4572 δὲ
1541 4484 1825 4586 κενοδοξία,

1945 4511 2056 4576 ria;
2087 4526 2320 4580 quarum
2353 4511 2526 4564 altera
2558 4484 2778 4581 (nempe
2808 4507 3088 4578 superbia)
3116 4507 3340 4562 virtutis
3362 4484 3530 4574 atque

247 4612 358 4682 τήν
387 4628 447 4664 τε
480 4612 662 4680 φύσιν,
694 4615 790 4666 καὶ
823 4612 993 4684 αὐτὴν
1017 4612 1170 4665 νόθον
1205 4614 1305 4683 τὴν
1340 4613 1544 4682 ἀρετὴν
1576 4611 1840 4680 καθίστη-

252 4719 368 4756 σιν.
406 4704 572 4757 Οὐδὲν
600 4704 710 4777 γάρ
752 4704 832 4776 τῷ
875 4703 1214 4774 ὑπερηφάνῳ
1249 4704 1392 4758 κατὰ
1413 4703 1545 4757 Θεὸν
1576 4701 1841 4773 διαπράτ-

247 4811 432 4861 τεται,
466 4796 558 4848 καὶ
589 4797 742 4851 οὐδὲν
772 4797 850 4868 τῷ
889 4795 1148 4864 κενοδόξῳ
1187 4795 1329 4850 κατὰ
1378 4795 1540 4865 φύσιν
1584 4795 1841 4866 προέρχε-

248 4901 369 4940 ται.

335 5065 408 5124 ς’.
461 5059 874 5129 Ὑπερηφανίας
921 5061 1072 5128 ἴδιον,
1123 5060 1184 5112 τὸ
1228 5060 1509 5130 ἀρνεῖσθαι
1571 5060 1662 5116 τὸν
1710 5055 1842 5117 Θεὸν

255 5152 465 5219 ἀρετῆς
519 5148 656 5202 εἶναι
710 5151 938 5220 γενέτην
984 5150 1079 5203 καὶ
1117 5151 1364 5218 φύσεως·
1408 5150 1716 5214 κενοδοξίας
1762 5151 1840 5216 δὲ,

255 5243 322 5297 τὸ
359 5244 603 5315 μερίζειν
657 5244 753 5315 τὴν
810 5245 972 5313 φύσιν
1027 5244 1168 5315 πρὸς
1227 5244 1452 5313 ὕφεσιν·
1506 5239 1581 5298 ὧν
1614 5246 1642 5296 ὁ
1675 5245 1842 5312 τῦφος

257 5333 401 5388 εἶναι
451 5337 697 5405 γέννημα
735 5336 1000 5405 πέφυκεν,
1037 5333 1148 5400 ἕξις
1177 5335 1379 5398 κακίας
1425 5335 1685 5406 ὑπάρχων
1725 5336 1844 5388 σύν-

261 5427 439 5491 θετος,
473 5429 609 5482 Θεοῦ
645 5430 876 5499 ἄρνησιν
921 5428 1166 5483 ἑκούσιον
1199 5428 1419 5499 ἔχουσα,
1451 5427 1547 5481 καὶ
1577 5428 1676 5498 τῆς
1707 5431 1846 5484 κατά

263 5515 431 5587 φύσιν
469 5518 740 5590 ἰσοτιμίας
779 5518 1026 5584 ἄγνοιαν.

1945 4611 2160 4658 natura:
2215 4603 2516 4658 Auctorem
2567 4609 2785 4672 neget;
2822 4600 2996 4654 altera
3054 4599 3258 4670 (inanis
3319 4599 3532 4654 scilicet

1947 4695 2143 4768 gloria)
2184 4705 2300 4750 tum
2343 4705 2618 4760 naturam,
2663 4701 2777 4747 tum
2809 4692 3074 4746 virtutem
3113 4692 3287 4760 ipsam
3322 4692 3536 4746 adulte-

1952 4801 2055 4845 rct.
2091 4789 2239 4844 Nihil
2277 4789 2424 4843 enim
2456 4788 2531 4852 ei,
2555 4786 2651 4856 qui
2686 4785 2960 4854 superbus
2989 4785 3080 4850 sit,
3112 4785 3299 4838 divina
3329 4784 3536 4853 pietate

1953 4881 2320 4952 religioseque
2343 4879 2553 4949 agitur;
2583 4877 2834 4945 nihilque
2864 4874 3136 4929 laboranti
3163 4873 3310 4927 inani
3340 4873 3534 4942 gloria,

1948 4989 2016 5027 ex
2045 4983 2257 5028 natura:
2288 4970 2598 5026 rationibus
2633 4968 3012 5040 progreditur.

2020 5064 2073 5118 6.
2109 5064 2402 5132 Proprium
2453 5061 2730 5132 superbiae
2773 5069 2876 5122 est,
2910 5067 2971 5112 ut
3005 5057 3180 5111 Deum
3223 5054 3444 5108 virtutis
3472 5069 3537 5109 ac

1953 5167 2161 5212 natum
2195 5164 2506 5210 creatorem
2548 5163 2709 5225 neget
2745 5172 2758 5208 :
2794 5152 2972 5207 inanis
3013 5159 3193 5205 autem
3232 5148 3440 5218 gloriae,
3475 5155 3536 5200 ut

1950 5257 2228 5308 naturam,
2275 5245 2396 5315 ejus
2442 5243 2757 5298 minuenda:
2813 5258 2877 5296 ac
2929 5239 3303 5311 deprimenda‘.
3347 5252 3534 5297 causa.

1951 5338 2203 5409 partibus
2243 5335 2496 5402 scindat;
2545 5350 2779 5405 quarum
2821 5332 2990 5386 animi
3033 5341 3213 5384 tumor
3252 5327 3536 5396 fastusque

1947 5439 2005 5484 et
2031 5428 2321 5484 insolentia
2354 5427 2567 5500 (τῦφος,
2599 5426 2681 5481 sic
2705 5425 2917 5480 dictum
2949 5419 3168 5487 vitium)
3199 5418 3381 5489 proles
3414 5432 3552 5472 esse,

1951 5524 2117 5587 solet;
2171 5519 2511 5589 compositus
2567 5517 2780 5572 scilicet
2840 5514 3061 5594 malitim
3117 5511 3378 5576 habitus,
3427 5507 3537 5564 hoc

1954 5615 2184 5678 habens,
2221 5622 2280 5668 ut
2317 5613 2489 5668 Deum
2523 5619 2723 5679 sponte
2760 5608 3014 5676 abneget,
3042 5619 3104 5660 ae
3133 5617 3252 5674 qua?
3280 5617 3311 5657 a
3341 5609 3536 5657 natura

1950 5720 2098 5767 sunt,
2136 5721 2298 5775 pares
2329 5703 2556 5760 honoris
2584 5709 2772 5775 partes
2805 5699 3042 5771 ignoret.
