  <div class='ocr_page' id='page_1' title='image "/cluster/home/n/w/nwhite01/storage/ocr_20150623/90/pst.000005712960/715.png"; bbox 0 0 3922 6348; ppageno 0'>
   <div class='ocr_carea' id='block_1_1' title="bbox 456 344 590 414">
    <p class='ocr_par' dir='ltr' id='par_1_1' title="bbox 456 344 590 414">
     <span class='ocr_line' id='line_1_1' title="bbox 456 344 590 414; baseline -0.03 0"><span class='ocrx_word' id='word_1_1' title='bbox 456 344 590 414; x_wconf 71' lang='lat' dir='ltr'><strong>I351</strong></span> 
     </span>
    </p>
   </div>
   <div class='ocr_carea' id='block_1_2' title="bbox 1630 332 2578 397">
    <p class='ocr_par' dir='ltr' id='par_1_2' title="bbox 1630 332 2578 397">
     <span class='ocr_line' id='line_1_2' title="bbox 1630 332 2578 397; baseline 0.002 -2"><span class='ocrx_word' id='word_1_2' title='bbox 1630 335 1691 395; x_wconf 90' lang='lat' dir='ltr'><strong>S.</strong></span> <span class='ocrx_word' id='word_1_3' title='bbox 1735 333 2024 395; x_wconf 76' lang='grc' dir='ltr'><strong>ΜΑΧΙΜΙ</strong></span> <span class='ocrx_word' id='word_1_4' title='bbox 2065 332 2578 397; x_wconf 80' lang='lat' dir='ltr'><strong>CONFESSORIS</strong></span> 
     </span>
    </p>
   </div>
   <div class='ocr_carea' id='block_1_3' title="bbox 3615 329 3763 399">
    <p class='ocr_par' dir='ltr' id='par_1_3' title="bbox 3615 329 3763 399">
     <span class='ocr_line' id='line_1_3' title="bbox 3615 329 3763 399; baseline 0 0"><span class='ocrx_word' id='word_1_5' title='bbox 3615 329 3763 399; x_wconf 67' lang='grc' dir='ltr'>ιεεια</span> 
     </span>
    </p>
   </div>
   <div class='ocr_carea' id='block_1_4' title="bbox 461 435 2046 514">
    <p class='ocr_par' dir='ltr' id='par_1_4' title="bbox 461 441 2046 514">
     <span class='ocr_line' id='line_1_4' title="bbox 461 441 2046 514; baseline -0.01 -3"><span class='ocrx_word' id='word_1_6' title='bbox 461 497 464 502; x_wconf 88' lang='grc'><strong><em>-</em></strong></span> <span class='ocrx_word' id='word_1_7' title='bbox 525 457 580 510; x_wconf 90' lang='grc'><strong>7.</strong></span> <span class='ocrx_word' id='word_1_8' title='bbox 633 452 777 510; x_wconf 82' lang='lat' dir='ltr'><strong>Elati</strong></span> <span class='ocrx_word' id='word_1_9' title='bbox 833 449 1008 507; x_wconf 83' lang='lat' dir='ltr'><strong>animi</strong></span> <span class='ocrx_word' id='word_1_10' title='bbox 1065 455 1252 504; x_wconf 86' lang='lat' dir='ltr'><strong>tumor</strong></span> <span class='ocrx_word' id='word_1_11' title='bbox 1313 444 1598 514; x_wconf 78' lang='lat' dir='ltr'><strong>fastusquc</strong></span> <span class='ocrx_word' id='word_1_12' title='bbox 1645 451 1704 498; x_wconf 88' lang='lat' dir='ltr'><strong>et</strong></span> <span class='ocrx_word' id='word_1_13' title='bbox 1750 441 2046 498; x_wconf 87' lang='lat' dir='ltr'><strong>insolentia</strong></span> 
     </span>
    </p>
   </div>
   <div class='ocr_carea' id='block_1_5' title="bbox 2156 435 3764 514">
    <p class='ocr_par' dir='ltr' id='par_1_5' title="bbox 2222 435 3764 514">
     <span class='ocr_line' id='line_1_5' title="bbox 2222 435 3764 514; baseline 0.001 -18"><span class='ocrx_word' id='word_1_14' title='bbox 2222 441 2287 505; x_wconf 80' lang='grc' dir='ltr'><strong>ζ’.</strong></span> <span class='ocrx_word' id='word_1_15' title='bbox 2339 441 2754 514; x_wconf 79' lang='grc' dir='ltr'>’Υπερηφανίας</span> <span class='ocrx_word' id='word_1_16' title='bbox 2800 442 2894 496; x_wconf 78' lang='grc' dir='ltr'><strong>καὶ</strong></span> <span class='ocrx_word' id='word_1_17' title='bbox 2931 438 3238 506; x_wconf 74' lang='grc' dir='ltr'><strong>κενοδοξίας</strong></span> <span class='ocrx_word' id='word_1_18' title='bbox 3299 435 3479 509; x_wconf 78' lang='grc' dir='ltr'>μίξις,</span> <span class='ocrx_word' id='word_1_19' title='bbox 3523 439 3560 492; x_wconf 81' lang='grc' dir='ltr'><strong>δ</strong></span> <span class='ocrx_word' id='word_1_20' title='bbox 3585 438 3764 509; x_wconf 57' lang='lat' dir='ltr'><strong>nisi“</strong></span> 
     </span>
    </p>
   </div>
   <div class='ocr_carea' id='block_1_6' title="bbox 457 534 2048 614">
    <p class='ocr_par' dir='ltr' id='par_1_6' title="bbox 457 534 2048 614">
     <span class='ocr_line' id='line_1_6' title="bbox 457 534 2048 614; baseline -0.009 -13"><span class='ocrx_word' id='word_1_21' title='bbox 457 546 557 606; x_wconf 77' lang='lat' dir='ltr'><strong>(id</strong></span> <span class='ocrx_word' id='word_1_22' title='bbox 602 552 708 610; x_wconf 90' lang='lat' dir='ltr'><strong>est,</strong></span> <span class='ocrx_word' id='word_1_23' title='bbox 752 541 961 614; x_wconf 80' lang='grc' dir='ltr'><strong>τῦφος)</strong></span> <span class='ocrx_word' id='word_1_24' title='bbox 1008 540 1280 611; x_wconf 68' lang='lat' dir='ltr'><strong>superbiae</strong></span> <span class='ocrx_word' id='word_1_25' title='bbox 1329 537 1620 606; x_wconf 87' lang='lat' dir='ltr'><strong>inanisque</strong></span> <span class='ocrx_word' id='word_1_26' title='bbox 1661 534 1850 606; x_wconf 67' lang='lat' dir='ltr'><strong>gloriae</strong></span> <span class='ocrx_word' id='word_1_27' title='bbox 1896 549 2048 590; x_wconf 87' lang='lat' dir='ltr'><strong>com-</strong></span> 
     </span>
    </p>
   </div>
   <div class='ocr_carea' id='block_1_7' title="bbox 451 627 2046 706">
    <p class='ocr_par' dir='ltr' id='par_1_7' title="bbox 451 627 2046 706">
     <span class='ocr_line' id='line_1_7' title="bbox 451 627 2046 706; baseline -0.007 -15"><span class='ocrx_word' id='word_1_28' title='bbox 451 638 642 692; x_wconf 87' lang='lat' dir='ltr'><strong>mistio</strong></span> <span class='ocrx_word' id='word_1_29' title='bbox 691 645 796 701; x_wconf 91' lang='lat' dir='ltr'><strong>est,</strong></span> <span class='ocrx_word' id='word_1_30' title='bbox 829 650 957 706; x_wconf 77' lang='lat' dir='ltr'><strong>erga</strong></span> <span class='ocrx_word' id='word_1_31' title='bbox 1006 634 1181 689; x_wconf 90' lang='lat' dir='ltr'><strong>Deum</strong></span> <span class='ocrx_word' id='word_1_32' title='bbox 1225 638 1604 700; x_wconf 88' lang='lat' dir='ltr'><strong>contemptum</strong></span> <span class='ocrx_word' id='word_1_33' title='bbox 1657 627 1894 692; x_wconf 88' lang='lat' dir='ltr'><strong>habens,</strong></span> <span class='ocrx_word' id='word_1_34' title='bbox 1933 641 2046 696; x_wconf 90' lang='lat' dir='ltr'><strong>quo</strong></span> 
     </span>
    </p>
   </div>
   <div class='ocr_carea' id='block_1_8' title="bbox 455 721 2049 798">
    <p class='ocr_par' dir='ltr' id='par_1_8' title="bbox 455 721 2049 798">
     <span class='ocr_line' id='line_1_8' title="bbox 455 721 2049 798; baseline -0.007 -14"><span class='ocrx_word' id='word_1_35' title='bbox 455 731 552 784; x_wconf 86' lang='lat' dir='ltr'><strong>Dei</strong></span> <span class='ocrx_word' id='word_1_36' title='bbox 604 727 1038 798; x_wconf 76' lang='lat' dir='ltr'><strong>providentiam,</strong></span> <span class='ocrx_word' id='word_1_37' title='bbox 1076 725 1182 796; x_wconf 84' lang='lat' dir='ltr'><strong>ipsi</strong></span> <span class='ocrx_word' id='word_1_38' title='bbox 1225 721 1594 785; x_wconf 87' lang='lat' dir='ltr'><strong>detrahendo,</strong></span> <span class='ocrx_word' id='word_1_39' title='bbox 1643 733 1914 790; x_wconf 89' lang='lat' dir='ltr'><strong>propense</strong></span> <span class='ocrx_word' id='word_1_40' title='bbox 1955 732 2049 773; x_wconf 87' lang='lat' dir='ltr'><strong>ca-</strong></span> 
     </span>
    </p>
   </div>
   <div class='ocr_carea' id='block_1_9' title="bbox 455 810 2048 888">
    <p class='ocr_par' dir='ltr' id='par_1_9' title="bbox 455 810 2048 888">
     <span class='ocr_line' id='line_1_9' title="bbox 455 810 2048 888; baseline -0.005 -14"><span class='ocrx_word' id='word_1_41' title='bbox 455 819 792 884; x_wconf 88' lang='lat' dir='ltr'><strong>lumniatur;</strong></span> <span class='ocrx_word' id='word_1_42' title='bbox 837 833 965 888; x_wconf 78' lang='lat' dir='ltr'><strong>erga</strong></span> <span class='ocrx_word' id='word_1_43' title='bbox 1015 825 1272 871; x_wconf 89' lang='lat' dir='ltr'><strong>naturam</strong></span> <span class='ocrx_word' id='word_1_44' title='bbox 1314 828 1469 878; x_wconf 89' lang='lat' dir='ltr'><strong>vero,</strong></span> <span class='ocrx_word' id='word_1_45' title='bbox 1501 813 1668 867; x_wconf 90' lang='lat' dir='ltr'><strong>alieni</strong></span> <span class='ocrx_word' id='word_1_46' title='bbox 1703 813 1875 866; x_wconf 90' lang='lat' dir='ltr'><strong>animi</strong></span> <span class='ocrx_word' id='word_1_47' title='bbox 1915 810 2048 866; x_wconf 77' lang='lat' dir='ltr'><strong>alle-</strong></span> 
     </span>
    </p>
   </div>
   <div class='ocr_carea' id='block_1_10' title="bbox 455 904 2047 980">
    <p class='ocr_par' dir='ltr' id='par_1_10' title="bbox 455 904 2047 980">
     <span class='ocr_line' id='line_1_10' title="bbox 455 904 2047 980; baseline -0.006 -15"><span class='ocrx_word' id='word_1_48' title='bbox 455 921 628 973; x_wconf 86' lang='lat' dir='ltr'><strong>ctum,</strong></span> <span class='ocrx_word' id='word_1_49' title='bbox 687 926 821 980; x_wconf 92' lang='lat' dir='ltr'><strong>quo,</strong></span> <span class='ocrx_word' id='word_1_50' title='bbox 883 908 1155 979; x_wconf 83' lang='lat' dir='ltr'><strong>quidquid</strong></span> <span class='ocrx_word' id='word_1_51' title='bbox 1237 915 1451 962; x_wconf 49' lang='lat' dir='ltr'><strong>natura),</strong></span> <span class='ocrx_word' id='word_1_52' title='bbox 1506 915 1591 959; x_wconf 90' lang='lat' dir='ltr'><strong>est</strong></span> <span class='ocrx_word' id='word_1_53' title='bbox 1655 904 2047 958; x_wconf 88' lang='lat' dir='ltr'><strong>innaturaliter</strong></span> 
     </span>
    </p>
   </div>
   <div class='ocr_carea' id='block_1_11' title="bbox 455 997 2046 1073">
    <p class='ocr_par' dir='ltr' id='par_1_11' title="bbox 455 997 2046 1073">
     <span class='ocr_line' id='line_1_11' title="bbox 455 997 2046 1073; baseline -0.003 -17"><span class='ocrx_word' id='word_1_54' title='bbox 455 1003 780 1073; x_wconf 76' lang='lat' dir='ltr'><strong>aggrediens</strong></span> <span class='ocrx_word' id='word_1_55' title='bbox 812 1011 1163 1071; x_wconf 90' lang='lat' dir='ltr'><strong>tentansque,</strong></span> <span class='ocrx_word' id='word_1_56' title='bbox 1197 1012 1409 1056; x_wconf 72' lang='lat' dir='ltr'><strong>natura:</strong></span> <span class='ocrx_word' id='word_1_57' title='bbox 1465 999 1721 1054; x_wconf 85' lang='lat' dir='ltr'><strong>decorem</strong></span> <span class='ocrx_word' id='word_1_58' title='bbox 1777 997 2046 1052; x_wconf 79' lang='lat' dir='ltr'><strong>abusione</strong></span> 
     </span>
    </p>
   </div>
   <div class='ocr_carea' id='block_1_12' title="bbox 455 1094 786 1164">
    <p class='ocr_par' dir='ltr' id='par_1_12' title="bbox 455 1094 786 1164">
     <span class='ocr_line' id='line_1_12' title="bbox 455 1094 786 1164; baseline -0.012 -12"><span class='ocrx_word' id='word_1_59' title='bbox 455 1094 786 1164; x_wconf 76' lang='lat' dir='ltr'><strong>corrumpit.</strong></span> 
     </span>
    </p>
   </div>
   <div class='ocr_carea' id='block_1_13' title="bbox 525 1180 2043 1256">
    <p class='ocr_par' dir='ltr' id='par_1_13' title="bbox 525 1180 2043 1256">
     <span class='ocr_line' id='line_1_13' title="bbox 525 1180 2043 1256; baseline -0.004 -16"><span class='ocrx_word' id='word_1_60' title='bbox 525 1187 578 1240; x_wconf 93' lang='lat'><strong>8.</strong></span> <span class='ocrx_word' id='word_1_61' title='bbox 617 1185 858 1256; x_wconf 76' lang='lat' dir='ltr'><strong>Spiritus</strong></span> <span class='ocrx_word' id='word_1_62' title='bbox 903 1185 1120 1241; x_wconf 88' lang='lat' dir='ltr'><strong>ardoris</strong></span> <span class='ocrx_word' id='word_1_63' title='bbox 1151 1185 1219 1250; x_wconf 71' lang='lat'><strong>&quot;,</strong></span> <span class='ocrx_word' id='word_1_64' title='bbox 1255 1184 1462 1240; x_wconf 86' lang='lat' dir='ltr'><strong>nedum</strong></span> <span class='ocrx_word' id='word_1_65' title='bbox 1499 1184 1834 1238; x_wconf 90' lang='lat' dir='ltr'><strong>tentationes</strong></span> <span class='ocrx_word' id='word_1_66' title='bbox 1867 1180 2043 1252; x_wconf 77' lang='lat' dir='ltr'><strong>signi-</strong></span> 
     </span>
    </p>
   </div>
   <div class='ocr_carea' id='block_1_14' title="bbox 455 1273 2044 1346">
    <p class='ocr_par' dir='ltr' id='par_1_14' title="bbox 455 1273 2044 1346">
     <span class='ocr_line' id='line_1_14' title="bbox 455 1273 2044 1346; baseline -0.003 -13"><span class='ocrx_word' id='word_1_67' title='bbox 455 1277 602 1342; x_wconf 82' lang='lat' dir='ltr'><strong>ﬁcat,</strong></span> <span class='ocrx_word' id='word_1_68' title='bbox 635 1279 732 1333; x_wconf 89' lang='lat' dir='ltr'><strong>sed</strong></span> <span class='ocrx_word' id='word_1_69' title='bbox 779 1286 837 1333; x_wconf 89' lang='lat' dir='ltr'><strong>et</strong></span> <span class='ocrx_word' id='word_1_70' title='bbox 882 1278 978 1333; x_wconf 89' lang='lat' dir='ltr'><strong>Dei</strong></span> <span class='ocrx_word' id='word_1_71' title='bbox 1032 1277 1475 1341; x_wconf 87' lang='lat' dir='ltr'><strong>derelictionem,</strong></span> <span class='ocrx_word' id='word_1_72' title='bbox 1508 1293 1630 1346; x_wconf 71' lang='lat' dir='ltr'><strong>quas</strong></span> <span class='ocrx_word' id='word_1_73' title='bbox 1660 1273 1864 1330; x_wconf 61' lang='lat' dir='ltr'><strong>ludatis</strong></span> <span class='ocrx_word' id='word_1_74' title='bbox 1900 1273 2044 1328; x_wconf 88' lang='lat' dir='ltr'><strong>divi-</strong></span> 
     </span>
    </p>
   </div>
   <div class='ocr_carea' id='block_1_15' title="bbox 454 1366 2045 1433">
    <p class='ocr_par' dir='ltr' id='par_1_15' title="bbox 454 1366 2045 1433">
     <span class='ocr_line' id='line_1_15' title="bbox 454 1366 2045 1433; baseline -0.003 -7"><span class='ocrx_word' id='word_1_75' title='bbox 454 1386 655 1426; x_wconf 90' lang='lat' dir='ltr'><strong>norum</strong></span> <span class='ocrx_word' id='word_1_76' title='bbox 703 1372 976 1426; x_wconf 89' lang='lat' dir='ltr'><strong>donorum</strong></span> <span class='ocrx_word' id='word_1_77' title='bbox 1033 1371 1215 1425; x_wconf 89' lang='lat' dir='ltr'><strong>ablata</strong></span> <span class='ocrx_word' id='word_1_78' title='bbox 1270 1367 1719 1424; x_wconf 80' lang='lat' dir='ltr'><strong>subministratio</strong></span> <span class='ocrx_word' id='word_1_79' title='bbox 1757 1375 1860 1422; x_wconf 90' lang='lat' dir='ltr'><strong>est.</strong></span> <span class='ocrx_word' id='word_1_80' title='bbox 1911 1366 2045 1433; x_wconf 66' lang='lat' dir='ltr'><strong>Quae</strong></span> 
     </span>
    </p>
   </div>
   <div class='ocr_carea' id='block_1_16' title="bbox 455 1455 2046 1530">
    <p class='ocr_par' dir='ltr' id='par_1_16' title="bbox 455 1455 2046 1530">
     <span class='ocr_line' id='line_1_16' title="bbox 455 1455 2046 1530; baseline -0.004 -16"><span class='ocrx_word' id='word_1_81' title='bbox 455 1468 638 1514; x_wconf 87' lang='lat' dir='ltr'><strong>autem</strong></span> <span class='ocrx_word' id='word_1_82' title='bbox 682 1476 783 1530; x_wconf 90' lang='lat' dir='ltr'><strong>per</strong></span> <span class='ocrx_word' id='word_1_83' title='bbox 825 1460 1080 1530; x_wconf 87' lang='lat' dir='ltr'><strong>spiritum</strong></span> <span class='ocrx_word' id='word_1_84' title='bbox 1121 1459 1290 1515; x_wconf 83' lang='lat' dir='ltr'><strong>animi</strong></span> <span class='ocrx_word' id='word_1_85' title='bbox 1332 1457 1688 1515; x_wconf 87' lang='lat' dir='ltr'><strong>necessitudo</strong></span> <span class='ocrx_word' id='word_1_86' title='bbox 1730 1467 1817 1513; x_wconf 91' lang='lat' dir='ltr'><strong>est</strong></span> <span class='ocrx_word' id='word_1_87' title='bbox 1844 1465 1900 1512; x_wconf 89' lang='lat' dir='ltr'><strong>et</strong></span> <span class='ocrx_word' id='word_1_88' title='bbox 1931 1455 2046 1510; x_wconf 85' lang='lat' dir='ltr'><strong>afli-</strong></span> 
     </span>
    </p>
   </div>
   <div class='ocr_carea' id='block_1_17' title="bbox 454 1549 2042 1618">
    <p class='ocr_par' dir='ltr' id='par_1_17' title="bbox 454 1549 2042 1618">
     <span class='ocr_line' id='line_1_17' title="bbox 454 1549 2042 1618; baseline -0.004 -12"><span class='ocrx_word' id='word_1_89' title='bbox 454 1551 620 1615; x_wconf 87' lang='lat' dir='ltr'><strong>nitas,</strong></span> <span class='ocrx_word' id='word_1_90' title='bbox 650 1551 817 1606; x_wconf 91' lang='lat' dir='ltr'><strong>animi</strong></span> <span class='ocrx_word' id='word_1_91' title='bbox 851 1551 917 1606; x_wconf 89' lang='lat' dir='ltr'><strong>ad</strong></span> <span class='ocrx_word' id='word_1_92' title='bbox 951 1569 1174 1607; x_wconf 87' lang='lat' dir='ltr'><strong>carnem</strong></span> <span class='ocrx_word' id='word_1_93' title='bbox 1203 1551 1554 1608; x_wconf 60' lang='lat' dir='ltr'><strong>affectionem</strong></span> <span class='ocrx_word' id='word_1_94' title='bbox 1579 1549 1765 1614; x_wconf 85' lang='lat' dir='ltr'><strong>solvit,</strong></span> <span class='ocrx_word' id='word_1_95' title='bbox 1797 1549 2042 1618; x_wconf 84' lang='lat' dir='ltr'><strong>Deoque,</strong></span> 
     </span>
    </p>
   </div>
   <div class='ocr_carea' id='block_1_18' title="bbox 451 1624 1288 1708">
    <p class='ocr_par' dir='ltr' id='par_1_18' title="bbox 451 1624 1288 1708">
     <span class='ocr_line' id='line_1_18' title="bbox 451 1624 1288 1708; baseline 0.001 -10"><span class='ocrx_word' id='word_1_96' title='bbox 451 1643 732 1698; x_wconf 85' lang='lat' dir='ltr'><strong>desiderio</strong></span> <span class='ocrx_word' id='word_1_97' title='bbox 757 1624 1000 1708; x_wconf 74' lang='lat' dir='ltr'><strong>aﬂixum,</strong></span> <span class='ocrx_word' id='word_1_98' title='bbox 1024 1644 1288 1700; x_wconf 80' lang='lat' dir='ltr'><strong>devincit.</strong></span> 
     </span>
    </p>
   </div>
   <div class='ocr_carea' id='block_1_19' title="bbox 525 1799 2116 1893">
    <p class='ocr_par' dir='ltr' id='par_1_19' title="bbox 525 1799 2116 1893">
     <span class='ocr_line' id='line_1_19' title="bbox 525 1799 2116 1893; baseline -0.003 -15"><span class='ocrx_word' id='word_1_99' title='bbox 525 1823 578 1878; x_wconf 86' lang='lat'><strong>9.</strong></span> <span class='ocrx_word' id='word_1_100' title='bbox 620 1821 734 1877; x_wconf 78' lang='lat' dir='ltr'><strong>Lex</strong></span> <span class='ocrx_word' id='word_1_101' title='bbox 785 1823 1092 1888; x_wconf 85' lang='lat' dir='ltr'><strong>naturalis,</strong></span> <span class='ocrx_word' id='word_1_102' title='bbox 1148 1837 1274 1878; x_wconf 87' lang='lat' dir='ltr'><strong>cum</strong></span> <span class='ocrx_word' id='word_1_103' title='bbox 1333 1823 1610 1893; x_wconf 80' lang='lat' dir='ltr'><strong>vigentem</strong></span> <span class='ocrx_word' id='word_1_104' title='bbox 1663 1836 1778 1892; x_wconf 74' lang='lat' dir='ltr'><strong>pm</strong></span> <span class='ocrx_word' id='word_1_105' title='bbox 1829 1820 2045 1876; x_wconf 85' lang='lat' dir='ltr'><strong>ratione</strong></span> <span class='ocrx_word' id='word_1_106' title='bbox 2078 1799 2116 1852; x_wconf 70' lang='grc' dir='ltr'><strong>Β</strong></span> 
     </span>
    </p>
   </div>
   <div class='ocr_carea' id='block_1_20' title="bbox 455 1913 2042 1984">
    <p class='ocr_par' dir='ltr' id='par_1_20' title="bbox 455 1913 2042 1984">
     <span class='ocr_line' id='line_1_20' title="bbox 455 1913 2042 1984; baseline -0.002 -16"><span class='ocrx_word' id='word_1_107' title='bbox 455 1915 647 1984; x_wconf 76' lang='lat' dir='ltr'><strong>illique</strong></span> <span class='ocrx_word' id='word_1_108' title='bbox 695 1914 1086 1984; x_wconf 70' lang='lat' dir='ltr'><strong>pnnvalentem</strong></span> <span class='ocrx_word' id='word_1_109' title='bbox 1137 1929 1364 1969; x_wconf 85' lang='lat' dir='ltr'><strong>sensum</strong></span> <span class='ocrx_word' id='word_1_110' title='bbox 1409 1929 1520 1969; x_wconf 89' lang='lat' dir='ltr'><strong>non</strong></span> <span class='ocrx_word' id='word_1_111' title='bbox 1567 1913 1848 1978; x_wconf 86' lang='lat' dir='ltr'><strong>habuerit,</strong></span> <span class='ocrx_word' id='word_1_112' title='bbox 1891 1913 2042 1966; x_wconf 88' lang='lat' dir='ltr'><strong>ultro</strong></span> 
     </span>
    </p>
   </div>
   <div class='ocr_carea' id='block_1_21' title="bbox 452 2003 2048 2075">
    <p class='ocr_par' dir='ltr' id='par_1_21' title="bbox 452 2003 2048 2075">
     <span class='ocr_line' id='line_1_21' title="bbox 452 2003 2048 2075; baseline 0.001 -18"><span class='ocrx_word' id='word_1_113' title='bbox 452 2020 650 2058; x_wconf 85' lang='lat' dir='ltr'><strong>omnes</strong></span> <span class='ocrx_word' id='word_1_114' title='bbox 685 2005 949 2074; x_wconf 90' lang='lat' dir='ltr'><strong>nulloque</strong></span> <span class='ocrx_word' id='word_1_115' title='bbox 996 2004 1262 2075; x_wconf 81' lang='lat' dir='ltr'><strong>magistro</strong></span> <span class='ocrx_word' id='word_1_116' title='bbox 1300 2004 1370 2058; x_wconf 92' lang='lat' dir='ltr'><strong>ad</strong></span> <span class='ocrx_word' id='word_1_117' title='bbox 1415 2013 1682 2074; x_wconf 79' lang='lat' dir='ltr'><strong>cognatos</strong></span> <span class='ocrx_word' id='word_1_118' title='bbox 1717 2003 2048 2074; x_wconf 78' lang='lat' dir='ltr'><strong>generisque</strong></span> 
     </span>
    </p>
   </div>
   <div class='ocr_carea' id='block_1_22' title="bbox 457 2094 2050 2166">
    <p class='ocr_par' dir='ltr' id='par_1_22' title="bbox 457 2094 2050 2166">
     <span class='ocr_line' id='line_1_22' title="bbox 457 2094 2050 2166; baseline 0 -18"><span class='ocrx_word' id='word_1_119' title='bbox 457 2095 873 2148; x_wconf 87' lang='lat' dir='ltr'><strong>necessitudine</strong></span> <span class='ocrx_word' id='word_1_120' title='bbox 911 2095 1076 2164; x_wconf 76' lang='lat'><strong>612</strong></span> <span class='ocrx_word' id='word_1_121' title='bbox 1122 2096 1455 2166; x_wconf 86' lang='lat' dir='ltr'><strong>conjunetos</strong></span> <span class='ocrx_word' id='word_1_122' title='bbox 1505 2095 1919 2165; x_wconf 89' lang='lat' dir='ltr'><strong>amplectendos</strong></span> <span class='ocrx_word' id='word_1_123' title='bbox 1965 2094 2050 2148; x_wconf 87' lang='lat' dir='ltr'><strong>in-</strong></span> 
     </span>
    </p>
   </div>
   <div class='ocr_carea' id='block_1_23' title="bbox 454 2185 2047 2258">
    <p class='ocr_par' dir='ltr' id='par_1_23' title="bbox 454 2185 2047 2258">
     <span class='ocr_line' id='line_1_23' title="bbox 454 2185 2047 2258; baseline 0 -16"><span class='ocrx_word' id='word_1_124' title='bbox 454 2185 640 2253; x_wconf 87' lang='lat' dir='ltr'><strong>ducit;</strong></span> <span class='ocrx_word' id='word_1_125' title='bbox 685 2187 803 2256; x_wconf 88' lang='lat' dir='ltr'><strong>ipsa</strong></span> <span class='ocrx_word' id='word_1_126' title='bbox 839 2187 1100 2242; x_wconf 90' lang='lat' dir='ltr'><strong>nimirum</strong></span> <span class='ocrx_word' id='word_1_127' title='bbox 1145 2197 1342 2241; x_wconf 92' lang='lat' dir='ltr'><strong>natura</strong></span> <span class='ocrx_word' id='word_1_128' title='bbox 1377 2187 1638 2252; x_wconf 87' lang='lat' dir='ltr'><strong>docente,</strong></span> <span class='ocrx_word' id='word_1_129' title='bbox 1679 2188 2047 2258; x_wconf 68' lang='lat' dir='ltr'><strong>praestandam</strong></span> 
     </span>
    </p>
   </div>
   <div class='ocr_carea' id='block_1_24' title="bbox 455 2278 2050 2350">
    <p class='ocr_par' dir='ltr' id='par_1_24' title="bbox 455 2278 2050 2350">
     <span class='ocr_line' id='line_1_24' title="bbox 455 2278 2050 2350; baseline 0 -16"><span class='ocrx_word' id='word_1_130' title='bbox 455 2294 638 2348; x_wconf 90' lang='lat' dir='ltr'><strong>opem,</strong></span> <span class='ocrx_word' id='word_1_131' title='bbox 681 2278 794 2344; x_wconf 91' lang='lat' dir='ltr'><strong>his,</strong></span> <span class='ocrx_word' id='word_1_132' title='bbox 841 2279 936 2349; x_wconf 91' lang='lat' dir='ltr'><strong>qui</strong></span> <span class='ocrx_word' id='word_1_133' title='bbox 990 2279 1306 2350; x_wconf 77' lang='lat' dir='ltr'><strong>indigeant;</strong></span> <span class='ocrx_word' id='word_1_134' title='bbox 1353 2286 1410 2334; x_wconf 88' lang='lat' dir='ltr'><strong>et</strong></span> <span class='ocrx_word' id='word_1_135' title='bbox 1457 2287 1517 2332; x_wconf 91' lang='lat' dir='ltr'><strong>ut</strong></span> <span class='ocrx_word' id='word_1_136' title='bbox 1556 2294 1751 2334; x_wconf 88' lang='lat' dir='ltr'><strong>omnes</strong></span> <span class='ocrx_word' id='word_1_137' title='bbox 1788 2279 2050 2334; x_wconf 91' lang='lat' dir='ltr'><strong>omnibus</strong></span> 
     </span>
    </p>
   </div>
   <div class='ocr_carea' id='block_1_25' title="bbox 455 2368 2049 2440">
    <p class='ocr_par' dir='ltr' id='par_1_25' title="bbox 455 2368 2049 2440">
     <span class='ocr_line' id='line_1_25' title="bbox 455 2368 2049 2440; baseline 0.001 -18"><span class='ocrx_word' id='word_1_138' title='bbox 455 2368 662 2433; x_wconf 86' lang='lat' dir='ltr'><strong>velint,</strong></span> <span class='ocrx_word' id='word_1_139' title='bbox 712 2369 862 2439; x_wconf 91' lang='lat' dir='ltr'><strong>quod</strong></span> <span class='ocrx_word' id='word_1_140' title='bbox 908 2369 1145 2440; x_wconf 86' lang='lat' dir='ltr'><strong>quisque</strong></span> <span class='ocrx_word' id='word_1_141' title='bbox 1194 2369 1378 2425; x_wconf 88' lang='lat' dir='ltr'><strong>libens</strong></span> <span class='ocrx_word' id='word_1_142' title='bbox 1418 2368 1621 2423; x_wconf 87' lang='lat' dir='ltr'><strong>habeat</strong></span> <span class='ocrx_word' id='word_1_143' title='bbox 1666 2368 1772 2423; x_wconf 84' lang='lat' dir='ltr'><strong>sibi</strong></span> <span class='ocrx_word' id='word_1_144' title='bbox 1828 2368 1898 2422; x_wconf 91' lang='lat' dir='ltr'><strong>ab</strong></span> <span class='ocrx_word' id='word_1_145' title='bbox 1938 2369 2049 2424; x_wconf 82' lang='lat' dir='ltr'><strong>alio</strong></span> 
     </span>
    </p>
   </div>
   <div class='ocr_carea' id='block_1_26' title="bbox 455 2459 2045 2532">
    <p class='ocr_par' dir='ltr' id='par_1_26' title="bbox 455 2459 2045 2532">
     <span class='ocr_line' id='line_1_26' title="bbox 455 2459 2045 2532; baseline 0.001 -17"><span class='ocrx_word' id='word_1_146' title='bbox 455 2462 852 2532; x_wconf 66' lang='lat' dir='ltr'><strong>praestandum.</strong></span> <span class='ocrx_word' id='word_1_147' title='bbox 903 2461 1075 2532; x_wconf 91' lang='lat' dir='ltr'><strong>ldque</strong></span> <span class='ocrx_word' id='word_1_148' title='bbox 1120 2475 1182 2517; x_wconf 87' lang='lat' dir='ltr'><strong>ut</strong></span> <span class='ocrx_word' id='word_1_149' title='bbox 1223 2461 1453 2516; x_wconf 88' lang='lat' dir='ltr'><strong>doceret</strong></span> <span class='ocrx_word' id='word_1_150' title='bbox 1495 2460 1786 2525; x_wconf 90' lang='lat' dir='ltr'><strong>Dominus,</strong></span> <span class='ocrx_word' id='word_1_151' title='bbox 1819 2459 2045 2516; x_wconf 84' lang='lat' dir='ltr'><strong>aiebat:</strong></span> 
     </span>
    </p>
   </div>
   <div class='ocr_carea' id='block_1_27' title="bbox 456 2550 2048 2624">
    <p class='ocr_par' dir='ltr' id='par_1_27' title="bbox 456 2550 2048 2624">
     <span class='ocr_line' id='line_1_27' title="bbox 456 2550 2048 2624; baseline -0.001 -18"><span class='ocrx_word' id='word_1_152' title='bbox 456 2551 792 2624; x_wconf 69' lang='lat' dir='ltr'><strong>Ouwcunque</strong></span> <span class='ocrx_word' id='word_1_153' title='bbox 825 2552 985 2608; x_wconf 78' lang='lat' dir='ltr'><strong>uultis</strong></span> <span class='ocrx_word' id='word_1_154' title='bbox 1027 2561 1085 2606; x_wconf 84' lang='lat' dir='ltr'><strong>ut</strong></span> <span class='ocrx_word' id='word_1_155' title='bbox 1127 2552 1331 2622; x_wconf 76' lang='lat' dir='ltr'><strong>faciant</strong></span> <span class='ocrx_word' id='word_1_156' title='bbox 1373 2550 1515 2606; x_wconf 79' lang='lat' dir='ltr'><strong>vobis</strong></span> <span class='ocrx_word' id='word_1_157' title='bbox 1566 2551 1826 2616; x_wconf 72' lang='grc' dir='ltr'><strong>Ιιοηιὶηεδ,</strong></span> <span class='ocrx_word' id='word_1_158' title='bbox 1869 2559 1919 2604; x_wconf 86' lang='lat' dir='ltr'><strong>et</strong></span> <span class='ocrx_word' id='word_1_159' title='bbox 1962 2565 2048 2605; x_wconf 77' lang='lat' dir='ltr'><strong>vos</strong></span> 
     </span>
    </p>
   </div>
   <div class='ocr_carea' id='block_1_28' title="bbox 452 2642 1123 2714">
    <p class='ocr_par' dir='ltr' id='par_1_28' title="bbox 452 2642 1123 2714">
     <span class='ocr_line' id='line_1_28' title="bbox 452 2642 1123 2714; baseline -0.003 -16"><span class='ocrx_word' id='word_1_160' title='bbox 452 2643 702 2698; x_wconf 72' lang='lat' dir='ltr'><strong>similiter</strong></span> <span class='ocrx_word' id='word_1_161' title='bbox 734 2643 894 2714; x_wconf 76' lang='lat' dir='ltr'><strong>facite</strong></span> <span class='ocrx_word' id='word_1_162' title='bbox 921 2643 1030 2698; x_wconf 78' lang='lat' dir='ltr'><strong>illis</strong></span> <span class='ocrx_word' id='word_1_163' title='bbox 1055 2642 1123 2696; x_wconf 73' lang='lat'><strong>“.</strong></span> 
     </span>
    </p>
   </div>
   <div class='ocr_carea' id='block_1_29' title="bbox 530 2740 2047 2817">
    <p class='ocr_par' dir='ltr' id='par_1_29' title="bbox 530 2740 2047 2817">
     <span class='ocr_line' id='line_1_29' title="bbox 530 2740 2047 2817; baseline -0.003 -18"><span class='ocrx_word' id='word_1_164' title='bbox 530 2745 615 2800; x_wconf 78' lang='lat' dir='ltr'><strong>i0.</strong></span> <span class='ocrx_word' id='word_1_165' title='bbox 649 2745 932 2802; x_wconf 85' lang='lat' dir='ltr'><strong>Naturalis</strong></span> <span class='ocrx_word' id='word_1_166' title='bbox 959 2745 1096 2817; x_wconf 72' lang='lat' dir='ltr'><strong>legis</strong></span> <span class='ocrx_word' id='word_1_167' title='bbox 1126 2760 1265 2816; x_wconf 91' lang='lat' dir='ltr'><strong>opus</strong></span> <span class='ocrx_word' id='word_1_168' title='bbox 1294 2760 1416 2801; x_wconf 89' lang='lat' dir='ltr'><strong>esse</strong></span> <span class='ocrx_word' id='word_1_169' title='bbox 1441 2744 1598 2810; x_wconf 91' lang='lat' dir='ltr'><strong>dicit,</strong></span> <span class='ocrx_word' id='word_1_170' title='bbox 1629 2752 1690 2798; x_wconf 92' lang='lat' dir='ltr'><strong>ut</strong></span> <span class='ocrx_word' id='word_1_171' title='bbox 1714 2740 2047 2798; x_wconf 88' lang='lat' dir='ltr'><strong>concordem</strong></span> 
     </span>
    </p>
   </div>
   <div class='ocr_carea' id='block_1_30' title="bbox 456 2833 2046 2908">
    <p class='ocr_par' dir='ltr' id='par_1_30' title="bbox 456 2833 2046 2908">
     <span class='ocr_line' id='line_1_30' title="bbox 456 2833 2046 2908; baseline -0.004 -16"><span class='ocrx_word' id='word_1_172' title='bbox 456 2837 708 2892; x_wconf 91' lang='lat' dir='ltr'><strong>omnium</strong></span> <span class='ocrx_word' id='word_1_173' title='bbox 747 2853 875 2908; x_wconf 81' lang='lat' dir='ltr'><strong>erga</strong></span> <span class='ocrx_word' id='word_1_174' title='bbox 921 2851 1116 2891; x_wconf 90' lang='lat' dir='ltr'><strong>omnes</strong></span> <span class='ocrx_word' id='word_1_175' title='bbox 1158 2834 1329 2890; x_wconf 91' lang='lat' dir='ltr'><strong>animi</strong></span> <span class='ocrx_word' id='word_1_176' title='bbox 1373 2834 1656 2889; x_wconf 88' lang='lat' dir='ltr'><strong>voluntate</strong></span> <span class='ocrx_word' id='word_1_177' title='bbox 1695 2833 2046 2889; x_wconf 72' lang='lat' dir='ltr'><strong>affectionem</strong></span> 
     </span>
    </p>
   </div>
   <div class='ocr_carea' id='block_1_31' title="bbox 455 2926 2047 2997">
    <p class='ocr_par' dir='ltr' id='par_1_31' title="bbox 455 2926 2047 2997">
     <span class='ocr_line' id='line_1_31' title="bbox 455 2926 2047 2997; baseline -0.003 -13"><span class='ocrx_word' id='word_1_178' title='bbox 455 2947 523 2985; x_wconf 88' lang='lat' dir='ltr'><strong>ac</strong></span> <span class='ocrx_word' id='word_1_179' title='bbox 559 2928 1032 2986; x_wconf 89' lang='lat' dir='ltr'><strong>necessitudinem</strong></span> <span class='ocrx_word' id='word_1_180' title='bbox 1071 2936 1320 2997; x_wconf 66' lang='lat' dir='ltr'><strong>praestet.</strong></span> <span class='ocrx_word' id='word_1_181' title='bbox 1344 2927 1404 2982; x_wconf 91' lang='lat' dir='ltr'><strong>ln</strong></span> <span class='ocrx_word' id='word_1_182' title='bbox 1432 2926 1636 2996; x_wconf 88' lang='lat' dir='ltr'><strong>quibus</strong></span> <span class='ocrx_word' id='word_1_183' title='bbox 1667 2926 1816 2980; x_wconf 90' lang='lat' dir='ltr'><strong>enim</strong></span> <span class='ocrx_word' id='word_1_184' title='bbox 1848 2931 2047 2980; x_wconf 87' lang='lat' dir='ltr'><strong>natura</strong></span> 
     </span>
    </p>
   </div>
   <div class='ocr_carea' id='block_1_32' title="bbox 458 3018 2048 3092">
    <p class='ocr_par' dir='ltr' id='par_1_32' title="bbox 458 3018 2048 3092">
     <span class='ocr_line' id='line_1_32' title="bbox 458 3018 2048 3092; baseline -0.004 -14"><span class='ocrx_word' id='word_1_185' title='bbox 458 3025 673 3078; x_wconf 87' lang='lat' dir='ltr'><strong>ratione</strong></span> <span class='ocrx_word' id='word_1_186' title='bbox 716 3023 951 3092; x_wconf 79' lang='lat' dir='ltr'><strong>regitur,</strong></span> <span class='ocrx_word' id='word_1_187' title='bbox 990 3022 1045 3075; x_wconf 93' lang='lat' dir='ltr'><strong>in</strong></span> <span class='ocrx_word' id='word_1_188' title='bbox 1095 3021 1183 3075; x_wconf 86' lang='lat' dir='ltr'><strong>his</strong></span> <span class='ocrx_word' id='word_1_189' title='bbox 1215 3029 1620 3090; x_wconf 89' lang='lat' dir='ltr'><strong>comparatum,</strong></span> <span class='ocrx_word' id='word_1_190' title='bbox 1656 3029 1718 3073; x_wconf 90' lang='lat' dir='ltr'><strong>ut</strong></span> <span class='ocrx_word' id='word_1_191' title='bbox 1748 3034 1892 3073; x_wconf 90' lang='lat' dir='ltr'><strong>unus</strong></span> <span class='ocrx_word' id='word_1_192' title='bbox 1927 3018 2048 3072; x_wconf 88' lang='lat' dir='ltr'><strong>ani-</strong></span> 
     </span>
    </p>
   </div>
   <div class='ocr_carea' id='block_1_33' title="bbox 458 3112 2115 3204">
    <p class='ocr_par' dir='ltr' id='par_1_33' title="bbox 458 3112 2115 3204">
     <span class='ocr_line' id='line_1_33' title="bbox 458 3112 2115 3204; baseline -0.004 -35"><span class='ocrx_word' id='word_1_193' title='bbox 458 3130 602 3179; x_wconf 84' lang='lat' dir='ltr'><strong>Inus,</strong></span> <span class='ocrx_word' id='word_1_194' title='bbox 630 3115 936 3184; x_wconf 84' lang='lat' dir='ltr'><strong>eademque</strong></span> <span class='ocrx_word' id='word_1_195' title='bbox 979 3113 1179 3168; x_wconf 89' lang='lat' dir='ltr'><strong>mentis</strong></span> <span class='ocrx_word' id='word_1_196' title='bbox 1217 3113 1450 3168; x_wconf 72' lang='lat' dir='ltr'><strong>affectio.</strong></span> <span class='ocrx_word' id='word_1_197' title='bbox 1465 3113 1555 3168; x_wconf 92' lang='lat' dir='ltr'><strong>sit.</strong></span> <span class='ocrx_word' id='word_1_198' title='bbox 1584 3112 1828 3178; x_wconf 87' lang='lat' dir='ltr'><strong>Quorum</strong></span> <span class='ocrx_word' id='word_1_199' title='bbox 1861 3121 2042 3165; x_wconf 86' lang='lat' dir='ltr'><strong>autem</strong></span> <span class='ocrx_word' id='word_1_200' title='bbox 2074 3149 2115 3204; x_wconf 62' lang='grc' dir='ltr'><em>ε</em></span> 
     </span>
    </p>
   </div>
   <div class='ocr_carea' id='block_1_34' title="bbox 456 3203 2045 3274">
    <p class='ocr_par' dir='ltr' id='par_1_34' title="bbox 456 3203 2045 3274">
     <span class='ocr_line' id='line_1_34' title="bbox 456 3203 2045 3274; baseline -0.003 -14"><span class='ocrx_word' id='word_1_201' title='bbox 456 3207 678 3262; x_wconf 87' lang='lat' dir='ltr'><strong>animus</strong></span> <span class='ocrx_word' id='word_1_202' title='bbox 725 3206 1038 3274; x_wconf 86' lang='lat' dir='ltr'><strong>mentisque</strong></span> <span class='ocrx_word' id='word_1_203' title='bbox 1084 3204 1332 3269; x_wconf 72' lang='lat' dir='ltr'><strong>affectio,</strong></span> <span class='ocrx_word' id='word_1_204' title='bbox 1381 3221 1446 3259; x_wconf 93' lang='lat' dir='ltr'><strong>ac</strong></span> <span class='ocrx_word' id='word_1_205' title='bbox 1491 3219 1707 3258; x_wconf 90' lang='lat' dir='ltr'><strong>morum</strong></span> <span class='ocrx_word' id='word_1_206' title='bbox 1752 3203 1895 3257; x_wconf 87' lang='lat' dir='ltr'><strong>ratio</strong></span> <span class='ocrx_word' id='word_1_207' title='bbox 1936 3219 2045 3256; x_wconf 86' lang='lat' dir='ltr'><strong>una</strong></span> 
     </span>
    </p>
   </div>
   <div class='ocr_carea' id='block_1_35' title="bbox 455 3295 2043 3365">
    <p class='ocr_par' dir='ltr' id='par_1_35' title="bbox 455 3295 2043 3365">
     <span class='ocr_line' id='line_1_35' title="bbox 455 3295 2043 3365; baseline -0.001 -15"><span class='ocrx_word' id='word_1_208' title='bbox 455 3311 564 3360; x_wconf 77' lang='lat' dir='ltr'><strong>est,</strong></span> <span class='ocrx_word' id='word_1_209' title='bbox 607 3295 736 3351; x_wconf 63' lang='lat' dir='ltr'><strong>vita</strong></span> <span class='ocrx_word' id='word_1_210' title='bbox 784 3309 1004 3365; x_wconf 90' lang='lat' dir='ltr'><strong>quoque</strong></span> <span class='ocrx_word' id='word_1_211' title='bbox 1049 3309 1247 3348; x_wconf 91' lang='lat' dir='ltr'><strong>cursus</strong></span> <span class='ocrx_word' id='word_1_212' title='bbox 1284 3295 1463 3364; x_wconf 88' lang='lat' dir='ltr'><strong>palam</strong></span> <span class='ocrx_word' id='word_1_213' title='bbox 1512 3311 1657 3348; x_wconf 87' lang='lat' dir='ltr'><strong>unus</strong></span> <span class='ocrx_word' id='word_1_214' title='bbox 1693 3310 1814 3348; x_wconf 87' lang='lat' dir='ltr'><strong>esse</strong></span> <span class='ocrx_word' id='word_1_215' title='bbox 1857 3295 2043 3349; x_wconf 79' lang='lat' dir='ltr'><strong>habet.</strong></span> 
     </span>
    </p>
   </div>
   <div class='ocr_carea' id='block_1_36' title="bbox 457 3386 2046 3457">
    <p class='ocr_par' dir='ltr' id='par_1_36' title="bbox 457 3386 2046 3457">
     <span class='ocr_line' id='line_1_36' title="bbox 457 3386 2046 3457; baseline -0.001 -15"><span class='ocrx_word' id='word_1_216' title='bbox 457 3388 702 3454; x_wconf 83' lang='lat' dir='ltr'><strong>Quorum</strong></span> <span class='ocrx_word' id='word_1_217' title='bbox 765 3396 954 3442; x_wconf 88' lang='lat' dir='ltr'><strong>autem</strong></span> <span class='ocrx_word' id='word_1_218' title='bbox 1023 3400 1240 3440; x_wconf 90' lang='lat' dir='ltr'><strong>morum</strong></span> <span class='ocrx_word' id='word_1_219' title='bbox 1320 3386 1462 3440; x_wconf 90' lang='lat' dir='ltr'><strong>ratio</strong></span> <span class='ocrx_word' id='word_1_220' title='bbox 1523 3397 1581 3440; x_wconf 91' lang='lat' dir='ltr'><strong>et</strong></span> <span class='ocrx_word' id='word_1_221' title='bbox 1638 3387 1764 3441; x_wconf 82' lang='lat' dir='ltr'><strong>vitae</strong></span> <span class='ocrx_word' id='word_1_222' title='bbox 1825 3404 2046 3457; x_wconf 84' lang='lat' dir='ltr'><strong>quoque</strong></span> 
     </span>
    </p>
   </div>
   <div class='ocr_carea' id='block_1_37' title="bbox 457 3475 2044 3546">
    <p class='ocr_par' dir='ltr' id='par_1_37' title="bbox 457 3475 2044 3546">
     <span class='ocr_line' id='line_1_37' title="bbox 457 3475 2044 3546; baseline -0.003 -12"><span class='ocrx_word' id='word_1_223' title='bbox 457 3495 656 3535; x_wconf 92' lang='lat' dir='ltr'><strong>cursus</strong></span> <span class='ocrx_word' id='word_1_224' title='bbox 704 3479 850 3532; x_wconf 78' lang='lat' dir='ltr'><strong>idern</strong></span> <span class='ocrx_word' id='word_1_225' title='bbox 895 3486 999 3542; x_wconf 90' lang='lat' dir='ltr'><strong>est,</strong></span> <span class='ocrx_word' id='word_1_226' title='bbox 1050 3491 1222 3530; x_wconf 91' lang='lat' dir='ltr'><strong>unum</strong></span> <span class='ocrx_word' id='word_1_227' title='bbox 1271 3476 1465 3546; x_wconf 89' lang='lat' dir='ltr'><strong>utique</strong></span> <span class='ocrx_word' id='word_1_228' title='bbox 1513 3475 1769 3546; x_wconf 88' lang='lat' dir='ltr'><strong>idemque</strong></span> <span class='ocrx_word' id='word_1_229' title='bbox 1811 3477 2044 3531; x_wconf 88' lang='lat' dir='ltr'><strong>aliorum</strong></span> 
     </span>
    </p>
   </div>
   <div class='ocr_carea' id='block_1_38' title="bbox 457 3567 2043 3626">
    <p class='ocr_par' dir='ltr' id='par_1_38' title="bbox 457 3567 2043 3626">
     <span class='ocr_line' id='line_1_38' title="bbox 457 3567 2043 3626; baseline -0.003 0"><span class='ocrx_word' id='word_1_230' title='bbox 457 3588 585 3626; x_wconf 89' lang='lat' dir='ltr'><strong>cum</strong></span> <span class='ocrx_word' id='word_1_231' title='bbox 618 3573 743 3626; x_wconf 88' lang='lat' dir='ltr'><strong>aliis</strong></span> <span class='ocrx_word' id='word_1_232' title='bbox 777 3570 946 3624; x_wconf 89' lang='lat' dir='ltr'><strong>animi</strong></span> <span class='ocrx_word' id='word_1_233' title='bbox 975 3567 1256 3624; x_wconf 88' lang='lat' dir='ltr'><strong>sententia</strong></span> <span class='ocrx_word' id='word_1_234' title='bbox 1296 3567 1730 3621; x_wconf 85' lang='lat' dir='ltr'><strong>necessitudinis</strong></span> <span class='ocrx_word' id='word_1_235' title='bbox 1761 3567 2043 3622; x_wconf 80' lang='lat' dir='ltr'><strong>vinculum</strong></span> 
     </span>
    </p>
   </div>
   <div class='ocr_carea' id='block_1_39' title="bbox 457 3656 2045 3722">
    <p class='ocr_par' dir='ltr' id='par_1_39' title="bbox 457 3656 2045 3722">
     <span class='ocr_line' id='line_1_39' title="bbox 457 3656 2045 3722; baseline 0 -9"><span class='ocrx_word' id='word_1_236' title='bbox 457 3659 694 3722; x_wconf 79' lang='lat' dir='ltr'><strong>exsistit,</strong></span> <span class='ocrx_word' id='word_1_237' title='bbox 722 3675 830 3712; x_wconf 87' lang='lat' dir='ltr'><strong>una</strong></span> <span class='ocrx_word' id='word_1_238' title='bbox 855 3657 1023 3711; x_wconf 88' lang='lat' dir='ltr'><strong>animi</strong></span> <span class='ocrx_word' id='word_1_239' title='bbox 1056 3656 1340 3710; x_wconf 87' lang='lat' dir='ltr'><strong>voluntate</strong></span> <span class='ocrx_word' id='word_1_240' title='bbox 1368 3671 1432 3710; x_wconf 89' lang='lat' dir='ltr'><strong>ac</strong></span> <span class='ocrx_word' id='word_1_241' title='bbox 1458 3656 1756 3721; x_wconf 88' lang='lat' dir='ltr'><strong>sententia,</strong></span> <span class='ocrx_word' id='word_1_242' title='bbox 1790 3657 1845 3710; x_wconf 93' lang='lat' dir='ltr'><strong>in</strong></span> <span class='ocrx_word' id='word_1_243' title='bbox 1878 3674 2045 3712; x_wconf 90' lang='lat' dir='ltr'><strong>unam</strong></span> 
     </span>
    </p>
   </div>
   <div class='ocr_carea' id='block_1_40' title="bbox 458 3747 2046 3820">
    <p class='ocr_par' dir='ltr' id='par_1_40' title="bbox 458 3747 2046 3820">
     <span class='ocr_line' id='line_1_40' title="bbox 458 3747 2046 3820; baseline -0.002 -13"><span class='ocrx_word' id='word_1_244' title='bbox 458 3767 654 3807; x_wconf 89' lang='lat' dir='ltr'><strong>omnes</strong></span> <span class='ocrx_word' id='word_1_245' title='bbox 715 3759 928 3805; x_wconf 76' lang='lat' dir='ltr'><strong>natura:</strong></span> <span class='ocrx_word' id='word_1_246' title='bbox 985 3749 1260 3805; x_wconf 90' lang='lat' dir='ltr'><strong>rationem</strong></span> <span class='ocrx_word' id='word_1_247' title='bbox 1321 3763 1553 3820; x_wconf 80' lang='lat' dir='ltr'><strong>cogens;</strong></span> <span class='ocrx_word' id='word_1_248' title='bbox 1613 3747 1668 3802; x_wconf 91' lang='lat' dir='ltr'><strong>in</strong></span> <span class='ocrx_word' id='word_1_249' title='bbox 1723 3764 1832 3820; x_wconf 89' lang='lat' dir='ltr'><strong>qua</strong></span> <span class='ocrx_word' id='word_1_250' title='bbox 1893 3749 2046 3805; x_wconf 83' lang='lat' dir='ltr'><strong>nullo</strong></span> 
     </span>
    </p>
   </div>
   <div class='ocr_carea' id='block_1_41' title="bbox 458 3840 2045 3914">
    <p class='ocr_par' dir='ltr' id='par_1_41' title="bbox 458 3840 2045 3914">
     <span class='ocr_line' id='line_1_41' title="bbox 458 3840 2045 3914; baseline 0.001 -19"><span class='ocrx_word' id='word_1_251' title='bbox 458 3858 686 3914; x_wconf 88' lang='lat' dir='ltr'><strong>prorsus</strong></span> <span class='ocrx_word' id='word_1_252' title='bbox 739 3843 904 3896; x_wconf 91' lang='lat' dir='ltr'><strong>modo</strong></span> <span class='ocrx_word' id='word_1_253' title='bbox 959 3852 1080 3907; x_wconf 90' lang='lat' dir='ltr'><strong>est,</strong></span> <span class='ocrx_word' id='word_1_254' title='bbox 1128 3856 1252 3912; x_wconf 70' lang='lat' dir='ltr'><strong>qua:</strong></span> <span class='ocrx_word' id='word_1_255' title='bbox 1309 3856 1462 3895; x_wconf 92' lang='lat' dir='ltr'><strong>nunc</strong></span> <span class='ocrx_word' id='word_1_256' title='bbox 1510 3840 1639 3895; x_wconf 67' lang='grc' dir='ltr'><strong>(ξποὶ</strong></span> <span class='ocrx_word' id='word_1_257' title='bbox 1697 3842 2045 3911; x_wconf 90' lang='lat' dir='ltr'><strong>carnalisque</strong></span> 
     </span>
    </p>
   </div>
   <div class='ocr_carea' id='block_1_42' title="bbox 456 3933 2044 4004">
    <p class='ocr_par' dir='ltr' id='par_1_42' title="bbox 456 3933 2044 4004">
     <span class='ocr_line' id='line_1_42' title="bbox 456 3933 2044 4004; baseline -0.002 -14"><span class='ocrx_word' id='word_1_258' title='bbox 456 3935 662 3991; x_wconf 91' lang='lat' dir='ltr'><strong>amoris</strong></span> <span class='ocrx_word' id='word_1_259' title='bbox 716 3936 842 3990; x_wconf 90' lang='lat' dir='ltr'><strong>labe</strong></span> <span class='ocrx_word' id='word_1_260' title='bbox 895 3935 1080 4004; x_wconf 77' lang='lat' dir='ltr'><strong>viget,</strong></span> <span class='ocrx_word' id='word_1_261' title='bbox 1140 3943 1352 3988; x_wconf 73' lang='lat' dir='ltr'><strong>natura:</strong></span> <span class='ocrx_word' id='word_1_262' title='bbox 1415 3933 1634 3987; x_wconf 88' lang='lat' dir='ltr'><strong>divisio.</strong></span> <span class='ocrx_word' id='word_1_263' title='bbox 1692 3933 1803 3988; x_wconf 83' lang='lat' dir='ltr'><strong>Lex</strong></span> <span class='ocrx_word' id='word_1_264' title='bbox 1859 3946 2044 3988; x_wconf 87' lang='lat' dir='ltr'><strong>autem</strong></span> 
     </span>
    </p>
   </div>
   <div class='ocr_carea' id='block_1_43' title="bbox 455 4022 2047 4096">
    <p class='ocr_par' dir='ltr' id='par_1_43' title="bbox 455 4022 2047 4096">
     <span class='ocr_line' id='line_1_43' title="bbox 455 4022 2047 4096; baseline -0.003 -16"><span class='ocrx_word' id='word_1_265' title='bbox 455 4025 681 4096; x_wconf 85' lang='lat' dir='ltr'><strong>scripta,</strong></span> <span class='ocrx_word' id='word_1_266' title='bbox 719 4040 1007 4095; x_wconf 76' lang='lat' dir='ltr'><strong>pmnarum</strong></span> <span class='ocrx_word' id='word_1_267' title='bbox 1059 4031 1212 4077; x_wconf 90' lang='lat' dir='ltr'><strong>metu</strong></span> <span class='ocrx_word' id='word_1_268' title='bbox 1260 4023 1654 4093; x_wconf 88' lang='lat' dir='ltr'><strong>incompositos</strong></span> <span class='ocrx_word' id='word_1_269' title='bbox 1701 4022 2047 4092; x_wconf 85' lang='lat' dir='ltr'><strong>insipientio-</strong></span> 
     </span>
    </p>
   </div>
   <div class='ocr_carea' id='block_1_44' title="bbox 458 4115 2042 4189">
    <p class='ocr_par' dir='ltr' id='par_1_44' title="bbox 458 4115 2042 4189">
     <span class='ocr_line' id='line_1_44' title="bbox 458 4115 2042 4189; baseline -0.001 -16"><span class='ocrx_word' id='word_1_270' title='bbox 458 4136 580 4174; x_wconf 81' lang='lat' dir='ltr'><strong>rum</strong></span> <span class='ocrx_word' id='word_1_271' title='bbox 617 4119 1024 4189; x_wconf 89' lang='lat' dir='ltr'><strong>appetitionum</strong></span> <span class='ocrx_word' id='word_1_272' title='bbox 1059 4127 1248 4172; x_wconf 89' lang='lat' dir='ltr'><strong>motus</strong></span> <span class='ocrx_word' id='word_1_273' title='bbox 1281 4117 1560 4180; x_wconf 86' lang='lat' dir='ltr'><strong>inhibens,</strong></span> <span class='ocrx_word' id='word_1_274' title='bbox 1598 4115 1664 4170; x_wconf 91' lang='lat' dir='ltr'><strong>ad</strong></span> <span class='ocrx_word' id='word_1_275' title='bbox 1699 4117 1870 4170; x_wconf 88' lang='lat' dir='ltr'><strong>solam</strong></span> <span class='ocrx_word' id='word_1_276' title='bbox 1901 4119 2042 4187; x_wconf 71' lang='grc' dir='ltr'><strong>ωψιὶ</strong></span> 
     </span>
    </p>
   </div>
   <div class='ocr_carea' id='block_1_45' title="bbox 458 4210 2043 4279">
    <p class='ocr_par' dir='ltr' id='par_1_45' title="bbox 458 4210 2043 4279">
     <span class='ocr_line' id='line_1_45' title="bbox 458 4210 2043 4279; baseline -0.001 -13"><span class='ocrx_word' id='word_1_277' title='bbox 458 4212 908 4269; x_wconf 85' lang='lat' dir='ltr'><strong>distributionem</strong></span> <span class='ocrx_word' id='word_1_278' title='bbox 960 4212 1206 4266; x_wconf 87' lang='lat' dir='ltr'><strong>animum</strong></span> <span class='ocrx_word' id='word_1_279' title='bbox 1264 4210 1590 4274; x_wconf 87' lang='lat' dir='ltr'><strong>attendere,</strong></span> <span class='ocrx_word' id='word_1_280' title='bbox 1644 4210 1808 4279; x_wconf 84' lang='lat' dir='ltr'><strong>eique</strong></span> <span class='ocrx_word' id='word_1_281' title='bbox 1859 4227 2043 4264; x_wconf 88' lang='lat' dir='ltr'><strong>assue-</strong></span> 
     </span>
    </p>
   </div>
   <div class='ocr_carea' id='block_1_46' title="bbox 457 4304 2044 4376">
    <p class='ocr_par' dir='ltr' id='par_1_46' title="bbox 457 4304 2044 4376">
     <span class='ocr_line' id='line_1_46' title="bbox 457 4304 2044 4376; baseline -0.001 -15"><span class='ocrx_word' id='word_1_282' title='bbox 457 4322 612 4361; x_wconf 87' lang='lat' dir='ltr'><strong>scere</strong></span> <span class='ocrx_word' id='word_1_283' title='bbox 665 4307 832 4362; x_wconf 89' lang='lat' dir='ltr'><strong>docet</strong></span> <span class='ocrx_word' id='word_1_284' title='bbox 867 4325 879 4360; x_wconf 92' lang='lat'><strong>:</strong></span> <span class='ocrx_word' id='word_1_285' title='bbox 911 4322 1019 4376; x_wconf 87' lang='lat' dir='ltr'><strong>qua</strong></span> <span class='ocrx_word' id='word_1_286' title='bbox 1077 4304 1342 4359; x_wconf 90' lang='lat' dir='ltr'><strong>nimirum</strong></span> <span class='ocrx_word' id='word_1_287' title='bbox 1392 4304 1621 4375; x_wconf 65' lang='lat' dir='ltr'><strong>iustitiae</strong></span> <span class='ocrx_word' id='word_1_288' title='bbox 1666 4304 1749 4358; x_wconf 88' lang='lat' dir='ltr'><strong>vis</strong></span> <span class='ocrx_word' id='word_1_289' title='bbox 1797 4312 2044 4374; x_wconf 87' lang='lat' dir='ltr'><strong>tempore</strong></span> 
     </span>
    </p>
   </div>
   <div class='ocr_carea' id='block_1_47' title="bbox 459 4395 2043 4466">
    <p class='ocr_par' dir='ltr' id='par_1_47' title="bbox 459 4395 2043 4466">
     <span class='ocr_line' id='line_1_47' title="bbox 459 4395 2043 4466; baseline -0.001 -15"><span class='ocrx_word' id='word_1_290' title='bbox 459 4400 692 4464; x_wconf 80' lang='lat' dir='ltr'><strong>firmata,</strong></span> <span class='ocrx_word' id='word_1_291' title='bbox 729 4399 786 4452; x_wconf 93' lang='lat' dir='ltr'><strong>in</strong></span> <span class='ocrx_word' id='word_1_292' title='bbox 811 4406 1068 4452; x_wconf 82' lang='lat' dir='ltr'><strong>naturam</strong></span> <span class='ocrx_word' id='word_1_293' title='bbox 1093 4395 1318 4462; x_wconf 87' lang='lat' dir='ltr'><strong>transit;</strong></span> <span class='ocrx_word' id='word_1_294' title='bbox 1362 4396 1438 4451; x_wconf 89' lang='lat' dir='ltr'><strong>ita</strong></span> <span class='ocrx_word' id='word_1_295' title='bbox 1464 4396 1726 4450; x_wconf 89' lang='lat' dir='ltr'><strong>nimirum</strong></span> <span class='ocrx_word' id='word_1_296' title='bbox 1753 4405 1816 4450; x_wconf 92' lang='lat' dir='ltr'><strong>ut</strong></span> <span class='ocrx_word' id='word_1_297' title='bbox 1852 4396 2043 4466; x_wconf 87' lang='lat' dir='ltr'><strong>paula-</strong></span> 
     </span>
    </p>
   </div>
   <div class='ocr_carea' id='block_1_48' title="bbox 2149 528 3762 602">
    <p class='ocr_par' dir='ltr' id='par_1_48' title="bbox 2149 528 3762 602">
     <span class='ocr_line' id='line_1_48' title="bbox 2149 528 3762 602; baseline 0.002 -21"><span class='ocrx_word' id='word_1_298' title='bbox 2149 528 2457 598; x_wconf 74' lang='grc' dir='ltr'>καθέστηκε</span> <span class='ocrx_word' id='word_1_299' title='bbox 2481 546 2494 559; x_wconf 88' lang='grc'>·</span> <span class='ocrx_word' id='word_1_300' title='bbox 2533 530 2671 602; x_wconf 86' lang='grc' dir='ltr'>πρὸς</span> <span class='ocrx_word' id='word_1_301' title='bbox 2716 530 2820 602; x_wconf 80' lang='grc' dir='ltr'>μὲν</span> <span class='ocrx_word' id='word_1_302' title='bbox 2854 529 2947 584; x_wconf 77' lang='grc' dir='ltr'>τὸν</span> <span class='ocrx_word' id='word_1_303' title='bbox 2975 529 3108 583; x_wconf 81' lang='grc' dir='ltr'><strong>Θεὸν</strong></span> <span class='ocrx_word' id='word_1_304' title='bbox 3145 529 3289 600; x_wconf 74' lang='grc' dir='ltr'>ἔχων</span> <span class='ocrx_word' id='word_1_305' title='bbox 3332 529 3438 599; x_wconf 76' lang='grc' dir='ltr'><strong>τὴν</strong></span> <span class='ocrx_word' id='word_1_306' title='bbox 3466 531 3762 599; x_wconf 62' lang='grc' dir='ltr'>καταφρό-</span> 
     </span>
    </p>
   </div>
   <div class='ocr_carea' id='block_1_49' title="bbox 2149 620 3760 692">
    <p class='ocr_par' dir='ltr' id='par_1_49' title="bbox 2149 620 3760 692">
     <span class='ocr_line' id='line_1_49' title="bbox 2149 620 3760 692; baseline 0.001 -21"><span class='ocrx_word' id='word_1_307' title='bbox 2149 636 2328 688; x_wconf 83' lang='grc' dir='ltr'>νησιν,</span> <span class='ocrx_word' id='word_1_308' title='bbox 2368 620 2490 674; x_wconf 76' lang='grc' dir='ltr'>καθ’</span> <span class='ocrx_word' id='word_1_309' title='bbox 2526 621 2595 692; x_wconf 74' lang='grc' dir='ltr'>ἢν</span> <span class='ocrx_word' id='word_1_310' title='bbox 2635 622 2847 691; x_wconf 75' lang='grc' dir='ltr'>πέφυκε</span> <span class='ocrx_word' id='word_1_311' title='bbox 2900 620 3238 692; x_wconf 78' lang='grc' dir='ltr'><strong>βλασφήμως</strong></span> <span class='ocrx_word' id='word_1_312' title='bbox 3276 621 3607 675; x_wconf 72' lang='grc' dir='ltr'>διασάλλειν</span> <span class='ocrx_word' id='word_1_313' title='bbox 3657 622 3760 692; x_wconf 67' lang='grc' dir='ltr'>τὴν</span> 
     </span>
    </p>
   </div>
   <div class='ocr_carea' id='block_1_50' title="bbox 2151 707 3758 781">
    <p class='ocr_par' dir='ltr' id='par_1_50' title="bbox 2151 707 3758 781">
     <span class='ocr_line' id='line_1_50' title="bbox 2151 707 3758 781; baseline 0.004 -24"><span class='ocrx_word' id='word_1_314' title='bbox 2151 707 2436 775; x_wconf 86' lang='grc' dir='ltr'>πρόνοιαν·</span> <span class='ocrx_word' id='word_1_315' title='bbox 2478 708 2615 779; x_wconf 80' lang='grc' dir='ltr'>πρὸς</span> <span class='ocrx_word' id='word_1_316' title='bbox 2642 709 2698 762; x_wconf 86' lang='grc' dir='ltr'>δὲ</span> <span class='ocrx_word' id='word_1_317' title='bbox 2731 709 2831 779; x_wconf 79' lang='grc' dir='ltr'>τὴν</span> <span class='ocrx_word' id='word_1_318' title='bbox 2857 709 3020 779; x_wconf 87' lang='grc' dir='ltr'>φύσιν</span> <span class='ocrx_word' id='word_1_319' title='bbox 3051 709 3394 779; x_wconf 77' lang='grc' dir='ltr'><strong>κεκτημένος</strong></span> <span class='ocrx_word' id='word_1_320' title='bbox 3445 710 3554 781; x_wconf 75' lang='grc' dir='ltr'><strong>τὴν</strong></span> <span class='ocrx_word' id='word_1_321' title='bbox 3592 711 3758 764; x_wconf 77' lang='grc' dir='ltr'>ἁλλο-</span> 
     </span>
    </p>
   </div>
   <div class='ocr_carea' id='block_1_51' title="bbox 2146 798 3756 875">
    <p class='ocr_par' dir='ltr' id='par_1_51' title="bbox 2146 798 3756 875">
     <span class='ocr_line' id='line_1_51' title="bbox 2146 798 3756 875; baseline 0.006 -27"><span class='ocrx_word' id='word_1_322' title='bbox 2146 798 2394 867; x_wconf 82' lang='grc' dir='ltr'>τρίωσιν,</span> <span class='ocrx_word' id='word_1_323' title='bbox 2432 800 2557 853; x_wconf 84' lang='grc' dir='ltr'>καθ’</span> <span class='ocrx_word' id='word_1_324' title='bbox 2585 803 2653 871; x_wconf 75' lang='grc' dir='ltr'>ἣν</span> <span class='ocrx_word' id='word_1_325' title='bbox 2699 802 2880 854; x_wconf 85' lang='grc' dir='ltr'>πάντα</span> <span class='ocrx_word' id='word_1_326' title='bbox 2920 801 2989 855; x_wconf 82' lang='grc' dir='ltr'><strong>τὰ</strong></span> <span class='ocrx_word' id='word_1_327' title='bbox 3030 804 3130 872; x_wconf 79' lang='grc' dir='ltr'><strong>τῆς</strong></span> <span class='ocrx_word' id='word_1_328' title='bbox 3182 802 3405 870; x_wconf 78' lang='grc' dir='ltr'>φύσεως</span> <span class='ocrx_word' id='word_1_329' title='bbox 3439 805 3609 875; x_wconf 76' lang='grc' dir='ltr'>παρὰ</span> <span class='ocrx_word' id='word_1_330' title='bbox 3655 805 3756 875; x_wconf 71' lang='grc' dir='ltr'>τὴν</span> 
     </span>
    </p>
   </div>
   <div class='ocr_carea' id='block_1_52' title="bbox 2153 888 3758 969">
    <p class='ocr_par' dir='ltr' id='par_1_52' title="bbox 2153 888 3758 969">
     <span class='ocr_line' id='line_1_52' title="bbox 2153 888 3758 969; baseline 0.007 -28"><span class='ocrx_word' id='word_1_331' title='bbox 2153 888 2315 957; x_wconf 81' lang='grc' dir='ltr'>φύσιν</span> <span class='ocrx_word' id='word_1_332' title='bbox 2360 895 2823 964; x_wconf 77' lang='grc' dir='ltr'><strong>μεταχειρίζεται,</strong></span> <span class='ocrx_word' id='word_1_333' title='bbox 2853 895 2932 965; x_wconf 82' lang='grc' dir='ltr'>τῷ</span> <span class='ocrx_word' id='word_1_334' title='bbox 2971 895 3114 949; x_wconf 76' lang='grc' dir='ltr'>κατὰ</span> <span class='ocrx_word' id='word_1_335' title='bbox 3158 898 3525 968; x_wconf 74' lang='grc' dir='ltr'>παράχρησιν</span> <span class='ocrx_word' id='word_1_336' title='bbox 3565 897 3758 969; x_wconf 68' lang='grc' dir='ltr'>τρόπω</span> 
     </span>
    </p>
   </div>
   <div class='ocr_carea' id='block_1_53' title="bbox 2149 978 3460 1060">
    <p class='ocr_par' dir='ltr' id='par_1_53' title="bbox 2149 978 3460 1060">
     <span class='ocr_line' id='line_1_53' title="bbox 2149 978 3460 1060; baseline 0.01 -29"><span class='ocrx_word' id='word_1_337' title='bbox 2149 978 2249 1051; x_wconf 70' lang='grc' dir='ltr'>τὴν</span> <span class='ocrx_word' id='word_1_338' title='bbox 2272 980 2374 1053; x_wconf 83' lang='grc' dir='ltr'><strong>τῆς</strong></span> <span class='ocrx_word' id='word_1_339' title='bbox 2410 983 2626 1052; x_wconf 85' lang='grc' dir='ltr'>φύσεως</span> <span class='ocrx_word' id='word_1_340' title='bbox 2663 987 3060 1058; x_wconf 82' lang='grc' dir='ltr'>παραφθείρων</span> <span class='ocrx_word' id='word_1_341' title='bbox 3091 990 3460 1060; x_wconf 81' lang='grc' dir='ltr'>εὐπρέπειαν.</span> 
     </span>
    </p>
   </div>
   <div class='ocr_carea' id='block_1_54' title="bbox 2216 1156 3758 1230">
    <p class='ocr_par' dir='ltr' id='par_1_54' title="bbox 2216 1156 3758 1230">
     <span class='ocr_line' id='line_1_54' title="bbox 2216 1156 3758 1230; baseline 0.003 -17"><span class='ocrx_word' id='word_1_342' title='bbox 2216 1163 2291 1228; x_wconf 84' lang='grc' dir='ltr'><strong>η’.</strong></span> <span class='ocrx_word' id='word_1_343' title='bbox 2333 1156 2409 1211; x_wconf 85' lang='grc' dir='ltr'><strong>Τὺ</strong></span> <span class='ocrx_word' id='word_1_344' title='bbox 2455 1159 2675 1229; x_wconf 78' lang='grc' dir='ltr'>πνεῦμα</span> <span class='ocrx_word' id='word_1_345' title='bbox 2724 1160 2822 1214; x_wconf 82' lang='grc' dir='ltr'><strong>τοῦ</strong></span> <span class='ocrx_word' id='word_1_346' title='bbox 2866 1160 3149 1225; x_wconf 82' lang='grc' dir='ltr'>καύσωνος</span> <span class='ocrx_word' id='word_1_347' title='bbox 3170 1163 3211 1225; x_wconf 87' lang='lat'><strong>‘,</strong></span> <span class='ocrx_word' id='word_1_348' title='bbox 3263 1163 3327 1216; x_wconf 80' lang='grc' dir='ltr'>οὐ</span> <span class='ocrx_word' id='word_1_349' title='bbox 3397 1162 3576 1230; x_wconf 76' lang='grc' dir='ltr'>μόνον</span> <span class='ocrx_word' id='word_1_350' title='bbox 3630 1159 3758 1220; x_wconf 61' lang='grc' dir='ltr'>τοὺς</span> 
     </span>
    </p>
   </div>
   <div class='ocr_carea' id='block_1_55' title="bbox 2152 1251 3755 1324">
    <p class='ocr_par' dir='ltr' id='par_1_55' title="bbox 2152 1251 3755 1324">
     <span class='ocr_line' id='line_1_55' title="bbox 2152 1251 3755 1324; baseline 0.002 -22"><span class='ocrx_word' id='word_1_351' title='bbox 2152 1251 2524 1321; x_wconf 80' lang='grc' dir='ltr'>πειρασμοὺς,</span> <span class='ocrx_word' id='word_1_352' title='bbox 2569 1251 2708 1306; x_wconf 80' lang='grc' dir='ltr'>ἀλλὰ</span> <span class='ocrx_word' id='word_1_353' title='bbox 2749 1253 2843 1306; x_wconf 72' lang='grc' dir='ltr'>καὶ</span> <span class='ocrx_word' id='word_1_354' title='bbox 2887 1252 2988 1324; x_wconf 72' lang='grc' dir='ltr'><strong>τὴν</strong></span> <span class='ocrx_word' id='word_1_355' title='bbox 3024 1253 3417 1321; x_wconf 66' lang='grc' dir='ltr'>ἐγκαταλειψιν</span> <span class='ocrx_word' id='word_1_356' title='bbox 3458 1253 3562 1306; x_wconf 75' lang='grc' dir='ltr'>τοῦ</span> <span class='ocrx_word' id='word_1_357' title='bbox 3589 1252 3755 1316; x_wconf 73' lang='grc' dir='ltr'><strong>Θεοῦ,</strong></span> 
     </span>
    </p>
   </div>
   <div class='ocr_carea' id='block_1_56' title="bbox 2144 1342 3758 1418">
    <p class='ocr_par' dir='ltr' id='par_1_56' title="bbox 2144 1342 3758 1418">
     <span class='ocr_line' id='line_1_56' title="bbox 2144 1342 3758 1418; baseline 0.002 -22"><span class='ocrx_word' id='word_1_358' title='bbox 2144 1342 2244 1412; x_wconf 86' lang='grc' dir='ltr'>τὴν</span> <span class='ocrx_word' id='word_1_359' title='bbox 2271 1343 2686 1415; x_wconf 81' lang='grc' dir='ltr'><strong>ἀφαιρουμένην</strong></span> <span class='ocrx_word' id='word_1_360' title='bbox 2716 1343 2828 1398; x_wconf 85' lang='grc' dir='ltr'>τῶν</span> <span class='ocrx_word' id='word_1_361' title='bbox 2863 1344 3132 1398; x_wconf 83' lang='grc' dir='ltr'><strong>Ἰουδαίων</strong></span> <span class='ocrx_word' id='word_1_362' title='bbox 3167 1347 3267 1418; x_wconf 75' lang='grc' dir='ltr'>τὴν</span> <span class='ocrx_word' id='word_1_363' title='bbox 3299 1346 3409 1398; x_wconf 84' lang='grc' dir='ltr'><strong>τῶν</strong></span> <span class='ocrx_word' id='word_1_364' title='bbox 3448 1344 3624 1399; x_wconf 77' lang='grc' dir='ltr'>θείων</span> <span class='ocrx_word' id='word_1_365' title='bbox 3656 1365 3758 1415; x_wconf 76' lang='grc' dir='ltr'><strong>χα-</strong></span> 
     </span>
    </p>
   </div>
   <div class='ocr_carea' id='block_1_57' title="bbox 2150 1435 3759 1508">
    <p class='ocr_par' dir='ltr' id='par_1_57' title="bbox 2150 1435 3759 1508">
     <span class='ocr_line' id='line_1_57' title="bbox 2150 1435 3759 1508; baseline 0.002 -21"><span class='ocrx_word' id='word_1_366' title='bbox 2150 1435 2431 1506; x_wconf 82' lang='grc' dir='ltr'>ρισμάτων</span> <span class='ocrx_word' id='word_1_367' title='bbox 2496 1435 2786 1507; x_wconf 77' lang='grc' dir='ltr'>χορηγίαν,</span> <span class='ocrx_word' id='word_1_368' title='bbox 2839 1436 3010 1508; x_wconf 83' lang='grc' dir='ltr'>δηλοῖ.</span> <span class='ocrx_word' id='word_1_369' title='bbox 3056 1437 3120 1490; x_wconf 83' lang='grc' dir='ltr'><strong>Ἦ</strong></span> <span class='ocrx_word' id='word_1_370' title='bbox 3165 1437 3222 1491; x_wconf 82' lang='grc' dir='ltr'>δὲ</span> <span class='ocrx_word' id='word_1_371' title='bbox 3269 1437 3361 1491; x_wconf 76' lang='grc' dir='ltr'><strong>διὰ</strong></span> <span class='ocrx_word' id='word_1_372' title='bbox 3427 1437 3759 1508; x_wconf 74' lang='grc' dir='ltr'>πνεύματος</span> 
     </span>
    </p>
   </div>
   <div class='ocr_carea' id='block_1_58' title="bbox 2150 1525 3757 1601">
    <p class='ocr_par' dir='ltr' id='par_1_58' title="bbox 2150 1525 3757 1601">
     <span class='ocr_line' id='line_1_58' title="bbox 2150 1525 3757 1601; baseline 0.002 -24"><span class='ocrx_word' id='word_1_373' title='bbox 2150 1525 2296 1578; x_wconf 76' lang='grc' dir='ltr'>κατὰ</span> <span class='ocrx_word' id='word_1_374' title='bbox 2318 1525 2498 1597; x_wconf 68' lang='grc' dir='ltr'>ψυχὴν</span> <span class='ocrx_word' id='word_1_375' title='bbox 2529 1527 2841 1597; x_wconf 76' lang='grc' dir='ltr'>ἀγχιστεία,</span> <span class='ocrx_word' id='word_1_376' title='bbox 2869 1528 3075 1600; x_wconf 79' lang='grc' dir='ltr'>σαρκὸς</span> <span class='ocrx_word' id='word_1_377' title='bbox 3111 1528 3212 1599; x_wconf 78' lang='grc' dir='ltr'>μὲν</span> <span class='ocrx_word' id='word_1_378' title='bbox 3251 1529 3372 1583; x_wconf 79' lang='grc' dir='ltr'>λύει</span> <span class='ocrx_word' id='word_1_379' title='bbox 3413 1530 3522 1601; x_wconf 77' lang='grc' dir='ltr'>τὴν</span> <span class='ocrx_word' id='word_1_380' title='bbox 3563 1530 3757 1600; x_wconf 73' lang='grc' dir='ltr'>σχέσιν</span> 
     </span>
    </p>
   </div>
   <div class='ocr_carea' id='block_1_59' title="bbox 2147 1616 3757 1690">
    <p class='ocr_par' dir='ltr' id='par_1_59' title="bbox 2147 1616 3757 1690">
     <span class='ocr_line' id='line_1_59' title="bbox 2147 1616 3757 1690; baseline 0.002 -22"><span class='ocrx_word' id='word_1_381' title='bbox 2147 1616 2247 1684; x_wconf 81' lang='grc' dir='ltr'>τῆς</span> <span class='ocrx_word' id='word_1_382' title='bbox 2302 1616 2704 1688; x_wconf 74' lang='grc' dir='ltr'>προαιρέσεως,</span> <span class='ocrx_word' id='word_1_383' title='bbox 2747 1617 2867 1690; x_wconf 86' lang='grc' dir='ltr'><strong>Θεῷ</strong></span> <span class='ocrx_word' id='word_1_384' title='bbox 2916 1618 2975 1672; x_wconf 81' lang='grc' dir='ltr'>δὲ</span> <span class='ocrx_word' id='word_1_385' title='bbox 3024 1619 3363 1690; x_wconf 87' lang='grc' dir='ltr'>προσδεσμεί</span> <span class='ocrx_word' id='word_1_386' title='bbox 3404 1620 3561 1674; x_wconf 81' lang='grc' dir='ltr'><strong>κατά</strong></span> <span class='ocrx_word' id='word_1_387' title='bbox 3588 1619 3757 1673; x_wconf 76' lang='grc' dir='ltr'>πόθον</span> 
     </span>
    </p>
   </div>
   <div class='ocr_carea' id='block_1_60' title="bbox 2151 1707 2615 1779">
    <p class='ocr_par' dir='ltr' id='par_1_60' title="bbox 2151 1707 2615 1779">
     <span class='ocr_line' id='line_1_60' title="bbox 2151 1707 2615 1779; baseline 0.009 -20"><span class='ocrx_word' id='word_1_388' title='bbox 2151 1707 2615 1779; x_wconf 80' lang='grc' dir='ltr'>προσηλωοεῖσαν.</span> 
     </span>
    </p>
   </div>
   <div class='ocr_carea' id='block_1_61' title="bbox 2219 1797 3760 1872">
    <p class='ocr_par' dir='ltr' id='par_1_61' title="bbox 2219 1797 3760 1872">
     <span class='ocr_line' id='line_1_61' title="bbox 2219 1797 3760 1872; baseline 0.005 -22"><span class='ocrx_word' id='word_1_389' title='bbox 2219 1797 2284 1850; x_wconf 85' lang='grc' dir='ltr'><strong>θ’.</strong></span> <span class='ocrx_word' id='word_1_390' title='bbox 2340 1799 2397 1851; x_wconf 87' lang='grc' dir='ltr'>Ὀ</span> <span class='ocrx_word' id='word_1_391' title='bbox 2449 1799 2546 1869; x_wconf 86' lang='grc' dir='ltr'>μὲν</span> <span class='ocrx_word' id='word_1_392' title='bbox 2587 1799 2820 1869; x_wconf 82' lang='grc' dir='ltr'>φυσικὸς</span> <span class='ocrx_word' id='word_1_393' title='bbox 2862 1800 3052 1870; x_wconf 83' lang='grc' dir='ltr'>νόμος,</span> <span class='ocrx_word' id='word_1_394' title='bbox 3095 1801 3227 1854; x_wconf 79' lang='grc' dir='ltr'>ὅταν</span> <span class='ocrx_word' id='word_1_395' title='bbox 3263 1802 3365 1854; x_wconf 74' lang='grc' dir='ltr'>οὐκ</span> <span class='ocrx_word' id='word_1_396' title='bbox 3402 1801 3512 1872; x_wconf 74' lang='grc' dir='ltr'><strong>ἔχῃ</strong></span> <span class='ocrx_word' id='word_1_397' title='bbox 3564 1803 3760 1857; x_wconf 72' lang='grc' dir='ltr'>πλεον-</span> 
     </span>
    </p>
   </div>
   <div class='ocr_carea' id='block_1_62' title="bbox 2151 1890 3758 1964">
    <p class='ocr_par' dir='ltr' id='par_1_62' title="bbox 2151 1890 3758 1964">
     <span class='ocr_line' id='line_1_62' title="bbox 2151 1890 3758 1964; baseline 0.004 -22"><span class='ocrx_word' id='word_1_398' title='bbox 2151 1890 2418 1945; x_wconf 81' lang='grc' dir='ltr'>εκτοῦσαν</span> <span class='ocrx_word' id='word_1_399' title='bbox 2439 1892 2531 1944; x_wconf 66' lang='grc' dir='ltr'><strong>τὴν</strong></span> <span class='ocrx_word' id='word_1_400' title='bbox 2546 1891 2707 1961; x_wconf 84' lang='grc' dir='ltr'>λόγον</span> <span class='ocrx_word' id='word_1_401' title='bbox 2737 1892 2836 1962; x_wconf 76' lang='grc' dir='ltr'><strong>τὴν</strong></span> <span class='ocrx_word' id='word_1_402' title='bbox 2867 1892 3144 1964; x_wconf 76' lang='grc' dir='ltr'>αἴσθησιν,</span> <span class='ocrx_word' id='word_1_403' title='bbox 3163 1893 3479 1956; x_wconf 80' lang='grc' dir='ltr'>ἀδιδάκτως</span> <span class='ocrx_word' id='word_1_404' title='bbox 3501 1895 3758 1959; x_wconf 65' lang='grc' dir='ltr'>ἀσπάζε-</span> 
     </span>
    </p>
   </div>
   <div class='ocr_carea' id='block_1_63' title="bbox 2152 1985 3757 2058">
    <p class='ocr_par' dir='ltr' id='par_1_63' title="bbox 2152 1985 3757 2058">
     <span class='ocr_line' id='line_1_63' title="bbox 2152 1985 3757 2058; baseline 0.003 -21"><span class='ocrx_word' id='word_1_405' title='bbox 2152 1985 2275 2038; x_wconf 85' lang='grc' dir='ltr'>σθαι</span> <span class='ocrx_word' id='word_1_406' title='bbox 2303 1985 2512 2048; x_wconf 84' lang='grc' dir='ltr'><strong>πάντας</strong></span> <span class='ocrx_word' id='word_1_407' title='bbox 2539 1985 2720 2039; x_wconf 79' lang='grc' dir='ltr'><strong>πείθει</strong></span> <span class='ocrx_word' id='word_1_408' title='bbox 2745 1985 2807 2038; x_wconf 81' lang='grc' dir='ltr'><strong>τὸ</strong></span> <span class='ocrx_word' id='word_1_409' title='bbox 2831 1986 3092 2053; x_wconf 78' lang='grc' dir='ltr'>συγγενὲς</span> <span class='ocrx_word' id='word_1_410' title='bbox 3111 1987 3209 2040; x_wconf 57' lang='grc' dir='ltr'><strong>καὶ⁵</strong></span> <span class='ocrx_word' id='word_1_411' title='bbox 3243 1986 3552 2058; x_wconf 81' lang='grc' dir='ltr'>ὁμόφυλον,</span> <span class='ocrx_word' id='word_1_412' title='bbox 3585 1989 3757 2058; x_wconf 72' lang='grc' dir='ltr'>αὐτὴν</span> 
     </span>
    </p>
   </div>
   <div class='ocr_carea' id='block_1_64' title="bbox 2149 2075 3762 2151">
    <p class='ocr_par' dir='ltr' id='par_1_64' title="bbox 2149 2075 3762 2151">
     <span class='ocr_line' id='line_1_64' title="bbox 2149 2075 3762 2151; baseline 0.002 -21"><span class='ocrx_word' id='word_1_413' title='bbox 2149 2075 2378 2146; x_wconf 76' lang='grc' dir='ltr'>ἔχοντας</span> <span class='ocrx_word' id='word_1_414' title='bbox 2404 2076 2504 2149; x_wconf 82' lang='grc' dir='ltr'>τὴν</span> <span class='ocrx_word' id='word_1_415' title='bbox 2532 2077 2696 2148; x_wconf 85' lang='grc' dir='ltr'>φύσιν</span> <span class='ocrx_word' id='word_1_416' title='bbox 2725 2078 2825 2148; x_wconf 80' lang='grc' dir='ltr'>τῆς</span> <span class='ocrx_word' id='word_1_417' title='bbox 2850 2077 2961 2131; x_wconf 85' lang='grc' dir='ltr'>τῶν</span> <span class='ocrx_word' id='word_1_418' title='bbox 3001 2079 3274 2149; x_wconf 84' lang='grc' dir='ltr'><strong>δεομένων</strong></span> <span class='ocrx_word' id='word_1_419' title='bbox 3313 2081 3657 2151; x_wconf 79' lang='grc' dir='ltr'>ἐπικουρεας</span> <span class='ocrx_word' id='word_1_420' title='bbox 3689 2079 3762 2134; x_wconf 80' lang='grc' dir='ltr'>δι-</span> 
     </span>
    </p>
   </div>
   <div class='ocr_carea' id='block_1_65' title="bbox 2149 2168 3758 2244">
    <p class='ocr_par' dir='ltr' id='par_1_65' title="bbox 2149 2168 3758 2244">
     <span class='ocr_line' id='line_1_65' title="bbox 2149 2168 3758 2244; baseline 0.002 -22"><span class='ocrx_word' id='word_1_421' title='bbox 2149 2169 2445 2234; x_wconf 84' lang='grc' dir='ltr'>δάσκαλον,</span> <span class='ocrx_word' id='word_1_422' title='bbox 2481 2171 2707 2224; x_wconf 87' lang='grc' dir='ltr'>κάκεῖνο</span> <span class='ocrx_word' id='word_1_423' title='bbox 2735 2169 3022 2240; x_wconf 75' lang='grc' dir='ltr'>βούλεσθαι</span> <span class='ocrx_word' id='word_1_424' title='bbox 3045 2173 3211 2224; x_wconf 82' lang='grc' dir='ltr'>πᾶσιν</span> <span class='ocrx_word' id='word_1_425' title='bbox 3245 2169 3413 2243; x_wconf 78' lang='grc' dir='ltr'><strong>[ηιαιε</strong></span> <span class='ocrx_word' id='word_1_426' title='bbox 3446 2172 3603 2226; x_wconf 76' lang='lat' dir='ltr'><strong>edita</strong></span> <span class='ocrx_word' id='word_1_427' title='bbox 3625 2168 3758 2244; x_wconf 67' lang='grc' dir='ltr'>πᾶν]</span> 
     </span>
    </p>
   </div>
   <div class='ocr_carea' id='block_1_66' title="bbox 2151 2261 3758 2335">
    <p class='ocr_par' dir='ltr' id='par_1_66' title="bbox 2151 2261 3758 2335">
     <span class='ocr_line' id='line_1_66' title="bbox 2151 2261 3758 2335; baseline 0.002 -19"><span class='ocrx_word' id='word_1_428' title='bbox 2151 2261 2421 2326; x_wconf 72' lang='grc' dir='ltr'>ἅπαντας,</span> <span class='ocrx_word' id='word_1_429' title='bbox 2465 2263 2606 2333; x_wconf 83' lang='grc' dir='ltr'>ὅπερ</span> <span class='ocrx_word' id='word_1_430' title='bbox 2653 2263 2886 2326; x_wconf 76' lang='grc' dir='ltr'>ἕκαστος</span> <span class='ocrx_word' id='word_1_431' title='bbox 2912 2263 3091 2334; x_wconf 79' lang='grc' dir='ltr'><strong>ἐαυτῷ</strong></span> <span class='ocrx_word' id='word_1_432' title='bbox 3123 2266 3277 2335; x_wconf 73' lang='grc' dir='ltr'>παρὰ</span> <span class='ocrx_word' id='word_1_433' title='bbox 3309 2265 3421 2318; x_wconf 85' lang='grc' dir='ltr'>τῶν</span> <span class='ocrx_word' id='word_1_434' title='bbox 3459 2264 3648 2318; x_wconf 72' lang='grc' dir='ltr'>ἄλλων</span> <span class='ocrx_word' id='word_1_435' title='bbox 3674 2283 3758 2333; x_wconf 76' lang='grc' dir='ltr'><strong>τι-</strong></span> 
     </span>
    </p>
   </div>
   <div class='ocr_carea' id='block_1_67' title="bbox 2149 2351 3757 2426">
    <p class='ocr_par' dir='ltr' id='par_1_67' title="bbox 2149 2351 3757 2426">
     <span class='ocr_line' id='line_1_67' title="bbox 2149 2351 3757 2426; baseline 0.003 -19"><span class='ocrx_word' id='word_1_436' title='bbox 2149 2355 2398 2425; x_wconf 84' lang='grc' dir='ltr'>νόμενον,</span> <span class='ocrx_word' id='word_1_437' title='bbox 2442 2351 2586 2409; x_wconf 77' lang='grc' dir='ltr'>εἶναι</span> <span class='ocrx_word' id='word_1_438' title='bbox 2633 2355 2782 2408; x_wconf 80' lang='grc' dir='ltr'>δοκεῖ</span> <span class='ocrx_word' id='word_1_439' title='bbox 2821 2356 3176 2426; x_wconf 80' lang='grc' dir='ltr'>καταθύμιον.</span> <span class='ocrx_word' id='word_1_440' title='bbox 3235 2357 3351 2410; x_wconf 78' lang='grc' dir='ltr'><strong>Καὶ</strong></span> <span class='ocrx_word' id='word_1_441' title='bbox 3403 2357 3574 2411; x_wconf 78' lang='grc' dir='ltr'>τοῦτο</span> <span class='ocrx_word' id='word_1_442' title='bbox 3613 2358 3757 2412; x_wconf 78' lang='grc' dir='ltr'>διδὰο</span> 
     </span>
    </p>
   </div>
   <div class='ocr_carea' id='block_1_68' title="bbox 2158 2447 3757 2520">
    <p class='ocr_par' dir='ltr' id='par_1_68' title="bbox 2158 2447 3757 2520">
     <span class='ocr_line' id='line_1_68' title="bbox 2158 2447 3757 2520; baseline 0.003 -21"><span class='ocrx_word' id='word_1_443' title='bbox 2158 2464 2304 2500; x_wconf 88' lang='grc' dir='ltr'>σκων</span> <span class='ocrx_word' id='word_1_444' title='bbox 2332 2449 2361 2499; x_wconf 85' lang='grc' dir='ltr'>ὁ</span> <span class='ocrx_word' id='word_1_445' title='bbox 2405 2447 2633 2518; x_wconf 82' lang='grc' dir='ltr'>Κύριος,</span> <span class='ocrx_word' id='word_1_446' title='bbox 2667 2449 2855 2520; x_wconf 72' lang='grc' dir='ltr'>φησὶν,</span> <span class='ocrx_word' id='word_1_447' title='bbox 2891 2450 3050 2503; x_wconf 84' lang='grc' dir='ltr'><strong>Ὅσα</strong></span> <span class='ocrx_word' id='word_1_448' title='bbox 3089 2451 3298 2503; x_wconf 69' lang='grc' dir='ltr'><strong>θέλετε</strong></span> <span class='ocrx_word' id='word_1_449' title='bbox 3351 2450 3458 2502; x_wconf 74' lang='lat' dir='ltr'><strong>Im</strong></span> <span class='ocrx_word' id='word_1_450' title='bbox 3491 2449 3757 2504; x_wconf 67' lang='grc' dir='ltr'>ποιῶσιν</span> 
     </span>
    </p>
   </div>
   <div class='ocr_carea' id='block_1_69' title="bbox 2156 2537 3753 2608">
    <p class='ocr_par' dir='ltr' id='par_1_69' title="bbox 2156 2537 3753 2608">
     <span class='ocr_line' id='line_1_69' title="bbox 2156 2537 3753 2608; baseline 0.002 -16"><span class='ocrx_word' id='word_1_451' title='bbox 2156 2537 2303 2606; x_wconf 76' lang='grc' dir='ltr'><strong>ὑμῖν</strong></span> <span class='ocrx_word' id='word_1_452' title='bbox 2326 2542 2379 2592; x_wconf 77' lang='grc' dir='ltr'><strong>οι</strong></span> <span class='ocrx_word' id='word_1_453' title='bbox 2423 2538 2746 2606; x_wconf 77' lang='grc' dir='ltr'>ἅνθρωποι,</span> <span class='ocrx_word' id='word_1_454' title='bbox 2779 2539 2994 2608; x_wconf 76' lang='grc' dir='ltr'>ὁμοίως</span> <span class='ocrx_word' id='word_1_455' title='bbox 3025 2539 3124 2593; x_wconf 73' lang='grc' dir='ltr'><strong>καὶ</strong></span> <span class='ocrx_word' id='word_1_456' title='bbox 3160 2539 3332 2608; x_wconf 81' lang='grc' dir='ltr'><strong>ὑμεῖς</strong></span> <span class='ocrx_word' id='word_1_457' title='bbox 3364 2539 3602 2594; x_wconf 77' lang='grc' dir='ltr'><strong>ποιεῖτε</strong></span> <span class='ocrx_word' id='word_1_458' title='bbox 3633 2543 3753 2595; x_wconf 82' lang='grc' dir='ltr'><strong>αὑ-</strong></span> 
     </span>
    </p>
   </div>
   <div class='ocr_carea' id='block_1_70' title="bbox 2151 2629 2298 2696">
    <p class='ocr_par' dir='ltr' id='par_1_70' title="bbox 2151 2629 2298 2696">
     <span class='ocr_line' id='line_1_70' title="bbox 2151 2629 2298 2696; baseline 0.02 -14"><span class='ocrx_word' id='word_1_459' title='bbox 2151 2629 2298 2696; x_wconf 82' lang='grc' dir='ltr'>τοῖς.</span> 
     </span>
    </p>
   </div>
   <div class='ocr_carea' id='block_1_71' title="bbox 2227 2717 3752 2793">
    <p class='ocr_par' dir='ltr' id='par_1_71' title="bbox 2227 2717 3752 2793">
     <span class='ocr_line' id='line_1_71' title="bbox 2227 2717 3752 2793; baseline 0 -19"><span class='ocrx_word' id='word_1_460' title='bbox 2227 2727 2284 2775; x_wconf 89' lang='grc' dir='ltr'><strong>ι’.</strong></span> <span class='ocrx_word' id='word_1_461' title='bbox 2329 2722 2532 2792; x_wconf 84' lang='grc' dir='ltr'>Ἔργον</span> <span class='ocrx_word' id='word_1_462' title='bbox 2558 2717 2698 2774; x_wconf 77' lang='grc' dir='ltr'>εἶναι</span> <span class='ocrx_word' id='word_1_463' title='bbox 2720 2719 2815 2774; x_wconf 72' lang='grc' dir='ltr'><strong>τοῦ</strong></span> <span class='ocrx_word' id='word_1_464' title='bbox 2844 2721 3076 2789; x_wconf 75' lang='grc' dir='ltr'>φυσικοῦ</span> <span class='ocrx_word' id='word_1_465' title='bbox 3100 2721 3268 2792; x_wconf 84' lang='grc' dir='ltr'>νόμου</span> <span class='ocrx_word' id='word_1_466' title='bbox 3299 2723 3458 2793; x_wconf 75' lang='grc' dir='ltr'>φησὶ,</span> <span class='ocrx_word' id='word_1_467' title='bbox 3489 2723 3752 2793; x_wconf 71' lang='grc' dir='ltr'>τὴντνω-</span> 
     </span>
    </p>
   </div>
   <div class='ocr_carea' id='block_1_72' title="bbox 2153 2813 3749 2885">
    <p class='ocr_par' dir='ltr' id='par_1_72' title="bbox 2153 2813 3749 2885">
     <span class='ocr_line' id='line_1_72' title="bbox 2153 2813 3749 2885; baseline 0.003 -19"><span class='ocrx_word' id='word_1_468' title='bbox 2153 2813 2323 2883; x_wconf 80' lang='grc' dir='ltr'>μικὴν</span> <span class='ocrx_word' id='word_1_469' title='bbox 2359 2814 2576 2868; x_wconf 83' lang='grc' dir='ltr'>πάντων</span> <span class='ocrx_word' id='word_1_470' title='bbox 2621 2813 2760 2883; x_wconf 83' lang='grc' dir='ltr'>πρὸς</span> <span class='ocrx_word' id='word_1_471' title='bbox 2805 2815 3017 2877; x_wconf 83' lang='grc' dir='ltr'><strong>πάντας</strong></span> <span class='ocrx_word' id='word_1_472' title='bbox 3064 2815 3342 2885; x_wconf 81' lang='grc' dir='ltr'>ὀμόϐυμον</span> <span class='ocrx_word' id='word_1_473' title='bbox 3372 2815 3587 2885; x_wconf 77' lang='grc' dir='ltr'>σχέσιν.</span> <span class='ocrx_word' id='word_1_474' title='bbox 3635 2815 3749 2884; x_wconf 72' lang='grc' dir='ltr'><strong>Ἐφ’</strong></span> 
     </span>
    </p>
   </div>
   <div class='ocr_carea' id='block_1_73' title="bbox 2151 2900 3749 2980">
    <p class='ocr_par' dir='ltr' id='par_1_73' title="bbox 2151 2900 3749 2980">
     <span class='ocr_line' id='line_1_73' title="bbox 2151 2900 3749 2980; baseline 0.002 -20"><span class='ocrx_word' id='word_1_475' title='bbox 2151 2900 2225 2960; x_wconf 81' lang='grc' dir='ltr'>ὧν</span> <span class='ocrx_word' id='word_1_476' title='bbox 2258 2906 2370 2979; x_wconf 84' lang='grc' dir='ltr'>γὰρ</span> <span class='ocrx_word' id='word_1_477' title='bbox 2400 2909 2432 2976; x_wconf 89' lang='grc' dir='ltr'><strong>ἡ</strong></span> <span class='ocrx_word' id='word_1_478' title='bbox 2465 2907 2628 2975; x_wconf 82' lang='grc' dir='ltr'>φύσις</span> <span class='ocrx_word' id='word_1_479' title='bbox 2678 2907 2822 2979; x_wconf 75' lang='grc' dir='ltr'>λόγῳ</span> <span class='ocrx_word' id='word_1_480' title='bbox 2875 2908 3225 2980; x_wconf 77' lang='grc' dir='ltr'>βραδεύεται,</span> <span class='ocrx_word' id='word_1_481' title='bbox 3255 2907 3470 2961; x_wconf 84' lang='grc' dir='ltr'>τούτων</span> <span class='ocrx_word' id='word_1_482' title='bbox 3519 2910 3627 2980; x_wconf 80' lang='grc' dir='ltr'><strong>μία</strong></span> <span class='ocrx_word' id='word_1_483' title='bbox 3659 2911 3749 2963; x_wconf 74' lang='grc' dir='ltr'><strong>τεέ-</strong></span> 
     </span>
    </p>
   </div>
   <div class='ocr_carea' id='block_1_74' title="bbox 2152 2995 3748 3074">
    <p class='ocr_par' dir='ltr' id='par_1_74' title="bbox 2152 2995 3748 3074">
     <span class='ocr_line' id='line_1_74' title="bbox 2152 2995 3748 3074; baseline 0.004 -22"><span class='ocrx_word' id='word_1_484' title='bbox 2152 3017 2324 3069; x_wconf 86' lang='grc' dir='ltr'>φυκεν</span> <span class='ocrx_word' id='word_1_485' title='bbox 2353 2997 2495 3053; x_wconf 78' lang='grc' dir='ltr'>εἶναι</span> <span class='ocrx_word' id='word_1_486' title='bbox 2523 2999 2782 3064; x_wconf 81' lang='grc' dir='ltr'>διάθεσις.</span> <span class='ocrx_word' id='word_1_487' title='bbox 2821 2995 2921 3054; x_wconf 85' lang='grc' dir='ltr'>Ὧν</span> <span class='ocrx_word' id='word_1_488' title='bbox 2960 3000 3016 3054; x_wconf 81' lang='grc' dir='ltr'>δὲ</span> <span class='ocrx_word' id='word_1_489' title='bbox 3061 3000 3301 3064; x_wconf 76' lang='grc' dir='ltr'>διάθεσις</span> <span class='ocrx_word' id='word_1_490' title='bbox 3332 3003 3369 3072; x_wconf 80' lang='grc' dir='ltr'><strong>ἡ</strong></span> <span class='ocrx_word' id='word_1_491' title='bbox 3403 3003 3572 3074; x_wconf 76' lang='grc' dir='ltr'><strong>αὑτὴ,</strong></span> <span class='ocrx_word' id='word_1_492' title='bbox 3599 3005 3695 3057; x_wconf 80' lang='grc' dir='ltr'>καὶ</span> <span class='ocrx_word' id='word_1_493' title='bbox 3720 3007 3748 3058; x_wconf 79' lang='grc' dir='ltr'><strong><em>ὁ</em></strong></span> 
     </span>
    </p>
   </div>
   <div class='ocr_carea' id='block_1_75' title="bbox 2155 3088 3747 3168">
    <p class='ocr_par' dir='ltr' id='par_1_75' title="bbox 2155 3088 3747 3168">
     <span class='ocr_line' id='line_1_75' title="bbox 2155 3088 3747 3168; baseline 0.004 -23"><span class='ocrx_word' id='word_1_494' title='bbox 2155 3093 2274 3146; x_wconf 79' lang='grc' dir='ltr'>κατ’</span> <span class='ocrx_word' id='word_1_495' title='bbox 2302 3088 2434 3165; x_wconf 77' lang='grc' dir='ltr'>ἦθος</span> <span class='ocrx_word' id='word_1_496' title='bbox 2472 3095 2693 3164; x_wconf 73' lang='grc' dir='ltr'>τρόπος,</span> <span class='ocrx_word' id='word_1_497' title='bbox 2727 3095 2821 3146; x_wconf 69' lang='grc' dir='ltr'><strong>καὶ</strong></span> <span class='ocrx_word' id='word_1_498' title='bbox 2857 3095 2884 3146; x_wconf 85' lang='grc' dir='ltr'>ὁ</span> <span class='ocrx_word' id='word_1_499' title='bbox 2912 3095 3006 3147; x_wconf 77' lang='grc' dir='ltr'>τοῦ</span> <span class='ocrx_word' id='word_1_500' title='bbox 3049 3093 3167 3164; x_wconf 76' lang='grc' dir='ltr'>βίου</span> <span class='ocrx_word' id='word_1_501' title='bbox 3210 3093 3417 3165; x_wconf 80' lang='grc' dir='ltr'>δρόμος</span> <span class='ocrx_word' id='word_1_502' title='bbox 3447 3091 3539 3159; x_wconf 78' lang='grc' dir='ltr'>εἷς</span> <span class='ocrx_word' id='word_1_503' title='bbox 3571 3099 3747 3168; x_wconf 67' lang='grc' dir='ltr'>ὖπὰρο</span> 
     </span>
    </p>
   </div>
   <div class='ocr_carea' id='block_1_76' title="bbox 2151 3182 3745 3260">
    <p class='ocr_par' dir='ltr' id='par_1_76' title="bbox 2151 3182 3745 3260">
     <span class='ocr_line' id='line_1_76' title="bbox 2151 3182 3745 3260; baseline 0.002 -22"><span class='ocrx_word' id='word_1_504' title='bbox 2151 3203 2268 3255; x_wconf 85' lang='grc' dir='ltr'>χειν</span> <span class='ocrx_word' id='word_1_505' title='bbox 2314 3187 2598 3258; x_wconf 78' lang='grc' dir='ltr'>προδήλως</span> <span class='ocrx_word' id='word_1_506' title='bbox 2644 3185 2911 3255; x_wconf 81' lang='grc' dir='ltr'>πέφυκεν.</span> <span class='ocrx_word' id='word_1_507' title='bbox 2959 3182 3058 3241; x_wconf 82' lang='grc' dir='ltr'>Ὠν</span> <span class='ocrx_word' id='word_1_508' title='bbox 3107 3187 3164 3240; x_wconf 86' lang='grc' dir='ltr'>δὲ</span> <span class='ocrx_word' id='word_1_509' title='bbox 3212 3189 3418 3260; x_wconf 79' lang='grc' dir='ltr'>τρόπος</span> <span class='ocrx_word' id='word_1_510' title='bbox 3468 3190 3626 3260; x_wconf 71' lang='grc' dir='ltr'><strong>ἠθῶν</strong></span> <span class='ocrx_word' id='word_1_511' title='bbox 3655 3192 3745 3243; x_wconf 72' lang='grc' dir='ltr'><strong>καὶ</strong></span> 
     </span>
    </p>
   </div>
   <div class='ocr_carea' id='block_1_77' title="bbox 2150 3277 3746 3354">
    <p class='ocr_par' dir='ltr' id='par_1_77' title="bbox 2150 3277 3746 3354">
     <span class='ocr_line' id='line_1_77' title="bbox 2150 3277 3746 3354; baseline 0.003 -23"><span class='ocrx_word' id='word_1_512' title='bbox 2150 3279 2270 3352; x_wconf 83' lang='grc' dir='ltr'>βίου</span> <span class='ocrx_word' id='word_1_513' title='bbox 2301 3279 2503 3351; x_wconf 86' lang='grc' dir='ltr'>δρόμος</span> <span class='ocrx_word' id='word_1_514' title='bbox 2534 3282 2691 3336; x_wconf 75' lang='grc' dir='ltr'>ἐστὶν</span> <span class='ocrx_word' id='word_1_515' title='bbox 2720 3284 2748 3336; x_wconf 87' lang='grc' dir='ltr'>ὁ</span> <span class='ocrx_word' id='word_1_516' title='bbox 2784 3283 2965 3345; x_wconf 76' lang='grc' dir='ltr'>αὐτὸς,</span> <span class='ocrx_word' id='word_1_517' title='bbox 3000 3277 3080 3346; x_wconf 75' lang='grc' dir='ltr'><strong>εἷς</strong></span> <span class='ocrx_word' id='word_1_518' title='bbox 3111 3282 3358 3354; x_wconf 82' lang='grc' dir='ltr'>δηλονότι</span> <span class='ocrx_word' id='word_1_519' title='bbox 3390 3283 3490 3335; x_wconf 69' lang='grc' dir='ltr'>καὶ</span> <span class='ocrx_word' id='word_1_520' title='bbox 3525 3285 3555 3335; x_wconf 85' lang='grc' dir='ltr'>ὁ</span> <span class='ocrx_word' id='word_1_521' title='bbox 3585 3284 3746 3345; x_wconf 64' lang='grc' dir='ltr'>αὐτὸς</span> 
     </span>
    </p>
   </div>
   <div class='ocr_carea' id='block_1_78' title="bbox 2149 3371 3746 3447">
    <p class='ocr_par' dir='ltr' id='par_1_78' title="bbox 2149 3371 3746 3447">
     <span class='ocr_line' id='line_1_78' title="bbox 2149 3371 3746 3447; baseline 0.003 -22"><span class='ocrx_word' id='word_1_522' title='bbox 2149 3371 2294 3425; x_wconf 86' lang='grc' dir='ltr'>κατὰ</span> <span class='ocrx_word' id='word_1_523' title='bbox 2319 3375 2418 3443; x_wconf 73' lang='grc' dir='ltr'>τὴν</span> <span class='ocrx_word' id='word_1_524' title='bbox 2449 3372 2676 3445; x_wconf 72' lang='grc' dir='ltr'>γνώμην</span> <span class='ocrx_word' id='word_1_525' title='bbox 2706 3375 2803 3445; x_wconf 77' lang='grc' dir='ltr'>τῆς</span> <span class='ocrx_word' id='word_1_526' title='bbox 2837 3375 2972 3447; x_wconf 77' lang='grc' dir='ltr'>πρὸς</span> <span class='ocrx_word' id='word_1_527' title='bbox 2995 3375 3264 3445; x_wconf 74' lang='grc' dir='ltr'><strong>ἀλλήλους</strong></span> <span class='ocrx_word' id='word_1_528' title='bbox 3293 3376 3547 3445; x_wconf 85' lang='grc' dir='ltr'>σχέσεως</span> <span class='ocrx_word' id='word_1_529' title='bbox 3571 3375 3746 3445; x_wconf 72' lang='grc' dir='ltr'>ὑπαρ-</span> 
     </span>
    </p>
   </div>
   <div class='ocr_carea' id='block_1_79' title="bbox 2149 3469 3742 3542">
    <p class='ocr_par' dir='ltr' id='par_1_79' title="bbox 2149 3469 3742 3542">
     <span class='ocr_line' id='line_1_79' title="bbox 2149 3469 3742 3542; baseline 0.003 -22"><span class='ocrx_word' id='word_1_530' title='bbox 2149 3486 2233 3539; x_wconf 85' lang='grc' dir='ltr'><strong>χει</strong></span> <span class='ocrx_word' id='word_1_531' title='bbox 2267 3469 2486 3538; x_wconf 76' lang='grc' dir='ltr'>δεσμὸς,</span> <span class='ocrx_word' id='word_1_532' title='bbox 2524 3469 2669 3522; x_wconf 88' lang='grc' dir='ltr'>κατὰ</span> <span class='ocrx_word' id='word_1_533' title='bbox 2702 3471 2831 3540; x_wconf 84' lang='grc' dir='ltr'>μίαν</span> <span class='ocrx_word' id='word_1_534' title='bbox 2869 3470 3098 3542; x_wconf 81' lang='grc' dir='ltr'>γνώμην</span> <span class='ocrx_word' id='word_1_535' title='bbox 3148 3469 3299 3538; x_wconf 80' lang='grc' dir='ltr'>ἄγων</span> <span class='ocrx_word' id='word_1_536' title='bbox 3344 3471 3478 3533; x_wconf 74' lang='grc' dir='ltr'>τοὺς</span> <span class='ocrx_word' id='word_1_537' title='bbox 3529 3471 3742 3533; x_wconf 73' lang='grc' dir='ltr'>πάντας</span> 
     </span>
    </p>
   </div>
   <div class='ocr_carea' id='block_1_80' title="bbox 2150 3555 3744 3633">
    <p class='ocr_par' dir='ltr' id='par_1_80' title="bbox 2150 3555 3744 3633">
     <span class='ocr_line' id='line_1_80' title="bbox 2150 3555 3744 3633; baseline 0.003 -22"><span class='ocrx_word' id='word_1_538' title='bbox 2150 3561 2287 3629; x_wconf 73' lang='grc' dir='ltr'>πρὸς</span> <span class='ocrx_word' id='word_1_539' title='bbox 2318 3561 2406 3613; x_wconf 74' lang='grc' dir='ltr'><strong>τὸν</strong></span> <span class='ocrx_word' id='word_1_540' title='bbox 2437 3563 2532 3614; x_wconf 78' lang='grc' dir='ltr'>ἕνα</span> <span class='ocrx_word' id='word_1_541' title='bbox 2552 3561 2711 3628; x_wconf 82' lang='grc' dir='ltr'>λόγον</span> <span class='ocrx_word' id='word_1_542' title='bbox 2745 3563 2844 3633; x_wconf 80' lang='grc' dir='ltr'>τῆς</span> <span class='ocrx_word' id='word_1_543' title='bbox 2873 3562 3123 3630; x_wconf 76' lang='grc' dir='ltr'>φύσεωςο</span> <span class='ocrx_word' id='word_1_544' title='bbox 3157 3565 3214 3615; x_wconf 83' lang='grc' dir='ltr'>ὲν</span> <span class='ocrx_word' id='word_1_545' title='bbox 3247 3555 3291 3630; x_wconf 79' lang='grc' dir='ltr'><strong>ᾧ</strong></span> <span class='ocrx_word' id='word_1_546' title='bbox 3314 3562 3612 3626; x_wconf 76' lang='grc' dir='ltr'>παντελῶς</span> <span class='ocrx_word' id='word_1_547' title='bbox 3642 3563 3744 3616; x_wconf 70' lang='grc' dir='ltr'>οὐκ</span> 
     </span>
    </p>
   </div>
   <div class='ocr_carea' id='block_1_81' title="bbox 2149 3653 3744 3730">
    <p class='ocr_par' dir='ltr' id='par_1_81' title="bbox 2149 3653 3744 3730">
     <span class='ocr_line' id='line_1_81' title="bbox 2149 3653 3744 3730; baseline 0.005 -25"><span class='ocrx_word' id='word_1_548' title='bbox 2149 3653 2296 3706; x_wconf 79' lang='grc' dir='ltr'>ἔστιν</span> <span class='ocrx_word' id='word_1_549' title='bbox 2327 3655 2360 3724; x_wconf 80' lang='grc' dir='ltr'><strong>ἡ</strong></span> <span class='ocrx_word' id='word_1_550' title='bbox 2389 3655 2482 3708; x_wconf 79' lang='grc' dir='ltr'>νῦν</span> <span class='ocrx_word' id='word_1_551' title='bbox 2513 3655 2794 3728; x_wconf 75' lang='grc' dir='ltr'>κρατοῦσα</span> <span class='ocrx_word' id='word_1_552' title='bbox 2820 3657 2919 3727; x_wconf 79' lang='grc' dir='ltr'><strong>τῆς</strong></span> <span class='ocrx_word' id='word_1_553' title='bbox 2953 3657 3170 3726; x_wconf 80' lang='grc' dir='ltr'>φύσεως</span> <span class='ocrx_word' id='word_1_554' title='bbox 3195 3657 3284 3711; x_wconf 74' lang='grc' dir='ltr'><strong>διὰ</strong></span> <span class='ocrx_word' id='word_1_555' title='bbox 3316 3661 3416 3730; x_wconf 80' lang='grc' dir='ltr'>τῆς</span> <span class='ocrx_word' id='word_1_556' title='bbox 3446 3658 3744 3726; x_wconf 72' lang='grc' dir='ltr'>φιλαυτίας</span> 
     </span>
    </p>
   </div>
   <div class='ocr_carea' id='block_1_82' title="bbox 2147 3747 3742 3819">
    <p class='ocr_par' dir='ltr' id='par_1_82' title="bbox 2147 3747 3742 3819">
     <span class='ocr_line' id='line_1_82' title="bbox 2147 3747 3742 3819; baseline 0.001 -19"><span class='ocrx_word' id='word_1_557' title='bbox 2147 3747 2435 3818; x_wconf 75' lang='grc' dir='ltr'>διείρεσις.</span> <span class='ocrx_word' id='word_1_558' title='bbox 2480 3747 2539 3801; x_wconf 83' lang='grc' dir='ltr'>Ὀ</span> <span class='ocrx_word' id='word_1_559' title='bbox 2587 3749 2644 3800; x_wconf 78' lang='grc' dir='ltr'>δὲ</span> <span class='ocrx_word' id='word_1_560' title='bbox 2697 3748 2944 3819; x_wconf 77' lang='grc' dir='ltr'>γραπτὺς</span> <span class='ocrx_word' id='word_1_561' title='bbox 2973 3749 3158 3819; x_wconf 77' lang='grc' dir='ltr'>νόμος,</span> <span class='ocrx_word' id='word_1_562' title='bbox 3195 3748 3346 3819; x_wconf 76' lang='grc' dir='ltr'>φόϐῳ</span> <span class='ocrx_word' id='word_1_563' title='bbox 3398 3748 3512 3801; x_wconf 80' lang='grc' dir='ltr'>τῶν</span> <span class='ocrx_word' id='word_1_564' title='bbox 3562 3751 3742 3803; x_wconf 77' lang='grc' dir='ltr'>ἐπιτι-</span> 
     </span>
    </p>
   </div>
   <div class='ocr_carea' id='block_1_83' title="bbox 2150 3820 3742 3910">
    <p class='ocr_par' dir='ltr' id='par_1_83' title="bbox 2150 3820 3742 3910">
     <span class='ocr_line' id='line_1_83' title="bbox 2150 3820 3742 3910; baseline 0.001 -20"><span class='ocrx_word' id='word_1_565' title='bbox 2150 3840 2290 3910; x_wconf 78' lang='grc' dir='ltr'>μίων</span> <span class='ocrx_word' id='word_1_566' title='bbox 2326 3838 2538 3907; x_wconf 76' lang='grc' dir='ltr'>ἐπέχων</span> <span class='ocrx_word' id='word_1_567' title='bbox 2577 3842 2673 3900; x_wconf 73' lang='grc' dir='ltr'><strong>τὰς</strong></span> <span class='ocrx_word' id='word_1_568' title='bbox 2722 3820 2994 3902; x_wconf 73' lang='grc' dir='ltr'>ἀτάκτους</span> <span class='ocrx_word' id='word_1_569' title='bbox 3034 3839 3144 3891; x_wconf 82' lang='grc' dir='ltr'><strong>τῶν</strong></span> <span class='ocrx_word' id='word_1_570' title='bbox 3187 3839 3616 3910; x_wconf 81' lang='grc' dir='ltr'>ἀφρονεστέρων</span> <span class='ocrx_word' id='word_1_571' title='bbox 3645 3843 3742 3910; x_wconf 64' lang='grc' dir='ltr'>δρα</span> 
     </span>
    </p>
   </div>
   <div class='ocr_carea' id='block_1_84' title="bbox 2151 3931 3742 4004">
    <p class='ocr_par' dir='ltr' id='par_1_84' title="bbox 2151 3931 3742 4004">
     <span class='ocr_line' id='line_1_84' title="bbox 2151 3931 3742 4004; baseline 0 -21"><span class='ocrx_word' id='word_1_572' title='bbox 2151 3931 2279 4001; x_wconf 79' lang='grc' dir='ltr'>μὰς,</span> <span class='ocrx_word' id='word_1_573' title='bbox 2314 3931 2482 3994; x_wconf 75' lang='grc' dir='ltr'><strong>ἐθίζει</strong></span> <span class='ocrx_word' id='word_1_574' title='bbox 2525 3931 2811 3993; x_wconf 71' lang='grc' dir='ltr'>διδάσκων,</span> <span class='ocrx_word' id='word_1_575' title='bbox 2846 3933 2984 4002; x_wconf 82' lang='grc' dir='ltr'>πρὸς</span> <span class='ocrx_word' id='word_1_576' title='bbox 3019 3931 3189 4001; x_wconf 81' lang='grc' dir='ltr'>μόνην</span> <span class='ocrx_word' id='word_1_577' title='bbox 3221 3931 3423 3995; x_wconf 80' lang='grc' dir='ltr'>αὐτοὺς</span> <span class='ocrx_word' id='word_1_578' title='bbox 3467 3933 3610 4004; x_wconf 75' lang='grc' dir='ltr'>ὁρᾷν</span> <span class='ocrx_word' id='word_1_579' title='bbox 3641 3934 3742 4001; x_wconf 70' lang='grc' dir='ltr'>τὴν</span> 
     </span>
    </p>
   </div>
   <div class='ocr_carea' id='block_1_85' title="bbox 2147 4021 3742 4093">
    <p class='ocr_par' dir='ltr' id='par_1_85' title="bbox 2147 4021 3742 4093">
     <span class='ocr_line' id='line_1_85' title="bbox 2147 4021 3742 4093; baseline 0.001 -18"><span class='ocrx_word' id='word_1_580' title='bbox 2147 4021 2240 4075; x_wconf 78' lang='grc' dir='ltr'>τοῦ</span> <span class='ocrx_word' id='word_1_581' title='bbox 2279 4023 2394 4075; x_wconf 76' lang='grc' dir='ltr'>ἴσου</span> <span class='ocrx_word' id='word_1_582' title='bbox 2429 4021 2713 4091; x_wconf 75' lang='grc' dir='ltr'>διανομὴν,</span> <span class='ocrx_word' id='word_1_583' title='bbox 2736 4021 2856 4073; x_wconf 77' lang='grc' dir='ltr'>καθ’</span> <span class='ocrx_word' id='word_1_584' title='bbox 2894 4022 2960 4093; x_wconf 76' lang='grc' dir='ltr'>ἣν</span> <span class='ocrx_word' id='word_1_585' title='bbox 2987 4023 3087 4090; x_wconf 78' lang='grc' dir='ltr'>τῆς</span> <span class='ocrx_word' id='word_1_586' title='bbox 3121 4021 3472 4093; x_wconf 73' lang='grc' dir='ltr'>δικαιοσύνης</span> <span class='ocrx_word' id='word_1_587' title='bbox 3504 4023 3572 4076; x_wconf 78' lang='grc' dir='ltr'><strong>τὸ</strong></span> <span class='ocrx_word' id='word_1_588' title='bbox 3609 4023 3742 4091; x_wconf 67' lang='grc' dir='ltr'>κρα-</span> 
     </span>
    </p>
   </div>
   <div class='ocr_carea' id='block_1_86' title="bbox 2145 4114 3736 4186">
    <p class='ocr_par' dir='ltr' id='par_1_86' title="bbox 2145 4114 3736 4186">
     <span class='ocr_line' id='line_1_86' title="bbox 2145 4114 3736 4186; baseline -0.009 -6"><span class='ocrx_word' id='word_1_589' title='bbox 2145 4134 2238 4179; x_wconf 80' lang='grc' dir='ltr'><strong>τος</strong></span> <span class='ocrx_word' id='word_1_590' title='bbox 2273 4116 2451 4186; x_wconf 75' lang='grc' dir='ltr'>χρόνῳ</span> <span class='ocrx_word' id='word_1_591' title='bbox 2477 4114 2804 4184; x_wconf 70' lang='grc' dir='ltr'>βεϐαιωοὲν,</span> <span class='ocrx_word' id='word_1_592' title='bbox 2838 4116 2918 4179; x_wconf 81' lang='grc' dir='ltr'><strong>εἰς</strong></span> <span class='ocrx_word' id='word_1_593' title='bbox 2949 4115 3113 4184; x_wconf 76' lang='grc' dir='ltr'>φύσιν</span> <span class='ocrx_word' id='word_1_594' title='bbox 3148 4117 3500 4186; x_wconf 76' lang='grc' dir='ltr'><strong>μεθίσταται,</strong></span> <span class='ocrx_word' id='word_1_595' title='bbox 3525 4117 3736 4176; x_wconf 69' lang='grc' dir='ltr'>ποιοῦν,</span> 
     </span>
    </p>
   </div>
   <div class='ocr_carea' id='block_1_87' title="bbox 2146 4205 3737 4278">
    <p class='ocr_par' dir='ltr' id='par_1_87' title="bbox 2146 4205 3737 4278">
     <span class='ocr_line' id='line_1_87' title="bbox 2146 4205 3737 4278; baseline 0.001 -19"><span class='ocrx_word' id='word_1_596' title='bbox 2146 4208 2238 4260; x_wconf 69' lang='grc' dir='ltr'>τὸν</span> <span class='ocrx_word' id='word_1_597' title='bbox 2296 4206 2394 4276; x_wconf 82' lang='grc' dir='ltr'>μὲν</span> <span class='ocrx_word' id='word_1_598' title='bbox 2443 4206 2629 4273; x_wconf 75' lang='grc' dir='ltr'>φόϐον,</span> <span class='ocrx_word' id='word_1_599' title='bbox 2678 4205 2938 4273; x_wconf 77' lang='grc' dir='ltr'>διάθεσιν,</span> <span class='ocrx_word' id='word_1_600' title='bbox 2997 4209 3178 4278; x_wconf 73' lang='grc' dir='ltr'>ἡρέμα</span> <span class='ocrx_word' id='word_1_601' title='bbox 3230 4208 3371 4260; x_wconf 80' lang='grc' dir='ltr'><strong>κατά</strong></span> <span class='ocrx_word' id='word_1_602' title='bbox 3424 4208 3631 4278; x_wconf 70' lang='grc' dir='ltr'>μικρδν</span> <span class='ocrx_word' id='word_1_603' title='bbox 3670 4211 3737 4277; x_wconf 66' lang='grc' dir='ltr'><strong>τξ,</strong></span> 
     </span>
    </p>
   </div>
   <div class='ocr_carea' id='block_1_88' title="bbox 2148 4296 3735 4370">
    <p class='ocr_par' dir='ltr' id='par_1_88' title="bbox 2148 4296 3735 4370">
     <span class='ocr_line' id='line_1_88' title="bbox 2148 4296 3735 4370; baseline -0.001 -19"><span class='ocrx_word' id='word_1_604' title='bbox 2148 4301 2280 4370; x_wconf 71' lang='grc' dir='ltr'>περὶ</span> <span class='ocrx_word' id='word_1_605' title='bbox 2318 4297 2378 4350; x_wconf 79' lang='grc' dir='ltr'><strong>τὸ</strong></span> <span class='ocrx_word' id='word_1_606' title='bbox 2413 4296 2580 4352; x_wconf 77' lang='grc' dir='ltr'>καλὸν</span> <span class='ocrx_word' id='word_1_607' title='bbox 2630 4297 2826 4370; x_wconf 81' lang='grc' dir='ltr'>γνώμῃ</span> <span class='ocrx_word' id='word_1_608' title='bbox 2876 4301 3396 4370; x_wconf 72' lang='grc' dir='ltr'>συγκραῖυνομένην</span> <span class='ocrx_word' id='word_1_609' title='bbox 3424 4317 3437 4328; x_wconf 89' lang='grc'><strong>·</strong></span> <span class='ocrx_word' id='word_1_610' title='bbox 3493 4300 3615 4364; x_wconf 76' lang='grc' dir='ltr'>ἕξιν</span> <span class='ocrx_word' id='word_1_611' title='bbox 3660 4300 3735 4358; x_wconf 76' lang='grc' dir='ltr'><strong>δὲ,</strong></span> 
     </span>
    </p>
   </div>
   <div class='ocr_carea' id='block_1_89' title="bbox 2145 4390 3736 4468">
    <p class='ocr_par' dir='ltr' id='par_1_89' title="bbox 2145 4390 3736 4468">
     <span class='ocr_line' id='line_1_89' title="bbox 2145 4390 3736 4468; baseline -0.006 -18"><span class='ocrx_word' id='word_1_612' title='bbox 2145 4397 2244 4468; x_wconf 80' lang='grc' dir='ltr'>τὴν</span> <span class='ocrx_word' id='word_1_613' title='bbox 2286 4395 2604 4466; x_wconf 78' lang='grc' dir='ltr'>συνήθειαν,</span> <span class='ocrx_word' id='word_1_614' title='bbox 2658 4396 2723 4464; x_wconf 84' lang='grc' dir='ltr'><strong>τῇ</strong></span> <span class='ocrx_word' id='word_1_615' title='bbox 2775 4393 2914 4464; x_wconf 80' lang='grc' dir='ltr'><strong>λήθῃ</strong></span> <span class='ocrx_word' id='word_1_616' title='bbox 2943 4394 3052 4446; x_wconf 80' lang='grc' dir='ltr'>τῶν</span> <span class='ocrx_word' id='word_1_617' title='bbox 3085 4392 3368 4463; x_wconf 80' lang='grc' dir='ltr'>προτέρων</span> <span class='ocrx_word' id='word_1_618' title='bbox 3398 4390 3736 4461; x_wconf 56' lang='grc' dir='ltr'>καθαιρομὲ</span> 
     </span>
    </p>
   </div>
   <div class='ocr_carea' id='block_1_90' title="bbox 461 4481 2046 4560">
    <p class='ocr_par' dir='ltr' id='par_1_90' title="bbox 461 4488 2045 4560">
     <span class='ocr_line' id='line_1_90' title="bbox 461 4488 2045 4560; baseline 0.002 -18"><span class='ocrx_word' id='word_1_619' title='bbox 461 4490 556 4545; x_wconf 90' lang='lat' dir='ltr'><strong>tim</strong></span> <span class='ocrx_word' id='word_1_620' title='bbox 607 4490 961 4560; x_wconf 89' lang='lat' dir='ltr'><strong>sensimque,</strong></span> <span class='ocrx_word' id='word_1_621' title='bbox 1007 4497 1251 4554; x_wconf 87' lang='lat' dir='ltr'><strong>metum,</strong></span> <span class='ocrx_word' id='word_1_622' title='bbox 1299 4489 1470 4544; x_wconf 88' lang='lat' dir='ltr'><strong>animi</strong></span> <span class='ocrx_word' id='word_1_623' title='bbox 1519 4488 1753 4544; x_wconf 89' lang='lat' dir='ltr'><strong>honesta</strong></span> <span class='ocrx_word' id='word_1_624' title='bbox 1804 4489 2045 4546; x_wconf 82' lang='lat' dir='ltr'><strong>volentis</strong></span> 
     </span>
    </p>
   </div>
   <div class='ocr_carea' id='block_1_91' title="bbox 2156 4481 3596 4560">
    <p class='ocr_par' dir='ltr' id='par_1_91' title="bbox 2156 4481 3596 4559">
     <span class='ocr_line' id='line_1_91' title="bbox 2156 4481 3596 4559; baseline -0.004 -19"><span class='ocrx_word' id='word_1_625' title='bbox 2156 4505 2265 4559; x_wconf 72' lang='grc' dir='ltr'>νην,</span> <span class='ocrx_word' id='word_1_626' title='bbox 2299 4487 2394 4540; x_wconf 77' lang='grc' dir='ltr'>καὶ</span> <span class='ocrx_word' id='word_1_627' title='bbox 2423 4487 2484 4540; x_wconf 81' lang='grc' dir='ltr'><strong>τὸ</strong></span> <span class='ocrx_word' id='word_1_628' title='bbox 2509 4483 2832 4556; x_wconf 79' lang='grc' dir='ltr'>φιλάλληλον</span> <span class='ocrx_word' id='word_1_629' title='bbox 2864 4486 3031 4555; x_wconf 81' lang='grc' dir='ltr'>ἑαυτῇ</span> <span class='ocrx_word' id='word_1_630' title='bbox 3065 4481 3596 4538; x_wconf 77' lang='grc' dir='ltr'>συναποτξκτουσαν.</span> 
     </span>
    </p>
   </div>
   <div class='ocr_carea' id='block_1_92' title="bbox 457 4575 3734 4650">
    <p class='ocr_par' dir='ltr' id='par_1_92' title="bbox 457 4575 3734 4650">
     <span class='ocr_line' id='line_1_92' title="bbox 457 4575 3734 4650; baseline -0.004 -10"><span class='ocrx_word' id='word_1_631' title='bbox 457 4583 737 4640; x_wconf 83' lang='lat' dir='ltr'><strong>sententia</strong></span> <span class='ocrx_word' id='word_1_632' title='bbox 795 4581 1113 4636; x_wconf 88' lang='lat' dir='ltr'><strong>roboratam</strong></span> <span class='ocrx_word' id='word_1_633' title='bbox 1181 4579 1552 4647; x_wconf 74' lang='lat' dir='ltr'><strong>affectionem,</strong></span> <span class='ocrx_word' id='word_1_634' title='bbox 1581 4581 1811 4647; x_wconf 75' lang='lat' dir='ltr'><strong>efﬁciat;</strong></span> <span class='ocrx_word' id='word_1_635' title='bbox 1878 4581 2261 4650; x_wconf 82' lang='lat' dir='ltr'><strong>habitumque,</strong></span> <span class='ocrx_word' id='word_1_636' title='bbox 2300 4579 2358 4636; x_wconf 90' lang='lat' dir='ltr'><strong>in</strong></span> <span class='ocrx_word' id='word_1_637' title='bbox 2422 4576 2880 4634; x_wconf 87' lang='lat' dir='ltr'><strong>consuetudinem</strong></span> <span class='ocrx_word' id='word_1_638' title='bbox 2926 4579 3169 4647; x_wconf 84' lang='lat' dir='ltr'><strong>priorum</strong></span> <span class='ocrx_word' id='word_1_639' title='bbox 3214 4575 3502 4630; x_wconf 89' lang='lat' dir='ltr'><strong>oblivione</strong></span> <span class='ocrx_word' id='word_1_640' title='bbox 3540 4589 3734 4628; x_wconf 80' lang='lat' dir='ltr'><strong>emun-</strong></span> 
     </span>
    </p>
   </div>
   <div class='ocr_carea' id='block_1_93' title="bbox 455 4675 2400 4744">
    <p class='ocr_par' dir='ltr' id='par_1_93' title="bbox 455 4675 2400 4744">
     <span class='ocr_line' id='line_1_93' title="bbox 455 4675 2400 4744; baseline -0.002 -14"><span class='ocrx_word' id='word_1_641' title='bbox 455 4675 664 4738; x_wconf 88' lang='lat' dir='ltr'><strong>datam,</strong></span> <span class='ocrx_word' id='word_1_642' title='bbox 693 4689 758 4730; x_wconf 89' lang='lat' dir='ltr'><strong>ac</strong></span> <span class='ocrx_word' id='word_1_643' title='bbox 788 4688 911 4744; x_wconf 63' lang='lat' dir='ltr'><strong>qua:</strong></span> <span class='ocrx_word' id='word_1_644' title='bbox 943 4688 1051 4728; x_wconf 88' lang='lat' dir='ltr'><strong>una</strong></span> <span class='ocrx_word' id='word_1_645' title='bbox 1079 4688 1267 4729; x_wconf 85' lang='lat' dir='ltr'><strong>secum</strong></span> <span class='ocrx_word' id='word_1_646' title='bbox 1298 4685 1546 4728; x_wconf 89' lang='lat' dir='ltr'><strong>mutuam</strong></span> <span class='ocrx_word' id='word_1_647' title='bbox 1579 4675 1759 4744; x_wconf 88' lang='lat' dir='ltr'><strong>pariat</strong></span> <span class='ocrx_word' id='word_1_648' title='bbox 1792 4675 2165 4730; x_wconf 86' lang='lat' dir='ltr'><strong>dilectionem.</strong></span> <span class='ocrx_word' id='word_1_649' title='bbox 2201 4682 2400 4728; x_wconf 82' lang='lat' dir='ltr'><strong>vertat.</strong></span> 
     </span>
    </p>
   </div>
   <div class='ocr_carea' id='block_1_94' title="bbox 530 4766 2043 4838">
    <p class='ocr_par' dir='ltr' id='par_1_94' title="bbox 530 4766 2043 4838">
     <span class='ocr_line' id='line_1_94' title="bbox 530 4766 2043 4838; baseline 0.001 -17"><span class='ocrx_word' id='word_1_650' title='bbox 530 4767 618 4822; x_wconf 78' lang='grc' dir='ltr'><strong>Η.</strong></span> <span class='ocrx_word' id='word_1_651' title='bbox 653 4767 764 4822; x_wconf 80' lang='lat' dir='ltr'><strong>Lex</strong></span> <span class='ocrx_word' id='word_1_652' title='bbox 793 4768 1020 4838; x_wconf 89' lang='lat' dir='ltr'><strong>scripta,</strong></span> <span class='ocrx_word' id='word_1_653' title='bbox 1051 4767 1253 4838; x_wconf 86' lang='lat' dir='ltr'><strong>inquit,</strong></span> <span class='ocrx_word' id='word_1_654' title='bbox 1283 4776 1431 4820; x_wconf 89' lang='lat' dir='ltr'><strong>metu</strong></span> <span class='ocrx_word' id='word_1_655' title='bbox 1461 4766 1724 4835; x_wconf 71' lang='lat' dir='ltr'><strong>iniuriam</strong></span> <span class='ocrx_word' id='word_1_656' title='bbox 1754 4767 2043 4832; x_wconf 80' lang='lat' dir='ltr'><strong>cohibens,</strong></span> 
     </span>
    </p>
   </div>
   <div class='ocr_carea' id='block_1_95' title="bbox 457 4857 2042 4930">
    <p class='ocr_par' dir='ltr' id='par_1_95' title="bbox 457 4857 2042 4930">
     <span class='ocr_line' id='line_1_95' title="bbox 457 4857 2042 4930; baseline -0.001 -16"><span class='ocrx_word' id='word_1_657' title='bbox 457 4859 675 4914; x_wconf 85' lang='lat' dir='ltr'><strong>colendi</strong></span> <span class='ocrx_word' id='word_1_658' title='bbox 701 4860 844 4930; x_wconf 84' lang='lat' dir='ltr'><strong>juris</strong></span> <span class='ocrx_word' id='word_1_659' title='bbox 877 4875 942 4915; x_wconf 83' lang='lat' dir='ltr'><strong>ac</strong></span> <span class='ocrx_word' id='word_1_660' title='bbox 975 4859 1252 4930; x_wconf 53' lang='lat' dir='ltr'><strong>aequitatis</strong></span> <span class='ocrx_word' id='word_1_661' title='bbox 1283 4857 1749 4913; x_wconf 86' lang='lat' dir='ltr'><strong>consuetudinem</strong></span> <span class='ocrx_word' id='word_1_662' title='bbox 1790 4859 2042 4914; x_wconf 87' lang='lat' dir='ltr'><strong>inducit:</strong></span> 
     </span>
    </p>
   </div>
   <div class='ocr_carea' id='block_1_96' title="bbox 455 4951 2042 5022">
    <p class='ocr_par' dir='ltr' id='par_1_96' title="bbox 455 4951 2042 5022">
     <span class='ocr_line' id='line_1_96' title="bbox 455 4951 2042 5022; baseline -0.001 -16"><span class='ocrx_word' id='word_1_663' title='bbox 455 4962 617 5007; x_wconf 85' lang='lat' dir='ltr'><strong>aucta</strong></span> <span class='ocrx_word' id='word_1_664' title='bbox 661 4961 848 5007; x_wconf 88' lang='lat' dir='ltr'><strong>autem</strong></span> <span class='ocrx_word' id='word_1_665' title='bbox 888 4960 1133 5022; x_wconf 90' lang='lat' dir='ltr'><strong>tempore</strong></span> <span class='ocrx_word' id='word_1_666' title='bbox 1175 4951 1557 5015; x_wconf 88' lang='lat' dir='ltr'><strong>consuetudo,</strong></span> <span class='ocrx_word' id='word_1_667' title='bbox 1599 4951 1734 5021; x_wconf 80' lang='lat' dir='ltr'><strong>justi</strong></span> <span class='ocrx_word' id='word_1_668' title='bbox 1768 4959 2042 5004; x_wconf 87' lang='lat' dir='ltr'><strong>amantem</strong></span> 
     </span>
    </p>
   </div>
   <div class='ocr_carea' id='block_1_97' title="bbox 456 5032 2046 5110">
    <p class='ocr_par' dir='ltr' id='par_1_97' title="bbox 456 5032 2046 5110">
     <span class='ocr_line' id='line_1_97' title="bbox 456 5032 2046 5110; baseline -0.003 -13"><span class='ocrx_word' id='word_1_669' title='bbox 456 5042 627 5097; x_wconf 89' lang='lat' dir='ltr'><strong>animi</strong></span> <span class='ocrx_word' id='word_1_670' title='bbox 655 5032 1008 5097; x_wconf 72' lang='lat' dir='ltr'><strong>affectionem</strong></span> <span class='ocrx_word' id='word_1_671' title='bbox 1039 5040 1189 5106; x_wconf 80' lang='lat' dir='ltr'><strong>facit,</strong></span> <span class='ocrx_word' id='word_1_672' title='bbox 1215 5056 1322 5110; x_wconf 91' lang='lat' dir='ltr'><strong>qua</strong></span> <span class='ocrx_word' id='word_1_673' title='bbox 1354 5040 1544 5095; x_wconf 91' lang='lat' dir='ltr'><strong>firmus</strong></span> <span class='ocrx_word' id='word_1_674' title='bbox 1572 5040 1788 5094; x_wconf 89' lang='lat' dir='ltr'><strong>honesti</strong></span> <span class='ocrx_word' id='word_1_675' title='bbox 1822 5039 2046 5094; x_wconf 85' lang='lat' dir='ltr'><strong>habitus</strong></span> 
     </span>
    </p>
   </div>
   <div class='ocr_carea' id='block_1_98' title="bbox 456 5130 1895 5203">
    <p class='ocr_par' dir='ltr' id='par_1_98' title="bbox 456 5130 1895 5203">
     <span class='ocr_line' id='line_1_98' title="bbox 456 5130 1895 5203; baseline -0.003 -14"><span class='ocrx_word' id='word_1_676' title='bbox 456 5135 690 5198; x_wconf 84' lang='lat' dir='ltr'><strong>accedit,</strong></span> <span class='ocrx_word' id='word_1_677' title='bbox 714 5133 918 5203; x_wconf 88' lang='lat' dir='ltr'><strong>prioris</strong></span> <span class='ocrx_word' id='word_1_678' title='bbox 943 5130 1205 5201; x_wconf 72' lang='lat' dir='ltr'><strong>nequitia:</strong></span> <span class='ocrx_word' id='word_1_679' title='bbox 1229 5131 1568 5186; x_wconf 87' lang='lat' dir='ltr'><strong>oblivionem</strong></span> <span class='ocrx_word' id='word_1_680' title='bbox 1605 5131 1895 5185; x_wconf 89' lang='lat' dir='ltr'><strong>inducens.</strong></span> 
     </span>
    </p>
   </div>
   <div class='ocr_carea' id='block_1_99' title="bbox 528 5221 2040 5292">
    <p class='ocr_par' dir='ltr' id='par_1_99' title="bbox 528 5221 2040 5292">
     <span class='ocr_line' id='line_1_99' title="bbox 528 5221 2040 5292; baseline -0.004 -14"><span class='ocrx_word' id='word_1_681' title='bbox 528 5225 615 5278; x_wconf 74' lang='grc'><strong>12.</strong></span> <span class='ocrx_word' id='word_1_682' title='bbox 659 5223 768 5277; x_wconf 88' lang='lat' dir='ltr'><strong>Lex</strong></span> <span class='ocrx_word' id='word_1_683' title='bbox 812 5231 998 5278; x_wconf 92' lang='lat' dir='ltr'><strong>autem</strong></span> <span class='ocrx_word' id='word_1_684' title='bbox 1039 5222 1248 5292; x_wconf 71' lang='lat' dir='ltr'><strong>gratim,</strong></span> <span class='ocrx_word' id='word_1_685' title='bbox 1284 5222 1466 5291; x_wconf 89' lang='lat' dir='ltr'><strong>ipsum</strong></span> <span class='ocrx_word' id='word_1_686' title='bbox 1515 5221 1832 5276; x_wconf 82' lang='lat' dir='ltr'><strong>immediate</strong></span> <span class='ocrx_word' id='word_1_687' title='bbox 1867 5221 2040 5274; x_wconf 91' lang='lat' dir='ltr'><strong>Deum</strong></span> 
     </span>
    </p>
   </div>
   <div class='ocr_carea' id='block_1_100' title="bbox 456 5292 2045 5382">
    <p class='ocr_par' dir='ltr' id='par_1_100' title="bbox 456 5292 2045 5382">
     <span class='ocr_line' id='line_1_100' title="bbox 456 5292 2045 5382; baseline -0.002 -14"><span class='ocrx_word' id='word_1_688' title='bbox 456 5315 661 5370; x_wconf 90' lang='lat' dir='ltr'><strong>imitari</strong></span> <span class='ocrx_word' id='word_1_689' title='bbox 711 5314 895 5380; x_wconf 89' lang='lat' dir='ltr'><strong>docet,</strong></span> <span class='ocrx_word' id='word_1_690' title='bbox 939 5329 1058 5378; x_wconf 87' lang='lat' dir='ltr'><strong>eos,</strong></span> <span class='ocrx_word' id='word_1_691' title='bbox 1106 5313 1200 5382; x_wconf 91' lang='lat' dir='ltr'><strong>qui</strong></span> <span class='ocrx_word' id='word_1_692' title='bbox 1258 5312 1646 5378; x_wconf 88' lang='lat' dir='ltr'><strong>adducuntur;</strong></span> <span class='ocrx_word' id='word_1_693' title='bbox 1681 5313 1777 5382; x_wconf 93' lang='lat' dir='ltr'><strong>qui</strong></span> <span class='ocrx_word' id='word_1_694' title='bbox 1831 5292 2045 5366; x_wconf 74' lang='lat' dir='ltr'><strong>tantum</strong></span> 
     </span>
    </p>
   </div>
   <div class='ocr_carea' id='block_1_101' title="bbox 453 5403 2045 5478">
    <p class='ocr_par' dir='ltr' id='par_1_101' title="bbox 453 5403 2045 5478">
     <span class='ocr_line' id='line_1_101' title="bbox 453 5403 2045 5478; baseline -0.001 -18"><span class='ocrx_word' id='word_1_695' title='bbox 453 5422 556 5461; x_wconf 90' lang='lat' dir='ltr'><strong>nos</strong></span> <span class='ocrx_word' id='word_1_696' title='bbox 590 5421 702 5478; x_wconf 68' lang='lat' dir='ltr'><strong>prae</strong></span> <span class='ocrx_word' id='word_1_697' title='bbox 727 5422 786 5462; x_wconf 88' lang='lat' dir='ltr'><strong>se</strong></span> <span class='ocrx_word' id='word_1_698' title='bbox 816 5415 934 5476; x_wconf 79' lang='lat' dir='ltr'><strong>ipse</strong></span> <span class='ocrx_word' id='word_1_699' title='bbox 969 5406 1036 5477; x_wconf 89' lang='lat' dir='ltr'><strong>(si</strong></span> <span class='ocrx_word' id='word_1_700' title='bbox 1070 5405 1235 5459; x_wconf 90' lang='lat' dir='ltr'><strong>modo</strong></span> <span class='ocrx_word' id='word_1_701' title='bbox 1261 5404 1343 5460; x_wconf 82' lang='lat' dir='ltr'><strong>fas</strong></span> <span class='ocrx_word' id='word_1_702' title='bbox 1368 5413 1454 5460; x_wconf 88' lang='lat' dir='ltr'><strong>est</strong></span> <span class='ocrx_word' id='word_1_703' title='bbox 1480 5403 1686 5476; x_wconf 90' lang='lat' dir='ltr'><strong>dicere)</strong></span> <span class='ocrx_word' id='word_1_704' title='bbox 1726 5405 1892 5474; x_wconf 86' lang='lat' dir='ltr'><strong>idque</strong></span> <span class='ocrx_word' id='word_1_705' title='bbox 1919 5421 2045 5459; x_wconf 88' lang='lat' dir='ltr'><strong>cum</strong></span> 
     </span>
    </p>
   </div>
   <div class='ocr_carea' id='block_1_102' title="bbox 453 5496 2046 5569">
    <p class='ocr_par' dir='ltr' id='par_1_102' title="bbox 453 5496 2046 5569">
     <span class='ocr_line' id='line_1_102' title="bbox 453 5496 2046 5569; baseline -0.001 -19"><span class='ocrx_word' id='word_1_706' title='bbox 453 5497 528 5552; x_wconf 89' lang='lat' dir='ltr'><strong>ob</strong></span> <span class='ocrx_word' id='word_1_707' title='bbox 565 5508 849 5569; x_wconf 88' lang='lat' dir='ltr'><strong>peccatum</strong></span> <span class='ocrx_word' id='word_1_708' title='bbox 896 5497 1106 5552; x_wconf 85' lang='lat' dir='ltr'><strong>inimici</strong></span> <span class='ocrx_word' id='word_1_709' title='bbox 1148 5512 1419 5563; x_wconf 89' lang='lat' dir='ltr'><strong>essemus,</strong></span> <span class='ocrx_word' id='word_1_710' title='bbox 1447 5496 1726 5561; x_wconf 81' lang='lat' dir='ltr'><strong>dilexerit,</strong></span> <span class='ocrx_word' id='word_1_711' title='bbox 1759 5505 1819 5551; x_wconf 91' lang='lat' dir='ltr'><strong>ut</strong></span> <span class='ocrx_word' id='word_1_712' title='bbox 1853 5504 1910 5552; x_wconf 90' lang='lat' dir='ltr'><strong>et</strong></span> <span class='ocrx_word' id='word_1_713' title='bbox 1942 5513 2046 5550; x_wconf 89' lang='lat' dir='ltr'><strong>no-</strong></span> 
     </span>
    </p>
   </div>
   <div class='ocr_carea' id='block_1_103' title="bbox 527 5640 1473 5708">
    <p class='ocr_par' dir='ltr' id='par_1_103' title="bbox 527 5640 1473 5708">
     <span class='ocr_line' id='line_1_103' title="bbox 527 5640 1473 5708; baseline 0 -15"><span class='ocrx_word' id='word_1_714' title='bbox 527 5643 574 5673; x_wconf 76' lang='grc'><strong>⁸³</strong></span> <span class='ocrx_word' id='word_1_715' title='bbox 600 5643 701 5696; x_wconf 87' lang='lat' dir='ltr'><strong>Isa.</strong></span> <span class='ocrx_word' id='word_1_716' title='bbox 738 5659 810 5708; x_wconf 89' lang='lat' dir='ltr'><strong>tv,</strong></span> <span class='ocrx_word' id='word_1_717' title='bbox 844 5644 896 5697; x_wconf 75' lang='lat' dir='ltr'><strong>Ii.</strong></span> <span class='ocrx_word' id='word_1_718' title='bbox 973 5644 1016 5673; x_wconf 65' lang='lat'>“</span> <span class='ocrx_word' id='word_1_719' title='bbox 1044 5641 1232 5696; x_wconf 82' lang='lat' dir='ltr'><strong>Matth.</strong></span> <span class='ocrx_word' id='word_1_720' title='bbox 1259 5656 1352 5706; x_wconf 91' lang='lat' dir='ltr'><strong>vtt,</strong></span> <span class='ocrx_word' id='word_1_721' title='bbox 1387 5640 1473 5694; x_wconf 73' lang='lat' dir='ltr'><strong>l2.</strong></span> 
     </span>
    </p>
   </div>
   <div class='ocr_carea' id='block_1_104' title="bbox 528 5755 1262 5822">
    <p class='ocr_par' dir='ltr' id='par_1_104' title="bbox 528 5755 1262 5822">
     <span class='ocr_line' id='line_1_104' title="bbox 528 5755 1262 5822; baseline -0.007 -12"><span class='ocrx_word' id='word_1_722' title='bbox 528 5756 544 5776; x_wconf 75' lang='lat'><em>‘</em></span> <span class='ocrx_word' id='word_1_723' title='bbox 590 5755 748 5822; x_wconf 79' lang='lat' dir='ltr'><strong>Apud</strong></span> <span class='ocrx_word' id='word_1_724' title='bbox 793 5757 933 5810; x_wconf 66' lang='lat' dir='ltr'><strong>LXX</strong></span> <span class='ocrx_word' id='word_1_725' title='bbox 981 5755 1262 5816; x_wconf 45' lang='lat' dir='ltr'><strong>animo;</strong></span> 
     </span>
    </p>
   </div>
   <div class='ocr_carea' id='block_1_105' title="bbox 1299 5750 2113 5808">
    <p class='ocr_par' dir='ltr' id='par_1_105' title="bbox 1299 5750 2113 5808">
     <span class='ocr_line' id='line_1_105' title="bbox 1299 5750 2113 5808; baseline -0.007 0"><span class='ocrx_word' id='word_1_726' title='bbox 1299 5753 1393 5808; x_wconf 85' lang='lat' dir='ltr'><strong>sed</strong></span> <span class='ocrx_word' id='word_1_727' title='bbox 1444 5761 1698 5807; x_wconf 80' lang='lat' dir='ltr'><strong>nostrum</strong></span> <span class='ocrx_word' id='word_1_728' title='bbox 1730 5751 1868 5806; x_wconf 73' lang='lat' dir='ltr'><strong>forte</strong></span> <span class='ocrx_word' id='word_1_729' title='bbox 1901 5750 2113 5804; x_wconf 76' lang='lat' dir='ltr'><strong>melius.</strong></span> 
     </span>
    </p>
   </div>
   <div class='ocr_carea' id='block_1_106' title="bbox 2222 4760 3731 4834">
    <p class='ocr_par' dir='ltr' id='par_1_106' title="bbox 2222 4760 3731 4834">
     <span class='ocr_line' id='line_1_106' title="bbox 2222 4760 3731 4834; baseline -0.005 -14"><span class='ocrx_word' id='word_1_730' title='bbox 2222 4773 2309 4820; x_wconf 91' lang='grc' dir='ltr'><strong>ια’.</strong></span> <span class='ocrx_word' id='word_1_731' title='bbox 2364 4767 2424 4818; x_wconf 89' lang='grc'><strong>’0</strong></span> <span class='ocrx_word' id='word_1_732' title='bbox 2453 4765 2697 4834; x_wconf 81' lang='grc' dir='ltr'>γραπτὸς</span> <span class='ocrx_word' id='word_1_733' title='bbox 2729 4762 2915 4832; x_wconf 78' lang='grc' dir='ltr'>νόμος,</span> <span class='ocrx_word' id='word_1_734' title='bbox 2951 4763 3106 4833; x_wconf 73' lang='grc' dir='ltr'>φησὶ,</span> <span class='ocrx_word' id='word_1_735' title='bbox 3139 4760 3365 4814; x_wconf 72' lang='grc' dir='ltr'>κωλύων</span> <span class='ocrx_word' id='word_1_736' title='bbox 3427 4761 3586 4832; x_wconf 75' lang='grc' dir='ltr'><strong>φὸὄῳ</strong></span> <span class='ocrx_word' id='word_1_737' title='bbox 3639 4765 3731 4831; x_wconf 65' lang='grc' dir='ltr'>τὴν</span> 
     </span>
    </p>
   </div>
   <div class='ocr_carea' id='block_1_107' title="bbox 2144 4853 3731 4925">
    <p class='ocr_par' dir='ltr' id='par_1_107' title="bbox 2144 4853 3731 4925">
     <span class='ocr_line' id='line_1_107' title="bbox 2144 4853 3731 4925; baseline -0.005 -12"><span class='ocrx_word' id='word_1_738' title='bbox 2144 4859 2384 4919; x_wconf 72' lang='grc' dir='ltr'>ἀδικίαν.</span> <span class='ocrx_word' id='word_1_739' title='bbox 2438 4856 2608 4920; x_wconf 69' lang='grc' dir='ltr'><strong>ἐθίζει</strong></span> <span class='ocrx_word' id='word_1_740' title='bbox 2660 4855 2797 4925; x_wconf 79' lang='grc' dir='ltr'>πρὸς</span> <span class='ocrx_word' id='word_1_741' title='bbox 2832 4855 2892 4906; x_wconf 65' lang='grc' dir='ltr'>τὸ</span> <span class='ocrx_word' id='word_1_742' title='bbox 2941 4853 3182 4906; x_wconf 73' lang='grc' dir='ltr'>δίκαιονο</span> <span class='ocrx_word' id='word_1_743' title='bbox 3218 4853 3394 4923; x_wconf 81' lang='grc' dir='ltr'>χρόνῳ</span> <span class='ocrx_word' id='word_1_744' title='bbox 3431 4853 3490 4905; x_wconf 79' lang='grc' dir='ltr'>δὲ</span> <span class='ocrx_word' id='word_1_745' title='bbox 3517 4854 3585 4905; x_wconf 78' lang='grc' dir='ltr'><strong>τὸ</strong></span> <span class='ocrx_word' id='word_1_746' title='bbox 3618 4854 3731 4916; x_wconf 66' lang='grc' dir='ltr'>ἕδος</span> 
     </span>
    </p>
   </div>
   <div class='ocr_carea' id='block_1_108' title="bbox 2145 4942 3731 5018">
    <p class='ocr_par' dir='ltr' id='par_1_108' title="bbox 2145 4942 3731 5018">
     <span class='ocr_line' id='line_1_108' title="bbox 2145 4942 3731 5018; baseline -0.003 -14"><span class='ocrx_word' id='word_1_747' title='bbox 2145 4954 2290 5004; x_wconf 77' lang='grc' dir='ltr'>τεοιεί</span> <span class='ocrx_word' id='word_1_748' title='bbox 2335 4951 2576 5004; x_wconf 77' lang='grc' dir='ltr'>διάθεσιν</span> <span class='ocrx_word' id='word_1_749' title='bbox 2618 4949 2971 5018; x_wconf 81' lang='grc' dir='ltr'>φιλοδίκαιον,</span> <span class='ocrx_word' id='word_1_750' title='bbox 3008 4948 3096 5015; x_wconf 74' lang='grc' dir='ltr'><strong>ὑφ’</strong></span> <span class='ocrx_word' id='word_1_751' title='bbox 3139 4942 3205 5018; x_wconf 79' lang='grc' dir='ltr'>ἦς</span> <span class='ocrx_word' id='word_1_752' title='bbox 3254 4949 3433 5014; x_wconf 77' lang='grc' dir='ltr'>παγὲα</span> <span class='ocrx_word' id='word_1_753' title='bbox 3485 4949 3630 5018; x_wconf 71' lang='grc' dir='ltr'>πρὸς</span> <span class='ocrx_word' id='word_1_754' title='bbox 3676 4949 3731 5000; x_wconf 61' lang='grc' dir='ltr'>τὸ</span> 
     </span>
    </p>
   </div>
   <div class='ocr_carea' id='block_1_109' title="bbox 2145 5038 3728 5111">
    <p class='ocr_par' dir='ltr' id='par_1_109' title="bbox 2145 5038 3728 5111">
     <span class='ocr_line' id='line_1_109' title="bbox 2145 5038 3728 5111; baseline -0.003 -16"><span class='ocrx_word' id='word_1_755' title='bbox 2145 5043 2310 5095; x_wconf 68' lang='grc' dir='ltr'>καλὸν</span> <span class='ocrx_word' id='word_1_756' title='bbox 2343 5043 2454 5107; x_wconf 60' lang='lat' dir='ltr'><strong>agi,-</strong></span> <span class='ocrx_word' id='word_1_757' title='bbox 2488 5042 2814 5108; x_wconf 77' lang='grc' dir='ltr'>ἐπιγίνεται,</span> <span class='ocrx_word' id='word_1_758' title='bbox 2853 5039 3022 5109; x_wconf 71' lang='grc' dir='ltr'>λήυην</span> <span class='ocrx_word' id='word_1_759' title='bbox 3051 5038 3432 5109; x_wconf 77' lang='grc' dir='ltr'>προλαϐούσης</span> <span class='ocrx_word' id='word_1_760' title='bbox 3465 5041 3728 5111; x_wconf 65' lang='grc' dir='ltr'>πονηρίας</span> 
     </span>
    </p>
   </div>
   <div class='ocr_carea' id='block_1_110' title="bbox 2149 5132 2514 5197">
    <p class='ocr_par' dir='ltr' id='par_1_110' title="bbox 2149 5132 2514 5197">
     <span class='ocr_line' id='line_1_110' title="bbox 2149 5132 2514 5197; baseline 0.008 -14"><span class='ocrx_word' id='word_1_761' title='bbox 2149 5132 2451 5197; x_wconf 77' lang='grc' dir='ltr'>ἐπάγουσα.</span> <span class='ocrx_word' id='word_1_762' title='bbox 2509 5182 2514 5186; x_wconf 93' lang='grc'>.</span> 
     </span>
    </p>
   </div>
   <div class='ocr_carea' id='block_1_111' title="bbox 2219 5220 3727 5290">
    <p class='ocr_par' dir='ltr' id='par_1_111' title="bbox 2219 5220 3727 5290">
     <span class='ocr_line' id='line_1_111' title="bbox 2219 5220 3727 5290; baseline 0.002 -18"><span class='ocrx_word' id='word_1_763' title='bbox 2219 5222 2307 5290; x_wconf 82' lang='grc' dir='ltr'><strong>ιβ’.</strong></span> <span class='ocrx_word' id='word_1_764' title='bbox 2361 5221 2419 5274; x_wconf 84' lang='grc' dir='ltr'><strong>ὐ</strong></span> <span class='ocrx_word' id='word_1_765' title='bbox 2453 5221 2508 5274; x_wconf 76' lang='grc' dir='ltr'>δὲ</span> <span class='ocrx_word' id='word_1_766' title='bbox 2541 5220 2641 5290; x_wconf 74' lang='grc' dir='ltr'>τῆς</span> <span class='ocrx_word' id='word_1_767' title='bbox 2669 5221 2890 5290; x_wconf 78' lang='grc' dir='ltr'>χάριτος</span> <span class='ocrx_word' id='word_1_768' title='bbox 2919 5221 3107 5288; x_wconf 81' lang='grc' dir='ltr'>νόμος,</span> <span class='ocrx_word' id='word_1_769' title='bbox 3143 5220 3304 5274; x_wconf 75' lang='grc' dir='ltr'>αὐτὸν</span> <span class='ocrx_word' id='word_1_770' title='bbox 3328 5221 3555 5290; x_wconf 83' lang='grc' dir='ltr'>ἀμέσως</span> <span class='ocrx_word' id='word_1_771' title='bbox 3581 5224 3727 5276; x_wconf 66' lang='grc' dir='ltr'>διδά-</span> 
     </span>
    </p>
   </div>
   <div class='ocr_carea' id='block_1_112' title="bbox 2143 5312 3727 5382">
    <p class='ocr_par' dir='ltr' id='par_1_112' title="bbox 2143 5312 3727 5382">
     <span class='ocr_line' id='line_1_112' title="bbox 2143 5312 3727 5382; baseline 0 -16"><span class='ocrx_word' id='word_1_772' title='bbox 2143 5331 2263 5366; x_wconf 90' lang='grc' dir='ltr'>σκει</span> <span class='ocrx_word' id='word_1_773' title='bbox 2293 5314 2422 5374; x_wconf 80' lang='grc' dir='ltr'>τοὺς</span> <span class='ocrx_word' id='word_1_774' title='bbox 2450 5312 2749 5381; x_wconf 77' lang='grc' dir='ltr'>ἀγομένους</span> <span class='ocrx_word' id='word_1_775' title='bbox 2777 5312 3060 5382; x_wconf 83' lang='grc' dir='ltr'>μιμεῖσθαι</span> <span class='ocrx_word' id='word_1_776' title='bbox 3085 5313 3176 5365; x_wconf 73' lang='grc' dir='ltr'>τὸν</span> <span class='ocrx_word' id='word_1_777' title='bbox 3205 5312 3359 5374; x_wconf 78' lang='grc' dir='ltr'>Θεὸν,</span> <span class='ocrx_word' id='word_1_778' title='bbox 3389 5313 3450 5377; x_wconf 81' lang='grc' dir='ltr'>ὃς</span> <span class='ocrx_word' id='word_1_779' title='bbox 3472 5315 3727 5366; x_wconf 70' lang='grc' dir='ltr'>τοσοῦτον</span> 
     </span>
    </p>
   </div>
   <div class='ocr_carea' id='block_1_113' title="bbox 2143 5401 3727 5474">
    <p class='ocr_par' dir='ltr' id='par_1_113' title="bbox 2143 5401 3727 5474">
     <span class='ocr_line' id='line_1_113' title="bbox 2143 5401 3727 5474; baseline -0.002 -18"><span class='ocrx_word' id='word_1_780' title='bbox 2143 5403 2285 5474; x_wconf 70' lang='grc' dir='ltr'>ὑπὲρ</span> <span class='ocrx_word' id='word_1_781' title='bbox 2319 5402 2510 5455; x_wconf 81' lang='grc' dir='ltr'>ἑαυτὸν</span> <span class='ocrx_word' id='word_1_782' title='bbox 2544 5403 2714 5472; x_wconf 80' lang='grc' dir='ltr'>ἡμᾶς,</span> <span class='ocrx_word' id='word_1_783' title='bbox 2761 5404 2809 5454; x_wconf 83' lang='grc' dir='ltr'>εξ</span> <span class='ocrx_word' id='word_1_784' title='bbox 2839 5401 2997 5472; x_wconf 49' lang='grc' dir='ltr'>θέμις</span> <span class='ocrx_word' id='word_1_785' title='bbox 3048 5403 3241 5462; x_wconf 74' lang='grc' dir='ltr'><strong>εἰπεῖν,</strong></span> <span class='ocrx_word' id='word_1_786' title='bbox 3278 5403 3374 5455; x_wconf 80' lang='grc' dir='ltr'>καὶ</span> <span class='ocrx_word' id='word_1_787' title='bbox 3417 5402 3600 5454; x_wconf 78' lang='grc' dir='ltr'>ταῦτα</span> <span class='ocrx_word' id='word_1_788' title='bbox 3643 5402 3727 5454; x_wconf 69' lang='grc' dir='ltr'>διὲ</span> 
     </span>
    </p>
   </div>
   <div class='ocr_carea' id='block_1_114' title="bbox 2144 5492 3728 5567">
    <p class='ocr_par' dir='ltr' id='par_1_114' title="bbox 2144 5492 3728 5567">
     <span class='ocr_line' id='line_1_114' title="bbox 2144 5492 3728 5567; baseline -0.001 -19"><span class='ocrx_word' id='word_1_789' title='bbox 2144 5495 2244 5566; x_wconf 84' lang='grc' dir='ltr'>τὴν</span> <span class='ocrx_word' id='word_1_790' title='bbox 2273 5495 2547 5567; x_wconf 80' lang='grc' dir='ltr'>ἀμαρτξαν</span> <span class='ocrx_word' id='word_1_791' title='bbox 2594 5493 2751 5558; x_wconf 78' lang='grc' dir='ltr'>ὗντας</span> <span class='ocrx_word' id='word_1_792' title='bbox 2801 5492 3050 5565; x_wconf 73' lang='grc' dir='ltr'><strong>ἐχθροὺς,</strong></span> <span class='ocrx_word' id='word_1_793' title='bbox 3090 5495 3401 5566; x_wconf 75' lang='grc' dir='ltr'><strong>ἠγάπησεν,</strong></span> <span class='ocrx_word' id='word_1_794' title='bbox 3451 5495 3600 5550; x_wconf 73' lang='grc' dir='ltr'><strong>ὥστε</strong></span> <span class='ocrx_word' id='word_1_795' title='bbox 3634 5495 3728 5547; x_wconf 74' lang='grc' dir='ltr'>καὶ</span> 
     </span>
    </p>
   </div>
  </div>
