3922 6348
279 177 417 245 135'}

965 174 1296 239 CAPITUM
1330 171 1753 246 QUINQUIES
1792 166 2324 235 CENTENORUM
2364 168 2753 231 CENTURIA
2791 173 2858 233 V.

3394 172 3531 251 1354

276 295 357 355 εἰς
407 292 505 361 τὴν
558 289 679 344 καθ’
705 291 852 362 ἡμᾶς
898 288 1082 343 οὐσίαν
1128 286 1302 341 ἐλθεῖν
1366 285 1673 359 ἀτρέπτως,
1706 283 1847 352 ὑπὲρ

1973 288 2120 334 11⁸2111
2169 280 2468 335 essentiam
2512 288 2873 355 naturamque
2913 281 3050 337 citra
3092 297 3311 343 omnem
3351 295 3529 355 muta-

278 383 460 436 πᾶσαν
484 380 672 435 οὐσίαν
702 379 864 434 όνταο
891 381 989 433 καὶ
1026 378 1190 448 φύσιν
1232 375 1572 449 ὑπερουσίως
1622 373 1847 428 καταδέ‹

1954 369 2159 439 tionem
2184 369 2361 435 adire,
2383 370 2481 439 qui
2507 379 2705 427 natura
2731 373 2880 427 omni
2905 374 3255 449 essentiaque
3281 376 3532 455 superior

278 470 471 538 ξασθαι
505 473 600 524 καὶ
637 470 924 542 ἄνθρωπον
961 469 1240 537 γενέσθαι,
1272 469 1366 521 καὶ
1397 466 1506 519 τῶν
1547 462 1849 535 ἀνθρώπων

1973 472 2056 528 εει,
2100 462 2641 532 superessentialiter
2687 465 2967 531 annuerit,
2996 474 3162 534 atque
3202 466 3367 541 homo
3418 458 3535 521 ﬁeri

277 564 374 617 ενα
402 561 739 633 χρηματίσαι
786 559 1099 631 βούλεσθαι,
1126 560 1218 613 καὶ
1258 557 1355 628 τὴν
1382 556 1660 628 ἡμετέραν
1691 555 1851 607 κατά-

277 669 459 724 κρισιν
494 651 703 713 οἰκείαν
737 651 960 720 ποιῆσαι
1002 648 1077 720 μὴ
1117 634 1603 719 παραιτήσασθαι*
1638 648 1734 699 καὶ
1758 662 1848 698 το-

279 728 468 793 σοῦτον
496 741 640 810 ἡμᾶς
676 739 878 792 θεῶσαι
926 737 1071 791 κατὰ
1127 738 1307 809 χάριν,
1341 736 1465 790 ὅσον
1494 738 1614 789 κατ’
1647 737 1853 788 οἰκονο-

281 830 409 900 μίαν
444 830 605 893 αὐτὸς
637 828 861 897 γέγονεν
886 825 1214 898 ἄνθρωπος’
1243 825 1330 879 ἵνα
1358 824 1433 895 μὴ
1469 825 1629 895 μόνον
1670 823 1855 898 μάθω-

283 935 384 987 μεν
430 916 684 988 ἀλλήλων
726 915 1051 986 ἀντέχεσθαι
1095 913 1361 985 φυσικῶς,
1394 915 1488 967 καὶ
1515 913 1591 981 ὡς
1626 913 1853 976 ἑαυτοὺς

283 1008 548 1079 ἀλλήλους
575 1009 797 1079 ἀγαπᾷν
833 996 1240 1079 πνευματικῶς,
1265 1006 1403 1060 ἀλλὰ
1443 1006 1536 1058 καὶ
1565 1005 1704 1077 ὑπὲρ
1731 1007 1857 1058 ὲαυ-

284 1098 411 1162 τοὺς
450 1097 695 1169 ἀλλήλων
743 1090 1008 1168 κήδεσθαι
1043 1096 1260 1162 θεῐκῶς,
1290 1096 1386 1149 καὶ
1417 1095 1620 1169 ταύτην
1648 1096 1749 1166 τῆς
1777 1097 1855 1158 εἰς

281 1191 546 1260 ἀλληλους
575 1190 799 1261 ἀγάπης
834 1187 1112 1253 ἀπόδειξιν
1144 1187 1437 1254 ποιεῖσθαι,
1482 1186 1544 1240 τὸ
1580 1187 1699 1240 κατ’
1729 1187 1857 1258 ἀρε-

278 1283 379 1352 τὴν
405 1280 546 1350 ὑπὲρ
572 1279 819 1351 ἀλλήλων
845 1278 938 1332 τὸν
980 1277 1227 1331 ἑκούσιον
1260 1277 1555 1350 προθύμως
1585 1278 1856 1348 αἱρεῖσθαι

286 1373 537 1427 θάνατον.
567 1374 689 1426 Οὐκ
708 1371 962 1441 ἔστιγὰρ
989 1370 1149 1439 ἄλλη
1163 1369 1373 1439 μείζων
1386 1371 1608 1437 ταύτης
1632 1367 1853 1439 ἀγάπη,

283 1464 469 1534 φησὶν,
522 1463 625 1517 ἵνα
671 1480 762 1530 τις
815 1460 894 1543 θῇ
946 1461 1062 1543 τὴν
1095 1462 1307 1531 ψυχὴν
1337 1461 1522 1515 αὑτοῦ
1563 1460 1715 1528 ὑπὲρ
1753 1460 1858 1515 τοῦ

281 1556 466 1626 φίλου
500 1554 707 1611 αὑτοῦ.
1082 1554 1083 1557 “

358 1737 449 1801 ιγ’.
504 1730 564 1785 '0
593 1730 692 1802 μὲν
730 1731 829 1802 τῆς
858 1730 1073 1801 φύσεως
1101 1729 1264 1799 νόμος
1293 1729 1462 1793 ἐστὶν,
1504 1728 1591 1780 ἵνα
1621 1726 1858 1779 συνελὼν

286 1824 448 1889 εῐπω,
478 1820 635 1888 λόγος
672 1822 920 1892 φυσικὸς,
963 1821 1062 1891 τὴν
1109 1820 1368 1891 αἴσθησιν
1415 1817 1596 1870 λαϐὼν
1644 1817 1862 1887 ὑποχεί-

292 1930 431 1986 ριον,
460 1912 599 1984 πρὸς
627 1913 921 1983 ἀφαίρεσιν
952 1912 1053 1981 τῆς
1082 1911 1339 1979 ἀλογίας
1376 1908 1501 1963 καθ’
1534 1911 1600 1979 ἡν
1627 1908 1735 1962 τῶν
1769 1925 1863 1977 φυ-

290 1998 461 2069 σικῶς
531 2006 894 2076 συνημμένων
949 1988 1163 2074 ἐστῖνίή
1196 2002 1481 2073 διαίρεσις.
1521 1999 1580 2053 Ὀ
1636 1998 1691 2052 δὲ
1728 2015 1863 2068 γρα-

290 2097 425 2161 πτὺς
452 2096 617 2167 νόμος
642 2080 948 2163 totum»;
965 2094 1192 2164 φυσικὸς
1225 2092 1362 2163 μετὰ
1378 2078 1485 2163 ,τὴν
1512 2092 1634 2145 κατ’
1669 2090 1862 2161 αἴσθη-

297 2206 385 2247 σιν
422 2191 522 2262 τῆς
571 2190 796 2259 ἀλογίας
837 2190 1152 2262 ἀφαίρεσιν,
1190 2186 1513 2259 προσλαᾶὒν
1561 2188 1654 2241 καὶ
1701 2185 1865 2240 πόθον

286 2283 657 2354 πνευματικὸν
688 2283 788 2359 τῆς
824 2282 961 2352 πρὸς
981 2282 1043 2335 τὸ
1071 2280 1333 2350 συγγενὲς
1361 2278 1717 2357 ἀλληλουχίας
1736 2295 1866 2341 ,συν-

285 2377 529 2431 εκτικόν.
574 2376 634 2430 ὐ
654 2376 711 2430 δὲ
728 2376 831 2445 ,τῆς
868 2376 1090 2446 χάριτος
1119 2358 1305 2449 νόμος,
1335 2374 1475 2449 ὑπὲρ
1522 2372 1686 2442 φύσιν
1730 2371 1867 2425 καθ-

285 2469 485 2540 ἑστηκε
518 2470 697 2537 λόγος,
721 2468 856 2540 πρὸς
882 2450 1083 2523 θέωσιν
1106 2452 1403 2537 ἀτρέπτως,
1421 2465 1516 2541 τὴν
1546 2463 1708 2534 φύσιν
1736 2480 1867 2532 μετ-

262 2563 587 2627 ηαλλᾴττων,
638 2562 731 2615 καὶ
771 2562 843 2624 ὡς
891 2561 949 2613 ὲν
999 2560 1167 2617 εἰκόνι
1212 2559 1426 2622 δεικνὺς
1465 2554 1868 2627 ἀκαταλήπτως

289 2657 361 2726 τῇ
389 2654 548 2723 φύσει
583 2654 691 2707 τῶν
720 2650 1046 2727 ἀνθρώπων,
1082 2650 1142 2704 τὸ
1184 2650 1323 2725 ὑπὲρ
1363 2648 1551 2722 οὐσίαν
1580 2646 1676 2723 καὶ
1698 2646 1869 2723 ,φύσιν

285 2744 614 2817 ἀρχέτυπον,
651 2740 868 2814 δαίτην
896 2742 989 2797 τοῦ
1017 2743 1106 2797 ἀεὶ
1145 2736 1205 2795 εὖ
1250 2734 1390 2794 εἶναι
1430 2737 1692 2814 διαμονὴν
1722 2754 1868 2811 παρ-

284 2837 571 2909 εχόμενος.

367 3098 453 3151 ιδ’.
496 3094 571 3149 Τὸ
616 3094 729 3167 μὲν
760 3093 906 3167 ἔχειν
940 3092 1016 3169 ὡς
1049 3090 1260 3168 ⁴ἑαυτὸν
1294 3091 1385 3145 τὸν
1415 3090 1665 3160 πλησίον,
1702 3091 1869 3165 μόνης

284 3190 410 3245 ἐστὶ
441 3188 725 3261 φροντίσαι
762 3187 866 3259 τῆς
898 3185 1037 3257 πρὸς
1063 3183 1124 3238 τὸ
1159 3181 1301 3238 εἶναι
1334 3183 1479 3255 ζωῆς
1504 3199 1519 3215 ο
1547 3183 1685 3256 ὅπερ
1710 3200 1868 3253 φυσι-

286 3280 393 3337 κοῦ
441 3280 609 3351 νόμου
648 3277 958 3347 καθέστηκε
981 3291 995 3306 ·
1027 3274 1088 3329 τὸ
1135 3275 1194 3329 δὲ
1242 3274 1334 3347 τὸν
1384 3274 1610 3345 πλησίον
1639 3274 1860 3345 ἀγαπᾷν

285 3373 369 3438 ὡς
403 3371 617 3437 ἑαυτὸν,
656 3370 754 3426 καὶ
803 3369 902 3441 τῆς
947 3369 1084 3440 πρὸς
1125 3366 1189 3422 τὸ
1228 3362 1289 3422 εὖ
1337 3363 1476 3421 εἷναι
1507 3366 1627 3420 κατ’
1660 3368 1867 3439 ἀρετήν

290 3463 412 3515 ἐστι
448 3458 798 3531 προνοεῖσθαι
832 3456 928 3512 τοῦ
974 3457 1175 3522 πέλαςο
1220 3456 1358 3527 ὅπερ
1405 3456 1434 3509 ό
1467 3455 1713 3528 γραπτὸς
1752 3458 1871 3511 ἐπι-

288 3552 485 3625 τρέπει
513 3552 678 3623 νόμος
698 3566 712 3580 ·
745 3550 808 3605 τὸ
837 3549 894 3605 δὲ
925 3550 1062 3622 ὑπὲρ
1091 3549 1283 3603 ἑαυτὸν
1305 3547 1589 3617 ἀγαπῆσαι
1611 3548 1703 3602 τὸν
1729 3548 1867 3622 πλη-

290 3644 432 3711 σίον,
464 3641 556 3697 τοῦ
586 3642 751 3713 νόμου
777 3643 877 3711 τῆς
906 3641 1131 3713 χάριτός
1158 3640 1307 3693 ἐστιν
1333 3636 1652 3693 ίδιαίτατον.

368 3741 448 3788 ιε’.
501 3733 559 3788 Ὀ
606 3732 951 3803 κωλυόμενος
980 3724 1105 3784 τῶν
1171 3729 1310 3801 πρὸς
1358 3728 1551 3800 ἡδονὴν
1611 3726 1864 3801 σώματος

285 3825 577 3897 ἀφορμῶν,
615 3824 875 3897 μανθάνει
902 3822 1164 3899 Προνοίας
1184 3819 1399 3889 λόγους,
1434 3818 1737 3890 ἐπεχούσης
1766 3817 1865 3888 τὴν

289 3918 592 3989 ἑξαπτικὴν
637 3916 772 3987 ὕλην
805 3914 916 3969 τῶν
955 3913 1233 3969 παθῶν·»ό
1265 3911 1323 3965 δὲ
1364 3912 1462 3974 τὰς
1504 3911 1640 3983 πρὸς
1673 3909 1865 3979 ὀδύνην

294 4012 550 4079 σώματος
602 4009 894 4082 δεχόμενος
934 4007 1234 4081 μάστιγας,
1280 4003 1591 4058 διδάσκεται
1630 4002 1864 4072 κρίσεως

289 4101 510 4169 λόγους,
569 4097 947 4169 προλαϐόντων
997 4094 1288 4167 μολυσμῶν
1345 4092 1622 4153 ἀκουσίοις
1686 4091 1866 4155 πόνοις

290 4192 459 4248 αὑτὸν
487 4188 937 4265 ὲκκαθαιρούσης.

375 4376 470 4436 ις’.
514 4370 577 4423 Ei
603 4368 693 4422 τὸν
720 4368 1004 4439 προφήτην
1032 4366 1119 4419 διὰ
1153 4365 1252 4436 τὴν
1284 4363 1491 4435 σκηνὴν
1524 4363 1618 4415 καὶ
1644 4360 1743 4433 τὴν
1772 4378 1866 4414 κο·-

290 4461 561 4518 λόκυνθαν
593 4459 949 4529 λυπούμενον,
993 4457 1138 4524 λέγω
1178 4454 1366 4526 δὲτὴν
1416 4454 1596 4524 σάρκα
1634 4453 1729 4505 καὶ
1767 4451 1867 4523 τὴν

291 4554 398 4624 τῆς
431 4552 633 4624 σαρκὸς
663 4550 876 4623 ἡδονὴν,
906 4532 1005 4619 τῆς
1036 4547 1093 4601 δὲ
1134 4546 1179 4600 Ν
1189 4545 1329 4599 ινευῒ
1359 4545 1449 4599 τὸν
1477 4543 1610 4597 Θεὸν
1640 4544 1867 4613 ἀντεχό-

304 4661 472 4716 μενον
516 4643 913 4713 ἀντεισήγαγεν
946 4644 975 4695 ό
1003 4642 1101 4713 τῆς
1132 4640 1354 4712 Γραφῆς
1398 4638 1575 4707 λόγος,
1600 4637 1761 4707 δῆλον
1795 4638 1869 4701 ὡς

289 4733 408 4788 τῶν
462 4736 574 4797 τοῖς
633 4733 942 4804 ἀνθρώποις
981 4731 1181 4801 τιμίων
1228 4731 1323 4783 καὶ
1375 4729 1712 4800 ἐπεράστων,
1752 4729 1871 4783 τόδε

291 4826 378 4896 τῷ
408 4825 526 4897 Θεῷ
558 4825 724 4894 φανὲν
749 4810 1066 4895 προσφιλὲς,
1098 4822 1319 4876 πάντων
1348 4823 1458 4875 τῶν
1483 4822 1653 4875 όντων
1690 4820 1872 4891 πολλῷ

292 4920 545 4989 κρεῖττόν
574 4920 690 4971 ἐστι
740 4918 837 4971 καὶ
887 4916 1233 4988 τιμιώτερον,
1279 4917 1488 4988 ἧπουγε
1524 4920 1682 4988 [unus
1738 4913 1869 4986 Reg.

293 5015 432 5065 ὅπου
471 5010 554 5083 γε]
584 5011 691 5064 τῶν
734 5010 835 5064 οὐκ
885 5010 1074 5074 ὄντων,
1110 5010 1206 5062 καὶ
1255 5010 1390 5081 μόνῃ
1441 5007 1713 5081 προλήψει
1754 5007 1872 5061 κατ’

295 5099 646 5171 ἐσφαλμένην
676 5099 856 5171 κρίσιν
890 5096 1026 5153 εἶναι
1071 5097 1391 5160 δοκούντων,
1445 5092 1519 5152 ὧν
1560 5098 1737 5162 οὐδεὶς
1783 5114 1874 5152 το-

296 5192 565 5263 παράπαν
606 5193 725 5246 ὲστὶ
773 5191 917 5247 κατὰ
961 5191 1061 5263 τὴν
1108 5190 1343 5263 ὓπαρξιν
1381 5191 1575 5259 λόγος·
1630 5191 1768 5262 μόνη
1817 5190 1871 5244 δὲ

296 5283 571 5352 φαντασία
619 5285 709 5338 τὸν
761 5284 886 5338 νοῦν
938 5282 1327 5353 φενακίζουσα,
1383 5282 1482 5336 καὶ
1537 5282 1725 5353 σχῆμα
1758 5283 1872 5344 τοῖς

302 5377 401 5430 οὐκ
422 5372 538 5430 οὖσι
566 5376 829 5443 διάκενον,
861 5377 974 5430 ἀλλ’
997 5376 1094 5445 οὐχ
1123 5376 1417 5429 ὑπόστασιν
1443 5375 1520 5447 τῷ
1554 5373 1712 5426 πάθει
1740 5389 1874 5443 παρ-

298 5469 560 5538 σχομένη.

376 5548 424 5581 ’⁵⁵
447 5562 604 5617 Joan.
626 5580 714 5627 xv,
742 5565 832 5619 15.

542 5656 813 5717 Ρλτιιοι..
849 5657 966 5718 Gn.
999 5654 1129 5717 XC.

1952 568 2207 624 unusque
2254 553 2539 607 hominum
2584 553 2776 609 audire
2822 555 3091 620 voluerit,
3139 570 3243 611 nec
3286 567 3533 612 nostrum

1953 652 2166 698 reatum
2214 660 2375 701 suum
2416 645 2598 699 facere
2649 648 3024 713 recusaverit;
3069 640 3389 720 tantumque
3437 667 3538 705 nos

1953 750 2054 805 per
2097 736 2327 806 gratiam
2379 735 2637 792 deiﬁcare
2680 737 2938 808 dignatus
2979 740 3070 806 sit,
3115 751 3381 812 quantum
3419 743 3537 815 ipsc

1956 825 2260 880 secundum
2291 826 2453 907 613
2494 827 2960 903 dispensationem
3004 820 3168 885 homo
3197 830 3375 887 factus
3405 845 3488 887 est
3523 852 3535 886 :

1956 924 2017 970 ut
2048 931 2161 970 non
2202 916 2512 971 solum‘alii
2549 918 2688 985 alios
2728 920 3055 975 naturaliter
3100 922 3426 993 complecti,
3475 940 3540 977 ac

1957 1008 2113 1063 velut
2150 1023 2252 1063 nos
2286 1008 2435 1078 ipsos
2480 1009 2715 1063 invicem
2748 1011 3072 1093 spiritaliter
3108 1012 3336 1089 diligere
3370 1029 3540 1069 nove-

1957 1099 2162 1167 rimus;
2200 1114 2396 1155 verum
2439 1102 2606 1155 etiam
2650 1117 2814 1173 supra
2856 1119 2957 1157 nos
2998 1104 3147 1177 ipsos
3191 1105 3281 1159 alii
3317 1106 3439 1160 aliis
3476 1123 3542 1161 ex

1956 1192 2161 1253 divinis
2190 1191 2502 1247 rationibus
2532 1206 2719 1247 curam
2766 1194 3106 1264 impendere,
3140 1196 3390 1267 hancque
3424 1214 3543 1250 mu-

1959 1290 2067 1339 tua:
2100 1283 2416 1338 dilectionis
2452 1283 2859 1357 exhibitionem
2900 1298 3183 1357 praestare,
3241 1299 3303 1343 ut
3336 1305 3402 1343 ex
3434 1288 3546 1343 vir-

1962 1382 2077 1429 tute
2110 1390 2210 1444 pro
2240 1372 2475 1429 invicem
2504 1385 2860 1447 spontaneam
2899 1376 3065 1431 alacri
3096 1378 3279 1445 animo
3312 1388 3543 1447 mortem

1958 1465 2265 1531 ambiamus
2304 1475 2581 1535 oppetere.
2619 1464 2783 1519 Nulla
2815 1454 2984 1533 enim,
3018 1466 3218 1537 inquit,
3248 1469 3344 1523 hac
3373 1470 3545 1539 major

1963 1555 2169 1609 dilectio
2208 1565 2305 1622 est,
2332 1566 2390 1611 ut
2433 1558 2548 1626 quis
2596 1565 2756 1627 ponat
2800 1558 3034 1611 animam
3067 1544 3338 1630 suam‘pro
3377 1560 3545 1613 amico

1880 1636 1933 1703 ,Β
1961 1659 2057 1698 suo
2080 1645 2146 1699 δ’.

2032 1734 2119 1789 15.
2159 1734 2271 1790 Lex
2300 1743 2533 1800 naturae,
2567 1742 2627 1788 ut
2674 1748 2888 1789 summa
2929 1734 3129 1802 dicam,
3159 1737 3427 1792 naturalis
3455 1752 3545 1791 ra-

1963 1825 2039 1881 tio
2064 1833 2169 1890 est,
2200 1841 2423 1881 sensum
2469 1827 2752 1880 subditum
2797 1836 2957 1881 nacta
3008 1841 3071 1881 ac
3106 1826 3443 1899 dedititium,
3478 1829 3544 1882 ad

1948 1904 2358 1997 abhorrentem
2405 1934 2436 1974 a
2471 1920 2684 1973 ratione
2724 1917 2982 1973 allectum
3020 1921 3407 1984 amovendum,
3438 1937 3547 1992 quo

1964 2012 2025 2077 ii,
2056 2013 2148 2083 qui
2185 2022 2381 2067 natura
2417 2011 2695 2083 conjuncti
2731 2020 2880 2078 sunt,
2923 2011 3269 2068 dividuntur.
3302 2012 3415 2067 Lex
3447 2029 3545 2068 auo

1965 2110 2074 2156 tem
2117 2102 2341 2173 scripta,
2373 2102 2641 2157 naturalis
2673 2104 2815 2158 ratio
2857 2111 2960 2167 est,
2997 2102 3549 2179 postabhorrentem

1965 2210 1995 2248 a
2048 2193 2261 2249 ratione
2322 2195 2558 2250 ablatam
2620 2209 2817 2250 sensus
2870 2194 3252 2258 affectionem,
3306 2194 3550 2266 Spiritalc

1966 2286 2133 2341 etiam
2171 2286 2510 2343 desiderium
2551 2270 2905 2357 amoremque
2948 2300 3256 2349 assumens,
3283 2299 3395 2356 quo
3426 2302 3550 2341 mu-

1969 2386 2063 2434 tua
2112 2392 2337 2443 eorum,
2382 2378 2478 2448 qui
2525 2390 2729 2448 genere
2783 2376 3063 2446 conjuncti
3112 2384 3267 2440 sunt,
3314 2376 3551 2433 cohaesio

1968 2468 2235 2524 consistat
2261 2483 2325 2524 ac
2357 2476 2738 2524 conservetur.
2770 2462 2883 2522 Lex
2909 2467 3148 2541 denique
3178 2469 3384 2538 gratias,
3408 2468 3551 2523 ratio

1968 2568 2055 2614 est
2084 2567 2278 2614 natura
2310 2558 2587 2629 superior,
2619 2568 2874 2635 naturam
2912 2558 2979 2613 ad
3011 2557 3414 2616 deificationem
3443 2559 3549 2613 imo

1972 2649 2311 2705 mutabiliter
2367 2636 2763 2718 transmutans,
2813 2663 2878 2705 ac
2916 2649 3070 2704 velut
3111 2650 3167 2705 in
3217 2648 3454 2720 imagine
3494 2658 3553 2705 et

1971 2738 2267 2795 simulacro
2296 2737 2353 2792 in
2390 2746 2592 2795 natura
2616 2739 2856 2807 humana
2888 2737 3366 2813 incomprehense,
3404 2739 3551 2810 quod

1971 2846 2139 2901 supra
2180 2830 2471 2905 essentiam
2516 2845 2579 2891 ac
2617 2816 2873 2897 naturam
2914 2838 3019 2895 est,
3050 2830 3330 2900 exemplar
3366 2839 3553 2887 osten-

1972 2923 2129 2987 dens,
2170 2920 2623 2994 scmpiternaeque
2666 2908 2944 2979 beatitatis
2972 2922 3383 2995 perennitatem
3411 2935 3553 2993 prae-

1880 3014 1940 3063 Ῐ“”
1978 3014 2133 3072 bens.

2049 3107 2136 3163 M.
2173 3110 2245 3167 Ut
2272 3108 2493 3181 quidem
2531 3104 2843 3185 proximum
2877 3104 3087 3178 habeas
3118 3102 3261 3158 sicut
3294 3103 3552 3174 teipsum,

1977 3212 2044 3253 eo
2077 3200 2254 3256 solum
2291 3206 2524 3271 spectat,
2552 3206 2615 3252 ut
2640 3182 2777 3268 eius
2810 3196 3084 3271 vitamac
3127 3195 3271 3266 quod
3318 3195 3552 3262 exsistit,

1977 3306 2167 3358 cures;
2211 3290 2359 3362 quod
2405 3274 2493 3345 est
2538 3288 2675 3359 legis
2720 3286 3021 3357 naturalis:
3053 3294 3111 3340 ut
3151 3295 3331 3341 autem
3359 3287 3554 3358 diligas

1978 3385 2124 3439 sicut
2150 3384 2409 3456 teipsum,
2443 3397 2517 3461 eo.
2545 3370 2762 3459 attinet,
2798 3387 2863 3453 ut
2898 3364 2959 3435 ct
2982 3379 3131 3461 [bene
3157 3395 3223 3433 ex
3256 3378 3457 3461 virtute
3496 3395 3554 3435 se

1977 3475 2187 3547 habere
2246 3456 2557 3549 proximum
2602 3456 2940 3547 provideas;
2982 3456 3149 3543 'quod
3203 3472 3291 3526 lex
3350 3456 3553 3543 Scripta

1972 3566 2174 3639 jubet:
2215 3576 2275 3622 ut
2316 3584 2447 3624 vero
2494 3567 2805 3639 proximum
2830 3560 3047 3637 diligas
3085 3578 3250 3636 supra
3288 3564 3550 3639 teipsum,

1977 3655 2115 3727 legis
2138 3659 2327 3727 gratia:
2354 3672 2557 3725 munus
2588 3656 3027 3727 prepriissimum
3059 3642 3163 3709 est.

2047 3747 2134 3801 15.
2173 3745 2275 3813 Qui
2321 3763 2350 3800 a
2392 3746 2574 3801 causis
2616 3734 2954 3815 voluptatem
2982 3758 3057 3817 ac
3097 3745 3383 3819 libidinem
3420 3762 3552 3818 pro-

1978 3839 2303 3893 curantibus
2347 3838 2659 3904 cohibetur,
2704 3835 3344 3913 Providentizedocetur
3387 3841 3554 3894 ratio-

1978 3948 2099 3998 nes,
2131 3933 2415 3986 materiam
2465 3930 2766 3985 inhibentis
2799 3945 2925 4001 qua:
2952 3928 3182 3983 affectus
3220 3937 3383 4003 atque
3420 3929 3547 3984 vitia

1979 4040 2249 4095 propenso
2282 4022 2567 4077 succendit
2597 4040 2609 4076 :
2640 4022 2736 4092 qui
2777 4032 2961 4076 autem
2997 4016 3387 4093 consciscenda
3425 4036 3550 4091 cor-

1981 4117 2132 4188 poris
2179 4116 2367 4171 dolore
2418 4114 2628 4186 ﬂagella
2672 4114 2922 4183 suscipit,
2965 4110 3161 4184 judieii
3202 4112 3471 4178 rationes,
3519 4131 3551 4170 a

1981 4208 2285 4281 superioris
2304 4208 2481 4264 aetatis
2502 4206 2761 4263 sordibus
2780 4206 3037 4260 violentis
3060 4205 3339 4263 laboribus
3362 4221 3555 4261 cmun-

1905 4315 1949 4371 ι)
1978 4299 2159 4370 dantis
2185 4298 2474 4354 condiScit.

2002 4380 2007 4383 “
2048 4390 2133 4445 16.
2176 4388 2312 4467 Cum
2349 4389 2634 4456 Scriptura
2679 4389 3002 4467 prophetam
3040 4385 3259 4469 teniorii
3291 4402 3452 4441 causa
3480 4405 3554 4457 ac

1974 4466 2274 4537 cucurbita:
2328 4472 2531 4551 (carnis
2580 4480 2790 4543 scilicet
2840 4496 2903 4549 ac
2954 4466 3189 4537 carnalis
3218 4466 3551 4551 voluptatis)

1973 4572 2272 4636 dolentem,
2320 4573 2600 4649 Deumque
2624 4556 2689 4625 ex
2751 4558 2981 4653 adverso
3017 4556 3555 4653 Ninive‘studentem

1974 4663 2282 4730 induxerit;
2315 4664 2485 4734 liquet
2514 4664 2693 4734 plane,
2723 4663 2790 4717 iis
2814 4648 2945 4741 qua:
2983 4648 3325 4741 hominibus
3340 4663 3395 4718 in
3430 4679 3556 4737 pre—

1979 4754 2055 4807 tio
2098 4766 2227 4809 sunt
2275 4772 2340 4819 ac
2384 4755 2559 4810 amori
2602 4755 2896 4823 habentur,
2934 4755 3080 4825 istud
3117 4755 3343 4831 δίφροι)
3377 4746 3571 4825 visum

1980 4846 2238 4911 charum;
2276 4846 2492 4901 cunctis
2520 4846 2730 4900 scilicet
2760 4846 2926 4901 rebus
2958 4833 3313 4916 praestantius
3341 4860 3461 4899 esse
3493 4859 3556 4899 ac

1978 4934 2251 4998 nobilius;
2290 4934 2494 4988 nedum
2529 4934 2615 4998 :is,
2644 4949 2766 5003 qua:
2804 4948 2874 4988 ne
2905 4919 3135 5003 quidem
3156 4940 3303 4995 sunt,
3329 4933 3555 5001 solaque

1979 5023 2408 5092 praesumptione
2438 5030 2656 5077 errante
2681 5021 2891 5093 judicio
2927 5036 3048 5079 esse
3082 5019 3557 5091 videntur,.615I

1979 5127 2214 5184 quorum
2266 5112 2416 5175 nulla
2460 5126 2697 5181 prorsus
2744 5112 3064 5179 substantia:
3105 5110 3268 5177 ratio,
3300 5110 3394 5165 sed
3438 5110 3555 5165 sola

1980 5203 2165 5269 animo
2216 5202 2453 5257 illudens
2500 5201 2791 5271 cogitatio,
2842 5202 3171 5272 inanemque
3218 5200 3446 5271 ﬁguram
3491 5213 3557 5254 ac

1964 5294 2237 5367 speciem.
2252 5309 2362 5349 non
2388 5292 2617 5375 entibus
2645 5293 2912 5364 praebens,
2945 5309 3054 5349 non
3091 5291 3315 5348 aﬂ'ectui
3343 5308 3408 5347 ac
3432 5306 3558 5363 pas-

1983 5385 2123 5439 sioni
2153 5400 2279 5439 vere
2312 5384 2609 5440 exsistendi
2642 5384 3002 5441 substantiam
3040 5385 3306 5439 tribuens.

3158 5650 3233 5714 43
