3922 6348
448 307 582 376 1355

1593 305 1654 364 S.
1695 300 1982 363 MAXIMI
2020 295 2528 360 CONFESSORIS

3583 281 3723 347 1356

520 424 600 477 ΓΙ.
635 417 918 489 Exquisita
939 425 1198 486 cert—aque
1219 414 1564 486 eloquiorum
1586 413 1826 484 Spiritus
1847 413 2024 467 scien-

2201 409 2286 472 ιζ’.
2362 410 2379 427 ⁶
2415 407 2478 458 Ἡ
2528 403 2626 476 μὲν
2672 401 2906 472 ἀκριϐὴς
2957 399 3158 468 γνῶσις
3211 398 3323 451 τῶν
3379 397 3589 466 λογίων
3628 399 3728 452 τοῦ

447 514 542 578 tia,
576 512 644 566 Lis
684 510 945 564 duntaxat
977 507 1317 563 manifestari
1363 507 1546 570 habet,
1584 506 1677 576 qui
1709 505 1861 575 digni
1902 503 2024 574 Spi-

447 604 555 656 ritu
591 608 752 666 sunt;
790 597 884 669 qui
919 597 1130 653 scilicet
1163 596 1414 668 diligenti
1449 596 1696 652 colendis
1723 594 2025 649 virtutibus

448 707 615 763 opera
662 689 926 746 vitiorum
968 688 1195 760 fuligine
1241 699 1543 760 expurgato
1583 687 1805 754 animo,
1852 687 2026 741 instar

447 782 609 837 nitidi
654 797 722 836 ac
763 779 1026 852 pellucidi
1079 779 1322 849 speculi,
1373 779 1552 849 primo
1596 777 1782 832 statim
1828 774 2028 829 mentis

449 871 686 941 appulsu
732 885 796 925 ac
833 867 1299 937 consideratione,
1332 869 1486 924 velut
1529 867 1728 923 faciem
1777 865 1887 920 illis
1928 864 2031 920 im-

452 978 694 1033 pressam
749 976 814 1016 ac
870 960 1225 1025 illabentem,
1290 959 1607 1014 divinorum
1658 957 2030 1028 cognitionem

453 1053 851 1124 scientiamque
903 1052 1238 1123 suscipiunt.
1287 1050 1504 1116 Quibus
1541 1057 1724 1104 autem
1768 1049 2030 1103 vitiorum

454 1147 892 1218 inquinamentis
921 1146 1037 1200 vita
1080 1152 1411 1215 compuncta
1436 1151 1520 1198 est
1548 1149 1604 1196 et
1638 1140 2030 1206 contaminata,

456 1234 523 1288 iis
573 1249 642 1287 ne
690 1233 781 1287 vix
835 1233 1056 1302 quidem
1112 1247 1181 1286 ex
1237 1230 1649 1286 verosimilibus
1698 1228 2034 1299 quibusdam

455 1324 678 1379 indiciis
730 1322 1042 1378 divinorum
1104 1322 1392 1377 scientiam
1442 1323 1758 1392 conjectura
1817 1319 2034 1390 assequi

456 1429 778 1468 concessum
804 1421 907 1476 est,
937 1411 1140 1466 nedum
1169 1421 1230 1466 ut
1259 1411 1529 1481 exquisite
1559 1411 1866 1481 intelligere
1895 1425 2035 1482 prat-

458 1514 678 1558 sumant
710 1520 775 1558 ac
806 1504 992 1559 verbis
1023 1519 1305 1558 enarrare.

530 1596 616 1648 l3.
657 1596 760 1660 Qui
811 1595 1013 1650 mentis
1044 1595 1300 1662 formam,
1347 1611 1468 1666 qua:
1512 1595 1566 1650 in
1607 1561 1815 1664 §iiritu
1853 1593 2039 1649 divino

457 1703 525 1741 ex
554 1686 856 1740 virtutibus
893 1685 1128 1741 scientia
1168 1696 1272 1750 est,
1299 1695 1492 1740 nactus
1513 1695 1617 1750 est,
1646 1686 1692 1739 is
1717 1685 1902 1738 divina
1927 1683 2038 1754 pati

459 1778 684 1842 dicitur,
717 1776 867 1846 quod
904 1792 1017 1830 non
1055 1784 1278 1841 natura,
1305 1774 1628 1829 substantia:
1660 1773 1776 1843 ipsa
1805 1773 2037 1838 ratione,

460 1869 557 1924 sed
607 1885 704 1939 per
755 1868 988 1939 gratiam
1039 1882 1106 1921 ex
1160 1866 1580 1937 participatione
1623 1865 1771 1918 illam
1815 1864 2046 1934 adeptus

462 1972 564 2016 est.
593 1960 697 2027 Qui
727 1967 911 2014 autem
947 1959 1235 2013 scientiam
1262 1973 1383 2027 quae
1412 1971 1477 2011 ex
1504 1956 1677 2027 gratia
1704 1963 1792 2010 est
1817 1955 2045 2010 minime

462 2060 658 2103 nactus
690 2057 794 2113 est,
823 2049 1178 2118 quantumvis
1207 2046 1455 2116 spiritale
1485 2045 1691 2116 aliquid
1718 2045 2044 2116 solertisque

461 2140 668 2211 ingenii
710 2139 878 2204 dicat,
908 2140 1027 2210 ejus
1071 2148 1253 2194 tamen
1298 2138 1445 2209 quod
1485 2139 1734 2208 loquitur
1758 2155 1857 2210 per
1883 2154 2048 2209 expe-

465 2233 720 2287 rientiam
748 2234 858 2287 vim
884 2233 1122 2305 ignorat.
1145 2231 1302 2288 Nuda
1332 2231 1477 2286 enim
1503 2230 1816 2302 disciplina,
1851 2233 2046 2289 habitu

465 2333 806 2380 constantem
834 2325 1123 2382 scientiam
1150 2334 1260 2378 non
1296 2323 1512 2379 tribuit.

538 2417 620 2472 19.
635 2418 786 2473 Mens
798 2430 1068 2473 summam
1083 2414 1372 2487 quamdam
1389 2431 1454 2470 ex
1470 2415 1767 2470 virtutibus
1780 2423 1938 2470 nacta
1954 2431 2051 2483 pu-

468 2511 646 2565 ritatis
665 2510 799 2575 vim,
823 2510 1086 2564 virtutum
1113 2509 1312 2564 merito
1334 2506 1641 2562 rationibus
1666 2506 2050 2562 condiscendis

469 2612 787 2670 comparata
810 2609 923 2666 est;
953 2598 1139 2654 divine
1171 2613 1240 2653 ex
1266 2598 1374 2653 illis
1393 2597 1712 2669 insignitam
1736 2596 2046 2662 scientiam,

468 2707 624 2748 suam
672 2691 789 2762 ipsa
831 2690 935 2747 sibi
967 2689 1162 2745 faciem
1201 2699 1488 2760 praestans.
1528 2688 1573 2743 A
1608 2704 1668 2743 se
1701 2688 1849 2742 enim
1895 2703 2050 2742 mens

468 2784 649 2839 ninnis
679 2783 866 2855 ﬁgura:
883 2782 1178 2852 formaeque
1210 2780 1796 2851 expers,adventitiam
1830 2779 2051 2834 asciscit

471 2877 724 2941 formam,
760 2876 847 2931 vel
879 2891 947 2931 ex
982 2874 1288 2929 virtutibus
1325 2873 1380 2928 in
1423 2873 1622 2944 spiritu
1655 2872 2049 2928 consistentem

453 2951 784 3029 "scientiam,
810 2965 896 3019 vel
925 2979 1047 3034 quae
1074 2979 1141 3018 ex
1169 2961 1681 3033 perturbationibus
1706 2970 1872 3028 atque
1901 2961 2050 3016 vitiis

472 3056 811 3126 supervenit,
844 3053 1229 3126 ignorantiam.

540 3148 630 3202 ΞΟ.
663 3147 926 3217 Quisquis
949 3163 978 3202 a
1001 3147 1189 3202 divina
1207 3145 1412 3202 excidit
1432 3145 1747 3211 dilectione,
1771 3145 2048 3200 carnalem

473 3241 647 3312 legem
677 3239 981 3308 voluptatis
1011 3237 1270 3293 illecebra
1297 3253 1360 3292 ac
1387 3238 1614 3293 libidine
1647 3240 1730 3293 sui
1763 3237 2053 3292 dominan-

476 3341 584 3384 tem
613 3329 800 3394 habet,
836 3344 944 3398 qua
991 3327 1129 3383 nihil
1169 3341 1364 3382 eorum
1408 3343 1530 3397 qua:
1573 3345 1604 3384 a
1643 3328 1756 3383 Deo
1780 3336 2051 3399 pracepta

475 3431 603 3478 sunt
633 3435 856 3476 scrvare
884 3419 1062 3475 valeat
1094 3427 1189 3474 aut
1223 3419 1376 3474 velit.
1409 3418 1511 3487 Qui
1542 3420 1691 3474 enim
1727 3420 1807 3474 illi
1836 3421 1962 3476 vita:
1990 3434 2055 3475 ac

475 3531 665 3585 negito,
704 3513 852 3584 quod
892 3527 959 3566 ex
1003 3511 1212 3566 virtute
1255 3511 1436 3581 agitur
1478 3520 1645 3581 atque
1688 3512 1920 3582 regitur,
1957 3527 2055 3566 vo-

477 3605 684 3672 luptate
732 3603 943 3657 ebriam
991 3599 1454 3669 libidinosamque
1493 3602 1664 3654 vitam
1715 3601 2052 3670 praetulerit,

477 3693 722 3749 scicntia:
750 3693 870 3747 loco
903 3691 1270 3764 ignorantiam
1304 3693 1518 3750 ascivit.

545 3785 610 3840 21
674 3783 780 3852 Qui
824 3785 892 3839 ad
945 3784 1267 3839 interiorem
1314 3785 1370 3838 in
1422 3784 1624 3853 spiritu
1675 3783 1812 3854 legis
1857 3784 2055 3840 litterae

477 3874 722 3930 divinum
772 3875 1029 3931 decorem
1079 3883 1260 3930 mente
1291 3875 1413 3946 [non
1456 3875 1673 3941 transit,
1707 3875 2054 3930 libidinosam

478 3968 648 4025 animi
678 3967 1026 4035 affectionem
1062 3966 1420 4040 (mundanum
1455 3966 1674 4022 scilicet
1699 3965 1954 4021 allectum
1991 3982 2056 4020 ac

462 4051 662 4116 saeculi
693 4057 1012 4130 amantem),
1038 4074 1106 4113 ex
1134 4058 1272 4130 legis
1301 4057 1592 4128 disciplina
1627 4058 1685 4111 in
1712 4057 1860 4112 nuda
1890 4055 2053 4128 615

479 4153 751 4208 sermonis
780 4152 1090 4221 prolatione
1119 4151 1296 4222 posita
1327 4151 1551 4221 gignere
1585 4148 1893 4204 consuevit.

545 4327 634 4380 22.
659 4324 777 4380 Oris
821 4325 1054 4394 confusio
1085 4333 1190 4389 est,
1221 4322 1612 4392 cogitationum
1671 4320 1842 4376 animi
1892 4337 2054 4376 mun-

2074 3080 2123 3144 C

2125 501 2467 571 Πνεῦματος,
2529 497 2712 568 μόνοις
2774 492 3261 548 ἀποκαλύπτεσθαι
3330 491 3557 557 πέφυκε
3617 493 3733 553 τοῖς

2126 595 2298 660 ἀξίοις
2341 591 2436 645 τοῦ
2484 589 2832 659 Πνεύμάτος·
2867 586 2916 638 οἳ
2957 586 3045 639 διὰ
3092 583 3297 653 πολλὴν
3352 583 3466 634 τῶν
3513 581 3733 652 ἀρετῶν

2127 686 2472 757 ἐπιμέλειαν,
2505 683 2607 753 τῆς
2642 681 2754 734 τῶν
2782 679 2974 734 παθῶν
3013 677 3248 747 αἱθάλης
3273 675 3369 728 τὸν
3396 673 3531 727 νοῦν
3566 677 3729 726 ἐκκα-

2129 779 2421 850 θάραντες,
2462 776 2734 844 ἐσόπτρου
2784 771 2942 840 δίκην
2983 767 3229 840 καθαροῦ
3293 767 3396 820 καὶ
3436 766 3731 832 Stupro-2;,

2131 870 2249 939 ἅμα
2284 871 2354 938 τῇ
2403 865 2704 938 προσϐολῇ,
2745 861 3000 933 καθάπερ
3044 859 3342 930 πρόσωπον
3382 855 3732 926 tutum-apt-

2129 975 2230 1030 νην
2254 959 2443 1022 αὐτοῖς
2475 956 2571 1011 καὶ
2593 955 2980 1025 ἐμπίπτουσαν
3013 951 3114 1021 τὴν
3137 949 3247 1003 τῶν
3276 949 3447 1002 θείων
3479 949 3732 1017 δέχονται

2131 1050 2360 1118 γνῶσιν.
2392 1043 2490 1111 Οἷς
2517 1047 2576 1101 δὲ
2602 1048 2726 1109 ταῖς
2748 1044 2858 1097 τῶν
2900 1042 3090 1098 παθῶν
3121 1041 3338 1111 κηλῖσιν
3373 1042 3405 1093 ὁ
3443 1039 3565 1109 βίπ
3608 1057 3734 1091 κατ·

2135 1144 2400 1206 έστικται,
2455 1140 2609 1212 μόλις
2661 1138 2766 1192 κᾶν
2804 1136 2865 1201 ἐξ
2899 1135 3122 1189 εἰκότων
3181 1133 3347 1186 τινῶν
3398 1129 3736 1199 στοχασμῶν

2133 1233 2516 1305 τεκμηριῶσαι
2550 1232 2648 1302 τὴν
2691 1230 2800 1283 τῶν
2853 1228 3012 1280 θείων
3060 1226 3265 1294 γνῶσίν
3299 1227 3425 1278 ἐστι
3481 1222 3736 1282 δυνατὸν,

2139 1331 2215 1399 μὴ
2245 1329 2329 1381 ὅτι
2358 1343 2421 1394 γε
2453 1324 2647 1394 νοῆσαί
2673 1340 2733 1376 τε
2761 1323 2856 1376 καὶ
2885 1320 3092 1393 φράσαι
3115 1320 3321 1389 ταύτην
3344 1317 3420 1370 δι’
3442 1315 3740 1387 ἀκριϐείας

2137 1415 2626 1480 ἀπαυθαδίζεσθαι.

2215 1608 2306 1671 ιη’.
2359 1600 2418 1653 'O
2448 1599 2544 1654 τοῦ
2573 1599 2664 1652 νοῦ
2695 1598 2911 1671 μορφὴν
2937 1599 3037 1668 τὴν
3088 1597 3146 1663 ἐξ
3190 1597 3416 1668 ἀρετῶν
3464 1597 3527 1648 έν
3565 1594 3744 1647 1]νεύ-

2144 1709 2276 1762 ματι
2303 1691 2437 1760 θείῳ
2465 1689 2763 1760 δεξάμενος
2777 1689 2999 1758 γνῶσιν,
3016 1688 3088 1742 τὰ
3113 1687 3232 1740 θεῖα
3257 1687 3490 1755 λέγεται
3517 1686 3745 1746 παθεῖν,

2144 1784 2228 1836 ὅτι
2260 1781 2336 1852 μὴ
2365 1780 2527 1849 φύσει
2558 1779 2703 1834 κατὰ
2734 1779 2833 1850 τὴν
2873 1777 3129 1850 ὓπαρξιν,
3166 1777 3309 1833 ἀλλὰ
3349 1777 3551 1848 χάριτι
3606 1777 3747 1828 κατά

2144 1872 2242 1944 τὴν
2277 1870 2518 1942 μέθεξιν,
2567 1870 2775 1938 ταύτην
2824 1869 3183 1940 προσέλαϐεν.
3227 1868 3288 1922 '0
3321 1868 3380 1922 δὲ
3418 1869 3524 1938 τὴν
3555 1869 3627 1921 ὲκ
3655 1868 3749 1936 χά·

2146 1980 2296 2035 ριτος
2335 1964 2409 2034 μὴ
2437 1961 2736 2030 δεξάμενος
2763 1961 2987 2029 γνῶσιν,
3013 1959 3119 2014 κᾶν
3146 1960 3283 2032 λέγῃ
3318 1977 3372 2013 τι
3404 1958 3746 2027 γνωστικὴν,

2144 2055 2245 2108 οὐκ
2278 2051 2386 2107 οἶδε
2433 2052 2579 2108 κατά
2628 2055 2826 2124 πεῖραν
2851 2050 2950 2106 τοῦ
2985 2050 3283 2122 λεγομένω
3334 2050 3444 2122 τὴν
3487 2049 3744 2118 δύναμιν.

2146 2144 2294 2217 Ψιλὴ
2319 2145 2429 2215 γὰρ
2469 2144 2730 2215 μάθησις,
2771 2142 2872 2216 τὴν
2908 2143 3032 2199 καθ’
3055 2143 3169 2208 έξιν
3197 2142 3411 2213 γνῶσιν
3441 2143 3508 2196 οὐ
3536 2142 3746 2196 δίδωσι.

2224 2397 2308 2453 ιθ’.
2350 2397 2496 2461 Νοῦς
2535 2398 2615 2462 είς
2663 2397 2833 2469 ἀκρον
2865 2397 2952 2451 διὰ
2985 2397 3094 2452 τῶν
3137 2397 3354 2469 ἀρετῶν
3401 2400 3750 2470 10.011.061.11-

2149 2509 2259 2554 νος,
2285 2492 2412 2554 τοὺς
2453 2490 2562 2544 τῶν
2605 2490 2819 2561 ἀρετῶν
2863 2489 3112 2559 πέφυκεν
3152 2491 3383 2554 εἰκότως
3418 2493 3748 2545 ἐκδιδάσκε-

2152 2583 2273 2637 σθαι
2306 2584 2519 2652 λόγους,
2549 2583 2648 2654 τὴν
2677 2581 2736 2647 ἐξ
2765 2583 2946 2636 αὐτῶν
3004 2565 3239 2646 θειωδῶς
3270 2586 3752 2654 χαρακπρισθείο

2151 2693 2250 2730 σαν
2299 2675 2500 2742 γνῶσιν
2560 2675 2758 2728 οἰκεῖον
2837 2675 3157 2744 ποιούμενος
3222 2675 3551 2745 πρόσωπον.
3615 2676 3751 2730 Καθ’

2151 2767 2344 2822 ἑαυτὸν
2393 2767 2502 2839 γὰρ
2554 2767 2797 2830 ἀνείδεός
2841 2784 2903 2820 τε
2944 2769 3039 2821 καὶ
3087 2768 3586 2839 ἀχατακτήριστος
3647 2769 3751 2830 sci;

2151 2861 2458 2930 καθέστηκε
2491 2858 2638 2923 νοῦς,
2672 2859 2889 2931 μορφὴν
2927 2858 3066 2930 ἔχων
3107 2860 3435 2930 ἐπίκτητον,
3472 2862 3510 2933 ἦ
3552 2861 3658 2932 τὴν
3691 2864 3752 2914 ἐκ

2151 2951 2260 3006 τῶν
2289 2951 2502 3022 ἀρετῶν
2541 2952 2858 3004 ὑποστᾶσαν
2903 2954 2961 3004 ὲν
3022 2951 3296 3021 πνεύματι
3324 2951 3564 3018 γνῶσιν,
3595 2953 3630 3022 ἦ
3659 2953 3752 3022 τὴν

2151 3043 2216 3097 ὲκ
2238 3043 2347 3097 τῶν
2385 3042 2576 3097 παθῶν
2609 3043 3107 3112 ὲπισυμϐαίνουσαν
3131 3042 3379 3111 ἄγνοιαν.

2225 3143 2295 3191 κ’.
2337 3137 2455 3200 Πᾶς
2505 3138 2534 3189 ὁ
2575 3139 2676 3207 τῆς
2727 3133 2880 3199 θείας
2924 3133 3299 3198 έκπεπτωκὼς
3349 3135 3609 3202 ἀγάπης,
3661 3136 3749 3188 τὸν

2153 3229 2211 3282 ὲν
2237 3231 2303 3302 τῇ
2338 3229 2503 3299 σαρκὶ
2531 3229 2695 3300 νόμον
2731 3229 2845 3298 ἔχει
2879 3227 2967 3281 διὰ
2999 3227 3100 3297 τῆς
3127 3226 3326 3297 ἡδονῆς
3351 3227 3744 3298 βασιλεύοντα,

2150 3322 2242 3375 τὸν
2295 3322 2566 3394 μηδεμίαν
2617 3321 2765 3375 θείαν
2809 3318 3029 3390 ἐντολὴν
3091 3319 3328 3390 φυλάξαι
3378 3318 3748 3390 δυνάμενονῆ

2155 3413 2503 3484 βουλόμενον.
2536 3413 2650 3482 Τῆς
2682 3411 2791 3482 γὰρ
2826 3412 2885 3463 έν
2911 3409 3185 3479 πνεύματι
3222 3408 3359 3461 Θεοῦ
3392 3411 3523 3461 κατ’
3549 3410 3747 3479 ἀρετὴν

2152 3503 2544 3572 διεξαγομένης
2587 3501 2734 3571 ζωῆς
2769 3517 2829 3552 τε
2878 3499 2974 3554 καὶ
3026 3497 3331 3569 βασιλείας,
3388 3500 3747 3569 προτιμήσας

2153 3593 2254 3663 τὴν
2284 3592 2565 3662 φιλήδονον
2597 3592 2764 3660 ζωὴν,
2802 3590 2901 3662 τὴν
2933 3589 3161 3658 ἄγνοιαν
3201 3589 3326 3645 ἀντὶ
3359 3590 3464 3658 τῆς
3490 3588 3747 3656 γνώσεως

2155 3684 2334 3753 ἑαυτῷ
2364 3683 2737 3737 ἐπεσπάσατο.

2227 3774 2335 3830 κα’.
2387 3775 2444 3830 '0
2489 3776 2564 3846 μὴ
2601 3774 2894 3828 διαϐαίνων
2929 3772 3071 3826 κατὰ
3101 3772 3228 3826 νοῦν
3281 3772 3423 3844 πρὸς
3455 3772 3563 3841 τὴν
3596 3772 3743 3824 ἔδιδον

2155 3869 2213 3922 ὲν
2246 3867 2520 3938 πνεύματι
2560 3865 2653 3919 τοῦ
2705 3865 2933 3937 νομικοῦ
2975 3865 3307 3938 γράμματος
3345 3865 3503 3918 θείαν
3553 3864 3746 3932 εὖπρὲ-

2157 3974 2338 4022 πειαν,
2370 3958 2467 4028 τὴν
2496 3957 2597 4028 τῆς
2626 3958 2854 4028 γνώμης
2891 3958 3175 4028 φιλήδονον
3206 3957 3419 4028 σχέσιν,
3450 3957 3628 4026 {nam
3651 3955 3744 4024 τὴν

2157 4051 2429 4122 κοσμικὴν
2479 4049 2860 4122 προσπάθειαν
2891 4049 2988 4104 xui
3017 4050 3382 4119 φιλοκοσμίαν
3409 4051 3612 4119 γεννᾷν
3646 4048 3742 4100 πέ-

2157 4160 2350 4213 φυκεν,
2383 4145 2448 4196 ὲκ
2478 4142 2578 4213 τῆς
2609 4142 2752 4196 κατὰ
2804 4142 2975 4212 μόνην
3025 4142 3123 4212 τὴν
3153 4142 3210 4194 έν
3254 4140 3406 4212 λόγῳ
3442 4141 3543 4194 τοῦ
3579 4141 3743 4211 νόμον

2160 4233 2448 4305 μαθήσεως
2477 4233 2778 4304 προφορὰν.

2228 4323 2336 4394 κβ’.
2362 4325 2634 4394 Αίσχύνη
2668 4326 2966 4393 στόματός
3001 4323 3076 4395 (ι)
3117 4323 3288 4389 ἐστιν,
3335 4324 3372 4394 ἠ
3426 4323 3578 4377 κατὰ
3623 4321 3742 4376 νοῦν

480 4416 620 4471 dana
650 4429 712 4469 ac
738 4427 1032 4483 corporum
1063 4425 1251 4466 amore
1290 4409 1586 4466 libidinosa
1635 4410 1940 4465 meditatio.
1987 4410 2045 4464 In

2155 4416 2483 4488 φιλόκοσμος
2513 4415 2711 4487 μελέτη
2736 4416 2845 4470 τῶν
2878 4415 3154 4486 λογισμῶν
3191 4416 3287 4468 καὶ
3334 4413 3740 4484 φιλοσώματος.

479 4522 588 4577 quo
647 4505 796 4560 enim
848 4518 916 4558 ex
957 4504 1212 4558 elucente
1261 4503 1318 4556 in
1362 4502 1500 4573 legis
1544 4501 1728 4557 littera
1782 4502 2051 4572 corporali

479 4595 884 4658 informatione,
899 4593 1201 4648 voluntatis
1229 4593 1542 4664 mentisque
1567 4593 1796 4650 libidine
1812 4593 2052 4650 mundus

479 4687 826 4760 progignitur
851 4683 1065 4755 (mundi
1099 4685 1311 4741 scilicet
1345 4701 1408 4740 ac
1437 4685 1623 4740 saeculi
1652 4701 1845 4741 amans
1877 4686 2049 4741 animi

479 4777 748 4848 affectio),
766 4778 822 4831 in
853 4777 958 4832 hoc
978 4776 1144 4832 etiam
1177 4777 1488 4848 voluptaria
1515 4777 1659 4832 inest
1687 4779 1870 4833 animo
1898 4779 2050 4850 cogi-

482 4859 750 4926 tationum
774 4867 1078 4924 meditatio.
1102 4867 1204 4924 Cui
1229 4867 1377 4946 enim
1401 4868 1480 4922 rei
1505 4868 1704 4924 atl‘ectu
1720 4868 2048 4936 addicimur,

481 4981 600 5019 eam
624 4958 842 5035 qucque
870 4962 1054 5018 animo
1085 4961 1430 5017 meditamur.

546 5105 563 5121 θ
595 5099 678 5156 cr.
714 5099 781 5154 ad
808 5099 966 5154 Thai.
996 5115 1051 5168 τ.
1086 5089 1174 5152 65.

554 5215 625 5287 (ε)
663 5213 940 5287 ᾼὶονχψνση⁸
981 5213 1300 5287 στόμαζος.
1355 5209 1640 5287 Expositio
1684 5217 1772 5266 est
1787 5209 2050 5287 ﬂuminis

481 5279 840 5354 Μεμφιϐοσυὲ
896 5283 1128 5354 alterius
1181 5279 1420 5354 filiorum
1450 5279 1633 5354 Saulis
1660 5279 2046 5354 gesARhespha

483 5349 803 5427 pellice;__ut
856 5362 923 5427 et
952 5352 1209 5427 ἀνάθῃμα
1235 5351 1374 5427 _(se_u
1409 5352 1596 5427 potius
1648 5349 1898 5427 ἀνάθεμα
1921 5349 2057 5427 ,λιιι

485 5419 678 5494 quaest.
727 5423 816 5494 illa
856 5422 924 5494 65
972 5419 1539 5494 scribitur)alterius,
1571 5434 1771 5494 nempe
1801 5419 2012 5494 Ἐρονθί
2036 5437 2050 5450 ·

485 5487 625 5563 quos
653 5493 842 5563 ambos
855 5492 1130 5563 Maximus
1155 5487 1427 5545 illaudata:
1441 5489 1649 5563 sobolis
1664 5487 1794 5563 typo
1827 5487 2050 5559 accipit,

487 5561 690 5631 quippe
718 5575 785 5616 ex
810 5562 1094 5631 illegitimo
1124 5569 1424 5631 susceptos;
1450 5561 1729 5615 connubio
1757 5577 1768 5612 :
1800 5575 1903 5631 nec
1928 5575 2051 5614 raro

489 5629 802 5701 ἀναγωγίαν
833 5629 1177 5701 sensumque
1215 5629 1522 5701 Spiritalem
1555 5631 1610 5701 in
1645 5630 1917 5700 ejusmodi
1945 5645 2048 5684 no-

2169 4510 2258 4563 Ἐν
2285 4502 2330 4577 ᾧ
2357 4509 2465 4581 γὰρ
2499 4509 2529 4562 ὁ
2560 4508 2762 4579 κόσμος
2784 4509 2849 4561 ὲκ
2871 4507 2972 4578 τῆς
3004 4505 3418 4577 ἐμφαινομένης
3449 4505 3533 4576 τῷ
3567 4506 3742 4576 γράμμ-

2161 4615 2292 4669 ματι
2331 4599 2426 4652 τοῦ
2467 4599 2634 4668 νόμου
2676 4598 2999 4668 σωματικῆς
3048 4598 3421 4663 διαπλάσεως,
3462 4599 3613 4652 κατὰ
3645 4599 3742 4667 τὴν

2157 4689 2444 4760 γνωμικὴν
2492 4689 2675 4758 σχέσιν
2723 4689 3016 4756 γεννᾶσθαι
3049 4691 3294 4758 πέφυκεν
3318 4705 3331 4718 °
3367 4689 3571 4760 ἡγουν,
3597 4691 3631 4760 ἡ
3656 4691 3742 4742 τὸν

2159 4783 2361 4851 κόσμον
2393 4781 2624 4851 φιλοῦσα
2651 4782 2916 4849 διάθεσις,
2947 4783 3040 4836 καὶ
3066 4784 3098 4851 ἡ
3129 4782 3273 4835 κατά
3295 4781 3431 4834 νοῦν
3460 4783 3742 4854 φιλήδονος

2161 4872 2360 4944 μελέτη
2395 4873 2504 4928 τῶν
2539 4873 2837 4944 λογισμῶν.
2881 4875 3022 4945 Πρὸς
3049 4874 3079 4927 ὃ
3110 4875 3212 4944 γὰρ
3242 4874 3517 4944 σχετικῶς
3541 4874 3743 4927 διακεί-

2160 4965 2319 5036 μεθα,
2353 4966 2490 5037 πρὸς
2515 4969 2689 5021 έκεῖνο
2709 4968 2804 5022 καὶ
2830 4968 2971 5021 κατὰ
2993 4967 3117 5022 νοῦν
3145 4967 3374 5038 μελέτην
3399 4966 3742 5037 κεκτήμεθα,

2157 5207 2478 5263 methodum
2510 5209 2825 5281 exponendi
2854 5208 3172 5281 Scripturas
3214 5209 3270 5262 in
3298 5207 3563 5281 hisgipsis
3590 5211 3746 5281 Capi-

2157 5225 2478 5263 metnouum
2510 5225 2825 5279 exponendi
2854 5225 3172 5334 beripturas
3215 5225 3270 5262 ιιι
3299 5225 3387 5262 nis
3422 5225 3563 5278 lpSlS
3590 5225 3744 5281 Lapi-

2154 5281 2304 5334 tibus
2337 5279 2707 5333 commendat.
2746 5279 2895 5334 Nihil
2929 5297 2960 5334 a
3028 5295 3166 5342 rem,
3202 5279 3352 5349 quod
3386 5279 3581 5342 Picus,
3616 5283 3744 5336 illud

2154 5349 2396 5430 Αίσχιῦνη
2437 5350 2708 5430 στόματος
2731 5391 2744 5411 ,
2800 5351 2947 5404 αέα-ιιι
3005 5350 3290 5430 medenda,
3330 5350 3476 5430 dictat
3507 5352 3743 5430 fatisia

2155 5419 2370 5484 reddit,
2403 5435 2476 5490 ac,
2515 5419 2560 5473 si
2605 5431 2755 5475 esset
2808 5420 3096 5490 sequentis
3150 5421 3343 5490 vocis,
3383 5419 3600 5490 μελέτη
3662 5424 3740 5475 vel

2112 5494 2113 5497 “
2153 5492 2370 5560 κίνησις
2393 5489 2747 5559 epithetum:
2778 5492 2837 5543 τὸ
2860 5489 3118 5560 ἀνάθημα
3148 5505 3258 5544 non
3297 5489 3517 5554 habuit,
3547 5489 3742 5547 mutila

2151 5560 2257 5630 ipsi
2297 5568 2448 5614 textu
2477 5578 2488 5612 :
2527 5576 2590 5615 ac
2621 5575 2725 5614 nec
2755 5561 2898 5632 forte
2938 5560 3104 5632 nobis
3148 5561 3375 5632 omnino
3410 5562 3634 5632 integer
3663 5579 3740 5616 re.-

2147 5629 2540 5702 prmsentatur.
2574 5631 2736 5685 Plura
2768 5630 2821 5685 in
2856 5632 2946 5686 illa
2984 5629 3188 5695 Quam.
3237 5631 3295 5684 in
3344 5638 3501 5686 textu
3533 5629 3658 5702 ipso
3688 5641 3737 5686 et

489 5698 700 5752 minum
744 5698 1140 5757 Hebraicoruin
1181 5698 1512 5772 etymologia
1548 5698 1768 5768 fundat;
1799 5716 1962 5772 quam
1993 5710 2047 5757 et
2147 5698 2204 5754 in
2237 5699 2494 5756 Scholiis.
