3922 6348
228 327 363 398 135⁸1

910 333 1242 395 CAPITUM
1281 328 1706 402 QUINQUIES
1745 327 2267 391 CENTENORUM
2305 328 2695 392 CENTURIA
2730 327 2797 389 V.

3335 324 3468 388 1358

297 444 401 514 κγ’.
433 446 504 499 Ἦ
538 445 700 499 πάλιν
729 446 994 514 αἰσχύνη
1045 446 1345 514 στόματός
1392 443 1562 508 ἐστιν,
1604 442 1651 497 ἠν
1689 440 1802 503 τοῖς

1974 442 2067 498 25.
2087 443 2197 498 Aut
2224 458 2422 499 rursus
2451 444 2558 497 eris
2592 442 2850 511 confusio,
2888 441 3091 496 mentis
3113 440 3337 512 agitatio
3363 455 3467 505 est,

220 538 457 591 πάθεσιν
506 534 645 601 εῐδος
694 534 999 604 ἐπάγουσα,
1048 537 1136 591 καὶ
1179 536 1241 588 τὸ
1282 534 1405 588 καθ’
1437 530 1633 604 ἡδονὴν
1663 530 1800 600 πρὸς

221 629 479 699 αἴσθησιν
534 628 933 682 διαπλάττουσα
993 626 1209 692 κάλλος,
1263 624 1358 678 τοῦ
1413 623 1507 678 νοῦ
1562 622 1797 692 κίνησις.

221 720 408 790 Χωρὶς
451 719 559 789 γάρ
597 719 695 789 τῆς
748 718 890 773 κατὰ
939 716 1062 771 νοῦν
1106 718 1455 787 ὲπινοητικῆς
1494 713 1798 784 δυνάμεως,

224 810 365 879 πρὸς
419 809 707 863 διάπλασιν
763 807 994 880 μορφῆς,
1052 807 1302 879 οὐδαμῶς
1354 805 1529 869 πάθος
1585 806 1797 874 ἄγεται.

227 902 300 957 Ἣ
338 901 616 971 ἀνάθημά
652 902 788 967 ἐστι,
817 902 909 955 καὶ
935 902 969 971 ἡ
1003 899 1270 971 πρόσυλος
1306 899 1401 954 καὶ
1424 897 1664 968 άκαλλὴς
1692 897 1801 951 τῶν

223 993 416 1046 παθῶν
446 992 542 1045 καὶ
584 991 957 1055 άδιατύπωτος
988 993 1203 1061 κίνησις
1226 1007 1242 1020 ”
1274 991 1539 1059 αἰσχύνη
1569 989 1628 1043 δὲ
1655 988 1801 1042 στόλ-

214 1101 428 1154 ματος,
479 1086 513 1155 ἡ
559 1084 621 1138 τὸ
666 1082 837 1146 πάθος
874 1080 1217 1136 εἰδοποιοῦσα
1248 1082 1386 1154 πρὸς
1427 1080 1679 1152 αἴσθησιν
1705 1077 1800 1133 τοῦ

221 1175 321 1229 νοῦ
347 1176 584 1245 κίνησις,
627 1174 724 1228 καὶ
752 1176 872 1238 ταῖς
917 1174 1185 1239 ἐπινοίαις
1237 1169 1371 1244 ῦλην
1420 1172 1678 1244 ἁρμόδιον
1723 1170 1802 1243 τῷ

222 1264 389 1319 πάθει
418 1264 737 1336 πορίζουσα.
1601 1311 1659 1353 ρ

300 1436 394 1492 κδ’.
442 1438 499 1491 '0
527 1438 616 1491 διὰ
642 1436 850 1508 τρυφὴν
884 1435 1206 1507 σωματικὴν
1235 1435 1332 1490 καὶ
1363 1436 1669 1491 ἀνάπαυσιν
1702 1435 1803 1501 τὰς

226 1532 420 1595 θυσίας
455 1530 547 1583 καὶ
578 1529 677 1591 τὰς
710 1528 922 1601 ἑορτὰς,
948 1528 1017 1582 τά
1046 1545 1105 1581 τε
1148 1526 1402 1581 Σάϐϐατα
1434 1526 1528 1579 καὶ
1559 1527 1657 1591 τὰς
1684 1544 1802 1579 νεο-

232 1622 435 1692 μηνίτίς
480 1619 623 1673 κατὰ
661 1618 753 1673 τὸν
791 1618 1088 1689 νόμοντὸν
1130 1617 1262 1673 Θεὸν
1311 1617 1682 1688 διατεταχέναι
1716 1634 1803 1670 πι-

227 1714 455 1780 στεύων,
489 1712 669 1782 πάντη
714 1729 777 1765 τε
821 1713 916 1765 καὶ
952 1710 1191 1779 πάντως,
1220 1711 1327 1765 ὑπὸ
1359 1711 1457 1782 τὴν
1499 1711 1687 1782 ὲνοχὴν
1711 1728 1803 1779 γε·

1901 548 2023 603 quae
2049 533 2341 599 aﬂectibus
2388 533 2630 604 speciem
2673 532 2907 598 inducit,
2941 546 3117 601 exque
3159 548 3356 588 sensus
3387 550 3472 588 ra-

1903 624 2054 679 tione
2102 624 2461 681 libidinosam
2524 624 2997 695 pulchritudinem
3050 623 3277 695 efﬁngit.
3323 624 3468 680 Citra

1900 715 2050 771 enim
2078 716 2481 787 excogitantem
2524 731 2589 772 ac
2615 715 2979 771 inventricem
3012 717 3213 771 mentis
3239 717 3472 771 faCulta-

1902 812 2013 861 tem
2046 806 2115 862 ad
2168 806 2401 862 formam
2446 806 2845 878 elﬁngendam,
2899 807 3132 863 aﬂ‘ectus
3186 822 3252 863 ac
3289 808 3472 879 passio

1901 913 2012 952 non
2042 897 2314 969 procedit.
2343 897 2442 953 Vel
2485 899 2655 953 etiam
2682 900 2970 953 anathema
3012 906 3128 965 est,
3173 906 3475 955 terrenaet

1902 986 2198 1043 invenusta
2248 986 2618 1056 informisque
2681 987 3162 1058 perturbationum
3220 1002 3285 1043 ac
3338 987 3475 1043 aﬂ‘e-

1902 1085 2091 1133 ctuum
2132 1078 2414 1133 incitatio:
2435 1079 2542 1132 oris
2566 1092 2699 1133 vero
2716 1065 2968 1148 confusio
2992 1131 3003 1145 ,
3031 1093 3153 1149 quae
3179 1092 3248 1133 ex
3278 1092 3476 1141 sensus

1902 1169 2115 1225 ratione
2148 1169 2405 1225 aﬂectum
2428 1170 2610 1240 specie
2642 1168 2864 1234 format,
2899 1170 3305 1240 subtilibusque
3325 1185 3475 1224 coma
3547 1230 3554 1237 ,

1901 1260 2102 1317 mentis
2120 1270 2303 1330 aptam
2324 1260 2546 1316 ali'eetui
2566 1276 2663 1316 seu
2686 1260 2927 1331 passioni
2950 1262 3237 1316 materiam
3260 1262 3472 1324 tribuit,

1902 1353 2107 1408 mentis
2128 1353 2376 1425 agitatio.

1974 1445 2062 1499 24.
2094 1444 2198 1511 Qui
2251 1445 2491 1501 carnalis
2523 1446 2824 1515 voluptatis
2861 1447 3219 1517 fruendaaque
3271 1447 3476 1517 quietis

1904 1550 2090 1598 causa,
2121 1535 2446 1605 praecepisse
2473 1537 2644 1590 Deum
2670 1536 3062 1592 sacriﬁciorum
3098 1536 3476 1604 festorumque

1903 1626 2166 1696 legitima,
2208 1626 2554 1697 Sabbataque
2592 1634 2648 1681 et
2683 1628 3000 1682 neomenias
3031 1627 3335 1681 instituisse
3358 1628 3478 1681 exi-

1908 1716 2121 1781 Stimat,
2177 1717 2403 1771 omnino
2466 1732 2803 1787 prorsusque
2872 1717 3162 1772 affectibus
3219 1718 3478 1787 vitiisque

224 1808 450 1876 νήσεται
478 1805 576 1873 τῆς
605 1802 715 1856 τῶν
741 1801 930 1856 παθῶν
953 1802 1255 1872 ἐνεργείας,
1285 1801 1378 1856 καὶ
1411 1802 1509 1872 τὴν
1537 1802 1799 1873 αἰσχύνην

1916 1807 2188 1863 obnoxius
2232 1808 2369 1875 erit;
2414 1810 2766 1880 turpiumque
2823 1809 2950 1864 inde
2987 1809 3382 1879 cogitationum
3412 1824 3477 1863 ac

223 1897 328 1967 τῆς
360 1895 467 1948 τῶν
497 1896 582 1947 ἐπ’
627 1894 816 1957 αὐταῖς
869 1893 1109 1966 αἰσχρῶν
1158 1893 1435 1964 λογισμῶν
1489 1894 1800 1965 ρυπαρίαςο

225 1988 335 2040 ὑπό
380 2004 438 2041 τε
490 1985 581 2039 τὸν
641 1984 993 2056 φθειρόμενον
1044 1983 1196 2040 ἔσται
1234 1984 1458 2055 κόσμον,
1484 1986 1580 2039 καὶ
1611 1986 1713 2055 τὴν
1745 1986 1803 2040 ὲν

224 2078 508 2147 λογισμοῖς
535 2074 911 2146 φιλοσώματον
951 2074 1180 2146 μελέτην
1205 2093 1219 2106 ⁸
1271 2076 1376 2129 ὑπό
1421 2093 1482 2128 τε
1530 2076 1629 2147 τὴν
1671 2075 1804 2145 ὓλην

224 2169 337 2224 τῶν
371 2168 557 2223 παθῶν
589 2169 682 2223 καὶ
700 2168 761 2221 τὸ
790 2166 947 2233 εἶδος,
984 2168 1151 2238 μηδὲν
1184 2167 1314 2222 ἄλλο
1348 2166 1488 2239 πλὴν
1514 2167 1617 2221 τῶι
1649 2167 1804 2238 φθει-

230 2262 473 2332 ρομένων
510 2260 689 2330 τίμιον
710 2260 853 2330 ἔχειν
880 2260 1197 2330 δυνάμενος.

301 2478 399 2529 κε’.
450 2475 510 2528 Ὀ
538 2472 778 2537 πεισθεὶς
806 2470 957 2526 θείαν
989 2467 1126 2525 εἶναι
1157 2470 1423 2543 διαταγὴν
1449 2470 1513 2525 τὸ
1554 2485 1798 2540 σωματι-

229 2566 343 2628 κῶς
381 2566 521 2619 κατὰ
570 2564 732 2634 νόμον
784 2566 1020 2635 τρυφᾷν,
1076 2556 1176 2633 τὴν
1227 2562 1675 2635 γαστριμαργίαν
1727 2560 1805 2623 ὡς

229 2656 369 2710 Θεοῦ
416 2656 586 2727 δῶρον
624 2654 892 2726 λαμϐάνει
930 2653 1065 2725 πρὸς
1095 2654 1398 2723 συμϐίωσιν
1435 2651 1577 2722 μετά
1605 2651 1800 2722 χαρᾶς,

229 2744 294 2812 ἐξ
319 2741 386 2818 ἦς
438 2747 604 2816 γεννᾷ
649 2744 778 2807 τοὺς
821 2742 1143 2812 μολύνοντας
1193 2745 1260 2812 τῇ
1304 2741 1651 2814 παραχρήσει
1704 2740 1804 2811 τὴν

229 2837 512 2907 ἐνέργειαν
534 2837 640 2891 τῶν
666 2835 970 2903 αἰσθήσεων
1002 2834 1258 2905 τρόπους.

303 3040 415 3099 κς’.
475 3030 724 3086 Ἐπειδὰν
753 3030 814 3083 τὺ
849 3027 1181 3100 θεωρητικὸν
1216 3032 1311 3100 τῆς
1338 3028 1516 3100 ψυχῆς
1542 3028 1640 3100 τὴν
1670 3045 1804 3100 τρυ-

1911 1900 2187 1954 rationum
2235 1901 2471 1969 pzedoris
2513 1901 2718 1971 probro
2768 1916 2833 1956 ac
2875 1900 3184 1955 confusioni
3222 1918 3236 1953 :
3271 1899 3477 1954 mundo

1909 1988 2041 2044 item
2075 1991 2169 2059 qui
2205 1993 2601 2061 corrumpitur,
2634 2001 2690 2047 et
2715 1991 3025 2047 libidinosa:
3054 1992 3221 2061 inque
3246 2007 3480 2061 corpora

1908 2081 2097 2136 effusae
2131 2082 2524 2152 cogitationum
2569 2083 2945 2148 meditationi;
2986 2098 3051 2137 ac
3089 2092 3367 2151 postremo
3395 2082 3480 2136 vi-

1908 2173 2116 2228 tiorum
2145 2174 2555 2245 alfectuumque
2585 2183 2701 2229 tum
2726 2173 2973 2230 materiae
2999 2187 3115 2229 tum
3139 2174 3357 2239 formae;
3386 2173 3482 2243 qui

1910 2275 2112 2335 praeter
2146 2282 2211 2321 ea
2235 2283 2355 2337 quae
2392 2267 2746 2338 corruptione
2776 2267 3076 2331 intereunt,
3101 2266 3240 2320 nihil
3268 2266 3325 2321 in
3358 2280 3483 2335 pre-

1913 2356 1991 2411 tio
2012 2357 2214 2413 habere
2240 2358 2434 2427 possit.

1978 2470 2069 2525 25.
2096 2469 2196 2525 Cui
2229 2477 2379 2525 certo
2402 2484 2722 2539 persuasum
2754 2469 2847 2536 sit,
2884 2469 3135 2523 divinum
3167 2481 3288 2523 esse
3330 2481 3482 2522 man-

1911 2560 2100 2615 datum
2153 2561 2537 2630 corporalibus
2593 2562 2917 2618 secundum.
2954 2564 3129 2633 legem
3195 2561 3481 2632 indulgere

1911 2649 2149 2713 deliciis,
2177 2657 2438 2719 tanquam
2481 2652 2578 2707 Dei
2625 2652 2832 2707 donum
2867 2667 2990 2707 eum
3028 2652 3228 2724 gaudio
3272 2652 3482 2706 ventris

1912 2737 2211 2810 ingluviem
2236 2739 2290 2793 in
2312 2742 2513 2795 sociam
2539 2742 2667 2797 vitae
2700 2742 2968 2797 rationem
3001 2744 3251 2809 assumit,
3276 2756 3340 2796 ex
3373 2757 3480 2812 qua

1911 2830 2105 2885 modos
2138 2847 2431 2902 moresque
2465 2848 2565 2903 per
2608 2834 2841 2889 abusum
2865 2875 2878 2899 ,
2912 2848 3173 2891 sensuum
3202 2834 3480 2904 operatio-

1910 2939 2035 2979 nem
2071 2924 2420 2994 inquinantcs
2443 2925 2635 2997 gignit.

1979 3039 2069 3095 26.
2099 3038 2235 3095 Cum
2260 3038 2428 3094 animi
2459 3040 2542 3095 vis
2565 3040 2968 3109 contemplandi
2999 3041 3197 3102 solers,
3226 3040 3481 3108 volupta-

226 3122 340 3195 φὴν
382 3123 521 3176 κατὰ
563 3121 653 3174 τὸν
687 3118 1069 3190 ἐν’γρὰμματι
1100 3119 1261 3188 νόμον
1288 3117 1361 3182 ὡς
1402 3119 1552 3172 θείαν
1588 3118 1675 3171 διὰ
1705 3118 1804 3189 τὴν

1916 3138 2019 3184 tem
2051 3145 2118 3185 ex
2142 3129 2279 3200 legis
2304 3128 2487 3184 littera
2513 3137 2773 3198 tanquam
2806 3128 3046 3182 divinam
3072 3138 3301 3198 prOpter
3328 3144 3481 3183 man-

227 3213 453 3279 ἐντολὴν
487 3212 798 3281 ἀσπάσηται
834 3210 969 3281 πρὸς
1009 3210 1327 3280 συμϐίωσιν,
1357 3211 1455 3279 τὴν
1484 3209 1591 3262 τῶν
1616 3208 1807 3278 αἰσθήυ

229 3324 374 3361 σεων
402 3305 551 3375 παρὰ
586 3303 747 3374 φύσιν
779 3290 1096 3375 μετέρχεται
1124 3303 1339 3373 χρῆσιν,
1373 3301 1642 3374 μηδεμιᾶς
1680 3317 1809 3369 συγ-

228 3395 447 3477 χωροῦν
501 3396 643 3448 κατὰ
693 3394 854 3463 φύσιν
906 3393 1287 3461 διαφαίνεσθαι
1324 3377 1420 3462 τὴν
1470 3392 1667 3463 χρῆσιν
1704 3392 1804 3461 τῆς

233 3488 536 3559 ἐνεργείας.
571 3486 738 3557 Γεννᾷ
770 3485 880 3556 γὰρ
917 3485 1018 3554 τήν
1061 3500 1121 3537 τε
1164 3482 1272 3537 τῶν
1324 3482 1515 3537 παθῶν
1552 3483 1663 3549 ἕξιν
1714 3484 1806 3537 καὶ

226 3578 332 3648 τὴν
353 3577 770 3648 ὲνέργειαν,.κα¹ι
791 3576 865 3638 ὡς
894 3574 1042 3629 θείαν
1069 3572 1416 3638 είσοικίζεται
1446 3572 1544 3645 τὴν
1579 3591 1804 3644 γαστρι-

232 3670 497 3743 μαργίαν,
552 3668 690 3739 πρὸς
726 3668 939 3735 γένεσιν
979 3664 1086 3717 τῶν
1122 3664 1492 3735 ρυπαινόντων
1533 3666 1599 3734 τῇ
1627 3680 1808 3735 παρα-

229 3763 424 3833 χρήσει
462 3760 559 3823 τὰς
607 3759 888 3830 αἰσθήσεις
926 3757 1163 3827 τρόπων,
1202 3756 1281 3820 είς
1311 3755 1589 3825 ἀναίρεσιν
1614 3754 1723 3807 τῶν
1749 3755 1808 3807 ἑν

230 3855 344 3915 τοῖς
371 3848 488 3905 οὖσι
516 3850 758 3919 φυσικῶν
783 3850 957 3917 λόγων
975 3864 1035 3900 τε
1056 3847 1150 3901 καὶ
1172 3844 1524 3915 σπερμάτων.

305 3962 408 4027 κζ’.
459 3962 646 4026 Οὐδεὶς
700 3961 837 4033 μόνῃ
885 3959 1237 4031 προσανέχων
1272 3959 1338 4028 τῇ
1376 3958 1659 4028 σωματικῇ
1713 3954 1808 4009 τοῦ

229 4054 401 4124 νόμου
433 4053 674 4125 λατρεία,
709 4051 937 4122 φυσικὸν
972 4051 1297 4121 τοπαράπαν
1331 4049 1531 4103 δύναιτ’
1582 4048 1649 4103 ἂν
1701 4064 1808 4099 πα-

232 4147 558 4221 ραδέξασθαι
588 4146 744 4214 λόγον
775 4145 809 4215 ἢ
845 4143 1123 4215 λογισμὸν,
1150 4144 1232 4197 ὅτι
1262 4143 1395 4215 μηδὲ
1426 4142 1638 4211 πέφυκε
1673 4157 1805 4195 ταυ-

230 4245 327 4299 τὸν
350 4240 491 4298 εἶναι
532 4245 599 4313 τῇ
629 4242 787 4311 φύσει
812 4240 883 4294 τὰ
909 4239 1172 4311 σύμϐολα.
1210 4239 1267 4292 '0
1294 4240 1402 4310 γὰρ
1440 4238 1551 4300 τοῖς
1608 4235 1810 4305 συμϐό-

230 4339 348 4400 λοις
388 4335 738 4406 ἐναπομένων
780 4331 874 4386 τοῦ
904 4332 1093 4402 νόμου,
1127 4332 1187 4385 οὐ
1219 4329 1439 4384 δύναται
1482 4328 1625 4381 κατὰ
1652 4326 1808 4394 λόγον

231 4433 336 4500 τὴν
361 4430 469 4482 τῶν
499 4429 667 4481 όντων
692 4426 852 4496 φύσιν
876 4426 1031 4497 όρᾷν,
1062 4423 1157 4476 καὶ
1184 4425 1308 4486 τοὺς
1330 4422 1585 4483 τεθέντας
1612 4420 1807 4473 οὐσιω-

230 4522 342 4584 δῶς
367 4522 472 4573 ὑπὸ
496 4519 591 4572 τοῦ
617 4516 949 4588 δημιουργοῦ
970 4518 1084 4578 τοίς
1110 4510 1226 4569 οὖσι
1282 4513 1471 4581 λόγους
1511 4512 1811 4582 περιποιεῖ-

236 4614 384 4676 σοαι,
408 4613 495 4667 διὰ
514 4612 574 4665 τὸ
592 4611 699 4665 τῶν
722 4610 999 4674 συμϐόλων
1027 4610 1162 4677 πρὸς
1193 4606 1290 4678 τὴν
1322 4604 1432 4658 τῶν
1457 4602 1621 4657 ὄντων
1652 4602 1811 4672 φύσιν

231 4706 509 4776 διάφορον.

310 4826 414 4888 κη’.
477 4818 535 4870 ὐ
576 4816 708 4869 Θεὸν
746 4815 844 4885 τὴν
894 4811 1099 4868 κοιλίαν
1125 4812 1447 4883 ἡγούμενος,
1477 4808 1571 4862 καὶ
1606 4807 1681 4869 ὡς
1720 4808 1810 4860 ἐπὶ

229 4910 364 4983 δόξῃ
411 4912 478 4981 τῇ
530 4908 758 4979 αἰσχύνῃ
805 4904 1292 4975 καλλωπιζόμενος,
1357 4901 1532 4971 μόνων
1569 4894 1706 4952 οἶδεν
1736 4898 1813 4961 ὡς

232 5002 398 5054 θείων
433 5000 751 5071 ἀντέχεσθαι
790 4998 880 5057 διὰ
926 4998 1165 5066 σπουδῆς
1209 4994 1317 5048 τῶν
1348 4992 1536 5047 παθῶν
1564 4992 1660 5061 τῆς
1690 4992 1809 5045 άτι-

233 5092 408 5163 μίας·
459 5093 553 5144 καὶ
602 5091 691 5144 διὰ
741 5089 900 5143 τοῦτο
941 5090 1080 5159 μόνα
1136 5086 1391 5157 περιέπει
1441 5083 1511 5137 τά
1560 5083 1808 5155 χρονικὰ,

230 5183 483 5237 τουτέστι
516 5184 612 5254 τὴν
645 5183 775 5256 ὓλην
813 5182 907 5237 καὶ
936 5181 998 5234 τὸ
1028 5176 1188 5245 εἶδος,
1220 5178 1316 5231 καὶ
1338 5177 1435 5249 τὴν
1462 5176 1605 5231 κατὰ
1632 5176 1810 5246 παρά-

232 5288 432 5342 χρησιν
486 5272 798 5340 πενταπλῆν
858 5268 1136 5339 ἐνέργειαν
1191 5264 1299 5319 τῶν
1354 5265 1676 5335 αἰσθήσεων.
1732 5264 1811 5334 Τῇ

232 5363 349 5431 γάρ
403 5362 504 5433 ῦλῃ
547 5365 643 5415 καὶ
688 5362 767 5432 τῷ
811 5360 945 5415 εῖδει
1001 5357 1385 5428 συμπὴκεῖσα
1428 5355 1568 5409 κατὰ
1598 5354 1745 5425 μίξιν
1777 5356 1813 5425 ἠ

231 5454 514 5521 αἴσθησις,
554 5455 834 5508 ἀποτελεῖν
884 5453 979 5524 μὲν
1026 5449 1217 5512 πάθος,
1248 5448 1585 5503 ἀπεκτείνειν
1622 5447 1678 5501 δὲ
1718 5445 1813 5499 καὶ

233 5548 478 5614 ἀναιρεῖν
503 5546 627 5608 τοὺς
654 5546 791 5599 κατὰ
815 5544 978 5613 φύσιν
1003 5544 1214 5611 πέφυκε
1250 5540 1461 5609 λόγους.
1494 5538 1672 5602 Πάθος
1704 5539 1813 5611 γὰρ

236 5638 330 5690 καὶ
377 5636 539 5705 φύσις
577 5636 717 5689 κατὰ
753 5637 843 5689 τὸν
882 5633 976 5688 τοῦ
1023 5630 1165 5687 εἶναι
1218 5631 1396 5699 λόγον,
1434 5629 1683 5699 οὐδαμῶς
1717 5630 1812 5684 άλ-

232 5728 416 5795 λήὶοις
452 5729 906 5800 συνυπάρχουσιν.
944 5728 1017 5782 Οὐ
1069 5724 1177 5795 γάρ
1236 5724 1444 5793 πέφυκε
1495 5723 1655 5778 πάθει
1688 5741 1813 5779 συν-

1910 3223 2099 3277 datum
2130 3222 2185 3276 in
2219 3220 2425 3277 sociam
2454 3221 2580 3276 vita:
2618 3221 2888 3276 rationem
2918 3221 3163 3290 proclive
3199 3220 3476 3283 asciverit,

1909 3310 2275 3366 innaturalem
2329 3324 2592 3365 sensuum
2646 3325 2807 3364 usum
2844 3309 3010 3374 colit,
3066 3310 3205 3364 nihil
3262 3311 3476 3380 reipsa,

1908 3401 2178 3472 quidquid
2209 3411 2392 3472 agant,
2425 3417 2492 3456 ex
2540 3410 2749 3456 natura
2792 3401 3103 3455 rationibus
3147 3401 3367 3456 elucere
3403 3401 3479 3455 si-

1907 3509 2065 3548 nens.
2101 3492 2286 3563 Gignit
2306 3492 2452 3546 enim
2472 3490 2732 3546 vitiorum
2757 3506 2821 3545 ac
2856 3491 3329 3560 perturbationum
3355 3508 3477 3547 cum

1909 3584 2158 3639 habitum
2185 3594 2302 3639 tum
2335 3591 2550 3650 actum;
2599 3599 2663 3639 ac
2706 3584 2860 3639 velut
2909 3583 3151 3637 divinam
3180 3624 3193 3649 ,
3236 3585 3477 3655 conjugii

1902 3680 2027 3746 jure
2063 3680 2244 3748 gulam
2271 3677 2443 3742 ducit,
2481 3677 2626 3732 unde
2658 3690 2841 3732 mores
2867 3677 3171 3746 modosque
3213 3677 3478 3747 suscipiat

1909 3784 2007 3837 per
2035 3768 2267 3822 abusum
2307 3782 2503 3821 sensus
2535 3767 2863 3836 polluentcs,
2892 3768 3058 3838 616
3096 3784 3331 3837 quorum
3358 3770 3480 3825 labe

1909 3858 2187 3912 naturales
2225 3856 2283 3910 in
2314 3857 2480 3911 rebus
2524 3856 2768 3911 rationes
2807 3858 3127 3926 seminaque
3172 3857 3478 3914 interlmat.

1978 3973 2067 4027 27.
2112 3972 2216 4039 Qui
2239 3971 2341 4026 soli
2370 3970 2643 4040 corporali
2666 3970 2802 4041 legis
2827 3967 2999 4027 cultui
3038 3969 3282 4026 animum
3322 3972 3481 4026 adhi-

1910 4066 2023 4129 bet,
2054 4063 2361 4119 naturalem
2386 4062 2613 4120 omnino
2645 4064 2913 4117 rationem
2954 4070 3051 4117 aut
3092 4062 3481 4133 cogitationem

1910 4170 2243 4224 sensumque
2272 4154 2441 4210 animi
2466 4163 2527 4209 ut
2549 4150 2800 4224 recipiat,
2827 4154 2947 4209 lien
2982 4170 3091 4209 non
3120 4165 3332 4225 potest;
3357 4174 3482 4213 cum

1911 4259 2091 4314 neque
2135 4253 2506 4314 comparatum
2545 4244 2635 4310 sit,
2661 4251 2720 4297 ut
2746 4243 2988 4314 symbola
3034 4244 3270 4315 idipsum
3294 4262 3359 4300 ac
3389 4264 3484 4301 na-

1913 4344 2034 4388 tura
2064 4333 2193 4389 sint.
2234 4333 2338 4400 Qui
2367 4332 2513 4387 enim
2544 4332 2682 4403 legis
2718 4331 2981 4403 symbolis
3016 4334 3359 4400 immoratur,
3397 4350 3484 4388 re-

1913 4441 2037 4480 rum
2070 4432 2347 4489 naturam,
2379 4424 2455 4477 ita
2492 4434 2554 4477 ut
2595 4424 2807 4477 ratione
2841 4430 3216 4493 comparatum
3245 4434 3347 4489 est,
3393 4426 3481 4479 lu-

1913 4527 2091 4573 strare
2128 4531 2237 4571 non
2279 4524 2477 4586 potest,
2504 4531 2606 4571 nec
2641 4516 3010 4570 essentialiter
3038 4532 3066 4569 a
3100 4515 3359 4571 Creatore
3402 4518 3484 4571 in-

1913 4608 2058 4663 ditas
2098 4608 2266 4664 rebus
2300 4607 2540 4663 rationes
2569 4607 2863 4669 asciscere,
2914 4606 2984 4661 ob
3010 4607 3305 4662 discrimen
3335 4610 3482 4677 quod

1914 4700 2057 4754 inter
2087 4698 2330 4770 symbola
2361 4712 2656 4767 rerumque
2678 4707 2934 4752 naturam
2967 4709 3070 4753 est.

1983 4811 2070 4865 28.
2098 4811 2201 4877 Qui
2223 4819 2469 4867 ventrem
2489 4812 2659 4866 Deum
2698 4825 2819 4867 esse
2850 4814 3146 4879 existimat,
3190 4829 3252 4868 ac
3286 4812 3482 4868 confu—

1913 4903 2069 4958 sione
2094 4903 2413 4972 probroqus
2442 4902 2710 4973 gloriatur
2733 4910 2796 4957 ut
2821 4904 3110 4973 magniﬁco
3144 4906 3331 4975 gloria:
3354 4905 3485 4959 titu-

1912 4994 1986 5060 lo,
2038 4995 2186 5050 solos
2232 4994 2386 5049 novit
2432 5000 2693 5063 tanquam
2746 4994 2963 5048 divinos
3009 4996 3154 5049 serio
3193 4995 3481 5064 complecti

1914 5086 2367 5156 probrosissimos
2388 5084 2618 5140 allectus
2640 5086 2882 5155 vitiaque
2917 5106 2929 5139 :
2953 5086 3189 5155 hincque
3218 5086 3355 5139 adeo
3376 5096 3479 5150 est,

1916 5192 1974 5231 ut
2003 5178 2118 5232 sola
2152 5187 2309 5232 curet
2341 5176 2596 5246 celatque
2632 5186 3019 5247 temporanea;
3057 5179 3338 5232 materiam
3374 5180 3483 5231 sci-

1914 5266 2043 5322 licet
2072 5272 2130 5320 et
2182 5264 2435 5331 formam,
2498 5273 2553 5319 et
2578 5280 2699 5334 qum
2743 5264 2915 5318 abusu
2950 5270 3183 5327 constat,
3237 5263 3483 5333 quinque

1913 5356 2169 5427 partibus
2216 5356 2449 5411 divisam
2497 5370 2760 5413 sensuum
2813 5356 3213 5424 operationem.
3284 5353 3482 5407 Sensui

1914 5450 2062 5503 enim
2089 5447 2332 5502 materiae
2354 5446 2653 5515 formaeque
2686 5446 3018 5514 complicato
3061 5458 3223 5514 atque
3249 5444 3482 5498 commi-

1916 5550 2001 5595 sto
2032 5547 2411 5609 comparatum
2446 5548 2531 5593 est
2554 5577 2569 5600 ,
2608 5547 2667 5591 ut
2706 5536 2953 5591 libidinis
2986 5535 3218 5603 vitiique
3259 5546 3480 5603 parens,

1915 5631 2194 5689 naturales
2223 5630 2468 5685 rationes
2498 5629 2745 5684 sublatas
2782 5627 2915 5681 velit
2950 5642 3012 5682 ac
3045 5625 3346 5680 interimat.
3384 5623 3483 5678 νι-

1920 5724 2057 5778 tium
2086 5723 2269 5789 enim,
2313 5737 2408 5779 seu
2443 5721 2616 5777 libido
2660 5730 2716 5776 et
2757 5718 3101 5791 perturbatio
3125 5759 3138 5784 ,
3174 5728 3483 5786 naturaque
