3922 6348
419 318 554 385 1363

1579 320 1637 380 S.
1680 317 1970 382 MAXIM!
2003 318 2516 386 CONFESSORIS

3574 327 3711 392 ιεει

416 427 605 498 tionis)
634 433 892 496 tanquam
913 425 1097 482 Saulis
1128 423 1270 482 ﬁlios
1305 441 1370 482 ac
1393 429 1711 498 nepotes",
1741 427 2008 482 naturalis

2134 430 2212 501 τῆς
2251 431 2490 503 φυσικῆς
2519 433 2578 486 ὲν
2607 433 2744 506 θρει,
2767 437 2834 508 τῇ
2863 437 2974 491 τῶν
3003 435 3164 492 θείων
3184 437 3485 510 ἀναγωγῇ.
3514 437 3714 507 λογίων

416 518 811 590 spcculationis
876 533 1012 588 ope,
1071 520 1224 575 velut
1283 520 1340 576 in
1397 529 1586 577 monte
1645 520 2006 592 (divinorum

418 609 633 665 scilicet
675 609 1028 679 eloquiorum
1081 611 1263 665 altiori
1296 621 1354 666 et
1401 627 1432 666 a
1495 628 1660 668 sensu
1721 611 2012 666 remotiori

421 702 834 772 intelligentia)
887 701 1206 768 deleamus;
1271 704 1316 757 si
1351 705 1516 760 modo
1567 704 1754 760 divina
1820 703 2010 758 satiari

418 793 595 863 gratia
625 793 1022 848 desideramus.

488 880 578 941 57.
614 881 843 936 Veritati
897 883 1155 954 injuriam
1205 883 1417 942 faciunt
1453 899 1565 940 tum
1621 886 1736 951 lex,
1761 901 1911 955 qua:
1941 900 2013 941 ex

421 972 536 1025 sola
568 971 768 1027 littera:
798 973 1011 1029 ratione
1039 975 1398 1046 intelligatur,
1431 987 1548 1032 tum
1578 978 1738 1048 plebs
1759 977 2008 1044 Judaica,

421 1077 486 1115 ac
503 1062 547 1117 si
569 1063 696 1132 quis
714 1064 913 1130 horum
936 1067 1121 1122 animo
1146 1069 1353 1123 assecla
1380 1069 1633 1137 exsistit;
1660 1072 1778 1126 sola
1801 1068 2014 1127 scilicet

425 1152 614 1209 littera
641 1154 753 1208 vim
790 1156 927 1226 legis
955 1156 1248 1223 deﬁniens,
1283 1174 1390 1215 nec
1422 1160 1496 1214 ad
1531 1161 1779 1232 mysticae
1823 1161 1882 1216 in
1923 1161 2017 1216 lit-

431 1255 550 1301 tera
600 1250 830 1304 occulta:
891 1250 1135 1306 scientiae
1198 1252 1653 1318 declarationem,
1701 1255 2013 1311 naturalem

431 1340 861 1409 speculationem
895 1343 1153 1411 (mediam
1187 1346 1399 1400 scilicet
1434 1345 1580 1400 inter
1605 1345 1808 1416 ﬁguras
1841 1355 2014 1402 etve-

433 1430 674 1500 ritatem)
730 1447 1044 1500 assumens;
1080 1451 1204 1504 quae
1255 1451 1352 1490 eos
1413 1437 1507 1505 qui
1557 1437 1925 1492 instituuntur
1983 1452 2016 1492 a

433 1519 622 1588 ﬁguris
645 1519 991 1588 adducenda,
1026 1523 1095 1578 ad
1128 1525 1417 1579 veritatem
1445 1525 1675 1580 reducat
1710 1543 1724 1579 :
1753 1526 1850 1581 sed
1868 1527 2019 1580 velut

430 1624 551 1662 eam
614 1625 842 1679 prorsus
889 1627 1134 1681 negans,
1175 1623 1234 1668 et
1276 1629 1308 1668 a
1357 1613 1670 1669 divinorum
1730 1616 2020 1670 secretiori

431 1699 688 1753 doctrina
733 1700 1257 1774 initiatione'longe
1300 1703 1619 1759 amandans.
1664 1704 1832 1774 619
1865 1704 2019 1760 Hanc

2110 521 2376 591 ἀφανίσαι
2405 523 2663 596 θεωρίας,
2691 525 2747 580 εἴ
2768 543 2885 592 πως
2924 529 3306 602 ἑμφορηθῆναι
3358 530 3519 594 θείας
3566 533 3715 601 ἐφιέ-

2112 614 2254 684 μεθα
2276 617 2520 687 χάριτος.

2182 892 2282 957 λζ’.
2334 893 2536 949 Ἀδικεῖ
2575 897 2674 968 τὴν
2713 897 2976 969 ἀλήθειαν
3007 901 3036 954 ὃ
3066 917 3128 953 τε
3179 902 3348 972 νόμος
3373 902 3529 955 κατὰ
3560 903 3716 974 μόνον

2112 983 2173 1039 τὸ
2201 985 2437 1056 γράμμα
2465 985 2774 1058 νοούμενος,
2806 989 2901 1041 καὶ
2931 990 2960 1041 ὸ
2982 989 3092 1043 τῶν
3127 989 3410 1045 Ἰουδαίων
3436 991 3597 1056 λαὸς,
3628 995 3717 1046 καὶ

2114 1077 2169 1130 et
2190 1093 2274 1140 τις
2295 1076 2520 1131 ἐκείνων
2551 1079 2786 1150 ὑπάρχει
2819 1079 2964 1133 κατὰ
2989 1081 3228 1137 διάνοιαν
3259 1083 3542 1152 μιμητὴς,
3575 1086 3718 1155 psus

2113 1169 2193 1240 τῷ
2218 1170 2512 1241 γράμματι
2541 1173 2904 1242 περιγράφων
2944 1171 3037 1226 τοῦ
3091 1174 3259 1243 νόμου
3302 1172 3408 1245 τὴν
3453 1174 3719 1244 δύναμιν,

2116 1263 2210 1315 καὶ
2241 1261 2315 1332 μὴ
2340 1262 2632 1333 δεχόμενος
2659 1264 2795 1334 πρὸς
2829 1267 2930 1335 τὴν
2961 1265 3270 1336 φανέρωσιν
3300 1267 3407 1335 τῆς
3441 1268 3724 1337 μυστικῆς

2117 1355 2583 1426 ὲγκεκρυμμένης
2620 1356 2698 1427 τῷ
2725 1357 3017 1428 γράμματι
3060 1357 3316 1425 γνώσεως
3347 1359 3450 1429 τὴν
3480 1362 3724 1428 φυσικῆν

2118 1443 2372 1518 θεωρίαν,
2417 1446 2592 1516 μέσην
2629 1447 2984 1518 ὑπάρχουσαν
3018 1448 3207 1504 τύπων
3247 1452 3343 1503 καὶ
3391 1451 3675 1520 ἀληθείας
3702 1467 3720 1481 ο

2116 1535 2227 1591 τῶν
2261 1529 2378 1606 μὲν,
2408 1537 2535 1600 τοὺς
2576 1538 2882 1608 ἀγομένους
2923 1539 3266 1608 ἀπάτουσαν,
3316 1540 3463 1611 πρὸς
3510 1542 3574 1594 δὲ
3623 1544 3722 1614 τὴν

2119 1627 2499 1697 ὲπανάγουσαν
2530 1646 2544 1662 ·
2575 1629 2692 1682 ἀλλ’
2724 1624 2836 1683 οἷον
2855 1629 3062 1702 ταύτην
3085 1631 3318 1701 πάμπαν
3341 1633 3719 1703 ἀρνούμενος,

2120 1722 2216 1774 καὶ
2255 1721 2354 1790 τῆς
2385 1721 2492 1775 τῶν
2521 1721 2680 1775 θείων
2706 1722 2879 1795 αὐτὴν
2905 1723 3011 1788 ἔξω
3041 1724 3376 1795 ποιούμενος
3417 1744 3723 1796 μυσταγω-

433 1787 602 1858 igitur
628 1792 976 1869 corporalem
1008 1809 1073 1848 ac
1118 1804 1531 1864 temporaneam
1572 1794 1712 1865 legis
1743 1796 2017 1866 acceptio-

2134 1813 2267 1882 {la;.
2297 1787 2512 1881 Ταύτην
2537 1787 2966 1887 τοιγαροῦυχρὴ
2991 1816 3086 1870 τοῦ
3121 1787 3288 1887 νόμου
3472 1787 3724 1888 σωματι-

431 1892 582 1942 nem,
617 1880 773 1936 velut
801 1883 1037 1953 tempori
1061 1882 1362 1938 obnoxiam
1391 1883 1728 1955 ﬂuxamque,
1763 1887 1924 1957 quasi
1961 1888 2020 1943 in

433 1977 643 2033 monte,
677 1969 734 2024 in
761 1972 1010 2026 scientiae
1035 1974 1399 2041 sublimitate,
1423 1991 1524 2045 per
1549 1977 1859 2032 naturalem
1892 1993 2022 2049 spe-

433 2060 766 2120 culationem
811 2063 1134 2119 interimant
1171 2081 1397 2120 necesse
1427 2076 1532 2132 est,
1575 2068 1669 2137 qui
1703 2068 2021 2124 divinorum

431 2154 874 2222 spectaculorum
909 2171 1314 2228 sensorumque
1355 2158 1534 2213 seduli
1570 2170 1846 2216 amatores
1871 2163 2019 2219 exsi-

432 2254 603 2301 stant.

500 2340 590 2396 58.
615 2340 972 2411 Corporalem
991 2341 1296 2414 Scriptura:
1325 2343 1746 2417 intelligentiam
1791 2364 2021 2419 prorsus

433 2430 638 2499 abolet,
668 2433 762 2502 qui
783 2434 1019 2490 actionis
1041 2435 1192 2490 cultu
1218 2451 1318 2505 per
1353 2439 1662 2493 naturalem
1685 2441 2021 2510 speculatio-

435 2538 561 2578 nem
585 2525 830 2594 perimit,
863 2542 986 2597 quze
1010 2542 1080 2582 ex
1113 2527 1235 2601 lege
1283 2530 1488 2600 scripta
1521 2533 1719 2588 animm
1766 2534 2019 2598 inolevit,

432 2613 788 2672 libidinosam
807 2633 873 2672 ac
906 2632 1200 2687 corporum
1231 2630 1529 2688 amantem,
1553 2639 1680 2695 erga
1713 2624 2023 2680 instabilem

435 2708 750 2781 ﬂuxamque
768 2712 1060 2770 materiam
1080 2715 1551 2772 necessitudinem
1567 2733 1632 2774 ac
1652 2718 2021 2786 affectionem;

437 2801 589 2856 velut
617 2801 879 2856 nimirum
926 2801 1111 2860 Saulis
1159 2804 1302 2860 ﬁlios
1349 2820 1414 2861 ac
1460 2817 1716 2877 nepotes,
1754 2809 2022 2864 humilem

436 2893 576 2964 legis
625 2895 1068 2966 intelligentiam,
1119 2897 1305 2953 media
1337 2900 1575 2955 naturali
1628 2901 2022 2970 speculatione,

441 2994 698 3054 tanquam
757 2986 815 3040 in
874 2996 1094 3054 monte,
1135 2989 1194 3043 in
1259 2989 1506 3046 scientiae
1576 2993 1726 3048 celso
1775 2994 2022 3060 vertice,

434 3075 723 3146 jugulans;
759 3079 1220 3152 manifestamque
1249 3083 1393 3152 apud
1421 3083 1739 3150 Dominum,
1767 3085 2023 3156 superio-

440 3183 559 3222 rem
585 3169 724 3240 legis
749 3173 1128 3241 acceptionem
1164 3176 1385 3245 corpori
1411 3175 1899 3248 indulgentiorem,
1925 3193 2026 3248 per

441 3259 845 3316 confessionem
879 3262 1106 3319 faciens.
1155 3265 1270 3320 Hoc
1324 3269 1472 3321 enim
1517 3268 1782 3323 studiosis
1840 3284 2026 3324 rerum

441 3349 860 3423 indagatoribus
883 3369 950 3409 ex
985 3354 1095 3410 illis
1117 3357 1302 3412 verbis
1342 3358 1650 3430 intelligere
1696 3360 1862 3416 liceat
1898 3379 1912 3418 :
1947 3361 2028 3416 Ad

432 3432 607 3498 solem
635 3457 902 3514 exponere
919 3456 1041 3502 ante
1066 3448 1370 3504 Dominum.
1396 3450 1464 3504 Et
1487 3451 1556 3504 ad
1583 3451 1746 3506 solem
1778 3470 2027 3524 exposue-

445 3542 571 3595 runt
601 3552 706 3601 eos,
740 3538 940 3605 inquit,
972 3541 1027 3593 in
1053 3549 1227 3594 monte
1258 3552 1382 3596 ante
1405 3543 1688 3598 Dominum
1709 3546 1753 3577 ⁸¹
1783 3563 1796 3598 :
1833 3563 2029 3617 nempe

447 3625 505 3680 in
547 3627 724 3680 lucem
748 3628 1120 3696 producentcs
1147 3632 1267 3700 (per
1305 3634 1592 3688 scientiam
1638 3636 1872 3708 scilicet)
1904 3655 2030 3709 quae

451 3731 516 3772 ex
546 3715 743 3772 litterae
787 3719 1000 3773 ratione
1031 3729 1117 3775 est
1172 3722 1360 3792 illique
1390 3724 1656 3792 adbzeret,
1701 3739 2028 3799 occupatam

446 3807 652 3863 erroris
687 3808 1002 3879 Opinionem
1043 3829 1055 3866 :
1089 3814 1237 3884 quod
1279 3825 1365 3870 est
1401 3825 1708 3872 emortuam
1765 3820 1900 3890 legis
1940 3821 2031 3875 lit-

449 3906 624 3952 teram
680 3915 782 3972 per
835 3902 1126 3960 scientiam
1212 3907 1268 3961 in
1321 3907 1520 3976 spiritu
1563 3909 1643 3981 (in
1694 3911 2033 3970 sublimitate

450 3991 870 4064 Speculationis)
895 3996 1273 4053 manifestare.

521 4081 612 4138 59.
651 4083 877 4152 Littera,
913 4086 1110 4156 inquit,
1143 4090 1364 4155 occidit;
1395 4091 1611 4161 spiritus
1655 4099 1835 4146 autem
1864 4091 2034 4160 viviﬁ—

451 4182 537 4227 cat
557 4175 623 4228 ".
651 4174 1022 4241 Quamobrem
1054 4180 1144 4236 cui
1170 4181 1243 4235 ita
1271 4189 1651 4252 comparatum
1679 4191 1765 4237 est
1787 4193 1848 4239 ut
1879 4184 2032 4239 occi-

454 4264 568 4330 dat,
627 4266 914 4324 occidatur
965 4285 1194 4326 necesse
1249 4281 1334 4328 est
1376 4272 1598 4329 viviﬁco
1650 4275 1870 4346 spiritu.
1910 4277 2030 4334 Una

453 4357 604 4410 enim
635 4357 799 4412 simul
821 4359 876 4412 in
901 4369 1028 4414 actu
1049 4361 1338 4429 exsistere,
1366 4363 1513 4433 quod
1536 4364 1673 4437 legis
1704 4380 2032 4436 corporeum

2123 1902 2226 1974 κὴν
2269 1902 2364 1956 καὶ
2412 1904 2747 1975 πρόσκαιρον
2797 1905 3046 1975 ἐκδοχὴν,
3097 1905 3174 1970 ὠς
3232 1906 3340 1961 ὑπὸ
3377 1907 3587 1977 χρόνον
3634 1908 3727 1959 καὶ

2125 1995 2373 2065 ῥέουσαν,
2411 1994 2758 2049 ἀποκτείνειν
2799 1995 2889 2049 διὰ
2919 1997 3022 2067 τῆς
3062 1997 3304 2068 φυσικῆς
3340 1998 3623 2066 θεωρίας,
3657 2000 3730 2062 ὡς

2123 2084 2182 2138 έν
2207 2084 2326 2154 δρει
2356 2082 2434 2154 τῷ
2457 2083 2584 2154 ὕψει
2606 2087 2705 2156 τῆς
2733 2083 3011 2155 γνώσεως,
3033 2087 3163 2151 τοὺς
3191 2085 3303 2140 τῶν
3327 2086 3501 2141 θείων
3528 2090 3731 2158 ἐπιμε-

2125 2176 2296 2248 λητὰς
2329 2175 2640 2247 θεαμάτων.

2193 2349 2299 2423 λη’.
2339 2350 2445 2404 Τὸν
2501 2351 2816 2422 σωματικὸν
2865 2352 2991 2407 νοῦν
3030 2354 3132 2424 τῆς
3171 2353 3411 2425 Γραφῆς
3468 2353 3731 2422 ἀφανίζει

2127 2441 2427 2508 παντελῶς,
2468 2441 2496 2493 ὁ
2527 2442 2728 2514 πράξει
2753 2444 2841 2498 διὰ
2868 2445 2971 2514 τῆς
3017 2445 3257 2514 φυσικῆς
3302 2445 3550 2516 θεωρίας
3599 2447 3732 2498 ἀεξο-

2126 2534 2356 2587 κτείνων
2393 2534 2492 2606 τὴν
2533 2534 2834 2605 γενομένην
2869 2536 2932 2588 ὲκ
2961 2534 3056 2588 τοῦ
3084 2536 3333 2606 γραπτοῦ
3355 2537 3562 2606 νόμον.

2124 2621 2222 2692 τὴν
2241 2622 2476 2676 ἄστατον
2499 2622 2632 2694 ὕλην
2662 2624 2758 2677 καὶ
2811 2626 3043 2695 ῥέουσαν
3093 2629 3161 2696 τῇ
3220 2626 3369 2697 ψυχῇ
3441 2628 3735 2696 φιλήδονον

2128 2709 2314 2780 σχέσιν
2363 2711 2458 2763 καὶ¹
2512 2710 2916 2782 φιλοσώματον,
2965 2715 3367 2782 κατασφάττων
3427 2715 3510 2778 ὡς
3563 2720 3733 2769 τέκνα

2124 2797 2221 2852 τοῦ
2253 2798 2428 2853 Σαοὺλ
2455 2798 2549 2852 καὶ
2607 2799 2827 2868 ἔκγονα,
2872 2801 2971 2873 τὴν
3015 2803 3357 2874 χαμαίζηλον
3403 2805 3508 2857 τοῦ
3568 2807 3736 2876 νόμου

2125 2889 2388 2953 διάνοιαν,
2426 2889 2516 2943 διὰ
2561 2890 2733 2963 μέσης
2779 2893 2884 2962 τῆς
2930 2895 3168 2964 φυσικῆς
3223 2894 3492 2965 θεωρίας,
3546 2897 3629 2961 ὡς
3679 2900 3736 2950 ἐν

2127 2976 2244 3049 ὄρει
2286 2976 2364 3049 τῷ
2403 2975 2530 3047 ὕψει
2565 2978 2665 3050 τῆς
2689 2979 2968 3048 γνώσεως,
2995 2982 3091 3034 καὶ
3117 2982 3363 3051 φανεράν
3389 2986 3733 3051 ποιούμενος

2131 3068 2364 3124 ἐνώπιον
2430 3069 2659 3142 Κυρίου,
2723 3071 2792 3124 δι’
2839 3071 3285 3143 ἐξομολογήσεως
3334 3075 3574 3146 δηλαδὴ,
3637 3080 3734 3147 τὴν

2131 3159 2264 3231 πρὸς
2297 3158 2457 3231 σῶμα
2503 3159 2598 3214 τοῦ
2627 3159 2794 3230 νόμου
2825 3160 3097 3230 προτέραν
3135 3161 3386 3232 ἐκδοχὴν.
3420 3164 3604 3217 Τοῦτο
3627 3167 3733 3236 γάρ

2129 3251 2188 3304 τὸ
2211 3291 2226 3316 ,
2293 3251 2638 3319 Ἑξηλιάσαι
2664 3291 2680 3316 ,
2739 3251 2980 3305 νοεῖσθαι
3031 3250 3254 3306 δύναται
3302 3256 3425 3316 τοῖς
3491 3256 3730 3326 φιλομα-

2131 3342 2302 3411 θέσιν,
2349 3345 2554 3401 ἕναντι
2627 3344 2874 3413 Κυρίου.
2909 3345 3021 3399 Καὶ
3077 3346 3423 3412 ἐξηλέασαν
3482 3350 3729 3415 αὐτοὺς,

2133 3435 2397 3506 φησὶν,ἐν
2429 3435 2511 3502 τῷ
2541 3436 2662 3506 ὄρει
2698 3439 2905 3491 ἔναντι
2931 3438 3152 3505 Κυρίου
3178 3452 3194 3467 ⁶
3236 3439 3317 3499 εἰς
3350 3437 3472 3504 φῶς
3501 3441 3732 3507 ἀγαγόν-

2134 3543 2249 3591 τες.
2296 3526 2387 3581 διὰ
2423 3530 2524 3597 τῆς
2552 3525 2810 3596 γνώσεως
2835 3526 3058 3598 δηλαδὴ,
3088 3527 3187 3594 τὴν
3223 3527 3370 3580 κατὰ
3396 3527 3466 3580 τὸ
3495 3531 3730 3598 γράμμα

2133 3617 2562 3688 πεπλανημένην
2625 3617 2896 3689 πρόληψιν
2932 3633 2946 3648 ·
3004 3617 3143 3687 ὅπερ
3205 3617 3350 3681 ἐστὶ,
3410 3619 3730 3688 φανερῶααι

2133 3711 2274 3766 κατὰ
2307 3711 2367 3764 τδ
2399 3709 2533 3780 ὕψος
2559 3710 2658 3780 τῆς
2683 3709 2916 3778 θεωρίας
2946 3708 3008 3762 τὸ
3032 3710 3268 3780 γράμμα
3292 3708 3393 3763 τοῦ
3432 3709 3609 3781 νόμου
3640 3727 3728 3762 νε-

2133 3800 2265 3872 κρδν
2295 3799 2386 3854 διὰ
2406 3799 2506 3870 τῆς
2541 3799 2598 3854 ὲν
2622 3799 2898 3870 πνεύματι
2921 3797 3194 3868 γνώσεως.

2201 4089 2300 4144 λθ’.
2345 4088 2414 4144 Τὸ
2435 4089 2690 4160 γράμμα,
2714 4087 2902 4159 φησὶν,
2935 4086 3276 4142 ἀποκτείνει
3304 4102 3319 4115 ·
3344 4085 3415 4139 τὸ
3433 4085 3506 4140 δὲ
3542 4087 3726 4141 πνεῦ-

2127 4199 2214 4252 μα
2241 4181 2524 4245 ζωοποιεῖ.
2551 4181 2644 4234 Διὸ
2666 4180 2774 4252 χρὴ
2821 4179 2881 4233 τὺ
2916 4179 3258 4233 ἀποκτείνειν
3287 4180 3564 4247 πεφυκές,
3598 4183 3727 4233 ἀπο-

2135 4272 2444 4327 κτείνεσθαι
2488 4272 2760 4340 πνεύματι
2820 4271 3090 4342 ζωοποιῷ.
3161 4272 3552 4341 Συνυπάρχειν
3622 4272 3726 4341 γὰρ

2133 4364 2385 4435 ἀλλήλοις
2399 4365 2520 4418 κατ’
2555 4364 2837 4434 ἐνέργειαν
2860 4365 2978 4433 ἅμα
2998 4361 3139 4416 κατὰ
3158 4361 3217 4414 τὺ
3239 4361 3372 4414 αὐτὸ
3393 4362 3455 4413 τὸ
3485 4379 3727 4431 σωματι-

455 4455 541 4502 est
577 4455 633 4502 et
654 4449 800 4519 quod
830 4449 1078 4505 divinum
1113 4452 1372 4523 (litteram
1404 4455 1618 4511 scilicet
1663 4465 1720 4512 et
1753 4457 2025 4530 spiritum)

2140 4456 2236 4509 κον
2265 4454 2360 4508 τοῦ
2398 4455 2566 4525 νόμου
2614 4454 2710 4506 καὶ
2739 4453 2804 4506 τὸ
2835 4452 3001 4516 θεῖον,
3042 4451 3209 4522 ἦγουν
3249 4451 3310 4503 τὸ
3360 4451 3605 4521 γράμμα
3629 4451 3725 4502 καὶ

456 4538 681 4593 omnino
732 4538 851 4594 ﬁeri
885 4557 995 4596 non
1048 4551 1270 4611 potest:
1315 4546 1463 4616 quod
1499 4563 1680 4619 neque
1726 4551 2038 4606 consentire

459 4629 714 4696 habeant,
744 4633 894 4702 quod
924 4640 1122 4689 natura
1155 4635 1324 4698 vitam
1352 4639 1581 4708 praebet,
1628 4651 1686 4696 et
1727 4641 1875 4712 quod
1914 4657 2037 4698 eam

459 4726 642 4789 potest
667 4720 926 4779 adimere.

531 4809 621 4866 40.
652 4811 731 4866 Ea
770 4811 825 4868 vi
875 4813 1106 4885 spiritus
1151 4817 1418 4887 przeditus
1447 4827 1554 4887 est,
1579 4831 1642 4877 ut
1687 4820 1858 4878 vitam
1902 4837 2042 4894 pras-

460 4901 621 4970 beat;
656 4903 840 4960 littera
868 4920 1002 4962 vero
1024 4947 1039 4973 ,
1079 4915 1141 4962 ut
1167 4923 1289 4964 eam
1332 4910 1558 4966 adimat.
1603 4913 1723 4968 Non
1758 4928 1889 4984 ergo
1923 4912 2041 4968 ﬁeri

461 5003 663 5065 potest,
694 5005 758 5051 ut
788 4996 952 5056 simul
1000 4999 1183 5055 littera
1210 5017 1274 5056 ac
1290 5001 1520 5072 spiritus
1559 5003 1670 5057 vim
1717 5011 1948 5059 exerant
1978 5017 2043 5059 ac

462 5094 762 5156 operentur
785 5129 801 5156 ,
833 5089 914 5144 uti
962 5105 1143 5159 neque
1184 5099 1247 5145 ut
1273 5091 1424 5162 quod
1476 5091 1756 5148 viviticum
1805 5102 1862 5150 et
1893 5092 2039 5166 quod

463 5175 743 5233 letiferum
767 5186 853 5232 est
871 5193 987 5233 una
1021 5179 1307 5235 exsistant.

535 5331 582 5364 '°
616 5331 662 5386 ll
694 5333 829 5404 Reg.
863 5350 973 5400 xxi,
1010 5333 1035 5387 1
1069 5349 1223 5405 seqq.

541 5465 617 5537 (ἀ)
649 5465 950 5537 Πράττεινλ
974 5467 1122 5521 κατὰ
1176 5467 1243 5521 τὸ
1293 5468 1460 5521 αὐτό.
1491 5466 1648 5534 Quod
1688 5481 1819 5521 sane
1862 5480 2040 5535 exque

471 5535 818 5608 philOsophia
844 5535 1048 5608 optime
1083 5537 1281 5608 extulit
1308 5537 1597 5608 Maximus,
1623 5551 1733 5590 non
1771 5552 1932 5606 posse
1961 5538 2042 5608 sic

472 5606 748 5672 Contraria
776 5607 1080 5661 secundum
1112 5607 1282 5671 idem,
1310 5606 1367 5660 id
1399 5617 1504 5671 est,
1554 5608 1716 5661 simul
1750 5615 1806 5660 et
1847 5606 2038 5672 semel,

469 5671 793 5748 eodemque»
807 5676 966 5746 quasi
1001 5693 1231 5748 munere
1258 5692 1419 5746 agere
1441 5719 1454 5740 ,
1509 5677 1731 5748 vimque
1758 5691 2041 5748 exercere,

479 5753 715 5810 quorum
747 5744 1005 5814 alterum,
1033 5747 1196 5814 vitae;
1232 5744 1488 5816 alterum,
1522 5744 1862 5803 interitionis
1893 5761 2042 5801 mor—

2137 4545 2200 4600 τὸ
2236 4544 2479 4615 πνεῦμα,
2525 4542 2806 4606 παντελῶς
2838 4543 3122 4615 ἀμήχανον
3147 4560 3164 4574 ·
3191 4543 3278 4594 ὅτι
3320 4541 3456 4611 μηδὲ
3493 4559 3723 4610 συμφω-

2139 4638 2249 4692 νεῖν
2295 4637 2509 4705 πέφυκε
2546 4633 2627 4704 τῷ
2659 4633 3022 4707 παρεχομένῳ
3058 4631 3205 4686 κατὰ
3249 4631 3418 4700 φύσιν
3456 4631 3628 4702 ζωὴν,
3666 4631 3724 4684 τὺ

2137 4725 2344 4794 ταύτην
2390 4723 2745 4796 ἀφαιρεῖσθαι
2778 4723 3099 4792 δυνάμενον.

2214 4815 2289 4890 μ’.
2319 4815 2394 4870 Τὸ
2427 4816 2527 4886 μὲν
2553 4813 2792 4886 πνεῦμα,
2845 4813 2991 4884 ζωῆς
3045 4812 3283 4882 ὑπάρχει
3326 4811 3676 4881 παρεκτικὸν
3703 4826 3721 4845 ·

2136 4908 2201 4964 τὸ
2241 4907 2300 4962 δὲ
2338 4908 2594 4978 γράμμα,
2633 4904 2781 4976 ζωῆς
2814 4906 2961 4957 ἐστιν
2994 4901 3373 4973 άφαιρετικόν.
3417 4900 3634 4953 Οὐκοῦν
3665 4900 3722 4952 εὖ

2137 5000 2362 5054 δύναται
2395 4998 2490 5052 καὶ
2513 4997 2575 5051 τὸ
2602 4997 2840 5068 γράμμα
2865 4995 3128 5067 πράττειν
3165 4993 3309 5046 κατὰ
3353 4993 3419 5046 τὸ
3465 4992 3609 5045 αὐτὸ
3651 4991 3723 5061 (Δ)

2140 5091 2235 5144 καὶ
2267 5089 2328 5142 τὸ
2367 5085 2607 5158 πνεῦμα,
2641 5085 2831 5158 ὥσπερ
2868 5084 2991 5142 οὐδὲ
3031 5081 3094 5137 τδ
3122 5081 3390 5146 ζωοποιδν
3419 5081 3501 5153 τῷ
3529 5081 3726 5152 φθορο-

2138 5178 2278 5252 ποιῷ
2308 5177 2695 5250 συνυπάρχειν.
3087 5203 3105 5217 ·

1301 5333 1344 5366 “
1381 5333 1518 5388 ibid.
1547 5335 1600 5389 9.
1679 5334 1724 5366 "
1753 5333 1798 5388 ll
1819 5333 1946 5388 Cor.
1979 5349 2058 5398 nt,
2089 5335 2143 5389 7.

2138 5465 2318 5534 tisque
2343 5469 2539 5539 auctor
2553 5460 2852 5526 exsistant;
2873 5459 3035 5539 valde
3062 5457 3404 5539 ἀφιλοσᾲρως
3434 5457 3608 5512 Picus
3631 5457 3728 5539 Νετ

2141 5530 2335 5616 queunt
2355 5533 2658 5616 circajdem
2686 5547 2845 5602 agere
2871 5531 3074 5616 Δζίιιεηι
3112 5539 3177 5616 et.
3195 5530 3730 5616 ερξξὶιιιεᾷξ-ςιιιξςεξ

2144 5598 2259 5673 ipsa
2277 5598 2960 5673 contrariorumesseutiaa
2988 5616 3055 5654 ac
3077 5598 3310 5673 rationis
3324 5598 3576 5673 negatio.
3595 5598 3729 5652 Sat

2143 5660 2293 5729 certe
2336 5673 2428 5727 illa
2469 5671 2620 5726 circa
2647 5669 2815 5737 idem,
2848 5671 2944 5729 sed
2973 5685 3085 5726 non
3117 5669 3302 5735 simul,
3336 5660 3436 5723 sed
3464 5683 3643 5723 unum
3665 5681 3723 5721 et

2143 5745 2252 5799 alio
2276 5749 2333 5800 et
2363 5741 2736 5798 successione.
