3922 6348
261 349 404 418 1365

970 358 1303 421 CAPITUM
1343 359 1770 435 QUINQUIES
1807 351 2327 423 CENTEN'ORUM
2367 360 2759 423 CENTURIA
2795 358 2862 423 V.

3389 350 3521 416 1366

327 449 439 513 μα’.
456 443 730 515 Περιτομή
749 444 860 498 ἐστι
882 448 1139 520 μυστικὴ,
1155 450 1252 519 τῆς
1266 452 1287 502 ὲ
1297 449 1547 520 μπαθοῦς
1560 450 1701 505 κατά
1712 450 1837 504 νοῦν

2011 453 2101 507 tl.
2132 451 2358 524 Mystica
2389 448 2744 505 circumcisio
2776 453 2895 510 est,
2947 443 3111 514 plena
3155 455 3223 497 ac
3269 441 3521 496 absoluta

253 536 383 606 περὶ
402 536 502 605 τὴν
525 535 848 591 ἐπείσακτον
887 528 1099 606 γένεσιν
1151 540 1220 613 (e)
1262 542 1523 612 σχέσεως,
1568 545 1834 615 παντελὴς

254 626 617 698 περιαίρεσις.
653 629 905 694 Φυσικῶς
941 632 1048 703 γὰρ
1079 634 1469 699 ἐπιϐάλλοντες
1500 638 1614 699 τοῖς
1653 638 1834 708 πράγ-

256 737 445 791 μασιν,
508 719 735 791 οἴδαμεν
795 721 870 784 ὡς
921 723 1023 776 οὐκ
1073 723 1189 778 ἐστι
1241 726 1520 796 τελειότης
1553 730 1587 799 ἡ
1629 729 1730 799 τῆς
1770 730 1837 782 ὲκ

250 807 386 861 Θεοῦ
442 806 588 860 κατά
650 807 810 875 φύσιν
864 809 1180 883 ἀρτιότητος
1222 813 1587 885 περιαίρεσις.
1616 816 1690 869 Θύ
1726 816 1836 886 γὰρ

252 901 398 952 ποιεῖ
423 897 735 970 τελειότητα
767 900 927 968 φύσις
948 901 1036 955 διὰ
1062 902 1261 975 τέχνης
1298 904 1689 978 κολοϐουμένη,
1738 906 1836 960 καὶ

251 989 342 1044 διὰ
375 991 675 1061 περινοίας,
705 991 1073 1063 ἀποτιθεμένη
1119 994 1180 1047 τὸ
1227 996 1429 1064 προσὸν
1476 997 1611 1069 αὐτῇ
1652 997 1835 1052 θεόθεν

254 1081 574 1149 κατὰλόγον
613 1081 1001 1154 δημιουργίας,
1042 1084 1129 1138 ἵνα
1171 1085 1247 1155 μὴ
1286 1086 1385 1154 τὴν
1431 1088 1646 1158 τέχνην,
1698 1088 1834 1141 θεοῦ

256 1172 393 1242 πρὸς
426 1171 715 1242 βεϐαίωσιν
743 1174 1090 1248 δικαιοσύνης
1123 1178 1477 1250 ἰσχυροτέραν
1500 1181 1833 1251 εἰσάγωμεν,

254 1264 351 1317 καὶ
385 1264 484 1334 τὴν
516 1267 978 1337 περινενοημένην
1008 1269 1108 1339 τῆς
1143 1270 1362 1337 φύσεως
1404 1270 1664 1341 ἔλλειψιν,
1707 1273 1831 1326 ἀνα-

254 1354 610 1425 πληρωτικὴν
654 1354 943 1425 ποιώμεθα
980 1356 1080 1425 τῆς
1130 1357 1188 1410 ὲν
1213 1356 1525 1430 δικαιοσύνῃ
1568 1360 1710 1414 κατὰ
1738 1360 1836 1430 δη-

255 1442 547 1514 μιουργίαν
581 1444 873 1515 ἐλλείψεως
909 1464 924 1479 ·
962 1448 1077 1501 ἀλλ’
1109 1449 1175 1502 ὲκ
1207 1452 1308 1520 τῆς
1338 1449 1574 1518 τοπικής
1601 1449 1711 1521 [qu.
1745 1449 1835 1518 65,

201 1547 211 1553 '
251 1532 467 1605 τυπικ.]
499 1534 592 1587 τοῦ
625 1538 1090 1609 περιτεμνομένου
1118 1542 1308 1611 μορίου
1331 1540 1554 1608 θέσεως,
1574 1542 1840 1596 sesama.

256 1623 397 1696 μεθα
437 1627 708 1680 ποιεῖσθαι
750 1630 1046 1700 γνωμικῶς
1091 1630 1241 1702 [ibid.
1280 1631 1508 1704 γνωστ.]
1549 1631 1647 1704 τὴν
1670 1650 1832 1703 περι-

250 1718 426 1788 τομὴν
458 1718 558 1788 τῆς
580 1720 721 1773 κατὰ
756 1720 935 1792 ψυχὴν
969 1722 1249 1793 ὲμπαθοῦς
1264 1723 1558 1788 διαθέσεως
1581 1740 1597 1756 ·
1625 1724 1746 1779 καθ’
1772 1726 1839 1795 ἢν

256 1810 460 1879 μᾶλλον
480 1812 546 1882 τῇ
572 1812 732 1881 φύσει
759 1814 1073 1885 συντρέχειν
1101 1816 1133 1885 ἡ
1155 1816 1350 1886 γνώμη
1382 1815 1724 1887 ῥυθμίζεται,
1746 1816 1841 1871 τὸν

252 1899 477 1971 ἐμπαθῆ
507 1904 606 1972 τῆς
644 1904 942 1974 ἐπικτήτου
960 1905 1228 1973 γενέσεως
1258 1905 1421 1975 νόμον
1446 1906 1836 1979 διορθουμένη.

1940 543 2251 598 libidinosae
2271 540 2473 597 mentis
2493 538 2806 595 affectionis
2826 550 2956 607 erga
2979 533 3346 591 adventitium
3364 549 3527 604 gene—

1939 636 2172 691 rationis
2197 644 2386 691 ortum
2414 632 2741 703 amputatio.
2774 628 2994 685 Scimus
3025 627 3174 683 enim
3196 625 3521 682 naturaliter

1938 728 2185 783 animum
2204 726 2372 784 rebus
2406 724 2754 787 adhibentes,
2777 738 2887 777 non
2908 722 2967 776 in
2995 736 3064 777 eo
3078 719 3313 791 positam
3346 717 3528 788 perfe—

1939 819 2202 883 ctionem,
2238 826 2301 873 ut
2340 816 2630 880 naturalis,
2662 830 2787 885 quae
2813 829 2883 868 ex
2921 814 3035 868 Deo
3065 820 3154 867 est
3177 851 3191 875 ,
3234 810 3523 879 integritas

1939 904 2244 961 auferatur.
2272 904 2394 961 Non
2416 904 2565 959 enim
2587 912 2784 958 natura
2808 918 2907 973 per
2927 908 3103 957 artem
3129 900 3381 955 mutilata
3402 914 3528 968 per-

1942 994 2242 1051 fectionem
2283 994 2646 1063 nanciscitur,
2677 993 2979 1063 subtilique
3022 992 3246 1046 invento
3266 1005 3338 1044 eo
3367 998 3523 1042 trun-

1938 1094 2080 1152 cata,
2106 1087 2253 1157 quod
2283 1103 2378 1158 per
2408 1086 2679 1143 rationem
2703 1086 3000 1142 creationis
3030 1083 3194 1154 620
3218 1083 3297 1137 illi
3321 1081 3525 1135 divini—

1940 1186 2029 1232 tus
2058 1177 2223 1245 inest,
2246 1192 2318 1233 ne
2340 1177 2650 1248 adjustitiae
2674 1176 2866 1242 robur,
2888 1183 3063 1247 artem
3088 1175 3202 1228 Deo
3236 1173 3519 1227 fortiorem

1939 1268 2296 1335 inducamus;
2335 1269 2804 1338 adinventumquc
2838 1278 3050 1323 natura:
3091 1264 3387 1327 defectum,
3424 1263 3522 1317 dc—

1938 1359 2115 1415 fectus
2131 1360 2357 1430 iustitiae
2374 1375 2442 1414 ex
2463 1360 2743 1416 creatione
2764 1360 3208 1430 supplementum
3229 1355 3522 1409 faciamus:

1939 1452 2036 1507 sed
2085 1467 2185 1522 per
2227 1452 2461 1507 membri
2517 1453 2637 1523 eius
2666 1451 2815 1522 quod
2840 1448 3260 1506 circumciditur
3296 1445 3523 1500 localem

1940 1544 2128 1610 situm,
2155 1543 2657 1600 circumcidendam
2690 1542 2893 1599 mentis
2922 1540 3152 1597 arbitrio
3174 1534 3521 1593 libidinosam

1940 1636 2109 1691 animi
2155 1636 2505 1692 affectionem
2562 1635 2868 1701 discimus;
2920 1634 3081 1705 cujus
3144 1630 3527 1702 amputatione

1941 1729 2292 1799 componitur
2334 1728 2570 1793 animus,
2600 1735 2660 1782 ut
2700 1724 3044 1783 emendanda
3096 1723 3322 1781 ascititii
3371 1732 3528 1777 ortus

1946 1817 2319 1889 generationis
2350 1817 2644 1873 libidinosa
2670 1818 2811 1887 lege,
2844 1831 2971 1872 cum
2997 1824 3196 1870 natura
3241 1813 3425 1884 potius
3465 1828 3530 1865 ac

1945 1907 2024 1963 illi
2057 1924 2242 1965 comes
2272 1910 2430 1964 malit
2472 1923 2826 1964 concurrere.

330 1990 437 2061 μβ⁹.
463 1947 705 2047 ἶιιυσζκὸν
725 1995 759 2065 ὴ
783 1947 1141 2066 ἀκροϐύστία.
1175 1947 1294 2050 [liv
1322 1947 1381 2050 δὲ

2011 2001 2102 2057 42.
2158 2001 2496 2072 Praepatiuna
2554 2000 2687 2071 quid
2741 2000 2997 2055 naturale
3065 1947 3170 2054 est.
3236 1996 3524 2065 Quidquid

256 2083 420 2154 ἔργον
452 2085 817 2157 δημιουργίας
854 2088 994 2151 ἐστὶ,
1033 2089 1127 2141 καὶ
1160 2088 1282 2142 λίαν
1336 2089 1523 2154 καλὸν,
1576 2088 1718 2143 κατά
1749 2090 1846 2160 τὴν

255 2177 574 2245 φάσκουσαν
610 2180 796 2250 φωνήν
825 2196 837 2209 ·
890 2180 999 2234 Καὶ
1033 2177 1193 2235 εἶδεν
1231 2184 1264 2235 ὁ
1310 2181 1455 2247 Θεὸς
1501 2180 1701 2235 πάντα
1733 2182 1851 2236 ὅσα

256 2266 530 2333 ἐποίησε,
563 2268 663 2321 καὶ
701 2268 834 2323 ἰδοὺ
867 2269 1026 2324 καλὰ
1058 2270 1219 2324 λίαν.
1265 2269 1322 2323 '0
1342 2270 1398 2323 δὲ
1427 2271 1587 2341 νόμος
1617 2269 1691 2333 ὼς
1714 2270 1849 2323 ἀκά-

257 2359 456 2429 θαρτον
494 2360 901 2432 περιαιρεῖσθαι
945 2361 1186 2415 κελεύων
1223 2362 1322 2434 τὴν
1356 2362 1725 2435 ἀκροϐυστίαν
1758 2362 1847 2416 διὰ

259 2452 583 2521 περιτομῆς,
610 2453 702 2506 τὸν
731 2453 862 2506 Θεὸν
900 2455 1129 2524 εἰσάγει,
1158 2454 1248 2508 διά
1289 2455 1491 2526 τέχνης
1533 2456 1590 2507 τὸ
1633 2457 1839 2508 οίκεῖον

255 2540 642 2613 διορθούμενον
692 2543 884 2615 ἔργον,
922 2545 1061 2616 ὅπερ
1092 2546 1195 2599 κᾶν
1231 2549 1431 2600 ἐννοεῖν
1461 2546 1844 2599 ἀσεϐέστατον.

259 2634 470 2687 Οὐκοῦν
507 2635 535 2687 ὁ
555 2636 670 2698 τοῖς
710 2636 1001 2706 συμϐόλοις
1021 2637 1116 2690 τοῦ
1145 2639 1311 2707 νόμου
1339 2636 1587 2705 φυσικῶς
1618 2636 1846 2689 ἐπιϐάλ-

258 2730 389 2795 λων,
425 2725 565 2784 οἶδεν
585 2732 660 2795 ὼς
690 2732 750 2784 οὐ
785 2733 885 2802 τὴν
916 2733 1078 2801 φύσιν
1136 2735 1165 2787 ὁ
1216 2732 1347 2795 Θεὸς
1406 2728 1712 2802 διορθοῦται
1760 2730 1848 2784 διὰ

258 2820 362 2890 τῆς
396 2823 614 2892 τέχνης,
646 2822 785 2876 ἀλλά
814 2824 877 2877 τὸ
912 2823 1193 2885 ὲπιπειθὲς
1226 2822 1371 2893 λόγῳ
1402 2823 1500 2891 τῆς
1525 2820 1705 2893 ψυχῆς
1736 2836 1844 2873 πα-

259 2911 485 2982 θητικὸν
522 2912 951 2984 περιτέμνεσθαι
998 2913 1231 2978 κελεύει,
1268 2912 1328 2965 τὸ
1357 2911 1448 2965 διὰ
1476 2910 1571 2965 τοῦ
1603 2927 1847 2982 σωματι-

260 3002 361 3055 κοῦ
395 3004 585 3074 μορίου
624 3005 872 3067 τυπικῶς
920 3005 1270 3077 δηλούμενον,
1310 3005 1469 3076 ὅπερ,
1500 3003 1702 3072 γνῶσις
1757 3002 1847 3056 διὰ

258 3090 360 3159 τῆς
390 3091 531 3143 κατά
566 3090 767 3161 πρᾶξιν
812 3091 1057 3163 ἀνδρίας,
1103 3094 1199 3164 τῆς
1230 3092 1456 3163 γνώμης
1488 3089 1847 3145 ἀποτίθεσθαι

262 3181 526 3247 πέφυκεν.
574 3182 633 3234 '0
677 3183 785 3252 γὰρ
828 3184 1175 3255 περιτέμνων
1209 3183 1409 3253 ἱερεὺς,
1460 3181 1712 3253 σημαίνει
1746 3180 1847 3251 τὴν

260 3272 508 3341 γνῶσιν,
576 3273 674 3344 τὴν
725 3274 955 3343 ἔχουσαν
1000 3274 1253 3346 καθάπερ
1306 3273 1524 3343 σίδηρον
1564 3271 1705 3325 κατά
1751 3271 1844 3324 τοῦ

1949 2102 2131 2149 autem
2178 2102 2263 2149 est
2288 2094 2563 2159 naturale,
2588 2094 2786 2149 divinae
2835 2091 3134 2147 creationis
3161 2106 3300 2161 opus
3323 2098 3427 2152 est,
3469 2104 3529 2140 ac

1946 2185 2107 2241 valde
2135 2186 2367 2251 bonum,
2394 2185 2548 2257 juxta
2578 2200 2770 2241 vocem
2798 2200 2923 2254 quae
2964 2183 3041 2238 ait
3073 2199 3087 2237 :
3121 2182 3191 2237 Et
3232 2182 3361 2235 vidit
3390 2180 3527 2233 Deus

1948 2285 2138 2331 cuncta
2161 2293 2278 2349 qua:
2308 2278 2523 2348 fecerat,
2547 2286 2594 2331 et
2620 2292 2732 2330 ecce
2757 2276 2910 2330 valde
2941 2275 3075 2329 bona
3091 2274 3157 2327 ⁸³.
3203 2273 3310 2326 Lex
3346 2280 3525 2325 autem

1948 2368 2081 2425 dum
2110 2368 2553 2425 circumcisionis
2589 2369 2696 2422 ritu
2731 2366 3063 2437 praeputium
3096 2365 3248 2420 velut
3285 2364 3525 2429 immun—

1947 2462 2078 2517 dum
2104 2460 2380 2530 amputari
2407 2460 2586 2530 jubet,
2630 2458 2804 2513 Deum
2848 2455 3152 2512 introducit
3195 2453 3331 2507 artis
3359 2467 3527 2521 Opera

1930 2544 2088 2622 'opus
2115 2567 2275 2607 suum
2293 2551 2667 2621 corrigentem
2697 2568 2710 2602 :
2737 2550 2884 2619 quod
2908 2546 3260 2619 quidem,vel
3290 2545 3526 2616 cogitatu

1949 2644 2340 2714 impiissimum
2367 2651 2471 2698 est.
2505 2643 2609 2710 Qui
2643 2644 2811 2714 igitur
2848 2641 2987 2712 legis
3017 2639 3282 2711 symbolis
3330 2644 3525 2692 natura

1949 2733 2091 2788 duce
2123 2734 2359 2788 attendit
2388 2735 2656 2798 animum,
2690 2749 2799 2787 non
2835 2731 3130 2786 emendare
3150 2729 3323 2783 Deum
3366 2734 3517 2780 natu-

1949 2840 2067 2879 ram
2094 2825 2230 2880 artis
2255 2840 2359 2895 ope
2380 2824 2667 2896 intelligit;
2696 2824 2792 2878 sed
2819 2822 3139 2894 praecipere,
3168 2826 3229 2872 ut
3248 2816 3527 2887 patibilem

1949 2912 2120 2968 animi
2147 2912 2460 2968 facultatem
2490 2912 2691 2968 rationi
2727 2912 3127 2980 obsequentem
3161 2904 3527 2961 circumcida-

1950 3020 2094 3073 mus,
2113 3019 2232 3074 qua:
2263 3003 2475 3058 scilicet
2498 3002 2803 3073 corporalis
2824 2998 3057 3055 membri
3079 2998 3251 3068 figura
3280 2994 3529 3064 designe-

1952 3105 2076 3163 tur;
2104 3111 2266 3166 quam
2296 3095 2489 3164 utique
2514 3093 2766 3155 scientia,
2797 3091 2956 3147 fortis
2989 3088 3224 3145 actionis
3244 3086 3319 3151 vi,
3347 3086 3527 3139 anime)

1950 3189 2192 3259 abjicere
2219 3187 2406 3242 habet.
2434 3183 3014 3242 Circumcidensenim
3039 3178 3316 3243 sacerdos,
3349 3177 3527 3232 Scien-

1953 3280 2086 3333 tiam
2142 3276 2459 3348 signiﬁcat,
2525 3277 2678 3332 velut
2746 3275 2894 3329 ferro
2953 3274 3219 3328 adversus
3271 3269 3529 3326 affectum

262 3361 495 3430 πάθους,
526 3362 623 3433 τὴν
661 3363 756 3416 τοῦ
793 3364 954 3433 λόγου
1011 3367 1155 3420 κατά
1205 3366 1302 3436 τὴν
1350 3364 1549 3436 πρᾶξιν
1601 3362 1845 3433 ἀνδρίαν.

1953 3370 2263 3439 vitiumque
2286 3385 2382 3424 seu
2408 3367 2901 3438 perturbationem,
2928 3364 3054 3419 forti
3081 3361 3315 3417 actionis
3341 3359 3530 3429 vigore.

278 3454 625 3522 Ἀφανίζεται
663 3455 771 3525 γάρ
809 3458 841 3526 ἡ
876 3456 973 3510 τοῦ
1052 3456 1218 3528 νόμου
1270 3457 1602 3529 παράδοσις,
1661 3455 1852 3509 πλεον-

263 3547 549 3610 εκτοῦντος
570 3547 631 3600 τὸ
659 3547 892 3620 γράμμα
919 3549 1012 3603 τοῦ
1038 3551 1364 3621 πνεύματος.

343 3644 452 3707 μγ’.
497 3639 569 3691 Τὸ
595 3641 898 3706 Σάϐϐατον,
944 3642 1135 3695 παθῶν
1178 3644 1295 3695 ἐστι
1333 3642 1429 3694 καὶ
1457 3642 1556 3719 τεῆς
1593 3642 1722 3712 περὶ
1752 3641 1853 3713 τὴν

268 3731 434 3801 φύσιν
462 3731 574 3785 τῶν
600 3732 770 3785 ὄντων
800 3732 893 3785 τοῦ
953 3731 1045 3785 νοῦ
1091 3733 1363 3802 κινήσεως
1420 3731 1730 3794 ἀνάπαυσις
1757 3748 1771 3764 ο
1818 3732 1851 3801 ἢ

263 3820 453 3874 τελεία
488 3820 676 3874 παθῶν
703 3821 967 3893 ἀπραξία,
1000 3821 1097 3875 καὶ
1119 3822 1218 3891 τῆς
1247 3820 1373 3891 περὶ
1402 3818 1471 3872 τὰ
1503 3818 1851 3889 πεποιημένα

266 3912 531 3983 καθολικὴ
553 3911 647 3965 τοῦ
670 3912 761 3966 νοῦ
790 3912 971 3966 παύλα
1006 3912 1294 3982 κινήσεως,
1324 3910 1418 3963 καὶ
1446 3910 1582 3980 πρὸς
1608 3910 1667 3962 τὸ
1697 3909 1852 3962 Θείον

266 4000 450 4054 τελεία
501 4000 750 4063 διάϐασις
776 4015 791 4030 ο
839 4002 897 4053 ὲν
930 3994 974 4067 ᾧ
1020 3998 1111 4051 τὸν
1137 3997 1205 4051 δι’
1244 3998 1447 4067 ἀρετῆς
1472 3997 1569 4051 καὶ
1599 3996 1854 4066 γνώσεως

268 4090 413 4145 κατά
457 4089 519 4143 τὸ
571 4088 791 4160 θεμιτὸν
839 4090 1193 4161 ἀφικόμενον,
1224 4088 1285 4142 οὐ
1325 4089 1407 4160 δεῖ
1431 4087 1689 4158 καθάπερ
1718 4086 1853 4151 ξύλα

267 4181 370 4253 τὴν
405 4182 616 4236 οἱανοῦν
650 4181 934 4245 παντελῶς
966 4179 1100 4252 ὓλην
1141 4178 1444 4251 ὲξαπτικὴν
1497 4179 1852 4251 ἐνθυμεῖσθαι

266 4274 482 4339 παθῶν,
507 4273 630 4328 οὔτε
688 4275 796 4347 μὴν
847 4275 1063 4345 φύσεως
1121 4275 1449 4345 τοπαράπαν
1492 4274 1853 4343 ἀναλέγεσθαι

266 4367 484 4435 λόγους,
514 4366 601 4419 ἵνα
642 4366 718 4438 μὴ
763 4366 997 4420 πάθεσιν
1046 4366 1328 4435 ἡδόμενον,
1375 4365 1407 4435 ἢ
1452 4364 1669 4433 φύσεως
1707 4367 1853 4437 ὅροις

274 4458 671 4529 μετρούμενον,
696 4458 839 4511 κατὰ
872 4458 999 4520 τοὺς
1029 4457 1295 4527 ’Έλληνας
1317 4457 1408 4509 τὸν
1439 4457 1571 4511 Θεὸν
1600 4458 1856 4527 δογματί-

271 4550 455 4620 ζωμεν
480 4567 492 4579 ·
521 4552 752 4622 ὃνπερή
790 4550 972 4603 τελεία
1009 4549 1142 4621 μόνη
1177 4550 1418 4621 κέκραγε
1462 4550 1612 4621 σιγὴ,
1667 4551 1761 4604 καὶ
1810 4554 1844 4621 ἡ

270 4642 541 4713 παντελὴς
563 4644 683 4697 καθ’
713 4643 987 4714 ὑπεροχὴν
1023 4644 1268 4708 ἀγνωσία
1314 4645 1612 4715 παρίστησι
1642 4644 1728 4714 (fl.

1956 3463 2306 3518 instructam.
2339 3458 2768 3515 Aboleturcnim
2792 3455 3097 3527 corporalis
3121 3453 3256 3522 legis
3281 3449 3528 3510 traditio,

1953 3568 2017 3607 ea
2052 3553 2263 3606 ratione
2294 3549 2443 3620 quod
2472 3549 2698 3618 spiritus
2726 3547 2924 3602 litterae
2945 3543 3222 3614 przevalet.

2026 3644 2114 3700 45.
2142 3642 2463 3705 Sabbatum,
2490 3640 2784 3696 affectuum
2817 3645 2902 3693 est
2929 3654 2993 3693 ac
3016 3634 3529 3708 perturbationum,

1954 3742 2249 3801 motusque
2298 3731 2469 3784 animi
2522 3730 2673 3785 circa
2723 3744 2909 3783 rerum
2960 3736 3214 3781 naturam
3267 3725 3425 3795 quies
3479 3734 3534 3777 et

1953 3822 2187 3877 cessatio
2215 3839 2228 3875 :
2254 3827 2348 3874 aut
2374 3820 2673 3874 affectuum
2700 3817 3291 3887 perturbationemque
3323 3814 3532 3870 sedatio

1952 3920 2009 3967 et
2031 3910 2257 3974 inertia,
2292 3906 2732 3976 universalisque
2760 3906 2927 3960 animi
2947 3914 3130 3959 motus
3156 3905 3302 3960 circa
3326 3918 3391 3958 ea
3416 3921 3534 3974 quas

1953 4000 2178 4058 condita
2209 4007 2358 4065 sunt,
2392 3998 2517 4053 linis
2551 4005 2715 4067 atque
2739 3998 2795 4052 in
2825 3997 2997 4051 Deum
3044 3995 3322 4066 perfectus
3352 4005 3527 4051 trans-

1954 4095 2066 4149 itus
2093 4108 2110 4147 :
2144 4093 2201 4147 in
2222 4105 2387 4161 quem
2417 4091 2512 4161 qui
2543 4091 2751 4145 virtute
2788 4104 2853 4145 ac
2877 4088 3130 4154 scientia,
3178 4087 3359 4158 quoad
3382 4087 3530 4145 licet.

1954 4185 2214 4249 evaserit,
2248 4193 2440 4241 caveat
2484 4196 2711 4237 necesse
2744 4188 2849 4246 est,
2899 4196 2967 4235 ne
3000 4188 3261 4249 tanquam
3293 4178 3440 4250 ligna
3466 4178 3531 4235 ⁵⁵,

1958 4278 2124 4333 ullam
2187 4291 2418 4347 prorsus
2478 4275 2765 4329 materiam
2815 4274 2999 4327 animo
3055 4271 3362 4341 concipiat,
3415 4286 3531 4339 qutr

1954 4367 2247 4423 affectibus
2263 4382 2325 4420 ac
2342 4365 2852 4435 perturbationibus
2873 4363 3113 4417 fomento
3143 4363 3249 4427 sit;
3278 4370 3335 4415 at
3358 4376 3536 4429 neque

1956 4460 2184 4513 omnino
2240 4466 2452 4512 natura:
2507 4457 2752 4511 rationes
2810 4456 3061 4525 colligat,
3118 4471 3187 4509 ne
3217 4453 3531 4509 Graecorum

1957 4566 2132 4615 more,
2160 4550 2354 4615 Deum,
2379 4551 2467 4605 vel
2497 4548 2791 4604 all‘cctibus
2815 4547 3169 4618 gaudentem,
3206 4546 3294 4601 vel
3324 4553 3533 4599 natura:

1961 4642 2216 4699 terminis
2263 4655 2646 4697 commensum
2695 4647 3031 4697 statuamus:
3076 4654 3242 4710 quem
3291 4636 3531 4709 perfecta

269 4734 448 4789 solum
475 4734 681 4788 silentii
707 4734 955 4789 clamitat
972 4734 1163 4803 religio
1182 4734 1252 4799 ⁸³,
1276 4749 1339 4788 ac
1362 4734 1523 4805 plena
1544 4734 1853 4789 secundum
1890 4734 2271 4791 excellentiam
2305 4732 2615 4806 ignorantia
2646 4740 3022 4803 reprazsentat.

344 4889 391 4924 ⁸³
421 4891 556 4948 Gen.
590 4909 648 4957 ιι,
680 4891 771 4946 51.

848 4891 894 4923 ⁵⁸
928 4890 1093 4945 Num.
1128 4908 1216 4956 xv,
1251 4892 1339 4946 δὲ.
1418 4891 1464 4923 ⁸⁸
1498 4891 1639 4945 Psal.
1680 4909 1822 4958 LXIV,
1855 4894 1909 4947 2.

347 5034 416 5101 (e)
456 5034 593 5101 Περὶ
648 5034 765 5100 τὴν
820 5033 1197 5103 ἐπείσακτοις
1232 5030 1495 5103 τέκεσιν.
1529 5031 1845 5088 Necessario

1957 5041 2241 5103 peccante.
2273 5030 2431 5098 Quod
2458 5029 2862 5103 ab,_vaptx&ic
2898 5028 3197 5103 (quomodo
3224 5027 3531 5082 faciendam

274 5104 530 5159 restituta
563 5120 667 5158 vox
699 5119 766 5158 ex
793 5118 923 5157 mss.
952 5118 1073 5172 qua:
1113 5102 1280 5156 editis
1314 5102 1524 5166 deerat,
1557 5112 1615 5157 et
1650 5103 1852 5172 repeti-

276 5185 369 5231 tur
397 5174 449 5228 in
480 5174 585 5228 [ine
612 5173 831 5243 capitis.
850 5173 969 5228 Non
990 5172 1138 5227 enim
1158 5173 1307 5227 circa
1328 5172 1546 5243 γένεσιν
1576 5172 1849 5238 absolute,

277 5247 359 5301 sic
408 5241 705 5299 libidinosa
730 5253 983 5299 versatur
1024 5243 1226 5297 mentis
1278 5241 1533 5307 aﬂ‘ectio,
1580 5244 1675 5298 sed
1704 5244 1852 5300 circa

276 5317 491 5385 γένεσιν
543 5315 892 5385 ἐπείσακτον,
929 5329 1053 5383 qua:
1085 5329 1152 5367 ex
1184 5321 1411 5385 peccato
1440 5312 1663 5367 advenit
1687 5322 1852 5368 natu-

274 5400 373 5449 rae,
402 5393 458 5439 et
480 5401 643 5454 quam
670 5384 937 5439 Maximus
968 5399 1080 5437 non
1110 5399 1233 5438 raro
1259 5384 1509 5452 γέννησιν
1530 5392 1714 5446 vocat,
1750 5399 1851 5453 op-

276 5454 544 5526 ponitque
596 5457 661 5525 τῇ
686 5455 931 5523 γενέσει·
966 5468 1087 5578 qua:
1109 5454 1180 5508 sit
1203 5455 1436 5523 simplex
1464 5454 1776 5522 procreatio
1797 5462 1853 5509 et

278 5533 458 5578 ortus.
490 5526 670 5578 qualis
712 5541 743 5578 a
787 5526 901 5578 Deo
924 5523 968 5578 Α
1010 5525 1114 5577 ami
1148 5523 1271 5578 fuit.
1305 5539 1415 5577 non
1439 5524 1533 5578 aui
1565 5524 1853 5578 brutorum

278 5523 470 5589 ortus,
490 5523 670 5594 qualis
712 5541 743 5579 a
787 5526 901 5579 Deo
924 5523 1114 5578 Adami
1148 5523 1271 5589 fuit,
1305 5539 1415 5594 non
1435 5524 1533 5594 qui
1565 5524 1853 5579 brutorum

281 5607 435 5649 more
465 5593 845 5650 commistione
877 5594 1149 5649 seminum
1197 5609 1261 5649 ac
1308 5593 1540 5649 libidine
1584 5594 1640 5647 in
1691 5594 1853 5649 nobis

282 5666 374 5730 fit;
403 5665 548 5735 quod
585 5666 783 5734 passim
832 5664 1097 5719 Maximus
1139 5672 1262 5735 pOSt
1290 5662 1431 5734 Greg
1472 5663 1635 5735 Nyss.
1669 5678 1733 5718 ac
1755 5679 1850 5718 su-

284 5733 531 5805 periores
589 5733 879 5806 theologos
935 5744 1097 5805 negat
1158 5733 1420 5788 futurum
1471 5733 1694 5788 homine
1740 5750 1849 5790 non

1957 5099 2445 5171 circumcisionemr
2485 5101 2791 5171 Spiritalem
2831 5114 3065 5171 acivere
3100 5099 3212 5152 Deo
3253 5106 3533 5171 acceptam

1956 5181 2145 5229 monet
2170 5170 2460 5241 Maximus)
2489 5168 2615 5225 scite
2654 5170 2857 5225 reddit.
2897 5168 3081 5241 Picus,
3114 5184 3223 5241 non
3249 5168 3390 5241 satis
3423 5169 3534 5241 sci-

1957 5253 2098 5307 tum,
2130 5254 2207 5298 est
2228 5238 2751 5309 animo,'voluntate,
2786 5256 2851 5295 ac
2871 5238 3018 5310 quod
3071 5238 3309 5302 reddidi,
3345 5240 3533 5293 mentis

1956 5313 2176 5368 arbitrio
2192 5354 2206 5377 ,
2243 5313 2525 5381 animique
2542 5311 2835 5366 sententia.

2028 5383 2091 5455 (ί)
2136 5384 2199 5440 Ἠ
2221 5377 2531 5455 παντελὴς
2580 5381 2707 5455 καθ’
2732 5377 3045 5455 ὑπερρχὴν·
3077 5378 3346 5455 ᾲγνωσίςι
3382 5391 3533 5443 παρ-

1956 5447 2188 5521 ισὲὴσι.
2222 5453 2376 5508 Istud
2403 5447 2735 5523 ex'mysticte
2758 5448 3046 5523 theologia:
3069 5450 3191 5523 sinu
3217 5447 3450 5523 petitum
3466 5463 3533 5523 ac

1960 5516 2242 5596 Dionysio,
2270 5538 2386 5593 quo
2414 5516 2717 5596 eminentia
2768 5516 3019 5596 quaedam
3063 5516 3308 5573 scientia:
3330 5516 3534 5596 divini-

1961 5603 2051 5651 tus
2081 5586 2357 5651 concesste
2387 5608 2552 5662 supra
2583 5586 2883 5662 humanam
2917 5590 3249 5662 denotatur;
3282 5586 3364 5641 uti
3395 5595 3450 5662 et
3482 5590 3530 5640 in

1958 5679 2026 5719 eo
2076 5664 2223 5736 quod
2258 5658 2487 5719 stultum
2517 5662 2613 5736 Dei
2653 5658 3266 5736 nominatur,eminc_n§_
3283 5658 3529 5735 quaedam

1960 5726 2126 5806 supra
2157 5736 2453 5791 humanam
2489 5730 2786 5803 sapientia;
2839 5729 2919 5787 uti
2939 5729 3139 5786 Paulus
3183 5726 3355 5785 ICo’r.
3381 5743 3417 5793 ι,
3452 5727 3530 5781 si-
