3922 6348
208 309 359 379 1369
944 315 1277 379 CAPITUM
1310 317 1732 391 QUINQUI'ES

1927 320 2299 381 l‘ENORUM
2326 304 2712 382 CENTURIA
2748 320 2819 380 νη.
3347 314 3484 382 1370

205 424 405 494 φύσις,
436 426 742 499 ἀλλοιωτὴν
765 426 878 497 ἔχει
913 426 1275 501 τὴνκίνησιν,
1305 430 1392 484 διὰ
1421 431 1520 503 τὴν
1559 432 1654 484 τοῦ
1712 431 1807 485 κό-

1927 433 1981 490 Pb
2031 432 2224 487 mundi
2282 435 2526 502 quietem
2578 431 2814 499 ﬁnitam,
2880 431 3269 503 temporisque
3320 432 3482 488 altam

206 532 362 587 σμου
383 520 824 590 πεπερασμένην
861 522 1070 586 στάσιν,
1095 523 1189 577 καὶ
1214 522 1314 595 τὴν
1344 523 1466 578 καθ’
1493 523 1805 595 ἐτεροίωσιν

1927 535 2070 595 nque
2099 524 2261 579 aliam
2292 523 2579 586 lationem.
2630 531 2691 578 ut
2735 538 2805 578 ex
2843 523 2977 579 aliis
3008 523 3148 578 alias
3190 522 3486 593 qualitates

204 607 308 661 τοῦ
336 608 549 678 χρόνου
571 610 742 681 φοράν
762 626 776 641 ⁸
807 612 865 665 ἐν
893 612 950 666 δὲ
982 612 1062 684 τῷ
1098 612 1217 685 Θεῷ
1246 615 1527 687 γινομένη,
1574 614 1661 669 διὰ
1706 617 1807 679 τὴν

1931 623 2185 680 mmutet,
2226 623 2437 670 motum
2474 614 2747 686 ejusmodi
2794 614 2980 680 habet,
3008 628 3177 684 quem
3216 614 3483 669 varianti-

205 703 461 776 φυσικὴν
509 706 608 759 τοῦ
653 709 710 760 ἐν
748 700 792 775 ᾧ
826 707 1019 776 γέγονε
1064 710 1290 778 μονάδα,
1326 709 1516 765 στάσιν
1548 709 1809 781 ἀκίνητον

1927 722 2015 762 ms
2041 706 2401 777 qualitatibus
2423 719 2645 761 sensum
2672 704 3067 771 afﬁcientibus,
3101 705 3485 760 alterationem

205 788 350 855 ἔξει,
409 793 516 846 καὶ
567 797 831 863 στάσιμον
876 798 1315 867 ταυτοκινησίαν,
1361 797 1490 868 περὶ
1522 795 1582 849 τὸ
1615 796 1810 851 ταυτὸν

1927 808 2126 855 vocant.
2154 800 2256 855 Ubi
2285 810 2471 855 autem
2495 800 2551 853 in
2573 799 2746 853 Deum
2770 796 3130 863 concesserit,
3160 797 3231 852 ob
3258 807 3487 854 natura‘

206 886 309 938 καὶ
362 884 427 938 ἓν
464 889 560 941 καὶ
619 888 802 958 μόνον,
848 889 1036 953 ἀϊδίως
1072 890 1389 963 γινομένην,
1461 890 1529 962 ἣν
1579 885 1722 946 οῑδεν
1776 890 1805 944 6

1930 908 2017 947 em
2048 893 2170 963 ejus
2206 891 2261 946 in
2307 907 2417 962 quo
2466 899 2577 956 est,
2608 891 2901 955 unitatem,
2933 889 3260 958 sempiterni
3303 896 3487 942 motus

205 976 380 1045 λόγος
418 979 501 1048 (Ia)
544 980 750 1051 ἄμεσον
790 978 928 1037 εἶναι
979 985 1112 1055 περὶ
1141 984 1203 1038 τὸ
1236 985 1452 1055 πρῶτον
1477 986 1668 1048 αττιον,
1697 982 1806 1038 τῶν

1927 984 2149 1053 ιιιίειεη)
2213 982 2459 1049 habebit,
2516 981 2877 1053 ejusdemque
2916 989 3107 1036 motus
3145 981 3294 1036 circa
3340 980 3486 1034 idem

204 1066 273 1133 ἐξ
299 1070 484 1123 αὐτοῦ
515 1074 904 1144 πεποιημένων
935 1076 1162 1145 μόνιμον
1190 1076 1398 1146 ἵδρυσιν
1422 1079 1464 1131 ⁶.

1927 1088 2196 1145 unumque
2227 1088 2293 1129 ac
2320 1074 2503 1129 solum
2550 1070 2889 1143 sempiterno
2928 1072 3204 1127 versantia
3232 1081 3490 1127 constan-

205 1162 351 1218 tiam
399 1179 575 1235 quam
616 1164 901 1236 Scriptura
937 1165 1333 1234 immediatam,
1379 1167 1526 1222 circa
1575 1163 1811 1237 primam
1845 1178 2089 1230 causam,
2129 1178 2322 1219 eorum
2351 1178 2475 1234 qua:
2500 1178 2571 1219 ex
2593 1162 2685 1217 illa
2750 1170 2903 1231 sunt,
2959 1162 3215 1218 stabilem
3249 1163 3490 1219 mansio-

207 1268 348 1308 nem
390 1254 700 1324 sedemque
730 1269 929 1310 vocare
958 1255 1267 1311 consuevit.

288 1346 404 1418 μθ’.
476 1349 796 1421 Μυστήριόν
850 1352 966 1404 ἐστι
1016 1350 1416 1422 Πεντηκοστῆς,
1462 1353 1496 1423 ἡ
1540 1352 1677 1423 πρὸς
1712 1350 1811 1422 τὴν

1986 1350 2076 1407 49.
2107 1350 2467 1406 Pentecostes
2497 1350 2849 1423 mysterium,
2881 1359 2969 1406 est
3004 1349 3323 1406 immediata
3360 1352 3494 1406 unlo

208 1440 501 1511 Πρόνοιαν
516 1442 721 1512 ἄμεσος
754 1442 864 1496 τῶν
887 1445 1302 1515 προνοουμένων
1331 1444 1557 1508 ἓνωσιςο
1588 1445 1809 1517 ἧγουνὴ

1927 1457 2042 1499 cum
2074 1442 2428 1498 Providentia
2458 1458 2653 1499 eorum
2684 1443 2779 1513 qui
2803 1442 3159 1498 Providentia
3188 1451 3490 1513 reguntur;

208 1532 362 1603 πρὸς
392 1533 495 1587 τδν
520 1534 677 1600 λόγον
703 1533 848 1588 κατᾶ
875 1535 973 1606 τὴν
995 1537 1096 1606 τῆς
1127 1537 1396 1607 Προνοίας
1434 1537 1676 1592 ἐπίνοιαν
1712 1537 1811 1606 τῆς

1927 1534 1971 1590 id
1995 1542 2100 1600 est,
2122 1543 2334 1591 naturae
2357 1550 2484 1590 cum
2511 1534 2749 1601 ratione,
2790 1533 3095 1589 secundum
3125 1532 3496 1589 Providentia

212 1625 448 1695 φύσεως
496 1628 712 1691 ἓνωσις,
768 1628 888 1681 καθ’
922 1629 990 1700 ἣν
1032 1630 1266 1700 οὐδεμία
1315 1629 1643 1699 τοπαράπαν
1693 1628 1813 1683 ἐστὶ

1927 1634 2281 1696 conceptum,
2343 1626 2664 1697 copulatio;
2725 1625 3029 1682 secundum
3107 1638 3272 1694 quam
3345 1623 3495 1678 nulla

212 1718 422 1789 χρόνου
487 1720 583 1772 καὶ
629 1722 898 1787 γενέσεως
936 1721 1196 1791 ἔμφασις.
1248 1722 1492 1790 Σάλπιγξ
1537 1722 1594 1775 δὲ
1651 1719 1815 1777 πάλιν

212 1810 385 1881 ἡμῶν
411 1812 571 1865 ἐστιν
591 1814 620 1867 ὁ
647 1812 824 1880 λόγος,
848 1812 924 1878 ὡς
951 1814 1051 1878 τὰς
1089 1814 1238 1877 θείας
1266 1816 1361 1870 καὶ
1382 1816 1657 1888 ἀρρήτους
1686 1816 1816 1886 ἡμῖν

214 1902 601 1973 ἑνηχούμενος
629 1903 893 1973 γνώσειςέ
928 1905 1156 1976 ῑλασμδς
1191 1906 1277 1971 δὲ,
1313 1904 1391 1970 ὡς
1439 1908 1497 1961 ἐν
1529 1906 1708 1978 ἑαυτῷ
1745 1906 1816 1962 τὰ

215 1992 507 2064 ἡμέτερα,
548 1993 671 2046 καθ’
701 1990 853 2063 ἡμᾶς
871 1995 1178 2065 γενόμενος,
1210 1994 1444 2048 διαλύων
1473 1996 1811 2066 ἐγκλήματαο

214 2085 319 2139 καὶ
341 2087 415 2155 τῇ
450 2082 633 2156 δωρεᾷ
660 2088 759 2155 τῆς
792 2085 1015 2157 χάριτος
1049 2087 1108 2140 ἐν
1140 2085 1433 2158 πνεύματι,
1487 2087 1587 2159 τὴν
1630 2089 1813 2159 ἁμαρ·-

214 2177 483 2247 τήσασαν
522 2174 684 2245 φύσιν
722 2176 1019 2230 θεοποιῶνο
1082 2178 1430 2248 σκηνοπηγία
1469 2179 1550 2243 δὲ,
1591 2178 1669 2242 ὡς
1716 2178 1816 2249 τῆς

215 2264 392 2337 ἡμῶν
421 2266 569 2319 κατὰ
595 2265 696 2335 τὴν
721 2265 1055 2338 θεομίμητον
1082 2264 1196 2332 ἕξιν
1217 2268 1346 2338 περὶ
1375 2267 1438 2320 τὸ
1466 2267 1629 2321 καλὸν
1654 2268 1818 2339 ἀτρε-

216 2357 358 2427 ψίας
385 2357 611 2429 πρᾶξις,
636 2360 729 2413 καὶ
756 2360 784 2412 6
804 2359 905 2430 τῆς
926 2358 1063 2432 πρὸς
1081 2359 1379 2415 ἀθανασίαν
1403 2361 1817 2431 μεταποιήσεως

222 2449 557 2513 συνεκτικὸς
590 2449 809 2520 δεσμός.

294 2636 366 2686 ν’.
412 2629 475 2683 '0
500 2629 682 2700 ψιλαῖς
720 2630 841 2705 ταῖς
892 2626 1142 2698 ἔναίμοις
1188 2628 1391 2699 χαίρων
1419 2625 1653 2691 θυσίαις,
1687 2624 1817 2695 περὶ

217 2721 296 2776 τὰ
332 2721 489 2790 πάθη
518 2720 836 2785 σπουδάζειν
860 2718 935 2783 ὡς
966 2717 1221 2788 ἐμπαθὴς
1246 2716 1654 2790 παρασκευάζει
1688 2717 1817 2779 τοὺς

221 2811 493 2875 θύοντας.
525 2810 674 2863 Φιλεῖ
719 2809 831 2879 γὰρ
870 2809 1085 2879 χαίρειν
1125 2808 1187 2861 τὸ
1213 2807 1454 2878 γνησίως
1500 2805 1688 2870 σέϐον,
1735 2798 1818 2868 οἷς

220 2906 418 2975 χαίρει
463 2905 525 2957 τὸ
582 2901 1076 2971 προσκυνούμενον.
1130 2900 1291 2954 Ὅθεν
1352 2898 1543 2963 θυσίας
1589 2894 1728 2951 οἶδεν
1787 2899 1817 2951 ό

1918 1732 2148 1790 prorsus
2173 1718 2460 1790 temporis,
2499 1728 2769 1788 ortusque
2794 1717 3170 1789 generationis
3194 1724 3373 1772 exstat
3411 1730 3499 1771 re-

1911 1810 2288 1881 praesentatio.
2321 1809 2541 1865 Rursus
2564 1810 2909 1865 autem'tuba
2943 1818 3153 1874 nostra,
3185 1822 3369 1863 sermo
3388 1815 3494 1869 est,

1916 1909 1981 1956 ut
2004 1902 2099 1971 qui
2128 1901 2345 1958 divinas
2371 1910 2537 1971 atque
2570 1892 2796 1956 arcanas
2819 1900 2981 1955 nobis
3007 1899 3269 1956 scientias
3292 1913 3358 1953 ac
3392 1913 3496 1953 uo-

1916 1993 2096 2048 tiones
2122 1993 2361 2047 insonet.
2402 1982 2731 2063 Propitiatio
2772 2006 2926 2055 vero,
2967 1998 3030 2045 ut
3061 1989 3159 2059 qui
3192 1989 3251 2044 in
3286 1989 3494 2060 seipse,

1915 2083 2078 2140 nobis
2107 2084 2308 2141 simiis
2331 2084 2534 2149 factus,
2573 2092 2765 2138 nostra
2800 2082 3069 2139 dissolvat
3091 2082 3344 2148 crimina,
3376 2096 3500 2152 gra-

1915 2175 2116 2245 tiaeque
2164 2174 2310 2230 dono
2356 2175 2417 2230 in
2460 2173 2670 2245 Spiritu
2696 2213 2714 2239 ,
2767 2182 3025 2228 naturam
3080 2171 3293 2242 peccati
3342 2185 3496 2226 ream

1915 2264 2121 2321 deitate
2159 2265 2391 2320 imbuat.
2430 2263 2768 2334 Scenopegia
2804 2262 3065 2333 denique,
3095 2269 3158 2315 ut
3198 2268 3411 2316 nostras»
3434 2259 3493 2315 in

1915 2355 2065 2412 bono
2093 2356 2583 2421 immutabilitatis,
2620 2354 2816 2409 habitu
2847 2353 2943 2408 Dei
2975 2353 3195 2416 aemulo,
3230 2352 3397 2418 actio,
3432 2368 3498 2409 ac

1917 2464 2025 2519 qua
2078 2448 2146 2503 ad
2194 2448 2667 2502 immortalitatem
2713 2454 3173 2510 transmutamur,
3216 2444 3499 2501 vinculum

1917 2554 2257 2596 conservans
2282 2553 2347 2593 ac
2367 2538 2682 2593 continens.

1989 2628 2079 2685 50.
2128 2628 2232 2695 Qui
2272 2627 2440 2683 nudis
2484 2626 2690 2699 gaudet
2734 2628 2987 2683 cruentis
3032 2627 3342 2692 sacriﬁciis,
3386 2635 3502 2682 tan-

1917 2737 2083 2792 quam
2133 2721 2429 2776 aﬁ‘ectibus
2473 2720 2591 2791 ipse
2632 2718 2855 2775 deditus
2894 2735 2961 2775 ac
3010 2720 3365 2786 libidinosus,
3405 2733 3505 2774 eos

1917 2812 2011 2882 qui
2056 2811 2367 2867 sacriﬁcant
2420 2821 2482 2867 ut
2535 2810 2826 2867 aﬁ‘ectibus
2876 2811 3294 2880 impendamur,
3345 2809 3502 2864 facit.

1918 2903 2096 2960 Verus
2142 2904 2293 2959 enim
2337 2903 2540 2967 cultor,
2588 2902 2658 2958 iis
2710 2902 2891 2958 libens
2926 2902 3252 2968 delectatur,
3300 2900 3505 2973 quibus

221 2996 424 3064 λόγος,
455 2993 554 3063 τὴν
578 2992 686 3046 τῶν
712 2990 900 3045 παθῶν
936 2989 1143 3062 μᾶλλον
1165 2988 1529 3061 σφαγὴνηκαὶ
1566 2988 1668 3061 τὴν
1709 2988 1818 3044 τῶν

1927 2997 2139 3052 Numen
2197 2997 2403 3066 ipsum,
2457 2994 2605 3065 quod
2658 2995 2814 3050 colit.
2875 2994 3033 3052 Unde
3091 2994 3300 3050 hostias
3351 2994 3506 3050 novit

220 3084 486 3158 φυσικῶν
514 3083 797 3153 δυνάμεων
828 3083 1228 3153 προσαγωγὴν·
1255 3074 1350 3147 ὧν,
1379 3078 1475 3134 τοῦ
1503 3080 1601 3159 μὲν
1631 3079 1812 3148 λόγου,

219 3180 408 3243 τύπος
436 3176 582 3231 ἐστὶν
608 3178 636 3230 6
671 3176 853 3247 κριός·
886 3174 981 3229 τοῦ
1012 3176 1069 3228 δὲ
1099 3173 1272 3246 θυμοῦ
1304 3176 1460 3247 φέρει
1491 3174 1760 3245 σύμϐολον
1789 3174 1818 3228 6

220 3269 470 3342 ταῦρος·
519 3269 616 3339 τῆς
647 3267 705 3322 δὲ
735 3267 1057 3338 ἐπιθυμίας,
1090 3268 1123 3339 ἡ
1155 3267 1264 3334 ιαῖξ
1294 3268 1528 3338 ὑπάρχει
1560 3267 1814 3338 δήλωσις.

300 3443 411 3500 va’.
456 3441 659 3505 Θυσίας
705 3441 1084 3511 πνευματικὰς
1126 3435 1267 3494 εἶναι
1320 3437 1701 3510 γινώσκομεν,
1754 3440 1815 3492 ού

231 3537 407 3607 μόνον
461 3535 560 3605 τὴν
612 3534 719 3586 τῶν
760 3531 949 3587 παθῶν
998 3533 1264 3602 νέκρωσιν
1301 3530 1693 3601 σφαττομένων
1748 3532 1815 3602 τῇ

230 3629 490 3701 μαχαίρᾳ
516 3626 609 3680 τοῦ
645 3626 973 3696 πνεύματος,
1019 3626 1157 3693 ὅπερ
1187 3624 1306 3676 ἐστὶ
1344 3625 1494 3693 ρἧα
1522 3623 1681 3688 Θεοῦ,
1724 3625 1817 3676 καὶ

228 3724 423 3791 πάσης
476 3721 574 3789 τῆς
611 3720 669 3773 ὲν
715 3717 881 3788 σαρκὶ
925 3716 1090 3786 ζωῆς,
1141 3715 1215 3779 ὡς
1256 3715 1489 3784 αἵματος
1532 3714 1632 3783 τὴν
1674 3715 1819 3767 κατὰ

229 3815 504 3880 πρόθεσιν
531 3812 747 3881 κίνησιν
777 3810 861 3878 (i),
892 3808 1028 3863 ἀλλὰ
1060 3807 1157 3860 καὶ
1183 3805 1291 3859 τῶν
1318 3804 1461 3858 κατὰ
1499 3803 1818 3871 φιλοσοφίαν

234 3906 411 3977 ἠθῶν,
452 3904 547 3957 καὶ
585 3901 778 3956 πασῶν
818 3900 927 3953 τῶν
967 3898 1112 3952 κατὰ
1146 3897 1307 3966 φύσιν
1338 3895 1620 3965 δυνάμεων
1650 3911 1818 3965 προσ-

231 3998 463 4070 αγωγὴν
481 3992 889 4065 ἀφιερουμένων
909 3991 1047 4062 Θεῷ,
1073 3990 1167 4044 καὶ
1188 3989 1266 4060 τῷ
1292 3988 1426 4060 πυρὶ
1449 3988 1550 4057 τῆς
1571 3987 1630 4039 ὲν
1651 3986 1817 4040 Πνεύ-

235 4109 372 4162 ματι
436 4091 660 4160 χάριτος
710 4086 847 4159 πρὸς
894 4082 993 4155 τὴν
1057 4082 1209 4137 θείαν
1276 4079 1431 4151 λῆξιν
1493 4079 1820 4134 ὁλοκαυτου-

236 4182 422 4252 μένων
458 4180 544 4249 (ἱ)-

308 4325 359 4357 ⁸⁷
392 4322 598 4391 Ephcs.
632 4334 707 4383 vl,
739 4312 827 4371 l7.

316 4460 576 4530 'Dionys.
611 4455 688 4511 De
715 4454 908 4511 coalesti
932 4455 1256 4510 hicrarcltia.

1924 3086 2230 3157 Scriptura,
2275 3087 2577 3142 aﬁ‘ectuum
2612 3087 2802 3157 potius
2838 3085 3239 3157 jugulatiouem
3279 3095 3505 3139 natura-

1921 3174 2171 3244 liumque
2238 3174 2441 3229 virium
2502 3174 2876 3239 oblationem;
2934 3188 3203 3242 quarum,
3276 3172 3503 3228 rationis

1924 3264 2148 3333 quidem
2190 3264 2387 3335 ﬁgura,
2418 3264 2600 3330 aries;
2633 3263 2727 3318 irae
2775 3262 3109 3334 symbolum,
3146 3273 3337 3320 taurus
3362 3278 3504 3334 prm-

1923 3355 2062 3421 l‘ert;
2098 3355 2442 3426 cupiditatis,
2466 3371 2632 3425 capra
2655 3355 2963 3426 symbolum
2982 3362 3088 3410 est.

1993 3448 2081 3503 51.
2126 3447 2348 3503 llostias
2385 3447 2669 3517 spiritales
2712 3463 2835 3503 esse
2877 3447 3155 3513 novimus,
3186 3460 3297 3499 non
3325 3445 3504 3500 solum

1923 3539 2071 3610 quod
2123 3540 2359 3595 allectus
2406 3539 2589 3611 gladio
2645 3540 2899 3609 spiritus,
2945 3537 3094 3608 quod
3140 3545 3227 3592 est
3272 3535 3505 3591 verbum

1923 3630 2020 3687 Dei
2057 3632 2125 3695 ",
2163 3632 2469 3703 jugulandu
2497 3630 2917 3696 mortiﬁcamus,
2957 3626 3260 3698 vitamque
3284 3642 3505 3683 omnem

1923 3723 2226 3785 carnalem,
2264 3724 2436 3777 instar
2471 3723 2777 3792 sanguinis,
2809 3721 2980 3776 animi
3013 3719 3296 3790 proposito
3321 3717 3506 3772 fundi-

1924 3824 2049 3863 mus
2073 3824 2139 3862 ac
2159 3809 2435 3873 libamus;
2469 3810 2565 3863 sed
2593 3809 2745 3877 quod
2784 3809 2954 3864 etiam
2986 3825 3173 3863 mores
3207 3824 3400 3865 omnes
3437 3824 3505 3863 ex

1924 3898 2293 3969 philosophiae
2320 3899 2634 3954 rationibus
2664 3899 2977 3964 institutos,
3016 3900 3277 3967 viresque
3312 3914 3506 3954 omnes

1924 3993 2207 4048 naturales
2246 3995 2357 4047 Deo
2393 4000 2765 4058 consecratas,
2808 3992 3046 4061 igneque
3100 3991 3343 4061 Spiritus
3375 4006 3503 4061 gra-

1926 4083 2036 4147 tiae,
2099 4094 2159 4139 ut
2200 4085 2280 4140 illi
2328 4084 2383 4139 in
2423 4083 2696 4154 integrum
2735 4083 2957 4152 cedant,
2996 4083 3323 4139 holocausta
3364 4082 3504 4139 olfe-

1926 4187 2124 4228 rimus.

314 4616 395 4699 (ξι)
427 4617 539 4670 Ἦν
560 4611 722 4697 οἶδεν
741 4618 774 4670 ὁ
806 4615 1019 4699 λόγοςιζ
1032 4612 1189 4699 Quod
1221 4615 1303 4671 sle
1325 4625 1486 4699 vocat
1520 4615 1813 4699 Magnus,

1927 4616 2231 4699 minimum-

238 4692 268 4742 6
293 4682 477 4756 λόγος.
499 4701 625 4758 Δηοῐι
652 4686 769 4758 ipsa
796 4682 956 4758 sacra
988 4682 1275 4758 Scriptura
1327 4696 1433 4752 est,
1478 4685 1575 4741 sed
1618 4687 1819 4758 Diony-

241 4753 384 4822 sius,
420 4756 511 4826 qui
565 4756 645 4810 sic
675 4753 751 4810 de
782 4754 991 4826 angelis
1030 4753 1305 4826 quuitur;
1334 4762 1399 4810 'u't
1426 4758 1585 4825 quasi
1615 4753 1818 4811 funda-

242 4837 358 4883 tam
408 4824 601 4881 corum
648 4826 795 4880 circa
846 4825 1017 4878 Deum
1067 4824 1487 4881 collecatiOnem
1530 4840 1595 4882 ac
1631 4826 1818 4881 sedem

242 4897 695 4969 signiﬁcet,‘qu:e
734 4896 915 4969 eritet
939 4892 1225 4969 hominum
1259 4896 1576 4969 beatorum,
1618 4896 1822 4969 quibus

243 4960 539 5045 De'usjpsgi.
563 4960 717 5021 locus
741 4964 963 5045 iuturus
992 4964 1101 5045 sit;
1131 4979 1329 5045 exque
1349 4966 1539 5031 etiam,
1558 4960 1822 5045 perennis

243 5037 338 5093 illa
372 5034 620 5107 ejusdem
644 5034 1085 5107 motus_quies_et
1114 5034 1419 5107 stabilitas;
1447 5034 1576 5107 cum
1598 5037 1655 5090 in
1688 5044 1825 5090 tem-

243 5102 545 5194 pore,'_quo
573 5107 807 5194 agimus,
833 5102 1265 5194 ipsealtera’nle,
1290 5106 1543 5194 jugi'shsit
1567 5107 1820 5194 mutatio.

318 5176 381 5247 (i)
415 5173 535 5245 Τὴν
564 5173 717 5230 κᾰτὰ
762 5173 1053 5247 πρόθεσιν
1082 5173 1377 5247 sima-ir;
1402 5176 1584 5232 Etiam
1621 5185 1819 5246 quast.

245 5243 341 5317 illa
363 5243 461 5312 '65,
482 5243 617 5302 cum
662 5245 1017 5317 perspicuum
1051 5243 1123 5317 sit
1154 5243 1260 5314 leg.
1296 5244 1549 5317 κένωσιν,
1576 5243 1672 5317 seu
1704 5260 1822 5317 ma-

242 5316 331 5384 gis
353 5318 541 5386 χύσιν⁶
567 5312 680 5372 nec
713 5312 1008 5386 Maximum
1047 5312 1549 5386 aliteriseripsisse.
1596 5312 1672 5371 De
1696 5316 1823 5373 vita:

244 5384 393 5439 enim
422 5388 656 5442 carnalis
687 5384 961 5456 sacriﬁcio
989 5384 1274 5456 sanguinis
1298 5384 1619 5456 metaphora
1639 5398 1823 5441 sermo

245 5466 351 5521 est,
380 5464 541 5526 quem
566 5459 740 5527 liquet
762 5453 1050 5527 nonaliter
1065 5453 1229 5527 quam
1254 5453 1519 5527 libatione
1537 5464 1594 5509 et
1608 5456 1823 5527 fusione

245 5525 458 5597 ollerri.
484 5525 639 5583 Nihil
659 5543 788 5597 ergo
820 5526 888 5581 ad
921 5540 1059 5587 rem,
1084 5525 1231 5595 quod
1266 5525 1339 5579 ita
1367 5526 1529 5597 Picus
1559 5526 1822 5591 reddidit,

247 5595 388 5649 velut
439 5595 838 5652 commotiohem
873 5598 1170 5659 sanguinis,
1204 5604 1313 5652 etc.
1360 5595 1501 5650 Sane
1544 5597 1825 5651 cohaerent

251 5664 512 5736 νέκρωσις
536 5680 590 5723 ει
634 5670 891 5730 κένωσις,
942 5664 1180 5736 alterum
1213 5666 1270 5720 in
1297 5665 1636 5731 viventibus,
1685 5667 1825 5721 alte-

253 5735 373 5790 rum
395 5738 551 5808 quasi
577 5738 633 5793 in
660 5737 903 5792 humidis
933 5746 988 5791 et
1021 5735 1354 5798 ﬂuentibus:
1386 5736 1621 5801 κίνησις,
1649 5752 1719 5792 ne
1739 5739 1824 5793 vel

1990 4688 2055 4758 (ί)
2084 4689 2237 4755 Πρὸς
2277 4683 2391 4758 τὴν
2422 4685 2587 4758 θείαν·
2617 4676 2803 4758 λῆξιν
2834 4682 3385 4758 όλρκαυτουμένω.
3429 4685 3501 4745 Ut

1918 4754 2045 4811 Deo
2075 4754 2202 4811 tota:
2242 4756 2441 4809 cedant
2488 4773 2501 4808 :
2556 4755 2674 4810 haec
2711 4756 2857 4809 enim
2905 4754 3212 4811 holocausti
3245 4758 3406 4822 ratio,
3441 4765 3503 4810 ut

1919 4829 2103 4881 omnia
2133 4828 2245 4880 Deo
2282 4826 2627 4891 adoleantur,
2658 4826 2934 4894 nullaeque
2960 4827 3046 4881 vel
3075 4827 3376 4881 sacerdotis
3412 4827 3500 4881 vel

1918 4897 2298 4966 oﬁ‘ercntium
2326 4905 2509 4966 partes
2536 4896 2671 4949 ﬁant
2720 4912 2748 4966 ;7
2769 4897 3077 4965 cujusmodi
3104 4898 3370 4966 Maximus
3396 4912 3499 4966 no-

1919 4976 2098 5022 strum
2142 4966 2235 5021 hic
2275 4965 2541 5020 describit
2578 4965 2932 5020 sacriﬁcium.
2989 4967 3085 5020 Est
3136 4966 3282 5020 cnim
3324 4965 3498 5033 λῆξις,

1930 5037 2208 5107 μερίς,ιιιί
2240 5033 2717 5107 Suidasexponit,
2754 5043 2810 5090 et
2832 5033 2980 5107 quod
3006 5036 3131 5107 quis
3151 5035 3399 5107 sortitur
3414 5034 3498 5088 ei-

1926 5103 2035 5175 que
2065 5105 2304 5175 obtingit
2337 5120 2401 5175 ac
2428 5103 2574 5159 illius
2607 5106 2750 5175 juris
2778 5103 3039 5159 exsistitf
3059 5105 3179 5159 Non
3218 5105 3359 5158 bene
3388 5105 3497 5157 ita-

1925 5174 2032 5246 que
2056 5174 2243 5246 Picus,
2275 5175 2345 5227 ad
2370 5174 2620 5229 divinam
2643 5184 2840 5229 sortem
2892 5175 3312 5246 consequendum
3339 5190 3357 5228 :
3386 5189 3497 5246 non

1923 5243 2074 5325 enim
2106 5244 2455 5325 adjunctum,
2490 5260 2635 5325 eum
2668 5260 2891 5325 sensum
2932 5243 3174 5325 patitur;
3211 5243 3315 5325 etsi
3360 5243 3499 5297 alias

1924 5316 2019 5370 illa
2053 5331 2157 5385 vox
2186 5314 2364 5385 ipsum
2389 5315 2675 5385 admittat;
2710 5315 2892 5385 sitque
2916 5331 3046 5371 vere
3082 5315 3226 5385 Deus
3254 5314 3370 5383 ipse
3395 5326 3498 5385 no-

1922 5395 2040 5440 stra
2058 5382 2235 5452 λῆξις,
2248 5383 2330 5445 τὸ,
2352 5383 2573 5449 παῦσις,
2608 5384 2661 5438 id
2684 5392 2786 5448 est,
2802 5382 3115 5450 'hwreditas,
3145 5382 3495 5453 κληρονομία,

1922 5454 2045 5524 ipso
2075 5454 2246 5510 Suida
2294 5454 2998 5525 interprete;dicimusque
3054 5462 3274 5525 sanctos
3323 5466 3501 5525 μακα-

1925 5522 2049 5648 ρίαν
2077 5525 2251 5607 λῆξιν,
2312 5522 2491 5606 beatos
2530 5526 2676 5605 sedes
2719 5522 2949 5604 adeptos
3005 5540 3146 5579 esse.
3174 5523 3310 5606 .Nec
3354 5522 3497 5603 hinc

1968 5604 2124 5648 ortus
2166 5594 2304 5648 illud
2344 5594 2498 5648 Suid.
2532 5594 2708 5648 ληΕις.
2739 5611 2961 5648 παυσις.
3001 5603 3241 5648 cessatio.
3274 5592 3497 5648 sedatio.

1968 5604 2124 5650 ortus
2166 5594 2304 5649 illud
2344 5594 2498 5649 Suid.
2532 5594 2708 5662 λῆξις,
2739 5592 2961 5656 παῦσις,
3001 5595 3241 5658 cessatio,
3274 5592 3499 5656 sedatio,

1924 5664 2153 5736 exponit
2185 5684 2197 5719 :
2227 5665 2424 5736 melius
2458 5664 2682 5734 requies,
2712 5678 2843 5735 quae,
2857 5664 2975 5735 ipsa
3023 5674 3250 5729 aeterna,
3304 5670 3501 5718 nostra

1926 5736 1981 5791 in
1999 5735 2129 5792 ’Deo
2160 5735 2453 5791 hau-editas
2472 5743 2575 5790 est.
