3922 6348
453 324 584 389 1371

1631 332 1691 392 S.
1736 331 2022 392 ΜΑΧΙΜΙ
2059 331 2570 392 CONFESSORIS

3588 323 3718 386 ηπ

523 436 610 493 52.
635 437 916 493 Terrenus
947 437 1247 510 Scriptum
1279 456 1473 497 sensus
1509 444 1675 498 animi
1711 446 1920 514 potitus
1953 444 2018 499 il-

2195 446 2292 516 νβ’.
2343 445 2402 499 Ὁ
2457 447 2638 517 χοῖκὺς
2698 447 2826 510 νοῦς
2874 447 2969 517 τῆς
3023 443 3274 514 Γραφῆς,
3343 441 3575 512 κρατῶν
3623 442 3718 506 τῆς

448 524 602 594 lique
623 525 922 595 imperans,
959 530 1245 584 naturales
1268 530 1456 601 abjicit
1483 532 1646 602 623
1684 533 1928 587 rationes
1956 533 2022 598 ⁸⁸,

450 618 786 671 naturalium
806 617 1129 674 facultatum
1151 621 1325 676 abusu
1344 637 1438 676 eas
1460 623 1689 678 abolens
1713 641 1778 679 ac
1799 640 2023 680 necans.

449 705 549 761 llic
570 708 718 762 enim
748 708 879 763 dum
906 711 1061 775 vivit,
1103 712 1196 780 qui
1229 713 1343 767 sola
1365 729 1534 768 carne
1566 714 1740 785 legem
1777 716 2023 782 deﬁniat,

450 800 731 856 naturales
756 803 1000 858 rationes
1031 819 1096 857 ac
1123 805 1487 875 cogitationes
1518 822 1712 862 revera
1750 809 2029 863 consumit

447 898 506 944 et
556 893 908 962 persequitur
956 895 1270 964 perditque,
1317 897 1471 952 velut
1517 899 1733 953 scilicet
1783 899 2025 963 divinos,

449 979 909 1048 probrosissimos
937 985 1170 1039 affectus
1193 987 1384 1040 colens
1411 988 1458 1018 δ’
1487 1005 1498 1040 :
1534 1003 1676 1056 quos
1700 990 1891 1058 utique
1932 1005 2029 1044 na-

450 1071 658 1126 turales
686 1073 948 1138 rationes,
971 1091 1068 1144 per
1094 1076 1232 1146 legis
1257 1077 1488 1146 spiritus
1512 1079 1710 1134 factam
1739 1081 1822 1136 eis
1850 1081 2026 1136 licen-

450 1161 602 1226 tiam,
635 1163 690 1216 in
724 1180 894 1219 unum
924 1180 1118 1221 omnes
1148 1167 1475 1223 interimunt
1508 1185 1572 1223 ac
1593 1179 1814 1224 necant.

520 1359 608 1414 55.
651 1359 847 1416 Statim
871 1377 936 1417 ac
960 1364 1160 1434 aliquis
1191 1365 1453 1420 virtutum
1479 1366 1886 1436 philosophiam
1925 1383 2028 1422 ra-

451 1451 600 1506 tione
638 1452 860 1519 obierit,
894 1454 1307 1525 Scripturarum
1339 1473 1558 1528 quoque
1585 1473 1809 1512 sensum
1836 1459 1894 1512 in
1912 1458 2026 1528 spi-

449 1543 618 1598 ritum
675 1553 873 1600 natura
929 1550 1232 1614 transtulit,
1286 1558 1348 1604 ut
1397 1550 1454 1604 in
1509 1551 1752 1605 novitate
1800 1551 2027 1621 spiritus

449 1636 630 1705 reipsa
659 1652 758 1707 per
776 1639 1033 1695 sublimia
1065 1656 1226 1696 sensa
1262 1642 1376 1697 Deo
1416 1642 1642 1708 serviat,
1688 1659 1799 1697 non
1839 1641 2025 1698 autem

449 1726 506 1780 in
540 1737 815 1785 vetustate
858 1731 1058 1787 litterae
1090 1748 1190 1802 per
1218 1733 1571 1788 humiliorem
1598 1750 1666 1789 ex
1698 1749 1893 1789 sensus
1931 1750 2024 1789 ra-

450 1817 601 1872 tione
641 1821 708 1885 “,
748 1829 810 1874 ut
868 1823 1090 1893 corpori
1133 1835 1513 1894 comparatum
1547 1839 1634 1880 est
1657 1866 1672 1890 ,
1709 1826 1845 1897 legis
1874 1842 2026 1882 acce-

447 1909 713 1978 ptionem,
741 1911 1037 1967 affectuum
1069 1925 1261 1984 pastor
1300 1918 1370 1983 °‘,
1404 1931 1467 1972 ac
1486 1917 1697 1986 peccati
1726 1918 1906 1972 cultor
1930 1917 2026 1974 Ju-

446 1997 691 2054 daaorum
713 2016 867 2055 more
898 2001 1192 2058 eﬂiciatur.

517 2089 605 2144 54.
631 2090 754 2144 Mox
775 2107 838 2146 ac
859 2092 1057 2161 aliquis
1082 2109 1147 2147 ex
1163 2109 1358 2149 sensus
1387 2097 1601 2152 ratione
1630 2096 1704 2151 ita
1730 2105 1792 2151 ut
1807 2098 2025 2168 corpori

447 2189 822 2250 comparatum
884 2193 1003 2248 est,
1059 2183 1396 2254 Scripturam
1452 2189 1702 2256 accipere
1757 2188 2023 2255 desierit,

446 2278 632 2325 mente
669 2287 889 2341 quoque
928 2273 994 2327 ad
1031 2275 1282 2343 spiritum
1311 2285 1510 2329 natura
1534 2277 1715 2331 media
1744 2287 2021 2343 excurret,

445 2377 512 2417 ea
545 2363 868 2432 spiritaliter
904 2381 1090 2435 agens,
1113 2381 1234 2435 qua:
1260 2367 1482 2423 Iudaeus
1515 2370 1875 2438 corporaliter
1900 2385 2026 2440 per-

445 2455 680 2524 agendo,
717 2456 860 2511 irato
895 2458 1007 2512 Deo
1036 2459 1231 2514 utitur.

519 2545 609 2599 55.
645 2546 798 2601 Mens
821 2549 1003 2602 omnis
1032 2549 1217 2605 divina
1260 2550 1464 2621 pietate
1491 2551 1708 2606 excelsa
1737 2560 1900 2621 atque
1929 2568 2024 2606 su—

448 2633 656 2701 blimis,
703 2638 888 2703 simul,
936 2647 1050 2692 tum
1089 2640 1352 2695 vitiorum
1398 2656 1463 2695 ac
1502 2636 2027 2696 libidinum'actum

444 2727 661 2799 jugulat
702 2743 766 2783 ac
803 2730 1096 2795 interimit,
1145 2739 1258 2784 tum
1306 2730 1700 2801 cogitationum
1747 2732 2026 2802 animique

449 2819 722 2874 rationum
749 2821 1069 2876 indecorum
1105 2832 1314 2877 motum
1349 2839 1362 2877 :
1396 2822 1463 2877 ad
1497 2823 1614 2877 haec
1654 2823 1824 2877 etiam
1852 2863 1865 2887 ,
1924 2823 2025 2878 ab-

457 2911 652 2967 usione
676 2920 993 2969 constantes
1012 2914 1246 2969 lascivos
1261 2930 1519 2970 sensuum
1544 2915 1884 2998 operationis
1905 2929 2026 2969 mo-

449 2999 570 3055 dos.
614 3001 746 3056 Neci
793 3003 942 3056 enim
994 3003 1288 3057 traduntur
1329 3003 1561 3059 allectus
1623 3018 1689 3058 ac
1743 3003 2022 3069 libidines,

2123 537 2322 608 ψυχῆς,
2343 539 2470 602 τοὺς
2501 539 2760 608 φυσικοὺς
2785 537 3144 592 ἀποόάλλεται
3179 536 3398 603 λόγους,
3436 535 3510 603 τῇ
3546 549 3718 600 παρα.

2126 631 2320 700 χρήσει
2342 631 2451 684 τῶν
2471 631 2613 685 κατὰ
2635 631 2799 701 φύσιν
2818 631 3098 701 δυνάμεων
3127 629 3327 691 αὐτοὺς
3348 625 3715 694 ὲξαφανὶζων.

2126 714 2296 785 Οὗτος
2341 722 2451 794 γὰρ
2503 723 2636 787 ζῶν,
2682 722 2770 775 ἐπ’
2807 719 3067 793 ἀληθείας
3103 718 3351 774 συντελεῖ
3385 715 3487 769 καὶ
3534 715 3718 768 bubus:

2127 815 2221 868 καὶ
2249 813 2531 876 ἀπόλλυσι,
2589 814 2754 884 σαρκὶ
2813 813 2953 886 μόνῃ
2991 812 3082 866 τὸν
3118 811 3284 880 νόμον
3322 807 3713 877 περιγράφων.

2124 907 2252 968 τοὺς
2273 905 2418 959 κατά
2443 904 2605 974 φύσιν
2644 907 2788 975 φημὶ
2817 905 3011 972 λόγους
3043 903 3139 957 καὶ
3173 901 3502 971 λογισμοὺς,
3547 898 3715 966 τιμῶν

2124 993 2202 1058 ὡς
2233 994 2352 1048 θεῖα
2376 995 2444 1048 τὰ
2469 995 2615 1066 πάθη
2644 995 2746 1065 τῆς
2790 995 3052 1066 ἀτιμίας
3081 993 3225 1064 ἅπερ
3263 995 3314 1045 οί
3366 991 3518 1044 κατά
3561 989 3716 1056 φύσιν

2126 1083 2396 1154 λογισμοὶ,
2459 1083 2832 1154 λαμϐάνοντες
2881 1085 3064 1138 ἄδειαν
3115 1084 3219 1137 ὑπὸ
3274 1081 3371 1135 τοῦ
3415 1081 3596 1149 νόμου
3629 1077 3717 1132 τοῦ

2128 1173 2461 1244 πνεύματος,
2528 1175 2945 1230 ἀποκτείνουσιν
3003 1173 3291 1228 ἐπιτοαυτδ
3368 1173 3469 1225 καὶ
3555 1170 3718 1224 θανα-

2125 1263 2334 1319 τοῢσιν.

2196 1355 2298 1424 vf.
2331 1355 2485 1425 Ἀμα
2522 1373 2608 1420 τις
2642 1356 2742 1428 τὴν
2776 1355 2888 1409 τῶν
2920 1354 3135 1427 ἀρετῶν
3174 1351 3415 1420 λογικῶς
3461 1349 3721 1420 μετέλθοι

2127 1445 2466 1514 φιλοσοφίαν,
2533 1446 2651 1516 ἅμα
2701 1446 2797 1498 καὶ
2840 1444 2939 1514 τὴν
2991 1443 3099 1497 τῶν
3167 1441 3408 1512 Γραφῶν
3458 1442 3608 1511 πρὸς
3662 1441 3723 1492 ca

2126 1533 2344 1606 πνεῦμα
2370 1534 2618 1605 φυσικῶς
2658 1537 2993 1606 μετήνεγκεν
3028 1534 3280 1604 ἐκδοχὴν,
3313 1534 3377 1585 ὲν
3425 1532 3720 1600 καινότητι

2126 1626 2438 1696 πνεύματος
2466 1627 2787 1697 πρακτικῶς
2825 1626 2914 1680 διὰ
2936 1625 3045 1680 τῶν
3075 1624 3298 1696 ὑψηλῶν
3328 1623 3722 1693 θεωρημάτων

2125 1716 2205 1786 τῷ
2233 1715 2353 1787 Θεῷ
2380 1716 2682 1786 λατρεύων,
2727 1717 2824 1769 καὶ
2866 1717 2927 1770 οὐ
2973 1715 3299 1782 παλαιότητι
3351 1714 3719 1782 γράμματος,

2125 1809 2215 1862 διὰ
2243 1809 2342 1878 τῆς
2363 1810 2485 1861 κατ’
2513 1807 2770 1878 αἴσθησιν
2800 1807 2937 1878 πρὸς
2980 1807 3141 1876 σῶμα
3178 1805 3590 1873 ταπεινοτέρας
3626 1803 3719 1856 τοῦ

2126 1900 2292 1970 νόμου
2327 1898 2664 1970 παραδοχῆς,
2711 1897 2947 1969 τροφεὺς
2989 1897 3180 1950 παθῶν
3219 1895 3371 1973 ,κατά
3400 1896 3537 1956 τοὺς
3581 1894 3716 1947 Ἰου-

2124 1991 2310 2055 δαίους
2338 1989 2649 2062 γινόμενος,
2679 1991 2775 2044 καὶ
2814 1989 3093 2062 ἁμαρτίας
3118 1988 3495 2060 θεραπευτής.

2131 2110 2140 2118 ·
2193 2081 2287 2136 νδ’.
2323 2082 2480 2153 Ἅμα
2501 2098 2584 2145 τις
2615 2080 2888 2136 παύσεται
2926 2080 3054 2136 κατ’
3083 2080 3342 2151 αἴσθησιν
3378 2080 3524 2150 πρὸς
3561 2079 3721 2147 σῶμα

2124 2173 2222 2244 τὴν
2250 2172 2474 2244 Γραφὴν
2497 2173 2878 2242 ἐκδεχόμενος,
2916 2171 3033 2242 ἅμα
3057 2173 3154 2226 καὶ
3189 2171 3328 2242 πρὸς
3373 2172 3438 2224 τὸ
3493 2170 3718 2240 πνεῦμα

2127 2264 2267 2319 κατά
2288 2263 2414 2317 νοῦν
2442 2263 2530 2316 διὰ
2568 2264 2744 2333 μέσης
2770 2264 3060 2335 ἀνατρέχει
3089 2266 3190 2334 τῆς
3233 2262 3486 2332 φύσεως,
3531 2264 3719 2314 ἐκεῖνα

2126 2357 2381 2428 πράττων
2413 2356 2822 2426 πνευματικῶς,
2853 2355 2998 2426 ἅπερ
3029 2354 3363 2424 σωματικῶς
3385 2355 3417 2407 ὀ
3461 2354 3715 2416 Ἰουδαῖος

2126 2450 2411 2514 ἐπιτελῶν,
2441 2449 2554 2520 ἔχει
2587 2450 2678 2503 τὸν
2701 2449 2835 2502 Θεὸν
2859 2448 3242 2519 ὀργιζόμενον.

2197 2549 2292 2597 νε’.
2331 2544 2448 2605 Πᾶς
2477 2543 2604 2607 νοῦς
2649 2542 2794 2598 κατὰ
2838 2542 2972 2595 Θεὸν
3017 2541 3220 2611 ὑψηλὸς
3258 2540 3358 2594 καὶ
3407 2540 3712 2610 pessum.

2127 2634 2271 2688 κατὰ
2307 2633 2372 2687 τὸ
2399 2634 2551 2699 αὐτὸ,
2570 2636 2672 2704 τήν
2701 2651 2761 2687 τε
2793 2632 2904 2688 τῶν
2927 2632 3117 2687 παθῶν
3145 2632 3534 2699 κατασφάττει
3564 2631 3717 2697 ἐνέρ-

2125 2745 2299 2798 γειαν,
2341 2729 2438 2781 καὶ
2491 2728 2592 2798 τὴν
2631 2727 2741 2780 τῶν
2785 2726 3062 2797 λογισμῶν
3115 2726 3406 2795 ἀσχήμονα
3459 2725 3713 2794 κίνησιν·

2127 2819 2265 2890 πρὸς
2287 2819 2366 2883 δὲ,
2401 2819 2497 2872 καὶ
2533 2818 2660 2881 τοὺς
2685 2817 2828 2872 κατά
2858 2818 3211 2888 παράχρησιν
3241 2815 3345 2888 τῆς
3372 2815 3490 2869 τῶν
3515 2816 3714 2883 αἰσθήο

2129 2929 2270 2966 σεων
2296 2912 2580 2984 ἐνεργείας
2625 2911 2965 2975 ἀκολάστους
3011 2910 3269 2980 τρόπους.
3330 2907 3716 2978 Ἀναιροῦνται

2127 3001 2237 3073 γὰρ
2255 3002 2324 3056 τὰ
2347 3002 2492 3074 πάθη
2511 3001 2618 3055 ὑπὸ
2641 3001 2751 3055 τῶν
2775 3001 2998 3072 ὑψηλῶν
3022 3001 3123 3072 τῆς
3149 2999 3371 3068 φύσεως
3405 2999 3716 3070 λογισμῶν,

452 3092 784 3147 sublimibus
839 3102 1050 3149 natura:
1108 3094 1422 3149 rationibus
1477 3109 1542 3150 ac
1595 3094 2024 3166 cogitationibus

2132 3092 2272 3148 κατά
2303 3091 2404 3164 τὴν
2429 3092 2640 3164 ὑψηλὴν
2674 3091 2908 3164 θεωρίαν
2935 3090 3408 3165 θριαμϐευόμενα.

451 3183 791 3249 auctoribus,
828 3184 958 3238 dum
992 3185 1220 3239 sublimi
1251 3185 1368 3240 haec
1409 3186 1790 3256 speculatione
1833 3185 2027 3241 trium-

450 3275 770 3345 phoagunL

522 3367 610 3421 56.
663 3366 880 3421 Peccatl
923 3367 1094 3421 robur
1143 3366 1349 3440 (carnis
1388 3369 1600 3425 scilicet
1649 3368 2024 3440 prudentiam)

450 3457 629 3512 sancti
660 3457 1005 3526 baptismatis
1046 3458 1233 3527 gratiae
1268 3468 1641 3527 comparatum
1682 3467 1766 3513 est
1822 3467 1884 3513 ut
1929 3459 2028 3513 ab-

451 3548 622 3611 oleat;
643 3548 952 3616 divinisque
969 3549 1150 3615 reipsa
1175 3549 1468 3618 implendis
1487 3549 1757 3602 mandatis
1772 3549 2027 3617 praastiue

449 3635 797 3699 obedientiae,
837 3644 898 3688 ut
933 3636 1112 3705 gladio
1141 3637 1373 3705 spiritus
1397 3637 1441 3667 “
1476 3637 1697 3707 (divinae
1724 3638 1934 3694 scilicet
1967 3637 2026 3694 in

450 3716 646 3791 spiritu
689 3723 933 3778 scientiae
974 3722 1165 3793 verbo)
1204 3724 1497 3779 interﬁciat
1522 3765 1537 3790 ,
1571 3726 1858 3781 clamando
1898 3743 2018 3799 my-

450 3809 591 3862 stice
621 3807 885 3863 adversus
911 3809 1119 3878 peccati
1142 3809 1342 3875 labem,
1366 3809 1508 3863 haud
1523 3824 1682 3865 secus
1711 3825 1774 3865 ac
1799 3826 2028 3882 magnus

449 3898 668 3954 Samuel
695 3900 762 3953 ad
795 3903 941 3970 Agag
974 3917 987 3954 :
1022 3898 1166 3954 Sicut
1192 3900 1366 3954 liberis
1391 3901 1595 3954 orbavit
1622 3902 1867 3956 mulieres
1902 3902 2026 3972 gla-

449 3991 564 4046 dius
601 3999 740 4058 tuus,
758 3991 908 4046 hodie
939 3990 1113 4046 liberis
1138 3989 1409 4045 orbabitur
1429 4007 1492 4045 ea:
1523 3992 1828 4047 mulieribus
1855 4003 2026 4048 mater

451 4089 543 4136 tua
565 4081 634 4134 “.

519 4172 607 4227 57.
645 4173 842 4228 Multas
876 4172 1148 4228 virtutum
1185 4173 1325 4244 gulae
1368 4172 1588 4238 vitium,
1639 4173 1825 4229 adulta
1861 4175 2024 4230 volu-

448 4259 616 4329 ptatis
670 4260 1029 4331 cogitatione,
1075 4262 1228 4316 velut
1287 4260 1488 4332 gladio,
1541 4261 1736 4318 liberis
1787 4265 2021 4319 orbavit.

449 4350 849 4421 Temperantia:
879 4352 1027 4406 enim
1053 4358 1109 4405 et
1142 4353 1408 4406 castitatis
1437 4368 1536 4422 per
1568 4351 2021 4407 incontinentiam

2196 3358 2304 3418 νς’.
2339 3350 2414 3404 Τὸ
2440 3350 2644 3422 κράτος
2677 3350 2777 3421 τῆς
2821 3350 3116 3420 ἁμαρτίας,
3157 3350 3328 3419 ἦγουν
3360 3349 3422 3403 τὸ
3458 3350 3715 3420 φρόνημα

2126 3442 2226 3512 τῆς
2267 3442 2488 3514 σαρκὸς,
2536 3442 2569 3513 ἡ
2610 3441 2773 3512 χάρις
2817 3441 3103 3510 ἀφανίζειν
3151 3442 3367 3509 πέφυκε
3416 3441 3517 3493 τοῦ
3559 3441 3715 3508 ἁγίου

2129 3534 2533 3606 βαπτίσματος’
2593 3535 2690 3587 καὶ
2736 3533 2771 3602 ή
2818 3532 2940 3586 κατ’
2990 3533 3277 3601 ἐνέργειαν
3326 3532 3552 3601 ὑπακοὴ
3607 3531 3715 3584 τῶν

2128 3624 2287 3678 θείων
2323 3624 2575 3691 ἐντολῶν,
2625 3625 2969 3678 ἀποκτείνειν
3010 3626 3077 3694 τῇ
3118 3623 3369 3694 μαχαίρᾳ
3404 3623 3508 3676 τοῦ
3551 3625 3716 3676 πνεύ-

2130 3732 2319 3786 ματος,
2369 3716 2558 3786 ἤγουν,
2608 3715 2685 3784 τῷ
2740 3717 2949 3786 ῥήματι
2985 3714 3083 3784 τῆς
3137 3713 3290 3776 θείας
3333 3715 3393 3766 ὲν
3432 3713 3716 3782 πνεύματι

2124 3808 2401 3874 γνώσεως,
2431 3806 2612 3876 βοῶσα
2638 3805 2920 3877 μυστικῶς
2952 3806 3091 3876 πρὸς
3114 3805 3174 3858 τὸ
3199 3806 3372 3869 πάθος
3403 3806 3508 3874 τῆς
3534 3807 3716 3874 ἁμαρ⁴

2123 3899 2267 3963 τίσις,
2297 3898 2372 3962 ὡς
2402 3901 2430 3951 ό
2465 3898 2642 3968 μέγας
2674 3897 2809 3969 πρὸς
2841 3897 2932 3951 τὸν
2975 3898 3178 3966 ’Δγαγ,
3228 3897 3513 3966 Σαμουὴ),
3553 3898 3713 3950 ‘ArO‘

2121 3983 2211 4042 ὧν
2238 3991 2548 4058 ἠτέκνωσε
2585 3989 2876 4060 γυναῖκας
2911 3990 2951 4057 ἡ
2985 3987 3253 4057 μάχαιρά
3275 4004 3417 4049 σου,
3443 3989 3713 4042 dtexun-

2124 4080 2372 4148 θήσεται
2410 4081 2679 4149 σήμερον
2709 4079 2778 4133 ἐκ
2814 4078 3119 4149 γυναικῶν
3149 4079 3185 4146 ἠ
3203 4079 3408 4146 μήτηρ
3437 4093 3585 4132 σου.

2194 4173 2292 4236 νζ’.
2347 4171 2558 4235 Πολλὰς
2602 4171 2663 4225 τὸ
2690 4170 2861 4235 πάθος
2887 4171 2988 4242 τῆς
3019 4169 3476 4240 γαστριμαργίας
3517 4170 3596 4233 ὡς
3644 4172 3706 4222 ὲν

2127 4265 2396 4336 μαχαίρᾳ,
2426 4263 2507 4334 τῷ
2529 4263 2719 4335 τελείῳ
2740 4263 2840 4334 τῆς
2871 4263 3065 4334 ἡδονῆς
3091 4261 3362 4331 λογισμῷ.
3392 4260 3716 4329 ἡτέκνωσεν

2125 4357 2345 4428 ἀρετάς.
2369 4357 2482 4427 Τῆς
2508 4355 2607 4426 μὲν
2629 4355 2738 4426 γὰρ
2767 4355 3141 4426 σωφροσύνης,
3179 4353 3268 4407 διὰ
3301 4352 3406 4422 τῆς
3431 4353 3714 4423 ἀκρασίας

446 4441 680 4511 vitaeque
716 4441 990 4496 luxuriam
1016 4441 1316 4510 exstinguit
1353 4443 1601 4507 semina;
1631 4441 1880 4512 justitiaa,
1923 4458 2022 4512 per

2132 4446 2438 4502 ἀποκτείνει
2484 4445 2552 4500 τά
2583 4445 2904 4514 σπέρματα·
2951 4447 3053 4516 τῆς
3083 4443 3437 4513 δικαιοσύνης
3488 4443 3570 4504 δὲ,
3621 4444 3712 4495 διὰ

449 4533 819 4590 insatiabilem
835 4534 1096 4603 modique
1120 4534 1362 4591 nesciam
1384 4535 1623 4591 habendi
1641 4535 2020 4605 cupiditatem,

448 4624 758 4693 corrumpit
797 4623 1195 4692 aequalitatem;
1233 4624 1598 4680 humanitatis
1635 4639 1733 4679 seu
1768 4623 2021 4694 benigni-

450 4715 598 4779 tatis,
641 4730 740 4784 per
777 4729 981 4769 caecum
1029 4729 1094 4771 ac
1143 4717 1419 4771 carnalem
1463 4730 1732 4779 amorem,
1783 4730 1905 4785 quae
1957 4729 2023 4768 ex

450 4813 658 4860 natura:
699 4805 1011 4861 rationibus
1045 4815 1153 4872 est,
1184 4806 1633 4878 conjunctionem
1661 4805 1826 4878 625.
1861 4805 2026 4860 solvit

449 4905 505 4950 et
527 4895 1015 4952 necessitudinem.
1051 4899 1252 4969 Atque,
1289 4906 1350 4951 ut
1381 4912 1593 4952 summa
1630 4897 1810 4952 dicam
1831 4938 1844 4960 ,
1873 4898 2025 4952 nulla

450 4994 578 5040 sunt
599 4986 823 5042 virtutis
851 4991 1099 5059 germina
1121 5003 1243 5059 quae
1276 4987 1417 5058 gula:
1448 4986 1600 5042 labes
1635 5002 1746 5041 non
1778 4986 2024 5057 proclive

453 5077 752 5134 interimat.

517 5169 608 5223 58.
636 5168 790 5224 Gulaa
811 5169 1030 5234 vitium,
1056 5168 1242 5224 divina
1265 5169 1451 5224 omnia
1483 5169 1754 5224 virtutum
1777 5171 2024 5240 germina

451 5258 697 5327 proclive
733 5259 1045 5314 interimit:
1079 5259 1226 5329 quod
1262 5259 1441 5329 ipsum
1485 5259 1611 5314 ﬁdei
1656 5260 1850 5330 gratia,
1885 5261 2027 5317 divi-

451 5346 648 5418 nisque
694 5363 903 5403 morem
947 5350 1188 5420 gerendo
1230 5351 1526 5418 mandatis,
1561 5352 1806 5409 scientiae
1846 5368 2025 5408 sermo

453 5450 724 5508 propenso
745 5439 868 5494 neci
903 5440 1085 5496 tradit.

462 5661 780 5790 “:93l5i’teg.
809 5683 914 5732 xxr,
942 5667 992 5722 6.
1069 5668 1114 5700 ⁸⁸
1147 5653 1306 5724 Itoni.
1340 5685 1380 5736 ι,
1406 5669 1496 5726 26.
1573 5674 1616 5705 ⁸⁸
1646 5673 1801 5728 Hom.
1839 5690 1930 5739 vn,
1965 5673 2018 5728 6.

2121 4539 2220 4609 τῆς
2246 4535 2559 4602 πλεονεξίας
2581 4534 2883 4608 διαφθείρει
2912 4535 3012 4606 τὴν
3049 4535 3349 4604 ἰσονομίαν·
3382 4536 3486 4606 τῆς
3516 4536 3708 4603 φιλαν-

2121 4629 2368 4700 θρωπίας
2395 4629 2476 4696 δὲ,
2505 4627 2596 4682 διὰ
2617 4627 2720 4698 τῆς
2757 4627 3066 4697 φιλαυτίας.
3101 4628 3198 4698 τὴν
3236 4629 3299 4679 ἐκ
3335 4627 3562 4694 φύσεως
3595 4628 3707 4679 δια-

2119 4722 2308 4794 τέμνει
2337 4722 2648 4793 συνέχειαν.
2683 4720 2794 4776 Καὶ
2812 4722 3090 4792 συντόμως
3111 4722 3307 4786 εἰπεῖν,
3347 4721 3576 4773 πάντων
3601 4723 3712 4770 τῶν

2121 4814 2242 4867 κατ’
2309 4812 2511 4885 ἀρετὴν
2571 4812 2932 4882 γεννημάτων
3009 4811 3358 4883 ἀναιρετικόν
3423 4813 3550 4864 ἐστι
3612 4816 3710 4882 τῆς

2120 4904 2567 4974 γαστριμαργίας
2595 4903 2658 4957 τὸ
2687 4903 2881 4968 πάθος.

2190 5162 2293 5233 νη’.
2320 5161 2393 5216 Τὸ
2432 5162 2530 5233 τῆς
2565 5163 3012 5232 γαστριμαργίας
3043 5159 3236 5222 πάθος,
3275 5158 3462 5213 πάντα
3485 5161 3564 5222 τὰ
3594 5160 3712 5213 θεῖα

2118 5251 2228 5306 τῶν
2263 5251 2474 5322 ἀρετῶν
2504 5251 2848 5306 ἀποκτείνειν
2881 5252 3202 5321 γεννήματα
3249 5251 3537 5318 πέφυκεν·
3578 5251 3712 5304 αὐτὸ

2120 5344 2178 5397 δὲ
2219 5345 2284 5414 τῇ
2334 5360 2394 5395 τε
2431 5342 2616 5414 χάριτι
2657 5343 2760 5414 τῆς
2805 5343 3064 5406 πίστεως,
3097 5343 3190 5395 καὶ
3223 5344 3285 5412 τῇ
3325 5341 3558 5414 ὑπακοῇ
3603 5343 3711 5396 τῶν

2121 5434 2285 5489 θείων
2331 5433 2584 5500 ἐντολῶν,
2625 5434 2717 5488 διὰ
2760 5433 2855 5489 τοῦ
2897 5434 3038 5488 κατὰ
3069 5433 3165 5505 τὴν
3199 5432 3406 5503 γνῶσιν
3440 5435 3708 5488 ἀποκτεί-

2121 5545 2178 5582 νε
2187 5545 2274 5580 ται
2311 5526 2494 5596 λόγου.

2742 5671 2786 5702 "
2841 5668 3040 5739 Ephes.
3094 5686 3167 5734 vr,
3223 5671 3308 5724 l7.
3409 5669 3455 5700 “
3496 5668 3523 5724 ι
3573 5669 3705 5740 Reg.

2125 5674 2166 5706 "
2201 5672 2337 5729 Gen.
2386 5684 2524 5730 XLVI.
2556 5669 2644 5725 32.
