3922 6348
276 344 415 409 I373

987 345 1324 406 CAPITUM
1362 345 1790 418 QUINQUIES
1828 346 2349 409 CENTENORUM
2388 342 2778 407 CENTURIA
2814 345 2881 407 ν.

3407 336 3543 405 13⁸74

337 459 442 515 νϐ’.
472 458 593 522 Φῶς
623 457 766 511 ἔστιν
803 458 879 522 ώς
912 445 1131 529 ἀληθῶς
1158 459 1328 513 ὲθνῶν
1368 462 1396 514 ὁ
1439 461 1642 531 Κύριος
1670 462 1850 533 ἡμῶν,

2028 462 2116 516 59.
2154 462 2420 516 Dominus
2463 468 2654 516 noster
2687 461 2875 514 lumen
2910 466 2997 513 est
3032 455 3282 527 gentium
3308 454 3376 520 ⁸⁵,
3408 470 3541 512 vere

276 546 677 605 ἀποκαλύπτων
714 548 901 610 αὐτοῖς
939 548 1030 601 διὰ
1066 549 1165 617 τῆς
1200 548 1439 619 ἀληθοῦς
1477 550 1850 619 ἐπιγνώσεως.

274 641 401 703 τοὺς
424 639 505 710 τῷ
542 639 690 710 ζόφῳ
716 641 813 709 τῆς
842 640 1068 707 ἀγνοίας
1098 642 1513 710 ὲπιμεμυκότας
1540 642 1854 711 ὀφθαλμοὺς

275 732 377 801 τῆς
422 731 686 795 διανοίας,
734 733 829 784 καὶ
880 731 1033 794 θείας
1074 732 1301 800 ἀγωγῆς
1353 732 1515 785 πάλιν
1557 734 1855 802 ἑτοιμάσας

279 824 471 877 ἑαυτὸν
499 827 613 887 τοῖς
647 825 858 886 πιστοῖς
887 823 1059 887 λαοῖς,
1090 824 1293 892 ἀγαθὸν
1330 823 1535 895 ἀρετῆς
1576 824 1854 893 ὲξεμπλά-

284 929 423 983 ριον,
452 912 754 984 προσώπου
786 912 880 965 τοῦ
916 914 1038 967 κατ’
1082 913 1306 985 ἀρετὴν,
1350 914 1715 985 ὑπογραμμὸς
1755 917 1855 969 αὐ-

280 1005 394 1069 τοῖς
423 1005 718 1075 γενόμενος
748 1004 844 1057 καὶ
872 1005 1245 1071 ὑποτύπωσις,
1286 1004 1423 1075 πρὸς
1443 1005 1502 1058 ὃν
1541 1007 1857 1079 ἀφορῶντες

280 1096 358 1161 ὡς
388 1097 631 1168 ἀρχηγὸν
657 1097 758 1168 τῆς
792 1096 1067 1167 σωτηρίας
1109 1097 1288 1169 ἡμῶν,
1332 1098 1432 1162 τάς
1469 1099 1675 1168 ἀρετὰς
1714 1098 1858 1153 κατὰ

285 1188 534 1260 μίμησιν,
574 1188 651 1253 ὡς
689 1192 818 1260 ἡμῖν
860 1192 982 1244 νὲστι
1032 1189 1289 1255 δυνατὸν,
1342 1190 1721 1262 κατορθοῦμεν
1770 1192 1857 1246 διὰ

280 1278 381 1348 τῆς
409 1279 684 1348 πράξεως.

355 1366 416 1431 ξ’.
446 1368 562 1432 Πᾶς
594 1371 622 1422 ό
650 1369 737 1422 διά
769 1369 963 1437 φθόνον
994 1368 1170 1439 μισῶν
1195 1370 1290 1424 καὶ
1318 1371 1505 1435 κακῶς
1551 1371 1858 1445 διαθρυλῶν

281 1460 403 1523 ταῖς
457 1460 731 1524 διαϐολαῖς
768 1461 860 1515 τὸν
894 1463 950 1514 ὲν
981 1464 1093 1525 τοῖς
1119 1463 1293 1531 ἀγῶσι
1332 1462 1441 1516 τῶν
1484 1465 1718 1534 ἀρετῶν,
1762 1466 1859 1520 καὶ

280 1554 349 1622 τῇ
384 1553 673 1625 περιουσίᾳ
720 1553 815 1607 τοῦ
857 1554 1016 1623 λόγου
1058 1545 1158 1624 τῆς
1193 1558 1567 1627 πνευματικῆς
1602 1558 1859 1626 γνώσεως

280 1644 668 1717 δυνατώτερον,
729 1647 901 1701 Σαούλ
945 1650 1064 1700 ἐστι
1106 1648 1330 1720 πονηρῷ
1387 1650 1859 1719 καταπνιγόμενος

283 1740 576 1810 πνεύματι,
615 1741 687 1813 μὴ
724 1743 906 1812 φέρων
949 1742 1012 1795 τὸ
1045 1744 1202 1807 κλέος
1235 1743 1335 1814 τῆς
1372 1744 1494 1797 κατ’
1524 1744 1726 1816 ἀρετὴν
1761 1746 1858 1799 καὶ⁵

282 1830 484 1900 γνῶσιν
516 1833 862 1902 εὐδαιμονίας
891 1831 988 1884 τοῦ
1025 1832 1372 1903 κρείττονος·
1424 1834 1519 1888 καὶ
1574 1835 1661 1888 διά
1707 1834 1864 1888 τοῦτο

288 1922 453 1977 πλέον
484 1924 831 1994 μαινόμενος,
891 1925 972 1977 ὅτι
1026 1924 1100 1994 μὴ
1155 1924 1382 1978 δύναται
1427 1924 1519 1978 τὸν
1572 1926 1866 1998 εὐεργέτην

282 2013 741 2085 διαχειρίσασθαι.
772 2016 1042 2081 Πολλάκις
1065 2018 1121 2071 δὲ
1161 2018 1254 2071 καὶ
1284 2016 1444 2070 αὐτὸν
1477 2017 1866 2087 ἀποπέμπεται

287 2104 503 2175 πικρῶς
552 2104 644 2157 τὸν
692 2104 946 2174 φίλτατον
989 2107 1266 2166 Ἰωνάθαν,
1307 2106 1399 2160 τὸν
1441 2106 1683 2177 ἔμφυτον
1724 2107 1867 2176 λέγω

287 2195 431 2248 κατὰ
456 2194 760 2265 συνείδησιν
775 2195 1053 2267 λογισμὸν,
1074 2196 1136 2249 τὸ
1161 2196 1346 2250 ἄδικον
1375 2198 1533 2266 μῖσος
1550 2196 1864 2267 ἐλέγχοντα,

290 2286 388 2340 καὶ
442 2286 537 2340 τοῦ
603 2290 936 2358 μισουμένου
994 2287 1304 2359 φιλαλήθως
1364 2288 1748 2359 ἀφηγούμενον
1797 2288 1869 2343 τὰ

292 2378 716 2450 κατορθώματα.

364 2470 465 2537 ξαν.
496 2470 981 2543 Παρακαλέσωμεν
1019 2473 1113 2525 καὶ
1141 2473 1301 2542 ἡμεῖς
1328 2470 1650 2543 τὺννοητδν
1678 2472 1864 2535 Δα6“ιδ,

290 2561 566 2634 ἑπηχῆσαι
595 2566 660 2634 τῇ
690 2564 894 2634 κιθάρᾳ
933 2566 1031 2634 τῆς
1068 2564 1449 2635 πνευματικῆς
1489 2564 1726 2636 θεωρίας
1773 2567 1869 2620 καὶ

290 2648 568 2717 γνώσεως,
604 2651 1109 2721 έπιληπτευόμενον
1149 2654 1263 2714 τοῖς
1288 2651 1495 2714 ὑλικοῖς
1517 2652 1589 2722 (Ιί)
1618 2652 1707 2704 τὸν
1735 2652 1870 2722 ἠμέ-

290 2759 449 2810 τερον
484 2742 631 2808 νοῦν,
663 2742 759 2795 καὶ
804 2742 1074 2796 ἀπελάσαι
1121 2742 1182 2795 τὸ
1227 2743 1467 2813 πονηρὸν
1504 2742 1722 2814 πνεῦμα
1772 2746 1870 2815 τῆς

292 2833 429 2905 πρὸς
468 2834 720 2905 αίσθησιν
749 2834 941 2903 ὑλικῆς
989 2833 1368 2903 περιπετείας,
1413 2833 1503 2887 ἵνα
1551 2834 1869 2905 δυνηθῶμεν

293 2923 489 2993 νοῆσαι
546 2923 634 2976 τὸν
684 2923 849 2992 νόμον
893 2924 1304 2994 πνευματικῶς,
1361 2924 1579 2978 καὶτὸν
1621 2927 1679 2979 ὲν
1721 2926 1871 2997 αὑτῷ

293 3016 680 3087 κεκρυμμένον
727 3016 888 3084 λόγον
952 3016 1216 3085 μυστικὸν
1264 3018 1472 3088 εὑρεῖν,
1527 3019 1623 3073 καὶ
1681 3018 1871 3089 κτῆμα.

292 3107 626 3175 ποιήσασθαι
652 3107 875 3178 διαρκὲς
912 3108 1048 3178 πρρς
1081 3108 1290 3176 ἐφόδιον
1328 3108 1473 3179 ζωῆς
1499 3109 1694 3164 ἀϊδίου.

366 3197 463 3266 ξβ’.
516 3199 630 3260 Πᾶς
667 3200 694 3250 ό
739 3197 1014 3268 σωτηρίας
1047 3199 1210 3269 ἐρῶν,
1252 3198 1286 3269 ἢ
1327 3198 1524 3269 πράξει
1576 3200 1797 3263 πάντως
1834 3200 1868 3269 ἢ

293 3290 498 3360 θεωρίᾳ
530 3290 875 3361 προσανέχει.
934 3291 1161 3361 Ἀρετῆς
1208 3290 1318 3361 γὰρ
1352 3291 1445 3344 καὶ
1486 3289 1739 3359 γνώσεως
1762 3309 1873 3361 χω·-

296 3380 401 3450 ρὶς,
429 3380 679 3449 οὐδαμῶς
706 3379 882 3442 οὐδεὶς
910 3378 1129 3432 πώποτε
1152 3383 1336 3450 τυχεῖν
1365 3381 1638 3451 σωτηρίας
1657 3381 1875 3451 δεδύνη-

291 3488 382 3524 ται
401 3489 415 3503 ·
447 3472 603 3541 εἴπερ
632 3471 834 3540 ἀρετῆς
870 3471 988 3536 μὲν,
1025 3472 1086 3524 τὸ
1113 3471 1336 3525 τάσσειν
1364 3472 1466 3543 τὴν
1490 3473 1583 3525 τοῦ
1620 3472 1872 3543 σώματος

293 3563 526 3631 κίνησιν,
553 3558 662 3615 οἷον
693 3562 897 3633 χαλινῷ
925 3581 1032 3615 τινι
1058 3563 1134 3631 τῷ
1168 3546 1313 3634 ὀρθῷ
1342 3563 1592 3633 λογισμῷ
1614 3565 1712 3634 τῆς
1738 3565 1872 3633 πρὸς

292 3654 523 3707 ἀτοπίαν
566 3655 739 3723 φορᾶς
771 3655 1152 3724 ἐπιστημόνως
1199 3653 1652 3724 ἀναχαιτιζούσης
1677 3672 1690 3684 ·
1730 3656 1873 3726 ,θεω-

298 3743 420 3814 ρίας
459 3744 537 3807 δὲ,
593 3745 655 3796 τὸ
701 3744 770 3797 τὰ
830 3744 1015 3807 καλῶς
1059 3743 1327 3813 νοηθέντα
1367 3761 1427 3796 τε
1467 3744 1563 3797 καὶ
1612 3743 1873 3813 κριθέντα

294 3836 585 3906 ἐμφρόνως
612 3835 890 3907 αἱρεῖσθαι
909 3835 1265 3907 ψηφίζεσθαι.

371 4009 474 4078 εγ’.
521 4008 741 4080 Ἐπειδὴ
780 4010 965 4081 νοερὸν
1008 4010 1104 4081 μέν
1132 4009 1332 4063 ἔστιτὸ
1368 4009 1547 4074 νοοῦν,
1586 4008 1778 4079 νοητὸν
1813 4009 1873 4062 δὲ

293 4100 356 4155 τὸ
379 4100 691 4170 νοούμενον,
727 4103 903 4172 τροφὴ
933 4101 989 4155 δὲ
1018 4102 1113 4155 καὶ
1137 4096 1248 4154 οἷον
1293 4099 1558 4164 σύστασις
1577 4099 1672 4153 τοῦ
1696 4101 1875 4155 νοοῦν-

290 4212 389 4257 τος
413 4194 475 4248 τὸ
499 4195 826 4265 νοούμενον
879 4194 1107 4258 εἰκότως
1158 4196 1186 4248 ὁ
1228 4194 1360 4257 Θεὸς
1394 4192 1491 4247 ἀτε
1533 4194 1670 4247 νόων
1700 4194 1873 4249 ὄντων

292 4283 402 4338 τῶν
437 4284 769 4355 ἀσωμάτων,
803 4284 965 4347 αὐτὸς
993 4283 1299 4354 νοούμενος,
1330 4284 1423 4336 καὶ
1472 4284 1662 4353 νοητὸς
1690 4285 1874 4349 αὐτοῖς

295 4375 419 4428 καθ’
468 4377 590 4429 ὅσον
646 4375 995 4443 ἐφικνοῦνται
1050 4374 1373 4443 γινόμενος,
1421 4374 1625 4427 ἔσωθεν
1672 4375 1875 4439 αὐτοὺς

293 4467 585 4539 ὲλλάμπει,
616 4470 709 4522 τοῦ
738 4467 829 4521 νοῦ
863 4468 1111 4531 νοοῦντός
1141 4484 1201 4520 τε
1230 4467 1325 4521 καὶ
1349 4467 1708 4556 τρεφρμένου.

367 4647 461 4713 ξδ’.
505 4645 732 4718 Ἐτερόν
780 4648 897 4700 ὲστι
934 4645 1144 4715 νοητὸν,
1187 4647 1279 4699 καὶ
1320 4644 1508 4714 ἕτερον
1539 4643 1745 4714 νοερόν.
1798 4644 1875 4697 Τὸ

293 4738 404 4809 γὰρ
425 4739 634 4809 νοητὸν,
666 4738 840 4810 τροφὴ
884 4731 975 4791 οἷά
1011 4753 1116 4800 τις,
1159 4735 1235 4799 ώς
1269 4734 1507 4805 εἴρηται,
1549 4733 1644 4787 τοῦ
1686 4736 1876 4806 νοεροῦ

369 4857 413 4889 ⁸⁸
438 4856 572 4912 Luc.
604 4873 664 4923 ιι,
690 4856 781 4911 '52.
859 4854 915 4887 ιε’
934 4852 1101 4909 Hebr.
1136 4868 1229 4918 xu,
1257 4852 1312 4905 2.
1388 4851 1433 4883 ⁸⁸
1460 4850 1482 4904 l
1518 4850 1652 4921 Reg.
1685 4867 1775 4917 xx,
1806 4853 1895 4910 50.

368 4970 441 5041 (k)
484 4970 1073 5039 Ἐπιληπτευόμενον
1116 4969 1244 5032 τοῖς
1278 4967 1533 5033 ὑλικοῖς.
1564 4966 1669 5033 Qui
1712 4971 1867 5026 velut

295 5041 565 5104 daemone,
607 5041 690 5095 sic
719 5042 957 5095 terrenis
984 5052 1523 5108 eorumqueramore
1587 5046 1864 5107 teneatur,

293 5111 707 5177 arreptitiorum
731 5126 909 5176 more;
944 5111 1076 5165 dum
1106 5106 1215 5164 hoc
1236 5107 1452 5163 animus
1476 5106 1593 5175 ipse
1635 5109 1865 5177 patitur,

293 5177 443 5250 quod
476 5181 624 5236 Saul.
651 5195 885 5250 corpore
909 5196 940 5235 a
959 5181 1229 5243 daemone,
1256 5193 1287 5232 a
1314 5192 1425 5250 quo
1463 5177 1656 5250 mitius
1679 5179 1870 5250 habe—

294 5246 411 5320 bat,
472 5250 679 5305 Davide
714 5246 967 5320 pulsante
1003 5251 1292 5305 citharam.
1349 5246 1468 5320 Non
1502 5246 1649 5320 bene
1678 5249 1863 5316 Picus,

294 5319 464 5375 Rebus
498 5315 880 5392 materia—libus.
912 5321 1065 5392 quasi
1089 5323 1268 5375 morbo
1292 5315 1547 5392 comitiali
1578 5315 1865 5392 laboranti,

336 5404 418 5461 nae
445 5398 526 5461 est
561 5391 735 5445 altera
760 5387 934 5461 hujus
956 5392 1109 5447 vocis
1144 5387 1416 5461 acceptio,
1462 5387 1709 5461 secundo
1746 5390 1868 5445 loco

344 5460 568 5538 esycliio
599 5461 798 5541 posita,
825 5458 917 5541 καὶ
944 5464 977 5541 ό
1002 5464 1067 5532 τῇ
1107 5462 1226 5541 ἱερᾷ
1256 5458 1420 5541 ,νόσω
1474 5458 1864 5541 συνεχόμενος*

295 5524 569 5593 Quisacro
600 5524 802 5595 inorbo,
830 5530 884 5585 id
903 5540 1007 5595 est,
1028 5524 1313 5591 comitiali,
1347 5524 1571 5579 laborat.
1604 5524 1698 5581 Sic
1717 5530 1866 5583 enim

294 5596 710 5682 laborantinon
734 5600 962 5682 prodest
988 5600 1203 5682 mystici
1237 5595 1460 5682 pavidis
1501 5596 1749 5682 cithara,‘
1782 5599 1865 5654 uti

295 5680 400 5721 nec
457 5668 608 5724 Sauli
656 5664 970 5740 profuisset,
1010 5664 1063 5725 si
1107 5670 1200 5725 hic
1223 5668 1344 5740 ejus
1365 5664 1563 5740 fuisset
1611 5669 1862 5740 morbus,

295 5750 424 5794 cum
442 5735 675 5797 auctore
706 5738 963 5797 Traliano
988 5749 1045 5797 et
1070 5735 1418 5812 experientia
1440 5742 1598 5809 teste,
1632 5737 1712 5793 sic
1736 5753 1862 5794 cor-

1961 551 2181 606 clausos
2206 550 2532 622 ignorantire
2555 548 2790 619 caligine
2832 546 3034 602 mentis
3069 545 3279 608 oculos,
3314 560 3459 600 verae
3484 545 3539 600 in

1960 639 2041 693 eis
2071 640 2366 710 agnitionis
2392 639 2514 693 luce
2547 644 2802 707 retegens
2833 651 2899 690 ac
2930 633 3206 704 aperiens,
3236 648 3543 702 rursusque

1962 730 2163 785 divinae
2190 729 2557 785 institutionis
2582 744 2645 784 ac
2670 727 2996 796 disciplinae,
3034 726 3150 796 ipse
3188 741 3247 780 se
3289 724 3544 779 ﬁdelibus

1963 822 2183 893 populis
2214 821 2451 891 probum
2478 820 2694 892 paravit
2723 818 2946 873 virtutis
2975 816 3327 872 azmulatione
3354 831 3541 870 exem-

1962 916 2148 985 plum;
2189 913 2413 968 virtutis
2455 918 2650 967 ornata
2686 909 2856 966 iacies
2900 923 2965 963 ac
3006 922 3197 962 norma
3240 906 3347 960 illis
3400 906 3542 961 elle-

1964 1017 2119 1074 ctus;
2171 1006 2227 1061 in
2273 1022 2437 1077 quem
2466 1005 2817 1076 aspicientes,
2833 1002 2987 1056 velut
3030 1010 3313 1055 auctorem
3345 1015 3410 1053 ac
3439 998 3547 1053 du.

1963 1116 2084 1156 cem
2139 1099 2333 1154 salutis
2387 1106 2593 1153 nostra:
2639 1097 2706 1159 ⁸⁸,
2754 1094 2994 1148 virtutes
3054 1092 3201 1146 illius
3254 1090 3543 1156 imitando,

1969 1191 2151 1263 quoad
2205 1192 2368 1247 nobis
2418 1202 2744 1245 concessum
2778 1196 2883 1251 est,
2923 1184 3159 1239 actionis
3201 1184 3353 1238 cultu
3402 1199 3544 1252 pra:-

1964 1294 2196 1340 stamus.

2035 1378 2121 1433 60.
2157 1376 2421 1446 Quisquis
2447 1390 2559 1445 prae
2608 1372 2813 1429 invidia
2857 1370 2973 1426 odit
3019 1385 3083 1425 ac
3128 1368 3272 1424 male
3324 1368 3547 1438 sugillat

1965 1465 2319 1534 detrahitque
2343 1462 2417 1529 ei,
2445 1461 2540 1531 qui
2561 1460 2784 1515 virtutis
2807 1456 3209 1513 certaminibus
3252 1455 3544 1509 abundan-

1967 1557 2151 1626 tiaque
2195 1554 2469 1610 sermonis
2511 1550 2779 1623 spiritalis
2829 1549 3077 1605 scientiae
3123 1546 3405 1618 potentior
3437 1555 3543 1608 eSt,

1967 1650 2097 1706 Saul
2126 1659 2211 1706 est
2239 1647 2578 1719 nequissimo
2609 1658 2907 1714 oppressus
2929 1642 3150 1712 spiritu,
3177 1642 3299 1712 ejus
3329 1640 3424 1709 qui
3453 1639 3546 1693 illo

1965 1740 2315 1812 praestantior
2335 1746 2439 1803 est,
2457 1735 2681 1792 virtutis
2696 1734 2867 1790 decus
2886 1742 2943 1789 et
2962 1731 3208 1789 scientiae
3227 1731 3547 1787 felicitatem

1899 1820 1937 1878 Β
1967 1833 2111 1888 ferre
2132 1848 2241 1887 non
2275 1832 2497 1897 valens;
2526 1829 2767 1898 hincque
2796 1828 3061 1896 majorem
3092 1824 3149 1879 in
3191 1823 3415 1878 modum
3446 1821 3546 1877 de-

1966 1924 2173 1979 mentia
2216 1923 2425 1988 furens,
2470 1920 2619 1990 quod
2658 1921 2839 1990 ipsum
2875 1918 2971 1987 qui
3002 1916 3297 1981 demeruit,
3332 1914 3545 1970 interii-

1967 2032 2093 2073 cere
2114 2031 2226 2070 non
2249 2022 2451 2085 potest.
2484 2012 2597 2067 Nec
2626 2026 2749 2066 raro
2766 2009 3153 2065 charissimum
3185 2005 3545 2062 Jonathanem

1967 2111 2104 2165 dure
2140 2107 2357 2179 repellit
2398 2107 2443 2138 “
2484 2103 2819 2175 (naturalem
2859 2101 3071 2157 scilicet
3122 2097 3416 2170 rationem)
3448 2097 3550 2152 ini-

1968 2215 2140 2270 quum
2187 2198 2375 2252 odium
2431 2194 2956 2266 reprehendentem,
3002 2191 3233 2260 ejusque
3280 2191 3375 2259 qui
3420 2188 3549 2244 odio

1967 2288 2260 2352 habeatur,
2319 2286 2490 2341 animi
2559 2283 2803 2339 candore
2866 2282 3131 2352 praeclara
3202 2280 3344 2334 facta
3408 2279 3550 2335 refe-

1969 2394 2067 2434 ren
2076 2390 2181 2432 tem
2192 2417 2205 2431 .

2040 2470 2129 2524 61.
2160 2469 2270 2522 Nos
2294 2481 2517 2536 quoque
2542 2463 2844 2535 spiritalem
2885 2459 3142 2516 Davidem
3168 2457 3546 2523 Obsecremus,

1970 2568 2032 2615 ut
2057 2558 2323 2628 spiritalis
2345 2553 2833 2625 contemplationis
2866 2568 2930 2607 ac
2966 2551 3213 2606 scientiae
3235 2549 3447 2603 cithara
3478 2549 3547 2616 "',

1971 2660 2321 2705 terrenorum
2353 2647 2553 2701 affectu
2592 2645 2899 2715 plianaticze
2939 2642 3112 2698 menti
3135 2649 3339 2696 nostra:
3369 2655 3433 2695 ac
3462 2656 3552 2695 ar-

1971 2740 2208 2811 reptitite
2234 2740 2473 2801 insonet,
2497 2753 2561 2792 ac
2584 2736 2984 2806 nequissimum
3025 2733 3285 2804 spiritum
3318 2741 3552 2787 terrenae

1970 2849 2166 2889 sensus
2186 2831 2470 2886 varietatis
2503 2829 2706 2899 abigat,
2743 2836 2803 2882 ut
2834 2826 3156 2897 spiritaliter
3180 2825 3342 2879 nobis
3373 2825 3550 2894 legem

1971 2925 2282 2995 intelligere
2314 2923 2497 2987 liceat,
2522 2921 2689 2991 inque
2724 2934 2790 2974 ea
2813 2918 3077 2973 latentem
3112 2915 3403 2987 mysticum
3431 2930 3550 2970 ser-

1971 3034 2192 3074 monem
2236 3015 2530 3081 invenire;
2566 3028 2649 3080 ac,
2691 3010 2837 3081 quod
2869 3010 3005 3065 satis
3028 3009 3125 3076 sit,
3154 3008 3210 3063 in
3242 3008 3370 3063 vitae
3394 3014 3552 3062 aeter-

1973 3126 2058 3165 nae
2076 3109 2338 3164 viaticum
2373 3119 2718 3177 comparare.

2045 3201 2135 3256 62.
2175 3198 2439 3270 Quisquis
2479 3195 2672 3251 salutis
2717 3208 2904 3248 amore
2938 3198 3184 3255 tenetur,
3214 3194 3310 3245 aut
3348 3188 3552 3245 actioni

1972 3308 2204 3365 prorsus
2277 3298 2373 3346 aut
2446 3284 2903 3356 contemplationi
2970 3283 3217 3337 animum
3290 3278 3548 3335 intendit.

1972 3384 2194 3453 Absque
2239 3383 2385 3437 enim
2441 3382 2649 3435 virtute
2696 3387 2753 3435 et
2802 3377 3055 3441 scientia,
3105 3388 3267 3429 nemo
3308 3385 3553 3441 unquam

1972 3475 2207 3530 salutem
2249 3473 2429 3543 potuit
2463 3472 2731 3541 adipisci;
2774 3470 2978 3539 quippe
3022 3481 3149 3522 cum
3193 3464 3417 3519 virtutis
3457 3461 3550 3526 sit,

1974 3574 2036 3619 ut
2063 3565 2315 3634 corporis
2346 3571 2559 3617 motum
2603 3570 2918 3631 componat,
2960 3573 3082 3628 quae
3112 3555 3370 3611 videlicet
3402 3553 3557 3607 velut

1974 3656 2133 3711 freno
2159 3657 2422 3725 quodam,
2467 3664 2618 3710 recta
2658 3651 3128 3712 consideratione,
3172 3663 3240 3703 ne
3270 3647 3337 3701 ad
3373 3645 3553 3715 turpia

1974 3760 2037 3799 ac
2064 3746 2338 3797 luxuriam
2361 3744 2660 3808 dilabatur,
2697 3745 2871 3812 perite
2897 3744 3071 3811 ipsam
3102 3740 3360 3796 cohibeat
3386 3757 3399 3803 ;
3425 3754 3555 3793 cen-

1977 3833 2351 3903 templationis
2373 3844 2528 3898 vero,
2564 3842 2627 3887 ut
2649 3833 2821 3901 probe
2858 3833 3135 3887 intellecta
3163 3847 3229 3886 ac
3252 3831 3553 3901 prudenter

1970 3925 2234 3996 judicata,
2269 3924 2519 3994 eligenda
2551 3924 2843 3978 decernat.

2042 4015 2206 4087 625
2253 4016 2343 4071 65.
2391 4014 2531 4070 Cum
2578 4014 2951 4069 intellectuale
3006 4010 3236 4083 (νοερὸν)
3285 4010 3357 4064 sit
3401 4009 3547 4078 quod

1976 4104 2270 4175 intelligit;
2316 4111 2372 4159 et
2400 4103 2688 4173 intelligile
2719 4100 2954 4174 (νοητὸν)
2988 4100 3145 4170 ‘quod
3182 4098 3551 4168 intelligitur:

1974 4198 2094 4267 ejus
2117 4212 2251 4251 vero
2290 4195 2436 4266 quod
2480 4194 2740 4265 intelligit
2782 4193 3105 4248 alimentum
3137 4207 3202 4247 ac
3242 4190 3395 4245 velut
3424 4189 3557 4244 sub-

1976 4286 2177 4343 stantia
2220 4288 2313 4353 sit,
2357 4288 2505 4357 quod
2550 4286 2914 4358 intelligitur;
2960 4283 3161 4339 merito
3206 4283 3373 4345 Deus,
3428 4295 3555 4335 cum

1980 4377 2219 4449 Spiritus
2253 4388 2468 4435 mentes
2493 4379 2627 4444 sint,
2653 4379 2769 4448 ipse
2801 4378 3137 4442 intellectus,
3169 4391 3233 4430 ac
3263 4373 3442 4443 quoad
3471 4373 3556 4428 eis

1902 4507 1948 4563 Β
1979 4469 2200 4539 assequi
2239 4469 2390 4536 licet,
2428 4470 2495 4524 iis
2527 4469 2707 4524 factus
2733 4466 3119 4538 intelligibilis,
3139 4465 3374 4520 interius
3404 4463 3556 4533 ipsos

1974 4560 2236 4627 illustrat,
2277 4561 2358 4617 sic
2394 4568 2457 4615 ut
2493 4576 2651 4617 mens
2682 4568 2740 4615 et
2763 4558 3033 4629 intelligat
3056 4564 3114 4612 et
3144 4557 3343 4612 alatur.

2048 4651 2136 4707 64.
2168 4652 2334 4707 Aliud
2368 4660 2453 4707 est
2491 4652 2837 4723 intelligibile
2869 4648 3106 4721 (νοητὸν)
3129 4658 3185 4705 et
3216 4646 3365 4703 aliud
3393 4644 3557 4700 intel-

1978 4742 2214 4798 lectuale
2244 4742 2493 4817 (νοερόν.)
2530 4743 2670 4801 Illud
2695 4744 2867 4808 enim,
2898 4742 2979 4797 uti
3015 4740 3225 4798 dictum
3254 4748 3360 4805 est,
3388 4737 3554 4809 hujus

1973 4857 2016 4888 ⁸⁷
2048 4858 2069 4913 Ι
2099 4859 2234 4931 Reg.
2267 4875 2379 4923 xvr,
2417 4858 2504 4914 16.

1978 4976 2143 5045 repti,
2174 4992 2280 5031 nec
2332 4975 2577 5040 audiant,
2625 4988 2729 5045 nec
2780 4973 3047 5045 videant,_
3086 4986 3192 5045 nec
3220 4970 3553 5045 intelligant,

1974 5040 2071 5100 sed
2129 5047 2375 5099 omnium
2413 5060 2676 5100 sensuum
2711 5044 2970 5097 facultate
3017 5040 3269 5095 destituti
3314 5040 3552 5108 jaceant,

1970 5115 2110 5168 nihil
2138 5116 2457 5169 dill'erentes
2499 5131 2529 5169 a
2578 5114 2831 5169 mortuis.
2870 5113 2938 5165 At
2964 5126 3066 5166 nec
3091 5109 3377 5179 sequentia
3411 5109 3557 5179 bene

1969 5184 2206 5249 reddita,
2236 5186 2296 5238 τὸ
2326 5185 2560 5253 πονηρὸν
2579 5184 2798 5252 πνεῦμα
2828 5183 2927 5253 τῆς
2965 5178 3553 5253 ὑλικῆς-περιπετείας,

1970 5247 2273 5325 Malignum
2298 5247 2548 5325 spiritum
2576 5247 2894 5307 temeritatis
2922 5247 3236 5306 mater-iulia.

1971 5316 2228 5394 αἴσθῆσιν
2268 5316 2517 5379 additum
2564 5340 2632 5378 ex
2677 5338 2808 5377 mss.
2846 5316 3555 5394 terrenorum_vicissitudo

1962 5400 2047 5448 est
2072 5388 2374 5464 eorumque
2406 5394 2792 5464 συμπτώματα
2818 5399 3082 5464 e_t_easus,
3112 5388 3257 5464 unde
3289 5388 3369 5442 sic
3395 5388 3551 5464 varie

1962 5480 2159 5519 sensus
2199 5457 2454 5529 adicitur,
2478 5457 2555 5520 "ac
2589 5457 2723 5516 vitia
2766 5461 2929 5516 nobis
2972 5459 3375 5531 propignuntur
3414 5474 3428 5509 :
3471 5457 3553 5513 sic

1961 5534 2108 5588 enim
2154 5535 2317 5589 nobis
2363 5526 2479 5589 haec
2522 5532 2811 5603 allegoria,
2854 5526 3093 5600 πονηρόν
3138 5526 3548 5603 πνεῦμα-,μου

1963 5603 2326 5659 materialium
2368 5597 2670 5668 temeritas:
2703 5618 2824 5672 quae
2868 5597 2991 5655 non
3026 5609 3137 5653 tam
3179 5597 3548 5672 materialiuin

1969 5673 2206 5741 dicatur.
2239 5690 2405 5746 quam
2449 5667 2908 5746 intelligentiam;
2984 5685 3184 5740 nempe
3225 5667 3548 5740 προπέτεια.
