3922 6348
282 248 421 313 i377
989 252 1323 317 CAPITUM
1359 256 1781 332 QUINQU‘IES
1818 256 1860 318 C

1971 258 2338 321 TENORUM
2376 260 2763 323 CENTURIA
2795 263 2844 325 ν
3399 263 3536 329 13⁸78

280 360 612 429 νοουμένων.
649 359 879 414 Ἕνωσιν
903 359 961 414 δέ
990 379 1125 433 φησι
1156 362 1250 417 τοῦ
1281 365 1395 430 νοῦ,
1429 366 1617 431 καθὼς
1653 368 1712 422 ἐν
1748 368 1861 431 τοῖς

1971 369 2156 440 lutque
2196 369 2400 425 mentis
2430 370 2639 426 formae.
2672 371 2926 443 ﬂincque
2962 371 3100 428 adeo
3128 382 3233 439 est,
3270 383 3329 428 ut
3360 381 3543 447 νοερὰ.

282 454 413 521 ἐξῆς
462 451 796 520 σαφέστερον
841 450 1012 520 λέγει,
1057 453 1128 507 δι’
1166 450 1234 528 ἧς
1277 456 1415 528 πρὸς
1474 457 1543 512 τὰ
1596 458 1861 513 ἐπέκεινα

1971 456 2017 511 id
2044 466 2148 521 est,
2182 457 2568 529 intelligentia,
2603 459 2870 515 inferiora
2904 460 3018 516 siut
3064 461 3174 515 τῶν
3203 462 3430 533 νοητῶν,
3458 464 3547 520 his

284 544 480 598 ἐαυτοῦ
512 542 871 607 ἀνατείνεται,
899 544 1068 614 ἧγουν
1101 547 1166 617 τῇ
1207 548 1336 619 περί
1362 548 1498 601 Θεοῦ
1530 548 1861 620 προσϐάλλει

1971 548 2227 603 nimirum
2266 565 2388 620 quae
2423 550 2825 622 intelliguntur.
2871 551 3069 606 Mentis
3106 568 3241 607 vero
3264 554 3545 610 unionem

284 635 525 709 θεωρίᾳ·
584 634 645 687 τὸ
673 673 689 700 ,
724 634 941 689 πάντων
1001 638 1262 708 ἐκστῆναι
1300 638 1410 692 τῶν
1450 640 1723 710 αἰσθητῶν
1770 638 1861 693 καὶ

1971 638 2120 705 dicit,
2148 638 2296 694 sicut
2334 639 2390 694 in
2433 640 2793 709 sequentibus
2819 642 3023 696 clarius
3046 642 3298 713 exponit,
3343 660 3451 713 qua
3485 658 3544 701 se

283 730 391 783 τῶν
421 727 650 800 νοητῶν,
674 726 757 781 ἔτι
799 726 856 781 δὲ
897 728 990 781 καί
1022 730 1120 799 τῆς
1158 730 1365 794 οἰκείας
1419 732 1687 801 κινήσεως
1709 749 1721 762 ·
1755 726 1857 785 εἶθ’

1971 728 2211 785 extendit
2266 729 2335 784 ad
2384 746 2471 795 ea,
2519 748 2642 802 quae
2681 733 2779 787 illa
2816 734 3109 802 superiora
3152 741 3302 799 sunt,
3343 736 3546 791 divinae

282 823 458 885 οὕτως
494 820 593 890 τῆς
622 819 773 882 θείας
798 818 1053 886 γνώσεως
1088 820 1344 887 δέξασθαι
1372 822 1469 893 τὴν
1501 823 1718 877 ἀκτῖνα.

1971 818 2180 873 scilicet
2223 817 2552 873 incumbens
2594 821 3046 889 contemplationi
3090 839 3105 875 :
3156 838 3222 877 ea
3274 824 3539 880 nimirum

284 914 516 977 ratione,
561 927 669 983 qua
706 912 964 966 omnibus
1000 928 1122 982 quae
1162 928 1325 969 sensu
1365 914 1748 984 percipiuntur
1791 926 1855 967 ac
1891 924 2015 980 qum
2078 916 2262 963 mente
2293 908 2700 979 intelliguntur,
2732 911 2990 978 excedit;
3055 911 3237 969 adhuc
3263 922 3452 970 autem
3483 924 3545 971 et

283 1023 386 1062 suo
415 1006 591 1076 ipsius
627 1014 808 1072 motu;
846 1021 912 1061 ac
949 1005 1213 1076 deinceps
1246 1008 1448 1064 divinae
1486 1009 1733 1065 scientia:
1761 1007 2004 1063 lucidum
2031 1003 2197 1073 jubar
2226 1004 2443 1073 recipit.

354 1102 417 1149 o'.
450 1095 514 1148 Εἰ
544 1098 779 1147 κινεῖται
802 1094 1078 1162 ἀναλόγως
1104 1096 1283 1166 ἐαυτῷ
1307 1097 1509 1168 νοερῶς
1532 1096 1626 1149 τὸν
1657 1097 1864 1165 νοερὸν,

288 1188 386 1241 καὶ
423 1188 536 1239 νοεῖ
573 1187 792 1249 πάντως
814 1203 829 1218 ’
886 1187 934 1238 εἰ
964 1185 1020 1238 δὲ
1056 1189 1186 1250 νοεῖ,
1236 1188 1329 1241 καὶ
1362 1190 1462 1259 ἐρᾷ
1499 1190 1719 1250 πάντως
1765 1186 1864 1239 τοῦ

286 1277 604 1349 νοηθέντος·
652 1278 700 1330 εἰ
729 1277 787 1331 δέ
819 1278 939 1350 ἐρᾷ,
991 1279 1086 1331 καὶ
1126 1278 1327 1348 πάσχει
1355 1280 1574 1341 πάντως
1605 1277 1702 1348 τὴν
1729 1278 1865 1348 πρὸς

285 1371 419 1424 αὐτὸ
443 1370 518 1433 ὡς
552 1369 783 1441 ἐραστὸν
818 1371 1108 1422 ἔκστασιν
1154 1371 1203 1423 εἰ
1236 1370 1293 1424 δέ
1330 1370 1552 1440 πάσχει,
1587 1370 1746 1440 δῆλον
1776 1370 1859 1422 ὅτι

286 1462 384 1516 καὶ
407 1463 715 1531 ἐπείγεταιο
762 1462 811 1514 εἰ
845 1463 901 1516 δὲ
935 1462 1239 1532 ἐπείγεται,
1283 1462 1380 1515 καί⁵
1426 1461 1685 1515 ἐπιτείνει
1721 1461 1860 1514 πάν-

286 1570 394 1617 τως
417 1554 478 1607 τὸ
507 1555 736 1626 σφοδρὸν
765 1556 862 1625 τῆς
894 1557 1182 1625 κινήσεως.
1228 1556 1290 1609 Εἰ
1327 1555 1383 1609 δὲ
1429 1555 1691 1608 ἐπιτείνει
1732 1570 1863 1622 σφο-

286 1644 430 1714 ὁρῶς
461 1643 559 1714 τὴν
585 1644 824 1715 κίνησιν,
879 1645 977 1715 οὐχ
1023 1645 1239 1698 ἵσταται
1288 1645 1481 1716 μέχρις
1528 1645 1595 1699 ἂν
1635 1645 1863 1715 γένηται

285 1733 407 1785 ὅλον
454 1735 512 1786 ἐν
567 1734 674 1803 ὅλῳ
719 1734 798 1803 τῷ
826 1735 1071 1805 νέραστῷ,
1117 1735 1212 1789 καί
1261 1734 1351 1802 ὑφ’
1392 1734 1512 1787 ὅλου
1551 1734 1860 1806 περιληφθῇ

287 1825 572 1890 ἑκουσίως,
597 1826 718 1879 ὅλον
740 1826 886 1879 νκατά
914 1825 1239 1898 προαίρεσιν
1269 1824 1368 1897 τὴν
1400 1826 1669 1896 σωτήριον
1710 1843 1866 1895 περι-

286 1918 503 1989 γραφὴν
539 1916 874 1990 δεχόμενον[
900 1918 1040 1973 male
1060 1920 1199 1973 edita
1232 1916 1553 1990 δεδόμενον]
1576 1935 1587 1947 ·
1634 1918 1702 1970 ἵν’
1742 1918 1864 1970 ὅλον

285 2010 395 2081 ὅλῳ
422 2009 629 2080 ποιωθῇ
656 2010 735 2079 τῷ
760 2011 1155 2083 περιγράφοντι
1176 2051 1190 2071 ,
1233 2008 1308 2073 ὡς
1342 2010 1465 2079 μηδ’
1506 2009 1644 2072 ὅλως
1678 2008 1863 2061 λοιπὸν

289 2102 577 2173 βούλεσθαι
612 2102 671 2168 ἐξ
713 2103 905 2157 ἐαυτοῦ
946 2103 1078 2156 αὐτὸ
1124 2105 1302 2157 ἐκεῖνο
1342 2103 1463 2156 ὅλον
1499 2101 1862 2173 γνωρίζεσθαι

287 2191 551 2246 δύνασθαι
576 2193 638 2247 τὸ
674 2193 1177 2263 περιγραφόμενον·
1215 2193 1330 2247 ἀλλ’
1368 2194 1432 2246 ἐκ
1460 2192 1554 2245 τοῦ
1593 2191 1862 2263 περιγρά-

288 2302 502 2352 φοντος,
529 2285 604 2348 ὠς
629 2285 736 2357 ἀὴρ
763 2286 939 2340 διόλου
961 2287 1375 2357 πεφωτισμένος
1403 2285 1544 2355 φωτί
1565 2301 1578 2316 ⁸
1609 2285 1704 2339 καὶ
1730 2285 1863 2357 πυρὶ

291 2376 509 2447 σίδηρος
536 2377 658 2440 ὅλος
690 2376 797 2449 ὅλῳ
830 2376 1357 2449 πετωρακτωμένος,
1390 2376 1423 2448 ἢ
1457 2375 1735 2431 εῐτισάλλο
1755 2374 1863 2429 τῶν

288 2466 548 2522 τοιούτων
571 2468 714 2523 ἐστί.

356 2726 460 2795 oo}.
498 2726 675 2799 Πολλὴ
707 2729 740 2799 ἡ
763 2728 897 2798 πρὸς
922 2728 990 2782 τὰ
1014 2726 1286 2798 νοούμενα
1311 2725 1421 2779 τῶν
1451 2722 1743 2783 νοούντων,
1766 2724 1863 2778 καὶ

294 2819 434 2892 πρὸς
467 2821 536 2873 τὰ
570 2819 806 2889 αἰσθητά
835 2820 945 2874 τῶν
1003 2817 1415 2889 αἰσθανομένων
1452 2814 1657 2886 σχέσις.
1704 2814 1763 2867 '0
1804 2814 1861 2867 δὲ

284 2908 574 2979 ἄνθρωπος
601 2909 664 2960 ἐκ
685 2908 861 2978 ψυχῆς
885 2907 977 2959 καί
1010 2905 1260 2977 σώματος
1287 2903 1573 2975 τυγχάνων
1610 2901 1859 2973 αἰσθητι-

284 2999 408 3064 κοῦ,
439 3000 528 3053 διὰ
554 3000 654 3068 τῆς
686 3001 804 3052 κατ’
834 2998 1149 3069 ἐπαλλαγὴν
1190 2997 1329 3068 πρὸς
1376 2996 1615 3065 ἐκάτερα
1649 2994 1718 3049 τά
1762 2993 1861 3063 τῆς

284 3090 520 3154 κτίσεως
550 3091 816 3160 τμήματα
843 3090 1078 3159 φυσικῆς
1098 3085 1335 3158 σχέσεώς
1361 3103 1422 3139 τε
1451 3086 1548 3139 καὶ
1575 3084 1856 3156 ἰδιότητος,

2039 1091 2125 1145 70.
2155 1090 2311 1157 Quod
2353 1092 2673 1162 intelligens
2709 1108 2811 1162 pro
2851 1094 2936 1148 sui
2978 1095 3192 1152 ratione
3234 1098 3546 1171 intelligen-

1969 1183 2105 1237 tium
2134 1198 2286 1236 more
2318 1191 2588 1247 movetur,
2624 1184 2848 1239 omnino
2877 1186 3043 1240 etiam
3070 1187 3327 1260 intelligit
3359 1200 3413 1247 ct
3448 1207 3543 1247 co-

1966 1275 2120 1345 gitat.
2164 1273 2222 1328 Si
2264 1286 2447 1328 autem
2482 1275 2737 1345 intelligit
2777 1292 2841 1335 ac
2881 1280 3104 1350 cogitat,
3142 1285 3333 1352 procul
3373 1285 3545 1343 dubio

1963 1366 2128 1421 etiam
2154 1367 2491 1420 intellectum
2514 1382 2577 1421 ac
2588 1367 2883 1438 cogitatum
2900 1381 3064 1427 amat.
3091 1372 3147 1428 Si
3171 1384 3353 1430 autem
3375 1386 3544 1443 amat,

1965 1457 2190 1511 omnino
2214 1457 2461 1512 etiamin
2493 1458 2649 1523 illud,
2690 1468 2752 1513 ut
2796 1478 2912 1516 rem
2953 1472 3210 1531 amatam,
3258 1481 3543 1524 excessum

1962 1548 2188 1619 patitur.
2227 1548 2322 1602 Sin
2364 1560 2546 1604 autem
2586 1550 2814 1619 patitur,
2845 1551 2991 1607 haud
3026 1553 3255 1609 dubium
3289 1558 3544 1626 quinar-

1962 1648 2155 1711 geatur
2187 1655 2252 1695 ac
2284 1639 2563 1696 incitetur.
2612 1640 2668 1696 Si
2712 1656 2845 1696 vero
2884 1650 3111 1713 urgetur
3153 1658 3219 1699 ac
3260 1645 3544 1712 incitatur,

1964 1747 2191 1801 prorsus
2242 1732 2409 1786 etiam
2444 1740 2644 1786 motus
2691 1732 3096 1790 vehementiam
3141 1734 3396 1790 intendit.
3447 1736 3544 1793 Sin

1898 1804 1937 1859 Β
1970 1832 2153 1878 autem
2192 1823 2549 1878 vehementer
2595 1823 2833 1879 intendit
2874 1833 3105 1892 motum,
3139 1842 3247 1882 non
3287 1828 3541 1898 quiescit,

1970 1913 2145 1968 donec
2176 1921 2349 1967 totum
2388 1913 2487 1967 toti
2530 1922 2709 1969 amato
2751 1915 3114 1981 immeaverit,
3158 1925 3324 1987 atque
3369 1934 3400 1973 a
3428 1928 3544 1975 toto

1969 2012 2164 2074 sponte
2212 2005 2671 2076 comprehensum
2724 2005 2911 2071 fuerit,
2960 2007 3112 2077 quod
3159 2016 3332 2063 totum
3374 2012 3544 2066 animi

1970 2096 2250 2167 proposito
2283 2112 2347 2151 ac
2380 2098 2657 2152 voluntate
2679 2098 2969 2154 salutarem
2993 2101 3172 2170 capiat
3200 2102 3546 2160 circumscrl-

1970 2184 2235 2254 ptionem,
2264 2194 2324 2239 ut
2353 2193 2551 2251 totum,
2582 2201 2648 2240 eo
2678 2185 2823 2255 quod
2847 2187 3268 2254 circumscribit,
3301 2199 3415 2245 toto
3443 2193 3546 2247 im-

1968 2277 2190 2344 buatur,
2236 2286 2298 2332 ut
2344 2294 2447 2333 nec
2486 2294 2708 2348 prorsus
2733 2279 2844 2349 jam
2876 2294 2943 2334 ex
2984 2280 3164 2349 seipse
3198 2281 3329 2335 illud
3364 2282 3544 2352 ipsum

1969 2368 2117 2438 quod
2169 2377 2343 2423 totum
2389 2368 2868 2423 circumscribitur
2912 2367 3159 2439 dignosci
3194 2386 3353 2440 posse
3384 2374 3541 2437 velit,

1971 2459 2067 2513 sed
2110 2474 2176 2513 ex
2213 2472 2281 2512 eo
2328 2458 2473 2527 quod
2509 2457 2933 2523 circumscribit,
2972 2458 3122 2514 velut
3159 2475 3254 2515 aer
3299 2462 3542 2532 undique

1968 2546 2092 2602 luce
2106 2545 2401 2617 .perfusus,
2437 2553 2493 2601 et
2518 2546 2727 2600 ferrum
2758 2554 2933 2602 totum
2959 2556 3075 2604 toto
3107 2549 3220 2621 igni
3251 2551 3541 2608 subactum

1968 2638 2383 2705 incensumque,
2402 2645 2503 2691 aut
2528 2636 2574 2692 si
2608 2637 2741 2707 quid
2763 2637 2914 2693 aliud
2939 2647 3024 2695 est
3049 2640 3169 2712 ejus
3196 2642 3434 2712 generis.

2037 2726 2126 2781 71.
2182 2726 2377 2797 Ingens
2413 2726 2661 2796 quaedam
2686 2736 2795 2783 .est
2831 2743 3024 2784 eorum
3057 2745 3180 2801 quae
3231 2730 3543 2803 intelligunt

1966 2830 2092 2871 cum
2121 2816 2191 2871 iis
2214 2830 2335 2886 quae
2377 2815 2776 2887 intelliguntur,
2816 2825 2875 2873 et
2902 2833 3092 2875 eorum
3133 2821 3542 2890 quae-sentiunt,

1966 2920 2092 2961 cum
2118 2906 2187 2962 iis
2210 2922 2332 2976 quae
2357 2920 2520 2962 sensu
2554 2906 2953 2977 percipiuntur,
2988 2911 3336 2967 necessitudo
3357 2921 3413 2968 et
3448 2913 3546 2968 ha-

1966 2996 2177 3052 bitudo.
2229 2996 2403 3053 Homo
2442 3005 2648 3065 autem,
2699 3012 2824 3052 cum
2873 3014 2939 3053 ex
2984 2999 3172 3055 anima
3211 3009 3269 3057 et
3311 3016 3545 3072 corpore

1967 3087 2238 3142 sentiendi
2276 3086 2331 3142 vi
2366 3086 2612 3157 pmdito,
2642 3096 2878 3154 constet,
2923 3104 2990 3144 ex
3029 3091 3267 3146 naturali
3298 3091 3543 3148 vicissim

284 3182 383 3233 καὶ
411 3152 809 3251 περιγράφεται
840 3152 934 3233 καὶ
958 3152 1321 3250 περιγράφει·
1346 3176 1407 3230 τὸ
1448 3175 1566 3248 μὲν,
1590 3178 1657 3247 τῇ
1681 3152 1857 3246 ούσίαο

1971 3193 2090 3233 cum
2147 3178 2428 3240 alterutra,
2469 3187 2734 3235 creaturae
2798 3181 3051 3250 portione
3114 3180 3439 3238 habitudine
3486 3192 3543 3239 et

284 3269 348 3323 τὸ
385 3269 464 3333 δέ,
496 3272 563 3340 τῇ
593 3268 840 3339 δυνάμει.
879 3266 1330 3339 ιιεριγράφεσθαι
1361 3267 1471 3336 γὰρ
1502 3268 1615 3329 τοῖς
1644 3267 1861 3336 νοητοῖς

1971 3268 2321 3340 proprietate,
2354 3275 2468 3322 tum
2499 3268 2999 3337 circumscribitur;
3039 3278 3152 3327 tum
3188 3275 3541 3329 circumscri-

282 3363 382 3415 καί
413 3362 691 3431 αἰσθητοῖς
738 3362 813 3426 ὡς
868 3361 1016 3432 ψυχὴ
1053 3360 1340 3430 τυγχάνων
1381 3358 1477 3413 καί
1526 3358 1708 3429 σῶμα,
1765 3357 1861 3411 καὶ

1971 3357 2077 3423 bit;
2105 3358 2338 3413 alterum
2362 3357 2584 3428 quidem
2614 3358 2961 3426 substantia;
2995 3360 3222 3415 alteram
3247 3374 3398 3425 vero,
3438 3377 3539 3432 po-

285 3452 651 3523 περιγράφειν
678 3452 852 3507 ταῦτα
879 3451 1022 3505 κατά
1052 3450 1282 3521 δύναμιν
1313 3450 1581 3520 πέφυκεν,
1616 3449 1692 3513 ὡς
1726 3448 1861 3502 νοῶν

1971 3449 2156 3505 lentia.
2198 3448 2271 3504 Ut
2311 3464 2508 3520 nempe
2551 3449 3039 3506 circumscribatur
3066 3450 3179 3505 illis
3208 3467 3330 3520 qua:
3356 3460 3543 3508 mente

284 3545 381 3598 καὶ
435 3544 911 3613 αἰσθανόμενοςοό
956 3542 1015 3597 δὲ
1059 3542 1193 3606 Θεὸς
1226 3542 1414 3606 ἁπλῶς
1451 3541 1546 3595 καί
1600 3540 1861 3613 ἀορίστως

1971 3540 2341 3610 intelliguntur
2365 3554 2428 3595 ac
2448 3554 2571 3611 quae
2604 3555 2765 3597 sensu
2791 3542 3195 3613 percipiuntur,
3222 3542 3350 3597 inde
3374 3544 3537 3616 627

289 3636 435 3708 ὑπὲρ
490 3636 669 3689 πάντα
712 3635 781 3689 τὰ
830 3636 960 3689 ὄντα
997 3635 1135 3697 ἐστὶ,
1176 3632 1246 3685 τὰ
1292 3632 1620 3703 περιέχοντά
1664 3647 1725 3684 τε
1772 3630 1861 3684 καί

1971 3642 2048 3688 est
2074 3631 2221 3702 quod
2255 3631 2439 3687 anima
2469 3642 2526 3688 et
2549 3647 2750 3705 corpus
2769 3641 2889 3701 est;
2920 3643 2979 3689 ut
2997 3650 3128 3689 vero
3152 3634 3268 3692 haec
3294 3636 3540 3706 potentia

284 3730 672 3801 περιεχόμενα,
703 3729 778 3793 ὡς
803 3730 935 3780 πᾶσι
968 3724 1249 3788 παντελῶς
1270 3724 1495 3795 ἄσχετος
1522 3722 1622 3774 ῶν.

1971 3720 2403 3783 circumscribat,
2459 3720 2606 3788 quod
2657 3722 2967 3793 intelligens
3014 3738 3079 3777 ac
3136 3725 3379 3779 sentiens
3430 3734 3537 3783 est.

287 3815 434 3873 Deus
480 3829 663 3874 autem
705 3815 1027 3887 simpliciter
1061 3824 1117 3870 et
1160 3815 1425 3868 immense
1465 3826 1631 3881 super
1676 3805 1860 3864 omnia
1895 3815 2000 3872 est,
2040 3815 2157 3861 tum
2197 3821 2261 3860 ea
2299 3822 2421 3877 quae
2492 3809 2776 3863 continent
2850 3819 2966 3864 tum
3008 3827 3130 3881 qua:
3165 3814 3541 3882 continentur,

286 3921 348 3969 ut
376 3914 470 3985 qui
499 3914 713 3971 cunctis
748 3927 975 3984 prorsus
998 3911 1285 3966 absolutus
1315 3908 1543 3965 eminet.

354 4009 452 4078 οβ’.
489 4010 641 4062 Πᾶσα
666 4008 827 4078 ἡδονὴ
862 4007 969 4061 τῶν
992 4004 1512 4077 ἀπηγορευμένων,
1552 4004 1617 4057 ἐκ
1654 4000 1863 4064 πάθους

280 4100 373 4156 διὰ
402 4100 574 4170 μέσης
608 4099 915 4170 αἰσθήσεως
942 4099 1077 4169 πρός
1115 4116 1167 4150 τι
1206 4098 1424 4159 πάντως
1467 4095 1713 4165 γίνεσθαι
1761 4093 1861 4145 πέ-

290 4210 465 4261 φυκεν
511 4191 788 4262 αἰσθητόν.
844 4190 979 4244 Οὐδὲ
1025 4191 1133 4261 γὰρ
1177 4189 1307 4244 ἄλλο
1350 4188 1403 4242 τί
1435 4189 1584 4242 ἐστιν
1611 4186 1859 4259 ήδονὴ.ἢ

288 4277 433 4346 εἶδος
472 4280 796 4352 αἰσθήσεως,
829 4282 886 4333 ἐν
914 4278 995 4351 τῷ
1035 4277 1338 4349 αἰσθητικῷ
1382 4278 1468 4332 διά
1496 4294 1641 4341 τινος
1667 4276 1863 4347 αἰσθη-

287 4374 387 4428 τοῦ
430 4373 821 4444 μορφουμένηο
877 4371 909 4442 ἢ
949 4371 1150 4442 τρόπος
1208 4369 1528 4440 αἰσθητικῆς
1560 4366 1860 4438 ἐνεργείας,

285 4469 408 4522 κατ’
437 4464 730 4535 ἐπιθυμίαν
756 4463 948 4532 ἀλογον
975 4462 1384 4532 συνιστάμενος.
1425 4459 1722 4528 Ἐπιθυμία
1753 4458 1862 4529 γὰρ

282 4556 538 4627 αἰσθήσει
568 4554 929 4625 προστεθεῖσα
950 4595 964 4619 ,
1000 4554 1080 4615 εἰς
1109 4552 1301 4624 ἡδονὴν
1335 4549 1685 4622 μεταπίπτει,
1722 4542 1862 4611 εἶδος

282 4650 424 4717 αὐτῇ
466 4647 766 4714 ἐπάγουσα·
795 4644 888 4699 καὶ
925 4643 1175 4713 αἴσθησις
1212 4643 1334 4696 κατ’
1364 4640 1663 4711 ἐπιθυμίαν
1703 4657 1860 4710 κινη-

284 4737 463 4804 θεῖσα,
498 4737 697 4806 ἡδονὴν
750 4732 1149 4805 ἀπεργάζεται,
1194 4734 1254 4785 τὸ
1303 4731 1561 4802 αἰσθητὸν
1620 4729 1858 4802 προσλα-

283 4827 477 4881 ϐοῦσα.
507 4827 730 4889 Γνόντες
762 4822 857 4877 οὖν
900 4825 950 4876 οἰ
985 4823 1153 4893 ἅγιοι,
1186 4823 1265 4876 ὃτι
1305 4822 1393 4876 διὰ
1445 4820 1617 4891 μέσης
1659 4820 1860 4890 σαρκὸς

283 4919 424 4990 πρὸς
454 4919 552 4988 τὴν
608 4916 741 4987 ὓλην
780 4918 814 4985 ἡ
843 4914 990 4986 ψυχὴ
1032 4914 1181 4986 παρὰ
1214 4912 1377 4982 φύσιν
1416 4911 1723 4981 ’κινουμένη
1760 4910 1857 4981 τὴν

280 5010 475 5082 χοῖκὴν
517 5007 729 5078 μορφὴν
761 5006 1072 5068 ὑποδύεται,
1103 5004 1191 5057 διά
1224 5003 1396 5074 μέσης
1436 5001 1639 5072 μᾶλλον
1679 5001 1858 5071 ψυχῆς

282 5099 427 5153 κατά
472 5098 634 5167 φύσιν
689 5097 847 5151 αὐτοί
903 5096 1039 5166 πρὸς
1084 5095 1176 5148 τὸν
1220 5094 1351 5147 Θεὸν
1390 5092 1720 5163 κινούμενοι,
1763 5093 1858 5145 καὶ

282 5194 383 5262 τὴν
413 5190 592 5261 σάρκα
625 5189 702 5259 τῷ
726 5187 859 5258 Θεῷ
896 5186 1218 5258 πρεπόντως
1251 5182 1534 5238 οἰκειῶσαι
1582 5181 1861 5252 διενοήθη-

287 5301 407 5348 σαν,
441 5283 509 5337 δι’
538 5283 823 5354 ἀσκήσεως
855 5279 1067 5351 ἀρετῶν
1121 5277 1485 5349 ἐνδεχομένως
1538 5274 1709 5345 αὐτὴν
1736 5276 1856 5339 ταῖς

284 5376 459 5439 θείαις
485 5375 758 5445 ἐμφάσεσι
785 5370 1250 5432 καλλωπίσαντες.

360 5653 460 5715 ογ.
491 5644 867 5717 Μεγαλοφνῶς
898 5641 975 5723 ,οἰ
1024 5640 1166 5707 am;
1224 5630 1364 5692 κατὰ
1417 5635 1510 5720 τὸν
1544 5636 1720 5709 ἀληθῆ
1764 5637 1859 5692 καὶ

2035 3998 2123 4054 72.
2153 3997 2334 4053 Vetita
2363 3997 2543 4053 omnis
2576 3998 2845 4067 voluptas,
2875 4012 2941 4052 ex
2970 3998 3225 4064 passione
3256 4010 3421 4071 atque
3451 4006 3539 4059 εἴη

1964 4088 2110 4144 fectu
2139 4089 2194 4143 in
2222 4105 2337 4143 rem
2357 4088 2593 4159 aliquam
2613 4088 2797 4143 sensui
2825 4089 3118 4160 obiectam,
3138 4107 3301 4146 sensu
3330 4092 3539 4157 medio,

1962 4180 2215 4251 pronasci
2273 4180 2455 4234 habet.
2509 4179 2628 4234 Non
2672 4178 2819 4233 enim
2874 4179 3123 4249 voluptas
3178 4180 3324 4235 aliud
3378 4182 3539 4252 quid-

1965 4287 2128 4342 quam
2179 4278 2284 4336 est,
2331 4285 2493 4339 quam
2547 4268 2835 4323 sentientis
2885 4268 3159 4325 facultatis
3206 4272 3423 4340 species
3473 4288 3541 4328 ac

1965 4364 2160 4428 forma,
2197 4362 2277 4417 rei
2311 4362 2542 4434 alicujus
2562 4362 2780 4417 scnsilis
2807 4377 2995 4433 opera,
3037 4363 3093 4417 in
3122 4365 3391 4420 sentiente
3422 4366 3537 4420 for-

1895 4440 1935 4494 ί)
1966 4464 2111 4509 mata
2147 4472 2159 4507 :
2210 4454 2325 4509 sive
2368 4453 2639 4509 sentiendi
2682 4452 3021 4523 Operationis
3056 4455 3271 4520 modus,
3316 4456 3538 4511 irration-

1959 4547 2067 4601 nali
2095 4546 2393 4616 cupiditate
2422 4546 2752 4602 consistens.
2780 4546 3065 4617 Cupiditas
3106 4548 3275 4613 enim,
3326 4547 3369 4603 si
3405 4565 3536 4603 sen—

1957 4639 2042 4694 sui
2091 4638 2335 4703 accedat,
2370 4639 2425 4692 in
2463 4639 2795 4709 voluptatem
2841 4640 3056 4703 transit,
3087 4639 3314 4695 formam
3364 4640 3441 4694 illi
3473 4656 3537 4694 ac

1958 4730 2195 4800 speciem
2244 4728 2545 4795 inducens;
2599 4745 2903 4799 sensusque
2956 4730 3259 4800 cupiditate
3311 4740 3534 4794 motus,

1958 4835 2073 4873 rem
2115 4830 2308 4874 nactus
2352 4835 2571 4874 sensum
2603 4819 2952 4887 aﬂicientem,
2982 4814 3316 4892 voluptatem
3347 4820 3532 4876 efﬁcit.

1956 4909 2202 4965 Scientes
2233 4910 2416 4979 itaque
2445 4909 2638 4974 sancti,
2688 4910 2948 4975 animam,
2980 4911 3114 4965 dum
3149 4927 3314 4965 carne
3354 4910 3533 4965 media

1957 5000 2340 5055 innaturaliter
2360 4999 2425 5055 ad
2459 5009 2671 5054 terrena
2704 5010 2975 5065 movetur,
3004 5010 3279 5054 terrenam
3301 5000 3531 5054 formam

1956 5092 2219 5157 induere;
2260 5091 2361 5161 ipsi
2394 5092 2578 5161 potius
2606 5092 2785 5146 media
2811 5093 2992 5146 anima
3035 5106 3103 5145 ex
3131 5097 3339 5144 natura:
3365 5089 3532 5142 ratio-

1956 5181 2123 5235 nibus
2163 5181 2220 5234 in
2264 5181 2436 5235 Deum
2479 5187 2630 5235 motu
2664 5182 3045 5244 connitentes,
3094 5179 3269 5250 ipsam
3309 5193 3532 5247 quoque

1959 5286 2180 5326 carnem
2216 5272 2608 5326 convenienter
2629 5272 2740 5326 Deo
2765 5271 3060 5326 conciliare
3092 5286 3274 5340 operae
3292 5269 3529 5339 pretium

1962 5364 2258 5427 duxerunt,
2296 5364 2563 5417 virtutum
2606 5364 2757 5418 cultu
2796 5378 2860 5417 ac
2896 5361 3315 5425 exercitatione,
3349 5361 3530 5429 quoad

1960 5454 2197 5520 licebat,
2251 5452 2454 5509 divinis
2514 5469 2634 5508 eam
2687 5453 3035 5523 perornando
3087 5450 3531 5522 reprzesentatio-

1960 5546 2144 5601 nibus.

2030 5638 2118 5693 75.
2168 5636 2372 5704 Sancti,
2411 5639 2553 5695 ’vero
2592 5653 2653 5693 ac
2692 5637 2961 5694 inoffenso
2999 5644 3181 5692 motus
3217 5651 3284 5690 ex
3330 5641 3525 5689 natura
