3922 6348
449 285 578 349 Χ3Ἱ9
1600 287 1664 350 S.
1703 285 1991 350 MAXIM!
2028 281 2540 348 (.‘ONFESSOBIS
3598 279 3730 345 1330

444 406 628 470 modo,
664 418 905 474 praesens
939 407 1298 456 scammatum
1337 409 1506 472 atque
1539 415 1722 458 arena
1757 401 2018 458 malum

2140 399 2423 454 ιπταιστον
2475 396 2580 467 τῆς
2625 395 2772 450 κατά
2817 391 2980 462 φύσιν
3029 394 3307 465 κινήσεως
3357 393 3604 466 τρόπον,
3648 399 3727 448 τι»

443 491 728 561 magniﬁce
755 489 1127 554 transierunt;
1157 503 1381 554 sensum
1409 488 1636 558 quidem
1661 504 1790 545 cum
1813 499 2020 555 mente,

2140 490 2371 563 παρόν-ια
2410 489 2524 542 τῶν
2560 486 2904 559 σκαμμάτων
2948 486 3122 540 αῐῶνα
3152 487 3253 557 (m)
3284 487 3585 558 διέϐησανο
3626 489 3721 559 τὴν

443 583 786 652 simplicibus
809 579 990 635 media
1023 580 1234 636 ratione
1260 595 1445 635 rerum
1472 581 1783 638 rationibus
1817 581 2024 638 instru-

2140 585 2229 654 αὲν
2256 583 2536 654 αῐσθησιν,
2573 580 2782 645 ἀπλοῦς
2809 581 2901 635 διά
2934 581 3102 652 μέσου
3129 579 3224 634 τοῦ
3247 579 3416 649 λόγου
3458 581 3605 654 πρὸς
3636 583 3725 635 τὶν

445 681 555 739 cta,
608 673 964 742 copulantes;
1008 679 1250 726 mentem
1299 687 1454 737 vero,
1498 672 1649 727 omni
1696 688 1925 742 prorsus
1965 672 2024 728 in

445 781 534 820 res
558 763 834 833 quaslibet
879 770 1030 818 motu
1068 764 1326 828 solutam,
1361 772 1526 833 atque
1551 763 1620 818 ab
1645 763 1760 834 ipsa
1795 780 1893 820 sua
1922 779 2022 819 na-

447 857 610 910 turali
635 854 955 925 operatione
996 863 1305 921 vacantem,
1344 855 1458 910 Deo
1495 855 1861 923 adhibentes;
1893 872 2022 926 qua,

445 956 560 1001 tota
585 945 635 999 vi
664 945 721 999 in
749 947 923 1000 Deum
948 945 1186 1012 collecti,
1215 945 1336 1011 toti,
1372 946 1486 1000 Deo
1513 945 1612 1001 toti
1638 961 1737 1015 per
1768 946 2024 1016 spiritum

447 1039 665 1095 misceri
740 1047 1096 1103 meruerunt,
1157 1045 1332 1092 totam
1395 1037 1638 1094 celestis
1699 1037 2022 1110 imaginem,

446 1131 625 1201 quoad
683 1145 1006 1185 concessum
1061 1129 1387 1185 hominibus
1441 1137 1547 1195 est,
1598 1138 1886 1200 portantes
1938 1131 2023 1197 ";

445 1230 763 1292 tantamque
783 1222 986 1276 divinae
1013 1222 1502 1291 representationis
1522 1222 1634 1277 vim
1659 1221 1744 1292 (ut
1770 1222 1846 1278 ita
1863 1222 2030 1277 liceat

444 1311 618 1382 loqui)
641 1311 939 1376 trahentes,
968 1319 1234 1381 quantum
1265 1312 1371 1380 ipsi
1401 1313 1568 1369 tracti
1598 1312 1658 1368 in
1688 1313 1862 1369 Deum
1891 1327 2030 1369 eon-

446 1417 682 1457 cessere.

516 1591 603 1652 74.
637 1588 803 1642 Aiunt
846 1587 1020 1641 Deum
1065 1594 1122 1642 et
1165 1585 1444 1641 hominem
1477 1585 1582 1641 smi
1623 1592 1814 1640 mutuo
1847 1600 2034 1640 exem-

2125 674 2250 731 νοῦν
2282 676 2414 739 τοὺς
2457 674 2570 730 τῶν
2595 674 2769 728 ὄντων
2801 672 2997 744 ἔχοντα
3037 672 3231 741 λόγους
3261 672 3610 736 ἑνώσαντες·
3642 671 3727 726 τὸν

2123 767 2181 822 δὲ
2207 765 2360 830 νοῦν,
2389 765 2492 836 τῆς
2534 766 2667 837 περὶ
2695 764 2767 820 τά
2791 764 2926 819 ὅντα
2953 762 3134 818 πάντα
3159 763 3442 834 κινήσεως
3470 762 3726 830 καθαρῶς

2123 859 2485 925 ἀπολυθέντα,
2504 859 2601 912 καὶ
2622 857 2794 928 αὐτῆς
2820 857 2928 928 τῆς
2951 855 3078 911 καθ’
3100 855 3264 911 αὐτὸν
3292 855 3550 926 φυσικῆς
3577 857 3722 925 ἐνερ-

2123 952 2281 1020 γείας
2303 949 2638 1022 ἠρεμοῦντα,
2689 950 2770 1021 τῷ
2817 949 2939 1020 Θεῷ
2967 948 3479 1022 προσκομίσαντεςο
3526 947 3650 1001 καθ’
3669 946 3721 1000 ὃν

2125 1043 2326 1106 ὁλικῶς
2360 1043 2502 1114 πρὸς
2530 1042 2663 1096 Θεὸν
2687 1041 3072 1114 συναχθέντες,
3103 1042 3216 1096 ὅλοι
3242 1039 3353 1110 ὅλῳ
3379 1038 3512 1110 Θεῷ
3531 1042 3726 1109 hrnea-

2131 1134 2289 1206 θῆναι
2315 1134 2404 1189 διά
2435 1133 2530 1188 τοῦ
2555 1133 2866 1204 πνεύματος
2891 1133 3230 1205 ἠξιώθησαν,
3268 1132 3404 1204 ὅλην
3428 1128 3536 1187 τοῦ
3565 1134 3729 1186 ἑωυ-

2131 1224 2316 1297 ρανίου
2343 1224 2487 1278 κατά
2534 1224 2595 1276 τὸ
2627 1224 2852 1277 δυνατὸν
2901 1223 3240 1295 ἀνθρώποις,
3273 1225 3380 1295 τὴν
3411 1223 3616 1278 eis“:
3645 1238 3728 1292 φο-

2141 1317 2419 1388 ρέσαντες,
2466 1316 2561 1368 καὶ
2602 1314 2858 1369 τοσοῦτον
2903 1315 3158 1380 ἓλξαντες
3200 1315 3301 1383 τῆς
3332 1314 3500 1378 θείας
3548 1315 3704 1386 ἔργά

2131 1408 2358 1475 σεως,εί
2393 1406 2553 1478 θέμις
2576 1407 2731 1460 τοῦτο
2764 1409 2961 1468 εἰπεῖν,
2994 1407 3120 1460 ὅσον
3146 1405 3437 1476 ὲλχθέντες
3458 1405 3629 1459 αὐτοὶ
3650 1404 3730 1475 τῷ

2129 1498 2249 1570 Θεῷ
2275 1496 2621 1567 ἔνετίθησαν.

2198 1591 2292 1644 οδν.
2337 1588 2610 1659 ’Δλλήλων
2656 1582 2798 1640 εἷναί
2824 1602 2956 1656 φασι
2987 1583 3444 1656 παραδείγματα,
3478 1586 3578 1639 τὸν
3599 1585 3728 1639 Θεδν

445 1679 618 1749 plaria
662 1693 805 1741 esse,
843 1684 1164 1746 tantumque
1200 1676 1375 1733 Deum
1425 1674 1636 1729 homini
1693 1673 2031 1744 benignitate

2140 1678 2229 1733 καὶ
2263 1678 2356 1732 τὸν
2394 1677 2701 1751 ἄνθρωπον,
2757 1677 2853 1730 καὶ
2885 1674 3138 1728 τοσοῦτον
3173 1675 3254 1745 τῷ
3301 1675 3600 1747 ἀνθρώπῳ
3643 1677 3729 1729 τὸν

447 1785 510 1824 ac
530 1769 821 1824 clementia
857 1767 1134 1822 hominem
1171 1767 1310 1832 ﬁeri,
1347 1774 1615 1837 quantum
1645 1765 1812 1819 homo
1833 1779 1891 1819 se
1920 1763 2032 1819 Deo

2140 1772 2266 1825 Θεὸν
2294 1771 2383 1825 διὰ
2424 1768 2840 1842 φιλανθρωπίαν
2887 1767 3356 1839 ἀνθρωπίζεσθαι,
3403 1770 3540 1822 ὅσον
3574 1771 3604 1823 ὁ
3639 1770 3730 1822 ἄν·

446 1879 548 1932 per
575 1861 900 1918 charitatem
931 1859 1186 1914 deiﬁcare
1222 1859 1440 1929 potuit:
1485 1865 1808 1928 tantumque
1848 1856 2030 1910 homi-

448 1967 572 2005 nem
610 1967 641 2005 a
670 1951 783 2004 Deo
812 1949 929 2019 rapi
951 1948 1019 2002 ad
1046 1947 1354 2011 sciendum,
1373 1957 1641 2017 quantum
1671 1947 1837 2001 homo
1858 1946 2030 2000 Deum

448 2051 646 2096 natura
700 2039 1150 2110 inaspectabilem
1195 2040 1466 2094 virtutum
1524 2046 1726 2094 ornatu
1781 2035 2030 2092 manife-

450 2135 637 2188 stavit.

521 2224 608 2277 75.
636 2223 894 2293 Quisquis
926 2219 1276 2277 mortiﬁcavit
1293 2219 1544 2275 membra
1563 2233 1685 2288 quae
1708 2225 1839 2272 sunt
1867 2230 2035 2286 super

453 2325 653 2370 terram
695 2315 764 2380 ⁷⁸,
811 2328 1143 2383 omnemque
1187 2328 1219 2368 a
1262 2327 1322 2368 se
1379 2312 1564 2366 carnis
1597 2311 1765 2381 328
1809 2323 2032 2363 sensum

451 2405 732 2467 exstinxit,
773 2419 838 2458 ac
869 2418 1117 2474 prorsus,
1155 2417 1264 2472 qua
1317 2400 1399 2455 illi
1441 2400 1756 2463 tenebatur,
1783 2397 2032 2452 aﬁ‘ectio—

455 2510 578 2548 nem
616 2494 879 2559 excussit,
918 2509 1025 2562 qua
1074 2489 1154 2557 ﬁt,
1202 2501 1263 2547 ut
1305 2491 1546 2547 Charitas
1584 2489 1679 2543 uni
1711 2489 1822 2542 Dco
1848 2487 2034 2542 debita

454 2583 510 2637 in
554 2583 715 2638 nobis
759 2582 1012 2653 partibus
1048 2578 1366 2648 scindatur;
1414 2588 1720 2648 cunctaque
1762 2577 1947 2631 carnis
1970 2591 2035 2631 ac

454 2674 667 2740 mundi,
703 2673 902 2729 divinae
925 2672 1114 2746 gratia:
1142 2688 1328 2737 causa,
1358 2672 1591 2743 insignia
1625 2669 1865 2738 negavit,
1900 2674 1959 2722 ut
1979 2675 2036 2724 et

454 2765 642 2820 dicere
683 2765 856 2836 possit
896 2781 1020 2820 cum
1060 2764 1224 2820 beato
1258 2764 1425 2819 Paulo
1453 2763 1700 2832 apostolo
1729 2779 1743 2816 :
1778 2760 1907 2826 Quis
1941 2775 2035 2813 nos

453 2859 719 2927 separabit
752 2875 783 2911 a
805 2858 1062 2911 charitate
1090 2855 1322 2912 Christi?
1358 2863 1414 2910 et
1445 2870 1566 2925 qua:
1607 2859 1916 2924 sequuntur
1946 2851 2032 2918 τίς

455 2946 546 3002 hic
567 2949 835 3013 talis,sine
857 2958 1007 3020 patre
1034 2955 1082 3001 et
1111 2949 1224 3001 sine
1243 2954 1416 3001 matre
1438 2955 1486 2998 et
1507 2947 1620 3000 sine
1636 2942 1945 3015 genealogia
1965 2943 2033 3006 τ’,

457 3038 512 3094 in
544 3055 753 3094 morem
793 3040 974 3110 magni
1012 3037 1414 3094 Melchisedech
1455 3036 1633 3092 factus
1659 3043 1771 3099 est,
1793 3049 1904 3089 non
1937 3033 2034 3089 ha-

458 3130 591 3184 hens
607 3147 714 3200 quo
741 3147 770 3190 a
799 3145 965 3186 carne
990 3139 1047 3186 et
1072 3139 1265 3184 natura
1292 3139 1566 3198 teneatur,
1593 3128 1665 3184 ob
1687 3127 2034 3200 conjunctio-

457 3239 582 3278 ncm
607 3238 726 3293 quae
765 3223 842 3277 illi
864 3239 988 3278 cum
1014 3223 1210 3292 spiritu
1243 3222 1460 3294 obtigit.

528 3426 614 3480 76.
674 3425 826 3479 Ilaud
875 3425 1084 3496 justum
1142 3431 1291 3492 puto,
1347 3422 1635 3494 praesentis
1676 3421 1804 3478 vitae
1848 3421 2034 3488 ﬁnem,

459 3528 694 3570 mortem
728 3517 1026 3586 appellare,
1054 3514 1150 3570 sed
1176 3515 1556 3569 liberationem
1579 3530 1610 3568 a
1631 3523 1828 3577 morte,
1853 3527 2037 3568 semo-

461 3613 569 3658 tam
599 3605 1030 3672 corruptionem,
1056 3601 1389 3657 vindicatam
1423 3603 1762 3666 libertatem,
1792 3600 2038 3656 sedatam

462 3691 853 3758 turbationem,
891 3691 1106 3746 sublata
1153 3691 1317 3754 bella,
1339 3691 1524 3762 pulsas
1561 3689 1840 3754 tenebras,
1889 3689 2040 3744 labo-

460 3800 581 3838 rum
618 3784 886 3852 requiem,
917 3783 986 3838 ab
1033 3794 1171 3839 aestu
1205 3799 1486 3848 serenum,
1518 3782 1814 3838 obductam
1842 3781 2040 3838 confu-

460 3869 692 3934 sionem,
717 3867 988 3923 eluctatos
1017 3867 1246 3923 allectus
1277 3884 1341 3923 ac
1367 3867 1847 3938 perturbationes;
1874 3876 1931 3922 et
1980 3875 2042 3921 ut

460 3976 675 4016 summa
717 3960 916 4026 dicam,
965 3959 1211 4016 omnium
1251 3959 1818 4031 circumscriptionem
1864 3959 2040 4014 malo-

461 4067 582 4107 rum
627 4067 692 4106 ac
737 4060 974 4118 metam;
1007 4051 1211 4121 quibus
1253 4050 1428 4104 sancti
1459 4051 1773 4105 voluntaria
1809 4050 2042 4105 mortiﬁ-

460 4142 677 4196 catione
709 4153 935 4199 strenue
965 4141 1265 4212 perfuncti,
1307 4140 1556 4211 hospites
1597 4157 1656 4196 se
1699 4150 1755 4196 et
1797 4142 2043 4212 peregri-

461 4251 562 4290 nos
596 4250 623 4288 a
658 4236 769 4290 vita
798 4243 854 4290 et
899 4235 1096 4290 saecula
1145 4233 1519 4289 exhibuerunt
1558 4231 1624 4286 ⁷³.
1668 4231 1804 4287 Cum
1834 4231 2040 4285 mundo

2133 1859 2351 1932 θρωπος
2382 1859 2575 1912 ἑαυτὸν
2597 1857 2676 1930 τῷ
2707 1857 2828 1930 Θοῷ
2851 1858 2920 1912 δι’
2941 1858 3165 1929 ἀγάπης
3191 1859 3450 1928 δυνηθεὶς
3478 1859 3732 1912 ἀπεθέω-

2135 1967 2216 2004 σε·
2249 1950 2346 2004 καὶ
2381 1948 2637 2004 τοσοῦτον
2674 1951 2780 2003 ὑπὸ
2812 1947 2948 2003 Θεοῦ
2976 1949 3068 2002 τὸν
3100 1950 3396 2021 ἄνθρωπον
3430 1951 3586 2004 κατὰ
3609 1949 3732 2003 νοῦν

2134 2043 2479 2116 ἁρπάζεσθαι
2522 2043 2662 2114 πρὸς
2702 2043 2762 2095 τὸ
2807 2041 3070 2111 γνωστὸν,
3101 2041 3225 2095 ὅσον
3253 2043 3282 2092 ὁ
3315 2041 3622 2113 ἄνθρωπος
3643 2043 3732 2096 τὸν

2133 2135 2364 2206 ἀόρατον
2408 2134 2568 2203 φύσει
2591 2134 2723 2187 Θεὸν
2764 2132 2854 2187 διά
2879 2132 2990 2186 ⁴τῶν
3012 2132 3226 2204 ἀρετῶν
3263 2133 3625 2204 ὲφανὲρωσε.

2206 2233 2300 2279 οεν.
2327 2225 2444 2290 Πᾶς
2464 2226 2492 2278 ὁ
2519 2225 2586 2279 τά
2618 2225 2756 2295 μέλη
2788 2225 3074 2296 νεκρώσας
3104 2225 3173 2278 τά
3207 2225 3302 2277 ἐπὶ
3325 2225 3462 2294 γῆς,
3486 2225 3589 2277 καὶ
3617 2226 3732 2277 ὅλον

2133 2312 2328 2369 ἑαυτοῦ
2353 2315 2452 2385 τῆς
2485 2313 2688 2384 σαρκὸς
2716 2313 3062 2375 κατασϐέσας
3089 2311 3152 2365 τὸ
3179 2313 3471 2382 φρόνημα,
3502 2313 3605 2363 καὶ
3635 2311 3730 2379 τὴν

2135 2407 2274 2478 πρὸς
2319 2405 2493 2476 αὐτὴν
2540 2404 2716 2458 διόλου
2767 2403 2954 2474 σχέσιν
2993 2403 3439 2473 ἀποσεισάμενος
3459 2444 3474 2464 ,
3505 2403 3578 2455 δι’
3604 2399 3729 2474 ﬁci;

2132 2495 2212 2568 τῷ
2233 2495 2354 2566 Θιῷ
2389 2495 2536 2566 μόνῳ
2563 2493 2981 2566 χρεωστουμένη
3030 2494 3163 2565 παρ’
3191 2496 3222 2563 ή
3234 2494 3355 2563 μῶν
3401 2495 3605 2564 ἀγάπη
3639 2511 3732 2563 με·

2139 2587 2368 2658 ρίζεται,
2403 2585 2496 2638 καὶ
2534 2585 2914 2656 ἀρνησάμενος
2946 2583 3124 2637 πάντα
3150 2585 3220 2635 τὰ
3245 2583 3347 2653 τῆς
3387 2584 3607 2654 σαρκὸς
3640 2580 3731 2634 καὶ

2135 2679 2342 2750 κόσμου
2369 2676 2748 2747 γνωρίσματα,
2777 2676 2878 2747 τῆς
2907 2675 3058 2738 θείας
3085 2673 3274 2728 ἕνεκεν
3295 2675 3556 2745 χάριτος·
3590 2673 3730 2726 ὥστε

2137 2769 2232 2824 καὶ
2266 2768 2447 2838 λέγειν
2475 2766 2737 2822 δύνασθαι
2770 2765 2908 2837 μετά
2943 2765 3036 2819 τοῦ
3076 2768 3348 2837 μακαρίου
3386 2766 3615 2818 Παύλου
3640 2766 3729 2818 τοῦ

2135 2857 2474 2925 ἀποστόλου,
2523 2859 2620 2924 Τις
2679 2852 2834 2928 ἡμᾶς
2889 2858 3130 2927 χωρίσει
3176 2857 3301 2911 ἀπὸ
3338 2855 3456 2924 τῆς
3482 2857 3728 2926 ἀγάπης

2135 2951 2246 3006 τοῦ
2277 2949 2566 3020 Χριστοῦ;
2601 2950 2694 3004 καὶ
2721 2948 2791 3002 τά
2835 2949 2985 3019 ἑξῆςο
3013 2951 3042 3002 ὁ
3077 2948 3321 3011 τοιοῦτος
3350 2948 3608 3016 ἀπάτωρ
3631 2946 3728 3001 και

2137 3041 2379 3113 ἀμήτωρ
2417 3041 2515 3098 καί
2561 3043 3041 3113 ἀγενεαλόγητος
3069 3042 3210 3096 κατά
3237 3041 3330 3095 τὸν
3359 3041 3544 3111 μέγαν
3581 3040 3725 3094 Μελ-

2135 3138 2352 3208 χισεδὲκ
2379 3136 2624 3206 γέγονεν,
2664 3137 2765 3190 οὐκ
2792 3134 2931 3206 ἔχων
2963 3136 3111 3197 ὅπως
3143 3133 3248 3186 ὑπὸ
3280 3133 3495 3203 σαρκὸς
3529 3148 3727 3202 κρατηο

2135 3229 2202 3301 θῇ
2225 3228 2320 3281 καὶ
2357 3227 2592 3297 φύσεως,
2619 3227 2711 3282 διὰ
2725 3226 2824 3300 τὴν
2850 3225 3228 3298 γεγενημένην
3251 3225 3391 3295 πρὸς
3414 3223 3482 3276 τὸ
3507 3221 3723 3293 πνεῦμα

2136 3319 2453 3388 συνάφειαν.

2205 3415 2312 3473 ος’.
2346 3407 2419 3460 Τὸ
2453 3406 2625 3478 πέρας
2651 3406 2751 3478 τῆς
2785 3405 3068 3478 παρούσης
3095 3404 3263 3473 ζωῆς,
3298 3405 3362 3458 ού
3401 3403 3617 3458 δίκαιον
3647 3397 3719 3456 οἵ·

2140 3515 2238 3569 μαι
2265 3497 2492 3551 θάνατον
2546 3497 2859 3568 ὀνομάζειν,
2910 3496 3046 3551 ἀλλά
3080 3495 3316 3549 θανάτου
3365 3494 3716 3564 ἀπαλλαγὴν,

2137 3590 2233 3643 καὶ
2267 3588 2472 3660 φθορᾶς
2501 3589 2804 3659 χωρισμὸν,
2850 3589 2946 3643 καὶ
2975 3588 3220 3651 δουλείας
3247 3587 3596 3658 ἐλευθερίαν,
3628 3589 3720 3641 καὶ

2136 3683 2382 3753 ταραχῆς
2415 3681 2650 3746 παῦλαν,
2699 3682 2795 3734 καὶ
2837 3682 3090 3753 πολέμων
3129 3679 3434 3751 ἀναίρεσιν,
3467 3681 3565 3734 καὶ
3597 3681 3720 3732 σκύ-

2136 3791 2264 3838 τους
2293 3773 2668 3846 ὑποχώρησιν,
2699 3775 2795 3828 καὶ
2829 3774 3007 3828 πόνων
3036 3775 3244 3838 ἄνεσιν,
3279 3773 3377 3827 καὶ
3402 3772 3724 3844 βράσματος

2136 3867 2397 3938 ἠρεμίαν,
2447 3868 2542 3920 καὶ
2595 3867 2857 3938 αἰσχύνης
2919 3866 3317 3938 συγκάλυμμα,
3379 3865 3479 3918 καὶ
3535 3864 3725 3919 παθῶν

2139 3957 2449 4029 ἀποφυγὴν,
2492 3959 2586 4011 καὶ
2635 3959 2874 4022 πάντων,
2908 3959 2998 4013 ἵνα
3028 3956 3263 4011 συνελὼν
3299 3957 3465 4020 εἴπω,
3488 3955 3603 4009 τῶν
3626 3973 3725 4008 κα-

2140 4049 2252 4102 κῶν
2285 4051 2670 4121 περιγραφήν·
2707 4050 2853 4120 ἅπερ
2897 4050 2966 4104 δι’
3017 4048 3263 4103 ἑκουσίου
3314 4047 3653 4116 νεκρώσεως
3679 4047 3727 4098 oi

2142 4141 2291 4208 ἅγιοι
2334 4140 2804 4210 κατορθώσαντες,
2839 4140 3024 4208 ξένους
3057 4141 3283 4203 ἑαυτοὺς
3317 4138 3413 4192 τοῦ
3463 4138 3585 4208 βὲου
3636 4140 3730 4190 καὶ

2141 4231 2559 4302 παρεπιδήμους
2603 4234 2971 4303 παρέστησαν.
3009 4232 3214 4309 Κόσμῳ
3239 4247 3301 4284 τε
3332 4231 3446 4302 γάρ
3495 4231 3592 4283 καὶ
3636 4234 3728 4282 σώ-

460 4327 606 4380 enim
640 4336 696 4381 et
733 4342 987 4396 corpore,
1021 4335 1078 4380 et
1106 4341 1228 4396 quae
1253 4340 1320 4379 ex
1356 4324 1438 4380 eis
1479 4323 1775 4395 insurgunt
1825 4323 2032 4377 fortiter

2144 4339 2309 4390 ματι,
2375 4323 2470 4376 καὶ
2514 4326 2633 4387 ταῖς
2660 4324 2720 4389 ἐξ
2768 4324 2948 4378 αὐτῶν
2993 4322 3400 4378 ὲπαναστάσεσι
3457 4322 3730 4389 γενναέως

461 4415 808 4481 dimicantes,
839 4434 902 4473 ac
946 4418 1203 4488 utrinque
1241 4417 1658 4487 provenientem
1677 4432 1744 4470 ex
1777 4431 2032 4470 sensuum

2146 4414 2465 4485 μαχόμενοι,
2492 4415 2586 4469 καὶ
2620 4415 2717 4486 τὴν
2749 4415 2808 4480 ἐξ
2839 4417 3043 4486 ἀμφοῖν
3091 4416 3231 4469 κατά
3255 4416 3356 4486 τὴν
3381 4414 3498 4466 τῶν
3533 4413 3724 4479 αἰσθήο

462 4525 586 4563 cum
637 4511 934 4565 sensilibus
979 4509 1316 4565 commercio
1362 4525 1619 4579 nexuque
1659 4509 2032 4578 deceptionem

2143 4524 2282 4560 σεων
2327 4507 2463 4577 πρὸς
2509 4509 2579 4562 τὰ
2623 4509 2860 4579 αἰσθητά
2909 4510 3226 4580 συμπλοκὴν
3263 4509 3727 4578 παραγενομένην

465 4603 824 4668 suﬁocantes,
873 4602 1175 4658 inviolabili
1213 4601 1406 4657 fultam
1453 4601 1707 4657 libertate
1747 4601 1915 4656 animi
1959 4601 2032 4656 di-

2140 4598 2355 4669 ἀπάτην
2393 4597 2812 4664 ἀποπνίξαντες,
2845 4601 3144 4654 ἀδούλωτον
3186 4601 3402 4663 ἑαυτοῖς
3443 4598 3726 4668 ἐφύλαξαν

463 4696 728 4765 gnitatem
765 4696 869 4750 sibi
903 4696 1036 4766 ipsis
1071 4704 1388 4751 servarunt.

2140 4689 2236 4760 τῆς
2259 4689 2440 4760 ψυχῆς
2479 4689 2540 4742 τὺ
2567 4689 2804 4762 ἀξίωμα.

534 4788 622 4840 77.
652 4786 873 4841 lnsitam
901 4787 1061 4842 nobis
1081 4804 1111 4842 a
1131 4796 1330 4842 natura
1358 4785 1722 4858 providentiae
1759 4784 2038 4850 notitiam,

462 4877 727 4934 non~exili
750 4889 1074 4948 argumento
1108 4888 1304 4935 natura
1325 4879 1442 4949 ipsa
1469 4879 1711 4933 insinuat
1733 4921 1748 4943 ,
1784 4877 1915 4933 dum
1947 4891 2044 4930 ne-

531 5057 575 5088 "
608 5057 624 5110 l
655 5053 780 5109 Cor.
817 5071 903 5110 xv.
936 5056 1022 5109 49.
1097 5054 1144 5087 ’⁸
1174 5053 1383 5110 Coloss.
1418 5071 1497 5118 ιιι,
1531 5056 1581 5110 5.
1659 5055 1701 5087 τί
1736 5048 1898 5108 Rom.
1941 5069 2061 5116 vui,
2092 5053 2180 5108 '55.

539 5209 632 5280 (m)
674 5211 783 5263 Τὸν
817 5212 1084 5278 παρόντα
1111 5208 1230 5262 τῶν
1254 5209 1617 5280 σκαμμάζων
1641 5203 1843 5260 αἰῶνα.
1873 5206 2031 5280 Quod

462 5281 514 5336 in
543 5277 670 5335 Pieo
698 5277 1149 5350 exstat,’prazsens
1181 5294 1348 5333 scena:
1377 5278 1646 5350 steculum.
1679 5277 2020 5350 typograpbi-

459 5368 584 5406 cum
616 5351 874 5404 mendum
904 5349 1056 5416 puto,
1082 5365 1147 5404 ac
1179 5365 1305 5404 eum
1333 5366 1510 5403 arente
1534 5349 1841 5416 scripsisse,
1866 5363 2029 5416 quam

459 5368 584 5406 cum
616 5366 874 5404 menaum
942 5366 1056 5414 uto,
1082 5366 1147 5404 ac
1179 5366 1305 5404 eum
1333 5366 1510 5403 arente
1534 5366 1841 5416 scripsisse,
1866 5366 2029 5416 quam

457 5432 514 5475 et
536 5436 637 5485 ego
660 5435 869 5483 vocem,
892 5366 1093 5474 graeca:
1117 5421 1269 5474 vocis
1293 5417 1624 5488 explicanda:
1647 5433 1810 5472 causa
1834 5415 2030 5488 adjeci.

458 5490 696 5570 Utraque
722 5490 868 5570 enim
900 5489 1040 5569 idem
1072 5491 1320 5559 utrisque
1353 5489 1692 5570 signiﬁcatur
1722 5489 1878 5570 locus
1909 5503 2033 5542 cer-

2205 4780 2302 4845 oC'.
2335 4782 2650 4854 Τεκμήριον
2677 4784 2738 4836 ού
2777 4785 3010 4855 σμικρὸν
3030 4783 3124 4838 τοῦ
3154 4784 3400 4854 φυσικῶς
3439 4785 3584 4854 ἡμῖν
3645 4783 3726 4835 ἒν-

2139 4873 2412 4945 εσπάρθαι
2470 4875 2570 4948 τὴν
2611 4879 2708 4949 τῆς
2745 4877 3000 4948 προνοίας
3037 4876 3259 4946 γνῶσιν,
3299 4879 3333 4946 ἡ
3383 4876 3554 4946 φύσις
3587 4875 3725 4941 αὑτὴ

2256 5054 2301 5085 ’³
2330 5053 2494 5109 Hebr.
2530 5071 2624 5120 vn,
2651 5055 2704 5108 3.
2780 5055 2826 5086 "
2855 5055 2876 5110 Ι
2925 5055 3072 5110 Petr.
3102 5071 3160 5118 η,
3189 5055 3272 5109 ll.

2139 5223 2264 5262 men
2289 5207 2572 5277 gentilium
2600 5207 2816 5263 feritate
2841 5207 3227 5270 exhibebatur;
3254 5209 3404 5278 quod
3431 5211 3575 5266 nihil
3601 5228 3721 5266 cum

2140 5293 2323 5350 scena,
2349 5285 2410 5331 ut
2433 5278 2632 5350 liquet,
2652 5279 2822 5350 habet
2847 5293 3158 5350 commune.
3181 5279 3336 5346 Quod
3366 5296 3507 5350 vero
3538 5285 3723 5350 sequi-

2141 5347 2395 5430 ῑιιτηὸλοι
2428 5347 2537 5417 ὅλῳ
2717 5348 3082 5430 ὲγπραθῆναι,
3114 5351 3208 5430 toti
3239 5351 3292 5402 in
3329 5357 3442 5402 toto
3476 5349 3597 5430 Deo
3620 5347 3725 5430 fr—

2130 5418 2293 5482 mari,
2321 5417 2380 5487 id
2399 5433 2529 5472 vero
2560 5417 2732 5487 ipsius
2759 5417 2868 5471 Piei
2903 5419 3151 5485 inscitia},
3177 5418 3308 5473 dum
3340 5434 3454 5474 non
3479 5417 3726 5478 advertit

2128 5487 2217 5548 τὸ,
2252 5486 2479 5556 κραθεὶς
2512 5486 2920 5558 θιίὲγκραθεὶς,
2952 5490 3060 5541 ἀπὸ
3091 5489 3185 5543 τοῦ
3219 5489 3533 5558 κεράννυμι
3567 5507 3722 5557 esse,

461 5556 682 5628 laminis
722 5574 785 5612 ac
825 5559 989 5623 fossa,
1024 5560 1077 5612 in
1117 5556 1375 5628 qua'non
1411 5556 1569 5613 esset
1609 5559 1728 5628 ejus
1770 5557 2033 5626 defugere
2129 5557 2368 5628 miscere,
2398 5573 2504 5626 qua
2537 5556 2893 5628 vocerintima
2927 5558 3019 5613 illa
3052 5560 3252 5616 mentis
3279 5556 3407 5616 cum
3438 5556 3562 5616 Deo
3596 5556 3722 5616 me

459 5627 653 5709 aleam,
676 5628 770 5709 sed
796 5628 880 5708 vel
907 5644 1030 5709 cum
1057 5627 1373 5709 adversario
1396 5627 2028 5709 pugile‘dccertandum,

461 5693 542 5756 vel
569 5708 693 5747 cum
721 5697 912 5752 bestiis
933 5699 1378 5770 depugnandum,
1397 5693 1457 5752 in
1477 5693 1688 5766 quibus
1718 5699 1823 5753 tale
1852 5709 2025 5755 certa-

2126 5626 2330 5696 passim
2361 5627 2631 5698 theologis
2656 5627 3013 5698 signiﬁcatur.
