3922 6348
225 190 352 254 1381

936 179 1267 242 CAPITUM
1309 173 1733 252 QUINQUIES
1771 169 2289 234 CENTENORUM
2325 169 2713 230 CENTURIA
2750 172 2820 231 V.

3334 170 3473 236 1382

220 301 449 353 δίδωσιν·
491 294 728 365 ὁπηνίκα
763 291 829 347 ἂν
855 292 1003 362 ἡμᾶς
1030 288 1332 349 ἀδιδάκτως
1357 285 1549 356 ὥσπερ
1574 283 1789 337 ὠθοῦσα

1912 277 2040 332 nine
2065 275 2320 341 docente,
2357 275 2411 329 in
2442 275 2749 345 repentinis
2790 273 3009 329 casibus
3036 273 3105 329 ad
3147 274 3319 329 Deum
3348 292 3475 346 pre-

220 391 354 459 πρδς
382 388 476 442 τὸν
520 388 652 440 Θεὸν
687 384 774 437 διὰ
802 382 912 436 τῶν
941 380 1116 453 εὐχῶν
1153 382 1213 433 ἐν
1253 378 1373 441 ταῖς
1408 374 1668 444 ἐξαίφνης
1697 390 1793 426 πε-

224 482 554 551 ριστάσεσιν,
583 476 795 531 ἐκεῖθεν
830 476 1014 544 ζητεῖν
1032 472 1131 543 τὴν
1152 470 1426 540 σωτηρίαν
1450 463 1794 537 παρασκευά-

221 573 307 644 ζῃ.
351 573 472 625 ⁹Υπ’
497 571 741 639 ἀνάγκης
786 568 895 637 γὰρ
923 566 1076 633 ἄφνω
1107 560 1521 632 συλληφθέντες,
1563 558 1796 627 ἀπροαι-

223 664 391 735 ρέτως
427 663 556 734 πρίν
585 678 639 715 τι
680 657 1005 730 σκέψασθαι,
1036 654 1128 708 τὸν
1151 653 1284 708 Θεὸν
1313 646 1682 717 ἐπιϐοώμεθα·
1720 646 1796 709 ὠς

221 755 287 808 ἂν
313 754 411 822 τῆς
438 752 696 823 προνοίας
727 750 895 820 αὐτῆς
932 746 1071 819 πρὸς
1120 745 1343 816 ἑαυτὴν,
1388 742 1483 796 καὶ
1520 739 1797 809 λογισμῶν

221 843 407 915 χωρὶς,
462 840 729 909 ἑλκούσης
773 839 939 910 ἡμᾶς,
973 838 1067 890 καὶ
1096 836 1157 889 τὸ
1184 834 1349 905 τάχος
1395 832 1497 901 τῆς
1552 832 1611 884 ἐν
1663 832 1797 902 ἡμῖν

222 935 415 1006 νοερᾶς
447 932 685 1001 νικώσης
714 930 1016 1000 δυνάμεως,
1053 928 1149 980 καὶ
1188 926 1406 979 πάντων
1440 922 1797 994 ἰσχυροτέραν

156 1012 159 1017 ⁴
222 1026 319 1097 τὴν
344 1024 495 1078 θείαν
526 1020 985 1094 προδεικνυούσης
1017 1018 1294 1090 βοήθειαν.
1326 1017 1441 1071 Ούκ
1466 1015 1532 1069 ἂν
1561 1015 1618 1067 δὲ
1647 1016 1800 1085 ἡμᾶς

223 1114 357 1191 ἦγεν
396 1117 780 1189 ἀπροαιρέτως
813 1116 846 1185 ἠ
884 1113 1074 1183 φύσις,
1124 1111 1218 1166 ἐπὶ
1264 1110 1326 1164 τὸ
1365 1111 1440 1181 μὴ
1484 1108 1647 1179 φύσιν
1677 1107 1800 1179 ἔχον

224 1211 488 1277 γίνεσθαι·
544 1208 654 1261 πᾶν
687 1206 743 1259 δὲ
788 1205 849 1258 τὸ
892 1203 1096 1274 ὁτῳοῦν
1129 1200 1377 1272 φυσικῶς
1406 1199 1693 1269 ἑπόμενον,
1723 1200 1799 1262 ὼς

226 1303 392 1356 πᾶσιν
412 1299 656 1370 εύδηλον,
682 1295 910 1368 ἰσχυρὰν
941 1295 1054 1365 ἔχει
1085 1292 1179 1348 καὶ
1200 1291 1629 1362 ἀκαταμάχητον
1660 1289 1800 1344 κατά

224 1392 324 1461 τὴν
353 1387 629 1454 ἀπόδειξιν
658 1389 759 1457 τῆς
792 1385 1050 1457 ἀληθείας
1074 1383 1176 1454 τὴν
1202 1382 1459 1453 δύναμιν.

295 1489 395 1555 οη’.
448 1479 667 1552 Ἐπειδὴ
698 1479 805 1532 τῶν
844 1477 1035 1536 ὄντων,
1076 1474 1147 1528 τά
1192 1473 1293 1544 μὲν
1326 1472 1473 1526 ἔστιν
1503 1469 1705 1541 ἀγαθὰ,
1731 1467 1800 1523 τὰ

224 1585 283 1639 δὲ
327 1571 530 1643 φαῦλα·
566 1570 737 1624 ταῦτα
774 1568 851 1635 δὲ,
883 1569 917 1640 ἢ
950 1568 1196 1641 παρόντα
1230 1567 1379 1621 ἐστιν
1425 1566 1459 1633 ἢ
1514 1563 1798 1636 μέλλοντα·

1893 367 2050 421 cibus
2067 365 2361 435 confugere
2386 363 2696 434 impellens,
2722 362 2850 417 inde
2867 362 3101 416 salutem
3124 365 3475 433 quaerendam

1894 456 2142 512 instruit.
2190 454 2387 510 Subito
2436 454 2588 509 enim
2639 454 2973 509 necessitate
3014 454 3278 523 correpti,
3325 462 3478 511 nullo

1896 548 2130 602 rationis
2193 545 2448 613 consilio,
2503 546 2656 600 nulla
2711 544 3109 600 deliberatione
3172 551 3475 615 prtemissa,

1893 638 2067 693 Deum
2113 638 2476 704 invocamus;
2533 646 2794 706 tanquam
2845 652 2945 691 nos
2988 638 3057 692 ad
3090 640 3329 708 seipsam
3358 641 3479 695 sine

1896 728 2025 783 ullis
2045 728 2376 793 rationibus,
2413 727 2531 798 ipsa
2553 727 2737 781 trahat
2761 724 3130 796 providentia,
3165 729 3478 800 intelligen-

1896 820 2065 890 dique
2112 821 2170 875 in
2218 820 2382 875 nobis
2426 820 2768 875 celeritatem
2806 820 3056 886 vincens,
3093 821 3350 876 omnibus
3382 837 3480 894 po-

1899 912 2195 966 tentiorem
2220 911 2465 965 divinam
2490 927 2650 981 opem
2679 912 3002 981 prazlendat.
3036 913 3326 983 Nunquam
3348 927 3482 967 vero

1866 1011 2096 1057 'natura
2137 1003 2451 1057 inconsulto
2513 1003 2772 1072 nullaque
2816 1014 3096 1071 prazeunte
3146 1006 3359 1059 ratione
3414 1020 3481 1059 eo

1898 1099 2165 1163 traheret,
2216 1098 2365 1169 quod
2414 1105 2614 1152 natura
2657 1097 2773 1152 fieri
2809 1114 2921 1151 non
2956 1107 3159 1167 posset.
3203 1098 3480 1167 Quidquid

1899 1198 2085 1246 autem
2122 1191 2216 1244 ulli
2248 1189 2326 1243 rei
2368 1197 2569 1242 natura
2616 1204 2799 1243 comes
2832 1197 2937 1252 est,
2968 1188 3020 1243 id
3058 1205 3209 1254 vero,
3240 1198 3301 1243 ut.
3342 1205 3480 1243 cun-

1898 1283 2002 1338 ctis
2033 1281 2384 1335 manifestum
2415 1288 2520 1342 est,
2560 1278 2769 1333 ﬁrmam
2805 1288 2857 1333 et
2886 1279 3307 1350 insuperabilem
3338 1296 3485 1335 asse-

1899 1375 2071 1430 renda
2092 1374 2324 1428 veritate
2345 1373 2457 1426 vim
2481 1372 2667 1427 habet.
3014 1420 3023 1421 ,
3486 1429 3491 1433 _

1970 1464 2059 1518 78.
2105 1463 2243 1519 Cum
2294 1477 2506 1526 rerum,
2562 1461 2682 1516 alia:
2730 1460 2909 1525 bonae,
2963 1461 3083 1515 alia!
3136 1463 3290 1516 malae
3334 1461 3481 1525 sint;

1900 1555 2095 1625 hagque
2127 1554 2266 1609 adeo
2306 1554 2393 1609 vel
2443 1560 2745 1623 praesentes
2777 1554 2907 1617 sint,
2944 1553 3030 1605 vel
3057 1551 3253 1606 futurae
3287 1569 3300 1605 :
3338 1551 3481 1621 quod

227 1640 676 1734 προσδοκώμενον
708 1658 806 1729 μὲν
834 1640 1061 1727 ἀγαθὸν,
1090 1656 1388 1726 ἐπιθυμίαν
1409 1654 1586 1708 καλεῖ·
1623 1651 1797 1721 παρὸν

1912 1647 2108 1700 bonum
2149 1658 2417 1714 suspensa
2458 1642 2870 1711 exspectatione
2911 1649 3083 1705 tenet,
3127 1640 3482 1710 cupiditatem

224 1750 307 1817 δέ,
343 1750 538 1821 ἡδονήν
568 1765 583 1778 ·
630 1749 725 1802 καὶ
759 1747 946 1813 πάλιν,
975 1745 1424 1818 προσδοκώμενον
1479 1745 1579 1816 μὲν
1604 1741 1796 1808 κακὸν,

227 1842 413 1913 φόϐον·
450 1841 624 1912 παρδν
656 1839 737 1907 δέ,
758 1838 958 1911 λύπην·
984 1839 1060 1903 ὡς
1094 1833 1235 1893 εἷναί
1256 1855 1313 1893 τε
1340 1839 1435 1892 καὶ
1456 1836 1797 1907 θεωρεῖσθαι,

227 1935 356 2006 περὶ
387 1934 486 2005 μὲν
516 1932 585 1986 τά
618 1932 779 1997 καλὰ,
809 1932 919 1985 εῐτε
964 1929 1033 1983 τά
1079 1929 1248 1994 ὅντως
1277 1930 1425 1993 ὄντα,
1464 1928 1576 1982 εἴτε
1614 1928 1683 1980 τά
1712 1943 1800 1979 νο-

231 2025 535 2097 μιζόμενα,
566 2024 668 2094 τὴν
719 2022 913 2094 ἡδονὴν
947 2022 1039 2076 καὶ
1073 2022 1172 2092 τὴν
1215 2020 1542 2093 ἐπιθυμίαν·
1582 2018 1711 2089 περὶ
1742 2017 1800 2071 δὲ

226 2118 297 2171 τά
323 2115 520 2186 φαῦλα,
550 2114 650 2187 τὴν
695 2114 875 2184 λύπην
908 2115 1004 2169 καὶ
1050 2113 1142 2167 τὸν
1191 2113 1374 2183 φόϐον.
1406 2111 1516 2166 Καὶ
1545 2112 1653 2183 γὰρ
1683 2112 1802 2164 ἐπι-

225 2207 567 2278 τυγχάνουσα
596 2207 694 2277 μέν
717 2208 750 2277 ἡ
771 2205 1060 2276 ἐπιθυμία,
1099 2204 1296 2277 ἡδονὴν
1328 2203 1640 2275 ἐργάζεται·
1664 2203 1800 2256 ἀπο-

227 2302 569 2372 τυγχάνουσα
593 2299 651 2354 δέ
698 2299 894 2371 λύπην.

302 2551 397 2607 σθ’.
430 2550 615 2607 Κακδν
671 2547 816 2606 εἷναί
860 2566 993 2620 φασι
1047 2551 1230 2604 πᾶσαν
1270 2548 1452 2620 λύπην
1495 2546 1563 2620 τῇ
1599 2549 1804 2619 ἑαυτῆς

232 2643 411 2714 φύσει.
447 2644 564 2698 Κᾶν
590 2643 696 2713 γὰρ
719 2643 748 2695 ὁ
792 2642 1077 2704 σπουδαῖος
1108 2642 1193 2693 ἐπ’
1223 2640 1522 2711 ἀλλοτρίοις
1566 2640 1803 2712 λυπῆται

231 2738 444 2801 κακοῖς,
492 2736 564 2799 ὡς
606 2736 878 2805 ἐλεήμων,
914 2733 1029 2788 ἀλλ’
1065 2733 1124 2785 οὐ
1179 2733 1606 2803 προηγουμένως
1662 2734 1805 2788 κατὰ

228 2823 509 2897 πρόθεσιν,
560 2824 673 2875 ἀλλ’
707 2822 1059 2892 ἐφεπομένως
1093 2820 1236 2873 κατὰ
1290 2820 1642 2890 περίστασιν·
1681 2824 1709 2876 ὀ
1748 2822 1804 2875 δέ

228 2912 586 2983 θεωρητικὸς,
622 2911 724 2965 κᾶν
755 2909 965 2972 τούτοις
1007 2908 1222 2978 ἀπαθὴς
1266 2908 1533 2978 διαμένει,
1564 2909 1805 2980 συνάψας

1901 1744 2090 1803 vocat;
2120 1735 2269 1805 quod
2302 1743 2487 1790 autem
2518 1733 2573 1788 in
2598 1742 2856 1803 promptu
2888 1748 2952 1787 ac
2985 1747 3229 1801 praesens
3249 1741 3353 1795 est,
3382 1746 3482 1784 vo-

1901 1827 2210 1897 luptatem:
2249 1841 2312 1881 ac
2354 1839 2569 1888 rursus,
2614 1830 2990 1893 exspectatqu
3039 1823 3264 1887 malum,
3319 1823 3486 1876 timo-

1903 1933 2052 1984 rem;
2081 1917 2226 1988 quod
2251 1931 2383 1971 vero
2422 1930 2666 1986 praesens
2709 1913 2875 1984 629
2904 1922 3007 1979 est,
3050 1914 3329 1968 tristitiam
3362 1914 3487 1966 ani-

1902 2009 2089 2079 mique
2120 2008 2389 2063 dolorem.
2420 2007 2499 2062 lta
2539 2006 2771 2068 scilicet,
2809 2013 2869 2059 ut
2892 2004 3037 2059 circa
3065 2004 3227 2064 bona,
3254 2002 3368 2056 sive
3395 2002 3485 2056 illa

1902 2113 2095 2153 revera
2118 2098 2264 2152 bona
2297 2098 2426 2162 sint,
2459 2096 2575 2150 sive
2611 2093 2946 2160 existimata,
2975 2101 3090 2147 tum
3120 2093 3371 2162 voluptas
3395 2107 3489 2145 cx-

1903 2191 2099 2245 sistant
2127 2197 2183 2243 et
2223 2188 2602 2258 intelligantur
2646 2196 2761 2241 tum
2796 2185 3107 2255 cupiditas;
3155 2184 3302 2237 circa
3346 2182 3486 2236 mala

1902 2294 2055 2343 vero,
2100 2286 2282 2333 metus
2318 2286 2376 2332 et
2426 2277 2667 2331 tristitia.
2725 2277 2792 2330 Et
2836 2278 2984 2331 enim
3046 2274 3315 2343 cupiditas
3370 2274 3485 2328 voti

1904 2383 2130 2437 compos
2174 2366 2392 2429 effecta,
2429 2365 2767 2434 voluptatem
2806 2363 2984 2433 parit;
3024 2378 3091 2418 eo
3142 2376 3324 2417 amem
3364 2362 3485 2418 [ται

1904 2466 2094 2521 strata,
2127 2456 2297 2509 animi
2327 2455 2571 2509 dolorem
2593 2470 2656 2509 ac
2683 2454 2962 2509 tristitiam
2995 2452 3144 2506 facit.

1972 2546 2060 2600 79.
2104 2544 2408 2599 Tristitiam
2461 2559 2681 2599 omnem
2728 2542 3009 2613 animique
3059 2541 3328 2608 dolorem,
3383 2556 3485 2597 sua

1904 2635 2085 2706 ipsum
2120 2636 2304 2690 indole
2338 2635 2541 2689 malum
2584 2649 2704 2690 esse
2749 2635 2923 2688 aiunt.
2972 2633 3293 2703 Quanquam
3338 2632 3485 2688 enim

1905 2727 2188 2783 studiosus
2220 2742 2286 2782 ac
2318 2727 2540 2782 virtutis
2572 2728 2755 2782 cultor
2794 2742 2864 2780 ex
2899 2726 3094 2780 alienis
3125 2726 3285 2780 malis
3316 2726 3488 2780 tristi-

1906 2818 2037 2872 tiam
2076 2819 2327 2883 assumit,
2370 2817 2629 2888 doletque
2657 2817 2864 2882 animo,
2908 2824 2968 2871 ut
3002 2816 3335 2880 misericors,
3375 2831 3486 2870 non

1906 2916 2087 2963 tamen
2118 2908 2383 2978 primario
2428 2908 2632 2963 mentis
2682 2907 2895 2962 ratione
2942 2922 3006 2962 ac
3042 2906 3346 2978 proposito,
3391 2907 3488 2961 sed

228 2981 427 3055 ἑαυτὸν
476 2981 559 3070 τῷ
603 2998 743 3070 Θεῷ,
801 2999 897 3052 καὶ
940 2997 1049 3051 τῶν
1097 2998 1224 3068 τῇδε
1275 2996 1493 3052 πάντων
1519 2999 1805 3070 ἀλλοτριώ-

1912 3007 2346 3069 consequenter;
2369 3008 2633 3069 quantum
2656 2998 2867 3054 scilicet
2888 2999 3117 3053 suadeat
3133 2998 3251 3068 ipsa
3270 2998 3487 3053 adversi

230 3109 355 3154 σας.

1910 3107 2071 3147 casus
2102 3092 2261 3145 ratio.
2302 3091 2393 3156 At,
2431 3091 2527 3161 qui
2560 3097 2856 3161 provectus
2889 3090 3350 3160 contemplatione
3381 3099 3485 3153 est,

229 3182 290 3237 in
321 3183 408 3237 his
452 3195 670 3251 quoque
704 3179 893 3234 dolore
937 3177 1271 3233 inviolabilis
1315 3186 1521 3245 manet,
1563 3194 1656 3249 qui
1691 3180 1806 3249 ipse
1843 3182 2083 3253 seipsum
2111 3183 2224 3237 Deo
2253 3182 2624 3254 conjunxerit,
2684 3192 2849 3253 atque
2878 3198 2908 3235 a
2936 3180 3172 3236 terrenis
3232 3180 3490 3237 omnibus

231 3272 478 3326 animum
511 3270 841 3342 abjunxerit.

306 3373 380 3422 π’.
416 3368 478 3419 υἱ
505 3366 651 3433 ἆγιοι
674 3364 874 3427 πάντες
912 3363 1005 3417 τοῦ
1038 3364 1181 3419 θείου
1216 3365 1311 3418 καὶ
1342 3364 1615 3429 ἀπλανοῦς
1648 3366 1807 3435 λόγου

233 3455 474 3525 γνησίως
526 3452 941 3524 ἐπειλημμένοι,
969 3453 1061 3505 τὸν
1095 3453 1266 3506 αἰῶνα
1294 3453 1484 3507 τοῦτον
1523 3453 1804 3524 διέόησαν,

234 3549 411 3602 οὐδενὶ
444 3545 553 3600 τῶν
583 3548 642 3598 ἐν
671 3545 820 3616 αὐτῷ
856 3544 1107 3615 τερπνῶν
1158 3547 1221 3597 τὸ
1278 3546 1380 3616 τῆς
1431 3544 1609 3615 ψυχῆς
1665 3547 1809 3615 ἴχνος

235 3638 701 3709 ἐναπερείσαντες.
737 3632 877 3706 Πρὸς
909 3636 1019 3706 γάρ
1050 3637 1173 3698 τοὺς
1205 3636 1407 3705 ἄκρους
1441 3636 1549 3687 τῶν
1594 3636 1809 3705 ἀνθρώ-

237 3746 361 3793 ποις
391 3728 625 3799 ἐφικτῶν
660 3728 787 3799 περὶ
818 3725 954 3779 Θεοῦ
981 3726 1195 3795 λόγους,
1236 3728 1334 3799 τῆς
1364 3726 1697 3797 ἀγαθότητός
1744 3728 1807 3780 τέ

236 3839 384 3893 φημι
441 3821 534 3874 καὶ
579 3820 677 3890 τῆς
709 3820 950 3888 ἀγάπης,
1007 3817 1152 3887 μάλα
1179 3835 1243 3886 γε
1275 3818 1497 3881 εἰκότως
1539 3817 1630 3872 τὸν
1658 3817 1803 3881 ,νοῦν

234 3913 696 3972 ἀναπετάσαντες·
731 3905 812 3973 οἷς
844 3909 1132 3979 κινηθέντα
1174 3909 1265 3962 τὸν
1296 3907 1449 3973 Θεὸν,
1480 3907 1542 3961 τὸ
1581 3903 1724 3962 εἷναί
1747 3925 1806 3962 τε

232 4000 419 4056 δοῦναι
443 4002 552 4063 τοῖς
576 3998 718 4064 οὖσι,
764 4001 858 4054 καὶ
886 3999 948 4053 τὸ
990 3995 1051 4053 εὖ
1098 3992 1239 4053 εἶναι
1269 3997 1619 4071 χαρίσασθαι,
1650 3999 1808 4051 ἐπαι-

234 4093 528 4157 δεύθησαν·
561 4090 723 4161 εἴπερ
751 4091 968 4161 κίνησιν
1002 4090 1095 4143 ἐπὶ
1116 4088 1253 4142 Θεοῦ
1286 4087 1379 4141 τοῦ
1414 4086 1577 4158 μόνου
1611 4087 1804 4158 ἀκινή-
1844 4074 1857 4086 ’

233 4200 334 4237 του
388 4182 545 4252 θέμις
576 4182 772 4248 εἰπεῖν,
823 4181 959 4234 ἀλλά
1023 4178 1098 4251 μὴ
1154 4179 1351 4251 μᾶλλον
1397 4178 1671 4250 βούλησιν,
1709 4178 1806 4250 τὴν

235 4275 418 4330 πάντα
465 4272 722 4327 κινοῦσάν
771 4289 852 4336 τε,
890 4272 985 4326 καὶ
1041 4274 1119 4334 είς
1158 4272 1218 4324 τὸ
1267 4266 1404 4325 εἶναι
1450 4270 1808 4342 παράγουσαν

236 4368 335 4421 καὶ
368 4367 714 4436 συνέχουσαν,
771 4363 1097 4433 κινουμένην
1132 4362 1188 4415 δέ
1234 4360 1482 4433 οὐδαμῶς
1532 4360 1807 4415 οὐδέποτε.

319 4567 429 4613 πα’.
475 4559 537 4612 Ἥ
557 4557 704 4629 ψυχὴ
734 4556 893 4611 οὐσία
920 4553 1084 4623 νοερά
1107 4569 1166 4605 τε
1198 4552 1292 4605 καὶ
1311 4550 1505 4622 λογικὴ
1531 4551 1807 4622 ὑπάρχου-

240 4670 335 4713 σα.
369 4652 463 4705 καὶ
491 4653 602 4703 νοεῖ
628 4650 723 4703 καὶ
756 4646 1056 4716 λογίζεται·
1094 4644 1323 4714 δύναμιν
1360 4643 1457 4715 μὲν
1490 4642 1687 4714 ἔχουσα
1717 4643 1811 4696 τὸν

238 4743 390 4800 νοῦν·
428 4742 641 4812 κίνησιν
672 4740 749 4804 δὲ,
777 4738 878 4809 τὴν
918 4737 1124 4808 νόησιν·
1155 4735 1437 4805 ἐνέργειαν
1479 4734 1557 4801 δέ,
1589 4735 1650 4788 το
1686 4734 1811 4806 νόη-

244 4854 324 4908 μα
360 4835 457 4905 (η),
494 4833 674 4903 Πέρας
710 4830 820 4901 γὰρ
847 4828 1023 4893 τοῦτο,
1067 4828 1166 4897 τῆς
1196 4845 1256 4880 τε
1295 4825 1391 4879 τοῦ
1440 4825 1683 4890 νοοῦντος
1722 4826 1815 4879 καὶ

238 4924 340 4979 τοῦ
374 4921 663 4992 νοουμένου
693 4918 928 4991 νοήσεώς
967 4919 1135 4982 ἐστιν,
1164 4915 1240 4980 ὡς
1275 4916 1677 4987 περιοριστικον
1714 4915 1813 4985 τῆς

241 5015 382 5086 πρὸς
414 5012 615 5082 ἀλληλα
654 5011 763 5065 τῶν
793 5010 976 5079 ἄκρων
1017 5006 1260 5076 ὑπάρχον
1302 5005 1559 5075 σχέσεως.
1600 5003 1817 5060 Νοοῦσα

321 5222 400 5291 (n)
445 5224 781 5297 TEVépTS‘ta"
805 5221 1016 5297 _6_é,_tb
1058 5221 1274 5297 νόημα.
1310 5216 1472 5273 Varia
1515 5216 1637 5287 ejus
1669 5215 1825 5297 vocis

244 5289 527 5361 acceptio,
563 5289 763 5363 saépius
805 5292 1039 5363 Maximo
1080 5289 1357 5363 discussa;
1402 5303 1465 5342 ea
1503 5289 1821 5363 occasione.

242 5355 396 5431 quod
424 5355 522 5432 pro
548 5355 663 5433 ipsa
689 5362 1006 5433 operatione
1029 5361 1114 5415 vel
1140 5358 1420 5433 facultate,
1444 5372 1552 5433 una
1584 5357 1638 5410 in
1667 5355 1827 5433 Chri:

244 5424 335 5487 sto
364 5424 843 5498 asserebatur,'his
873 5432 967 5502 qui
1003 5430 1246 5502 proxime
1276 5424 1826 5502 Eutychiano‘crrori

242 5502 606 5567 accedebant,
633 5494 741 5574 qua
779 5494 1471 5574 dvsvépﬁjtovnhumanam
1512 5496 1568 5574 in
1607 5494 1828 5574 Christo

245 5581 504 5628 naturam
543 5564 838 5643 ponebant,
872 5564 1044 5641 ipsam
1079 5568 1352 5634 tollentes,
1384 5566 1656 5638 siquidem
1691 5564 1827 5620 nihil

1982 3367 2070 3423 80.
2111 3365 2299 3422 Sancti
2337 3381 2527 3421 omnes
2557 3365 2747 3420 divino
2788 3375 3060 3435 certaeque
3089 3364 3338 3420 veritatis
3371 3364 3488 3419 sin-

1910 3473 2035 3513 cere
2082 3473 2148 3512 ex
2195 3458 2380 3513 animo
2427 3472 2682 3512 sermone
2729 3467 2966 3527 arrepto,
3014 3457 3181 3512 hocce
3228 3456 3487 3511 saeculum

1907 3551 2284 3615 transierunt,
2323 3548 2463 3604 nulli
2498 3564 2688 3603 eorum
2728 3565 2850 3618 qua:
2884 3549 2942 3603 in
2975 3565 3043 3605 eo
3081 3549 3358 3604 oblectant
3396 3549 3490 3603 dc-

1911 3639 2018 3693 ﬁxo
2043 3641 2212 3693 animi
2247 3640 2498 3709 vestigio.
2530 3640 2614 3693 Ad
2650 3656 2933 3709 supremas
2958 3641 3104 3695 enim
3132 3640 3199 3694 ad
3225 3656 3362 3710 quas
3390 3655 3489 3710 pro

1909 3728 2147 3782 humana
2174 3731 2309 3782 eniti
2340 3731 2550 3783 ratione
2580 3730 2732 3795 licet,
2761 3732 2827 3785 de
2854 3732 2965 3785 Deo
2990 3733 3229 3786 rationes
3254 3732 3491 3802 (bonita—

1912 3819 1984 3874 tis
2002 3820 2214 3873 scilicet
2236 3835 2301 3873 ac
2322 3818 2653 3890 dilectionis)
2678 3836 2778 3889 per
2799 3837 2963 3891 quam
2988 3830 3111 3890 apte
3135 3836 3199 3877 ac
3220 3823 3490 3877 concinne

1911 3911 2155 3966 animum
2188 3911 2548 3980 explicantes,
2585 3910 2921 3981 didicerunt,
2954 3912 3157 3984 quibus
3194 3913 3340 3968 Deus
3375 3928 3492 3967 mo-

1911 4008 2021 4067 tus,
2054 4002 2220 4056 rebus
2248 4010 2312 4056 ut
2345 4008 2526 4056 essent
2556 4001 2832 4067 tribuerit,
2861 4011 2918 4059 et
2948 4010 3008 4059 ut
3046 4003 3184 4057 bene
3220 4003 3490 4073 beateque

1911 4100 2095 4147 essent
2127 4092 2355 4161 largitus
2396 4092 2496 4156 sit;
2548 4091 2593 4146 si
2636 4092 2799 4147 modo
2834 4092 2888 4146 in
2926 4093 3036 4148 Deo
3071 4101 3254 4147 motus
3297 4109 3488 4149 vocem

1913 4196 2179 4251 usurpare
2232 4182 2382 4246 licet,
2430 4182 2524 4252 qui
2573 4183 2723 4237 solus
2770 4191 2854 4237 est
2901 4184 3197 4239 immobilis
3230 4202 3243 4238 :
3275 4194 3331 4240 et
3378 4201 3489 4241 non

1913 4272 2096 4342 potius
2130 4273 2449 4338 voluntatis,
2475 4289 2598 4345 quae
2625 4275 2808 4329 omnia
2843 4285 3080 4341 moveat,
3109 4277 3273 4347 inque
3304 4293 3490 4333 rerum

1912 4374 2164 4419 naturam
2200 4365 2467 4434 producat
2492 4382 2555 4422 ac
2585 4366 2883 4434 contineat,
2917 4383 3019 4423 nec
3049 4369 3163 4440 ipsa
3196 4376 3375 4425 tamen
3405 4372 3491 4426 ul-

1912 4456 2025 4510 lum
2058 4471 2299 4527 unquam
2327 4466 2536 4513 motum
2564 4459 2831 4514 admittat.

1982 4549 2070 4603 81.
2111 4548 2307 4604 Anima
2348 4549 2686 4621 intelligendi
2719 4567 2781 4606 ac
2814 4551 3047 4608 rationis
3073 4551 3125 4607 vi
3161 4547 3408 4622 praedita:
3439 4564 3495 4609 et

1916 4639 2177 4712 intelligit
2207 4648 2263 4695 et
2302 4641 2696 4706 ratiocinatur;
2735 4641 3077 4707 facultatem,
3114 4652 3353 4697 mentem
3394 4644 3493 4698 ha-

1920 4733 2083 4800 bens;
2120 4742 2354 4799 motum,
2390 4733 2856 4800 intellectionem;
2888 4735 3166 4804 ἐνέργειαν
3202 4735 3379 4804 (velut
3408 4751 3497 4789 ac-

1921 4833 2037 4880 tum
2071 4825 2222 4881 dicas
2254 4834 2309 4881 et
2338 4824 2491 4896 quasi
2524 4826 2814 4896 effectum)
2848 4828 3125 4882 notionem
3157 4837 3320 4897 atque
3361 4843 3495 4881 con-

1921 4925 2161 4986 ceptum.
2186 4918 2283 4971 Est
2305 4917 2452 4972 enim
2481 4926 2799 4985 conceptus,
2826 4924 2939 4969 tum
2967 4916 3342 4987 intelligentis,
3380 4925 3495 4969 tum

1921 5009 2041 5080 ejus
2063 5007 2210 5078 quod
2254 5006 2603 5078 intelligitur,
2646 5006 2789 5073 ﬁnis,
2826 5015 2888 5061 ut
2918 5008 3076 5078 cujus
3104 5005 3196 5073 sit,
3222 5017 3282 5061 ut
3317 5016 3497 5061 extre-

1923 5215 1978 5269 in
2006 5222 2201 5267 natura
2232 5217 2338 5274 est,
2361 5223 2473 5262 non
2506 5207 2739 5263 naturali
2772 5206 3059 5277 praeditum
3091 5204 3365 5277 facultate.
3398 5200 3497 5254 ire

1924 5286 2233 5352 ἐνέργειαν,
2268 5282 2444 5349 ipsum
2491 5278 2623 5332 dicit
2669 5274 3060 5352 intcllectionis
3100 5274 3395 5352 terminum
3435 5285 3495 5325 ac

1923 5342 2184 5417 ver'h'um,
2218 5342 2416 5418 in'quo
2454 5364 2608 5402 mens
2641 5363 2753 5401 rem
2792 5348 3116 5401 intueretur.
3138 5342 3495 5418 Anastasizzin

1925 5423 2148 5491 exponit
2173 5411 2503 5491 'Maxi'mus,
2537 5419 2667 5472 dum
2712 5433 2880 5491 unam
2935 5418 3051 5485 ipse
3100 5411 3497 5491 videtunvcll‘c

1926 5484 2237 5560 ἐνέργειαν,
2284 5505 2385 5559 pro
2428 5488 2664 5560 effectu.
2711 5487 2765 5541 in
2818 5486 2904 5543 his
2948 5484 3069 5557 qua:
3111 5500 3177 5540 ex
3227 5484 3500 5537 Vaticanis

1928 5510 2013 5548 ενε
2053 5510 2237 5560 γειαν,
2284 5510 2385 5559 pro
2428 5510 2664 5548 eueCtu,
2712 5510 2765 5541 ιιι

1928 5510 2087 5620 codpd.
2116 5563 2234 5633 ejus
2260 5560 2567 5632 argumenti
2600 5558 2814 5613 damus.
