  <div class='ocr_page' id='page_1' title='image "/cluster/home/n/w/nwhite01/storage/ocr_20150623/90/pst.000005712960/734.png"; bbox 0 0 3922 6348; ppageno 0'>
   <div class='ocr_carea' id='block_1_1' title="bbox 241 319 3520 402">
    <p class='ocr_par' dir='ltr' id='par_1_1' title="bbox 241 319 3520 402">
     <span class='ocr_line' id='line_1_1' title="bbox 241 319 3520 402; baseline 0.001 -17"><span class='ocrx_word' id='word_1_1' title='bbox 241 327 389 394; x_wconf 82' lang='lat'><strong>1389</strong></span> <span class='ocrx_word' id='word_1_2' title='bbox 950 326 1287 386; x_wconf 74' lang='lat' dir='ltr'><strong>CAPITUM</strong></span> <span class='ocrx_word' id='word_1_3' title='bbox 1324 321 1748 397; x_wconf 73' lang='lat' dir='ltr'><strong>QUINQUIES</strong></span> <span class='ocrx_word' id='word_1_4' title='bbox 1783 319 2308 384; x_wconf 77' lang='lat' dir='ltr'><strong>CENTENOBUM</strong></span> <span class='ocrx_word' id='word_1_5' title='bbox 2346 324 2737 388; x_wconf 73' lang='lat' dir='ltr'><strong>CENTURIA</strong></span> <span class='ocrx_word' id='word_1_6' title='bbox 2772 328 2839 388; x_wconf 91' lang='lat' dir='ltr'><strong>V.</strong></span> <span class='ocrx_word' id='word_1_7' title='bbox 3379 331 3520 402; x_wconf 76' lang='lat'><strong>1390</strong></span> 
     </span>
    </p>
   </div>
   <div class='ocr_carea' id='block_1_2' title="bbox 235 435 1827 520">
    <p class='ocr_par' dir='ltr' id='par_1_2' title="bbox 235 435 1820 520">
     <span class='ocr_line' id='line_1_2' title="bbox 235 435 1820 520; baseline -0.007 -20"><span class='ocrx_word' id='word_1_8' title='bbox 235 445 335 500; x_wconf 79' lang='grc' dir='ltr'><strong>λον</strong></span> <span class='ocrx_word' id='word_1_9' title='bbox 370 443 452 496; x_wconf 74' lang='grc' dir='ltr'><strong>ἔτι</strong></span> <span class='ocrx_word' id='word_1_10' title='bbox 498 443 608 496; x_wconf 85' lang='grc' dir='ltr'><strong>τῶν</strong></span> <span class='ocrx_word' id='word_1_11' title='bbox 669 436 810 514; x_wconf 72' lang='grc' dir='ltr'>μετὰ</span> <span class='ocrx_word' id='word_1_12' title='bbox 863 438 1023 506; x_wconf 72' lang='grc' dir='ltr'>Θεὸν,</span> <span class='ocrx_word' id='word_1_13' title='bbox 1083 441 1172 494; x_wconf 82' lang='grc' dir='ltr'><strong>διὰ</strong></span> <span class='ocrx_word' id='word_1_14' title='bbox 1225 437 1325 520; x_wconf 67' lang='grc' dir='ltr'>τῂν</span> <span class='ocrx_word' id='word_1_15' title='bbox 1359 437 1634 511; x_wconf 78' lang='grc' dir='ltr'>ὑπεροχὴν</span> <span class='ocrx_word' id='word_1_16' title='bbox 1689 435 1820 490; x_wconf 71' lang='grc' dir='ltr'>ὅντα</span> 
     </span>
    </p>
   </div>
   <div class='ocr_carea' id='block_1_3' title="bbox 1935 435 3516 520">
    <p class='ocr_par' dir='ltr' id='par_1_3' title="bbox 1935 438 3516 510">
     <span class='ocr_line' id='line_1_3' title="bbox 1935 438 3516 510; baseline 0.008 -19"><span class='ocrx_word' id='word_1_17' title='bbox 1935 451 2040 506; x_wconf 68' lang='grc' dir='ltr'><strong>[πω</strong></span> <span class='ocrx_word' id='word_1_18' title='bbox 2069 452 2281 493; x_wconf 85' lang='lat' dir='ltr'><strong>summa</strong></span> <span class='ocrx_word' id='word_1_19' title='bbox 2314 439 2660 505; x_wconf 77' lang='lat' dir='ltr'><strong>excellentia,</strong></span> <span class='ocrx_word' id='word_1_20' title='bbox 2689 439 2839 495; x_wconf 90' lang='lat' dir='ltr'><strong>omni</strong></span> <span class='ocrx_word' id='word_1_21' title='bbox 2866 438 3089 510; x_wconf 78' lang='lat' dir='ltr'><strong>penitus</strong></span> <span class='ocrx_word' id='word_1_22' title='bbox 3118 456 3284 498; x_wconf 87' lang='lat' dir='ltr'><strong>sensu</strong></span> <span class='ocrx_word' id='word_1_23' title='bbox 3313 461 3376 500; x_wconf 90' lang='lat' dir='ltr'><strong>ac</strong></span> <span class='ocrx_word' id='word_1_24' title='bbox 3413 463 3516 504; x_wconf 91' lang='lat' dir='ltr'><strong>no-</strong></span> 
     </span>
    </p>
   </div>
   <div class='ocr_carea' id='block_1_4' title="bbox 233 529 1827 608">
    <p class='ocr_par' dir='ltr' id='par_1_4' title="bbox 233 541 1530 608">
     <span class='ocr_line' id='line_1_4' title="bbox 233 541 1530 608; baseline -0.004 -17"><span class='ocrx_word' id='word_1_25' title='bbox 233 541 502 608; x_wconf 85' lang='grc' dir='ltr'>νοήμονα.</span> <span class='ocrx_word' id='word_1_26' title='bbox 1525 581 1530 586; x_wconf 95' lang='grc'>.</span> 
     </span>
    </p>
   </div>
   <div class='ocr_carea' id='block_1_5' title="bbox 1935 529 2291 608">
    <p class='ocr_par' dir='ltr' id='par_1_5' title="bbox 1935 529 2291 586">
     <span class='ocr_line' id='line_1_5' title="bbox 1935 529 2291 586; baseline 0.011 -4"><span class='ocrx_word' id='word_1_27' title='bbox 1935 529 2054 585; x_wconf 84' lang='lat' dir='ltr'><strong>titia</strong></span> <span class='ocrx_word' id='word_1_28' title='bbox 2086 541 2291 586; x_wconf 90' lang='lat' dir='ltr'><strong>careat.</strong></span> 
     </span>
    </p>
   </div>
   <div class='ocr_carea' id='block_1_6' title="bbox 316 623 1828 698">
    <p class='ocr_par' dir='ltr' id='par_1_6' title="bbox 316 623 1828 698">
     <span class='ocr_line' id='line_1_6' title="bbox 316 623 1828 698; baseline -0.006 -17"><span class='ocrx_word' id='word_1_29' title='bbox 316 633 417 696; x_wconf 48' lang='lat'><strong>115&#39;.</strong></span> <span class='ocrx_word' id='word_1_30' title='bbox 445 627 628 698; x_wconf 76' lang='grc' dir='ltr'><strong>Ὀπέρ</strong></span> <span class='ocrx_word' id='word_1_31' title='bbox 656 627 850 680; x_wconf 82' lang='grc' dir='ltr'>ὲστινὸ</span> <span class='ocrx_word' id='word_1_32' title='bbox 885 625 1068 696; x_wconf 78' lang='grc' dir='ltr'>αἰθὴρ,</span> <span class='ocrx_word' id='word_1_33' title='bbox 1101 625 1270 696; x_wconf 71' lang='grc' dir='ltr'>ἤγουν</span> <span class='ocrx_word' id='word_1_34' title='bbox 1317 624 1382 678; x_wconf 84' lang='grc' dir='ltr'>τὺ</span> <span class='ocrx_word' id='word_1_35' title='bbox 1427 623 1624 694; x_wconf 81' lang='grc' dir='ltr'>πύριον</span> <span class='ocrx_word' id='word_1_36' title='bbox 1684 638 1828 674; x_wconf 79' lang='grc' dir='ltr'>στοι-</span> 
     </span>
    </p>
   </div>
   <div class='ocr_carea' id='block_1_7' title="bbox 235 712 1829 792">
    <p class='ocr_par' dir='ltr' id='par_1_7' title="bbox 235 712 1829 792">
     <span class='ocr_line' id='line_1_7' title="bbox 235 712 1829 792; baseline -0.004 -19"><span class='ocrx_word' id='word_1_37' title='bbox 235 721 408 792; x_wconf 77' lang='grc' dir='ltr'>χεῖον,</span> <span class='ocrx_word' id='word_1_38' title='bbox 441 721 498 772; x_wconf 83' lang='grc' dir='ltr'>ὲν</span> <span class='ocrx_word' id='word_1_39' title='bbox 522 719 601 789; x_wconf 82' lang='grc' dir='ltr'><strong>τῷ</strong></span> <span class='ocrx_word' id='word_1_40' title='bbox 636 718 758 771; x_wconf 83' lang='grc' dir='ltr'>κατ’</span> <span class='ocrx_word' id='word_1_41' title='bbox 796 717 1048 788; x_wconf 77' lang='grc' dir='ltr'>αἴσθησιν</span> <span class='ocrx_word' id='word_1_42' title='bbox 1082 716 1297 787; x_wconf 80' lang='grc' dir='ltr'>κόσμῳ,</span> <span class='ocrx_word' id='word_1_43' title='bbox 1321 715 1481 769; x_wconf 81' lang='grc' dir='ltr'>τοῦτο</span> <span class='ocrx_word' id='word_1_44' title='bbox 1519 715 1576 767; x_wconf 84' lang='grc' dir='ltr'><strong>ὲν</strong></span> <span class='ocrx_word' id='word_1_45' title='bbox 1604 713 1683 784; x_wconf 85' lang='grc' dir='ltr'>τῷ</span> <span class='ocrx_word' id='word_1_46' title='bbox 1735 712 1829 767; x_wconf 79' lang='grc' dir='ltr'><strong>κό-</strong></span> 
     </span>
    </p>
   </div>
   <div class='ocr_carea' id='block_1_8' title="bbox 238 805 1831 883">
    <p class='ocr_par' dir='ltr' id='par_1_8' title="bbox 238 805 1831 883">
     <span class='ocr_line' id='line_1_8' title="bbox 238 805 1831 883; baseline -0.005 -18"><span class='ocrx_word' id='word_1_47' title='bbox 238 829 366 883; x_wconf 82' lang='grc' dir='ltr'>σμῳ</span> <span class='ocrx_word' id='word_1_48' title='bbox 395 813 492 881; x_wconf 79' lang='grc' dir='ltr'><strong>τῆς</strong></span> <span class='ocrx_word' id='word_1_49' title='bbox 514 811 754 873; x_wconf 73' lang='grc' dir='ltr'><strong>διανοίας</strong></span> <span class='ocrx_word' id='word_1_50' title='bbox 782 811 928 867; x_wconf 70' lang='grc' dir='ltr'>ἐστὶν</span> <span class='ocrx_word' id='word_1_51' title='bbox 952 811 985 880; x_wconf 83' lang='grc' dir='ltr'>ή</span> <span class='ocrx_word' id='word_1_52' title='bbox 1017 810 1302 880; x_wconf 75' lang='grc' dir='ltr'><strong>φρόνησις,</strong></span> <span class='ocrx_word' id='word_1_53' title='bbox 1330 807 1406 872; x_wconf 79' lang='grc' dir='ltr'><strong>ὡς</strong></span> <span class='ocrx_word' id='word_1_54' title='bbox 1427 805 1541 873; x_wconf 70' lang='grc' dir='ltr'>ἕξις</span> <span class='ocrx_word' id='word_1_55' title='bbox 1571 821 1831 876; x_wconf 84' lang='grc' dir='ltr'>φωτιστι-</span> 
     </span>
    </p>
   </div>
   <div class='ocr_carea' id='block_1_9' title="bbox 237 901 1828 974">
    <p class='ocr_par' dir='ltr' id='par_1_9' title="bbox 237 901 1828 974">
     <span class='ocr_line' id='line_1_9' title="bbox 237 901 1828 974; baseline -0.004 -17"><span class='ocrx_word' id='word_1_56' title='bbox 237 902 335 974; x_wconf 84' lang='grc' dir='ltr'><strong>κὴ,</strong></span> <span class='ocrx_word' id='word_1_57' title='bbox 363 904 457 957; x_wconf 79' lang='grc' dir='ltr'><strong>καὶ</strong></span> <span class='ocrx_word' id='word_1_58' title='bbox 483 903 590 955; x_wconf 82' lang='grc' dir='ltr'><strong>τῶν</strong></span> <span class='ocrx_word' id='word_1_59' title='bbox 617 905 703 970; x_wconf 77' lang='grc' dir='ltr'><strong>ἐφ’</strong></span> <span class='ocrx_word' id='word_1_60' title='bbox 728 901 960 955; x_wconf 77' lang='grc' dir='ltr'>ἑκάστου</span> <span class='ocrx_word' id='word_1_61' title='bbox 989 901 1100 954; x_wconf 87' lang='grc' dir='ltr'><strong>τῶν</strong></span> <span class='ocrx_word' id='word_1_62' title='bbox 1129 901 1303 954; x_wconf 77' lang='grc' dir='ltr'>ὄντων</span> <span class='ocrx_word' id='word_1_63' title='bbox 1331 901 1478 966; x_wconf 81' lang='grc' dir='ltr'><strong>ἰδίως</strong></span> <span class='ocrx_word' id='word_1_64' title='bbox 1525 915 1828 969; x_wconf 84' lang='grc' dir='ltr'>πνευματι-</span> 
     </span>
    </p>
   </div>
   <div class='ocr_carea' id='block_1_10' title="bbox 237 990 1828 1065">
    <p class='ocr_par' dir='ltr' id='par_1_10' title="bbox 237 990 1828 1065">
     <span class='ocr_line' id='line_1_10' title="bbox 237 990 1828 1065; baseline -0.003 -18"><span class='ocrx_word' id='word_1_65' title='bbox 237 995 357 1051; x_wconf 87' lang='grc' dir='ltr'><strong>κῶν</strong></span> <span class='ocrx_word' id='word_1_66' title='bbox 411 995 586 1062; x_wconf 75' lang='grc' dir='ltr'>λόγων</span> <span class='ocrx_word' id='word_1_67' title='bbox 631 993 966 1064; x_wconf 80' lang='grc' dir='ltr'>ὑποδεκτικὴ</span> <span class='ocrx_word' id='word_1_68' title='bbox 1016 993 1170 1065; x_wconf 65' lang='lat' dir='ltr'><strong>[ediL</strong></span> <span class='ocrx_word' id='word_1_69' title='bbox 1221 990 1602 1064; x_wconf 65' lang='grc' dir='ltr'>ἀποδεκτικὴί,</span> <span class='ocrx_word' id='word_1_70' title='bbox 1642 993 1740 1063; x_wconf 79' lang='grc' dir='ltr'>τὴν</span> <span class='ocrx_word' id='word_1_71' title='bbox 1769 992 1828 1044; x_wconf 79' lang='grc' dir='ltr'><strong>ἐν</strong></span> 
     </span>
    </p>
   </div>
   <div class='ocr_carea' id='block_1_11' title="bbox 233 1080 1829 1152">
    <p class='ocr_par' dir='ltr' id='par_1_11' title="bbox 233 1080 1829 1152">
     <span class='ocr_line' id='line_1_11' title="bbox 233 1080 1829 1152; baseline -0.003 -12"><span class='ocrx_word' id='word_1_72' title='bbox 233 1087 381 1150; x_wconf 77' lang='grc' dir='ltr'>ὅλοις</span> <span class='ocrx_word' id='word_1_73' title='bbox 404 1085 662 1146; x_wconf 78' lang='grc' dir='ltr'>ἀπλανῶς</span> <span class='ocrx_word' id='word_1_74' title='bbox 684 1085 861 1138; x_wconf 77' lang='grc' dir='ltr'>αἰτίαν</span> <span class='ocrx_word' id='word_1_75' title='bbox 889 1085 954 1137; x_wconf 84' lang='grc' dir='ltr'>δι’</span> <span class='ocrx_word' id='word_1_76' title='bbox 981 1084 1161 1137; x_wconf 75' lang='grc' dir='ltr'>αὐτῶν</span> <span class='ocrx_word' id='word_1_77' title='bbox 1200 1085 1537 1152; x_wconf 77' lang='grc' dir='ltr'>ἐκφαίνουσα</span> <span class='ocrx_word' id='word_1_78' title='bbox 1560 1123 1575 1147; x_wconf 96' lang='grc'><strong>,</strong></span> <span class='ocrx_word' id='word_1_79' title='bbox 1607 1082 1702 1134; x_wconf 53' lang='grc' dir='ltr'><strong>καὶ⁸</strong></span> <span class='ocrx_word' id='word_1_80' title='bbox 1729 1080 1829 1150; x_wconf 82' lang='grc' dir='ltr'><strong>τῆς</strong></span> 
     </span>
    </p>
   </div>
   <div class='ocr_carea' id='block_1_12' title="bbox 237 1170 1819 1246">
    <p class='ocr_par' dir='ltr' id='par_1_12' title="bbox 237 1170 1819 1246">
     <span class='ocr_line' id='line_1_12' title="bbox 237 1170 1819 1246; baseline -0.004 -16"><span class='ocrx_word' id='word_1_81' title='bbox 237 1179 385 1231; x_wconf 68' lang='grc' dir='ltr'>κατὰ</span> <span class='ocrx_word' id='word_1_82' title='bbox 440 1175 617 1246; x_wconf 81' lang='grc' dir='ltr'>ψυχὴν</span> <span class='ocrx_word' id='word_1_83' title='bbox 668 1177 800 1246; x_wconf 75' lang='grc' dir='ltr'>περὶ</span> <span class='ocrx_word' id='word_1_84' title='bbox 845 1176 906 1228; x_wconf 78' lang='grc' dir='ltr'><strong>τὸ</strong></span> <span class='ocrx_word' id='word_1_85' title='bbox 950 1176 1091 1229; x_wconf 86' lang='grc' dir='ltr'>θεῖον</span> <span class='ocrx_word' id='word_1_86' title='bbox 1137 1177 1376 1243; x_wconf 76' lang='grc' dir='ltr'><strong>ἐφέσεως</strong></span> <span class='ocrx_word' id='word_1_87' title='bbox 1420 1173 1688 1245; x_wconf 73' lang='grc' dir='ltr'><strong>ἑλκτική·</strong></span> <span class='ocrx_word' id='word_1_88' title='bbox 1722 1170 1819 1225; x_wconf 74' lang='grc' dir='ltr'><strong>καὶ</strong></span> 
     </span>
    </p>
   </div>
   <div class='ocr_carea' id='block_1_13' title="bbox 237 1246 1826 1339">
    <p class='ocr_par' dir='ltr' id='par_1_13' title="bbox 237 1246 1826 1339">
     <span class='ocr_line' id='line_1_13' title="bbox 237 1246 1826 1339; baseline -0.001 -18"><span class='ocrx_word' id='word_1_89' title='bbox 237 1268 380 1337; x_wconf 82' lang='grc' dir='ltr'>ὅπερ</span> <span class='ocrx_word' id='word_1_90' title='bbox 405 1246 461 1319; x_wconf 70' lang='grc' dir='ltr'><strong>ἓν</strong></span> <span class='ocrx_word' id='word_1_91' title='bbox 497 1266 575 1335; x_wconf 80' lang='grc' dir='ltr'>τῷ</span> <span class='ocrx_word' id='word_1_92' title='bbox 613 1265 860 1336; x_wconf 79' lang='grc' dir='ltr'><strong>αἰσθητῷ</strong></span> <span class='ocrx_word' id='word_1_93' title='bbox 887 1267 1078 1338; x_wconf 81' lang='grc' dir='ltr'><strong>κόσμῳ</strong></span> <span class='ocrx_word' id='word_1_94' title='bbox 1111 1266 1258 1319; x_wconf 70' lang='grc' dir='ltr'>ἐστὶν</span> <span class='ocrx_word' id='word_1_95' title='bbox 1281 1267 1310 1318; x_wconf 84' lang='grc' dir='ltr'>ὀ</span> <span class='ocrx_word' id='word_1_96' title='bbox 1334 1266 1464 1339; x_wconf 81' lang='grc' dir='ltr'>ἀὴρ.</span> <span class='ocrx_word' id='word_1_97' title='bbox 1491 1264 1648 1319; x_wconf 80' lang='grc' dir='ltr'>τοῦτο</span> <span class='ocrx_word' id='word_1_98' title='bbox 1670 1265 1728 1317; x_wconf 80' lang='grc' dir='ltr'><strong>ἐν</strong></span> <span class='ocrx_word' id='word_1_99' title='bbox 1749 1260 1826 1333; x_wconf 77' lang='grc' dir='ltr'>τῷ</span> 
     </span>
    </p>
   </div>
   <div class='ocr_carea' id='block_1_14' title="bbox 239 1355 1829 1428">
    <p class='ocr_par' dir='ltr' id='par_1_14' title="bbox 239 1355 1829 1428">
     <span class='ocr_line' id='line_1_14' title="bbox 239 1355 1829 1428; baseline -0.002 -18"><span class='ocrx_word' id='word_1_100' title='bbox 239 1359 383 1414; x_wconf 80' lang='grc' dir='ltr'><strong>κατὰ</strong></span> <span class='ocrx_word' id='word_1_101' title='bbox 411 1358 650 1411; x_wconf 65' lang='grc' dir='ltr'>διάνοιαν</span> <span class='ocrx_word' id='word_1_102' title='bbox 682 1357 872 1427; x_wconf 80' lang='grc' dir='ltr'><strong>κόσμῳ</strong></span> <span class='ocrx_word' id='word_1_103' title='bbox 907 1359 1056 1410; x_wconf 67' lang='grc' dir='ltr'>ἐστὶν</span> <span class='ocrx_word' id='word_1_104' title='bbox 1083 1359 1118 1427; x_wconf 75' lang='grc' dir='ltr'><strong>ἡ</strong></span> <span class='ocrx_word' id='word_1_105' title='bbox 1151 1355 1398 1428; x_wconf 82' lang='grc' dir='ltr'>ἀνδρεία,</span> <span class='ocrx_word' id='word_1_106' title='bbox 1429 1355 1503 1420; x_wconf 78' lang='grc' dir='ltr'>ὡς</span> <span class='ocrx_word' id='word_1_107' title='bbox 1526 1355 1639 1419; x_wconf 69' lang='grc' dir='ltr'><strong>ἕξις</strong></span> <span class='ocrx_word' id='word_1_108' title='bbox 1675 1369 1829 1425; x_wconf 83' lang='grc' dir='ltr'><strong>κινη-</strong></span> 
     </span>
    </p>
   </div>
   <div class='ocr_carea' id='block_1_15' title="bbox 239 1445 1826 1521">
    <p class='ocr_par' dir='ltr' id='par_1_15' title="bbox 239 1445 1826 1521">
     <span class='ocr_line' id='line_1_15' title="bbox 239 1445 1826 1521; baseline -0.004 -17"><span class='ocrx_word' id='word_1_109' title='bbox 239 1451 368 1521; x_wconf 61' lang='lat' dir='ltr'><strong>cui;</strong></span> <span class='ocrx_word' id='word_1_110' title='bbox 400 1449 494 1502; x_wconf 79' lang='grc' dir='ltr'><strong>καὶ</strong></span> <span class='ocrx_word' id='word_1_111' title='bbox 530 1449 627 1518; x_wconf 80' lang='grc' dir='ltr'><strong>τῆς</strong></span> <span class='ocrx_word' id='word_1_112' title='bbox 654 1448 900 1520; x_wconf 66' lang='grc' dir='ltr'>ἐμφύτου</span> <span class='ocrx_word' id='word_1_113' title='bbox 931 1449 1074 1501; x_wconf 83' lang='grc' dir='ltr'><strong>κατὰ</strong></span> <span class='ocrx_word' id='word_1_114' title='bbox 1108 1447 1321 1517; x_wconf 75' lang='grc' dir='ltr'>πνεῦμα</span> <span class='ocrx_word' id='word_1_115' title='bbox 1351 1447 1496 1520; x_wconf 78' lang='grc' dir='ltr'><strong>ζωῆς</strong></span> <span class='ocrx_word' id='word_1_116' title='bbox 1533 1445 1826 1516; x_wconf 72' lang='grc' dir='ltr'>συνεκτική</span> 
     </span>
    </p>
   </div>
   <div class='ocr_carea' id='block_1_16' title="bbox 239 1537 1828 1612">
    <p class='ocr_par' dir='ltr' id='par_1_16' title="bbox 239 1537 1828 1612">
     <span class='ocr_line' id='line_1_16' title="bbox 239 1537 1828 1612; baseline -0.002 -18"><span class='ocrx_word' id='word_1_117' title='bbox 239 1559 300 1598; x_wconf 82' lang='grc' dir='ltr'><strong>τε</strong></span> <span class='ocrx_word' id='word_1_118' title='bbox 333 1541 450 1610; x_wconf 72' lang='grc' dir='ltr'>ἅμα</span> <span class='ocrx_word' id='word_1_119' title='bbox 481 1542 575 1593; x_wconf 73' lang='grc' dir='ltr'><strong>καὶ</strong></span> <span class='ocrx_word' id='word_1_120' title='bbox 607 1540 897 1612; x_wconf 79' lang='grc' dir='ltr'>δραστικὴ,</span> <span class='ocrx_word' id='word_1_121' title='bbox 924 1541 1018 1594; x_wconf 73' lang='grc' dir='ltr'><strong>καὶ</strong></span> <span class='ocrx_word' id='word_1_122' title='bbox 1051 1538 1152 1609; x_wconf 83' lang='grc' dir='ltr'><strong>τῆς</strong></span> <span class='ocrx_word' id='word_1_123' title='bbox 1204 1537 1344 1593; x_wconf 85' lang='grc' dir='ltr'><strong>κατὰ</strong></span> <span class='ocrx_word' id='word_1_124' title='bbox 1380 1537 1559 1610; x_wconf 77' lang='grc' dir='ltr'>ψυχὴν</span> <span class='ocrx_word' id='word_1_125' title='bbox 1589 1538 1719 1609; x_wconf 69' lang='grc' dir='ltr'>περὶ</span> <span class='ocrx_word' id='word_1_126' title='bbox 1765 1537 1828 1596; x_wconf 76' lang='grc' dir='ltr'>τὸ</span> 
     </span>
    </p>
   </div>
   <div class='ocr_carea' id='block_1_17' title="bbox 241 1629 1827 1704">
    <p class='ocr_par' dir='ltr' id='par_1_17' title="bbox 241 1629 1827 1704">
     <span class='ocr_line' id='line_1_17' title="bbox 241 1629 1827 1704; baseline -0.001 -19"><span class='ocrx_word' id='word_1_127' title='bbox 241 1632 386 1685; x_wconf 86' lang='grc' dir='ltr'>θεῖον</span> <span class='ocrx_word' id='word_1_128' title='bbox 432 1632 774 1703; x_wconf 75' lang='grc' dir='ltr'>ἁεικινησίας</span> <span class='ocrx_word' id='word_1_129' title='bbox 807 1631 1096 1701; x_wconf 84' lang='grc' dir='ltr'>τονωτική·</span> <span class='ocrx_word' id='word_1_130' title='bbox 1132 1631 1224 1683; x_wconf 76' lang='grc' dir='ltr'><strong>καὶ</strong></span> <span class='ocrx_word' id='word_1_131' title='bbox 1251 1631 1388 1699; x_wconf 84' lang='grc' dir='ltr'>ὅπερ</span> <span class='ocrx_word' id='word_1_132' title='bbox 1409 1630 1467 1683; x_wconf 84' lang='grc' dir='ltr'>ἐν</span> <span class='ocrx_word' id='word_1_133' title='bbox 1491 1630 1568 1702; x_wconf 77' lang='grc' dir='ltr'><strong>τῷ</strong></span> <span class='ocrx_word' id='word_1_134' title='bbox 1584 1629 1827 1704; x_wconf 77' lang='grc' dir='ltr'><strong>αἰσθητῷ</strong></span> 
     </span>
    </p>
   </div>
   <div class='ocr_carea' id='block_1_18' title="bbox 241 1719 1823 1793">
    <p class='ocr_par' dir='ltr' id='par_1_18' title="bbox 241 1719 1823 1793">
     <span class='ocr_line' id='line_1_18' title="bbox 241 1719 1823 1793; baseline -0.001 -17"><span class='ocrx_word' id='word_1_135' title='bbox 241 1723 435 1793; x_wconf 78' lang='grc' dir='ltr'><strong>κόσμῳ</strong></span> <span class='ocrx_word' id='word_1_136' title='bbox 467 1724 582 1775; x_wconf 75' lang='grc' dir='ltr'>ἐστὶ</span> <span class='ocrx_word' id='word_1_137' title='bbox 603 1722 664 1774; x_wconf 86' lang='grc' dir='ltr'><strong>τὸ</strong></span> <span class='ocrx_word' id='word_1_138' title='bbox 699 1721 864 1792; x_wconf 76' lang='grc' dir='ltr'>ὕδωρ,</span> <span class='ocrx_word' id='word_1_139' title='bbox 904 1721 1066 1776; x_wconf 77' lang='grc' dir='ltr'>τοῦτο</span> <span class='ocrx_word' id='word_1_140' title='bbox 1101 1722 1160 1774; x_wconf 82' lang='grc' dir='ltr'><strong>ὲν</strong></span> <span class='ocrx_word' id='word_1_141' title='bbox 1191 1720 1269 1792; x_wconf 83' lang='grc' dir='ltr'><strong>τῷ</strong></span> <span class='ocrx_word' id='word_1_142' title='bbox 1313 1719 1414 1790; x_wconf 83' lang='grc' dir='ltr'><strong>τῆς</strong></span> <span class='ocrx_word' id='word_1_143' title='bbox 1441 1721 1680 1786; x_wconf 78' lang='grc' dir='ltr'>διανοίας</span> <span class='ocrx_word' id='word_1_144' title='bbox 1728 1723 1823 1775; x_wconf 84' lang='grc' dir='ltr'><strong>κό-</strong></span> 
     </span>
    </p>
   </div>
   <div class='ocr_carea' id='block_1_19' title="bbox 2001 621 3523 699">
    <p class='ocr_par' dir='ltr' id='par_1_19' title="bbox 2001 621 3523 699">
     <span class='ocr_line' id='line_1_19' title="bbox 2001 621 3523 699; baseline 0.007 -22"><span class='ocrx_word' id='word_1_145' title='bbox 2001 621 2089 678; x_wconf 82' lang='lat'><strong>95.</strong></span> <span class='ocrx_word' id='word_1_146' title='bbox 2131 623 2288 688; x_wconf 86' lang='lat' dir='ltr'><strong>Quod</strong></span> <span class='ocrx_word' id='word_1_147' title='bbox 2337 625 2392 680; x_wconf 92' lang='lat' dir='ltr'><strong>in</strong></span> <span class='ocrx_word' id='word_1_148' title='bbox 2440 626 2647 684; x_wconf 89' lang='lat' dir='ltr'><strong>mundo</strong></span> <span class='ocrx_word' id='word_1_149' title='bbox 2687 625 2944 681; x_wconf 85' lang='lat' dir='ltr'><strong>sensibus</strong></span> <span class='ocrx_word' id='word_1_150' title='bbox 2973 626 3192 699; x_wconf 72' lang='lat' dir='ltr'><strong>oblecto</strong></span> <span class='ocrx_word' id='word_1_151' title='bbox 3234 633 3410 684; x_wconf 70' lang='lat' dir='ltr'><strong>aether</strong></span> <span class='ocrx_word' id='word_1_152' title='bbox 3437 642 3523 688; x_wconf 88' lang='lat' dir='ltr'><strong>est</strong></span> 
     </span>
    </p>
   </div>
   <div class='ocr_carea' id='block_1_20' title="bbox 1931 717 3525 791">
    <p class='ocr_par' dir='ltr' id='par_1_20' title="bbox 1931 717 3525 791">
     <span class='ocr_line' id='line_1_20' title="bbox 1931 717 3525 791; baseline 0.004 -19"><span class='ocrx_word' id='word_1_153' title='bbox 1931 718 2176 791; x_wconf 85' lang='lat' dir='ltr'><strong>(igneum</strong></span> <span class='ocrx_word' id='word_1_154' title='bbox 2206 719 2419 775; x_wconf 87' lang='lat' dir='ltr'><strong>scilicet</strong></span> <span class='ocrx_word' id='word_1_155' title='bbox 2450 717 2810 790; x_wconf 91' lang='lat' dir='ltr'><strong>elementum)</strong></span> <span class='ocrx_word' id='word_1_156' title='bbox 2856 718 2911 774; x_wconf 90' lang='lat' dir='ltr'><strong>id</strong></span> <span class='ocrx_word' id='word_1_157' title='bbox 2932 720 2989 774; x_wconf 92' lang='lat' dir='ltr'><strong>in</strong></span> <span class='ocrx_word' id='word_1_158' title='bbox 3010 720 3178 774; x_wconf 88' lang='lat' dir='ltr'><strong>animi</strong></span> <span class='ocrx_word' id='word_1_159' title='bbox 3203 721 3411 776; x_wconf 89' lang='lat' dir='ltr'><strong>mundo</strong></span> <span class='ocrx_word' id='word_1_160' title='bbox 3438 735 3525 780; x_wconf 90' lang='lat' dir='ltr'><strong>cst</strong></span> 
     </span>
    </p>
   </div>
   <div class='ocr_carea' id='block_1_21' title="bbox 1930 809 3524 881">
    <p class='ocr_par' dir='ltr' id='par_1_21' title="bbox 1930 809 3524 881">
     <span class='ocr_line' id='line_1_21' title="bbox 1930 809 3524 881; baseline 0.003 -16"><span class='ocrx_word' id='word_1_161' title='bbox 1930 810 2255 881; x_wconf 84' lang='lat' dir='ltr'><strong>prudentia;</strong></span> <span class='ocrx_word' id='word_1_162' title='bbox 2292 819 2549 881; x_wconf 80' lang='lat' dir='ltr'><strong>tanquam</strong></span> <span class='ocrx_word' id='word_1_163' title='bbox 2596 809 2810 865; x_wconf 83' lang='lat' dir='ltr'><strong>scilicet</strong></span> <span class='ocrx_word' id='word_1_164' title='bbox 2836 810 3060 866; x_wconf 87' lang='lat' dir='ltr'><strong>habitus</strong></span> <span class='ocrx_word' id='word_1_165' title='bbox 3100 811 3418 878; x_wconf 84' lang='lat' dir='ltr'><strong>illustrans,</strong></span> <span class='ocrx_word' id='word_1_166' title='bbox 3459 830 3524 869; x_wconf 91' lang='lat' dir='ltr'><strong>ac</strong></span> 
     </span>
    </p>
   </div>
   <div class='ocr_carea' id='block_1_22' title="bbox 1931 898 3526 974">
    <p class='ocr_par' dir='ltr' id='par_1_22' title="bbox 1931 898 3526 974">
     <span class='ocr_line' id='line_1_22' title="bbox 1931 898 3526 974; baseline 0.003 -19"><span class='ocrx_word' id='word_1_167' title='bbox 1931 902 2027 972; x_wconf 89' lang='lat' dir='ltr'><strong>qui</strong></span> <span class='ocrx_word' id='word_1_168' title='bbox 2057 901 2331 972; x_wconf 81' lang='lat' dir='ltr'><strong>spiritales</strong></span> <span class='ocrx_word' id='word_1_169' title='bbox 2364 901 2417 955; x_wconf 91' lang='lat' dir='ltr'><strong>in</strong></span> <span class='ocrx_word' id='word_1_170' title='bbox 2458 898 2690 972; x_wconf 83' lang='lat' dir='ltr'><strong>singulis</strong></span> <span class='ocrx_word' id='word_1_171' title='bbox 2718 901 2939 970; x_wconf 86' lang='lat' dir='ltr'><strong>proprie</strong></span> <span class='ocrx_word' id='word_1_172' title='bbox 2972 902 3301 959; x_wconf 81' lang='lat' dir='ltr'><strong>exsistentes</strong></span> <span class='ocrx_word' id='word_1_173' title='bbox 3341 905 3526 974; x_wconf 89' lang='lat' dir='ltr'><strong>capiat</strong></span> 
     </span>
    </p>
   </div>
   <div class='ocr_carea' id='block_1_23' title="bbox 1931 993 3527 1064">
    <p class='ocr_par' dir='ltr' id='par_1_23' title="bbox 1931 993 3527 1064">
     <span class='ocr_line' id='line_1_23' title="bbox 1931 993 3527 1064; baseline 0.003 -16"><span class='ocrx_word' id='word_1_174' title='bbox 1931 995 2193 1058; x_wconf 80' lang='lat' dir='ltr'><strong>rationes,</strong></span> <span class='ocrx_word' id='word_1_175' title='bbox 2235 1009 2332 1064; x_wconf 91' lang='lat' dir='ltr'><strong>per</strong></span> <span class='ocrx_word' id='word_1_176' title='bbox 2375 1009 2469 1049; x_wconf 87' lang='lat' dir='ltr'><strong>eas</strong></span> <span class='ocrx_word' id='word_1_177' title='bbox 2510 1002 2661 1048; x_wconf 89' lang='lat' dir='ltr'><strong>certo</strong></span> <span class='ocrx_word' id='word_1_178' title='bbox 2707 993 2762 1048; x_wconf 90' lang='lat' dir='ltr'><strong>in</strong></span> <span class='ocrx_word' id='word_1_179' title='bbox 2807 994 3082 1050; x_wconf 78' lang='lat' dir='ltr'><strong>universis</strong></span> <span class='ocrx_word' id='word_1_180' title='bbox 3127 995 3420 1052; x_wconf 81' lang='lat' dir='ltr'><strong>Auctorem</strong></span> <span class='ocrx_word' id='word_1_181' title='bbox 3461 1012 3527 1052; x_wconf 94' lang='lat' dir='ltr'><strong>ac</strong></span> 
     </span>
    </p>
   </div>
   <div class='ocr_carea' id='block_1_24' title="bbox 1931 1083 3524 1154">
    <p class='ocr_par' dir='ltr' id='par_1_24' title="bbox 1931 1083 3524 1154">
     <span class='ocr_line' id='line_1_24' title="bbox 1931 1083 3524 1154; baseline 0.001 -14"><span class='ocrx_word' id='word_1_182' title='bbox 1931 1099 2154 1140; x_wconf 78' lang='lat' dir='ltr'><strong>causam</strong></span> <span class='ocrx_word' id='word_1_183' title='bbox 2196 1084 2515 1149; x_wconf 88' lang='lat' dir='ltr'><strong>ostendens,</strong></span> <span class='ocrx_word' id='word_1_184' title='bbox 2552 1084 2832 1154; x_wconf 83' lang='lat' dir='ltr'><strong>animique</strong></span> <span class='ocrx_word' id='word_1_185' title='bbox 2872 1083 2928 1138; x_wconf 90' lang='lat' dir='ltr'><strong>in</strong></span> <span class='ocrx_word' id='word_1_186' title='bbox 2966 1085 3138 1140; x_wconf 89' lang='lat' dir='ltr'><strong>Deum</strong></span> <span class='ocrx_word' id='word_1_187' title='bbox 3182 1085 3524 1142; x_wconf 85' lang='lat' dir='ltr'><strong>desiderium</strong></span> 
     </span>
    </p>
   </div>
   <div class='ocr_carea' id='block_1_25' title="bbox 1931 1175 3526 1248">
    <p class='ocr_par' dir='ltr' id='par_1_25' title="bbox 1931 1175 3526 1248">
     <span class='ocr_line' id='line_1_25' title="bbox 1931 1175 3526 1248; baseline 0.003 -18"><span class='ocrx_word' id='word_1_188' title='bbox 1931 1175 2257 1245; x_wconf 87' lang='lat' dir='ltr'><strong>pelliciens:</strong></span> <span class='ocrx_word' id='word_1_189' title='bbox 2289 1175 2548 1246; x_wconf 88' lang='lat' dir='ltr'><strong>quodque</strong></span> <span class='ocrx_word' id='word_1_190' title='bbox 2576 1175 2631 1230; x_wconf 91' lang='lat' dir='ltr'><strong>in</strong></span> <span class='ocrx_word' id='word_1_191' title='bbox 2668 1175 2876 1230; x_wconf 92' lang='lat' dir='ltr'><strong>mundo</strong></span> <span class='ocrx_word' id='word_1_192' title='bbox 2909 1176 3164 1232; x_wconf 89' lang='lat' dir='ltr'><strong>sensibus</strong></span> <span class='ocrx_word' id='word_1_193' title='bbox 3194 1177 3412 1248; x_wconf 72' lang='lat' dir='ltr'><strong>obiecto</strong></span> <span class='ocrx_word' id='word_1_194' title='bbox 3439 1187 3526 1234; x_wconf 87' lang='lat' dir='ltr'><strong>est</strong></span> 
     </span>
    </p>
   </div>
   <div class='ocr_carea' id='block_1_26' title="bbox 1930 1271 3522 1347">
    <p class='ocr_par' dir='ltr' id='par_1_26' title="bbox 1930 1271 3522 1347">
     <span class='ocr_line' id='line_1_26' title="bbox 1930 1271 3522 1347; baseline 0.003 -21"><span class='ocrx_word' id='word_1_195' title='bbox 1930 1286 2044 1335; x_wconf 88' lang='lat' dir='ltr'><strong>aer,</strong></span> <span class='ocrx_word' id='word_1_196' title='bbox 2073 1271 2180 1326; x_wconf 90' lang='lat' dir='ltr'><strong>hoc</strong></span> <span class='ocrx_word' id='word_1_197' title='bbox 2224 1271 2280 1325; x_wconf 91' lang='lat' dir='ltr'><strong>in</strong></span> <span class='ocrx_word' id='word_1_198' title='bbox 2329 1271 2495 1326; x_wconf 88' lang='lat' dir='ltr'><strong>animi</strong></span> <span class='ocrx_word' id='word_1_199' title='bbox 2542 1271 2752 1326; x_wconf 92' lang='lat' dir='ltr'><strong>mundo</strong></span> <span class='ocrx_word' id='word_1_200' title='bbox 2790 1279 2878 1328; x_wconf 91' lang='lat' dir='ltr'><strong>est</strong></span> <span class='ocrx_word' id='word_1_201' title='bbox 2920 1272 3211 1338; x_wconf 85' lang='lat' dir='ltr'><strong>fortitudo,</strong></span> <span class='ocrx_word' id='word_1_202' title='bbox 3261 1282 3522 1347; x_wconf 89' lang='lat' dir='ltr'><strong>tanquam</strong></span> 
     </span>
    </p>
   </div>
   <div class='ocr_carea' id='block_1_27' title="bbox 1930 1361 3522 1436">
    <p class='ocr_par' dir='ltr' id='par_1_27' title="bbox 1930 1361 3522 1436">
     <span class='ocr_line' id='line_1_27' title="bbox 1930 1361 3522 1436; baseline 0.001 -16"><span class='ocrx_word' id='word_1_203' title='bbox 1930 1362 2145 1420; x_wconf 79' lang='lat' dir='ltr'><strong>scilicet</strong></span> <span class='ocrx_word' id='word_1_204' title='bbox 2171 1361 2397 1418; x_wconf 89' lang='lat' dir='ltr'><strong>habitus</strong></span> <span class='ocrx_word' id='word_1_205' title='bbox 2427 1377 2674 1428; x_wconf 87' lang='lat' dir='ltr'><strong>movens,</strong></span> <span class='ocrx_word' id='word_1_206' title='bbox 2707 1363 3063 1436; x_wconf 86' lang='lat' dir='ltr'><strong>innatamque</strong></span> <span class='ocrx_word' id='word_1_207' title='bbox 3091 1366 3321 1436; x_wconf 78' lang='lat' dir='ltr'><strong>Spiritus</strong></span> <span class='ocrx_word' id='word_1_208' title='bbox 3353 1367 3522 1422; x_wconf 87' lang='lat' dir='ltr'><strong>vitam</strong></span> 
     </span>
    </p>
   </div>
   <div class='ocr_carea' id='block_1_28' title="bbox 1929 1453 3523 1528">
    <p class='ocr_par' dir='ltr' id='par_1_28' title="bbox 1929 1453 3523 1528">
     <span class='ocr_line' id='line_1_28' title="bbox 1929 1453 3523 1528; baseline 0.003 -21"><span class='ocrx_word' id='word_1_209' title='bbox 1929 1453 2218 1508; x_wconf 88' lang='lat' dir='ltr'><strong>continens</strong></span> <span class='ocrx_word' id='word_1_210' title='bbox 2243 1455 2450 1524; x_wconf 89' lang='lat' dir='ltr'><strong>pariter</strong></span> <span class='ocrx_word' id='word_1_211' title='bbox 2477 1470 2540 1509; x_wconf 87' lang='lat' dir='ltr'><strong>ac</strong></span> <span class='ocrx_word' id='word_1_212' title='bbox 2566 1454 2830 1520; x_wconf 79' lang='lat' dir='ltr'><strong>efficiens,</strong></span> <span class='ocrx_word' id='word_1_213' title='bbox 2854 1458 3152 1528; x_wconf 86' lang='lat' dir='ltr'><strong>jugemque</strong></span> <span class='ocrx_word' id='word_1_214' title='bbox 3180 1457 3324 1512; x_wconf 89' lang='lat' dir='ltr'><strong>circa</strong></span> <span class='ocrx_word' id='word_1_215' title='bbox 3348 1458 3523 1512; x_wconf 90' lang='lat' dir='ltr'><strong>Deum</strong></span> 
     </span>
    </p>
   </div>
   <div class='ocr_carea' id='block_1_29' title="bbox 1929 1546 3523 1619">
    <p class='ocr_par' dir='ltr' id='par_1_29' title="bbox 1929 1546 3523 1619">
     <span class='ocr_line' id='line_1_29' title="bbox 1929 1546 3523 1619; baseline 0.003 -18"><span class='ocrx_word' id='word_1_216' title='bbox 1929 1555 2113 1601; x_wconf 86' lang='lat' dir='ltr'><strong>motus</strong></span> <span class='ocrx_word' id='word_1_217' title='bbox 2137 1547 2306 1603; x_wconf 88' lang='lat' dir='ltr'><strong>animi</strong></span> <span class='ocrx_word' id='word_1_218' title='bbox 2335 1546 2691 1618; x_wconf 90' lang='lat' dir='ltr'><strong>agitationem</strong></span> <span class='ocrx_word' id='word_1_219' title='bbox 2725 1547 2912 1618; x_wconf 80' lang='lat' dir='ltr'><strong>vigore</strong></span> <span class='ocrx_word' id='word_1_220' title='bbox 2940 1549 3282 1604; x_wconf 87' lang='lat' dir='ltr'><strong>contendens</strong></span> <span class='ocrx_word' id='word_1_221' title='bbox 3309 1567 3319 1600; x_wconf 92' lang='lat'><strong>:</strong></span> <span class='ocrx_word' id='word_1_222' title='bbox 3348 1549 3523 1619; x_wconf 85' lang='lat' dir='ltr'><strong>quod-</strong></span> 
     </span>
    </p>
   </div>
   <div class='ocr_carea' id='block_1_30' title="bbox 1930 1639 3523 1712">
    <p class='ocr_par' dir='ltr' id='par_1_30' title="bbox 1930 1639 3523 1712">
     <span class='ocr_line' id='line_1_30' title="bbox 1930 1639 3523 1712; baseline 0.001 -18"><span class='ocrx_word' id='word_1_223' title='bbox 1930 1655 2038 1709; x_wconf 89' lang='lat' dir='ltr'><strong>que</strong></span> <span class='ocrx_word' id='word_1_224' title='bbox 2065 1639 2122 1694; x_wconf 90' lang='lat' dir='ltr'><strong>in</strong></span> <span class='ocrx_word' id='word_1_225' title='bbox 2155 1639 2362 1702; x_wconf 87' lang='lat' dir='ltr'><strong>mundo</strong></span> <span class='ocrx_word' id='word_1_226' title='bbox 2399 1639 2594 1695; x_wconf 90' lang='lat' dir='ltr'><strong>eodem</strong></span> <span class='ocrx_word' id='word_1_227' title='bbox 2629 1639 2887 1696; x_wconf 86' lang='lat' dir='ltr'><strong>sensibus</strong></span> <span class='ocrx_word' id='word_1_228' title='bbox 2917 1641 3138 1712; x_wconf 88' lang='lat' dir='ltr'><strong>objecto</strong></span> <span class='ocrx_word' id='word_1_229' title='bbox 3159 1650 3244 1696; x_wconf 89' lang='lat' dir='ltr'><strong>est</strong></span> <span class='ocrx_word' id='word_1_230' title='bbox 3267 1657 3427 1711; x_wconf 90' lang='lat' dir='ltr'><strong>aqua,</strong></span> <span class='ocrx_word' id='word_1_231' title='bbox 3467 1641 3523 1696; x_wconf 90' lang='lat' dir='ltr'><strong>id</strong></span> 
     </span>
    </p>
   </div>
   <div class='ocr_carea' id='block_1_31' title="bbox 1929 1728 3526 1802">
    <p class='ocr_par' dir='ltr' id='par_1_31' title="bbox 1929 1728 3526 1802">
     <span class='ocr_line' id='line_1_31' title="bbox 1929 1728 3526 1802; baseline 0.003 -18"><span class='ocrx_word' id='word_1_232' title='bbox 1929 1729 1986 1784; x_wconf 88' lang='lat' dir='ltr'><strong>in</strong></span> <span class='ocrx_word' id='word_1_233' title='bbox 2025 1731 2193 1787; x_wconf 87' lang='lat' dir='ltr'><strong>animi</strong></span> <span class='ocrx_word' id='word_1_234' title='bbox 2240 1728 2448 1786; x_wconf 90' lang='lat' dir='ltr'><strong>inundo</strong></span> <span class='ocrx_word' id='word_1_235' title='bbox 2481 1738 2568 1786; x_wconf 85' lang='lat' dir='ltr'><strong>est</strong></span> <span class='ocrx_word' id='word_1_236' title='bbox 2610 1733 3006 1802; x_wconf 85' lang='lat' dir='ltr'><strong>temperantia;</strong></span> <span class='ocrx_word' id='word_1_237' title='bbox 3051 1732 3276 1788; x_wconf 85' lang='lat' dir='ltr'><strong>habitus</strong></span> <span class='ocrx_word' id='word_1_238' title='bbox 3312 1733 3526 1789; x_wconf 88' lang='lat' dir='ltr'><strong>scilicet</strong></span> 
     </span>
    </p>
   </div>
   <div class='ocr_carea' id='block_1_32' title="bbox 243 1794 1827 1904">
    <p class='ocr_par' dir='ltr' id='par_1_32' title="bbox 243 1809 1827 1886">
     <span class='ocr_line' id='line_1_32' title="bbox 243 1809 1827 1886; baseline 0.004 -27"><span class='ocrx_word' id='word_1_239' title='bbox 243 1811 540 1880; x_wconf 73' lang='grc' dir='ltr'><strong>σμῳὲστὶν</strong></span> <span class='ocrx_word' id='word_1_240' title='bbox 597 1812 631 1881; x_wconf 82' lang='grc' dir='ltr'>ἡ</span> <span class='ocrx_word' id='word_1_241' title='bbox 701 1809 1046 1882; x_wconf 68' lang='grc' dir='ltr'>σωφροσύνη,</span> <span class='ocrx_word' id='word_1_242' title='bbox 1073 1810 1190 1878; x_wconf 74' lang='grc' dir='ltr'><strong>ἕξιν</strong></span> <span class='ocrx_word' id='word_1_243' title='bbox 1243 1809 1569 1881; x_wconf 81' lang='grc' dir='ltr'><strong>ὑπάρχουσα</strong></span> <span class='ocrx_word' id='word_1_244' title='bbox 1617 1811 1717 1886; x_wconf 78' lang='grc' dir='ltr'><strong>τῆς</strong></span> <span class='ocrx_word' id='word_1_245' title='bbox 1767 1814 1827 1866; x_wconf 85' lang='grc' dir='ltr'>ὲν</span> 
     </span>
    </p>
   </div>
   <div class='ocr_carea' id='block_1_33' title="bbox 1935 1794 3527 1904">
    <p class='ocr_par' dir='ltr' id='par_1_33' title="bbox 1935 1794 3527 1904">
     <span class='ocr_line' id='line_1_33' title="bbox 1935 1794 3527 1904; baseline 0.003 -26"><span class='ocrx_word' id='word_1_246' title='bbox 1935 1823 2114 1878; x_wconf 78' lang='lat' dir='ltr'><strong>vitalis</strong></span> <span class='ocrx_word' id='word_1_247' title='bbox 2149 1825 2204 1878; x_wconf 93' lang='lat' dir='ltr'><strong>in</strong></span> <span class='ocrx_word' id='word_1_248' title='bbox 2239 1823 2438 1894; x_wconf 89' lang='lat' dir='ltr'><strong>spiritu</strong></span> <span class='ocrx_word' id='word_1_249' title='bbox 2476 1794 2832 1904; x_wconf 72' lang='lat' dir='ltr'><strong>fecunditatis</strong></span> <span class='ocrx_word' id='word_1_250' title='bbox 2872 1794 3092 1896; x_wconf 82' lang='lat' dir='ltr'><strong>parens,</strong></span> <span class='ocrx_word' id='word_1_251' title='bbox 3132 1825 3359 1896; x_wconf 85' lang='lat' dir='ltr'><strong>jugique</strong></span> <span class='ocrx_word' id='word_1_252' title='bbox 3396 1841 3527 1897; x_wconf 86' lang='lat' dir='ltr'><strong>erga</strong></span> 
     </span>
    </p>
   </div>
   <div class='ocr_carea' id='block_1_34' title="bbox 240 1899 1825 1980">
    <p class='ocr_par' dir='ltr' id='par_1_34' title="bbox 240 1899 1825 1980">
     <span class='ocr_line' id='line_1_34' title="bbox 240 1899 1825 1980; baseline 0.004 -28"><span class='ocrx_word' id='word_1_253' title='bbox 240 1900 516 1970; x_wconf 74' lang='grc' dir='ltr'>πνεύματι</span> <span class='ocrx_word' id='word_1_254' title='bbox 574 1902 813 1972; x_wconf 83' lang='grc' dir='ltr'><strong>ζωτικῆς</strong></span> <span class='ocrx_word' id='word_1_255' title='bbox 863 1903 1222 1976; x_wconf 82' lang='grc' dir='ltr'>γονιμότητος</span> <span class='ocrx_word' id='word_1_256' title='bbox 1266 1902 1546 1980; x_wconf 73' lang='grc' dir='ltr'>ποιητικὴ,</span> <span class='ocrx_word' id='word_1_257' title='bbox 1582 1904 1679 1958; x_wconf 75' lang='grc' dir='ltr'><strong>καὶ</strong></span> <span class='ocrx_word' id='word_1_258' title='bbox 1723 1899 1825 1975; x_wconf 71' lang='grc' dir='ltr'><strong>τῆς</strong></span> 
     </span>
    </p>
   </div>
   <div class='ocr_carea' id='block_1_35' title="bbox 237 1992 1822 2070">
    <p class='ocr_par' dir='ltr' id='par_1_35' title="bbox 237 1992 1822 2070">
     <span class='ocr_line' id='line_1_35' title="bbox 237 1992 1822 2070; baseline 0.001 -22"><span class='ocrx_word' id='word_1_259' title='bbox 237 1992 562 2050; x_wconf 76' lang='grc' dir='ltr'>άειὸλύστου</span> <span class='ocrx_word' id='word_1_260' title='bbox 587 1995 730 2049; x_wconf 80' lang='grc' dir='ltr'>κατὰ</span> <span class='ocrx_word' id='word_1_261' title='bbox 762 1995 860 2064; x_wconf 74' lang='grc' dir='ltr'>τὴν</span> <span class='ocrx_word' id='word_1_262' title='bbox 900 1996 1085 2065; x_wconf 75' lang='grc' dir='ltr'>ἔφεσιν</span> <span class='ocrx_word' id='word_1_263' title='bbox 1121 1995 1251 2065; x_wconf 78' lang='grc' dir='ltr'>περὶ</span> <span class='ocrx_word' id='word_1_264' title='bbox 1278 1995 1340 2049; x_wconf 78' lang='grc' dir='ltr'>τὸ</span> <span class='ocrx_word' id='word_1_265' title='bbox 1365 1994 1508 2049; x_wconf 80' lang='grc' dir='ltr'>θετον</span> <span class='ocrx_word' id='word_1_266' title='bbox 1551 1993 1822 2070; x_wconf 78' lang='grc' dir='ltr'><strong>ἐρωτικῆς</strong></span> 
     </span>
    </p>
   </div>
   <div class='ocr_carea' id='block_1_36' title="bbox 240 2082 1828 2164">
    <p class='ocr_par' dir='ltr' id='par_1_36' title="bbox 240 2082 1828 2164">
     <span class='ocr_line' id='line_1_36' title="bbox 240 2082 1828 2164; baseline 0.004 -29"><span class='ocrx_word' id='word_1_267' title='bbox 240 2082 477 2147; x_wconf 76' lang='grc' dir='ltr'><strong>θέλξεως</strong></span> <span class='ocrx_word' id='word_1_268' title='bbox 524 2087 860 2157; x_wconf 74' lang='grc' dir='ltr'>γεννητικήο</span> <span class='ocrx_word' id='word_1_269' title='bbox 891 2089 986 2140; x_wconf 73' lang='grc' dir='ltr'><strong>καὶ</strong></span> <span class='ocrx_word' id='word_1_270' title='bbox 1035 2088 1172 2158; x_wconf 82' lang='grc' dir='ltr'>ὅπερ</span> <span class='ocrx_word' id='word_1_271' title='bbox 1213 2087 1272 2141; x_wconf 81' lang='grc' dir='ltr'><strong>ὲν</strong></span> <span class='ocrx_word' id='word_1_272' title='bbox 1323 2085 1400 2159; x_wconf 80' lang='grc' dir='ltr'>τῷ</span> <span class='ocrx_word' id='word_1_273' title='bbox 1449 2082 1696 2164; x_wconf 76' lang='grc' dir='ltr'>αἰσθητῷ</span> <span class='ocrx_word' id='word_1_274' title='bbox 1735 2088 1828 2142; x_wconf 83' lang='grc' dir='ltr'><strong>κό-</strong></span> 
     </span>
    </p>
   </div>
   <div class='ocr_carea' id='block_1_37' title="bbox 241 2178 1828 2253">
    <p class='ocr_par' dir='ltr' id='par_1_37' title="bbox 241 2178 1828 2253">
     <span class='ocr_line' id='line_1_37' title="bbox 241 2178 1828 2253; baseline 0.003 -24"><span class='ocrx_word' id='word_1_275' title='bbox 241 2192 368 2246; x_wconf 84' lang='grc' dir='ltr'><strong>σμῳ</strong></span> <span class='ocrx_word' id='word_1_276' title='bbox 399 2179 549 2230; x_wconf 72' lang='grc' dir='ltr'>ἐστὶν</span> <span class='ocrx_word' id='word_1_277' title='bbox 581 2178 612 2244; x_wconf 87' lang='grc' dir='ltr'><strong>ἠ</strong></span> <span class='ocrx_word' id='word_1_278' title='bbox 646 2178 718 2248; x_wconf 84' lang='grc' dir='ltr'><strong>γῆ</strong></span> <span class='ocrx_word' id='word_1_279' title='bbox 743 2219 758 2240; x_wconf 86' lang='grc'><strong>,</strong></span> <span class='ocrx_word' id='word_1_280' title='bbox 795 2179 954 2232; x_wconf 79' lang='grc' dir='ltr'>τοῦτο</span> <span class='ocrx_word' id='word_1_281' title='bbox 993 2181 1053 2232; x_wconf 82' lang='grc' dir='ltr'>ὲν</span> <span class='ocrx_word' id='word_1_282' title='bbox 1101 2179 1180 2250; x_wconf 84' lang='grc' dir='ltr'><strong>τῷ</strong></span> <span class='ocrx_word' id='word_1_283' title='bbox 1209 2179 1308 2250; x_wconf 79' lang='grc' dir='ltr'><strong>τῆς</strong></span> <span class='ocrx_word' id='word_1_284' title='bbox 1351 2179 1590 2243; x_wconf 76' lang='grc' dir='ltr'><strong>διανοίας</strong></span> <span class='ocrx_word' id='word_1_285' title='bbox 1635 2181 1828 2253; x_wconf 82' lang='grc' dir='ltr'><strong>κόσμῳ</strong></span> 
     </span>
    </p>
   </div>
   <div class='ocr_carea' id='block_1_38' title="bbox 241 2267 1828 2347">
    <p class='ocr_par' dir='ltr' id='par_1_38' title="bbox 241 2267 1828 2347">
     <span class='ocr_line' id='line_1_38' title="bbox 241 2267 1828 2347; baseline 0.006 -29"><span class='ocrx_word' id='word_1_286' title='bbox 241 2267 392 2320; x_wconf 73' lang='grc' dir='ltr'>ἐστὶν</span> <span class='ocrx_word' id='word_1_287' title='bbox 419 2269 819 2345; x_wconf 24' lang='grc' dir='ltr'>ἰι-δικαιοσύνη,</span> <span class='ocrx_word' id='word_1_288' title='bbox 841 2271 953 2337; x_wconf 75' lang='grc' dir='ltr'><strong>ἕξις</strong></span> <span class='ocrx_word' id='word_1_289' title='bbox 981 2271 1307 2344; x_wconf 81' lang='grc' dir='ltr'>ὑπάρχουσα</span> <span class='ocrx_word' id='word_1_290' title='bbox 1353 2272 1476 2325; x_wconf 83' lang='grc' dir='ltr'><strong>κατ’</strong></span> <span class='ocrx_word' id='word_1_291' title='bbox 1506 2267 1646 2336; x_wconf 79' lang='grc' dir='ltr'>εἶδος</span> <span class='ocrx_word' id='word_1_292' title='bbox 1703 2289 1828 2347; x_wconf 80' lang='grc' dir='ltr'>γεν-</span> 
     </span>
    </p>
   </div>
   <div class='ocr_carea' id='block_1_39' title="bbox 241 2353 1828 2434">
    <p class='ocr_par' dir='ltr' id='par_1_39' title="bbox 241 2353 1828 2434">
     <span class='ocr_line' id='line_1_39' title="bbox 241 2353 1828 2434; baseline 0.005 -25"><span class='ocrx_word' id='word_1_293' title='bbox 241 2361 438 2430; x_wconf 82' lang='grc' dir='ltr'>νητικὴ</span> <span class='ocrx_word' id='word_1_294' title='bbox 467 2360 688 2414; x_wconf 84' lang='grc' dir='ltr'>πάντων</span> <span class='ocrx_word' id='word_1_295' title='bbox 713 2353 820 2415; x_wconf 83' lang='grc' dir='ltr'><strong>τῶν</strong></span> <span class='ocrx_word' id='word_1_296' title='bbox 859 2364 915 2415; x_wconf 79' lang='grc' dir='ltr'><strong>ἐν</strong></span> <span class='ocrx_word' id='word_1_297' title='bbox 945 2365 1056 2425; x_wconf 81' lang='grc' dir='ltr'>τοῖς</span> <span class='ocrx_word' id='word_1_298' title='bbox 1087 2359 1208 2417; x_wconf 85' lang='grc' dir='ltr'>οὖσι</span> <span class='ocrx_word' id='word_1_299' title='bbox 1245 2361 1439 2428; x_wconf 86' lang='grc' dir='ltr'>λόγων,</span> <span class='ocrx_word' id='word_1_300' title='bbox 1473 2364 1567 2417; x_wconf 76' lang='grc' dir='ltr'><strong>καὶ</strong></span> <span class='ocrx_word' id='word_1_301' title='bbox 1613 2363 1711 2434; x_wconf 84' lang='grc' dir='ltr'><strong>τῆς</strong></span> <span class='ocrx_word' id='word_1_302' title='bbox 1770 2365 1828 2417; x_wconf 72' lang='grc' dir='ltr'><strong>ἒν</strong></span> 
     </span>
    </p>
   </div>
   <div class='ocr_carea' id='block_1_40' title="bbox 243 2437 1830 2527">
    <p class='ocr_par' dir='ltr' id='par_1_40' title="bbox 243 2450 1830 2527">
     <span class='ocr_line' id='line_1_40' title="bbox 243 2450 1830 2527; baseline 0.003 -23"><span class='ocrx_word' id='word_1_303' title='bbox 243 2450 521 2522; x_wconf 82' lang='grc' dir='ltr'>πνεύματι</span> <span class='ocrx_word' id='word_1_304' title='bbox 554 2453 695 2506; x_wconf 82' lang='grc' dir='ltr'>κατὰ</span> <span class='ocrx_word' id='word_1_305' title='bbox 721 2453 800 2524; x_wconf 81' lang='grc' dir='ltr'>τῷ</span> <span class='ocrx_word' id='word_1_306' title='bbox 833 2454 950 2508; x_wconf 74' lang='grc' dir='ltr'>ἴσον</span> <span class='ocrx_word' id='word_1_307' title='bbox 984 2455 1206 2527; x_wconf 78' lang='grc' dir='ltr'><strong>ἑκάστῳ</strong></span> <span class='ocrx_word' id='word_1_308' title='bbox 1245 2455 1482 2526; x_wconf 80' lang='grc' dir='ltr'><strong>ζωτικῆς</strong></span> <span class='ocrx_word' id='word_1_309' title='bbox 1539 2455 1830 2519; x_wconf 80' lang='grc' dir='ltr'><strong>διαδόσεως</strong></span> 
     </span>
    </p>
   </div>
   <div class='ocr_carea' id='block_1_41' title="bbox 243 2542 1829 2619">
    <p class='ocr_par' dir='ltr' id='par_1_41' title="bbox 243 2542 1829 2619">
     <span class='ocr_line' id='line_1_41' title="bbox 243 2542 1829 2619; baseline 0.003 -21"><span class='ocrx_word' id='word_1_310' title='bbox 243 2542 633 2615; x_wconf 84' lang='grc' dir='ltr'><strong>ἀπονεμητική</strong></span> <span class='ocrx_word' id='word_1_311' title='bbox 677 2562 688 2574; x_wconf 90' lang='grc'>·</span> <span class='ocrx_word' id='word_1_312' title='bbox 723 2547 816 2599; x_wconf 77' lang='grc' dir='ltr'><strong>καὶ</strong></span> <span class='ocrx_word' id='word_1_313' title='bbox 859 2547 958 2617; x_wconf 80' lang='grc' dir='ltr'><strong>τῆς</strong></span> <span class='ocrx_word' id='word_1_314' title='bbox 1006 2547 1211 2612; x_wconf 72' lang='grc' dir='ltr'>οἰκείας</span> <span class='ocrx_word' id='word_1_315' title='bbox 1278 2550 1336 2603; x_wconf 84' lang='grc' dir='ltr'>ὲν</span> <span class='ocrx_word' id='word_1_316' title='bbox 1391 2547 1469 2619; x_wconf 79' lang='grc' dir='ltr'><strong>τῷ</strong></span> <span class='ocrx_word' id='word_1_317' title='bbox 1503 2547 1656 2618; x_wconf 88' lang='grc' dir='ltr'><strong>καλῷ</strong></span> <span class='ocrx_word' id='word_1_318' title='bbox 1687 2547 1829 2603; x_wconf 77' lang='grc' dir='ltr'><strong>κατὰ</strong></span> 
     </span>
    </p>
   </div>
   <div class='ocr_carea' id='block_1_42' title="bbox 241 2633 1827 2714">
    <p class='ocr_par' dir='ltr' id='par_1_42' title="bbox 241 2633 1827 2714">
     <span class='ocr_line' id='line_1_42' title="bbox 241 2633 1827 2714; baseline -0.003 -27"><span class='ocrx_word' id='word_1_319' title='bbox 241 2633 343 2703; x_wconf 81' lang='grc' dir='ltr'>τὴν</span> <span class='ocrx_word' id='word_1_320' title='bbox 375 2633 524 2688; x_wconf 84' lang='grc' dir='ltr'>θέσιν</span> <span class='ocrx_word' id='word_1_321' title='bbox 553 2636 764 2706; x_wconf 82' lang='grc' dir='ltr'>βάσεως</span> <span class='ocrx_word' id='word_1_322' title='bbox 806 2638 1144 2706; x_wconf 71' lang='grc' dir='ltr'>ἀμετάθετος</span> <span class='ocrx_word' id='word_1_323' title='bbox 1183 2638 1351 2714; x_wconf 78' lang='lat' dir='ltr'><strong>[male</strong></span> <span class='ocrx_word' id='word_1_324' title='bbox 1390 2642 1560 2704; x_wconf 68' lang='lat' dir='ltr'><strong>edita,</strong></span> <span class='ocrx_word' id='word_1_325' title='bbox 1598 2639 1827 2711; x_wconf 79' lang='grc' dir='ltr'>μετάθε-</span> 
     </span>
    </p>
   </div>
   <div class='ocr_carea' id='block_1_43' title="bbox 242 2725 1692 2798">
    <p class='ocr_par' dir='ltr' id='par_1_43' title="bbox 242 2725 1692 2798">
     <span class='ocr_line' id='line_1_43' title="bbox 242 2725 1692 2798; baseline 0.012 -19"><span class='ocrx_word' id='word_1_326' title='bbox 242 2725 361 2798; x_wconf 79' lang='grc' dir='ltr'>τος]</span> <span class='ocrx_word' id='word_1_327' title='bbox 386 2726 594 2798; x_wconf 75' lang='grc' dir='ltr'>’ἵδρυσις</span> <span class='ocrx_word' id='word_1_328' title='bbox 630 2730 730 2798; x_wconf 78' lang='lat' dir='ltr'><strong>(q).</strong></span> <span class='ocrx_word' id='word_1_329' title='bbox 1687 2747 1692 2750; x_wconf 67' lang='grc'><strong>”</strong></span> 
     </span>
    </p>
   </div>
   <div class='ocr_carea' id='block_1_44' title="bbox 315 2818 1826 2893">
    <p class='ocr_par' dir='ltr' id='par_1_44' title="bbox 315 2818 1826 2893">
     <span class='ocr_line' id='line_1_44' title="bbox 315 2818 1826 2893; baseline 0.003 -23"><span class='ocrx_word' id='word_1_330' title='bbox 315 2818 667 2890; x_wconf 53' lang='grc' dir='ltr'>ιιςὝὬστ-εερ</span> <span class='ocrx_word' id='word_1_331' title='bbox 693 2820 896 2890; x_wconf 69' lang='grc' dir='ltr'>σαρκδς</span> <span class='ocrx_word' id='word_1_332' title='bbox 935 2821 1268 2892; x_wconf 69' lang='grc' dir='ltr'>εὐεκτούσης</span> <span class='ocrx_word' id='word_1_333' title='bbox 1302 2821 1397 2875; x_wconf 69' lang='grc' dir='ltr'><strong>καὶ</strong></span> <span class='ocrx_word' id='word_1_334' title='bbox 1445 2822 1826 2893; x_wconf 79' lang='grc' dir='ltr'>πιαινομένης,</span> 
     </span>
    </p>
   </div>
   <div class='ocr_carea' id='block_1_45' title="bbox 241 2911 1829 2986">
    <p class='ocr_par' dir='ltr' id='par_1_45' title="bbox 241 2911 1829 2986">
     <span class='ocr_line' id='line_1_45' title="bbox 241 2911 1829 2986; baseline 0.004 -24"><span class='ocrx_word' id='word_1_335' title='bbox 241 2912 356 2974; x_wconf 84' lang='grc' dir='ltr'>τοῖς</span> <span class='ocrx_word' id='word_1_336' title='bbox 383 2911 614 2964; x_wconf 76' lang='grc' dir='ltr'>πάθεσιν</span> <span class='ocrx_word' id='word_1_337' title='bbox 645 2915 676 2983; x_wconf 79' lang='grc' dir='ltr'>ἡ</span> <span class='ocrx_word' id='word_1_338' title='bbox 703 2912 850 2984; x_wconf 75' lang='grc' dir='ltr'><strong>ψυχὴ</strong></span> <span class='ocrx_word' id='word_1_339' title='bbox 879 2911 1229 2982; x_wconf 79' lang='grc' dir='ltr'><strong>βασανίζεται</strong></span> <span class='ocrx_word' id='word_1_340' title='bbox 1255 2915 1350 2971; x_wconf 68' lang='grc' dir='ltr'><strong>καὶ</strong></span> <span class='ocrx_word' id='word_1_341' title='bbox 1382 2913 1706 2978; x_wconf 81' lang='grc' dir='ltr'>σκοτίζεται,</span> <span class='ocrx_word' id='word_1_342' title='bbox 1732 2919 1829 2986; x_wconf 78' lang='grc' dir='ltr'><strong>τῆς</strong></span> 
     </span>
    </p>
   </div>
   <div class='ocr_carea' id='block_1_46' title="bbox 242 3000 1829 3076">
    <p class='ocr_par' dir='ltr' id='par_1_46' title="bbox 242 3000 1829 3076">
     <span class='ocr_line' id='line_1_46' title="bbox 242 3000 1829 3076; baseline 0.002 -20"><span class='ocrx_word' id='word_1_343' title='bbox 242 3000 356 3056; x_wconf 69' lang='grc' dir='ltr'>τῶν</span> <span class='ocrx_word' id='word_1_344' title='bbox 383 3003 594 3072; x_wconf 81' lang='grc' dir='ltr'>ἀρετῶν</span> <span class='ocrx_word' id='word_1_345' title='bbox 627 3003 794 3066; x_wconf 75' lang='grc' dir='ltr'>ἕξεως</span> <span class='ocrx_word' id='word_1_346' title='bbox 833 3005 927 3057; x_wconf 74' lang='grc' dir='ltr'><strong>καὶ</strong></span> <span class='ocrx_word' id='word_1_347' title='bbox 959 3003 1054 3056; x_wconf 83' lang='grc' dir='ltr'><strong>τοῦ</strong></span> <span class='ocrx_word' id='word_1_348' title='bbox 1089 3005 1376 3076; x_wconf 85' lang='grc' dir='ltr'>φωτισμοῦ</span> <span class='ocrx_word' id='word_1_349' title='bbox 1416 3005 1516 3076; x_wconf 83' lang='grc' dir='ltr'><strong>τῆς</strong></span> <span class='ocrx_word' id='word_1_350' title='bbox 1572 3005 1829 3075; x_wconf 84' lang='grc' dir='ltr'>γνώσεως</span> 
     </span>
    </p>
   </div>
   <div class='ocr_carea' id='block_1_47' title="bbox 239 3092 1898 3182">
    <p class='ocr_par' dir='ltr' id='par_1_47' title="bbox 239 3092 1898 3182">
     <span class='ocr_line' id='line_1_47' title="bbox 239 3092 1898 3182; baseline 0.001 -36"><span class='ocrx_word' id='word_1_351' title='bbox 239 3092 677 3162; x_wconf 71' lang='grc' dir='ltr'><strong>ὑποχωρούντων</strong></span> <span class='ocrx_word' id='word_1_352' title='bbox 701 3111 716 3124; x_wconf 77' lang='grc'><strong><em>⁸</em></strong></span> <span class='ocrx_word' id='word_1_353' title='bbox 751 3093 894 3147; x_wconf 73' lang='grc' dir='ltr'>οὕτω</span> <span class='ocrx_word' id='word_1_354' title='bbox 915 3097 1009 3147; x_wconf 74' lang='grc' dir='ltr'><strong>καὶ</strong></span> <span class='ocrx_word' id='word_1_355' title='bbox 1036 3097 1134 3178; x_wconf 71' lang='grc' dir='ltr'><strong>τῆς</strong></span> <span class='ocrx_word' id='word_1_356' title='bbox 1159 3096 1340 3166; x_wconf 76' lang='grc' dir='ltr'>ψυχῆς</span> <span class='ocrx_word' id='word_1_357' title='bbox 1365 3097 1442 3168; x_wconf 83' lang='grc' dir='ltr'><strong>τῷ</strong></span> <span class='ocrx_word' id='word_1_358' title='bbox 1475 3095 1604 3166; x_wconf 84' lang='grc' dir='ltr'>θείῳ</span> <span class='ocrx_word' id='word_1_359' title='bbox 1639 3096 1824 3149; x_wconf 67' lang='grc' dir='ltr'>κάλλει</span> <span class='ocrx_word' id='word_1_360' title='bbox 1857 3127 1898 3182; x_wconf 78' lang='lat' dir='ltr'><strong>c</strong></span> 
     </span>
    </p>
   </div>
   <div class='ocr_carea' id='block_1_48' title="bbox 237 3185 1828 3260">
    <p class='ocr_par' dir='ltr' id='par_1_48' title="bbox 237 3185 1828 3260">
     <span class='ocr_line' id='line_1_48' title="bbox 237 3185 1828 3260; baseline 0.003 -22"><span class='ocrx_word' id='word_1_361' title='bbox 237 3185 353 3238; x_wconf 79' lang='grc' dir='ltr'><strong>τῶν</strong></span> <span class='ocrx_word' id='word_1_362' title='bbox 377 3185 606 3255; x_wconf 80' lang='grc' dir='ltr'><strong>ἀρετῶν,</strong></span> <span class='ocrx_word' id='word_1_363' title='bbox 642 3187 736 3240; x_wconf 75' lang='grc' dir='ltr'><strong>καὶ</strong></span> <span class='ocrx_word' id='word_1_364' title='bbox 760 3185 839 3256; x_wconf 83' lang='grc' dir='ltr'>τῷ</span> <span class='ocrx_word' id='word_1_365' title='bbox 863 3189 1128 3260; x_wconf 81' lang='grc' dir='ltr'>φωτισμῷ</span> <span class='ocrx_word' id='word_1_366' title='bbox 1158 3189 1260 3258; x_wconf 83' lang='grc' dir='ltr'><strong>τῆς</strong></span> <span class='ocrx_word' id='word_1_367' title='bbox 1285 3189 1538 3258; x_wconf 83' lang='grc' dir='ltr'>γνώσεως</span> <span class='ocrx_word' id='word_1_368' title='bbox 1565 3188 1828 3260; x_wconf 75' lang='grc' dir='ltr'>φρουρού-</span> 
     </span>
    </p>
   </div>
   <div class='ocr_carea' id='block_1_49' title="bbox 243 3277 1830 3354">
    <p class='ocr_par' dir='ltr' id='par_1_49' title="bbox 243 3277 1830 3354">
     <span class='ocr_line' id='line_1_49' title="bbox 243 3277 1830 3354; baseline 0.003 -24"><span class='ocrx_word' id='word_1_369' title='bbox 243 3277 417 3348; x_wconf 78' lang='grc' dir='ltr'>μένης</span> <span class='ocrx_word' id='word_1_370' title='bbox 454 3294 514 3329; x_wconf 87' lang='grc' dir='ltr'><strong>τε</strong></span> <span class='ocrx_word' id='word_1_371' title='bbox 548 3277 644 3331; x_wconf 71' lang='grc' dir='ltr'><strong>καὶ</strong></span> <span class='ocrx_word' id='word_1_372' title='bbox 673 3278 1160 3350; x_wconf 81' lang='grc' dir='ltr'>λαμπρυνομένης,</span> <span class='ocrx_word' id='word_1_373' title='bbox 1204 3283 1230 3333; x_wconf 89' lang='grc' dir='ltr'>ὁ</span> <span class='ocrx_word' id='word_1_374' title='bbox 1260 3281 1364 3346; x_wconf 77' lang='grc' dir='ltr'>ἔξω</span> <span class='ocrx_word' id='word_1_375' title='bbox 1399 3281 1682 3354; x_wconf 78' lang='grc' dir='ltr'>ἅνθρωπος</span> <span class='ocrx_word' id='word_1_376' title='bbox 1715 3282 1830 3334; x_wconf 84' lang='grc' dir='ltr'>δια-</span> 
     </span>
    </p>
   </div>
   <div class='ocr_carea' id='block_1_50' title="bbox 242 3367 1826 3444">
    <p class='ocr_par' dir='ltr' id='par_1_50' title="bbox 242 3367 1826 3444">
     <span class='ocr_line' id='line_1_50' title="bbox 242 3367 1826 3444; baseline 0.004 -22"><span class='ocrx_word' id='word_1_377' title='bbox 242 3367 552 3440; x_wconf 73' lang='grc' dir='ltr'>φθείρεται,</span> <span class='ocrx_word' id='word_1_378' title='bbox 579 3371 680 3438; x_wconf 81' lang='grc' dir='ltr'><strong>τῆς</strong></span> <span class='ocrx_word' id='word_1_379' title='bbox 713 3373 916 3440; x_wconf 79' lang='grc' dir='ltr'>σαρκὸς</span> <span class='ocrx_word' id='word_1_380' title='bbox 945 3372 1034 3424; x_wconf 68' lang='grc' dir='ltr'>διὰ</span> <span class='ocrx_word' id='word_1_381' title='bbox 1067 3375 1166 3442; x_wconf 79' lang='grc' dir='ltr'><strong>τὴν</strong></span> <span class='ocrx_word' id='word_1_382' title='bbox 1191 3374 1489 3444; x_wconf 76' lang='grc' dir='ltr'>ἐπιδημίαν</span> <span class='ocrx_word' id='word_1_383' title='bbox 1525 3376 1620 3428; x_wconf 77' lang='grc' dir='ltr'>τοῦ</span> <span class='ocrx_word' id='word_1_384' title='bbox 1669 3375 1826 3444; x_wconf 74' lang='grc' dir='ltr'>λόγου</span> 
     </span>
    </p>
   </div>
   <div class='ocr_carea' id='block_1_51' title="bbox 244 3459 1356 3535">
    <p class='ocr_par' dir='ltr' id='par_1_51' title="bbox 244 3459 1356 3535">
     <span class='ocr_line' id='line_1_51' title="bbox 244 3459 1356 3535; baseline 0.006 -24"><span class='ocrx_word' id='word_1_385' title='bbox 244 3459 343 3530; x_wconf 79' lang='grc' dir='ltr'>τὴν</span> <span class='ocrx_word' id='word_1_386' title='bbox 373 3462 609 3531; x_wconf 75' lang='grc' dir='ltr'>φυσικὴν</span> <span class='ocrx_word' id='word_1_387' title='bbox 633 3461 851 3529; x_wconf 77' lang='grc' dir='ltr'>εὐεξίαν</span> <span class='ocrx_word' id='word_1_388' title='bbox 883 3464 1356 3535; x_wconf 72' lang='grc' dir='ltr'><strong>ἁποϐαὶλομένης.</strong></span> 
     </span>
    </p>
   </div>
   <div class='ocr_carea' id='block_1_52' title="bbox 319 3551 1826 3631">
    <p class='ocr_par' dir='ltr' id='par_1_52' title="bbox 319 3551 1826 3631">
     <span class='ocr_line' id='line_1_52' title="bbox 319 3551 1826 3631; baseline 0.005 -25"><span class='ocrx_word' id='word_1_389' title='bbox 319 3552 423 3621; x_wconf 49' lang='grc' dir='ltr'><strong>κζ’.</strong></span> <span class='ocrx_word' id='word_1_390' title='bbox 464 3555 578 3607; x_wconf 81' lang='grc' dir='ltr'><strong>Οὐκ</strong></span> <span class='ocrx_word' id='word_1_391' title='bbox 622 3551 691 3625; x_wconf 81' lang='grc' dir='ltr'><strong>ἦν</strong></span> <span class='ocrx_word' id='word_1_392' title='bbox 749 3556 976 3610; x_wconf 68' lang='grc' dir='ltr'>δυνατὸν</span> <span class='ocrx_word' id='word_1_393' title='bbox 1033 3557 1208 3620; x_wconf 76' lang='grc' dir='ltr'>ἄλλως</span> <span class='ocrx_word' id='word_1_394' title='bbox 1268 3559 1383 3611; x_wconf 82' lang='grc' dir='ltr'>υἱὸν</span> <span class='ocrx_word' id='word_1_395' title='bbox 1437 3559 1826 3631; x_wconf 74' lang='grc' dir='ltr'>ἀποδειχθῆναι</span> 
     </span>
    </p>
   </div>
   <div class='ocr_carea' id='block_1_53' title="bbox 245 3643 1826 3717">
    <p class='ocr_par' dir='ltr' id='par_1_53' title="bbox 245 3643 1826 3717">
     <span class='ocr_line' id='line_1_53' title="bbox 245 3643 1826 3717; baseline 0.003 -21"><span class='ocrx_word' id='word_1_396' title='bbox 245 3643 384 3697; x_wconf 71' lang='grc' dir='ltr'>Θεοῦ</span> <span class='ocrx_word' id='word_1_397' title='bbox 417 3645 488 3715; x_wconf 70' lang='grc' dir='ltr'><strong>(ι’)</strong></span> <span class='ocrx_word' id='word_1_398' title='bbox 519 3645 614 3697; x_wconf 79' lang='grc' dir='ltr'><strong>καὶ</strong></span> <span class='ocrx_word' id='word_1_399' title='bbox 640 3645 771 3697; x_wconf 82' lang='grc' dir='ltr'>Θεὸν</span> <span class='ocrx_word' id='word_1_400' title='bbox 803 3646 945 3699; x_wconf 73' lang='grc' dir='ltr'>κατὰ</span> <span class='ocrx_word' id='word_1_401' title='bbox 969 3645 1067 3716; x_wconf 71' lang='grc' dir='ltr'><strong>τὴν</strong></span> <span class='ocrx_word' id='word_1_402' title='bbox 1095 3646 1318 3717; x_wconf 79' lang='grc' dir='ltr'>χάριτος</span> <span class='ocrx_word' id='word_1_403' title='bbox 1363 3646 1582 3713; x_wconf 80' lang='grc' dir='ltr'>θέωσιν,</span> <span class='ocrx_word' id='word_1_404' title='bbox 1609 3650 1699 3701; x_wconf 78' lang='grc' dir='ltr'><strong>τὸν</strong></span> <span class='ocrx_word' id='word_1_405' title='bbox 1732 3667 1826 3717; x_wconf 61' lang='grc' dir='ltr'>γει</span> 
     </span>
    </p>
   </div>
   <div class='ocr_carea' id='block_1_54' title="bbox 250 3734 1826 3808">
    <p class='ocr_par' dir='ltr' id='par_1_54' title="bbox 250 3734 1826 3808">
     <span class='ocr_line' id='line_1_54' title="bbox 250 3734 1826 3808; baseline 0.002 -20"><span class='ocrx_word' id='word_1_406' title='bbox 250 3735 473 3805; x_wconf 71' lang='grc' dir='ltr'>νόμενον</span> <span class='ocrx_word' id='word_1_407' title='bbox 535 3734 841 3807; x_wconf 73' lang='grc' dir='ltr'>ἄνθρωπον,</span> <span class='ocrx_word' id='word_1_408' title='bbox 885 3737 959 3806; x_wconf 82' lang='grc' dir='ltr'><strong>μὴ</strong></span> <span class='ocrx_word' id='word_1_409' title='bbox 1018 3737 1285 3807; x_wconf 79' lang='grc' dir='ltr'>πρότερον</span> <span class='ocrx_word' id='word_1_410' title='bbox 1317 3737 1460 3790; x_wconf 66' lang='grc' dir='ltr'>κατὰ</span> <span class='ocrx_word' id='word_1_411' title='bbox 1503 3738 1826 3808; x_wconf 66' lang='grc' dir='ltr'>πρσαὶρεσιν</span> 
     </span>
    </p>
   </div>
   <div class='ocr_carea' id='block_1_55' title="bbox 248 3827 1827 3900">
    <p class='ocr_par' dir='ltr' id='par_1_55' title="bbox 248 3827 1827 3900">
     <span class='ocr_line' id='line_1_55' title="bbox 248 3827 1827 3900; baseline 0.001 -21"><span class='ocrx_word' id='word_1_412' title='bbox 248 3827 585 3897; x_wconf 76' lang='grc' dir='ltr'>γεννηθέντα</span> <span class='ocrx_word' id='word_1_413' title='bbox 604 3829 684 3898; x_wconf 81' lang='grc' dir='ltr'><strong>τῷ</strong></span> <span class='ocrx_word' id='word_1_414' title='bbox 708 3829 1014 3897; x_wconf 76' lang='grc' dir='ltr'>πνεύματι,</span> <span class='ocrx_word' id='word_1_415' title='bbox 1042 3828 1130 3882; x_wconf 81' lang='grc' dir='ltr'>διὰ</span> <span class='ocrx_word' id='word_1_416' title='bbox 1168 3829 1266 3899; x_wconf 78' lang='grc' dir='ltr'>τὴν</span> <span class='ocrx_word' id='word_1_417' title='bbox 1293 3828 1518 3882; x_wconf 80' lang='grc' dir='ltr'>ἐνοῦσαν</span> <span class='ocrx_word' id='word_1_418' title='bbox 1541 3829 1689 3900; x_wconf 73' lang='grc' dir='ltr'>αὐτῷ</span> <span class='ocrx_word' id='word_1_419' title='bbox 1726 3847 1827 3899; x_wconf 68' lang='grc' dir='ltr'><strong>ςυ-</strong></span> 
     </span>
    </p>
   </div>
   <div class='ocr_carea' id='block_1_56' title="bbox 254 3921 1825 3993">
    <p class='ocr_par' dir='ltr' id='par_1_56' title="bbox 254 3921 1825 3993">
     <span class='ocr_line' id='line_1_56' title="bbox 254 3921 1825 3993; baseline 0.001 -19"><span class='ocrx_word' id='word_1_420' title='bbox 254 3921 419 3983; x_wconf 84' lang='grc' dir='ltr'>σικῶς</span> <span class='ocrx_word' id='word_1_421' title='bbox 447 3922 803 3992; x_wconf 79' lang='grc' dir='ltr'>αὐτοκίνητον</span> <span class='ocrx_word' id='word_1_422' title='bbox 835 3924 926 3974; x_wconf 72' lang='grc' dir='ltr'><strong>καὶ</strong></span> <span class='ocrx_word' id='word_1_423' title='bbox 952 3922 1248 3975; x_wconf 82' lang='grc' dir='ltr'>ἀδέσποτον</span> <span class='ocrx_word' id='word_1_424' title='bbox 1289 3921 1518 3993; x_wconf 83' lang='grc' dir='ltr'>δύναμιν</span> <span class='ocrx_word' id='word_1_425' title='bbox 1550 3938 1564 3951; x_wconf 89' lang='grc'><strong>·</strong></span> <span class='ocrx_word' id='word_1_426' title='bbox 1596 3922 1664 3992; x_wconf 74' lang='grc' dir='ltr'>ἦν</span> <span class='ocrx_word' id='word_1_427' title='bbox 1703 3940 1825 3976; x_wconf 77' lang='grc' dir='ltr'>τινα</span> 
     </span>
    </p>
   </div>
   <div class='ocr_carea' id='block_1_57' title="bbox 250 4011 1826 4086">
    <p class='ocr_par' dir='ltr' id='par_1_57' title="bbox 250 4011 1826 4086">
     <span class='ocr_line' id='line_1_57' title="bbox 250 4011 1826 4086; baseline 0.002 -20"><span class='ocrx_word' id='word_1_428' title='bbox 250 4011 498 4067; x_wconf 71' lang='grc' dir='ltr'>θεοποιδν</span> <span class='ocrx_word' id='word_1_429' title='bbox 527 4016 620 4068; x_wconf 76' lang='grc' dir='ltr'><strong>καὶ</strong></span> <span class='ocrx_word' id='word_1_430' title='bbox 654 4015 804 4068; x_wconf 86' lang='grc' dir='ltr'>θείαν</span> <span class='ocrx_word' id='word_1_431' title='bbox 829 4014 922 4068; x_wconf 74' lang='grc' dir='ltr'>καὶ</span> <span class='ocrx_word' id='word_1_432' title='bbox 953 4015 1115 4069; x_wconf 77' lang='grc' dir='ltr'>ἄῦλον</span> <span class='ocrx_word' id='word_1_433' title='bbox 1139 4016 1414 4085; x_wconf 77' lang='grc' dir='ltr'>γέννησιν,</span> <span class='ocrx_word' id='word_1_434' title='bbox 1445 4014 1532 4070; x_wconf 75' lang='grc' dir='ltr'><strong>διὰ</strong></span> <span class='ocrx_word' id='word_1_435' title='bbox 1580 4015 1642 4068; x_wconf 83' lang='grc' dir='ltr'><strong>τὸ</strong></span> <span class='ocrx_word' id='word_1_436' title='bbox 1694 4032 1826 4086; x_wconf 81' lang='grc' dir='ltr'>προ-</span> 
     </span>
    </p>
   </div>
   <div class='ocr_carea' id='block_1_58' title="bbox 249 4105 1826 4179">
    <p class='ocr_par' dir='ltr' id='par_1_58' title="bbox 249 4105 1826 4179">
     <span class='ocr_line' id='line_1_58' title="bbox 249 4105 1826 4179; baseline 0.001 -23"><span class='ocrx_word' id='word_1_437' title='bbox 249 4106 478 4173; x_wconf 76' lang='grc' dir='ltr'><strong>τιμῆσαι</strong></span> <span class='ocrx_word' id='word_1_438' title='bbox 502 4107 610 4160; x_wconf 82' lang='grc' dir='ltr'><strong>τῶν</strong></span> <span class='ocrx_word' id='word_1_439' title='bbox 637 4107 945 4176; x_wconf 77' lang='grc' dir='ltr'>νοουμένων</span> <span class='ocrx_word' id='word_1_440' title='bbox 973 4107 1069 4160; x_wconf 72' lang='grc' dir='ltr'>καὶ</span> <span class='ocrx_word' id='word_1_441' title='bbox 1094 4106 1306 4177; x_wconf 82' lang='grc' dir='ltr'>ἀδήλων</span> <span class='ocrx_word' id='word_1_442' title='bbox 1331 4106 1468 4179; x_wconf 78' lang='grc' dir='ltr'>τέως</span> <span class='ocrx_word' id='word_1_443' title='bbox 1509 4105 1733 4176; x_wconf 72' lang='grc' dir='ltr'>ἀγαθῶν</span> <span class='ocrx_word' id='word_1_444' title='bbox 1767 4107 1826 4158; x_wconf 71' lang='grc' dir='ltr'>τ’)</span> 
     </span>
    </p>
   </div>
   <div class='ocr_carea' id='block_1_59' title="bbox 250 4193 1826 4270">
    <p class='ocr_par' dir='ltr' id='par_1_59' title="bbox 250 4193 1826 4270">
     <span class='ocr_line' id='line_1_59' title="bbox 250 4193 1826 4270; baseline 0.001 -20"><span class='ocrx_word' id='word_1_445' title='bbox 250 4198 373 4250; x_wconf 79' lang='grc' dir='ltr'>κατ’</span> <span class='ocrx_word' id='word_1_446' title='bbox 404 4196 658 4266; x_wconf 76' lang='grc' dir='ltr'>αἴσθησιν</span> <span class='ocrx_word' id='word_1_447' title='bbox 697 4197 932 4268; x_wconf 82' lang='grc' dir='ltr'>τερπνὸν</span> <span class='ocrx_word' id='word_1_448' title='bbox 980 4193 1100 4252; x_wconf 61' lang='grc' dir='ltr'><strong>και</strong></span> <span class='ocrx_word' id='word_1_449' title='bbox 1125 4198 1400 4268; x_wconf 78' lang='grc' dir='ltr'>ἐπίδηλον,</span> <span class='ocrx_word' id='word_1_450' title='bbox 1444 4197 1768 4270; x_wconf 81' lang='grc' dir='ltr'>παραλιπὼν</span> <span class='ocrx_word' id='word_1_451' title='bbox 1800 4200 1826 4252; x_wconf 78' lang='grc' dir='ltr'>ὁ</span> 
     </span>
    </p>
   </div>
   <div class='ocr_carea' id='block_1_60' title="bbox 249 4281 1828 4362">
    <p class='ocr_par' dir='ltr' id='par_1_60' title="bbox 249 4281 1828 4362">
     <span class='ocr_line' id='line_1_60' title="bbox 249 4281 1828 4362; baseline 0.003 -22"><span class='ocrx_word' id='word_1_452' title='bbox 249 4287 466 4358; x_wconf 69' lang='grc' dir='ltr'>’πρῶτος</span> <span class='ocrx_word' id='word_1_453' title='bbox 498 4288 594 4342; x_wconf 81' lang='grc' dir='ltr'><strong>ἅνο</strong></span> <span class='ocrx_word' id='word_1_454' title='bbox 603 4292 806 4360; x_wconf 75' lang='grc' dir='ltr'>ρωπος,</span> <span class='ocrx_word' id='word_1_455' title='bbox 845 4289 940 4362; x_wconf 79' lang='grc' dir='ltr'><strong>τὴν</strong></span> <span class='ocrx_word' id='word_1_456' title='bbox 962 4289 1028 4343; x_wconf 83' lang='grc' dir='ltr'><strong>ὲκ</strong></span> <span class='ocrx_word' id='word_1_457' title='bbox 1061 4289 1330 4359; x_wconf 83' lang='grc' dir='ltr'>σωμάτων</span> <span class='ocrx_word' id='word_1_458' title='bbox 1347 4281 1572 4354; x_wconf 64' lang='grc' dir='ltr'>εἰκότως</span> <span class='ocrx_word' id='word_1_459' title='bbox 1597 4289 1828 4359; x_wconf 59' lang='grc' dir='ltr'>ἅπροαίτ</span> 
     </span>
    </p>
   </div>
   <div class='ocr_carea' id='block_1_61' title="bbox 251 4380 1825 4452">
    <p class='ocr_par' dir='ltr' id='par_1_61' title="bbox 251 4380 1825 4452">
     <span class='ocr_line' id='line_1_61' title="bbox 251 4380 1825 4452; baseline 0 -18"><span class='ocrx_word' id='word_1_460' title='bbox 251 4396 407 4452; x_wconf 78' lang='grc' dir='ltr'>ρετον</span> <span class='ocrx_word' id='word_1_461' title='bbox 441 4381 536 4435; x_wconf 76' lang='grc' dir='ltr'><strong>καὶ</strong></span> <span class='ocrx_word' id='word_1_462' title='bbox 561 4382 754 4452; x_wconf 79' lang='grc' dir='ltr'>ὑλικὴν</span> <span class='ocrx_word' id='word_1_463' title='bbox 782 4383 878 4438; x_wconf 78' lang='grc' dir='ltr'><strong>καὶ</strong></span> <span class='ocrx_word' id='word_1_464' title='bbox 930 4383 1199 4452; x_wconf 76' lang='grc' dir='ltr'><strong>ἐπίκηρον</strong></span> <span class='ocrx_word' id='word_1_465' title='bbox 1248 4380 1825 4452; x_wconf 72' lang='grc' dir='ltr'>ἔχεινκαταδικάζεται</span> 
     </span>
    </p>
   </div>
   <div class='ocr_carea' id='block_1_62' title="bbox 233 4472 826 4542">
    <p class='ocr_par' dir='ltr' id='par_1_62' title="bbox 233 4472 826 4542">
     <span class='ocr_line' id='line_1_62' title="bbox 233 4472 826 4542; baseline 0.002 -16"><span class='ocrx_word' id='word_1_466' title='bbox 233 4472 484 4542; x_wconf 49' lang='grc' dir='ltr'>γένεσιν.</span> <span class='ocrx_word' id='word_1_467' title='bbox 823 4491 826 4494; x_wconf 82' lang='lat'><strong><em>&#39;</em></strong></span> 
     </span>
    </p>
   </div>
   <div class='ocr_carea' id='block_1_63' title="bbox 327 4674 834 4743">
    <p class='ocr_par' dir='ltr' id='par_1_63' title="bbox 327 4674 834 4743">
     <span class='ocr_line' id='line_1_63' title="bbox 327 4674 834 4743; baseline 0 -12"><span class='ocrx_word' id='word_1_468' title='bbox 327 4674 373 4709; x_wconf 77' lang='grc'><strong>⁸³</strong></span> <span class='ocrx_word' id='word_1_469' title='bbox 403 4676 447 4731; x_wconf 87' lang='lat' dir='ltr'><strong>ll</strong></span> <span class='ocrx_word' id='word_1_470' title='bbox 476 4676 606 4735; x_wconf 86' lang='lat' dir='ltr'><strong>Cor.</strong></span> <span class='ocrx_word' id='word_1_471' title='bbox 644 4693 716 4743; x_wconf 78' lang='lat' dir='ltr'><strong>Iv,</strong></span> <span class='ocrx_word' id='word_1_472' title='bbox 749 4679 834 4734; x_wconf 75' lang='grc' dir='ltr'><strong>ιο.</strong></span> 
     </span>
    </p>
   </div>
   <div class='ocr_carea' id='block_1_64' title="bbox 331 4832 1824 4907">
    <p class='ocr_par' dir='ltr' id='par_1_64' title="bbox 331 4832 1824 4907">
     <span class='ocr_line' id='line_1_64' title="bbox 331 4832 1824 4907; baseline 0.001 -19"><span class='ocrx_word' id='word_1_473' title='bbox 331 4832 400 4907; x_wconf 81' lang='lat' dir='ltr'><strong>(q)</strong></span> <span class='ocrx_word' id='word_1_474' title='bbox 421 4835 718 4907; x_wconf 33' lang='grc' dir='ltr'>Κατὰ-τὴν</span> <span class='ocrx_word' id='word_1_475' title='bbox 737 4835 909 4890; x_wconf 74' lang='grc' dir='ltr'>θέσιν</span> <span class='ocrx_word' id='word_1_476' title='bbox 923 4833 1167 4907; x_wconf 68' lang='grc' dir='ltr'>βάσεως</span> <span class='ocrx_word' id='word_1_477' title='bbox 1189 4833 1548 4907; x_wconf 65' lang='grc' dir='ltr'>ἀμεῖᾴθετος</span> <span class='ocrx_word' id='word_1_478' title='bbox 1568 4833 1824 4907; x_wconf 66' lang='grc' dir='ltr'><strong>ἵδρυσις.</strong></span> 
     </span>
    </p>
   </div>
   <div class='ocr_carea' id='block_1_65' title="bbox 250 4903 1828 4968">
    <p class='ocr_par' dir='ltr' id='par_1_65' title="bbox 250 4903 1828 4968">
     <span class='ocr_line' id='line_1_65' title="bbox 250 4903 1828 4968; baseline 0.001 -10"><span class='ocrx_word' id='word_1_479' title='bbox 250 4903 551 4968; x_wconf 66' lang='grc' dir='ltr'><strong>Ιωὲήοδίιὶε</strong></span> <span class='ocrx_word' id='word_1_480' title='bbox 585 4905 813 4959; x_wconf 78' lang='lat' dir='ltr'><strong>firmitas</strong></span> <span class='ocrx_word' id='word_1_481' title='bbox 841 4913 897 4958; x_wconf 93' lang='lat' dir='ltr'><strong>et</strong></span> <span class='ocrx_word' id='word_1_482' title='bbox 921 4905 1084 4960; x_wconf 91' lang='lat' dir='ltr'><strong>sedes</strong></span> <span class='ocrx_word' id='word_1_483' title='bbox 1107 4903 1319 4958; x_wconf 87' lang='lat' dir='ltr'><strong>fundati</strong></span> <span class='ocrx_word' id='word_1_484' title='bbox 1349 4904 1401 4956; x_wconf 93' lang='lat' dir='ltr'><strong>in</strong></span> <span class='ocrx_word' id='word_1_485' title='bbox 1431 4904 1663 4959; x_wconf 87' lang='lat' dir='ltr'><strong>honesto</strong></span> <span class='ocrx_word' id='word_1_486' title='bbox 1689 4906 1828 4960; x_wconf 87' lang='lat' dir='ltr'><strong>situs</strong></span> 
     </span>
    </p>
   </div>
   <div class='ocr_carea' id='block_1_66' title="bbox 251 4974 1829 5046">
    <p class='ocr_par' dir='ltr' id='par_1_66' title="bbox 251 4974 1829 5046">
     <span class='ocr_line' id='line_1_66' title="bbox 251 4974 1829 5046; baseline 0.001 -16"><span class='ocrx_word' id='word_1_487' title='bbox 251 4975 374 5038; x_wconf 86' lang='lat' dir='ltr'><strong>sui,</strong></span> <span class='ocrx_word' id='word_1_488' title='bbox 415 4985 562 5045; x_wconf 80' lang='lat' dir='ltr'><strong>quod</strong></span> <span class='ocrx_word' id='word_1_489' title='bbox 615 4976 850 5032; x_wconf 75' lang='lat' dir='ltr'><strong>maxime</strong></span> <span class='ocrx_word' id='word_1_490' title='bbox 896 4974 1122 5046; x_wconf 71' lang='lat' dir='ltr'><strong>iustitiae</strong></span> <span class='ocrx_word' id='word_1_491' title='bbox 1169 4975 1460 5046; x_wconf 79' lang='lat' dir='ltr'><strong>convenit;</strong></span> <span class='ocrx_word' id='word_1_492' title='bbox 1501 4991 1632 5044; x_wconf 58' lang='lat' dir='ltr'><strong>quae</strong></span> <span class='ocrx_word' id='word_1_493' title='bbox 1676 4977 1829 5032; x_wconf 88' lang='lat' dir='ltr'><strong>velut</strong></span> 
     </span>
    </p>
   </div>
   <div class='ocr_carea' id='block_1_67' title="bbox 253 5043 1828 5112">
    <p class='ocr_par' dir='ltr' id='par_1_67' title="bbox 253 5043 1828 5112">
     <span class='ocr_line' id='line_1_67' title="bbox 253 5043 1828 5112; baseline -0.001 -10"><span class='ocrx_word' id='word_1_494' title='bbox 253 5050 398 5102; x_wconf 63' lang='lat' dir='ltr'><strong>lcrra</strong></span> <span class='ocrx_word' id='word_1_495' title='bbox 429 5043 482 5100; x_wconf 81' lang='lat' dir='ltr'><strong>in</strong></span> <span class='ocrx_word' id='word_1_496' title='bbox 511 5047 614 5099; x_wconf 89' lang='lat' dir='ltr'><strong>hoc</strong></span> <span class='ocrx_word' id='word_1_497' title='bbox 641 5043 918 5108; x_wconf 69' lang='lat' dir='ltr'><strong>universo,</strong></span> <span class='ocrx_word' id='word_1_498' title='bbox 948 5044 1063 5102; x_wconf 83' lang='lat' dir='ltr'><strong>suis</strong></span> <span class='ocrx_word' id='word_1_499' title='bbox 1091 5043 1334 5112; x_wconf 87' lang='lat' dir='ltr'><strong>undique</strong></span> <span class='ocrx_word' id='word_1_500' title='bbox 1363 5043 1561 5099; x_wconf 80' lang='lat' dir='ltr'><strong>librata</strong></span> <span class='ocrx_word' id='word_1_501' title='bbox 1584 5061 1828 5100; x_wconf 83' lang='lat' dir='ltr'><strong>momen-</strong></span> 
     </span>
    </p>
   </div>
   <div class='ocr_carea' id='block_1_68' title="bbox 254 5114 1828 5184">
    <p class='ocr_par' dir='ltr' id='par_1_68' title="bbox 254 5114 1828 5184">
     <span class='ocr_line' id='line_1_68' title="bbox 254 5114 1828 5184; baseline 0.001 -14"><span class='ocrx_word' id='word_1_502' title='bbox 254 5115 355 5179; x_wconf 85' lang='lat' dir='ltr'><strong>tis,</strong></span> <span class='ocrx_word' id='word_1_503' title='bbox 394 5116 473 5170; x_wconf 89' lang='lat' dir='ltr'><strong>rei</strong></span> <span class='ocrx_word' id='word_1_504' title='bbox 523 5117 696 5184; x_wconf 79' lang='lat' dir='ltr'><strong>ipsuni</strong></span> <span class='ocrx_word' id='word_1_505' title='bbox 750 5116 992 5169; x_wconf 85' lang='lat' dir='ltr'><strong>medium</strong></span> <span class='ocrx_word' id='word_1_506' title='bbox 1043 5114 1400 5173; x_wconf 88' lang='lat' dir='ltr'><strong>immobiliter</strong></span> <span class='ocrx_word' id='word_1_507' title='bbox 1445 5116 1720 5178; x_wconf 84' lang='lat' dir='ltr'><strong>attendat.</strong></span> <span class='ocrx_word' id='word_1_508' title='bbox 1763 5133 1828 5172; x_wconf 83' lang='lat' dir='ltr'><strong>ac</strong></span> 
     </span>
    </p>
   </div>
   <div class='ocr_carea' id='block_1_69' title="bbox 252 5184 1829 5258">
    <p class='ocr_par' dir='ltr' id='par_1_69' title="bbox 252 5184 1829 5258">
     <span class='ocr_line' id='line_1_69' title="bbox 252 5184 1829 5258; baseline 0.001 -19"><span class='ocrx_word' id='word_1_509' title='bbox 252 5185 480 5258; x_wconf 82' lang='lat' dir='ltr'><strong>cuique,</strong></span> <span class='ocrx_word' id='word_1_510' title='bbox 514 5186 658 5255; x_wconf 90' lang='lat' dir='ltr'><strong>quod</strong></span> <span class='ocrx_word' id='word_1_511' title='bbox 684 5186 880 5258; x_wconf 89' lang='lat' dir='ltr'><strong>_r_cipsa</strong></span> <span class='ocrx_word' id='word_1_512' title='bbox 925 5185 1072 5258; x_wconf 80' lang='lat' dir='ltr'><strong>illius</strong></span> <span class='ocrx_word' id='word_1_513' title='bbox 1108 5192 1219 5249; x_wconf 90' lang='lat' dir='ltr'><strong>est,</strong></span> <span class='ocrx_word' id='word_1_514' title='bbox 1259 5185 1485 5240; x_wconf 89' lang='lat' dir='ltr'><strong>tribuat.</strong></span> <span class='ocrx_word' id='word_1_515' title='bbox 1519 5184 1684 5258; x_wconf 14' lang='lat' dir='ltr'><strong>Quod,</strong></span> <span class='ocrx_word' id='word_1_516' title='bbox 1712 5196 1829 5242; x_wconf 81' lang='lat' dir='ltr'><strong>erat</strong></span> 
     </span>
    </p>
   </div>
   <div class='ocr_carea' id='block_1_70' title="bbox 255 5255 1826 5334">
    <p class='ocr_par' dir='ltr' id='par_1_70' title="bbox 255 5255 1826 5334">
     <span class='ocr_line' id='line_1_70' title="bbox 255 5255 1826 5334; baseline 0.003 -29"><span class='ocrx_word' id='word_1_517' title='bbox 255 5255 579 5334; x_wconf 61' lang='grc' dir='ltr'>μεταθετοῆ</span> <span class='ocrx_word' id='word_1_518' title='bbox 615 5255 792 5334; x_wconf 76' lang='lat' dir='ltr'><strong>valde</strong></span> <span class='ocrx_word' id='word_1_519' title='bbox 820 5255 1148 5334; x_wconf 59' lang='lat' dir='ltr'><strong>nmndpsunt</strong></span> <span class='ocrx_word' id='word_1_520' title='bbox 1185 5263 1299 5318; x_wconf 87' lang='lat' dir='ltr'><strong>est,</strong></span> <span class='ocrx_word' id='word_1_521' title='bbox 1339 5270 1402 5309; x_wconf 91' lang='lat' dir='ltr'><strong>ac</strong></span> <span class='ocrx_word' id='word_1_522' title='bbox 1443 5255 1588 5334; x_wconf 58' lang='lat' dir='ltr'><strong>quod</strong></span> <span class='ocrx_word' id='word_1_523' title='bbox 1639 5257 1826 5334; x_wconf 69' lang='lat' dir='ltr'><strong>aiunt,</strong></span> 
     </span>
    </p>
   </div>
   <div class='ocr_carea' id='block_1_71' title="bbox 251 5324 1826 5396">
    <p class='ocr_par' dir='ltr' id='par_1_71' title="bbox 251 5324 1826 5396">
     <span class='ocr_line' id='line_1_71' title="bbox 251 5324 1826 5396; baseline 0.001 -17"><span class='ocrx_word' id='word_1_524' title='bbox 251 5324 538 5394; x_wconf 84' lang='lat' dir='ltr'><strong>implicans</strong></span> <span class='ocrx_word' id='word_1_525' title='bbox 569 5327 621 5396; x_wconf 91' lang='lat' dir='ltr'><strong>in</strong></span> <span class='ocrx_word' id='word_1_526' title='bbox 653 5327 886 5396; x_wconf 77' lang='lat' dir='ltr'><strong>adjecto.</strong></span> <span class='ocrx_word' id='word_1_527' title='bbox 945 5325 1104 5396; x_wconf 83' lang='lat' dir='ltr'><strong>Picus</strong></span> <span class='ocrx_word' id='word_1_528' title='bbox 1139 5332 1318 5378; x_wconf 86' lang='lat' dir='ltr'><strong>tamen</strong></span> <span class='ocrx_word' id='word_1_529' title='bbox 1349 5325 1571 5394; x_wconf 75' lang='lat' dir='ltr'><strong>expedit</strong></span> <span class='ocrx_word' id='word_1_530' title='bbox 1597 5343 1610 5378; x_wconf 89' lang='lat'><strong>:</strong></span> <span class='ocrx_word' id='word_1_531' title='bbox 1644 5324 1826 5384; x_wconf 79' lang='lat' dir='ltr'><strong>Sedem</strong></span> 
     </span>
    </p>
   </div>
   <div class='ocr_carea' id='block_1_72' title="bbox 251 5394 1826 5466">
    <p class='ocr_par' dir='ltr' id='par_1_72' title="bbox 251 5394 1826 5466">
     <span class='ocr_line' id='line_1_72' title="bbox 251 5394 1826 5466; baseline 0.001 -18"><span class='ocrx_word' id='word_1_532' title='bbox 251 5398 450 5466; x_wconf 72' lang='lat' dir='ltr'><strong>praprii</strong></span> <span class='ocrx_word' id='word_1_533' title='bbox 492 5394 820 5465; x_wconf 74' lang='lat' dir='ltr'><strong>fundamenti</strong></span> <span class='ocrx_word' id='word_1_534' title='bbox 860 5394 1184 5466; x_wconf 73' lang='lat' dir='ltr'><strong>translatam</strong></span> <span class='ocrx_word' id='word_1_535' title='bbox 1223 5397 1276 5448; x_wconf 85' lang='lat' dir='ltr'><strong>in</strong></span> <span class='ocrx_word' id='word_1_536' title='bbox 1315 5398 1530 5466; x_wconf 59' lang='lat' dir='ltr'><strong>hortesto</strong></span> <span class='ocrx_word' id='word_1_537' title='bbox 1575 5396 1826 5462; x_wconf 75' lang='lat' dir='ltr'><strong>collocat;</strong></span> 
     </span>
    </p>
   </div>
   <div class='ocr_carea' id='block_1_73' title="bbox 251 5465 1651 5535">
    <p class='ocr_par' dir='ltr' id='par_1_73' title="bbox 251 5465 1651 5535">
     <span class='ocr_line' id='line_1_73' title="bbox 251 5465 1651 5535; baseline 0 -16"><span class='ocrx_word' id='word_1_538' title='bbox 251 5465 298 5521; x_wconf 74' lang='lat' dir='ltr'><strong>si</strong></span> <span class='ocrx_word' id='word_1_539' title='bbox 329 5476 508 5521; x_wconf 84' lang='lat' dir='ltr'><strong>tamen</strong></span> <span class='ocrx_word' id='word_1_540' title='bbox 535 5467 793 5535; x_wconf 80' lang='lat' dir='ltr'><strong>expedire</strong></span> <span class='ocrx_word' id='word_1_541' title='bbox 821 5475 935 5528; x_wconf 87' lang='lat' dir='ltr'><strong>est,</strong></span> <span class='ocrx_word' id='word_1_542' title='bbox 965 5465 1045 5527; x_wconf 81' lang='lat' dir='ltr'><strong>sic</strong></span> <span class='ocrx_word' id='word_1_543' title='bbox 1073 5465 1365 5524; x_wconf 79' lang='lat' dir='ltr'><strong>arbitrario</strong></span> <span class='ocrx_word' id='word_1_544' title='bbox 1402 5465 1651 5520; x_wconf 86' lang='lat' dir='ltr'><strong>reddere.</strong></span> 
     </span>
    </p>
   </div>
   <div class='ocr_carea' id='block_1_74' title="bbox 323 5535 1830 5606">
    <p class='ocr_par' dir='ltr' id='par_1_74' title="bbox 323 5535 1830 5606">
     <span class='ocr_line' id='line_1_74' title="bbox 323 5535 1830 5606; baseline 0.002 -17"><span class='ocrx_word' id='word_1_545' title='bbox 323 5537 394 5606; x_wconf 83' lang='lat' dir='ltr'><strong>(r)</strong></span> <span class='ocrx_word' id='word_1_546' title='bbox 440 5537 574 5590; x_wconf 69' lang='grc' dir='ltr'>γεειν</span> <span class='ocrx_word' id='word_1_547' title='bbox 617 5535 1051 5603; x_wconf 78' lang='grc' dir='ltr'>ἀποδειχθῆναι</span> <span class='ocrx_word' id='word_1_548' title='bbox 1078 5535 1256 5606; x_wconf 59' lang='grc' dir='ltr'><strong>θεοῦ.</strong></span> <span class='ocrx_word' id='word_1_549' title='bbox 1294 5535 1687 5606; x_wconf 72' lang='lat' dir='ltr'><strong>Quoddeerat</strong></span> <span class='ocrx_word' id='word_1_550' title='bbox 1724 5552 1830 5592; x_wconf 82' lang='lat' dir='ltr'><strong>vox</strong></span> 
     </span>
    </p>
   </div>
   <div class='ocr_carea' id='block_1_75' title="bbox 255 5603 1832 5677">
    <p class='ocr_par' dir='ltr' id='par_1_75' title="bbox 255 5603 1832 5677">
     <span class='ocr_line' id='line_1_75' title="bbox 255 5603 1832 5677; baseline 0.001 -19"><span class='ocrx_word' id='word_1_551' title='bbox 255 5603 386 5677; x_wconf 68' lang='grc' dir='ltr'>υἱὸν,</span> <span class='ocrx_word' id='word_1_552' title='bbox 414 5606 550 5661; x_wconf 85' lang='lat' dir='ltr'><strong>nihil</strong></span> <span class='ocrx_word' id='word_1_553' title='bbox 581 5607 929 5677; x_wconf 83' lang='lat' dir='ltr'><strong>commodum</strong></span> <span class='ocrx_word' id='word_1_554' title='bbox 958 5604 1190 5677; x_wconf 81' lang='lat' dir='ltr'><strong>reddere</strong></span> <span class='ocrx_word' id='word_1_555' title='bbox 1217 5603 1586 5677; x_wconf 6' lang='lat' dir='ltr'><strong>potuitpPicus</strong></span> <span class='ocrx_word' id='word_1_556' title='bbox 1615 5623 1629 5659; x_wconf 90' lang='lat'>:</span> <span class='ocrx_word' id='word_1_557' title='bbox 1661 5609 1832 5677; x_wconf 77' lang='grc' dir='ltr'>ἀπροο</span> 
     </span>
    </p>
   </div>
   <div class='ocr_carea' id='block_1_76' title="bbox 254 5674 1835 5745">
    <p class='ocr_par' dir='ltr' id='par_1_76' title="bbox 254 5674 1835 5745">
     <span class='ocr_line' id='line_1_76' title="bbox 254 5674 1835 5745; baseline 0.003 -16"><span class='ocrx_word' id='word_1_558' title='bbox 254 5676 468 5744; x_wconf 85' lang='grc' dir='ltr'>αίρετον</span> <span class='ocrx_word' id='word_1_559' title='bbox 499 5677 712 5744; x_wconf 79' lang='grc' dir='ltr'>γένεσιν</span> <span class='ocrx_word' id='word_1_560' title='bbox 742 5678 837 5730; x_wconf 71' lang='grc' dir='ltr'><strong>καὶ</strong></span> <span class='ocrx_word' id='word_1_561' title='bbox 865 5674 1078 5745; x_wconf 74' lang='grc' dir='ltr'>ὑλικὴν,</span> <span class='ocrx_word' id='word_1_562' title='bbox 1105 5682 1280 5734; x_wconf 69' lang='lat' dir='ltr'><strong>ortum</strong></span> <span class='ocrx_word' id='word_1_563' title='bbox 1311 5675 1605 5745; x_wconf 66' lang='lat' dir='ltr'><strong>nativitatis</strong></span> <span class='ocrx_word' id='word_1_564' title='bbox 1637 5674 1835 5734; x_wconf 49' lang='lat' dir='ltr'><strong>non&#39;ea:</strong></span> 
     </span>
    </p>
   </div>
   <div class='ocr_carea' id='block_1_77' title="bbox 255 5744 1837 5819">
    <p class='ocr_par' dir='ltr' id='par_1_77' title="bbox 255 5744 1837 5819">
     <span class='ocr_line' id='line_1_77' title="bbox 255 5744 1837 5819; baseline -0.002 -14"><span class='ocrx_word' id='word_1_565' title='bbox 255 5745 420 5805; x_wconf 83' lang='lat' dir='ltr'><strong>libera</strong></span> <span class='ocrx_word' id='word_1_566' title='bbox 449 5746 720 5802; x_wconf 77' lang='lat' dir='ltr'><strong>voluntate</strong></span> <span class='ocrx_word' id='word_1_567' title='bbox 750 5753 798 5803; x_wconf 75' lang='lat' dir='ltr'><strong>et</strong></span> <span class='ocrx_word' id='word_1_568' title='bbox 830 5744 1121 5813; x_wconf 69' lang='lat' dir='ltr'><strong>terrenam,</strong></span> <span class='ocrx_word' id='word_1_569' title='bbox 1151 5759 1262 5816; x_wconf 90' lang='lat' dir='ltr'><strong>quo</strong></span> <span class='ocrx_word' id='word_1_570' title='bbox 1288 5744 1614 5808; x_wconf 82' lang='lat' dir='ltr'><strong>naturaliter</strong></span> <span class='ocrx_word' id='word_1_571' title='bbox 1637 5761 1837 5819; x_wconf 81' lang='lat' dir='ltr'><strong>prepa-</strong></span> 
     </span>
    </p>
   </div>
   <div class='ocr_carea' id='block_1_78' title="bbox 1927 1915 3526 1988">
    <p class='ocr_par' dir='ltr' id='par_1_78' title="bbox 1927 1915 3526 1988">
     <span class='ocr_line' id='line_1_78' title="bbox 1927 1915 3526 1988; baseline 0.001 -19"><span class='ocrx_word' id='word_1_572' title='bbox 1927 1915 2101 1970; x_wconf 85' lang='lat' dir='ltr'><strong>Dcum</strong></span> <span class='ocrx_word' id='word_1_573' title='bbox 2125 1931 2224 1985; x_wconf 92' lang='lat' dir='ltr'><strong>per</strong></span> <span class='ocrx_word' id='word_1_574' title='bbox 2245 1915 2606 1985; x_wconf 89' lang='lat' dir='ltr'><strong>cupiditatem</strong></span> <span class='ocrx_word' id='word_1_575' title='bbox 2629 1916 2984 1988; x_wconf 80' lang='lat' dir='ltr'><strong>scaturigine,</strong></span> <span class='ocrx_word' id='word_1_576' title='bbox 3011 1916 3213 1971; x_wconf 90' lang='lat' dir='ltr'><strong>amoris</strong></span> <span class='ocrx_word' id='word_1_577' title='bbox 3239 1916 3526 1984; x_wconf 84' lang='lat' dir='ltr'><strong>illecebras</strong></span> 
     </span>
    </p>
   </div>
   <div class='ocr_carea' id='block_1_79' title="bbox 1929 2008 3528 2080">
    <p class='ocr_par' dir='ltr' id='par_1_79' title="bbox 1929 2008 3528 2080">
     <span class='ocr_line' id='line_1_79' title="bbox 1929 2008 3528 2080; baseline 0.001 -18"><span class='ocrx_word' id='word_1_578' title='bbox 1929 2009 2201 2080; x_wconf 83' lang='lat' dir='ltr'><strong>gignens:</strong></span> <span class='ocrx_word' id='word_1_579' title='bbox 2233 2009 2380 2079; x_wconf 89' lang='lat' dir='ltr'><strong>quod</strong></span> <span class='ocrx_word' id='word_1_580' title='bbox 2429 2008 2669 2078; x_wconf 88' lang='lat' dir='ltr'><strong>denique</strong></span> <span class='ocrx_word' id='word_1_581' title='bbox 2722 2008 2780 2063; x_wconf 90' lang='lat' dir='ltr'><strong>in</strong></span> <span class='ocrx_word' id='word_1_582' title='bbox 2832 2008 3040 2063; x_wconf 88' lang='lat' dir='ltr'><strong>mundo</strong></span> <span class='ocrx_word' id='word_1_583' title='bbox 3089 2008 3221 2063; x_wconf 86' lang='lat' dir='ltr'><strong>item</strong></span> <span class='ocrx_word' id='word_1_584' title='bbox 3272 2009 3528 2064; x_wconf 83' lang='lat' dir='ltr'><strong>sensibus</strong></span> 
     </span>
    </p>
   </div>
   <div class='ocr_carea' id='block_1_80' title="bbox 1929 2101 3524 2173">
    <p class='ocr_par' dir='ltr' id='par_1_80' title="bbox 1929 2101 3524 2173">
     <span class='ocr_line' id='line_1_80' title="bbox 1929 2101 3524 2173; baseline 0 -17"><span class='ocrx_word' id='word_1_585' title='bbox 1929 2101 2146 2173; x_wconf 86' lang='lat' dir='ltr'><strong>objecto</strong></span> <span class='ocrx_word' id='word_1_586' title='bbox 2187 2109 2272 2157; x_wconf 89' lang='lat' dir='ltr'><strong>est</strong></span> <span class='ocrx_word' id='word_1_587' title='bbox 2307 2109 2474 2167; x_wconf 87' lang='lat' dir='ltr'><strong>terra,</strong></span> <span class='ocrx_word' id='word_1_588' title='bbox 2512 2102 2566 2156; x_wconf 89' lang='lat' dir='ltr'><strong>id</strong></span> <span class='ocrx_word' id='word_1_589' title='bbox 2602 2101 2655 2156; x_wconf 93' lang='lat' dir='ltr'><strong>in</strong></span> <span class='ocrx_word' id='word_1_590' title='bbox 2696 2101 2866 2156; x_wconf 89' lang='lat' dir='ltr'><strong>animi</strong></span> <span class='ocrx_word' id='word_1_591' title='bbox 2909 2101 3116 2156; x_wconf 89' lang='lat' dir='ltr'><strong>mundo</strong></span> <span class='ocrx_word' id='word_1_592' title='bbox 3155 2110 3240 2157; x_wconf 87' lang='lat' dir='ltr'><strong>est</strong></span> <span class='ocrx_word' id='word_1_593' title='bbox 3266 2101 3524 2172; x_wconf 76' lang='lat' dir='ltr'><strong>justitia;</strong></span> 
     </span>
    </p>
   </div>
   <div class='ocr_carea' id='block_1_81' title="bbox 1931 2193 3527 2265">
    <p class='ocr_par' dir='ltr' id='par_1_81' title="bbox 1931 2193 3527 2265">
     <span class='ocr_line' id='line_1_81' title="bbox 1931 2193 3527 2265; baseline 0 -17"><span class='ocrx_word' id='word_1_594' title='bbox 1931 2209 2129 2265; x_wconf 85' lang='lat' dir='ltr'><strong>nempe</strong></span> <span class='ocrx_word' id='word_1_595' title='bbox 2157 2193 2384 2248; x_wconf 88' lang='lat' dir='ltr'><strong>habitus</strong></span> <span class='ocrx_word' id='word_1_596' title='bbox 2413 2195 2665 2248; x_wconf 89' lang='lat' dir='ltr'><strong>omnium</strong></span> <span class='ocrx_word' id='word_1_597' title='bbox 2697 2193 2752 2248; x_wconf 93' lang='lat' dir='ltr'><strong>in</strong></span> <span class='ocrx_word' id='word_1_598' title='bbox 2803 2193 2971 2248; x_wconf 91' lang='lat' dir='ltr'><strong>rebus</strong></span> <span class='ocrx_word' id='word_1_599' title='bbox 3007 2193 3283 2249; x_wconf 89' lang='lat' dir='ltr'><strong>rationum</strong></span> <span class='ocrx_word' id='word_1_600' title='bbox 3324 2210 3527 2248; x_wconf 88' lang='lat' dir='ltr'><strong>secun-</strong></span> 
     </span>
    </p>
   </div>
   <div class='ocr_carea' id='block_1_82' title="bbox 1929 2283 3527 2358">
    <p class='ocr_par' dir='ltr' id='par_1_82' title="bbox 1929 2283 3527 2358">
     <span class='ocr_line' id='line_1_82' title="bbox 1929 2283 3527 2358; baseline 0.003 -21"><span class='ocrx_word' id='word_1_601' title='bbox 1929 2283 2060 2338; x_wconf 91' lang='lat' dir='ltr'><strong>dum</strong></span> <span class='ocrx_word' id='word_1_602' title='bbox 2089 2284 2327 2354; x_wconf 87' lang='lat' dir='ltr'><strong>speciem</strong></span> <span class='ocrx_word' id='word_1_603' title='bbox 2360 2301 2590 2355; x_wconf 89' lang='lat' dir='ltr'><strong>parens,</strong></span> <span class='ocrx_word' id='word_1_604' title='bbox 2626 2301 2948 2355; x_wconf 80' lang='lat' dir='ltr'><strong>:equamque</strong></span> <span class='ocrx_word' id='word_1_605' title='bbox 2982 2286 3036 2340; x_wconf 90' lang='lat' dir='ltr'><strong>in</strong></span> <span class='ocrx_word' id='word_1_606' title='bbox 3068 2286 3266 2356; x_wconf 88' lang='lat' dir='ltr'><strong>spiritu</strong></span> <span class='ocrx_word' id='word_1_607' title='bbox 3297 2287 3527 2358; x_wconf 79' lang='lat' dir='ltr'><strong>singulis</strong></span> 
     </span>
    </p>
   </div>
   <div class='ocr_carea' id='block_1_83' title="bbox 1929 2370 3527 2446">
    <p class='ocr_par' dir='ltr' id='par_1_83' title="bbox 1929 2370 3527 2446">
     <span class='ocr_line' id='line_1_83' title="bbox 1929 2370 3527 2446; baseline 0.001 -15"><span class='ocrx_word' id='word_1_608' title='bbox 1929 2375 2151 2431; x_wconf 84' lang='lat' dir='ltr'><strong>vitalem</strong></span> <span class='ocrx_word' id='word_1_609' title='bbox 2187 2376 2633 2432; x_wconf 88' lang='lat' dir='ltr'><strong>distributionem</strong></span> <span class='ocrx_word' id='word_1_610' title='bbox 2677 2376 3028 2446; x_wconf 82' lang='lat' dir='ltr'><strong>imparticns,</strong></span> <span class='ocrx_word' id='word_1_611' title='bbox 3075 2393 3176 2431; x_wconf 89' lang='lat' dir='ltr'><strong>nec</strong></span> <span class='ocrx_word' id='word_1_612' title='bbox 3209 2392 3318 2432; x_wconf 91' lang='lat' dir='ltr'><strong>non</strong></span> <span class='ocrx_word' id='word_1_613' title='bbox 3350 2370 3436 2432; x_wconf 17' lang='lat' dir='ltr'><strong>‘sui</strong></span> <span class='ocrx_word' id='word_1_614' title='bbox 3469 2378 3527 2432; x_wconf 89' lang='lat' dir='ltr'><strong>in</strong></span> 
     </span>
    </p>
   </div>
   <div class='ocr_carea' id='block_1_84' title="bbox 1930 2466 3525 2535">
    <p class='ocr_par' dir='ltr' id='par_1_84' title="bbox 1930 2466 3525 2535">
     <span class='ocr_line' id='line_1_84' title="bbox 1930 2466 3525 2535; baseline 0.003 -15"><span class='ocrx_word' id='word_1_615' title='bbox 1930 2481 1997 2520; x_wconf 91' lang='lat' dir='ltr'><strong>eo</strong></span> <span class='ocrx_word' id='word_1_616' title='bbox 2023 2467 2168 2535; x_wconf 83' lang='lat' dir='ltr'><strong>quod</strong></span> <span class='ocrx_word' id='word_1_617' title='bbox 2205 2467 2500 2521; x_wconf 90' lang='lat' dir='ltr'><strong>honestum</strong></span> <span class='ocrx_word' id='word_1_618' title='bbox 2531 2474 2618 2521; x_wconf 89' lang='lat' dir='ltr'><strong>est</strong></span> <span class='ocrx_word' id='word_1_619' title='bbox 2649 2466 2861 2522; x_wconf 87' lang='lat' dir='ltr'><strong>fundati</strong></span> <span class='ocrx_word' id='word_1_620' title='bbox 2893 2469 3035 2522; x_wconf 89' lang='lat' dir='ltr'><strong>situs</strong></span> <span class='ocrx_word' id='word_1_621' title='bbox 3067 2468 3296 2526; x_wconf 83' lang='lat' dir='ltr'><strong>ﬁrmitas</strong></span> <span class='ocrx_word' id='word_1_622' title='bbox 3323 2485 3389 2525; x_wconf 90' lang='lat' dir='ltr'><strong>ae</strong></span> <span class='ocrx_word' id='word_1_623' title='bbox 3419 2471 3525 2525; x_wconf 88' lang='lat' dir='ltr'><strong>im--</strong></span> 
     </span>
    </p>
   </div>
   <div class='ocr_carea' id='block_1_85' title="bbox 1930 2556 2638 2614">
    <p class='ocr_par' dir='ltr' id='par_1_85' title="bbox 1930 2556 2638 2614">
     <span class='ocr_line' id='line_1_85' title="bbox 1930 2556 2638 2614; baseline 0 -3"><span class='ocrx_word' id='word_1_624' title='bbox 1930 2557 2150 2614; x_wconf 83' lang='lat' dir='ltr'><strong>mobilis</strong></span> <span class='ocrx_word' id='word_1_625' title='bbox 2175 2556 2638 2612; x_wconf 81' lang='lat' dir='ltr'><strong>scdesexsistens.</strong></span> 
     </span>
    </p>
   </div>
   <div class='ocr_carea' id='block_1_86' title="bbox 1999 2808 3526 2876">
    <p class='ocr_par' dir='ltr' id='par_1_86' title="bbox 1999 2808 3526 2876">
     <span class='ocr_line' id='line_1_86' title="bbox 1999 2808 3526 2876; baseline 0.007 -13"><span class='ocrx_word' id='word_1_626' title='bbox 1999 2808 2089 2864; x_wconf 78' lang='lat'><strong>96.</strong></span> <span class='ocrx_word' id='word_1_627' title='bbox 2128 2809 2604 2876; x_wconf 86' lang='lat' dir='ltr'><strong>Quemadmodum</strong></span> <span class='ocrx_word' id='word_1_628' title='bbox 2642 2811 2784 2866; x_wconf 88' lang='lat' dir='ltr'><strong>bona</strong></span> <span class='ocrx_word' id='word_1_629' title='bbox 2825 2813 3010 2868; x_wconf 89' lang='lat' dir='ltr'><strong>carnis</strong></span> <span class='ocrx_word' id='word_1_630' title='bbox 3046 2813 3369 2871; x_wconf 88' lang='lat' dir='ltr'><strong>habitudine</strong></span> <span class='ocrx_word' id='word_1_631' title='bbox 3406 2817 3526 2873; x_wconf 83' lang='lat' dir='ltr'><strong>illa-</strong></span> 
     </span>
    </p>
   </div>
   <div class='ocr_carea' id='block_1_87' title="bbox 1929 2903 3524 2976">
    <p class='ocr_par' dir='ltr' id='par_1_87' title="bbox 1929 2903 3524 2976">
     <span class='ocr_line' id='line_1_87' title="bbox 1929 2903 3524 2976; baseline 0.006 -20"><span class='ocrx_word' id='word_1_632' title='bbox 1929 2918 2038 2973; x_wconf 88' lang='lat' dir='ltr'><strong>que</strong></span> <span class='ocrx_word' id='word_1_633' title='bbox 2071 2903 2380 2974; x_wconf 88' lang='lat' dir='ltr'><strong>pinguiore,</strong></span> <span class='ocrx_word' id='word_1_634' title='bbox 2413 2904 2595 2958; x_wconf 89' lang='lat' dir='ltr'><strong>anima</strong></span> <span class='ocrx_word' id='word_1_635' title='bbox 2627 2904 2922 2961; x_wconf 79' lang='lat' dir='ltr'><strong>affectibus</strong></span> <span class='ocrx_word' id='word_1_636' title='bbox 2955 2913 3244 2976; x_wconf 76' lang='lat' dir='ltr'><strong>torquetur</strong></span> <span class='ocrx_word' id='word_1_637' title='bbox 3270 2926 3333 2964; x_wconf 87' lang='lat' dir='ltr'><strong>ac</strong></span> <span class='ocrx_word' id='word_1_638' title='bbox 3364 2910 3524 2975; x_wconf 85' lang='lat' dir='ltr'><strong>obte-</strong></span> 
     </span>
    </p>
   </div>
   <div class='ocr_carea' id='block_1_88' title="bbox 1930 2991 3525 3060">
    <p class='ocr_par' dir='ltr' id='par_1_88' title="bbox 1930 2991 3525 3060">
     <span class='ocr_line' id='line_1_88' title="bbox 1930 2991 3525 3060; baseline 0.003 -10"><span class='ocrx_word' id='word_1_639' title='bbox 1930 2997 2218 3060; x_wconf 88' lang='lat' dir='ltr'><strong>nehratur,</strong></span> <span class='ocrx_word' id='word_1_640' title='bbox 2250 2995 2516 3050; x_wconf 87' lang='lat' dir='ltr'><strong>virtutum</strong></span> <span class='ocrx_word' id='word_1_641' title='bbox 2549 2993 2743 3050; x_wconf 86' lang='lat' dir='ltr'><strong>habitu</strong></span> <span class='ocrx_word' id='word_1_642' title='bbox 2773 3011 2835 3052; x_wconf 88' lang='lat' dir='ltr'><strong>ac</strong></span> <span class='ocrx_word' id='word_1_643' title='bbox 2877 2991 3121 3054; x_wconf 75' lang='lat' dir='ltr'><strong>scientia:</strong></span> <span class='ocrx_word' id='word_1_644' title='bbox 3153 2999 3525 3056; x_wconf 82' lang='lat' dir='ltr'><strong>illustratione</strong></span> 
     </span>
    </p>
   </div>
   <div class='ocr_carea' id='block_1_89' title="bbox 1932 3089 3522 3161">
    <p class='ocr_par' dir='ltr' id='par_1_89' title="bbox 1932 3089 3522 3161">
     <span class='ocr_line' id='line_1_89' title="bbox 1932 3089 3522 3161; baseline 0.003 -19"><span class='ocrx_word' id='word_1_645' title='bbox 1932 3089 2134 3143; x_wconf 86' lang='lat' dir='ltr'><strong>sensim</strong></span> <span class='ocrx_word' id='word_1_646' title='bbox 2163 3089 2590 3143; x_wconf 87' lang='lat' dir='ltr'><strong>abscedentibus</strong></span> <span class='ocrx_word' id='word_1_647' title='bbox 2627 3106 2640 3142; x_wconf 92' lang='lat'><strong>:</strong></span> <span class='ocrx_word' id='word_1_648' title='bbox 2671 3090 2748 3144; x_wconf 90' lang='lat' dir='ltr'><strong>sic</strong></span> <span class='ocrx_word' id='word_1_649' title='bbox 2777 3105 2996 3161; x_wconf 89' lang='lat' dir='ltr'><strong>quoque</strong></span> <span class='ocrx_word' id='word_1_650' title='bbox 3034 3092 3215 3146; x_wconf 88' lang='lat' dir='ltr'><strong>anima</strong></span> <span class='ocrx_word' id='word_1_651' title='bbox 3254 3092 3522 3154; x_wconf 84' lang='lat' dir='ltr'><strong>virtutum</strong></span> 
     </span>
    </p>
   </div>
   <div class='ocr_carea' id='block_1_90' title="bbox 1931 3167 3524 3240">
    <p class='ocr_par' dir='ltr' id='par_1_90' title="bbox 1931 3167 3524 3240">
     <span class='ocr_line' id='line_1_90' title="bbox 1931 3167 3524 3240; baseline 0.001 -5"><span class='ocrx_word' id='word_1_652' title='bbox 1931 3181 2134 3236; x_wconf 86' lang='lat' dir='ltr'><strong>decore</strong></span> <span class='ocrx_word' id='word_1_653' title='bbox 2179 3196 2245 3236; x_wconf 85' lang='lat' dir='ltr'><strong>ac</strong></span> <span class='ocrx_word' id='word_1_654' title='bbox 2295 3182 2537 3236; x_wconf 77' lang='lat' dir='ltr'><strong>scientia:</strong></span> <span class='ocrx_word' id='word_1_655' title='bbox 2583 3167 2950 3238; x_wconf 87' lang='lat' dir='ltr'><strong>illustratione</strong></span> <span class='ocrx_word' id='word_1_656' title='bbox 2998 3185 3206 3238; x_wconf 89' lang='lat' dir='ltr'><strong>munita</strong></span> <span class='ocrx_word' id='word_1_657' title='bbox 3256 3193 3313 3239; x_wconf 90' lang='lat' dir='ltr'><strong>et</strong></span> <span class='ocrx_word' id='word_1_658' title='bbox 3359 3201 3524 3240; x_wconf 59' lang='lat' dir='ltr'><strong>corn.</strong></span> 
     </span>
    </p>
   </div>
   <div class='ocr_carea' id='block_1_91' title="bbox 1930 3275 3524 3348">
    <p class='ocr_par' dir='ltr' id='par_1_91' title="bbox 1930 3275 3524 3348">
     <span class='ocr_line' id='line_1_91' title="bbox 1930 3275 3524 3348; baseline 0.003 -18"><span class='ocrx_word' id='word_1_659' title='bbox 1930 3286 2140 3338; x_wconf 87' lang='lat' dir='ltr'><strong>seante,</strong></span> <span class='ocrx_word' id='word_1_660' title='bbox 2177 3275 2270 3345; x_wconf 85' lang='lat' dir='ltr'><strong>qui</strong></span> <span class='ocrx_word' id='word_1_661' title='bbox 2303 3276 2436 3330; x_wconf 89' lang='lat' dir='ltr'><strong>foris</strong></span> <span class='ocrx_word' id='word_1_662' title='bbox 2491 3283 2594 3339; x_wconf 79' lang='lat' dir='ltr'><strong>est,</strong></span> <span class='ocrx_word' id='word_1_663' title='bbox 2644 3277 2807 3332; x_wconf 89' lang='lat' dir='ltr'><strong>homo</strong></span> <span class='ocrx_word' id='word_1_664' title='bbox 2851 3279 3320 3348; x_wconf 76' lang='lat' dir='ltr'><strong>corrumpitur”;</strong></span> <span class='ocrx_word' id='word_1_665' title='bbox 3359 3296 3524 3336; x_wconf 88' lang='lat' dir='ltr'><strong>carne</strong></span> 
     </span>
    </p>
   </div>
   <div class='ocr_carea' id='block_1_92' title="bbox 1930 3363 3521 3438">
    <p class='ocr_par' dir='ltr' id='par_1_92' title="bbox 1930 3363 3521 3438">
     <span class='ocr_line' id='line_1_92' title="bbox 1930 3363 3521 3438; baseline 0.003 -18"><span class='ocrx_word' id='word_1_666' title='bbox 1930 3367 2143 3420; x_wconf 87' lang='lat' dir='ltr'><strong>scilicet</strong></span> <span class='ocrx_word' id='word_1_667' title='bbox 2186 3367 2417 3421; x_wconf 88' lang='lat' dir='ltr'><strong>rationis</strong></span> <span class='ocrx_word' id='word_1_668' title='bbox 2462 3363 2698 3422; x_wconf 77' lang='lat' dir='ltr'><strong>adventu</strong></span> <span class='ocrx_word' id='word_1_669' title='bbox 2748 3383 2812 3422; x_wconf 90' lang='lat' dir='ltr'><strong>ac</strong></span> <span class='ocrx_word' id='word_1_670' title='bbox 2858 3370 3168 3438; x_wconf 64' lang='lat' dir='ltr'><strong>praesentia.</strong></span> <span class='ocrx_word' id='word_1_671' title='bbox 3210 3371 3521 3430; x_wconf 84' lang='lat' dir='ltr'><strong>naturalem</strong></span> 
     </span>
    </p>
   </div>
   <div class='ocr_carea' id='block_1_93' title="bbox 1930 3459 3351 3530">
    <p class='ocr_par' dir='ltr' id='par_1_93' title="bbox 1930 3459 3351 3530">
     <span class='ocr_line' id='line_1_93' title="bbox 1930 3459 3351 3530; baseline 0.001 -16"><span class='ocrx_word' id='word_1_672' title='bbox 1930 3459 2130 3514; x_wconf 88' lang='lat' dir='ltr'><strong>bonam</strong></span> <span class='ocrx_word' id='word_1_673' title='bbox 2164 3460 2542 3514; x_wconf 87' lang='lat' dir='ltr'><strong>habitudinem</strong></span> <span class='ocrx_word' id='word_1_674' title='bbox 2571 3469 2736 3530; x_wconf 88' lang='lat' dir='ltr'><strong>atque</strong></span> <span class='ocrx_word' id='word_1_675' title='bbox 2767 3459 3010 3530; x_wconf 80' lang='lat' dir='ltr'><strong>vigorem</strong></span> <span class='ocrx_word' id='word_1_676' title='bbox 3043 3464 3351 3516; x_wconf 81' lang='lat' dir='ltr'><strong>amittente.</strong></span> 
     </span>
    </p>
   </div>
   <div class='ocr_carea' id='block_1_94' title="bbox 1935 3551 3520 3621">
    <p class='ocr_par' dir='ltr' id='par_1_94' title="bbox 1935 3551 3520 3621">
     <span class='ocr_line' id='line_1_94' title="bbox 1935 3551 3520 3621; baseline 0.001 -15"><span class='ocrx_word' id='word_1_677' title='bbox 1935 3558 1939 3562; x_wconf 90' lang='lat'>&#39;</span> <span class='ocrx_word' id='word_1_678' title='bbox 1998 3552 2087 3607; x_wconf 82' lang='lat'><strong>97.</strong></span> <span class='ocrx_word' id='word_1_679' title='bbox 2125 3551 2246 3606; x_wconf 87' lang='lat' dir='ltr'><strong>Non</strong></span> <span class='ocrx_word' id='word_1_680' title='bbox 2293 3553 2454 3606; x_wconf 90' lang='lat' dir='ltr'><strong>aliter</strong></span> <span class='ocrx_word' id='word_1_681' title='bbox 2507 3551 2626 3604; x_wconf 77' lang='lat' dir='ltr'><strong>fieri</strong></span> <span class='ocrx_word' id='word_1_682' title='bbox 2673 3559 2906 3621; x_wconf 84' lang='lat' dir='ltr'><strong>poterat,</strong></span> <span class='ocrx_word' id='word_1_683' title='bbox 2956 3559 3016 3606; x_wconf 91' lang='lat' dir='ltr'><strong>ut</strong></span> <span class='ocrx_word' id='word_1_684' title='bbox 3067 3562 3286 3608; x_wconf 86' lang='lat' dir='ltr'><strong>creatus</strong></span> <span class='ocrx_word' id='word_1_685' title='bbox 3329 3553 3520 3620; x_wconf 83' lang='lat' dir='ltr'><strong>homo,</strong></span> 
     </span>
    </p>
   </div>
   <div class='ocr_carea' id='block_1_95' title="bbox 1928 3642 3520 3714">
    <p class='ocr_par' dir='ltr' id='par_1_95' title="bbox 1928 3642 3520 3714">
     <span class='ocr_line' id='line_1_95' title="bbox 1928 3642 3520 3714; baseline 0.003 -18"><span class='ocrx_word' id='word_1_686' title='bbox 1928 3642 2025 3698; x_wconf 83' lang='lat' dir='ltr'><strong>Dei</strong></span> <span class='ocrx_word' id='word_1_687' title='bbox 2081 3642 2228 3698; x_wconf 81' lang='lat' dir='ltr'><strong>ﬁlius</strong></span> <span class='ocrx_word' id='word_1_688' title='bbox 2270 3643 2526 3713; x_wconf 79' lang='lat' dir='ltr'><strong>Deusquc</strong></span> <span class='ocrx_word' id='word_1_689' title='bbox 2562 3660 2658 3712; x_wconf 87' lang='lat' dir='ltr'><strong>per</strong></span> <span class='ocrx_word' id='word_1_690' title='bbox 2687 3643 3052 3700; x_wconf 84' lang='lat' dir='ltr'><strong>deiﬂcationis</strong></span> <span class='ocrx_word' id='word_1_691' title='bbox 3079 3644 3304 3714; x_wconf 86' lang='lat' dir='ltr'><strong>gratiam</strong></span> <span class='ocrx_word' id='word_1_692' title='bbox 3337 3645 3520 3701; x_wconf 82' lang='lat' dir='ltr'><strong>cﬂice-</strong></span> 
     </span>
    </p>
   </div>
   <div class='ocr_carea' id='block_1_96' title="bbox 1930 3717 3518 3804">
    <p class='ocr_par' dir='ltr' id='par_1_96' title="bbox 1930 3717 3518 3804">
     <span class='ocr_line' id='line_1_96' title="bbox 1930 3717 3518 3804; baseline 0.004 -18"><span class='ocrx_word' id='word_1_693' title='bbox 1930 3742 2104 3795; x_wconf 84' lang='lat' dir='ltr'><strong>retur,</strong></span> <span class='ocrx_word' id='word_1_694' title='bbox 2145 3735 2278 3802; x_wconf 89' lang='lat' dir='ltr'><strong>quin</strong></span> <span class='ocrx_word' id='word_1_695' title='bbox 2330 3736 2479 3803; x_wconf 88' lang='lat' dir='ltr'><strong>prius</strong></span> <span class='ocrx_word' id='word_1_696' title='bbox 2520 3735 2820 3788; x_wconf 85' lang='lat' dir='ltr'><strong>voluntatis</strong></span> <span class='ocrx_word' id='word_1_697' title='bbox 2851 3717 3157 3804; x_wconf 86' lang='lat' dir='ltr'><strong>proposito,</strong></span> <span class='ocrx_word' id='word_1_698' title='bbox 3190 3737 3260 3790; x_wconf 92' lang='lat' dir='ltr'><strong>ob</strong></span> <span class='ocrx_word' id='word_1_699' title='bbox 3297 3736 3518 3792; x_wconf 87' lang='lat' dir='ltr'><strong>insitam</strong></span> 
     </span>
    </p>
   </div>
   <div class='ocr_carea' id='block_1_97' title="bbox 1930 3821 3518 3896">
    <p class='ocr_par' dir='ltr' id='par_1_97' title="bbox 1930 3821 3518 3896">
     <span class='ocr_line' id='line_1_97' title="bbox 1930 3821 3518 3896; baseline 0.001 -18"><span class='ocrx_word' id='word_1_700' title='bbox 1930 3824 2009 3878; x_wconf 88' lang='lat' dir='ltr'><strong>illi</strong></span> <span class='ocrx_word' id='word_1_701' title='bbox 2048 3832 2275 3886; x_wconf 87' lang='lat' dir='ltr'><strong>natura,</strong></span> <span class='ocrx_word' id='word_1_702' title='bbox 2307 3839 2408 3876; x_wconf 91' lang='lat' dir='ltr'><strong>suo</strong></span> <span class='ocrx_word' id='word_1_703' title='bbox 2450 3821 2623 3890; x_wconf 90' lang='lat' dir='ltr'><strong>ipsius</strong></span> <span class='ocrx_word' id='word_1_704' title='bbox 2666 3823 2936 3875; x_wconf 88' lang='lat' dir='ltr'><strong>arbitratu</strong></span> <span class='ocrx_word' id='word_1_705' title='bbox 2970 3824 3225 3876; x_wconf 76' lang='lat' dir='ltr'><strong>mobilem</strong></span> <span class='ocrx_word' id='word_1_706' title='bbox 3272 3827 3518 3896; x_wconf 80' lang='lat' dir='ltr'><strong>nullique</strong></span> 
     </span>
    </p>
   </div>
   <div class='ocr_carea' id='block_1_98' title="bbox 1929 3912 3517 3986">
    <p class='ocr_par' dir='ltr' id='par_1_98' title="bbox 1929 3912 3517 3986">
     <span class='ocr_line' id='line_1_98' title="bbox 1929 3912 3517 3986; baseline 0.002 -17"><span class='ocrx_word' id='word_1_707' title='bbox 1929 3915 2349 3985; x_wconf 83' lang='lat' dir='ltr'><strong>inancipabilcm</strong></span> <span class='ocrx_word' id='word_1_708' title='bbox 2377 3913 2716 3976; x_wconf 86' lang='lat' dir='ltr'><strong>facultatem,</strong></span> <span class='ocrx_word' id='word_1_709' title='bbox 2743 3912 2942 3983; x_wconf 86' lang='lat' dir='ltr'><strong>spiritu</strong></span> <span class='ocrx_word' id='word_1_710' title='bbox 2969 3925 3294 3969; x_wconf 84' lang='lat' dir='ltr'><strong>nasceretur</strong></span> <span class='ocrx_word' id='word_1_711' title='bbox 3315 3932 3328 3970; x_wconf 92' lang='lat'>:</span> <span class='ocrx_word' id='word_1_712' title='bbox 3351 3932 3517 3986; x_wconf 87' lang='lat' dir='ltr'><strong>quam</strong></span> 
     </span>
    </p>
   </div>
   <div class='ocr_carea' id='block_1_99' title="bbox 1931 4004 3520 4077">
    <p class='ocr_par' dir='ltr' id='par_1_99' title="bbox 1931 4004 3520 4077">
     <span class='ocr_line' id='line_1_99' title="bbox 1931 4004 3520 4077; baseline 0.001 -17"><span class='ocrx_word' id='word_1_713' title='bbox 1931 4007 2124 4077; x_wconf 87' lang='lat' dir='ltr'><strong>utique</strong></span> <span class='ocrx_word' id='word_1_714' title='bbox 2152 4005 2402 4062; x_wconf 82' lang='lat' dir='ltr'><strong>deificam</strong></span> <span class='ocrx_word' id='word_1_715' title='bbox 2426 4004 2784 4074; x_wconf 88' lang='lat' dir='ltr'><strong>divinamque</strong></span> <span class='ocrx_word' id='word_1_716' title='bbox 2812 4020 2876 4058; x_wconf 87' lang='lat' dir='ltr'><strong>ac</strong></span> <span class='ocrx_word' id='word_1_717' title='bbox 2902 4004 3039 4060; x_wconf 91' lang='lat' dir='ltr'><strong>nihil</strong></span> <span class='ocrx_word' id='word_1_718' title='bbox 3067 4013 3342 4061; x_wconf 86' lang='lat' dir='ltr'><strong>terrenam</strong></span> <span class='ocrx_word' id='word_1_719' title='bbox 3374 4009 3520 4062; x_wconf 88' lang='lat' dir='ltr'><strong>nati-</strong></span> 
     </span>
    </p>
   </div>
   <div class='ocr_carea' id='block_1_100' title="bbox 1927 4096 3550 4174">
    <p class='ocr_par' dir='ltr' id='par_1_100' title="bbox 1927 4096 3550 4174">
     <span class='ocr_line' id='line_1_100' title="bbox 1927 4096 3550 4174; baseline 0.001 -21"><span class='ocrx_word' id='word_1_720' title='bbox 1927 4100 2173 4163; x_wconf 84' lang='lat' dir='ltr'><strong>vitatem,</strong></span> <span class='ocrx_word' id='word_1_721' title='bbox 2203 4113 2328 4152; x_wconf 93' lang='lat' dir='ltr'><strong>cum</strong></span> <span class='ocrx_word' id='word_1_722' title='bbox 2367 4097 2579 4168; x_wconf 89' lang='lat' dir='ltr'><strong>primus</strong></span> <span class='ocrx_word' id='word_1_723' title='bbox 2605 4096 2770 4174; x_wconf 58' lang='lat'><strong>634</strong></span> <span class='ocrx_word' id='word_1_724' title='bbox 2804 4097 2970 4150; x_wconf 90' lang='lat' dir='ltr'><strong>homo</strong></span> <span class='ocrx_word' id='word_1_725' title='bbox 3005 4097 3550 4167; x_wconf 80' lang='lat' dir='ltr'><strong>reliquerit;_bonis.</strong></span> 
     </span>
    </p>
   </div>
   <div class='ocr_carea' id='block_1_101' title="bbox 1928 4189 3520 4262">
    <p class='ocr_par' dir='ltr' id='par_1_101' title="bbox 1928 4189 3520 4262">
     <span class='ocr_line' id='line_1_101' title="bbox 1928 4189 3520 4262; baseline -0.002 -12"><span class='ocrx_word' id='word_1_726' title='bbox 1928 4194 2138 4250; x_wconf 88' lang='lat' dir='ltr'><strong>scilicet</strong></span> <span class='ocrx_word' id='word_1_727' title='bbox 2177 4192 2285 4247; x_wconf 89' lang='lat' dir='ltr'><strong>illis</strong></span> <span class='ocrx_word' id='word_1_728' title='bbox 2311 4207 2430 4262; x_wconf 75' lang='lat' dir='ltr'><strong>qua:</strong></span> <span class='ocrx_word' id='word_1_729' title='bbox 2457 4190 2572 4245; x_wconf 87' lang='lat' dir='ltr'><strong>sola</strong></span> <span class='ocrx_word' id='word_1_730' title='bbox 2600 4199 2784 4245; x_wconf 89' lang='lat' dir='ltr'><strong>mente</strong></span> <span class='ocrx_word' id='word_1_731' title='bbox 2810 4189 3194 4260; x_wconf 88' lang='lat' dir='ltr'><strong>intelliguntur</strong></span> <span class='ocrx_word' id='word_1_732' title='bbox 3221 4191 3520 4247; x_wconf 86' lang='lat' dir='ltr'><strong>hactenus-</strong></span> 
     </span>
    </p>
   </div>
   <div class='ocr_carea' id='block_1_102' title="bbox 1927 4281 3519 4358">
    <p class='ocr_par' dir='ltr' id='par_1_102' title="bbox 1927 4281 3519 4358">
     <span class='ocr_line' id='line_1_102' title="bbox 1927 4281 3519 4358; baseline -0.001 -16"><span class='ocrx_word' id='word_1_733' title='bbox 1927 4303 2035 4358; x_wconf 89' lang='lat' dir='ltr'><strong>que</strong></span> <span class='ocrx_word' id='word_1_734' title='bbox 2083 4287 2320 4341; x_wconf 88' lang='lat' dir='ltr'><strong>obscura</strong></span> <span class='ocrx_word' id='word_1_735' title='bbox 2359 4292 2509 4347; x_wconf 90' lang='lat' dir='ltr'><strong>sunt,</strong></span> <span class='ocrx_word' id='word_1_736' title='bbox 2552 4298 2750 4338; x_wconf 88' lang='lat' dir='ltr'><strong>sensus</strong></span> <span class='ocrx_word' id='word_1_737' title='bbox 2789 4281 3017 4338; x_wconf 89' lang='lat' dir='ltr'><strong>delicias</strong></span> <span class='ocrx_word' id='word_1_738' title='bbox 3061 4299 3126 4338; x_wconf 89' lang='lat' dir='ltr'><strong>ac</strong></span> <span class='ocrx_word' id='word_1_739' title='bbox 3171 4283 3519 4346; x_wconf 85' lang='lat' dir='ltr'><strong>manifestam</strong></span> 
     </span>
    </p>
   </div>
   <div class='ocr_carea' id='block_1_103' title="bbox 1929 4375 3524 4446">
    <p class='ocr_par' dir='ltr' id='par_1_103' title="bbox 1929 4375 3524 4446">
     <span class='ocr_line' id='line_1_103' title="bbox 1929 4375 3524 4446; baseline -0.003 -11"><span class='ocrx_word' id='word_1_740' title='bbox 1929 4378 2351 4434; x_wconf 83' lang='lat' dir='ltr'><strong>delectationem</strong></span> <span class='ocrx_word' id='word_1_741' title='bbox 2397 4375 2724 4446; x_wconf 77' lang='lat' dir='ltr'><strong>praeferens;</strong></span> <span class='ocrx_word' id='word_1_742' title='bbox 2762 4375 3122 4445; x_wconf 82' lang='lat' dir='ltr'><strong>generatione</strong></span> <span class='ocrx_word' id='word_1_743' title='bbox 3167 4390 3232 4430; x_wconf 82' lang='lat' dir='ltr'><strong>ex</strong></span> <span class='ocrx_word' id='word_1_744' title='bbox 3276 4377 3524 4446; x_wconf 80' lang='lat' dir='ltr'><strong>corpori-</strong></span> 
     </span>
    </p>
   </div>
   <div class='ocr_carea' id='block_1_104' title="bbox 1860 4456 3519 4541">
    <p class='ocr_par' dir='ltr' id='par_1_104' title="bbox 1860 4456 3519 4541">
     <span class='ocr_line' id='line_1_104' title="bbox 1860 4456 3519 4541; baseline -0.001 -15"><span class='ocrx_word' id='word_1_745' title='bbox 1860 4456 1903 4510; x_wconf 77' lang='grc' dir='ltr'><strong>Ῐ)</strong></span> <span class='ocrx_word' id='word_1_746' title='bbox 1933 4473 2038 4526; x_wconf 88' lang='lat' dir='ltr'><strong>bus</strong></span> <span class='ocrx_word' id='word_1_747' title='bbox 2084 4471 2232 4526; x_wconf 90' lang='lat' dir='ltr'><strong>nulla</strong></span> <span class='ocrx_word' id='word_1_748' title='bbox 2271 4468 2487 4524; x_wconf 87' lang='lat' dir='ltr'><strong>arbitrii</strong></span> <span class='ocrx_word' id='word_1_749' title='bbox 2528 4469 2809 4523; x_wconf 80' lang='lat' dir='ltr'><strong>voluntate</strong></span> <span class='ocrx_word' id='word_1_750' title='bbox 2854 4477 3137 4524; x_wconf 83' lang='lat' dir='ltr'><strong>constante</strong></span> <span class='ocrx_word' id='word_1_751' title='bbox 3189 4478 3519 4541; x_wconf 76' lang='lat' dir='ltr'><strong>terrenaque</strong></span> 
     </span>
    </p>
   </div>
   <div class='ocr_carea' id='block_1_105' title="bbox 1935 4559 2712 4640">
    <p class='ocr_par' dir='ltr' id='par_1_105' title="bbox 1935 4559 2712 4640">
     <span class='ocr_line' id='line_1_105' title="bbox 1935 4559 2712 4640; baseline -0.001 -23"><span class='ocrx_word' id='word_1_752' title='bbox 1935 4573 2100 4640; x_wconf 81' lang='lat' dir='ltr'><strong>atque</strong></span> <span class='ocrx_word' id='word_1_753' title='bbox 2128 4562 2365 4626; x_wconf 89' lang='lat' dir='ltr'><strong>mortali,</strong></span> <span class='ocrx_word' id='word_1_754' title='bbox 2401 4559 2712 4622; x_wconf 77' lang='lat' dir='ltr'><strong>damnatur.</strong></span> 
     </span>
    </p>
   </div>
   <div class='ocr_carea' id='block_1_106' title="bbox 1935 4834 3518 4961">
    <p class='ocr_par' dir='ltr' id='par_1_106' title="bbox 1935 4834 3518 4961">
     <span class='ocr_line' id='line_1_106' title="bbox 1935 4834 3518 4961; baseline 0 -71"><span class='ocrx_word' id='word_1_755' title='bbox 1935 4851 2150 4961; x_wconf 51' lang='lat' dir='ltr'><strong>ﬁamur,</strong></span> <span class='ocrx_word' id='word_1_756' title='bbox 2180 4839 2383 4908; x_wconf 86' lang='lat' dir='ltr'><strong>ubique</strong></span> <span class='ocrx_word' id='word_1_757' title='bbox 2425 4836 2689 4892; x_wconf 82' lang='lat' dir='ltr'><strong>Maximus</strong></span> <span class='ocrx_word' id='word_1_758' title='bbox 2729 4844 2852 4914; x_wconf 80' lang='lat' dir='ltr'><strong>post</strong></span> <span class='ocrx_word' id='word_1_759' title='bbox 2887 4834 3050 4917; x_wconf 80' lang='lat' dir='ltr'><strong>Grcg.</strong></span> <span class='ocrx_word' id='word_1_760' title='bbox 3085 4835 3240 4906; x_wconf 78' lang='lat' dir='ltr'><strong>Nyss.</strong></span> <span class='ocrx_word' id='word_1_761' title='bbox 3271 4835 3518 4915; x_wconf 74' lang='lat' dir='ltr'><strong>aliosque</strong></span> 
     </span>
     <span class='ocr_line' id='line_1_107' title="bbox 1989 4908 3517 4961; baseline -0.001 -1"><span class='ocrx_word' id='word_1_762' title='bbox 1989 4923 2155 4961; x_wconf 74' lang='lat' dir='ltr'><strong>rzecos</strong></span> <span class='ocrx_word' id='word_1_763' title='bbox 2184 4909 2485 4961; x_wconf 65' lang='lat' dir='ltr'><strong>theologos.</strong></span> <span class='ocrx_word' id='word_1_764' title='bbox 2517 4921 2581 4960; x_wconf 83' lang='lat' dir='ltr'><strong>ex</strong></span> <span class='ocrx_word' id='word_1_765' title='bbox 2615 4908 2778 4961; x_wconf 83' lang='lat' dir='ltr'><strong>nrinu</strong></span> <span class='ocrx_word' id='word_1_766' title='bbox 2809 4916 3055 4961; x_wconf 77' lang='lat' dir='ltr'><strong>parentis</strong></span> <span class='ocrx_word' id='word_1_767' title='bbox 3083 4915 3517 4961; x_wconf 72' lang='lat' dir='ltr'><strong>transaressuone</strong></span> 
     </span>
    </p>
   </div>
   <div class='ocr_carea' id='block_1_107' title="bbox 1989 4905 3517 4977">
    <p class='ocr_par' dir='ltr' id='par_1_107' title="bbox 1989 4905 3517 4977">
     <span class='ocr_line' id='line_1_108' title="bbox 1989 4905 3517 4977; baseline -0.001 -18"><span class='ocrx_word' id='word_1_768' title='bbox 1989 4923 2155 4962; x_wconf 69' lang='lat' dir='ltr'><strong>neces</strong></span> <span class='ocrx_word' id='word_1_769' title='bbox 2184 4905 2485 4977; x_wconf 71' lang='lat' dir='ltr'><strong>theologos,</strong></span> <span class='ocrx_word' id='word_1_770' title='bbox 2517 4921 2581 4960; x_wconf 84' lang='lat' dir='ltr'><strong>ex</strong></span> <span class='ocrx_word' id='word_1_771' title='bbox 2615 4905 2778 4977; x_wconf 78' lang='lat' dir='ltr'><strong>primi</strong></span> <span class='ocrx_word' id='word_1_772' title='bbox 2809 4905 3517 4977; x_wconf 76' lang='lat' dir='ltr'><strong>parentistransgressione</strong></span> 
     </span>
    </p>
   </div>
   <div class='ocr_carea' id='block_1_108' title="bbox 1938 4975 3514 5042">
    <p class='ocr_par' dir='ltr' id='par_1_108' title="bbox 1938 4975 3514 5042">
     <span class='ocr_line' id='line_1_109' title="bbox 1938 4975 3514 5042; baseline -0.001 -12"><span class='ocrx_word' id='word_1_773' title='bbox 1938 4978 2098 5033; x_wconf 90' lang='lat' dir='ltr'><strong>nobis</strong></span> <span class='ocrx_word' id='word_1_774' title='bbox 2131 4975 2421 5036; x_wconf 81' lang='lat' dir='ltr'><strong>inolevisse</strong></span> <span class='ocrx_word' id='word_1_775' title='bbox 2451 4975 2615 5031; x_wconf 86' lang='lat' dir='ltr'><strong>docet</strong></span> <span class='ocrx_word' id='word_1_776' title='bbox 2649 4993 2664 5027; x_wconf 90' lang='lat'><strong>:</strong></span> <span class='ocrx_word' id='word_1_777' title='bbox 2699 4975 2808 5028; x_wconf 88' lang='lat' dir='ltr'><strong>alio</strong></span> <span class='ocrx_word' id='word_1_778' title='bbox 2845 4975 3253 5042; x_wconf 88' lang='lat' dir='ltr'><strong>multiplicandi</strong></span> <span class='ocrx_word' id='word_1_779' title='bbox 3289 4975 3514 5029; x_wconf 90' lang='lat' dir='ltr'><strong>humani</strong></span> 
     </span>
    </p>
   </div>
   <div class='ocr_carea' id='block_1_109' title="bbox 1935 5045 3516 5115">
    <p class='ocr_par' dir='ltr' id='par_1_109' title="bbox 1935 5045 3516 5115">
     <span class='ocr_line' id='line_1_110' title="bbox 1935 5045 3516 5115; baseline 0 -16"><span class='ocrx_word' id='word_1_780' title='bbox 1935 5048 2156 5115; x_wconf 86' lang='lat' dir='ltr'><strong>generis</strong></span> <span class='ocrx_word' id='word_1_781' title='bbox 2192 5049 2357 5103; x_wconf 89' lang='lat' dir='ltr'><strong>modo</strong></span> <span class='ocrx_word' id='word_1_782' title='bbox 2397 5045 2715 5114; x_wconf 89' lang='lat' dir='ltr'><strong>spiritaliori</strong></span> <span class='ocrx_word' id='word_1_783' title='bbox 2758 5047 2867 5099; x_wconf 78' lang='lat' dir='ltr'><strong>Deo</strong></span> <span class='ocrx_word' id='word_1_784' title='bbox 2906 5060 3015 5098; x_wconf 92' lang='lat' dir='ltr'><strong>non</strong></span> <span class='ocrx_word' id='word_1_785' title='bbox 3060 5045 3275 5113; x_wconf 85' lang='lat' dir='ltr'><strong>ignoto,</strong></span> <span class='ocrx_word' id='word_1_786' title='bbox 3303 5046 3516 5115; x_wconf 72' lang='lat' dir='ltr'><strong>integra</strong></span> 
     </span>
    </p>
   </div>
   <div class='ocr_carea' id='block_1_110' title="bbox 1933 5113 3514 5186">
    <p class='ocr_par' dir='ltr' id='par_1_110' title="bbox 1933 5113 3514 5186">
     <span class='ocr_line' id='line_1_111' title="bbox 1933 5113 3514 5186; baseline -0.003 -15"><span class='ocrx_word' id='word_1_787' title='bbox 1933 5113 2102 5172; x_wconf 75' lang='lat' dir='ltr'><strong>etiam</strong></span> <span class='ocrx_word' id='word_1_788' title='bbox 2143 5113 2442 5186; x_wconf 77' lang='lat' dir='ltr'><strong>parentum</strong></span> <span class='ocrx_word' id='word_1_789' title='bbox 2468 5116 2813 5186; x_wconf 87' lang='lat' dir='ltr'><strong>virginitate;</strong></span> <span class='ocrx_word' id='word_1_790' title='bbox 2847 5131 3011 5184; x_wconf 89' lang='lat' dir='ltr'><strong>quem</strong></span> <span class='ocrx_word' id='word_1_791' title='bbox 3035 5115 3277 5186; x_wconf 80' lang='lat' dir='ltr'><strong>_August.</strong></span> <span class='ocrx_word' id='word_1_792' title='bbox 3311 5113 3514 5186; x_wconf 25' lang='lat' dir='ltr'><strong>fate-tur</strong></span> 
     </span>
    </p>
   </div>
   <div class='ocr_carea' id='block_1_111' title="bbox 1935 5183 3516 5257">
    <p class='ocr_par' dir='ltr' id='par_1_111' title="bbox 1935 5183 3516 5257">
     <span class='ocr_line' id='line_1_112' title="bbox 1935 5183 3516 5257; baseline -0.004 -15"><span class='ocrx_word' id='word_1_793' title='bbox 1935 5203 1993 5242; x_wconf 81' lang='lat' dir='ltr'><strong>se</strong></span> <span class='ocrx_word' id='word_1_794' title='bbox 2041 5183 2312 5257; x_wconf 80' lang='lat' dir='ltr'><strong>ignorare.</strong></span> <span class='ocrx_word' id='word_1_795' title='bbox 2353 5187 2447 5249; x_wconf 85' lang='grc' dir='ltr'>Τὸ,</span> <span class='ocrx_word' id='word_1_796' title='bbox 2482 5183 2876 5256; x_wconf 57' lang='grc' dir='ltr'>ἀπροαίρετον(</span> <span class='ocrx_word' id='word_1_797' title='bbox 2902 5183 3309 5257; x_wconf 5' lang='lat' dir='ltr'><strong>quodpriuvitam</strong></span> <span class='ocrx_word' id='word_1_798' title='bbox 3329 5183 3516 5238; x_wconf 86' lang='lat' dir='ltr'><strong>reddit</strong></span> 
     </span>
    </p>
   </div>
   <div class='ocr_carea' id='block_1_112' title="bbox 1932 5255 3525 5324">
    <p class='ocr_par' dir='ltr' id='par_1_112' title="bbox 1932 5255 3525 5324">
     <span class='ocr_line' id='line_1_113' title="bbox 1932 5255 3525 5324; baseline -0.004 -12"><span class='ocrx_word' id='word_1_799' title='bbox 1932 5255 2115 5320; x_wconf 80' lang='lat' dir='ltr'><strong>Picus,</strong></span> <span class='ocrx_word' id='word_1_800' title='bbox 2141 5273 2249 5311; x_wconf 88' lang='lat' dir='ltr'><strong>non</strong></span> <span class='ocrx_word' id='word_1_801' title='bbox 2281 5257 2415 5312; x_wconf 88' lang='lat' dir='ltr'><strong>satis</strong></span> <span class='ocrx_word' id='word_1_802' title='bbox 2442 5264 2629 5324; x_wconf 89' lang='lat' dir='ltr'><strong>aptum</strong></span> <span class='ocrx_word' id='word_1_803' title='bbox 2658 5275 2670 5308; x_wconf 90' lang='lat'><strong>:</strong></span> <span class='ocrx_word' id='word_1_804' title='bbox 2701 5268 2860 5310; x_wconf 87' lang='lat' dir='ltr'><strong>sonat</strong></span> <span class='ocrx_word' id='word_1_805' title='bbox 2881 5257 3025 5312; x_wconf 90' lang='lat' dir='ltr'><strong>enim</strong></span> <span class='ocrx_word' id='word_1_806' title='bbox 3052 5255 3143 5310; x_wconf 88' lang='lat' dir='ltr'><strong>illa</strong></span> <span class='ocrx_word' id='word_1_807' title='bbox 3166 5270 3270 5307; x_wconf 80' lang='lat' dir='ltr'><strong>vox</strong></span> <span class='ocrx_word' id='word_1_808' title='bbox 3293 5262 3525 5324; x_wconf 82' lang='lat' dir='ltr'><strong>contra-_</strong></span> 
     </span>
    </p>
   </div>
   <div class='ocr_carea' id='block_1_113' title="bbox 1933 5322 3515 5408">
    <p class='ocr_par' dir='ltr' id='par_1_113' title="bbox 1933 5322 3515 5408">
     <span class='ocr_line' id='line_1_114' title="bbox 1933 5322 3515 5408; baseline -0.002 -28"><span class='ocrx_word' id='word_1_809' title='bbox 1933 5328 2070 5408; x_wconf 79' lang='lat' dir='ltr'><strong>riam</strong></span> <span class='ocrx_word' id='word_1_810' title='bbox 2107 5322 2537 5408; x_wconf 63' lang='lat' dir='ltr'><strong>voluntatemet</strong></span> <span class='ocrx_word' id='word_1_811' title='bbox 2573 5336 3000 5408; x_wconf 65' lang='lat' dir='ltr'><strong>repugnantem,</strong></span> <span class='ocrx_word' id='word_1_812' title='bbox 3033 5340 3158 5408; x_wconf 80' lang='lat' dir='ltr'><strong>cum</strong></span> <span class='ocrx_word' id='word_1_813' title='bbox 3192 5340 3295 5379; x_wconf 79' lang='lat' dir='ltr'><strong>vox</strong></span> <span class='ocrx_word' id='word_1_814' title='bbox 3327 5322 3515 5403; x_wconf 71' lang='lat' dir='ltr'><strong>Graeca</strong></span> 
     </span>
    </p>
   </div>
   <div class='ocr_carea' id='block_1_114' title="bbox 1931 5396 3515 5462">
    <p class='ocr_par' dir='ltr' id='par_1_114' title="bbox 1931 5396 3515 5462">
     <span class='ocr_line' id='line_1_115' title="bbox 1931 5396 3515 5462; baseline -0.002 -12"><span class='ocrx_word' id='word_1_815' title='bbox 1931 5399 2109 5452; x_wconf 93' lang='lat' dir='ltr'><strong>solum</strong></span> <span class='ocrx_word' id='word_1_816' title='bbox 2157 5397 2343 5453; x_wconf 75' lang='lat' dir='ltr'><strong>liberae</strong></span> <span class='ocrx_word' id='word_1_817' title='bbox 2385 5396 2683 5461; x_wconf 81' lang='lat' dir='ltr'><strong>voluntatis</strong></span> <span class='ocrx_word' id='word_1_818' title='bbox 2727 5396 2875 5450; x_wconf 86' lang='lat' dir='ltr'><strong>dicat</strong></span> <span class='ocrx_word' id='word_1_819' title='bbox 2914 5396 3254 5459; x_wconf 87' lang='lat' dir='ltr'><strong>absentiam,</strong></span> <span class='ocrx_word' id='word_1_820' title='bbox 3291 5396 3515 5462; x_wconf 84' lang='lat' dir='ltr'><strong>opposi-</strong></span> 
     </span>
    </p>
   </div>
   <div class='ocr_carea' id='block_1_115' title="bbox 1933 5463 3520 5545">
    <p class='ocr_par' dir='ltr' id='par_1_115' title="bbox 1933 5463 3520 5545">
     <span class='ocr_line' id='line_1_116' title="bbox 1933 5463 3520 5545; baseline -0.001 -25"><span class='ocrx_word' id='word_1_821' title='bbox 1933 5469 2082 5545; x_wconf 74' lang='lat' dir='ltr'><strong>tione</strong></span> <span class='ocrx_word' id='word_1_822' title='bbox 2121 5467 2188 5545; x_wconf 29' lang='lat' dir='ltr'><strong>and</strong></span> <span class='ocrx_word' id='word_1_823' title='bbox 2223 5467 2527 5543; x_wconf 86' lang='lat' dir='ltr'><strong>spiritalem</strong></span> <span class='ocrx_word' id='word_1_824' title='bbox 2564 5468 2974 5545; x_wconf 68' lang='lat' dir='ltr'><strong>generationem</strong></span> <span class='ocrx_word' id='word_1_825' title='bbox 3016 5463 3520 5545; x_wconf 47' lang='lat' dir='ltr'><strong>mra-aposipeaw</strong></span> 
     </span>
    </p>
   </div>
   <div class='ocr_carea' id='block_1_116' title="bbox 1933 5533 3514 5608">
    <p class='ocr_par' dir='ltr' id='par_1_116' title="bbox 1933 5533 3514 5608">
     <span class='ocr_line' id='line_1_117' title="bbox 1933 5533 3514 5608; baseline -0.002 -19"><span class='ocrx_word' id='word_1_826' title='bbox 1933 5539 1990 5589; x_wconf 82' lang='grc' dir='ltr'>ἐν</span> <span class='ocrx_word' id='word_1_827' title='bbox 2030 5533 2319 5604; x_wconf 73' lang='grc' dir='ltr'>πνεύματιο</span> <span class='ocrx_word' id='word_1_828' title='bbox 2355 5553 2471 5608; x_wconf 78' lang='lat' dir='ltr'><strong>qua:</strong></span> <span class='ocrx_word' id='word_1_829' title='bbox 2503 5533 2761 5592; x_wconf 52' lang='lat' dir='ltr'><strong>ex&#39;liber:</strong></span> <span class='ocrx_word' id='word_1_830' title='bbox 2795 5536 3064 5591; x_wconf 69' lang='lat' dir='ltr'><strong>minutam</strong></span> <span class='ocrx_word' id='word_1_831' title='bbox 3099 5533 3514 5608; x_wconf 69' lang='lat' dir='ltr'><strong>e§t_in_spiritu,</strong></span> 
     </span>
    </p>
   </div>
   <div class='ocr_carea' id='block_1_117' title="bbox 1976 5604 3516 5675">
    <p class='ocr_par' dir='ltr' id='par_1_117' title="bbox 1976 5604 3516 5675">
     <span class='ocr_line' id='line_1_118' title="bbox 1976 5604 3516 5675; baseline -0.002 -14"><span class='ocrx_word' id='word_1_832' title='bbox 1976 5625 2043 5662; x_wconf 86' lang='lat' dir='ltr'><strong>na</strong></span> <span class='ocrx_word' id='word_1_833' title='bbox 2074 5608 2287 5663; x_wconf 90' lang='lat' dir='ltr'><strong>scilicet</strong></span> <span class='ocrx_word' id='word_1_834' title='bbox 2315 5604 2596 5664; x_wconf 82' lang='lat' dir='ltr'><strong>nascimur</strong></span> <span class='ocrx_word' id='word_1_835' title='bbox 2628 5625 2658 5663; x_wconf 90' lang='lat' dir='ltr'><strong>a</strong></span> <span class='ocrx_word' id='word_1_836' title='bbox 2693 5608 2838 5672; x_wconf 90' lang='lat' dir='ltr'><strong>Deo,</strong></span> <span class='ocrx_word' id='word_1_837' title='bbox 2866 5613 2927 5660; x_wconf 90' lang='lat' dir='ltr'><strong>ut</strong></span> <span class='ocrx_word' id='word_1_838' title='bbox 2957 5607 3076 5675; x_wconf 85' lang='lat' dir='ltr'><strong>ejus</strong></span> <span class='ocrx_word' id='word_1_839' title='bbox 3108 5604 3205 5659; x_wconf 89' lang='lat' dir='ltr'><strong>filii</strong></span> <span class='ocrx_word' id='word_1_840' title='bbox 3240 5605 3412 5660; x_wconf 87' lang='lat' dir='ltr'><strong>simus</strong></span> <span class='ocrx_word' id='word_1_841' title='bbox 3451 5618 3516 5658; x_wconf 87' lang='lat' dir='ltr'><strong>ac</strong></span> 
     </span>
    </p>
   </div>
   <div class='ocr_carea' id='block_1_118' title="bbox 1975 5678 3229 5740">
    <p class='ocr_par' dir='ltr' id='par_1_118' title="bbox 1975 5678 3229 5740">
     <span class='ocr_line' id='line_1_119' title="bbox 1975 5678 3229 5740; baseline -0.002 -6"><span class='ocrx_word' id='word_1_842' title='bbox 1975 5679 2014 5734; x_wconf 87' lang='lat' dir='ltr'><strong>ii</strong></span> <span class='ocrx_word' id='word_1_843' title='bbox 2044 5680 2157 5740; x_wconf 82' lang='lat' dir='ltr'><strong>Deo</strong></span> <span class='ocrx_word' id='word_1_844' title='bbox 2187 5678 2416 5734; x_wconf 88' lang='lat' dir='ltr'><strong>similes.</strong></span> <span class='ocrx_word' id='word_1_845' title='bbox 3227 5683 3229 5686; x_wconf 82' lang='grc'><em>’</em></span> 
     </span>
    </p>
   </div>
  </div>
