3922 6348
211 285 371 359 1397
1214 300 1704 373 QU/ESTIONES
1743 304 1841 364 AD
1880 304 2467 367 THEOPEMPTUM.
3339 308 3483 373 1398‘

215 409 874 481 ροντοςὲνδομυχοῦσαν,
904 413 997 465 καὶ
1038 406 1150 467 οἷον
1197 416 1513 479 αἰκίζονσάν
1550 433 1607 469 τε
1645 435 1764 470 συνε

1932 427 2057 474 ηοειο
2082 431 2209 475 sunt
2237 436 2299 474 ac
2325 419 2488 475 ollicii
2520 418 2864 485 ohduralior,
2891 434 3011 489 quas
3041 435 3109 475 ex
3135 420 3481 477 diuturniore

212 502 346 574 χῶς
379 502 468 555 καὶ
488 502 803 573 διοχλοῦσαν
831 504 929 575 τὴν
955 504 1183 574 βάσανον
1213 524 1227 536 ⁸
1253 508 1357 570 ἕως
1395 507 1457 559 λυ
1467 509 1702 579 μῄνηται
1732 527 1758 560 τ

1945 509 2093 563 abitu
2123 509 2378 575 inolevit;
2423 509 2552 563 dum
2594 508 2685 563 illa
2715 510 2864 563 intus
2901 509 3078 566 latens
3117 524 3181 564 ac
3224 509 3483 564 continue

213 594 331 664 τὴν
384 593 564 664 ψυχὴν
609 580 980 666 λυμαινόμενα
1017 597 1187 668 πάθη,
1225 599 1291 652 δι’
1324 600 1677 670 ἐγκρατείας,
1708 619 1762 654 κς

1939 602 2054 656 elut
2087 602 2365 673 ﬂagellans
2414 601 2781 672 iugruensque
2821 601 3107 657 molestius
3150 611 3482 657 tormentum

212 686 329 754 τῆς
364 685 499 756 πρὸς
540 686 608 738 τὰ
643 686 777 755 μέλη
808 689 919 757 τῆς
942 690 1141 759 σαρκὸς
1174 692 1420 746 ἑκουσίου
1457 694 1761 764 νεκρὼσεως

1937 706 2049 745 arre
2078 706 2186 744 non
2214 701 2394 761 potest
2421 709 2431 743 :
2460 689 2703 763 quandiu
2734 690 2993 745 nimirum
3022 692 3250 747 allectus
3272 692 3486 751 ac,lihi-

216 774 371 831 Εἶτα
409 779 504 830 καὶ
529 778 666 849 πρὸς
688 780 1006 850 ἀγχιστείαν
1037 783 1202 835 αὑτοῦ
1231 783 1322 837 τοῦ
1354 785 1511 853 λόγου
1544 786 1611 839 δι’
1646 788 1765 840 εὐσε

1937 782 2089 847 lines,
2131 784 2365 838 animam
2401 783 2834 854 pessumdautes,
2864 800 2962 853 per
2997 784 3389 838 continentiam
3422 799 3486 839 ac

217 869 415 932 ὄείας,
449 872 543 924 καὶ
577 872 675 941 τῆς
705 872 834 943 λιτιερδ⁷
881 874 947 925 τὰ
982 875 1215 946 κρείττω
1244 877 1577 948 τελεωτέρας
1607 878 1766 948 ἁγάγι

1941 882 2105 943 ponte
2135 878 2465 944 assUmptam
2506 875 2878 928 membrorum
2907 875 3087 930 carnis
3113 874 3488 929 mortiﬁcatio-

220 966 480 1036 σπουδῆς
505 984 519 999 ’
552 963 632 1030 οἷς
661 970 909 1036 φυσικῶς
944 971 1381 1041 ἐνεργουμένοις,
1414 972 1479 1024 τὰ
1501 971 1678 1024 οἰκεῖα
1713 988 1769 1024 κο

1941 981 2073 1029 rem,
2122 980 2231 1018 non
2278 965 2747 1034 pessumdederit;
2790 964 3096 1034 exindeque
3150 965 3215 1021 ad
3263 964 3490 1019 rationis

220 1059 484 1130 ιιτικτρικὲι
517 1078 588 1113 πα
602 1062 898 1130 ρσιϐἐιλλων,
939 1066 966 1117 ὁ
996 1065 1147 1134 ὑπὲρο
1162 1064 1345 1118 οὐσίαν
1374 1065 1465 1117 καὶ
1495 1064 1655 1132 φύσιν
1677 1062 1769 1116 Θεδ

1937 1059 2085 1129 psius
2108 1059 2594 1125 necessitudinem,
2614 1059 2832 1129 pietatis
2859 1060 3008 1114 cultu
3042 1057 3486 1128 diligentiorique

223 1154 447 1223 Κύριος
505 1154 663 1223 ἡμῶν
705 1155 915 1223 Ἰησοῦς
957 1155 1210 1225 Χριστὸς,
1260 1157 1320 1207 '0
1347 1155 1401 1206 δὲ
1431 1155 1575 1220 Θεὸς
1606 1156 1677 1208 οὐ
1719 1173 1772 1224 μ’

1935 1164 2077 1217 ψει-ει
2100 1164 2228 1219 erga
2248 1165 2310 1203 ea
2337 1165 2457 1219 qua:
2480 1149 2698 1203 virtutis
2720 1158 2866 1213 sunt,
2892 1149 3203 1218 provexerit
3229 1165 3241 1201 :
3265 1147 3484 1217 quibus,

221 1244 497 1312 ποιήσῃ,
526 1247 683 1313 φησι,
724 1245 837 1312 τὴν
874 1244 1187 1312 ἐκδίκησιν
1210 1244 1392 1314 ὑμῶν,
1423 1245 1488 1297 δι’
1521 1244 1654 1314 ἐμοῦ
1683 1263 1770 1314 σαι

1939 1241 2040 1294 lum
2075 1240 2154 1294 sic
2182 1249 2375 1294 natura
2407 1251 2753 1310 prmstantur,
2782 1257 2878 1294 sua
2909 1249 3244 1310 paternaque
3276 1239 3488 1294 assimi-

225 1337 526 1400 κωθέντος,
556 1338 647 1390 καὶ
680 1337 776 1408 τὴν
799 1338 893 1391 τοῦ
917 1338 1243 1407 καθαιρέτου
1268 1338 1363 1407 τῆς
1393 1338 1607 1406 φύσεως
1628 1354 1774 1390 ποιου

1941 1347 2052 1394 ans,
2083 1331 2176 1400 qui
2219 1331 2454 1385 essentia
2500 1338 2800 1400 naturaque
2832 1332 2974 1386 Deus
3003 1332 3266 1385 Dominus
3308 1340 3490 1383 uester

228 1430 405 1497 μένου
450 1429 774 1498 καθαίρεσιν
802 1446 815 1495 ;

1945 1440 2069 1478 esus
2097 1423 2352 1478 Christus
2378 1425 2629 1492 superior
2657 1434 2760 1489 est,
2792 1425 2946 1489 Deus,
2978 1424 3175 1494 inquit,
3200 1424 3366 1495 638
3387 1437 3490 1474 non

226 1516 395 1585 faciet
421 1516 959 1570 vestrivindictam’:
988 1530 1192 1585 perme
1217 1515 1445 1580 scilicet,
1473 1514 1566 1587 qui
1626 1528 1847 1570 carnem
1885 1514 2296 1583 assumpserim,
2366 1522 2421 1568 et
2464 1513 2555 1583 qui
2598 1530 2721 1567 eum
2762 1515 3062 1580 destruam,
3107 1515 3199 1585 qui
3238 1524 3490 1569 naturam

225 1605 535 1660 destruxit.
1744 1606 1747 1609 λ

308 1693 471 1748 οὕτω
501 1694 600 1764 μὲν
627 1693 720 1749 οὖν
745 1697 811 1749 τὰ
847 1698 969 1767 περὶ
1000 1696 1190 1751 τούτου
1225 1696 1498 1768 διεξῆλθον
1530 1695 1807 1766 ὲπιτόμως
1840 1702 1857 1756 1

1980 1693 2179 1765 Sicque
2227 1696 2364 1751 adeo
2407 1712 2527 1766 quze
2572 1697 2681 1751 huc
2729 1706 2976 1765 spectant
3023 1698 3125 1753 sub
3167 1699 3494 1768 compendio

227 1784 373 1852 ἐγὼ,
419 1785 543 1837 καθ’
568 1786 690 1838 ὅσον
741 1787 800 1839 τὸ
845 1786 1126 1857 ἐγχωροῦν
1194 1789 1295 1859 τῆς
1333 1789 1569 1852 διανοίας
1616 1789 1776 1859 μὲι-ρο

1950 1784 2188 1849 narravi,
2220 1796 2486 1854 quantum
2536 1800 2635 1853 pro
2689 1784 2854 1837 animi
2900 1786 3121 1840 modulo
3166 1787 3381 1856 assequi
3424 1788 3494 1840 li-

229 1878 556 1946 ὲπ-ήρκεσεν
590 1896 603 1909 ο
631 1880 678 1931 εί
703 1882 795 1933 καὶ
824 1880 1000 1943 ἄλλως
1035 1881 1185 1934 ἄλλοι
1216 1880 1304 1935 τὸν
1342 1882 1506 1933 τόπον
1543 1881 1778 1951 κατανοή

1950 1874 2050 1939 uit,
2083 1876 2184 1930 etsi
2230 1876 2320 1928 alii
2355 1882 2479 1929 enm
2514 1875 2693 1929 locum
2729 1874 2887 1930 aliter
2924 1878 3337 1942 intellexerunt;
3366 1894 3493 1947 par-

231 1985 439 2030 σαντες
470 1987 482 1999 ·
515 1971 564 2022 οξ
619 1971 719 2039 μὲν
774 1973 853 2033 είς
892 1973 1128 2042 Χριστόν
1163 1989 1174 2003 ·
1202 1974 1251 2025 οἱ
1291 1973 1346 2026 δὲ
1378 1972 1703 2043 τοῦμπαλιν,
1737 1974 1780 2024 εί

1943 1966 2126 2036 imque
2156 1966 2223 2021 de
2267 1967 2509 2033 Christo,
2541 1966 2743 2038 partim
2790 1978 2980 2023 contra
3024 1970 3093 2023 de
3135 1970 3492 2036 Antichristo,

229 2058 335 2110 τὸν
379 2058 751 2130 Ἀντίχριστον
799 2061 1137 2133 ἐξειλήφασι.
1174 2064 1301 2127 Δέος
1357 2063 1413 2116 δέ
1448 2081 1539 2132 μοι
1582 2064 1743 2127 νοεῖν,

1943 2059 2170 2113 nonnulli
2209 2068 2602 2129 exposuerunt.
2634 2060 2817 2113 Metuo
2850 2067 3027 2114 tamen
3064 2077 3129 2115 ac
3160 2062 3492 2126 absterreor,

231 2147 429 2216 λέγειν
473 2152 710 2221 ἑκάτερα
741 2167 754 2182 °
794 2153 855 2205 τὺ
912 2154 1031 2224 μὲν,
1061 2154 1138 2219 ὡς
1192 2155 1523 2225 ἀσύγκριτον
1560 2172 1571 2184 ·
1600 2154 1659 2206 οὐ
1708 2153 1779 2223 γά

1945 2166 1987 2205 te
2035 2152 2309 2205 utrumvis
2358 2162 2452 2205 aut
2501 2151 2820 2221 intelligam,
2870 2160 2963 2205 aut
3011 2153 3231 2227 dicam:
3266 2156 3494 2209 alterum

240 2237 420 2306 μείων
481 2241 580 2309 μὲν
631 2242 760 2294 Υἱοῦ
789 2258 802 2273 ·
840 2244 1043 2313 μείζων
1096 2245 1151 2298 δὲ
1179 2244 1416 2312 Πατρδς,
1512 2244 1789 2312 ἐκδίκησις

1948 2243 2163 2313 ίιιὶιιριιι,
2188 2243 2333 2314 quod
2356 2259 2571 2297 omnem
2611 2253 2829 2313 respuat
2866 2245 3357 2313 comparationem;
3386 2261 3497 2300 non

234 2329 274 2400 ἥ
319 2331 386 2382 Et‘
419 2330 603 2397 ἄλλου,
634 2334 727 2387 καὶ
770 2335 903 2405 ἄλλη
954 2336 1015 2388 τὸ
1068 2336 1306 2403 σύνολον,
1346 2336 1481 2407 πλὴν
1520 2334 1613 2389 τοῦ
1663 2334 1783 2388 Υίοί

1953 2336 2066 2388 nim
2096 2336 2279 2390 minor
2320 2337 2542 2405 quidem
2572 2334 2717 2399 Filii,
2756 2338 2929 2405 major
2958 2345 3142 2391 autem
3178 2338 3352 2391 Patris
3375 2340 3496 2392 vin-

238 2422 360 2473 Καὶ
400 2421 516 2486 πῶς
549 2424 640 2476 ἐπὶ
670 2425 771 2494 τῆς,
806 2426 975 2496 αὐτῆς
1012 2430 1378 2500 συγκριτικῶς
1428 2445 1579 2499 φησι,
1614 2428 1707 2490 τὸ,
1758 2428 1787 2478 ’⁴

1947 2428 2064 2481 Iicta
2096 2436 2206 2494 est;
2243 2436 2337 2481 aut
2366 2445 2464 2496 per
2493 2428 2681 2491 alium,
2715 2437 2877 2497 atque
2909 2430 3011 2483 alia
3057 2446 3303 2499 prorsus,
3335 2447 3496 2500 quam

237 2511 313 2565 δὲ
342 2513 507 2579 Θεὸς,
531 2516 714 2585 φησιν,
758 2521 828 2572 οὐ
859 2522 1099 2586 ποιήσει
1131 2521 1246 2591 τὴν
1270 2522 1589 2588 ἐκδίκησιν
1610 2521 1777 2590 ὑμῶν

1949 2517 2067 2582 Γὶιὶἱ,
2103 2525 2199 2572 aut
2234 2530 2333 2585 per
2363 2518 2582 2573 Filium.
2612 2518 2855 2584 Quanam
2881 2533 3011 2572 vero
3042 2520 3272 2579 ratione,
3306 2520 3498 2573 eadem

239 2604 322 2656 Οὐ
364 2604 472 2673 γὰρ
506 2605 616 2677 ἔχει
662 2607 847 2678 χώραν
872 2626 883 2640 '
921 2610 1240 2683 ῆδιάφορος
1280 2613 1497 2675 πάντως
1535 2612 1785 2681 δειχθήσε

1950 2624 2047 2663 ηιιιιι
2072 2609 2165 2673 sit,
2192 2610 2345 2677 quasi
2370 2624 2468 2678 per
2493 2609 2957 2680 comparationem
2981 2610 3134 2672 dicit,
3162 2610 3297 2665 szs
3324 2619 3499 2664 autem

238 2712 380 2759 ται,
426 2698 517 2750 καὶ
573 2700 709 2767 μετὰ
756 2700 853 2771 τῆς
891 2703 1103 2770 φύσεως
1149 2705 1208 2757 οὑ
1255 2703 1560 2774 δυναμένης
1601 2703 1660 2757 τὸ
1706 2700 1787 2756 ῐσο

1949 2716 2028 2755 ton
2058 2701 2213 2770 faciet
2237 2702 2523 2755 vindictam
2547 2704 2705 2756 vestri
2725 2703 2749 2755 ?
2769 2702 2888 2757 Non
2921 2702 3068 2757 enim
3100 2702 3265 2756 habet
3294 2702 3498 2764 locum,

240 2787 386 2858 δρᾷν
411 2804 425 2819 ·
452 2791 541 2843 καὶ
569 2791 655 2845 διὰ
684 2792 841 2846 τοῦτο
890 2792 1075 2846 λοιπὸν
1094 2834 1108 2857 ,
1135 2796 1193 2847 οὑ
1232 2794 1672 2866 συντασσομένης
1705 2811 1718 2824 ·
1751 2797 1789 2847 ei

1952 2804 2019 2850 ut
2045 2794 2270 2849 omnino
2296 2795 2548 2850 diversus
2576 2795 2995 2860 monmrabitur,
3031 2809 3204 2863 eaque
3237 2793 3501 2863 praeditus

241 2879 576 2950 κονιζούσης
607 2882 663 2934 δὲ
694 2883 875 2952 μόνον,
908 2885 983 2947 ὡς
1011 2883 1424 2955 ὑπερκειμένην
1439 2926 1454 2951 ,
1485 2885 1586 2955 τὴν
1620 2884 1788 2955 ὑπερέ

1952 2892 2141 2949 natura,
2176 2900 2298 2955 quae
2346 2885 2495 2941 idem
2540 2894 2800 2956 praestare
2844 2901 2955 2941 non
3002 2887 3218 2956 possit:
3272 2902 3501 2956 qumque

243 2987 476 3041 χουσαν.
499 2973 570 3025 Τὸ
592 2972 669 3034 δὲ,
702 2973 776 3037 ὡς
804 2974 1124 3029 ἁνέκδεκτον
1163 2976 1255 3029 καὶ
1295 2977 1594 3047 ἀμήχανον,
1622 2977 1684 3030 τὺ
1720 2994 1791 3030 κα

1950 2977 2065 3032 ideo
2089 2978 2337 3048 ejusdem
2368 2978 2593 3041 minime
2622 2979 2837 3033 ordinis
2869 2979 2973 3043 sit;
3010 2979 3105 3033 sed
3144 2994 3265 3047 quae
3292 2978 3499 3032 solum-

241 3062 341 3114 λὸν
393 3064 566 3115 ποιεῖν
608 3064 697 3117 τὸν
728 3066 928 3128 κακίας
973 3067 1198 3139 εὑρετὴν
1224 3069 1321 3122 καὶ
1353 3069 1670 3125 διδάσκαλον
1698 3086 1714 3101 ⁸
1740 3074 1790 3122 Ον

1952 3027 2058 3032 τ---
2096 3027 2337 3048 qun--—
2630 3027 2835 3033 ---η-η
2869 3027 2972 3043 ---,
3012 3027 3105 3033 τη
3148 3027 3263 3047 ςιηη
3293 3027 3468 3032 -ρ---ν-

1952 3067 2089 3129 nodo
2141 3077 2403 3137 tanquam
2455 3069 2787 3123 eminentem
2841 3069 3134 3123 simulacro
3180 3068 3382 3122 referat
3438 3082 3501 3122 ac

242 3154 363 3223 γὰρ
397 3154 666 3218 δύναται,
698 3159 851 3227 φησι,
880 3157 1132 3226 δένδρον
1165 3160 1405 3228 σαπρὸν
1426 3162 1692 3230 καρποὺς
1718 3179 1791 3216 κα

1952 3167 2302 3228 eprtesentet,
2323 3176 2444 3215 eam
2465 3175 2587 3229 qtue
2605 3159 2890 3229 praecellit.
2913 3160 3158 3215 Alterum
3180 3175 3333 3223 vero,
3355 3161 3501 3228 quod

242 3244 406 3310 ,τοὺς
471 3248 699 3301 ποιεῖν’
733 3250 895 3302 καλὸν
947 3250 1002 3302 δὲ
1135 3252 1435 3321 ἐκδίκησις,
1469 3252 1563 3307 καὶ
1604 3253 1665 3307 τὸ
1724 3253 1791 3323 τὴ

1956 3248 2081 3303 tullo
2120 3248 2284 3304 modo
2327 3247 2727 3306 admitLEndum
2774 3251 2873 3315 sit,
2914 3264 3095 3320 neque
3127 3264 3214 3304 res
3246 3250 3407 3315 ferat,
3444 3260 3505 3305 ut

243 3337 476 3408 ὄχλησιν
507 3340 861 3407 ἀφοσιοῦσθαι
892 3341 1121 3407 δεόντως
1160 3343 1252 3397 τοῦ
1304 3344 1777 3415 προσπελάζοντος

1953 3347 2119 3394 luctor
2143 3339 2365 3396 malitiae
2396 3350 2453 3395 et
2484 3340 2739 3395 inventor
2771 3340 3093 3410 doetorque,
3126 3341 3327 3394 bonum
3363 3355 3502 3408 prie—

244 3429 281 3500 ἤ
312 3430 488 3501 τούτῳ
516 3432 955 3503 παραϐάλλεσθαι
991 3436 1171 3505 τυχὸν,
1195 3436 1223 3489 ὃ
1249 3437 1322 3506 μὴ
1353 3435 1513 3506 θέμις
1532 3480 1545 3503 ,
1580 3437 1669 3489 τὸν
1712 3438 1793 3490 Πα

1959 3439 2074 3486 tare
2109 3430 2457 3487 existimetur
2495 3448 2509 3485 :
2552 3431 2670 3486 Non
2701 3434 2863 3495 enim,
2908 3432 3110 3502 inquit,
3147 3440 3311 3502 potest
3348 3432 3506 3486 arbor

244 3522 408 3593 τέρα,
442 3523 535 3575 καὶ
565 3523 742 3595 πάσης
772 3526 973 3597 ἀρετῆς
1001 3528 1095 3580 καὶ
1128 3526 1274 3598 ζωῆς
1300 3526 1535 3598 χορηγὸν
1564 3525 1624 3591 ἐξ
1660 3528 1792 3581 Υίοῦ

1957 3522 2076 3578 nata
2105 3525 2305 3593 fructus
2332 3524 2491 3579 bona:
2520 3524 2694 3595 facere
2721 3525 2772 3591 ⁶;
2801 3524 3039 3579 vindicta
3073 3533 3255 3578 autem
3300 3523 3506 3578 bonum

245 3616 349 3668 καὶ
386 3613 561 3668 ταῦτα
612 3616 935 3685 μονογενοῦς
960 3657 973 3679 ,
1004 3619 1095 3672 καὶ
1136 3621 1253 3673 ἴσου
1290 3623 1389 3692 τὴν
1422 3624 1584 3692 φύσιν
1607 3624 1703 3677 καὶ
1728 3623 1794 3693 τὴ

1957 3624 2033 3680 st,
2074 3617 2332 3687 justeque
2360 3632 2589 3672 munere
2634 3632 2731 3672 seu
2772 3617 3074 3681 iunctione,
3104 3615 3506 3687 interpellantis

248 3707 591 3776 ἁγαθότητα.
624 3710 696 3760 Οὔ
731 3710 841 3778 γὰρ
868 3711 936 3763 τὰ
971 3710 1113 3765 καλὰ
1161 3711 1248 3766 διὰ
1269 3713 1378 3767 τῶν
1408 3714 1594 3767 κακῶν
1632 3716 1797 3784 μηνύε

1957 3708 2238 3762 nolestiam
2280 3708 2552 3763 redimere
2585 3724 2649 3764 ac
2680 3708 2985 3777 depellere.
3006 3712 3114 3763 Aut
3141 3709 3279 3764 forte
3309 3717 3370 3763 ut
3393 3708 3506 3762 An-

251 3799 380 3851 σθαι
437 3800 701 3867 πέφυκεν,
744 3800 931 3871 ῶσπερ
964 3804 1083 3856 οὐδὲ
1125 3804 1213 3857 διὰ
1251 3806 1474 3868 σκότους
1526 3808 1586 3858 τὸ
1621 3807 1757 3873 φῶς,
1793 3813 1800 3836 ε

1957 3796 2183 3857 ichristo
2218 3798 2384 3865 (quod
2430 3798 2604 3869 nefas)
2645 3800 2863 3852 Patrem
2899 3801 3133 3854 similem
3177 3808 3506 3865 asseramus,

252 3885 491 3939 Θανάτου
522 3890 633 3959 ζωή
664 3907 676 3920 ·
716 3893 809 3943 καὶ
860 3893 954 3944 τοῦ
1001 3894 1266 3964 μηδαμῶς
1302 3895 1476 3959 ὄντος,
1512 3896 1573 3949 τὸ
1618 3897 1801 3950 ὅν.μΚα

1961 3900 2032 3943 μοι·
2060 3887 2283 3952 Filium,
2326 3887 2495 3957 idque
2543 3888 2887 3958 unigenitum
2934 3892 3163 3958 parique
3217 3900 3411 3945 natura
3446 3906 3510 3945 ac

252 3979 319 4033 οὐ
349 3979 490 4046 λέγω
533 3982 706 4034 ταῦτα
753 3984 886 4054 πρὸς
913 3985 1010 4055 τὴν
1036 3987 1260 4040 ἐκείνων
1290 3986 1547 4057 ἀθέτησιν
1584 4004 1600 4020 ·
1637 3989 1801 4060 ἔχομα

1957 3980 2199 4044 ionitate,
2223 3979 2443 4035 virtutis
2467 3979 2646 4035 omnis
2667 3995 2730 4034 ac
2751 3982 2877 4036 vita:
2896 3989 3195 4035 auctorem.
3217 3982 3338 4036 Non
3361 3984 3506 4035 enim

255 4068 369 4138 γὰρ
400 4071 489 4121 καὶ
516 4072 811 4142 ἀντέχομαι
846 4074 989 4143 ζωῆς
1026 4076 1186 4127 πλέον
1216 4116 1231 4141 ,
1262 4076 1362 4144 τῆς
1418 4077 1525 4129 τῶν
1574 4079 1801 4149 φαμένω

1961 4078 2130 4129 latura
2159 4080 2551 4140 comparatum,
2574 4080 2637 4126 ut
2660 4072 2801 4125 bona
2830 4078 2885 4126 et
2907 4071 3157 4137 honesta,
3177 4086 3368 4126 eorum
3389 4087 3510 4141 qua:

255 4159 610 4225 διδασκαλίας
632 4182 644 4193 ·
679 4164 814 4217 ἀλλὰ
842 4165 901 4217 τὸ
924 4168 1123 4221 οἰκεῖον
1159 4169 1382 4239 μέτριον
1405 4169 1472 4223 δι’
1503 4169 1680 4241 ἄκραν
1722 4172 1804 4224 δει

1960 4164 2076 4219 uale
2106 4170 2255 4227 sunt,
2283 4170 2411 4234 typo
2437 4163 2825 4233 designentur;
2856 4163 3001 4217 sicut
3027 4178 3204 4231 neque
3228 4172 3289 4217 ut
3324 4165 3509 4218 lumen

258 4252 385 4307 λίαν
417 4254 864 4324 ἀσφαλιζόμενος.
897 4258 1006 4328 Τὴν
1035 4258 1093 4311 δὲ
1126 4259 1431 4328 ἀνάγνωσιν
1468 4260 1561 4315 τοῦ
1596 4261 1806 4315 ὑποπιά

1961 4272 2034 4311 νει·
2065 4257 2344 4320 tenebras,
2368 4272 2433 4310 ac
2457 4272 2553 4326 per
2579 4264 2808 4310 mortem
2831 4255 2969 4321 vita;
2995 4270 3063 4309 eo
3091 4256 3329 4325 denique
3363 4256 3510 4326 quod

260 4342 379 4406 ζειν
407 4345 711 4405 κανονίζειν
765 4347 825 4398 οὐ
874 4348 1083 4417 πρέπον
1114 4349 1256 4419 ἐμοὶ,
1289 4349 1377 4403 διὰ
1405 4352 1505 4421 τὴν
1539 4353 1596 4405 ἐν
1622 4352 1809 4405 τούτοις

1960 4348 2166 4403 ninime
2190 4356 2294 4411 est,
2324 4348 2377 4401 id
2406 4346 2551 4416 quod
2581 4355 2665 4401 est
2690 4344 2974 4415 ﬁguretur.
3008 4345 3194 4415 Neque
3224 4346 3339 4399 haec
3364 4345 3509 4411 dico,

259 4436 576 4507 ἀμαθίαν,ἦ
609 4440 719 4500 τοῖς
747 4439 1079 4508 ἠσκημένοις
1096 4444 1189 4495 καὶ
1214 4444 1416 4515 σπουδῇ
1447 4434 1803 4516 προελομένοι

1962 4450 1995 4495 ιι
2029 4441 2163 4495 viris
2203 4441 2521 4505 detraham;
2563 4454 2687 4494 cum
2726 4454 2915 4494 eorum
2955 4439 3049 4508 qui
3087 4437 3364 4501 dixerunt,
3417 4437 3511 4492 do-

260 4527 364 4595 τὴν
393 4528 708 4581 παίδευσιν·
742 4530 792 4583 οἶ
828 4531 1032 4600 ταύτην
1083 4533 1319 4602 ὀφείλειν
1372 4537 1505 4606 φασὶ
1552 4539 1809 4603 κανονίζεη

1966 4536 2189 4601 trinam,
2222 4534 2339 4604 ipsa
2368 4533 2676 4588 chariorem
2712 4532 2824 4586 vita
2851 4533 3101 4597 habeam,
3135 4532 3229 4587 sed
3276 4539 3337 4585 ut
3378 4546 3512 4585 mea:

264 4618 392 4671 σθαι
450 4618 754 4689 βαρυτόνως
816 4622 1099 4693 μᾶλλον,ἤ
1159 4624 1611 4694 περισπωμένως,
1639 4628 1721 4679 ὅτι
1775 4646 1813 4681 τι

1964 4644 2052 4698 pse
2081 4626 2336 4682 tenuitati
2368 4642 2484 4695 pra:
2512 4640 2723 4679 summa
2759 4623 3055 4678 formidine
3081 4638 3321 4678 caveam.
3353 4623 3513 4677 Vocis

264 4726 398 4779 φασι
426 4710 531 4763 τῶν
564 4713 826 4783 ῥημάτων
852 4713 1002 4767 οὐδὲν
1034 4718 1391 4784 περισπᾶται,
1424 4716 1562 4787 πλὴν
1588 4719 1637 4771 εἱ
1671 4718 1744 4789 μὴ
1767 4721 1813 4774 ἒ)

1963 4728 2123 4775 intem
2161 4718 2501 4781 ὑπωπιάζειν
2541 4723 2798 4771 accentus
2829 4717 3097 4770 rationem
3135 4715 3372 4777 tradere,
3404 4729 3512 4767 non

271 4806 635 4873 συναιρέσεως
691 4805 986 4875 βαρυτόνου
1047 4806 1400 4876 καθέστηκεν.
1451 4808 1525 4871 ὡς
1582 4809 1820 4874 τὸ,νοῶτ

1966 4827 2052 4865 am
2078 4825 2323 4864 mearum
2363 4808 2433 4862 sit
2468 4810 2729 4878 partium,
2761 4808 2832 4862 ob
2868 4823 3134 4862 summam
3176 4807 3244 4862 iis
3272 4808 3327 4861 in
3352 4805 3514 4859 rebus

216 4896 361 4948 ⁷καὶ
429 4896 599 4958 ποιῶ,
655 4898 748 4950 καὶ
812 4897 1017 4967 χρυσῶ,
1098 4898 1189 4951 καὶ
1250 4899 1351 4951 ὃσα
1412 4899 1677 4965 τοιαῦτα,
1731 4918 1765 4970 φ

1968 4902 2241 4965 nscitiam,
2275 4916 2439 4971 quam
2479 4900 2845 4964 eruditorum,
2886 4908 2944 4953 et
2977 4899 3069 4967 qui
3098 4897 3403 4966 disciplinis
3433 4908 3513 4948 sc-

265 4987 535 5041 λάσσοντα
599 4990 695 5042 καὶ
760 4991 895 5044 μετὰ
958 4990 1269 5061 προθέσεως
1342 4991 1434 5043 ἐπὶ
1504 4992 1601 5062 τῆς
1665 4993 1814 5061 αὐτῆς

1965 4994 2075 5048 Iulo
2112 4993 2356 5048 animum
2385 4991 2771 5061 adiunxerunt.
2799 4991 2968 5044 Aiunt
2998 4991 3180 5057 itaque
3213 4990 3292 5042 sic
3324 4988 3514 5041 obser-

266 5080 357 5133 τὸν
386 5082 562 5135 τόνον.
1945 5082 2207 5146 vandum,
2234 5091 2296 5136 ut
2324 5082 2478 5151 gravi
2507 5080 2689 5150 potius
2724 5086 2973 5144 accentu,
3016 5092 3177 5148 quam
3214 5076 3353 5130 nexo
3385 5090 3516 5144 pro-

268 5176 573 5231 nuntietur.
601 5178 823 5232 Nullum
844 5179 992 5234 enim
1016 5179 1246 5234 verbum
1267 5180 1459 5235 dicunt
1484 5180 1863 5245 cireumﬂecti,
1903 5179 2012 5234 nisi
2044 5176 2193 5248 quod
2229 5192 2296 5231 ex
2338 5176 2488 5247 gravi
2524 5192 2624 5246 per
2660 5175 3088 5231 contractionem
3123 5172 3379 5227 eﬁ‘ectum
3410 5171 3515 5242 sit;

273 5276 331 5320 ut
376 5276 503 5321 sunt
545 5268 649 5321 νοῶ
680 5268 850 5336 ποιῶ,
881 5271 1097 5340 χρυσῶ,
1134 5286 1198 5325 ac
1240 5273 1473 5336 similia,
1509 5288 1631 5341 quas
1672 5272 1837 5327 etiam
1877 5288 2001 5326 cum
2036 5269 2411 5341 propositione
2438 5269 2491 5322 in
2518 5270 2707 5324 eadem
2734 5274 3282 5323 servantaccentum.

342 5358 454 5428 Τὴν
482 5361 680 5428 δεξιὰν,
710 5363 957 5431 σιαγόνα,
985 5362 1083 5435 τὴν
1109 5363 1290 5428 δεξιὰν
1323 5366 1521 5437 πρᾶξίν
1548 5384 1713 5436 φημι,
1738 5367 1833 5420 καὶ

2009 5364 2177 5434 639
2198 5364 2486 5417 Dexteram
2518 5364 2794 5417 maxillam
2820 5403 2833 5426 ,
2871 5362 3149 5416 dexteram
3186 5360 3310 5413 dico
3343 5356 3516 5412 actio-

270 5451 403 5522 ὅσην
437 5451 617 5517 ἔνθεος
677 5457 811 5524 ἡμῖν
861 5456 949 5510 διὰ
1001 5457 1109 5510 τῶν
1157 5458 1387 5513 ἐντολῶν
1443 5459 1819 5528 συνιστάμενος

1966 5472 2091 5519 rem,
2127 5464 2184 5510 et
2224 5471 2345 5525 quae
2391 5455 2564 5511 fauste
2598 5454 2779 5521 cedit;
2811 5469 3027 5508 omnem
3062 5452 3323 5519 denique,
3353 5462 3515 5518 quam

273 5541 388 5612 βίος
432 5546 853 5617 χαρακτηρίζει,
902 5549 1273 5621 ῥαπιζομένην
1314 5550 1418 5604 ὑπὸ
1458 5550 1551 5604 τοῦ
1591 5550 1822 5622 πονηροῦ

1967 5548 2126 5603 livina
2171 5548 2332 5603 nobis
2363 5548 2493 5614 vita,
2525 5546 2907 5603 mandatorum
2935 5544 3318 5601 observatione
3356 5539 3516 5609 fulta,

342 5700 362 5731 ⁸
391 5700 520 5757 Luc.
546 5718 696 5769 xviu,
735 5704 787 5755 7.
865 5704 885 5735 ⁸
912 5704 1099 5759 Matth.
1132 5719 1221 5770 vn,
1257 5705 1337 5760 18.
