3922 6348
157 312 326 382 1405

1342 314 1519 379 ALIA
1558 316 1658 381 EX
1700 322 1935 385 VA'I‘IC.
1978 322 2265 385 CAPITA.

3307 322 3446 387 1406

153 435 284 504 τῆς
320 432 649 504 προπετείας
681 432 711 499 ἢ
744 432 1008 505 ἀμετρίας
1043 433 1147 486 τῶν
1187 433 1499 505 λεγομένων
1533 435 1565 507 ἧ
1595 452 1768 506 πρατο

1900 457 1983 496 em
2022 445 2117 493 aut
2151 436 2624 492 immoderantiam
2662 453 2857 492 eorum
2894 452 3018 507 quae
3054 438 3317 493 dicuntur
3353 452 3452 496 aut

153 527 448 594 τομένων.

258 625 339 671 ιε’.
378 616 506 686 οὑχ’
538 619 566 670 6
612 619 721 677 τρῖς
762 616 945 687 ἔργοις
981 616 1056 687 μὴ
1090 617 1290 669 ἀδικῶν
1326 616 1423 687 τὴν
1453 616 1640 688 ψυχὴν
1661 617 1769 670 αὑ-

159 710 301 774 τοῦ,
341 703 496 770 οὗτος
529 710 624 761 καὶ
667 708 778 772 τοῖς
820 708 1001 776 λόγοις
1054 708 1318 778 ἀμίαντον
1375 712 1763 779 σννέτήρησεν.

164 804 260 857 Οὐ
310 803 365 855 δὲ
413 804 440 853 6
485 800 705 861 τούτους
740 800 1045 868 φυλάττων,
1078 801 1175 871 ἤδη
1227 798 1322 853 καὶ
1348 799 1639 870 λογισμοὺς
1668 800 1766 854 οὐκ

166 895 467 964 ἐμόλυνεν.
516 892 571 944 Ὀ
605 892 711 959 γὰρ
761 892 1115 960 ἁμαρτάνων,
1152 891 1380 962 τριττῶς
1406 891 1564 943 τοῦτο
1592 890 1769 961 πράτ-

163 1005 290 1039 τει.

260 1084 357 1142 ις’.
400 1079 473 1128 υὺ
497 1076 700 1145 δυνήσῃ
730 1075 787 1127 τὸ
818 1076 1108 1143 πρόσωπον
1139 1076 1239 1140 τῆς
1272 1074 1478 1144 ἀρετῆς
1508 1072 1765 1140 κατιδεῖν,

167 1169 359 1238 ἡδέως
395 1167 476 1218 ἔτι
508 1168 566 1218 τὸ
594 1166 692 1233 τῆς
725 1166 919 1229 κακίας
952 1166 1254 1219 κατανοῶν.
1286 1164 1531 1234 Μισητὸν
1565 1163 1620 1215 δὲ
1648 1164 1767 1215 τότε

168 1263 435 1327 φανεῖται
468 1259 528 1311 τδ
574 1257 847 1327 δεύτερον,
891 1258 976 1309 ὅτε
1012 1256 1106 1308 τοῦ
1152 1255 1369 1325 πρώτου
1409 1250 1770 1324 ἐπιθυμήσεις

170 1353 288 1425 τὴν
336 1351 556 1419 γεῦσιν,
604 1350 699 1402 καὶ
767 1348 1034 1418 τοσαύτης
1078 1347 1176 1419 τὴν
1235 1346 1355 1414 όψιν
1408 1343 1771 1410 ἀποξενώσεις

177 1444 429 1514 tmesis-
1594 1436 1597 1437 ί

266 1536 353 1598 ιζ’.
398 1534 494 1587 Διὰ
532 1533 639 1585 τῶν
662 1531 960 1602 λογισμῶν,
995 1531 1056 1583 οὐ
1089 1530 1197 1583 τῶν
1228 1528 1571 1600 πραγμάτιον
1605 1540 1774 1599 προη-

184 1628 481 1698 γουμένως
524 1624 852 1694 πολεμοῦσιν
882 1624 930 1676 οἱ
978 1623 1232 1694 δαίμονες
1262 1623 1361 1691 τὴν
1389 1620 1589 1691 ψυχήν.
1623 1619 1775 1672 Δύτὰ

176 1720 304 1789 γὰρ
349 1719 470 1772 καθ’
503 1719 665 1780 αὐτὰ,
723 1717 995 1784 ἀναγκαῖα
1045 1715 1112 1767 τὰ
1163 1714 1485 1784 πράγματα.
1519 1712 1627 1763 Καὶ
1666 1710 1775 1764 τῶν

1866 542 2124 602 aguntur.

1938 626 2023 681 15.
2056 625 2162 693 Qui
2196 643 2303 681 non
2338 624 2487 679 ltedit
2521 621 2783 692 operibus
2813 628 3057 675 animum
3093 635 3275 685 suum,
3314 627 3451 675 laud

1867 719 2033 772 etiam
2064 720 2249 774 verbis
2280 716 2521 773 servavit
2554 713 2923 783 impollutum.
2959 712 3073 765 Nec
3114 710 3205 780 qui
3253 711 3455 780 linguae

1868 822 2056 868 enstos
2089 823 2206 876 est,
2229 812 2339 880 jam
2378 824 2601 879 quoque
2637 807 2997 877 cogitationes
3026 804 3161 858 nihil
3199 804 3454 872 inquina-

1867 904 1966 959 vit.
1998 900 2291 958 Peccatum
2326 901 2498 966 enim,
2530 898 2734 969 triplici
2774 898 2878 950 hac
2914 897 3127 949 ratione
3161 892 3454 963 contingit.

1943 1080 2029 1136 16.
2090 1076 2324 1135 Virtutis
2376 1079 2572 1133 faciem
2630 1076 2821 1129 viuere
2885 1087 2996 1128 non
3062 1072 3306 1143 poteris,
3359 1070 3454 1141 qui

1865 1173 2108 1245 jucunde
2157 1172 2340 1226 adhuc
2384 1170 2504 1224 vitii
2552 1175 2909 1237 conspectum
2959 1167 3145 1219 animo
3190 1179 3448 1233 usurpes.

1871 1267 2027 1321 Tune
2056 1280 2223 1335 porro
2249 1266 2482 1319 alterum
2514 1274 2739 1317 exosum
2772 1258 3070 1322 videbitur,
3098 1272 3221 1311 cum
3254 1255 3457 1326 prioris

1872 1372 2093 1430 gusmm
2142 1356 2422 1410 desiderio
2474 1354 2871 1423 concupisces,
2910 1350 3234 1418 vultumque
3283 1364 3315 1401 a
3364 1347 3456 1401 tali

1872 1450 2035 1518 longe
2066 1446 2241 1500 forma
2268 1445 2623 1498 abstraxeris.

1949 1538 2034 1593 17.
2067 1537 2504 1607 Cogitationum,
2534 1550 2644 1588 non
2680 1548 2862 1587 rerum
2898 1531 3154 1593 incursu,
3184 1530 3461 1581 dmmoncs

1868 1628 2240 1702 'principalius
2288 1626 2617 1681 adoriuntur
2661 1625 2927 1678 animum.
2972 1622 3113 1677 Nam
3162 1633 3251 1673 res
3296 1618 3457 1687 ipsae,

1878 1719 2181 1776 secundum
2222 1733 2300 1782 se,
2335 1715 2666 1770 necessaria:
2706 1722 2853 1767 sunt.
2890 1712 2968 1765 Ac
3008 1717 3196 1764 rerum
3234 1706 3459 1776 quidem

182 1812 296 1881 μὲν
334 1811 695 1879 πραγμάτων,
740 1810 768 1869 ἡ
802 1808 937 1875 ἀκοὴ
971 1805 1124 1859 αἰτία
1166 1805 1259 1857 καὶ
1292 1804 1482 1873 ὅρασις
1507 1819 1519 1833 ·
1562 1801 1672 1855 τῶν
1714 1798 1771 1855 δὲ

1900 1829 2060 1877 :ausa,
2085 1811 2305 1865 auditus
2331 1818 2387 1863 et
2411 1809 2560 1862 visus
2588 1825 2601 1861 :
2633 1805 3027 1876 cogitationum
3051 1816 3206 1866 vero,
3228 1813 3463 1854 consue-

184 1900 498 1970 λογισμῶν,
532 1900 565 1968 ἡ
600 1896 858 1965 συνήθεια
892 1896 986 1948 καὶ
1024 1895 1072 1947 οἱ
1101 1893 1375 1964 δαίμονες.

268 2009 356 2079 ιη’.
378 2008 603 2080 Τριττδν
641 2009 761 2079 μὲν,
789 2006 850 2060 τὸ
877 2004 1252 2077 ἁμαρτητικὸν
1271 2002 1435 2073 μέρος
1457 2003 1554 2072 τῆς
1574 1993 1773 2072 ψυχῆς.

180 2104 251 2155 ὲν
280 2100 460 2172 ἔργοις
495 2099 587 2153 καὶ
605 2098 782 2168 λόγοις
807 2098 900 2150 καὶ
922 2093 1196 2165 λογιᾶμοῖς
1220 2095 1624 2166 εὑρισκόμενον.
1655 2086 1776 2155 Ἓξ-

152 2194 377 2277 ⁷ικδιικιὺν
404 2193 460 2245 δὲ
481 2233 494 2255 ,
522 2192 582 2243 τὸ
608 2189 1021 2260 ἀναμαρτησίας
1061 2187 1241 2241 καλόν.
1289 2185 1643 2247 Ἀπταίστους
1670 2182 1777 2252 γὰρ
1828 2189 1835 2196 “

182 2287 297 2350 τὰς
335 2285 497 2338 πέντε
535 2284 818 2354 αἰσθήσεις
857 2282 953 2335 καὶ
989 2282 1079 2334 τὸν
1127 2279 1462 2351 προφορικὸν
1494 2278 1778 2347 συντηρεῖν

178 2380 280 2434 δεῖ
330 2378 509 2445 λόγον.
562 2378 665 2430 Ἐν·
710 2371 854 2441 oleo
875 2374 961 2445 μὴ
1004 2374 1253 2436 πταίων,
1311 2371 1465 2438 ἀνήρ
1499 2384 1649 2439 φησι
1687 2366 1777 2420 τέ-

172 2470 383 2543 λειος,
416 2465 675 2530 δυνατὸς
711 2463 1202 2534 χαλιναγωγῆσαι
1234 2462 1329 2515 καὶ
1368 2462 1438 2515 τὰ
1474 2459 1636 2530 μέλη
1673 2457 1779 2511 τοῦ

182 2559 492 2628 σώματος.

275 2670 361 2724 ιϐ’.
417 2670 659 2740 Ἐξαχῶς
728 2669 788 2723 τὺ
847 2669 1042 2737 ἄλογον
1115 2668 1281 2739 μέρος
1343 2667 1628 2737 διαιρεῖται
1682 2662 1783 2731 τῆς

180 2762 409 2833 ψυχῆς·
443 2764 523 2825 εἵς
552 2780 610 2814 τε
642 2761 741 2824 τὰς
771 2762 932 2815 πέντε
962 2759 1265 2829 αἰσθήσεις,
1286 2760 1379 2810 καὶ
1409 2760 1486 2821 εἰς
1519 2756 1610 2808 τὸν
1641 2753 1784 2807 κατὰ

187 2854 486 2924 προσορᾶν
527 2853 708 2921 λόγον,
752 2852 811 2914 ὃς
860 2851 1252 2921 συνδιαιρεῑται
1304 2849 1403 2920 μὲν
1457 2847 1782 2918 ἀδιαιρέτως

184 2944 279 3015 τῷ
302 2945 583 3015 πάσχοντι,
618 2943 833 3014 ἀπαθὴς
864 2942 941 2997 ὢν
963 2959 976 2971 ”
1002 2941 1378 3012 ἀναματτεται
1405 2939 1461 2993 δὲ
1488 2938 1585 3010 τὴν
1614 2935 1783 2993 αὐτοῦ

186 3036 403 3091 κακίαν
440 3035 738 3106 παθητικὸς
770 3033 1180 3105 εὑρισκόμενος.

271 3329 339 3383 κ’.
381 3329 457 3381 Οὐ
497 3326 719 3380 δύναται
755 3324 878 3378 οὔτε
935 3324 1095 3395 σῶμα
1141 3323 1484 3394 καθαρθῆναι
1526 3316 1780 3391 νηστείας

192 3423 300 3477 καὶ
356 3421 662 3493 ἀγρυπνίας
703 3419 912 3490 χωρίς·
966 3418 1091 3472 οὕτε
1145 3416 1326 3479 ἐλέους
1375 3417 1469 3469 καὶ
1526 3413 1782 3484 ἀληθείας

193 3516 349 3585 ψυχή
368 3530 383 3544 ·
412 3513 527 3566 ἁλλ’
552 3511 675 3565 οὔτε
709 3511 828 3574 νοῦς
848 3510 976 3564 ἄνευ
1002 3509 1237 3580 θεωρίας
1266 3507 1360 3561 καὶ
1388 3506 1604 3576 ὁμιλίας
1622 3503 1780 3558 Θεοῦ.

195 3601 372 3661 Δῦται
407 3603 514 3675 γὰρ
544 3605 597 3656 αἱ
625 3601 895 3670 συζυγίαι,
929 3602 986 3654 ἐν
1020 3600 1227 3663 τούτοις
1254 3599 1673 3667 ὲπισημόταται.

284 3813 392 3860 κα¹.
438 3799 935 3873 Κυκλοφορουμένη
989 3799 1110 3859 ταῖς
1144 3793 1465 3865 εἰρημέναις
1502 3790 1721 3861 ἀρεταῖς
1751 3788 1785 3857 ἡ

196 3900 374 3972 ψυχὴ,
402 3894 843 3967 ἀπερικτύπητον
883 3891 944 3943 τὸ
970 3888 1173 3959 ταύτης
1207 3890 1269 3939 ἐκ
1304 3882 1625 3956 πειρασμῶν
1658 3878 1789 3933 καθ-

206 3995 389 4062 ίστησι
427 3990 717 4061 φρούριον·
757 3988 784 4040 ὅ
815 3987 962 4037 ἐστιν
999 3986 1032 4053 ἡ
1061 3980 1305 4050 ὑπομονή
1328 3998 1341 4009 ·
1395 3976 1499 4029 Ἐν
1533 3972 1605 4042 τῇ
1642 3975 1789 4027 ὑπο-

200 4084 362 4158 μονῇ
386 4083 554 4152 ὑμῶν
578 4080 687 4150 γὰρ
719 4063 1030 4146 κτήσησθε
1053 4074 1158 4138 τὰς
1185 4070 1389 4141 ψυχὰς
1418 4066 1606 4138 ὑμῶν,
1636 4066 1665 4117 6
1690 4066 1792 4119 A6-

207 4198 307 4251 γος
338 4179 523 4249 φησίν.
559 4179 619 4229 Εἰ
647 4177 701 4228 δὲ
730 4174 933 4245 ἑτέρως
968 4170 1205 4241 ἐχόμενα
1246 4166 1355 4235 εἴη,
1393 4161 1483 4219 οἶά
1513 4180 1599 4226 τις
1634 4161 1791 4224 πόλις

204 4274 542 4342 ἀτείχιστος,
578 4269 673 4320 καὶ
702 4266 806 4319 ὑπὸ
855 4264 963 4316 τῶν
1007 4258 1290 4333 πόρρωθεν
1318 4258 1531 4330 ψόφων,
1582 4252 1789 4317 δειλίας

212 4366 430 4440 μοχλοῖς
462 4357 847 4417 κατασείεσθαι
878 4355 1093 4410 εἴωθεν.
1321 4356 1345 4382 ‘

286 4564 390 4634 κβν.
430 4564 542 4632 Οὐχ
585 4562 699 4614 ὅσοι
751 4558 834 4620 εἰς
874 4555 944 4607 τὰ
994 4550 1134 4607 καιὰ
1182 4550 1338 4619 λόγον
1373 4549 1485 4601 εἰσὶ
1516 4545 1791 4617 φρόνιμοι,

213 4653 361 4712 οὗτοι
398 4656 490 4707 καὶ
545 4655 621 4716 εἰς
669 4650 739 4704 τὰ
784 4649 907 4702 κατ’
941 4646 1151 4699 ἔννοιαν
1179 4662 1191 4674 ·
1221 4645 1335 4697 ὅσοι
1364 4642 1421 4695 δὲ
1465 4641 1543 4702 εἰς
1578 4640 1645 4691 τὰ
1676 4637 1796 4690 κατ’

211 4750 441 4807 ἔννοιαν,
466 4740 608 4798 οὗτοι
631 4743 724 4796 καὶ
753 4742 831 4801 εἰς
867 4737 936 4791 τὰ
988 4736 1110 4789 κατ’
1126 4732 1378 4804 αἴσθησιν
1427 4729 1622 4797 ἔξωθεν
1647 4728 1803 4797 εὑρε-

212 4841 489 4910 θήσονται.
528 4838 588 4891 Ei
615 4836 723 4904 γὰρ
742 4833 834 4886 καὶ
863 4831 1067 4890 πάντας
1090 4826 1395 4895 ὑποφόρους
1418 4823 1528 4891 ἔχει
1555 4822 1588 4891 ἡ
1611 4817 1803 4888 αἴσθη-

221 4950 329 4995 σις,
361 4931 473 4985 ἀλλ’
505 4929 603 4998 οὐχ
629 4926 849 4995 ὁμοίους
880 4922 1016 4990 αὐτῇ
1050 4919 1175 4981 τοὺς
1201 4918 1401 4987 φόρους
1425 4912 1790 4967 ἀποδιδόασιν.

232 5022 321 5091 ἘΞ
367 5020 698 5089 ἁφελότητος
745 5016 852 5086 γὰρ
905 5016 955 5067 οἱ
1012 5010 1231 5071 πλείους
1261 5009 1340 5069 εἰς
1367 5005 1435 5058 τὰ
1474 5006 1596 5058 κατ’
1627 5002 1796 5074 αὐτὴν

218 5114 385 5184 τιμᾷν
420 5110 588 5181 αὐτὴν
625 5109 699 5172 ὼς
727 5107 865 5176 αὑτὴ
894 5105 1098 5157 ἁπατεί
1132 5101 1233 5153 οὐκ
1262 5098 1606 5151 ἐπίστανται.

292 5238 399 5296 κγ’.
443 5230 520 5297 Τῇ
558 5229 719 5296 φύσει
750 5225 993 5292 ἄτμητος
1042 5215 1178 5273 οὖσα
1218 5219 1250 5285 ἠ
1302 5214 1583 5285 φρόνησις,
1614 5212 1802 5283 τέμνε-

221 5341 311 5376 ται
351 5323 430 5384 εὶς
460 5319 750 5389 διαφόρους
798 5314 990 5384 τομάς.
1031 5305 1099 5382 ’ᾮ
1129 5310 1225 5380 μὲν
1251 5309 1358 5376 γὰρ
1391 5307 1592 5358 δίδοται
1619 5304 1802 5368 πλέον,

222 5406 268 5482 ᾧ
302 5414 357 5466 δὲ
403 5412 619 5464 ἔλαττον
676 5408 838 5479 μέρος
875 5403 1078 5472 αὐτῆς·
1115 5401 1220 5463 ἕως
1253 5398 1552 5469 αὐξηθεῖσα
1596 5399 1628 5467 ἡ
1662 5415 1804 5467 πρα-

227 5506 389 5574 κτικὴ
439 5502 629 5573 ἀρετὴ,
691 5496 1022 5568 συνδρόμους
1098 5509 1159 5547 τε
1219 5492 1355 5560 αὐτῇ
1412 5489 1512 5553 τὰς
1566 5488 1807 5558 γωνικᾶις

232 5585 488 5666 ηκουσα]
547 5587 854 5661 ἁρετὰς,τὸ
908 5581 1254 5652 ἐνδεχόμενον
1306 5579 1512 5653 ἑκάστῃ
1557 5577 1807 5648 ἀποπλη-

306 5747 375 5779 M
396 5745 515 5802 Jac.
534 5760 616 5810 tu,
642 5743 697 5797 2.
774 5744 793 5774 ⁷
823 5739 955 5793 Luc.
981 5752 1088 5803 χχι,
1130 5736 1208 5789 l9.

1877 1905 2012 1961 tudo
2044 1919 2107 1958 ac
2134 1903 2218 1957 vis
2244 1895 2575 1956 dmmohum.

1951 2017 2037 2072 18.
2069 2014 2361 2071 Trii‘ariam
2393 2012 2562 2067 animi
2598 2019 2885 2081 peceatum
2918 2008 3205 2070 dividitur,
3230 2004 3374 2074 quod
3407 2003 3462 2055 in

1878 2106 2141 2178 Operibus
2172 2109 2227 2158 et
2255 2102 2439 2157 verbis
2470 2110 2527 2155 et
2560 2098 2991 2169 cogitationibus
3024 2094 3326 2149 invenitur.
3359 2092 3464 2147 Sex

1879 2216 2011 2255 vero
2050 2197 2300 2267 partibus
2341 2200 2557 2249 constat
2600 2208 2709 2245 non
2747 2190 3009 2260 peccandi
3057 2188 3283 2242 bonum.
3320 2184 3466 2238 Inoi-

1879 2292 2064 2347 fcnsos
2097 2289 2244 2343 enim
2282 2274 2564 2341 servemus
2595 2298 2822 2337 necesse
2852 2290 2937 2335 est
2967 2280 3212 2349 quinque
3244 2290 3464 2337 sensus,

1880 2384 2105 2452 orisque
2154 2393 2470 2433 sermonem
2524 2392 2537 2428 :
2588 2373 2652 2427 In
2702 2372 2888 2442 quibus
2938 2372 3027 2440 qui
3059 2384 3175 2420 non
3223 2365 3466 2436 offendit,

1881 2475 2138 2546 perfectus
2186 2481 2258 2523 cst
2305 2470 2412 2533 vir;
2456 2474 2635 2538 potens
2684 2465 2841 2517 etiam
2893 2464 3039 2531 freno
3084 2457 3468 2513 circmnduccrc

1882 2564 2114 2620 membra
2147 2561 2380 2630 corporis
2402 2559 2489 2613 ³⁸⁸.

1953 2678 2115 2750 643
2157 2677 2240 2730 lt).
2274 2674 2456 2728 Animi
2498 2687 2623 2742 pars
2660 2668 2895 2725 rationis
2932 2682 3128 2736 expers
3167 2679 3262 2717 sex
3301 2660 3471 2731 parti-

1883 2772 1988 2827 bus
2031 2767 2326 2833 dividitur;
2379 2765 2625 2835 quinque
2672 2761 2885 2817 scilicet
2931 2757 3217 2816 sensibus,
3252 2762 3307 2807 et
3348 2766 3465 2805 scr.

1884 2879 2047 2919 mone
2074 2862 2166 2933 qui
2196 2875 2293 2914 ore
2320 2857 2619 2929 profertur.
2644 2855 2717 2920 Is,
2737 2869 2847 2908 una
2870 2866 2995 2906 cum
3025 2865 3090 2903 eo
3113 2847 3206 2917 qui
3235 2843 3471 2899 aiiicitur

1887 2956 2122 3010 indivise
2169 2951 2471 3015 dividitur,
2516 2945 2777 3001 immunis
2824 2943 2943 3013 ipse
2994 2939 3061 2994 ab
3112 2934 3401 2991 aﬂ‘ectione
3453 2949 3467 2985 :

1887 3046 2163 3104 contrahit
2196 3059 2330 3099 vero
2365 3042 2485 3111 ejus
2513 3038 2710 3093 vitium
2745 3050 2807 3091 ac
2840 3031 3137 3094 malitiam,
3166 3042 3292 3111 cum
3334 3023 3471 3078 affe-

1812 3152 1857 3213 C
1888 3147 2012 3194 ctus
2053 3136 2357 3191 concitatos
2394 3145 2622 3187 movens
2662 3126 2985 3195 animosque
3020 3107 3352 3193 perturbans
3384 3115 3473 3169 in-

1886 3230 2130 3286 venitur.

1958 3322 2049 3377 20.
2079 3322 2193 3375 Nec
2225 3332 2428 3386 corpus
2461 3315 2607 3371 citra
2628 3310 2895 3384 jejunium
2921 3307 3243 3379 vigiliasque
3275 3314 3475 3357 emun-

1888 3412 2008 3468 dari
2060 3417 2273 3482 potest,
2315 3423 2418 3464 nec
2467 3407 2675 3475 absque
2721 3399 3100 3457 misericordia
3147 3404 3204 3450 et
3242 3392 3475 3447 veritate

1889 3504 2140 3569 animus;
2196 3511 2253 3556 at
2302 3514 2483 3569 neque
2540 3511 2697 3552 mens
2753 3494 2961 3561 absque
3016 3483 3476 3554 contemplatione

1890 3596 2097 3666 Deique
2134 3593 2431 3662 colloquio.
2464 3589 2603 3646 Sunt
2642 3586 2788 3643 enim
2835 3585 2919 3638 hic
2961 3582 3017 3636 in
3054 3579 3177 3635 istis
3215 3572 3476 3630 illustris-

1888 3688 2043 3739 sima:
2073 3682 2511 3751 conjugationes.

1962 3793 2053 3846 21.
2090 3790 2206 3855 llis,
2244 3804 2383 3859 quas
2425 3788 2698 3849 dicebam,
2733 3784 3052 3843 virtutibus,
3088 3792 3267 3833 cuneo
3307 3773 3478 3828 valla-

1894 3896 1983 3943 tus
2030 3885 2268 3946 animus,
2298 3882 2541 3936 immune
2574 3894 2604 3932 a
2640 3875 3002 3933 tentationum
3037 3869 3269 3938 Strepitu
3300 3864 3479 3919 reddit

1890 3992 2055 4033 suum
2096 3971 2439 4044 praesidium.
2480 3968 2535 4022 id
2580 3974 2693 4030 est,
2730 3962 3072 4033 patientiam.
3112 3958 3200 4012 Ait
3242 3967 3480 4021 namque

1897 4068 2182 4137 Scriptura
2240 4082 2254 4118 :
2308 4062 2375 4117 In
2426 4059 2685 4131 patientia
2740 4062 2913 4109 vestra
2967 4049 3220 4122 possidete
3271 4046 3481 4099 animus

1896 4134 2096 4215 vestras
2122 4159 2165 4211 ⁷.
2203 4156 2300 4211 Sin
2346 4162 2531 4208 autem
2577 4166 2636 4206 se
2684 4148 2845 4202 aliter
2887 4160 2973 4198 res
3020 4139 3297 4201 habuerit,
3332 4134 3477 4189 haud

1899 4267 2058 4308 secus
2093 4265 2157 4305 ac
2187 4248 2380 4303 civitas
2413 4247 2736 4305 immorata,
2767 4239 2935 4293 etiam
2968 4232 3279 4303 fragoribus
3320 4230 3480 4296 longe

1901 4344 2122 4416 positis,
2149 4340 2367 4411 pavoris
2398 4336 2651 4392 vectibus
2683 4327 3070 4387 vehementius
3100 4321 3319 4379 concuti
3354 4335 3484 4373 con-

1904 4436 2102 4491 suevit.

1964 4550 2052 4604 22.
2086 4549 2202 4603 Non
2244 4560 2439 4600 omnes
2477 4559 2547 4611 qu
2613 4552 2867 4595 sermone
2905 4532 3209 4605 prudentes
3248 4530 3396 4585 sunt,
3425 4520 3482 4574 hi

1894 4658 2116 4715 quoque
2158 4639 2359 4694 mentis
2395 4644 2556 4691 senSu
2601 4633 2903 4703 prudentes
2937 4625 3209 4681 exsistunt.
3246 4638 3257 4671 :
3296 4629 3486 4671 onmes

1899 4749 2032 4791 vero
2057 4733 2152 4803 qui
2181 4731 2382 4785 mentis
2406 4744 2595 4790 sensu,
2625 4726 2677 4778 hi
2712 4722 2878 4777 etiam
2912 4732 3077 4774 sensu
3108 4710 3352 4768 exterius
3383 4708 3486 4760 hoc

1902 4842 2024 4882 esse
2074 4823 2445 4877 invenientur.
2493 4819 2813 4886 Quanquam
2857 4812 3003 4867 enim
3058 4822 3252 4863 sensus
3299 4813 3488 4855 omnes

1896 4916 2192 4985 vectigales
2222 4914 2407 4972 habet,
2433 4926 2542 4964 non
2575 4919 2755 4961 tamen
2788 4905 2977 4959 eadem
3014 4901 3091 4954 illi
3125 4898 3328 4951 tributa
3362 4892 3490 4946 red—

1898 5009 2057 5064 dunt.
2083 5003 2339 5072 Plerique
2365 5001 2511 5056 enim
2538 5015 2602 5053 ex
2629 4996 2999 5066 simplicitate,
3033 5006 3109 5046 sne
3131 5005 3257 5043 eum
3283 4984 3487 5050 colere,

1899 5110 1961 5153 ut
1989 5100 2105 5168 ipse
2128 5094 2355 5165 expetit,
2379 5108 2489 5145 non
2514 5096 2805 5144 noverunt.

1969 5210 2059 5263 ‘23.
2086 5206 2407 5269 Prudentia,
2437 5220 2561 5259 cum
2593 5214 2789 5257 natura
2817 5196 3165 5253 indivisibilis
3192 5194 3284 5256 sit,
3309 5192 3492 5245 diver-

1899 5304 1976 5358 sis
2016 5300 2269 5371 partibus
2304 5294 2599 5352 scinditur.
2633 5292 2736 5348 Alii
2773 5292 2918 5346 enim
2956 5290 3148 5359 major,
3183 5284 3274 5338 alii
3308 5282 3491 5336 minor

1904 5393 2054 5448 illius
2094 5392 2275 5462 portio
2317 5389 2609 5453 tribuitur;
2650 5386 2828 5440 dona:
2871 5392 3030 5437 aucta
3072 5381 3245 5434 virtus
3285 5373 3487 5429 actioni

1904 5484 2153 5547 studens,
2190 5498 2298 5535 una
2337 5496 2523 5534 secum
2570 5483 2969 5532 concurrentes
3010 5480 3167 5526 nacta
3207 5465 3490 5539 generales

1906 5576 2168 5642 virtutes,
2205 5582 2471 5644 quantum
2511 5569 2715 5640 cuique
2756 5568 2967 5623 bonum
3006 5575 3328 5619 concessum
3371 5564 3485 5624 est,
