  <div class='ocr_page' id='page_1' title='image "/cluster/home/n/w/nwhite01/storage/ocr_20150623/90/pst.000005712960/744.png"; bbox 0 0 3922 6348; ppageno 0'>
   <div class='ocr_carea' id='block_1_1' title="bbox 95 293 236 360">
    <p class='ocr_par' dir='ltr' id='par_1_1' title="bbox 95 293 236 360">
     <span class='ocr_line' id='line_1_1' title="bbox 95 293 236 360; baseline 0.014 -2"><span class='ocrx_word' id='word_1_1' title='bbox 95 293 236 360; x_wconf 72' lang='grc'><strong>1409</strong></span> 
     </span>
    </p>
   </div>
   <div class='ocr_carea' id='block_1_2' title="bbox 1264 280 2199 349">
    <p class='ocr_par' dir='ltr' id='par_1_2' title="bbox 1264 280 2199 349">
     <span class='ocr_line' id='line_1_2' title="bbox 1264 280 2199 349; baseline -0.011 0"><span class='ocrx_word' id='word_1_2' title='bbox 1264 288 1441 349; x_wconf 76' lang='grc' dir='ltr'><strong>ΑΙᾸᾹ</strong></span> <span class='ocrx_word' id='word_1_3' title='bbox 1481 285 1585 346; x_wconf 77' lang='lat' dir='ltr'><strong>EX</strong></span> <span class='ocrx_word' id='word_1_4' title='bbox 1619 281 1865 344; x_wconf 73' lang='lat' dir='ltr'><strong>VATlC.</strong></span> <span class='ocrx_word' id='word_1_5' title='bbox 1909 280 2199 342; x_wconf 80' lang='lat' dir='ltr'><strong>CAPITA.</strong></span> 
     </span>
    </p>
   </div>
   <div class='ocr_carea' id='block_1_3' title="bbox 3211 274 3372 344">
    <p class='ocr_par' dir='ltr' id='par_1_3' title="bbox 3211 274 3372 344">
     <span class='ocr_line' id='line_1_3' title="bbox 3211 274 3372 344; baseline 0.006 -1"><span class='ocrx_word' id='word_1_6' title='bbox 3211 274 3372 344; x_wconf 68' lang='lat'><strong>1410</strong></span> 
     </span>
    </p>
   </div>
   <div class='ocr_carea' id='block_1_4' title="bbox 90 387 1675 475">
    <p class='ocr_par' dir='ltr' id='par_1_4' title="bbox 90 398 1675 475">
     <span class='ocr_line' id='line_1_4' title="bbox 90 398 1675 475; baseline -0.006 -16"><span class='ocrx_word' id='word_1_7' title='bbox 90 406 242 472; x_wconf 68' lang='grc' dir='ltr'>ἄνευ,</span> <span class='ocrx_word' id='word_1_8' title='bbox 267 405 328 458; x_wconf 82' lang='grc' dir='ltr'>ὲν</span> <span class='ocrx_word' id='word_1_9' title='bbox 372 401 604 474; x_wconf 79' lang='grc' dir='ltr'><strong>καθαρῷ</strong></span> <span class='ocrx_word' id='word_1_10' title='bbox 636 403 823 475; x_wconf 80' lang='grc' dir='ltr'>χωρίῳ</span> <span class='ocrx_word' id='word_1_11' title='bbox 852 403 951 474; x_wconf 82' lang='grc' dir='ltr'>τῆς</span> <span class='ocrx_word' id='word_1_12' title='bbox 984 401 1151 472; x_wconf 78' lang='grc' dir='ltr'>εὐχῆς</span> <span class='ocrx_word' id='word_1_13' title='bbox 1181 402 1241 454; x_wconf 81' lang='grc' dir='ltr'>οὐ</span> <span class='ocrx_word' id='word_1_14' title='bbox 1271 401 1498 454; x_wconf 74' lang='grc' dir='ltr'>δύναται</span> <span class='ocrx_word' id='word_1_15' title='bbox 1527 398 1675 467; x_wconf 83' lang='grc' dir='ltr'>γενέ-</span> 
     </span>
    </p>
   </div>
   <div class='ocr_carea' id='block_1_5' title="bbox 1798 387 3372 475">
    <p class='ocr_par' dir='ltr' id='par_1_5' title="bbox 1798 387 3372 464">
     <span class='ocr_line' id='line_1_5' title="bbox 1798 387 3372 464; baseline -0.001 -16"><span class='ocrx_word' id='word_1_16' title='bbox 1798 395 1907 449; x_wconf 74' lang='lat' dir='ltr'><strong>sine</strong></span> <span class='ocrx_word' id='word_1_17' title='bbox 1929 409 2038 464; x_wconf 89' lang='lat' dir='ltr'><strong>qua</strong></span> <span class='ocrx_word' id='word_1_18' title='bbox 2065 406 2245 458; x_wconf 86' lang='lat' dir='ltr'><strong>mens,</strong></span> <span class='ocrx_word' id='word_1_19' title='bbox 2278 389 2334 443; x_wconf 90' lang='lat' dir='ltr'><strong>in</strong></span> <span class='ocrx_word' id='word_1_20' title='bbox 2363 387 2570 442; x_wconf 88' lang='lat' dir='ltr'><strong>muu&#39;do</strong></span> <span class='ocrx_word' id='word_1_21' title='bbox 2597 387 2862 442; x_wconf 83' lang='lat' dir='ltr'><strong>orationis</strong></span> <span class='ocrx_word' id='word_1_22' title='bbox 2895 388 3016 442; x_wconf 91' lang='lat' dir='ltr'><strong>loco</strong></span> <span class='ocrx_word' id='word_1_23' title='bbox 3046 404 3158 444; x_wconf 91' lang='lat' dir='ltr'><strong>non</strong></span> <span class='ocrx_word' id='word_1_24' title='bbox 3190 400 3372 461; x_wconf 77' lang='lat' dir='ltr'><strong>potest</strong></span> 
     </span>
    </p>
   </div>
   <div class='ocr_carea' id='block_1_6' title="bbox 89 494 450 558">
    <p class='ocr_par' dir='ltr' id='par_1_6' title="bbox 89 494 450 558">
     <span class='ocr_line' id='line_1_6' title="bbox 89 494 450 558; baseline -0.008 -9"><span class='ocrx_word' id='word_1_25' title='bbox 89 495 215 549; x_wconf 82' lang='grc' dir='ltr'><strong>σθαι</strong></span> <span class='ocrx_word' id='word_1_26' title='bbox 243 496 272 547; x_wconf 90' lang='lat'><strong>6</strong></span> <span class='ocrx_word' id='word_1_27' title='bbox 301 494 450 558; x_wconf 85' lang='grc' dir='ltr'>νοῦς.</span> 
     </span>
    </p>
   </div>
   <div class='ocr_carea' id='block_1_7' title="bbox 157 583 1665 655">
    <p class='ocr_par' dir='ltr' id='par_1_7' title="bbox 157 583 1665 655">
     <span class='ocr_line' id='line_1_7' title="bbox 157 583 1665 655; baseline 0 -19"><span class='ocrx_word' id='word_1_28' title='bbox 157 585 258 639; x_wconf 85' lang='grc' dir='ltr'>λ’δ’.</span> <span class='ocrx_word' id='word_1_29' title='bbox 313 585 403 637; x_wconf 86' lang='grc' dir='ltr'>Ἑν</span> <span class='ocrx_word' id='word_1_30' title='bbox 460 583 536 655; x_wconf 80' lang='grc' dir='ltr'>τῷ</span> <span class='ocrx_word' id='word_1_31' title='bbox 589 583 932 654; x_wconf 79' lang='grc' dir='ltr'>ἐλέγχεσθαι,</span> <span class='ocrx_word' id='word_1_32' title='bbox 966 584 999 654; x_wconf 85' lang='grc' dir='ltr'>ἢ</span> <span class='ocrx_word' id='word_1_33' title='bbox 1033 585 1248 654; x_wconf 79' lang='grc' dir='ltr'>σιωπᾷν</span> <span class='ocrx_word' id='word_1_34' title='bbox 1283 583 1384 639; x_wconf 82' lang='grc' dir='ltr'>δεῖ.</span> <span class='ocrx_word' id='word_1_35' title='bbox 1414 583 1447 653; x_wconf 84' lang='grc' dir='ltr'><strong>ἢ</strong></span> <span class='ocrx_word' id='word_1_36' title='bbox 1481 584 1665 653; x_wconf 75' lang='grc' dir='ltr'>ἠπίως</span> 
     </span>
    </p>
   </div>
   <div class='ocr_carea' id='block_1_8' title="bbox 85 674 1678 744">
    <p class='ocr_par' dir='ltr' id='par_1_8' title="bbox 85 674 1678 744">
     <span class='ocr_line' id='line_1_8' title="bbox 85 674 1678 744; baseline -0.003 -14"><span class='ocrx_word' id='word_1_37' title='bbox 85 675 485 744; x_wconf 79' lang='grc' dir='ltr'>ἀπολογεῖσθαι</span> <span class='ocrx_word' id='word_1_38' title='bbox 518 675 598 744; x_wconf 82' lang='grc' dir='ltr'>τῷ</span> <span class='ocrx_word' id='word_1_39' title='bbox 637 677 1034 744; x_wconf 80' lang='grc' dir='ltr'>καταλέγοντι·</span> <span class='ocrx_word' id='word_1_40' title='bbox 1069 677 1130 728; x_wconf 78' lang='grc' dir='ltr'><strong>οὐ</strong></span> <span class='ocrx_word' id='word_1_41' title='bbox 1171 676 1258 729; x_wconf 74' lang='grc' dir='ltr'><strong>διὰ</strong></span> <span class='ocrx_word' id='word_1_42' title='bbox 1309 675 1371 728; x_wconf 73' lang='grc' dir='ltr'>τὸ</span> <span class='ocrx_word' id='word_1_43' title='bbox 1413 674 1678 744; x_wconf 83' lang='grc' dir='ltr'><strong>συστῆσαι</strong></span> 
     </span>
    </p>
   </div>
   <div class='ocr_carea' id='block_1_9' title="bbox 89 763 1677 836">
    <p class='ocr_par' dir='ltr' id='par_1_9' title="bbox 89 763 1677 836">
     <span class='ocr_line' id='line_1_9' title="bbox 89 763 1677 836; baseline -0.004 -16"><span class='ocrx_word' id='word_1_44' title='bbox 89 767 159 820; x_wconf 82' lang='grc' dir='ltr'><strong>τὰ</strong></span> <span class='ocrx_word' id='word_1_45' title='bbox 205 767 388 820; x_wconf 83' lang='grc' dir='ltr'>οίκεῖα</span> <span class='ocrx_word' id='word_1_46' title='bbox 445 765 538 818; x_wconf 76' lang='grc' dir='ltr'><strong>τὸν</strong></span> <span class='ocrx_word' id='word_1_47' title='bbox 594 765 985 836; x_wconf 79' lang='grc' dir='ltr'>ἐλεγχόμενον·</span> <span class='ocrx_word' id='word_1_48' title='bbox 1020 765 1108 819; x_wconf 76' lang='grc' dir='ltr'><strong>διὰ</strong></span> <span class='ocrx_word' id='word_1_49' title='bbox 1161 763 1219 818; x_wconf 81' lang='grc' dir='ltr'>δὲ</span> <span class='ocrx_word' id='word_1_50' title='bbox 1266 765 1322 816; x_wconf 83' lang='grc' dir='ltr'><strong>τὸ</strong></span> <span class='ocrx_word' id='word_1_51' title='bbox 1377 764 1677 835; x_wconf 81' lang='grc' dir='ltr'>ἀναστῆσαι</span> 
     </span>
    </p>
   </div>
   <div class='ocr_carea' id='block_1_10' title="bbox 86 856 1426 929">
    <p class='ocr_par' dir='ltr' id='par_1_10' title="bbox 86 856 1426 929">
     <span class='ocr_line' id='line_1_10' title="bbox 86 856 1426 929; baseline -0.001 -19"><span class='ocrx_word' id='word_1_52' title='bbox 86 857 485 929; x_wconf 77' lang='grc' dir='ltr'>προσκόψαντα</span> <span class='ocrx_word' id='word_1_53' title='bbox 513 859 662 923; x_wconf 78' lang='grc' dir='ltr'>ἴσως,</span> <span class='ocrx_word' id='word_1_54' title='bbox 692 860 782 911; x_wconf 69' lang='grc' dir='ltr'>τὸν</span> <span class='ocrx_word' id='word_1_55' title='bbox 804 859 860 908; x_wconf 79' lang='grc' dir='ltr'>ἐν</span> <span class='ocrx_word' id='word_1_56' title='bbox 886 858 1078 928; x_wconf 66' lang='grc' dir='ltr'>ἀγνοίᾳ</span> <span class='ocrx_word' id='word_1_57' title='bbox 1118 856 1426 928; x_wconf 75' lang='grc' dir='ltr'>ἐλέγχοντα.</span> 
     </span>
    </p>
   </div>
   <div class='ocr_carea' id='block_1_11' title="bbox 155 1035 1677 1110">
    <p class='ocr_par' dir='ltr' id='par_1_11' title="bbox 155 1035 1677 1110">
     <span class='ocr_line' id='line_1_11' title="bbox 155 1035 1677 1110; baseline -0.003 -19"><span class='ocrx_word' id='word_1_58' title='bbox 155 1040 253 1093; x_wconf 88' lang='grc' dir='ltr'>λε’.</span> <span class='ocrx_word' id='word_1_59' title='bbox 310 1039 368 1092; x_wconf 79' lang='grc' dir='ltr'><strong>Ὀ</strong></span> <span class='ocrx_word' id='word_1_60' title='bbox 406 1036 485 1106; x_wconf 81' lang='grc' dir='ltr'><strong>τῷ</strong></span> <span class='ocrx_word' id='word_1_61' title='bbox 537 1037 840 1108; x_wconf 79' lang='grc' dir='ltr'>λυπήσαντι</span> <span class='ocrx_word' id='word_1_62' title='bbox 891 1039 1189 1110; x_wconf 84' lang='grc' dir='ltr'>ἀδίκως</span> <span class='ocrx_word' id='word_1_63' title='bbox 1222 1037 1327 1108; x_wconf 77' lang='grc' dir='ltr'>πρὸ</span> <span class='ocrx_word' id='word_1_64' title='bbox 1375 1035 1468 1089; x_wconf 79' lang='grc' dir='ltr'>τοῦ</span> <span class='ocrx_word' id='word_1_65' title='bbox 1510 1053 1677 1106; x_wconf 86' lang='grc' dir='ltr'>προσ-</span> 
     </span>
    </p>
   </div>
   <div class='ocr_carea' id='block_1_12' title="bbox 83 1130 1674 1202">
    <p class='ocr_par' dir='ltr' id='par_1_12' title="bbox 83 1130 1674 1202">
     <span class='ocr_line' id='line_1_12' title="bbox 83 1130 1674 1202; baseline -0.003 -17"><span class='ocrx_word' id='word_1_66' title='bbox 83 1131 354 1202; x_wconf 73' lang='grc' dir='ltr'>κληθῆναι</span> <span class='ocrx_word' id='word_1_67' title='bbox 384 1131 478 1183; x_wconf 82' lang='grc' dir='ltr'>ὑπ’</span> <span class='ocrx_word' id='word_1_68' title='bbox 507 1131 672 1185; x_wconf 71' lang='grc' dir='ltr'>αὑτοῦ</span> <span class='ocrx_word' id='word_1_69' title='bbox 704 1131 926 1194; x_wconf 69' lang='grc' dir='ltr'>εὐνοῶν,</span> <span class='ocrx_word' id='word_1_70' title='bbox 955 1131 1262 1200; x_wconf 76' lang='grc' dir='ltr'>ὲξημίωται</span> <span class='ocrx_word' id='word_1_71' title='bbox 1310 1131 1416 1182; x_wconf 82' lang='grc' dir='ltr'>τῶν</span> <span class='ocrx_word' id='word_1_72' title='bbox 1443 1130 1674 1198; x_wconf 78' lang='grc' dir='ltr'>ἀνηκόν-</span> 
     </span>
    </p>
   </div>
   <div class='ocr_carea' id='block_1_13' title="bbox 81 1221 1676 1294">
    <p class='ocr_par' dir='ltr' id='par_1_13' title="bbox 81 1221 1676 1294">
     <span class='ocr_line' id='line_1_13' title="bbox 81 1221 1676 1294; baseline -0.004 -17"><span class='ocrx_word' id='word_1_73' title='bbox 81 1240 192 1277; x_wconf 84' lang='grc' dir='ltr'><strong>των</strong></span> <span class='ocrx_word' id='word_1_74' title='bbox 212 1223 391 1276; x_wconf 82' lang='grc' dir='ltr'>οὐδέν.</span> <span class='ocrx_word' id='word_1_75' title='bbox 441 1223 499 1275; x_wconf 87' lang='lat'><strong>&#39;0</strong></span> <span class='ocrx_word' id='word_1_76' title='bbox 529 1223 587 1281; x_wconf 79' lang='grc' dir='ltr'><strong>δὲ</strong></span> <span class='ocrx_word' id='word_1_77' title='bbox 644 1223 783 1292; x_wconf 75' lang='grc' dir='ltr'>μετὰ</span> <span class='ocrx_word' id='word_1_78' title='bbox 835 1223 935 1292; x_wconf 83' lang='grc' dir='ltr'><strong>τὴν</strong></span> <span class='ocrx_word' id='word_1_79' title='bbox 987 1221 1351 1294; x_wconf 84' lang='grc' dir='ltr'>πρόσκλησιν,</span> <span class='ocrx_word' id='word_1_80' title='bbox 1381 1221 1482 1289; x_wconf 82' lang='grc' dir='ltr'><strong>τῆς</strong></span> <span class='ocrx_word' id='word_1_81' title='bbox 1511 1221 1676 1290; x_wconf 81' lang='grc' dir='ltr'>εὐφο-</span> 
     </span>
    </p>
   </div>
   <div class='ocr_carea' id='block_1_14' title="bbox 86 1312 1672 1386">
    <p class='ocr_par' dir='ltr' id='par_1_14' title="bbox 86 1312 1672 1386">
     <span class='ocr_line' id='line_1_14' title="bbox 86 1312 1672 1386; baseline -0.001 -19"><span class='ocrx_word' id='word_1_82' title='bbox 86 1315 210 1386; x_wconf 86' lang='grc' dir='ltr'>ρίας</span> <span class='ocrx_word' id='word_1_83' title='bbox 238 1314 300 1367; x_wconf 80' lang='grc' dir='ltr'>τὸ</span> <span class='ocrx_word' id='word_1_84' title='bbox 331 1314 530 1384; x_wconf 78' lang='grc' dir='ltr'>ἥμισυ.</span> <span class='ocrx_word' id='word_1_85' title='bbox 562 1313 849 1384; x_wconf 79' lang='grc' dir='ltr'>Κερδαίνει</span> <span class='ocrx_word' id='word_1_86' title='bbox 877 1314 934 1366; x_wconf 86' lang='grc' dir='ltr'>δὲ</span> <span class='ocrx_word' id='word_1_87' title='bbox 961 1313 1081 1366; x_wconf 82' lang='grc' dir='ltr'><strong>ὅλον</strong></span> <span class='ocrx_word' id='word_1_88' title='bbox 1109 1312 1170 1365; x_wconf 83' lang='grc' dir='ltr'><strong>τὸ</strong></span> <span class='ocrx_word' id='word_1_89' title='bbox 1195 1312 1672 1383; x_wconf 81' lang='grc' dir='ltr'>προκαταϐληθὲν,</span> 
     </span>
    </p>
   </div>
   <div class='ocr_carea' id='block_1_15' title="bbox 82 1402 1674 1477">
    <p class='ocr_par' dir='ltr' id='par_1_15' title="bbox 82 1402 1674 1477">
     <span class='ocr_line' id='line_1_15' title="bbox 82 1402 1674 1477; baseline -0.003 -19"><span class='ocrx_word' id='word_1_90' title='bbox 82 1408 110 1458; x_wconf 98' lang='lat'><strong>6</strong></span> <span class='ocrx_word' id='word_1_91' title='bbox 142 1405 421 1477; x_wconf 80' lang='grc' dir='ltr'>μηδέποτε</span> <span class='ocrx_word' id='word_1_92' title='bbox 449 1405 536 1459; x_wconf 68' lang='grc' dir='ltr'><strong>διὰ</strong></span> <span class='ocrx_word' id='word_1_93' title='bbox 568 1404 747 1474; x_wconf 83' lang='grc' dir='ltr'>λύπην</span> <span class='ocrx_word' id='word_1_94' title='bbox 777 1404 1205 1472; x_wconf 73' lang='grc' dir='ltr'><strong>ἀποσυνάγωγος</strong></span> <span class='ocrx_word' id='word_1_95' title='bbox 1245 1402 1639 1474; x_wconf 78' lang='grc' dir='ltr'><strong>εὑρισκόμενος</strong></span> <span class='ocrx_word' id='word_1_96' title='bbox 1659 1417 1674 1433; x_wconf 77' lang='grc' dir='ltr'><strong>ο</strong></span> 
     </span>
    </p>
   </div>
   <div class='ocr_carea' id='block_1_16' title="bbox 82 1495 1691 1576">
    <p class='ocr_par' dir='ltr' id='par_1_16' title="bbox 82 1495 1691 1576">
     <span class='ocr_line' id='line_1_16' title="bbox 82 1495 1691 1576; baseline -0.002 -25"><span class='ocrx_word' id='word_1_97' title='bbox 82 1498 419 1568; x_wconf 81' lang='grc' dir='ltr'>προστίθησι</span> <span class='ocrx_word' id='word_1_98' title='bbox 451 1497 510 1550; x_wconf 80' lang='grc' dir='ltr'><strong>δὲ</strong></span> <span class='ocrx_word' id='word_1_99' title='bbox 541 1498 636 1550; x_wconf 77' lang='grc' dir='ltr'>καὶ</span> <span class='ocrx_word' id='word_1_100' title='bbox 683 1496 874 1568; x_wconf 77' lang='grc' dir='ltr'>μισθὸν</span> <span class='ocrx_word' id='word_1_101' title='bbox 904 1495 1105 1560; x_wconf 80' lang='grc' dir='ltr'>ὲαυτῶ,</span> <span class='ocrx_word' id='word_1_102' title='bbox 1144 1498 1173 1548; x_wconf 88' lang='grc' dir='ltr'><strong>ὁ</strong></span> <span class='ocrx_word' id='word_1_103' title='bbox 1203 1497 1266 1548; x_wconf 89' lang='grc' dir='ltr'>τὸ</span> <span class='ocrx_word' id='word_1_104' title='bbox 1293 1495 1518 1566; x_wconf 78' lang='grc' dir='ltr'><strong>σφάλμα</strong></span> <span class='ocrx_word' id='word_1_105' title='bbox 1551 1496 1691 1576; x_wconf 43' lang='grc' dir='ltr'>βάλε</span> 
     </span>
    </p>
   </div>
   <div class='ocr_carea' id='block_1_17' title="bbox 80 1585 960 1651">
    <p class='ocr_par' dir='ltr' id='par_1_17' title="bbox 80 1585 960 1651">
     <span class='ocr_line' id='line_1_17' title="bbox 80 1585 960 1651; baseline 0 -11"><span class='ocrx_word' id='word_1_106' title='bbox 80 1586 190 1642; x_wconf 80' lang='grc' dir='ltr'><strong>λων</strong></span> <span class='ocrx_word' id='word_1_107' title='bbox 223 1589 417 1642; x_wconf 77' lang='grc' dir='ltr'>ἐπάνω</span> <span class='ocrx_word' id='word_1_108' title='bbox 454 1586 655 1640; x_wconf 79' lang='grc' dir='ltr'>ἑαυτοῦ</span> <span class='ocrx_word' id='word_1_109' title='bbox 689 1588 746 1651; x_wconf 72' lang='grc' dir='ltr'><strong>ἐν</strong></span> <span class='ocrx_word' id='word_1_110' title='bbox 778 1585 960 1650; x_wconf 89' lang='grc' dir='ltr'>παντί.</span> 
     </span>
    </p>
   </div>
   <div class='ocr_carea' id='block_1_18' title="bbox 148 1859 1670 1936">
    <p class='ocr_par' dir='ltr' id='par_1_18' title="bbox 148 1859 1670 1936">
     <span class='ocr_line' id='line_1_18' title="bbox 148 1859 1670 1936; baseline 0.002 -20"><span class='ocrx_word' id='word_1_111' title='bbox 148 1863 262 1929; x_wconf 87' lang='grc' dir='ltr'><strong>λς’.</strong></span> <span class='ocrx_word' id='word_1_112' title='bbox 299 1863 443 1918; x_wconf 79' lang='grc' dir='ltr'>Οὔτε</span> <span class='ocrx_word' id='word_1_113' title='bbox 474 1865 502 1918; x_wconf 92' lang='lat'><strong>6</strong></span> <span class='ocrx_word' id='word_1_114' title='bbox 540 1862 871 1936; x_wconf 77' lang='grc' dir='ltr'><strong>ὑψηλόφρων</strong></span> <span class='ocrx_word' id='word_1_115' title='bbox 897 1863 1250 1932; x_wconf 78' lang='grc' dir='ltr'>ἐπιγινώσκει</span> <span class='ocrx_word' id='word_1_116' title='bbox 1285 1859 1373 1918; x_wconf 64' lang='grc' dir='ltr'>οἷα</span> <span class='ocrx_word' id='word_1_117' title='bbox 1422 1865 1489 1919; x_wconf 82' lang='grc' dir='ltr'>τὰ</span> <span class='ocrx_word' id='word_1_118' title='bbox 1538 1867 1670 1919; x_wconf 75' lang='grc' dir='ltr'>ἑαυ-</span> 
     </span>
    </p>
   </div>
   <div class='ocr_carea' id='block_1_19' title="bbox 80 1955 1678 2028">
    <p class='ocr_par' dir='ltr' id='par_1_19' title="bbox 80 1955 1678 2028">
     <span class='ocr_line' id='line_1_19' title="bbox 80 1955 1678 2028; baseline -0.001 -16"><span class='ocrx_word' id='word_1_119' title='bbox 80 1957 174 2012; x_wconf 84' lang='grc' dir='ltr'>τοῦ</span> <span class='ocrx_word' id='word_1_120' title='bbox 220 1957 630 2028; x_wconf 76' lang='grc' dir='ltr'>ἐλαττώματα,</span> <span class='ocrx_word' id='word_1_121' title='bbox 690 1955 815 2009; x_wconf 76' lang='grc' dir='ltr'>οὔτε</span> <span class='ocrx_word' id='word_1_122' title='bbox 864 1958 893 2008; x_wconf 87' lang='lat'><strong>6</strong></span> <span class='ocrx_word' id='word_1_123' title='bbox 945 1957 1332 2028; x_wconf 79' lang='grc' dir='ltr'>ταπεινόφρων</span> <span class='ocrx_word' id='word_1_124' title='bbox 1390 1958 1458 2011; x_wconf 81' lang='grc' dir='ltr'>τὰ</span> <span class='ocrx_word' id='word_1_125' title='bbox 1499 1961 1678 2012; x_wconf 84' lang='grc' dir='ltr'>οἰκεῖα</span> 
     </span>
    </p>
   </div>
   <div class='ocr_carea' id='block_1_20' title="bbox 82 2048 1674 2120">
    <p class='ocr_par' dir='ltr' id='par_1_20' title="bbox 82 2048 1674 2120">
     <span class='ocr_line' id='line_1_20' title="bbox 82 2048 1674 2120; baseline -0.001 -17"><span class='ocrx_word' id='word_1_126' title='bbox 82 2049 244 2110; x_wconf 71' lang='grc' dir='ltr'>καλά.</span> <span class='ocrx_word' id='word_1_127' title='bbox 282 2049 568 2102; x_wconf 86' lang='grc' dir='ltr'>Καλύπτει</span> <span class='ocrx_word' id='word_1_128' title='bbox 603 2049 734 2118; x_wconf 80' lang='grc' dir='ltr'>γὰρ,</span> <span class='ocrx_word' id='word_1_129' title='bbox 754 2049 846 2102; x_wconf 73' lang='grc' dir='ltr'><strong>τὸν</strong></span> <span class='ocrx_word' id='word_1_130' title='bbox 879 2050 999 2120; x_wconf 80' lang='grc' dir='ltr'>μὲν,</span> <span class='ocrx_word' id='word_1_131' title='bbox 1034 2048 1226 2117; x_wconf 76' lang='grc' dir='ltr'>ἄγνοια</span> <span class='ocrx_word' id='word_1_132' title='bbox 1256 2048 1457 2120; x_wconf 76' lang='grc' dir='ltr'>φαύληο</span> <span class='ocrx_word' id='word_1_133' title='bbox 1483 2050 1574 2103; x_wconf 82' lang='grc' dir='ltr'><strong>τὸν</strong></span> <span class='ocrx_word' id='word_1_134' title='bbox 1596 2050 1674 2115; x_wconf 86' lang='grc' dir='ltr'>δὲ,</span> 
     </span>
    </p>
   </div>
   <div class='ocr_carea' id='block_1_21' title="bbox 83 2123 891 2212">
    <p class='ocr_par' dir='ltr' id='par_1_21' title="bbox 83 2123 891 2212">
     <span class='ocr_line' id='line_1_21' title="bbox 83 2123 891 2212; baseline -0.004 -19"><span class='ocrx_word' id='word_1_135' title='bbox 83 2141 408 2212; x_wconf 75' lang='grc' dir='ltr'>θεάρεστος.</span> <span class='ocrx_word' id='word_1_136' title='bbox 886 2123 891 2190; x_wconf 60' lang='grc' dir='ltr'><strong>ί</strong></span> 
     </span>
    </p>
   </div>
   <div class='ocr_carea' id='block_1_22' title="bbox 153 2230 1676 2305">
    <p class='ocr_par' dir='ltr' id='par_1_22' title="bbox 153 2230 1676 2305">
     <span class='ocr_line' id='line_1_22' title="bbox 153 2230 1676 2305; baseline 0.004 -23"><span class='ocrx_word' id='word_1_137' title='bbox 153 2230 255 2294; x_wconf 68' lang='grc' dir='ltr'><strong>λζ’.</strong></span> <span class='ocrx_word' id='word_1_138' title='bbox 290 2231 422 2294; x_wconf 84' lang='grc' dir='ltr'>Τοῖς</span> <span class='ocrx_word' id='word_1_139' title='bbox 453 2230 718 2301; x_wconf 75' lang='grc' dir='ltr'>ἰσοτίμοις</span> <span class='ocrx_word' id='word_1_140' title='bbox 750 2231 778 2283; x_wconf 90' lang='grc' dir='ltr'>ὁ</span> <span class='ocrx_word' id='word_1_141' title='bbox 806 2231 1158 2301; x_wconf 76' lang='grc' dir='ltr'>ὑπερήφανος</span> <span class='ocrx_word' id='word_1_142' title='bbox 1184 2237 1245 2290; x_wconf 68' lang='grc' dir='ltr'>δν</span> <span class='ocrx_word' id='word_1_143' title='bbox 1269 2231 1455 2296; x_wconf 84' lang='grc' dir='ltr'>καλοῖς</span> <span class='ocrx_word' id='word_1_144' title='bbox 1495 2250 1676 2305; x_wconf 82' lang='grc' dir='ltr'>παρα-</span> 
     </span>
    </p>
   </div>
   <div class='ocr_carea' id='block_1_23' title="bbox 86 2322 1676 2396">
    <p class='ocr_par' dir='ltr' id='par_1_23' title="bbox 86 2322 1676 2396">
     <span class='ocr_line' id='line_1_23' title="bbox 86 2322 1676 2396; baseline 0.003 -22"><span class='ocrx_word' id='word_1_145' title='bbox 86 2322 414 2392; x_wconf 80' lang='grc' dir='ltr'><strong>μετρεῖσθαι</strong></span> <span class='ocrx_word' id='word_1_146' title='bbox 459 2323 520 2376; x_wconf 86' lang='grc' dir='ltr'><strong>οὐ</strong></span> <span class='ocrx_word' id='word_1_147' title='bbox 566 2322 847 2395; x_wconf 74' lang='grc' dir='ltr'>βούλεταιο</span> <span class='ocrx_word' id='word_1_148' title='bbox 900 2325 956 2377; x_wconf 84' lang='grc' dir='ltr'>ὲν</span> <span class='ocrx_word' id='word_1_149' title='bbox 998 2324 1054 2376; x_wconf 86' lang='grc' dir='ltr'><strong>δὲ</strong></span> <span class='ocrx_word' id='word_1_150' title='bbox 1086 2329 1195 2387; x_wconf 89' lang='grc' dir='ltr'>τοῖς</span> <span class='ocrx_word' id='word_1_151' title='bbox 1223 2325 1508 2389; x_wconf 76' lang='grc' dir='ltr'>ἐναντίοις,</span> <span class='ocrx_word' id='word_1_152' title='bbox 1540 2325 1676 2396; x_wconf 75' lang='grc' dir='ltr'>πρὸς</span> 
     </span>
    </p>
   </div>
   <div class='ocr_carea' id='block_1_24' title="bbox 85 2413 1676 2486">
    <p class='ocr_par' dir='ltr' id='par_1_24' title="bbox 85 2413 1676 2486">
     <span class='ocr_line' id='line_1_24' title="bbox 85 2413 1676 2486; baseline 0 -18"><span class='ocrx_word' id='word_1_153' title='bbox 85 2414 208 2477; x_wconf 69' lang='grc' dir='ltr'>τοὺς</span> <span class='ocrx_word' id='word_1_154' title='bbox 232 2414 632 2484; x_wconf 82' lang='grc' dir='ltr'>ὑπερέχοντας,</span> <span class='ocrx_word' id='word_1_155' title='bbox 672 2414 907 2484; x_wconf 75' lang='grc' dir='ltr'>φορητὸν</span> <span class='ocrx_word' id='word_1_156' title='bbox 938 2413 996 2466; x_wconf 80' lang='grc' dir='ltr'><strong>τὸ</strong></span> <span class='ocrx_word' id='word_1_157' title='bbox 1034 2413 1226 2468; x_wconf 79' lang='grc' dir='ltr'>ἑαυτοῦ</span> <span class='ocrx_word' id='word_1_158' title='bbox 1256 2415 1676 2486; x_wconf 75' lang='grc' dir='ltr'>παραϐαλλόμε-</span> 
     </span>
    </p>
   </div>
   <div class='ocr_carea' id='block_1_25' title="bbox 84 2489 1590 2580">
    <p class='ocr_par' dir='ltr' id='par_1_25' title="bbox 84 2489 1590 2580">
     <span class='ocr_line' id='line_1_25' title="bbox 84 2489 1590 2580; baseline 0.001 -19"><span class='ocrx_word' id='word_1_159' title='bbox 84 2523 173 2566; x_wconf 79' lang='grc' dir='ltr'><strong>νον</strong></span> <span class='ocrx_word' id='word_1_160' title='bbox 205 2509 430 2577; x_wconf 80' lang='grc' dir='ltr'>ἡγεῖται</span> <span class='ocrx_word' id='word_1_161' title='bbox 465 2507 777 2580; x_wconf 72' lang='grc' dir='ltr'>ἐλάττωμα.</span> <span class='ocrx_word' id='word_1_162' title='bbox 1241 2515 1249 2520; x_wconf 79' lang='grc'><strong>’</strong></span> <span class='ocrx_word' id='word_1_163' title='bbox 1345 2489 1349 2493; x_wconf 21' lang='grc' dir='ltr'><strong>Δ</strong></span> <span class='ocrx_word' id='word_1_164' title='bbox 1585 2493 1590 2497; x_wconf 23' lang='grc'>⁷</span> 
     </span>
    </p>
   </div>
   <div class='ocr_carea' id='block_1_26' title="bbox 93 2599 1676 2673">
    <p class='ocr_par' dir='ltr' id='par_1_26' title="bbox 93 2599 1676 2673">
     <span class='ocr_line' id='line_1_26' title="bbox 93 2599 1676 2673; baseline 0.001 -20"><span class='ocrx_word' id='word_1_165' title='bbox 93 2624 98 2629; x_wconf 92' lang='grc'>·</span> <span class='ocrx_word' id='word_1_166' title='bbox 146 2599 258 2671; x_wconf 84' lang='grc' dir='ltr'>λη’.</span> <span class='ocrx_word' id='word_1_167' title='bbox 300 2602 363 2654; x_wconf 84' lang='lat'><strong>&#39;0</strong></span> <span class='ocrx_word' id='word_1_168' title='bbox 399 2599 500 2672; x_wconf 84' lang='grc' dir='ltr'><strong>μὲν</strong></span> <span class='ocrx_word' id='word_1_169' title='bbox 536 2599 705 2670; x_wconf 74' lang='grc' dir='ltr'>ψόγος</span> <span class='ocrx_word' id='word_1_170' title='bbox 741 2601 995 2673; x_wconf 69' lang='grc' dir='ltr'>στερρὰν·</span> <span class='ocrx_word' id='word_1_171' title='bbox 1024 2602 1054 2653; x_wconf 89' lang='lat'><strong>6</strong></span> <span class='ocrx_word' id='word_1_172' title='bbox 1087 2601 1144 2654; x_wconf 75' lang='grc' dir='ltr'><strong>δὲ</strong></span> <span class='ocrx_word' id='word_1_173' title='bbox 1177 2601 1422 2665; x_wconf 62' lang='grc' dir='ltr'>ἔπεικος,</span> <span class='ocrx_word' id='word_1_174' title='bbox 1451 2601 1676 2655; x_wconf 70' lang='grc' dir='ltr'>ἔκλυτον</span> 
     </span>
    </p>
   </div>
   <div class='ocr_carea' id='block_1_27' title="bbox 85 2697 1672 2770">
    <p class='ocr_par' dir='ltr' id='par_1_27' title="bbox 85 2697 1672 2770">
     <span class='ocr_line' id='line_1_27' title="bbox 85 2697 1672 2770; baseline 0 -20"><span class='ocrx_word' id='word_1_175' title='bbox 85 2698 183 2770; x_wconf 71' lang='grc' dir='ltr'>τὴν</span> <span class='ocrx_word' id='word_1_176' title='bbox 220 2698 410 2770; x_wconf 77' lang='grc' dir='ltr'>ψυχὴν</span> <span class='ocrx_word' id='word_1_177' title='bbox 459 2698 835 2770; x_wconf 74' lang='grc' dir='ltr'><strong>ἀπεργάζεται</strong></span> <span class='ocrx_word' id='word_1_178' title='bbox 887 2698 982 2751; x_wconf 77' lang='grc' dir='ltr'><strong>καὶ</strong></span> <span class='ocrx_word' id='word_1_179' title='bbox 1025 2697 1376 2768; x_wconf 82' lang='grc' dir='ltr'>νωθροτέραν</span> <span class='ocrx_word' id='word_1_180' title='bbox 1423 2698 1561 2767; x_wconf 79' lang='grc' dir='ltr'>πρὸς</span> <span class='ocrx_word' id='word_1_181' title='bbox 1603 2697 1672 2750; x_wconf 76' lang='grc' dir='ltr'>τὰ</span> 
     </span>
    </p>
   </div>
   <div class='ocr_carea' id='block_1_28' title="bbox 86 2769 1479 2843">
    <p class='ocr_par' dir='ltr' id='par_1_28' title="bbox 86 2769 1479 2843">
     <span class='ocr_line' id='line_1_28' title="bbox 86 2769 1479 2843; baseline -0.002 -2"><span class='ocrx_word' id='word_1_182' title='bbox 86 2769 248 2843; x_wconf 70' lang='grc' dir='ltr'>καλά.</span> <span class='ocrx_word' id='word_1_183' title='bbox 366 2769 372 2770; x_wconf 21' lang='grc'><strong><em>⁷</em></strong></span> <span class='ocrx_word' id='word_1_184' title='bbox 576 2769 582 2770; x_wconf 16' lang='grc' dir='ltr'><strong>ί</strong></span> <span class='ocrx_word' id='word_1_185' title='bbox 695 2769 703 2774; x_wconf 47' lang='grc'><strong>”</strong></span> <span class='ocrx_word' id='word_1_186' title='bbox 1477 2775 1479 2778; x_wconf 54' lang='grc'><em>’</em></span> 
     </span>
    </p>
   </div>
   <div class='ocr_carea' id='block_1_29' title="bbox 153 2879 1671 2952">
    <p class='ocr_par' dir='ltr' id='par_1_29' title="bbox 153 2879 1671 2952">
     <span class='ocr_line' id='line_1_29' title="bbox 153 2879 1671 2952; baseline -0.001 -18"><span class='ocrx_word' id='word_1_187' title='bbox 153 2881 254 2936; x_wconf 86' lang='grc' dir='ltr'>λθ⁹.</span> <span class='ocrx_word' id='word_1_188' title='bbox 302 2882 637 2946; x_wconf 82' lang='grc' dir='ltr'>’Υπὸστασις</span> <span class='ocrx_word' id='word_1_189' title='bbox 675 2881 774 2952; x_wconf 80' lang='grc' dir='ltr'>μὲν</span> <span class='ocrx_word' id='word_1_190' title='bbox 806 2881 1040 2936; x_wconf 78' lang='grc' dir='ltr'>πλούτου</span> <span class='ocrx_word' id='word_1_191' title='bbox 1061 2922 1074 2944; x_wconf 93' lang='grc'><strong>,</strong></span> <span class='ocrx_word' id='word_1_192' title='bbox 1107 2881 1326 2952; x_wconf 82' lang='grc' dir='ltr'>χρυσός·</span> <span class='ocrx_word' id='word_1_193' title='bbox 1360 2879 1564 2950; x_wconf 78' lang='grc' dir='ltr'>ἀρετῆς</span> <span class='ocrx_word' id='word_1_194' title='bbox 1595 2879 1671 2942; x_wconf 75' lang='grc' dir='ltr'>δὲ,</span> 
     </span>
    </p>
   </div>
   <div class='ocr_carea' id='block_1_30' title="bbox 86 2971 1670 3044">
    <p class='ocr_par' dir='ltr' id='par_1_30' title="bbox 86 2971 1670 3044">
     <span class='ocr_line' id='line_1_30' title="bbox 86 2971 1670 3044; baseline 0 -21"><span class='ocrx_word' id='word_1_195' title='bbox 86 2975 442 3039; x_wconf 83' lang='grc' dir='ltr'>ταπείνωσις.</span> <span class='ocrx_word' id='word_1_196' title='bbox 493 2975 580 3036; x_wconf 85' lang='grc' dir='ltr'>Ὠς</span> <span class='ocrx_word' id='word_1_197' title='bbox 619 2971 709 3027; x_wconf 75' lang='grc' dir='ltr'><strong>οὖν</strong></span> <span class='ocrx_word' id='word_1_198' title='bbox 737 2976 765 3026; x_wconf 90' lang='lat'><strong>6</strong></span> <span class='ocrx_word' id='word_1_199' title='bbox 802 2973 1005 3044; x_wconf 81' lang='grc' dir='ltr'>χρυσοῦ</span> <span class='ocrx_word' id='word_1_200' title='bbox 1063 2972 1287 3044; x_wconf 84' lang='grc' dir='ltr'>ἀπορῶν</span> <span class='ocrx_word' id='word_1_201' title='bbox 1337 2973 1501 3042; x_wconf 78' lang='grc' dir='ltr'>πένης</span> <span class='ocrx_word' id='word_1_202' title='bbox 1534 2972 1670 3034; x_wconf 75' lang='grc' dir='ltr'>ἐστὶ,</span> 
     </span>
    </p>
   </div>
   <div class='ocr_carea' id='block_1_31' title="bbox 1782 501 2008 541">
    <p class='ocr_par' dir='ltr' id='par_1_31' title="bbox 1782 501 2008 541">
     <span class='ocr_line' id='line_1_31' title="bbox 1782 501 2008 541; baseline 0 -1"><span class='ocrx_word' id='word_1_203' title='bbox 1782 501 2008 541; x_wconf 79' lang='lat' dir='ltr'><strong>versari.</strong></span> 
     </span>
    </p>
   </div>
   <div class='ocr_carea' id='block_1_32' title="bbox 1854 574 3371 648">
    <p class='ocr_par' dir='ltr' id='par_1_32' title="bbox 1854 574 3371 648">
     <span class='ocr_line' id='line_1_32' title="bbox 1854 574 3371 648; baseline -0.002 -15"><span class='ocrx_word' id='word_1_204' title='bbox 1854 579 1943 633; x_wconf 69' lang='grc'><strong>54.</strong></span> <span class='ocrx_word' id='word_1_205' title='bbox 1978 580 2117 633; x_wconf 90' lang='lat' dir='ltr'><strong>Dum</strong></span> <span class='ocrx_word' id='word_1_206' title='bbox 2151 577 2276 648; x_wconf 87' lang='lat' dir='ltr'><strong>quis</strong></span> <span class='ocrx_word' id='word_1_207' title='bbox 2311 574 2770 646; x_wconf 87' lang='lat' dir='ltr'><strong>reprehenditur,</strong></span> <span class='ocrx_word' id='word_1_208' title='bbox 2805 581 2899 628; x_wconf 89' lang='lat' dir='ltr'><strong>aut</strong></span> <span class='ocrx_word' id='word_1_209' title='bbox 2931 582 3109 628; x_wconf 90' lang='lat' dir='ltr'><strong>taceat</strong></span> <span class='ocrx_word' id='word_1_210' title='bbox 3143 588 3371 630; x_wconf 83' lang='lat' dir='ltr'><strong>necesse</strong></span> 
     </span>
    </p>
   </div>
   <div class='ocr_carea' id='block_1_33' title="bbox 1780 667 3368 739">
    <p class='ocr_par' dir='ltr' id='par_1_33' title="bbox 1780 667 3368 739">
     <span class='ocr_line' id='line_1_33' title="bbox 1780 667 3368 739; baseline -0.004 -10"><span class='ocrx_word' id='word_1_211' title='bbox 1780 684 1887 738; x_wconf 89' lang='lat' dir='ltr'><strong>est,</strong></span> <span class='ocrx_word' id='word_1_212' title='bbox 1925 681 2020 727; x_wconf 86' lang='lat' dir='ltr'><strong>aut</strong></span> <span class='ocrx_word' id='word_1_213' title='bbox 2056 671 2257 727; x_wconf 80' lang='lat' dir='ltr'><strong>blande</strong></span> <span class='ocrx_word' id='word_1_214' title='bbox 2301 668 2581 739; x_wconf 84' lang='lat' dir='ltr'><strong>sugillanti</strong></span> <span class='ocrx_word' id='word_1_215' title='bbox 2623 667 2943 722; x_wconf 81' lang='lat' dir='ltr'><strong>excusando</strong></span> <span class='ocrx_word' id='word_1_216' title='bbox 2982 667 3313 736; x_wconf 89' lang='lat' dir='ltr'><strong>respondeat</strong></span> <span class='ocrx_word' id='word_1_217' title='bbox 3353 685 3368 722; x_wconf 91' lang='lat'><strong>:</strong></span> 
     </span>
    </p>
   </div>
   <div class='ocr_carea' id='block_1_34' title="bbox 1782 761 3371 833">
    <p class='ocr_par' dir='ltr' id='par_1_34' title="bbox 1782 761 3371 833">
     <span class='ocr_line' id='line_1_34' title="bbox 1782 761 3371 833; baseline -0.002 -15"><span class='ocrx_word' id='word_1_218' title='bbox 1782 781 1894 820; x_wconf 91' lang='lat' dir='ltr'><strong>non</strong></span> <span class='ocrx_word' id='word_1_219' title='bbox 1921 774 1981 818; x_wconf 92' lang='lat' dir='ltr'><strong>ut</strong></span> <span class='ocrx_word' id='word_1_220' title='bbox 2010 764 2055 818; x_wconf 90' lang='lat' dir='ltr'><strong>is</strong></span> <span class='ocrx_word' id='word_1_221' title='bbox 2079 765 2173 833; x_wconf 90' lang='lat' dir='ltr'><strong>qui</strong></span> <span class='ocrx_word' id='word_1_222' title='bbox 2206 761 2633 831; x_wconf 90' lang='lat' dir='ltr'><strong>reprehenditur</strong></span> <span class='ocrx_word' id='word_1_223' title='bbox 2657 775 2754 815; x_wconf 91' lang='lat' dir='ltr'><strong>sua</strong></span> <span class='ocrx_word' id='word_1_224' title='bbox 2781 768 3006 822; x_wconf 83' lang='lat' dir='ltr'><strong>statuat,</strong></span> <span class='ocrx_word' id='word_1_225' title='bbox 3031 761 3128 814; x_wconf 82' lang='lat' dir='ltr'><strong>sed</strong></span> <span class='ocrx_word' id='word_1_226' title='bbox 3156 769 3215 814; x_wconf 89' lang='lat' dir='ltr'><strong>ut</strong></span> <span class='ocrx_word' id='word_1_227' title='bbox 3243 776 3371 815; x_wconf 87' lang='lat' dir='ltr'><strong>eum</strong></span> 
     </span>
    </p>
   </div>
   <div class='ocr_carea' id='block_1_35' title="bbox 1781 851 3369 926">
    <p class='ocr_par' dir='ltr' id='par_1_35' title="bbox 1781 851 3369 926">
     <span class='ocr_line' id='line_1_35' title="bbox 1781 851 3369 926; baseline -0.001 -18"><span class='ocrx_word' id='word_1_228' title='bbox 1781 856 1874 926; x_wconf 87' lang='lat' dir='ltr'><strong>qui</strong></span> <span class='ocrx_word' id='word_1_229' title='bbox 1905 856 2045 910; x_wconf 89' lang='lat' dir='ltr'><strong>forte</strong></span> <span class='ocrx_word' id='word_1_230' title='bbox 2076 853 2331 916; x_wconf 73' lang='lat' dir='ltr'><strong>offendit,</strong></span> <span class='ocrx_word' id='word_1_231' title='bbox 2359 867 2458 922; x_wconf 86' lang='lat' dir='ltr'><strong>per</strong></span> <span class='ocrx_word' id='word_1_232' title='bbox 2483 852 2853 922; x_wconf 73' lang='lat' dir='ltr'><strong>ignorantiam</strong></span> <span class='ocrx_word' id='word_1_233' title='bbox 2884 851 3369 922; x_wconf 87' lang='lat' dir='ltr'><strong>reprehendendo,</strong></span> 
     </span>
    </p>
   </div>
   <div class='ocr_carea' id='block_1_36' title="bbox 1780 945 1974 1014">
    <p class='ocr_par' dir='ltr' id='par_1_36' title="bbox 1780 945 1974 1014">
     <span class='ocr_line' id='line_1_36' title="bbox 1780 945 1974 1014; baseline -0.01 -15"><span class='ocrx_word' id='word_1_234' title='bbox 1780 945 1974 1014; x_wconf 78' lang='lat' dir='ltr'><strong>erigat.</strong></span> 
     </span>
    </p>
   </div>
   <div class='ocr_carea' id='block_1_37' title="bbox 1853 1034 3374 1106">
    <p class='ocr_par' dir='ltr' id='par_1_37' title="bbox 1853 1034 3374 1106">
     <span class='ocr_line' id='line_1_37' title="bbox 1853 1034 3374 1106; baseline 0 -16"><span class='ocrx_word' id='word_1_235' title='bbox 1853 1038 1942 1091; x_wconf 78' lang='grc'><strong>55.</strong></span> <span class='ocrx_word' id='word_1_236' title='bbox 1965 1036 2070 1102; x_wconf 91' lang='lat' dir='ltr'><strong>Qui</strong></span> <span class='ocrx_word' id='word_1_237' title='bbox 2096 1037 2145 1090; x_wconf 87' lang='lat' dir='ltr'><strong>ei</strong></span> <span class='ocrx_word' id='word_1_238' title='bbox 2171 1037 2266 1105; x_wconf 89' lang='lat' dir='ltr'><strong>qul</strong></span> <span class='ocrx_word' id='word_1_239' title='bbox 2295 1035 2496 1106; x_wconf 79' lang='lat' dir='ltr'><strong>injuria</strong></span> <span class='ocrx_word' id='word_1_240' title='bbox 2523 1034 2680 1098; x_wconf 60' lang='lat' dir='ltr'><strong>lusit,</strong></span> <span class='ocrx_word' id='word_1_241' title='bbox 2705 1035 3024 1105; x_wconf 80' lang='lat' dir='ltr'><strong>priusquam</strong></span> <span class='ocrx_word' id='word_1_242' title='bbox 3047 1036 3118 1091; x_wconf 89' lang='lat' dir='ltr'><strong>ab</strong></span> <span class='ocrx_word' id='word_1_243' title='bbox 3139 1052 3207 1091; x_wconf 92' lang='lat' dir='ltr'><strong>eo</strong></span> <span class='ocrx_word' id='word_1_244' title='bbox 3234 1037 3374 1090; x_wconf 83' lang='lat' dir='ltr'><strong>invi-</strong></span> 
     </span>
    </p>
   </div>
   <div class='ocr_carea' id='block_1_38' title="bbox 1781 1127 3372 1199">
    <p class='ocr_par' dir='ltr' id='par_1_38' title="bbox 1781 1127 3372 1199">
     <span class='ocr_line' id='line_1_38' title="bbox 1781 1127 3372 1199; baseline -0.002 -14"><span class='ocrx_word' id='word_1_245' title='bbox 1781 1138 2013 1193; x_wconf 86' lang='lat' dir='ltr'><strong>taretur,</strong></span> <span class='ocrx_word' id='word_1_246' title='bbox 2037 1129 2437 1184; x_wconf 68' lang='lat' dir='ltr'><strong>benevolentiae</strong></span> <span class='ocrx_word' id='word_1_247' title='bbox 2464 1128 2646 1182; x_wconf 88' lang='lat' dir='ltr'><strong>sinum</strong></span> <span class='ocrx_word' id='word_1_248' title='bbox 2672 1128 2870 1197; x_wconf 88' lang='lat' dir='ltr'><strong>aperit,</strong></span> <span class='ocrx_word' id='word_1_249' title='bbox 2893 1129 3012 1199; x_wconf 90' lang='lat' dir='ltr'><strong>ejus</strong></span> <span class='ocrx_word' id='word_1_250' title='bbox 3035 1129 3181 1198; x_wconf 90' lang='lat' dir='ltr'><strong>quod</strong></span> <span class='ocrx_word' id='word_1_251' title='bbox 3209 1127 3372 1182; x_wconf 80' lang='lat' dir='ltr'><strong>ollicii</strong></span> 
     </span>
    </p>
   </div>
   <div class='ocr_carea' id='block_1_39' title="bbox 1779 1209 3373 1292">
    <p class='ocr_par' dir='ltr' id='par_1_39' title="bbox 1779 1209 3373 1292">
     <span class='ocr_line' id='line_1_39' title="bbox 1779 1209 3373 1292; baseline -0.002 -15"><span class='ocrx_word' id='word_1_252' title='bbox 1779 1223 1852 1278; x_wconf 83' lang='lat' dir='ltr'><strong>sit</strong></span> <span class='ocrx_word' id='word_1_253' title='bbox 1877 1209 2084 1277; x_wconf 87' lang='lat' dir='ltr'><strong>nullam</strong></span> <span class='ocrx_word' id='word_1_254' title='bbox 2113 1223 2388 1292; x_wconf 86' lang='lat' dir='ltr'><strong>jacturam</strong></span> <span class='ocrx_word' id='word_1_255' title='bbox 2414 1220 2568 1275; x_wconf 89' lang='lat' dir='ltr'><strong>fecit.</strong></span> <span class='ocrx_word' id='word_1_256' title='bbox 2595 1219 2699 1285; x_wconf 90' lang='lat' dir='ltr'><strong>Qui</strong></span> <span class='ocrx_word' id='word_1_257' title='bbox 2732 1231 2866 1274; x_wconf 67' lang='lat' dir='ltr'><strong>Vero</strong></span> <span class='ocrx_word' id='word_1_258' title='bbox 2899 1228 3189 1289; x_wconf 85' lang='lat' dir='ltr'><strong>postquam</strong></span> <span class='ocrx_word' id='word_1_259' title='bbox 3226 1220 3373 1274; x_wconf 88' lang='lat' dir='ltr'><strong>invi-</strong></span> 
     </span>
    </p>
   </div>
   <div class='ocr_carea' id='block_1_40' title="bbox 1787 1311 3372 1382">
    <p class='ocr_par' dir='ltr' id='par_1_40' title="bbox 1787 1311 3372 1382">
     <span class='ocr_line' id='line_1_40' title="bbox 1787 1311 3372 1382; baseline -0.003 -12"><span class='ocrx_word' id='word_1_260' title='bbox 1787 1325 1932 1370; x_wconf 84' lang='lat' dir='ltr'><strong>tatus</strong></span> <span class='ocrx_word' id='word_1_261' title='bbox 1980 1314 2183 1379; x_wconf 89' lang='lat' dir='ltr'><strong>fuerit,</strong></span> <span class='ocrx_word' id='word_1_262' title='bbox 2233 1312 2513 1368; x_wconf 87' lang='lat' dir='ltr'><strong>uberioris</strong></span> <span class='ocrx_word' id='word_1_263' title='bbox 2561 1311 2772 1366; x_wconf 89' lang='lat' dir='ltr'><strong>fructus</strong></span> <span class='ocrx_word' id='word_1_264' title='bbox 2817 1312 3102 1374; x_wconf 82' lang='lat' dir='ltr'><strong>dimidiam</strong></span> <span class='ocrx_word' id='word_1_265' title='bbox 3159 1321 3372 1382; x_wconf 88' lang='lat' dir='ltr'><strong>partem</strong></span> 
     </span>
    </p>
   </div>
   <div class='ocr_carea' id='block_1_41' title="bbox 1779 1405 3375 1475">
    <p class='ocr_par' dir='ltr' id='par_1_41' title="bbox 1779 1405 3375 1475">
     <span class='ocr_line' id='line_1_41' title="bbox 1779 1405 3375 1475; baseline -0.002 -13"><span class='ocrx_word' id='word_1_266' title='bbox 1779 1407 1983 1462; x_wconf 89' lang='lat' dir='ltr'><strong>amisit.</strong></span> <span class='ocrx_word' id='word_1_267' title='bbox 2012 1407 2287 1461; x_wconf 89' lang='lat' dir='ltr'><strong>Lucratur</strong></span> <span class='ocrx_word' id='word_1_268' title='bbox 2313 1412 2500 1458; x_wconf 88' lang='lat' dir='ltr'><strong>autem</strong></span> <span class='ocrx_word' id='word_1_269' title='bbox 2526 1405 2797 1474; x_wconf 87' lang='lat' dir='ltr'><strong>quidquid</strong></span> <span class='ocrx_word' id='word_1_270' title='bbox 2826 1405 3007 1460; x_wconf 80' lang='lat' dir='ltr'><strong>fuerat</strong></span> <span class='ocrx_word' id='word_1_271' title='bbox 3033 1405 3375 1475; x_wconf 86' lang='lat' dir='ltr'><strong>prosemina-</strong></span> 
     </span>
    </p>
   </div>
   <div class='ocr_carea' id='block_1_42' title="bbox 1780 1495 3436 1569">
    <p class='ocr_par' dir='ltr' id='par_1_42' title="bbox 1780 1495 3436 1569">
     <span class='ocr_line' id='line_1_42' title="bbox 1780 1495 3436 1569; baseline -0.004 -16"><span class='ocrx_word' id='word_1_272' title='bbox 1780 1507 1919 1564; x_wconf 88' lang='lat' dir='ltr'><strong>tum,</strong></span> <span class='ocrx_word' id='word_1_273' title='bbox 1952 1499 2047 1569; x_wconf 88' lang='lat' dir='ltr'><strong>qui</strong></span> <span class='ocrx_word' id='word_1_274' title='bbox 2082 1513 2196 1568; x_wconf 64' lang='lat' dir='ltr'><strong>prae</strong></span> <span class='ocrx_word' id='word_1_275' title='bbox 2229 1495 2452 1551; x_wconf 81' lang='lat' dir='ltr'><strong>tristitia</strong></span> <span class='ocrx_word' id='word_1_276' title='bbox 2489 1495 2770 1564; x_wconf 90' lang='lat' dir='ltr'><strong>animique</strong></span> <span class='ocrx_word' id='word_1_277' title='bbox 2804 1512 3058 1562; x_wconf 88' lang='lat' dir='ltr'><strong>raneorc,</strong></span> <span class='ocrx_word' id='word_1_278' title='bbox 3089 1513 3372 1566; x_wconf 88' lang='lat' dir='ltr'><strong>nunquam</strong></span> <span class='ocrx_word' id='word_1_279' title='bbox 3429 1539 3436 1546; x_wconf 93' lang='lat'><strong>.</strong></span> 
     </span>
    </p>
   </div>
   <div class='ocr_carea' id='block_1_43' title="bbox 1779 1588 3372 1660">
    <p class='ocr_par' dir='ltr' id='par_1_43' title="bbox 1779 1588 3372 1660">
     <span class='ocr_line' id='line_1_43' title="bbox 1779 1588 3372 1660; baseline -0.001 -14"><span class='ocrx_word' id='word_1_280' title='bbox 1779 1591 2129 1660; x_wconf 83' lang='lat' dir='ltr'><strong>praesentiam</strong></span> <span class='ocrx_word' id='word_1_281' title='bbox 2176 1589 2506 1644; x_wconf 73' lang='lat' dir='ltr'><strong>subduxisse</strong></span> <span class='ocrx_word' id='word_1_282' title='bbox 2556 1590 2858 1643; x_wconf 77' lang='lat' dir='ltr'><strong>invenitur.</strong></span> <span class='ocrx_word' id='word_1_283' title='bbox 2889 1588 3008 1643; x_wconf 88' lang='lat' dir='ltr'><strong>.Sed</strong></span> <span class='ocrx_word' id='word_1_284' title='bbox 3045 1597 3111 1643; x_wconf 80' lang='lat' dir='ltr'><strong>et</strong></span> <span class='ocrx_word' id='word_1_285' title='bbox 3157 1605 3372 1645; x_wconf 88' lang='lat' dir='ltr'><strong>merce-</strong></span> 
     </span>
    </p>
   </div>
   <div class='ocr_carea' id='block_1_44' title="bbox 1781 1681 3369 1752">
    <p class='ocr_par' dir='ltr' id='par_1_44' title="bbox 1781 1681 3369 1752">
     <span class='ocr_line' id='line_1_44' title="bbox 1781 1681 3369 1752; baseline 0 -14"><span class='ocrx_word' id='word_1_286' title='bbox 1781 1684 1908 1739; x_wconf 90' lang='lat' dir='ltr'><strong>dem</strong></span> <span class='ocrx_word' id='word_1_287' title='bbox 1947 1684 2053 1739; x_wconf 83' lang='lat' dir='ltr'><strong>sibi</strong></span> <span class='ocrx_word' id='word_1_288' title='bbox 2086 1683 2429 1748; x_wconf 83' lang='lat' dir='ltr'><strong>accumulat,</strong></span> <span class='ocrx_word' id='word_1_289' title='bbox 2457 1681 2568 1752; x_wconf 74' lang='lat' dir='ltr'><strong>qui</strong></span> <span class='ocrx_word' id='word_1_290' title='bbox 2589 1683 2644 1736; x_wconf 91' lang='lat' dir='ltr'><strong>iu</strong></span> <span class='ocrx_word' id='word_1_291' title='bbox 2679 1682 2940 1737; x_wconf 87' lang='lat' dir='ltr'><strong>omnibus</strong></span> <span class='ocrx_word' id='word_1_292' title='bbox 2975 1681 3030 1735; x_wconf 90' lang='lat' dir='ltr'><strong>in</strong></span> <span class='ocrx_word' id='word_1_293' title='bbox 3061 1699 3118 1736; x_wconf 88' lang='lat' dir='ltr'><strong>se</strong></span> <span class='ocrx_word' id='word_1_294' title='bbox 3153 1684 3369 1752; x_wconf 79' lang='lat' dir='ltr'><strong>culpam</strong></span> 
     </span>
    </p>
   </div>
   <div class='ocr_carea' id='block_1_45' title="bbox 1783 1778 1983 1849">
    <p class='ocr_par' dir='ltr' id='par_1_45' title="bbox 1783 1778 1983 1849">
     <span class='ocr_line' id='line_1_45' title="bbox 1783 1778 1983 1849; baseline -0.015 -16"><span class='ocrx_word' id='word_1_295' title='bbox 1783 1778 1983 1849; x_wconf 88' lang='lat' dir='ltr'><strong>rejicit.</strong></span> 
     </span>
    </p>
   </div>
   <div class='ocr_carea' id='block_1_46' title="bbox 1846 1865 3372 1940">
    <p class='ocr_par' dir='ltr' id='par_1_46' title="bbox 1846 1865 3372 1940">
     <span class='ocr_line' id='line_1_46' title="bbox 1846 1865 3372 1940; baseline 0 -19"><span class='ocrx_word' id='word_1_296' title='bbox 1846 1867 2011 1940; x_wconf 65' lang='grc'><strong>645</strong></span> <span class='ocrx_word' id='word_1_297' title='bbox 2055 1868 2144 1922; x_wconf 83' lang='lat'><strong>&#39;56.</strong></span> <span class='ocrx_word' id='word_1_298' title='bbox 2188 1867 2302 1921; x_wconf 87' lang='lat' dir='ltr'><strong>Nec</strong></span> <span class='ocrx_word' id='word_1_299' title='bbox 2345 1865 2441 1936; x_wconf 91' lang='lat' dir='ltr'><strong>qui</strong></span> <span class='ocrx_word' id='word_1_300' title='bbox 2490 1866 2638 1920; x_wconf 90' lang='lat' dir='ltr'><strong>elato</strong></span> <span class='ocrx_word' id='word_1_301' title='bbox 2678 1873 2762 1920; x_wconf 86' lang='lat' dir='ltr'><strong>est</strong></span> <span class='ocrx_word' id='word_1_302' title='bbox 2809 1866 2996 1921; x_wconf 88' lang='lat' dir='ltr'><strong>animo</strong></span> <span class='ocrx_word' id='word_1_303' title='bbox 3037 1881 3169 1921; x_wconf 88' lang='lat' dir='ltr'><strong>suos</strong></span> <span class='ocrx_word' id='word_1_304' title='bbox 3215 1867 3372 1921; x_wconf 83' lang='lat' dir='ltr'><strong>novit</strong></span> 
     </span>
    </p>
   </div>
   <div class='ocr_carea' id='block_1_47' title="bbox 1777 1959 3370 2030">
    <p class='ocr_par' dir='ltr' id='par_1_47' title="bbox 1777 1959 3370 2030">
     <span class='ocr_line' id='line_1_47' title="bbox 1777 1959 3370 2030; baseline -0.001 -14"><span class='ocrx_word' id='word_1_305' title='bbox 1777 1960 2046 2024; x_wconf 86' lang='lat' dir='ltr'><strong>defectus,</strong></span> <span class='ocrx_word' id='word_1_306' title='bbox 2076 1960 2265 2030; x_wconf 86' lang='lat' dir='ltr'><strong>quanti</strong></span> <span class='ocrx_word' id='word_1_307' title='bbox 2312 1959 2452 2024; x_wconf 89' lang='lat' dir='ltr'><strong>sint;-</strong></span> <span class='ocrx_word' id='word_1_308' title='bbox 2494 1973 2600 2014; x_wconf 89' lang='lat' dir='ltr'><strong>nec</strong></span> <span class='ocrx_word' id='word_1_309' title='bbox 2638 1959 2732 2028; x_wconf 85' lang='lat' dir='ltr'><strong>qui</strong></span> <span class='ocrx_word' id='word_1_310' title='bbox 2773 1959 2967 2012; x_wconf 87' lang='lat' dir='ltr'><strong>humili</strong></span> <span class='ocrx_word' id='word_1_311' title='bbox 3010 1959 3370 2028; x_wconf 84' lang='lat' dir='ltr'><strong>modesteque</strong></span> 
     </span>
    </p>
   </div>
   <div class='ocr_carea' id='block_1_48' title="bbox 1776 2050 3371 2122">
    <p class='ocr_par' dir='ltr' id='par_1_48' title="bbox 1776 2050 3371 2122">
     <span class='ocr_line' id='line_1_48' title="bbox 1776 2050 3371 2122; baseline -0.001 -15"><span class='ocrx_word' id='word_1_312' title='bbox 1776 2068 1964 2115; x_wconf 86' lang='lat' dir='ltr'><strong>sensu,</strong></span> <span class='ocrx_word' id='word_1_313' title='bbox 1993 2067 2092 2107; x_wconf 90' lang='lat' dir='ltr'><strong>sua</strong></span> <span class='ocrx_word' id='word_1_314' title='bbox 2128 2052 2301 2116; x_wconf 89' lang='lat' dir='ltr'><strong>bona;</strong></span> <span class='ocrx_word' id='word_1_315' title='bbox 2337 2051 2480 2106; x_wconf 84' lang='lat' dir='ltr'><strong>celat</strong></span> <span class='ocrx_word' id='word_1_316' title='bbox 2507 2051 2654 2105; x_wconf 91' lang='lat' dir='ltr'><strong>enim</strong></span> <span class='ocrx_word' id='word_1_317' title='bbox 2691 2058 2807 2104; x_wconf 86' lang='lat' dir='ltr'><strong>tum</strong></span> <span class='ocrx_word' id='word_1_318' title='bbox 2843 2050 2998 2104; x_wconf 91' lang='lat' dir='ltr'><strong>illum</strong></span> <span class='ocrx_word' id='word_1_319' title='bbox 3033 2051 3176 2104; x_wconf 89' lang='lat' dir='ltr'><strong>mala</strong></span> <span class='ocrx_word' id='word_1_320' title='bbox 3211 2051 3371 2122; x_wconf 59' lang='lat' dir='ltr'><strong>ignee</strong></span> 
     </span>
    </p>
   </div>
   <div class='ocr_carea' id='block_1_49' title="bbox 1777 2143 2710 2212">
    <p class='ocr_par' dir='ltr' id='par_1_49' title="bbox 1777 2143 2710 2212">
     <span class='ocr_line' id='line_1_49' title="bbox 1777 2143 2710 2212; baseline -0.002 -15"><span class='ocrx_word' id='word_1_321' title='bbox 1777 2144 1977 2207; x_wconf 87' lang='lat' dir='ltr'><strong>rantia,</strong></span> <span class='ocrx_word' id='word_1_322' title='bbox 2005 2153 2120 2198; x_wconf 92' lang='lat' dir='ltr'><strong>tum</strong></span> <span class='ocrx_word' id='word_1_323' title='bbox 2150 2145 2300 2198; x_wconf 92' lang='lat' dir='ltr'><strong>hunc</strong></span> <span class='ocrx_word' id='word_1_324' title='bbox 2326 2143 2438 2197; x_wconf 89' lang='lat' dir='ltr'><strong>Deo</strong></span> <span class='ocrx_word' id='word_1_325' title='bbox 2465 2151 2710 2212; x_wconf 84' lang='lat' dir='ltr'><strong>accepta.</strong></span> 
     </span>
    </p>
   </div>
   <div class='ocr_carea' id='block_1_50' title="bbox 1847 2233 3370 2306">
    <p class='ocr_par' dir='ltr' id='par_1_50' title="bbox 1847 2233 3370 2306">
     <span class='ocr_line' id='line_1_50' title="bbox 1847 2233 3370 2306; baseline -0.001 -16"><span class='ocrx_word' id='word_1_326' title='bbox 1847 2236 1935 2290; x_wconf 82' lang='grc'><strong>57.</strong></span> <span class='ocrx_word' id='word_1_327' title='bbox 1971 2235 2256 2306; x_wconf 89' lang='lat' dir='ltr'><strong>Superbus</strong></span> <span class='ocrx_word' id='word_1_328' title='bbox 2297 2235 2353 2289; x_wconf 91' lang='lat' dir='ltr'><strong>iu</strong></span> <span class='ocrx_word' id='word_1_329' title='bbox 2398 2234 2589 2300; x_wconf 88' lang='lat' dir='ltr'><strong>bonis,</strong></span> <span class='ocrx_word' id='word_1_330' title='bbox 2623 2233 2931 2302; x_wconf 80' lang='lat' dir='ltr'><strong>aequalibus</strong></span> <span class='ocrx_word' id='word_1_331' title='bbox 2973 2234 3232 2303; x_wconf 91' lang='lat' dir='ltr'><strong>componi</strong></span> <span class='ocrx_word' id='word_1_332' title='bbox 3285 2249 3370 2288; x_wconf 88' lang='lat' dir='ltr'><strong>re-</strong></span> 
     </span>
    </p>
   </div>
   <div class='ocr_carea' id='block_1_51' title="bbox 1775 2323 3370 2393">
    <p class='ocr_par' dir='ltr' id='par_1_51' title="bbox 1775 2323 3370 2393">
     <span class='ocr_line' id='line_1_51' title="bbox 1775 2323 3370 2393; baseline -0.001 -13"><span class='ocrx_word' id='word_1_333' title='bbox 1775 2327 1900 2380; x_wconf 88' lang='lat' dir='ltr'><strong>nuit</strong></span> <span class='ocrx_word' id='word_1_334' title='bbox 1945 2344 1958 2379; x_wconf 91' lang='lat'><strong>:</strong></span> <span class='ocrx_word' id='word_1_335' title='bbox 2005 2327 2062 2380; x_wconf 88' lang='lat' dir='ltr'><strong>in</strong></span> <span class='ocrx_word' id='word_1_336' title='bbox 2107 2324 2408 2380; x_wconf 86' lang='lat' dir='ltr'><strong>contrariis</strong></span> <span class='ocrx_word' id='word_1_337' title='bbox 2451 2338 2586 2377; x_wconf 87' lang='lat' dir='ltr'><strong>vero</strong></span> <span class='ocrx_word' id='word_1_338' title='bbox 2627 2323 2932 2393; x_wconf 86' lang='lat' dir='ltr'><strong>malisque,</strong></span> <span class='ocrx_word' id='word_1_339' title='bbox 2968 2337 3094 2376; x_wconf 91' lang='lat' dir='ltr'><strong>cum</strong></span> <span class='ocrx_word' id='word_1_340' title='bbox 3138 2323 3226 2377; x_wconf 90' lang='lat' dir='ltr'><strong>his</strong></span> <span class='ocrx_word' id='word_1_341' title='bbox 3273 2325 3370 2392; x_wconf 87' lang='lat' dir='ltr'><strong>qui</strong></span> 
     </span>
    </p>
   </div>
   <div class='ocr_carea' id='block_1_52' title="bbox 1777 2411 3370 2486">
    <p class='ocr_par' dir='ltr' id='par_1_52' title="bbox 1777 2411 3370 2486">
     <span class='ocr_line' id='line_1_52' title="bbox 1777 2411 3370 2486; baseline -0.001 -18"><span class='ocrx_word' id='word_1_342' title='bbox 1777 2415 2114 2486; x_wconf 60' lang='lat' dir='ltr'><strong>praecellunt-</strong></span> <span class='ocrx_word' id='word_1_343' title='bbox 2136 2413 2401 2468; x_wconf 89' lang='lat' dir='ltr'><strong>collatum</strong></span> <span class='ocrx_word' id='word_1_344' title='bbox 2432 2411 2628 2466; x_wconf 85' lang='lat' dir='ltr'><strong>vitium</strong></span> <span class='ocrx_word' id='word_1_345' title='bbox 2659 2426 2844 2478; x_wconf 88' lang='lat' dir='ltr'><strong>suum,</strong></span> <span class='ocrx_word' id='word_1_346' title='bbox 2883 2411 3170 2466; x_wconf 89' lang='lat' dir='ltr'><strong>tolerabile</strong></span> <span class='ocrx_word' id='word_1_347' title='bbox 3207 2428 3370 2482; x_wconf 52' lang='lat' dir='ltr'><strong>prore</strong></span> 
     </span>
    </p>
   </div>
   <div class='ocr_carea' id='block_1_53' title="bbox 1775 2505 2199 2563">
    <p class='ocr_par' dir='ltr' id='par_1_53' title="bbox 1775 2505 2199 2563">
     <span class='ocr_line' id='line_1_53' title="bbox 1775 2505 2199 2563; baseline -0.009 -1"><span class='ocrx_word' id='word_1_348' title='bbox 1775 2522 1870 2563; x_wconf 91' lang='lat' dir='ltr'><strong>sus</strong></span> <span class='ocrx_word' id='word_1_349' title='bbox 1899 2505 2199 2560; x_wconf 78' lang='lat' dir='ltr'><strong>existimat.</strong></span> 
     </span>
    </p>
   </div>
   <div class='ocr_carea' id='block_1_54' title="bbox 1851 2595 3367 2666">
    <p class='ocr_par' dir='ltr' id='par_1_54' title="bbox 1851 2595 3367 2666">
     <span class='ocr_line' id='line_1_54' title="bbox 1851 2595 3367 2666; baseline -0.001 -14"><span class='ocrx_word' id='word_1_350' title='bbox 1851 2598 1941 2652; x_wconf 75' lang='lat'><strong>58.</strong></span> <span class='ocrx_word' id='word_1_351' title='bbox 1976 2595 2326 2666; x_wconf 78' lang='lat' dir='ltr'><strong>Vitupcrium</strong></span> <span class='ocrx_word' id='word_1_352' title='bbox 2373 2595 2632 2666; x_wconf 88' lang='lat' dir='ltr'><strong>quidem,</strong></span> <span class='ocrx_word' id='word_1_353' title='bbox 2668 2595 2958 2651; x_wconf 87' lang='lat' dir='ltr'><strong>robustum</strong></span> <span class='ocrx_word' id='word_1_354' title='bbox 3002 2613 3066 2652; x_wconf 88' lang='lat' dir='ltr'><strong>ac</strong></span> <span class='ocrx_word' id='word_1_355' title='bbox 3113 2597 3310 2652; x_wconf 85' lang='lat' dir='ltr'><strong>fortem</strong></span> <span class='ocrx_word' id='word_1_356' title='bbox 3352 2613 3367 2650; x_wconf 88' lang='lat'><strong>:</strong></span> 
     </span>
    </p>
   </div>
   <div class='ocr_carea' id='block_1_55' title="bbox 1779 2688 3372 2760">
    <p class='ocr_par' dir='ltr' id='par_1_55' title="bbox 1779 2688 3372 2760">
     <span class='ocr_line' id='line_1_55' title="bbox 1779 2688 3372 2760; baseline 0 -18"><span class='ocrx_word' id='word_1_357' title='bbox 1779 2690 1898 2744; x_wconf 89' lang='lat' dir='ltr'><strong>laus</strong></span> <span class='ocrx_word' id='word_1_358' title='bbox 1926 2703 2080 2753; x_wconf 88' lang='lat' dir='ltr'><strong>vero,</strong></span> <span class='ocrx_word' id='word_1_359' title='bbox 2113 2689 2356 2742; x_wconf 88' lang='lat' dir='ltr'><strong>solutum</strong></span> <span class='ocrx_word' id='word_1_360' title='bbox 2401 2703 2466 2742; x_wconf 90' lang='lat' dir='ltr'><strong>ac</strong></span> <span class='ocrx_word' id='word_1_361' title='bbox 2501 2688 2743 2760; x_wconf 83' lang='lat' dir='ltr'><strong>mollem,</strong></span> <span class='ocrx_word' id='word_1_362' title='bbox 2772 2697 2826 2743; x_wconf 90' lang='lat' dir='ltr'><strong>et</strong></span> <span class='ocrx_word' id='word_1_363' title='bbox 2864 2690 2932 2745; x_wconf 88' lang='lat' dir='ltr'><strong>ad</strong></span> <span class='ocrx_word' id='word_1_364' title='bbox 2978 2705 3042 2746; x_wconf 88' lang='lat' dir='ltr'><strong>ca</strong></span> <span class='ocrx_word' id='word_1_365' title='bbox 3082 2706 3205 2760; x_wconf 59' lang='lat' dir='ltr'><strong>quae</strong></span> <span class='ocrx_word' id='word_1_366' title='bbox 3241 2697 3372 2746; x_wconf 86' lang='lat' dir='ltr'><strong>sunt</strong></span> 
     </span>
    </p>
   </div>
   <div class='ocr_carea' id='block_1_56' title="bbox 1776 2778 2692 2850">
    <p class='ocr_par' dir='ltr' id='par_1_56' title="bbox 1776 2778 2692 2850">
     <span class='ocr_line' id='line_1_56' title="bbox 1776 2778 2692 2850; baseline -0.001 -16"><span class='ocrx_word' id='word_1_367' title='bbox 1776 2779 1942 2834; x_wconf 79' lang='lat' dir='ltr'><strong>ofﬁcii</strong></span> <span class='ocrx_word' id='word_1_368' title='bbox 1969 2795 2192 2850; x_wconf 81' lang='lat' dir='ltr'><strong>segnem</strong></span> <span class='ocrx_word' id='word_1_369' title='bbox 2221 2778 2405 2834; x_wconf 87' lang='lat' dir='ltr'><strong>reddit</strong></span> <span class='ocrx_word' id='word_1_370' title='bbox 2427 2778 2692 2834; x_wconf 90' lang='lat' dir='ltr'><strong>animum.</strong></span> 
     </span>
    </p>
   </div>
   <div class='ocr_carea' id='block_1_57' title="bbox 1845 2871 3360 2940">
    <p class='ocr_par' dir='ltr' id='par_1_57' title="bbox 1845 2871 3360 2940">
     <span class='ocr_line' id='line_1_57' title="bbox 1845 2871 3360 2940; baseline 0.001 -15"><span class='ocrx_word' id='word_1_371' title='bbox 1845 2872 1941 2928; x_wconf 72' lang='lat'><strong>59:</strong></span> <span class='ocrx_word' id='word_1_372' title='bbox 1968 2871 2292 2926; x_wconf 78' lang='lat' dir='ltr'><strong>Divitiarum</strong></span> <span class='ocrx_word' id='word_1_373' title='bbox 2322 2872 2545 2940; x_wconf 89' lang='lat' dir='ltr'><strong>quidem</strong></span> <span class='ocrx_word' id='word_1_374' title='bbox 2579 2871 2910 2936; x_wconf 86' lang='lat' dir='ltr'><strong>substantia,</strong></span> <span class='ocrx_word' id='word_1_375' title='bbox 2938 2886 3165 2939; x_wconf 87' lang='lat' dir='ltr'><strong>aurum;</strong></span> <span class='ocrx_word' id='word_1_376' title='bbox 3193 2873 3360 2926; x_wconf 90' lang='lat' dir='ltr'><strong>virtu-</strong></span> 
     </span>
    </p>
   </div>
   <div class='ocr_carea' id='block_1_58' title="bbox 1775 2963 3370 3035">
    <p class='ocr_par' dir='ltr' id='par_1_58' title="bbox 1775 2963 3370 3035">
     <span class='ocr_line' id='line_1_58' title="bbox 1775 2963 3370 3035; baseline 0.001 -17"><span class='ocrx_word' id='word_1_377' title='bbox 1775 2966 1848 3020; x_wconf 88' lang='lat' dir='ltr'><strong>tis</strong></span> <span class='ocrx_word' id='word_1_378' title='bbox 1878 2980 2041 3029; x_wconf 86' lang='lat' dir='ltr'><strong>vero,</strong></span> <span class='ocrx_word' id='word_1_379' title='bbox 2075 2964 2378 3018; x_wconf 86' lang='lat' dir='ltr'><strong>humilitas.</strong></span> <span class='ocrx_word' id='word_1_380' title='bbox 2413 2963 2889 3029; x_wconf 86' lang='lat' dir='ltr'><strong>Quemadmodum</strong></span> <span class='ocrx_word' id='word_1_381' title='bbox 2924 2965 3090 3034; x_wconf 82' lang='lat' dir='ltr'><strong>igitur</strong></span> <span class='ocrx_word' id='word_1_382' title='bbox 3120 2966 3213 3035; x_wconf 90' lang='lat' dir='ltr'><strong>qui</strong></span> <span class='ocrx_word' id='word_1_383' title='bbox 3249 2966 3370 3020; x_wconf 89' lang='lat' dir='ltr'><strong>auri</strong></span> 
     </span>
    </p>
   </div>
   <div class='ocr_carea' id='block_1_59' title="bbox 87 3045 1675 3146">
    <p class='ocr_par' dir='ltr' id='par_1_59' title="bbox 87 3061 1672 3142">
     <span class='ocr_line' id='line_1_59' title="bbox 87 3061 1672 3142; baseline -0.002 -26"><span class='ocrx_word' id='word_1_384' title='bbox 87 3063 188 3117; x_wconf 81' lang='grc' dir='ltr'>κᾶν</span> <span class='ocrx_word' id='word_1_385' title='bbox 239 3066 319 3142; x_wconf 84' lang='grc' dir='ltr'>μὴ</span> <span class='ocrx_word' id='word_1_386' title='bbox 367 3067 482 3127; x_wconf 90' lang='grc' dir='ltr'>τοῖς</span> <span class='ocrx_word' id='word_1_387' title='bbox 517 3063 715 3132; x_wconf 76' lang='grc' dir='ltr'>ἔξωθεν</span> <span class='ocrx_word' id='word_1_388' title='bbox 767 3066 1062 3134; x_wconf 82' lang='grc' dir='ltr'>φαίνηται·</span> <span class='ocrx_word' id='word_1_389' title='bbox 1107 3063 1250 3116; x_wconf 80' lang='grc' dir='ltr'>οὕτω</span> <span class='ocrx_word' id='word_1_390' title='bbox 1292 3061 1672 3130; x_wconf 76' lang='grc' dir='ltr'>ταπεινώσεως</span> 
     </span>
    </p>
   </div>
   <div class='ocr_carea' id='block_1_60' title="bbox 1798 3045 3372 3146">
    <p class='ocr_par' dir='ltr' id='par_1_60' title="bbox 1798 3045 3372 3128">
     <span class='ocr_line' id='line_1_60' title="bbox 1798 3045 3372 3128; baseline 0.001 -18"><span class='ocrx_word' id='word_1_391' title='bbox 1798 3057 2006 3112; x_wconf 58' lang='lat' dir='ltr'><strong>penuria</strong></span> <span class='ocrx_word' id='word_1_392' title='bbox 2044 3056 2288 3120; x_wconf 86' lang='lat' dir='ltr'><strong>laborat,</strong></span> <span class='ocrx_word' id='word_1_393' title='bbox 2322 3072 2532 3127; x_wconf 89' lang='lat' dir='ltr'><strong>pauper</strong></span> <span class='ocrx_word' id='word_1_394' title='bbox 2559 3065 2676 3123; x_wconf 85' lang='lat' dir='ltr'><strong>est,</strong></span> <span class='ocrx_word' id='word_1_395' title='bbox 2703 3045 3077 3128; x_wconf 32' lang='lat' dir='ltr'><strong>quamvis&#39;his</strong></span> <span class='ocrx_word' id='word_1_396' title='bbox 3109 3059 3204 3128; x_wconf 90' lang='lat' dir='ltr'><strong>qui</strong></span> <span class='ocrx_word' id='word_1_397' title='bbox 3236 3059 3372 3113; x_wconf 89' lang='lat' dir='ltr'><strong>foris</strong></span> 
     </span>
    </p>
   </div>
   <div class='ocr_carea' id='block_1_61' title="bbox 87 3155 1383 3231">
    <p class='ocr_par' dir='ltr' id='par_1_61' title="bbox 87 3155 1383 3231">
     <span class='ocr_line' id='line_1_61' title="bbox 87 3155 1383 3231; baseline -0.002 -21"><span class='ocrx_word' id='word_1_398' title='bbox 87 3158 235 3223; x_wconf 71' lang='grc' dir='ltr'>ἄνευ,</span> <span class='ocrx_word' id='word_1_399' title='bbox 273 3157 533 3226; x_wconf 78' lang='grc' dir='ltr'>ἐνάρετος</span> <span class='ocrx_word' id='word_1_400' title='bbox 569 3157 670 3220; x_wconf 64' lang='grc' dir='ltr'>οὐκ</span> <span class='ocrx_word' id='word_1_401' title='bbox 708 3155 860 3221; x_wconf 77' lang='grc' dir='ltr'>ἔσται</span> <span class='ocrx_word' id='word_1_402' title='bbox 895 3158 923 3208; x_wconf 86' lang='grc' dir='ltr'>ὁ</span> <span class='ocrx_word' id='word_1_403' title='bbox 953 3155 1383 3231; x_wconf 69' lang='grc' dir='ltr'>ἀγωνιζόμενος.</span> 
     </span>
    </p>
   </div>
   <div class='ocr_carea' id='block_1_62' title="bbox 157 3321 1673 3400">
    <p class='ocr_par' dir='ltr' id='par_1_62' title="bbox 157 3321 1673 3400">
     <span class='ocr_line' id='line_1_62' title="bbox 157 3321 1673 3400; baseline -0.006 -18"><span class='ocrx_word' id='word_1_404' title='bbox 157 3335 230 3400; x_wconf 82' lang='grc' dir='ltr'><strong>μ’.</strong></span> <span class='ocrx_word' id='word_1_405' title='bbox 275 3327 500 3400; x_wconf 84' lang='grc' dir='ltr'>Χρυσοῦ</span> <span class='ocrx_word' id='word_1_406' title='bbox 536 3327 680 3398; x_wconf 85' lang='grc' dir='ltr'>δίχα,</span> <span class='ocrx_word' id='word_1_407' title='bbox 722 3325 911 3396; x_wconf 76' lang='grc' dir='ltr'>ὥσπερ</span> <span class='ocrx_word' id='word_1_408' title='bbox 939 3324 1180 3396; x_wconf 73' lang='grc' dir='ltr'>ἔμπορος</span> <span class='ocrx_word' id='word_1_409' title='bbox 1205 3323 1266 3376; x_wconf 75' lang='grc' dir='ltr'>οὗ</span> <span class='ocrx_word' id='word_1_410' title='bbox 1297 3323 1541 3391; x_wconf 76' lang='grc' dir='ltr'>πέφυκεν</span> <span class='ocrx_word' id='word_1_411' title='bbox 1573 3321 1673 3392; x_wconf 75' lang='grc' dir='ltr'>ἒμ-</span> 
     </span>
    </p>
   </div>
   <div class='ocr_carea' id='block_1_63' title="bbox 87 3402 1670 3498">
    <p class='ocr_par' dir='ltr' id='par_1_63' title="bbox 87 3402 1670 3498">
     <span class='ocr_line' id='line_1_63' title="bbox 87 3402 1670 3498; baseline -0.002 -26"><span class='ocrx_word' id='word_1_412' title='bbox 87 3402 274 3490; x_wconf 76' lang='grc' dir='ltr'>πορος,</span> <span class='ocrx_word' id='word_1_413' title='bbox 331 3418 438 3474; x_wconf 77' lang='grc' dir='ltr'><strong>κᾶν</strong></span> <span class='ocrx_word' id='word_1_414' title='bbox 484 3419 605 3477; x_wconf 72' lang='grc' dir='ltr'>λίαν</span> <span class='ocrx_word' id='word_1_415' title='bbox 655 3419 789 3496; x_wconf 82' lang='grc' dir='ltr'>πρὸς</span> <span class='ocrx_word' id='word_1_416' title='bbox 838 3418 1111 3498; x_wconf 76' lang='grc' dir='ltr'>ἐμπορίαν</span> <span class='ocrx_word' id='word_1_417' title='bbox 1147 3417 1293 3469; x_wconf 82' lang='grc' dir='ltr'>ἐστὶν</span> <span class='ocrx_word' id='word_1_418' title='bbox 1344 3416 1670 3486; x_wconf 72' lang='grc' dir='ltr'>ἐπιτήδειος·</span> 
     </span>
    </p>
   </div>
   <div class='ocr_carea' id='block_1_64' title="bbox 83 3509 1673 3582">
    <p class='ocr_par' dir='ltr' id='par_1_64' title="bbox 83 3509 1673 3582">
     <span class='ocr_line' id='line_1_64' title="bbox 83 3509 1673 3582; baseline -0.001 -19"><span class='ocrx_word' id='word_1_419' title='bbox 83 3509 260 3574; x_wconf 71' lang='grc' dir='ltr'>οὕτως</span> <span class='ocrx_word' id='word_1_420' title='bbox 305 3511 434 3566; x_wconf 78' lang='grc' dir='ltr'>οὐδὲ</span> <span class='ocrx_word' id='word_1_421' title='bbox 469 3511 974 3582; x_wconf 75' lang='grc' dir='ltr'>ταπεινοφροσύνης</span> <span class='ocrx_word' id='word_1_422' title='bbox 1015 3509 1207 3580; x_wconf 75' lang='grc' dir='ltr'>χωρὶς,</span> <span class='ocrx_word' id='word_1_423' title='bbox 1245 3511 1302 3561; x_wconf 78' lang='grc' dir='ltr'>ὲν</span> <span class='ocrx_word' id='word_1_424' title='bbox 1346 3509 1673 3578; x_wconf 82' lang='grc' dir='ltr'>κατασχέσει</span> 
     </span>
    </p>
   </div>
   <div class='ocr_carea' id='block_1_65' title="bbox 83 3600 1670 3679">
    <p class='ocr_par' dir='ltr' id='par_1_65' title="bbox 83 3600 1670 3679">
     <span class='ocr_line' id='line_1_65' title="bbox 83 3600 1670 3679; baseline -0.001 -23"><span class='ocrx_word' id='word_1_425' title='bbox 83 3605 190 3656; x_wconf 83' lang='grc' dir='ltr'><strong>τῶν</strong></span> <span class='ocrx_word' id='word_1_426' title='bbox 225 3606 326 3674; x_wconf 78' lang='grc' dir='ltr'>τῆς</span> <span class='ocrx_word' id='word_1_427' title='bbox 358 3605 564 3674; x_wconf 80' lang='grc' dir='ltr'>ἀρετῆς</span> <span class='ocrx_word' id='word_1_428' title='bbox 614 3600 788 3672; x_wconf 83' lang='grc' dir='ltr'>ἡδέων</span> <span class='ocrx_word' id='word_1_429' title='bbox 827 3601 1187 3670; x_wconf 79' lang='grc' dir='ltr'>εὑρεθήσεται</span> <span class='ocrx_word' id='word_1_430' title='bbox 1243 3601 1271 3652; x_wconf 86' lang='lat'><strong>6</strong></span> <span class='ocrx_word' id='word_1_431' title='bbox 1310 3600 1670 3679; x_wconf 82' lang='grc' dir='ltr'>ἀσκούμενος,</span> 
     </span>
    </p>
   </div>
   <div class='ocr_carea' id='block_1_66' title="bbox 85 3692 1304 3768">
    <p class='ocr_par' dir='ltr' id='par_1_66' title="bbox 85 3692 1304 3768">
     <span class='ocr_line' id='line_1_66' title="bbox 85 3692 1304 3768; baseline -0.003 -18"><span class='ocrx_word' id='word_1_432' title='bbox 85 3696 187 3750; x_wconf 78' lang='grc' dir='ltr'><strong>κᾶν</strong></span> <span class='ocrx_word' id='word_1_433' title='bbox 219 3701 405 3767; x_wconf 78' lang='grc' dir='ltr'>πάντη</span> <span class='ocrx_word' id='word_1_434' title='bbox 448 3699 514 3768; x_wconf 78' lang='grc' dir='ltr'>τῇ</span> <span class='ocrx_word' id='word_1_435' title='bbox 559 3693 756 3758; x_wconf 80' lang='grc' dir='ltr'>ἑαυτοῦ</span> <span class='ocrx_word' id='word_1_436' title='bbox 787 3694 1072 3764; x_wconf 74' lang='grc' dir='ltr'>νουνεχεία</span> <span class='ocrx_word' id='word_1_437' title='bbox 1101 3692 1304 3763; x_wconf 69' lang='grc' dir='ltr'>θαρρῇ.</span> 
     </span>
    </p>
   </div>
   <div class='ocr_carea' id='block_1_67' title="bbox 160 3771 1672 3863">
    <p class='ocr_par' dir='ltr' id='par_1_67' title="bbox 160 3771 1672 3863">
     <span class='ocr_line' id='line_1_67' title="bbox 160 3771 1672 3863; baseline -0.005 -21"><span class='ocrx_word' id='word_1_438' title='bbox 160 3787 270 3861; x_wconf 87' lang='grc' dir='ltr'>μα’.</span> <span class='ocrx_word' id='word_1_439' title='bbox 297 3791 381 3862; x_wconf 78' lang='grc' dir='ltr'><strong>Τῇ</strong></span> <span class='ocrx_word' id='word_1_440' title='bbox 417 3771 890 3863; x_wconf 71' lang='grc' dir='ltr'>ταπεινοφροσύνῃ</span> <span class='ocrx_word' id='word_1_441' title='bbox 939 3787 966 3838; x_wconf 92' lang='lat'><strong>6</strong></span> <span class='ocrx_word' id='word_1_442' title='bbox 1004 3771 1190 3845; x_wconf 80' lang='grc' dir='ltr'>ἀνιὼν,</span> <span class='ocrx_word' id='word_1_443' title='bbox 1234 3780 1550 3853; x_wconf 83' lang='grc' dir='ltr'>κατώτερος</span> <span class='ocrx_word' id='word_1_444' title='bbox 1576 3781 1672 3835; x_wconf 80' lang='grc' dir='ltr'>τοῦ</span> 
     </span>
    </p>
   </div>
   <div class='ocr_carea' id='block_1_68' title="bbox 89 3873 1674 3955">
    <p class='ocr_par' dir='ltr' id='par_1_68' title="bbox 89 3873 1674 3955">
     <span class='ocr_line' id='line_1_68' title="bbox 89 3873 1674 3955; baseline -0.006 -22"><span class='ocrx_word' id='word_1_445' title='bbox 89 3881 285 3935; x_wconf 73' lang='grc' dir='ltr'>ἑαυτοῦ</span> <span class='ocrx_word' id='word_1_446' title='bbox 339 3881 694 3952; x_wconf 73' lang='grc' dir='ltr'>φρονήματος</span> <span class='ocrx_word' id='word_1_447' title='bbox 723 3878 953 3947; x_wconf 84' lang='grc' dir='ltr'>γίνεται·</span> <span class='ocrx_word' id='word_1_448' title='bbox 982 3875 1258 3955; x_wconf 73' lang='grc' dir='ltr'>ἀνώτερος</span> <span class='ocrx_word' id='word_1_449' title='bbox 1283 3873 1364 3938; x_wconf 82' lang='grc' dir='ltr'><strong>δὲ,</strong></span> <span class='ocrx_word' id='word_1_450' title='bbox 1399 3874 1427 3927; x_wconf 90' lang='lat'><strong>6</strong></span> <span class='ocrx_word' id='word_1_451' title='bbox 1457 3875 1674 3942; x_wconf 73' lang='grc' dir='ltr'>ἐκείνης</span> 
     </span>
    </p>
   </div>
   <div class='ocr_carea' id='block_1_69' title="bbox 94 3966 1672 4046">
    <p class='ocr_par' dir='ltr' id='par_1_69' title="bbox 94 3966 1672 4046">
     <span class='ocr_line' id='line_1_69' title="bbox 94 3966 1672 4046; baseline -0.006 -19"><span class='ocrx_word' id='word_1_452' title='bbox 94 3975 278 4046; x_wconf 63' lang='grc' dir='ltr'>χωρὶς,</span> <span class='ocrx_word' id='word_1_453' title='bbox 333 3975 396 4036; x_wconf 82' lang='grc' dir='ltr'>ὃς</span> <span class='ocrx_word' id='word_1_454' title='bbox 433 3975 554 4027; x_wconf 81' lang='grc' dir='ltr'>οὐδὲ</span> <span class='ocrx_word' id='word_1_455' title='bbox 591 3969 1066 4043; x_wconf 80' lang='grc' dir='ltr'>παραμετρεῖσθαι</span> <span class='ocrx_word' id='word_1_456' title='bbox 1097 3971 1209 4032; x_wconf 85' lang='grc' dir='ltr'>τοῖς</span> <span class='ocrx_word' id='word_1_457' title='bbox 1251 3966 1558 4037; x_wconf 71' lang='grc' dir='ltr'>ἐλαχίστοις</span> <span class='ocrx_word' id='word_1_458' title='bbox 1597 3967 1672 4036; x_wconf 82' lang='lat' dir='ltr'><strong>(g)</strong></span> 
     </span>
    </p>
   </div>
   <div class='ocr_carea' id='block_1_70' title="bbox 120 4060 1674 4136">
    <p class='ocr_par' dir='ltr' id='par_1_70' title="bbox 120 4060 1674 4136">
     <span class='ocr_line' id='line_1_70' title="bbox 120 4060 1674 4136; baseline -0.001 -20"><span class='ocrx_word' id='word_1_459' title='bbox 120 4066 359 4130; x_wconf 87' lang='grc' dir='ltr'>κουσίως</span> <span class='ocrx_word' id='word_1_460' title='bbox 382 4065 654 4136; x_wconf 87' lang='grc' dir='ltr'>ἀνέχεται·</span> <span class='ocrx_word' id='word_1_461' title='bbox 689 4066 781 4117; x_wconf 76' lang='grc' dir='ltr'><strong>καὶ</strong></span> <span class='ocrx_word' id='word_1_462' title='bbox 808 4063 896 4117; x_wconf 78' lang='grc' dir='ltr'>διὰ</span> <span class='ocrx_word' id='word_1_463' title='bbox 925 4061 1084 4128; x_wconf 78' lang='grc' dir='ltr'>τοῦτο</span> <span class='ocrx_word' id='word_1_464' title='bbox 1118 4063 1177 4114; x_wconf 83' lang='grc' dir='ltr'>ὲν</span> <span class='ocrx_word' id='word_1_465' title='bbox 1208 4063 1329 4124; x_wconf 72' lang='grc' dir='ltr'>ταῖς</span> <span class='ocrx_word' id='word_1_466' title='bbox 1366 4060 1674 4132; x_wconf 81' lang='grc' dir='ltr'>πρωτοκλι-</span> 
     </span>
    </p>
   </div>
   <div class='ocr_carea' id='block_1_71' title="bbox 103 4151 1035 4224">
    <p class='ocr_par' dir='ltr' id='par_1_71' title="bbox 103 4151 1035 4224">
     <span class='ocr_line' id='line_1_71' title="bbox 103 4151 1035 4224; baseline 0.005 -21"><span class='ocrx_word' id='word_1_467' title='bbox 103 4151 233 4215; x_wconf 73' lang='grc' dir='ltr'>ῑίαις</span> <span class='ocrx_word' id='word_1_468' title='bbox 275 4154 337 4207; x_wconf 76' lang='grc' dir='ltr'>τὸ</span> <span class='ocrx_word' id='word_1_469' title='bbox 363 4154 610 4224; x_wconf 53' lang='lat' dir='ltr'><strong>lum;va</strong></span> <span class='ocrx_word' id='word_1_470' title='bbox 642 4153 1035 4217; x_wconf 73' lang='grc' dir='ltr'>ἐπιδείκνυται.</span> 
     </span>
    </p>
   </div>
   <div class='ocr_carea' id='block_1_72' title="bbox 165 4244 1676 4330">
    <p class='ocr_par' dir='ltr' id='par_1_72' title="bbox 165 4244 1676 4330">
     <span class='ocr_line' id='line_1_72' title="bbox 165 4244 1676 4330; baseline -0.006 -27"><span class='ocrx_word' id='word_1_471' title='bbox 165 4245 276 4316; x_wconf 82' lang='grc' dir='ltr'>μβ’.</span> <span class='ocrx_word' id='word_1_472' title='bbox 311 4246 491 4301; x_wconf 81' lang='grc' dir='ltr'>Καλὸν</span> <span class='ocrx_word' id='word_1_473' title='bbox 514 4246 594 4318; x_wconf 83' lang='grc' dir='ltr'>τῷ</span> <span class='ocrx_word' id='word_1_474' title='bbox 629 4249 908 4330; x_wconf 79' lang='grc' dir='ltr'>ἀγωνιστῇ</span> <span class='ocrx_word' id='word_1_475' title='bbox 955 4248 1174 4330; x_wconf 78' lang='grc' dir='ltr'>φρονεῖν</span> <span class='ocrx_word' id='word_1_476' title='bbox 1211 4245 1312 4328; x_wconf 70' lang='grc' dir='ltr'><strong>μὲν</strong></span> <span class='ocrx_word' id='word_1_477' title='bbox 1345 4247 1546 4330; x_wconf 64' lang='grc' dir='ltr'>ἦττονα</span> <span class='ocrx_word' id='word_1_478' title='bbox 1577 4244 1676 4314; x_wconf 74' lang='grc' dir='ltr'>τῆς</span> 
     </span>
    </p>
   </div>
   <div class='ocr_carea' id='block_1_73' title="bbox 91 4337 1676 4418">
    <p class='ocr_par' dir='ltr' id='par_1_73' title="bbox 91 4337 1676 4411">
     <span class='ocr_line' id='line_1_73' title="bbox 91 4337 1676 4411; baseline -0.003 -17"><span class='ocrx_word' id='word_1_479' title='bbox 91 4338 356 4410; x_wconf 72' lang='grc' dir='ltr'>ἐργασίας</span> <span class='ocrx_word' id='word_1_480' title='bbox 409 4338 598 4408; x_wconf 71' lang='grc' dir='ltr'>αὐτοῦ,</span> <span class='ocrx_word' id='word_1_481' title='bbox 633 4340 898 4411; x_wconf 76' lang='grc' dir='ltr'>πράττειν</span> <span class='ocrx_word' id='word_1_482' title='bbox 935 4341 992 4402; x_wconf 78' lang='grc' dir='ltr'><strong>δὲ</strong></span> <span class='ocrx_word' id='word_1_483' title='bbox 1035 4339 1320 4410; x_wconf 81' lang='grc' dir='ltr'>κρείττονα</span> <span class='ocrx_word' id='word_1_484' title='bbox 1349 4340 1449 4410; x_wconf 79' lang='grc' dir='ltr'>τῆς</span> <span class='ocrx_word' id='word_1_485' title='bbox 1472 4337 1676 4400; x_wconf 86' lang='grc' dir='ltr'>δειλίας</span> 
     </span>
    </p>
   </div>
   <div class='ocr_carea' id='block_1_74' title="bbox 1776 3149 3371 3215">
    <p class='ocr_par' dir='ltr' id='par_1_74' title="bbox 1776 3149 3371 3215">
     <span class='ocr_line' id='line_1_74' title="bbox 1776 3149 3371 3215; baseline 0.001 -11"><span class='ocrx_word' id='word_1_486' title='bbox 1776 3157 1906 3204; x_wconf 90' lang='lat' dir='ltr'><strong>sunt</strong></span> <span class='ocrx_word' id='word_1_487' title='bbox 1935 3165 1998 3203; x_wconf 92' lang='lat' dir='ltr'><strong>ac</strong></span> <span class='ocrx_word' id='word_1_488' title='bbox 2027 3149 2305 3204; x_wconf 77' lang='lat' dir='ltr'><strong>extraneis</strong></span> <span class='ocrx_word' id='word_1_489' title='bbox 2337 3166 2446 3203; x_wconf 92' lang='lat' dir='ltr'><strong>non</strong></span> <span class='ocrx_word' id='word_1_490' title='bbox 2471 3149 2760 3215; x_wconf 84' lang='lat' dir='ltr'><strong>videatur;</strong></span> <span class='ocrx_word' id='word_1_491' title='bbox 2795 3153 2874 3205; x_wconf 87' lang='lat' dir='ltr'><strong>sic</strong></span> <span class='ocrx_word' id='word_1_492' title='bbox 2903 3150 3022 3205; x_wconf 85' lang='lat' dir='ltr'><strong>sine</strong></span> <span class='ocrx_word' id='word_1_493' title='bbox 3055 3149 3371 3205; x_wconf 84' lang='lat' dir='ltr'><strong>humilitate</strong></span> 
     </span>
    </p>
   </div>
   <div class='ocr_carea' id='block_1_75' title="bbox 1773 3239 3212 3309">
    <p class='ocr_par' dir='ltr' id='par_1_75' title="bbox 1773 3239 3212 3309">
     <span class='ocr_line' id='line_1_75' title="bbox 1773 3239 3212 3309; baseline 0.001 -17"><span class='ocrx_word' id='word_1_494' title='bbox 1773 3239 1995 3293; x_wconf 87' lang='lat' dir='ltr'><strong>virtutis</strong></span> <span class='ocrx_word' id='word_1_495' title='bbox 2025 3241 2272 3309; x_wconf 66' lang='lat' dir='ltr'><strong>palaestra</strong></span> <span class='ocrx_word' id='word_1_496' title='bbox 2305 3251 2526 3296; x_wconf 85' lang='lat' dir='ltr'><strong>certans</strong></span> <span class='ocrx_word' id='word_1_497' title='bbox 2556 3241 2842 3295; x_wconf 88' lang='lat' dir='ltr'><strong>studiosus</strong></span> <span class='ocrx_word' id='word_1_498' title='bbox 2866 3255 2980 3294; x_wconf 87' lang='lat' dir='ltr'><strong>non</strong></span> <span class='ocrx_word' id='word_1_499' title='bbox 3008 3241 3136 3295; x_wconf 87' lang='lat' dir='ltr'><strong>erit.</strong></span> <span class='ocrx_word' id='word_1_500' title='bbox 3209 3275 3212 3277; x_wconf 97' lang='lat'><em>-</em></span> 
     </span>
    </p>
   </div>
   <div class='ocr_carea' id='block_1_76' title="bbox 1844 3332 3370 3404">
    <p class='ocr_par' dir='ltr' id='par_1_76' title="bbox 1844 3332 3370 3404">
     <span class='ocr_line' id='line_1_76' title="bbox 1844 3332 3370 3404; baseline 0.002 -19"><span class='ocrx_word' id='word_1_501' title='bbox 1844 3332 1933 3385; x_wconf 66' lang='lat'><strong>40.</strong></span> <span class='ocrx_word' id='word_1_502' title='bbox 1964 3333 2441 3400; x_wconf 85' lang='lat' dir='ltr'><strong>Quemadmodum</strong></span> <span class='ocrx_word' id='word_1_503' title='bbox 2476 3343 2772 3398; x_wconf 88' lang='lat' dir='ltr'><strong>mercator,</strong></span> <span class='ocrx_word' id='word_1_504' title='bbox 2804 3349 2968 3404; x_wconf 90' lang='lat' dir='ltr'><strong>quem</strong></span> <span class='ocrx_word' id='word_1_505' title='bbox 3004 3349 3198 3388; x_wconf 85' lang='lat' dir='ltr'><strong>aurum</strong></span> <span class='ocrx_word' id='word_1_506' title='bbox 3231 3332 3370 3388; x_wconf 87' lang='lat' dir='ltr'><strong>defi-</strong></span> 
     </span>
    </p>
   </div>
   <div class='ocr_carea' id='block_1_77' title="bbox 1775 3423 3372 3490">
    <p class='ocr_par' dir='ltr' id='par_1_77' title="bbox 1775 3423 3372 3490">
     <span class='ocr_line' id='line_1_77' title="bbox 1775 3423 3372 3490; baseline -0.001 -12"><span class='ocrx_word' id='word_1_507' title='bbox 1775 3423 1906 3487; x_wconf 90' lang='lat' dir='ltr'><strong>clat,</strong></span> <span class='ocrx_word' id='word_1_508' title='bbox 1944 3439 2046 3478; x_wconf 89' lang='lat' dir='ltr'><strong>nec</strong></span> <span class='ocrx_word' id='word_1_509' title='bbox 2087 3425 2131 3478; x_wconf 91' lang='lat' dir='ltr'><strong>si</strong></span> <span class='ocrx_word' id='word_1_510' title='bbox 2176 3425 2332 3479; x_wconf 73' lang='lat' dir='ltr'><strong>valde</strong></span> <span class='ocrx_word' id='word_1_511' title='bbox 2377 3425 2610 3480; x_wconf 90' lang='lat' dir='ltr'><strong>idoneus</strong></span> <span class='ocrx_word' id='word_1_512' title='bbox 2649 3432 2974 3479; x_wconf 68' lang='lat' dir='ltr'><strong>mercatura:</strong></span> <span class='ocrx_word' id='word_1_513' title='bbox 3016 3425 3108 3490; x_wconf 91' lang='lat' dir='ltr'><strong>sit,</strong></span> <span class='ocrx_word' id='word_1_514' title='bbox 3145 3424 3372 3478; x_wconf 90' lang='lat' dir='ltr'><strong>omnino</strong></span> 
     </span>
    </p>
   </div>
   <div class='ocr_carea' id='block_1_78' title="bbox 1774 3515 3370 3584">
    <p class='ocr_par' dir='ltr' id='par_1_78' title="bbox 1774 3515 3370 3584">
     <span class='ocr_line' id='line_1_78' title="bbox 1774 3515 3370 3584; baseline -0.003 -13"><span class='ocrx_word' id='word_1_515' title='bbox 1774 3526 2048 3572; x_wconf 88' lang='lat' dir='ltr'><strong>mercator</strong></span> <span class='ocrx_word' id='word_1_516' title='bbox 2081 3518 2310 3572; x_wconf 76' lang='lat' dir='ltr'><strong>exsistat</strong></span> <span class='ocrx_word' id='word_1_517' title='bbox 2357 3535 2371 3571; x_wconf 75' lang='grc' dir='ltr'><strong>ι</strong></span> <span class='ocrx_word' id='word_1_518' title='bbox 2418 3517 2499 3572; x_wconf 91' lang='lat' dir='ltr'><strong>sic</strong></span> <span class='ocrx_word' id='word_1_519' title='bbox 2539 3532 2646 3571; x_wconf 88' lang='lat' dir='ltr'><strong>nec</strong></span> <span class='ocrx_word' id='word_1_520' title='bbox 2687 3530 2954 3570; x_wconf 79' lang='lat' dir='ltr'><strong>exercens</strong></span> <span class='ocrx_word' id='word_1_521' title='bbox 3000 3515 3066 3569; x_wconf 90' lang='lat' dir='ltr'><strong>ad</strong></span> <span class='ocrx_word' id='word_1_522' title='bbox 3107 3515 3370 3584; x_wconf 82' lang='lat' dir='ltr'><strong>pietatem</strong></span> 
     </span>
    </p>
   </div>
   <div class='ocr_carea' id='block_1_79' title="bbox 1775 3609 3371 3678">
    <p class='ocr_par' dir='ltr' id='par_1_79' title="bbox 1775 3609 3371 3678">
     <span class='ocr_line' id='line_1_79' title="bbox 1775 3609 3371 3678; baseline -0.004 -12"><span class='ocrx_word' id='word_1_523' title='bbox 1775 3611 1892 3666; x_wconf 89' lang='lat' dir='ltr'><strong>sine</strong></span> <span class='ocrx_word' id='word_1_524' title='bbox 1934 3610 2246 3665; x_wconf 88' lang='lat' dir='ltr'><strong>humilitate</strong></span> <span class='ocrx_word' id='word_1_525' title='bbox 2280 3610 2501 3665; x_wconf 84' lang='lat' dir='ltr'><strong>virtutis</strong></span> <span class='ocrx_word' id='word_1_526' title='bbox 2538 3609 2820 3664; x_wconf 89' lang='lat' dir='ltr'><strong>fructuum</strong></span> <span class='ocrx_word' id='word_1_527' title='bbox 2863 3623 3088 3678; x_wconf 89' lang='lat' dir='ltr'><strong>compos</strong></span> <span class='ocrx_word' id='word_1_528' title='bbox 3127 3623 3371 3677; x_wconf 89' lang='lat' dir='ltr'><strong>unquam</strong></span> 
     </span>
    </p>
   </div>
   <div class='ocr_carea' id='block_1_80' title="bbox 1776 3697 3370 3770">
    <p class='ocr_par' dir='ltr' id='par_1_80' title="bbox 1776 3697 3370 3770">
     <span class='ocr_line' id='line_1_80' title="bbox 1776 3697 3370 3770; baseline -0.001 -16"><span class='ocrx_word' id='word_1_529' title='bbox 1776 3701 2119 3764; x_wconf 85' lang='lat' dir='ltr'><strong>invenietur,</strong></span> <span class='ocrx_word' id='word_1_530' title='bbox 2149 3702 2505 3770; x_wconf 81' lang='lat' dir='ltr'><strong>quantumvis</strong></span> <span class='ocrx_word' id='word_1_531' title='bbox 2539 3702 2766 3754; x_wconf 91' lang='lat' dir='ltr'><strong>omnino</strong></span> <span class='ocrx_word' id='word_1_532' title='bbox 2802 3715 2913 3754; x_wconf 68' lang='lat' dir='ltr'><strong>suae</strong></span> <span class='ocrx_word' id='word_1_533' title='bbox 2949 3697 3187 3753; x_wconf 66' lang='lat' dir='ltr'><strong>solertize</strong></span> <span class='ocrx_word' id='word_1_534' title='bbox 3219 3697 3370 3752; x_wconf 84' lang='lat' dir='ltr'><strong>fidat.</strong></span> 
     </span>
    </p>
   </div>
   <div class='ocr_carea' id='block_1_81' title="bbox 1844 3788 3371 3854">
    <p class='ocr_par' dir='ltr' id='par_1_81' title="bbox 1844 3788 3371 3854">
     <span class='ocr_line' id='line_1_81' title="bbox 1844 3788 3371 3854; baseline 0.001 -12"><span class='ocrx_word' id='word_1_535' title='bbox 1844 3789 1934 3842; x_wconf 73' lang='grc'><strong>41.</strong></span> <span class='ocrx_word' id='word_1_536' title='bbox 1965 3789 2070 3854; x_wconf 88' lang='lat' dir='ltr'><strong>Qui</strong></span> <span class='ocrx_word' id='word_1_537' title='bbox 2110 3805 2306 3843; x_wconf 85' lang='lat' dir='ltr'><strong>sensus</strong></span> <span class='ocrx_word' id='word_1_538' title='bbox 2344 3789 2615 3843; x_wconf 90' lang='lat' dir='ltr'><strong>modestia</strong></span> <span class='ocrx_word' id='word_1_539' title='bbox 2650 3804 2715 3842; x_wconf 92' lang='lat' dir='ltr'><strong>ac</strong></span> <span class='ocrx_word' id='word_1_540' title='bbox 2748 3788 3060 3842; x_wconf 81' lang='lat' dir='ltr'><strong>humilitate</strong></span> <span class='ocrx_word' id='word_1_541' title='bbox 3095 3788 3371 3851; x_wconf 81' lang='lat' dir='ltr'><strong>ascendit,</strong></span> 
     </span>
    </p>
   </div>
   <div class='ocr_carea' id='block_1_82' title="bbox 1775 3877 3370 3950">
    <p class='ocr_par' dir='ltr' id='par_1_82' title="bbox 1775 3877 3370 3950">
     <span class='ocr_line' id='line_1_82' title="bbox 1775 3877 3370 3950; baseline -0.001 -16"><span class='ocrx_word' id='word_1_542' title='bbox 1775 3894 1937 3934; x_wconf 91' lang='lat' dir='ltr'><strong>sensu</strong></span> <span class='ocrx_word' id='word_1_543' title='bbox 1973 3895 2075 3934; x_wconf 92' lang='lat' dir='ltr'><strong>suo</strong></span> <span class='ocrx_word' id='word_1_544' title='bbox 2107 3879 2375 3950; x_wconf 83' lang='lat' dir='ltr'><strong>dejectior</strong></span> <span class='ocrx_word' id='word_1_545' title='bbox 2404 3877 2686 3944; x_wconf 89' lang='lat' dir='ltr'><strong>redditur;</strong></span> <span class='ocrx_word' id='word_1_546' title='bbox 2719 3878 2812 3948; x_wconf 92' lang='lat' dir='ltr'><strong>qui</strong></span> <span class='ocrx_word' id='word_1_547' title='bbox 2847 3893 2982 3931; x_wconf 89' lang='lat' dir='ltr'><strong>vero</strong></span> <span class='ocrx_word' id='word_1_548' title='bbox 3018 3877 3226 3946; x_wconf 89' lang='lat' dir='ltr'><strong>absque</strong></span> <span class='ocrx_word' id='word_1_549' title='bbox 3257 3879 3370 3944; x_wconf 88' lang='lat' dir='ltr'><strong>illa,</strong></span> 
     </span>
    </p>
   </div>
   <div class='ocr_carea' id='block_1_83' title="bbox 1775 3968 3366 4040">
    <p class='ocr_par' dir='ltr' id='par_1_83' title="bbox 1775 3968 3366 4040">
     <span class='ocr_line' id='line_1_83' title="bbox 1775 3968 3366 4040; baseline -0.001 -15"><span class='ocrx_word' id='word_1_550' title='bbox 1775 3971 1957 4035; x_wconf 89' lang='lat' dir='ltr'><strong>altior,</strong></span> <span class='ocrx_word' id='word_1_551' title='bbox 1989 3985 2053 4026; x_wconf 90' lang='lat' dir='ltr'><strong>ac</strong></span> <span class='ocrx_word' id='word_1_552' title='bbox 2083 3987 2185 4026; x_wconf 90' lang='lat' dir='ltr'><strong>nec</strong></span> <span class='ocrx_word' id='word_1_553' title='bbox 2219 3970 2466 4026; x_wconf 89' lang='lat' dir='ltr'><strong>minimis</strong></span> <span class='ocrx_word' id='word_1_554' title='bbox 2497 3970 2696 4025; x_wconf 87' lang='lat' dir='ltr'><strong>lubens</strong></span> <span class='ocrx_word' id='word_1_555' title='bbox 2730 3970 2984 4040; x_wconf 90' lang='lat' dir='ltr'><strong>componi</strong></span> <span class='ocrx_word' id='word_1_556' title='bbox 3019 3971 3168 4024; x_wconf 87' lang='lat' dir='ltr'><strong>velit.</strong></span> <span class='ocrx_word' id='word_1_557' title='bbox 3202 3968 3366 4024; x_wconf 87' lang='lat' dir='ltr'><strong>Hinc-</strong></span> 
     </span>
    </p>
   </div>
   <div class='ocr_carea' id='block_1_84' title="bbox 1775 4061 3372 4138">
    <p class='ocr_par' dir='ltr' id='par_1_84' title="bbox 1775 4061 3372 4138">
     <span class='ocr_line' id='line_1_84' title="bbox 1775 4061 3372 4138; baseline 0.001 -22"><span class='ocrx_word' id='word_1_558' title='bbox 1775 4079 1882 4132; x_wconf 91' lang='lat' dir='ltr'><strong>que</strong></span> <span class='ocrx_word' id='word_1_559' title='bbox 1930 4063 2066 4118; x_wconf 89' lang='lat' dir='ltr'><strong>adeo</strong></span> <span class='ocrx_word' id='word_1_560' title='bbox 2116 4063 2206 4128; x_wconf 85' lang='lat' dir='ltr'><strong>fit,</strong></span> <span class='ocrx_word' id='word_1_561' title='bbox 2240 4073 2302 4118; x_wconf 91' lang='lat' dir='ltr'><strong>ut</strong></span> <span class='ocrx_word' id='word_1_562' title='bbox 2347 4064 2403 4118; x_wconf 90' lang='lat' dir='ltr'><strong>in</strong></span> <span class='ocrx_word' id='word_1_563' title='bbox 2448 4062 2644 4132; x_wconf 88' lang='lat' dir='ltr'><strong>primis</strong></span> <span class='ocrx_word' id='word_1_564' title='bbox 2685 4061 3040 4117; x_wconf 88' lang='lat' dir='ltr'><strong>eonsessibus</strong></span> <span class='ocrx_word' id='word_1_565' title='bbox 3087 4061 3372 4138; x_wconf 87' lang='lat' dir='ltr'><strong>tristitiam</strong></span> 
     </span>
    </p>
   </div>
   <div class='ocr_carea' id='block_1_85' title="bbox 1774 4153 2558 4224">
    <p class='ocr_par' dir='ltr' id='par_1_85' title="bbox 1774 4153 2558 4224">
     <span class='ocr_line' id='line_1_85' title="bbox 1774 4153 2558 4224; baseline 0.005 -16"><span class='ocrx_word' id='word_1_566' title='bbox 1774 4153 1974 4224; x_wconf 87' lang='lat' dir='ltr'><strong>prodat</strong></span> <span class='ocrx_word' id='word_1_567' title='bbox 1993 4153 2036 4208; x_wconf 80' lang='grc'><strong>⁸.</strong></span> <span class='ocrx_word' id='word_1_568' title='bbox 2547 4204 2558 4212; x_wconf 85' lang='grc'><strong>.</strong></span> 
     </span>
    </p>
   </div>
   <div class='ocr_carea' id='block_1_86' title="bbox 1844 4243 3372 4318">
    <p class='ocr_par' dir='ltr' id='par_1_86' title="bbox 1844 4243 3372 4318">
     <span class='ocr_line' id='line_1_86' title="bbox 1844 4243 3372 4318; baseline 0.001 -18"><span class='ocrx_word' id='word_1_569' title='bbox 1844 4247 1935 4300; x_wconf 71' lang='grc'><strong>42.</strong></span> <span class='ocrx_word' id='word_1_570' title='bbox 1986 4246 2216 4300; x_wconf 69' lang='lat' dir='ltr'><strong>Praestat</strong></span> <span class='ocrx_word' id='word_1_571' title='bbox 2264 4245 2503 4318; x_wconf 77' lang='lat' dir='ltr'><strong>pugilem</strong></span> <span class='ocrx_word' id='word_1_572' title='bbox 2547 4243 2774 4299; x_wconf 85' lang='lat' dir='ltr'><strong>virtutis</strong></span> <span class='ocrx_word' id='word_1_573' title='bbox 2824 4245 3114 4314; x_wconf 75' lang='lat' dir='ltr'><strong>paltestra,</strong></span> <span class='ocrx_word' id='word_1_574' title='bbox 3157 4245 3372 4301; x_wconf 91' lang='lat' dir='ltr'><strong>minora</strong></span> 
     </span>
    </p>
   </div>
   <div class='ocr_carea' id='block_1_87' title="bbox 1776 4336 3374 4407">
    <p class='ocr_par' dir='ltr' id='par_1_87' title="bbox 1776 4336 3374 4407">
     <span class='ocr_line' id='line_1_87' title="bbox 1776 4336 3374 4407; baseline 0 -16"><span class='ocrx_word' id='word_1_575' title='bbox 1776 4351 1969 4407; x_wconf 84' lang='lat' dir='ltr'><strong>sapere</strong></span> <span class='ocrx_word' id='word_1_576' title='bbox 1997 4351 2160 4406; x_wconf 89' lang='lat' dir='ltr'><strong>quam</strong></span> <span class='ocrx_word' id='word_1_577' title='bbox 2189 4352 2290 4406; x_wconf 87' lang='lat' dir='ltr'><strong>pro</strong></span> <span class='ocrx_word' id='word_1_578' title='bbox 2317 4351 2419 4390; x_wconf 91' lang='lat' dir='ltr'><strong>suo</strong></span> <span class='ocrx_word' id='word_1_579' title='bbox 2447 4352 2650 4406; x_wconf 89' lang='lat' dir='ltr'><strong>opere;</strong></span> <span class='ocrx_word' id='word_1_580' title='bbox 2683 4336 2899 4406; x_wconf 88' lang='lat' dir='ltr'><strong>potiora</strong></span> <span class='ocrx_word' id='word_1_581' title='bbox 2924 4351 3058 4390; x_wconf 85' lang='lat' dir='ltr'><strong>vero</strong></span> <span class='ocrx_word' id='word_1_582' title='bbox 3079 4351 3244 4406; x_wconf 89' lang='lat' dir='ltr'><strong>quam</strong></span> <span class='ocrx_word' id='word_1_583' title='bbox 3275 4351 3374 4404; x_wconf 90' lang='lat' dir='ltr'><strong>pro</strong></span> 
     </span>
    </p>
   </div>
   <div class='ocr_carea' id='block_1_88' title="bbox 91 4425 1675 4504">
    <p class='ocr_par' dir='ltr' id='par_1_88' title="bbox 91 4429 1672 4502">
     <span class='ocr_line' id='line_1_88' title="bbox 91 4429 1672 4502; baseline -0.002 -19"><span class='ocrx_word' id='word_1_584' title='bbox 91 4430 278 4486; x_wconf 80' lang='grc' dir='ltr'>αὐτοῦ.</span> <span class='ocrx_word' id='word_1_585' title='bbox 315 4430 474 4486; x_wconf 82' lang='grc' dir='ltr'>Οὕτω</span> <span class='ocrx_word' id='word_1_586' title='bbox 511 4431 618 4502; x_wconf 71' lang='grc' dir='ltr'><strong>γάρ</strong></span> <span class='ocrx_word' id='word_1_587' title='bbox 660 4430 726 4494; x_wconf 80' lang='grc' dir='ltr'><strong>ἂν</strong></span> <span class='ocrx_word' id='word_1_588' title='bbox 775 4433 868 4483; x_wconf 73' lang='grc' dir='ltr'><strong>καὶ</strong></span> <span class='ocrx_word' id='word_1_589' title='bbox 912 4430 1221 4501; x_wconf 77' lang='grc' dir='ltr'>ἀνθρώποις</span> <span class='ocrx_word' id='word_1_590' title='bbox 1249 4430 1545 4498; x_wconf 69' lang='grc' dir='ltr'>αἰδέσιμος,</span> <span class='ocrx_word' id='word_1_591' title='bbox 1579 4429 1672 4482; x_wconf 83' lang='grc' dir='ltr'><strong>καὶ</strong></span> 
     </span>
    </p>
   </div>
   <div class='ocr_carea' id='block_1_89' title="bbox 1798 4425 3372 4504">
    <p class='ocr_par' dir='ltr' id='par_1_89' title="bbox 1798 4425 3372 4504">
     <span class='ocr_line' id='line_1_89' title="bbox 1798 4425 3372 4504; baseline 0.004 -28"><span class='ocrx_word' id='word_1_592' title='bbox 1798 4442 1873 4481; x_wconf 52' lang='lat' dir='ltr'><strong>Lua</strong></span> <span class='ocrx_word' id='word_1_593' title='bbox 1899 4425 2192 4482; x_wconf 84' lang='lat' dir='ltr'><strong>formidine</strong></span> <span class='ocrx_word' id='word_1_594' title='bbox 2218 4442 2281 4482; x_wconf 92' lang='lat' dir='ltr'><strong>ac</strong></span> <span class='ocrx_word' id='word_1_595' title='bbox 2306 4428 2522 4504; x_wconf 80' lang='lat' dir='ltr'><strong>ignavia</strong></span> <span class='ocrx_word' id='word_1_596' title='bbox 2550 4442 2734 4497; x_wconf 71' lang='lat' dir='ltr'><strong>agere.</strong></span> <span class='ocrx_word' id='word_1_597' title='bbox 2759 4425 2854 4483; x_wconf 88' lang='lat' dir='ltr'><strong>Sic</strong></span> <span class='ocrx_word' id='word_1_598' title='bbox 2881 4429 3032 4482; x_wconf 85' lang='lat' dir='ltr'><strong>enim</strong></span> <span class='ocrx_word' id='word_1_599' title='bbox 3060 4437 3173 4482; x_wconf 89' lang='lat' dir='ltr'><strong>tum</strong></span> <span class='ocrx_word' id='word_1_600' title='bbox 3201 4427 3372 4482; x_wconf 84' lang='lat' dir='ltr'><strong>homi-</strong></span> 
     </span>
    </p>
   </div>
   <div class='ocr_carea' id='block_1_90' title="bbox 92 4520 1420 4601">
    <p class='ocr_par' dir='ltr' id='par_1_90' title="bbox 92 4520 1420 4601">
     <span class='ocr_line' id='line_1_90' title="bbox 92 4520 1420 4601; baseline 0.001 -26"><span class='ocrx_word' id='word_1_601' title='bbox 92 4520 212 4594; x_wconf 87' lang='grc' dir='ltr'><strong>Θεῷ</strong></span> <span class='ocrx_word' id='word_1_602' title='bbox 240 4523 507 4596; x_wconf 74' lang='grc' dir='ltr'>ἐργάπης</span> <span class='ocrx_word' id='word_1_603' title='bbox 548 4523 866 4594; x_wconf 83' lang='grc' dir='ltr'>εὑρίσκεται</span> <span class='ocrx_word' id='word_1_604' title='bbox 905 4523 1420 4601; x_wconf 60' lang='grc' dir='ltr'>ἀνεπαίσχυντος.</span> 
     </span>
    </p>
   </div>
   <div class='ocr_carea' id='block_1_91' title="bbox 169 4701 1679 4787">
    <p class='ocr_par' dir='ltr' id='par_1_91' title="bbox 169 4701 1679 4787">
     <span class='ocr_line' id='line_1_91' title="bbox 169 4701 1679 4787; baseline -0.003 -25"><span class='ocrx_word' id='word_1_605' title='bbox 169 4714 281 4776; x_wconf 85' lang='grc' dir='ltr'>μγ¹.</span> <span class='ocrx_word' id='word_1_606' title='bbox 315 4707 387 4761; x_wconf 84' lang='grc' dir='ltr'><strong>Ἢ</strong></span> <span class='ocrx_word' id='word_1_607' title='bbox 427 4702 830 4787; x_wconf 78' lang='grc' dir='ltr'>κατορθοῦσθαι</span> <span class='ocrx_word' id='word_1_608' title='bbox 866 4704 947 4758; x_wconf 82' lang='grc' dir='ltr'>δεῖ</span> <span class='ocrx_word' id='word_1_609' title='bbox 973 4703 1048 4776; x_wconf 84' lang='grc' dir='ltr'>(Ιι)</span> <span class='ocrx_word' id='word_1_610' title='bbox 1074 4701 1212 4772; x_wconf 78' lang='grc' dir='ltr'>πρὸς</span> <span class='ocrx_word' id='word_1_611' title='bbox 1253 4701 1432 4769; x_wconf 75' lang='grc' dir='ltr'>πάσας</span> <span class='ocrx_word' id='word_1_612' title='bbox 1461 4701 1562 4765; x_wconf 79' lang='grc' dir='ltr'><strong>τὰς</strong></span> <span class='ocrx_word' id='word_1_613' title='bbox 1593 4701 1679 4757; x_wconf 82' lang='grc' dir='ltr'><strong>ὲν-</strong></span> 
     </span>
    </p>
   </div>
   <div class='ocr_carea' id='block_1_92' title="bbox 164 4841 1341 4913">
    <p class='ocr_par' dir='ltr' id='par_1_92' title="bbox 164 4841 1341 4913">
     <span class='ocr_line' id='line_1_92' title="bbox 164 4841 1341 4913; baseline -0.005 -11"><span class='ocrx_word' id='word_1_614' title='bbox 164 4847 186 4880; x_wconf 81' lang='grc'><strong>⁸</strong></span> <span class='ocrx_word' id='word_1_615' title='bbox 208 4846 346 4904; x_wconf 87' lang='lat' dir='ltr'><strong>Luc.</strong></span> <span class='ocrx_word' id='word_1_616' title='bbox 382 4863 491 4913; x_wconf 74' lang='lat' dir='ltr'><strong>Juv,</strong></span> <span class='ocrx_word' id='word_1_617' title='bbox 518 4848 572 4913; x_wconf 70' lang='grc' dir='ltr'>Ἲς</span> <span class='ocrx_word' id='word_1_618' title='bbox 597 4863 686 4911; x_wconf 77' lang='lat' dir='ltr'><strong>xx,</strong></span> <span class='ocrx_word' id='word_1_619' title='bbox 723 4845 814 4902; x_wconf 70' lang='grc'><strong>46.</strong></span> <span class='ocrx_word' id='word_1_620' title='bbox 891 4844 912 4877; x_wconf 87' lang='grc'>⁹</span> <span class='ocrx_word' id='word_1_621' title='bbox 937 4843 959 4898; x_wconf 86' lang='grc' dir='ltr'><strong>Ι</strong></span> <span class='ocrx_word' id='word_1_622' title='bbox 985 4843 1128 4900; x_wconf 81' lang='lat' dir='ltr'><strong>Tim.</strong></span> <span class='ocrx_word' id='word_1_623' title='bbox 1159 4858 1218 4907; x_wconf 71' lang='grc' dir='ltr'><strong>ιι,</strong></span> <span class='ocrx_word' id='word_1_624' title='bbox 1250 4841 1341 4905; x_wconf 75' lang='grc'><strong>15.</strong></span> 
     </span>
    </p>
   </div>
   <div class='ocr_carea' id='block_1_93' title="bbox 169 4955 1681 5033">
    <p class='ocr_par' dir='ltr' id='par_1_93' title="bbox 169 4955 1681 5033">
     <span class='ocr_line' id='line_1_93' title="bbox 169 4955 1681 5033; baseline -0.018 -10"><span class='ocrx_word' id='word_1_625' title='bbox 169 4963 232 5033; x_wconf 80' lang='grc' dir='ltr'><strong>(Ι)</strong></span> <span class='ocrx_word' id='word_1_626' title='bbox 281 4962 347 5015; x_wconf 87' lang='grc' dir='ltr'><em>Ὀ</em></span> <span class='ocrx_word' id='word_1_627' title='bbox 371 4959 464 5033; x_wconf 19' lang='grc' dir='ltr'>,τῷ</span> <span class='ocrx_word' id='word_1_628' title='bbox 495 4960 844 5033; x_wconf 60' lang='grc' dir='ltr'>λυπήσειν-τι</span> <span class='ocrx_word' id='word_1_629' title='bbox 871 4957 1114 5033; x_wconf 68' lang='grc' dir='ltr'>ὰᾷίκως.</span> <span class='ocrx_word' id='word_1_630' title='bbox 1142 4955 1378 5033; x_wconf 75' lang='lat' dir='ltr'><strong>Coactus</strong></span> <span class='ocrx_word' id='word_1_631' title='bbox 1407 4970 1531 5033; x_wconf 66' lang='lat' dir='ltr'><strong>sum</strong></span> <span class='ocrx_word' id='word_1_632' title='bbox 1558 4971 1681 5010; x_wconf 78' lang='lat' dir='ltr'><strong>mu-</strong></span> 
     </span>
    </p>
   </div>
   <div class='ocr_carea' id='block_1_94' title="bbox 97 5025 1684 5102">
    <p class='ocr_par' dir='ltr' id='par_1_94' title="bbox 97 5025 1684 5102">
     <span class='ocr_line' id='line_1_94' title="bbox 97 5025 1684 5102; baseline -0.005 -15"><span class='ocrx_word' id='word_1_633' title='bbox 97 5025 389 5102; x_wconf 58' lang='lat' dir='ltr'><strong>tare&#39;quod</strong></span> <span class='ocrx_word' id='word_1_634' title='bbox 425 5025 751 5102; x_wconf 80' lang='lat' dir='ltr'><strong>mendosum</strong></span> <span class='ocrx_word' id='word_1_635' title='bbox 785 5028 1016 5102; x_wconf 80' lang='lat' dir='ltr'><strong>omnino</strong></span> <span class='ocrx_word' id='word_1_636' title='bbox 1058 5027 1392 5102; x_wconf 58' lang='lat' dir='ltr'><strong>apparebat,</strong></span> <span class='ocrx_word' id='word_1_637' title='bbox 1420 5025 1684 5102; x_wconf 80' lang='lat' dir='ltr'><strong>nulloque</strong></span> 
     </span>
    </p>
   </div>
   <div class='ocr_carea' id='block_1_95' title="bbox 96 5097 1683 5172">
    <p class='ocr_par' dir='ltr' id='par_1_95' title="bbox 96 5097 1683 5172">
     <span class='ocr_line' id='line_1_95' title="bbox 96 5097 1683 5172; baseline -0.008 -13"><span class='ocrx_word' id='word_1_638' title='bbox 96 5113 225 5172; x_wconf 71' lang='lat' dir='ltr'><strong>apto</strong></span> <span class='ocrx_word' id='word_1_639' title='bbox 255 5097 435 5158; x_wconf 57' lang='lat' dir='ltr'><strong>&#39;sensu</strong></span> <span class='ocrx_word' id='word_1_640' title='bbox 483 5116 515 5155; x_wconf 89' lang='lat' dir='ltr'><strong>a</strong></span> <span class='ocrx_word' id='word_1_641' title='bbox 558 5101 793 5165; x_wconf 78' lang='lat' dir='ltr'><strong>Maximo</strong></span> <span class='ocrx_word' id='word_1_642' title='bbox 835 5099 1003 5172; x_wconf 82' lang='lat' dir='ltr'><strong>scribi</strong></span> <span class='ocrx_word' id='word_1_643' title='bbox 1043 5104 1346 5172; x_wconf 58' lang='lat' dir='ltr'><strong>potuerat,</strong></span> <span class='ocrx_word' id='word_1_644' title='bbox 1380 5097 1683 5172; x_wconf 74' lang='grc' dir='ltr'>λυπήσαντι</span> 
     </span>
    </p>
   </div>
   <div class='ocr_carea' id='block_1_96' title="bbox 98 5166 1686 5241">
    <p class='ocr_par' dir='ltr' id='par_1_96' title="bbox 98 5166 1686 5241">
     <span class='ocr_line' id='line_1_96' title="bbox 98 5166 1686 5241; baseline -0.003 -18"><span class='ocrx_word' id='word_1_645' title='bbox 98 5166 342 5237; x_wconf 56' lang='lat' dir='ltr'><strong>simam,</strong></span> <span class='ocrx_word' id='word_1_646' title='bbox 369 5180 424 5227; x_wconf 89' lang='lat' dir='ltr'><strong>et</strong></span> <span class='ocrx_word' id='word_1_647' title='bbox 451 5172 749 5241; x_wconf 73' lang='grc' dir='ltr'>μετανοῶνο</span> <span class='ocrx_word' id='word_1_648' title='bbox 774 5185 899 5224; x_wconf 91' lang='lat' dir='ltr'><strong>cum</strong></span> <span class='ocrx_word' id='word_1_649' title='bbox 921 5166 1125 5239; x_wconf 80' lang='lat' dir='ltr'><strong>alioqui</strong></span> <span class='ocrx_word' id='word_1_650' title='bbox 1154 5166 1494 5241; x_wconf 76' lang='lat' dir='ltr'><strong>expeditasit</strong></span> <span class='ocrx_word' id='word_1_651' title='bbox 1519 5166 1686 5233; x_wconf 84' lang='lat' dir='ltr'><strong>totius</strong></span> 
     </span>
    </p>
   </div>
   <div class='ocr_carea' id='block_1_97' title="bbox 99 5238 1681 5312">
    <p class='ocr_par' dir='ltr' id='par_1_97' title="bbox 99 5238 1681 5312">
     <span class='ocr_line' id='line_1_97' title="bbox 99 5238 1681 5312; baseline -0.004 -16"><span class='ocrx_word' id='word_1_652' title='bbox 99 5244 294 5311; x_wconf 90' lang='lat' dir='ltr'><strong>capitis</strong></span> <span class='ocrx_word' id='word_1_653' title='bbox 326 5238 618 5306; x_wconf 83' lang='lat' dir='ltr'><strong>sententia,</strong></span> <span class='ocrx_word' id='word_1_654' title='bbox 648 5242 763 5312; x_wconf 89' lang='lat' dir='ltr'><strong>ipsa</strong></span> <span class='ocrx_word' id='word_1_655' title='bbox 795 5247 1006 5311; x_wconf 80' lang='lat' dir='ltr'><strong>arguta,</strong></span> <span class='ocrx_word' id='word_1_656' title='bbox 1039 5238 1101 5312; x_wconf 76' lang='lat' dir='ltr'><strong>ac</strong></span> <span class='ocrx_word' id='word_1_657' title='bbox 1127 5254 1233 5312; x_wconf 78' lang='lat' dir='ltr'><strong>qua</strong></span> <span class='ocrx_word' id='word_1_658' title='bbox 1264 5238 1480 5312; x_wconf 75' lang='lat' dir='ltr'><strong>erudite</strong></span> <span class='ocrx_word' id='word_1_659' title='bbox 1511 5252 1681 5306; x_wconf 84' lang='lat' dir='ltr'><strong>expo-</strong></span> 
     </span>
    </p>
   </div>
   <div class='ocr_carea' id='block_1_98' title="bbox 100 5308 1683 5383">
    <p class='ocr_par' dir='ltr' id='par_1_98' title="bbox 100 5308 1683 5383">
     <span class='ocr_line' id='line_1_98' title="bbox 100 5308 1683 5383; baseline -0.003 -18"><span class='ocrx_word' id='word_1_660' title='bbox 100 5308 309 5367; x_wconf 75' lang='lat' dir='ltr'><strong>nuntur</strong></span> <span class='ocrx_word' id='word_1_661' title='bbox 336 5313 538 5383; x_wconf 81' lang='lat' dir='ltr'><strong>gradus</strong></span> <span class='ocrx_word' id='word_1_662' title='bbox 560 5308 773 5368; x_wconf 75' lang='lat' dir='ltr'><strong>ferendi</strong></span> <span class='ocrx_word' id='word_1_663' title='bbox 801 5308 1239 5383; x_wconf 55' lang='lat' dir='ltr'><strong>au&#39;tremittendi</strong></span> <span class='ocrx_word' id='word_1_664' title='bbox 1269 5308 1528 5378; x_wconf 88' lang='lat' dir='ltr'><strong>injurias;</strong></span> <span class='ocrx_word' id='word_1_665' title='bbox 1561 5323 1683 5383; x_wconf 64' lang='lat' dir='ltr'><strong>quae</strong></span> 
     </span>
    </p>
   </div>
   <div class='ocr_carea' id='block_1_99' title="bbox 103 5378 1688 5455">
    <p class='ocr_par' dir='ltr' id='par_1_99' title="bbox 103 5378 1688 5455">
     <span class='ocr_line' id='line_1_99' title="bbox 103 5378 1688 5455; baseline -0.004 -19"><span class='ocrx_word' id='word_1_666' title='bbox 103 5393 237 5455; x_wconf 80' lang='lat' dir='ltr'><strong>tunc</strong></span> <span class='ocrx_word' id='word_1_667' title='bbox 278 5378 494 5455; x_wconf 71' lang='lat' dir='ltr'><strong>injuriae</strong></span> <span class='ocrx_word' id='word_1_668' title='bbox 539 5394 700 5448; x_wconf 90' lang='lat' dir='ltr'><strong>sunt,</strong></span> <span class='ocrx_word' id='word_1_669' title='bbox 737 5399 863 5455; x_wconf 89' lang='lat' dir='ltr'><strong>cum</strong></span> <span class='ocrx_word' id='word_1_670' title='bbox 907 5382 1110 5453; x_wconf 87' lang='lat' dir='ltr'><strong>injuste</strong></span> <span class='ocrx_word' id='word_1_671' title='bbox 1156 5379 1524 5455; x_wconf 76' lang='lat' dir='ltr'><strong>inferun_tu_r_:</strong></span> <span class='ocrx_word' id='word_1_672' title='bbox 1569 5378 1688 5430; x_wconf 83' lang='grc' dir='ltr'>ἀντὶ</span> 
     </span>
    </p>
   </div>
   <div class='ocr_carea' id='block_1_100' title="bbox 101 5449 1689 5524">
    <p class='ocr_par' dir='ltr' id='par_1_100' title="bbox 101 5449 1689 5524">
     <span class='ocr_line' id='line_1_100' title="bbox 101 5449 1689 5524; baseline -0.002 -20"><span class='ocrx_word' id='word_1_673' title='bbox 101 5453 195 5505; x_wconf 80' lang='grc' dir='ltr'>τοῦ</span> <span class='ocrx_word' id='word_1_674' title='bbox 245 5449 542 5524; x_wconf 68' lang='grc' dir='ltr'>μετανοῶν,</span> <span class='ocrx_word' id='word_1_675' title='bbox 573 5454 919 5524; x_wconf 86' lang='lat' dir='ltr'><strong>scripsissem</strong></span> <span class='ocrx_word' id='word_1_676' title='bbox 965 5449 1303 5524; x_wconf 78' lang='grc' dir='ltr'>μετευνοῶν,</span> <span class='ocrx_word' id='word_1_677' title='bbox 1329 5450 1384 5524; x_wconf 84' lang='lat' dir='ltr'><strong>_si</strong></span> <span class='ocrx_word' id='word_1_678' title='bbox 1431 5449 1521 5524; x_wconf 77' lang='lat' dir='ltr'><strong>illa</strong></span> <span class='ocrx_word' id='word_1_679' title='bbox 1555 5462 1689 5501; x_wconf 87' lang='lat' dir='ltr'><strong>voce</strong></span> 
     </span>
    </p>
   </div>
   <div class='ocr_carea' id='block_1_101' title="bbox 101 5519 1682 5594">
    <p class='ocr_par' dir='ltr' id='par_1_101' title="bbox 101 5519 1682 5594">
     <span class='ocr_line' id='line_1_101' title="bbox 101 5519 1682 5594; baseline -0.004 -16"><span class='ocrx_word' id='word_1_680' title='bbox 101 5519 265 5594; x_wconf 74' lang='lat' dir='ltr'><strong>usum</strong></span> <span class='ocrx_word' id='word_1_681' title='bbox 326 5526 564 5594; x_wconf 85' lang='lat' dir='ltr'><strong>aliquem</strong></span> <span class='ocrx_word' id='word_1_682' title='bbox 627 5519 920 5594; x_wconf 73' lang='lat' dir='ltr'><strong>probatum</strong></span> <span class='ocrx_word' id='word_1_683' title='bbox 973 5519 1264 5594; x_wconf 77' lang='lat' dir='ltr'><strong>auctorem</strong></span> <span class='ocrx_word' id='word_1_684' title='bbox 1304 5519 1682 5594; x_wconf 86' lang='lat' dir='ltr'><strong>_invenisse_m.</strong></span> 
     </span>
    </p>
   </div>
   <div class='ocr_carea' id='block_1_102' title="bbox 104 5588 1684 5664">
    <p class='ocr_par' dir='ltr' id='par_1_102' title="bbox 104 5588 1684 5664">
     <span class='ocr_line' id='line_1_102' title="bbox 104 5588 1684 5664; baseline -0.003 -19"><span class='ocrx_word' id='word_1_685' title='bbox 104 5591 319 5664; x_wconf 78' lang='lat' dir='ltr'><strong>Alioqui</strong></span> <span class='ocrx_word' id='word_1_686' title='bbox 367 5588 514 5650; x_wconf 73' lang='lat' dir='ltr'><strong>vero</strong></span> <span class='ocrx_word' id='word_1_687' title='bbox 549 5588 654 5649; x_wconf 72' lang='lat' dir='ltr'><strong>voi</strong></span> <span class='ocrx_word' id='word_1_688' title='bbox 700 5595 933 5657; x_wconf 84' lang='grc' dir='ltr'>εὐνοῶν,</span> <span class='ocrx_word' id='word_1_689' title='bbox 978 5588 1684 5664; x_wconf 75' lang='lat' dir='ltr'><strong>ipsa_non__incommoda;</strong></span> 
     </span>
    </p>
   </div>
   <div class='ocr_carea' id='block_1_103' title="bbox 106 5659 1682 5750">
    <p class='ocr_par' dir='ltr' id='par_1_103' title="bbox 106 5659 1682 5750">
     <span class='ocr_line' id='line_1_103' title="bbox 106 5659 1682 5750; baseline -0.003 -33"><span class='ocrx_word' id='word_1_690' title='bbox 106 5659 513 5750; x_wconf 39' lang='lat' dir='ltr'><strong>re‘sp‘éxeriulue</strong></span> <span class='ocrx_word' id='word_1_691' title='bbox 552 5665 610 5748; x_wconf 68' lang='lat' dir='ltr'><strong>in</strong></span> <span class='ocrx_word' id='word_1_692' title='bbox 648 5680 715 5750; x_wconf 72' lang='lat' dir='ltr'><strong>ea</strong></span> <span class='ocrx_word' id='word_1_693' title='bbox 752 5659 1039 5750; x_wconf 45' lang='lat' dir='ltr'><strong>{faximus},</strong></span> <span class='ocrx_word' id='word_1_694' title='bbox 1073 5661 1208 5745; x_wconf 69' lang='lat' dir='ltr'><strong>illud</strong></span> <span class='ocrx_word' id='word_1_695' title='bbox 1245 5660 1436 5750; x_wconf 53' lang='lat' dir='ltr'><strong>Matth.</strong></span> <span class='ocrx_word' id='word_1_696' title='bbox 1469 5677 1523 5750; x_wconf 53' lang='grc' dir='ltr'><strong>ν,</strong></span> <span class='ocrx_word' id='word_1_697' title='bbox 1556 5659 1626 5713; x_wconf 72' lang='lat'><strong>25</strong></span> <span class='ocrx_word' id='word_1_698' title='bbox 1669 5676 1682 5689; x_wconf 66' lang='grc' dir='ltr'><strong>ι</strong></span> 
     </span>
    </p>
   </div>
   <div class='ocr_carea' id='block_1_104' title="bbox 110 5730 1686 5806">
    <p class='ocr_par' dir='ltr' id='par_1_104' title="bbox 110 5730 1686 5806">
     <span class='ocr_line' id='line_1_104' title="bbox 110 5730 1686 5806; baseline -0.001 -21"><span class='ocrx_word' id='word_1_699' title='bbox 110 5730 266 5792; x_wconf 74' lang='grc' dir='ltr'>Ἐσθι</span> <span class='ocrx_word' id='word_1_700' title='bbox 297 5730 495 5800; x_wconf 69' lang='grc' dir='ltr'>εὐνοῶν</span> <span class='ocrx_word' id='word_1_701' title='bbox 528 5735 607 5806; x_wconf 83' lang='grc' dir='ltr'>τῷ</span> <span class='ocrx_word' id='word_1_702' title='bbox 637 5735 894 5806; x_wconf 76' lang='grc' dir='ltr'>ἀντιδίκῳ</span> <span class='ocrx_word' id='word_1_703' title='bbox 926 5749 1017 5798; x_wconf 81' lang='grc' dir='ltr'><strong>σου</strong></span> <span class='ocrx_word' id='word_1_704' title='bbox 1049 5731 1205 5802; x_wconf 83' lang='grc' dir='ltr'>ταχύ·</span> <span class='ocrx_word' id='word_1_705' title='bbox 1239 5730 1437 5785; x_wconf 81' lang='lat' dir='ltr'><strong>Habeto</strong></span> <span class='ocrx_word' id='word_1_706' title='bbox 1470 5730 1686 5789; x_wconf 83' lang='lat' dir='ltr'><strong>benevo-</strong></span> 
     </span>
    </p>
   </div>
   <div class='ocr_carea' id='block_1_105' title="bbox 1780 4516 3374 4590">
    <p class='ocr_par' dir='ltr' id='par_1_105' title="bbox 1780 4516 3374 4590">
     <span class='ocr_line' id='line_1_105' title="bbox 1780 4516 3374 4590; baseline 0.003 -20"><span class='ocrx_word' id='word_1_707' title='bbox 1780 4516 1948 4572; x_wconf 89' lang='lat' dir='ltr'><strong>nibus</strong></span> <span class='ocrx_word' id='word_1_708' title='bbox 1977 4517 2331 4583; x_wconf 78' lang='lat' dir='ltr'><strong>venerabilis,</strong></span> <span class='ocrx_word' id='word_1_709' title='bbox 2370 4524 2482 4572; x_wconf 86' lang='lat' dir='ltr'><strong>tum</strong></span> <span class='ocrx_word' id='word_1_710' title='bbox 2507 4517 2620 4571; x_wconf 90' lang='lat' dir='ltr'><strong>Deo</strong></span> <span class='ocrx_word' id='word_1_711' title='bbox 2649 4519 2924 4588; x_wconf 81' lang='lat' dir='ltr'><strong>operarius</strong></span> <span class='ocrx_word' id='word_1_712' title='bbox 2954 4519 3334 4590; x_wconf 73' lang='lat' dir='ltr'><strong>inconfusibilis</strong></span> <span class='ocrx_word' id='word_1_713' title='bbox 3354 4521 3374 4552; x_wconf 83' lang='lat'><strong>’</strong></span> 
     </span>
    </p>
   </div>
   <div class='ocr_carea' id='block_1_106' title="bbox 1784 4608 2120 4663">
    <p class='ocr_par' dir='ltr' id='par_1_106' title="bbox 1784 4608 2120 4663">
     <span class='ocr_line' id='line_1_106' title="bbox 1784 4608 2120 4663; baseline -0.003 0"><span class='ocrx_word' id='word_1_714' title='bbox 1784 4608 2120 4663; x_wconf 84' lang='lat' dir='ltr'><strong>invenietur.</strong></span> 
     </span>
    </p>
   </div>
   <div class='ocr_carea' id='block_1_107' title="bbox 1860 4701 3376 4776">
    <p class='ocr_par' dir='ltr' id='par_1_107' title="bbox 1860 4701 3376 4776">
     <span class='ocr_line' id='line_1_107' title="bbox 1860 4701 3376 4776; baseline 0.005 -18"><span class='ocrx_word' id='word_1_715' title='bbox 1860 4701 1948 4758; x_wconf 74' lang='grc'><strong>45.</strong></span> <span class='ocrx_word' id='word_1_716' title='bbox 1981 4705 2090 4772; x_wconf 76' lang='lat' dir='ltr'><strong>Aut</strong></span> <span class='ocrx_word' id='word_1_717' title='bbox 2132 4703 2229 4774; x_wconf 78' lang='lat' dir='ltr'><strong>Dei</strong></span> <span class='ocrx_word' id='word_1_718' title='bbox 2275 4701 2532 4774; x_wconf 77' lang='lat' dir='ltr'><strong>mandata</strong></span> <span class='ocrx_word' id='word_1_719' title='bbox 2577 4703 2762 4774; x_wconf 85' lang='lat' dir='ltr'><strong>omnia</strong></span> <span class='ocrx_word' id='word_1_720' title='bbox 2805 4704 3105 4776; x_wconf 88' lang='lat' dir='ltr'><strong>adimpleat</strong></span> <span class='ocrx_word' id='word_1_721' title='bbox 3150 4723 3376 4766; x_wconf 84' lang='lat' dir='ltr'><strong>necesse</strong></span> 
     </span>
    </p>
   </div>
   <div class='ocr_carea' id='block_1_108' title="bbox 1781 4957 3372 5022">
    <p class='ocr_par' dir='ltr' id='par_1_108' title="bbox 1781 4957 3372 5022">
     <span class='ocr_line' id='line_1_108' title="bbox 1781 4957 3372 5022; baseline 0.001 -10"><span class='ocrx_word' id='word_1_722' title='bbox 1781 4958 2000 5012; x_wconf 72' lang='lat' dir='ltr'><strong>(entiam</strong></span> <span class='ocrx_word' id='word_1_723' title='bbox 2033 4973 2152 5009; x_wconf 85' lang='lat' dir='ltr'><strong>cum</strong></span> <span class='ocrx_word' id='word_1_724' title='bbox 2191 4957 2499 5012; x_wconf 79' lang='lat' dir='ltr'><strong>adversario</strong></span> <span class='ocrx_word' id='word_1_725' title='bbox 2533 4968 2622 5013; x_wconf 83' lang='lat' dir='ltr'><strong>tuo</strong></span> <span class='ocrx_word' id='word_1_726' title='bbox 2656 4961 2791 5022; x_wconf 80' lang='lat' dir='ltr'><strong>cito,</strong></span> <span class='ocrx_word' id='word_1_727' title='bbox 2825 4959 2906 5012; x_wconf 92' lang='lat' dir='ltr'><strong>uti</strong></span> <span class='ocrx_word' id='word_1_728' title='bbox 2944 4959 3126 5012; x_wconf 88' lang='lat' dir='ltr'><strong>reddit</strong></span> <span class='ocrx_word' id='word_1_729' title='bbox 3161 4960 3372 5013; x_wconf 84' lang='lat' dir='ltr'><strong>Erasm.</strong></span> 
     </span>
    </p>
   </div>
   <div class='ocr_carea' id='block_1_109' title="bbox 1781 5027 3369 5110">
    <p class='ocr_par' dir='ltr' id='par_1_109' title="bbox 1781 5027 3369 5110">
     <span class='ocr_line' id='line_1_109' title="bbox 1781 5027 3369 5110; baseline -0.001 -27"><span class='ocrx_word' id='word_1_730' title='bbox 1781 5044 1845 5110; x_wconf 64' lang='lat' dir='ltr'><strong>ac</strong></span> <span class='ocrx_word' id='word_1_731' title='bbox 1880 5027 2069 5108; x_wconf 68' lang='lat' dir='ltr'><strong>Graeca</strong></span> <span class='ocrx_word' id='word_1_732' title='bbox 2106 5037 2333 5092; x_wconf 89' lang='lat' dir='ltr'><strong>sonant;</strong></span> <span class='ocrx_word' id='word_1_733' title='bbox 2375 5037 2695 5110; x_wconf 71' lang='lat' dir='ltr'><strong>spectatque</strong></span> <span class='ocrx_word' id='word_1_734' title='bbox 2733 5038 2786 5110; x_wconf 82' lang='lat' dir='ltr'><strong>e_t</strong></span> <span class='ocrx_word' id='word_1_735' title='bbox 2829 5028 3084 5110; x_wconf 58' lang='lat' dir='ltr'><strong>istudad</strong></span> <span class='ocrx_word' id='word_1_736' title='bbox 3127 5031 3369 5110; x_wconf 74' lang='lat' dir='ltr'><strong>reconci-</strong></span> 
     </span>
    </p>
   </div>
   <div class='ocr_carea' id='block_1_110' title="bbox 1780 5097 3376 5180">
    <p class='ocr_par' dir='ltr' id='par_1_110' title="bbox 1780 5097 3376 5180">
     <span class='ocr_line' id='line_1_110' title="bbox 1780 5097 3376 5180; baseline 0.001 -28"><span class='ocrx_word' id='word_1_737' title='bbox 1780 5099 2091 5180; x_wconf 72' lang='lat' dir='ltr'><strong>liationem,</strong></span> <span class='ocrx_word' id='word_1_738' title='bbox 2125 5113 2232 5180; x_wconf 77' lang='lat' dir='ltr'><strong>qua</strong></span> <span class='ocrx_word' id='word_1_739' title='bbox 2254 5097 2825 5180; x_wconf 26' lang='lat' dir='ltr'><strong>studemusninjurite</strong></span> <span class='ocrx_word' id='word_1_740' title='bbox 2855 5098 3033 5180; x_wconf 65' lang='lat' dir='ltr'><strong>obliti,</strong></span> <span class='ocrx_word' id='word_1_741' title='bbox 3067 5114 3110 5151; x_wconf 80' lang='lat' dir='ltr'><strong>si</strong></span> <span class='ocrx_word' id='word_1_742' title='bbox 3147 5099 3278 5178; x_wconf 82' lang='lat' dir='ltr'><strong>quid</strong></span> <span class='ocrx_word' id='word_1_743' title='bbox 3313 5117 3376 5153; x_wconf 89' lang='lat' dir='ltr'><strong>ea</strong></span> 
     </span>
    </p>
   </div>
   <div class='ocr_carea' id='block_1_111' title="bbox 1783 5168 3266 5234">
    <p class='ocr_par' dir='ltr' id='par_1_111' title="bbox 1783 5168 3266 5234">
     <span class='ocr_line' id='line_1_111' title="bbox 1783 5168 3266 5234; baseline -0.001 -13"><span class='ocrx_word' id='word_1_744' title='bbox 1783 5168 1908 5224; x_wconf 64' lang='lat' dir='ltr'><strong>laesa</strong></span> <span class='ocrx_word' id='word_1_745' title='bbox 1937 5168 2322 5234; x_wconf 85' lang='lat' dir='ltr'><strong>benevolentia</strong></span> <span class='ocrx_word' id='word_1_746' title='bbox 2354 5178 2458 5233; x_wconf 88' lang='lat' dir='ltr'><strong>est,</strong></span> <span class='ocrx_word' id='word_1_747' title='bbox 2484 5168 2694 5223; x_wconf 66' lang='lat' dir='ltr'><strong>sanior‘i</strong></span> <span class='ocrx_word' id='word_1_748' title='bbox 2724 5169 2954 5224; x_wconf 89' lang='lat' dir='ltr'><strong>consilio</strong></span> <span class='ocrx_word' id='word_1_749' title='bbox 2983 5170 3266 5221; x_wconf 79' lang='lat' dir='ltr'><strong>resarcire.</strong></span> 
     </span>
    </p>
   </div>
   <div class='ocr_carea' id='block_1_112' title="bbox 1869 5238 3367 5308">
    <p class='ocr_par' dir='ltr' id='par_1_112' title="bbox 1869 5238 3367 5308">
     <span class='ocr_line' id='line_1_112' title="bbox 1869 5238 3367 5308; baseline 0.001 -18"><span class='ocrx_word' id='word_1_750' title='bbox 1869 5241 1945 5308; x_wconf 85' lang='lat' dir='ltr'><strong>(g)</strong></span> <span class='ocrx_word' id='word_1_751' title='bbox 1979 5238 2488 5305; x_wconf 76' lang='grc' dir='ltr'>Παραμετρεῖσθαι</span> <span class='ocrx_word' id='word_1_752' title='bbox 2511 5240 2636 5304; x_wconf 78' lang='grc' dir='ltr'>τοῖς</span> <span class='ocrx_word' id='word_1_753' title='bbox 2659 5241 3024 5305; x_wconf 73' lang='grc' dir='ltr'>ἐλαχίστοις,</span> <span class='ocrx_word' id='word_1_754' title='bbox 3050 5238 3173 5292; x_wconf 83' lang='lat' dir='ltr'><strong>Ha-e</strong></span> <span class='ocrx_word' id='word_1_755' title='bbox 3197 5239 3367 5291; x_wconf 88' lang='lat' dir='ltr'><strong>humi-</strong></span> 
     </span>
    </p>
   </div>
   <div class='ocr_carea' id='block_1_113' title="bbox 1786 5309 3375 5379">
    <p class='ocr_par' dir='ltr' id='par_1_113' title="bbox 1786 5309 3375 5379">
     <span class='ocr_line' id='line_1_113' title="bbox 1786 5309 3375 5379; baseline 0.001 -16"><span class='ocrx_word' id='word_1_756' title='bbox 1786 5309 1960 5367; x_wconf 88' lang='lat' dir='ltr'><strong>litatis</strong></span> <span class='ocrx_word' id='word_1_757' title='bbox 1997 5309 2264 5379; x_wconf 82' lang='lat' dir='ltr'><strong>perfectio</strong></span> <span class='ocrx_word' id='word_1_758' title='bbox 2288 5317 2406 5373; x_wconf 88' lang='lat' dir='ltr'><strong>.est,</strong></span> <span class='ocrx_word' id='word_1_759' title='bbox 2435 5323 2500 5362; x_wconf 89' lang='lat' dir='ltr'><strong>ae</strong></span> <span class='ocrx_word' id='word_1_760' title='bbox 2538 5309 2687 5379; x_wconf 88' lang='lat' dir='ltr'><strong>quod</strong></span> <span class='ocrx_word' id='word_1_761' title='bbox 2729 5309 2994 5370; x_wconf 90' lang='lat' dir='ltr'><strong>Dominus</strong></span> <span class='ocrx_word' id='word_1_762' title='bbox 3033 5309 3153 5362; x_wconf 83' lang='lat' dir='ltr'><strong>aliis</strong></span> <span class='ocrx_word' id='word_1_763' title='bbox 3191 5309 3375 5364; x_wconf 79' lang='lat' dir='ltr'><strong>verbis</strong></span> 
     </span>
    </p>
   </div>
   <div class='ocr_carea' id='block_1_114' title="bbox 1792 5378 3373 5447">
    <p class='ocr_par' dir='ltr' id='par_1_114' title="bbox 1792 5378 3373 5447">
     <span class='ocr_line' id='line_1_114' title="bbox 1792 5378 3373 5447; baseline -0.001 -14"><span class='ocrx_word' id='word_1_764' title='bbox 1792 5378 2111 5443; x_wconf 89' lang='lat' dir='ltr'><strong>admonuit,</strong></span> <span class='ocrx_word' id='word_1_765' title='bbox 2149 5379 2355 5447; x_wconf 88' lang='lat' dir='ltr'><strong>jubeus</strong></span> <span class='ocrx_word' id='word_1_766' title='bbox 2399 5378 2592 5433; x_wconf 80' lang='lat' dir='ltr'><strong>sedere</strong></span> <span class='ocrx_word' id='word_1_767' title='bbox 2644 5381 2699 5432; x_wconf 92' lang='lat' dir='ltr'><strong>in</strong></span> <span class='ocrx_word' id='word_1_768' title='bbox 2754 5379 3056 5433; x_wconf 86' lang='lat' dir='ltr'><strong>novissimo</strong></span> <span class='ocrx_word' id='word_1_769' title='bbox 3106 5380 3264 5443; x_wconf 87' lang='lat' dir='ltr'><strong>loco;</strong></span> <span class='ocrx_word' id='word_1_770' title='bbox 3320 5389 3373 5432; x_wconf 94' lang='lat' dir='ltr'><strong>ul</strong></span> 
     </span>
    </p>
   </div>
   <div class='ocr_carea' id='block_1_115' title="bbox 1791 5449 3374 5518">
    <p class='ocr_par' dir='ltr' id='par_1_115' title="bbox 1791 5449 3374 5518">
     <span class='ocr_line' id='line_1_115' title="bbox 1791 5449 3374 5518; baseline 0 -15"><span class='ocrx_word' id='word_1_771' title='bbox 1791 5465 1954 5504; x_wconf 86' lang='lat' dir='ltr'><strong>nemo</strong></span> <span class='ocrx_word' id='word_1_772' title='bbox 1978 5449 2051 5503; x_wconf 89' lang='lat' dir='ltr'><strong>sit</strong></span> <span class='ocrx_word' id='word_1_773' title='bbox 2074 5449 2218 5502; x_wconf 88' lang='lat' dir='ltr'><strong>inter</strong></span> <span class='ocrx_word' id='word_1_774' title='bbox 2235 5449 2522 5518; x_wconf 89' lang='lat' dir='ltr'><strong>minimos,</strong></span> <span class='ocrx_word' id='word_1_775' title='bbox 2545 5450 2704 5518; x_wconf 90' lang='lat' dir='ltr'><strong>cujus</strong></span> <span class='ocrx_word' id='word_1_776' title='bbox 2731 5465 2834 5502; x_wconf 90' lang='lat' dir='ltr'><strong>nos</strong></span> <span class='ocrx_word' id='word_1_777' title='bbox 2859 5450 3081 5503; x_wconf 92' lang='lat' dir='ltr'><strong>modum</strong></span> <span class='ocrx_word' id='word_1_778' title='bbox 3109 5449 3374 5504; x_wconf 80' lang='lat' dir='ltr'><strong>excedere</strong></span> 
     </span>
    </p>
   </div>
   <div class='ocr_carea' id='block_1_116' title="bbox 1789 5517 3376 5588">
    <p class='ocr_par' dir='ltr' id='par_1_116' title="bbox 1789 5517 3376 5588">
     <span class='ocr_line' id='line_1_116' title="bbox 1789 5517 3376 5588; baseline -0.001 -13"><span class='ocrx_word' id='word_1_779' title='bbox 1789 5520 2188 5575; x_wconf 78' lang='lat' dir='ltr'><strong>existimemus.</strong></span> <span class='ocrx_word' id='word_1_780' title='bbox 2225 5517 2394 5575; x_wconf 90' lang='lat' dir='ltr'><strong>Secus</strong></span> <span class='ocrx_word' id='word_1_781' title='bbox 2425 5519 2493 5574; x_wconf 93' lang='lat' dir='ltr'><strong>de</strong></span> <span class='ocrx_word' id='word_1_782' title='bbox 2528 5517 2783 5588; x_wconf 84' lang='lat' dir='ltr'><strong>superbis</strong></span> <span class='ocrx_word' id='word_1_783' title='bbox 2816 5520 2906 5587; x_wconf 76' lang='lat'><strong>57,</strong></span> <span class='ocrx_word' id='word_1_784' title='bbox 2935 5535 3038 5573; x_wconf 90' lang='lat' dir='ltr'><strong>nec</strong></span> <span class='ocrx_word' id='word_1_785' title='bbox 3072 5520 3376 5588; x_wconf 64' lang='lat' dir='ltr'><strong>aequalibus</strong></span> 
     </span>
    </p>
   </div>
   <div class='ocr_carea' id='block_1_117' title="bbox 1790 5588 3375 5661">
    <p class='ocr_par' dir='ltr' id='par_1_117' title="bbox 1790 5588 3375 5661">
     <span class='ocr_line' id='line_1_117' title="bbox 1790 5588 3375 5661; baseline -0.001 -16"><span class='ocrx_word' id='word_1_786' title='bbox 1790 5590 1867 5645; x_wconf 90' lang='lat' dir='ltr'><strong>ait</strong></span> <span class='ocrx_word' id='word_1_787' title='bbox 1901 5592 2035 5661; x_wconf 89' lang='grc' dir='ltr'>(τοῖς</span> <span class='ocrx_word' id='word_1_788' title='bbox 2080 5588 2362 5658; x_wconf 84' lang='grc' dir='ltr'>ἰσοτίμοις)</span> <span class='ocrx_word' id='word_1_789' title='bbox 2404 5590 2456 5644; x_wconf 91' lang='lat' dir='ltr'><strong>in</strong></span> <span class='ocrx_word' id='word_1_790' title='bbox 2498 5589 2660 5644; x_wconf 83' lang='lat' dir='ltr'><strong>bonis</strong></span> <span class='ocrx_word' id='word_1_791' title='bbox 2697 5591 2835 5644; x_wconf 78' lang='lat' dir='ltr'><strong>\‘cllc</strong></span> <span class='ocrx_word' id='word_1_792' title='bbox 2881 5589 3375 5660; x_wconf 85' lang='grc' dir='ltr'>παραμετρεῖσθαι,</span> 
     </span>
    </p>
   </div>
   <div class='ocr_carea' id='block_1_118' title="bbox 1789 5661 2415 5731">
    <p class='ocr_par' dir='ltr' id='par_1_118' title="bbox 1789 5661 2415 5731">
     <span class='ocr_line' id='line_1_118' title="bbox 1789 5661 2415 5731; baseline -0.003 -16"><span class='ocrx_word' id='word_1_793' title='bbox 1789 5661 2029 5731; x_wconf 81' lang='lat' dir='ltr'><strong>componi</strong></span> <span class='ocrx_word' id='word_1_794' title='bbox 2057 5669 2104 5712; x_wconf 81' lang='lat' dir='ltr'><strong>et</strong></span> <span class='ocrx_word' id='word_1_795' title='bbox 2130 5663 2415 5729; x_wconf 72' lang='lat' dir='ltr'><strong>cquuari.</strong></span> 
     </span>
    </p>
   </div>
   <div class='ocr_carea' id='block_1_119' title="bbox 1862 5729 3376 5803">
    <p class='ocr_par' dir='ltr' id='par_1_119' title="bbox 1862 5729 3376 5803">
     <span class='ocr_line' id='line_1_119' title="bbox 1862 5729 3376 5803; baseline 0.003 -20"><span class='ocrx_word' id='word_1_796' title='bbox 1862 5729 1939 5803; x_wconf 72' lang='lat' dir='ltr'><strong>(Ii)</strong></span> <span class='ocrx_word' id='word_1_797' title='bbox 1997 5731 2065 5787; x_wconf 86' lang='lat' dir='ltr'><strong>&quot;H</strong></span> <span class='ocrx_word' id='word_1_798' title='bbox 2111 5731 2552 5798; x_wconf 78' lang='grc' dir='ltr'>κατορθοῦσθαι</span> <span class='ocrx_word' id='word_1_799' title='bbox 2600 5730 2710 5796; x_wconf 75' lang='grc' dir='ltr'>δεῖ.</span> <span class='ocrx_word' id='word_1_800' title='bbox 2754 5730 2933 5800; x_wconf 85' lang='lat' dir='ltr'><strong>Caput</strong></span> <span class='ocrx_word' id='word_1_801' title='bbox 2979 5729 3123 5786; x_wconf 82' lang='lat' dir='ltr'><strong>istud</strong></span> <span class='ocrx_word' id='word_1_802' title='bbox 3176 5744 3376 5792; x_wconf 74' lang='lat' dir='ltr'><strong>novum</strong></span> 
     </span>
    </p>
   </div>
  </div>
