3922 6348
217 251 346 316 14η

1392 251 1565 307 ALIA
1607 251 1706 308 Ex
1744 252 1984 313 VATIC.
2027 254 2310 337 CAPITA.

3347 259 3480 322 1418
3526 293 3537 301 ·

213 366 300 413 οἱα
336 358 384 411 οί
413 355 560 424 λόγοι
595 354 693 422 τῆς
719 354 936 407 αίωνίου
966 352 1110 425 ζωῆς
1158 351 1545 414 ἀποστάζουσι.
1575 352 1671 413 Τίς
1697 349 1788 405 οὖν

1913 356 1967 408 ni
2022 357 2207 422 labiis,
2260 358 2409 412 velut
2455 358 2560 413 favi
2609 361 2789 415 mellis
2835 361 3045 417 stillant
3095 362 3219 418 vitae
3263 375 3480 419 aeterna-

211 448 461 519 ἀξιωθείη
512 449 626 509 τοῖς
676 445 909 516 χείλεσιν
954 446 1189 507 ἐκείνοις
1234 443 1509 513 προσάψαι
1548 444 1618 495 τὰ
1656 443 1787 508 ἴδια,

211 542 302 595 καὶ
337 537 557 608 μασθῶν
586 536 690 589 ἀνὰ
723 537 885 607 μέσον
908 536 1078 605 αὐτῆς
1117 534 1465 604 αὐλισθῆναι,
1494 535 1587 585 καὶ
1615 534 1788 604 ὀσμῆς

214 629 395 701 ἡδείας
420 626 746 697 μεταϐαλεῖν
775 625 1003 693 ἱματίων
1030 625 1281 693 ὲκείνηςς
1311 623 1578 688 τουτέστι,
1605 624 1790 693 νόμοις

210 717 563 788 ἐνηδυνθῆναι
596 715 703 768 τῶν
739 715 972 785 ἀρετῶν,
997 713 1108 767 τῶν
1159 712 1305 783 ὑπὲρ
1348 712 1527 766 πάντα
1558 714 1692 785 φησὶ
1720 712 1789 767 τὰ

148 850 149 853 η
211 811 478 883 ἀρώματα
509 809 639 863 ὄντα
669 809 766 880 τῆς
792 808 1056 879 αἰσθητῆς
1087 806 1454 876 διαγνώσεως.

276 986 369 1041 οε’.
411 986 517 1041 Τοῦ
553 988 653 1058 μὲν
694 988 971 1058 ὁρωμένου
1014 987 1285 1056 σώματος,
1328 988 1483 1040 πᾶσα
1509 986 1655 1059 ψυχὴ
1688 1004 1787 1055 γυ-

210 1078 574 1149 μνωθήσεται·
605 1078 699 1132 τοῦ
748 1079 805 1133 δὲ
854 1080 952 1150 τῆς
982 1080 1276 1150 ἁμαρτίας,
1316 1080 1369 1132 oi
1410 1079 1509 1150 τῆς
1550 1079 1787 1134 ἐνταῦθα

207 1170 350 1240 ζωῆς
375 1172 546 1238 ὀλίγοι
574 1171 683 1225 τῶν
721 1173 891 1243 ἡδέων
918 1172 1500 1242 προσαπολαύσαντες.

282 1270 388 1328 ος’.
439 1264 645 1334 Νεκροί
684 1265 783 1335 μὲν
820 1267 884 1319 ἐκ
923 1264 1142 1329 ζώντων
1175 1265 1239 1336 (ί)
1283 1266 1487 1327 πάντες
1516 1264 1785 1334 ὀφθήσον-

206 1369 315 1405 ται·
344 1354 784 1424 νεκρωθήσονται
816 1353 872 1407 δὲ
910 1356 976 1426 τῇ
1010 1354 1253 1426 ἁμαρτίᾳ
1293 1352 1528 1426 μόνοι-οί
1577 1354 1642 1406 ἐκ
1668 1355 1784 1406 δια-

208 1443 409 1507 θέσεως
442 1445 645 1514 ταύτην
682 1447 1034 1516 μισήσαντες.

275 1535 373 1599 ρξ’.
406 1537 501 1599 Ti;
545 1538 735 1590 ἑαυτὸν
774 1536 880 1607 πρὸ
913 1536 1006 1588 τοῦ
1046 1537 1227 1590 κοινοῦ
1257 1536 1491 1591 Θανάτου
1534 1536 1627 1590 τοῦ
1676 1539 1784 1589 σώ-

209 1646 376 1698 ματος
434 1629 530 1681 ἴδοι
574 1630 671 1698 τῆς
712 1628 991 1699 ἁμαρτίας
1038 1631 1280 1699 γυμνόν;
1315 1630 1410 1682 καὶ
1452 1628 1537 1691 τίς
1571 1629 1785 1696 ἁγνοὺς

1896 449 2064 502 verba
2100 449 2162 501 "‘.
2195 449 2424 504 Cuinam
2454 451 2622 520 igitur
2651 452 2902 521 obtingat
2932 464 2992 507 ut
3020 470 3119 509 sua
3154 455 3261 510 illis
3292 455 3481 510 admo-

1896 549 2020 593 veat
2050 541 2214 604 labia,
2244 551 2301 595 et
2326 549 2386 594 ut
2414 542 2557 595 inter
2580 542 2700 612 ejus
2728 544 2897 598 ubera
2922 555 3196 610 versetur,
3222 547 3481 617 illiusque

1896 630 2112 685 atlletur
2149 632 2609 687 vestimentorum
2642 633 2832 688 odoris
2863 633 3133 704 fragantia
3153 636 3239 688 "l?
3272 635 3481 706 Nempe

1896 722 2167 777 virtutum
2199 724 2412 794 legibus
2438 723 2768 790 delectetur,
2797 741 2919 797 quae
2941 742 3108 797 super
3131 728 3315 783 omnia
3356 744 3480 783 aro-

1896 823 2039 868 mata
2074 824 2233 883 sunt,
2269 817 2391 888 ejus
2429 818 2762 889 cognitionis
2794 827 2850 873 et
2873 819 3069 891 judicii
3098 820 3244 892 quod
3284 835 3481 877 sensus

1893 907 1946 958 vi
1982 905 2238 960 habetur.

1968 997 2054 1051 75.
2094 996 2336 1069 Corpore
2382 1001 2558 1057 oculis
2599 1001 2870 1074 subjecto,
2920 1002 3103 1058 anima
3153 1002 3333 1057 omnis
3377 1019 3477 1057 nu-

1893 1088 2148 1158 dabitur;
2190 1092 2403 1162 peccati
2440 1102 2621 1149 autem
2655 1108 2888 1173 corpore
2911 1134 2926 1158 ,
2961 1093 3122 1163 pauci
3152 1109 3219 1148 ex
3249 1093 3357 1147 illis
3383 1093 3476 1163 qui

1892 1182 2019 1238 vitae
2044 1182 2211 1254 hujus
2240 1183 2456 1239 deliciis
2486 1184 2647 1254 potiti
2679 1192 2828 1238 sunt.

1966 1274 2053 1328 76.
2094 1274 2296 1329 Mortui
2324 1292 2389 1330 ex
2424 1276 2762 1341 viventibus,
2789 1291 2981 1331 omnes
3005 1274 3229 1345 quidem
3259 1275 3476 1344 conspi-

1892 1367 2111 1421 cientur
2140 1386 2153 1421 :
2187 1367 2283 1423 sed
2315 1369 2392 1423 illi
2424 1369 2688 1423 duntaxat
2720 1378 2945 1440 peccato
2976 1369 3475 1432 mortiﬁcabuntur,

1893 1460 1987 1529 qui
2017 1476 2084 1515 ex
2109 1461 2294 1515 animo
2329 1459 2462 1515 illud
2496 1460 2736 1516 oderint.

1965 1554 2053 1606 77.
2094 1552 2227 1619 Quis
2254 1562 2382 1606 ante
2411 1566 2760 1607 communem
2796 1562 3027 1607 mortem
3071 1552 3342 1622 corporis,
3370 1569 3475 1607 nu-

1893 1643 2023 1698 dum
2051 1659 2110 1698 se
2137 1659 2167 1698 a
2199 1652 2426 1713 peccato
2454 1643 2693 1698 viderit?
2720 1644 2913 1712 quisve
2944 1644 3182 1714 seipsum
3212 1660 3476 1715 suamque

208 1720 371 1773 αὐτόν
401 1738 460 1772 τε
494 1720 588 1772 καὶ
617 1720 714 1789 τὴν
747 1720 883 1773 ίδίαν
936 1719 1119 1787 φύσιν,
1168 1720 1331 1774 ὁποία
1375 1719 1501 1774 ἐστὶ
1545 1720 1652 1790 πρὸ
1688 1721 1787 1792 τῆς

1914 1736 2135 1793 ndolem
2165 1744 2293 1791 ante
2321 1735 2563 1789 futuram
2594 1734 3021 1791 denudationem
3050 1734 3304 1790 noverit?

216 1809 518 1881 μελλούσης
564 1826 630 1877 γυ
640 1809 895 1880 μνώσεως
922 1827 935 1876 ;

830 1941 937 1995 Τοῦ
971 1942 1157 1995 αὐτοῦ.

316 2055 539 2126 Ψυχὴν
569 2054 743 2126 ἔρωτι
789 2053 1067 2126 νυμφικά)
1097 2053 1503 2126 sesamum.

522 2118 1055 2183 σύνάπτεινᾟῐδεν
1084 2118 1493 2193 ὦδένὺμφίῲ.

269 2245 375 2310 ἶ.η¹.
408 2239 516 2292 Τοῦ
565 2237 828 2310 αίσθητοῦ
873 2256 933 2291 τε
977 2240 1071 2293 καὶ
1101 2237 1293 2309 νοεροῦ
1322 2238 1498 2307 φωτὸς
1527 2240 1561 2308 ἡ
1595 2237 1788 2307 λογικὴ

207 2334 264 2387 ὲν
296 2332 534 2404 μεθορίῳ
561 2333 788 2403 κειμένη
819 2331 987 2401 ψυχὴ,
1030 2330 1118 2384 διὰ
1158 2332 1255 2401 μὲν
1278 2331 1494 2395 τούτου,
1525 2330 1662 2401 ὁρᾷν
1694 2332 1790 2383 καὶ

207 2425 471 2496 πράττειν
500 2426 570 2478 τὰ
612 2423 706 2477 τοῦ
754 2422 1003 2493 σώματος
1031 2422 1337 2494 ἐπετράπηο
1372 2422 1440 2476 δι’
1470 2423 1680 2476 ἐκείνου
1710 2422 1786 2484 δὲ,

205 2516 273 2569 τὰ
298 2517 391 2570 τοῦ
421 2517 751 2586 πνεύματος.
788 2516 928 2568 Ἀλλ’
962 2515 1153 2590 ἐπειδὴ
1179 2514 1483 2585 ἠμαυρώθη
1518 2516 1615 2584 μὲν
1647 2514 1786 2584 αὐτῇ

207 2608 414 2669 έκεῖνο,
460 2605 747 2676 ὲτρανώθη
794 2605 850 2658 δὲ
890 2604 1071 2667 τοῦτο,
1100 2603 1190 2656 διὰ
1235 2603 1334 2674 τὴν
1372 2600 1610 2674 ἀρχῆθεν
1660 2619 1789 2654 συν-

207 2698 487 2767 ήθειαν,εί
523 2698 597 2768 μὴ
637 2689 773 2760 ὅλως
807 2696 947 2767 μετὰ
986 2693 1080 2748 τοῦ
1122 2694 1312 2764 νοεροῦ
1343 2695 1402 2747 ὲν
1428 2696 1494 2765 τῇ
1536 2694 1674 2765 εὐχῇ
1696 2693 1789 2762 γέ-

207 2804 389 2856 νηται,
423 2787 620 2848 ὑλικῶς
674 2788 789 2848 τοῖς
840 2783 1005 2846 θείοις
1061 2780 1389 2847 ὲνατενίζειν
1444 2782 1505 2836 οὐ
1541 2782 1784 2836 δύναται.

218 2881 460 2949 Ἀνάγκη
492 2879 548 2931 δὲ
584 2874 726 2932 εἶναι
766 2877 937 2947 αὐτὴν
984 2877 1042 2928 ὲν
1089 2876 1401 2946 μεταιχμίῳ
1433 2875 1659 2939 σκότους
1695 2875 1788 2928 καὶ

206 2974 404 3043 φωτός·
442 2972 586 3025 κατὰ
628 2972 812 3042 σχέσιν
843 2954 940 3040 μὲν
972 2967 1187 3036 τούτου,
1217 2967 1363 3021 κατά
1393 2966 1450 3019 δὲ
1481 2968 1787 3038 φαντασίαν

203 3067 413 3120 ἐκείνου
447 3064 958 3135 ἀναστρεφομένην.

2535 1947 2818 2018 Ejusdem.

1997 2062 2249 2132 Animum
2283 2060 2474 2132 Sponsi
2508 2078 2690 2116 amore
2725 2063 2988 2122 saucium,

1996 2131 2084 2187 Sic
2120 2134 2293 2187 oratio
2325 2130 2531 2202 Sponsa
2568 2132 2820 2203 capulare
2858 2134 3021 2187 novit.

1963 2243 2051 2297 78.
2090 2244 2287 2317 Anima
2311 2243 2525 2298 ratione
2551 2254 2731 2307 utens,
2758 2258 2885 2297 cum
2910 2242 2966 2296 in
2989 2241 3131 2297 lucis
3154 2255 3317 2297 sensu
3348 2256 3475 2310 per-

1891 2335 2167 2405 ceptibilis
2192 2335 2474 2404 animique
2514 2333 2871 2404 intelligentis
2902 2326 3142 2388 conﬁnio
3177 2332 3474 2386 constituta

1868 2427 1991 2491 ‘sit;
2026 2426 2198 2481 altera
2226 2426 2474 2496 quidem,
2504 2440 2627 2494 quae
2655 2432 2787 2479 sunt
2815 2423 3067 2494 corporis
3092 2423 3285 2478 videre
3312 2432 3476 2491 atque

1888 2534 2052 2588 agere
2102 2518 2184 2572 illi
2235 2532 2559 2572 concessum
2608 2526 2730 2583 est;
2777 2517 2949 2572 altera
2985 2531 3141 2579 vero,
3186 2530 3306 2585 quae
3350 2525 3476 2569 sunt

1889 2609 2138 2678 spiritus.
2168 2607 2307 2675 Quia
2343 2617 2525 2663 tamen
2554 2609 2759 2663 mentis
2786 2608 2881 2662 lux
2918 2624 2983 2664 ac
3011 2606 3370 2678 intelligentia
3398 2607 3471 2660 ἱΙὶι

1888 2700 2179 2755 obscurata
2207 2708 2313 2765 est,
2345 2700 2597 2769 corporis
2625 2714 2758 2754 vero
2784 2714 2950 2754 sensu
2974 2697 3336 2768 percipientis
3367 2697 3479 2750 cla-

1888 2793 2005 2846 rius
2035 2792 2260 2856 diluxit,
2301 2791 2373 2845 ob
2412 2792 2696 2862 antiquam
2734 2791 2947 2847 scilicet
2977 2789 3476 2853 consuetudinem;

1888 2885 2010 2939 ﬁeri
2058 2900 2170 2939 non
2202 2893 2384 2954 potest
2425 2894 2486 2937 ut
2530 2884 2681 2939 omni
2719 2884 2772 2937 vi
2815 2884 3021 2939 divinis
3062 2882 3334 2947 intendat,
3369 2882 3475 2935 nisi

1887 2989 2120 3043 prorsus
2170 2982 2355 3028 mente
2404 2975 2635 3044 ejusque
2686 2974 2811 3028 luce
2866 2974 3105 3029 orationi
3154 2971 3475 3027 vacaverit:

1816 3060 1861 3116 C
1893 3063 2147 3133 quinimo
2203 3079 2431 3119 necesse
2460 3072 2565 3127 est,
2591 3078 2712 3119 eam
2748 3064 2804 3118 in
2840 3064 3195 3119 tenebrarum
3223 3063 3478 3129 lucisque

203 3159 452 3214 conﬁnio
479 3157 690 3211 versari
742 3173 756 3209 :
790 3155 1142 3210 tenebrarum
1170 3152 1419 3224 quidem,
1446 3167 1514 3207 ex
1539 3152 1741 3208 aﬂ‘ectu
1765 3168 1829 3208 ac
1864 3155 2131 3222 libidine;
2162 3156 2303 3210 lucis
2330 3172 2485 3223 vero,
2521 3173 2587 3211 ex
2645 3156 2814 3211 animi
2845 3156 3233 3211 informatione
3263 3166 3319 3211 et
3340 3157 3481 3227 cogi-

207 3249 437 3304 talione.

273 3339 370 3393 σθ’.
405 3336 895 3407 Συμπαραμενέτω
939 3336 1019 3407 τῷ
1065 3334 1201 3406 νῷὴ
1241 3334 1397 3406 εὐχὴ,
1441 3334 1517 3398 ὼς
1567 3335 1625 3386 ὲν
1654 3334 1787 3404 ἡλίῳ

203 3429 383 3493 ἀκτίς·
423 3424 491 3501 ἦς
538 3427 667 3482 ἄνευ
715 3430 770 3481 αἱ
813 3429 936 3480 κατ’
968 3426 1227 3499 αἴσθησιν
1262 3428 1547 3497 μέριμναι,
1584 3420 1673 3478 οἷὰ
1704 3442 1785 3477 τι-

202 3537 287 3584 νες
319 3520 544 3588 ἄνυδροι
587 3519 810 3587 νεφέλαι
862 3519 1317 3588 περιπετόμεναι,
1360 3518 1452 3570 τὸν
1501 3515 1627 3569 νοῦν
1676 3514 1791 3586 εἴρ-

204 3628 362 3679 γουσι
407 3612 508 3679 τῆς
556 3609 766 3672 οἰκείας
807 3609 1216 3679 λαμπρότητος.

277 3703 352 3758 π’.
403 3702 592 3754 Ἔνδον
643 3702 742 3770 τῆς
780 3700 921 3753 κατά
971 3699 1075 3769 τὴν
1128 3698 1295 3768 εὐχὴν
1346 3699 1540 3763 στενῆς
1590 3698 1787 3766 πύλης,

207 3795 331 3859 νοῦς
368 3793 675 3863 παθητικδς
705 3793 766 3845 οὐ
802 3791 1029 3844 δύναται
1079 3790 1362 3855 εἰσελθεῖν,
1405 3788 1512 3858 πρὸ
1558 3785 1652 3839 τοῦ
1692 3787 1791 3856 τὴν

208 3886 349 3937 κατὰ
384 3883 572 3953 σχέσιν
607 3881 898 3935 ἀπολιπεῖν
946 3880 1238 3950 μέριμναν·
1268 3878 1398 3948 περὶ
1426 3877 1484 3929 δὲ
1522 3877 1590 3929 τὰ
1633 3892 1791 3945 περι-

210 3979 410 4046 σκήνια
455 3960 691 4044 ἐκείνης,
723 3972 1118 4043 ὀδυνηθήσεται
1163 3970 1253 4024 διὰ
1295 3969 1501 4033 παντὸς
1532 3966 1793 4039 ἀσχολού-

212 4081 395 4134 μενος.

279 4244 394 4299 πα⁹.
427 4242 664 4312 Δύναμις
706 4242 804 4311 μὲν
852 4242 1021 4311 εὐχῆς
1064 4241 1228 4294 πείνα
1281 4242 1587 4312 βρωμάτων
1634 4242 1786 4296 ὲκούυ

212 4354 345 4400 σιος·
381 4336 573 4404 πείνης
602 4334 680 4397 δὲ,
708 4334 768 4386 τὸ
805 4334 941 4403 μήτε
966 4334 1118 4404 ὁρᾷν,
1147 4334 1283 4405 μήτε
1314 4332 1554 4399 ἀκούειν,
1591 4335 1673 4387 ὅτι
1718 4335 1792 4406 μὴ

214 4433 362 4483 πᾶσα
395 4428 607 4497 ἀνάγκη
631 4467 644 4491 ,
680 4425 788 4478 τῶν
820 4426 1133 4495 ὲγκοσμίων
1171 4426 1348 4479 οὐδέν.
1400 4425 1618 4480 Τούτων
1658 4428 1687 4479 ὁ
1719 4426 1795 4498 μὴ

1962 3330 2050 3386 79.
2113 3329 2305 3384 Oratio
2362 3329 2535 3384 menti
2590 3331 2882 3401 conjuncta
2943 3330 3133 3400 illique
3195 3334 3479 3391 individue

1890 3438 2109 3488 comes,
2158 3422 2309 3477 velut
2345 3422 2533 3477 radius
2569 3425 2709 3488 soli,
2751 3434 3009 3491 maneat;
3044 3427 3201 3497 cujus
3230 3428 3478 3487 absentia

1889 3530 2075 3569 rerum
2114 3513 2169 3567 in
2208 3529 2432 3569 sensum
2473 3514 2788 3569 cadentium
2823 3532 3006 3580 curm,
3039 3518 3191 3572 velut
3228 3521 3476 3588 qmedam

1890 3606 2070 3661 nubes
2099 3607 2379 3676 inaquosm
2408 3604 2890 3671 circumvolantes,
2927 3622 2957 3659 a
2985 3609 3209 3678 propria
3238 3620 3475 3665 mentem

1892 3700 2085 3752 arcent
2110 3697 2379 3751 claritate.

1964 3786 2048 3841 80.
2087 3786 2207 3840 Non
2242 3794 2425 3854 potest
2468 3800 2624 3840 mens
2663 3786 2951 3842 affectibus
2990 3792 3300 3860 mancipata
3334 3795 3478 3857 intra

1891 3888 2175 3949 angustam
2191 3877 2460 3932 orationis
2490 3886 2706 3947 portam
2725 3877 2954 3945 intrare,
2985 3881 3119 3950 quin
3141 3883 3295 3951 prius
3324 3887 3475 3939 solli-

1894 3970 2190 4033 citudines,
2219 3985 2329 4039 qua
2367 3968 2480 4023 illis
2515 3968 2748 4023 libidine
2780 3968 2975 4033 haeret,
3019 3970 3331 4037 dimiserit;
3380 3976 3477 4029 sed

1893 4076 2112 4131 semper
2140 4061 2287 4118 circa
2330 4059 2725 4130 circumposita
2753 4062 3108 4117 tabernacula
3148 4080 3353 4120 vacans
3382 4065 3479 4120 do—

1892 4153 2050 4208 lebit.

1968 4244 2057 4302 8!.
2095 4244 2374 4301 Orationis
2397 4243 2502 4309 vis,
2534 4242 2783 4298 ciborum
2809 4245 3022 4299 esuries
3044 4256 3239 4315 sponte
3267 4264 3478 4303 assum-

1896 4342 2021 4403 pta;
2058 4334 2261 4388 esuriei
2286 4349 2437 4398 vero,
2474 4333 2612 4386 nihil
2638 4347 2830 4386 eorum
2858 4347 2978 4401 quae
3001 4332 3188 4402 saeculi
3223 4343 3351 4387 sunt
3383 4345 3478 4389 aut

1898 4426 2105 4492 videre,
2146 4433 2308 4481 autve
2340 4425 2505 4497 650
2534 4424 2757 4491 audire,
2802 4424 2936 4494 quin
2986 4424 3212 4479 omnino
3251 4441 3477 4481 necesse
3512 4424 3521 4427 ’

211 4522 539 4590 ποιούμενος
575 4520 855 4588 πρόνοιαν,
888 4518 949 4570 τὸ
975 4517 1073 4586 μὲν
1101 4517 1201 4585 τῆς
1235 4518 1490 4586 νηστείας
1517 4518 1618 4571 οὐκ
1643 4518 1788 4571 ἐστε-

1910 4520 1990 4573 sit.
2024 4519 2233 4574 Horum
2256 4520 2352 4589 qui
2383 4534 2493 4573 non
2523 4532 2713 4572 curam
2745 4518 2908 4587 gerit,
2935 4526 3051 4571 tum
3078 4518 3274 4588 jejunii
3301 4518 3480 4573 domi-

214 4611 424 4679 ρέωσεν
452 4607 814 4677 οἰκοδόμημα·
848 4606 983 4659 τὸδὲ
1015 4606 1117 4676 τῆς
1152 4607 1319 4676 εὐχῆς
1347 4608 1404 4659 ἐν
1434 4608 1570 4678 αὐτῇ
1598 4611 1788 4679 περιρ-

1910 4610 2082 4665 :ilium
2127 4610 2281 4665 ﬁrma
2319 4612 2436 4665 basi
2471 4626 2580 4665 non
2621 4610 2841 4676 struxit,
2876 4619 2993 4664 tum
3024 4611 3290 4666 orationis
3326 4611 3381 4665 in
3411 4629 3479 4667 eo

213 4704 449 4772 ῥαγῆναι
472 4699 748 4769 ἐποίησεν.

282 4794 394 4864 πβ’.
440 4791 757 4861 ’Λπέριττος
780 4792 829 4843 εί
864 4789 937 4859 μὴ
971 4791 1035 4842 ὲκ
1064 4789 1291 4843 πάντων
1315 4790 1345 4842 ὁ
1375 4789 1500 4855 νοῦς
1526 4791 1633 4844 τῶν
1666 4792 1790 4846 κατ’

213 4887 467 4955 αἴσθησιν
495 4883 745 4953 γένηται,
799 4880 1088 4951 ἀνωφερὴς
1130 4879 1385 4949 γενέσθαι
1432 4882 1494 4935 οὐ
1545 4880 1790 4945 δύναται,

214 4979 309 5030 καὶ
347 4978 409 5029 τὸ
437 4976 641 5028 οἰκεῖον
670 4974 939 5045 γνωρίσαι
976 4972 1215 5042 ἀξίωμα.

285 5071 397 5131 πγν.
433 5063 577 5129 Ἕξω
610 5063 709 5133 μὲν
738 5065 969 5115 ποιεῖται
1004 5063 1104 5132 τῆς
1134 5062 1313 5131 ψυχῆς
1343 5064 1376 5130 ἡ
1403 5062 1557 5133 εὐχὴ,
1585 5064 1794 5127 πάντας

214 5159 340 5221 τοὺς
383 5155 768 5226 ἐχθραίνοντας
822 5155 959 5225 αὐτῇ
1007 5155 1348 5223 λογισμοὺς,
1407 5154 1791 5225 δυναμουμένη

1886 4703 2040 4757 lares
2072 4702 2312 4771 undique
2340 4701 2484 4756 dirui
2512 4701 2665 4757 fecit.

1968 4793 2055 4847 82.
2092 4794 2208 4848 Nisi
2248 4809 2403 4849 mens
2428 4794 2764 4863 superﬂuam
2793 4808 3014 4849 omnem
3046 4810 3232 4849 rerum
3267 4796 3321 4850 in
3349 4812 3478 4851 sen-

1899 4899 2021 4937 sum
2051 4884 2367 4938 cadentium
2391 4899 2582 4938 curam
2616 4883 2900 4952 abjecerit,
2924 4883 3177 4937 sublimis
3205 4884 3321 4953 ipsa
3346 4884 3480 4941 ferri

1899 4990 2010 5029 non
2036 4984 2239 5045 potest,
2270 4989 2535 5045 suamque
2556 4989 2719 5031 nosse
2744 4975 3088 5045 dignitatem.

1969 5062 2058 5120 85.
2099 5065 2287 5119 Oratio
2313 5064 2568 5135 laerymis
2602 5066 2879 5130 roborata,
2908 5065 3136 5120 infestas
3169 5078 3361 5121 omnes
3385 5083 3482 5121 eo—

1901 5155 2190 5225 gitationes
2246 5155 2429 5209 animo
2484 5155 2685 5226 ejicit;
2748 5155 3102 5225 vicissimque
3158 5156 3478 5211 facetiarum

290 5298 333 5328 “‘
358 5298 522 5353 Prov.
562 5313 634 5363 vr,
664 5298 764 5363 Ξῖ),
802 5296 960 5351 Cant.
988 5267 1062 5361 iv,
1096 5296 1156 5348 11
1182 5313 1197 5361 ;
1223 5296 1383 5350 Joan.
1409 5310 1484 5359 vi,
1514 5294 1603 5349 69.
1684 5296 1726 5326 ’⁵
1752 5294 1788 5350 C

1945 5312 2018 5361 ιν,
2054 5296 2142 5349 Η.

289 5435 350 5505 (ί)
400 5433 610 5502 Νεκροί
652 5434 720 5486 ἐκ
768 5430 1013 5505 ζώντων.
1063 5432 1418 5505 Panl._Rom.
1459 5447 1542 5493 vi,
1590 5431 1684 5493 l5,
1725 5431 1792 5505 ἐκ

220 5501 427 5576 νεκρῶν
452 5505 660 5576 ζῶντας
683 5504 842 5567 dixit,
866 5504 1171 5576 ermortuis
1196 5503 1455 5567 viventes;
1479 5501 1792 5576 quzeverba

223 5571 558 5629 sic'videtur
604 5574 868 5627 Maximus
914 5572 1245 5636 detorsisse,
1290 5580 1350 5627 ut
1397 5571 1543 5639 quod
1590 5572 1678 5625 ille
1725 5571 1793 5626 de

224 5647 385 5700 animi
424 5655 593 5699 nmrlc
629 5645 846 5713 vitaque
882 5643 1114 5706 dixerat,
1145 5642 1260 5711 ipse
1294 5641 1361 5696 ad
1396 5642 1644 5711 corporis
1680 5650 1792 5695 tra-

612 5740 874 5800 ἰἈτιιοι..
921 5737 1033 5795 Gn.
1079 5737 1202 5798 XC.

1900 5433 2057 5486 heret
2086 5450 2100 5486 ι
2136 5447 2257 5501 quae
2286 5429 2507 5500 quidem
2540 5429 2722 5483 futura
2754 5428 2824 5482 sit
2852 5429 3100 5501 omnium
3132 5437 3327 5501 at_non
3360 5427 3481 5480 lau-

1901 5504 2101 5557 dabilis
2132 5498 2279 5555 mors
2306 5498 2503 5561 animi,
2536 5515 2699 5569 quam
2724 5498 3041 5568 νεκρώσεως
3065 5498 3330 5551 vocabulo
3362 5512 3480 5568 pas-

1902 5574 2006 5629 sim
2035 5574 2139 5628 viri
2165 5571 2523 5629 ecclesiastici
2550 5570 2773 5625 Paulina
2798 5569 2983 5639 phrasi
3011 5578 3231 5623 vocant.

3041 5727 3113 5788 Εὖ
