3922 6348
239 199 371 266 1-121

1400 200 1576 259 ALIA
1613 198 1717 256 EX
1751 194 1990 254 VATIC.
2036 196 2323 256 C.\PITA.

3371 201 3389 263 1
3403 201 3504 266 ίὶὲ

235 318 486 389 ἔχουσαν,
519 315 592 380 ὡς
626 315 835 370 παιδίον
879 316 938 369 τὸ
979 316 1068 385 ὐφ’
1120 316 1314 386 ἡδονῆς
1361 310 1704 382 ἐναιρυπνοῦν
1758 311 1815 361 ὲν

1938 323 2003 362 er
2028 318 2344 378 comparata
2373 309 2464 376 sit,
2497 310 2649 366 velut
2678 310 2857 367 infans
2886 313 2940 366 in
2966 314 3085 384 ejus
3113 313 3326 385 placide
3361 317 3507 372 ulnis

242 414 360 474 ταῖς
393 410 658 478 ἀγκάλαις
686 410 875 480 αὐτῆς.

315 507 386 567 ιβ.
439 500 613 563 Ἐκεῖ,
644 501 830 571 φησὶν,
873 502 930 554 ἐν
971 503 1035 571 τῇ
1088 499 1338 570 πενθίμῳ
1393 497 1634 568 δηλονότι
1690 497 1820 567 εὐνῇ

236 593 334 661 τῆς
363 591 620 662 ἐναρέτου
661 591 828 662 ζωῆς,
854 591 996 644 κατὰ
1023 592 1123 660 τὴν
1151 592 1210 644 ὲν
1237 590 1316 662 τῷ
1354 591 1595 662 ’ᾼσματι
1627 592 1818 658 φήσειε

235 683 452 754 νύμφην
482 684 575 737 καὶ
607 685 639 754 ἡ
665 683 798 754 εὐχὴ
835 684 969 754 πρδς
999 683 1090 736 τὸν
1117 684 1321 754 ἑαυτῆς
1366 683 1624 754 ἐραστὴν,
1647 681 1820 736 δώσω

233 777 374 842 τοὺς
389 777 662 847 μαστούς
680 794 800 846 μου
824 777 944 839 σοί,
978 777 1024 829 εί
1054 775 1249 839 ὑλικῶς
1277 793 1368 844 μοι
1401 775 1676 846 διατεϐῇς.

306 871 414 934 ιμ’.
441 866 630 920 Φιλίαν
661 867 798 938 πρὸς
826 866 925 937 τὴν
952 867 1119 937 εὐχὴν
1147 867 1207 919 οὐ
1235 866 1459 920 δύναται
1487 864 1819 936 κτήσασθαι,

221 953 260 1010 ό
302 957 377 1027 μὴ
421 959 604 1011 πᾶσαν
639 957 773 1027 ὓλην
809 958 1291 1030 ἀπαρνησάμενος,
1322 958 1462 1028 πλὴν
1489 958 1696 1028 τροφῆς
1726 957 1821 1010 καὶ

236 1049 468 1119 σκέπης.
507 1049 652 1114 Ἔξω
679 1050 790 1102 τῶν
816 1049 993 1103 ἄλλων
1037 1049 1197 1117 γενοῦ
1251 1051 1310 1102 ὲν
1359 1050 1523 1120 εὐχῇ,
1572 1049 1601 1102 6
1651 1047 1822 1102 Θὲλων

237 1143 376 1210 μετὰ
409 1139 574 1209 μόνου
607 1139 866 1208 γενέσθαι
886 1136 980 1193 τοῦ
1006 1139 1121 1194 νοῦ.

303 1231 413 1301 ιιβν.
447 1230 553 1284 Τοῦ
617 1231 900 1301 Θεοφιλοῦς
961 1231 1298 1304 μαρτύριον,
1353 1233 1490 1304 εὐχὴ
1541 1233 1820 1303 μονολόγι-

235 1341 360 1388 στος
537 1323 694 1392 λόγος
724 1323 781 1376 δὲ
811 1325 1044 1394 καίριος,
1077 1324 1349 1394 ἔμφρονος
1375 1324 1642 1393 λογισμοῦ
1682 1342 1695 1355 ·
1731 1341 1820 1395 μο-

233 1415 442 1486 νοειδὴς
471 1416 528 1468 δὲ
550 1415 759 1484 γεῦσις,
788 1417 889 1486 τῆς
920 1416 1216 1487 ἐλευθέρας
1241 1417 1326 1487 εἴη
1357 1419 1685 1488 αἰσθήσεως.
1735 1419 1822 1471 Ἐν

235 1509 448 1572 τούτοις
477 1505 571 1562 οῦν
609 1511 724 1573 τοῖς
779 1509 982 1580 τρισὶν,
1035 1510 1315 1581 ὲρῤὦσθαι
1367 1511 1436 1564 τὰ
1487 1511 1586 1580 τῆς
1645 1511 1822 1581 ψυχῆς

233 1601 474 1669 λέγεται.

305 1699 416 1764 ια’.
464 1695 791 1765 Λειανθῆναι
821 1696 903 1750 δεῖ
938 1695 1120 1760 καλῶς
1153 1697 1247 1749 καὶ
1277 1695 1678 1766 ἁπαλυνθῆναι,
1707 1695 1817 1748 ὤσ-

235 1806 340 1858 περ
380 1779 496 1842 ἒῶν
533 1789 759 1853 παίδων,
800 1788 898 1858 τὴν
943 1788 1106 1857 φύσιν
1156 1788 1249 1842 τοῦ
1285 1789 1604 1859 εὐχομένου,
1650 1789 1726 1852 ὡς
1756 1790 1820 1842 ἂν

235 1881 378 1934 κατὰ
424 1880 524 1952 τὴν
559 1880 807 1941 ἐκείνων.
861 1880 1128 1943 εὐείκτως
1180 1881 1401 1948 δέξηται
1460 1881 1560 1951 τὴν
1604 1883 1668 1934 ἐκ
1721 1884 1821 1951 τῆς

234 1973 400 2042 εὐχῆς
451 1973 851 2041 ἐνταττομένην
907 1973 1231 2039 ἀνάπτυξιν.
1284 1974 1376 2027 Διὸ
1435 1974 1510 2043 μὴ
1545 1974 1759 2043 ἀμέλει,
1793 1977 1821 2027 6

237 2065 583 2135 συναφοῆναι
617 2063 790 2137 ταύτῃ
825 2064 1019 2134 φιλῶν.

307 2157 409 2224 ιιδν.
445 2158 518 2210 Οὐ
551 2157 755 2220 πάντες
779 2158 871 2210 τὸν
896 2157 1062 2210 αὐτὸν
1094 2157 1295 2232 σκοπὸν
1329 2159 1386 2210 ἐν
1420 2159 1550 2229 εὐχῇ
1579 2158 1812 2229 κέκτην-

231 2263 322 2301 ται
348 2262 362 2276 °
401 2247 562 2310 ἄλλος
594 2247 694 2318 μὲν
725 2247 906 2313 ἄλλον,
938 2249 1034 2300 καὶ
1062 2248 1220 2311 ἄλλος
1257 2247 1314 2300 δὲ
1344 2249 1557 2317 ἕτερον.
1613 2251 1674 2302 ⁸0
1717 2251 1818 2321 μὲν

232 2340 344 2409 γὰρ
372 2338 616 2408 εὔχεται,
640 2342 690 2392 εἰ
719 2337 832 2392 οἷόν
859 2357 940 2404 τε,
976 2341 1114 2410 μετὰ
1165 2340 1267 2408 τῆς
1321 2340 1486 2410 εὐχῆς
1535 2336 1674 2394 εἶναι
1719 2341 1820 2408 τὴν

233 2431 466 2500 καρδίαν
505 2431 674 2484 αὐτοῦ
717 2431 973 2495 πάντοτε,
1007 2431 1104 2482 καὶ
1137 2431 1277 2501 πρὸς
1311 2430 1372 2483 τὸ
1407 2431 1819 2502 ὐπεραναϐῆναι

233 2521 410 2592 αὐτῆς
433 2539 446 2552 ’
474 2524 500 2575 6
531 2522 587 2574 δὲ
616 2522 705 2575 ἵνα
729 2523 804 2592 μὴ
832 2522 1109 2592 λογισμοῖς
1135 2522 1362 2591 ὲναύτῇ
1395 2523 1818 2592 περικόπτηται.

233 2611 444 2674 Πάντες
477 2609 533 2663 δὲ
579 2609 852 2680 εῠχυνται,
890 2610 923 2675 ἢ
957 2609 1362 2680 συντηρηθῆναι
1399 2611 1456 2662 ὲν
1491 2611 1739 2678 ἀγαθοῖς,
1784 2611 1817 2680 ἢ

236 2698 312 2768 μὴ
343 2698 762 2770 συναπαχθῆναι
788 2699 1000 2760 κακοῖς.

305 2788 408 2854 115'.
453 2787 515 2839 Εἰ
559 2788 619 2854 ὲξ
659 2787 845 2857 εὐχῆς,
883 2787 1059 2850 οὐδεὶς
1100 2787 1502 2850 ἀταπείνωτοςο
1539 2788 1822 2859 συντρίϐε-

233 2896 323 2930 ται
357 2879 468 2948 γὰρ
504 2880 532 2931 6
559 2879 617 2930 ὲν
645 2878 978 2930 ταπεινώσει
1003 2878 1298 2949 εὐχόμενος
1318 2894 1333 2908 ’
1366 2880 1466 2932 οὐκ
1491 2879 1598 2950 ἄρα
1632 2881 1691 2931 ὲν
1721 2897 1819 2934 τα-

232 2969 496 3023 πεινώσει
532 2969 916 3038 προσεύχεται,
942 2971 970 3022 6
1008 2969 1208 3033 ἔξωθεν
1253 2968 1676 3043 θρασυνόμενος.

304 3068 425 3129 ιιςι,
476 3060 620 3129 Πρὸς
669 3061 768 3130 τὴν
826 3062 1024 3130 χήραν,
1078 3059 1176 3131 τὴν
1231 3064 1369 3131 πρὸς
1409 3060 1501 3112 τὸν
1541 3060 1690 3130 ὠμὸν
1721 3063 1821 3134 τὴν

229 3155 391 3224 δίκην
453 3154 712 3207 κινοῦσαν
760 3152 975 3224 κριτὴν,
1039 3153 1260 3223 ἀφορῶν
1302 3157 1330 3207 6
1372 3155 1688 3226 εὐχόμενος,
1721 3158 1823 3212 οὐκ

231 3243 543 3313 ὲκκακίσῃς
595 3243 684 3295 διὰ
761 3243 861 3313 τὴν
918 3242 1229 3312 βραδυτῆτα
1284 3244 1392 3298 τῶν
1442 3245 1664 3313 ἀγαθῶν
1697 3251 1822 3318 ’τῆς

230 3334 421 3404 εὐχῆς.

303 3426 414 3492 ἴυζ’.
449 3428 525 3479 Οὐ
557 3427 877 3498 παραμείνῃ
906 3445 989 3480 σοι
1015 3429 1172 3498 εὐχὴ,
1200 3427 1276 3498 τῷ
1309 3429 1448 3498 πρὸς
1474 3428 1544 3484 τὰ
1570 3429 1819 3498 συλλογι-

232 3515 439 3584 ζόμενα
457 3515 678 3579 ἔσωθεν,
713 3518 803 3571 καὶ
820 3517 1156 3587 ὁμιλούμενα
1180 3517 1379 3581 ἔξωθεν
1402 3519 1818 3590 ἐμϐραδύνοντιδ

232 3609 266 3677 ἡ
318 3606 460 3678 αὐτὴ
516 3607 572 3658 δὲ
612 3607 912 3678 ὀφθήσεται
959 3607 1398 3676 ὑποστρέφουσα,
1438 3608 1518 3678 τῷ
1554 3609 1620 3662 δι’
1646 3612 1822 3682 αὐτὴν

232 3699 664 3770 ὑποτεμνομένῳ
692 3699 761 3752 τὰ
789 3699 1038 3753 πλείονα.

302 3795 413 3862 ιιην.
443 3793 536 3854 Εἰς
559 3790 793 3859 λαγόνας
829 3790 1009 3860 ψυχῆς
1040 3791 1089 3842 εἰ
1134 3790 1209 3861 μὴ
1257 3790 1562 3845 εἰσδύνουσι
1604 3792 1679 3845 τὰ
1726 3795 1821 3865 ῥή-

236 3899 384 3952 ματα
426 3883 524 3952 τῆς
559 3883 748 3953 εὐχῆς,
779 3884 880 3936 οὐκ
919 3883 986 3936 ἂν
1015 3885 1096 3944 εἰς
1119 3883 1219 3945 τὰς
1247 3882 1342 3936 τοῦ
1371 3884 1668 3955 προσώπου
1703 3902 1822 3939 σια-

231 3975 400 4043 γόνας
449 3973 518 4026 τὰ
569 3975 778 4044 δάκρυα
810 3973 1241 4044 περικλυσθῆναι
1276 3975 1814 4046 συγχωρηθήσονται.

301 4069 412 4134 ιιον.
488 4066 865 4118 Ἀνατέλλουσι
919 4067 1152 4137 γεωργῷ
1198 4067 1298 4137 μὲν
1356 4068 1426 4121 τὰ
1471 4069 1705 4139 δάκρυα,
1745 4069 1820 4142 μὴ

233 4159 352 4212 κατ’
391 4159 516 4228 ὄψιν
545 4159 653 4211 τῶν
684 4158 1016 4230 σπερμάτων
1071 4160 1340 4229 ῥιφέντων
1384 4160 1482 4231 τῆς
1525 4161 1669 4232 γῆς·
1723 4157 1822 4233 pro;

229 4251 386 4323 ναχῷ
441 4252 498 4303 δὲ
565 4251 634 4304 τὰ
692 4251 903 4322 δάκρυα
957 4252 1375 4318 ἁναϐλύζουσιν,
1432 4253 1534 4307 οὐκ
1585 4254 1820 4327 ἀπονητὶ

235 4343 623 4416 μετερχομένῳ
651 4345 720 4396 τὰ
756 4346 973 4415 ῥήματα
998 4343 1097 4414 τῆς
1131 4345 1320 4415 εὐχῆς.

307 4444 376 4507 ρ’.
430 4438 592 4500 Κλεὶς
636 4437 880 4507 οὐρανῶν
915 4436 1194 4508 βασιλείας
1226 4440 1382 4512 εὐχή.
1409 4440 1629 4513 Ταύτην
1657 4443 1686 4496 6
1718 4459 1817 4498 κα-

306 4591 347 4623 ³⁸
379 4593 535 4648 Cant.
569 4609 665 4660 vn,
702 4595 786 4648 l2.
867 4593 909 4624 ¹⁹
943 4594 965 4648 Ι
995 4593 1137 4649 Tim.
1174 4610 1248 4660 vr,
1286 4594 1337 4650 8.
1415 4597 1460 4630 ³⁸
1489 4595 1625 4654 Luc.
1655 4615 1807 4669 xvm,
1834 4603 1889 4658 5.

305 4740 384 4812 (p)
409 4738 578 4812 Εὐχή
609 4736 1069 4812 μονολόγιοςζος.
1121 4735 1556 4812 Inﬁterpretatur_
1572 4736 1810 4810 Hesych.

235 4805 579 4882 μονόκλονος,
611 4805 791 4882 exque
817 4805 1116 4882 eo_Va_rin.
1149 4805 1318 4882 __Quod
1384 4805 1810 4882 sit__obscui_‘um

233 4875 332 4952 per
347 4880 664 4952 obscurius.
681 4875 848 4952 Mare.
875 4875 960 4952 _De_
979 4876 1194 4946 justitia
1228 4891 1292 4928 ea:
1335 4879 1534 4944 operib.
1563 4895 1634 4952 Δο.
1662 4879 1807 4952 ddo,

243 4947 620 5022 μονολὸγιστον
652 4948 844 5022 ἐλπίδα
866 4947 1063 5022 habet,
1114 4960 1282 5022 quam
1308 4952 1365 5001 et
1394 4948 1578 5022 parari
1608 4949 1675 5022 δι’
1709 4951 1812 5022 ἅρ-

232 5015 620 5090 νήσεωςιίίοἰῐ.
651 5021 821 5090 Ὅταν
855 5015 1083 5090 (δυνοῦς⁸
1105 5017 1358 5090 κρατήσῃ
1409 5016 1477 5069 δι’
1527 5015 1816 5090 ἀρνήσεως

234 5085 334 5159 τῆν
371 5091 752 5160 μονολόγιστον
778 5087 989 5160 ὲλπίδα’
1031 5085 1124 5140 ubi
1167 5085 1407 5160 primum
1460 5103 1542 5160 ex
1567 5085 1814 5160 Maximo

232 5155 453 5217 emend.
483 5160 550 5214 δι’
579 5155 965 5228 ἆπαρνήσεως·
992 5172 1100 5228 non
1133 5155 1277 5208 enim
1312 5170 1419 5209 vox
1457 5157 1549 5211 illa
1574 5159 1809 5228 simplex

231 5245 299 5285 eo
334 5248 498 5285 sensu
531 5227 859 5298 usurpatur:
906 5227 1214 5298 ἀπαρνησις
1250 5241 1406 5298 vero,
1433 5243 1616 5281 rerum
1649 5227 1812 5283 abdi-

234 5303 378 5355 catio
405 5307 519 5367 'est,
574 5297 802 5370 ipsaque
837 5298 1043 5351 nostris
1072 5297 1370 5370 abnegatio
1420 5299 1642 5370 quasie
1685 5315 1814 5369 spes

238 5366 616 5441 μονολόγιστοξ
642 5366 948 5431 οὺίἰηεῐιιτ,
1001 5382 1067 5441 ac
1121 5366 1500 5441 μονολόγιστος
1543 5368 1660 5436 ipsa
1685 5366 1813 5441 gra-

236 5436 308 5494 tia
339 5436 592 5511 paratur:
623 5455 786 5510 quam
812 5453 1003 5492 vocem
1025 5436 1259 5511 Hesyeh.
1294 5436 1708 5511 interpretatqu
1739 5440 1811 5494 sit

235 5505 547 5583 ἀκλόνητος·
583 5505 656 5583 ιη’
693 5512 1044 5583 irrepserunt
1086 5505 1150 5560 in
1187 5507 1307 5573 ejus
1357 5505 1597 5583 Lesicon
1645 5509 1807 5583 plura

235 5577 450 5636 menda.
487 5582 732 5648 Quadrat
757 5577 904 5634 enim
931 5577 1158 5648 optime,
1178 5585 1242 5648 ut
1261 5591 1386 5648 spes
1411 5577 1491 5648 sic
1531 5579 1808 5648 μονολόγι-

241 5666 356 5715 στος
384 5646 622 5720 dicatur,
653 5651 810 5721 quasi
850 5646 1076 5704 minime
1111 5646 1539 5708 cogitationibus
1575 5664 1800 5720 anceps,

1924 399 2350 456 indormiseens.

1992 491 2152 562 651
2186 493 2272 547 90.
2315 492 2455 557 Illic,
2495 493 2674 564 inquit
2715 493 2811 564 (in
2857 493 3074 564 lugubri
3117 493 3329 548 scilicet
3368 495 3508 549 lecto

1925 584 2048 639 vita:
2070 585 2348 650 studiosae,
2365 586 2512 640 dicat
2538 587 2717 642 oratio
2745 587 2812 640 ad
2838 602 3000 641 suum
3030 598 3336 642 amatorem
3356 588 3510 643 velut

1925 675 2135 746 Sponsa
2165 677 2221 731 in
2247 677 2518 748 Cantieo),
2550 678 2683 732 dabo
2716 679 2806 732 tibi
2830 681 2989 733 ubera
3012 696 3128 733 mea
3159 677 3231 746 “3;
3261 679 3307 735 si
3333 682 3499 738 modo

1924 779 1977 824 te
2007 769 2143 823 mihi
2171 778 2347 824 totum
2383 785 2723 841 prorsusque
2753 771 3054 827 addixeris.

1993 862 2082 915 9-l.
2121 861 2436 916 Amicitiam
2466 877 2591 916 cum
2613 863 2866 918 oratione
2893 863 3139 919 nancisci
3168 879 3277 920 non
3302 874 3506 936 potest,

1923 952 2018 1020 qui
2056 954 2304 1023 exceptis
2357 953 2685 1009 necessariis
2733 956 3012 1010 alimentis
3064 965 3230 1026 atque
3279 959 3507 1023 vestitu,

1925 1046 2166 1100 terrenis
2195 1046 2454 1102 omnibus
2480 1064 2589 1102 non
2619 1048 3094 1104 abrenuntiaverit
3121 1052 3184 1104 ιθ.
3209 1050 3252 1104 Α
3281 1051 3510 1122 reliquis

1923 1138 2175 1202 excedas,
2199 1138 2294 1208 qui
2327 1141 2442 1194 sola
2473 1148 2658 1195 mente
2688 1139 2745 1194 in
2769 1140 3019 1196 oratione
3047 1142 3254 1198 versari
3270 1143 3438 1199 .velis.

1995 1230 2084 1284 92.
2125 1232 2415 1302 Religiosae
2433 1232 2635 1288 mentis
2661 1243 2873 1293 eertum
2902 1233 3192 1299 indicium,
3215 1252 3322 1290 una
3348 1237 3512 1292 ratio-

1926 1323 2091 1378 nibus
2123 1323 2560 1394 ineoneussaque
2596 1325 2816 1380 oratio:
2852 1326 3138 1394 prudentis
3171 1343 3302 1382 vero
3340 1329 3510 1383 ratio-

1925 1414 2032 1479 nis,
2063 1423 2411 1484 opportunus
2447 1429 2672 1481 sermo;
2706 1431 2904 1470 sensus
2939 1425 3124 1470 autem
3168 1418 3351 1482 liberi,
3387 1421 3513 1475 uni-

1926 1505 2118 1560 formis
2138 1514 2353 1576 gustus.
2376 1507 2435 1560 ln
2458 1507 2545 1562 his
2567 1507 2735 1578 igitur
2765 1508 2941 1562 tribus
2968 1509 3138 1563 animi
3163 1512 3509 1570 sanctitatem

1925 1598 2230 1653 consistere
2257 1598 2471 1654 dicunt.

1999 1688 2087 1744 9'5.
2127 1686 2368 1754 Orantis,
2413 1688 2518 1744 rite
2561 1687 2867 1759 subigenda
2901 1705 2966 1744 ac
3008 1689 3328 1756 mollienda,
3360 1695 3514 1749 velut

1923 1795 2258 1850 puerorum,
2301 1779 2516 1835 indoles
2552 1780 2662 1846 sit;
2699 1789 2760 1835 ut
2794 1781 2939 1835 sicut
2981 1781 3090 1837 illis
3135 1795 3509 1853 comparatum

1923 1883 2028 1936 est,
2083 1888 2206 1942 qua).
2271 1888 2341 1927 ex
2395 1873 2649 1928 oratione
2703 1872 2916 1927 inditur
2969 1875 3304 1944 explanatio,
3362 1877 3512 1931 nulla

1925 1963 2239 2019 resistentia
2279 1964 2555 2033 facileque
2596 1964 2919 2035 recipiatur.
2960 1963 3104 2020 Cave
3145 1965 3312 2036 igitur
3348 1967 3514 2036 negli-

1923 2069 2037 2124 gas,
2069 2055 2165 2125 qui
2198 2054 2276 2108 illi
2307 2054 2503 2108 sociari
2538 2055 2694 2109 velis.

1993 2149 2082 2203 94.
2123 2149 2244 2203 Non
2279 2161 2473 2202 omnes
2517 2147 2573 2201 in
2621 2147 2872 2203 oratione
2903 2148 3162 2203 eumdem
3208 2148 3373 2204 ﬁnem
3413 2148 3516 2204 ha-

1925 2238 2078 2303 bent,
2116 2253 2307 2292 verum
2340 2238 2483 2293 alius
2518 2237 2685 2292 alium
2722 2247 2888 2308 atque
2919 2239 3109 2292 alium.
3139 2240 3273 2293 Nam
3306 2249 3392 2296 est
3419 2241 3515 2310 qui

1922 2341 2064 2397 oret,
2099 2340 2180 2398 ut,
2216 2331 2262 2386 si
2293 2330 2411 2386 fieri
2443 2337 2648 2400 potest,
2678 2330 2798 2401 ejus
2823 2346 3044 2400 semper
3069 2331 3288 2385 animus
3312 2332 3368 2385 in
3390 2347 3517 2386 ora-

1926 2425 2075 2479 tione
2108 2434 2381 2488 versetur,
2421 2423 2681 2492 illiusque
2723 2432 2900 2478 metas
2943 2423 3092 2478 velut
3138 2423 3514 2494 transgredie-

1926 2527 2042 2581 tur;
2076 2524 2131 2570 et
2169 2526 2253 2570 est
2288 2515 2384 2584 qui
2421 2522 2544 2569 oret
2576 2530 2646 2569 ne
2680 2515 2736 2568 in
2774 2530 2840 2570 ea
2883 2514 3310 2586 cogitationibus
3341 2515 3514 2570 inter-

1924 2609 2178 2677 pelletur.
2220 2607 2426 2663 Omnes
2469 2621 2602 2661 vero
2635 2615 2818 2671 orant,
2853 2615 2934 2671 ut,
2967 2615 3063 2660 aut
3103 2607 3158 2661 in
3194 2607 3356 2663 bonis
3383 2623 3516 2663 eon-

1923 2708 2234 2763 serventur,
2269 2709 2363 2754 aut
2387 2713 2455 2753 ne
2487 2699 2759 2754 malorum
2792 2713 3066 2754 consensu
3108 2699 3514 2755 subdueantur.

1992 2791 2082 2845 95.
2121 2789 2260 2846 Cum
2284 2806 2351 2844 ex
2374 2790 2626 2846 oratione
2653 2805 2818 2846 nemo
2844 2806 2956 2844 non
2984 2790 3311 2846 humiliatus
3355 2801 3517 2848 exeat

1926 2881 2040 2952 (qui
2070 2881 2218 2936 enim
2252 2890 2376 2935 orat
2406 2883 2462 2936 in
2481 2882 2793 2936 humilitate
2823 2882 3176 2953 conteritur),
3211 2883 3371 2952 plane
3401 2899 3514 2940 non

1847 2996 1892 3054 ε
1923 2981 2044 3030 orat
2076 2974 2132 3028 in
2167 2975 2503 3038 humilitate,
2535 2975 2630 3044 qui
2663 2975 2909 3030 exterius
2939 2974 3246 3030 insoleseit.

1993 3067 2082 3122 96.
2121 3067 2226 3134 Qui
2258 3067 2324 3122 ad
2355 3067 2579 3122 viduam
2614 3068 2767 3124 litem
2799 3078 3228 3139 prosequentem
3255 3069 3397 3140 apud
3421 3085 3517 3125 sae-

1922 3175 2052 3214 vum
2095 3159 2340 3230 judicent
2364 3161 2432 3226 ⁸⁸,
2460 3175 2624 3217 orans
2661 3168 2744 3226 tu,
2787 3160 3043 3215 animum
3077 3162 3337 3227 attendis,
3379 3177 3514 3218 cave

1923 3251 2266 3321 despondeas
2317 3253 2584 3319 animum,
2647 3253 2864 3308 tametsi
2919 3252 3193 3308 bonorum
3245 3254 3514 3309 orationis

1928 3342 2140 3397 tardius
2169 3358 2396 3412 compos
2435 3342 2555 3397 fias.

1993 3434 2082 3488 97.
2126 3433 2283 3488 Haud
2319 3433 2416 3487 tibi
2445 3433 2666 3488 assidua
2696 3433 2885 3488 futura
2913 3434 3114 3492 oratio.
3144 3431 3238 3501 qui
3277 3432 3513 3487 interius

1925 3526 2375 3597 cogitationibus,
2402 3527 2759 3596 exteriusque
2789 3525 3223 3581 fabulationihus
3249 3525 3510 3579 immore-

1923 3616 2001 3672 ris
2027 3636 2040 3671 :
2069 3617 2260 3673 eadem
2293 3626 2478 3672 autem
2509 3617 2690 3672 redire
2715 3617 3114 3687 conspicietur,
3146 3615 3192 3671 si
3221 3615 3368 3670 illius
3391 3623 3510 3670 stu-

1922 3709 2016 3763 dio
2047 3711 2312 3778 pleraque
2350 3710 2712 3764 resccaveris.

1991 3801 2080 3855 98.
2115 3792 2247 3856 Nisi"
2266 3802 2324 3854 in
2353 3801 2522 3853 animi
2554 3801 2736 3854 sinum
2775 3801 3044 3855 orationis
3083 3802 3251 3855 verba
3286 3801 3512 3857 imtnea-

1920 3891 2122 3955 verint,
2155 3891 2306 3961 largo
2334 3889 2563 3945 ﬂumine
2597 3890 2828 3961 irrigare
2861 3891 3021 3946 faciei
3054 3903 3224 3962 genas
3255 3893 3511 3965 lacrymis

1921 3997 2032 4037 non
2058 3982 2267 4037 licebit.

1989 4075 2079 4132 99.
2120 4073 2467 4130 Oboriuntur
2503 4073 2759 4144 agricola:
2791 4073 3064 4143 lacrymaa,
3109 4073 3240 4128 dum
3290 4090 3400 4129 non
3453 4077 3508 4131 in

1919 4170 2097 4226 oculis
2124 4171 2368 4240 projeeta
2408 4174 2570 4222 terra:
2609 4167 2820 4221 semina
2848 4165 3034 4232 videt;
3067 4167 3337 4221 monacho
3378 4183 3510 4223 vero

1918 4261 2248 4327 seaturiunt,
2297 4260 2432 4314 dum
2474 4275 2589 4315 non
2625 4259 2746 4314 sine
2782 4258 2974 4313 labore
3019 4258 3289 4314 orationis
3338 4260 3508 4314 verba

1853 4335 1899 4394 D
1927 4355 2223 4424 percurrit.

1998 4444 2119 4500 100.
2161 4442 2336 4515 Regni
2395 4441 2661 4497 calorum
2715 4437 2904 4504 clavis,
2962 4438 3160 4492 oratio.
3218 4439 3366 4494 Hanc
3415 4440 3510 4511 qui

1925 4742 2047 4816 sed_
2074 4743 2194 4812 ipsa
2238 4739 2406 4816 unius
2449 4739 2681 4816 rationis
2727 4743 3151 4816 e_t__inturbata;
3197 4746 3506 4816 eodemque

1921 4810 2321 4868 modo'oratio.
2355 4810 2476 4884 Non
2507 4812 2926 4884 quodreddidit
2950 4812 3158 4884 Obsop.
3191 4817 3358 4870 Marci
3383 4810 3507 4871 loco

1919 4885 2108 4946 citato,
2128 4898 2273 4952 spem
2305 4881 2948 4952 uniceqcansiderandam.
3006 4881 3235 4949 Iterum,
3289 4903 3336 4940 e.
3379 4888 3505 4949 102,

1917 4955 1947 5007 6
2012 4950 2392 5022 μονολόγιστον
2421 4950 2664 5022 ἐξανύων
2695 4954 2881 5022 εὐχήν,
2910 4955 3053 5008 intra
3090 4957 3343 5010 velamen
3377 4973 3504 5012 ver-

1918 5023 2027 5096 sari
2060 5022 2296 5096 Maximo
2324 5020 2549 5085 dicitur,
2575 5020 2918 5096 opponitque
2941 5024 3020 5092 τῷ
3053 5027 3112 5096 ὲν
3142 5027 3280 5094 αὐτῇ
3308 5028 3506 5096 ῥεμϐο-

1923 5094 2090 5164 μένῳ,
2117 5093 2213 5164 qui
2265 5107 2400 5160 vaga
2431 5100 2604 5145 mente
2651 5094 2708 5146 in
2743 5109 2804 5146 ea
2827 5095 2916 5164 sit,
2961 5093 3317 5164 segniusque'
3357 5093 3499 5157 oret.

1921 5161 2024 5216 nec
2043 5161 2236 5217 sobria
2290 5177 2354 5214 ae
2397 5170 2608 5216 attenta
2636 5172 2840 5217 mente.
2867 5163 3002 5217 Nam
3029 5161 3091 5218 et
3126 5161 3413 5224 Chrysost.
3448 5167 3504 5219 in

1922 5232 2098 5304 Epist.
2144 5232 2216 5285 ad
2239 5230 2956 5304 AColossxrqiyquopoﬁv'ct
2997 5236 3090 5286 καὶ
3143 5226 3365 5304 νήφοντι
3406 5251 3504 5304 op-

1920 5301 2075 5377 ponit
2103 5320 2116 5354 :
2162 5302 2252 5356 cui
2286 5301 2520 5370 proinde
2551 5301 2698 5377 idem
2723 5301 2807 5357 est
2838 5320 2902 5357 ac
2925 5301 3298 5377 6xn6i6wfqui
3326 5301 3502 5377 segnis

1893 5422 1908 5430 ,
1926 5373 2238 5446 tepidusque
2273 5381 2384 5446 est:
2406 5387 2517 5442 quo
2544 5372 2658 5427 fere
2676 5372 3035 5446 sensu_etiam
3065 5372 3338 5446 μετέωρον
3356 5372 3501 5429 haud

1924 5458 2048 5516 raro
2077 5443 2269 5516 Patres
2293 5442 2487 5498 dicunt
2516 5461 2528 5495 :
2559 5442 2712 5516 quod
2743 5453 2801 5498 et
2825 5442 3285 5516 Ηεεγοιιζκοῦφόν
3321 5447 3504 5500 reddit

1918 5522 1976 5566 et
2006 5512 2428 5588 tvvséyj_leven_z,
2461 5513 2713 5588 stultum;
2739 5512 2991 5584 suspensi
3025 5512 3236 5570 scilicet
3262 5516 3503 5588 vagique

1916 5598 1979 5638 ac
2015 5584 2288 5641 instabilis
2314 5584 2503 5639 animi.
