3922 6348
421 217 556 282 1423
1584 207 1644 266 S.
1687 204 1976 265 ΜΑΧΙΜΙ

2106 204 2528 267 ΝΕΕΞΒΟΗΙΞ
3559 208 3702 271 1424

417 338 568 386 tenet
613 341 715 398 pro
752 340 820 381 eo
857 339 923 379 ac
956 323 1137 388 decet,
1183 321 1322 377 bona
1361 319 1481 390 ejus
1523 316 1714 372 amicis
1759 315 1988 386 reposita

2106 324 2270 395 τέχων
2286 319 2363 383 ὡς
2398 320 2500 386 δεῖ,
2533 322 2636 392 ὁρᾷ
2687 320 2757 374 τὰ
2793 322 3131 392 ἀποκείμενα
3154 322 3340 390 ἀγαθά
3364 324 3482 383 τοῖς
3519 321 3704 389 eam;

412 423 583 477 videt.
629 419 817 475 Solum
867 425 1052 470 autem
1096 413 1389 484 praesentia
1428 409 1762 480 considerat,
1796 408 1890 480 qui
1937 407 1988 461 in

2106 410 2290 481 αὐτῆς.
2332 411 2486 466 Μόνα
2528 412 2588 466 δὲ
2633 412 2704 466 τὰ
2741 415 2987 485 παρόντα
3019 416 3373 486 περισκοπεῖ,
3408 417 3439 467 6
3471 417 3701 486 παρρηο

415 517 505 570 illa
538 512 795 568 ﬁduciam
825 525 936 564 non
966 507 1154 562 habet.

2106 501 2220 556 τίαν
2245 504 2304 556 ὲν
2337 503 2524 576 ἐκείνῃ
2556 504 2633 576 μὴ
2674 504 2945 575 ἐσχηκώς.

377 639 391 698 ι
483 608 644 678 652
688 605 808 698 101ἶ
844 604 966 658 Non
1021 607 1208 672 potest
1257 613 1415 653 mens
1461 596 1646 651 dicere
1693 595 1762 649 ad
1817 593 1988 648 Deum

2168 598 2272 663 pa'.
2305 593 2383 646 Οὐ
2421 592 2648 647 δύναται
2686 596 2716 648 6
2749 593 2876 660 νοῦς
2908 597 2966 650 ὲν
2997 595 3174 666 καιρῷ
3204 597 3308 665 τῆς
3343 596 3517 665 εὐχῆς
3556 597 3699 667 μετὰ

413 713 535 752 cum
568 693 768 749 ﬁducia
794 691 940 746 inter
972 689 1241 745 orandum
1270 707 1283 741 :
1319 686 1580 756 Dirupisti
1603 682 1815 738 vincula
1838 699 1991 747 mea;

414 791 503 844 tibi
532 787 842 855 sacriﬁcabo
874 786 1099 839 hostiam
1132 781 1305 836 laudis
1333 780 1400 843 ",
1434 778 1538 832 nisi
1578 775 1802 831 virtutis
1844 774 1992 829 desi-

410 880 569 936 derio
619 879 690 934 ab
742 877 956 948 ignavia
998 883 1056 930 et
1099 873 1356 944 segnitie,
1403 867 1880 938 somnolentiaque
1929 881 1995 921 ac

411 961 704 1044 gulositate
729 965 1016 1038 abruperit
1043 964 1311 1020 animum.

480 1147 814 1202 102.~Extra
861 1142 1101 1213 primum
1149 1137 1398 1193 velamen
1449 1136 1505 1188 in
1555 1132 1812 1188 oratione
1860 1137 1989 1192 stat,

409 1243 501 1311 qui
542 1247 724 1294 mente
751 1237 1048 1292 distractus
1083 1240 1168 1288 est
1198 1248 1212 1284 :
1245 1230 1387 1284 intra
1421 1232 1697 1298 penetrat,
1735 1222 1829 1292 qui
1866 1221 1992 1275 unis

409 1330 838 1402 cogitationibus
863 1327 1070 1399 (mente
1099 1322 1314 1378 scilicet
1342 1334 1452 1374 non
1477 1316 1632 1388 vaga)
1661 1324 1802 1370 orat.
1830 1313 1993 1368 Solus

408 1435 591 1479 autem
617 1423 672 1477 in
694 1421 894 1475 Sancta
921 1427 1237 1472 sanctorum
1268 1413 1560 1486 inspectat,
1585 1407 1682 1478 qui
1712 1420 1836 1461 cum
1861 1419 1993 1475 pace

409 1512 744 1569 naturalium
791 1507 1091 1571 rationum,
1145 1519 1210 1558 ea
1257 1500 1423 1558 etiam
1475 1497 1810 1559 considerat,
1869 1509 1994 1564 qua:

407 1606 552 1662 circa
584 1601 887 1660 essentiam
933 1607 1064 1655 sunt
1108 1610 1329 1652 omnem
1382 1592 1585 1648 mentis
1632 1589 1989 1645 excedentem

407 1712 652 1760 sensum,
678 1709 744 1750 ac
770 1693 897 1748 inde
924 1691 1111 1746 divina
1149 1686 1385 1759 quadam
1416 1685 1539 1739 luce
1571 1682 1850 1753 dignatur.

477 1791 599 1846 105.
640 1788 684 1844 A
735 1785 970 1842 terrenis
1015 1783 1154 1837 foris
1185 1784 1473 1835 vacantem
1519 1775 1785 1836 animum,
1837 1771 1991 1826 velut

2096 684 2412 756 παρρησίας
2442 684 2625 755 λέγειν
2677 686 2814 756 πρὸς
2858 687 2950 742 τὸν
2999 689 3134 742 Θεόν
3157 703 3172 720 ⁸
3204 688 3542 757 Δώρῤηξας
3557 691 3697 756 τοὺς

2094 776 2358 845 δεσμούς
2366 794 2508 847 μου,
2529 777 2629 832 σοὶ
2646 776 2810 832 θύσω
2831 781 3054 834 θυσίαν
3069 780 3383 845 αἰνέσεως,
3404 783 3452 834 εἰ
3487 781 3563 850 μὴ
3585 781 3695 833 δει-

2094 867 2216 932 λίας
2257 871 2353 922 καὶ
2395 868 2692 940 ῥᾳθυμίας,
2739 869 3078 940 πολυυπνίας
3127 889 3187 924 τε
3226 873 3322 924 καὶ
3354 873 3692 942 ἀδηφαγίας,

2094 957 2155 1022 ἐξ
2200 951 2278 1011 ῶν
2312 957 2376 1011 τὸ
2413 959 2655 1026 πταίειν,
2683 958 2952 1033 ἐπιθυμίᾳ
2977 961 3089 1014 τῶν
3119 964 3492 1033 κρειττόνων,
3524 964 3694 1034 ἀπορ-

2095 1048 2258 1120 tam.

2167 1137 2269 1209 ρβ’.
2309 1139 2458 1205 Ἐξω
2494 1140 2589 1194 τοῦ
2633 1139 2851 1212 πρώτου
2901 1142 3403 1212 καταπετάσματος
3449 1143 3695 1206 ἵσταται,

2092 1233 2120 1283 6
2149 1232 2205 1282 ὲν
2235 1231 2367 1302 εὐχῇ
2402 1231 2742 1303 ῥεμϐόμενος
2767 1248 2783 1265 ·
2825 1231 3042 1285 ἔνδοθεν
3083 1232 3318 1300 γίνεται,
3371 1233 3404 1283 6
3468 1234 3698 1302 μονοὶὸ·

2092 1337 2282 1388 γιστον
2321 1321 2568 1385 ἐξανύων
2617 1325 2812 1396 αὑτήν.
2853 1324 3034 1386 Μόνος
3077 1324 3134 1377 δὲ
3167 1325 3251 1387 εἰς
3279 1324 3352 1378 τὰ
3386 1326 3567 1390 Ἅγια
3593 1326 3699 1377 τῶν

2093 1414 2268 1482 ἁγίων
2297 1414 2640 1486 παρέκυψεν,
2667 1418 2696 1469 6
2721 1415 2864 1486 μετὰ
2896 1415 3000 1485 τῆς
3044 1417 3274 1486 εἰρήνης
3304 1417 3418 1468 τῶν
3444 1417 3699 1484 φυσικῶν

2091 1505 2370 1576 λογισμῶν
2415 1507 2514 1560 καὶ
2552 1507 2622 1560 τὰ
2651 1508 2783 1579 περὶ
2807 1507 2908 1578 τῆς
2935 1507 3117 1561 πάντα
3147 1507 3276 1560 νοῦν
3307 1498 3700 1578 ὑπερεχούσης

2094 1595 2333 1669 [οὐσίας]
2376 1598 2863 1669 διασκεπτόμενος,
2900 1599 2996 1653 καί
3016 1615 3166 1662 τινος
3193 1598 3415 1652 ἐκεῖθεν
3439 1616 3697 1667 ginno-ga-

2023 1693 2065 1748 B
2093 1689 2241 1753 νείας
2271 1689 2530 1756 καταξιού
2539 1707 2722 1760 μενος.

2165 1787 2266 1851 ργο.
2327 1781 2559 1835 Ὀπόταν
2608 1781 2719 1835 ἀπὸ
2774 1781 2884 1835 τῶν
2914 1771 3134 1846 ’ἔξωθεν
3187 1781 3514 1852 σχολάσασα
3666 1785 3697 1852 ἡ

407 1883 622 1937 llamma
662 1879 910 1950 quaedam
957 1871 1380 1933 circumvoluta,
1423 1867 1578 1938 quasi
1623 1863 1830 1919 ferrum
1877 1862 1988 1932 igni

2106 1873 2259 1942 Ρυχὴ,
2300 1872 2423 1926 τότε
2449 1867 2540 1926 οἷά
2562 1889 2649 1936 τις
2685 1872 2817 1942 φλὸξ
2846 1873 3311 1944 περικυκλὼσασα
3337 1873 3592 1945 ταύτην,
3625 1876 3699 1938 ὡς

407 1983 633 2040 prorsus
683 1979 1011 2022 succensum
1066 1961 1298 2017 reddit:
1345 1967 1541 2028 estque
1590 1955 1707 2026 ipse
1762 1953 1989 2024 quidem

407 2062 550 2116 idem
581 2059 820 2122 animus,
855 2055 948 2110 sed
985 2069 1148 2124 quem
1182 2051 1502 2121 contingere
1531 2047 1760 2102 minime
1789 2048 1985 2112 liceat;

405 2152 546 2206 sicut
594 2150 804 2205 ferrum
848 2145 961 2217 igni
1007 2143 1248 2200 candens
1293 2140 1539 2196 exterius
1587 2137 1832 2208 contingi
1878 2151 1990 2191 non

406 2249 610 2389 βοῇ)ῗῖ
639 2331 844 2387 Beatus
873 2325 970 2398 qui
997 2325 1055 2380 in
1087 2324 1193 2380 bac
1227 2323 1341 2378 vita
1367 2322 1423 2376 in
1451 2335 1583 2377 eum
1605 2318 1829 2376 modum
1861 2333 1978 2388 spe-

405 2426 543 2480 ctari
572 2423 812 2488 meruit;
837 2420 1044 2491 quique
1065 2425 1302 2472 statuam
1329 2423 1526 2469 natura
1550 2413 1778 2477 luteam,
1803 2408 1990 2481 gratiae

408 2530 636 2570 munere
666 2514 885 2583 igneam
911 2508 1070 2564 vidit.

479 2608 602 2662 105.
639 2604 854 2667 Gravis,
879 2615 982 2657 ceu
1010 2600 1181 2654 herus
1207 2595 1454 2668 quidam,
1482 2595 1571 2650 his
1598 2594 1690 2665 qui
1719 2593 1992 2648 inducun-

405 2713 499 2758 tur
517 2717 582 2756 ac
605 2697 832 2754 novitiis
854 2693 1124 2750 incumbit
1145 2692 1234 2746 lex
1247 2690 1552 2756 orationis;
1574 2686 1991 2759 proﬁcientibus

402 2803 591 2850 autent
627 2791 780 2846 velut
815 2803 970 2843 amor
1009 2793 1095 2842 est
1133 2783 1202 2840 ad
1237 2784 1417 2840 lautas
1447 2782 1603 2854 quasi
1642 2781 1835 2852 epulas
1864 2794 1992 2835 csu-

406 2888 644 2944 rientem
675 2881 1034 2952 compellens.

475 2977 597 3032 106.
636 2975 735 3030 liis
777 2973 872 3045 qui
905 2971 1080 3043 probe
1117 2969 1395 3024 actionem
1435 2966 1624 3022 colunt
1659 2963 1989 3035 quandoque

2092 1961 2313 2033 σίδηρον
2368 1962 2628 2027 καθάπαξ
2680 1961 2760 2033 τῷ
2805 1963 2940 2036 πυρὶ
2987 1966 3516 2035 πεπυρακτωμένην
3567 1966 3698 2034 ὃλην

2089 2051 2405 2122 καθίστησι,
2436 2051 2533 2105 καὶ
2565 2049 2682 2104 ἐστι
2710 2051 2858 2121 ψυχὴ
2895 2051 2996 2120 μὲν
3021 2052 3054 2120 ἡ
3081 2051 3245 2115 αὐτὴ,
3271 2052 3466 2108 οὐκέτι
3497 2052 3560 2105 δὲ
3603 2055 3698 2105 καὶ

2091 2143 2261 2212 ἁπτὴ,
2299 2141 2376 2207 ὼς
2416 2142 2540 2196 οὐδὲ
2565 2144 2594 2197 6
2625 2141 3014 2215 πυρακτωθεὶς
3057 2141 3300 2212 σίδηρος,
3332 2146 3462 2206 ταῖς
3491 2142 3697 2209 ἔξωθεν

2090 2235 2357 2318 ξπαφαῖς.

2163 2323 2260 2396 ρδ⁴.
2318 2323 2606 2396 Μακάριος
2655 2325 2686 2376 6
2707 2325 2765 2377 ὲν
2814 2322 2894 2395 τῷ
2927 2322 3031 2393 βίῳ
3049 2321 3226 2393 τούτῳ
3247 2322 3458 2378 οὑτωσὶ
3489 2325 3690 2396 Θεωρη-

2091 2414 2252 2486 θῆναι
2295 2413 2570 2482 ἀξιωθεὶς,
2625 2415 2721 2470 καὶ
2765 2414 2856 2468 τδν
2902 2414 3068 2467 αὐτὸν
3116 2412 3282 2482 φύσει
3323 2416 3561 2484 πήλινον
3605 2419 3691 2470 ἀν-

2089 2507 2338 2578 δριάντα,
2371 2508 2558 2578 χάριτι
2577 2504 2814 2577 ,πύρινον
2845 2505 3110 2560 κατιδών.

2164 2593 2259 2668 ρε’.
2321 2598 2447 2661 Τοῖς
2511 2596 2614 2668 μὲν
2673 2599 3050 2667 εἰσαγομένοις
3106 2594 3196 2653 οἷά
3246 2615 3338 2661 τις
3393 2598 3688 2666 δεσπότης,

2090 2691 2119 2742 6
2157 2689 2321 2758 νόμος
2357 2688 2631 2742 ἐπίκειται
2673 2689 2773 2759 τῆς
2810 2690 2981 2759 εὐχῆς
3014 2706 3028 2720 ο
3083 2693 3199 2753 τοῖς
3246 2691 3572 2760 προκόψασι
3611 2690 3687 2752 δὲ,

2091 2781 2169 2844 ὡς
2208 2780 2350 2851 ἔρως
2385 2782 2413 2834 ὁ
2443 2779 2787 2835 συνελαύνων
2818 2781 3092 2834 πεινῶντα
3125 2781 3386 2851 καθάπερ
3421 2782 3688 2850 πολυτελῆ

2090 2867 2229 2938 πρὸς
2269 2867 2532 2922 ἑστίασιν.

2167 2967 2277 3032 pg“.
2327 2961 2456 3025 Τοῖς
2495 2961 2679 3025 καλῶς
2724 2961 2822 3032 τὴν
2865 2961 3183 3034 πρακτικὴν
3231 2964 3685 3034 μετερχομένως,

405 3067 630 3138 quidem
664 3067 845 3121 oratio
866 3107 880 3130 ,
915 3064 1068 3120 velut
1094 3063 1274 3118 nubes
1299 3059 1640 3117 obumbrans
1661 3058 1728 3122 “-,
1767 3063 1988 3111 urentes

2106 3027 2226 3108 ποτε
2250 3053 2348 3124 μὲν
2371 3055 2405 3124 ὴ
2427 3053 2562 3124 εὐχὴ
2583 3027 2789 3125 νεφέλτγ
2816 3027 3032 3107 καθάπε
3041 3070 3073 3124 ρ
3098 3027 3534 3118 emancasse,
3564 3056 3686 3117 τοὺς

405 3165 560 3212 arcet
585 3155 974 3225 cogitationes;
1007 3152 1340 3224 quandoque
1368 3163 1502 3204 vero
1531 3147 1685 3202 velut
1719 3145 1990 3215 lacryma-

407 3263 529 3302 rum
549 3254 732 3319 guttas
757 3245 870 3300 illis
892 3244 1158 3304 irrorans,
1188 3239 1458 3310 spiritalia
1486 3238 1827 3293 theoremata
1857 3249 1988 3290 sen-

399 3354 575 3409 saque
604 3334 867 3392 ostendit.

479 3427 602 3484 107.
640 3425 932 3484 Canticum
989 3422 1216 3479 cithara
1265 3417 1683 3475 condimentum
1733 3415 1985 3480 exsistat,

406 3534 572 3589 quam
605 3518 733 3588 quis
766 3515 1016 3572 exterius
1043 3514 1266 3583 pulset:
1295 3511 1514 3566 animus
1539 3523 1674 3564 vero
1697 3507 1809 3562 nisi
1839 3506 1990 3576 adju-

407 3618 568 3664 vante
610 3608 666 3661 in
709 3606 958 3660 oratione
1005 3601 1236 3672 mystica
1282 3600 1341 3654 in
1382 3598 1584 3667 spiritu
1629 3595 1986 3660 allocutione,

407 3698 553 3754 haud
591 3696 749 3751 facile
779 3692 1075 3764 compungi
1109 3689 1419 3746 consuevit.
1453 3686 1592 3743 Illud
1632 3686 1819 3743 enim:
1849 3685 1988 3753 Quid

397 3803 637 3853 oremus,
665 3787 802 3840 sicut
821 3791 1046 3856 Oportet,
1077 3781 1422 3847 nescimus",
1451 3780 1507 3836 in
1557 3793 1687 3835 eum
1743 3777 1987 3849 proclive

408 3889 657 3936 amntem
688 3877 1027 3942 intellectum
1053 3872 1228 3930 ducit.

1053 3983 1331 4055 Ejusdem.

484 4103 798 4160 "lustratur
832 4117 996 4164 mens,
1029 4096 1287 4158 spiritalis
1321 4092 1778 4165 contemplationis

478 4173 546 4230 In
580 4172 805 4227 sublime
833 4163 999 4235 elata,
1033 4169 1157 4222 dum
1186 4181 1449 4220 sermones
1481 4163 1606 4218 istos
1637 4163 1840 4234 legerit.

481 4287 604 4343 108.
645 4287 881 4342 Necesse
916 4291 1001 4340 est
1034 4291 1096 4338 ut
1126 4279 1390 4352 spiritalis
1414 4278 1634 4334 noverit
1659 4277 1984 4349 (γνωστικδν

2089 3146 2428 3208 καυστικοὺς
2485 3144 2745 3216 ἀπείργει
2801 3143 2862 3209 ἐξ
2913 3144 3093 3198 αὐτῶν
3143 3144 3452 3213 λογισμούς
3486 3163 3502 3178 ο
3559 3148 3686 3198 ποτὲ

2089 3235 2147 3293 δὲ
2204 3235 2476 3303 ’σταγόνας
2527 3227 2617 3287 οἷα
2671 3233 2924 3305 δακρύων
2975 3234 3188 3297 τούτοις
3241 3235 3682 3305 ὲπιψεκὰζουσα,

2088 3327 2333 3382 δείκνυσι
2359 3327 2431 3381 τά
2459 3327 2810 3398 πνευματικὰ
2839 3327 3194 3398 θεωρήματα.

2163 3418 2263 3491 ρξ’.
2325 3419 2450 3491 ᾮδὴ
2497 3419 2596 3490 μὲν
2634 3419 2852 3491 ἥδυσμα
2889 3419 3122 3489 κιθάρας
3165 3419 3266 3488 τῆς
3336 3421 3684 3489 κρουομένης

2091 3514 2196 3568 ὑπό
2220 3530 2366 3578 τινος
2393 3512 2594 3578 ἔξωθεν
2621 3514 2978 3584 εὑρεθήσεται
3001 3529 3016 3543 ο
3051 3511 3198 3581 ψυχὴ
3251 3511 3309 3564 δὲ
3366 3512 3446 3582 μὴ
3499 3529 3682 3580 συνερ-

2089 3605 2294 3677 χούσης
2329 3605 2466 3676 αὐτῇ
2508 3606 2567 3658 ἑν
2616 3605 2750 3674 εὐχῇ
2798 3602 2898 3673 τῆς
2951 3605 3011 3655 ὲν
3068 3603 3350 3672 πνεύματι
3415 3604 3682 3672 μυστικῆς

2091 3694 2554 3764 προσφωνήσεως,
2576 3693 2985 3755 εὐκατάνυκτος
2999 3691 3062 3744 οὐ
3089 3688 3309 3758 πέφυκε
3337 3690 3677 3744 δείκνυσθαι.

2088 3784 2164 3839 Τὸ
2205 3784 2337 3856 γὰρ,
2394 3784 2455 3838 Tt
2481 3782 2946 3853 προσευξώμεθα
2974 3783 3124 3839 καθὸ
3143 3781 3237 3836 δεῖ
3261 3784 3375 3837 οὐκ
3403 3783 3676 3853 οῖδαμεν,

2089 3880 2186 3934 καὶ
2213 3879 2284 3933 τὰ
2314 3878 2466 3949 ἑξῆς,
2500 3881 2584 3942 εἰς
2609 3876 2768 3932 τοῦτο
2788 3877 2974 3944 ἐνάγει
3003 3875 3095 3931 τὸν
3127 3877 3591 3947 προσευχόμενον.

2723 3988 2830 4043 Τοῦ
2852 3988 3037 4044 αὐτοῦ.

2089 4079 2399 4169 Φωτίζεται
2426 4107 2572 4172 νοῦς
2598 4106 2938 4174 τνωστικῆς
2967 4107 3214 4174 θεωρίας

2087 4178 2245 4245 Πρὸς
2279 4177 2438 4245 ῦψυς
2466 4176 2685 4244 ἀρθεὶς,
2718 4175 2904 4230 τοῖσδ’
2931 4175 3283 4244 ἐπεντυχὼν
3315 4177 3550 4245 λόγοις.

2165 4297 2272 4362 ρη¹.
2339 4289 2661 4358 Ἀναγκαῖον
2695 4288 2894 4342 εἰδέναι
2943 4285 3036 4342 τὸν
3082 4287 3407 4357 γνωστικδν,
3463 4289 3600 4341 πότε
3654 4290 3681 4340 6

411 4382 642 4456 vocant)
673 4381 1022 4454 quandonam
1055 4380 1175 4450 ejus
1203 4391 1358 4432 mens
1395 4377 1451 4432 in
1487 4389 1772 4438 sensorum
1819 4373 1988 4428 animi

2106 4357 2415 4448 νοῦς-αὺτοῦ
2461 4357 2540 4444 εἰς
2589 4379 2688 4451 τὴν
2735 4379 2923 4450 χώραν
2973 4379 3081 4432 τῶν
3128 4379 3420 4451 νοημάτων
3482 4381 3635 4433 ἐστίν
3662 4396 3676 4408 ·

411 4495 475 4535 ac
518 4484 929 4548 conceptuum;
973 4470 1194 4542 quando
1227 4472 1355 4526 item
1403 4470 1460 4525 in
1494 4469 1889 4541 cogitationum
1933 4478 1991 4524 et

412 4569 708 4632 rationum,
743 4581 807 4620 ac
835 4563 1057 4634 quando
1103 4561 1160 4616 in
1205 4575 1402 4616 sensus
1443 4561 1666 4632 regione
1711 4570 1984 4615 versetur.

413 4661 590 4730 Atque
619 4659 675 4713 in
705 4657 811 4712 hac
839 4669 1082 4719 rursum,
1118 4653 1176 4708 in
1216 4652 1356 4708 iisne
1398 4667 1522 4722 qua:
1553 4659 1882 4722 opportuna,
1915 4665 1986 4704 an

415 4752 598 4823 potius
625 4765 746 4821 quae
785 4748 1098 4816 importuna
1130 4752 1279 4809 sunt,
1320 4742 1653 4798 inveniatur.

483 4839 644 4914 653
684 4837 804 4894 109.
844 4836 1098 4901 Animus,
1140 4835 1270 4890 dum
1311 4849 1422 4888 non
1462 4833 1518 4888 in
1551 4834 1730 4890 sensis
1761 4849 1826 4889 ac
1855 4848 1987 4890 con-

410 4919 698 5005 ceplibus,
739 4929 966 4986 omnino
1010 4928 1067 4983 in
1107 4925 1538 4998 cogitationibus
1576 4933 1634 4980 et
1675 4924 1990 4980 rationibus

416 5031 692 5090 versatur,
733 5020 1088 5090 vicissimque
1115 5019 1247 5074 dum
1273 5017 1328 5071 in
1362 5015 1792 5088 cogitationibus
1813 5023 1870 5069 et
1895 5031 1984 5069 ra-

417 5117 686 5182 tionibus;
727 5130 841 5172 non
877 5114 934 5168 in
973 5110 1152 5168 sensis
1179 5108 1347 5164 animi
1379 5123 1443 5163 ac
1475 5107 1856 5177 conceptibus.
1891 5106 1986 5174 At.3

415 5207 544 5262 dum
572 5205 625 5260 in
654 5219 842 5268 sensu,
867 5216 992 5256 cum
1021 5199 1281 5254 omnibus
1306 5204 1578 5254 versatur.

2098 4474 2228 4528 πότε
2257 4473 2316 4526 δὲ
2345 4474 2426 4536 εὶς
2471 4473 2571 4543 τὴν
2609 4471 2719 4524 τῶν
2756 4471 3036 4540 λογισμῶν
3063 4487 3076 4501 ·
3129 4473 3222 4525 καὶ
3269 4471 3402 4524 πότε
3455 4474 3536 4534 εἰς
3583 4472 3678 4540 τὴν

2094 4565 2214 4632 κατῗ
2245 4563 2521 4635 αἰσθησιν.
2556 4564 2666 4620 Καὶ
2695 4564 2755 4622 ὲν
2786 4562 2962 4634 ταύτῃ
2992 4561 3179 4628 πάλιν,
3214 4564 3264 4616 εἰ
3295 4563 3354 4615 ὲν
3392 4565 3509 4626 τοῖς
3537 4566 3677 4616 κατὰ

2093 4656 2362 4729 καιρὸν,ἢ
2391 4657 2450 4710 ὲν
2485 4657 2601 4719 τοῖς
2632 4654 2785 4726 παρὰ
2816 4655 3010 4725 καιρὸν
3043 4655 3242 4726 μᾶλλον
3262 4654 3608 4726 εὑρίσκεται.

2169 4829 2269 4902 ρθῖ
2313 4829 2402 4884 Ἐν
2436 4829 2704 4899 νοήμασιν
2742 4825 2846 4880 οὐκ
2881 4825 2958 4878 ὢν
3007 4827 3035 4880 ὁ
3081 4825 3224 4890 νοῦς,
3275 4825 3334 4877 ὲν
3392 4822 3678 4894 λογισμοῖς

2093 4923 2312 4986 πάντως
2353 4918 2500 4974 ἐστίν
2532 4934 2545 4947 °
2587 4921 2646 4972 ὲν
2674 4918 2954 4988 λογισμοῖς
2988 4916 3043 4969 δὲ
3073 4915 3168 4978 ὢν,
3199 4916 3256 4968 ἐν
3283 4915 3554 4984 νοήμασιν
3580 4917 3677 4968 οὐκ

2091 5016 2258 5069 ἐστιν.
2322 5015 2410 5066 Ἐν
2453 5012 2510 5066 δὲ
2538 5014 2602 5083 τῇ
2638 5010 2886 5082 αἰσθήσει
2912 5009 3199 5079 γενόμενος
3226 5005 3328 5077 (q),
3362 5008 3508 5078 μετὰ
3539 5008 3678 5060 τεάν-

2092 5125 2199 5162 των
2232 5104 2398 5159 ἐστίν.

485 5347 528 5379 ’ί
569 5345 712 5401 Psal.
747 5359 865 5409 cxv,
900 5343 984 5396 17.
1063 5342 1107 5371 ²²
1143 5339 1313 5396 Exod.
1353 5355 1462 5404 xw,
1497 5340 1580 5393 19.
1659 5337 1704 5368 ’³
1738 5338 1896 5392 Rom.
1927 5355 2042 5406 vni,
2072 5339 2159 5394 26.

489 5483 565 5554 ((1)
605 5483 707 5554 Ἐν
736 5481 803 5534 δέ
830 5481 904 5554 τ’ςῇ
939 5481 1216 5554 αὶξνθήσξι
1274 5477 1614 5554 γενόμενος.
1673 5474 1814 5554 sunt
1858 5475 1975 5529 lucc

334 5609 346 5621 γ
416 5545 571 5621 quasi
601 5545 960 5622 aznigmatica.
982 5548 1124 5614 Quid
1153 5549 1226 5601 sit
1256 5553 1494 5622 mentem
1553 5559 1674 5622 esse
1703 5545 1756 5597 in
1782 5559 1971 5608 sensu,

415 5615 657 5690 dumque
691 5615 745 5674 in
772 5622 866 5676 illo
895 5628 998 5685 est,
1045 5627 1102 5676 et
1139 5623 1438 5685 conceptus
1469 5615 1683 5669 habere
1718 5623 1773 5668 et
1801 5616 1972 5668 ratio-

2084 5473 2394 5546 cinationes
2419 5470 2519 5546 ;_id
2546 5478 2652 5546 est,
2677 5485 2764 5546 res
2787 5466 3137 5546 simpliciter.
3159 5473 3218 5546 et
3245 5479 3378 5517 cum
3416 5464 3676 5546 discursu

2085 5543 2419 5611 intelligere,
2445 5539 2590 5594 haud
2617 5538 2751 5594 satis
2788 5535 2972 5605 capio,
3028 5537 3144 5611 _nisi_
3179 5535 3283 5611 hoc
3338 5535 3460 5611 vult
3515 5537 3676 5587 Maxi-

2083 5630 2228 5679 mus,
2265 5604 2659 5681 iittclligelttcin
2680 5604 2963 5676 nunquam
2995 5605 3229 5672 absolvi,
3272 5620 3374 5674 pro
3429 5604 3542 5659 hoc
3577 5616 3678 5659 sta-
