3922 6348
172 377 289 454 1425

1315 373 1493 432 ALIA
1531 371 1632 431 ΕΧ
1671 369 1910 432 νΑΤιο.
1955 369 2244 430 ΟΛΡΙΤΑ.

3282 355 3415 419 Ῑὶίὶῦ

230 493 308 556 ρι’.
348 483 445 537 Διά
500 483 595 536 τοῦ
642 484 912 554 νοήματος
944 481 1045 553 μὲν
1074 483 1102 535 ό
1129 481 1253 543 νοῗς
1281 481 1559 551 διέρχεται
1590 479 1726 550 πρὸς
1755 529 1760 541 ,

1899 480 2021 533 110.
2066 480 2170 533 Per
2202 477 2372 533 animi
2413 490 2637 531 sensum
2669 483 2833 544 alque
2863 480 3193 542 conceptum
3221 473 3419 524 transit

163 579 222 630 τέι
251 576 408 646 νοητά
439 594 451 608 ο
479 575 571 630 διὰ
598 576 656 628 δὲ
693 575 788 628 τοῦ
825 565 1088 646 λογισμοῦ
1137 572 1272 644 πρὸς
1330 572 1399 625 τὰ
1452 572 1647 640 λογικὰ
1698 572 1728 626 6

166 669 301 738 λόγος
333 683 348 699 ο
401 669 538 741 πρὸς
583 669 640 722 δὲ
689 668 788 740 τὴν
814 664 1150 738 πρακτικὴν,
1171 665 1258 718 διὰ
1288 664 1391 734 τῆς
1423 661 1729 734 φαντασίας

167 762 194 828 ἠ
219 761 482 832 αἴσθησις.

1836 585 1994 625 mens
2036 569 2102 623 ad
2145 569 2438 640 spiritalia,
2469 577 2524 623 et
2559 583 2645 633 ea,
2676 581 2800 637 qua:
2830 563 2924 619 illa
2955 562 3071 617 sola
3102 559 3420 630 intelligun-

1836 668 1928 715 tur
1962 678 1974 714 :
2003 676 2104 732 per
2138 659 2620 716 ratiocinationem
2651 672 2784 711 vero
2815 665 2872 710 et
2907 654 3244 713 discursum,
3280 647 3421 702 ratio

1835 751 1906 807 ad
1948 767 2014 808 ea
2056 768 2181 822 qua:
2229 752 2520 808 rationalia
2566 750 2668 822 (sic
2707 746 2864 818 quasi
2902 743 3104 800 rationi
3149 737 3420 812 subjecta)

167 863 298 909 sunt.
347 855 634 910 Postremo
676 867 874 908 sensus
916 851 984 907 ad
1027 850 1329 916 actionem,
1374 865 1472 920 per
1511 862 1634 903 eam
1666 845 1778 901 vim
1816 861 1940 918 quze
1979 845 2248 918 imagines
2275 845 2558 908 informat,
2589 852 2645 898 et
2687 838 2965 912 cogitandi
3005 835 3297 892 facultates
3327 845 3422 885 vo-

167 951 324 998 catur.

231 1034 343 1106 pta'.
375 1036 470 1100 Εἰς
493 1037 684 1089 ἑαυτὸν
717 1039 745 1090 ό
775 1035 900 1100 νοῦς
957 1035 1348 1106 συναγόμενος,
1405 1033 1557 1089 οὐδὲν
1606 1031 1730 1088 οὒτε

167 1126 262 1179 τῶν
294 1127 436 1182 κατὰ
474 1128 566 1180 τὶν
599 1128 862 1199 λογισμὸν
919 1127 1154 1200 θεωρεῖ·
1208 1128 1448 1198 γυμνοὺς
1502 1122 1560 1180 δὲ
1605 1126 1735 1189 νόσις

171 1221 253 1276 καὶ
278 1218 422 1283 θείας
455 1219 650 1290 αὐγὰς,
689 1211 991 1292 βλυζούσας
1029 1220 1255 1293 εἰρήνην
1303 1237 1363 1274 τε
1403 1221 1500 1274 καὶ
1549 1219 1730 1290 χάριν.

238 1478 352 1550 ριβν.
394 1477 558 1532 Ἀλλο
594 1481 622 1532 6
652 1477 775 1544 νοῦς
807 1478 902 1532 τοῦ
944 1479 1292 1551 πράγματος,
1319 1479 1412 1532 καὶ
1438 1477 1568 1533 ἄλλο
1593 1481 1620 1532 6
1651 1479 1738 1533 λό-

172 1588 259 1638 γος
303 1571 466 1626 αὐτοῦ
495 1587 514 1602 ν
548 1572 642 1625 καὶ
673 1571 861 1642 ἕτερον
898 1570 961 1623 τὸ
993 1571 1099 1624 ὑπὸ
1129 1571 1229 1643 τὴν
1258 1571 1508 1640 αἴσθησιν
1537 1572 1738 1640 ἀναγό-

1910 1031 2032 1086 111.
2074 1029 2228 1086 Mens
2259 1029 2313 1086 in
2347 1029 2585 1100 scipsam
2617 1025 2871 1089 collecta,
2899 1020 3035 1077 nihil
3066 1031 3260 1074 eorum
3290 1031 3424 1072 con-

1839 1121 2068 1188 siderat,
2096 1138 2220 1193 quze
2247 1121 2332 1177 vel
2363 1135 2528 1175 sensu
2569 1116 2978 1189 percipiuntur,
3017 1110 3104 1165 vel
3135 1108 3425 1163 ratiocina-

1842 1215 1994 1270 tione
2040 1221 2098 1269 et
2145 1213 2398 1269 discursu
2447 1219 2790 1273 noscuntur;
2845 1205 2943 1261 sed
2989 1202 3167 1258 nudas
3212 1207 3424 1255 mentes

1841 1309 2172 1378 divinosque
2227 1306 2492 1377 fulgores,
2529 1305 2678 1375 large
2725 1316 2914 1373 pacem
2962 1295 3328 1352 scaturientes
3370 1298 3428 1344 et

1840 1401 2102 1473 gratiam.

1919 1496 2065 1551 112.⁴
2088 1495 2251 1551 Aliud
2287 1502 2373 1550 est
2407 1493 2486 1549 rei
2534 1491 2870 1552 intellectus,
2911 1483 3060 1540 aliud
3097 1483 3217 1552 ejus
3253 1476 3428 1541 ratio;

1845 1589 1998 1645 aliud
2023 1588 2263 1659 denique
2286 1586 2435 1659 quod
2458 1586 2562 1641 sub
2590 1598 2812 1639 sensum
2836 1577 3139 1634 reducitur.
3162 1570 3428 1632 Primum,

179 1680 345 1733 μενον.
387 1663 498 1716 Καὶ
528 1663 588 1716 τὸ
623 1664 724 1732 μὲν
745 1663 892 1717 ἔστιν
919 1663 1082 1718 οὐσία
1108 1681 1120 1696 ·
1155 1662 1217 1717 τὸ
1236 1663 1313 1730 δὲ,
1348 1663 1696 1736 συμϐεϐηκός
1724 1680 1736 1695 ⁸

1874 1683 2152 1740 abstantia
2213 1683 2328 1748 est;
2388 1680 2659 1744 alterum,
2715 1673 2999 1738 accidens;
3055 1673 3428 1739 postremum,

173 1756 228 1808 τὸ
253 1756 326 1821 δὲ,
365 1757 400 1826 ἡ
431 1755 527 1808 τοῦ
553 1756 919 1826 ὑποκειμένου
950 1756 1205 1827 διαφορά.

243 1853 362 1917 ριγθ.
415 1846 625 1911 Πολλὰς
664 1847 818 1910 ὁδοὺς
849 1846 1175 1916 ἀνατέμνων
1209 1847 1236 1899 ό
1271 1847 1416 1913 νοῦς,
1449 1848 1746 1920 ἀκόρεστος

171 1941 434 1994 δελκνυται
471 1958 485 1972 ·
531 1939 670 2010 πρὸς
729 1941 858 2011 μίαν
913 1937 970 1993 δὲ
1023 1940 1392 2009 συναγόμενος
1430 1940 1530 2010 τῆς
1557 1940 1746 2011 εὐχῆς,

176 2031 276 2104 πρὸ
304 2031 403 2102 τῆς
441 2031 717 2096 ὲντελεὶας
758 2033 1265 2103 στενοχωρούμενος
1288 2032 1561 2102 φαίνεται,
1583 2031 1749 2086 λιπα-

178 2121 282 2189 ρῶν
335 2119 428 2174 τὸν
480 2119 708 2191 μέτοχον
762 2121 834 2190 (r)
877 2119 1242 2191 ἀπολυθῆναι,
1279 2120 1416 2191 πρὸς
1450 2121 1520 2174 τὰ
1548 2122 1644 2190 ἀφ’
1674 2114 1749 2175 ὧν

174 2213 501 2286 ἐξελήλυθεν.

245 2304 358 2378 ριδ¹.
400 2305 643 2362 Ἀνωθεν
675 2307 916 2379 ἠγμένος
969 2308 999 2360 6
1054 2305 1202 2371 νοῦς,
1233 2307 1334 2362 οὐκ
1357 2307 1750 2378 ἀναδραμεῖται

177 2394 325 2462 αὖθις
371 2401 571 2463 ἐκεῖσε,
621 2401 670 2453 εἰ
719 2398 794 2470 μὴ
851 2400 1066 2454 τελείαν
1095 2398 1208 2454 τῶν
1256 2401 1407 2456 κάτω
1456 2403 1752 2474 ποιήσηται

176 2491 574 2561 καταφρόνησιν
598 2489 686 2544 διὰ
717 2492 812 2562 τῆς
844 2491 1064 2565 περὶτὰ
1097 2492 1219 2546 θεῖα
1259 2493 1477 2562 σχολῆς.

247 2589 362 2653 ριε’.
424 2582 490 2635 Εἴ
529 2599 588 2636 τε
631 2582 708 2655 μὴ
754 2585 854 2652 τὴν
893 2583 1072 2654 ψυχήν
1110 2600 1204 2636 σου
1233 2583 1367 2656 δύνῃ
1398 2583 1535 2654 μετὰ
1569 2584 1749 2654 μόνων

177 2677 396 2746 ποιῆσαι
429 2675 538 2728 τῶν
570 2676 700 2746 περὶ
727 2675 898 2746 αὐτὴν
920 2675 1221 2746 λογισμῶν,
1252 2675 1354 2730 κᾶν
1372 2675 1433 2728 τὸ
1464 2675 1623 2746 σῶμα
1657 2693 1752 2728 σου

179 2768 429 2840 μονάςειν
457 2767 789 2837 ἀνάγκαζον,
815 2769 915 2838 τὴν
965 2768 1093 2837 περὶ
1148 2766 1280 2820 αὐτὸ
1331 2766 1623 2838 ἀθλιότητα
1665 2767 1755 2820 διὰ

176 2861 370 2924 παντὸς
389 2859 736 2930 ἐννοούμενος
765 2875 779 2888 ·
810 2858 952 2911 οὕτω
988 2859 1097 2928 γὰρ
1121 2858 1198 2930 τῷ
1227 2859 1404 2930 χρόνῳ
1429 2860 1569 2912 ἐλέει
1595 2859 1750 2925 Θεοῦ,

173 2953 424 3023 καὶπρὸς
450 2953 512 3006 τὸ
538 2952 756 3024 πρῶτον
807 2951 1144 3023 ἀναδραμεῖν
1183 2951 1391 3025 δυνήσῃ
1445 2953 1541 3024 τῆς
1592 2947 1754 3022 εὔγει

172 3047 322 3111 νεὶας
361 3044 600 3117 ἀξίωμα.

251 3159 385 3232 ρις’.
441 3160 498 3212 Ὀ
549 3158 650 3228 μὲν
699 3155 1001 3228 πρακτικὸς
1042 3153 1370 3214 ὖποτάσσειν
1402 3158 1640 3222 εὐκόλως
1665 3159 1756 3213 δύο

172 3271 332 3311 ναται
360 3253 452 3305 τὸν
483 3249 607 3304 νοῦν
636 3255 702 3323 τῇ
735 3253 887 3322 εὐχῇ·
922 3254 950 3305 ὁ
982 3249 1039 3304 δὲ
1069 3249 1421 3321 θεωρητικὸς,
1458 3249 1558 3322 τὴν
1591 3251 1756 3322 εὐχὴν

173 3347 253 3418 τῷ
276 3347 378 3400 νοῒ.
420 3346 480 3402 Ὀ
522 3344 620 3414 μὲν
649 3343 759 3397 ἀπὸ
781 3343 889 3396 τῶν
911 3342 1254 3412 φαινομένων
1285 3343 1589 3396 συστέλλων
1626 3361 1754 3413 σχη-

179 3439 366 3511 μάτων
410 3436 510 3506 τὴν
537 3433 789 3505 αἴσθησιν
811 3447 826 3461 ·
859 3435 886 3487 6
915 3433 972 3487 δὲ
1008 3433 1106 3505 τὴν
1135 3432 1314 3503 ψυχὴν
1346 3433 1482 3504 πρὸς
1515 3435 1640 3498 τοὺς
1669 3435 1755 3502 ἐγ-

177 3525 598 3596 κεκρυμμένους
625 3523 738 3584 τοῖς
776 3523 984 3593 ῥήμασι
1005 3521 1196 3590 λόγους
1222 3521 1623 3592 μεταϐιϐάζων.
1649 3525 1760 3577 Καὶ

174 3621 205 3672 6
245 3617 343 3686 μὲν
372 3613 642 3684 σωμάτων
681 3612 860 3664 πείθει
889 3611 1078 3680 λόγους
1107 3612 1197 3664 τὸν
1225 3610 1352 3665 νοῦν
1372 3613 1574 3667 ἐννοεῖν
1600 3628 1615 3643 ’
1645 3613 1675 3664 6
1703 3613 1762 3666 δὲ

177 3709 485 3778 ἀσωμάτων
509 3705 814 3758 κατανοεῖν.
856 3701 1158 3780 ’Δσὼματοι
1179 3702 1236 3755 δέ
1264 3690 1371 3754 εἰσι
1400 3702 1547 3770 λόγοι
1572 3703 1761 3774 σωμά-

177 3815 310 3865 των,
345 3797 608 3868 ἰδιότητες
632 3812 692 3850 τε
723 3795 818 3850 καὶ
847 3794 1028 3848 οὐσίαι
1061 3792 1263 3848 αὐτῶν.

265 4076 386 4148 ριζ’.
444 4075 616 4129 Ὀταν
668 4074 761 4126 τὸν
809 4065 935 4126 νοῦν
960 4089 1056 4128 σου
1085 4073 1183 4144 τῆς
1207 4072 1316 4127 τῶν
1346 4075 1641 4144 σωμάτων,
1673 4074 1768 4128 καὶ

187 4168 518 4241 βρωμάτων,
542 4166 635 4218 καὶ
666 4165 968 4236 χρημάτων
997 4164 1332 4234 ἡδυπαθείας
1365 4165 1763 4238 ὲλευΟερώσῃς,

181 4261 308 4314 τότε
341 4260 435 4313 καὶ
465 4258 602 4326 ὅπερ
642 4255 709 4309 ἂν
750 4257 948 4320 ποιεῖς,
998 4254 1172 4327 δῶρον
1231 4255 1473 4326 καθαρὸν
1524 4255 1602 4327 τῷ
1648 4258 1769 4329 Θεῷ

181 4350 570 4420 λογισθήσεται
605 4363 619 4377 ·
656 4346 1066 4417 ἁντιδοθήσεται
1092 4347 1149 4401 δέ
1188 4365 1272 4400 σοι
1299 4347 1396 4400 τοῦ
1428 4347 1794 4420 διανοιγῆναι’

1847 1775 2084 1846 subjecti
2120 1771 2452 1829 differentia.

1923 1867 2045 1921 115.
2083 1866 2235 1921 Mens
2278 1865 2469 1936 plures
2503 1861 2679 1916 iniens
2720 1857 2856 1921 vias,
2886 1848 3212 1908 insatiabilis
3255 1841 3435 1899 nosci-

1850 1969 1940 2014 tur
1966 1977 1979 2013 :
2009 1957 2076 2013 ad
2106 1972 2273 2012 unam
2296 1971 2426 2012 vero
2452 1954 2703 2015 collecta,
2736 1962 2858 2019 quae
2891 1953 2974 2001 est
2999 1939 3286 2002 orationis,
3309 1948 3435 1989 cum

1849 2047 2089 2103 necdum
2119 2053 2280 2101 nacta
2311 2053 2396 2100 est
2422 2041 2841 2114 perfectionem,
2874 2031 3152 2106 angustari
3188 2027 3434 2088 videtur;

1853 2157 2054 2212 rogans
2105 2139 2202 2210 qui
2264 2140 2340 2194 sit
2398 2137 2708 2209 particeps,
2772 2129 2839 2184 ad
2901 2141 2966 2185 ea
3029 2119 3233 2180 dimitti
3292 2114 3438 2171 unde

1850 2234 2080 2289 exierat.

1924 2323 2048 2378 114.
2084 2323 2127 2378 Ε
2173 2322 2315 2377 caelo
2364 2319 2626 2374 devectus
2678 2314 2918 2380 animus,
2975 2324 3088 2366 non
3137 2320 3205 2361 eo
3248 2313 3440 2357 rursus

1852 2415 2050 2472 evadat
2089 2411 2432 2484 postliminio
2476 2424 2756 2472 reversus,
2783 2405 2892 2461 nisi
2930 2397 3178 2457 vacando
3215 2391 3437 2456 divinis,

1853 2516 2074 2562 terrena
2098 2505 2215 2560 haec
2239 2502 2607 2571 inferioraque
2635 2496 3050 2568 contempserit.

1927 2597 2050 2651 “5.
2092 2595 2187 2651 Sin
2218 2594 2401 2649 minus
2437 2592 2567 2647 licet
2605 2592 2685 2646 sic
2721 2603 3050 2660 componere
3081 2583 3350 2642 animum,
3382 2584 3443 2632 ut

1853 2704 1980 2744 cum
2011 2687 2148 2743 solis
2185 2686 2333 2741 circa
2374 2685 2556 2755 ipsum
2594 2680 3022 2755 cogitationibus
3052 2681 3324 2737 versetur,
3356 2669 3440 2724 vel

1855 2793 2056 2850 corpus
2106 2787 2263 2832 tuum
2315 2776 2624 2832 solitarium
2675 2789 2795 2830 esse
2840 2786 2993 2843 coge,
3033 2783 3152 2824 eam
3199 2779 3322 2834 qua:
3363 2759 3441 2815 illi

1855 2869 2068 2943 adiacet
2109 2867 2388 2922 miseriam
2420 2866 2682 2921 continue
2715 2862 2961 2934 cogitans
2988 2878 3002 2914 :
3029 2859 3110 2914 sic
3135 2856 3283 2912 enim
3316 2866 3444 2923 pro-

1855 2977 2016 3020 cessu
2059 2959 2344 3030 temporis,
2381 2957 2450 3013 ad
2496 2957 2789 3029 pristinam
2837 2968 3055 3026 quoque
3107 2949 3300 3005 licebit
3347 2943 3443 3000 Dei

1782 3050 1824 3109 C
1858 3037 2153 3111 clementia
2189 3050 2370 3107 redire
2400 3049 2759 3121 ingenuitatis
2785 3045 3181 3119 praestantiam.

1931 3167 2057 3222 116.
2095 3166 2146 3222 Is
2197 3163 2423 3236 quidem
2481 3165 2576 3233 qui
2632 3162 2848 3217 actione
2900 3156 3243 3226 defungitur,
3287 3151 3444 3207 facile

1859 3267 2104 3316 mentem
2144 3257 2419 3328 subjicere
2469 3264 2652 3325 potest
2692 3252 2966 3318 orationi;
3005 3250 3099 3320 qui
3135 3263 3268 3303 vero
3311 3261 3442 3299 con-

1863 3350 2208 3422 templationi
2239 3349 2449 3410 studet,
2474 3347 2778 3403 orationem
2801 3343 2994 3400 menti.
3020 3342 3174 3398 Alter
3201 3337 3443 3408 quidem,

1861 3443 2243 3501 contrahendo
2276 3456 2500 3499 sensum
2531 3442 2600 3495 ab
2622 3454 2816 3495 eorum
2848 3437 3038 3509 ﬁguris
3058 3451 3180 3506 quae
3209 3433 3264 3487 in
3293 3445 3448 3501 aspe-

1863 3543 2013 3591 ctum
2047 3535 2286 3599 cadunt;
2321 3533 2461 3588 alter
2493 3547 2650 3596 vero,
2683 3531 2928 3585 animum
2970 3525 3351 3582 transferendo
3379 3520 3446 3576 ad

1864 3627 2107 3682 rationes
2139 3627 2376 3681 latentes
2405 3624 2463 3679 in
2497 3624 2700 3679 verbis.
2724 3623 2804 3678 Ac
2831 3621 3056 3693 quidem
3085 3619 3244 3683 alter,
3279 3615 3446 3671 menti

1865 3725 2060 3770 auctor
2099 3723 2184 3770 cst
2223 3724 2288 3769 ut
2325 3727 2622 3784 corporum
2658 3713 2903 3769 rationes
2931 3711 3278 3776 consideret;
3312 3709 3451 3762 alter

1864 3821 2018 3868 vero,
2047 3812 2109 3860 ut
2141 3804 2596 3875 incorporeorum
2631 3805 2791 3874 plene
2825 3803 3114 3872 intelligat.
3153 3799 3292 3855 Sunt
3318 3813 3450 3853 vero

1869 3897 2211 3966 incorporea:
2274 3910 2570 3966 corporum
2629 3895 2905 3961 rationes,
2962 3904 3266 3961 eorumque
3323 3899 3450 3943 cum

1867 3990 2234 4060 proprietates
2261 3996 2377 4043 tum
2402 3989 2680 4046 essentiae.

1942 4079 2067 4132 117.
2105 4077 2244 4132 Cum
2270 4086 2510 4134 mentem
2541 4087 2691 4133 tuam
2719 4093 2751 4132 a
2780 4090 3077 4147 corporum
3109 4083 3166 4129 et
3201 4072 3452 4128 ciborum

1869 4185 1935 4224 ac
1959 4169 2322 4238 pecuniarum
2350 4169 2660 4240 voluptario
2689 4168 2891 4224 affectu
2914 4165 3081 4238 654
3115 4181 3181 4221 ae
3223 4162 3453 4219 libidine

1869 4261 2222 4328 liberaveris,
2289 4270 2422 4316 tunc
2466 4261 2735 4333 quidquid
2795 4260 3027 4326 feceris,
3082 4273 3286 4312 munus
3343 4255 3458 4310 Deo

1873 4353 2141 4409 mundum
2197 4354 2564 4425 reputabitur,
2611 4355 3058 4424 retribueturque
3093 4351 3192 4407 tibi
3229 4358 3292 4405 ut
3327 4364 3458 4420 ape-

183 4549 273 4598 tu,
306 4549 338 4587 a
365 4530 772 4603 phantasmate,
803 4530 950 4603 quod
976 4531 1162 4603 sensui
1183 4532 1432 4589 ascribit.
1457 4533 1585 4589 Sive
1609 4535 1758 4589 enim
1794 4537 1835 4592 D
1863 4534 2150 4599 Maximus,
2171 4534 2385 4603 λογικά,
2408 4549 2516 4589 non
2545 4533 2663 4603 ipsa
2696 4533 2909 4589 ratione
2937 4529 3186 4603 pratdita,
3215 4527 3312 4583 sed
3336 4545 3458 4603 quae

185 4599 482 4685 ipsam—rei
523 4599 889 4685 quidditatem
916 4600 1373 4685 iiitelligat,.quod
1406 4605 1762 4685 vocatvéqpa

186 4670 271 4744 (id
326 4678 413 4727 est
463 4677 795 4744 conceptum
845 4670 1048 4744 mentis
1091 4670 1156 4726 ac
1202 4670 1598 4744 intellectum),
1651 4670 1767 4728 sive

182 4739 344 4822 circa
399 4739 715 4822 accidentia
745 4748 802 4822 et
853 4741 1221 4822 proprietates
1283 4739 1580 4822 discurrat,
1621 4745 1771 4822 quod

182 4761 344 4798 Circa
407 4761 715 4820 acciueitua
745 4761 802 4794 Cl
853 4761 1221 4822 proprietates
1283 4761 1580 4810 discurrat,
1662 4761 1771 4800 “00

180 4811 457 4880 λογισμὸν
504 4810 790 4885 indigetat,
823 4826 1052 4885 omnino
1089 4827 1319 4885 necesse
1341 4821 1447 4885 est,
1489 4823 1553 4868 ut
1598 4761 1774 4885 ρΊιειιι-

183 4881 581 4954 ιςιειῐιειπιιιιιιεὶ
617 4882 811 4954 omnis
834 4882 970 4954 ejus
993 4882 1324 4954 cognitionis
1349 4882 1547 4950 basim,
1580 4881 1775 4954 specu-

183 4955 369 5016 lctnr,
403 4952 458 5005 in
490 4966 600 5020 quo
623 4959 679 5005 et
699 4951 1031 5016 accidentia,
1055 4959 1110 5004 et
1130 4951 1248 5021 ipsa
1269 4954 1510 5008 essentia
1554 4951 1662 5011 illis
1686 4959 1773 5010 in-

187 5023 412 5084 voluta,
451 5022 688 5094 eluceat.
723 5022 805 5074 Τὰ
831 5021 1022 5094 λογικὰ
1046 5022 1193 5094 quod
1218 5033 1399 5094 vocat,
1423 5040 1487 5078 ea
1512 5041 1634 5094 quae
1657 5027 1774 5082 dis-

182 5109 365 5167 cursu
413 5107 479 5146 ac
521 5091 737 5167 ratione
782 5093 1073 5167 cogitante
1115 5093 1500 5167 intelliguntur
1533 5091 1775 5167 (passive

182 5162 416 5216 scilicet
440 5161 646 5215 utendo
669 5161 759 5214 illa
778 5163 930 5231 voce)
949 5162 1113 5231 paulo
1136 5161 1463 5220 insolentius
1483 5161 1586 5220 es't'.
1604 5167 1776 5223 Aﬂine

186 5241 389 5286 tamen
425 5239 530 5296 est,
581 5231 728 5300 quod
755 5231 976 5300 λογικὴν
1030 5232 1218 5285 στάσιν
1261 5233 1457 5289 dicunt
1503 5238 1775 5301 rhetores,

179 5311 402 5357 statum
433 5301 776 5356 rationalem.
803 5301 1203 5369 Quintilianus,
1243 5304 1282 5358 1.
1338 5321 1418 5370 ιιι,
1457 5321 1507 5360 c.
1533 5308 1598 5362 5:
1633 5307 1779 5361 Illud

181 5373 525 5454 iampmnes
577 5372 836 5454 fatentur,
869 5387 978 5454 esse
1003 5376 1317 5454 questions
1347 5385 1441 5454 aut
1466 5378 1520 5430 in
1557 5380 1776 5454 scripto,

183 5444 378 5516 autin
413 5459 517 5516 non
537 5443 762 5516 scripto:
785 5445 844 5516 in
874 5443 1096 5516 scripto,
1113 5454 1236 5498 sunt
1270 5446 1333 5498 de
1364 5447 1524 5516 jure:
1566 5449 1621 5502 in
1666 5443 1781 5502 'mm

181 5514 420 5582 scripto,
453 5513 517 5566 de
545 5512 795 5567 re:illud
827 5512 1017 5584 legale,
1077 5515 1171 5568 hoc
1212 5512 1499 5570 rationale.
1549 5519 1780 5574 Herma-

183 5598 364 5707 izoras
388 5592 554 5652 atque
585 5599 712 5637 eum
745 5585 921 5638 secuti
944 5593 1166 5648 vocant,
1190 5588 1414 5650 νομικὸν
1443 5594 1499 5641 et
1543 5589 1778 5656 λογικόν.

217 5663 342 5706 tem
362 5653 746 5707 Cicero.Tusc.
780 5654 817 5706 l.
850 5670 931 5706 Iv:
968 5652 1139 5706 Habes
1191 5670 1254 5707 ea
1296 5672 1414 5707 aure
1465 5657 1529 5707 de
1567 5668 1778 5707 nertur-

217 5663 342 5727 tem
362 5653 746 5727 C_icero,Tusc.
780 5654 817 5727 l_.
850 5670 940 5727 Iv_:_
968 5652 1139 5706 Habes
1191 5670 1254 5727 ea
1296 5672 1414 5724 qute
1465 5657 1529 5710 de
1567 5652 1780 5727 pertur-

185 5723 506 5796 batioaibus
537 5723 864 5796 enacleatius
888 5723 1389 5796 disputaatAStoici:
1421 5743 1540 5796 qua:
1567 5723 1777 5796 ’λογικὰ

189 5789 508 5864 appellant,
544 5794 668 5864 quia
699 5789 1010 5847 asserumar
1037 5794 1302 5848 subtilius.
1337 5789 1443 5850 Sic'
1466 5789 1665 5868 itaque
1694 5799 1784 5866 bjc

1872 4605 1954 4659 sic
1989 4606 2205 4661 ratione
2246 4599 2668 4676 percipiuntur;
2693 4612 2755 4676 iet
2787 4618 2909 4676 qua;
2931 4599 3244 4676 rationalia,
3265 4601 3456 4676 eadem

1873 4691 1997 4730 cum
2029 4671 2418 4732 Graecis—vocis—
2449 4675 2740 4745 ὁμωνυμίᾳ
2788 4671 3040 4745 cogimur
3081 4671 3286 4745 dicere,
3307 4671 3455 4745 quod

1872 4761 1983 4800 non
2017 4746 2291 4802 distincta:
2312 4739 2500 4808 voces,
2523 4754 2586 4798 ut
2607 4739 2738 4799 sunt
2767 4744 2827 4796 τὸ
2848 4739 3038 4811 νοητὸν
3066 4749 3123 4796 et
3158 4739 3222 4792 τὸ
3253 4742 3439 4810 νοερὸν

1872 4817 1977 4871 etsi
2003 4832 2106 4873 nec
2134 4818 2188 4872 in
2227 4817 2338 4872 illis
2382 4823 2644 4870 auctores
2686 4815 2822 4868 satis
2863 4812 3108 4868 accnrati
3138 4818 3288 4873 sunt,
3336 4827 3458 4872 nec,

1875 4903 2000 4941 raro
2031 4903 2226 4942 eorum
2253 4886 2558 4956 significata
2574 4884 2935 4956 confundant,
2963 4897 3029 4935 ac
3065 4881 3214 4950 quod
3239 4880 3454 4949 passive

1876 4966 2057 5023 sonat,
2081 4959 2261 5012 active
2285 4954 2582 5024 accipiant,
2621 4954 2998 5024 vicissimque.

1949 5029 2021 5099 (r)
2044 5019 2052 5023 ’
2075 5024 2360 5099 Λιπαρῶν
2407 5019 2540 5099 τὸν.
2550 5026 2834 5093 μέτοχον.
2868 5019 3135 5099 Placebat
3187 5019 3364 5099 magis
3392 5031 3457 5099 ιιι

1876 5089 2025 5153 esset
2075 5097 2170 5150 τὸν
2210 5089 2459 5166 ιὶάτοχον.
2480 5089 2734 5166 _Rogans
2760 5109 2910 5156 eum,
2949 5092 3051 5166 qui
3084 5089 3171 5144 vir
3195 5089 3461 5159 spiritalis

1878 5167 1971 5233 sit,
2004 5168 2208 5235 ἔνθεος,
2243 5164 2444 5237 plenus
2471 5164 2682 5237 Spiritu
2731 5181 2795 5219 ac
2843 5164 3098 5237 oratione
3138 5170 3458 5237 provectus.

1880 5229 2114 5312 ejusque
2168 5229 2370 5292 nactus
2393 5229 3057 5312 perfectionem_;__qniqne
3110 5229 3249 5312 adeo
3275 5229 3460 5312 quiete

1882 5301 1937 5362 in
1963 5301 2056 5363 illa
2090 5307 2348 5372 fruatur;
2375 5301 2490 5376 pra:
2511 5301 3366 5376 laborisscilicet:impatientia,
3401 5310 3463 5354 ut

1882 5378 1937 5432 in
1973 5378 2100 5433 aliis
2154 5378 2236 5433 sic
2280 5369 2564 5446 dissipatis
2604 5374 2833 5442 (actioni
2889 5369 3102 5446 scilicet
3153 5369 3461 5446 addictumi

1881 5450 2087 5503 morari
2115 5448 2264 5502 sinat
2289 5465 2302 5501 :
2336 5463 2401 5502 ac
2423 5441 2785 5509 "velmaxime,
2809 5443 2956 5514 quod
2980 5455 3181 5514 ea_vox
3209 5441 3411 5514 κάτοχο
3431 5462 3462 5503 -,

1883 5511 2842 5599 etiarnactivam“significationem
2885 5512 3233 5599 quandoque
3268 5511 3467 5564 admit-

1884 5596 1982 5643 tat.
2018 5589 2111 5643 Sic
2136 5589 2285 5642 enim
2318 5580 2487 5642 illein
2519 5584 2789 5640 orationis
2805 5580 3070 5638 exercitio
3121 5580 3466 5636 detinentcm

1885 5659 2105 5714 Patrem
2144 5658 2476 5728 spiritalem,
2505 5656 2576 5710 ab
2602 5671 2666 5710 ea
2701 5656 3006 5720 dimittere,
3054 5653 3135 5708 sic
3181 5651 3339 5722 quasi
3376 5661 3466 5708 ut:-

1885 5729 1979 5787 dio
2003 5730 2186 5785 victus
2213 5741 2484 5799 propense
2513 5735 2686 5798 roget.
