3922 6348
474 396 606 502 mi

1640 436 1702 496 S.
1744 433 2032 495 ΜΑΧΙΜΙ
2070 432 2580 494 CONFESSORIS

3628 430 3750 494 ΗΞ

470 547 685 599 riantur
717 543 864 598 oculi
904 542 1090 600 cordis
1126 543 1229 609 tui,
1262 550 1320 599 et
1349 551 1410 599 ut
1439 544 1495 599 in
1529 543 1624 599 Dei
1659 543 1873 615 legibus
1904 543 1958 596 in
1992 557 2059 597 eo

2191 543 2292 606 οὺς
2324 542 2427 612 τῆς
2454 542 2686 614 καρδίας
2729 560 2822 598 σου
2853 544 3188 618 ὀφθαλμοὺς,
3222 546 3320 601 καὶ
3345 545 3576 618 τρανῶς
3600 546 3753 615 ἐμμε-

475 634 707 689 occultis
756 635 903 689 clare
956 634 1269 701 mediteris;
1327 650 1449 706 qua:
1487 635 1711 706 quidem
1752 650 1921 706 super
1955 635 2063 689 mel

473 733 530 780 et
563 725 746 780 favum
801 724 1035 796 spiritali
1082 726 1296 797 gutturi
1339 734 1435 781 tuo
1472 727 1813 782 videbuntur
1847 727 1916 793 ’⁸,
1951 741 2065 797 pra:

474 818 771 874 dulcedine
797 835 920 889 qua:
951 834 1019 874 ex
1050 819 1160 875 illis
1193 818 1545 875 diffunditur.
1624 878 1635 893 ι

542 909 668 965 118.
712 901 856 965 Fieri
887 926 997 965 non
1026 917 1209 981 potest
1244 919 1306 965 ut
1331 924 1623 981 corporum
1668 907 2062 979 pecuniarum-

475 1019 584 1073 que
619 1019 683 1058 ac
713 1004 1150 1059 necessariorum
1177 1004 1427 1059 ciborum
1463 1002 1766 1074 cupiditate
1809 1001 2064 1071 superio-

477 1109 592 1150 rem
621 1094 837 1157 el'licias,
856 1096 1121 1161 animum,
1149 1095 1256 1152 nisi
1282 1097 1337 1151 in
1376 1094 1637 1151 mundam
1665 1094 1943 1165 justorum
1974 1106 2064 1148 re-

475 1185 694 1257 gionem
726 1202 853 1242 eum
888 1186 1192 1248 induxeris.
1230 1186 1287 1241 in
1319 1202 1426 1257 qua
1459 1185 1558 1241 Dei
1601 1184 1906 1255 mortisque
1953 1198 2067 1239 me-

476 1276 653 1332 moria
680 1278 1186 1350 supergerminans,
1217 1294 1443 1350 germen
1476 1293 1641 1333 omne
1673 1275 1754 1333 rei
1784 1275 2066 1332 desidera-

476 1368 605 1425 bilis
633 1386 665 1425 e
692 1378 912 1427 terreno
936 1371 1104 1427 corde
1126 1370 1353 1427 delebit.

553 1464 677 1520 119.
717 1463 909 1519 Mortis
949 1464 1283 1535 cogitatione
1324 1464 1464 1520 nihil
1510 1461 1923 1519 formidolosius
1958 1471 2064 1528 est,

476 1569 585 1610 nec
628 1555 725 1610 Dei
772 1555 1034 1612 memoria
1081 1556 1383 1627 quidquam
1433 1554 1836 1612 admirabilius.
1881 1554 2068 1610 Altera

477 1645 725 1717 quidem,
753 1647 1050 1703 salutarem
1076 1647 1355 1703 tristitiam
1383 1657 1645 1719 praestare
1668 1647 1864 1714 habet;
1895 1648 2067 1702 altera

479 1736 725 1792 tribuere
766 1738 969 1795 mentis
1018 1739 1285 1796 lzetitiam.
1319 1739 1412 1794 Ait
1453 1739 1601 1794 enim
1632 1738 1928 1811 Propheta,
1958 1738 2070 1794 Me-

480 1844 599 1881 mor
626 1828 704 1898 fui
735 1828 851 1893 Dei,
885 1837 934 1883 et
967 1828 1256 1885 delectatus
1292 1846 1410 1886 sum
1435 1829 1502 1885 ’³.
1538 1829 1771 1900 Sapiens
1801 1814 2021 1900 quoque
2051 1847 2065 1884 :

2166 630 2325 704 λετᾷν
2365 634 2478 696 τοῖς
2518 630 2998 708 ὲγκεκρυμμένοις
3026 637 3085 689 ὲν
3108 632 3250 708 αὐτῇ
3286 636 3484 707 νόμοις
3508 634 3671 698 Θεοῦ,
3696 635 3754 687 οἵ·

2164 741 2311 788 τινες
2341 723 2483 794 ὑπὲρ
2515 724 2640 793 μέλι
2665 725 2764 778 καὶ
2793 726 2988 798 κηρίον
3025 725 3105 797 τῷ
3137 726 3317 797 νοητῷ
3362 743 3466 779 σου
3506 724 3754 793 λογισθὴ-

2167 837 2349 874 σονται
2375 819 2638 892 λάρυγγι,
2660 823 2729 895 τῇ
2760 822 2857 876 ἀπ’
2885 822 3067 876 αὐτῶν
3093 821 3421 894 ὲκδιδομένῃ
3444 820 3693 892 ἡδύτητι.

2242 917 2367 983 ριηά
2410 911 2486 989 ρῦ
2508 911 2720 985 δυνήσῃ
2758 912 3032 983 σωμάτων
3060 914 3158 967 καὶ
3187 912 3525 984 χρημάτων,
3553 912 3652 964 καὶ
3672 912 3754 979 τῆς

2164 1005 2274 1058 τῶν
2332 1003 2651 1074 ἀναγκαίων
2718 1004 3029 1078 βρωμάτων
3095 1006 3401 1078 ἐπιθυμίας
3461 1005 3753 1074 ὑπέρτερον

2167 1094 2393 1166 ποιῆσαι
2427 1094 2519 1148 τὸν
2568 1093 2713 1160 νοῦν,
2748 1097 2798 1148 εί
2827 1096 2901 1166 μὴ
2931 1098 2990 1150 ἐν
3020 1099 3087 1168 τῇ
3127 1096 3351 1168 καθαρᾷ
3386 1096 3502 1151 τῶν
3546 1096 3757 1149 δικαίων

2166 1185 2323 1259 χώρα
2353 1186 2576 1260 είσάξῃς
2608 1189 2775 1243 αὐτόν
2805 1205 2820 1221 ο
2865 1187 2989 1242 καθ’
3042 1190 3129 1261 ἦν,
3183 1191 3218 1260 ἦ
3262 1207 3327 1243 τε
3381 1189 3481 1243 τοῦ
3536 1188 3759 1242 θανάτου

2168 1282 2264 1335 καὶ
2286 1282 2320 1352 ἡ
2346 1279 2442 1335 τοῦ
2468 1280 2607 1335 Θεοῦ
2631 1281 2738 1352 μνή
2750 1295 2824 1351 μη
2853 1281 3419 1352 ἑπαναόλαστήσασα,
3442 1281 3564 1343 ,ἀπὸ
3580 1282 3761 1351 τηῖνης

2168 1372 2399 1444 καρδίας
2426 1372 2723 1443 ἀπαλείψει
2754 1373 2863 1427 πᾶν
2893 1373 3155 1442 ὲνθυμίου
3183 1373 3504 1443 ἀνάστημα.

2240 1463 2364 1537 ριθ’.
2424 1466 2591 1521 Οὐδὲν
2640 1465 2766 1520 οὗτε
2825 1465 3038 1530 ἐννοίας
3080 1465 3317 1521 θανάτου

2167 1552 2294 1608 οὔτε
2337 1554 2475 1610 Θεοῦ
2509 1556 2736 1627 μνήμης
2765 1556 3236 1628 θαυμασιώτερον.
3283 1557 3352 1609 Ἦ
3381 1557 3488 1626 μὲν
3516 1556 3633 1624 γάρ
3660 1558 3765 1608 ἐστι

2169 1645 2350 1720 λύπης
2402 1646 2783 1719 σωτηριώδους
2831 1650 3144 1718 παρεκτική
3180 1665 3195 1679 ·
3237 1649 3273 1719 ἡ
3311 1647 3394 1714 δὲ,
3424 1647 3767 1717 εὐφροσύνης

2168 1740 2489 1813 χαριστική.
2550 1738 2899 1808 Ἐμνήσθην
2951 1738 3083 1810 γάρ,
3144 1741 3313 1809 φησὶν
3360 1742 3394 1793 ὁ
3453 1740 3765 1809 Προφήτης,

2170 1830 2279 1886 τοῦ
2318 1830 2489 1892 Θεοῦ,
2530 1830 2628 1883 καὶ
2671 1827 3052 1899 ηὐφράνθην.
3091 1829 3205 1882 Καὶ
3240 1830 3269 1882 ὁ
3294 1828 3515 1897 209:6;-
3545 1829 3768 1897 Μιμγῆ-

480 1915 782 1973 Μεηιονςινε
821 1921 1103 1976 novissima
1146 1929 1261 1986 tua,
1327 1929 1513 1976 etnon
1557 1922 1790 1992 peccabis
1819 1922 1886 1976 “.
1923 1920 2069 1976 Fieri

2191 1935 2336 1977 mou
2368 1920 2441 1976 τὰ
2475 1920 2708 1990 ἑσχιιτά
2740 1935 2885 1986 σου,
2919 1920 3017 1975 καί
3065 1922 3179 1990 οὐκ
3208 1920 3768 1991 ἀμαρτήπεις.ᾋδὺε

481 2009 628 2064 enim
673 2026 783 2065 non
828 2020 1030 2081 potest,
1073 2020 1135 2068 ut
1182 2013 1308 2083 quis
1355 2016 1587 2070 alterum
1633 2015 1902 2079 obtineat,
1933 2013 2069 2085 quin

483 2100 691 2173 prioris
724 2103 1082 2160 acerbitatem
1110 2106 1232 2175 ejus
1261 2104 1380 2175 ipso
1407 2106 1656 2175 periculo
1688 2105 1925 2160 noverit.

553 2191 679 2249 120.
718 2194 905 2250 Donec
951 2211 1110 2251 mens
1155 2197 1396 2252 revelata
1444 2195 1584 2252 facie
1623 2197 1719 2251 Dei
1763 2196 2070 2251 claritatem

483 2287 772 2357 conspexit
806 2288 872 2353 ”,
908 2304 1020 2344 non
1066 2298 1250 2360 potest
1298 2289 1518 2344 animus
1561 2288 1747 2344 dicere
1800 2288 1857 2345 in
1905 2302 2072 2343 sensu

483 2393 588 2434 suo
620 2396 634 2432 :
671 2380 784 2450 Ego
827 2397 949 2435 vero
997 2380 1297 2435 delectabar
1341 2382 1397 2435 in
1440 2380 1666 2435 Domino
1695 2380 1763 2445 ‘3,
1797 2379 2073 2442 exsultubo

480 2468 541 2521 in
570 2468 805 2524 salutari
835 2472 952 2541 ejus
980 2472 1047 2525 ’9.
1077 2471 1337 2527 Velamen
1372 2471 1522 2526 enim
1560 2471 1687 2526 cmci
1730 2487 1794 2526 ac
1836 2471 2074 2527 carnalis

483 2560 691 2615 amoris
725 2576 894 2633 super
941 2577 1039 2617 eor
1083 2563 1205 2635 ejus
1246 2563 1487 2633 positum
1531 2573 1636 2628 est,
1670 2574 1733 2619 ut
1763 2580 1875 2619 non
1913 2579 2073 2620 reve—
2138 2566 2145 2573 ’

483 2651 672 2709 lentur
713 2656 766 2710 ei
815 2656 1172 2714 fundamenta
1213 2658 1366 2715 orbis
1405 2667 1567 2714 terrae
1613 2657 1823 2730 (rerum
1865 2659 2076 2714 scilicet

485 2743 835 2802 conditarum
865 2747 1152 2817 rationes),
1188 2763 1293 2804 nec
1319 2747 1512 2803 abillo
1549 2747 1832 2805 auferetur
1865 2747 2074 2818 absque

484 2837 771 2895 laboribus
796 2847 992 2910 sponte
1021 2841 1320 2911 assumptis
1349 2848 1515 2911 atque
1543 2840 1854 2899 extrinseco
1879 2847 2073 2911 agente

488 2928 679 2985 illatis.

558 3020 684 3076 121.
719 3021 838 3078 Νοιι
881 3030 1007 3092 post
1031 3021 1215 3093 fugam
1240 3036 1307 3077 ex
1338 3019 1573 3093 [Egypto
1607 3021 1755 3094 (post
1785 3029 2073 3092 peccatum

488 3110 702 3166 scilicet
741 3111 887 3181 quod
930 3120 1058 3167 actu
1103 3112 1499 3183 perpetratur),
1544 3126 1723 3182 neque
1762 3120 1886 3182 post
1911 3112 2078 3171 maris

489 3202 783 3257 transitum
837 3203 1125 3274 (libidinis
1172 3216 1487 3276 superatam
1522 3206 1923 3271 servitutem);
1979 3207 2075 3262 sed

2176 2030 2334 2068 νατον
2359 2015 2470 2083 γάρ
2499 2030 2621 2066 τινα
2644 2011 2739 2066 τοῦ
2767 2011 3024 2082 δευτέρου
3052 2014 3110 2066 ὲν
3132 2012 3476 2082 κατασχέσει
3499 2012 3767 2080 γενέσθαι.

2180 2107 2257 2178 μὴ
2288 2107 2485 2177 πεῖραν
2511 2105 2608 2175 τῆς
2642 2102 2738 2158 τοῦ
2766 2104 3036 2175 προτέρου
3069 2104 3310 2158 λαϐόντα
3339 2104 3705 2174 (κυφότητος,

2252 2195 2355 2269 ρκ’.
2382 2196 2532 2260 Ἕως
2567 2197 2635 2250 ἂν
2654 2197 2753 2268 τὴν
2780 2194 2876 2249 τοῦ
2901 2194 3037 2249 Θεοῦ
3064 2196 3223 2261 δόξαν
3257 2198 3769 2267 ἀνακεκαλυμμένῳ

2180 2288 2460 2362 προσώπῳ
2485 2290 2587 2343 οὒκ
2618 2289 2706 2361 ἴδη
2732 2291 2760 2342 ὁ
2787 2289 2937 2353 νοῦς,
2977 2290 3039 2343 οὐ
3085 2288 3309 2342 δύναται
3342 2291 3377 2359 ἡ
3414 2290 3571 2359 ψυχὴ
3604 2288 3767 2354 λέγειν

2179 2385 2238 2436 ὲν
2266 2381 2519 2453 αἰσθήσει
2548 2382 2720 2451 αὐτῆς
2754 2398 2767 2412 ·
2806 2380 2950 2451 Ἐγὼ
2971 2381 3039 2434 δὲ
3057 2379 3159 2441 ἐπὶ,
3176 2379 3259 2444 τῷ
3282 2382 3495 2449 Κυρίῳ
3524 2380 3768 2449 τερρθὴ-

2180 2488 2364 2543 σσμαι
2395 2489 2410 2502 ·
2451 2471 2900 2543 ἁγαλλιάσομαι
2949 2470 3052 2524 ἐπὶ
3100 2469 3183 2535 τῷ
3224 2471 3512 2538 σωτηρίῳ
3571 2470 3766 2524 αὑτοῦ.

2179 2563 2462 2632 Κάλυμμα
2492 2561 2601 2633 γὰρ
2626 2565 2804 2615 κεῖται
2832 2561 2894 2615 τὸ
2913 2561 3017 2630 τῆς
3045 2560 3338 2630 φιλαυτίας
3375 2560 3479 2613 ἐπὶ
3510 2560 3613 2631 τὴν
3646 2579 3771 2631 καρ-

2179 2654 2297 2708 δίαν
2330 2653 2524 2723 αὐτῆς,
2574 2652 2711 2723 πρὸς
2750 2652 2812 2706 τὸ
2868 2651 2945 2724 μὴ
3000 2650 3468 2721 ἁνακαλυφθῆναι
3524 2652 3667 2722 αὐτῇ
3713 2652 3769 2704 τὰ

2181 2745 2412 2818 θεμέλια
2444 2745 2546 2816 τῆς
2579 2746 2928 2817 οἰκουμένης,
2960 2745 3123 2799 ἀτινά
3158 2745 3301 2797 εἰσιν
3354 2743 3405 2796 οἱ
3461 2742 3619 2811 λόγοι
3674 2742 3773 2795 τῶν

2181 2837 2506 2907 γεγονότων,
2551 2837 2690 2908 ὅπερ
2726 2836 2785 2903 ἐξ
2824 2835 3000 2904 αὐτῆς
3047 2835 3109 2889 οὐ
3157 2835 3571 2906 περιαιρεῖται,
3626 2835 3773 2888 ἐκσυ-

2174 2928 2316 2982 ’σίων
2340 2927 2517 2982 πόνων
2549 2927 2645 2980 καὶ
2675 2925 2948 2980 ἀκουσίων
2967 2924 3157 2998 χωρίς.

2259 3038 2402 3103 ρκα’.
2479 3032 2555 3086 Οὐ
2605 3034 2746 3103 μετά
2792 3031 2891 3101 τὴν
2953 3030 3014 3095 ἐξ
3063 3028 3349 3099 Αἰγύπτου
3403 3031 3617 3101 φυγήνι
3660 3032 3772 3099 ἥτις

2182 3123 2333 3176 ἐστὶν
2382 3123 2417 3194 ἡ
2457 3119 2580 3175 κατ’
2633 3121 2919 3191 ἐνέργειαν
2974 3120 3221 3190 ἁμαρτία
3249 3135 3266 3151 ⁸
3323 3119 3451 3173 οὐδὲ
3502 3120 3645 3190 μετά
3683 3119 3771 3191 τὴν

2183 3212 2461 3284 θαλάσσης
2496 3210 2770 3274 διάϐασιν,
2813 3211 2912 3281 τῆς
2944 3211 3086 3265 κατά
3115 3210 3303 3281 σχέσιν
3326 3210 3480 3278 λέγω
3514 3212 3771 3274 δουλείας*

490 3306 611 3366 ροβε
649 3310 858 3350 moram
896 3295 955 3351 in
1005 3294 1246 3362 deserto,
1277 3312 1401 3367 quae
1449 3298 1710 3353 videlicet
1745 3298 1892 3353 inter
1920 3299 2079 3353 mali-

2191 3304 2318 3358 ἀλλά
2345 3304 2482 3373 μετά
2506 3303 2604 3375 τὴν
2630 3305 2686 3357 ἐν
2707 3303 2902 3374 ἐρήμῳ
2923 3302 3226 3374 διατριϐὴν,
3259 3301 3475 3372 μεταξὺ
3520 3305 3773 3371 κειμένην

492 3384 836 3444 tiaeellectus
864 3396 1157 3458 motusque
1198 3387 1382 3444 media
1423 3388 1762 3456 intercedat,
1795 3389 2080 3445 lsraelitici

493 3479 682 3550 populi
729 3479 951 3536 ductori
995 3495 1322 3536 concessum
1363 3482 1655 3551 explorare
1704 3489 1908 3537 terram
1947 3497 2080 3551 pro-

492 3571 719 3627 missam
743 3572 789 3604 ³⁸
822 3571 1285 3642 (tranquillissimi
1324 3572 1495 3625 animi
1536 3581 1741 3627 statum
1781 3587 1846 3627 ac
1882 3572 2082 3643 imper-

498 3660 914 3734 turbationem),
935 3661 1101 3717 missa
1131 3661 1184 3716 in
1216 3676 1339 3717 eam
1379 3678 1497 3719 rem
1544 3664 1845 3735 aspectrice
1877 3665 2082 3722 virtute

494 3767 594 3809 sua
629 3770 697 3811 ac
717 3754 911 3826 procul
943 3754 1272 3825 inspectrice
1298 3755 1364 3810 ⁸¹.

567 3845 672 3900 122
725 3846 791 3902 Hi
825 3846 919 3918 qui
949 3846 1007 3901 in
1037 3845 1261 3901 deserto
1296 3845 1510 3911 sedent,
1539 3847 1634 3918 qui
1664 3848 1876 3904 scilicet
1903 3863 1934 3903 a
1964 3862 2081 3903 ma-

496 3939 566 3995 lis
605 3941 882 4005 otiantur,
929 3939 1125 3996 auditu
1174 3941 1294 3997 solo
1332 3941 1508 3996 beatae
1552 3940 1704 3997 illius
1741 3948 1902 3997 terrae
1937 3941 2082 3997 bona

498 4037 887 4099 perceperunt.
918 4027 1023 4095 Qui
1058 4044 1190 4084 vero
1221 4029 1388 4085 etiam
1429 4029 1807 4099 exploratores
1838 4029 2081 4096 fuerunt,

497 4121 556 4176 hi
604 4121 869 4175 nimirum
914 4135 1003 4175 res
1036 4120 1193 4191 ipsas
1229 4121 1409 4177 oculis
1451 4121 1789 4191 usurpando,
1823 4121 2084 4179 subtilius

498 4213 686 4269 animo
735 4212 1160 4268 intellexerunt.
1202 4213 1270 4267 At
1303 4211 1400 4283 qui
1444 4212 1502 4267 in
1541 4226 1663 4266 eam
1711 4213 1923 4283 ingredi
1971 4228 2086 4268 me-

501 4311 757 4368 ruerunt,
789 4311 903 4357 toto
939 4317 1105 4359 sensu
1144 4317 1215 4357 ex
1250 4318 1313 4357 ea
1355 4302 1657 4358 ﬂuentibus
1693 4302 1746 4357 in
1778 4303 1939 4359 lactis
1972 4319 2088 4359 mo-

502 4413 618 4452 rem
662 4413 727 4452 ac
773 4396 953 4452 mellis
988 4395 1188 4467 (prima
1229 4397 1443 4453 scilicet
1473 4404 1530 4453 et
1563 4396 1804 4454 secunda
1843 4407 2089 4453 contem-

502 4488 764 4561 platione)
794 4487 1103 4550 rationibus
1134 4490 1361 4544 saturati
1401 4496 1531 4544 sunt
1555 4489 1622 4542 ".

570 4665 733 4737 655
780 4666 906 4721 12⁸5.
941 4665 1195 4721 Nondum
1236 4681 1360 4722 cum
1396 4666 1618 4722 Christo
1649 4665 1947 4723 cruciﬁxus
1981 4674 2088 4731 est,

503 4758 599 4828 qui
626 4758 908 4815 naturales
932 4759 1116 4814 carnis
1144 4758 1327 4815 adhuc
1357 4767 1541 4815 motus
1576 4759 1746 4815 habet
1777 4777 1790 4813 :
1822 4774 1926 4814 nec
1966 4774 2093 4814 cum

507 4851 600 4907 illo
625 4850 874 4920 sepultus
899 4859 1003 4917 est,
1030 4852 1122 4922 qui
1152 4852 1319 4907 animi
1349 4851 1627 4908 desideria
1667 4867 1731 4908 ac
1761 4850 2094 4922 cupiditates

2179 3397 2573 3466 ἐνεργημάτων
2624 3395 2720 3450 καὶ
2748 3395 3071 3466 κινημάτων
3114 3395 3334 3458 κακίας,
3400 3394 3507 3447 τοῦ
3569 3393 3774 3465 Ἰσραὴλ

2178 3491 2207 3542 ὁ
2250 3486 2582 3559 δημαγωγὸς
2621 3486 2689 3557 (ε)
2729 3489 3102 3542 κατασκοπεῖν
3139 3487 3372 3541 δύναται
3406 3487 3518 3555 τὴν
3551 3487 3657 3556 γῆν
3684 3486 3774 3554 τῆς

2180 3574 2538 3644 ἐπαγγελίας,
2605 3575 2730 3646 ἥτις
2784 3573 2936 3628 ἐστὶν
2982 3577 3016 3646 ἡ
3074 3573 3342 3640 ἀπάθεια,
3394 3573 3502 3643 τὴν
3550 3574 3775 3642 ὀπτικὴ-δ

2181 3661 2530 3717 ἀποστέλλων
2561 3662 2656 3716 καὶ
2676 3660 2982 3732 ὲποπτικὴν
3008 3660 3174 3715 αὐτοῦ
3199 3660 3458 3731 δύναμιν.

2257 3847 2397 3926 ρκξὶθ.
2438 3854 2502 3907 Oi
2535 3853 2634 3924 μὲν
2668 3853 2727 3905 ἐν
2767 3855 2834 3924 τῇ
2880 3852 3077 3924 ἐρήμῳ
3114 3850 3445 3920 καθήμενοι,
3473 3850 3777 3912 τουτέστιν,

2184 3944 2244 3997 ἐν
2290 3944 2357 4013 τῇ
2410 3941 2518 3997 τῶν
2573 3940 2762 3995 κακῶν
2813 3939 3208 4010 ἁνενεργησέα,
3273 3940 3414 4010 ἀκυῇ
3450 3940 3625 4009 ”μόνη
3684 3939 3777 4005 τῆς

2187 4032 2466 4106 μακαρίας
2496 4032 2711 4103 ἐκείνης
2748 4034 2853 4102 γῆς
2900 4033 2973 4084 τά
3020 4031 3339 4100 ἀγαθὼ...
3392 4033 3442 4083 ot
3495 4032 3558 4085 δὲ
3606 4032 3677 4084 τά
3727 4034 3779 4083 ὲν

2185 4123 2374 4196 ἐκείνῃ
2408 4124 2959 4193 κατασκοπήσαντες,
2987 4124 3045 4175 ἐν
3085 4123 3338 4194 περινοίᾳ
3379 4123 3635 4191 δηλονότι
3684 4124 3779 4193 (ξυ-

2183 4216 2287 4288 χῆς
2322 4215 2431 4269 τῶν
2481 4215 2774 4286 ὁρωμένων
2804 4215 3041 4287 θεωρίας
3093 4214 3377 4284 γεγόνασι.
3426 4217 3495 4269 Οἱ
3549 4217 3609 4269 δὲ
3646 4232 3778 4269 κατ-

2188 4303 2514 4371 αξιωθέντες
2572 4305 2630 4357 ὲν
2682 4304 2821 4375 αὐτῇ
2902 4303 3197 4366 εἰσελθεῖν,
3257 4304 3357 4376 ὅλῃ
3408 4308 3479 4376 τῇ
3534 4306 3778 4377 αἰσθήσει

2186 4394 2298 4449 τῶν
2344 4392 2405 4459 ἐξ
2441 4393 2613 4462 αὐτῆς
2653 4393 3040 4465 ἀπορρεόντων
3073 4393 3148 4457 ὡς
3188 4394 3333 4462 γάλα
3368 4396 3480 4449 καΥ
3508 4397 3657 4465 μέλι,
3688 4396 3778 4462 τῆς

2189 4485 2415 4556 πρώτης
2464 4485 2610 4555 φημὶ
2656 4485 2752 4537 καὶ
2820 4485 3088 4557 δευτέρας
3145 4484 3384 4556 θεωρίας
3448 4486 3555 4557 (ε),
3613 4488 3779 4552 λόγων

2115 4601 2167 4662 D
2192 4576 2616 4649 ἐνεφορήθησαν.

2262 4676 2402 4742 ρκγ’.
2450 4668 2618 4723 Οὔπω
2648 4668 3067 4740 συνεσταυρώθη
3096 4668 3346 4741 Χριστῷ,
3377 4672 3409 4724 ὀ
3430 4670 3517 4724 ἔτι
3549 4669 3771 4739 φυσικὰς

2192 4757 2438 4829 κινήσεις
2475 4754 2616 4826 ἔχων
2667 4757 2905 4827 σαρκός·
2950 4757 3076 4810 οὐδὲ
3115 4759 3427 4830 συνετάφη,
3478 4763 3513 4814 6
3540 4762 3769 4829 ψυχικάς

2192 4848 2528 4923 ἑνθυμήσεις
2572 4849 2968 4920 ἐπισυρόμενος
2989 4867 3001 4881 ο
3039 4849 3158 4913 πῶς
3188 4845 3286 4904 οὖν
3322 4855 3649 4921 συναναστῇ

580 5014 627 5048 ’⁵
656 5013 799 5068 Psal.
826 5030 977 5080 xvni,
998 5013 1085 5068 11.
1162 5016 1207 5046 ’⁵
1228 5012 1369 5067 Psal.
1390 5026 1569 5071 LXXVI,
1597 5010 1650 5063 6.
1730 5008 1774 5039 ’⁸
1791 5008 1972 5080 Eccle.
1991 5024 2079 5072 vn,

2268 5008 2312 5080 ΐτ
2340 5007 2386 5080 ll
2403 5006 2532 5080 Cor.
2560 5022 2615 5060 ιιι
2646 5005 2732 5080 l_8.
2811 5005 2857 5039 "
2873 5005 3015 5062 Psal.
3038 5023 3148 5072 cm,
3168 5006 3257 5061 54.
3335 5009 3387 5041 ’ν
3410 5010 3562 5065 PsaL
3587 5028 3661 5076 ιι,
3694 5009 3769 5065 16.

518 5085 563 5119 ³⁸
596 5086 756 5141 Deut.
795 5101 853 5148 ιι,
880 5076 972 5151 ἓϐέ
997 5085 1163 5139 Josue
1186 5099 1243 5150 ιι,
1275 5083 1326 5136 1.
1405 5082 1612 5135 “Deut.
1652 5094 1796 5143 χχιιι,
1825 5076 1890 5143 2;
1928 5094 2079 5133 mm

2267 5079 2312 5111 "
2346 5077 2523 5131 Exod.
2555 5092 2635 5139 ιιι,
2671 5076 2723 5131 8.

582 5241 806 5314 (ἢτοῦ
842 5239 1093 5314 Ἰσραὴλ
1141 5244 1174 5314 g5
1213 5239 1586 5314 δημαγωγός.
1640 5240 1839 5314 Jo_sr_1_e_
1856 5239 2094 5314 scilicet.

511 5309 605 5386 qui
632 5309 714 5368 sic
734 5311 882 5386 Δ(Ιιιοει
906 5309 1078 5374 viros,
1106 5311 1230 5386 sive
1259 5320 1319 5365 ut
1364 5311 1573 5386 habent
1613 5313 1662 5364 οί
1698 5309 1865 5386 LXX,
1909 5312 2098 5386 νεανίτ

514 5377 701 5445 σκὸυς,
724 5383 961 5451 iuvenes,
998 5382 1344 5451 exploratum
1375 5381 1550 5443 misit,
1584 5379 1733 5451 omni
1755 5381 1867 5451 jam
1893 5379 2099 5436 deserti

514 5450 777 5524 superato
813 5452 1043 5524 itinere.
1061 5450 1299 5524 Exponit
1331 5460 1523 5524 autem
1574 5450 1855 5524 Maximus
1880 5451 2089 5524 allego-

516 5518 663 5585 rice,
714 5523 814 5592 τὴν
863 5520 1094 5593 ὀπτικὴν
1122 5518 1218 5593 καὶ
1272 5520 1572 5593 ἐποωικὴν
1611 5518 1778 5593 αὑτοῦ
1834 5518 2084 5593 δύναμιν·

516 5589 894 5662 εεηιεηάὶὐὶηι
922 5599 972 5662 et
1018 5589 1348 5662 inspiciendi,
1381 5604 1605 5644 sensum
1649 5589 2091 5662 scilicetuet'in-

520 5661 839 5728 tellectum;
882 5660 937 5715 id
969 5671 1055 5716 est
1104 5659 1370 5723 mentem,
1403 5675 1526 5729 qua:
1566 5667 1652 5714 est
1694 5660 1779 5715 vis
1826 5659 1937 5713 .illa
1987 5661 2090 5713 ἑπε-

519 5730 742 5800 οπτικὴ.
772 5747 880 5800 qua
904 5732 1035 5785 licet
1056 5731 1328 5799 tantisper
1360 5731 1476 5800 ipsa
1512 5729 1699 5800 divina
1724 5730 2018 5799 inspicere,
2041 5740 2098 5786 et

521 5797 926 5867 παρακύπτειν,
950 5801 1108 5869 quasi
1145 5816 1176 5854 ιι
1210 5797 1567 5869 Ιὸιιεθίιιὴᾱο
1622 5797 1940 5855 inclinando
1966 5817 2097 5869 pro-

523 5869 741 5937 spicere
761 5876 789 5921 :'
809 5884 930 5938 quae
953 5869 1079 5924 vita:
1090 5870 1257 5941 hujus
1268 5884 1480 5925 summa
1494 5875 1681 5925 nostra
1698 5870 1962 5940 perfectio
1987 5881 2091 5926 est.

2195 5236 2272 5309 De
2296 5236 2465 5309 Mose,
2483 5237 2579 5309 qui
2600 5240 2735 5294 velit
2763 5234 3150 5305 accipere.qui
3174 5243 3229 5289 et
3252 5235 3376 5309 ipse
3398 5240 3776 5309 speculatum

2195 5307 2367 5381 misit.
2392 5315 2449 5362 et
2468 5323 2498 5361 a
2524 5307 2686 5381 longe
2718 5311 2889 5365 etiam
2918 5315 3123 5381 terram
3153 5306 3392 5375 aspexit,
3431 5306 3776 5364 mansimu-

2198 5378 2278 5433 illi
2322 5378 2436 5432 Deo
2462 5393 2492 5431 e
2528 5376 2735 5435 monte.
2769 5393 2898 5434 cum
2930 5376 3236 5431 moriturus
3263 5386 3442 5442 esset,
3487 5396 3605 5435 nec
3641 5381 3723 5434 hic
3750 5396 3773 5431 ι

2196 5446 2415 5503 Maximi
2455 5463 2625 5517 scopo
2664 5448 2899 5503 abierit:
2926 5462 3053 5501 nam
3087 5455 3142 5501 et
3170 5446 3290 5501 haec
3308 5448 3587 5503 ἐποπτεία
3624 5452 3775 5507 sit.et

2194 5518 2766 5643 guaﬂadmortalibus
2793 5532 3059 5573 concessa
3082 5517 3177 5571 Dei
3200 5517 3403 5572 notitia
3453 5535 3520 5574 ac
3555 5533 3775 5589 spent:

2234 5604 2296 5642 ea
2325 5606 2339 5641 ι
2370 5605 2401 5641 ιι
2450 5603 2574 5643 mis.

2234 5588 2574 5643 eatitudinis.

2268 5656 2356 5740 (ι)
2393 5656 2508 5725 Τῆς
2537 5657 2903 5740 πρώτηςῃςιαί
2935 5655 3209 5740 aufem
3248 5660 3523 5725 θεωρίας.
3561 5659 3775 5740 videtur

2202 5726 2436 5799 primam
2460 5726 2986 5799 contemplationem
3016 5726 3207 5799 dicere
3228 5767 3243 5791 ,
3269 5744 3397 5797 qua:
3453 5731 3620 5799 quasi
3662 5744 3773 5797 spe-

2202 5796 2513 5868 culatorum
2544 5812 2610 5851 ac
2639 5796 2801 5868 fugax
2824 5806 2940 5862 est;
2988 5796 3312 5868 secundam,
3363 5796 3495 5868 qua:
3516 5802 3641 5868 ipsa
3676 5796 3774 5852 Sta-

2204 5868 2352 5934 hilis,
2380 5867 2532 5922 velut
2553 5867 2960 5937 possidentium
3000 5868 3115 5939 jam
3134 5867 3353 5925 beatam
3374 5867 3527 5925 illam
3543 5867 3771 5925 terran-
