3922 6348
271 349 409 414 1429

1431 348 1609 408 ALIA
1651 347 1754 406 EX
1791 347 2028 408 VATlC.
2070 347 2356 405 CAPITA.

3387 345 3528 414 1430

264 462 344 534 τῷ
373 464 401 516 ὁ
433 455 770 523 τοιοῦτος,έν
795 457 1072 527 καινότητι
1104 455 1252 526 ζωῆς
1292 454 1716 510 πολιτεύσασθαι
1738 455 1840 528 (ιι).

1970 453 2140 509 rabit.
2171 452 2275 520 Qui
2306 467 2437 524 ergo
2479 452 2590 517 liat,
2621 462 2679 507 ut
2707 452 2800 507 hic
2837 453 2964 508 talis
2991 467 3116 508 cum
3159 469 3230 509 eo
3262 467 3529 528 resurgat;

341 637 472 708 ρκδ¹.
511 636 694 708 Τριῶν
742 635 916 690 οὑσῶν
962 637 1060 706 τῆς
1107 633 1286 704 ψυχῆς
1336 634 1848 705 περιεκτικωτέρων
1928 630 1936 637 ’

265 728 473 801 ἀρετῶν
501 731 597 800 (υ),
629 727 903 799 νηστείας,
933 726 1100 796 εὐχῆς
1142 742 1200 777 τε
1235 724 1332 778 καὶ
1385 727 1620 795 σιωπῆς,
1674 727 1847 793 ἀναγ-

263 823 418 876 καῖον
444 820 536 874 τὸν
579 820 678 891 μὲν
736 817 797 885 ἐξ
833 819 999 888 εὐχῆς
1051 816 1278 870 λύεσθαι
1329 815 1614 885 μέλλοντα,
1647 817 1727 880 εἰς
1752 815 1850 886 τὴν

264 912 504 984 θεωρίαν
566 909 1050 964 ὲπαναπαὺεσθαιο
1111 909 1206 961 τὸν
1254 907 1312 961 δὲ
1376 909 1442 959 ὲκ
1505 908 1740 977 σιωπῆς,
1773 910 1851 971 είς

269 1003 469 1074 ἠθικὴν
499 1001 738 1072 ὁμιλίαν,
768 1003 848 1064 είς
878 999 1142 1070 δευτέραν
1171 996 1266 1050 καὶ
1294 998 1704 1070 κεχαρισμένην
1727 1015 1852 1070 τρο-

266 1095 375 1165 φὴν
397 1095 491 1146 τὸν
529 1092 884 1164 νηστεύοντα.

340 1182 471 1255 ρκε⁹.
527 1182 618 1235 Ἐν
650 1185 762 1244 τοῖς
791 1181 1014 1246 οἰκείοις
1043 1181 1148 1246 ἕως
1175 1182 1414 1252 ὑπάρχει
1446 1183 1474 1234 ὁ
1503 1179 1648 1246 νοῦς,
1683 1177 1850 1243 σώζει

264 1274 326 1328 τὸ
358 1273 482 1327 καθ’
515 1274 798 1344 ὁμοίωσιν,
836 1272 1044 1341 ἀγαθός
1081 1290 1143 1326 τε
1195 1273 1292 1326 καὶ
1349 1273 1643 1343 συμπαθὴς
1698 1271 1851 1342 εὑρι-

267 1367 556 1436 σκόμενος.
603 1367 689 1419 Ἐν
720 1367 776 1418 δὲ
807 1367 918 1429 τοῖς
945 1365 1066 1418 κατ’
1103 1363 1360 1432 αἴσθησιν
1383 1362 1640 1433 γεγονὼς,
1680 1365 1728 1416 εἰ
1753 1363 1852 1433 μὲν

265 1451 507 1523 εὐχερῶς
541 1452 634 1505 καὶ
665 1451 794 1524 [μὴ]
821 1453 1209 1523 προσηκόντως
1236 1452 1313 1524 (ω)
1349 1452 1699 1522 κατέρχεται,
1736 1453 1852 1504 πεῖ-

267 1559 369 1615 ραν
410 1543 585 1606 διδοὺς
636 1545 730 1597 καὶ
779 1543 1100 1614 λαμϐάνων,
1161 1544 1220 1599 ἐν
1261 1544 1494 1607 ἐκείνοις
1537 1542 1848 1614 εὑρωστῶν,

266 1631 424 1700 αὖθις
454 1653 512 1689 τε
547 1637 686 1707 πρὸς
715 1637 908 1690 ἑαυτὸν
936 1637 1322 1709 ἐπανέρχεται,
1364 1639 1494 1710 περὶ
1527 1638 1618 1692 τὸν
1661 1638 1851 1710 καιρὸν

267 1730 363 1782 καὶ
396 1730 496 1800 τὴν
527 1731 740 1800 χρείαν,
771 1729 846 1793 ὥς
872 1747 956 1794 τις
978 1731 1286 1803 στρατηγὸς
1328 1731 1733 1802 ἀπερίσκεπτος
1765 1731 1854 1783 εὑ-

268 1797 586 1892 ρεθήσεται,
618 1821 680 1874 τὺ
713 1822 847 1875 πολὺ
884 1797 1060 1878 αὑτοῦ.
1091 1797 1531 1894 ὑποτεμνόμενος
1555 1822 1656 1891 τῆς
1692 1821 1852 1874 δυνά·
1886 1797 1927 1856 Β

274 1929 419 1983 μεως
448 1913 508 1966 ὲν
541 1913 620 1981 τῷ
652 1913 949 1984 μάχεσθαι.
983 1914 1134 1986 Πλὴν
1171 1916 1232 1968 οὑ
1264 1915 1467 1978 πάντες
1511 1913 1722 1968 ἐκείνου
1763 1914 1853 1965 ὲκ-

266 2004 360 2068 τδς
421 2005 836 2077 εὑρεθήσονται,
877 2008 992 2061 ὅσοι
1041 2008 1197 2072 ἐντὸς
1230 2006 1326 2061 τοῦ
1373 2005 1852 2078 ἐμπεριεχομένου

267 2097 523 2169 γενέσθαι
549 2099 649 2152 οὑκ
682 2099 804 2170 ῖσχυ
813 2115 934 2156 σαν.

347 2361 492 2435 ρκς’.
545 2363 605 2416 Ὀ
651 2363 750 2434 μὲν
806 2361 1064 2434 αἰσθητὸς
1108 2361 1280 2434 ἣλιος,
1324 2362 1482 2428 ξένας
1511 2360 1612 2426 τὰς
1652 2358 1852 2417 ἑαυτοῦ

271 2458 500 2521 ἀκτῖνας
557 2456 616 2523 ἐξ
651 2457 829 2521 οἰκίας
861 2455 1262 2528 κεκλεισμένης
1293 2455 1620 2524 καθίστησι⁶
1657 2458 1758 2509 οὑκ
1787 2454 1854 2510 ἂν

271 2549 328 2604 δὲ
358 2549 457 2613 τὰς
483 2550 691 2614 οίκείας
723 2552 751 2604 ὁ
774 2549 968 2621 νοητὸς
991 2549 1292 2621 ὲπαφήσει,
1315 2551 1384 2621 τῇ
1411 2549 1487 2620 μὴ
1529 2547 1853 2619 κεκλεισμέ-

271 2660 371 2706 νας
403 2642 602 2714 ὲχούσῃ
635 2643 735 2706 τὰς
761 2642 1042 2714 αἰσθήσεις
1065 2642 1174 2696 ἀπὸ
1194 2641 1304 2696 τῶν
1331 2638 1623 2713 ὁρωμένων
1644 2639 1813 2709 ψυχῇ.
1841 2642 1855 2707 1

348 2823 485 2894 ρκζ’.
522 2822 828 2885 Γνωστικός
864 2822 1036 2886 ἐστιν,
1069 2821 1097 2874 ὁ
1123 2819 1223 2884 τὰς
1264 2819 1364 2890 μὲν
1395 2817 1727 2880 καταϐάσεις
1757 2816 1854 2870 αὑ-

274 2914 369 2969 τοῦ
398 2915 849 2987 μεγαλοπρεπῶς
907 2913 1368 2986 ταπεινοπρεπῶς
1416 2912 1474 2966 δὲ
1524 2912 1624 2982 τῆς
1675 2909 1856 2981 ψυχῆς

275 3008 374 3073 τὰς
403 3009 701 3072 ἀναϐάσεις
738 3006 1138 3077 διατιθέμενος.

347 3105 490 3171 ρκη’.
529 3099 775 3153 Μέλιττα
818 3099 916 3169 μὲν
953 3096 1198 3168 λειμῶνα
1262 3094 1680 3167 περινοστοῦσα,
1711 3093 1857 3148 ἐκεῖ·
1881 3132 1927 3193 C

275 3191 367 3244 θεν
395 3192 476 3262 τῷ
524 3193 703 3262 μέλιτι
751 3191 852 3255 τὰς
900 3189 1184 3261 ἀφορμὰς.
1211 3189 1674 3261 προσπορίξεταν
1703 3186 1852 3258 ψυχὴ

273 3285 332 3338 δὲ
371 3285 452 3348 είς
504 3284 706 3349 αἰῶνας
739 3283 1178 3356 περισκοποῢσα,
1218 3283 1468 3338 ποικίλον
1502 3281 1732 3337 αὑτόθεν
1757 3281 1850 3334 τὸν

273 3377 593 3447 γλυκασμὸν
625 3378 691 3448 τῇ
717 3376 924 3447 διανοίᾳ
953 3376 1183 3447 ἐνίησιν.

349 3469 487 3541 ρκθν.
540 3470 604 3521 Ἢ
657 3465 986 3538 ἐμφαγοῦσαι
1045 3467 1147 3538 μὲν
1193 3467 1391 3537 ἔλαφος
1446 3467 1622 3536 ὄφεις,
1651 3465 1729 3519 ίδν
1760 3463 1855 3518 τοῦ

277 3566 492 3627 σϐέσαι,
525 3565 663 3637 πρὸς
692 3565 902 3620 ὑδάτων
931 3565 1117 3636 τρέχει
1146 3565 1330 3636 πηγάς
1353 3581 1365 3593 ·
1395 3564 1544 3635 ψυχὴ
1590 3563 1647 3616 δὲ
1692 3564 1725 3632 ή
1761 3560 1850 3632 βέο

276 3654 393 3708 λεσι
421 3655 588 3719 θείοις
612 3655 908 3727 τρωθεῖσα,
945 3655 1224 3709 ἄπαυστον
1257 3655 1406 3708 ἕλκει
1434 3655 1526 3708 τὸν
1545 3653 1855 3725 -τρώσαντα

279 3747 458 3817 ἔρωτα
467 3789 478 3802 .
773 3757 780 3764 ’

351 3839 448 3910 ρλ’.
483 3840 646 3893 Ψιλοὶ
686 3840 786 3909 μὲν
835 3837 1086 3907 λογισμοὶ
1140 3840 1207 3908 τῇ
1265 3837 1524 3907 μοναδικῇ
1577 3836 1688 3906 ζωῇ
1730 3835 1852 3887 ἑπι-

277 3931 540 4002 φύονταιο
593 3931 942 4002 ὲπιλογισμοὶ
972 3929 1029 3982 δὲ
1067 3932 1134 4001 τῇ
1173 3929 1433 4002 δυαδικῇο
1465 3931 1533 4000 τῇ
1579 3928 1636 3981 δὲ
1684 3926 1854 3980 πολυ-

350 4088 396 4122 ³³
427 4088 587 4144 Rom.
617 4104 692 4152 vr,
725 4089 778 4142 4.
855 4087 903 4120 ³⁵
934 4087 1075 4142 Psal.
1111 4102 1214 4151 xu,
1252 4085 1306 4139 2.

353 4236 432 4356 (ιι)
470 4236 574 4288 Ἑν
605 4233 909 4298 καινότητι
939 4230 1088 4298 ζωῆς
1120 4228 1616 4284 πολιτεύσασθαι.
1645 4226 1852 4279 Posuc-

353 4305 404 4356 ib
430 4305 647 4356 aximus
669 4305 812 4356 hanc
845 4317 1061 4356 vocem.
1097 4309 1157 4354 ut
1186 4305 1554 4356 exponentem
1590 4311 1852 4356 eam,qua

279 4307 354 4360 rit
377 4305 647 4359 Maximus
669 4305 812 4357 hanc
845 4317 1074 4377 vocem,
1097 4309 1157 4354 ut
1186 4305 1854 4377 exponentem_eam,qua

279 4377 486 4431 Paulus
512 4390 648 4429 usus
671 4381 775 4437 est,
805 4372 1296 4442 περιπατήσωμεν,
1333 4383 1500 4437 quam
1524 4375 1582 4421 et
1607 4372 1852 4442 expressi

1953 553 2015 600 ut
2044 545 2098 599 in
2133 544 2377 600 novitate
2411 545 2535 598 vitae
2567 545 2811 599 ambulet
2835 544 2913 598 "‘i

2024 635 2147 690 124.
2183 635 2319 690 Cum
2370 643 2480 690 tres
2529 635 2697 689 animi
2730 635 2838 689 sint
2876 635 3247 706 generaliores
3279 636 3529 703 virtutes,

1946 724 2218 796 jejunium
2243 733 2297 779 et
2322 724 2500 779 oratio
2525 740 2599 779 ac
2620 725 2937 790 silentium;
2972 739 3196 780 necesse
3225 734 3329 791 est,
3356 735 3416 781 ut
3439 729 3530 798 qui

1950 831 2018 871 ex
2052 816 2304 871 oratione
2337 816 2619 871 soluturus
2650 825 2755 882 est,
2786 817 2842 870 in
2878 807 3398 887 Contemplationem
3435 819 3532 873 de-

1952 907 2097 964 sinat
2127 925 2140 962 :
2173 907 2269 978 qui
2301 923 2367 963 ex
2397 907 2638 973 silentio,
2667 908 2723 962 in
2764 923 2979 962 morum
3021 908 3442 974 tabulationem;
3479 910 3532 964 in

1952 1002 2188 1057 alterum
2239 1016 2374 1056 vero
2435 1015 2499 1055 ac
2564 1016 2887 1057 concessum
2945 1001 3170 1066 cibum,
3221 1003 3268 1057 is
3313 1003 3408 1072 qui
3454 1003 3536 1072 je-

1947 1092 2126 1162 junat.

2025 1183 2150 1238 125.
2182 1182 2434 1250 Quandiu
2470 1185 2687 1238 animus
2716 1183 2771 1237 in
2797 1184 2913 1239 suis
2939 1192 3215 1251 versatur,
3247 1184 3354 1238 hoc
3387 1185 3532 1254 quod

1951 1284 2038 1332 est
2065 1277 2133 1330 ad
2159 1277 2581 1331 similitudinem
2625 1284 2835 1338 servat,
2881 1277 2976 1346 qui
3007 1277 3188 1332 bonus
3221 1279 3450 1332 exsistat
3481 1288 3536 1333 et

1953 1367 2292 1422 misericors.
2326 1368 2463 1421 Dum
2498 1376 2681 1422 autem
2721 1369 2775 1422 in
2802 1369 2870 1424 iis
2903 1383 3026 1439 quae
3057 1369 3124 1423 ad
3157 1385 3376 1424 sensum
3409 1383 3534 1439 Spe-

1953 1468 2125 1525 ctant,
2156 1459 2429 1530 siquidem
2481 1468 2687 1514 temere
2734 1459 2953 1530 levique
3002 1476 3071 1515 ex
3109 1475 3293 1524 causa,
3325 1469 3381 1516 ct
3424 1477 3534 1515 non

1953 1567 2054 1624 pro
2094 1567 2162 1607 eo
2200 1567 2265 1607 ac
2305 1551 2465 1607 decet
2512 1550 2787 1622 oliiciique
2832 1553 2974 1607 ratio
3012 1554 3276 1622 postulat,
3309 1554 3535 1608 descen-

1953 1645 2056 1710 dit,
2084 1644 2222 1699 dans
2250 1644 2691 1714 experimentum
2719 1650 2775 1697 et
2801 1659 3044 1707 sumens,
3071 1643 3125 1697 in
3150 1644 3257 1698 illis
3279 1645 3536 1700 robustus

1954 1751 2018 1790 ac
2051 1735 2264 1805 vigens,
2299 1733 2367 1789 ad
2411 1750 2579 1804 seque
2617 1749 2810 1789 rursus
2846 1735 3169 1800 revertitur;
3215 1749 3338 1788 cum
3378 1751 3537 1790 oeca-

1954 1825 2037 1881 sio
2063 1840 2127 1879 ac
2148 1823 2450 1879 necessitas
2480 1823 2686 1888 tulerit,
2715 1824 2866 1878 velut
2892 1822 3001 1877 dux
3040 1824 3261 1893 quidem
3298 1824 3538 1879 inconsi-

1954 1917 2179 1973 deratus
2229 1932 2334 1972 nec
2389 1916 2524 1971 satis
2579 1915 2825 1987 prudens
2877 1915 3181 1982 exstiterit,
3236 1917 3331 1986 qui
3374 1916 3536 1987 longe

1955 2022 2204 2078 magnam
2244 2007 2331 2062 sui
2354 2007 2631 2062 exercitus
2671 2013 2886 2077 partem
2915 2007 3212 2078 pugnando
3249 2006 3400 2078 [ante
3431 2024 3536 2078 pu-

1955 2096 2141 2171 gnam]
2181 2097 2451 2154 amiserit.
2489 2097 2762 2153 Caeterum
2794 2112 2903 2152 non
2950 2112 3141 2154 omnes
3173 2098 3242 2152 ab
3280 2098 3384 2153 hac
3431 2099 3535 2153 im-

1955 2206 2153 2246 munes
2190 2204 2333 2245 noxa
2374 2189 2745 2256 invenientur,
2782 2199 3052 2260 quotquot
3087 2191 3349 2244 nimirum
3392 2191 3536 2247 intra

1954 2283 2272 2355 pmsidium
2301 2299 2360 2340 se
2386 2283 2673 2339 continere
2703 2297 2813 2337 non
2839 2290 3160 2352 potuerunt.

2027 2363 2151 2430 126.
2193 2373 2285 2429 Sol
2316 2375 2420 2429 iste
2451 2371 2636 2429 sensui
2670 2373 2970 2444 expositus,
3004 2373 3280 2428 occlusam
3308 2374 3534 2430 domum

1955 2465 2236 2521 radiorum
2267 2479 2492 2519 suorum
2523 2464 2648 2519 luce
2671 2479 2780 2518 non
2809 2461 3046 2518 all'undit
3071 2481 3084 2517 :
3117 2472 3174 2518 at
3204 2480 3336 2521 vero
3374 2467 3538 2536 spiri—

1955 2555 2080 2610 talis
2124 2555 2240 2619 ille,
2281 2553 2428 2608 haud
2465 2553 2706 2625 fulgores
2737 2569 2866 2609 suos
2893 2553 2948 2608 in
2972 2554 3215 2609 animum
3253 2557 3533 2622 immittat,

1955 2646 2090 2718 quin
2124 2646 2290 2701 rebus
2321 2646 2377 2701 in
2403 2652 2686 2716 aspectum
2710 2644 3035 2701 cadentibus
3063 2646 3313 2701 occlusos
3341 2661 3538 2702 sensus

1955 2739 2235 2794 habuerit.

2027 2831 2150 2886 127.
2183 2829 2280 2889 Vir
2315 2828 2583 2900 spiritalis
2620 2840 2678 2886 et
2714 2829 2933 2900 sapiens
2971 2836 3076 2895 est,
3105 2829 3198 2900 qui
3238 2830 3540 2886 descensus

1956 2937 2088 2978 suos
2130 2921 2447 2993 magniﬁce;
2489 2920 2657 2975 animi
2696 2936 2830 2977 vero
2868 2936 3131 2978 ascensus
3176 2921 3370 2976 humili
3415 2937 3534 2977 mo-

1957 3014 2224 3084 desteque
2255 3029 2418 3069 sensu
2447 3011 2709 3082 disponit.

2028 3105 2150 3159 128.
2190 3104 2324 3174 Apis
2369 3112 2587 3174 pratum
2635 3104 2900 3159 oberrans
2951 3119 3016 3159 ac
3065 3105 3337 3170 lustrans,
3384 3104 3532 3159 melli

1956 3197 2278 3256 fabricando
2316 3196 2600 3250 materiam
2637 3195 2887 3267 congerit
2925 3213 2939 3250 :
2977 3196 3303 3267 animusque
3344 3198 3536 3253 sedulo

1957 3287 2156 3344 saecula
2188 3285 2569 3352 considerans,
2607 3286 2813 3341 variam
2843 3285 2971 3341 inde
2994 3285 3340 3343 dulcedinem
3367 3271 3535 3344 menti

1962 3381 2158 3452 injicit.

2034 3470 2156 3525 l29.
2209 3467 2420 3534 Cervus
2478 3469 2660 3526 exesis
2712 3468 3092 3540 serpentibus,
3149 3477 3212 3524 ut
3262 3486 3535 3525 venenum

1961 3563 2292 3631 exstinguat,
2337 3560 2406 3616 ad
2455 3560 2636 3616 fontes
2683 3576 2959 3630 aquarum
2985 3559 3158 3617 currit
3193 3560 3239 3592 ³⁴
3275 3579 3287 3613 :
3322 3561 3539 3615 animus

1959 3670 2094 3710 vero
2127 3654 2329 3708 divinis
2357 3653 2576 3708 saucius
2613 3652 2828 3724 jaculis,
2868 3650 3230 3706 immortalem
3276 3651 3541 3706 adversus

1958 3746 2341 3799 vulnerantem
2373 3759 2614 3798 amorem
2648 3744 2833 3798 trahit.

2036 3833 2156 3888 150.
2207 3832 2379 3888 Nudae
2437 3832 2826 3901 simplicesque
2879 3833 3242 3903 cogitationes
3294 3835 3539 3903 proclive

1960 3931 2315 3980 succrescunt
2358 3923 2486 3978 vita:
2536 3921 2795 3977 solitaria:
2823 3937 2838 3976 :
2869 3921 2922 3976 ei
2963 3936 3095 3977 vero
3138 3937 3260 3992 qua:
3301 3923 3539 3978 duorum
3605 3907 3614 3916 ’

1968 4223 2166 4298 merito
2204 4221 2385 4298 Marco
2418 4219 2820 4298 Tdiciturncap.
2861 4219 2987 4282 211,
3044 4217 3271 4298 δευτέρα
3321 4235 3540 4289 κεχαρι-

1963 4294 2138 4362 σμένη
2189 4291 2389 4364 τροφή,
2418 4291 2578 4364 cibus
2635 4288 2715 4364 sit
2766 4288 2821 4342 in
2873 4288 3134 4364 secundis
3201 4288 3534 4364 concessus;

1961 4359 2161 4432 nempe
2189 4359 2527 4432 corporalis,
2552 4374 2655 4432 pro
2695 4359 2847 4432 iusta
2883 4359 3135 4432 corporis
3185 4359 3535 4426 necessitate,

281 4428 644 4500 iii—VveirSione.
677 4428 774 4498 Sic
815 4428 1623 4510 enimambulare,couversari
1651 4428 1758 4498 est,
1779 4443 1860 4489 ta-
1893 4455 1934 4508 ι)
1965 4428 2587 4510 ejusqueiuduigentia,
2629 4429 2728 4510 Ι)ρί
2753 4444 2987 4510 munere
3020 4428 3273 4510 donatus.

281 4517 539 4586 libusque
580 4513 894 4586 rationibus
925 4527 988 4586 ac
1013 4509 1305 4586 disciplina
1327 4509 1494 4586 vitam
1528 4521 1855 4575 componere

278 4597 336 4642 et
373 4579 615 4655 exigere.
665 4583 891 4653 Legisse
928 4581 1225 4636 Maximum
1257 4579 1686 4647 πολιτεύσωμεν,
1748 4591 1860 4630 non

279 4657 458 4712 ausim
493 4669 763 4710 asserere.

353 4724 429 4798 (v)
460 4723 1001 4798 Περιεκτικωτέρωγ
1030 4718 1277 4787 ἀρετῶν.
1305 4718 1395 4774 Sic
1429 4726 1486 4772 et
1523 4717 1738 4771 Marcus
1767 4731 1863 4798 ge-

280 4787 500 4852 nerales
527 4787 763 4848 virtutes
794 4787 955 4848 vocat
983 4810 994 4845 ε
1027 4799 1299 4860 prazcepta
1327 4804 1549 4858 quoque
1582 4787 1862 4860 generalia

280 4878 336 4922 et
362 4865 742 4936 particularia,
769 4880 890 4936 cap.
924 4863 995 4917 25
1011 4857 1104 4936 __De
1121 4857 1612 4936 Ῑιιειὶ-ιὶαεεις-ορει·Ζ
1643 4857 1864 4936 ἐντολὴν

281 4927 638 5007 περιεκτικὴν
671 4927 852 4998 dicit;
873 4950 979 5004 qua
1010 4927 1158 5007 Deus
1183 4930 1344 5007 jubet
1381 4927 1865 5007 πᾶσιν-,ἀποτάξα-

285 4995 549 5068 σθαιτοῖς
592 4995 958 5074 ὑπάρχουσῦδ·
995 4995 1377 5074 αὺνειιιῖιιιίέινθ
1418 4995 1862 5074 omnibusfucul-

287 5075 485 5133 tatibus
511 5066 542 5130 ί
595 5066 850 5145 μερικὴν,
911 5089 1019 5145 qua
1068 5069 1392 5145 μεταδοὺναι
1424 5067 1502 5136 τῷ
1559 5066 1860 5145 μὴΑξ-χοντι,

286 5148 516 5201 tribucre
540 5138 704 5216 ei'qiii
736 5138 1036 5216 iiouliobel.
1066 5138 1138 5216 De
1163 5139 1425 5216 oratione,
1463 5154 1591 5216 cap:
1631 5138 1721 5216 ξι),
1764 5138 1867 5216 πᾶ-

290 5235 389 5268 σαν
421 5207 684 5286 ἐργασίαν
722 5215 952 5267 ἐντολῶν
994 5215 1050 5264 ὲν
1077 5213 1214 5282 αὑτῇ
1275 5207 1754 5279 περικεκλεῖσθαι·
1782 5207 1866 5259 in-

287 5287 429 5341 cludi
453 5283 515 5340 ἰιι
548 5302 608 5356 ea
654 5302 861 5338 omnem
895 5285 1255 5356 operationem
1287 5283 1774 5356 virtutuniiquam
1811 5285 1868 5356 et

290 5355 838 5425 κεφαλαιωδεστέραν
865 5348 1099 5407 maxime
1130 5353 1347 5425 probat,
1374 5366 1494 5425 cap.
1523 5348 1646 5409 154,
1673 5348 1752 5400 sic
1778 5348 1866 5425 ui:

290 5415 491 5482 iiiii'um
527 5415 909 5488 sunima'riam,
942 5433 1001 5478 ut
1032 5415 1168 5477 nihil
1199 5424 1253 5475 in
1281 5415 1467 5491 specie
1499 5432 1745 5480 oremus,
1770 5415 1866 5470 sed

291 5498 469 5551 solum
496 5497 592 5550 Dei
629 5512 855 5566 regnum
904 5502 960 5566 et
992 5493 1304 5566 doctrinam
1357 5492 1478 5561 ejus
1534 5503 1863 5566 quaeramus.

292 5568 394 5622 llic
422 5557 1005 5634 Maximusvgcnerales
1036 5564 1270 5634 virtutes
1320 5557 1500 5619 vocat,
1537 5574 1658 5626 qua:
1687 5557 1866 5634 pluri-

293 5637 418 5701 bus,
458 5653 554 5691 seu
579 5627 747 5691 etiam
767 5634 1024 5688 omnibus
1046 5633 1393 5695 conducant;
1421 5646 1528 5683 non
1554 5629 1717 5701 quod
1732 5627 1870 5701 alias

295 5698 490 5776 omnes
517 5707 988 5776 complectantur;
1055 5719 1160 5773 qua
1229 5701 1441 5776 ratione
1489 5700 1603 5754 sola
1645 5698 1870 5776 dilectio

295 5775 393 5834 Dei
426 5784 478 5832 cl
500 5770 759 5846 proximi,
809 5770 1087 5829 omniunf
1117 5771 1349 5826 ἐντολῶν
1395 5770 1867 5840 περιεκτικωτάτη

2037 4497 2122 4572 (αῆ
2147 4497 2553 4572 Εὐχερῶξτᾲκαὶ
2591 4498 2676 4567 μὴ
2711 4498 3160 4572 προσηκόντως.
3209 4497 3406 4572 Addidi
3432 4515 3534 4554 ne-

1964 4569 2264 4643 gationem,
2308 4570 2455 4643 quod
2487 4569 2966 4643 vocum_opposita
2991 4569 3216 4621 omnino
3252 4570 3540 4632 ratio,nec

1963 4639 2142 4713 possit
2164 4642 2367 4713 aliquis
2397 4641 2478 4696 sic
2507 4639 2770 4713 εὑχερῶς,
2831 4639 2930 4692 levi
2954 4653 3036 4713 ea:_
3058 4655 3222 4692 causa
3251 4648 3299 4690 et
3344 4648 3540 4713 temere

1964 4709 2033 4767 ad
2059 4709 2284 4766 sensilia
2311 4711 2672 4773 descendere,
2708 4718 2764 4761 et
2794 4709 3197 4778 προσηκόντως,
3225 4712 3538 4762 convenien-

1966 4784 2326 4852 tcrjustaque
2357 4790 2412 4835 ct
2435 4796 2590 4849 :equa
2629 4779 2884 4852 ratione;
2917 4778 3197 4852 quomodo
3226 4781 3391 4852 etiam
3412 4795 3538 4852 per-

1965 4849 2190 4908 l'ect'i'in
2224 4849 2335 4906 illis
2372 4859 2685 4908 versantur.
2740 4849 2894 4902 nullo
2920 4856 3016 4900 aut
3059 4849 3166 4901 levi
3230 4864 3332 4902 suo
3363 4850 3538 4901 detri-—

1967 4931 2174 4985 mento,
2201 4921 2349 4992 quod
2393 4921 2570 4992 ipsum
2621 4919 2933 4992 luculenter
2976 4920 3141 4992 justa:
3191 4919 3541 4992 necessitatis

1967 4992 2174 5048 sareiat
2203 4988 2364 5050 ratio,
2415 4988 2477 5044 ac
2501 4989 2790 5043 charitatis
2816 4989 2932 5056 ipsa
2981 4988 3103 5040 lex:
3142 5003 3244 5039 nec
3272 4988 3547 5040 Maximus

1967 5063 2036 5117 ab
2069 5061 2338 5132 ejusmodi
2357 5060 2650 5123 descensu,
2681 5074 2776 5132 sua
2805 5059 2909 5132 liae
2934 5057 3207 5132 sententia
3259 5068 3326 5110 ac
3354 5072 3537 5132 exeunt

1968 5135 2078 5203 plo,
2098 5125 2296 5186 debuit
2317 5132 2620 5203 deterrere,
2673 5129 2792 5203 se(l_
2824 5128 2999 5203 solum
3033 5142 3062 5179 a
3119 5125 3328 5203 priore.
3373 5126 3538 5203 Quod

1967 5195 2090 5257 erat
2123 5204 2182 5254 ὲν
2215 5205 2327 5263 τοῖς
2368 5200 2552 5261 θείοις,
2587 5199 2795 5252 mutavi
2831 5199 2890 5248 ἐν
2917 5199 3030 5258 τοῖς
3084 5196 3328 5257 οἰκείοις.
3373 5195 3541 5248 Plane
3571 5197 3576 5239 ε

1967 5273 2116 5328 enim
2132 5270 2417 5340 componit
2440 5277 2679 5322 mentem
2715 5283 2922 5340 seeum_
2948 5267 3142 5340 ipsam,
3173 5273 3234 5318 ut
3267 5263 3538 5340 spiritalia

1969 5351 2235 5406 sectatur,
2261 5333 2324 5395 et
2353 5350 2496 5394 ut‘se
2531 5339 2596 5394 ad
2627 5354 2849 5392 sensum
2892 5333 3174 5389 demittit:
3212 5350 3325 5406 quo
3349 5333 3537 5406 priore

1969 5413 2135 5467 mod-0
2168 5403 2230 5465 in
2249 5411 2488 5481 propriis
2509 5417 2786 5468 versatur,
2821 5415 2876 5460 et
2911 5415 2970 5460 ut
3009 5405 3330 5481 n_iens_agit,
3363 5404 3446 5481 τὸ,
3481 5403 3540 5452 ὲν

1969 5427 2135 5467 111000
2168 5428 2220 5465 m
2289 5427 2488 5481 roprtis
2509 5427 2786 5468 versatur,
2821 5427 2876 5460 et
2911 5427 2970 5460 Ut
3009 5427 3166 5459 luens
3200 5427 3330 5472 agit,
3363 5427 3442 5461 τι),
3481 5427 3535 5452 εν

1969 5483 2048 5553 τῷ
2077 5427 2365 5552 μάχεσθαι,
2409 5481 2654 5550 proclive
2678 5485 2906 5540 mutem,
2957 5473 3200 5553 πρὸ.τοιῖ
3245 5473 3535 5553 μάχεσθαι·

1971 5541 2094 5608 αἰιιὲ
2126 5541 2382 5623 pugnaui,
2405 5541 2528 5623 qua;
2556 5557 2706 5623 certe
2737 5562 2931 5623 magna
2963 5541 3121 5623 ducis
3147 5541 3540 5623 _iniprudentia

1970 5635 2073 5690 est,
2108 5614 2239 5677 dum
2275 5614 2464 5692 copias
2494 5614 2888 5692 deterituqua'si
2922 5614 3201 5668 velitando
3239 5622 3294 5692 et
3341 5627 3542 5666 excur-

1973 5683 2167 5758 rendo,
2199 5702 2325 5747 ante
2348 5683 2502 5761 'justi
2551 5683 3016 5761 praelii—molem,
3067 5699 3178 5754 quo
3234 5683 3300 5737 de
3356 5695 3544 5736 rerum

1975 5781 2184 5820 summa
2212 5759 2626 5820 decernendum
2651 5759 2742 5814 sit.
