  <div class='ocr_page' id='page_1' title='image "/cluster/home/n/w/nwhite01/storage/ocr_20150623/90/pst.000005712960/755.png"; bbox 0 0 3922 6348; ppageno 0'>
   <div class='ocr_carea' id='block_1_1' title="bbox 441 311 570 376">
    <p class='ocr_par' dir='ltr' id='par_1_1' title="bbox 441 311 570 376">
     <span class='ocr_line' id='line_1_1' title="bbox 441 311 570 376; baseline 0 0"><span class='ocrx_word' id='word_1_1' title='bbox 441 311 570 376; x_wconf 69' lang='grc' dir='ltr'><strong>ιιιι</strong></span> 
     </span>
    </p>
   </div>
   <div class='ocr_carea' id='block_1_2' title="bbox 1597 315 2526 377">
    <p class='ocr_par' dir='ltr' id='par_1_2' title="bbox 1597 315 2526 377">
     <span class='ocr_line' id='line_1_2' title="bbox 1597 315 2526 377; baseline 0.002 -4"><span class='ocrx_word' id='word_1_2' title='bbox 1597 315 1657 373; x_wconf 83' lang='grc'><strong>5.</strong></span> <span class='ocrx_word' id='word_1_3' title='bbox 1689 315 1990 376; x_wconf 82' lang='lat' dir='ltr'><strong>MAXIMI.</strong></span> <span class='ocrx_word' id='word_1_4' title='bbox 2015 315 2526 377; x_wconf 82' lang='lat' dir='ltr'><strong>CONFESSORIS</strong></span> 
     </span>
    </p>
   </div>
   <div class='ocr_carea' id='block_1_3' title="bbox 3581 307 3721 372">
    <p class='ocr_par' dir='ltr' id='par_1_3' title="bbox 3581 307 3721 372">
     <span class='ocr_line' id='line_1_3' title="bbox 3581 307 3721 372; baseline 0 0"><span class='ocrx_word' id='word_1_5' title='bbox 3581 307 3721 372; x_wconf 58' lang='lat'><strong>1132</strong></span> 
     </span>
    </p>
   </div>
   <div class='ocr_carea' id='block_1_4' title="bbox 437 421 2019 499">
    <p class='ocr_par' dir='ltr' id='par_1_4' title="bbox 437 421 2016 497">
     <span class='ocr_line' id='line_1_4' title="bbox 437 421 2016 497; baseline 0.003 -20"><span class='ocrx_word' id='word_1_6' title='bbox 437 424 746 491; x_wconf 79' lang='lat' dir='ltr'><strong>pluriumve</strong></span> <span class='ocrx_word' id='word_1_7' title='bbox 791 421 1073 479; x_wconf 83' lang='lat' dir='ltr'><strong>consortio</strong></span> <span class='ocrx_word' id='word_1_8' title='bbox 1118 423 1319 496; x_wconf 85' lang='lat' dir='ltr'><strong>agitur,</strong></span> <span class='ocrx_word' id='word_1_9' title='bbox 1357 423 1513 480; x_wconf 83' lang='lat' dir='ltr'><strong>seriae</strong></span> <span class='ocrx_word' id='word_1_10' title='bbox 1549 424 1722 494; x_wconf 86' lang='lat' dir='ltr'><strong>magis</strong></span> <span class='ocrx_word' id='word_1_11' title='bbox 1761 441 1827 480; x_wconf 89' lang='lat' dir='ltr'><strong>ac</strong></span> <span class='ocrx_word' id='word_1_12' title='bbox 1859 442 2016 497; x_wconf 84' lang='lat' dir='ltr'><strong>repe-</strong></span> 
     </span>
    </p>
   </div>
   <div class='ocr_carea' id='block_1_5' title="bbox 2136 421 3716 499">
    <p class='ocr_par' dir='ltr' id='par_1_5' title="bbox 2136 421 3716 499">
     <span class='ocr_line' id='line_1_5' title="bbox 2136 421 3716 499; baseline -0.005 -19"><span class='ocrx_word' id='word_1_13' title='bbox 2136 427 2296 499; x_wconf 71' lang='grc' dir='ltr'><strong>ςχιδεί</strong></span> <span class='ocrx_word' id='word_1_14' title='bbox 2323 426 2494 497; x_wconf 80' lang='grc' dir='ltr'><strong>ψυχῇ.</strong></span> <span class='ocrx_word' id='word_1_15' title='bbox 2545 424 2802 496; x_wconf 71' lang='grc' dir='ltr'><strong>λογισμοὶ</strong></span> <span class='ocrx_word' id='word_1_16' title='bbox 2863 424 2963 495; x_wconf 81' lang='grc' dir='ltr'><strong>μὲν</strong></span> <span class='ocrx_word' id='word_1_17' title='bbox 3004 422 3418 494; x_wconf 80' lang='grc' dir='ltr'><strong>ἀπελήλανται·</strong></span> <span class='ocrx_word' id='word_1_18' title='bbox 3477 421 3604 483; x_wconf 80' lang='grc' dir='ltr'><strong>νόες</strong></span> <span class='ocrx_word' id='word_1_19' title='bbox 3655 421 3716 473; x_wconf 71' lang='grc' dir='ltr'><strong>δὲ</strong></span> 
     </span>
    </p>
   </div>
   <div class='ocr_carea' id='block_1_6' title="bbox 437 516 2011 588">
    <p class='ocr_par' dir='ltr' id='par_1_6' title="bbox 437 516 2011 588">
     <span class='ocr_line' id='line_1_6' title="bbox 437 516 2011 588; baseline 0.003 -20"><span class='ocrx_word' id='word_1_20' title='bbox 437 517 548 570; x_wconf 81' lang='lat' dir='ltr'><strong>tita:</strong></span> <span class='ocrx_word' id='word_1_21' title='bbox 589 516 1051 585; x_wconf 88' lang='lat' dir='ltr'><strong>immorantesque</strong></span> <span class='ocrx_word' id='word_1_22' title='bbox 1094 517 1476 588; x_wconf 81' lang='lat' dir='ltr'><strong>cOgitationes.</strong></span> <span class='ocrx_word' id='word_1_23' title='bbox 1521 517 1788 574; x_wconf 70' lang='lat' dir='ltr'><strong>Caeterum</strong></span> <span class='ocrx_word' id='word_1_24' title='bbox 1824 521 2011 574; x_wconf 87' lang='lat' dir='ltr'><strong>animo</strong></span> 
     </span>
    </p>
   </div>
   <div class='ocr_carea' id='block_1_7' title="bbox 432 605 2014 681">
    <p class='ocr_par' dir='ltr' id='par_1_7' title="bbox 432 605 2014 681">
     <span class='ocr_line' id='line_1_7' title="bbox 432 605 2014 681; baseline 0.003 -21"><span class='ocrx_word' id='word_1_25' title='bbox 432 607 526 676; x_wconf 85' lang='lat' dir='ltr'><strong>qui</strong></span> <span class='ocrx_word' id='word_1_26' title='bbox 577 606 765 660; x_wconf 89' lang='lat' dir='ltr'><strong>multis</strong></span> <span class='ocrx_word' id='word_1_27' title='bbox 803 605 1011 662; x_wconf 84' lang='lat' dir='ltr'><strong>divisus</strong></span> <span class='ocrx_word' id='word_1_28' title='bbox 1052 617 1158 674; x_wconf 90' lang='lat' dir='ltr'><strong>est,</strong></span> <span class='ocrx_word' id='word_1_29' title='bbox 1193 607 1498 662; x_wconf 80' lang='lat' dir='ltr'><strong>abscedunt</strong></span> <span class='ocrx_word' id='word_1_30' title='bbox 1541 607 1764 678; x_wconf 84' lang='lat' dir='ltr'><strong>quidem</strong></span> <span class='ocrx_word' id='word_1_31' title='bbox 1809 609 2014 681; x_wconf 89' lang='lat' dir='ltr'><strong>cogita-</strong></span> 
     </span>
    </p>
   </div>
   <div class='ocr_carea' id='block_1_8' title="bbox 436 697 2012 768">
    <p class='ocr_par' dir='ltr' id='par_1_8' title="bbox 436 697 2012 768">
     <span class='ocr_line' id='line_1_8' title="bbox 436 697 2012 768; baseline 0.002 -18"><span class='ocrx_word' id='word_1_32' title='bbox 436 697 646 761; x_wconf 91' lang='lat' dir='ltr'><strong>tiones;</strong></span> <span class='ocrx_word' id='word_1_33' title='bbox 684 705 896 752; x_wconf 89' lang='lat' dir='ltr'><strong>mentes</strong></span> <span class='ocrx_word' id='word_1_34' title='bbox 928 712 1062 752; x_wconf 91' lang='lat' dir='ltr'><strong>vero</strong></span> <span class='ocrx_word' id='word_1_35' title='bbox 1097 698 1225 752; x_wconf 63' lang='lat' dir='ltr'><strong>solae</strong></span> <span class='ocrx_word' id='word_1_36' title='bbox 1262 698 1588 768; x_wconf 86' lang='lat' dir='ltr'><strong>corporibus</strong></span> <span class='ocrx_word' id='word_1_37' title='bbox 1619 697 1777 753; x_wconf 76' lang='lat' dir='ltr'><strong>nuda:</strong></span> <span class='ocrx_word' id='word_1_38' title='bbox 1806 699 1885 753; x_wconf 86' lang='lat' dir='ltr'><strong>illi</strong></span> <span class='ocrx_word' id='word_1_39' title='bbox 1916 715 2012 754; x_wconf 93' lang='lat' dir='ltr'><strong>ac-</strong></span> 
     </span>
    </p>
   </div>
   <div class='ocr_carea' id='block_1_9' title="bbox 2122 513 3708 588">
    <p class='ocr_par' dir='ltr' id='par_1_9' title="bbox 2122 513 3708 588">
     <span class='ocr_line' id='line_1_9' title="bbox 2122 513 3708 588; baseline -0.004 -18"><span class='ocrx_word' id='word_1_40' title='bbox 2122 520 2271 588; x_wconf 76' lang='grc' dir='ltr'><strong>μόνοι</strong></span> <span class='ocrx_word' id='word_1_41' title='bbox 2313 519 2510 588; x_wconf 73' lang='grc' dir='ltr'><strong>γυμνοὶ</strong></span> <span class='ocrx_word' id='word_1_42' title='bbox 2559 519 2831 588; x_wconf 82' lang='grc' dir='ltr'><strong>σωμάτων</strong></span> <span class='ocrx_word' id='word_1_43' title='bbox 2863 516 2960 588; x_wconf 78' lang='lat' dir='ltr'><strong>(y).</strong></span> <span class='ocrx_word' id='word_1_44' title='bbox 2991 517 3127 586; x_wconf 76' lang='grc' dir='ltr'><strong>αὐτῇ</strong></span> <span class='ocrx_word' id='word_1_45' title='bbox 3187 513 3708 586; x_wconf 69' lang='grc' dir='ltr'><strong>προσπελὶζοντες.</strong></span> 
     </span>
    </p>
   </div>
   <div class='ocr_carea' id='block_1_10' title="bbox 2120 605 3713 681">
    <p class='ocr_par' dir='ltr' id='par_1_10' title="bbox 2120 605 3713 681">
     <span class='ocr_line' id='line_1_10' title="bbox 2120 605 3713 681; baseline -0.004 -18"><span class='ocrx_word' id='word_1_46' title='bbox 2120 611 2245 673; x_wconf 76' lang='grc' dir='ltr'><strong>τοὺς</strong></span> <span class='ocrx_word' id='word_1_47' title='bbox 2294 612 2425 680; x_wconf 71' lang='grc' dir='ltr'><strong>περὶ</strong></span> <span class='ocrx_word' id='word_1_48' title='bbox 2485 609 2749 681; x_wconf 77' lang='grc' dir='ltr'><strong>Προνοίας</strong></span> <span class='ocrx_word' id='word_1_49' title='bbox 2787 608 2880 662; x_wconf 84' lang='grc' dir='ltr'><strong>καὶ</strong></span> <span class='ocrx_word' id='word_1_50' title='bbox 2937 608 3172 678; x_wconf 82' lang='grc' dir='ltr'><strong>κρίσεως</strong></span> <span class='ocrx_word' id='word_1_51' title='bbox 3229 607 3453 674; x_wconf 74' lang='grc' dir='ltr'><strong>λόγους,</strong></span> <span class='ocrx_word' id='word_1_52' title='bbox 3488 605 3713 667; x_wconf 78' lang='grc' dir='ltr'><strong>ῶςτινιι</strong></span> 
     </span>
    </p>
   </div>
   <div class='ocr_carea' id='block_1_11' title="bbox 2121 695 3640 771">
    <p class='ocr_par' dir='ltr' id='par_1_11' title="bbox 2121 695 3640 771">
     <span class='ocr_line' id='line_1_11' title="bbox 2121 695 3640 771; baseline -0.005 -18"><span class='ocrx_word' id='word_1_53' title='bbox 2121 699 2346 771; x_wconf 84' lang='grc' dir='ltr'><strong>θεμέλια</strong></span> <span class='ocrx_word' id='word_1_54' title='bbox 2378 701 2480 770; x_wconf 80' lang='grc' dir='ltr'><strong>γῆς</strong></span> <span class='ocrx_word' id='word_1_55' title='bbox 2517 699 3018 762; x_wconf 81' lang='grc' dir='ltr'><strong>ἀνακαλύπτοντες,</strong></span> <span class='ocrx_word' id='word_1_56' title='bbox 3042 699 3178 768; x_wconf 77' lang='grc' dir='ltr'><strong>αὐτῇ</strong></span> <span class='ocrx_word' id='word_1_57' title='bbox 3213 695 3640 766; x_wconf 67' lang='grc' dir='ltr'><strong>ἐμφανίζουσιν.</strong></span> 
     </span>
    </p>
   </div>
   <div class='ocr_carea' id='block_1_12' title="bbox 431 784 3714 861">
    <p class='ocr_par' dir='ltr' id='par_1_12' title="bbox 431 784 3714 861">
     <span class='ocr_line' id='line_1_12' title="bbox 431 784 3714 861; baseline 0.001 -22"><span class='ocrx_word' id='word_1_58' title='bbox 431 784 693 843; x_wconf 87' lang='lat' dir='ltr'><strong>cedentes</strong></span> <span class='ocrx_word' id='word_1_59' title='bbox 733 785 1021 843; x_wconf 77' lang='lat' dir='ltr'><strong>manichLe</strong></span> <span class='ocrx_word' id='word_1_60' title='bbox 1069 796 1366 858; x_wconf 78' lang='lat' dir='ltr'><strong>apparent,</strong></span> <span class='ocrx_word' id='word_1_61' title='bbox 1405 787 1772 843; x_wconf 71' lang='lat' dir='ltr'><strong>Providentia:</strong></span> <span class='ocrx_word' id='word_1_62' title='bbox 1819 804 1883 844; x_wconf 91' lang='lat' dir='ltr'><strong>ac</strong></span> <span class='ocrx_word' id='word_1_63' title='bbox 1951 789 2182 861; x_wconf 87' lang='lat' dir='ltr'><strong>judicii,</strong></span> <span class='ocrx_word' id='word_1_64' title='bbox 2251 791 2402 846; x_wconf 90' lang='lat' dir='ltr'><strong>velut</strong></span> <span class='ocrx_word' id='word_1_65' title='bbox 2446 790 2696 861; x_wconf 58' lang='lat' dir='ltr'><strong>quadam</strong></span> <span class='ocrx_word' id='word_1_66' title='bbox 2746 789 3105 844; x_wconf 83' lang='lat' dir='ltr'><strong>fundamenta</strong></span> <span class='ocrx_word' id='word_1_67' title='bbox 3147 797 3334 852; x_wconf 71' lang='lat' dir='ltr'><strong>terrm,</strong></span> <span class='ocrx_word' id='word_1_68' title='bbox 3405 786 3714 841; x_wconf 79' lang='lat' dir='ltr'><strong>revelautcs</strong></span> 
     </span>
    </p>
   </div>
   <div class='ocr_carea' id='block_1_13' title="bbox 431 877 784 933">
    <p class='ocr_par' dir='ltr' id='par_1_13' title="bbox 431 877 784 933">
     <span class='ocr_line' id='line_1_13' title="bbox 431 877 784 933; baseline 0.006 -2"><span class='ocrx_word' id='word_1_69' title='bbox 431 877 678 933; x_wconf 81' lang='lat' dir='ltr'><strong>rationes</strong></span> <span class='ocrx_word' id='word_1_70' title='bbox 715 879 784 932; x_wconf 78' lang='grc'><strong>³⁸.</strong></span> 
     </span>
    </p>
   </div>
   <div class='ocr_carea' id='block_1_14' title="bbox 500 970 2017 1054">
    <p class='ocr_par' dir='ltr' id='par_1_14' title="bbox 500 970 2017 1054">
     <span class='ocr_line' id='line_1_14' title="bbox 500 970 2017 1054; baseline 0 -27"><span class='ocrx_word' id='word_1_71' title='bbox 500 971 668 1054; x_wconf 73' lang='grc'><strong>656</strong></span> <span class='ocrx_word' id='word_1_72' title='bbox 717 971 836 1025; x_wconf 83' lang='grc'><strong>151.</strong></span> <span class='ocrx_word' id='word_1_73' title='bbox 879 970 1270 1042; x_wconf 82' lang='lat' dir='ltr'><strong>Cogitationes,</strong></span> <span class='ocrx_word' id='word_1_74' title='bbox 1311 986 1415 1026; x_wconf 89' lang='lat' dir='ltr'><strong>nec</strong></span> <span class='ocrx_word' id='word_1_75' title='bbox 1460 971 1631 1040; x_wconf 88' lang='lat' dir='ltr'><strong>partis</strong></span> <span class='ocrx_word' id='word_1_76' title='bbox 1675 979 1806 1025; x_wconf 83' lang='lat' dir='ltr'><strong>sunt</strong></span> <span class='ocrx_word' id='word_1_77' title='bbox 1845 973 2017 1027; x_wconf 87' lang='lat' dir='ltr'><strong>animi</strong></span> 
     </span>
    </p>
   </div>
   <div class='ocr_carea' id='block_1_15' title="bbox 433 1061 2015 1134">
    <p class='ocr_par' dir='ltr' id='par_1_15' title="bbox 433 1061 2015 1134">
     <span class='ocr_line' id='line_1_15' title="bbox 433 1061 2015 1134; baseline 0.002 -20"><span class='ocrx_word' id='word_1_78' title='bbox 433 1063 672 1117; x_wconf 81' lang='lat' dir='ltr'><strong>carentis</strong></span> <span class='ocrx_word' id='word_1_79' title='bbox 710 1062 943 1128; x_wconf 83' lang='lat' dir='ltr'><strong>ratione,</strong></span> <span class='ocrx_word' id='word_1_80' title='bbox 978 1078 1088 1117; x_wconf 91' lang='lat' dir='ltr'><strong>non</strong></span> <span class='ocrx_word' id='word_1_81' title='bbox 1121 1062 1268 1116; x_wconf 93' lang='lat' dir='ltr'><strong>enim</strong></span> <span class='ocrx_word' id='word_1_82' title='bbox 1305 1061 1564 1132; x_wconf 81' lang='lat' dir='ltr'><strong>cogitatio</strong></span> <span class='ocrx_word' id='word_1_83' title='bbox 1598 1062 1673 1134; x_wconf 92' lang='lat' dir='ltr'><strong>(id</strong></span> <span class='ocrx_word' id='word_1_84' title='bbox 1708 1072 1813 1127; x_wconf 93' lang='lat' dir='ltr'><strong>est,</strong></span> <span class='ocrx_word' id='word_1_85' title='bbox 1845 1064 2015 1118; x_wconf 74' lang='lat' dir='ltr'><strong>ratio-</strong></span> 
     </span>
    </p>
   </div>
   <div class='ocr_carea' id='block_1_16' title="bbox 433 1149 2014 1222">
    <p class='ocr_par' dir='ltr' id='par_1_16' title="bbox 433 1149 2014 1222">
     <span class='ocr_line' id='line_1_16' title="bbox 433 1149 2014 1222; baseline 0.001 -18"><span class='ocrx_word' id='word_1_86' title='bbox 433 1149 660 1222; x_wconf 84' lang='lat' dir='ltr'><strong>cinatio)</strong></span> <span class='ocrx_word' id='word_1_87' title='bbox 707 1151 764 1205; x_wconf 93' lang='lat' dir='ltr'><strong>in</strong></span> <span class='ocrx_word' id='word_1_88' title='bbox 815 1149 994 1206; x_wconf 82' lang='lat' dir='ltr'><strong>brutis</strong></span> <span class='ocrx_word' id='word_1_89' title='bbox 1042 1158 1156 1216; x_wconf 90' lang='lat' dir='ltr'><strong>est;</strong></span> <span class='ocrx_word' id='word_1_90' title='bbox 1207 1165 1390 1220; x_wconf 90' lang='lat' dir='ltr'><strong>neque</strong></span> <span class='ocrx_word' id='word_1_91' title='bbox 1441 1149 1643 1204; x_wconf 84' lang='lat' dir='ltr'><strong>mentis</strong></span> <span class='ocrx_word' id='word_1_92' title='bbox 1685 1158 1842 1215; x_wconf 91' lang='lat' dir='ltr'><strong>sunt,</strong></span> <span class='ocrx_word' id='word_1_93' title='bbox 1888 1168 2014 1207; x_wconf 89' lang='lat' dir='ltr'><strong>nam</strong></span> 
     </span>
    </p>
   </div>
   <div class='ocr_carea' id='block_1_17' title="bbox 434 1241 2015 1315">
    <p class='ocr_par' dir='ltr' id='par_1_17' title="bbox 434 1241 2015 1315">
     <span class='ocr_line' id='line_1_17' title="bbox 434 1241 2015 1315; baseline 0.003 -19"><span class='ocrx_word' id='word_1_94' title='bbox 434 1260 612 1315; x_wconf 87' lang='lat' dir='ltr'><strong>neque</strong></span> <span class='ocrx_word' id='word_1_95' title='bbox 671 1243 729 1299; x_wconf 91' lang='lat' dir='ltr'><strong>in</strong></span> <span class='ocrx_word' id='word_1_96' title='bbox 785 1243 1014 1315; x_wconf 80' lang='lat' dir='ltr'><strong>angelis.</strong></span> <span class='ocrx_word' id='word_1_97' title='bbox 1070 1242 1207 1298; x_wconf 91' lang='lat' dir='ltr'><strong>Cum</strong></span> <span class='ocrx_word' id='word_1_98' title='bbox 1262 1258 1393 1314; x_wconf 90' lang='lat' dir='ltr'><strong>ergo</strong></span> <span class='ocrx_word' id='word_1_99' title='bbox 1446 1241 1724 1297; x_wconf 79' lang='lat' dir='ltr'><strong>facultatis</strong></span> <span class='ocrx_word' id='word_1_100' title='bbox 1782 1243 2015 1300; x_wconf 87' lang='lat' dir='ltr'><strong>rationis</strong></span> 
     </span>
    </p>
   </div>
   <div class='ocr_carea' id='block_1_18' title="bbox 431 1331 2016 1402">
    <p class='ocr_par' dir='ltr' id='par_1_18' title="bbox 431 1331 2016 1402">
     <span class='ocr_line' id='line_1_18' title="bbox 431 1331 2016 1402; baseline 0.001 -16"><span class='ocrx_word' id='word_1_101' title='bbox 431 1334 678 1402; x_wconf 81' lang='lat' dir='ltr'><strong>germina</strong></span> <span class='ocrx_word' id='word_1_102' title='bbox 726 1333 858 1398; x_wconf 89' lang='lat' dir='ltr'><strong>sint,</strong></span> <span class='ocrx_word' id='word_1_103' title='bbox 892 1335 1045 1388; x_wconf 89' lang='lat' dir='ltr'><strong>velut</strong></span> <span class='ocrx_word' id='word_1_104' title='bbox 1073 1333 1240 1397; x_wconf 90' lang='lat' dir='ltr'><strong>scala,</strong></span> <span class='ocrx_word' id='word_1_105' title='bbox 1281 1331 1539 1387; x_wconf 82' lang='lat' dir='ltr'><strong>facultate</strong></span> <span class='ocrx_word' id='word_1_106' title='bbox 1582 1339 1803 1388; x_wconf 90' lang='lat' dir='ltr'><strong>utentes</strong></span> <span class='ocrx_word' id='word_1_107' title='bbox 1845 1332 2016 1388; x_wconf 86' lang='lat' dir='ltr'><strong>infor-</strong></span> 
     </span>
    </p>
   </div>
   <div class='ocr_carea' id='block_1_19' title="bbox 434 1425 2015 1497">
    <p class='ocr_par' dir='ltr' id='par_1_19' title="bbox 434 1425 2015 1497">
     <span class='ocr_line' id='line_1_19' title="bbox 434 1425 2015 1497; baseline 0.001 -17"><span class='ocrx_word' id='word_1_108' title='bbox 434 1435 615 1482; x_wconf 85' lang='lat' dir='ltr'><strong>mante</strong></span> <span class='ocrx_word' id='word_1_109' title='bbox 646 1425 879 1494; x_wconf 82' lang='lat' dir='ltr'><strong>species,</strong></span> <span class='ocrx_word' id='word_1_110' title='bbox 905 1440 936 1479; x_wconf 88' lang='lat' dir='ltr'><strong>a</strong></span> <span class='ocrx_word' id='word_1_111' title='bbox 959 1440 1125 1479; x_wconf 88' lang='lat' dir='ltr'><strong>sensu</strong></span> <span class='ocrx_word' id='word_1_112' title='bbox 1165 1425 1231 1480; x_wconf 91' lang='lat' dir='ltr'><strong>ad</strong></span> <span class='ocrx_word' id='word_1_113' title='bbox 1267 1433 1507 1479; x_wconf 83' lang='lat' dir='ltr'><strong>mentem</strong></span> <span class='ocrx_word' id='word_1_114' title='bbox 1543 1425 1866 1490; x_wconf 88' lang='lat' dir='ltr'><strong>ascendunt,</strong></span> <span class='ocrx_word' id='word_1_115' title='bbox 1893 1443 2015 1497; x_wconf 71' lang='lat' dir='ltr'><strong>qum</strong></span> 
     </span>
    </p>
   </div>
   <div class='ocr_carea' id='block_1_20' title="bbox 432 1517 2014 1590">
    <p class='ocr_par' dir='ltr' id='par_1_20' title="bbox 432 1517 2014 1590">
     <span class='ocr_line' id='line_1_20' title="bbox 432 1517 2014 1590; baseline 0.004 -20"><span class='ocrx_word' id='word_1_116' title='bbox 432 1528 562 1574; x_wconf 84' lang='lat' dir='ltr'><strong>sunt</strong></span> <span class='ocrx_word' id='word_1_117' title='bbox 606 1517 755 1572; x_wconf 89' lang='lat' dir='ltr'><strong>illius</strong></span> <span class='ocrx_word' id='word_1_118' title='bbox 802 1519 852 1573; x_wconf 92' lang='lat' dir='ltr'><strong>ci</strong></span> <span class='ocrx_word' id='word_1_119' title='bbox 904 1518 1258 1585; x_wconf 84' lang='lat' dir='ltr'><strong>nuntiantes;</strong></span> <span class='ocrx_word' id='word_1_120' title='bbox 1311 1519 1763 1590; x_wconf 88' lang='lat' dir='ltr'><strong>descenduntque</strong></span> <span class='ocrx_word' id='word_1_121' title='bbox 1805 1536 1873 1575; x_wconf 86' lang='lat' dir='ltr'><strong>cx</strong></span> <span class='ocrx_word' id='word_1_122' title='bbox 1922 1523 2014 1577; x_wconf 88' lang='lat' dir='ltr'><strong>illa</strong></span> 
     </span>
    </p>
   </div>
   <div class='ocr_carea' id='block_1_21' title="bbox 2195 969 3713 1046">
    <p class='ocr_par' dir='ltr' id='par_1_21' title="bbox 2195 969 3713 1046">
     <span class='ocr_line' id='line_1_21' title="bbox 2195 969 3713 1046; baseline -0.005 -19"><span class='ocrx_word' id='word_1_123' title='bbox 2195 975 2332 1046; x_wconf 85' lang='grc' dir='ltr'><strong>ρλα’.</strong></span> <span class='ocrx_word' id='word_1_124' title='bbox 2367 977 2431 1028; x_wconf 85' lang='grc' dir='ltr'><strong>Οί</strong></span> <span class='ocrx_word' id='word_1_125' title='bbox 2477 973 2747 1045; x_wconf 81' lang='grc' dir='ltr'><strong>λογισμοὶ,</strong></span> <span class='ocrx_word' id='word_1_126' title='bbox 2782 971 2908 1027; x_wconf 71' lang='grc' dir='ltr'><strong>οὔτε</strong></span> <span class='ocrx_word' id='word_1_127' title='bbox 2951 970 3046 1024; x_wconf 72' lang='grc' dir='ltr'><strong>τοῦ</strong></span> <span class='ocrx_word' id='word_1_128' title='bbox 3099 971 3296 1038; x_wconf 78' lang='grc' dir='ltr'><strong>ἀλόγου</strong></span> <span class='ocrx_word' id='word_1_129' title='bbox 3350 969 3564 1038; x_wconf 79' lang='grc' dir='ltr'><strong>μέρους</strong></span> <span class='ocrx_word' id='word_1_130' title='bbox 3610 970 3713 1020; x_wconf 61' lang='grc' dir='ltr'><strong>εἰει</strong></span> 
     </span>
    </p>
   </div>
   <div class='ocr_carea' id='block_1_22' title="bbox 2121 1060 3712 1139">
    <p class='ocr_par' dir='ltr' id='par_1_22' title="bbox 2121 1060 3712 1139">
     <span class='ocr_line' id='line_1_22' title="bbox 2121 1060 3712 1139; baseline -0.009 -16"><span class='ocrx_word' id='word_1_131' title='bbox 2121 1069 2221 1138; x_wconf 83' lang='grc' dir='ltr'><strong>τῆς</strong></span> <span class='ocrx_word' id='word_1_132' title='bbox 2255 1067 2436 1139; x_wconf 67' lang='grc' dir='ltr'><strong>ψυχῆς</strong></span> <span class='ocrx_word' id='word_1_133' title='bbox 2455 1084 2468 1096; x_wconf 89' lang='grc'><strong>·</strong></span> <span class='ocrx_word' id='word_1_134' title='bbox 2505 1067 2628 1120; x_wconf 76' lang='grc' dir='ltr'><strong>οὐδὲ</strong></span> <span class='ocrx_word' id='word_1_135' title='bbox 2666 1067 2777 1136; x_wconf 78' lang='grc' dir='ltr'><strong>γάρ</strong></span> <span class='ocrx_word' id='word_1_136' title='bbox 2802 1067 2919 1118; x_wconf 84' lang='grc' dir='ltr'><strong>ἐστι</strong></span> <span class='ocrx_word' id='word_1_137' title='bbox 2936 1062 3193 1132; x_wconf 74' lang='grc' dir='ltr'><strong>λογισμὸς</strong></span> <span class='ocrx_word' id='word_1_138' title='bbox 3223 1065 3283 1115; x_wconf 80' lang='grc' dir='ltr'><strong>ἐν</strong></span> <span class='ocrx_word' id='word_1_139' title='bbox 3314 1063 3430 1123; x_wconf 76' lang='grc' dir='ltr'><strong>τοῖς</strong></span> <span class='ocrx_word' id='word_1_140' title='bbox 3457 1060 3680 1125; x_wconf 51' lang='grc' dir='ltr'><strong>ἀλέγεις</strong></span> <span class='ocrx_word' id='word_1_141' title='bbox 3699 1075 3712 1087; x_wconf 75' lang='grc' dir='ltr'><strong><em>ο</em></strong></span> 
     </span>
    </p>
   </div>
   <div class='ocr_carea' id='block_1_23' title="bbox 2121 1150 3714 1228">
    <p class='ocr_par' dir='ltr' id='par_1_23' title="bbox 2121 1150 3714 1228">
     <span class='ocr_line' id='line_1_23' title="bbox 2121 1150 3714 1228; baseline -0.008 -16"><span class='ocrx_word' id='word_1_142' title='bbox 2121 1159 2243 1212; x_wconf 80' lang='grc' dir='ltr'><strong>οὔτε</strong></span> <span class='ocrx_word' id='word_1_143' title='bbox 2285 1158 2377 1213; x_wconf 79' lang='grc' dir='ltr'><strong>τοῦ</strong></span> <span class='ocrx_word' id='word_1_144' title='bbox 2437 1157 2625 1228; x_wconf 84' lang='grc' dir='ltr'><strong>νοεροῦ</strong></span> <span class='ocrx_word' id='word_1_145' title='bbox 2645 1175 2656 1186; x_wconf 88' lang='grc'><strong>·</strong></span> <span class='ocrx_word' id='word_1_146' title='bbox 2682 1159 2804 1212; x_wconf 72' lang='grc' dir='ltr'><strong>ἐπεὶ</strong></span> <span class='ocrx_word' id='word_1_147' title='bbox 2861 1155 2996 1226; x_wconf 73' lang='grc' dir='ltr'><strong>μηδὲ</strong></span> <span class='ocrx_word' id='word_1_148' title='bbox 3043 1157 3104 1207; x_wconf 87' lang='grc' dir='ltr'><strong>ἐν</strong></span> <span class='ocrx_word' id='word_1_149' title='bbox 3135 1152 3393 1220; x_wconf 74' lang='grc' dir='ltr'><strong>ἀγγέλοις</strong></span> <span class='ocrx_word' id='word_1_150' title='bbox 3413 1167 3427 1179; x_wconf 80' lang='grc'><em>’</em></span> <span class='ocrx_word' id='word_1_151' title='bbox 3454 1151 3635 1219; x_wconf 70' lang='grc' dir='ltr'><strong>αὐτῆς</strong></span> <span class='ocrx_word' id='word_1_152' title='bbox 3663 1150 3714 1200; x_wconf 78' lang='lat'><strong>6&#39;:</strong></span> 
     </span>
    </p>
   </div>
   <div class='ocr_carea' id='block_1_24' title="bbox 2120 1244 3716 1321">
    <p class='ocr_par' dir='ltr' id='par_1_24' title="bbox 2120 1244 3716 1321">
     <span class='ocr_line' id='line_1_24' title="bbox 2120 1244 3716 1321; baseline -0.009 -17"><span class='ocrx_word' id='word_1_153' title='bbox 2120 1252 2218 1320; x_wconf 75' lang='grc' dir='ltr'><strong>τῆς</strong></span> <span class='ocrx_word' id='word_1_154' title='bbox 2261 1250 2488 1321; x_wconf 74' lang='grc' dir='ltr'><strong>λογικῆς</strong></span> <span class='ocrx_word' id='word_1_155' title='bbox 2519 1248 2672 1312; x_wconf 79' lang='grc' dir='ltr'><strong>ὄντες</strong></span> <span class='ocrx_word' id='word_1_156' title='bbox 2728 1249 3068 1316; x_wconf 72' lang='grc' dir='ltr'><strong>γεννήματα,</strong></span> <span class='ocrx_word' id='word_1_157' title='bbox 3099 1245 3176 1307; x_wconf 86' lang='grc' dir='ltr'><strong>ῶς</strong></span> <span class='ocrx_word' id='word_1_158' title='bbox 3208 1244 3448 1311; x_wconf 75' lang='grc' dir='ltr'><strong>κλίμακι</strong></span> <span class='ocrx_word' id='word_1_159' title='bbox 3480 1244 3553 1312; x_wconf 64' lang='grc' dir='ltr'><strong>τῇ</strong></span> <span class='ocrx_word' id='word_1_160' title='bbox 3589 1259 3716 1308; x_wconf 58' lang='grc' dir='ltr'><strong>φαν-</strong></span> 
     </span>
    </p>
   </div>
   <div class='ocr_carea' id='block_1_25' title="bbox 2121 1329 3716 1412">
    <p class='ocr_par' dir='ltr' id='par_1_25' title="bbox 2121 1329 3716 1412">
     <span class='ocr_line' id='line_1_25' title="bbox 2121 1329 3716 1412; baseline -0.009 -18"><span class='ocrx_word' id='word_1_161' title='bbox 2121 1341 2287 1412; x_wconf 70' lang='grc' dir='ltr'><strong>τασίᾳ</strong></span> <span class='ocrx_word' id='word_1_162' title='bbox 2331 1339 2631 1412; x_wconf 81' lang='grc' dir='ltr'><strong>χρώμενοι,</strong></span> <span class='ocrx_word' id='word_1_163' title='bbox 2685 1337 3040 1393; x_wconf 79' lang='grc' dir='ltr'><strong>ἀναϐαίνουσι</strong></span> <span class='ocrx_word' id='word_1_164' title='bbox 3092 1335 3190 1406; x_wconf 89' lang='grc' dir='ltr'><strong>μέν</strong></span> <span class='ocrx_word' id='word_1_165' title='bbox 3255 1334 3393 1404; x_wconf 73' lang='grc' dir='ltr'><strong>πρὸς</strong></span> <span class='ocrx_word' id='word_1_166' title='bbox 3446 1332 3546 1382; x_wconf 75' lang='grc' dir='ltr'><strong>τὸν</strong></span> <span class='ocrx_word' id='word_1_167' title='bbox 3593 1329 3716 1382; x_wconf 73' lang='grc' dir='ltr'><strong>νοῦν</strong></span> 
     </span>
    </p>
   </div>
   <div class='ocr_carea' id='block_1_26' title="bbox 2119 1421 3718 1502">
    <p class='ocr_par' dir='ltr' id='par_1_26' title="bbox 2119 1421 3718 1502">
     <span class='ocr_line' id='line_1_26' title="bbox 2119 1421 3718 1502; baseline -0.008 -15"><span class='ocrx_word' id='word_1_168' title='bbox 2119 1432 2226 1487; x_wconf 79' lang='grc' dir='ltr'><strong>ἀπὸ</strong></span> <span class='ocrx_word' id='word_1_169' title='bbox 2261 1432 2359 1502; x_wconf 82' lang='grc' dir='ltr'><strong>τῆς</strong></span> <span class='ocrx_word' id='word_1_170' title='bbox 2410 1431 2734 1502; x_wconf 77' lang='grc' dir='ltr'><strong>αἰσθήσεως,</strong></span> <span class='ocrx_word' id='word_1_171' title='bbox 2765 1429 2836 1482; x_wconf 76' lang='grc' dir='ltr'><strong>τὰ</strong></span> <span class='ocrx_word' id='word_1_172' title='bbox 2888 1427 3101 1496; x_wconf 75' lang='grc' dir='ltr'><strong>ἐκείνης</strong></span> <span class='ocrx_word' id='word_1_173' title='bbox 3151 1423 3300 1493; x_wconf 81' lang='grc' dir='ltr'><strong>αὺτῷ</strong></span> <span class='ocrx_word' id='word_1_174' title='bbox 3337 1421 3718 1488; x_wconf 60' lang='grc' dir='ltr'><strong>ἀπαγγέλλον-</strong></span> 
     </span>
    </p>
   </div>
   <div class='ocr_carea' id='block_1_27' title="bbox 2119 1515 3713 1590">
    <p class='ocr_par' dir='ltr' id='par_1_27' title="bbox 2119 1515 3713 1590">
     <span class='ocr_line' id='line_1_27' title="bbox 2119 1515 3713 1590; baseline -0.007 -13"><span class='ocrx_word' id='word_1_175' title='bbox 2119 1540 2238 1586; x_wconf 74' lang='grc' dir='ltr'><strong>τεςο</strong></span> <span class='ocrx_word' id='word_1_176' title='bbox 2279 1521 2670 1578; x_wconf 75' lang='grc' dir='ltr'><strong>καταϐαίνουσι</strong></span> <span class='ocrx_word' id='word_1_177' title='bbox 2698 1521 2759 1575; x_wconf 86' lang='grc' dir='ltr'><strong>δέ</strong></span> <span class='ocrx_word' id='word_1_178' title='bbox 2792 1518 2927 1590; x_wconf 76' lang='grc' dir='ltr'><strong>πρὸς</strong></span> <span class='ocrx_word' id='word_1_179' title='bbox 2958 1517 3126 1590; x_wconf 78' lang='grc' dir='ltr'><strong>αὐτὴν</strong></span> <span class='ocrx_word' id='word_1_180' title='bbox 3151 1517 3210 1583; x_wconf 78' lang='grc' dir='ltr'><strong>ἐξ</strong></span> <span class='ocrx_word' id='word_1_181' title='bbox 3236 1516 3411 1570; x_wconf 72' lang='grc' dir='ltr'><strong>αὐτοῦ</strong></span> <span class='ocrx_word' id='word_1_182' title='bbox 3467 1516 3543 1567; x_wconf 71' lang='grc' dir='ltr'><strong>τὰ</strong></span> <span class='ocrx_word' id='word_1_183' title='bbox 3569 1515 3713 1568; x_wconf 80' lang='grc' dir='ltr'><strong>ἐκεί-</strong></span> 
     </span>
    </p>
   </div>
   <div class='ocr_carea' id='block_1_28' title="bbox 432 1607 2019 1683">
    <p class='ocr_par' dir='ltr' id='par_1_28' title="bbox 432 1608 2014 1680">
     <span class='ocr_line' id='line_1_28' title="bbox 432 1608 2014 1680; baseline 0.003 -18"><span class='ocrx_word' id='word_1_184' title='bbox 432 1608 498 1662; x_wconf 78' lang='lat' dir='ltr'><strong>ad</strong></span> <span class='ocrx_word' id='word_1_185' title='bbox 564 1609 779 1676; x_wconf 88' lang='lat' dir='ltr'><strong>ipsum,</strong></span> <span class='ocrx_word' id='word_1_186' title='bbox 835 1623 957 1678; x_wconf 80' lang='lat' dir='ltr'><strong>quae</strong></span> <span class='ocrx_word' id='word_1_187' title='bbox 1009 1610 1128 1680; x_wconf 87' lang='lat' dir='ltr'><strong>ejus</strong></span> <span class='ocrx_word' id='word_1_188' title='bbox 1185 1618 1315 1664; x_wconf 91' lang='lat' dir='ltr'><strong>sunt</strong></span> <span class='ocrx_word' id='word_1_189' title='bbox 1372 1609 1450 1663; x_wconf 91' lang='lat' dir='ltr'><strong>illi</strong></span> <span class='ocrx_word' id='word_1_190' title='bbox 1504 1610 1840 1668; x_wconf 89' lang='lat' dir='ltr'><strong>documento</strong></span> <span class='ocrx_word' id='word_1_191' title='bbox 1902 1623 2014 1667; x_wconf 84' lang='lat' dir='ltr'><strong>tra-</strong></span> 
     </span>
    </p>
   </div>
   <div class='ocr_carea' id='block_1_29' title="bbox 2136 1607 2636 1683">
    <p class='ocr_par' dir='ltr' id='par_1_29' title="bbox 2136 1612 2636 1683">
     <span class='ocr_line' id='line_1_29' title="bbox 2136 1612 2636 1683; baseline 0.008 -20"><span class='ocrx_word' id='word_1_192' title='bbox 2136 1630 2210 1666; x_wconf 72' lang='grc' dir='ltr'><strong>νου</strong></span> <span class='ocrx_word' id='word_1_193' title='bbox 2237 1612 2636 1683; x_wconf 81' lang='grc' dir='ltr'><strong>ὑποτιθέμενοι.</strong></span> 
     </span>
    </p>
   </div>
   <div class='ocr_carea' id='block_1_30' title="bbox 434 1698 650 1753">
    <p class='ocr_par' dir='ltr' id='par_1_30' title="bbox 434 1698 650 1753">
     <span class='ocr_line' id='line_1_30' title="bbox 434 1698 650 1753; baseline 0 -2"><span class='ocrx_word' id='word_1_194' title='bbox 434 1698 650 1753; x_wconf 81' lang='lat' dir='ltr'><strong>dentes.</strong></span> 
     </span>
    </p>
   </div>
   <div class='ocr_carea' id='block_1_31' title="bbox 505 1791 2018 1863">
    <p class='ocr_par' dir='ltr' id='par_1_31' title="bbox 505 1791 2018 1863">
     <span class='ocr_line' id='line_1_31' title="bbox 505 1791 2018 1863; baseline 0.003 -18"><span class='ocrx_word' id='word_1_195' title='bbox 505 1791 628 1846; x_wconf 71' lang='grc'><strong>152.</strong></span> <span class='ocrx_word' id='word_1_196' title='bbox 671 1791 834 1847; x_wconf 82' lang='lat' dir='ltr'><strong>Velut</strong></span> <span class='ocrx_word' id='word_1_197' title='bbox 881 1791 1108 1862; x_wconf 89' lang='lat' dir='ltr'><strong>quidam</strong></span> <span class='ocrx_word' id='word_1_198' title='bbox 1160 1806 1192 1847; x_wconf 90' lang='lat' dir='ltr'><strong>e</strong></span> <span class='ocrx_word' id='word_1_199' title='bbox 1235 1793 1514 1863; x_wconf 79' lang='lat' dir='ltr'><strong>profundo</strong></span> <span class='ocrx_word' id='word_1_200' title='bbox 1559 1811 1779 1853; x_wconf 86' lang='lat' dir='ltr'><strong>sursum</strong></span> <span class='ocrx_word' id='word_1_201' title='bbox 1835 1813 2018 1852; x_wconf 87' lang='lat' dir='ltr'><strong>emer-</strong></span> 
     </span>
    </p>
   </div>
   <div class='ocr_carea' id='block_1_32' title="bbox 433 1884 2020 1961">
    <p class='ocr_par' dir='ltr' id='par_1_32' title="bbox 433 1884 2020 1961">
     <span class='ocr_line' id='line_1_32' title="bbox 433 1884 2020 1961; baseline 0.007 -27"><span class='ocrx_word' id='word_1_202' title='bbox 433 1892 648 1951; x_wconf 82' lang='lat' dir='ltr'><strong>gentes,</strong></span> <span class='ocrx_word' id='word_1_203' title='bbox 683 1897 768 1946; x_wconf 85' lang='lat' dir='ltr'><strong>ac,</strong></span> <span class='ocrx_word' id='word_1_204' title='bbox 811 1899 921 1954; x_wconf 90' lang='lat' dir='ltr'><strong>quo</strong></span> <span class='ocrx_word' id='word_1_205' title='bbox 962 1884 1216 1954; x_wconf 84' lang='lat' dir='ltr'><strong>adjutorc</strong></span> <span class='ocrx_word' id='word_1_206' title='bbox 1264 1894 1511 1956; x_wconf 86' lang='lat' dir='ltr'><strong>utantur,</strong></span> <span class='ocrx_word' id='word_1_207' title='bbox 1553 1905 1886 1961; x_wconf 89' lang='lat' dir='ltr'><strong>quemquam</strong></span> <span class='ocrx_word' id='word_1_208' title='bbox 1926 1906 2020 1960; x_wconf 90' lang='lat' dir='ltr'><strong>ap-</strong></span> 
     </span>
    </p>
   </div>
   <div class='ocr_carea' id='block_1_33' title="bbox 434 1974 2020 2048">
    <p class='ocr_par' dir='ltr' id='par_1_33' title="bbox 434 1974 2020 2048">
     <span class='ocr_line' id='line_1_33' title="bbox 434 1974 2020 2048; baseline 0.01 -24"><span class='ocrx_word' id='word_1_209' title='bbox 434 1974 783 2042; x_wconf 82' lang='lat' dir='ltr'><strong>prehendere</strong></span> <span class='ocrx_word' id='word_1_210' title='bbox 830 1977 1073 2032; x_wconf 85' lang='lat' dir='ltr'><strong>nitentes</strong></span> <span class='ocrx_word' id='word_1_211' title='bbox 1095 1977 1287 2048; x_wconf 89' lang='lat' dir='ltr'><strong>illique</strong></span> <span class='ocrx_word' id='word_1_212' title='bbox 1321 1979 1630 2046; x_wconf 66' lang='lat' dir='ltr'><strong>adbmrere,</strong></span> <span class='ocrx_word' id='word_1_213' title='bbox 1665 1983 1744 2038; x_wconf 90' lang='lat' dir='ltr'><strong>sic</strong></span> <span class='ocrx_word' id='word_1_214' title='bbox 1775 1984 1930 2038; x_wconf 70' lang='lat' dir='ltr'><strong>make</strong></span> <span class='ocrx_word' id='word_1_215' title='bbox 1961 1999 2020 2040; x_wconf 89' lang='lat' dir='ltr'><strong>se</strong></span> 
     </span>
    </p>
   </div>
   <div class='ocr_carea' id='block_1_34' title="bbox 433 2065 2019 2147">
    <p class='ocr_par' dir='ltr' id='par_1_34' title="bbox 433 2065 2019 2147">
     <span class='ocr_line' id='line_1_34' title="bbox 433 2065 2019 2147; baseline 0.008 -29"><span class='ocrx_word' id='word_1_216' title='bbox 433 2065 794 2135; x_wconf 82' lang='lat' dir='ltr'><strong>cogitationes</strong></span> <span class='ocrx_word' id='word_1_217' title='bbox 819 2066 1129 2134; x_wconf 86' lang='lat' dir='ltr'><strong>habebunt,</strong></span> <span class='ocrx_word' id='word_1_218' title='bbox 1155 2069 1287 2126; x_wconf 90' lang='lat' dir='ltr'><strong>dum</strong></span> <span class='ocrx_word' id='word_1_219' title='bbox 1316 2071 1451 2127; x_wconf 90' lang='lat' dir='ltr'><strong>ratis</strong></span> <span class='ocrx_word' id='word_1_220' title='bbox 1473 2073 1528 2127; x_wconf 93' lang='lat' dir='ltr'><strong>in</strong></span> <span class='ocrx_word' id='word_1_221' title='bbox 1559 2075 1808 2140; x_wconf 88' lang='lat' dir='ltr'><strong>modum,</strong></span> <span class='ocrx_word' id='word_1_222' title='bbox 1837 2076 2019 2147; x_wconf 83' lang='lat' dir='ltr'><strong>lacry-</strong></span> 
     </span>
    </p>
   </div>
   <div class='ocr_carea' id='block_1_35' title="bbox 435 2155 1844 2230">
    <p class='ocr_par' dir='ltr' id='par_1_35' title="bbox 435 2155 1844 2230">
     <span class='ocr_line' id='line_1_35' title="bbox 435 2155 1844 2230; baseline 0.009 -22"><span class='ocrx_word' id='word_1_223' title='bbox 435 2170 651 2208; x_wconf 86' lang='lat' dir='ltr'><strong>marum</strong></span> <span class='ocrx_word' id='word_1_224' title='bbox 683 2155 896 2210; x_wconf 87' lang='lat' dir='ltr'><strong>diluvio</strong></span> <span class='ocrx_word' id='word_1_225' title='bbox 931 2157 1128 2212; x_wconf 85' lang='lat' dir='ltr'><strong>vitium</strong></span> <span class='ocrx_word' id='word_1_226' title='bbox 1158 2159 1214 2216; x_wconf 83' lang='lat' dir='ltr'><strong>in</strong></span> <span class='ocrx_word' id='word_1_227' title='bbox 1252 2161 1564 2230; x_wconf 91' lang='lat' dir='ltr'><strong>periculum</strong></span> <span class='ocrx_word' id='word_1_228' title='bbox 1593 2174 1844 2221; x_wconf 86' lang='lat' dir='ltr'><strong>vocatur.</strong></span> 
     </span>
    </p>
   </div>
   <div class='ocr_carea' id='block_1_36' title="bbox 509 2246 2022 2327">
    <p class='ocr_par' dir='ltr' id='par_1_36' title="bbox 509 2246 2022 2327">
     <span class='ocr_line' id='line_1_36' title="bbox 509 2246 2022 2327; baseline 0.007 -27"><span class='ocrx_word' id='word_1_229' title='bbox 509 2246 630 2300; x_wconf 89' lang='grc'><strong>155.</strong></span> <span class='ocrx_word' id='word_1_230' title='bbox 672 2247 781 2302; x_wconf 88' lang='lat' dir='ltr'><strong>Pro</strong></span> <span class='ocrx_word' id='word_1_231' title='bbox 815 2248 1065 2320; x_wconf 83' lang='lat' dir='ltr'><strong>subjecta</strong></span> <span class='ocrx_word' id='word_1_232' title='bbox 1105 2251 1276 2306; x_wconf 90' lang='lat' dir='ltr'><strong>animi</strong></span> <span class='ocrx_word' id='word_1_233' title='bbox 1315 2253 1607 2324; x_wconf 87' lang='lat' dir='ltr'><strong>qualitate,</strong></span> <span class='ocrx_word' id='word_1_234' title='bbox 1637 2256 1746 2322; x_wconf 84' lang='lat' dir='ltr'><strong>vel,</strong></span> <span class='ocrx_word' id='word_1_235' title='bbox 1786 2264 1846 2311; x_wconf 90' lang='lat' dir='ltr'><strong>ut</strong></span> <span class='ocrx_word' id='word_1_236' title='bbox 1874 2257 2022 2327; x_wconf 87' lang='lat' dir='ltr'><strong>pira-</strong></span> 
     </span>
    </p>
   </div>
   <div class='ocr_carea' id='block_1_37' title="bbox 438 2341 2022 2418">
    <p class='ocr_par' dir='ltr' id='par_1_37' title="bbox 438 2341 2022 2418">
     <span class='ocr_line' id='line_1_37' title="bbox 438 2341 2022 2418; baseline 0.008 -27"><span class='ocrx_word' id='word_1_237' title='bbox 438 2347 619 2398; x_wconf 87' lang='lat' dir='ltr'><strong>tarum</strong></span> <span class='ocrx_word' id='word_1_238' title='bbox 680 2353 836 2395; x_wconf 87' lang='lat' dir='ltr'><strong>more</strong></span> <span class='ocrx_word' id='word_1_239' title='bbox 891 2341 1072 2412; x_wconf 78' lang='lat' dir='ltr'><strong>pelagi</strong></span> <span class='ocrx_word' id='word_1_240' title='bbox 1123 2341 1402 2411; x_wconf 84' lang='lat' dir='ltr'><strong>profundo</strong></span> <span class='ocrx_word' id='word_1_241' title='bbox 1453 2356 1733 2418; x_wconf 79' lang='lat' dir='ltr'><strong>mergant,</strong></span> <span class='ocrx_word' id='word_1_242' title='bbox 1787 2349 1906 2418; x_wconf 82' lang='lat' dir='ltr'><strong>vel,</strong></span> <span class='ocrx_word' id='word_1_243' title='bbox 1961 2359 2022 2405; x_wconf 92' lang='lat' dir='ltr'><strong>ut</strong></span> 
     </span>
    </p>
   </div>
   <div class='ocr_carea' id='block_1_38' title="bbox 437 2429 2022 2511">
    <p class='ocr_par' dir='ltr' id='par_1_38' title="bbox 437 2429 2022 2511">
     <span class='ocr_line' id='line_1_38' title="bbox 437 2429 2022 2511; baseline 0.009 -28"><span class='ocrx_word' id='word_1_244' title='bbox 437 2429 614 2486; x_wconf 85' lang='lat' dir='ltr'><strong>instar</strong></span> <span class='ocrx_word' id='word_1_245' title='bbox 659 2431 928 2504; x_wconf 77' lang='lat' dir='ltr'><strong>remigum</strong></span> <span class='ocrx_word' id='word_1_246' title='bbox 975 2433 1255 2490; x_wconf 85' lang='lat' dir='ltr'><strong>laboranti</strong></span> <span class='ocrx_word' id='word_1_247' title='bbox 1302 2437 1472 2492; x_wconf 87' lang='lat' dir='ltr'><strong>maris</strong></span> <span class='ocrx_word' id='word_1_248' title='bbox 1516 2439 1764 2509; x_wconf 88' lang='lat' dir='ltr'><strong>periculo</strong></span> <span class='ocrx_word' id='word_1_249' title='bbox 1809 2440 2022 2511; x_wconf 88' lang='lat' dir='ltr'><strong>pariter</strong></span> 
     </span>
    </p>
   </div>
   <div class='ocr_carea' id='block_1_39' title="bbox 437 2522 2022 2602">
    <p class='ocr_par' dir='ltr' id='par_1_39' title="bbox 437 2522 2022 2602">
     <span class='ocr_line' id='line_1_39' title="bbox 437 2522 2022 2602; baseline 0.008 -26"><span class='ocrx_word' id='word_1_250' title='bbox 437 2537 599 2594; x_wconf 86' lang='lat' dir='ltr'><strong>opem</strong></span> <span class='ocrx_word' id='word_1_251' title='bbox 635 2522 840 2588; x_wconf 82' lang='lat' dir='ltr'><strong>ferant,</strong></span> <span class='ocrx_word' id='word_1_252' title='bbox 863 2525 1024 2581; x_wconf 84' lang='lat' dir='ltr'><strong>circa</strong></span> <span class='ocrx_word' id='word_1_253' title='bbox 1061 2541 1192 2584; x_wconf 89' lang='lat' dir='ltr'><strong>eum</strong></span> <span class='ocrx_word' id='word_1_254' title='bbox 1232 2538 1507 2600; x_wconf 86' lang='lat' dir='ltr'><strong>coguntur</strong></span> <span class='ocrx_word' id='word_1_255' title='bbox 1553 2532 1917 2602; x_wconf 80' lang='lat' dir='ltr'><strong>cogitationes</strong></span> <span class='ocrx_word' id='word_1_256' title='bbox 1957 2549 2022 2589; x_wconf 89' lang='lat' dir='ltr'><strong>ac</strong></span> 
     </span>
    </p>
   </div>
   <div class='ocr_carea' id='block_1_40' title="bbox 438 2615 2024 2693">
    <p class='ocr_par' dir='ltr' id='par_1_40' title="bbox 438 2615 2024 2693">
     <span class='ocr_line' id='line_1_40' title="bbox 438 2615 2024 2693; baseline 0.006 -25"><span class='ocrx_word' id='word_1_257' title='bbox 438 2615 714 2682; x_wconf 85' lang='lat' dir='ltr'><strong>rationes;</strong></span> <span class='ocrx_word' id='word_1_258' title='bbox 756 2617 880 2674; x_wconf 82' lang='lat' dir='ltr'><strong>aliae</strong></span> <span class='ocrx_word' id='word_1_259' title='bbox 923 2618 1150 2688; x_wconf 86' lang='lat' dir='ltr'><strong>quidem</strong></span> <span class='ocrx_word' id='word_1_260' title='bbox 1197 2620 1256 2675; x_wconf 92' lang='lat' dir='ltr'><strong>in</strong></span> <span class='ocrx_word' id='word_1_261' title='bbox 1303 2621 1532 2693; x_wconf 87' lang='lat' dir='ltr'><strong>pelagus</strong></span> <span class='ocrx_word' id='word_1_262' title='bbox 1580 2624 1862 2679; x_wconf 83' lang='lat' dir='ltr'><strong>trahentes</strong></span> <span class='ocrx_word' id='word_1_263' title='bbox 1908 2633 2024 2680; x_wconf 85' lang='lat' dir='ltr'><strong>tur-</strong></span> 
     </span>
    </p>
   </div>
   <div class='ocr_carea' id='block_1_41' title="bbox 437 2707 2020 2784">
    <p class='ocr_par' dir='ltr' id='par_1_41' title="bbox 437 2707 2020 2784">
     <span class='ocr_line' id='line_1_41' title="bbox 437 2707 2020 2784; baseline 0.006 -24"><span class='ocrx_word' id='word_1_264' title='bbox 437 2707 591 2776; x_wconf 86' lang='lat' dir='ltr'><strong>pium</strong></span> <span class='ocrx_word' id='word_1_265' title='bbox 649 2708 1078 2780; x_wconf 85' lang='lat' dir='ltr'><strong>cogitationum;</strong></span> <span class='ocrx_word' id='word_1_266' title='bbox 1133 2712 1256 2767; x_wconf 71' lang='lat' dir='ltr'><strong>aliae</strong></span> <span class='ocrx_word' id='word_1_267' title='bbox 1313 2728 1447 2769; x_wconf 91' lang='lat' dir='ltr'><strong>vero</strong></span> <span class='ocrx_word' id='word_1_268' title='bbox 1501 2715 1805 2784; x_wconf 85' lang='lat' dir='ltr'><strong>proximam</strong></span> <span class='ocrx_word' id='word_1_269' title='bbox 1867 2730 2020 2770; x_wconf 89' lang='lat' dir='ltr'><strong>oram</strong></span> 
     </span>
    </p>
   </div>
   <div class='ocr_carea' id='block_1_42' title="bbox 437 2798 2020 2876">
    <p class='ocr_par' dir='ltr' id='par_1_42' title="bbox 437 2798 2020 2876">
     <span class='ocr_line' id='line_1_42' title="bbox 437 2798 2020 2876; baseline 0.006 -24"><span class='ocrx_word' id='word_1_270' title='bbox 437 2798 705 2870; x_wconf 83' lang='lat' dir='ltr'><strong>legentes,</strong></span> <span class='ocrx_word' id='word_1_271' title='bbox 749 2808 810 2854; x_wconf 93' lang='lat' dir='ltr'><strong>ut</strong></span> <span class='ocrx_word' id='word_1_272' title='bbox 847 2801 917 2856; x_wconf 90' lang='lat' dir='ltr'><strong>ad</strong></span> <span class='ocrx_word' id='word_1_273' title='bbox 966 2803 1264 2874; x_wconf 87' lang='lat' dir='ltr'><strong>tranquilla</strong></span> <span class='ocrx_word' id='word_1_274' title='bbox 1303 2814 1544 2862; x_wconf 86' lang='lat' dir='ltr'><strong>mentem</strong></span> <span class='ocrx_word' id='word_1_275' title='bbox 1591 2806 1777 2862; x_wconf 84' lang='lat' dir='ltr'><strong>littora</strong></span> <span class='ocrx_word' id='word_1_276' title='bbox 1819 2805 2020 2876; x_wconf 86' lang='lat' dir='ltr'><strong>impel-</strong></span> 
     </span>
    </p>
   </div>
   <div class='ocr_carea' id='block_1_43' title="bbox 436 2891 566 2950">
    <p class='ocr_par' dir='ltr' id='par_1_43' title="bbox 436 2891 566 2950">
     <span class='ocr_line' id='line_1_43' title="bbox 436 2891 566 2950; baseline 0.023 -5"><span class='ocrx_word' id='word_1_277' title='bbox 436 2891 566 2950; x_wconf 75' lang='lat' dir='ltr'><strong>lant</strong></span> 
     </span>
    </p>
   </div>
   <div class='ocr_carea' id='block_1_44' title="bbox 507 2983 2020 3061">
    <p class='ocr_par' dir='ltr' id='par_1_44' title="bbox 507 2983 2020 3061">
     <span class='ocr_line' id='line_1_44' title="bbox 507 2983 2020 3061; baseline 0.006 -24"><span class='ocrx_word' id='word_1_278' title='bbox 507 2984 632 3039; x_wconf 65' lang='lat'><strong>154.</strong></span> <span class='ocrx_word' id='word_1_279' title='bbox 677 2983 983 3056; x_wconf 80' lang='lat' dir='ltr'><strong>Septimum</strong></span> <span class='ocrx_word' id='word_1_280' title='bbox 1019 2987 1199 3043; x_wconf 89' lang='lat' dir='ltr'><strong>inanis</strong></span> <span class='ocrx_word' id='word_1_281' title='bbox 1229 2989 1420 3059; x_wconf 69' lang='lat' dir='ltr'><strong>gloriae</strong></span> <span class='ocrx_word' id='word_1_282' title='bbox 1450 2988 1670 3056; x_wconf 77' lang='lat' dir='ltr'><strong>vitium,</strong></span> <span class='ocrx_word' id='word_1_283' title='bbox 1695 2989 1791 3061; x_wconf 86' lang='lat' dir='ltr'><strong>qui</strong></span> <span class='ocrx_word' id='word_1_284' title='bbox 1826 2998 1887 3046; x_wconf 93' lang='lat' dir='ltr'><strong>ut</strong></span> <span class='ocrx_word' id='word_1_285' title='bbox 1919 3005 2020 3046; x_wconf 87' lang='lat' dir='ltr'><strong>cx-</strong></span> 
     </span>
    </p>
   </div>
   <div class='ocr_carea' id='block_1_45' title="bbox 440 3078 2022 3147">
    <p class='ocr_par' dir='ltr' id='par_1_45' title="bbox 440 3078 2022 3147">
     <span class='ocr_line' id='line_1_45' title="bbox 440 3078 2022 3147; baseline 0.002 -15"><span class='ocrx_word' id='word_1_286' title='bbox 440 3086 672 3132; x_wconf 84' lang='lat' dir='ltr'><strong>tremam</strong></span> <span class='ocrx_word' id='word_1_287' title='bbox 719 3078 962 3135; x_wconf 85' lang='lat' dir='ltr'><strong>tunicam</strong></span> <span class='ocrx_word' id='word_1_288' title='bbox 1007 3089 1270 3137; x_wconf 78' lang='lat' dir='ltr'><strong>excutere</strong></span> <span class='ocrx_word' id='word_1_289' title='bbox 1310 3081 1446 3138; x_wconf 85' lang='lat' dir='ltr'><strong>velit</strong></span> <span class='ocrx_word' id='word_1_290' title='bbox 1486 3082 1725 3147; x_wconf 90' lang='lat' dir='ltr'><strong>animus,</strong></span> <span class='ocrx_word' id='word_1_291' title='bbox 1771 3081 1878 3136; x_wconf 89' lang='lat' dir='ltr'><strong>nisi</strong></span> <span class='ocrx_word' id='word_1_292' title='bbox 1924 3081 2022 3136; x_wconf 87' lang='lat' dir='ltr'><strong>illo</strong></span> 
     </span>
    </p>
   </div>
   <div class='ocr_carea' id='block_1_46' title="bbox 437 3170 2024 3244">
    <p class='ocr_par' dir='ltr' id='par_1_46' title="bbox 437 3170 2024 3244">
     <span class='ocr_line' id='line_1_46' title="bbox 437 3170 2024 3244; baseline 0.003 -21"><span class='ocrx_word' id='word_1_293' title='bbox 437 3170 724 3239; x_wconf 82' lang='lat' dir='ltr'><strong>superiora</strong></span> <span class='ocrx_word' id='word_1_294' title='bbox 768 3171 1017 3237; x_wconf 86' lang='lat' dir='ltr'><strong>exuerit,</strong></span> <span class='ocrx_word' id='word_1_295' title='bbox 1070 3172 1219 3230; x_wconf 84' lang='lat' dir='ltr'><strong>haud</strong></span> <span class='ocrx_word' id='word_1_296' title='bbox 1267 3173 1440 3243; x_wconf 90' lang='lat' dir='ltr'><strong>possit</strong></span> <span class='ocrx_word' id='word_1_297' title='bbox 1483 3181 1734 3229; x_wconf 86' lang='lat' dir='ltr'><strong>octavam</strong></span> <span class='ocrx_word' id='word_1_298' title='bbox 1779 3181 2024 3244; x_wconf 82' lang='lat' dir='ltr'><strong>postmo-</strong></span> 
     </span>
    </p>
   </div>
   <div class='ocr_carea' id='block_1_47' title="bbox 437 3259 2021 3334">
    <p class='ocr_par' dir='ltr' id='par_1_47' title="bbox 437 3259 2021 3334">
     <span class='ocr_line' id='line_1_47' title="bbox 437 3259 2021 3334; baseline 0.003 -21"><span class='ocrx_word' id='word_1_299' title='bbox 437 3259 568 3314; x_wconf 85' lang='lat' dir='ltr'><strong>dum</strong></span> <span class='ocrx_word' id='word_1_300' title='bbox 589 3259 996 3330; x_wconf 84' lang='lat' dir='ltr'><strong>superinduere</strong></span> <span class='ocrx_word' id='word_1_301' title='bbox 1024 3263 1440 3334; x_wconf 84' lang='lat' dir='ltr'><strong>cogitationem,</strong></span> <span class='ocrx_word' id='word_1_302' title='bbox 1471 3280 1636 3334; x_wconf 90' lang='lat' dir='ltr'><strong>quam</strong></span> <span class='ocrx_word' id='word_1_303' title='bbox 1661 3273 1718 3319; x_wconf 91' lang='lat' dir='ltr'><strong>et</strong></span> <span class='ocrx_word' id='word_1_304' title='bbox 1738 3265 2021 3321; x_wconf 85' lang='lat' dir='ltr'><strong>caelestem</strong></span> 
     </span>
    </p>
   </div>
   <div class='ocr_carea' id='block_1_48' title="bbox 440 3351 2024 3425">
    <p class='ocr_par' dir='ltr' id='par_1_48' title="bbox 440 3351 2024 3425">
     <span class='ocr_line' id='line_1_48' title="bbox 440 3351 2024 3425; baseline 0.003 -20"><span class='ocrx_word' id='word_1_305' title='bbox 440 3351 838 3408; x_wconf 86' lang='lat' dir='ltr'><strong>habitationem</strong></span> <span class='ocrx_word' id='word_1_306' title='bbox 868 3367 1071 3409; x_wconf 87' lang='lat' dir='ltr'><strong>vocare</strong></span> <span class='ocrx_word' id='word_1_307' title='bbox 1104 3355 1260 3410; x_wconf 89' lang='lat' dir='ltr'><strong>novit</strong></span> <span class='ocrx_word' id='word_1_308' title='bbox 1279 3355 1504 3410; x_wconf 84' lang='lat' dir='ltr'><strong>divinus</strong></span> <span class='ocrx_word' id='word_1_309' title='bbox 1531 3355 1832 3425; x_wconf 88' lang='lat' dir='ltr'><strong>Apostolus</strong></span> <span class='ocrx_word' id='word_1_310' title='bbox 1864 3357 1931 3421; x_wconf 77' lang='grc'><strong>³⁸,</strong></span> <span class='ocrx_word' id='word_1_311' title='bbox 1957 3371 2024 3410; x_wconf 91' lang='lat' dir='ltr'><strong>ac</strong></span> 
     </span>
    </p>
   </div>
   <div class='ocr_carea' id='block_1_49' title="bbox 436 3446 2021 3520">
    <p class='ocr_par' dir='ltr' id='par_1_49' title="bbox 436 3446 2021 3520">
     <span class='ocr_line' id='line_1_49' title="bbox 436 3446 2021 3520; baseline 0.001 -18"><span class='ocrx_word' id='word_1_312' title='bbox 436 3461 537 3515; x_wconf 88' lang='lat' dir='ltr'><strong>per</strong></span> <span class='ocrx_word' id='word_1_313' title='bbox 585 3446 825 3517; x_wconf 85' lang='lat' dir='ltr'><strong>gemitus</strong></span> <span class='ocrx_word' id='word_1_314' title='bbox 879 3461 1007 3504; x_wconf 90' lang='lat' dir='ltr'><strong>eum</strong></span> <span class='ocrx_word' id='word_1_315' title='bbox 1057 3447 1490 3518; x_wconf 88' lang='lat' dir='ltr'><strong>superinduere,</strong></span> <span class='ocrx_word' id='word_1_316' title='bbox 1543 3447 1638 3519; x_wconf 89' lang='lat' dir='ltr'><strong>qui</strong></span> <span class='ocrx_word' id='word_1_317' title='bbox 1687 3449 1809 3520; x_wconf 87' lang='lat' dir='ltr'><strong>ejus</strong></span> <span class='ocrx_word' id='word_1_318' title='bbox 1855 3463 2021 3504; x_wconf 90' lang='lat' dir='ltr'><strong>causa</strong></span> 
     </span>
    </p>
   </div>
   <div class='ocr_carea' id='block_1_50' title="bbox 439 3539 1178 3596">
    <p class='ocr_par' dir='ltr' id='par_1_50' title="bbox 439 3539 1178 3596">
     <span class='ocr_line' id='line_1_50' title="bbox 439 3539 1178 3596; baseline -0.003 0"><span class='ocrx_word' id='word_1_319' title='bbox 439 3539 678 3596; x_wconf 83' lang='lat' dir='ltr'><strong>terrenis</strong></span> <span class='ocrx_word' id='word_1_320' title='bbox 711 3540 845 3594; x_wconf 89' lang='lat' dir='ltr'><strong>nudi</strong></span> <span class='ocrx_word' id='word_1_321' title='bbox 883 3541 1178 3596; x_wconf 84' lang='lat' dir='ltr'><strong>exsistant.</strong></span> 
     </span>
    </p>
   </div>
   <div class='ocr_carea' id='block_1_51' title="bbox 507 3628 2021 3700">
    <p class='ocr_par' dir='ltr' id='par_1_51' title="bbox 507 3628 2021 3700">
     <span class='ocr_line' id='line_1_51' title="bbox 507 3628 2021 3700; baseline 0.002 -16"><span class='ocrx_word' id='word_1_322' title='bbox 507 3629 632 3684; x_wconf 80' lang='grc'><strong>155.</strong></span> <span class='ocrx_word' id='word_1_323' title='bbox 670 3628 937 3686; x_wconf 71' lang='lat' dir='ltr'><strong>Perfecta:</strong></span> <span class='ocrx_word' id='word_1_324' title='bbox 967 3630 1202 3684; x_wconf 82' lang='lat' dir='ltr'><strong>orationi</strong></span> <span class='ocrx_word' id='word_1_325' title='bbox 1233 3629 1400 3700; x_wconf 84' lang='lat' dir='ltr'><strong>objici</strong></span> <span class='ocrx_word' id='word_1_326' title='bbox 1427 3629 1608 3686; x_wconf 89' lang='lat' dir='ltr'><strong>solent</strong></span> <span class='ocrx_word' id='word_1_327' title='bbox 1635 3629 2021 3700; x_wconf 85' lang='lat' dir='ltr'><strong>cogitationes,</strong></span> 
     </span>
    </p>
   </div>
   <div class='ocr_carea' id='block_1_52' title="bbox 437 3713 2026 3786">
    <p class='ocr_par' dir='ltr' id='par_1_52' title="bbox 437 3713 2026 3786">
     <span class='ocr_line' id='line_1_52' title="bbox 437 3713 2026 3786; baseline 0.006 -20"><span class='ocrx_word' id='word_1_328' title='bbox 437 3714 650 3784; x_wconf 80' lang='lat' dir='ltr'><strong>angeli;</strong></span> <span class='ocrx_word' id='word_1_329' title='bbox 713 3713 945 3780; x_wconf 72' lang='lat' dir='ltr'><strong>mediae,</strong></span> <span class='ocrx_word' id='word_1_330' title='bbox 989 3715 1300 3786; x_wconf 89' lang='lat' dir='ltr'><strong>spiritales;</strong></span> <span class='ocrx_word' id='word_1_331' title='bbox 1367 3717 1816 3786; x_wconf 72' lang='lat' dir='ltr'><strong>rudimentariae,</strong></span> <span class='ocrx_word' id='word_1_332' title='bbox 1863 3729 2026 3776; x_wconf 91' lang='lat' dir='ltr'><strong>natu-</strong></span> 
     </span>
    </p>
   </div>
   <div class='ocr_carea' id='block_1_53' title="bbox 443 3807 609 3862">
    <p class='ocr_par' dir='ltr' id='par_1_53' title="bbox 443 3807 609 3862">
     <span class='ocr_line' id='line_1_53' title="bbox 443 3807 609 3862; baseline 0.012 -3"><span class='ocrx_word' id='word_1_333' title='bbox 443 3807 609 3862; x_wconf 85' lang='lat' dir='ltr'><strong>rales.</strong></span> 
     </span>
    </p>
   </div>
   <div class='ocr_carea' id='block_1_54' title="bbox 509 3898 2025 3978">
    <p class='ocr_par' dir='ltr' id='par_1_54' title="bbox 509 3898 2025 3978">
     <span class='ocr_line' id='line_1_54' title="bbox 509 3898 2025 3978; baseline 0.006 -25"><span class='ocrx_word' id='word_1_334' title='bbox 509 3898 633 3955; x_wconf 80' lang='grc'><strong>156.</strong></span> <span class='ocrx_word' id='word_1_335' title='bbox 668 3898 1144 3967; x_wconf 84' lang='lat' dir='ltr'><strong>Quemadmodum</strong></span> <span class='ocrx_word' id='word_1_336' title='bbox 1181 3903 1336 3974; x_wconf 86' lang='lat' dir='ltr'><strong>grani</strong></span> <span class='ocrx_word' id='word_1_337' title='bbox 1375 3919 1642 3975; x_wconf 88' lang='lat' dir='ltr'><strong>generosa</strong></span> <span class='ocrx_word' id='word_1_338' title='bbox 1671 3905 1756 3961; x_wconf 84' lang='lat' dir='ltr'><strong>vis</strong></span> <span class='ocrx_word' id='word_1_339' title='bbox 1787 3922 1884 3976; x_wconf 88' lang='lat' dir='ltr'><strong>per</strong></span> <span class='ocrx_word' id='word_1_340' title='bbox 1915 3907 2025 3978; x_wconf 89' lang='lat' dir='ltr'><strong>spi-</strong></span> 
     </span>
    </p>
   </div>
   <div class='ocr_carea' id='block_1_55' title="bbox 437 3991 2023 4065">
    <p class='ocr_par' dir='ltr' id='par_1_55' title="bbox 437 3991 2023 4065">
     <span class='ocr_line' id='line_1_55' title="bbox 437 3991 2023 4065; baseline 0.004 -20"><span class='ocrx_word' id='word_1_341' title='bbox 437 4005 558 4045; x_wconf 90' lang='lat' dir='ltr'><strong>cam</strong></span> <span class='ocrx_word' id='word_1_342' title='bbox 601 3991 942 4047; x_wconf 83' lang='lat' dir='ltr'><strong>manifestari</strong></span> <span class='ocrx_word' id='word_1_343' title='bbox 979 3993 1139 4056; x_wconf 86' lang='lat' dir='ltr'><strong>solet,</strong></span> <span class='ocrx_word' id='word_1_344' title='bbox 1186 3995 1268 4048; x_wconf 91' lang='lat' dir='ltr'><strong>sic</strong></span> <span class='ocrx_word' id='word_1_345' title='bbox 1302 4003 1359 4049; x_wconf 85' lang='lat' dir='ltr'><strong>et</strong></span> <span class='ocrx_word' id='word_1_346' title='bbox 1406 3995 1892 4065; x_wconf 87' lang='lat' dir='ltr'><strong>contemplationis</strong></span> <span class='ocrx_word' id='word_1_347' title='bbox 1931 4011 2023 4052; x_wconf 80' lang='lat' dir='ltr'><strong>ve-</strong></span> 
     </span>
    </p>
   </div>
   <div class='ocr_carea' id='block_1_56' title="bbox 437 4082 2022 4156">
    <p class='ocr_par' dir='ltr' id='par_1_56' title="bbox 437 4082 2022 4156">
     <span class='ocr_line' id='line_1_56' title="bbox 437 4082 2022 4156; baseline 0.006 -22"><span class='ocrx_word' id='word_1_348' title='bbox 437 4082 574 4138; x_wconf 89' lang='lat' dir='ltr'><strong>ritas</strong></span> <span class='ocrx_word' id='word_1_349' title='bbox 597 4097 698 4152; x_wconf 90' lang='lat' dir='ltr'><strong>per</strong></span> <span class='ocrx_word' id='word_1_350' title='bbox 725 4084 1054 4138; x_wconf 87' lang='lat' dir='ltr'><strong>orationem.</strong></span> <span class='ocrx_word' id='word_1_351' title='bbox 1089 4084 1168 4138; x_wconf 83' lang='lat' dir='ltr'><strong>Ac</strong></span> <span class='ocrx_word' id='word_1_352' title='bbox 1201 4085 1349 4155; x_wconf 86' lang='lat' dir='ltr'><strong>spica</strong></span> <span class='ocrx_word' id='word_1_353' title='bbox 1379 4085 1602 4156; x_wconf 92' lang='lat' dir='ltr'><strong>quidem</strong></span> <span class='ocrx_word' id='word_1_354' title='bbox 1636 4087 1785 4142; x_wconf 89' lang='lat' dir='ltr'><strong>velut</strong></span> <span class='ocrx_word' id='word_1_355' title='bbox 1815 4098 2022 4143; x_wconf 88' lang='lat' dir='ltr'><strong>armata</strong></span> 
     </span>
    </p>
   </div>
   <div class='ocr_carea' id='block_1_57' title="bbox 437 4171 2020 4248">
    <p class='ocr_par' dir='ltr' id='par_1_57' title="bbox 437 4171 2020 4248">
     <span class='ocr_line' id='line_1_57' title="bbox 437 4171 2020 4248; baseline 0.006 -23"><span class='ocrx_word' id='word_1_356' title='bbox 437 4171 686 4242; x_wconf 69' lang='lat' dir='ltr'><strong>quaedam</strong></span> <span class='ocrx_word' id='word_1_357' title='bbox 737 4175 947 4244; x_wconf 89' lang='lat' dir='ltr'><strong>spicula</strong></span> <span class='ocrx_word' id='word_1_358' title='bbox 993 4176 1201 4231; x_wconf 88' lang='lat' dir='ltr'><strong>circum</strong></span> <span class='ocrx_word' id='word_1_359' title='bbox 1249 4177 1448 4232; x_wconf 86' lang='lat' dir='ltr'><strong>aristas</strong></span> <span class='ocrx_word' id='word_1_360' title='bbox 1495 4177 1682 4242; x_wconf 86' lang='lat' dir='ltr'><strong>habet,</strong></span> <span class='ocrx_word' id='word_1_361' title='bbox 1724 4193 1848 4248; x_wconf 72' lang='lat' dir='ltr'><strong>quae</strong></span> <span class='ocrx_word' id='word_1_362' title='bbox 1889 4194 2020 4233; x_wconf 80' lang='lat' dir='ltr'><strong>aves</strong></span> 
     </span>
    </p>
   </div>
   <div class='ocr_carea' id='block_1_58' title="bbox 438 4267 2021 4342">
    <p class='ocr_par' dir='ltr' id='par_1_58' title="bbox 438 4267 2021 4342">
     <span class='ocr_line' id='line_1_58' title="bbox 438 4267 2021 4342; baseline 0.004 -22"><span class='ocrx_word' id='word_1_363' title='bbox 438 4267 647 4322; x_wconf 81' lang='lat' dir='ltr'><strong>semina</strong></span> <span class='ocrx_word' id='word_1_364' title='bbox 696 4268 944 4340; x_wconf 84' lang='lat' dir='ltr'><strong>legentes</strong></span> <span class='ocrx_word' id='word_1_365' title='bbox 991 4279 1251 4336; x_wconf 83' lang='lat' dir='ltr'><strong>arceant;</strong></span> <span class='ocrx_word' id='word_1_366' title='bbox 1291 4271 1468 4326; x_wconf 87' lang='lat' dir='ltr'><strong>oratio</strong></span> <span class='ocrx_word' id='word_1_367' title='bbox 1507 4287 1641 4326; x_wconf 84' lang='lat' dir='ltr'><strong>vero</strong></span> <span class='ocrx_word' id='word_1_368' title='bbox 1677 4287 1772 4327; x_wconf 89' lang='lat' dir='ltr'><strong>eas</strong></span> <span class='ocrx_word' id='word_1_369' title='bbox 1813 4271 2021 4342; x_wconf 85' lang='lat' dir='ltr'><strong>cogita-</strong></span> 
     </span>
    </p>
   </div>
   <div class='ocr_carea' id='block_1_59' title="bbox 437 4357 2020 4432">
    <p class='ocr_par' dir='ltr' id='par_1_59' title="bbox 437 4357 2020 4432">
     <span class='ocr_line' id='line_1_59' title="bbox 437 4357 2020 4432; baseline 0.004 -20"><span class='ocrx_word' id='word_1_370' title='bbox 437 4357 619 4414; x_wconf 83' lang='lat' dir='ltr'><strong>tiones</strong></span> <span class='ocrx_word' id='word_1_371' title='bbox 645 4375 768 4429; x_wconf 70' lang='lat' dir='ltr'><strong>quze</strong></span> <span class='ocrx_word' id='word_1_372' title='bbox 803 4361 1266 4432; x_wconf 87' lang='lat' dir='ltr'><strong>philosophantur</strong></span> <span class='ocrx_word' id='word_1_373' title='bbox 1296 4363 1352 4418; x_wconf 92' lang='lat' dir='ltr'><strong>in</strong></span> <span class='ocrx_word' id='word_1_374' title='bbox 1383 4362 1803 4428; x_wconf 86' lang='lat' dir='ltr'><strong>tentationibus,</strong></span> <span class='ocrx_word' id='word_1_375' title='bbox 1833 4373 1894 4418; x_wconf 90' lang='lat' dir='ltr'><strong>ut</strong></span> <span class='ocrx_word' id='word_1_376' title='bbox 1921 4363 2020 4418; x_wconf 89' lang='lat' dir='ltr'><strong>ad-</strong></span> 
     </span>
    </p>
   </div>
   <div class='ocr_carea' id='block_1_60' title="bbox 436 4452 1108 4507">
    <p class='ocr_par' dir='ltr' id='par_1_60' title="bbox 436 4452 1108 4507">
     <span class='ocr_line' id='line_1_60' title="bbox 436 4452 1108 4507; baseline 0.007 -6"><span class='ocrx_word' id='word_1_377' title='bbox 436 4459 726 4506; x_wconf 87' lang='lat' dir='ltr'><strong>versantes</strong></span> <span class='ocrx_word' id='word_1_378' title='bbox 761 4452 1108 4507; x_wconf 82' lang='lat' dir='ltr'><strong>interimant.</strong></span> 
     </span>
    </p>
   </div>
   <div class='ocr_carea' id='block_1_61' title="bbox 511 4543 2022 4616">
    <p class='ocr_par' dir='ltr' id='par_1_61' title="bbox 511 4543 2022 4616">
     <span class='ocr_line' id='line_1_61' title="bbox 511 4543 2022 4616; baseline 0.005 -19"><span class='ocrx_word' id='word_1_379' title='bbox 511 4544 633 4599; x_wconf 87' lang='grc'><strong>157.</strong></span> <span class='ocrx_word' id='word_1_380' title='bbox 669 4543 801 4611; x_wconf 67' lang='lat' dir='ltr'><strong>Qua:</strong></span> <span class='ocrx_word' id='word_1_381' title='bbox 843 4544 1011 4600; x_wconf 90' lang='lat' dir='ltr'><strong>animi</strong></span> <span class='ocrx_word' id='word_1_382' title='bbox 1051 4546 1232 4601; x_wconf 85' lang='lat' dir='ltr'><strong>oculis</strong></span> <span class='ocrx_word' id='word_1_383' title='bbox 1280 4546 1579 4616; x_wconf 89' lang='lat' dir='ltr'><strong>conspicua</strong></span> <span class='ocrx_word' id='word_1_384' title='bbox 1617 4557 1746 4604; x_wconf 87' lang='lat' dir='ltr'><strong>sunt</strong></span> <span class='ocrx_word' id='word_1_385' title='bbox 1782 4547 2022 4616; x_wconf 90' lang='lat' dir='ltr'><strong>(actione</strong></span> 
     </span>
    </p>
   </div>
   <div class='ocr_carea' id='block_1_62' title="bbox 436 4634 2018 4710">
    <p class='ocr_par' dir='ltr' id='par_1_62' title="bbox 436 4634 2018 4710">
     <span class='ocr_line' id='line_1_62' title="bbox 436 4634 2018 4710; baseline 0.002 -19"><span class='ocrx_word' id='word_1_386' title='bbox 436 4634 675 4702; x_wconf 84' lang='lat' dir='ltr'><strong>scilicet)</strong></span> <span class='ocrx_word' id='word_1_387' title='bbox 697 4638 849 4691; x_wconf 89' lang='lat' dir='ltr'><strong>velut</strong></span> <span class='ocrx_word' id='word_1_388' title='bbox 873 4636 1144 4692; x_wconf 67' lang='lat' dir='ltr'><strong>columbae</strong></span> <span class='ocrx_word' id='word_1_389' title='bbox 1170 4654 1362 4708; x_wconf 72' lang='lat' dir='ltr'><strong>penum</strong></span> <span class='ocrx_word' id='word_1_390' title='bbox 1389 4639 1757 4710; x_wconf 76' lang='lat' dir='ltr'><strong>deargentatm</strong></span> <span class='ocrx_word' id='word_1_391' title='bbox 1784 4650 1914 4694; x_wconf 90' lang='lat' dir='ltr'><strong>sunt</strong></span> <span class='ocrx_word' id='word_1_392' title='bbox 1938 4641 1982 4671; x_wconf 80' lang='grc'><strong>³⁷</strong></span> <span class='ocrx_word' id='word_1_393' title='bbox 2005 4659 2018 4694; x_wconf 92' lang='lat'><strong>:</strong></span> 
     </span>
    </p>
   </div>
   <div class='ocr_carea' id='block_1_63' title="bbox 2191 1784 3716 1862">
    <p class='ocr_par' dir='ltr' id='par_1_63' title="bbox 2191 1784 3716 1862">
     <span class='ocr_line' id='line_1_63' title="bbox 2191 1784 3716 1862; baseline -0.005 -20"><span class='ocrx_word' id='word_1_394' title='bbox 2191 1789 2326 1862; x_wconf 85' lang='grc' dir='ltr'><strong>ρλβ’.</strong></span> <span class='ocrx_word' id='word_1_395' title='bbox 2361 1789 2459 1852; x_wconf 87' lang='grc' dir='ltr'><strong>’Ὡς</strong></span> <span class='ocrx_word' id='word_1_396' title='bbox 2492 1805 2639 1852; x_wconf 83' lang='grc' dir='ltr'><strong>τινες</strong></span> <span class='ocrx_word' id='word_1_397' title='bbox 2684 1786 2748 1842; x_wconf 86' lang='grc' dir='ltr'><strong>ἐκ</strong></span> <span class='ocrx_word' id='word_1_398' title='bbox 2780 1787 2945 1858; x_wconf 78' lang='grc' dir='ltr'><strong>βυθοῦ</strong></span> <span class='ocrx_word' id='word_1_399' title='bbox 2977 1785 3404 1858; x_wconf 82' lang='grc' dir='ltr'><strong>ἀναφερόμενοι,</strong></span> <span class='ocrx_word' id='word_1_400' title='bbox 3442 1784 3541 1838; x_wconf 84' lang='grc' dir='ltr'><strong>καί</strong></span> <span class='ocrx_word' id='word_1_401' title='bbox 3571 1799 3716 1846; x_wconf 79' lang='grc' dir='ltr'><strong>τινος</strong></span> 
     </span>
    </p>
   </div>
   <div class='ocr_carea' id='block_1_64' title="bbox 2120 1873 3717 1954">
    <p class='ocr_par' dir='ltr' id='par_1_64' title="bbox 2120 1873 3717 1954">
     <span class='ocr_line' id='line_1_64' title="bbox 2120 1873 3717 1954; baseline -0.004 -21"><span class='ocrx_word' id='word_1_402' title='bbox 2120 1883 2199 1945; x_wconf 80' lang='grc' dir='ltr'><strong>είς</strong></span> <span class='ocrx_word' id='word_1_403' title='bbox 2257 1881 2510 1954; x_wconf 80' lang='grc' dir='ltr'><strong>βοήθειαν</strong></span> <span class='ocrx_word' id='word_1_404' title='bbox 2573 1873 2932 1936; x_wconf 75' lang='grc' dir='ltr'><strong>ἐπιλαϐέσθαι</strong></span> <span class='ocrx_word' id='word_1_405' title='bbox 2981 1877 3345 1948; x_wconf 82' lang='grc' dir='ltr'><strong>πειρώμενοι,</strong></span> <span class='ocrx_word' id='word_1_406' title='bbox 3377 1879 3432 1930; x_wconf 74' lang='grc' dir='ltr'><strong>οἱ</strong></span> <span class='ocrx_word' id='word_1_407' title='bbox 3485 1876 3717 1944; x_wconf 68' lang='grc' dir='ltr'><strong>πονηροὶ</strong></span> 
     </span>
    </p>
   </div>
   <div class='ocr_carea' id='block_1_65' title="bbox 2124 1969 3718 2046">
    <p class='ocr_par' dir='ltr' id='par_1_65' title="bbox 2124 1969 3718 2046">
     <span class='ocr_line' id='line_1_65' title="bbox 2124 1969 3718 2046; baseline -0.003 -18"><span class='ocrx_word' id='word_1_408' title='bbox 2124 1975 2378 2046; x_wconf 68' lang='grc' dir='ltr'><strong>λογισμοὶ</strong></span> <span class='ocrx_word' id='word_1_409' title='bbox 2405 1975 2820 2044; x_wconf 78' lang='grc' dir='ltr'><strong>εὑρεθήσονται,</strong></span> <span class='ocrx_word' id='word_1_410' title='bbox 2833 1973 3034 2028; x_wconf 81' lang='grc' dir='ltr'><strong>ὁλκάδα</strong></span> <span class='ocrx_word' id='word_1_411' title='bbox 3063 1973 3340 2044; x_wconf 66' lang='grc' dir='ltr'><strong>καθάπερ,</strong></span> <span class='ocrx_word' id='word_1_412' title='bbox 3364 1969 3718 2025; x_wconf 78' lang='grc' dir='ltr'><strong>κινδυνευού-</strong></span> 
     </span>
    </p>
   </div>
   <div class='ocr_carea' id='block_1_66' title="bbox 2121 2060 3306 2148">
    <p class='ocr_par' dir='ltr' id='par_1_66' title="bbox 2121 2060 3306 2148">
     <span class='ocr_line' id='line_1_66' title="bbox 2121 2060 3306 2148; baseline -0.003 -28"><span class='ocrx_word' id='word_1_413' title='bbox 2121 2083 2225 2137; x_wconf 81' lang='grc' dir='ltr'><strong>σης</strong></span> <span class='ocrx_word' id='word_1_414' title='bbox 2257 2067 2359 2137; x_wconf 80' lang='grc' dir='ltr'><strong>τῆς</strong></span> <span class='ocrx_word' id='word_1_415' title='bbox 2383 2067 2586 2130; x_wconf 80' lang='grc' dir='ltr'><strong>κακίας</strong></span> <span class='ocrx_word' id='word_1_416' title='bbox 2624 2061 2879 2148; x_wconf 77' lang='grc' dir='ltr'><strong>δακρύων</strong></span> <span class='ocrx_word' id='word_1_417' title='bbox 2911 2060 3306 2131; x_wconf 77' lang='grc' dir='ltr'><strong>κατακλυσμῷ.</strong></span> 
     </span>
    </p>
   </div>
   <div class='ocr_carea' id='block_1_67' title="bbox 2195 2241 3711 2319">
    <p class='ocr_par' dir='ltr' id='par_1_67' title="bbox 2195 2241 3711 2319">
     <span class='ocr_line' id='line_1_67' title="bbox 2195 2241 3711 2319; baseline -0.003 -21"><span class='ocrx_word' id='word_1_418' title='bbox 2195 2245 2326 2319; x_wconf 77' lang='grc' dir='ltr'><strong>ρλγ’.</strong></span> <span class='ocrx_word' id='word_1_419' title='bbox 2357 2247 2518 2301; x_wconf 81' lang='grc' dir='ltr'><strong>Κατά</strong></span> <span class='ocrx_word' id='word_1_420' title='bbox 2543 2245 2642 2316; x_wconf 77' lang='grc' dir='ltr'><strong>τὴν</strong></span> <span class='ocrx_word' id='word_1_421' title='bbox 2687 2245 3053 2317; x_wconf 79' lang='grc' dir='ltr'><strong>ὑποκειμένην</strong></span> <span class='ocrx_word' id='word_1_422' title='bbox 3081 2244 3348 2313; x_wconf 80' lang='grc' dir='ltr'><strong>ποιότητα</strong></span> <span class='ocrx_word' id='word_1_423' title='bbox 3374 2243 3482 2312; x_wconf 76' lang='grc' dir='ltr'><strong>τῆς</strong></span> <span class='ocrx_word' id='word_1_424' title='bbox 3513 2241 3711 2311; x_wconf 71' lang='grc' dir='ltr'><strong>ψυχῆς,</strong></span> 
     </span>
    </p>
   </div>
   <div class='ocr_carea' id='block_1_68' title="bbox 2122 2335 3713 2414">
    <p class='ocr_par' dir='ltr' id='par_1_68' title="bbox 2122 2335 3713 2414">
     <span class='ocr_line' id='line_1_68' title="bbox 2122 2335 3713 2414; baseline -0.003 -21"><span class='ocrx_word' id='word_1_425' title='bbox 2122 2341 2156 2414; x_wconf 76' lang='grc' dir='ltr'>ἢ</span> <span class='ocrx_word' id='word_1_426' title='bbox 2189 2341 2266 2405; x_wconf 79' lang='grc' dir='ltr'><strong>ὡς</strong></span> <span class='ocrx_word' id='word_1_427' title='bbox 2305 2339 2565 2412; x_wconf 80' lang='grc' dir='ltr'><strong>πειραταὶ</strong></span> <span class='ocrx_word' id='word_1_428' title='bbox 2618 2337 3059 2403; x_wconf 79' lang='grc' dir='ltr'><strong>καταποντίζειν,</strong></span> <span class='ocrx_word' id='word_1_429' title='bbox 3084 2338 3116 2408; x_wconf 75' lang='grc' dir='ltr'>ἦ</span> <span class='ocrx_word' id='word_1_430' title='bbox 3140 2337 3216 2401; x_wconf 80' lang='grc' dir='ltr'><strong>ὡς</strong></span> <span class='ocrx_word' id='word_1_431' title='bbox 3244 2337 3438 2406; x_wconf 78' lang='grc' dir='ltr'><strong>ἐρέται</strong></span> <span class='ocrx_word' id='word_1_432' title='bbox 3469 2335 3713 2405; x_wconf 73' lang='grc' dir='ltr'><strong>συμϐοη-</strong></span> 
     </span>
    </p>
   </div>
   <div class='ocr_carea' id='block_1_69' title="bbox 2124 2429 3713 2502">
    <p class='ocr_par' dir='ltr' id='par_1_69' title="bbox 2124 2429 3713 2502">
     <span class='ocr_line' id='line_1_69' title="bbox 2124 2429 3713 2502; baseline -0.005 -15"><span class='ocrx_word' id='word_1_433' title='bbox 2124 2433 2238 2488; x_wconf 79' lang='grc' dir='ltr'><strong>θείν</strong></span> <span class='ocrx_word' id='word_1_434' title='bbox 2271 2431 2678 2502; x_wconf 74' lang='grc' dir='ltr'><strong>κινδυνευούσῃ.</strong></span> <span class='ocrx_word' id='word_1_435' title='bbox 2712 2432 2762 2502; x_wconf 76' lang='lat'><strong>9‘.</strong></span> <span class='ocrx_word' id='word_1_436' title='bbox 2813 2431 2940 2500; x_wconf 72' lang='grc' dir='ltr'><strong>περὶ</strong></span> <span class='ocrx_word' id='word_1_437' title='bbox 2972 2429 3142 2500; x_wconf 73' lang='grc' dir='ltr'><strong>αὐτὴν</strong></span> <span class='ocrx_word' id='word_1_438' title='bbox 3184 2431 3525 2497; x_wconf 74' lang='grc' dir='ltr'><strong>συνάγονται</strong></span> <span class='ocrx_word' id='word_1_439' title='bbox 3566 2429 3713 2494; x_wconf 80' lang='grc' dir='ltr'><strong>λογι-</strong></span> 
     </span>
    </p>
   </div>
   <div class='ocr_carea' id='block_1_70' title="bbox 2123 2519 3713 2596">
    <p class='ocr_par' dir='ltr' id='par_1_70' title="bbox 2123 2519 3713 2596">
     <span class='ocr_line' id='line_1_70' title="bbox 2123 2519 3713 2596; baseline -0.006 -16"><span class='ocrx_word' id='word_1_440' title='bbox 2123 2525 2286 2596; x_wconf 79' lang='grc' dir='ltr'><strong>σμοί·</strong></span> <span class='ocrx_word' id='word_1_441' title='bbox 2344 2525 2396 2578; x_wconf 87' lang='grc' dir='ltr'><strong>οἱ</strong></span> <span class='ocrx_word' id='word_1_442' title='bbox 2441 2525 2541 2594; x_wconf 83' lang='grc' dir='ltr'><strong>μὲν</strong></span> <span class='ocrx_word' id='word_1_443' title='bbox 2588 2522 2724 2594; x_wconf 77' lang='grc' dir='ltr'><strong>πρὸς</strong></span> <span class='ocrx_word' id='word_1_444' title='bbox 2772 2523 3009 2589; x_wconf 77' lang='grc' dir='ltr'><strong>πέλαγος</strong></span> <span class='ocrx_word' id='word_1_445' title='bbox 3046 2520 3266 2574; x_wconf 76' lang='grc' dir='ltr'><strong>ἐννοιῶν</strong></span> <span class='ocrx_word' id='word_1_446' title='bbox 3300 2520 3566 2581; x_wconf 72' lang='grc' dir='ltr'><strong>ἕλκοντες</strong></span> <span class='ocrx_word' id='word_1_447' title='bbox 3611 2519 3713 2571; x_wconf 81' lang='grc' dir='ltr'><strong>τῶν</strong></span> 
     </span>
    </p>
   </div>
   <div class='ocr_carea' id='block_1_71' title="bbox 2122 2607 3718 2690">
    <p class='ocr_par' dir='ltr' id='par_1_71' title="bbox 2122 2607 3718 2690">
     <span class='ocr_line' id='line_1_71' title="bbox 2122 2607 3718 2690; baseline -0.006 -18"><span class='ocrx_word' id='word_1_448' title='bbox 2122 2617 2390 2690; x_wconf 84' lang='grc' dir='ltr'><strong>ἀπρεπῶν</strong></span> <span class='ocrx_word' id='word_1_449' title='bbox 2415 2615 2694 2687; x_wconf 83' lang='grc' dir='ltr'><strong>λογισμῶν</strong></span> <span class='ocrx_word' id='word_1_450' title='bbox 2715 2631 2729 2644; x_wconf 96' lang='grc'><strong>·</strong></span> <span class='ocrx_word' id='word_1_451' title='bbox 2779 2617 2827 2667; x_wconf 82' lang='grc' dir='ltr'><strong>οἰ</strong></span> <span class='ocrx_word' id='word_1_452' title='bbox 2874 2613 2932 2667; x_wconf 79' lang='grc' dir='ltr'><strong>δὲ</strong></span> <span class='ocrx_word' id='word_1_453' title='bbox 2966 2612 3063 2685; x_wconf 81' lang='grc' dir='ltr'><strong>τὴν</strong></span> <span class='ocrx_word' id='word_1_454' title='bbox 3099 2607 3266 2666; x_wconf 84' lang='grc' dir='ltr'><strong>ἆσσον</strong></span> <span class='ocrx_word' id='word_1_455' title='bbox 3301 2612 3718 2684; x_wconf 73' lang='grc' dir='ltr'><strong>παρεκλεγόμεο</strong></span> 
     </span>
    </p>
   </div>
   <div class='ocr_carea' id='block_1_72' title="bbox 2123 2704 3716 2781">
    <p class='ocr_par' dir='ltr' id='par_1_72' title="bbox 2123 2704 3716 2781">
     <span class='ocr_line' id='line_1_72' title="bbox 2123 2704 3716 2781; baseline -0.005 -17"><span class='ocrx_word' id='word_1_456' title='bbox 2123 2727 2227 2777; x_wconf 88' lang='grc' dir='ltr'><strong>νοι,</strong></span> <span class='ocrx_word' id='word_1_457' title='bbox 2259 2711 2354 2765; x_wconf 78' lang='grc' dir='ltr'><strong>καὶ</strong></span> <span class='ocrx_word' id='word_1_458' title='bbox 2388 2709 2526 2781; x_wconf 80' lang='grc' dir='ltr'><strong>πρὸς</strong></span> <span class='ocrx_word' id='word_1_459' title='bbox 2551 2707 2845 2780; x_wconf 86' lang='grc' dir='ltr'><strong>γαληνίους</strong></span> <span class='ocrx_word' id='word_1_460' title='bbox 2875 2707 3050 2770; x_wconf 71' lang='grc' dir='ltr'><strong>ἀκτὰς</strong></span> <span class='ocrx_word' id='word_1_461' title='bbox 3078 2705 3172 2760; x_wconf 76' lang='grc' dir='ltr'><strong>τὸν</strong></span> <span class='ocrx_word' id='word_1_462' title='bbox 3222 2704 3351 2759; x_wconf 77' lang='grc' dir='ltr'><strong>νοῦν</strong></span> <span class='ocrx_word' id='word_1_463' title='bbox 3393 2704 3716 2759; x_wconf 78' lang='grc' dir='ltr'><strong>ἐποκείλουο</strong></span> 
     </span>
    </p>
   </div>
   <div class='ocr_carea' id='block_1_73' title="bbox 2125 2820 2228 2858">
    <p class='ocr_par' dir='ltr' id='par_1_73' title="bbox 2125 2820 2228 2858">
     <span class='ocr_line' id='line_1_73' title="bbox 2125 2820 2228 2858; baseline 0 -1"><span class='ocrx_word' id='word_1_464' title='bbox 2125 2820 2228 2858; x_wconf 87' lang='grc' dir='ltr'><strong>σιν.</strong></span> 
     </span>
    </p>
   </div>
   <div class='ocr_carea' id='block_1_74' title="bbox 2198 2977 3716 3057">
    <p class='ocr_par' dir='ltr' id='par_1_74' title="bbox 2198 2977 3716 3057">
     <span class='ocr_line' id='line_1_74' title="bbox 2198 2977 3716 3057; baseline -0.004 -19"><span class='ocrx_word' id='word_1_465' title='bbox 2198 2983 2326 3057; x_wconf 67' lang='grc' dir='ltr'><strong>ρλδῖ</strong></span> <span class='ocrx_word' id='word_1_466' title='bbox 2361 2983 2630 3055; x_wconf 72' lang='grc' dir='ltr'><strong>Ἐϐδομον</strong></span> <span class='ocrx_word' id='word_1_467' title='bbox 2678 2981 2770 3034; x_wconf 71' lang='grc' dir='ltr'><strong>τὸν</strong></span> <span class='ocrx_word' id='word_1_468' title='bbox 2803 2979 2904 3052; x_wconf 81' lang='grc' dir='ltr'><strong>τῆς</strong></span> <span class='ocrx_word' id='word_1_469' title='bbox 2963 2977 3270 3045; x_wconf 73' lang='grc' dir='ltr'><strong>κενοδοξίας</strong></span> <span class='ocrx_word' id='word_1_470' title='bbox 3334 2977 3607 3049; x_wconf 76' lang='grc' dir='ltr'><strong>λογισμὸν</strong></span> <span class='ocrx_word' id='word_1_471' title='bbox 3648 2977 3716 3047; x_wconf 67' lang='lat' dir='ltr'><strong>(si</strong></span> 
     </span>
    </p>
   </div>
   <div class='ocr_carea' id='block_1_75' title="bbox 2121 3069 3715 3147">
    <p class='ocr_par' dir='ltr' id='par_1_75' title="bbox 2121 3069 3715 3147">
     <span class='ocr_line' id='line_1_75' title="bbox 2121 3069 3715 3147; baseline -0.004 -17"><span class='ocrx_word' id='word_1_472' title='bbox 2121 3075 2274 3140; x_wconf 72' lang='grc' dir='ltr'><strong>ὄντα,</strong></span> <span class='ocrx_word' id='word_1_473' title='bbox 2303 3076 2337 3147; x_wconf 77' lang='grc' dir='ltr'>ἡ</span> <span class='ocrx_word' id='word_1_474' title='bbox 2365 3074 2627 3144; x_wconf 81' lang='grc' dir='ltr'><strong>ἐφιεμένη</strong></span> <span class='ocrx_word' id='word_1_475' title='bbox 2670 3072 2746 3136; x_wconf 82' lang='grc' dir='ltr'><strong>ὡς</strong></span> <span class='ocrx_word' id='word_1_476' title='bbox 2803 3071 3032 3141; x_wconf 73' lang='grc' dir='ltr'><strong>ἔσχατον</strong></span> <span class='ocrx_word' id='word_1_477' title='bbox 3073 3069 3455 3124; x_wconf 61' lang='grc' dir='ltr'><strong>ἀπϐαλέσθαι</strong></span> <span class='ocrx_word' id='word_1_478' title='bbox 3513 3071 3715 3140; x_wconf 78' lang='grc' dir='ltr'><strong>χιτῶνα</strong></span> 
     </span>
    </p>
   </div>
   <div class='ocr_carea' id='block_1_76' title="bbox 2122 3151 3713 3239">
    <p class='ocr_par' dir='ltr' id='par_1_76' title="bbox 2122 3151 3713 3239">
     <span class='ocr_line' id='line_1_76' title="bbox 2122 3151 3713 3239; baseline -0.017 -9"><span class='ocrx_word' id='word_1_479' title='bbox 2122 3167 2291 3239; x_wconf 81' lang='grc' dir='ltr'><strong>ψυχὴ,</strong></span> <span class='ocrx_word' id='word_1_480' title='bbox 2322 3168 2370 3222; x_wconf 82' lang='grc' dir='ltr'><strong>εἰ</strong></span> <span class='ocrx_word' id='word_1_481' title='bbox 2401 3165 2478 3238; x_wconf 78' lang='grc' dir='ltr'><strong>μὴ</strong></span> <span class='ocrx_word' id='word_1_482' title='bbox 2504 3165 2630 3230; x_wconf 77' lang='grc' dir='ltr'><strong>τοὺς</strong></span> <span class='ocrx_word' id='word_1_483' title='bbox 2657 3164 2766 3236; x_wconf 78' lang='grc' dir='ltr'><strong>πρὸ</strong></span> <span class='ocrx_word' id='word_1_484' title='bbox 2793 3162 2958 3217; x_wconf 78' lang='grc' dir='ltr'><strong>αὑτοῦ</strong></span> <span class='ocrx_word' id='word_1_485' title='bbox 2983 3151 3392 3233; x_wconf 79' lang='grc' dir='ltr'><strong>ἁπεκδύσηται,</strong></span> <span class='ocrx_word' id='word_1_486' title='bbox 3447 3164 3514 3215; x_wconf 78' lang='grc' dir='ltr'><strong>ού</strong></span> <span class='ocrx_word' id='word_1_487' title='bbox 3554 3165 3713 3234; x_wconf 61' lang='grc' dir='ltr'><strong>δυνή-</strong></span> 
     </span>
    </p>
   </div>
   <div class='ocr_carea' id='block_1_77' title="bbox 2125 3253 3712 3328">
    <p class='ocr_par' dir='ltr' id='par_1_77' title="bbox 2125 3253 3712 3328">
     <span class='ocr_line' id='line_1_77' title="bbox 2125 3253 3712 3328; baseline -0.004 -14"><span class='ocrx_word' id='word_1_488' title='bbox 2125 3276 2278 3314; x_wconf 88' lang='grc' dir='ltr'><strong>σεται</strong></span> <span class='ocrx_word' id='word_1_489' title='bbox 2330 3258 2448 3328; x_wconf 86' lang='grc' dir='ltr'><strong>μετ’</strong></span> <span class='ocrx_word' id='word_1_490' title='bbox 2494 3257 2692 3319; x_wconf 77' lang='grc' dir='ltr'><strong>αὐτοὺς</strong></span> <span class='ocrx_word' id='word_1_491' title='bbox 2745 3255 2934 3323; x_wconf 85' lang='grc' dir='ltr'><strong>δγδοον</strong></span> <span class='ocrx_word' id='word_1_492' title='bbox 2993 3253 3419 3309; x_wconf 79' lang='grc' dir='ltr'><strong>ἐπενδύσασθαι.</strong></span> <span class='ocrx_word' id='word_1_493' title='bbox 3470 3257 3575 3308; x_wconf 79' lang='lat' dir='ltr'><strong>‘Ov</strong></span> <span class='ocrx_word' id='word_1_494' title='bbox 3627 3257 3712 3308; x_wconf 77' lang='grc' dir='ltr'><strong>καὶ</strong></span> 
     </span>
    </p>
   </div>
   <div class='ocr_carea' id='block_1_78' title="bbox 2123 3343 3708 3426">
    <p class='ocr_par' dir='ltr' id='par_1_78' title="bbox 2123 3343 3708 3426">
     <span class='ocr_line' id='line_1_78' title="bbox 2123 3343 3708 3426; baseline -0.004 -20"><span class='ocrx_word' id='word_1_495' title='bbox 2123 3351 2438 3422; x_wconf 75' lang='grc' dir='ltr'><strong>οἰκητήριον</strong></span> <span class='ocrx_word' id='word_1_496' title='bbox 2469 3349 2720 3419; x_wconf 76' lang='grc' dir='ltr'><strong>οὐράνιον</strong></span> <span class='ocrx_word' id='word_1_497' title='bbox 2745 3347 2930 3402; x_wconf 83' lang='grc' dir='ltr'><strong>καλεῖν</strong></span> <span class='ocrx_word' id='word_1_498' title='bbox 2952 3343 3094 3400; x_wconf 78' lang='grc' dir='ltr'><strong>οἶδεν</strong></span> <span class='ocrx_word' id='word_1_499' title='bbox 3121 3349 3149 3401; x_wconf 79' lang='grc' dir='ltr'><strong>ὁ</strong></span> <span class='ocrx_word' id='word_1_500' title='bbox 3174 3347 3319 3410; x_wconf 83' lang='grc' dir='ltr'><strong>θεῖος</strong></span> <span class='ocrx_word' id='word_1_501' title='bbox 3359 3345 3708 3426; x_wconf 59' lang='grc' dir='ltr'><strong>’Δπᾲστολο;,</strong></span> 
     </span>
    </p>
   </div>
   <div class='ocr_carea' id='block_1_79' title="bbox 2123 3438 3710 3510">
    <p class='ocr_par' dir='ltr' id='par_1_79' title="bbox 2123 3438 3710 3510">
     <span class='ocr_line' id='line_1_79' title="bbox 2123 3438 3710 3510; baseline -0.004 -12"><span class='ocrx_word' id='word_1_502' title='bbox 2123 3442 2219 3498; x_wconf 77' lang='grc' dir='ltr'><strong>καὶ</strong></span> <span class='ocrx_word' id='word_1_503' title='bbox 2251 3442 2340 3495; x_wconf 82' lang='grc' dir='ltr'><strong>διὰ</strong></span> <span class='ocrx_word' id='word_1_504' title='bbox 2394 3439 2718 3510; x_wconf 84' lang='grc' dir='ltr'><strong>στεναγμῶν</strong></span> <span class='ocrx_word' id='word_1_505' title='bbox 2761 3438 3118 3495; x_wconf 83' lang='grc' dir='ltr'><strong>ἐπενδύεσθαι</strong></span> <span class='ocrx_word' id='word_1_506' title='bbox 3167 3441 3296 3502; x_wconf 68' lang='grc' dir='ltr'><strong>τοὺς</strong></span> <span class='ocrx_word' id='word_1_507' title='bbox 3332 3439 3402 3492; x_wconf 83' lang='grc' dir='ltr'><strong>δι’</strong></span> <span class='ocrx_word' id='word_1_508' title='bbox 3433 3440 3573 3492; x_wconf 75' lang='grc' dir='ltr'><strong>αὐτὸ</strong></span> <span class='ocrx_word' id='word_1_509' title='bbox 3609 3440 3710 3492; x_wconf 82' lang='grc' dir='ltr'><strong>τῶν</strong></span> 
     </span>
    </p>
   </div>
   <div class='ocr_carea' id='block_1_80' title="bbox 2128 3531 2820 3604">
    <p class='ocr_par' dir='ltr' id='par_1_80' title="bbox 2128 3531 2820 3604">
     <span class='ocr_line' id='line_1_80' title="bbox 2128 3531 2820 3604; baseline 0 -16"><span class='ocrx_word' id='word_1_510' title='bbox 2128 3534 2325 3590; x_wconf 78' lang='grc' dir='ltr'><strong>ὑλικῶν</strong></span> <span class='ocrx_word' id='word_1_511' title='bbox 2358 3531 2820 3604; x_wconf 79' lang='grc' dir='ltr'><strong>γυμνητεύοντας.</strong></span> 
     </span>
    </p>
   </div>
   <div class='ocr_carea' id='block_1_81' title="bbox 2202 3623 3711 3698">
    <p class='ocr_par' dir='ltr' id='par_1_81' title="bbox 2202 3623 3711 3698">
     <span class='ocr_line' id='line_1_81' title="bbox 2202 3623 3711 3698; baseline -0.003 -17"><span class='ocrx_word' id='word_1_512' title='bbox 2202 3627 2330 3698; x_wconf 86' lang='grc' dir='ltr'><strong>ρλε¹.</strong></span> <span class='ocrx_word' id='word_1_513' title='bbox 2359 3627 2438 3697; x_wconf 80' lang='grc' dir='ltr'><strong>Τῇ</strong></span> <span class='ocrx_word' id='word_1_514' title='bbox 2474 3625 2572 3696; x_wconf 83' lang='grc' dir='ltr'><strong>μὲν</strong></span> <span class='ocrx_word' id='word_1_515' title='bbox 2613 3625 2798 3697; x_wconf 84' lang='grc' dir='ltr'><strong>τελείᾳ</strong></span> <span class='ocrx_word' id='word_1_516' title='bbox 2847 3625 3006 3696; x_wconf 81' lang='grc' dir='ltr'><strong>εὐχῇ,</strong></span> <span class='ocrx_word' id='word_1_517' title='bbox 3060 3623 3284 3693; x_wconf 77' lang='grc' dir='ltr'><strong>ἄγγελοι</strong></span> <span class='ocrx_word' id='word_1_518' title='bbox 3335 3624 3711 3695; x_wconf 71' lang='grc' dir='ltr'><strong>παραϐάλλειν</strong></span> 
     </span>
    </p>
   </div>
   <div class='ocr_carea' id='block_1_82' title="bbox 2126 3717 3711 3791">
    <p class='ocr_par' dir='ltr' id='par_1_82' title="bbox 2126 3717 3711 3791">
     <span class='ocr_line' id='line_1_82' title="bbox 2126 3717 3711 3791; baseline -0.003 -17"><span class='ocrx_word' id='word_1_519' title='bbox 2126 3721 2403 3790; x_wconf 82' lang='grc' dir='ltr'><strong>πεφύκασι</strong></span> <span class='ocrx_word' id='word_1_520' title='bbox 2425 3717 2701 3787; x_wconf 81' lang='grc' dir='ltr'><strong>λογισμοί·</strong></span> <span class='ocrx_word' id='word_1_521' title='bbox 2744 3722 2810 3788; x_wconf 75' lang='grc' dir='ltr'><strong>τῇ</strong></span> <span class='ocrx_word' id='word_1_522' title='bbox 2841 3719 2896 3771; x_wconf 81' lang='grc' dir='ltr'><strong>δὲ</strong></span> <span class='ocrx_word' id='word_1_523' title='bbox 2931 3719 3093 3791; x_wconf 80' lang='grc' dir='ltr'><strong>μέσῃ,</strong></span> <span class='ocrx_word' id='word_1_524' title='bbox 3122 3718 3494 3788; x_wconf 84' lang='grc' dir='ltr'><strong>πνευματικοί</strong></span> <span class='ocrx_word' id='word_1_525' title='bbox 3514 3733 3527 3744; x_wconf 85' lang='lat'>&#39;</span> <span class='ocrx_word' id='word_1_526' title='bbox 3555 3720 3619 3788; x_wconf 75' lang='grc' dir='ltr'><strong>τῇ</strong></span> <span class='ocrx_word' id='word_1_527' title='bbox 3656 3717 3711 3769; x_wconf 76' lang='grc' dir='ltr'><strong>δὲ</strong></span> 
     </span>
    </p>
   </div>
   <div class='ocr_carea' id='block_1_83' title="bbox 2146 3812 2989 3885">
    <p class='ocr_par' dir='ltr' id='par_1_83' title="bbox 2146 3812 2989 3885">
     <span class='ocr_line' id='line_1_83' title="bbox 2146 3812 2989 3885; baseline -0.002 -17"><span class='ocrx_word' id='word_1_528' title='bbox 2146 3815 2508 3885; x_wconf 79' lang='grc' dir='ltr'><strong>είσαγωγικῇ,</strong></span> <span class='ocrx_word' id='word_1_529' title='bbox 2553 3815 2603 3866; x_wconf 80' lang='lat' dir='ltr'><strong>oi</strong></span> <span class='ocrx_word' id='word_1_530' title='bbox 2657 3812 2989 3882; x_wconf 80' lang='grc' dir='ltr'><strong>φυσιολόγοι.</strong></span> 
     </span>
    </p>
   </div>
   <div class='ocr_carea' id='block_1_84' title="bbox 2198 3902 3712 3978">
    <p class='ocr_par' dir='ltr' id='par_1_84' title="bbox 2198 3902 3712 3978">
     <span class='ocr_line' id='line_1_84' title="bbox 2198 3902 3712 3978; baseline -0.003 -19"><span class='ocrx_word' id='word_1_531' title='bbox 2198 3908 2343 3977; x_wconf 82' lang='grc' dir='ltr'><strong>ρλς’.</strong></span> <span class='ocrx_word' id='word_1_532' title='bbox 2381 3907 2592 3978; x_wconf 81' lang='grc' dir='ltr'><strong>Ὥσπερ</strong></span> <span class='ocrx_word' id='word_1_533' title='bbox 2629 3906 2690 3959; x_wconf 73' lang='grc' dir='ltr'><strong>τὸ</strong></span> <span class='ocrx_word' id='word_1_534' title='bbox 2728 3905 2945 3972; x_wconf 82' lang='grc' dir='ltr'><strong>εὐγενὲς</strong></span> <span class='ocrx_word' id='word_1_535' title='bbox 2974 3903 3067 3958; x_wconf 80' lang='grc' dir='ltr'><strong>τοῦ</strong></span> <span class='ocrx_word' id='word_1_536' title='bbox 3099 3903 3301 3957; x_wconf 83' lang='grc' dir='ltr'><strong>κόκκου</strong></span> <span class='ocrx_word' id='word_1_537' title='bbox 3341 3903 3434 3958; x_wconf 75' lang='grc' dir='ltr'><strong>διὰ</strong></span> <span class='ocrx_word' id='word_1_538' title='bbox 3459 3902 3557 3957; x_wconf 79' lang='grc' dir='ltr'><strong>τοῦ</strong></span> <span class='ocrx_word' id='word_1_539' title='bbox 3590 3904 3712 3956; x_wconf 73' lang='grc' dir='ltr'><strong>στα-</strong></span> 
     </span>
    </p>
   </div>
   <div class='ocr_carea' id='block_1_85' title="bbox 2125 3994 3710 4072">
    <p class='ocr_par' dir='ltr' id='par_1_85' title="bbox 2125 3994 3710 4072">
     <span class='ocr_line' id='line_1_85' title="bbox 2125 3994 3710 4072; baseline -0.005 -18"><span class='ocrx_word' id='word_1_540' title='bbox 2125 4019 2277 4072; x_wconf 89' lang='grc' dir='ltr'><strong>χυος,</strong></span> <span class='ocrx_word' id='word_1_541' title='bbox 2319 3999 2461 4053; x_wconf 73' lang='grc' dir='ltr'><strong>οὕτω</strong></span> <span class='ocrx_word' id='word_1_542' title='bbox 2494 3999 2588 4054; x_wconf 79' lang='grc' dir='ltr'><strong>καὶ</strong></span> <span class='ocrx_word' id='word_1_543' title='bbox 2635 3999 2697 4052; x_wconf 86' lang='grc' dir='ltr'><strong>τὸ</strong></span> <span class='ocrx_word' id='word_1_544' title='bbox 2725 3997 3017 4068; x_wconf 75' lang='grc' dir='ltr'><strong>εἰλικρινὲς</strong></span> <span class='ocrx_word' id='word_1_545' title='bbox 3053 3996 3152 4067; x_wconf 79' lang='grc' dir='ltr'><strong>τῆς</strong></span> <span class='ocrx_word' id='word_1_546' title='bbox 3175 3994 3412 4065; x_wconf 79' lang='grc' dir='ltr'><strong>Θεωρίας</strong></span> <span class='ocrx_word' id='word_1_547' title='bbox 3433 3994 3524 4047; x_wconf 75' lang='grc' dir='ltr'><strong>διὰ</strong></span> <span class='ocrx_word' id='word_1_548' title='bbox 3555 4010 3710 4065; x_wconf 74' lang='grc' dir='ltr'><strong>προο-</strong></span> 
     </span>
    </p>
   </div>
   <div class='ocr_carea' id='block_1_86' title="bbox 2124 4085 3712 4162">
    <p class='ocr_par' dir='ltr' id='par_1_86' title="bbox 2124 4085 3712 4162">
     <span class='ocr_line' id='line_1_86' title="bbox 2124 4085 3712 4162; baseline -0.005 -17"><span class='ocrx_word' id='word_1_549' title='bbox 2124 4094 2291 4162; x_wconf 74' lang='grc' dir='ltr'><strong>ευχῆς</strong></span> <span class='ocrx_word' id='word_1_550' title='bbox 2345 4091 2535 4145; x_wconf 78' lang='grc' dir='ltr'><strong>εἴωθεν</strong></span> <span class='ocrx_word' id='word_1_551' title='bbox 2579 4087 2979 4162; x_wconf 78' lang='grc' dir='ltr'><strong>ἐμφανίζεσθαι</strong></span> <span class='ocrx_word' id='word_1_552' title='bbox 3001 4105 3014 4120; x_wconf 89' lang='grc'><strong>·</strong></span> <span class='ocrx_word' id='word_1_553' title='bbox 3045 4087 3313 4157; x_wconf 78' lang='grc' dir='ltr'><strong>κέκτηται</strong></span> <span class='ocrx_word' id='word_1_554' title='bbox 3340 4085 3400 4138; x_wconf 78' lang='grc' dir='ltr'><strong>δὲ</strong></span> <span class='ocrx_word' id='word_1_555' title='bbox 3432 4088 3462 4139; x_wconf 80' lang='grc' dir='ltr'><strong>ὁ</strong></span> <span class='ocrx_word' id='word_1_556' title='bbox 3482 4087 3609 4156; x_wconf 76' lang='grc' dir='ltr'><strong>μὲν,</strong></span> <span class='ocrx_word' id='word_1_557' title='bbox 3639 4087 3712 4148; x_wconf 79' lang='grc' dir='ltr'><strong>είς</strong></span> 
     </span>
    </p>
   </div>
   <div class='ocr_carea' id='block_1_87' title="bbox 2120 4170 3714 4252">
    <p class='ocr_par' dir='ltr' id='par_1_87' title="bbox 2120 4170 3714 4252">
     <span class='ocr_line' id='line_1_87' title="bbox 2120 4170 3714 4252; baseline -0.004 -19"><span class='ocrx_word' id='word_1_558' title='bbox 2120 4180 2446 4252; x_wconf 76' lang='grc' dir='ltr'><strong>ἀποτροπὴν</strong></span> <span class='ocrx_word' id='word_1_559' title='bbox 2493 4177 2603 4232; x_wconf 85' lang='grc' dir='ltr'><strong>τῶν</strong></span> <span class='ocrx_word' id='word_1_560' title='bbox 2638 4177 3030 4249; x_wconf 85' lang='grc' dir='ltr'><strong>σπερμολόγων</strong></span> <span class='ocrx_word' id='word_1_561' title='bbox 3083 4176 3309 4248; x_wconf 78' lang='grc' dir='ltr'><strong>ὀρνέων,</strong></span> <span class='ocrx_word' id='word_1_562' title='bbox 3353 4170 3447 4229; x_wconf 71' lang='grc' dir='ltr'><strong>οἶα</strong></span> <span class='ocrx_word' id='word_1_563' title='bbox 3484 4193 3610 4228; x_wconf 86' lang='grc' dir='ltr'><strong>τινα</strong></span> <span class='ocrx_word' id='word_1_564' title='bbox 3637 4176 3714 4228; x_wconf 65' lang='grc' dir='ltr'><strong>δεῖ·</strong></span> 
     </span>
    </p>
   </div>
   <div class='ocr_carea' id='block_1_88' title="bbox 2128 4268 3712 4347">
    <p class='ocr_par' dir='ltr' id='par_1_88' title="bbox 2128 4268 3712 4347">
     <span class='ocr_line' id='line_1_88' title="bbox 2128 4268 3712 4347; baseline -0.005 -19"><span class='ocrx_word' id='word_1_565' title='bbox 2128 4291 2289 4347; x_wconf 73' lang='grc' dir='ltr'><strong>ρατα,</strong></span> <span class='ocrx_word' id='word_1_566' title='bbox 2321 4274 2449 4335; x_wconf 77' lang='grc' dir='ltr'><strong>τοὺς</strong></span> <span class='ocrx_word' id='word_1_567' title='bbox 2491 4269 2977 4342; x_wconf 71' lang='grc' dir='ltr'><strong>περιστοιχοῦντας</strong></span> <span class='ocrx_word' id='word_1_568' title='bbox 3013 4268 3347 4340; x_wconf 73' lang='grc' dir='ltr'><strong>ἀνθέρικσςο</strong></span> <span class='ocrx_word' id='word_1_569' title='bbox 3379 4270 3444 4321; x_wconf 71' lang='grc' dir='ltr'><strong>τὸ</strong></span> <span class='ocrx_word' id='word_1_570' title='bbox 3474 4268 3558 4330; x_wconf 81' lang='grc' dir='ltr'><strong>δὲ,</strong></span> <span class='ocrx_word' id='word_1_571' title='bbox 3590 4269 3712 4329; x_wconf 75' lang='grc' dir='ltr'><strong>τους</strong></span> 
     </span>
    </p>
   </div>
   <div class='ocr_carea' id='block_1_89' title="bbox 2126 4360 3710 4433">
    <p class='ocr_par' dir='ltr' id='par_1_89' title="bbox 2126 4360 3710 4433">
     <span class='ocr_line' id='line_1_89' title="bbox 2126 4360 3710 4433; baseline -0.003 -16"><span class='ocrx_word' id='word_1_572' title='bbox 2126 4363 2547 4433; x_wconf 79' lang='grc' dir='ltr'><strong>φιλοσοφοῦντας</strong></span> <span class='ocrx_word' id='word_1_573' title='bbox 2588 4363 2646 4416; x_wconf 83' lang='grc' dir='ltr'><strong>ἐν</strong></span> <span class='ocrx_word' id='word_1_574' title='bbox 2697 4363 3027 4432; x_wconf 85' lang='grc' dir='ltr'><strong>πειρασμοῖς</strong></span> <span class='ocrx_word' id='word_1_575' title='bbox 3076 4360 3395 4429; x_wconf 75' lang='grc' dir='ltr'><strong>λογισμοὺς,</strong></span> <span class='ocrx_word' id='word_1_576' title='bbox 3447 4360 3586 4430; x_wconf 76' lang='grc' dir='ltr'><strong>πρὸς</strong></span> <span class='ocrx_word' id='word_1_577' title='bbox 3617 4361 3710 4430; x_wconf 71' lang='grc' dir='ltr'><strong>τὴν</strong></span> 
     </span>
    </p>
   </div>
   <div class='ocr_carea' id='block_1_90' title="bbox 2127 4454 2689 4525">
    <p class='ocr_par' dir='ltr' id='par_1_90' title="bbox 2127 4454 2689 4525">
     <span class='ocr_line' id='line_1_90' title="bbox 2127 4454 2689 4525; baseline -0.002 -17"><span class='ocrx_word' id='word_1_578' title='bbox 2127 4455 2354 4508; x_wconf 82' lang='grc' dir='ltr'><strong>ἐκείνων</strong></span> <span class='ocrx_word' id='word_1_579' title='bbox 2388 4454 2689 4525; x_wconf 83' lang='grc' dir='ltr'><strong>ἀναίρεσιν.</strong></span> 
     </span>
    </p>
   </div>
   <div class='ocr_carea' id='block_1_91' title="bbox 2203 4543 3705 4617">
    <p class='ocr_par' dir='ltr' id='par_1_91' title="bbox 2203 4543 3705 4617">
     <span class='ocr_line' id='line_1_91' title="bbox 2203 4543 3705 4617; baseline -0.001 -18"><span class='ocrx_word' id='word_1_580' title='bbox 2203 4545 2335 4617; x_wconf 56' lang='grc' dir='ltr'><strong>ρλζα</strong></span> <span class='ocrx_word' id='word_1_581' title='bbox 2377 4546 2457 4600; x_wconf 83' lang='grc' dir='ltr'><strong>Τὰ</strong></span> <span class='ocrx_word' id='word_1_582' title='bbox 2486 4547 2583 4617; x_wconf 80' lang='grc' dir='ltr'><strong>μὲν</strong></span> <span class='ocrx_word' id='word_1_583' title='bbox 2611 4543 2867 4617; x_wconf 84' lang='grc' dir='ltr'><strong>ὁρώμενα</strong></span> <span class='ocrx_word' id='word_1_584' title='bbox 2896 4545 2998 4616; x_wconf 83' lang='grc' dir='ltr'><strong>τῆς</strong></span> <span class='ocrx_word' id='word_1_585' title='bbox 3029 4544 3227 4615; x_wconf 73' lang='grc' dir='ltr'><strong>ψυχῆς,</strong></span> <span class='ocrx_word' id='word_1_586' title='bbox 3274 4544 3366 4598; x_wconf 75' lang='grc' dir='ltr'><strong>διὰ</strong></span> <span class='ocrx_word' id='word_1_587' title='bbox 3417 4546 3521 4616; x_wconf 75' lang='grc' dir='ltr'><strong>τὴν</strong></span> <span class='ocrx_word' id='word_1_588' title='bbox 3567 4545 3705 4612; x_wconf 73' lang='grc' dir='ltr'><strong>πρᾶ-</strong></span> 
     </span>
    </p>
   </div>
   <div class='ocr_carea' id='block_1_92' title="bbox 2131 4635 3705 4710">
    <p class='ocr_par' dir='ltr' id='par_1_92' title="bbox 2131 4635 3705 4710">
     <span class='ocr_line' id='line_1_92' title="bbox 2131 4635 3705 4710; baseline -0.001 -20"><span class='ocrx_word' id='word_1_589' title='bbox 2131 4639 2233 4706; x_wconf 84' lang='grc' dir='ltr'><strong>ξιν,</strong></span> <span class='ocrx_word' id='word_1_590' title='bbox 2271 4639 2604 4710; x_wconf 75' lang='grc' dir='ltr'><strong>περιστερᾶς</strong></span> <span class='ocrx_word' id='word_1_591' title='bbox 2630 4636 3131 4710; x_wconf 82' lang='grc' dir='ltr'><strong>περιηργυρωμένα</strong></span> <span class='ocrx_word' id='word_1_592' title='bbox 3159 4635 3418 4707; x_wconf 80' lang='grc' dir='ltr'><strong>καθάπερ</strong></span> <span class='ocrx_word' id='word_1_593' title='bbox 3447 4637 3558 4691; x_wconf 73' lang='grc' dir='ltr'><strong>εἰσὶ</strong></span> <span class='ocrx_word' id='word_1_594' title='bbox 3584 4653 3705 4690; x_wconf 77' lang='grc' dir='ltr'><strong>πτε-</strong></span> 
     </span>
    </p>
   </div>
   <div class='ocr_carea' id='block_1_93' title="bbox 510 4809 2152 4880">
    <p class='ocr_par' dir='ltr' id='par_1_93' title="bbox 510 4809 2152 4880">
     <span class='ocr_line' id='line_1_93' title="bbox 510 4809 2152 4880; baseline 0.002 -14"><span class='ocrx_word' id='word_1_595' title='bbox 510 4813 555 4845; x_wconf 82' lang='grc'><strong>³⁵</strong></span> <span class='ocrx_word' id='word_1_596' title='bbox 588 4809 729 4866; x_wconf 86' lang='lat' dir='ltr'><strong>Psal.</strong></span> <span class='ocrx_word' id='word_1_597' title='bbox 779 4827 906 4874; x_wconf 74' lang='lat' dir='ltr'><strong>xvu,</strong></span> <span class='ocrx_word' id='word_1_598' title='bbox 946 4811 1030 4865; x_wconf 86' lang='grc'><strong>16.</strong></span> <span class='ocrx_word' id='word_1_599' title='bbox 1110 4813 1153 4844; x_wconf 73' lang='grc'><strong>³⁸</strong></span> <span class='ocrx_word' id='word_1_600' title='bbox 1179 4813 1222 4868; x_wconf 84' lang='lat' dir='ltr'><strong>ll</strong></span> <span class='ocrx_word' id='word_1_601' title='bbox 1247 4812 1375 4868; x_wconf 88' lang='lat' dir='ltr'><strong>Cor.</strong></span> <span class='ocrx_word' id='word_1_602' title='bbox 1406 4831 1460 4880; x_wconf 80' lang='grc' dir='ltr'><strong>ν,</strong></span> <span class='ocrx_word' id='word_1_603' title='bbox 1485 4815 1539 4869; x_wconf 71' lang='lat'><strong>2.</strong></span> <span class='ocrx_word' id='word_1_604' title='bbox 1617 4814 1659 4845; x_wconf 84' lang='grc'><strong>⁸⁷</strong></span> <span class='ocrx_word' id='word_1_605' title='bbox 1694 4815 1835 4869; x_wconf 83' lang='lat' dir='ltr'><strong>Psal.</strong></span> <span class='ocrx_word' id='word_1_606' title='bbox 1873 4831 2030 4878; x_wconf 80' lang='lat' dir='ltr'><strong>van,</strong></span> <span class='ocrx_word' id='word_1_607' title='bbox 2068 4815 2152 4870; x_wconf 79' lang='lat' dir='ltr'><strong>M.</strong></span> 
     </span>
    </p>
   </div>
   <div class='ocr_carea' id='block_1_94' title="bbox 513 4969 2024 5043">
    <p class='ocr_par' dir='ltr' id='par_1_94' title="bbox 513 4969 2024 5043">
     <span class='ocr_line' id='line_1_94' title="bbox 513 4969 2024 5043; baseline 0.004 -19"><span class='ocrx_word' id='word_1_608' title='bbox 513 4969 590 5043; x_wconf 67' lang='grc' dir='ltr'><strong>(υ)</strong></span> <span class='ocrx_word' id='word_1_609' title='bbox 621 4970 773 5043; x_wconf 68' lang='grc' dir='ltr'><strong>Νόες</strong></span> <span class='ocrx_word' id='word_1_610' title='bbox 799 4970 976 5043; x_wconf 58' lang='grc' dir='ltr'><strong>μένοι</strong></span> <span class='ocrx_word' id='word_1_611' title='bbox 1007 4970 1219 5043; x_wconf 67' lang='grc' dir='ltr'><strong>γυμνοὶ</strong></span> <span class='ocrx_word' id='word_1_612' title='bbox 1247 4971 1565 5043; x_wconf 69' lang='grc' dir='ltr'><strong>σωμάτων.</strong></span> <span class='ocrx_word' id='word_1_613' title='bbox 1584 4973 1729 5040; x_wconf 82' lang='lat' dir='ltr'><strong>Quas</strong></span> <span class='ocrx_word' id='word_1_614' title='bbox 1751 4975 1841 5031; x_wconf 85' lang='lat' dir='ltr'><strong>hic</strong></span> <span class='ocrx_word' id='word_1_615' title='bbox 1871 4993 2024 5032; x_wconf 88' lang='lat' dir='ltr'><strong>men-</strong></span> 
     </span>
    </p>
   </div>
   <div class='ocr_carea' id='block_1_95' title="bbox 441 5039 2026 5114">
    <p class='ocr_par' dir='ltr' id='par_1_95' title="bbox 441 5039 2026 5114">
     <span class='ocr_line' id='line_1_95' title="bbox 441 5039 2026 5114; baseline 0.003 -18"><span class='ocrx_word' id='word_1_616' title='bbox 441 5039 699 5114; x_wconf 50' lang='lat' dir='ltr'><strong>tes&#39;vocat</strong></span> <span class='ocrx_word' id='word_1_617' title='bbox 719 5039 1019 5114; x_wconf 78' lang='lat' dir='ltr'><strong>Maximus,</strong></span> <span class='ocrx_word' id='word_1_618' title='bbox 1045 5040 1177 5110; x_wconf 70' lang='lat' dir='ltr'><strong>ipsa:</strong></span> <span class='ocrx_word' id='word_1_619' title='bbox 1214 5039 1469 5114; x_wconf 76' lang='lat' dir='ltr'><strong>sintquae</strong></span> <span class='ocrx_word' id='word_1_620' title='bbox 1498 5039 1860 5114; x_wconf 84' lang='lat' dir='ltr'><strong>cogitationes</strong></span> <span class='ocrx_word' id='word_1_621' title='bbox 1900 5063 2026 5102; x_wconf 90' lang='lat' dir='ltr'><strong>suc-</strong></span> 
     </span>
    </p>
   </div>
   <div class='ocr_carea' id='block_1_96' title="bbox 440 5110 2027 5186">
    <p class='ocr_par' dir='ltr' id='par_1_96' title="bbox 440 5110 2027 5186">
     <span class='ocr_line' id='line_1_96' title="bbox 440 5110 2027 5186; baseline 0.003 -19"><span class='ocrx_word' id='word_1_622' title='bbox 440 5112 686 5186; x_wconf 82' lang='lat' dir='ltr'><strong>cendunt</strong></span> <span class='ocrx_word' id='word_1_623' title='bbox 727 5119 903 5186; x_wconf 75' lang='lat' dir='ltr'><strong>atque</strong></span> <span class='ocrx_word' id='word_1_624' title='bbox 947 5110 1244 5186; x_wconf 76' lang='lat' dir='ltr'><strong>daemones,</strong></span> <span class='ocrx_word' id='word_1_625' title='bbox 1282 5110 1379 5168; x_wconf 39' lang='lat' dir='ltr'><strong>sic‘</strong></span> <span class='ocrx_word' id='word_1_626' title='bbox 1416 5110 1681 5186; x_wconf 75' lang='lat' dir='ltr'><strong>nimirum</strong></span> <span class='ocrx_word' id='word_1_627' title='bbox 1724 5117 2027 5186; x_wconf 65' lang='lat' dir='ltr'><strong>proﬂigata:</strong></span> 
     </span>
    </p>
   </div>
   <div class='ocr_carea' id='block_1_97' title="bbox 442 5180 2017 5254">
    <p class='ocr_par' dir='ltr' id='par_1_97' title="bbox 442 5180 2017 5254">
     <span class='ocr_line' id='line_1_97' title="bbox 442 5180 2017 5254; baseline 0.003 -17"><span class='ocrx_word' id='word_1_628' title='bbox 442 5184 566 5237; x_wconf 73' lang='lat' dir='ltr'><strong>vita:</strong></span> <span class='ocrx_word' id='word_1_629' title='bbox 591 5180 916 5254; x_wconf 81' lang='lat' dir='ltr'><strong>hominibus</strong></span> <span class='ocrx_word' id='word_1_630' title='bbox 941 5182 1289 5254; x_wconf 68' lang='lat' dir='ltr'><strong>praesentiam</strong></span> <span class='ocrx_word' id='word_1_631' title='bbox 1339 5194 1436 5239; x_wconf 89' lang='lat' dir='ltr'><strong>aut</strong></span> <span class='ocrx_word' id='word_1_632' title='bbox 1457 5185 1612 5254; x_wconf 89' lang='lat' dir='ltr'><strong>quasi</strong></span> <span class='ocrx_word' id='word_1_633' title='bbox 1645 5180 2017 5254; x_wconf 78' lang='lat' dir='ltr'><strong>praesentiam,</strong></span> 
     </span>
    </p>
   </div>
   <div class='ocr_carea' id='block_1_98' title="bbox 443 5251 2017 5319">
    <p class='ocr_par' dir='ltr' id='par_1_98' title="bbox 443 5251 2017 5319">
     <span class='ocr_line' id='line_1_98' title="bbox 443 5251 2017 5319; baseline 0.003 -11"><span class='ocrx_word' id='word_1_634' title='bbox 443 5255 648 5308; x_wconf 85' lang='lat' dir='ltr'><strong>nudam</strong></span> <span class='ocrx_word' id='word_1_635' title='bbox 702 5251 1066 5305; x_wconf 79' lang='lat' dir='ltr'><strong>exhibentes:</strong></span> <span class='ocrx_word' id='word_1_636' title='bbox 1117 5253 1271 5307; x_wconf 87' lang='lat' dir='ltr'><strong>velut</strong></span> <span class='ocrx_word' id='word_1_637' title='bbox 1315 5251 1490 5309; x_wconf 77' lang='lat' dir='ltr'><strong>etiam</strong></span> <span class='ocrx_word' id='word_1_638' title='bbox 1539 5251 1756 5312; x_wconf 82' lang='lat' dir='ltr'><strong>mentes</strong></span> <span class='ocrx_word' id='word_1_639' title='bbox 1794 5268 2017 5319; x_wconf 65' lang='lat' dir='ltr'><strong>sancta},</strong></span> 
     </span>
    </p>
   </div>
   <div class='ocr_carea' id='block_1_99' title="bbox 441 5321 2018 5395">
    <p class='ocr_par' dir='ltr' id='par_1_99' title="bbox 441 5321 2018 5395">
     <span class='ocr_line' id='line_1_99' title="bbox 441 5321 2018 5395; baseline 0.003 -17"><span class='ocrx_word' id='word_1_640' title='bbox 441 5324 661 5395; x_wconf 61' lang='lat' dir='ltr'><strong>eximite</strong></span> <span class='ocrx_word' id='word_1_641' title='bbox 693 5321 1006 5376; x_wconf 88' lang='lat' dir='ltr'><strong>sanctitatis</strong></span> <span class='ocrx_word' id='word_1_642' title='bbox 1037 5322 1194 5386; x_wconf 88' lang='lat' dir='ltr'><strong>viris,</strong></span> <span class='ocrx_word' id='word_1_643' title='bbox 1217 5325 1558 5395; x_wconf 80' lang='lat' dir='ltr'><strong>quandoque</strong></span> <span class='ocrx_word' id='word_1_644' title='bbox 1617 5325 1770 5395; x_wconf 68' lang='lat' dir='ltr'><strong>ipsae,</strong></span> <span class='ocrx_word' id='word_1_645' title='bbox 1818 5343 1930 5383; x_wconf 90' lang='lat' dir='ltr'><strong>non</strong></span> <span class='ocrx_word' id='word_1_646' title='bbox 1963 5329 2018 5382; x_wconf 93' lang='lat' dir='ltr'><strong>in</strong></span> 
     </span>
    </p>
   </div>
   <div class='ocr_carea' id='block_1_100' title="bbox 442 5393 2018 5464">
    <p class='ocr_par' dir='ltr' id='par_1_100' title="bbox 442 5393 2018 5464">
     <span class='ocr_line' id='line_1_100' title="bbox 442 5393 2018 5464; baseline 0.003 -16"><span class='ocrx_word' id='word_1_647' title='bbox 442 5394 672 5456; x_wconf 83' lang='lat' dir='ltr'><strong>somnis,</strong></span> <span class='ocrx_word' id='word_1_648' title='bbox 715 5402 812 5447; x_wconf 90' lang='lat' dir='ltr'><strong>aut</strong></span> <span class='ocrx_word' id='word_1_649' title='bbox 853 5401 1140 5464; x_wconf 82' lang='lat' dir='ltr'><strong>moventes</strong></span> <span class='ocrx_word' id='word_1_650' title='bbox 1175 5393 1286 5447; x_wconf 88' lang='lat' dir='ltr'><strong>vim</strong></span> <span class='ocrx_word' id='word_1_651' title='bbox 1317 5393 1654 5464; x_wconf 56' lang='lat' dir='ltr'><strong>cogitandi;</strong></span> <span class='ocrx_word' id='word_1_652' title='bbox 1683 5397 1778 5452; x_wconf 89' lang='lat' dir='ltr'><strong>sed</strong></span> <span class='ocrx_word' id='word_1_653' title='bbox 1828 5411 2018 5452; x_wconf 91' lang='lat' dir='ltr'><strong>coram</strong></span> 
     </span>
    </p>
   </div>
   <div class='ocr_carea' id='block_1_101' title="bbox 444 5462 2018 5538">
    <p class='ocr_par' dir='ltr' id='par_1_101' title="bbox 444 5462 2018 5538">
     <span class='ocr_line' id='line_1_101' title="bbox 444 5462 2018 5538; baseline 0.003 -20"><span class='ocrx_word' id='word_1_654' title='bbox 444 5465 738 5538; x_wconf 80' lang='lat' dir='ltr'><strong>pnesentia</strong></span> <span class='ocrx_word' id='word_1_655' title='bbox 761 5462 916 5538; x_wconf 82' lang='lat' dir='ltr'><strong>quasi</strong></span> <span class='ocrx_word' id='word_1_656' title='bbox 961 5464 1237 5538; x_wconf 74' lang='lat' dir='ltr'><strong>corporali</strong></span> <span class='ocrx_word' id='word_1_657' title='bbox 1268 5462 1569 5538; x_wconf 71' lang='lat' dir='ltr'><strong>apparent,</strong></span> <span class='ocrx_word' id='word_1_658' title='bbox 1597 5465 1898 5538; x_wconf 81' lang='lat' dir='ltr'><strong>divinaque</strong></span> <span class='ocrx_word' id='word_1_659' title='bbox 1921 5484 2018 5524; x_wconf 91' lang='lat' dir='ltr'><strong>eos</strong></span> 
     </span>
    </p>
   </div>
   <div class='ocr_carea' id='block_1_102' title="bbox 443 5531 2016 5606">
    <p class='ocr_par' dir='ltr' id='par_1_102' title="bbox 443 5531 2016 5606">
     <span class='ocr_line' id='line_1_102' title="bbox 443 5531 2016 5606; baseline 0.005 -21"><span class='ocrx_word' id='word_1_660' title='bbox 443 5531 680 5590; x_wconf 81' lang='lat' dir='ltr'><strong>docent:</strong></span> <span class='ocrx_word' id='word_1_661' title='bbox 717 5533 811 5606; x_wconf 85' lang='lat' dir='ltr'><strong>qui</strong></span> <span class='ocrx_word' id='word_1_662' title='bbox 868 5531 1431 5606; x_wconf 69' lang='lat' dir='ltr'><strong>gradus__prophetire</strong></span> <span class='ocrx_word' id='word_1_663' title='bbox 1479 5535 1605 5590; x_wconf 87' lang='lat' dir='ltr'><strong>aliis</strong></span> <span class='ocrx_word' id='word_1_664' title='bbox 1661 5537 1770 5606; x_wconf 81' lang='lat' dir='ltr'><strong>jam</strong></span> <span class='ocrx_word' id='word_1_665' title='bbox 1807 5531 2016 5605; x_wconf 51' lang='lat' dir='ltr'><strong>&quot;dictis,</strong></span> 
     </span>
    </p>
   </div>
   <div class='ocr_carea' id='block_1_103' title="bbox 445 5601 2013 5672">
    <p class='ocr_par' dir='ltr' id='par_1_103' title="bbox 445 5601 2013 5672">
     <span class='ocr_line' id='line_1_103' title="bbox 445 5601 2013 5672; baseline 0.003 -14"><span class='ocrx_word' id='word_1_666' title='bbox 445 5612 670 5658; x_wconf 86' lang='lat' dir='ltr'><strong>auctore</strong></span> <span class='ocrx_word' id='word_1_667' title='bbox 718 5601 889 5657; x_wconf 78' lang='lat' dir='ltr'><strong>etiam</strong></span> <span class='ocrx_word' id='word_1_668' title='bbox 937 5601 1188 5672; x_wconf 84' lang='lat' dir='ltr'><strong>angeliCo</strong></span> <span class='ocrx_word' id='word_1_669' title='bbox 1232 5601 1510 5669; x_wconf 29' lang='lat' dir='ltr'><strong>’Doctore,</strong></span> <span class='ocrx_word' id='word_1_670' title='bbox 1559 5601 1726 5660; x_wconf 81' lang='lat' dir='ltr'><strong>altior</strong></span> <span class='ocrx_word' id='word_1_671' title='bbox 1773 5601 2013 5664; x_wconf 69' lang='lat' dir='ltr'><strong>exsistit.</strong></span> 
     </span>
    </p>
   </div>
   <div class='ocr_carea' id='block_1_104' title="bbox 443 5673 2013 5744">
    <p class='ocr_par' dir='ltr' id='par_1_104' title="bbox 443 5673 2013 5744">
     <span class='ocr_line' id='line_1_104' title="bbox 443 5673 2013 5744; baseline 0.004 -18"><span class='ocrx_word' id='word_1_672' title='bbox 443 5673 691 5726; x_wconf 84' lang='lat' dir='ltr'><strong>Obscura</strong></span> <span class='ocrx_word' id='word_1_673' title='bbox 706 5682 895 5744; x_wconf 77' lang='lat' dir='ltr'><strong>tamen</strong></span> <span class='ocrx_word' id='word_1_674' title='bbox 929 5679 1043 5744; x_wconf 80' lang='lat' dir='ltr'><strong>tota</strong></span> <span class='ocrx_word' id='word_1_675' title='bbox 1079 5673 1170 5726; x_wconf 86' lang='lat' dir='ltr'><strong>hic</strong></span> <span class='ocrx_word' id='word_1_676' title='bbox 1205 5673 1422 5728; x_wconf 75' lang='lat' dir='ltr'><strong>Maximi</strong></span> <span class='ocrx_word' id='word_1_677' title='bbox 1452 5691 1606 5730; x_wconf 86' lang='lat' dir='ltr'><strong>mens</strong></span> <span class='ocrx_word' id='word_1_678' title='bbox 1632 5685 1688 5731; x_wconf 88' lang='lat' dir='ltr'><strong>et</strong></span> <span class='ocrx_word' id='word_1_679' title='bbox 1719 5677 2013 5744; x_wconf 76' lang='lat' dir='ltr'><strong>doctrina,</strong></span> 
     </span>
    </p>
   </div>
   <div class='ocr_carea' id='block_1_105' title="bbox 445 5742 2013 5814">
    <p class='ocr_par' dir='ltr' id='par_1_105' title="bbox 445 5742 2013 5814">
     <span class='ocr_line' id='line_1_105' title="bbox 445 5742 2013 5814; baseline 0.006 -20"><span class='ocrx_word' id='word_1_680' title='bbox 445 5757 511 5795; x_wconf 86' lang='lat' dir='ltr'><strong>ac</strong></span> <span class='ocrx_word' id='word_1_681' title='bbox 544 5756 675 5795; x_wconf 91' lang='lat' dir='ltr'><strong>num</strong></span> <span class='ocrx_word' id='word_1_682' title='bbox 703 5742 805 5809; x_wconf 80' lang='lat' dir='ltr'><strong>ipsi</strong></span> <span class='ocrx_word' id='word_1_683' title='bbox 833 5742 951 5796; x_wconf 88' lang='lat' dir='ltr'><strong>sine</strong></span> <span class='ocrx_word' id='word_1_684' title='bbox 983 5743 1238 5800; x_wconf 82' lang='lat' dir='ltr'><strong>discursu</strong></span> <span class='ocrx_word' id='word_1_685' title='bbox 1277 5756 1579 5814; x_wconf 84' lang='lat' dir='ltr'><strong>conceptus</strong></span> <span class='ocrx_word' id='word_1_686' title='bbox 1620 5749 1820 5804; x_wconf 86' lang='lat' dir='ltr'><strong>mentis</strong></span> <span class='ocrx_word' id='word_1_687' title='bbox 1853 5742 2013 5804; x_wconf 50' lang='lat' dir='ltr'><strong>ultio;</strong></span> 
     </span>
    </p>
   </div>
   <div class='ocr_carea' id='block_1_106' title="bbox 2132 4975 2733 5044">
    <p class='ocr_par' dir='ltr' id='par_1_106' title="bbox 2132 4975 2733 5044">
     <span class='ocr_line' id='line_1_106' title="bbox 2132 4975 2733 5044; baseline -0.005 -12"><span class='ocrx_word' id='word_1_688' title='bbox 2132 4993 2242 5038; x_wconf 84' lang='lat' dir='ltr'><strong>res,</strong></span> <span class='ocrx_word' id='word_1_689' title='bbox 2268 4977 2366 5036; x_wconf 89' lang='lat' dir='ltr'><strong>ita.</strong></span> <span class='ocrx_word' id='word_1_690' title='bbox 2400 4975 2580 5032; x_wconf 87' lang='lat' dir='ltr'><strong>vocati</strong></span> <span class='ocrx_word' id='word_1_691' title='bbox 2598 4977 2733 5044; x_wconf 80' lang='grc' dir='ltr'><strong>νὸες.</strong></span> 
     </span>
    </p>
   </div>
   <div class='ocr_carea' id='block_1_107' title="bbox 2205 5045 3704 5119">
    <p class='ocr_par' dir='ltr' id='par_1_107' title="bbox 2205 5045 3704 5119">
     <span class='ocr_line' id='line_1_107' title="bbox 2205 5045 3704 5119; baseline 0.002 -18"><span class='ocrx_word' id='word_1_692' title='bbox 2205 5048 2274 5119; x_wconf 80' lang='lat' dir='ltr'><strong>(z)</strong></span> <span class='ocrx_word' id='word_1_693' title='bbox 2310 5048 2422 5102; x_wconf 79' lang='grc' dir='ltr'><strong>Τὸν</strong></span> <span class='ocrx_word' id='word_1_694' title='bbox 2453 5045 2561 5114; x_wconf 81' lang='grc' dir='ltr'><strong>τῆς</strong></span> <span class='ocrx_word' id='word_1_695' title='bbox 2581 5047 2948 5119; x_wconf 30' lang='grc' dir='ltr'><strong>’κενοδοξίας</strong></span> <span class='ocrx_word' id='word_1_696' title='bbox 2971 5049 3287 5118; x_wconf 69' lang='grc' dir='ltr'><strong>λογισμόν.</strong></span> <span class='ocrx_word' id='word_1_697' title='bbox 3313 5050 3526 5105; x_wconf 82' lang='lat' dir='ltr'><strong>Vitium</strong></span> <span class='ocrx_word' id='word_1_698' title='bbox 3551 5063 3704 5106; x_wconf 81' lang='lat' dir='ltr'><strong>sonat</strong></span> 
     </span>
    </p>
   </div>
   <div class='ocr_carea' id='block_1_108' title="bbox 2134 5116 3707 5180">
    <p class='ocr_par' dir='ltr' id='par_1_108' title="bbox 2134 5116 3707 5180">
     <span class='ocr_line' id='line_1_108' title="bbox 2134 5116 3707 5180; baseline -0.001 -7"><span class='ocrx_word' id='word_1_699' title='bbox 2134 5116 2228 5173; x_wconf 82' lang='lat' dir='ltr'><strong>illa</strong></span> <span class='ocrx_word' id='word_1_700' title='bbox 2251 5116 2376 5180; x_wconf 82' lang='lat' dir='ltr'><strong>vox,</strong></span> <span class='ocrx_word' id='word_1_701' title='bbox 2413 5133 2540 5173; x_wconf 91' lang='lat' dir='ltr'><strong>cum</strong></span> <span class='ocrx_word' id='word_1_702' title='bbox 2563 5116 2632 5172; x_wconf 90' lang='lat' dir='ltr'><strong>de</strong></span> <span class='ocrx_word' id='word_1_703' title='bbox 2666 5119 2871 5173; x_wconf 89' lang='lat' dir='ltr'><strong>talibus</strong></span> <span class='ocrx_word' id='word_1_704' title='bbox 2909 5116 3418 5174; x_wconf 28' lang='lat' dir='ltr'><strong>dicitur.‘Vitiosas</strong></span> <span class='ocrx_word' id='word_1_705' title='bbox 3477 5124 3572 5176; x_wconf 87' lang='lat' dir='ltr'><strong>alii</strong></span> <span class='ocrx_word' id='word_1_706' title='bbox 3625 5140 3707 5175; x_wconf 66' lang='lat' dir='ltr'><strong>cn.</strong></span> 
     </span>
    </p>
   </div>
   <div class='ocr_carea' id='block_1_109' title="bbox 2128 5189 3704 5258">
    <p class='ocr_par' dir='ltr' id='par_1_109' title="bbox 2128 5189 3704 5258">
     <span class='ocr_line' id='line_1_109' title="bbox 2128 5189 3704 5258; baseline 0.004 -16"><span class='ocrx_word' id='word_1_707' title='bbox 2128 5189 2464 5257; x_wconf 78' lang='lat' dir='ltr'><strong>gitationes,</strong></span> <span class='ocrx_word' id='word_1_708' title='bbox 2512 5197 2732 5252; x_wconf 91' lang='lat' dir='ltr'><strong>vocant,</strong></span> <span class='ocrx_word' id='word_1_709' title='bbox 2785 5189 2854 5244; x_wconf 89' lang='lat' dir='ltr'><strong>de</strong></span> <span class='ocrx_word' id='word_1_710' title='bbox 2913 5189 3120 5258; x_wconf 89' lang='lat' dir='ltr'><strong>quibus</strong></span> <span class='ocrx_word' id='word_1_711' title='bbox 3155 5199 3376 5243; x_wconf 87' lang='lat' dir='ltr'><strong>exstant</strong></span> <span class='ocrx_word' id='word_1_712' title='bbox 3431 5191 3704 5250; x_wconf 82' lang='lat' dir='ltr'><strong>Cassiani.</strong></span> 
     </span>
    </p>
   </div>
   <div class='ocr_carea' id='block_1_110' title="bbox 2127 5259 3703 5330">
    <p class='ocr_par' dir='ltr' id='par_1_110' title="bbox 2127 5259 3703 5330">
     <span class='ocr_line' id='line_1_110' title="bbox 2127 5259 3703 5330; baseline 0 -16"><span class='ocrx_word' id='word_1_713' title='bbox 2127 5259 2260 5323; x_wconf 81' lang='lat' dir='ltr'><strong>Nili,</strong></span> <span class='ocrx_word' id='word_1_714' title='bbox 2291 5267 2348 5312; x_wconf 88' lang='lat' dir='ltr'><strong>et</strong></span> <span class='ocrx_word' id='word_1_715' title='bbox 2386 5259 2639 5330; x_wconf 10' lang='lat' dir='ltr'><strong>aliorum!</strong></span> <span class='ocrx_word' id='word_1_716' title='bbox 2662 5268 2948 5330; x_wconf 85' lang='lat' dir='ltr'><strong>tractatus.</strong></span> <span class='ocrx_word' id='word_1_717' title='bbox 2978 5259 3201 5329; x_wconf 88' lang='lat' dir='ltr'><strong>Septem</strong></span> <span class='ocrx_word' id='word_1_718' title='bbox 3240 5274 3378 5330; x_wconf 89' lang='lat' dir='ltr'><strong>ergo</strong></span> <span class='ocrx_word' id='word_1_719' title='bbox 3407 5278 3512 5316; x_wconf 82' lang='lat' dir='ltr'><strong>seu</strong></span> <span class='ocrx_word' id='word_1_720' title='bbox 3535 5264 3703 5322; x_wconf 72' lang='lat' dir='ltr'><strong>vitiis,</strong></span> 
     </span>
    </p>
   </div>
   <div class='ocr_carea' id='block_1_111' title="bbox 2130 5328 3708 5400">
    <p class='ocr_par' dir='ltr' id='par_1_111' title="bbox 2130 5328 3708 5400">
     <span class='ocr_line' id='line_1_111' title="bbox 2130 5328 3708 5400; baseline 0.002 -16"><span class='ocrx_word' id='word_1_721' title='bbox 2130 5345 2230 5384; x_wconf 92' lang='lat' dir='ltr'><strong>seu</strong></span> <span class='ocrx_word' id='word_1_722' title='bbox 2262 5330 2482 5400; x_wconf 85' lang='lat' dir='ltr'><strong>vitiosis</strong></span> <span class='ocrx_word' id='word_1_723' title='bbox 2521 5328 2980 5400; x_wconf 85' lang='lat' dir='ltr'><strong>cogitationibus,</strong></span> <span class='ocrx_word' id='word_1_724' title='bbox 3029 5328 3258 5400; x_wconf 83' lang='lat' dir='ltr'><strong>ipsaque</strong></span> <span class='ocrx_word' id='word_1_725' title='bbox 3296 5328 3586 5400; x_wconf 80' lang='lat' dir='ltr'><strong>postremo</strong></span> <span class='ocrx_word' id='word_1_726' title='bbox 3622 5351 3708 5387; x_wconf 79' lang='lat' dir='ltr'><strong>ex-</strong></span> 
     </span>
    </p>
   </div>
   <div class='ocr_carea' id='block_1_112' title="bbox 2121 5398 3703 5470">
    <p class='ocr_par' dir='ltr' id='par_1_112' title="bbox 2121 5398 3703 5470">
     <span class='ocr_line' id='line_1_112' title="bbox 2121 5398 3703 5470; baseline 0.001 -16"><span class='ocrx_word' id='word_1_727' title='bbox 2121 5414 2285 5454; x_wconf 90' lang='lat' dir='ltr'><strong>cussa</strong></span> <span class='ocrx_word' id='word_1_728' title='bbox 2320 5399 2503 5453; x_wconf 90' lang='lat' dir='ltr'><strong>inanis</strong></span> <span class='ocrx_word' id='word_1_729' title='bbox 2549 5398 2741 5470; x_wconf 65' lang='lat' dir='ltr'><strong>glorise</strong></span> <span class='ocrx_word' id='word_1_730' title='bbox 2788 5399 2962 5470; x_wconf 82' lang='lat' dir='ltr'><strong>labes,</strong></span> <span class='ocrx_word' id='word_1_731' title='bbox 3029 5398 3312 5470; x_wconf 64' lang='lat' dir='ltr'><strong>superest,</strong></span> <span class='ocrx_word' id='word_1_732' title='bbox 3360 5414 3422 5454; x_wconf 90' lang='lat' dir='ltr'><strong>ut</strong></span> <span class='ocrx_word' id='word_1_733' title='bbox 3455 5413 3703 5456; x_wconf 58' lang='grc' dir='ltr'><strong>ροισι-ατη</strong></span> 
     </span>
    </p>
   </div>
   <div class='ocr_carea' id='block_1_113' title="bbox 2122 5468 3704 5540">
    <p class='ocr_par' dir='ltr' id='par_1_113' title="bbox 2122 5468 3704 5540">
     <span class='ocr_line' id='line_1_113' title="bbox 2122 5468 3704 5540; baseline -0.001 -16"><span class='ocrx_word' id='word_1_734' title='bbox 2122 5468 2671 5540; x_wconf 32' lang='grc' dir='ltr'><strong>οοεῑωιίοῐιεῐηιιιοη</strong></span> <span class='ocrx_word' id='word_1_735' title='bbox 2697 5470 2806 5538; x_wconf 87' lang='lat' dir='ltr'><strong>jam</strong></span> <span class='ocrx_word' id='word_1_736' title='bbox 2838 5468 3121 5532; x_wconf 70' lang='lat' dir='ltr'><strong>vitiosam,</strong></span> <span class='ocrx_word' id='word_1_737' title='bbox 3151 5468 3246 5525; x_wconf 85' lang='lat' dir='ltr'><strong>sed</strong></span> <span class='ocrx_word' id='word_1_738' title='bbox 3271 5487 3398 5540; x_wconf 66' lang='lat' dir='ltr'><strong>qua:</strong></span> <span class='ocrx_word' id='word_1_739' title='bbox 3424 5475 3582 5526; x_wconf 81' lang='lat' dir='ltr'><strong>vitiis</strong></span> <span class='ocrx_word' id='word_1_740' title='bbox 3614 5489 3704 5525; x_wconf 65' lang='lat' dir='ltr'><strong>seu</strong></span> 
     </span>
    </p>
   </div>
   <div class='ocr_carea' id='block_1_114' title="bbox 2121 5538 3700 5610">
    <p class='ocr_par' dir='ltr' id='par_1_114' title="bbox 2121 5538 3700 5610">
     <span class='ocr_line' id='line_1_114' title="bbox 2121 5538 3700 5610; baseline -0.001 -16"><span class='ocrx_word' id='word_1_741' title='bbox 2121 5538 2418 5594; x_wconf 67' lang='lat' dir='ltr'><strong>atlirctibus</strong></span> <span class='ocrx_word' id='word_1_742' title='bbox 2487 5538 2784 5610; x_wconf 78' lang='lat' dir='ltr'><strong>eliminatis</strong></span> <span class='ocrx_word' id='word_1_743' title='bbox 2848 5541 3141 5603; x_wconf 89' lang='lat' dir='ltr'><strong>succedit,</strong></span> <span class='ocrx_word' id='word_1_744' title='bbox 3199 5538 3700 5610; x_wconf 73' lang='lat' dir='ltr'><strong>superinduamus;</strong></span> 
     </span>
    </p>
   </div>
   <div class='ocr_carea' id='block_1_115' title="bbox 2125 5609 3704 5681">
    <p class='ocr_par' dir='ltr' id='par_1_115' title="bbox 2125 5609 3704 5681">
     <span class='ocr_line' id='line_1_115' title="bbox 2125 5609 3704 5681; baseline -0.001 -17"><span class='ocrx_word' id='word_1_745' title='bbox 2125 5625 2291 5681; x_wconf 84' lang='lat' dir='ltr'><strong>quam</strong></span> <span class='ocrx_word' id='word_1_746' title='bbox 2348 5609 2700 5664; x_wconf 81' lang='lat' dir='ltr'><strong>communitis</strong></span> <span class='ocrx_word' id='word_1_747' title='bbox 2725 5609 2994 5681; x_wconf 72' lang='lat' dir='ltr'><strong>Maximus</strong></span> <span class='ocrx_word' id='word_1_748' title='bbox 3015 5611 3222 5680; x_wconf 90' lang='lat' dir='ltr'><strong>aliique</strong></span> <span class='ocrx_word' id='word_1_749' title='bbox 3273 5609 3560 5681; x_wconf 72' lang='lat' dir='ltr'><strong>Spiritalcs</strong></span> <span class='ocrx_word' id='word_1_750' title='bbox 3610 5611 3704 5679; x_wconf 75' lang='grc' dir='ltr'><strong>τὴν</strong></span> 
     </span>
    </p>
   </div>
   <div class='ocr_carea' id='block_1_116' title="bbox 2125 5679 3704 5752">
    <p class='ocr_par' dir='ltr' id='par_1_116' title="bbox 2125 5679 3704 5752">
     <span class='ocr_line' id='line_1_116' title="bbox 2125 5679 3704 5752; baseline 0.002 -19"><span class='ocrx_word' id='word_1_751' title='bbox 2125 5680 2399 5752; x_wconf 72' lang='grc' dir='ltr'><strong>ἀπάθειαν</strong></span> <span class='ocrx_word' id='word_1_752' title='bbox 2425 5688 2626 5752; x_wconf 78' lang='lat' dir='ltr'><strong>vocant</strong></span> <span class='ocrx_word' id='word_1_753' title='bbox 2652 5695 2679 5752; x_wconf 85' lang='lat'><strong>:_</strong></span> <span class='ocrx_word' id='word_1_754' title='bbox 2712 5679 3058 5735; x_wconf 87' lang='lat' dir='ltr'><strong>domicilium</strong></span> <span class='ocrx_word' id='word_1_755' title='bbox 3114 5679 3362 5746; x_wconf 59' lang='lat' dir='ltr'><strong>ctelcste,</strong></span> <span class='ocrx_word' id='word_1_756' title='bbox 3405 5682 3562 5752; x_wconf 82' lang='lat' dir='ltr'><strong>quod</strong></span> <span class='ocrx_word' id='word_1_757' title='bbox 3617 5694 3704 5750; x_wconf 74' lang='lat' dir='ltr'><strong>ge-</strong></span> 
     </span>
    </p>
   </div>
   <div class='ocr_carea' id='block_1_117' title="bbox 2127 5750 3002 5820">
    <p class='ocr_par' dir='ltr' id='par_1_117' title="bbox 2127 5750 3002 5820">
     <span class='ocr_line' id='line_1_117' title="bbox 2127 5750 3002 5820; baseline 0 -16"><span class='ocrx_word' id='word_1_758' title='bbox 2127 5751 2353 5804; x_wconf 77' lang='lat' dir='ltr'><strong>mitibus</strong></span> <span class='ocrx_word' id='word_1_759' title='bbox 2373 5767 2435 5804; x_wconf 83' lang='lat' dir='ltr'><strong>ac</strong></span> <span class='ocrx_word' id='word_1_760' title='bbox 2459 5750 2712 5815; x_wconf 70' lang='lat' dir='ltr'><strong>lacrvmis</strong></span> <span class='ocrx_word' id='word_1_761' title='bbox 2756 5757 3002 5820; x_wconf 80' lang='lat' dir='ltr'><strong>paratur.</strong></span> 
     </span>
    </p>
   </div>
  </div>
