3922 6348
261 393 369 464 ρᾶ·
405 394 475 447 τὰ
525 395 582 447 δὲ
642 399 928 471 νοούμενα,
969 406 1112 475 φημὶ

259 485 349 538 διὰ
376 487 474 555 τὴν
508 487 741 560 Θεωρίαν
771 493 847 558 ὡς

259 595 377 632 ταιο
413 582 445 648 ἡ
489 582 601 653 γὰρ
637 583 713 654 μὴ
758 579 932 651 οὕτως
977 590 1326 660 ὡραιωθεῖσα
1355 595 1526 669 ψυχὴ,
1567 602 1843 673 πετασθῆ-

257 688 351 724 ναι
385 674 480 725 καὶ
515 675 870 731 καταπαῦσαι
903 679 964 732 ού
1016 681 1262 751 δύναται,
1297 685 1428 741 ἔνθα
1479 689 1696 744 πάντων
1745 695 1839 747 εύ-

258 781 293 833 c;
305 765 637 835 ραινομένων
660 768 692 838 ή
730 770 983 822 κατοικία
1018 773 1186 828 ἐστίν.

893 495 952 549 ἐν
984 497 1287 570 χλωρότητι
1318 505 1546 573 χρυσίου
1584 509 1840 564 καθίστα·

364 878 596 962 ᾼὮειμὼν
608 879 823 962 ἑνθρδε
853 886 1104 962 καρπῶν
1137 893 1626 962 πεπληρωμένος,

364 951 782 1021 Πνευματικῆς
811 957 1081 1024 πράξεως
1111 961 1212 1012 καὶ
1237 951 1502 1030 θεῶρίᾶς.

333 1061 468 1132 ρλη’.
521 1063 800 1137 Ἀτεαρχὰς
835 1067 1041 1134 ἅλωνος
1063 1073 1160 1127 καὶ
1183 1073 1367 1145 ληνοῦ,
1401 1079 1572 1132 πάλαι
1606 1083 1705 1151 μὲν
1725 1085 1838 1147 τοῖς

254 1153 511 1220 παλαιοῖς
535 1160 870 1232 προσφέρειν
900 1165 958 1216 ὲν
989 1163 1067 1235 τῷ
1093 1167 1209 1238 ναῷ
1237 1171 1666 1240 προσετέτακτο.
1694 1176 1832 1230 Νυνὶ

251 1244 311 1295 δὲ
346 1246 867 1328 ἡμᾶς,1πρακτικῆς
903 1255 1003 1326 μὲν
1052 1257 1327 1330 ἀπαρχὰς,
1377 1263 1708 1334 ἐγκράτειαν
1756 1267 1838 1322 δεῖ

251 1336 375 1431 Qui)
425 1344 761 1414 προσφέρειν
795 1348 889 1400 καὶ
923 1348 1022 1420 τὴν
1074 1351 1367 1424 ἀλήθειανο
1399 1355 1744 1431 θεωρητικῆς
1775 1362 1835 1416 δέ

249 1429 481 1521 ἀρετῆς,
522 1433 746 1506 ἀγάπην
778 1439 872 1492 καὶ
910 1445 1257 1516 προσευχήν·
1315 1448 1384 1501 δι’
1437 1429 1662 1504 ἐκείνων
1700 1429 1832 1521 ⁷μὲν,

248 1519 451 1588 ἀλόγου
488 1525 783 1597 ἐπιθυμίας
814 1531 910 1584 καὶ
939 1532 1033 1586 τοῦ
1065 1534 1240 1606 θυμοῦ
1288 1539 1387 1602 τὰς
1412 1540 1592 1611 ὁρμὰς
1636 1519 1833 1598 ἀνακόὲ

249 1630 488 1678 πτοντας
509 1633 523 1648 ο
553 1618 643 1672 διὰ
691 1620 896 1676 τούτων
943 1623 1021 1692 δὲ,
1051 1626 1261 1694 ἐννοίας
1295 1631 1482 1696 κενὰς,
1511 1635 1609 1688 καὶ
1635 1636 1736 1701 τὰς
1767 1638 1832 1693 ἐκ

246 1705 457 1761 τούτων
484 1709 800 1777 ἐπιϐουλάς.

323 1886 457 1956 ρλθ’.
491 1889 812 1964 Πρακτικῆς
866 1896 1008 1970 ἀρχὴ
1045 1901 1163 1968 μὲν,
1191 1901 1490 1975 ἐγκράτεια
1519 1909 1616 1963 καὶ
1642 1912 1835 1966 ταπεί-

244 1983 750 2077 νωσιςδὰλήθεια,
803 1993 1130 2066 σωφροσύνη
1172 1997 1269 2050 καὶ
1319 1989 1830 2077 ταπεινοφροσύνηο

241 2073 400 2137 τέ)ος
427 2075 484 2129 δέ
511 2078 702 2149 αὐτῆς,
731 2080 1008 2155 λογισμῶν
1034 2089 1224 2160 εἰρήνη
1269 2093 1370 2146 καὶ
1413 2073 1688 2166 ἁγιασμὸς
1719 2073 1828 2150 σώ-

248 2184 444 2238 ματος.

321 2269 433 2333 ρμ’.
477 2266 686 2338 Πρᾶξις
742 2271 911 2338 ἐστιν,
940 2272 1002 2325 οὐ
1059 2275 1121 2328 τὸ
1151 2277 1413 2347 πράττειν
1450 2279 1630 2345 καλῶς
1671 2281 1821 2338 δύνα-

245 2351 373 2408 σθαι
414 2355 576 2426 μόνον
604 2359 673 2412 τὰ.
704 2361 865 2428 καλὰ,
899 2363 1038 2418 ἀλλὰ
1089 2367 1266 2420 καὶτὸ
1320 2367 1398 2432 ὡς
1440 2369 1522 2422 δεῖ
1566 2373 1828 2442 πράττειν

241 2445 410 2510 αὐτὰ,
450 2448 542 2502 τὸν
585 2453 776 2523 καιρὸν
815 2455 910 2508 καὶ
959 2455 1019 2510 τὸ
1074 2457 1273 2531 μέτρον
1314 2461 1452 2532 πρὸς
1481 2462 1551 2517 τὰ
1577 2466 1829 2535 πρακτέα

242 2545 748 2614 συνεπιφερομένου
778 2547 873 2600 τοῦ
908 2550 1260 2620 πράττοντος.

314 2631 464 2702 ρμα’.
506 2634 721 2708 Θεωρία
745 2639 914 2702 ἐστὶν.
949 2641 1009 2694 οὐ
1039 2642 1100 2695 τὸ
1123 2643 1352 2716 θεωρεῖν
1385 2649 1544 2718 μόνον
1564 2649 1640 2713 ὠς
1669 2649 1826 2719 ἐχου-

241 2739 300 2775 σι
334 2725 404 2778 τὰ
434 2725 664 2798 σώματα
697 2730 935 2800 φύσεως,
969 2734 1108 2788 ἀλλὰ
1133 2738 1230 2791 καὶ
1256 2739 1385 2804 τοὺς
1421 2739 1613 2809 λόγους
1643 2743 1825 2796 αὐτῶν

239 2813 382 2885 πρὸς
412 2817 465 2870 τί
505 2819 818 2888 βλέπουσιν.

315 2904 462 2975 ρμβ’.
501 2908 615 2962 Ούκ
648 2909 796 2964 ἐστιν
840 2911 963 2967 οὔτε
1023 2915 1224 2985 πρᾶξις
1284 2917 1536 2992 ἀσφαλὴς
1587 2923 1822 2996 θεωρίας

236 2998 418 3066 ἐκτὸς,
451 2999 573 3054 οὔτε
603 3002 805 3074 θεωρία
832 3005 1036 3078 ἀληθὴς
1083 3009 1336 3080 πράξεως
1368 3014 1519 3068 ἄνευ.
1555 3017 1677 3088 Χρὴ
1712 3018 1821 3090 γὰρ

1431 301 1610 360 ALIA
1649 302 1751 362 EX
1789 304 2030 368 νΑΤιρ.
2071 313 2362 378 CAPITA.

1165 407 1229 478 δὴ
1287 409 1354 463 τὰ
1410 414 1726 487 μετάφρενα
1746 418 1820 488 (.a)

1949 439 2073 493 quae
2121 436 2304 484 autem
2351 439 2536 490 mente
2595 435 2976 510 intelliguntur
3029 439 3218 512 (dorsi
3264 445 3528 506 nimirum

3395 336 3530 400 1434

1942 513 2276 603 posteriora)
2311 523 2794 593 contemplationis
2822 543 3053 585 munere
3088 531 3141 586 in
3169 535 3379 603 pallore
3405 544 3525 596 auri

1942 601 2273 660 consistunt.
2311 607 2544 666 Animus
2581 613 2728 667 enim
2766 632 2874 670 non
2914 619 2994 674 sic
3032 601 3308 679 formosus
3337 642 3402 681 ac
3433 646 3528 685 vc-

1941 703 2159 762 nustus,
2184 699 2405 756 evolare
2435 719 2545 758 non
2575 714 2758 774 potest
2779 723 2847 763 ac
2870 710 3176 780 quiescere,
3203 716 3298 771 ubi
3336 719 3522 791 laetam

1942 783 2079 840 tium
2109 790 2356 847 omnium
2386 793 2655 852 habitatio
2681 807 2766 854 est
2794 799 2862 854 ³⁸.

2009 897 2347 976 ξνᾳειιηιίιιίσ
2377 904 2634 974 fructibus
2665 918 2894 976 scatens,

2009 967 2282 1039 Spiritalis
2313 967 2534 1030 actionis
2562 987 2610 1030 et
2642 967 3121 1052 contemplationis.

2007 1083 2170 1154 657
2206 1086 2328 1141 l58.
2369 1089 2629 1161 Antiquis
2687 1093 2819 1148 olim
2884 1090 3220 1169 praeceptum
3268 1113 3414 1167 erat,
3458 1117 3518 1162 ut

1938 1187 2077 1231 area
2102 1192 2167 1231 ac
2204 1181 2498 1237 torcularis
2524 1183 2800 1254 primitias
2827 1187 2882 1242 in
2911 1191 3116 1260 templo
3152 1193 3418 1251 oﬂ‘errent
3449 1199 3515 1251 '9.

1936 1263 2094 1319 Nunc
2126 1282 2258 1322 vero
2303 1269 2466 1326 decet
2507 1288 2632 1338 nos,
2675 1276 2915 1332 actionis
2953 1280 3178 1348 quidem
3222 1285 3515 1352 primitias,

1937 1357 2334 1413 continentiam
2377 1377 2442 1416 ac
2484 1364 2776 1420 veritatem
2823 1368 2936 1423 Deo
2980 1371 3083 1441 ipsi
3124 1373 3359 1441 otl‘erre;
3398 1381 3517 1448 ejus

1935 1464 2070 1503 vero
2116 1451 2339 1507 virtutis
2388 1469 2510 1524 qua:
2558 1460 3023 1528 contemplatione
3076 1464 3244 1529 nitet,
3282 1468 3518 1523 Charita-

1937 1547 2046 1592 tcm
2067 1551 2125 1594 et
2142 1541 2448 1598 orationem
2480 1562 2492 1597 :
2519 1544 2615 1614 qui
2640 1546 2904 1601 nimirum
2934 1549 3056 1602 aliis
3077 1551 3302 1619 quidem
3326 1553 3535 1626 alienae

1934 1645 1965 1683 a
2011 1632 2227 1686 ratione
2276 1634 2600 1704 cupiditatis
2641 1637 2849 1708 iraeque
2891 1641 3257 1710 appetitiones
3297 1646 3514 1698 exscin-

1863 1763 1906 1818 B
1934 1720 2162 1789 damus;
2190 1725 2315 1780 aliis
2343 1740 2494 1790 vero,
2528 1727 2719 1784 inanes
2742 1730 3126 1801 cogitationes,
3152 1741 3210 1788 et
3235 1749 3357 1804 qua:
3389 1735 3514 1790 inde

1935 1811 2199 1882 ingruunt
2225 1815 2438 1872 insidiae
2466 1827 2524 1872 et
2549 1818 2788 1875 fraudes.

2005 1905 2130 1960 159.
2161 1907 2294 1978 Ejus
2337 1909 2564 1967 virtutis
2619 1927 2742 1981 quae
2785 1914 3060 1969 actionem
3105 1917 3266 1981 colit,
3310 1918 3513 1986 princi-

1932 1994 2107 2064 pium,
2139 1997 2502 2066 continentia,
2549 2000 2854 2066 humilitas,
2889 2004 3111 2067 verilas,
3150 1994 3512 2073 temperantia

1929 2094 1988 2142 et
2035 2087 2287 2154 castitas,
2339 2105 2536 2145 sensus
2582 2091 2852 2147 modestia
2899 2102 2956 2147 et
3001 2093 3312 2149 sobrietas:
3358 2095 3508 2158 ﬁnis,

1929 2187 2124 2247 pacata
2153 2181 2462 2238 rationibus
2489 2199 2646 2238 utens
2668 2193 2726 2239 et
2749 2185 2998 2254 Corporis
3021 2187 3405 2240 sanctimonia.

2001 2272 2125 2326 140.
2203 2274 2361 2330 Actio
2385 2285 2493 2336 est.
2519 2276 2723 2331 nedum
2754 2287 2813 2330 ut
2837 2276 3068 2331 honeste
3095 2288 3360 2359 praestare
3384 2293 3509 2347 pos.

1928 2361 2006 2418 sis
2045 2378 2168 2432 quae
2205 2363 2438 2418 honesta
2477 2374 2627 2428 sunt,
2675 2364 2770 2420 sed
2811 2375 2872 2420 ut
2915 2364 3084 2418 etiam
3122 2373 3356 2434 praestes
3404 2384 3511 2436 qua

1928 2454 2087 2510 decet
2121 2456 2336 2509 ratione
2367 2464 2657 2524 praestare;
2708 2466 2767 2510 ut
2801 2465 2857 2511 et
2902 2465 3117 2526 tempus
3150 2457 3507 2528 modumque.

1927 2559 2052 2602 cum
2084 2544 2172 2600 his
2195 2560 2318 2615 quae
2345 2545 2554 2614 agenda
2580 2553 2731 2610 sunt,
2761 2562 2928 2616 agens
2953 2546 3222 2602 conferat.

1996 2635 2121 2690 Nl.
2156 2634 2564 2706 Contemplatio
2595 2645 2701 2701 est,
2744 2647 2802 2690 ut
2833 2654 2944 2692 non
2983 2639 3160 2692 solum
3193 2640 3514 2695 consideres

1925 2742 2049 2797 qua:
2092 2726 2167 2782 sit
2215 2741 2512 2797 corporum
2555 2736 2754 2783 natura
2797 2739 2966 2798 atque
3015 2731 3256 2796 indoles;
3302 2731 3400 2786 sed
3451 2741 3512 2787 ut

1925 2816 2092 2872 etiam
2121 2831 2232 2886 quo
2260 2815 2556 2886 respiciant
2587 2831 2781 2871 eorum
2807 2819 3052 2874 rationes
3079 2819 3420 2876 consideres.

2000 2909 2121 2964 142.
2160 2908 2274 2964 Nec
2311 2909 2460 2963 actio
2503 2917 2617 2964 tuta
2651 2916 2737 2965 est
2774 2910 2916 2964 citra
2953 2911 3508 2980 contemplationem,

1926 3014 2106 3070 neque
2144 3015 2278 3056 vero
2323 2999 2716 3069 contemplatio
2755 2999 2896 3054 citra
2941 3000 3238 3056 actionem.
3279 2999 3512 3070 Oportet

236 3093 334 3146 καὶ
371 3094 570 3163 πρᾶξιν
595 3095 883 3167 ἐλλόγιμον
910 3094 1071 3162 εἶναι,
1105 3101 1200 3155 καὶ
1226 3099 1458 3175 θεωρίαν
1479 3105 1818 3178 ἔμπρακτον·

1940 3095 2072 3150 anim
2102 3103 2160 3150 et
2192 3095 2467 3150 actionem
2506 3095 2662 3165 quasi
2699 3093 2971 3150 eruditam
3005 3109 3069 3149 ac
3108 3094 3372 3148 imbutam
3417 3109 3508 3148 ra-

235 3184 331 3237 ἴνα
379 3188 445 3256 τῇ
484 3186 606 3257 μὲν,
657 3189 952 3262 ἀνίσχυρον
973 3192 1299 3266 εὑρίσκηται
1344 3198 1378 3266 ή
1407 3198 1581 3253 κακία
1601 3215 1613 3229 ⁸
1645 3204 1712 3259 τῇ
1736 3201 1817 3268 δέ,

234 3276 439 3350 δυνατὴ
475 3281 508 3351 ή
539 3281 710 3352 ἀρετὴ
743 3284 801 3336 ἐν
827 3283 1102 3349 εύδοκίαις
1131 3289 1519 3359 χρηστότητος.

312 3552 458 3618 ρμγν.
495 3546 680 3617 Πέρας
705 3546 808 3618 μὲν
834 3550 1178 3620 πρακτικῶν,
1211 3553 1246 3623 ἡ
1289 3553 1555 3623 νέκρωσις
1579 3555 1687 3609 τῶν
1713 3572 1820 3611 πα-

239 3638 351 3694 θῶν
374 3656 388 3670 ο
414 3639 568 3704 τέλος
596 3640 653 3695 δὲ
679 3641 1014 3714 γνωστικῆς,
1037 3644 1069 3714 ἡ
1099 3642 1304 3715 θεωρία
1331 3646 1442 3699 τῶν
1477 3647 1712 3717 ἀρετῶν.

311 3817 450 3888 ρμδν.
491 3817 580 3880 Ὠς
617 3816 718 3888 ὕλη
760 3816 840 3888 τῷ
882 3818 1034 3884 είδει,
1061 3817 1207 3874 οὕτω
1252 3820 1452 3891 πρᾶξις
1481 3823 1546 3892 τῇ
1583 3820 1817 3893 θεωρίᾳο

236 3911 332 3962 καὶ
364 3911 439 3974 ὡς
467 3909 745 3981 ὀφθαλμὸς
773 3910 1070 3983 προσώπῳ,
1104 3910 1248 3966 οὕτω
1293 3914 1500 3985 θεωρία
1525 3917 1590 3987 τῇ
1625 3915 1820 3986 πράξει

235 4004 556 4074 ὀφθήσεται.

309 4099 450 4164 ρμε’.
499 4093 588 4148 Ἐν
623 4092 703 4164 τῷ
723 4093 866 4148 κατὰ
885 4093 986 4164 τὴν
1015 4093 1333 4165 πρακτικὴν
1367 4094 1570 4168 ἀρετὴν
1592 4096 1817 4166 σταδίῳ,

236 4186 426 4240 πολλοὶ
456 4187 554 4256 μὲν
593 4187 879 4258 τρέχουσιν
899 4203 914 4220 ⁸
941 4181 1022 4251 εἷς
1051 4187 1110 4240 δέ
1155 4187 1424 4258 λαμσάνει
1466 4188 1818 4260 τὺξβραὸεῖον,

235 4281 265 4332 6
294 4280 427 4350 πρὸς
457 4279 520 4333 τὸ
544 4279 720 4350 πέρας
751 4277 925 4349 αὐτῆς
957 4279 1134 4334 ἐλθεῖν
1160 4281 1228 4352 τῇ
1259 4279 1467 4352 θεωρίᾳ
1506 4280 1818 4352 ἐπιθυμῶν.

1924 3187 2072 3243 tione
2094 3202 2238 3252 esse,
2262 3196 2319 3242 et
2347 3185 2799 3257 contemplationi
2829 3187 3103 3242 actionem
3129 3186 3369 3251 haerere;
3397 3201 3508 3256 quo

1922 3278 2206 3344 nimirum,
2237 3278 2369 3332 hinc
2399 3277 2623 3348 quidem
2661 3276 2898 3332 ini'alida
2935 3277 3251 3333 inveniatur
3275 3279 3504 3339 malitia,

1919 3370 2049 3423 hinc
2084 3384 2215 3423 vero
2248 3378 2447 3438 potens
2475 3370 2652 3425 virtus
2685 3369 2750 3424 ad
2783 3370 3092 3440 praestanda
3129 3386 3252 3441 quae
3281 3369 3510 3425 libuerit

1921 3458 2211 3514 mitissima
2242 3475 2495 3516 munera.

1993 3549 2116 3608 M5.
2153 3549 2478 3606 Activorum
2533 3557 2700 3615 meta,
2750 3548 3050 3604 affectuum
3102 3548 3507 3618 libidinumque

1921 3640 2274 3698 mortificatio
2303 3659 2314 3694 :
2348 3642 2726 3712 gnosticorum
2757 3640 2918 3707 ﬁnis,
2956 3643 3225 3698 virtutum
3259 3652 3509 3697 contem-

1921 3732 2112 3800 platio.
3307 3803 3313 3810 .

1995 3825 2117 3878 144.
2155 3822 2629 3888 Quemadmodum
2679 3824 2912 3878 materia
2963 3841 3032 3880 ex
3077 3825 3274 3891 forma,
3325 3826 3407 3882 sic
3450 3835 3508 3880 et

1921 3914 2067 3969 actio
2098 3931 2164 3969 ex
2202 3913 2700 3983 contemplatione;
2733 3930 2797 3969 ac
2837 3914 2985 3968 sicut
3018 3916 3213 3970 oculus
3242 3931 3311 3970 ex
3343 3916 3504 3983 facie,

1923 4009 2001 4064 sic
2029 4023 2096 4063 ex
2126 4006 2343 4063 actione
2370 4005 2764 4076 contemplatio
2792 4006 3190 4076 conspicietur.

1994 4100 2118 4155 145.
2155 4098 2309 4153 Multi
2343 4099 2398 4153 in
2433 4099 2656 4154 virtutis
2689 4113 2810 4168 quae
2843 4098 3120 4154 actionem
3154 4097 3288 4154 colit
3326 4098 3506 4154 stadio

1920 4201 2188 4254 currunt,
2223 4190 2318 4246 sed
2361 4206 2506 4246 unus
2543 4191 2748 4260 accipit
2787 4190 3022 4260 palmam
3055 4191 3124 4257 ⁸⁵,
3159 4191 3253 4261 qui
3298 4191 3508 4247 scilicet

1921 4281 1989 4336 ad
2033 4282 2156 4351 ejus
2196 4279 2362 4335 ﬁnem
2405 4280 2598 4335 venire
2639 4279 3124 4350 contemplationis
3163 4281 3508 4350 compendiis

1920 4374 2092 4444 cupit.

311 4465 465 4528 ρμς’.
500 4458 866 4526 Κατανύξεως
918 4461 1018 4530 μὲν
1069 4461 1220 4531 πόμα
1267 4462 1412 4517 πίνει
1449 4464 1478 4518 6
1510 4467 1812 4536 πρακτικὸς

1989 4467 2111 4522 146.
2152 4465 2382 4521 Activus
2414 4463 2862 4534 compunctionis
2904 4471 3097 4534 potum
3149 4463 3204 4520 in
3255 4463 3506 4519 oratione

234 4550 295 4602 ἐν
323 4550 490 4620 εύχῇο
514 4553 762 4623 ποτηρίῳ
800 4551 858 4605 δὲ
901 4551 1182 4624 κρατίστῳ
1225 4553 1581 4625 μεθύσκεται,
1615 4560 1642 4611 6
1671 4557 1808 4612 θεω-

1919 4561 2062 4616 bibit
2088 4579 2100 4613 :
2137 4559 2448 4615 inebriatur
2484 4574 2621 4615 vero
2647 4559 2862 4629 optimo
2892 4559 3068 4615 calice
3090 4557 3158 4624 δ’,
3189 4558 3285 4629 qui
3321 4556 3506 4613 studet

320 4731 538 4792 “.Psal.
571 4751 784 4802 uxxvn,
816 4736 866 4790 7.
946 4735 988 4789 ’.°
1027 4737 1201 4792 Exod.
1238 4751 1368 4803 χχιι,
1402 4737 1494 4804 25,
1534 4737 1624 4795 25.
1700 4741 1746 4774 ⁴⁰
1778 4741 1798 4796 l

1942 4785 1954 4799 .
1988 4759 2062 4810 rx,
2094 4743 2183 4800 24.
2258 4743 2301 4776 “
2333 4742 2478 4800 Psal.
2509 4757 2616 4807 ιιι,
2647 4741 2710 4810 5;
2745 4757 2874 4810 χχιι,
2901 4741 2956 4799 5.

319 4891 397 4963 (a)
428 4890 505 4966 T_d
533 4891 907 4966 μετάφρενα.
937 4889 1236 4966 Suntquzn
1279 4892 1371 4966 alii
1399 4901 1599 4949 vocant
1622 4913 1828 4966 μεταυ-

239 4961 419 5036 χένια.
451 4961 607 5016 Suid.
636 4965 663 5014 6
694 4963 898 5036 μεταξὺ
931 4963 1042 5036 τῶν
1069 4961 1233 5036 ὤμων
1260 4964 1447 5026 τόπος.
1494 4961 1660 5020 Locus
1690 4969 1829 5022 inter

238 5032 486 5089 Inuneros
509 5050 525 5087 :
549 5043 721 5108 terga,
751 5032 988 5108 dorsum.
1012 5032 1355 5102 Suppletquc
1380 5036 1600 5108 Portus,
1630 5039 1768 5108 quod
1791 5057 1824 5093 a

237 5115 384 5175 tergo
415 5105 719 5176 praecordiis
745 5111 820 5155 est
854 5105 1148 5176 objectum:
1191 5106 1538 5176 sumpsitque
1572 5105 1821 5163 ex'Vati-

237 5173 583 5246 εαιιοίοιιῇυξ
614 5175 884 5246 limosum
915 5173 1126 5246 'vicrba,
1181 5173 1531 5246 Μετὰφρενα.
1565 5180 1630 5230 τὰ
1656 5180 1822 5242 νῶτα,

237 5248 320 5299 ὅτι.
362 5243 646 5316 ἐξόπισθεν
673 5245 780 5296 τῶν
810 5243 1024 5316 φρενῶν
1051 5247 1249 5298 κεῖται·
1281 5243 1475 5312 φρένες
1500 5248 1577 5310 δὲ,
1612 5248 1810 5316 ὑμένες

240 5317 348 5368 εἰσὶ
408 5315 610 5386 μεταξὺ
674 5316 771 5386 τῆς
807 5315 1036 5382 καρδίας
1083 5316 1178 5368 καὶ
1240 5316 1335 5386 τοῦ
1372 5317 1603 5386 ἥπατος·
1661 5316 1816 5382 Quod

243 5395 386 5440 retro
412 5385 522 5438 τῶν
545 5385 756 5456 φρενῶν
777 5386 947 5456 posita
980 5391 1102 5439 sunt
1122 5401 1140 5439 :
1159 5385 1352 5454 φρένες
1380 5385 1519 5442 em";
1550 5389 1814 5442 membra—

245 5474 326 5511 πίε
351 5465 473 5528 sunt
495 5457 634 5528 inter
655 5473 744 5509 cor
775 5466 823 5508 et
843 5456 1134 5528 jecnra'l‘b,
1158 5457 1216 5508 ἐν
1236 5457 1536 5528 χλωρότητι
1566 5459 1813 5528 χρυσίου,

243 5527 391 5595 quod
418 5527 570 5598 Syxt.
611 5526 886 5598 interpres
916 5526 1149 5580 reddere
1173 5528 1388 5598 maluit,
1419 5526 1686 5582 Hilarium
1721 5546 1810 5583 sc-

245 5607 409 5669 ezxtus
425 5597 475 5669 et
498 5597 752 5667 August.,
774 5597 826 5650 in
846 5598 1119 5669 viriditate
1135 5597 1276 5658 auri,
1293 5615 1454 5666 quam
1478 5599 1622 5667 quml
1651 5600 1806 5669 Vulg.

249 5665 605 5731 reddiderat,—
640 5683 746 5721 non
807 5667 1010 5735 probo.
1063 5665 1261 5734 Liquet
1312 5665 1459 5721 enim
1489 5665 1729 5722 i‘irnrem
1755 5665 1812 5725 et

249 5738 578 5792 viriditatem
608 5755 715 5792 non
758 5733 882 5806 apte
913 5736 1020 5790 dici
1047 5737 1112 5790 tle
1141 5733 1279 5790 auro
1313 5738 1604 5808 (quidquid
1664 5739 1810 5795 Hila-

1929 4897 2068 4960 rius,
2094 4899 2341 4969 vigorem_
2378 4896 2662 4969 quemdam
2699 4906 2958 4952 aeternum
2989 4904 3149 4969 putet
3170 4912 3234 4951 ea
3273 4911 3407 4969 voce
3431 4897 3504 4951 si-

1927 4965 2224 5038 gnificari),
2249 4967 2346 5022 sed
2368 4965 2554 5035 potius
2577 4965 2846 5021 fulvorem
2867 4973 2921 5038 et
2946 4967 3232 5038 pallorem,
3262 4968 3488 5038 quiauri

1927 5035 2082 5093 color
2113 5035 2358 5108 optimus
2407 5046 2493 5108 est
2527 5053 2540 5090 :
2583 5044 2780 5108 auctor
2809 5035 2960 5090 enim
3004 5035 3247 5108 Galenus
3281 5035 3498 5106 χλωρὶν

1928 5110 2049 5180 αντὶ
2085 5106 2266 5180 ὠχροῦ
2297 5107 2602 5180 sumi;_nec
2636 5107 3009 5180 Hyppocrates
3046 5106 3219 5180 aliter
3250 5117 3499 5180 usurpat.

1927 5175 2424 5247 Plinius-"quoque
2457 5177 2537 5231 sic
2582 5175 2798 5247 accepit
2829 5175 2990 5247 apud
3046 5175 3352 5247 Dioscorid.
3400 5177 3499 5229 lib.

1929 5265 2005 5309 Ill,
2036 5265 2157 5318 cap.
2186 5244 2272 5311 7'9,
2296 5244 2372 5318 De
2387 5244 2657 5318 Smyrnio,
2697 5244 2881 5318 φλοιὸν
2910 5245 3140 5318 Αέχουσα
3172 5245 3370 5318 ἔξωθεν
3403 5247 3503 5318 μέν

1926 5315 2152 5387 μέλανα,
2209 5317 2422 5371 ἔνδοθεν
2471 5315 2529 5368 δὲ
2585 5315 2791 5387 χλωρὸν
2831 5318 2863 5386 ἡ
2899 5315 3197 5387 ὑπόλευκον
3219 5332 3240 5387 ’γ
3273 5315 3389 5387 ipse
3420 5316 3502 5371 sic

1922 5385 2090 5442 uertit
2125 5389 2222 5443 lib.
2253 5403 2420 5446 sxw.
2465 5385 2591 5456 cap.
2622 5387 2720 5440 13:
2752 5385 2946 5442 Cortex
2977 5386 3091 5454 ejus
3144 5386 3271 5456 foris
3326 5386 3497 5455 niger,

1923 5461 2067 5530 intus
2116 5459 2368 5530 pallidus.
2395 5455 2739 5530 Cumviritle
2765 5465 3012 5509 saturum
3043 5455 3356 5530 signiﬁcare
3379 5469 3498 5530 ,νοτ

1923 5529 2046 5584 lunt
2103 5523 2383 5591 auctores,
2419 5527 2741 5598 πρασοειὸἐς
2772 5523 3216 5598 vocare_solent,
3244 5532 3320 5598 “et
3363 5523 3496 5598 ᾡσει

1919 5601 2148 5670 πράσος,
2208 5601 2361 5670 quasi
2377 5592 2538 5670 porro
2559 5596 2749 5661 simile,
2766 5595 3136 5666 convenitque
3161 5592 3496 5666 quibusdam

1916 5669 2119 5742 lapillis
2138 5679 2194 5727 et
2220 5669 2452 5737 herbis;
2487 5684 2648 5733 auro,
2690 5683 2997 5738 nunquam.
