3922 6348
462 304 596 368 1435

1580 310 1583 314 ’
1632 306 1692 376 S.
1735 303 2021 364 ΜΑΧΙΜΙ
2062 300 2570 364 CONFESSORIS

3614 311 3742 377 1ίέ

457 423 930 493 contemplationi.
968 422 1120 476 Alter
1149 421 1375 491 quidem
1417 421 1472 474 in
1503 421 1592 475 his
1622 420 2035 490 philosOphatui

2150 418 2379 489 ριτικός.
2423 420 2482 473 '0
2511 421 2612 491 μὲν
2642 422 2700 476 ἐν
2731 424 2841 485 τοῖς
2863 423 3006 477 κατὰ
3029 424 3191 492 φύσιν
3222 423 3549 497 φιλοσοφῶν
3572 444 3586 456 ·
3619 433 3648 484 ὁ
3667 431 3736 495 δέ,

456 535 580 591 quas
604 528 734 571 sunt
762 531 830 570 ex
861 522 1084 580 natura;
1112 515 1250 568 alter
1272 528 1407 568 vero
1434 513 1489 566 in
1514 512 1766 566 oratione
1798 511 2045 580 seipsum

463 611 663 666 nescit.

527 700 646 754 147.
689 698 809 752 Νοη
843 697 1048 751 sinitur
1077 696 1292 751 activus
1321 695 1532 750 diutius
1562 695 1616 748 in
1649 693 1888 763 spiritali
1922 707 2048 745 con-

459 791 814 862 templatione
856 789 1083 844 morari.
1126 789 1416 843 Invenitur
1457 787 1605 842 enim
1649 796 1709 840 ut
1755 784 1899 854 apud
1945 783 2048 837 ali-

456 901 623 956 quem
674 882 919 953 hospitio
964 890 1250 952 exceptus,
1291 897 1356 936 ac
1397 881 1494 950 qui
1539 879 1650 934 cito
1695 878 1844 932 illius
1883 876 2047 930 domo

457 977 803 1049 egrediatur.

531 1072 652 1126 MS.
696 1069 1088 1140 ingrediuntur
1121 1067 1286 1123 activi
1336 1067 1482 1120 inter
1515 1063 1810 1127 orandum,
1853 1070 2044 1131 portas

458 1163 844 1218 mandatorum
869 1162 996 1227 Dei;
1019 1170 1079 1215 ut
1100 1176 1235 1216 vero
1250 1159 1417 1230 658
1437 1159 1492 1212 in
1525 1157 1663 1210 atria
1689 1157 1958 1210 virtutum
1987 1153 2042 1206 in

458 1254 711 1317 canticis,
760 1251 1194 1322 contemplativi.
1253 1249 1358 1304 Alii
1399 1249 1604 1319 gratias
1653 1254 1845 1315 agunt,
1893 1245 2044 1314 quod

459 1343 625 1398 soluti
659 1343 892 1396 vinculis
925 1351 1086 1408 sunt;
1122 1340 1236 1407 alii,
1268 1340 1416 1412 quod
1462 1349 1518 1395 et
1561 1339 1810 1408 captivos
1855 1337 2046 1419 hostes

459 1448 590 1486 suos
615 1443 906 1502 ceperunt.

531 1521 654 1577 M9.
695 1523 932 1577 Necesse
984 1530 1071 1578 est
1119 1514 1224 1592 pro
1265 1522 1502 1578 actionis
1551 1521 1762 1592 vigore,
1815 1535 1938 1576 esse
1987 1528 2045 1576 et

458 1612 976 1680 contemplationis;
1008 1627 1078 1666 ne
1103 1613 1255 1668 velut
1288 1612 1344 1666 in
1368 1612 1493 1666 navi
1520 1627 1634 1666 non
1656 1611 2042 1667 convenienti-

458 1700 564 1755 bus
613 1701 888 1771 justisque
950 1703 1084 1757 velis
1137 1701 1446 1765 instructa,
1511 1702 1598 1756 vel
1656 1717 1768 1771 prie
1821 1701 2041 1756 illorum

458 1791 744 1847 nimietate
775 1793 1195 1848 vehementiore
1225 1793 1358 1847 ﬂatu
1383 1793 1557 1848 aleam
1587 1793 1806 1858 subeat,
1831 1794 1916 1848 vel
1943 1810 2044 1863 pro

459 1881 680 1936 illorum
738 1899 805 1938 ex
857 1885 1062 1956 navigii
1117 1885 1334 1940 ratione
1387 1885 1696 1956 parvitate,
1753 1892 2044 1941 ventorum

455 1974 729 2043 jacturam
763 1975 948 2030 faciat.

532 2064 655 2119 150.
695 2066 828 2134 Ejus
869 2067 1072 2137 navigii
1109 2069 1256 2138 quod
1287 2070 1503 2125 ratione
1545 2070 1776 2141 regitur,
1810 2070 2044 2141 remiges

459 2157 639 2225 cogita
677 2157 796 2226 pias
833 2159 1214 2229 cogitationes.
1251 2162 1473 2227 Remos,
1515 2163 1712 2218 vitales
1751 2164 1923 2218 animi
1959 2163 2043 2218 fa-

461 2246 716 2313 cultates,
748 2248 887 2302 iram
918 2257 974 2304 et
997 2252 1378 2321 cupiditatem,
1409 2253 1749 2308 voluntatem
1775 2262 1832 2308 et
1862 2255 2044 2308 consi-

463 2338 623 2392 lium.
664 2338 760 2395 His
796 2357 1014 2413 semper
1054 2360 1194 2414 opus
1227 2345 1415 2410 habet,
1449 2345 1544 2415 qui
1578 2345 1781 2401 actioni
1814 2347 2038 2402 studet:

465 2447 577 2487 non
614 2448 832 2504 semper
862 2447 1046 2491 autem
1085 2437 1180 2506 qui
1220 2437 1408 2492 studet
1438 2439 1912 2509 contemplationi.
1942 2440 2044 2495 Hic

459 2527 608 2580 enim
657 2527 802 2582 inter
848 2530 1117 2583 orandum
1172 2532 1387 2586 cunctis
1437 2532 1620 2586 valere
1665 2533 1868 2603 jussis,
1926 2533 2041 2604 ipse

457 2615 700 2685 seipsum
730 2617 796 2671 ad
819 2618 1012 2687 judicii
1037 2627 1310 2690 certaeque
1335 2620 1667 2692 cognitionis
1689 2622 1907 2676 clavum
1927 2624 2042 2676 col-

457 2708 682 2772 locans,
742 2719 962 2766 noctem
1017 2720 1183 2766 totam
1237 2714 1720 2783 contemplationis
1773 2714 2040 2769 insomnis

457 2800 589 2869 agit,
619 2801 782 2872 hujus
812 2819 996 2858 rerum
1036 2804 1414 2860 universitatis
1438 2806 1813 2860 conservatori
1847 2806 2041 2860 laudes

455 2889 718 2946 oﬂ‘crens.
771 2891 879 2948 Sed
921 2903 979 2948 et
1023 2895 1355 2965 quandoque
1395 2897 1724 2950 amatorium
1761 2897 2038 2967 quoddam

455 2981 630 3036 melos
660 2999 978 3049 assumens,
1015 3000 1115 3039 suo
1145 2986 1319 3056 ipsius
1351 2987 1553 3042 accinit
1583 2988 1794 3052 animo,
1838 2989 2036 3058 reliqui

2149 510 2244 564 καὶ
2277 512 2471 566 ἑαυτὸν
2495 513 2710 582 ἀγνοῶν
2743 516 2801 568 ἐν
2823 515 2901 585 τῷ
2933 514 3211 585 εὔχεσθαι.

2217 709 2362 778 ρμζ’.
2395 710 2470 764 Οὐ
2513 713 2881 782 συγχωρεῖται
2906 715 2935 765 ὁ
2969 717 3277 785 πρακτικὸς
3309 719 3397 780 είς
3446 735 3743 789 πνευματι-

2148 797 2251 868 κὴν
2279 801 2370 854 ἐπὶ
2405 802 2542 857 πολὺ
2571 803 2810 874 θεωρίαν
2839 807 3220 878 ἐγκαρτερεῖν.
3259 809 3613 879 Εὑρίσκεται
3638 813 3740 883 γὰρ

2147 892 2223 954 ὼς
2252 893 2603 958 ἐπιξενωθείς
2627 912 2758 960 τινι,
2791 898 2886 949 καὶ
2924 900 3023 970 τῆς
3053 899 3266 953 ἐκείνου
3300 903 3530 972 ταχέως
3567 906 3732 967 οἰκίας

2149 982 2613 1054 ὑπεξερχόμενος.

2219 1082 2368 1146 ρμη’.
2401 1076 2490 1128 Ἐν
2512 1076 2711 1142 πύλαις
2737 1077 2835 1147 μὲν
2857 1079 3198 1150 εἰσέρχονται
3219 1082 3270 1134 οἱ
3305 1087 3618 1152 πρακτικοὶ
3643 1086 3740 1137 τῶν

2147 1166 2380 1219 ἐντολῶν
2425 1167 2520 1220 τοῦ
2563 1168 2700 1221 Θεοῦ
2745 1169 2804 1222 ἐν
2844 1168 2923 1238 τῷ
2952 1170 3209 1240 εὔχεσθαι
3231 1188 3245 1200 ·
3273 1172 3354 1236 ώς
3377 1174 3438 1225 ἐν
3467 1175 3664 1237 5:33.12;
3692 1177 3743 1227 ἒ

2145 1258 2462 1328 ἀρετῶννέν
2513 1257 2724 1329 ὕμνοις,
2759 1261 2806 1313 οἱ
2841 1261 3203 1332 θεωρητικοίο
3257 1266 3306 1316 οξ
3368 1259 3474 1334 μὲν
3523 1267 3740 1335 εὔχαρι-

2146 1350 2420 1415 στοῦντες,
2461 1353 2543 1405 ὅτι
2586 1351 2858 1424 ἐλύθησαν
2898 1356 3009 1408 τῶν
3037 1356 3285 1426 δεσμῶν’
3321 1360 3381 1410 οἱ
3415 1359 3497 1419 δέ,
3533 1360 3618 1410 ὅτι
3655 1362 3742 1412 καὶ

2145 1443 2528 1513 αἰχμαλώτους
2549 1444 2808 1514 εἰλήφασι
2839 1447 2968 1510 τοὺς
2990 1447 3378 1517 πολεμοῦντας
3411 1451 3640 1514 αὐτούς.

2219 1537 2365 1606 ρμθ’.
2395 1535 2516 1606 Χρὴ
2561 1535 2704 1590 κατὰ
2734 1537 2796 1590 τδ
2846 1538 2946 1608 τῆς
2991 1542 3310 1610 πρακτικῆς
3360 1543 3597 1611 κράτος,
3653 1546 3740 1596 καὶ

2142 1625 2205 1678 τὸ
2233 1626 2330 1695 τῆς
2361 1625 2596 1698 Θεωρίας
2645 1626 3016 1698 εὑρίσκεσθαι,
3048 1629 3134 1682 ἶνα
3165 1631 3240 1700 μὴ
3279 1632 3418 1684 καθ’
3448 1635 3741 1703 ὁμοιότητα

2145 1717 2332 1770 πλοίου
2361 1717 2457 1769 τοῦ
2492 1717 2566 1788 μὴ
2595 1719 2909 1789 κατάλληλα
2953 1719 3022 1772 τὰ
3060 1721 3202 1774 ἱστία
3243 1723 3739 1795 ἐπιφερομέσθου,ἦ

2145 1804 2389 1860 κίνδυνον
2419 1808 2692 1882 ὑπομείνῃ
2735 1811 2793 1862 ἐν
2837 1810 3056 1880 ἀνέμων
3109 1813 3482 1885 σφοδρότησιν
3512 1816 3609 1869 διὰ
3653 1818 3742 1886 τὴν

2146 1899 2420 1973 ἀμετρίαν
2455 1899 2657 1965 αὐτῶν,
2696 1900 2729 1971 ἢ
2760 1901 2964 1972 ζημίαν
2996 1907 3329 1974 πνευμάτων
3358 1906 3454 1960 διὰ
3476 1907 3582 1978 τὴν
3613 1911 3741 1978 πρὸς

2143 1990 2205 2044 τὸ
2241 1991 2449 2061 σκάφος
2479 1993 2844 2064 σμικρότητα.

2217 2089 2316 2155 ρν’.
2365 2082 2594 2153 Ἐρέτας
2652 2085 2751 2154 μὲν
2799 2085 2896 2140 τοῦ
2936 2086 3160 2156 λογικοῦ
3216 2089 3442 2153 πλοίου,
3486 2093 3740 2156 vestris;

2145 2175 2391 2238 εὐσεϐεῖς
2432 2174 2728 2246 λογισμούς
2749 2194 2763 2207 ’
2803 2179 2996 2243 κώπας
3049 2181 3128 2246 δὲ,
3163 2183 3263 2246 τὰς
3294 2183 3551 2247 ζωτικὰς
3579 2187 3735 2240 δυνά-

2147 2284 2270 2336 μεις
2293 2269 2391 2338 τῆς
2415 2267 2614 2338 ψυχῆς,
2647 2269 2820 2340 θυμὸν
2849 2271 2946 2324 καὶ
2994 2273 3317 2344 ἐπιθυμίαν,
3355 2275 3626 2349 βούλησιν
3651 2281 3736 2332 καὶ

2143 2359 2486 2427 προαίρεσιν.
2537 2359 2758 2412 Τούτων
2811 2363 2840 2413 ὁ
2903 2363 3004 2432 μὲν
3066 2367 3400 2436 πρακτικὸς,
3466 2371 3528 2421 ἐν
3583 2373 3734 2440 χρεία

2143 2449 2259 2500 ἐστὶ
2307 2449 2538 2502 πάντοτε
2564 2465 2576 2478 ’
2604 2450 2664 2502 οὑ
2699 2451 2930 2504 πάντοτε
2957 2453 3013 2507 δὲ
3043 2455 3072 2506 ὁ
3102 2455 3468 2527 θεωρητικός.
3518 2461 3609 2513 Ἑν
3637 2462 3735 2534 γὰρ

2141 2538 2219 2609 τῷ
2251 2539 2427 2611 καιρῷ
2463 2540 2565 2611 τῆς
2622 2542 2787 2612 εὐχῆς
2833 2545 3043 2615 χαίρειν
3094 2543 3248 2612 οὗτος
3316 2554 3496 2604 πᾶσιν
3548 2555 3732 2620 εἰπὼν,

2141 2629 2306 2693 αὐτὸς
2341 2631 2533 2684 ἐαυτὸν
2564 2633 2658 2684 ἐπὶ
2686 2634 2796 2687 τῶν
2828 2635 2929 2705 τῆς
2966 2635 3315 2706 διαγνώσεως
3344 2643 3560 2696 οἰάκων
3605 2647 3733 2697 καθ-

2143 2721 2292 2787 ίζων,
2323 2722 2413 2776 διὰ
2450 2724 2630 2795 πάσης
2663 2727 2934 2800 ἐγρήγορε
2962 2729 3061 2800 τῆς
3091 2734 3232 2785 κατὰ
3250 2733 3500 2802 Θεωρίαν
3521 2739 3729 2801 νηκτὰ,

2139 2814 2375 2878 αίνέσεις
2403 2817 2695 2885 προσάγων
2734 2819 2812 2888 τῷ
2850 2825 3065 2891 συνοχεῖ
3093 2823 3187 2876 τοῦ
3219 2827 3453 2883 παντός.
3495 2830 3609 2883 Καί
3637 2830 3731 2881 ποῦ

2145 2919 2202 2956 τι
2237 2905 2332 2956 καὶ
2385 2905 2544 2974 μέλος
2596 2908 2860 2976 ἐρωτικὸν
2913 2911 3344 2983 ἀναλαϐόμενος,
3404 2920 3477 2987 τῇ
3540 2919 3729 2970 ἑαυτοῦ

2140 2995 2472 3066 προσεπᾲδει
2492 2995 2660 3068 ψυχῇ.
2689 2999 2815 3063 τοὺς
2852 3003 2951 3070 τῆς
2978 3002 3144 3073 ἄλλης
3166 3004 3456 3076 θαλάσσης
3499 3010 3730 3062 ἀποσκο-

431 3072 626 3149 Διιιιιινίε
678 3075 946 3131 elationes
989 3077 1364 3142 considerans,
1416 3094 1480 3133 ac
1534 3080 1688 3133 velut
1739 3079 2035 3134 frementes

2148 3084 2260 3137 πῶν
2293 3089 2724 3157 μετεωρισμοὺς,
2756 3091 2852 3142 καὶ
2881 3091 2958 3153 ὡς
2988 3092 3211 3163 ροθίζας
3254 3098 3516 3165 κινήσεις
3547 3099 3644 3168 (ὁ),
3667 3102 3726 3153 τὰ

454 3161 656 3219 ﬂuctus
680 3165 747 3230 “,
787 3168 972 3222 divina
1015 3169 1185 3224 verba
1228 3186 1292 3225 ac
1322 3170 1746 3240 justiﬂcationes
1786 3180 2034 3241 stupens.

526 3258 650 3313 151.
689 3258 792 3326 Qui
825 3261 1008 3316 medio
1032 3277 1091 3316 se
1116 3263 1280 3317 modo
1315 3265 1480 3319 habet
1507 3266 1655 3320 inter
1681 3267 1954 3322 actionem
1981 3276 2037 3323 et

451 3349 1000 3418 contemplationem,
1041 3367 1143 3407 nec
1176 3368 1394 3424 semper
1427 3364 1718 3410 nautarum
1763 3373 1914 3412 more
1954 3374 2039 3412 re-

454 3437 693 3510 migandi
741 3441 934 3496 labore
987 3443 1391 3513 navigationem
1441 3445 1592 3510 facit,
1644 3462 1748 3501 nec
1799 3463 2036 3517 prorsus

453 3535 800 3602 spiritalibus
826 3537 992 3601 velis;
1025 3539 1122 3592 sed
1163 3540 1412 3608 utrisque
1454 3539 1630 3594 felicis
1665 3557 1822 3594 usum
1855 3543 2037 3610 explet

450 3625 814 3695 navigationis
842 3644 856 3678 :
889 3627 1128 3681 dulciter
1158 3628 1340 3683 ferens
1372 3645 1496 3683 cum
1533 3629 1764 3686 actionis
1795 3631 2032 3699 labores,

451 3730 559 3783 qua
598 3716 683 3770 vel
719 3716 934 3772 modice
979 3717 1152 3789 fulget
1193 3720 1680 3789 contemplationis
1720 3722 1865 3786 luce,
1918 3733 2034 3778 tum

451 3805 786 3876 imperfectae
831 3809 1073 3865 rationes
1113 3813 1621 3882 contemplationis,
1664 3828 1731 3868 ex
1777 3815 2032 3887 adjuncta

449 3899 686 3954 actionis
716 3916 844 3971 ope.

525 3992 644 4053 152.
684 3991 1148 4064 Contemplationi
1185 3996 1427 4062 deditus,
1464 4007 1722 4053 naturam
1759 4001 2029 4056 voluntati

448 4081 693 4149 proclive
733 4086 999 4140 asseclam
1045 4087 1277 4154 habens,
1315 4090 1469 4144 velut
1515 4091 1792 4146 secundus
1835 4105 2031 4162 sponte

448 4169 649 4238 ﬂuxus,
703 4176 857 4230 nullo
907 4177 1094 4234 labore
1141 4181 1546 4251 navigationem
1595 4182 1726 4238 facit
1755 4202 1767 4235 ε
1796 4185 2032 4240 actionis

447 4272 631 4318 autem
663 4267 862 4332 cultor,
894 4267 1242 4326 aﬂectionem
1275 4288 1339 4327 ac
1363 4273 1649 4327 libidinem
1686 4283 1898 4331 natura
1928 4278 2027 4332 ad-

449 4366 757 4410 versantem
796 4369 1010 4425 nactus,
1055 4363 1452 4432 cogitationum
1495 4365 1872 4421 collidentium
1903 4385 2029 4438 pro-

2142 3172 2261 3227 θεῖα
2287 3175 2805 3247 καταπληττόμενος
2853 3182 3078 3251 ῥήματα
3108 3201 3168 3236 τε
3210 3186 3308 3237 καὶ
3356 3188 3722 3260 δικαιώματα.

2215 3269 2353 3332 ρνα’.
2395 3265 2452 3317 Ὀ
2503 3265 2685 3334 μέσως
2739 3267 2879 3337 ἔχων
2931 3271 3059 3340 περὶ
3109 3273 3312 3341 πρᾶξιν
3346 3277 3448 3327 καί⁵
3475 3277 3720 3347 θεωρίαν,

2137 3351 2263 3406 οὔτε
2288 3355 2460 3426 πάντη
2495 3358 2612 3420 ταῖς
2643 3355 2859 3422 κώπαις
2890 3361 3031 3414 κατὰ
3062 3363 3189 3426 τοὺς
3217 3369 3521 3429 ναυτικοὺς
3565 3371 3725 3423 ποιεῖ-

2137 3462 2224 3498 ται
2279 3446 2372 3498 τὸν
2414 3448 2614 3513 πλοῦν,
2672 3448 2786 3502 οὔθ’
2837 3451 2996 3516 ὅλως,
3035 3456 3149 3517 τοῖς
3205 3460 3428 3525 νοητοῖς
3499 3460 3720 3524 ἱστίοιςο

2137 3537 2272 3592 ἀλλὰ
2299 3539 2369 3591 δι’
2404 3540 2736 3609 ἀμφοτέρων
2779 3543 2880 3613 τὴν
2907 3544 3100 3616 χρείαν
3130 3547 3233 3615 τῆς
3263 3550 3538 3614 εὑπλοῖας
3565 3554 3722 3620 ἐργα-

2137 3626 2320 3691 ζεται·
2357 3628 2531 3698 ἡδέως
2576 3630 2758 3701 φέρων
2809 3633 2904 3684 καὶ
2937 3635 3064 3697 τοὺς
3093 3635 3291 3698 πόνους
3319 3639 3424 3706 τῆς
3454 3639 3722 3708 πράξεως,

2135 3718 2222 3772 διὰ
2257 3718 2318 3770 τὸ
2349 3719 2568 3789 μέτριον
2596 3721 2697 3790 τῆς
2747 3721 3020 3794 θεωρίας·
3052 3727 3147 3776 καὶ
3191 3727 3325 3790 τοὺς
3388 3729 3590 3797 λόγους
3635 3734 3722 3800 τῆς

2134 3810 2360 3875 ἀτελοῦς
2406 3811 2661 3882 θεωρίας,
2693 3813 2783 3867 διὰ
2813 3814 2874 3867 τὸ
2904 3814 3220 3887 βοηθεῖσθαι
3278 3819 3388 3872 ὑπὸ
3441 3824 3548 3888 τῆς
3598 3823 3725 3893 πρά-

2134 3899 2291 3966 ξεως.

2207 3991 2342 4061 ρνβί.
2393 3993 2450 4047 Ὀ
2505 3995 2604 4065 μὲν
2653 3995 3010 4068 θεωρητικὸς,
3057 4003 3124 4070 τῇ
3179 4002 3381 4076 γνώμῃ
3426 4006 3533 4078 τὴν
3567 4009 3722 4078 φύσιν

2131 4081 2270 4153 ἔχων
2301 4087 2720 4156 συντρέχουσαν,
2743 4090 2820 4152 ὡς
2848 4087 2961 4144 οἷόν
2984 4111 3035 4145 τι
3065 4093 3264 4164 ῥεῦμα,
3294 4097 3523 4161 ἀπόνως
3557 4107 3720 4155 ποιεῖν

2127 4190 2220 4225 ται
2263 4173 2323 4226 τὸ
2381 4175 2627 4247 πλώϊμον
2654 4194 2668 4209 ο
2706 4181 2734 4232 ὁ
2779 4179 2836 4232 δὲ
2885 4184 3192 4253 πρακτικὸς
3219 4225 3234 4248 ,
3286 4187 3722 4262 ἐναντιουμένην

2129 4264 2401 4335 εὑρίσκων
2446 4269 2511 4338 τῇ
2567 4271 2891 4340 προαιρέσει
2939 4273 3039 4344 τὴν
3085 4275 3304 4345 σχέσιν,
3357 4281 3538 4335 πολὺν
3577 4285 3720 4352 λογι-

2131 4355 2283 4426 σμῶν
2307 4357 2601 4426 ὑφίσταται
2630 4361 2897 4428 κλύδωνα,
2927 4363 3005 4428 ὡς
3029 4367 3110 4429 είς
3149 4368 3482 4425 ἀπευδοκίαν
3518 4376 3717 4447 μικροῦ

449 4445 586 4500 cella
631 4448 827 4504 durius
865 4453 1137 4520 quatitur;
1177 4470 1484 4526 parumque
1518 4457 1672 4512 abest
1711 4474 1780 4513 ne
1821 4459 2028 4515 laboris

2148 4447 2245 4500 Ξεῖν
2272 4447 2359 4502 διὰ
2383 4449 2444 4502 τὸ
2471 4449 2637 4524 βάρος
2668 4453 2864 4508 ἐλθεῖν.

448 4538 695 4593 molestia
722 4540 1059 4610 despondeat
1085 4545 1352 4600 animum.

520 4626 640 4679 155.
681 4628 794 4683 Nec
817 4645 950 4684 arvo
973 4643 1372 4702 comparatum,
1397 4636 1501 4691 nisi
1528 4637 1696 4706 probe
1720 4639 2025 4704 excolatur,

447 4723 508 4769 ut
539 4719 746 4772 serenti
787 4721 1013 4776 uberem
1041 4738 1105 4780 ac
1133 4727 1421 4796 probatam
1451 4728 1711 4785 refundat
1739 4739 1980 4802 segetem
2011 4749 2024 4786 :

448 4807 529 4867 sic
549 4823 652 4862 nec
680 4811 880 4877 activo,
909 4813 1012 4868 nisi
1052 4814 1343 4887 diligenter
1370 4818 1642 4873 actionem
1665 4821 1811 4874 colat
1837 4830 2022 4875 extra—

447 4911 552 4965 que
583 4913 800 4954 omnem
827 4901 1171 4972 jactantiam,
1201 4916 1261 4962 ut
1290 4907 1603 4964 aﬂluentem
1645 4909 2023 4981 mundumque

446 5001 514 5039 ex
543 4989 794 5045 oratione
827 4992 1014 5048 videat
1041 4993 1306 5052 fructum.

515 5151 558 5180 δ’
585 5150 728 5206 Psal.
763 5169 867 5208 xcu
922 5157 976 5209 4.

451 5378 462 5388 υ
621 5308 727 5361 Καὶ
780 5311 860 5374 ὡς
887 5311 1128 5389 pop/(ac
1156 5320 1450 5388 κινήσεις.
1484 5321 1628 5387 Quin
1655 5324 1728 5378 sit
1753 5326 2014 5383 mendum

451 5378 639 5465 innilla
676 5394 833 5463 voce,
865 5384 1050 5465 nullus
1095 5378 1449 5465 _dubito._Sit
1495 5378 1636 5449 forte
1683 5378 2019 5465 ῥοθίαζνᾶ

449 5449 1008 5538 ῥοθιαζρὺσαςηηυο-(ἰ
1033 5459 1199 5512 etiam
1238 5463 1470 5538 verbum
1508 5449 2018 5538 agnoscitﬂesych:

448 5527 609 5606 quasi
623 5527 914 5606 trementes
941 5527 1136 5606 [tumis
1167 5527 2018 5606 commotionesprocellamriue;

451 5586 648 5674 utalia
667 5590 828 5674 aliam
857 5586 1071 5674 vocem
1088 5599 1375 5674 Maximus;
1399 5586 1666 5670 explica.

743 5663 908 5744 maris
946 5666 1234 5744 elationes,
1267 5681 1326 5724 ut
1355 5661 1557 5744 ﬂuctus
1581 5675 1661 5728 sic
1688 5675 1894 5744 impetu
1929 5695 2020 5732 as—

455 5725 829 5796 surgentibus,
866 5741 1090 5805 tumque
1115 5725 1310 5798 eadem
1334 5744 1385 5798 vi
1413 5725 2024 5814 subsideiitibiis,

2203 4639 2335 4709 ρνγ’,
2366 4638 2504 4692 Οὑτε
2542 4641 2695 4712 χώρα
2727 4645 2802 4715 μὴ
2834 4645 3015 4710 καλῶς
3037 4650 3506 4720 κατεργασθεῖσα.
3548 4658 3708 4710 πολύ·

2126 4747 2253 4800 χουν
2277 4732 2371 4784 καὶ
2395 4732 2635 4804 καθαρὸν
2667 4736 3057 4809 ἀντιπαρέχειν
3077 4741 3156 4810 τῷ
3189 4743 3476 4814 σπείροντι
3499 4748 3710 4809 εἴωθεν,

2127 4819 2249 4873 οὗτε
2281 4824 2309 4874 ὁ
2341 4822 2440 4893 τὴν
2473 4824 2786 4895 πρακτικὴν
2821 4828 3240 4898 μετερχόμενος,
3284 4834 3334 4885 εί
3383 4834 3463 4904 μὴ
3518 4837 3711 4908 ἐπιμε-

2127 4911 2235 4975 λῶς
2271 4913 2476 4985 ταύτην
2529 4915 2623 4967 καὶ
2664 4918 2932 4987 φανητίας
2961 4918 3089 4972 ἄνευ
3141 4923 3499 4993 μετέρχεται,
3531 4930 3631 4983 τὸν

2128 5006 2293 5076 εὑχῆς
2321 5005 2512 5077 ὄψεται
2534 5007 2746 5080 καρπὸν
2779 5009 2946 5065 πολύν
2968 5029 3028 5064 τε
3049 5015 3141 5067 καὶ
3161 5014 3425 5084 καθαρόν.

2124 5344 2231 5400 que
2261 5331 2399 5386 alios
2421 5329 2907 5400 intercipieutibus
2941 5347 3004 5387 ac
3047 5349 3107 5388 sc
3163 5343 3355 5389 mutuo
3387 5340 3706 5397 collidenti-

2119 5399 2246 5462 bus,
2279 5402 2565 5474 allisisque
2596 5399 2879 5474 adlittora
2909 5402 3162 5473 ipsasque
3189 5421 3359 5474 rupes
3385 5423 3453 5462 ac
3495 5424 3703 5471 cautis.

2119 5472 2386 5540 strepitus
2432 5471 2707 5551 ejusmodi
2747 5487 2809 5525 ac
2859 5472 3043 5551 fragor
3077 5471 3285 5545 procul
3340 5479 3558 5540 robori.
3620 5484 3704 5551 qui

2123 5548 2391 5621 terrorem
2437 5558 2500 5621 ac
2543 5549 2829 5621 stuporem
2864 5543 3126 5621 injiciat‘:
3157 5562 3278 5621 qum
3329 5551 3522 5604 omnia
3554 5543 3701 5621 quasi

2120 5611 2228 5663 alio
2255 5612 2306 5665 in
2340 5612 2474 5691 mari
2513 5611 2709 5691 procul
2740 5611 3089 5691 consi_derat._
3118 5611 3209 5691 qui
3257 5617 3374 5686 ipse
3405 5611 3704 5691 tranquillo

2121 5681 2604 5758 contemplationis
2632 5681 2792 5758 mari,
2822 5683 2986 5758 vclut_
3017 5686 3089 5758 ad
3114 5681 3329 5743 clavum
3383 5681 3576 5758 quiete
3623 5708 3699 5749 5-3-

2123 5751 2258 5808 deus
2290 5753 2480 5822 illique
2510 5751 2876 5822 indormiens,
2901 5754 3149 5811 vehitur.
