3922 6348
271 355 409 423 1437

1438 367 1617 426 ALIA
1659 367 1758 425 EX
1798 364 2041 426 YATIC.
2085 368 2373 430 CAPITA.

3405 377 3540 442 1438

342 469 470 540 ρνδν.
517 465 640 520 Ἐπὶ
689 467 787 538 μὲν
819 465 926 521 τῶν
958 467 1180 532 ἐνύλων,
1223 470 1251 522 6
1281 469 1405 534 νοῦς
1438 472 1697 542 συνεργὸν
1729 471 1832 541 ἔχει

2020 474 2140 529 151.
2183 473 2243 529 In
2277 475 2531 539 terrenis,
2565 492 2722 532 mens
2751 480 3103 552 adjuvantem
3140 483 3410 540 rationem
3439 488 3540 542 ha-

263 560 359 614 τδν
391 559 650 630 λογισμόν
670 578 684 590 ·
711 561 805 613 ἐπὶ
859 549 915 613 δέ
947 560 1054 614 τῶν
1076 560 1277 624 ἀΰλων,
1314 564 1362 616 εί
1395 562 1470 634 μὴ
1503 564 1664 616 αὐτὸν
1709 581 1852 633 παρ-

265 654 583 723 αιτήσηται,
624 652 701 716 ὠς
750 651 1023 706 σκώλωπα
1051 651 1192 725 (alii,
1224 653 1507 726 σκόλοπαΣΙ
1537 655 1648 722 ἔξει
1688 655 1849 708 κολα-

267 743 515 812 φίζοντα.

344 834 469 905 ρνε’.
505 835 790 905 Κὰλυμμα
855 837 956 907 μὲν
1010 837 1122 908 ἔχει
1176 839 1204 892 6
1257 839 1562 909 πρακτικὸς
1611 841 1704 894 ἐπὶ
1747 842 1848 910 τὴν

266 925 496 998 καρδίαν
539 927 704 981 αὐτοῦ
736 931 793 981 ἐν
821 930 977 1000 εὐχῇ,
1009 930 1108 1000 τὴν
1153 930 1356 998 γνῶσιν
1395 930 1504 983 τῶν
1549 932 1846 1003 αἰσθητῶν,

265 1020 719 1088 ἀνακαλυφθῆναι
754 1021 842 1074 διὰ
863 1022 961 1091 τὴν
991 1021 1178 1092 σχέσιν
1216 1022 1290 1094 μὴ
1323 1023 1654 1094 δυνάμενονο
1685 1024 1849 1095 μόνος

261 1110 372 1164 δέὁ
404 1111 740 1184 θεωρητικὸς
789 1113 877 1166 διὰ
914 1114 975 1166 τὸ
1029 1113 1284 1185 ἄσχετον,
1333 1116 1848 1186 ἀνακεκαλυμμένῳ

265 1201 546 1273 προσώπῳ
595 1205 728 1274 ὁρᾷν
756 1204 866 1257 ἀπὸ
897 1205 1097 1277 μέρους
1138 1206 1363 1260 δύναται
1417 1207 1516 1278 τὴν
1567 1207 1724 1275 δόξαν
1753 1207 1846 1261 τοῦ

260 1293 421 1348 Θεοῦ.

346 1397 491 1460 ρνςν.
533 1388 600 1442 Ἠ
638 1389 776 1461 μετά
825 1391 1207 1463 πνευματικῆς
1244 1391 1478 1464 Θεωρίας
1526 1392 1683 1464 εὐχὴν
1713 1395 1747 1464 ἧ
1776 1393 1845 1463 Υῆ

259 1485 364 1556 τῆς
393 1483 727 1552 ἐπαγγελίας
751 1483 920 1546 ἐστὶν,
954 1482 1076 1536 καθ’
1104 1483 1169 1554 ἣν
1197 1483 1309 1554 ῥέει
1331 1483 1407 1548 ὡς
1439 1484 1563 1552 μέλι
1593 1485 1688 1538 καὶ
1707 1485 1848 1554 γάλα

262 1580 296 1648 ἡ
332 1577 535 1646 γνῶσις
579 1575 691 1629 τῶν
743 1576 873 1646 περὶ
917 1575 1178 1646 προνοίας
1231 1575 1329 1629 καὶ
1379 1575 1616 1648 κρίσεως
1673 1577 1847 1644 λόγων

262 1668 399 1722 Θεοῦ
423 1685 436 1698 ·
459 1669 493 1738 ἠ
526 1668 583 1720 δὲ
618 1667 759 1738 μετά
804 1683 951 1729 τινος
994 1667 1250 1737 φυσικῆς,
1304 1668 1339 1738 η
1392 1667 1690 1736 Αἴγυπτος,
1732 1662 1847 1741 ἐνῇ

259 1760 371 1814 τῶν
414 1759 738 1829 παχυτέρων
786 1758 1094 1828 ἐπιθυμιῶν
1145 1745 1334 1828 μνήμη
1380 1761 1493 1822 τοῖς
1528 1758 1844 1829 εὐχομένοις

259 1850 561 1920 ἐγγίνεται.
607 1850 672 1904 Ἦ
700 1850 757 1903 δέ
787 1867 852 1918 γε
885 1849 1054 1919 ἁπλῆ,
1081 1849 1142 1903 τὸ
1175 1849 1353 1920 μάννα
1401 1849 1519 1904 ἐστὶ
1558 1850 1620 1904 τὸ
1669 1851 1728 1904 ἐν
1775 1854 1843 1922 τῇ

259 1944 475 2014 ἐρήμῳ,
512 1942 572 1996 τὸ
617 1943 706 1996 διὰ
749 1942 810 1996 τὸ
846 1942 1135 2012 μονοειδὲς,
1162 1945 1274 2006 τοῖς
1311 1939 1413 2012 μὲν
1442 1943 1842 2015 ἀκαρτερήτοις

257 2036 608 2088 ἐναποκλεῖον
659 2033 729 2087 τὰ
784 2034 850 2088 δι’
901 2033 1199 2105 ἐπιθυμίας
1246 2033 1357 2086 τῶν
1407 2035 1838 2106 ἐπηγγελμένων

258 2129 432 2183 καλάθ
466 2131 578 2192 τοῖς
607 2129 664 2183 δέ
698 2128 1095 2198 ἐγκαρτεροῦσι
1145 2129 1211 2197 τῇ
1242 2127 1469 2200 τοιαύτῃ
1527 2128 1839 2181 ἀπεστενω-

261 2223 401 2295 μένῃ
433 2224 630 2294 τροφῇ,
675 2218 971 2293 προξενοῦν
1009 2219 1109 2292 τὴν
1142 2219 1377 2292 κρείττω
1396 2220 1588 2288 γεῦσιν
1618 2222 1713 2274 καὶ
1745 2221 1840 2292 μὲ-

254 2333 346 2370 νου
354 2333 471 2371 σαν.

329 2407 460 2480 ρνζκ
501 2407 705 2477 Πρᾶξις
735 2407 834 2459 σὺν
859 2404 1064 2478 θεωρίᾳ
1088 2405 1187 2477 μέν
1212 2406 1288 2470 ὡς
1318 2407 1481 2476 σῶμα
1508 2405 1646 2478 μετὰ
1675 2404 1836 2459 πνεύ-

257 2517 426 2570 ματος
477 2496 806 2570 ἡγεμονικοῦ
846 2498 913 2566 (ι’)
942 2499 1111 2552 ’ἄνευ
1162 2497 1219 2550 δὲ
1266 2497 1520 2568 Θεωρίας,
1572 2497 1646 2561 ὡς
1699 2497 1836 2569 σάρξ

254 2592 396 2662 μετὰ
432 2591 746 2662 πνεύματος
768 2591 1158 2661 προαιρετικοῦ
1197 2589 1598 2660 λογισθήσεται.

323 2773 459 2836 ρνη⁹.
498 2767 608 2836 Τῆς
654 2765 881 2835 λογικῆς
916 2765 1116 2836 ψυχῆς,
1164 2764 1304 2834 αὐλὴ
1357 2765 1455 2834 μὲν
1483 2767 1516 2835 ἠ
1545 2764 1832 2837 αἴσθησιςο

249 2858 379 2922 ναὸς
411 2858 489 2920 δέ,
529 2860 562 2928 ἡ
609 2859 851 2911 διάνοια·
907 2857 1199 2928 ἀρχιερεὺς
1251 2856 1328 2922 δέ,
1372 2858 1400 2908 6
1444 2855 1587 2920 νοῦς.
1627 2858 1715 2910 Ὲν
1766 2861 1831 2928 τῇ

248 2951 386 3022 αὐλῇ
416 2947 510 3005 οῦν
543 2951 780 3015 ἵσταται,
813 2951 842 3002 ὁ
882 2951 972 3002 ὐπ’
1021 2949 1267 3020 ἀκαίρων
1319 2948 1443 3014 νοῦς
1493 2951 1828 3022 περικοπτό-

251 3060 416 3112 μενος
463 3041 744 3111 λογισμῶν
765 3057 778 3071 ·
812 3043 871 3094 ἐν
917 3040 994 3110 τῷ
1025 3039 1138 3111 ναῷ
1192 3041 1271 3104 δὲ,
1323 3043 1351 3094 6
1384 3040 1490 3096 ὑπὸ
1519 3043 1793 3113 εὐκαίρων
1815 3061 1828 3074 ·

1952 565 2045 620 bet
2096 580 2160 620 ac
2209 566 2629 636 cogitationem;
2677 568 2732 624 in
2766 570 3108 640 Spiritalibus
3150 589 3282 628 vero
3322 586 3379 630 et
3419 593 3542 647 qua:

1951 666 2080 712 sunt
2111 667 2265 712 extra
2297 659 2622 726 materiam,
2654 662 2760 716 nisi
2789 679 2909 719 eam
2947 667 3358 735 repudiaverit,
3390 671 3538 725 velut

1951 749 2232 804 stimulum
2261 750 2696 820 colaphizantcm
2726 753 2952 810 habebit
2974 755 3041 811 ⁸³.

2017 841 2184 912 659
2210 842 2330 897 155.
2361 843 2581 898 Actioni
2613 845 2844 901 studens
2870 847 3120 904 velamen
3146 850 3309 906 habet
3336 853 3389 906 in
3415 868 3540 908 ora-

1954 931 2106 987 tione
2142 949 2310 1003 super
2343 949 2440 989 cor
2476 935 2746 1005 positum,
2769 954 2964 994 carum
3010 956 3198 996 rerum
3245 943 3533 1007 notitiam,

1951 1041 2075 1097 qua:
2117 1026 2172 1080 in
2207 1041 2433 1081 sensum
2471 1027 2705 1094 cadunt,
2742 1031 2978 1086 revelari
3015 1049 3126 1088 non
3166 1035 3378 1100 valens,
3413 1053 3522 1105 qua

1953 1117 2063 1172 illis
2092 1117 2388 1175 affectione
2413 1120 2693 1176 addicitur
2727 1141 2740 1176 :
2771 1123 2866 1192 qui
2896 1140 3030 1180 vero
3061 1127 3249 1182 studet
3278 1138 3530 1184 eontem-

1949 1209 2203 1280 plationi,
2238 1211 2387 1280 quod
2419 1228 2480 1268 ea
2512 1213 2656 1272 liber
2691 1222 2748 1269 et
2785 1217 3002 1272 solutus
3035 1218 3129 1284 sit,
3169 1220 3410 1276 revelata
3443 1221 3525 1276 fa-

1950 1299 2032 1355 cie
2061 1301 2159 1356 Dei
2187 1302 2418 1372 gloriam
2447 1319 2515 1359 ex
2545 1313 2703 1374 parte
2727 1307 2920 1363 videre
2950 1309 3222 1378 potest“.

2018 1392 2138 1447 156.
2186 1392 2429 1464 spiritali
2485 1397 2943 1468 contemplationi
2993 1401 3288 1470 conjuncta
3331 1404 3529 1467 oratio,

1950 1494 2095 1540 terra
2127 1492 2213 1541 est
2266 1487 2676 1557 promissionis,
2711 1506 2842 1559 qua,
2879 1491 3058 1547 mellis
3091 1493 3268 1548 instar
3313 1502 3370 1549 et
3419 1496 3532 1550 lac-

1950 1571 2022 1628 tis
2057 1572 2124 1639 ”,
2152 1572 2274 1628 ﬂuit
2300 1576 2532 1631 scientia
2558 1578 2836 1632 rationum
2865 1580 3230 1648 providentia:
3252 1591 3309 1636 et
3332 1583 3530 1653 judicii

1949 1660 2070 1716 Dei.
2134 1661 2268 1729 Quae
2312 1680 2446 1720 vero
2483 1667 2723 1721 naturali
2785 1669 3151 1737 spcculationi
3178 1712 3193 1736 ,
3233 1671 3528 1744 IEgyptns,

1950 1768 2050 1824 per
2074 1769 2241 1824 quam
2277 1757 2568 1812 orantibus
2609 1758 2946 1814 crassiorum
2992 1762 3364 1831 cupiditatum
3410 1781 3532 1820 mc-

1947 1845 2122 1899 moria
2162 1845 2379 1915 obrepit
2408 1846 2471 1901 “.
2506 1847 2752 1918 Simplex
2777 1859 2964 1905 autem
2987 1851 3189 1917 oratio,
3215 1868 3416 1908 manna
3445 1865 3530 1911 est

1943 1935 2000 1990 in
2036 1935 2277 2003 deserto,
2313 1953 2377 1992 ea
2413 1938 2626 1993 ratione
2647 1955 2753 2010 qua
2787 1941 3063 1996 uniforme
3091 1951 3235 2008 erat,
3262 1960 3372 1998 non
3399 1962 3526 2000 sus-

1945 2028 2252 2084 liuentibus
2278 2029 2602 2100 cupiditatis
2641 2031 2764 2085 labe
2790 2030 2859 2095 ‘7,
2889 2033 3327 2102 promissionum
3381 2037 3528 2091 bona

1941 2120 2279 2188 occludcns;
2307 2122 2396 2177 his
2420 2137 2553 2176 vero
2588 2122 2682 2192 qui
2711 2132 2864 2177 arcto
2896 2123 2994 2178 illo
3031 2125 3158 2180 cibo
3196 2134 3524 2182 constanter

1939 2220 2340 2276 vescerentur,
2384 2213 2657 2282 potiorem
2713 2221 2937 2283 gustum
2983 2224 3148 2284 atque
3200 2225 3521 2273 manentem

1940 2309 2210 2370 przestans
2239 2303 2305 2355 ⁸⁸.

2015 2393 2134 2447 137.
2165 2393 2326 2448 Actio
2381 2393 2852 2464 contemplatione
2901 2395 3036 2450 fulta
3063 2439 3077 2462 ,
3130 2397 3285 2452 velut
3325 2413 3527 2469 corpus

1937 2491 2061 2546 est,
2094 2483 2297 2552 spiritu
2363 2483 2565 2539 fultum
2617 2487 2914 2557 principali
2952 2488 3084 2542 :cui
3136 2497 3320 2544 autem
3369 2491 3526 2547 deest

1937 2575 2354 2644 contemplatio,
2421 2575 2577 2632 velut
2616 2592 2749 2633 caro
2798 2594 2926 2633 cum
2979 2579 3172 2635 libera:
3220 2582 3526 2638 voluntatis

1937 2665 2133 2734 spiritu
2170 2666 2541 2736 reputabitur.

2009 2755 2130 2810 158.
2171 2756 2355 2811 Animi
2403 2758 2615 2814 utentis
2655 2760 2890 2826 ratione,
2920 2762 3126 2817 atrium
3163 2780 3362 2820 sensus
3396 2776 3520 2822 est:

1936 2849 2238 2918 templum,
2277 2865 2454 2915 mens,
2483 2851 2754 2920 pontifex,
2817 2854 2980 2909 ratio.
3034 2857 3224 2926 Itaque
3273 2859 3326 2912 in
3382 2860 3524 2912 atrio

1933 2948 2189 2994 versatur
2230 2957 2295 2996 ea
2326 2958 2503 3010 mens,
2564 2959 2688 3014 quae
2731 2930 3083 3015 importunis
3129 2949 3520 3018 interpellatur

1932 3031 2404 3102 cogitationibus:
2443 3035 2498 3090 in
2546 3037 2754 3106 templo
2787 3053 2942 3102 vero,
2987 3055 3110 3109 qua:
3147 3041 3519 3110 opportunis:

247 3133 337 3185 ἐπ’
368 3133 546 3186 οὐδενὶ
573 3121 878 3196 δὲίτούτων,
913 3133 940 3184 6
974 3132 1052 3195 είς
1086 3133 1146 3186 τὸ
1181 3133 1326 3186 θεῖον
1366 3130 1632 3204 ἱερατεῖον
1667 3134 1832 3199 ἀξιω-

1951 3140 1993 3177 n
2025 3132 2226 3180 neutro
2256 3135 2464 3194 autem,
2493 3126 2588 3197 qui
2622 3126 2679 3181 in
2693 3126 2946 3183 divinum
2973 3130 3278 3187 sacrarium
3310 3132 3523 3189 intrare

247 3225 366 3290 θεὶς
393 3224 675 3278 εἰσελθεῖν.

322 3314 454 3386 ρνθ¹.
486 3314 694 3384 Θρῆνος
726 3315 824 3383 μὲν
850 3316 942 3366 καὶ
974 3313 1134 3384 μέλος
1175 3314 1268 3368 καὶ
1306 3315 1450 3381 οὐαὶ,
1485 3317 1543 3368 ἐν
1572 3317 1704 3384 οἴκῳ
1733 3316 1834 3386 τῆς

254 3408 566 3477 πρακτικῆς
603 3405 805 3475 ψυχῆς,
835 3404 923 3458 διὰ
950 3405 1044 3458 τὸν
1075 3407 1246 3459 κόπον
1298 3407 1615 3477 εὑρίσκεται
1635 3424 1648 3437 ·
1679 3407 1831 3477 φωνὴ

249 3502 308 3555 δέ
333 3499 712 3569 ἀγαλλιάσεως
752 3499 847 3552 καὶ
882 3497 1352 3569 ἐξομολογήσεως,
1382 3499 1473 3554 διὰ
1499 3500 1598 3571 τὴν
1628 3501 1831 3569 γνῶσιν

261 3591 346 3648 διὰ
366 3591 456 3645 τὸν
485 3590 586 3661 τῆς
612 3589 953 3660 θεωρητικῆς
986 3589 1332 3654 ἐξακούεται.

327 3773 420 3844 ρξ’.
463 3771 774 3844 Πρακτικὺς
813 3769 932 3841 μὲν,
967 3767 1230 3838 ἐπιθυμεῖ
1264 3764 1552 3829 ἀναλῦσαι,
1582 3765 1670 3820 διὰ
1705 3767 1831 3828 τούς

253 3867 468 3930 πόνους,
512 3865 608 3920 καὶ
662 3863 1017 3933 συγγενέσθαι
1072 3860 1323 3933 Χριστῷ·
1369 3857 1703 3930 θεωρητικὸς
1751 3859 1828 3924 δὲ,

251 3961 463 4015 εὐδοκεῖ
502 3959 704 4030 μᾶλλον
749 3957 914 4028 σαρκὶ
965 3954 1305 4027 παραμένειν
1340 3953 1450 4026 (d)'
1481 3953 1574 4006 καὶ
1608 3951 1697 4008 διὰ
1733 3953 1830 4024 τὴν

249 4053 444 4125 χαρὰν,
473 4053 540 4123 ἢν
571 4050 786 4122 δέχεται
823 4047 883 4113 ἐξ
907 4049 1094 4119 εὐχῆς,
1143 4047 1237 4102 καὶ
1280 4047 1368 4102 διὰ
1409 4047 1510 4118 τὴν
1542 4048 1636 4102 τοῦ
1687 4048 1828 4118 πλη-

251 4145 364 4200 σίον
394 4145 530 4216 πρὸς
559 4143 628 4197 τὰ
649 4144 812 4214 γήϊνα
839 4141 1126 4211 ὠφέλειαν.

324 4327 459 4397 ρξα’.
506 4324 633 4377 Ἐπὶ
681 4323 779 4394 μὲν
806 4320 914 4374 τῶν
961 4319 1328 4391 λογιωτέρων,
1361 4321 1394 4390 ἡ
1426 4319 1630 4391 θεωρία
1690 4338 1828 4392 προ-

248 4419 464 4488 ηγεῖται
493 4415 594 4485 τῆς
622 4413 874 4486 πράξεως
894 4427 908 4443 ·
939 4412 1030 4464 ἐπὶ
1058 4411 1114 4464 δὲ
1144 4410 1252 4463 τῶν
1273 4411 1698 4484 ἁγροικοτέρων,
1728 4413 1826 4484 τῆς

1935 3217 2158 3272 meruit.

2007 3309 2128 3365 159.
2164 3310 2532 3379 Lamentatio,
2586 3329 2814 3370 carmen
2849 3323 2907 3369 et
2952 3331 3058 3380 vat,
3093 3323 3326 3386 propter
3363 3315 3520 3371 labo-

1934 3414 2053 3454 rem
2090 3399 2146 3456 in
2185 3401 2306 3470 ejus
2336 3401 2624 3457 invenitur
2649 3403 2816 3458 domo
2836 3404 2881 3435 ’δ’
2906 3446 2922 3470 ,
2972 3406 3067 3475 qui
3117 3406 3389 3460 actionem
3425 3422 3517 3462 co-

1933 3489 1999 3544 lit
2035 3506 2047 3542 :
2088 3499 2317 3560 propter
2349 3491 2642 3548 scientiam
2677 3507 2810 3548 vero
2843 3509 2951 3548 vox
2999 3494 3228 3550 auditur
3276 3496 3521 3550 exsulta-

1935 3583 2104 3638 tionis
2135 3583 2180 3615 '°
2213 3591 2270 3638 et
2298 3584 2667 3641 confessionis
2711 3587 2781 3651 δι,
2818 3587 2873 3641 in
2901 3587 3022 3658 ejus
3046 3588 3142 3657 qui
3171 3586 3357 3642 studet
3389 3603 3520 3642 con-

1935 3673 2302 3740 templationi.

2007 3760 2129 3817 160.
2165 3763 2270 3828 Qui
2302 3766 2506 3819 actioni
2537 3768 2742 3832 studet,
2779 3768 3032 3824 laborum
3071 3772 3344 3835 molestia,
3378 3773 3518 3826 emi-

1933 3870 2093 3926 grare
2131 3855 2304 3924 cupit,
2343 3863 2400 3908 et
2421 3872 2544 3911 esse
2572 3873 2700 3911 cum
2722 3858 2948 3915 Christo
2972 3862 3017 3892 ⁵⁸
3053 3878 3065 3914 :
3100 3863 3196 3930 qui
3225 3879 3361 3917 vero
3384 3880 3515 3918 con-

1933 3945 2301 4016 templationi,
2326 3948 2537 4001 mavult
2565 3948 2621 4002 in
2651 3964 2815 4003 carne
2841 3966 3189 4019 permanere,
3235 3959 3347 4004 tum
3386 3967 3516 4020 pro-

1931 4049 2056 4110 pter
2093 4037 2377 4109 gaudium,
2424 4039 2574 4108 quod
2637 4039 2880 4110 percipit
2939 4056 3004 4096 ex
3061 4041 3352 4107 oratione,
3402 4050 3518 4096 tum

1930 4141 2160 4202 propter
2189 4131 2449 4201 proximi,
2492 4132 2548 4186 in
2578 4131 2665 4188 his
2702 4148 2826 4202 qua:
2875 4141 3096 4188 terrena
3146 4143 3312 4197 sunt,
3369 4135 3518 4188 utili-

1933 4233 2121 4280 tatem.

2007 4318 2125 4373 I61.
2158 4317 2219 4372 In
2261 4317 2330 4372 iis
2361 4316 2587 4386 quidem
2619 4316 2715 4386 qui
2759 4316 3104 4376 eruditiores
3129 4359 3143 4380 .
3191 4319 3516 4389 maioreque

1929 4410 2148 4480 praditi
2182 4409 2456 4480 sapientia
2482 4417 2633 4474 sunt,
2664 4410 3064 4480 contemplatio
3089 4412 3250 4482 praeit
3269 4412 3512 4477 actioni;

249 4505 482 4577 θεωρίας
507 4507 542 4574 ἡ
575 4503 773 4574 πρᾶξις
796 4515 809 4528 ·
845 4502 924 4563 είς
965 4499 1023 4552 ἓν
1053 4499 1112 4552 δέ
1144 4499 1297 4563 τέλος
1346 4501 1582 4570 χρηστὸν
1641 4503 1826 4574 ἀμφό-

1956 4519 1992 4557 n
2048 4501 2369 4557 rudioribus
2405 4517 2558 4566 vero,
2612 4501 2760 4557 actio
2810 4504 3316 4572 contemplationi,
3390 4521 3516 4559 cum

248 4617 402 4670 τεραι
442 4596 831 4666 καταλήγουσι.
865 4590 1284 4664 Συντομὼτερον
1311 4592 1368 4645 δέ
1406 4593 1562 4646 τοῦτο
1593 4595 1826 4666 ὀφθήσε-

248 4708 358 4757 ται,
389 4685 471 4753 οἷς
501 4690 535 4759 ἡ
568 4686 771 4758 θεωρία
803 4686 1130 4755 προηγεῖται
1158 4684 1257 4754 τῆς
1292 4682 1564 4754 πράξεως.

1935 4593 2110 4648 ambae
2138 4591 2192 4645 in
2245 4607 2415 4646 unum
2455 4592 2663 4646 bonum
2717 4592 2884 4646 tinem
2932 4592 3210 4648 desinant.
3266 4594 3519 4650 Celerius

1935 4693 2122 4740 autem
2172 4683 2321 4738 istud
2377 4684 2692 4750 videbitur,
2757 4685 2814 4739 in
2867 4686 3072 4756 quibus
3123 4689 3520 4759 contemplatio

1935 4775 2096 4845 prazit
2120 4774 2350 4829 actioni.

318 4914 362 4943 δ’
393 4909 435 4964 ll
461 4908 586 4964 Cor.
616 4923 710 4972 xu,
743 4907 806 4979 7.
840 4904 917 4979 _“
945 4903 993 4979 _l[
1025 4901 1150 4959 Cor.
1165 4902 1399 4979 __m,_l_8.
1467 4903 1513 4979 ξε
1540 4903 1714 4961 Exod.
1747 4923 1829 4979 ιυ,

1980 4906 2240 4979 flium.
2272 4906 2446 4979 x5775.
2523 4905 2570 4937 ⁸⁷
2594 4905 2756 4960 Num.
2789 4923 2900 4971 ιιι,
2932 4907 2984 4961 5.
3058 4907 3104 4938 ⁸⁸
3127 4907 3254 4979 Sap.
3283 4926 3394 4976 va,
3424 4910 3511 4964 20.

249 4985 293 5016 ιθ
324 4980 524 5036 Ezcclt.
553 4995 610 5045 ιι,
637 4979 688 5033 9.
767 4977 812 5008 ⁵⁰
839 4975 983 5030 Psal.
1017 4990 1125 5038 xu,
1161 4973 1212 5027 5.
1288 4975 1331 5006 “
1366 4973 1509 5028 Psal.
1539 4990 1701 5042 cxvu,
1733 4973 1821 5032 l5.

1979 4976 2217 5046 Philipp.
2256 4993 2294 5039 ι,
2326 4977 2418 5030 25.

323 5091 392 5165 (ε)
439 5089 618 5165 ΜεινδιΔ
657 5089 764 5165 τοῦ
807 5089 1147 5165 πνεύματος
1189 5089 1600 5165 ἰθ-κεχιονωιιοῦ.⁸
1641 5091 1816 5158 Quem

250 5159 516 5219 Maximus
539 5161 796 5231 Spiritum
845 5159 1173 5231 ἡγεμονικὸν
1224 5161 1315 5214 hic
1352 5169 1536 5231 vocat,
1567 5160 1704 5231 ipse
1735 5170 1822 5216 est

250 5248 413 5303 quem
435 5230 864 5303 PaulusEphes.
886 5247 959 5294 tv,
987 5230 1078 5292 21,
1103 5231 1348 5303 spiritum
1380 5230 1619 5303 τοῦ-νοὸς
1651 5232 1822 5303 (men-

253 5298 340 5374 tis)
374 5310 556 5365 vocat,
575 5310 632 5374 et
653 5298 911 5374 hortatur
938 5315 1004 5374 eo
1033 5298 1287 5374 renovari
1309 5317 1323 5364 ;
1345 5298 1506 5374 quod
1524 5298 1682 5374 mens
1702 5302 1818 5371 ipsa

249 5374 309 5426 τὸ
325 5369 660 5442 ’ἡγεμονικὸν
708 5371 776 5442 in,
805 5369 1028 5442 homine
1065 5370 1168 5442 sit:
1211 5371 1357 5440 quod
1387 5371 1616 5442 scilicet
1652 5369 1820 5426 in‘eo

255 5439 554 5513 principale
581 5439 1006 5513 est_acimperio_
1028 5441 1198 5513 pollet
1225 5439 1237 5492 ἑ
1271 5457 1415 5513 quae.
1449 5455 1574 5494 cum
1605 5439 1732 5513 ipsa;
1754 5457 1822 5497 ex

251 5510 311 5569 se
337 5512 442 5567 ﬁxa
467 5511 539 5565 sit
578 5511 695 5564 veri
735 5510 1224 5578 contemplatione,
1252 5512 1558 5567 orationem
1601 5526 1665 5563 ea
1710 5510 1818 5564 l‘ul-

254 5588 760 5652 tamrconstantcm,
781 5579 1055 5652 uniusque
1112 5580 1342 5652 rationis
1385 5579 1812 5652 (μονολόγιστον)

252 5651 449 5708 reddat
481 5651 598 5719 τετὸ
624 5649 1008 5720 προαιρετικὸν
1045 5665 1177 5702 vero
1230 5649 1403 5720 (velut
1448 5649 1631 5720 dicas,
1669 5649 1813 5704 arbi-

257 5720 888 5790 trarium)voluntatem,
932 5733 1055 5787 qua:
1087 5734 1185 5787 pro
1233 5719 1337 5771 hoc
1358 5729 1499 5772 statu
1541 5719 1814 5776 instabilis

256 5793 348 5859 sit,
379 5806 554 5863 eique
587 5790 691 5844 alia
724 5789 778 5843 in
811 5789 970 5843 aliam
1036 5797 1280 5843 mutatur
1343 5804 1444 5862 pro
1495 5804 1678 5842 rerum
1715 5793 1814 5844 ob-

1921 5093 2198 5163 jectarum
2253 5106 2318 5146 ac
2384 5090 2780 5162 cogitationum
2839 5092 3128 5154 varietate,
3187 5091 3355 5161 inque
3410 5107 3502 5148 eas

1928 5163 2248 5216 all‘ectione.

2007 5232 2082 5303 (ά)
2120 5231 2302 5303 Σαρκὶ
2329 5230 2728 5303 παραμένειν.
2762 5230 2950 5303 Graeca
2967 5231 3209 5303 vulgata,
3233 5231 3513 5303 ἐπιμένειν

1930 5303 1989 5372 ἐν
2017 5300 2082 5372 τῇ
2111 5301 2297 5371 σαρκί.
2329 5301 2544 5372 [labent
2570 5310 2762 5372 tamen
2798 5300 2970 5372 codex
3017 5301 3420 5354 Alexandrinus
3457 5312 3514 5356 ct

1929 5369 2218 5442 Chrj‘sost.
2252 5372 2308 5424 in
2338 5369 2712 5440 Expositione.
2749 5371 3030 5442 ἐπιμένειν
3083 5372 3277 5438 σαρκί,
3307 5373 3512 5442 absque

1931 5439 2338 5511 propositione,
2369 5439 2492 5510 quae
2543 5456 2644 5495 nec
2698 5439 2996 5493 admodum
3050 5441 3359 5511 necessaria
3403 5439 3510 5503 est,

1929 5509 2056 5565 enni
2094 5512 2213 5580 ejus
2243 5511 2355 5564 vim
2391 5509 2595 5565 haheat
2624 5511 2852 5580 verbum
2883 5509 3273 5580 compositum,
3331 5511 3512 5578 sitque

1922 5581 2068 5635 idem
2113 5578 2395 5650 ἐπιμένειν
2455 5590 2619 5650 atque
2679 5578 2970 5648 ἐμμένειν·
3027 5579 3109 5641 τὸ,
3145 5583 3496 5650 ,παραμένειν

1923 5651 2140 5706 Maximi
2208 5648 2380 5720 inagis
2414 5648 2647 5722 respuit,
2680 5650 2958 5722 habetque
3004 5648 3336 5722 _emnhasin:
3384 5667 3508 5722 pcr-

1921 5738 2140 5776 maucrc
2167 5723 2222 5777 in
2253 5719 2542 5790 cdrnc,nec
2583 5721 2652 5776 ab
2688 5736 2753 5775 ea
2778 5719 3038 5791 disjungi.
