3922 6348
194 183 316 252 1111

1340 174 1517 233 ALIA
1553 173 1653 232 EX
1690 173 1929 233 VATlC.
1970 174 2259 233 CAPITA.

3292 181 3428 246 1442

198 288 242 339 ει
275 286 346 356 μὴ
381 281 640 354 γυμνωθῇ
671 274 825 343 οὗτος
875 280 975 351 τῆς
1028 281 1272 352 ἐσθῆτος,
1308 282 1514 347 ἐκεῖνος
1563 283 1619 335 δὲ
1661 284 1743 353 τῆς

1862 284 2210 353 margaritam
2267 284 2394 339 inde
2432 292 2822 349 extracturns;
2877 286 2983 339 nisi
3030 286 3219 343 nudati
3265 294 3425 349 ambo

196 378 509 449 αἰσθήσεως,
536 377 843 448 ἀμφότεροι
869 376 962 430 τοῦ
994 374 1423 447 ἐπιζητουμένου
1448 377 1747 448 διαμαρτή-

197 489 388 525 σονται.

262 561 389 634 ροα’.
421 561 481 614 '0
514 562 617 628 μὲν
643 561 857 615 ἔνδοθεν
882 562 983 632 τῆς
1005 561 1243 627 διανοίας
1269 560 1433 614 αὐτοῦ
1464 560 1753 632 γενόμενος

193 653 328 719 νοῦς,
362 654 419 706 ἐν
447 652 524 723 τῷ
547 652 829 723 εῠχεσθαι,
868 653 945 715 ὡς
982 654 1121 723 μετὰ
1153 653 1371 723 νύμφης
1413 653 1645 721 νυμφίος
1695 653 1753 705 ὲν

192 745 265 816 τῷ
296 745 542 815 νυμφῶνι
566 745 945 815 διαλεγόμενος
972 745 1355 815 εὑρεθήσεται’
1385 746 1413 797 ό
1437 744 1494 797 δὲ
1530 744 1603 814 μὴ
1631 760 1755 812 συγ-

194 837 530 907 χωρούμενος
569 837 853 903 εἰσελθεῖν,
908 836 1110 901 ἔξωθεν
1143 836 1431 907 ἱστάμενος
1481 834 1753 900 στενάζων

194 928 287 999 βοᾷ
310 946 323 959 ·
369 931 463 996 Τίς
497 929 714 995 ἀπάξει
764 947 843 999 με
893 932 977 995 εἰς
1025 932 1208 983 πόλιν
1245 929 1569 998 περιοχῆς;
1603 930 1636 999 ἢ
1670 929 1753 991 τίς

191 1019 434 1089 ὁδηγήσει
472 1037 560 1089 με,
586 1019 700 1086 ἕως
731 1020 838 1073 τοῦ
860 1020 948 1090 μὴ
962 1020 1225 1084 βλέπειν
1246 1022 1334 1086 εἰς
1352 1021 1753 1089 ματαιότητας

190 1108 283 1161 καὶ
304 1110 524 1175 μανίας
548 1109 796 1178 ψευδεῖς
824 1112 883 1163 ὲν
912 1110 990 1181 τῷ
1020 1109 1297 1180 εὔχεσθαι.

236 1286 385 1358 ,ροβ’.
418 1288 615 1342 Ὀποία
642 1290 674 1358 ἡ
703 1288 875 1358 χωρὶς
903 1287 1030 1351 ἁλὸς
1056 1286 1134 1357 τῷ
1164 1289 1405 1357 φάρυγγι
1430 1286 1753 1357 λογιζομένη

186 1380 372 1449 τροφὴ,
410 1380 634 1451 τοιαύτη
664 1381 758 1432 καὶ
788 1383 820 1450 ἡ
848 1380 1007 1443 ἐκτὸς
1034 1380 1387 1444 κατανύξεως
1436 1380 1754 1452 λογισθήσε-

184 1488 271 1523 ται
296 1471 371 1540 τῷ
393 1471 468 1540 νῷ
497 1471 871 1542 μετερχομένη
906 1472 1060 1540 εὐχή.
1712 1456 1715 1459 Ι

255 1565 385 1627 ρογ’.
424 1559 489 1612 Ἦ
522 1561 619 1631 μὲν
644 1559 723 1611 ἐτι
750 1558 1165 1613 καταδιώκουσα
1208 1557 1356 1631 ψυχὴ
1406 1560 1507 1628 τὴν
1560 1559 1748 1631 εὐχὴν,

181 1652 244 1720 τῇ
278 1651 539 1722 ὠδινούσῃ
592 1652 826 1722 ὑπάρχει
888 1652 1251 1722 παρεμφερής
1276 1667 1290 1682 ο
1337 1653 1371 1723 ἡ
1408 1651 1465 1704 δὲ
1510 1652 1746 1705 καταλα-

182 1740 365 1815 ϐοῦσα,
410 1744 477 1813 τῇ
531 1743 801 1815 κυησάσῃ,
847 1743 943 1796 καὶ
978 1743 1178 1813 πλήρει
1217 1744 1487 1816 γενομένῃ
1531 1744 1618 1797 διὰ
1656 1744 1745 1797 τὸν

181 1828 335 1883 τόκον
364 1833 561 1901 χαρᾶς.

249 1921 373 1995 ροδν.
415 1922 588 1976 Πάλαι
622 1923 720 1993 μὲν
749 1924 777 1976 ὁ
811 1922 1137 1995 Ἀμορραῖος
1176 1925 1270 1994 (e‘)
1310 1926 1367 1977 ὲν
1396 1924 1474 1994 τῷ
1506 1924 1621 1995 ὄρει
1667 1927 1747 1978 οἱ·

180 2011 311 2077 κῶν,
344 2013 675 2084 ἐτίτρωσκεν
708 2015 1059 2086 ἐξερχόμενος
1085 2017 1210 2079 τοὺς
1242 2016 1746 2088 παραϐιαζομένους

179 2101 489 2173 διέρχεσθαι
512 2121 527 2135 ⁸
562 2108 680 2158 νυνὶ
708 2107 762 2160 δὲ
789 2110 821 2177 ἡ
869 2107 1083 2177 πονηρὰ
1109 2107 1248 2177 λήθη
1280 2107 1464 2160 διώκει
1490 2110 1616 2172 τοὺς
1639 2110 1745 2180 πρὸ

175 2193 270 2264 τῆς
308 2195 531 2263 ἁγνείας
560 2197 653 2248 ἐπὶ
680 2197 781 2267 τὴν
800 2198 1137 2267 ὑψηλοτέραν
1167 2196 1577 2269 ἐπιχειροῦντας
1611 2200 1745 2254 ἀνα·

177 2282 378 2337 ϐαίνειν
409 2285 575 2356 εὐχὴν
612 2288 709 2356 τῆς
736 2287 1056 2357 ἁπλότητος.

244 2384 370 2446 ροεν.
403 2379 517 2449 Τῆς
567 2378 815 2451 καθαρᾶς
861 2381 1047 2455 εὐχῆς,
1080 2381 1137 2433 ὲν
1166 2380 1334 2453 ἔχθρᾳ
1368 2381 1535 2453 πολλῇ
1572 2382 1744 2451 πεφύ-

177 2485 333 2523 κασιν
362 2466 504 2523 εἶναι
553 2472 603 2523 οἱ
657 2471 929 2542 δαίμονες.
974 2472 1361 2543 Καταπλήττει
1411 2473 1467 2525 δὲ
1496 2472 1741 2538 τούτους,

172 2562 291 2632 οὐχὶ
325 2558 532 2631 πλῆθος
573 2563 679 2615 τῶν
728 2563 915 2615 κακῶν
970 2561 1219 2635 [καλιῦνῙ,
1256 2564 1330 2626 ὡς
1378 2565 1504 2626 τοὺς
1544 2563 1744 2626 ἔξωθεν

178 2652 472 2722 πολεμίους
507 2653 567 2705 τὸ
596 2654 915 2724 στράτευμα
938 2669 953 2683 ο
1004 2654 1120 2706 ἀλλ’
1149 2656 1181 2723 ή
1232 2653 1402 2722 τριῶν
1432 2655 1739 2723 συμφωνία,

175 2738 265 2791 νοῦ
300 2740 438 2809 πρὸς
465 2740 641 2807 λόγον,
676 2742 771 2794 καὶ
801 2741 959 2808 λόγου
990 2741 1128 2811 πρὸς
1162 2741 1433 2812 αἴσθησιν.

244 2828 384 2898 ρος’.
428 2830 490 2883 Ἦ
532 2831 630 2901 μὲν
666 2831 794 2901 ψιλὴ
819 2832 975 2901 εὐχὴ,
1005 2831 1081 2895 ὡς
1110 2832 1275 2902 ἄρτος
1310 2833 1608 2901 ὀφθήσεται
1640 2836 1741 2906 ἀρ-

171 2920 436 2989 χομένους
469 2921 803 2991 στηρίζουσα
826 2938 839 2950 '
876 2924 910 2993 ή
959 2922 1016 2974 δὲ
1046 2924 1184 2992 μετά
1213 2940 1355 2986 τινος
1387 2924 1638 2995 θεωρίας,
1669 2927 1744 2989 ὼς

170 3010 349 3065 ἔλαιον
403 3013 695 3065 πιαξνουσα
718 3030 733 3044 ο
768 3015 801 3082 ἡ
841 3013 898 3066 δὲ
934 3015 1193 3080 ἀνείδεος,
1228 3014 1303 3078 ὡς
1345 3009 1486 3079 οἶνος
1515 3017 1742 3089 εὐώδης,

168 3095 227 3155 οὗ
257 3104 305 3154 οἱ
337 3103 744 3173 ἐμφορούμενοι
773 3104 1063 3175 ἀπλήστως
1096 3105 1425 3170 ἐξίστανται.

1854 377 2189 441 exstiterint,
2214 378 2356 432 alter
2386 387 2558 440 veste,
2590 379 2841 447 alterque
2864 394 3026 433 sensu
3050 421 3063 444 ,
3095 393 3291 436 neuter
3310 385 3426 455 ejus

1853 468 2012 537 cujus
2034 467 2391 536 inquisitione
2414 468 2646 532 laborat,
2680 484 2906 538 compos
2932 471 3227 526 exstiterit.

1922 558 2045 612 171.
2085 558 2217 625 Quae
2268 560 2413 613 intra
2456 560 2695 628 seipsam
2735 561 2841 614 alta
2893 563 3222 632 cogitatione
3275 580 3432 621 mens

1853 649 2080 703 collecta
2128 658 2231 715 est,
2286 651 2433 705 inter
2476 652 2769 715 orandum,
2816 653 2971 707 velut
3026 670 3263 724 sponsus
3297 672 3426 711 cum

1857 756 2056 810 sponsa
2088 742 2143 795 in
2180 742 2421 796 thalamo
2449 757 2763 797 sermonem
2802 743 3041 798 miscens
3089 746 3428 801 invenietur.

1853 832 1955 887 Cui
2008 842 2190 887 autem
2223 833 2439 903 ingredi
2484 848 2594 887 non
2649 834 3027 903 permittitur,
3076 835 3222 903 toris
3278 845 3430 893 stans

1853 923 2057 993 gemitu
2092 924 2311 987 clamat,
2346 924 2472 989 Quis
2511 925 2725 978 ded-tecet
2757 942 2838 978 me
2859 928 2913 979 in
2946 928 3207 981 civitatem
3249 931 3427 981 muni-

1865 1024 1975 1068 tam
2006 1015 2091 1073 ‘2?
2116 1026 2211 1068 aut
2234 1016 2359 1084 quis
2382 1015 2519 1069 mihi
2552 1015 2821 1069 hactenus
2852 1017 2961 1070 dux
2993 1018 3122 1081 erit,
3161 1028 3218 1071 ut
3247 1020 3302 1071 in
3339 1036 3431 1073 va-

1854 1107 2045 1158 m‘lam
2083 1113 2132 1157 et
2173 1106 2413 1159 insanias
2458 1105 2647 1175 falsas,
2688 1105 2837 1159 inter
2879 1107 3149 1161 orandum
3195 1124 3300 1160 non
3347 1125 3429 1161 re-

1860 1198 2087 1266 spiciam
2118 1198 2160 1228 "
2179 1197 2203 1249 ?

1925 1287 2048 1340 172.
2076 1285 2265 1352 Qualis
2294 1302 2421 1341 esca
2467 1288 2623 1341 nullo
2665 1288 2776 1342 sale
2811 1288 3033 1343 condita
3083 1289 3291 1357 gutturi
3345 1290 3429 1341 vi-

1855 1375 2037 1437 detur,
2074 1374 2197 1428 talis
2224 1384 2279 1429 et
2314 1376 2509 1439 oratio,
2546 1377 2715 1430 menti
2742 1392 2864 1430 eam
2904 1377 3107 1431 colenti
3144 1377 3427 1431 existima-

1852 1464 2026 1530 bitur,
2060 1468 2163 1520 nisi
2201 1467 2253 1521 ei
2282 1467 2636 1536 eompunctio
2662 1482 2848 1521 comes
2872 1468 2962 1521 sit.

1928 1557 2050 1610 175.
2082 1557 2312 1611 Animus
2334 1558 2639 1612 orationem
2673 1558 2854 1612 adhuc
2884 1573 3243 1628 persequens,
3301 1548 3431 1627 par!

1855 1646 2079 1701 turienti
2127 1662 2290 1715 quam
2326 1646 2522 1700 similis
2542 1655 2627 1702 est
2672 1648 2747 1713 '0;
2796 1663 2915 1702 eam
2948 1663 3081 1702 vero
3118 1657 3424 1709 assecutus,

1851 1735 1903 1789 ei
1957 1750 2082 1804 qua)
2128 1735 2381 1804 peperit,
2436 1750 2614 1804 exque
2679 1744 2841 1804 partu
2890 1736 3072 1807 gaudii
3128 1736 3288 1805 plena
3335 1751 3428 1790 ex-

1851 1827 2018 1881 sistit.
2772 1848 2773 1851 η

1923 1931 2045 1984 1⁸74.
2082 1929 2223 1999 Olim
2249 1929 2471 1999 quidem
2506 1929 2861 1985 Amorrhteus
2895 1938 3157 1983 montana
3194 1928 3381 1982 colens
3412 1969 3424 1991 ,

1851 2035 1946 2075 eos
1985 2034 2275 2088 aggressus
2304 2020 2401 2088 qui
2438 2018 2749 2088 transgredi
2790 2018 3259 2080 connitebantur‘,
3296 2032 3428 2069 con-

1850 2108 2178 2163 vulnerabat
2205 2109 2288 2167 '9:
2318 2123 2578 2177 nuncque
2627 2108 2767 2161 mala
2800 2108 3009 2161 oblivio
3067 2107 3193 2159 illos
3235 2120 3426 2175 perse-

1851 2202 2064 2270 quitur,
2093 2200 2187 2269 qui
2224 2200 2463 2255 necdum
2511 2200 2891 2254 castimoniam
2941 2199 3162 2267 adepti,
3219 2197 3287 2250 ad
3345 2198 3427 2250 al-

1852 2290 2049 2344 tiorem
2082 2290 2387 2358 simplicem
2417 2289 2719 2342 orationem
2768 2303 3053 2342 ascensum
3101 2286 3425 2340 moliuntur.

1916 2382 2039 2435 175.
2075 2380 2392 2435 Orationem
2423 2396 2615 2450 puram
2651 2380 2801 2450 gravi
2842 2380 3120 2434 daemones
3140 2378 3269 2431 odio
3294 2392 3426 2447 per-

1850 2480 2178 2541 sequuntur,
2208 2471 2372 2539 idque
2395 2486 2460 2524 ex
2490 2470 2673 2540 genio.
2708 2470 2968 2529 Percellit
3007 2485 3137 2523 vero
3186 2484 3282 2523 eos
3313 2484 3423 2521 non

1848 2563 2117 2617 bonorum
2148 2562 2330 2625 turba,
2363 2563 2511 2616 velut
2535 2570 2791 2617 externos
2824 2562 3011 2617 hostes
3034 2562 3250 2631 objecta
3288 2576 3426 2629 pra}-

1851 2654 1993 2707 sidia
2018 2653 2297 2719 militum;
2347 2653 2442 2707 sed
2476 2653 2642 2707 trium
2700 2668 3025 2717 consensus,
3067 2652 3267 2706 mentis
3310 2650 3421 2705 sci—

1849 2743 1977 2797 licet
2011 2758 2133 2796 cum
2172 2743 2422 2806 ratione,
2452 2749 2507 2795 et
2566 2741 2796 2796 rationis
2847 2757 2971 2796 cum
3010 2757 3196 2796 sensu.

1924 2833 2046 2887 176.
2080 2832 2324 2902 Simplex
2350 2831 2548 2896 oratio,
2603 2832 2758 2900 quasi
2805 2830 2964 2899 panis
3011 2829 3295 2884 videbitur
3322 2828 3368 2860 ⁶⁰
3407 2867 3423 2891 ,

1852 2924 2179 2993 incipientes
2205 2939 2269 2977 ac
2296 2923 2730 2977 rudimentarios
2754 2922 3073 2976 confortans
3103 2939 3115 2973 :
3149 2938 3271 2989 qua:
3293 2936 3425 2974 vero

1855 3017 2095 3085 aliquam
2125 3015 2647 3083 contemplationem
2680 3014 3031 3083 conjunctam
3064 3012 3249 3075 habet,
3274 3012 3425 3065 velut

1852 3107 2034 3160 oleum
2065 3106 2413 3177 impinguans
2435 3106 2479 3137 “
2510 3122 2523 3158 :
2557 3120 2678 3174 quae
2705 3104 2945 3173 denique
2978 3105 3155 3157 nullas
3185 3103 3428 3157 admittit

168 3190 376 3248 formas
399 3209 465 3247 ac
489 3195 803 3261 simulacra,
835 3198 989 3262 quasi
1012 3198 1202 3253 vinum
1218 3198 1737 3269 fragrantissimum,
1773 3217 1883 3273 quo
1913 3200 2008 3270 qui
2066 3200 2215 3269 pleni
2253 3207 2401 3265 sunt,
2464 3199 2794 3253 immensum
2843 3198 3118 3254 excedunt
3168 3212 3233 3251 ac
3275 3196 3424 3252 velut

169 3281 457 3338 insaniunt
484 3287 554 3339 ⁸³.

242 3373 374 3469 post.
404 3378 424 3399 ⁹
460 3376 684 3469 ’Ἄγριος
720 3377 817 3447 μὲν
847 3378 986 3443 ὄνος,
1021 3380 1227 3445 πόλεως
1274 3383 1373 3451 μὲν
1400 3381 1617 3448 λέγεται
1647 3400 1745 3435 πο-

172 3459 423 3532 λυοχλὶας
459 3459 787 3535 κατοῖγελᾷν·
841 3468 934 3519 καὶ
963 3469 1271 3539 μονόκερως
1307 3470 1365 3522 δὲ
1412 3470 1504 3524 ὑπ’
1533 3471 1747 3535 οὐδενὸς

169 3552 490 3624 δεσμεῖσθαι
522 3556 831 3627 δυνάμενος.
868 3557 1008 3621 Νοῦς
1030 3559 1088 3611 δὲ
1111 3560 1345 3627 φύσεως,
1377 3561 1473 3614 καὶ
1495 3563 1602 3614 τῶν
1619 3563 1748 3633 περὶ

174 3645 339 3712 φύσιν
372 3647 702 3713 βασιλεύσας
731 3648 923 3716 λόγων,
957 3649 1322 3720 ματαιότητος
1372 3651 1470 3720 μὲν
1510 3668 1747 3716 καταγε-

169 3736 237 3805 λᾷ
260 3736 545 3808 λογισμῶν
576 3739 1043 3808 προσευχόμενος·
1085 3743 1215 3811 παρ’
1245 3741 1459 3804 οὐδενὸς
1498 3742 1556 3794 δὲ
1586 3742 1747 3795 δύνα-

172 3845 261 3881 ται
298 3830 411 3883 τῶν
441 3829 545 3882 ὑπὸ
573 3829 670 3899 τὴν
711 3829 961 3900 αἴσθησιν
991 3830 1528 3895 κατεξουσιάζεσθαι.

242 4018 374 4081 ροην.
411 4010 534 4080 Χρὴ
588 4010 679 4064 τὸν
724 4010 1123 4082 ἀγωνιζόμενον
1153 4052 1167 4078 ,
1198 4012 1300 4083 τὴν
1350 4013 1448 4083 μὲν
1492 4014 1742 4084 αἴσθησιν

165 4104 353 4167 αὑτοῦ,
385 4106 468 4165 εἰς
501 4102 601 4172 τὴν
652 4103 895 4173 μονοειδῆ
944 4104 1254 4157 συστέλλειν
1290 4107 1515 4176 τροφήν
1563 4107 1654 4158 τὸν
1686 4107 1743 4158 δὲ

166 4196 311 4260 νοῦν,
382 4199 466 4258 εἰς
516 4195 615 4266 τὴν
685 4195 1063 4264 μονολόγιστον
1145 4200 1456 4269 προσευχήν
1489 4215 1502 4230 ο
1571 4198 1743 4263 οὕτως

165 4287 276 4357 γὰρ
312 4288 544 4358 ἄσχετος
575 4287 812 4354 γεγονὼς
842 4290 907 4341 ἐκ
929 4290 1118 4344 παθῶν
1141 4329 1155 4353 ,
1188 4292 1280 4343 καὶ
1311 4293 1404 4344 ἐπὶ
1441 4292 1502 4344 τὸ
1558 4293 1742 4363 ἁρπάοο

166 4376 361 4439 ζεσθαι
392 4378 533 4448 πρὸς
567 4378 770 4447 Κύριον
797 4379 912 4449 ἣξει
938 4381 994 4433 ὲν
1029 4380 1105 4450 τῷ
1143 4382 1566 4452 προσεύχεσθαι.

238 4619 285 4652 ⁵⁸
314 4618 462 4674 Psal.
495 4632 600 4681 th,
638 4617 721 4670 11.
799 4617 844 4648 ⁵⁷
875 4617 1017 4671 Psal.
1044 4633 1233 4682 xxxix,
1268 4617 1321 4672 5.

238 4922 330 4992 (e‘)
377 4922 440 4975 '0
480 4922 831 4991 Ὰμοῤῥαῖος.
856 4922 947 4977 Sic
965 4922 1226 4977 nimirum
1243 4924 1404 4977 Deut.
1438 4939 1475 4984 ι,
1499 4925 1589 4985 44,
1613 4939 1739 4979 cum

166 5010 279 5056 xw,
315 4993 405 5055 45,
444 5006 553 5043 non
584 4992 953 5056 Amorrhmus,
997 4993 1091 5046 sed
1137 4992 1361 5049 Amalec
1413 5002 1470 5048 et
1523 4993 1740 5048 Chana-

166 5079 321 5116 naeus
355 5062 632 5132 dicantur,
666 5061 745 5115 sic
774 5062 840 5116 de
878 5071 1065 5116 monte
1112 5063 1450 5126 exsilientes,
1513 5063 1566 5116 in
1627 5080 1736 5132 quo

166 5141 329 5185 erant
360 5131 415 5184 in
450 5130 660 5186 insidiis
710 5132 1118 5202 (ἐγκαθήμενοι)
1164 5147 1259 5186 eos
1293 5130 1726 5188 conscidissc‘ac

168 5208 494 5269 persecutos
518 5215 657 5263 esse,
683 5202 775 5269 qui
823 5202 932 5254 vim
971 5202 1220 5256 fecerant
1273 5211 1334 5256 ut
1395 5203 1727 5257 transirent:

167 5270 316 5341 quod
344 5270 700 5341 scilicetiDeo
718 5271 858 5324 irato
883 5287 998 5325 rem
1038 5273 1517 5341 aggrediebantur,
1547 5272 1729 5341 Moyse

168 5340 341 5412 etiam
363 5340 735 5412 dissuadente.
773 5342 830 5394 Ὀ
861 5342 1043 5412 οικῶν,
1075 5340 1223 5411 quod
1244 5343 1457 5405 scribit,
1473 5343 1560 5412 qui
1581 5340 1732 5394 Inibi-

170 5411 341 5474 tabat,
359 5423 483 5479 cum
527 5409 690 5479 Hebr.
721 5426 783 5464 ac
812 5410 1036 5478 reliquis
1091 5409 1380 5477 convenit;
1440 5409 1729 5479 potuitque

170 5480 252 5532 sic
289 5478 807 5551 haberiinﬁrtecis,
839 5496 1072 5548 quorum
1118 5482 1196 5534 illi
1237 5483 1393 5551 c0pia
1434 5478 1555 5543 fuit,
1616 5478 1730 5551 sive

171 5558 331 5603 erant
361 5547 469 5603 τῶν
498 5548 659 5613 LXX,
696 5550 812 5604 sive
851 5547 884 5619 ἦ
926 5552 1097 5619 κοινή.
1132 5551 1289 5616 Quod
1308 5547 1409 5607 'est
1448 5566 1566 5621 cap.
1606 5550 1726 5618 175,

1435 4618 1481 4650 ⁵⁸
1515 4619 1672 4674 Joan.
1706 4635 1814 4682 xvi,
1846 4620 1935 4674 21.

169 4687 260 4744 15.
338 4689 379 4718 ⁸⁸
412 4686 552 4742 Psal.
583 4703 710 4751 χχιι,
741 4687 793 4742 5.
870 4687 914 4717 ⁶²
945 4687 989 4740 II
1029 4685 1155 4741 Cor.
1183 4704 1243 4752 ν,
1274 4688 1360 4741 15.
1441 4688 1485 4719 ⁸³
1510 4689 1633 4743 Job.
1662 4706 1743 4741 xx:

1882 4692 1933 4755 5,
1977 4690 2029 4745 9.

236 4806 257 4829 ¹
304 4803 445 4859 Vide
501 4802 755 4863 Bcchart.
823 4801 935 4855 Dea
998 4800 1187 4855 nimal.
1259 4818 1427 4857 sacrm
1488 4802 1791 4874 Scriptum.

1922 3384 2043 3437 177.
2082 3383 2253 3436 Aiunt
2299 3396 2569 3452 onagrum
2628 3380 2905 3436 confertas
2947 3379 3186 3434 civitatis
3236 3379 3425 3433 turbas

1854 3475 2120 3539 irridere;
2151 3488 2474 3528 monoceros
2524 3482 2707 3527 autem
2754 3490 2785 3527 a
2824 3472 3047 3527 nemine
3080 3472 3289 3542 alligari
3322 3486 3423 3540 po-

1856 3574 1960 3619 test
1988 3566 2054 3617 “.
2100 3565 2272 3618 Porro
2301 3579 2478 3627 mens,
2516 3579 2639 3633 quas
2680 3572 2912 3628 natum,
2957 3577 3256 3632 earumque
3304 3577 3425 3630 quae

1853 3664 1981 3708 sunt
2008 3655 2155 3707 circa
2198 3654 2365 3717 illam,
2426 3655 2705 3706 rationum
2765 3663 2928 3707 nacta
2982 3653 3274 3722 imperium
3309 3652 3420 3714 sit,

1853 3744 1999 3796 inter
2028 3741 2299 3795 orandum
2324 3757 2495 3794 vanas
2529 3741 2723 3794 irridet
2756 3743 3119 3811 cogitationes
3145 3781 3158 3803 ,
3210 3757 3311 3795 nec
3336 3742 3423 3794 ul-

1856 3834 1964 3888 lius
2016 3833 2275 3901 potestati
2325 3830 2641 3901 subjicitur,
2691 3847 2884 3885 eorum
2931 3847 3054 3901 quae
3094 3831 3148 3884 in
3201 3846 3421 3885 sensum

1854 3924 2077 3978 cadum.

1921 4016 2044 4067 178.
2082 4013 2275 4079 Debet,
2312 4014 2407 4083 qui
2439 4029 2610 4084 agone
2638 4012 2941 4077 contendit,
2997 4013 3063 4067 ad
3123 4006 3291 4069 unius
3331 4029 3424 4084 ge-

1849 4108 2000 4162 neris
2015 4108 2220 4171 cibum,
2255 4124 2475 4162 sensum
2502 4123 2660 4162 suum
2683 4109 2843 4180 662
2870 4108 3233 4179 restringere;
3266 4124 3422 4162 men-

1854 4208 2074 4266 temque
2158 4198 2449 4251 ad'unius
2527 4198 2759 4251 rationis
2822 4197 3123 4251 orationem
3200 4213 3416 4268 cogere.

1852 4288 1943 4342 Sic
1969 4289 2115 4341 enim
2148 4289 2216 4342 ab
2241 4288 2532 4343 aﬂ‘ectihus
2564 4289 2706 4342 liber
2731 4289 2984 4354 eﬂ'ectus,
3035 4289 3255 4344 abunde
3285 4305 3421 4344 con-

1853 4388 2117 4448 sequetur
2174 4388 2236 4433 ut
2271 4380 2337 4433 ad
2383 4380 2675 4434 Dominum
2721 4380 2865 4434 inter
2908 4381 3177 4434 orandum
3238 4381 3421 4451 rapia-

1845 4477 1933 4523 tur
1963 4470 2029 4520 “.

2050 4623 2094 4655 ⁵³
2124 4622 2424 4695 δυωᾲιιιν,
2455 4625 2556 4687 45ς
2590 4625 2751 4679 Deut.
2781 4640 2820 4690 ι,
2852 4626 2942 4681 44.
3055 4628 3099 4659 ⁶⁰
3128 4627 3273 4682 Psal.
3305 4612 3416 4695 ctu,

2119 4692 2164 4723 “
2196 4694 2215 4745 1
2248 4693 2411 4748 Thes.
2447 4710 2519 4758 ιν,
2553 4697 2638 4749 16.

1849 4924 1971 4993 οὐχὶ
2004 4925 2207 4992 πλῆθος
2237 4925 2344 4977 τῶν
2368 4924 2575 4985 κακῶν,
2611 4927 2797 4979 nullus
2838 4926 3149 4994 decoquere
3186 4929 3413 4994 possim,

1850 5004 1911 5063 ut
1949 4995 2023 5048 ita
2051 4996 2341 5063 scripsisse
2395 5002 2581 5063 putem
2634 4996 2948 5059 Maximum,
2989 5005 3085 5049 aut
3145 4997 3284 5050 forte
3324 5000 3417 5053 lia—

1848 5062 2033 5119 buisse
2056 5062 2180 5119 cod.
2203 5062 2409 5125 Valic.,
2432 5065 2537 5119 nisi
2564 5065 2701 5119 forte
2727 5066 2932 5131 κακῶν,
2962 5066 3082 5117 ἀντὶ
3098 5066 3210 5127 τοῦ,
3240 5067 3415 5121 πόνων

1834 5134 2074 5205 positum
2102 5134 2192 5205 sit.
2229 5133 2341 5205 Sed,
2366 5142 2650 5205 prmstaret
2684 5135 2919 5205 ίκαλῶνὴ
2940 5135 3157 5189 honesti
3208 5138 3411 5205 quippe

1832 5203 2059 5273 nomine
2086 5204 2308 5257 virtutis
2332 5204 2554 5257 labores
2581 5204 2765 5273 potius
2801 5204 3047 5268 veniant,
3070 5203 3238 5273 quam
3261 5203 3407 5272 nia—li;

1832 5270 1979 5343 iique
2014 5273 2107 5326 uni
2138 5274 2292 5341 quasi
2320 5270 2601 5327 exercitus
2633 5275 3031 5343 intelligantur,
3064 5270 3157 5343 qui
3204 5270 3413 5329 terren-

1832 5340 1905 5393 do
1963 5340 2237 5399 daemones
2279 5343 2408 5405 sint,
2466 5359 2568 5398 nec
2607 5359 2740 5397 vero
2773 5340 3036 5407 terreant,
3081 5340 3187 5399 nisi
3241 5346 3405 5408 adsit,

1830 5427 1992 5484 quam
2034 5412 2302 5467 Maximus
2334 5413 2504 5484 exigit
2538 5413 2740 5467 virium
2775 5414 2945 5469 animi
2979 5430 3087 5468 una
3130 5415 3410 5484 00115111ιῆ-

1829 5483 1904 5536 tio
1949 5492 2004 5537 et
2034 5497 2355 5538 consensus.
