3922 6348
644 187 780 253 M43
1072 156 1077 163 ’
1802 191 1862 251 s.
1908 191 2196 251 MAXIMI
2244 190 2755 251 coursssoms
3664 191 3741 256 illi

711 304 834 360 179.
867 302 1043 359 Canes
1080 301 1136 355 in
1164 315 1223 354 se
1251 301 1468 366 efferat,
1506 302 1605 371 qui
1633 302 1716 357 eis
1738 302 1995 359 baculum
2044 306 2225 358 intcn-
2254 350 2260 362 .

2194 337 2225 357 ,-
2254 312 2296 363 Α
2402 304 2534 374 ροθ¹.
2571 305 2797 358 Ῥάϐδον
2836 304 2937 374 μὲν
2956 306 2985 358 ό
3011 304 3167 356 κυσὶν
3198 304 3437 356 ἐπισείων
3470 303 3653 372 inpium
3678 309 3743 356 ml‘

643 404 720 451 tat
751 413 766 449 :
802 396 883 451 sic
914 403 971 449 et
1018 393 1334 456 daemones,
1373 393 1469 463 qui
1506 408 1645 463 pure
1696 394 1923 465 defungi
1968 396 2192 451 orationi

2195 410 2219 448 e
2323 396 2522 449 ἑαυτοῦ
2556 412 2569 427 ·
2636 396 2898 468 δαίμονας
2959 396 3015 449 δὲ
3041 437 3056 461 ,
3115 398 3144 449 ὁ
3198 395 3438 467 καθαρῶς
3485 395 3744 466 Magium;

640 486 880 540 studeat.

2322 485 2596 557 εὔχεσθαι.

709 576 830 633 180.
882 578 1194 649 Voluptarii
1240 577 1498 633 homines
1547 593 1611 631 ac
1667 576 1976 641 libidinosi,
2023 585 2084 631 ut
2124 576 2221 645 qui

2204 576 2221 629 ί
2400 575 2511 647 97"-
2547 580 2613 632 οἱ
2657 579 2758 650 μὲν
2793 577 3091 650 ἡδυπαθεῖς
3122 579 3538 649 προσευχόμενοι,
3562 579 3634 632 ire
3673 580 3745 631 ut.

643 668 850 722 terreni
899 667 1031 734 sint,
1094 677 1358 738 tanquam
1408 681 1570 722 ranas
1602 707 1617 730 ,
1669 665 2035 737 cogitationes
2076 666 2192 736 ipso

2197 681 2224 719 8
2322 670 2438 736 δεις
2489 672 2665 736 ὄντες,
2701 672 2778 735 ὡς
2829 671 3138 741 βατράχους
3187 670 3362 740 ἔχουσι
3406 671 3517 733 τούς
3561 669 3744 737 loricata;

642 758 1017 814 distrahentes
1040 759 1250 816 habent
1288 776 1303 812 :
1331 772 1571 827 quorum
1610 772 1745 811 vero
1771 756 1839 811 ad
1873 756 2191 811 mediocrita

2196 784 2225 809 .-
2326 760 2715 827 περισπῶντας
2743 759 2943 824 αὐτούς
2971 776 2984 789 ·
3017 761 3066 813 oi
3104 760 3159 813 δὲ
3193 759 3563 830 μετριοπαθεῐς,
3585 758 3651 822 τὰς
3672 760 3745 813 θειν

643 859 754 905 tem
780 852 1016 908 affectus
1039 852 1252 909 redacti
1290 859 1438 915 sunt,
1490 850 1644 905 velut
1681 849 1947 904 luscinias
1977 888 1993 914 ,
2035 849 2191 904 consi

2197 877 2223 888 -
2326 850 2449 919 ρίας
2476 851 2554 915 ὡς
2581 849 2809 922 ἀηδόνας
2844 849 3293 921 κατατερπούσας
3321 850 3498 911 αὐτοὺς
3515 890 3528 916 ,
3547 852 3599 919 τῇ
3619 852 3679 902 ἅτ’
3695 852 3745 902 ii-

642 941 958 999 derationes
984 942 1194 998 habent
1220 958 1318 997 eos
1348 941 1713 1006 obiectantes,
1747 956 1814 995 ex
1842 940 1969 995 aliis
1995 942 2055 995 in
2083 940 2191 995 alio

2198 954 2225 994 s
2326 943 2433 996 λων
2476 943 2560 1005 είς
2615 940 2812 1005 ἄλλους
2836 943 3171 1012 ἁκρέμονας,
3201 940 3434 994 τουτέστι
3464 940 3656 1004 ποικίλας
3672 941 3746 994 θευ-

642 1033 1072 1104 commigrantes
1095 1048 1300 1098 ramos,
1337 1032 1620 1086 variarum
1661 1032 1877 1087 scilicet
1925 1032 2079 1086 cultu
2120 1045 2191 1086 no

2197 1061 2223 1071 -
2329 1033 2473 1104 ρίας,
2511 1031 2815 1103 μεταδάσει
2847 1047 2863 1063 °
2899 1033 3028 1102 σιγὴ
3085 1032 3144 1085 δὲ
3211 1034 3453 1101 πρόσεστι
3480 1035 3572 1092 τοῖς
3607 1031 3746 1084 ἀπαθέα

646 1122 876 1179 tionum.
907 1126 977 1181 lis
1001 1125 1241 1194 denique
1268 1125 1364 1195 qui
1398 1124 1467 1179 ab
1517 1123 1814 1178 affectibus
1868 1122 2035 1177 liberi
2075 1131 2195 1177 tran

2199 1154 2227 1165 -
2327 1126 2421 1179 καὶ
2448 1124 2656 1196 ἠρεμία
2690 1123 2862 1196 πολλὴ
2893 1126 2961 1179 ὲκ
2981 1125 3258 1194 λογισμῶν
3288 1127 3377 1180 καὶ
3402 1127 3631 1195 νοημάτων
3657 1122 3747 1191 ira}

644 1218 931 1286 quillitatis
961 1233 1146 1272 arcem
1184 1216 1577 1279 ascenderunt,
1611 1215 1806 1285 ingens
1833 1229 1863 1268 a
1926 1213 2193 1284 cogitatio

1198 1216 1577 1279 ascenderunt,
1611 1215 1863 1285 ingensa
1926 1213 2226 1284 eogitatio-
2328 1215 2747 1285 προσεύχεσθαι.

646 1306 811 1362 nibus
832 1317 888 1363 et
932 1307 1243 1361 rationibus
1295 1320 1361 1361 ac
1409 1304 1774 1374 conc9ptibus
1825 1304 2108 1360 silentium
2141 1311 2228 1359 est

644 1406 811 1465 atque
844 1398 1063 1466 requies
1105 1397 1251 1450 inter
1295 1395 1588 1449 orandum.

715 1488 836 1543 181.
867 1487 1010 1542 Olim
1037 1487 1265 1557 quidem
1301 1486 1477 1540 Maria
1513 1486 1684 1542 Mosis
1710 1500 1891 1551 soror,
1929 1494 2227 1556 conspecta

2200 1502 2227 1542 ﬂ
2399 1482 2546 1547 Ρπα’·
2586 1476 2765 1531 Πάλαι
2793 1477 2892 1547 μὲν
2928 1479 2962 1549 ἡ
2987 1477 3082 1530 τοῦ
3116 1478 3361 1540 Μωσέως
3383 1476 3542 1547 Μαρία
3564 1475 3643 1527 τῶν

644 1577 889 1632 hostium
910 1586 1112 1648 strage,
1147 1592 1375 1632 sumens
1403 1586 1749 1649 tympanum,
1806 1577 2059 1633 victoria:
2091 1592 2193 1633 can

2200 1602 2224 1614 ..
2260 1639 2300 1649 _
2331 1566 2472 1636 μίων
2498 1566 2600 1636 τὴν
2631 1566 2845 1620 πτῶσιν
2880 1566 3220 1637 θεασαμένη,
3245 1568 3304 1619 τὸ
3318 1566 3563 1636 τύμπανον
3579 1566 3749 1635 ἀραμένη.

647 1669 755 1723 tica
794 1669 1089 1723 mulierum
1119 1669 1292 1724 choro
1335 1668 1736 1739 auspicabatur
1768 1668 1815 1700 "
1853 1685 1867 1721 :
1907 1683 2059 1723 nunc
2095 1683 2195 1725 ver

2201 1683 2229 1723 ο
2260 1639 2303 1699 Β
2330 1659 2528 1732 ἐξῆρχε
2558 1659 2955 1732 ταῖςιᾴδούσαις
2987 1658 3057 1712 τά
3085 1660 3327 1713 ἐπινίκια
3351 1675 3365 1690 ·
3389 1658 3493 1710 νυνὶ
3515 1656 3561 1709 δὲ
3581 1657 3639 1718 είς
3657 1655 3750 1721 rivi,-

647 1759 702 1813 in
725 1760 848 1827 ejus
869 1758 1041 1813 animi
1084 1758 1327 1825 laudem,
1373 1758 1470 1829 qui
1512 1756 1778 1813 vitiorum
1825 1772 1892 1812 ac
1932 1756 2196 1812 affectqu

2201 1773 2229 1811 ιι
2335 1752 2465 1822 μίαν
2497 1751 2596 1822 τῆς
2631 1750 2938 1822 νικησάσης
2966 1750 3037 1804 τὰ
3063 1749 3214 1821 πάθη
3245 1750 3411 1819 ψυχῆς
3432 1786 3445 1812 ,
3475 1746 3707 1817 ήκρείττων
3722 1747 3750 1791 ἐι

646 1849 826 1904 victor
876 1850 1176 1924 exstiterit,
1202 1849 1320 1919 ipsa
1353 1849 1622 1903 virtutum
1669 1848 1969 1918 primatum
2011 1858 2195 1904 tenent

2202 1865 2227 1915 ι,
2331 1843 2555 1913 ἀρεταῖς
2584 1841 2778 1912 ἀγάπη
2806 1840 3183 1912 διεγερθεῖσα,
3219 1842 3314 1912 τὴν
3344 1839 3449 1909 μετ’
3472 1837 3587 1908 ᾠδῆς
3611 1836 3751 1904 κιθάραν

644 1941 825 1995 excita
857 1940 1121 2003 charitas,
1142 1940 1414 1995 citharam
1440 1954 1566 1995 cum
1589 1940 1832 2005 cantico,
1860 1939 2015 1994 velut
2032 1954 2193 2009 quam

2205 1970 2231 1981 -
2330 1932 2523 2006 ὥσπερ
2541 1933 2666 1987 τινὰ
2719 1932 2955 2001 θεωρίαν
2995 1931 3472 2004 μεταχειριζομένη
3515 1927 3751 1997 unum

645 2030 771 2083 dam
823 2029 1351 2099 contemplationem
1390 2069 1405 2095 ,
1463 2030 1687 2100 pridem
1735 2029 1816 2084 illi
1892 2029 1963 2084 ad
2013 2030 2194 2086 decori

2205 2045 2232 2085 s
2329 2025 2430 2096 τὴν
2464 2024 2795 2098 πονηθεῖσαν
2817 2026 2899 2087 είς
2927 2023 3162 2087 κάλλους
3193 2023 3507 2094 περιουσίαν,
3530 2022 3577 2073 οὐ
3612 2018 3750 2071 mitra

645 2115 1045 2171 abundantiam
1088 2116 1419 2182 laboratam,
1476 2118 1534 2171 in
1578 2133 1776 2172 manus
1797 2132 2066 2182 sumens,
2119 2133 2192 2174 no

2201 2134 2231 2172 n
2332 2117 2431 2171 σὺν
2454 2119 2568 2182 τοῖς
2597 2116 2728 2189 περὶ
2755 2117 2928 2186 αὐτὴν
2966 2115 3350 2187 ἀγαλλιωμένη
3392 2116 3538 2169 αίνεῑν
3568 2112 3634 2166 τὸν
3665 2110 3750 2163 θείν-

644 2212 823 2258 cessat
872 2220 999 2260 cum
1052 2206 1213 2261 turba
1239 2205 1319 2261 illi
1371 2206 1605 2272 comite,
1663 2206 1950 2262 exsultans
2003 2207 2231 2265 laudare

646 2296 842 2351 Deum.

720 2384 842 2438 182.
883 2383 1115 2450 Quando
1146 2382 1346 2439 orandi
1405 2383 1524 2456 jugi
1586 2383 1856 2440 exercitio
1915 2400 1981 2440 ac
2031 2386 2228 2455 cultu,

2212 2428 2228 2455 τ
2405 2390 2552 2463 ρπβκ
2591 2391 2826 2447 ὀπόταν
2853 2391 2950 2444 διὰ
2970 2390 3263 2461 συνεχείας
3289 2389 3385 2459 τῆς
3413 2386 3534 2441 κατὰ
3558 2385 3630 2454 τὴν
3659 2380 3750 2450 εἱχὴ

644 2474 981 2539 psalmorum
1036 2473 1264 2527 oracula
1323 2474 1383 2528 in
1428 2474 1645 2529 orantis
1690 2474 1862 2529 corde
1918 2474 2184 2532 haeserint

2210 2535 2227 2560 ,
2332 2483 2644 2555 κατασχεθῇ
2673 2482 2743 2537 τὰ
2788 2482 2947 2551 λόγια
2985 2481 3093 2535 τῶν
3135 2481 3361 2553 ψαλμῶν
3384 2482 3439 2534 ἐν
3466 2481 3523 2550 τῇ
3552 2476 3686 2546 καρδίᾳ
3702 2469 3750 2521 n5

649 2573 781 2617 tunc
808 2570 863 2615 et
896 2562 1016 2632 ipse
1043 2563 1198 2617 velut
1222 2571 1373 2618 terra
1398 2564 1631 2633 optima,
1655 2564 1804 2619 ultro
1833 2563 1980 2619 ferre
2008 2565 2198 2634 incipit

2200 2578 2227 2631 ἰ,
2330 2575 2646 2646 εὐχομένου,
2668 2575 2791 2628 τότε
2808 2576 2901 2628 καὶ
2915 2574 3077 2637 αὐτὸς
3100 2572 3435 2645 γῆ’καθάπερ
3451 2566 3749 2638 ἁγαθῂᾶρῖετι

650 2661 711 2707 ιιι
738 2668 891 2707 rosas
920 2654 1189 2724 quidem,
1249 2653 1707 2724 incorporearum
1742 2670 1930 2711 rerum
1978 2670 2198 2713 contem

2203 2685 2230 2696 ’-
2330 2666 2655 2737 αὐτομάτως
2711 2665 3032 2735 ἀναφέρειν,
3068 2664 3148 2729 ὼς
3188 2664 3285 2735 μὲν
3325 2662 3475 2733 ﬂia,
3502 2659 3579 2731 τὴν
3613 2656 3751 2724 θεωρεῖ

647 2746 987 2814 plationem;
1023 2756 1087 2801 ut
1114 2761 1250 2801 vero
1287 2746 1422 2811 lilia,
1455 2760 1754 2816 corporum
1805 2746 1967 2818 longe
2013 2747 2196 2803 lucida

2204 2762 2231 2803 8
2328 2758 2436 2813 τῶν
2474 2757 2784 2829 ἀσωμάτων
2817 2775 2832 2789 ·
2876 2756 2952 2820 ὠς
2981 2756 3040 2810 δὲ
3077 2756 3276 2827 κρίνα,
3308 2755 3401 2825 τὴν
3426 2750 3672 2822 τηλαύτειαν
3693 2743 3749 2794 τίη

648 2838 891 2892 rationes
915 2852 982 2891 ac
1006 2847 1349 2909 conceptus;
1378 2848 1439 2892 ut
1476 2837 1719 2908 denique
1747 2839 1926 2895 violas
1946 2880 1962 2906 ,
2007 2840 2197 2896 divino

2203 2870 2226 2881 ·
2331 2850 2604 2920 σωμάτων
2638 2867 2652 2883 ·
2691 2848 2768 2913 ὠς
2798 2847 2857 2902 δὲ
2890 2849 2968 2910 τα,
2995 2846 3060 2900 τὸ
3089 2846 3333 2901 ποικίλον
3372 2844 3469 2898 τῶν
3491 2841 3614 2898 θείων
3631 2836 3748 2909 xpun-

646 2945 768 2982 rum
789 2929 1129 3000 judiciorum
1161 2930 1370 2984 variam
1397 2944 1502 2986 nec
1529 2930 1719 2986 animo
1761 2930 1926 2987 facile
1970 2948 2194 3003 compre

1293 2946 1370 2984 am
1397 2944 1502 2986 nec
1529 2930 1719 2986 animo
1761 2930 1926 2987 facile
1970 2948 2226 3003 compre-
2253 2972 2301 3032 ο
2330 2957 2439 2995 των
2467 2938 2842 3011 δυσθεώρητον

579 3045 588 3056 ·
646 3021 873 3074 bensam
903 3021 1431 3076 considerationem.
2253 2996 2301 3032 ι’
2682 2996 2695 3010 ⁸
2734 2996 2747 3011 ⁸

716 3111 839 3165 185.
874 3111 1119 3167 Flamma
1145 3114 1395 3167 materiae
1415 3112 1621 3187 illigata
1645 3114 1789 3170 lucis
1811 3114 2057 3186 fulgores
2078 3130 2230 3186 spar-

2198 3133 2230 3158 ._
2403 3117 2551 3193 ρπγο,
2597 3119 2687 3173 Ἐν
2715 3116 2815 3189 ὕλῃ
2849 3116 2952 3187 μὲν
2990 3114 3353 3186 δεσμευθεϊσα
3380 3111 3526 3182 φλδξο
3553 3102 3747 3193 mg

641 3197 720 3266 git
755 3199 1017 3254 :animus
1063 3215 1199 3255 vero
1247 3216 1313 3256 ea
1348 3203 1566 3257 solutus
1623 3219 1689 3258 ac
1727 3205 1968 3260 terrenis
2021 3206 2168 3261 liber

2205 3247 2221 3272 9
2328 3191 2657 3268 καθίσταται
2689 3224 2702 3239 ο
2739 3208 2800 3272 ἐξ
2828 3206 2962 3279 ὐλης
2988 3206 3047 3259 δὲ
3073 3206 3301 3260 λυθεῖσα
3326 3203 3476 3275 ψυχὴ,
3504 3191 3744 3288 noema:

645 3291 757 3344 Deo
793 3289 1011 3345 amatus
1036 3290 1348 3360 plenusque
1388 3290 1714 3346 invenitur:
1751 3308 1818 3349 ac
1863 3293 1958 3347 illa
1997 3295 2194 3364 quidem

2195 3312 2226 3350 η
2331 3304 2603 3373 ρίσκεται.
2637 3298 2882 3370 Κάκείνη
2943 3297 3044 3368 μὲν
3093 3296 3347 3369 αἴρεσθαι
3376 3297 3577 3364 πέφυκεν
3596 3291 3744 3356 ἅχριτσδ

645 3381 715 3436 ad
744 3382 1051 3438 fomentum
1087 3398 1260 3453 usque
1289 3382 1471 3457 attolli
1494 3383 1700 3450 habet;
1736 3383 1829 3439 hic
1860 3400 1995 3439 vero
2033 3385 2105 3440 ad
2139 3385 2194 3441 di

2201 3416 2227 3427 -
2330 3391 2758 3463 ὑπεκκαύματος
2789 3407 2803 3420 ·
2836 3388 2978 3460 αὐτη
3026 3386 3109 3457 δὲ,
3145 3388 3308 3460 μέχρι
3344 3386 3430 3440 τοῦ
3458 3382 3570 3438 κατὰ
3588 3379 3649 3432 τὸν
3670 3375 3747 3427 θεῖα

650 3475 767 3529 vini
799 3490 976 3544 usque
1008 3474 1217 3530 amoris
1256 3474 1423 3531 ﬁnem
1457 3490 1523 3530 ac
1549 3475 2108 3533 consummationem.

1477 3491 1523 3530 te
1549 3475 2108 3533 consummationem.
2329 3486 2508 3559 ἔρωτα
2535 3482 3026 3553 συμπεράσματος.

718 3565 842 3619 184.
878 3564 982 3629 Qui
1015 3578 1073 3617 se
1093 3564 1339 3631 perfecte
1367 3563 1728 3632 abnegaverit
1746 3604 1761 3627 ,
1785 3565 2027 3631 animus,
2054 3580 2229 3637 seque

2199 3583 2229 3622 θ
2365 3555 2539 3648 -ρπδῖ
2584 3575 2655 3627 Ἠ
2693 3572 2917 3636 τελείως
2964 3572 3177 3643 ἑαυτὴν
3227 3568 3545 3644 ἀρνησαμένη
3570 3555 3748 3635 damni

646 3669 875 3724 prorsus
897 3654 1161 3717 orationi,
1202 3668 1265 3709 ea
1297 3654 1575 3719 sublimis,
1602 3654 1905 3721 addixerit,
1938 3656 2037 3726 qui
2066 3672 2195 3713 crea

2199 3689 2226 3700 "
2326 3668 2526 3732 όλικῶς
2549 3666 2875 3722 άνατεθείσα
2903 3664 3038 3735 πρὸς
3056 3664 3252 3736 εὐχὴν,
3267 3664 3401 3733 αὐτη
3415 3662 3499 3731 οὐχ
3516 3662 3584 3713 ὅτε
3600 3653 3747 3724 βούλευ

648 3757 773 3800 tura
798 3745 1053 3815 superior
1080 3745 1333 3811 exsistat,
1357 3760 1470 3800 non
1495 3746 1720 3815 quando
1748 3746 1887 3802 libet
1915 3746 1983 3803 ad
2018 3757 2197 3804 terrae

2196 3765 2224 3803 [Ι
2327 3762 2479 3817 κάτω
2521 3761 2756 3828 γίνεται,
2790 3755 2999 3812 ἄνωθεν
3055 3755 3420 3829 εὑρισκομένη
3464 3752 3542 3823 τῆς
3577 3746 3745 3802 κτίσεως·

646 3837 954 3903 descendit,
993 3837 1089 3895 sed
1121 3852 1249 3892 cum
1281 3837 1361 3891 illi
1381 3837 1592 3908 justum
1632 3853 1967 3909 aequumque
2013 3840 2193 3897 videbi

2198 3873 2224 3883 ·
2326 3853 2442 3908 ἀλλ’
2475 3853 2563 3906 ὅτε
2592 3850 2800 3904 δίκαιον
2840 3842 2984 3902 εἶναι
3016 3847 3193 3915 δόξει,
3221 3846 3297 3919 τῷ
3329 3847 3485 3901 πάντα
3521 3834 3680 3907 σταθμῷ
3697 3830 3746 3885 nl

648 3940 758 3995 tur,
796 3931 890 4000 qui
916 3930 1188 3984 humanas
1222 3944 1312 3984 res
1337 3944 1533 3985 omnes
1583 3931 1830 4000 pondere
1860 3940 1917 3987 et
1961 3948 2197 3990 mensur:

2330 3942 2513 4012 μέτρῳ
2539 3934 2843 4006 διεξάγοντι
2869 3936 2938 3989 τὰ
2967 3936 3242 4008 ἡμέτερα.

644 4023 892 4093 disponit
924 4037 989 4077 ac
1023 4022 1186 4092 regit.

718 4114 838 4168 185.
871 4112 975 4168 Ubi
1016 4111 1085 4166 ab
1134 4111 1355 4173 anima,
1410 4111 1601 4166 acedia
1646 4113 2006 4179 exsulaverit,
2043 4131 2224 4187 exque

2196 4131 2224 4171 θ
2399 4135 2539 4199 ρπε¹.
2575 4127 2747 4180 Ὅταν
2793 4124 2859 4177 ὲκ
2898 4121 3083 4192 ψυχῆς
3117 4123 3219 4195 μὲν
3246 4124 3279 4192 ἡ
3305 4118 3482 4190 ἀκηδία
3499 4104 3745 4177 ἀπελαθῖὲῖ

645 4204 817 4259 animi
866 4219 1031 4258 sensu
1078 4202 1328 4271 nequitia
1379 4217 1445 4257 ac
1494 4202 1655 4273 663
1700 4204 1944 4274 pravitas
1991 4221 2194 4261 excuss;

2195 4222 2221 4262 ³
2323 4219 2562 4282 διανοίας
2606 4217 2662 4271 δὲ
2690 4219 2723 4287 ἡ
2775 4215 3015 4286 πονηρία
3053 4215 3367 4284 ἑκτιναχθῇ,
3410 4210 3559 4264 τότεὸ
3587 4201 3670 4261 νοῦς
3694 4213 3744 4287 Τῖος

646 4291 846 4357 fuerit;
875 4299 1010 4347 tunc
1035 4306 1190 4345 mens
1215 4291 1571 4359 simplicitate
1602 4292 1754 4347 nuda
1803 4293 2026 4364 vitaque
2074 4295 2195 4351 inar

2210 4326 2223 4336 ’
2254 4307 2298 4361 Ῑ)
2331 4312 2465 4383 μνδς
2501 4278 2786 4378 γίνόμενος
2820 4278 3212 4377 ¹τῇάπλότητι,
3375 4318 3430 4354 τε
3457 4302 3513 4369 τῇ
3536 4293 3681 4363 ἀτέχνῳ
3697 4278 3747 4336 αἱ

647 4381 878 4437 tificiosa
906 4389 965 4436 et
998 4382 1209 4451 absque
1243 4381 1359 4434 ullo
1383 4381 1571 4450 probri
1606 4382 1988 4453 integumento
2016 4386 2196 4443 inanis

2194 4417 2226 4438 "
2323 4381 2449 4472 δίχα
2470 4400 2674 4462 παντὸς
2702 4398 2797 4451 τοῦ
2833 4398 2977 4451 κατὰ
3003 4396 3108 4468 τὴν
3140 4397 3396 4466 αἰσχύνην
3419 4385 3743 4472 ἐπικαλύμματηξ,

645 4488 752 4543 que
798 4471 987 4544 gloria:
1023 4471 1396 4537 vestimento,
1442 4472 1593 4527 canit
1653 4482 1711 4527 et
1780 4475 1896 4544 ipsa
1942 4476 2194 4532 canticum

2195 4494 2221 4532 η
2324 4466 2419 4549 καί.
2444 4494 2539 4547 τοῦ
2567 4491 2710 4547 κατὰ
2731 4490 2833 4561 τὴν
2872 4466 3150 4560 φανητίαν
3181 4488 3556 4561 προϐλήματος,
3578 4466 3744 4561 ᾆσμαξέ*

646 4581 849 4619 novum
908 4564 1067 4630 Deo;
1125 4564 1469 4633 pulsansque
1527 4565 1707 4620 melos
1747 4566 1803 4620 in
1853 4567 2195 4623 exsultationl

2194 4585 2224 4625 θ
2323 4587 2441 4652 ᾅδει
2466 4586 2561 4639 καὶ
2583 4579 2739 4646 οὗτος
2767 4557 2957 4636 καινὸν
3093 4557 3262 4652 Θεῷλ
3292 4573 3569 4647 εὐχαριστεῖ
3595 4567 3634 4619 δὲ

642 4655 849 4725 gratias
884 4655 1034 4723 agit,
1083 4654 1235 4723 quod
1276 4652 1478 4709 futurae
1521 4655 1651 4711 vita
1677 4656 1923 4712 encaenia
1953 4667 2191 4729 occupat

2193 4676 2222 4715 ³
2323 4644 2768 4747 άνακρουόμενος
2798 4673 2855 4725 ὲν
2886 4644 3238 4746 εὐφροσύνη,
3266 4644 3461 4741 τῷ-τῆς
3486 4644 3742 4736 patintia“?ﬁ

643 4744 835 4800 lmtitia
869 4745 1131 4798 celebret.

2322 4744 2580 4834 ἐγκαίνια
2610 4761 3003 4833 προεορτάζειν
3036 4744 3302 4832 βιώσεως.
3719 4825 3729 4836 ι

716 4853 835 4910 186.
883 4853 1023 4909 Cum
1069 4852 1377 4909 diviniores
1419 4854 1686 4925 quosdam
1736 4854 1954 4912 afﬂatus
2001 4858 2221 4915 animus

2193 4873 2221 4915 ε
2396 4854 2557 4927 ρπς’.
2590 4856 2764 4910 Ὅταν
2808 4853 2961 4917 τινας
3002 4852 3288 4924 θειοτέρας
3337 4844 3577 4919 ἐνεργείας
3602 4837 3740 4927 “mg:

639 4962 807 5004 orans
837 4948 1186 5019 persentire,
1228 4946 1410 5017 iisque
1459 4948 1547 5019 agi
1600 4949 1854 5017 coeperit,
1899 4958 2016 5005 tum
2067 4951 2188 5006 velu

2189 4961 2251 5006 η’
2320 4915 2445 5003 σθαι
2481 4915 2719 5020 άρξηται
2755 4951 2788 5019 ὴ
2816 4915 3088 5018 εὐχομένη
3117 4915 3287 5016 ψυχὴ,
3309 4915 3531 4996 τότενκαὶ
3560 4915 3738 5020 sitqui

636 5014 991 5097 Canticorum
1027 5038 1260 5108 Sponsa,
1296 5014 1428 5094 talia
1454 5014 1520 5096 et
1541 5040 1659 5109 ipse
1684 5014 1752 5093 ad
1787 5040 2008 5095 sodales
2030 5051 2089 5097 et
2120 5057 2185 5113 qu

2189 5044 2217 5098 li
2316 5041 2417 5111 τὴν
2469 5014 2536 5093 ὲν.
2559 5014 2807 5110 ’ᾼσμασι
2837 5014 3099 5108 Νύμφην,
3354 5030 3447 5093 τὰς
3489 5014 3738 5113 δμαθτξό

637 5133 756 5205 pari
787 5148 1001 5187 morum
1027 5132 1179 5184 cultu
1214 5131 1585 5196 delectentur,
1619 5132 1879 5197 succinit,
1921 5131 2186 5188 Fraterntt

2190 5152 2215 5189 ε
2320 5109 2549 5186 τοιαῦτα
2572 5109 2846 5199 ὑποφωνεί
2874 5147 2888 5161 ⁸
2929 5126 3281 5197 Ἀδελεριδός
3303 5140 3415 5193 μου

638 5241 782 5280 metu
841 5226 979 5279 misit
1034 5240 1254 5277 manum
1298 5240 1454 5277 suam
1502 5239 1595 5293 per
1648 5222 1910 5293 foramen,
1951 5232 2000 5276 et
2039 5234 2186 5278 vente

2183 5241 2217 5278 ’ν
2320 5221 2497 5293 χεῖρα
2539 5220 2725 5276 αὑτοῦ
2781 5221 2900 5276 ἀπὸ
2955 5219 3068 5289 τῆς
3128 5200 3732 5287 ὀπῆς,καιήκα.ιίαρα

635 5334 780 5396 meus
807 5317 1080 5371 intremuit
1110 5332 1270 5386 super
1299 5332 1421 5370 eum
1447 5315 1514 5368 “.

2318 5313 2574 5384 ἐθροήθη
2595 5313 2689 5365 ἐπ’
2710 5313 2916 5367 αὐτόν.
3580 5388 3593 5396 _
3675 5370 3700 5396 Δ

708 5382 831 5463 1έ7.
870 5407 1008 5464 Cum
1045 5408 1206 5464 miles
1237 5421 1500 5463 reversus
1524 5422 1555 5463 e
1585 5406 1799 5478 prtelio,
1829 5423 1996 5478 grave
2028 5422 2212 5463 armo-

2188 5440 2212 5450 -
2358 5367 2536 5476 Ἰρπξ.
2559 5367 2685 5458 ’Καὶ
2717 5404 3058 5476 στρατιώτης
3095 5404 3164 5459 ὲκ
3193 5401 3284 5457 τοῦ
3331 5396 3543 5467 πολέμου
3579 5367 3737 5439 ξυνῶ

702 5587 750 5620 ⁸⁸
781 5587 959 5644 Exod.
992 5603 1083 5657 xv,
1109 5586 1197 5643 20.
1226 5654 1237 5661 ,
1277 5588 1323 5621 “
1354 5586 1512 5644 Cant.
1542 5602 1597 5653 v,
1631 5586 1683 5641 4.
