3922 6348
210 140 330 205 1115

1357 141 1535 201 ALIA
1572 140 1675 201 EX
1713 134 1954 200 VATIC.
1996 142 2282 205 CAPITA.

3319 158 3453 221 1116

207 270 312 316 σας,
336 254 397 306 τὸ
426 251 593 324 βάρος
634 254 743 306 τῶν
778 253 959 308 ὅπλων
982 252 1423 317 ἀποσκευάζεται
1459 269 1472 282 ·
1506 255 1602 306 καὶ
1628 269 1769 322 πρα-

1894 271 1995 309 ἰιῐιι
2030 258 2245 327 pondus
2269 261 2427 329 ponit
2457 279 2470 327 ;
2511 271 2626 316 tum
2660 263 2875 319 activus
2897 265 3067 319 animi
3105 266 3351 322 rationes
3409 280 3462 325 et

203 345 373 408 κτικὸς
402 346 529 409 τοὺς
557 346 877 416 λογισμοὺς,
914 347 992 409 είς
1021 345 1260 416 Θεωρίαν
1290 345 1587 415 ἐρχόμενος
1608 360 1620 373 ·
1642 344 1766 396 οὕτε

202 436 297 506 γὰρ
325 438 534 501 ἐκεῖνος
555 441 603 491 εί
632 438 708 508 μὴ
738 440 796 493 ἐν
822 438 1044 517 πολέμῳ
1070 438 1262 511 χρείαν
1289 437 1403 508 ἔχει
1423 436 1534 491 τῶν
1564 435 1764 501 ὃπλων,

200 527 309 581 οὔτε
340 521 429 583 οῦτ
442 546 494 592 ος
516 530 625 583 τῶν
658 530 956 600 λογισμῶν.

265 715 406 780 ρπη’.
447 710 509 762 Οἱ
550 710 648 779 μὲν
701 712 1002 780 πρακτικοὶ
1039 712 1113 775 ὡς
1153 712 1335 783 ἔχουσι
1380 712 1582 776 θέσεως
1634 713 1770 767 θεω-

200 800 342 872 ροῦσι
371 801 441 854 τὰ
471 802 703 872 σώματα
732 818 745 832 ⁸
790 805 839 856 οί
862 803 919 856 δὲ
964 803 1313 875 θεωρητικοὶ,
1340 804 1416 869 ὡς
1446 804 1631 874 ἔχουσι
1665 804 1767 875 φύ-

1872 349 2271 417 cogitationes,
2320 367 2445 407 cum
2495 354 2562 407 ad
2611 356 3141 425 contemplationem
3195 354 3451 414 venerit:

1872 456 2002 495 nam
2041 457 2223 513 neque
2254 444 2369 510 ille,
2404 457 2771 516 praeterquam
2812 448 2868 501 in
2902 449 3076 514 bello,
3116 451 3285 505 armis
3316 466 3458 520 opus

1873 531 2063 598 habet,
2100 550 2282 606 neque
2313 537 2419 595 iste
2472 539 2643 594 animi
2693 541 3007 597 rationibus
3051 558 3116 597 ac
3163 543 3456 613 cogitatio-

1870 625 2054 681 nibus.
3330 644 3340 657 ‘

1948 718 2072 772 188.
2096 719 2300 786 Activi,
2324 737 2558 792 corpora
2583 740 2684 795 pro
2711 741 2905 780 eorum
2931 728 3039 780 situ
3072 727 3453 793 considerant;

1876 811 2294 880 contemplativi
2330 822 2540 880 autem,
2566 830 2667 885 pro
2702 831 2895 870 eorum
2926 825 3126 871 natura
3145 826 3202 871 et
3233 818 3451 871 indole:

201 910 325 956 osa);
356 910 368 923 ’
405 894 557 964 μόνοι
599 895 655 948 δὲ
694 897 824 959 τοὺς
864 895 1056 965 λόγους
1092 897 1421 968 ἀμφοτέρων
1467 897 1668 969 ὁρῶσιν
1720 898 1769 951 ot

1894 901 1970 955 Loli
2006 902 2227 957 demum
2252 906 2484 975 gnostici
2518 907 2592 977 (id
2624 917 2730 973 est,
2756 908 3035 977 sapientes
3064 925 3127 962 ac
3155 909 3456 978 spiritales)

198 988 495 1052 γνωστικοί.

214 1068 217 1073 ’
266 1079 403 1149 ρπθ’.
452 1081 543 1133 Ἐν
606 1082 707 1152 μὲν
758 1086 870 1146 τοῖς
923 1083 1108 1152 λόγοις
1144 1085 1253 1137 τῶν
1282 1085 1569 1155 σωμάτων,
1605 1084 1771 1152 γινώ-

1874 992 2101 1048 illorum
2133 998 2344 1067 pariter
2370 998 2683 1070 horumque
2717 1001 2969 1055 rationes
2990 999 3203 1055 vident.

1945 1087 2066 1141 189.
2100 1088 2161 1142 In
2190 1103 2487 1160 corporum
2544 1092 2858 1147 rationibus
2909 1102 3327 1163 cognoscuntur
3372 1095 3458 1148 in-

186 1186 408 1241 ησκονται
459 1172 528 1224 τὰ
583 1172 890 1243 ἀσώματα·
923 1176 983 1227 ἐν
1035 1176 1351 1245 ἀσωμάτοις
1408 1176 1486 1238 δὲ,
1533 1176 1692 1244 λόγος
1742 1176 1769 1228 ό

1894 1195 2192 1259 :orporea;_
2230 1182 2287 1237 in
2365 1184 2712 1256 incorporeis
2770 1202 2905 1241 vero
2972 1187 3456 1256 superessentialis

176 1260 534 1339 ﬁnepou'otog,
565 1265 701 1334 πρὸς
745 1265 804 1318 ὃν
843 1266 1123 1335 ἐπείγεται
1157 1269 1307 1321 πᾶσα
1347 1266 1611 1320 σπουδαία
1637 1269 1769 1321 ἀνα·

1894 1289 2074 1340 ιθτιιιο,
2111 1275 2178 1329 ad
2214 1291 2381 1346 quem
2419 1278 2706 1334 studiosus
2732 1279 2916 1333 omnis
2958 1279 3180 1334 animus
3229 1278 3455 1334 festinat

197 1352 350 1406 λῦσαι
383 1354 551 1426 ψυχή.

266 1450 367 1516 ph.’
400 1448 464 1500 Oi
493 1448 642 1515 λόγοι
664 1449 773 1502 τῶν
805 1451 1099 1521 σωμάτων,
1132 1453 1205 1516 ὡς
1236 1452 1370 1505 όστᾶ
1398 1455 1506 1506 εἱσι
1548 1457 1660 1518 τοῖς
1686 1455 1767 1506 αἱ·

1872 1363 2130 1417 evadere.

1945 1453 2066 1508 190.
2115 1454 2425 1526 Corporum
2473 1458 2720 1513 rationes
2749 1458 2903 1512 velut
2956 1473 3081 1513 ossa
3120 1466 3289 1522 sunt,
3345 1457 3457 1513 illis

200 1537 408 1609 σθητοῖς
438 1541 972 1614 ἐπικαλυπτόμενοι,
1004 1544 1098 1609 οὓς
1127 1546 1211 1618 ἴδῃ
1257 1547 1437 1610 οὐδεὶς
1459 1587 1472 1612 ,
1500 1548 1609 1600 τῶν
1666 1546 1769 1612 ἔξω

1894 1546 2139 1617 idoperta
2165 1564 2288 1617 qua:
2324 1548 2380 1602 in
2415 1563 2639 1603 sensum
2670 1549 2877 1603 cadunt
2909 1568 2920 1601 :
2955 1549 3055 1602 has
3087 1564 3250 1602 nemo
3290 1550 3440 1604 vide-

202 1630 271 1699 μὴ
300 1632 610 1702 γενομένων
640 1633 741 1703 τῆς
776 1636 1158 1705 προσπαθείας
1179 1638 1287 1691 τῶν
1314 1638 1614 1709 αἰσθητῶν.

267 1809 406 1878 pila}.
455 1810 801 1864 Ἀποτίθεται
832 1810 926 1863 καὶ
950 1809 1290 1883 στρατιώτης
1312 1811 1380 1865 τά
1410 1811 1571 1873 ὅπλα,
1605 1829 1773 1865 κατα-

197 1901 379 1970 λείψας
412 1902 501 1954 τὸν
535 1902 795 1972 πόλεμον·
827 1905 921 1958 καὶ
945 1905 1277 1976 Θεωρητικὸς
1304 1905 1432 1969 τοὺς
1452 1904 1769 1975 λογισμοὺς,

197 1994 438 2047 ἀναλύων
470 1995 607 2065 πρὸς
641 1998 866 2067 Κύριον.

269 2087 402 2156 ριπβκ
432 2088 539 2141 Καὶ
573 2089 875 2159 στρατηγὸς
903 2090 961 2142 ὲν
984 2088 1207 2160 πολέμῳ
1230 2089 1441 2143 σκύλων
1465 2090 1771 2162 διαμαρτά-

198 2196 318 2241 νων,
352 2182 407 2232 ὲν
438 2180 646 2251 ἀθυμίᾳ
681 2181 1004 2235 καθίσταται
1030 2197 1043 2211 °
1067 2184 1162 2235 καὶ
1200 2183 1505 2252 πρακτικὸς
1536 2184 1592 2235 ὲν
1613 2182 1769 2252 εὐχῇ,

196 2268 425 2341 Θεωρίας
460 2272 857 2343 πνευματικῆς.

281 2369 423 2435 ρὴγα
458 2364 698 2434 Ἔλαφος
733 2367 831 2436 μὲν
853 2368 946 2419 ἐπὶ
985 2368 1313 2438 σωματικῶν
1345 2368 1555 2422 ὑδάτων
1586 2368 1769 2439 τρέχει
1834 2423 1859 2446 ,η

1873 2478 1994 2516 rum
2025 2462 2203 2516 currit
2234 2461 2301 2526 ⁸⁷,
2349 2477 2379 2515 a
2408 2468 2666 2530 serpente
2709 2460 2887 2514 bestia
2918 2474 3138 2514 morsus
3172 2476 3183 2511 :
3237 2459 3458 2514 animus

196 2462 396 2531 πηγὰς,
439 2461 544 2514 ὑπὸ
581 2460 801 2533 [ὄφεως]
840 2461 1004 2533 θηρὸς
1037 2462 1113 2526 ὡς
1168 2464 1196 2515 ὁ
1244 2462 1465 2534 δηχθείς
1506 2463 1591 2534 (θ’
1623 2462 1771 2533 ψυχὴ

192 2552 272 2617 δὲ,
312 2554 345 2622 ἡ
372 2551 450 2622 τῷ
480 2552 805 2624 γλυκυτάτῳ
837 2553 982 2624 βέλει
1012 2553 1290 2624 τρωθεῖσα
1316 2553 1393 2623 τῷ
1435 2557 1534 2624 τῆς
1578 2554 1766 2623 εὐχῆς,

193 2646 286 2696 ἐπὶ
308 2644 613 2714 ἀσωμάτων
648 2644 842 2713 αὐγάς.

266 2735 399 2807 ριιδσ.
433 2735 571 2788 Οὔτε
619 2735 935 2806 σωματικὸς
976 2735 1254 2807 ὀφθαλμὸς
1300 2736 1392 2789 τὸν
1425 2736 1625 2790 κόκκον
1673 2735 1768 2790 τοῦ

191 2827 343 2879 σίτου
373 2828 502 2880 ἰδεῖν
539 2827 782 2892 δύναται,
823 2826 948 2881 οὔτε
980 2827 1112 2891 νοῦς
1133 2828 1438 2898 πρακτικὸς
1474 2829 1575 2900 τὴν
1609 2828 1771 2899 φύσιν

1876 1640 1967 1704 rit,
1994 1640 2129 1709 quin
2157 1655 2189 1693 a
2219 1656 2401 1695 rerum
2433 1640 2709 1710 ejusmodi
2738 1640 2971 1695 libidine
3004 1640 3322 1710 atfectuque
3351 1656 3453 1695 ex-

1874 1730 2133 1785 cesserit.
3336 1786 3343 1795 κ

1946 1821 2068 1877 191.
2102 1821 2242 1875 Tum
2288 1824 2448 1877 miles
2495 1823 2689 1878 relicta
2728 1822 2926 1876 militia
2951 1838 3103 1876 arma
3133 1821 3315 1891 ponit,
3340 1828 3454 1874 tum

1874 1913 2337 1982 contemplativus
2366 1914 2612 1969 rationes
2653 1929 2718 1969 ac
2772 1914 3158 1984 cogitationes,
3211 1913 3344 1967 dum
3386 1912 3456 1966 ad

1873 2004 2170 2059 Dominum
2203 2005 2389 2060 solvit.

1946 2095 2066 2150 192.
2099 2096 2238 2150 Tum
2271 2096 2574 2165 imperator
2621 2096 2676 2150 in
2703 2095 2849 2150 bello
2884 2094 3184 2149 frustratus
3216 2096 3408 2165 spoliis
3437 2135 3452 2158 ,

1873 2197 2102 2253 moeret;
2138 2196 2254 2241 tum
2280 2188 2496 2242 aetivus
2532 2189 2588 2242 in
2630 2188 2881 2242 oratione
2919 2187 3070 2241 haud
3124 2187 3241 2256 ipse
3288 2186 3456 2257 spiri-

1876 2279 1999 2332 talis
2032 2295 2258 2348 compos
2281 2278 2789 2347 contemplationis.

1946 2371 2065 2425 195.
2090 2370 2305 2425 Cervus
2327 2369 2554 2438 quidem
2586 2369 2654 2422 ad
2678 2367 3051 2438 corporalium
3077 2367 3260 2422 fontes
3290 2382 3459 2437 aqua-

1871 2568 2007 2607 vero
2043 2552 2364 2607 dulcissimo
2395 2553 2617 2607 saucius
2647 2551 3142 2622 orationisjaculo,
3178 2550 3247 2605 ad
3284 2551 3451 2621 spiri-

1877 2652 2031 2698 tuum
2064 2644 2390 2714 splendores
2420 2644 2728 2699 contendit.

1944 2735 2067 2788 194.
2096 2735 2211 2789 Nec
2246 2735 2557 2805 corporalis
2603 2735 2799 2789 oculus
2828 2749 3059 2804 granum
3094 2734 3308 2797 tritici;
3354 2750 3459 2789 nec

1875 2825 2040 2879 activi
2071 2840 2227 2880 mens
2257 2842 2412 2880 suam
2444 2826 2562 2894 ipsa
2600 2826 2842 2879 indolem
2874 2825 3063 2879 videre
3109 2832 3314 2894 potest,
3341 2825 3455 2879 nisi

186 2919 289 2989 τὴν
318 2919 539 2985 ἑαυτοῦ,
569 2921 619 2972 εί
676 2921 749 2991 μὴ
802 2920 1087 2990 γυμνωθῇ,
1120 2922 1329 2984 ἐκεῖνος
1361 2921 1483 2991 μὲν,
1516 2920 1763 2993 ὲλύτρου,

1896 2919 1967 2974 ile
2000 2919 2225 2988 quidem
2283 2919 2605 2973 membrana
2635 2936 2649 2985 ;
2699 2919 2789 2973 hic
2824 2933 2977 2984 vero,
3029 2918 3260 2973 libidine
3294 2919 3453 2973 obte-

186 3003 343 3075 οῦτος
373 3012 452 3078 δὲ,
486 3011 725 3081 σχέσεως
746 3011 846 3081 τῆς
878 3010 1396 3083 περικαλυπτούσης
1427 3013 1610 3068 αὐτόν.

264 3124 399 3189 ριιέ.
436 3120 795 3192 Κρύπτονται
846 3120 1078 3194 ἀστέρες
1128 3124 1249 3194 μὲν,
1290 3123 1443 3194 ἡλίου
1485 3122 1761 3195 ἀνατολῇ·

184 3211 439 3280 λογισμοὶ
466 3210 522 3263 δὲ
559 3210 983 3279 ὲκλιμπάνουσι,
1006 3211 1102 3265 τοῦ
1135 3212 1227 3266 νοῦ
1252 3211 1393 3285 πρὸς
1426 3212 1527 3282 τὴν
1558 3213 1769 3268 οἰκείαν

188 3300 465 3372 βασιλείαν
495 3301 1024 3372 ὲπαναστρέφοντος.

260 3420 410 3487 ριις’.
439 3414 596 3469 Μετά
650 3414 710 3468 τὸ
743 3415 898 3480 τέλος
926 3416 1029 3486 τῆς
1060 3418 1395 3489 πρακτικῆς,
1421 3420 1479 3471 αἱ
1512 3436 1770 3490 ίπνευμα-

184 3507 337 3559 τικαὶ
375 3506 600 3576 θεωρίαι
630 3505 1013 3577 περιχυθεῖσαι
1036 3506 1115 3577 τῷ
1144 3508 1243 3577 νῷ,
1285 3505 1373 3561 οἷά
1419 3526 1567 3571 τινες
1608 3511 1764 3563 ἀκτῖ-

184 3615 277 3661 νες
305 3591 457 3669 ⁴ἡλίου
493 3600 550 3651 αἱ
590 3596 685 3651 τοῦ
736 3596 1014 3671 ὁρίζοντος
1063 3596 1474 3667 ὑπερκύψασαι,
1521 3597 1769 3651 δοκοῦσιν

184 3690 389 3755 ἔξωθεν
412 3689 581 3743 αὐτοῦ
614 3688 997 3761 προσϐάλλειν,
1033 3680 1261 3759 οἱκείαικ
1295 3684 1475 3754 οὖσαι,
1534 3689 1629 3742 καὶ
1680 3688 1769 3741 διὰ

191 3780 541 3853 καθαρότητα
562 3782 767 3836 ἐκεῖνον
788 3780 1316 3852 περιπτυσσόμεναι.

260 3978 399 4050 ριιζν.
425 3978 664 4033 Τοιαῦτα
711 3979 806 4031 καὶ
866 3976 991 4041 νοῦς
1028 3976 1364 4049 θεωρητικὸς
1407 3975 1657 4031 ὲκλαλεῖν
1682 3976 1770 4031 δύ·

180 4088 368 4136 ναται,
400 4071 489 4122 ὅτε
548 4070 759 4124 ἄνωθεν
811 4070 907 4123 ἀπ’
962 4066 1197 4140 οὐρανοῦ
1259 4068 1495 4139 καταϐῇ,
1554 4070 1770 4138 φύσεως

179 4161 458 4229 ἀνάγκαις
489 4161 791 4224 ὲπικλιθείς
822 4178 836 4191 ·
873 4156 962 4215 οἷα
987 4159 1084 4214 καὶ
1113 4162 1142 4213 ό
1177 4159 1586 4232 φθεγξάμενος·
1611 4160 1767 4214 Θείου

1870 3018 2030 3082 gente
2062 3011 2303 3065 nudatus
2332 3010 2524 3065 fuerit.

1935 3123 2056 3183 195.
2088 3121 2465 3178 Obnubuntur
2516 3122 2688 3177 stellae
2741 3130 2868 3176 ortu
2904 3123 3041 3177 solis
3074 3141 3085 3175 :
3115 3131 3448 3193 cessantque

1870 3214 2235 3285 cogitationes
2258 3254 2273 3279 ,
2314 3224 2502 3269 mente
2537 3215 2605 3269 ad
2638 3230 2802 3270 suum
2841 3230 3072 3285 regnum
3114 3224 3453 3270 revertente.

1941 3412 2057 3469 196.
2082 3411 2388 3468 Actionein
2414 3410 2580 3466 ﬁnem
2609 3422 2891 3483 provecta,
2918 3413 3267 3469 circumfusae
3292 3414 3458 3486 665.

1869 3504 2039 3560 menti
2070 3504 2349 3574 spiritales
2366 3506 2893 3574 contemplationes,
2918 3506 3072 3560 velut
3101 3507 3309 3561 solares
3334 3507 3458 3576 qui-

1867 3596 1992 3649 dam
2029 3595 2166 3649 radii
2194 3594 2262 3649 ab
2297 3595 2588 3649 horizonte
2641 3596 3022 3665 promicantcs
3044 3638 3057 3662 ,
3106 3599 3456 3653 extrinsecus

1866 3686 1917 3741 ei
1950 3685 2213 3739 advenire
2244 3683 2507 3738 videntur
2529 3726 2543 3750 ,
2594 3701 2719 3739 cum
2753 3689 2875 3755 ejus
2920 3688 3178 3755 propriae,
3215 3706 3299 3753 ac,
3347 3708 3455 3760 qua

1867 3776 2042 3846 fulget
2070 3772 2366 3837 munditia,
2403 3772 2864 3843 illigcoliaarentes
2891 3776 3005 3831 sint
3049 3792 3114 3831 ac
3162 3780 3317 3832 velut
3363 3797 3457 3835 co~

1868 3870 2032 3924 alitm.

1939 3986 2061 4040 197.
2109 3984 2263 4039 Talia
2324 3999 2548 4054 quoque
2596 3998 2755 4037 mens
2799 3982 3268 4051 contemplatione
3325 3985 3453 4041 nixa

1870 4075 2054 4145 eloqui
2088 4083 2289 4144 potest,
2315 4089 2440 4127 cum
2466 4071 2943 4140 naturaequadam
2968 4073 3303 4127 necessitate
3332 4090 3456 4128 ver-

1870 4184 2023 4239 gens,
2054 4182 2083 4221 e
2108 4166 2262 4220 cmlis
2297 4181 2539 4235 superne
2565 4163 2939 4226 descenderit,
2977 4164 3164 4231 qualia
3205 4173 3260 4218 et
3302 4166 3454 4219 locu-

177 4256 417 4320 κάλλους
444 4257 496 4308 τί
527 4256 764 4327 ὑπάρχει
794 4255 1247 4327 θαυμασιώτερον
1274 4273 1289 4323 ;
1322 4256 1417 4310 καὶ
1460 4255 1545 4319 τίς
1589 4254 1768 4309 ἔννοια

1900 4273 1963 4311 us
1983 4264 2089 4321 est,
2115 4256 2210 4324 qui
2228 4254 2305 4308 ait
2330 4273 2340 4307 :
2365 4253 2638 4320 Quidnam
2664 4251 2855 4306 divino
2885 4250 3196 4305 mirabilius
3220 4252 3453 4308 decore?

175 4349 280 4419 τῆς
302 4350 399 4403 τοῦ
425 4349 561 4402 Θεοῦ
589 4349 1078 4420 μεγαλοπρεπείας
1103 4349 1435 4419 χαριεστέρα
1464 4364 1478 4413 ;
1520 4348 1678 4409 Ποῖος
1708 4346 1765 4399 δὲ

175 4436 328 4490 οὕτω
374 4438 539 4502 πόθος
587 4439 787 4512 δριμὺς
827 4438 920 4491 καὶ
974 4439 1269 4510 ἀφόρητος,
1296 4439 1371 4502 ὡς
1409 4440 1436 4491 ό
1478 4438 1588 4491 ἀπὸ
1628 4437 1765 4491 Θεοῦ

174 4530 535 4600 ὲγγινόμενος
591 4533 657 4602 τῇ
709 4531 817 4585 ἀπὸ
864 4531 1047 4601 πάσης
1105 4531 1305 4594 κακίας
1371 4528 1764 4602 κεκαθαρμένη

170 4620 349 4690 ψυχῇ,
387 4621 482 4673 καὶ
533 4621 640 4674 ἀπὸ
674 4621 969 4686 διαθέσεως
1015 4621 1285 4693 λεγούσῃ,
1316 4622 1399 4675 ὅτι
1433 4621 1768 4692 Τετρωμένη

170 4713 423 4782 ἀγάπης
444 4713 561 4783 ἐγώ
584 4730 604 4778 ;

252 4830 402 4896 plm'.
443 4827 685 4881 Ἐκείνου
737 4827 885 4882 ἐστὶν
938 4826 1000 4880 τὸ
1043 4826 1223 4897 λέγειν
1256 4843 1270 4858 ⁸
1317 4827 1684 4896 Ἐθερμάνθη
1725 4827 1764 4894 ’ἡ

168 4919 400 4988 καρδία
417 4937 537 4989 μου
577 4920 749 4985 ἐντός
794 4939 935 4986 μου,
984 4921 1082 4977 καὶ
1130 4921 1201 4974 ἐν
1242 4918 1321 4989 τῇ
1370 4920 1602 4990 μελέτῃ
1646 4937 1768 4990 μου

248 5098 296 5128 ⁶⁷
334 5098 477 5152 Psal.
515 5114 623 5162 xu,
658 5098 709 5151 1.

250 5252 493 5327 (0')”.16
534 5254 835 5327 017pt59d)(:
872 5255 905 5305 ό
933 5251 1219 5327 μδηχθείς.
1258 5249 1452 5327 __Quin_
1492 5247 1767 5327 scriptam

164 5316 879 5393 siNMaxirnoJ—no'enobg
930 5316 1129 5389 δφέὼς,
1178 5316 1367 5393 nullus
1422 5316 1640 5393 dubito.
1676 5316 1765 5372 Sic

162 5396 327 5449 enim
372 5394 540 5464 θῆρες
597 5402 653 5448 et
702 5389 869 5464 θηρία
934 5393 1131 5463 (bestiae
1181 5390 1423 5464 scilicet)
1490 5389 1764 5464 dicuntur

161 5458 481 5536 Scriptura:
509 5464 717 5536 phrasi,
736 5458 1077 5532 quaecunque
1111 5461 1370 5536 animalia
1386 5458 1581 5536 noxia,
1596 5458 1760 5512 etiam

159 5552 257 5597 ea,
292 5530 431 5605 quae
475 5530 639 5605 vulgo
682 5530 893 5605 insecta
941 5547 1231 5605 vocamus1
1274 5530 1583 5605 cujusmodi
1629 5537 1761 5605 sunt

159 5599 499 5675 serpentes:
558 5599 639 5661 uti
694 5603 862 5659 etiam
923 5601 1138 5656 notavit
1196 5599 1351 5670 Orig.
1381 5601 1438 5654 in
1482 5599 1760 5661 excerptis

1872 4349 2003 4416 Quae
2059 4362 2193 4402 vero
2240 4345 2520 4416 cogitatio,
2573 4360 2739 4415 quam
2783 4342 2985 4397 divina:
3027 4342 3453 4413 magniﬁcentiae

1872 4441 2129 4513 gratior?
2178 4440 2312 4506 Quis
2339 4440 2420 4494 sic
2457 4437 2601 4493 acris
2627 4452 2691 4491 ac
2742 4436 3112 4505 importabilis
3147 4452 3304 4490 amor
3328 4478 3341 4499 ,
3389 4454 3454 4492 ac

1873 4535 1969 4605 qui
2002 4535 2057 4589 in
2093 4533 2276 4587 anima
2310 4531 2526 4586 cunctis
2566 4529 2720 4583 vitiis
2752 4528 3061 4598 depurgata
3110 4543 3140 4581 a
3184 4528 3297 4582 Deo
3333 4528 3456 4599 inji-

1872 4626 2039 4689 citur,
2069 4641 2303 4696 quaeque
2324 4640 2392 4680 ex
2415 4622 2617 4685 aﬂectu
2646 4622 2794 4677 dicat
2825 4638 2839 4675 :
2877 4620 3171 4675 Vulnerata
3192 4622 3457 4676 clmritale

1870 4733 1965 4788 ego
1992 4733 2110 4769 sum
2140 4715 2229 4768 '3?

1942 4828 2065 4885 198.
2092 4828 2243 4884 Illius
2269 4836 2355 4883 est
2379 4837 2439 4882 ut
2467 4826 2615 4881 dicat
2646 4844 2659 4879 :
2688 4824 2969 4881 Concaluit
3002 4842 3092 4879 cor
3117 4840 3291 4878 meum
3309 4826 3452 4879 intra

1870 4937 1974 4986 me,
2008 4928 2059 4974 et
2089 4921 2145 4973 in
2176 4918 2517 4973 meditatione
2544 4934 2663 4971 mea
2695 4916 2999 4971 exardescet
3056 4916 3197 4985 ignis
3234 4915 3278 4945 ‘9
3300 4954 3314 4977 ,
3361 4915 3454 4984 qui

791 5096 835 5127 ⁸⁸
868 5094 1029 5152 Cant.
1064 5112 1124 5163 ιι,
1153 5095 1221 5163 5;
1260 5112 1313 5160 v,
1341 5095 1394 5150 8.
1472 5094 1517 5126 ⁶⁹
1551 5094 1694 5150 Psal.
1722 5109 1945 5157 xxxviii,
1975 5092 2027 5146 ι.
2080 5084 2085 5088 ’

1912 5247 2251 5322 uae‘exstant
2284 5240 2648 5322 in-Genesim,
2705 5249 2945 5322 spntque
2994 5254 3022 5292 a
3066 5237 3453 5322 mencoileeta.

1871 5260 1994 5366 211$
2031 5260 2251 5295 exsrant
2285 5260 2339 5295 In
2369 5260 2648 5304 beneSlm,
2705 5260 2945 5322 suntque
2994 5260 3022 5292 a
3067 5260 3153 5319 illc
3200 5260 3452 5294 conc-cia.

1872 5348 1893 5367 ι
1916 5314 1966 5368 ic
1998 5314 2377 5381 Actmxvmd,
2407 5311 2475 5366 de
2499 5312 2691 5381 vipera
2716 5311 2867 5364 Pauli
2900 5308 3452 5381 manuradbaarente,

1881 5384 1977 5446 Ὠς
2008 5382 2065 5434 δὲ
2098 5379 2233 5436 εἶδον
2281 5385 2327 5435 οἱ
2364 5378 2628 5452 βάρϐαροι
2682 5382 3030 5452 κρεμάμενον
3063 5379 3122 5432 τὸ
3157 5378 3359 5452 θηρίον
3390 5380 3453 5452 ἐκ

1866 5459 1965 5525 τῆς
1989 5454 2169 5523 χειρὸς
2200 5450 2387 5520 αὑτοῦ,
2425 5451 2490 5508 Ut
2525 5450 2767 5507 viderunt
2798 5451 3113 5522 pendentem
3148 5450 3371 5503 bestiam
3388 5450 3452 5505 da

1868 5542 2031 5581 manu
2063 5541 2197 5594 ejus.
