3922 6348
154 181 322 248 ι449

1357 189 1530 248 ALIA
1574 188 1675 248 EX
1713 186 1953 250 VATIC.
1994 190 2212 250 CAPIT
2218 194 2282 250 Α.

3321 194 3458 259 1450

151 290 485 363 παράδεισε
513 289 725 361 Πατρός
750 304 866 343 σου.
894 290 1086 354 Ἄνθος
1113 289 1204 344 τοῦ
1236 293 1443 359 πεδίου,
1471 294 1566 349 καὶ
1590 294 1769 363 κέδροι

1882 313 1963 351 sua
2003 297 2175 366 factus
2204 298 2372 357 est".
2416 297 2650 368 Sponse,
2696 298 2949 369 paradise
2984 301 3164 359 Patris
3203 304 3283 359 tui
3322 307 3461 363 :ilos

153 380 379 445 αὐτοῦ,
413 382 490 445 ὡς
539 382 721 450 κέδροι
764 381 858 435 τοῦ
910 382 1169 438 Λιϐάνου.
1229 383 1379 439 ’Υπὸ
1421 386 1538 453 τὴν
1581 387 1770 440 σκιὰν

155 474 376 529 αὑτοῦ
401 475 776 543 ἐπεθύμησα,
834 473 933 527 καὶ
1001 475 1272 540 ἐκάθισα,
1320 477 1417 530 καὶ
1464 480 1497 531 ὁ
1541 476 1771 544 καρπὸς

157 568 353 637 ὠεςθη
385 565 616 636 γλυκὺς
644 566 715 619 ἐν
750 563 830 631 τῷ
863 565 1120 636 λάρυγτί
1168 586 1306 635 μου.

248 658 354 713 (ιδ’.
394 657 511 711 Είό
553 656 778 727 βασιλέα
832 657 1228 728 ὑποδεχόμενος
1264 661 1346 723 εἰς
1390 659 1451 712 τὸ
1498 660 1771 729 δωμάτιον

161 751 377 815 αὐτοῦ,
425 749 570 805 οὕτω
622 748 927 821 περιφανὴς
973 751 1291 821 εὑρίσκεται
1329 753 1424 806 καὶ
1469 751 1771 823 περίδοξος,

162 845 275 900 καὶ
310 843 494 915 πάσης
524 841 807 913 άλλης.....
841 840 965 914 [Ζσ.
1002 840 1292 914 ἔμπλεως]
1331 845 1529 915 χαρᾶς,
1564 843 1619 897 τί
1662 844 1772 898 πά-

164 936 264 990 θοι
298 935 473 1008 ψυχὴ,
498 939 530 1007 ὴ
561 937 653 990 τὸν
681 937 917 991 Βασιλέα
936 936 1045 990 τῶν
1078 928 1346 1007 βασιλέων
1370 940 1428 991 ὲν
1452 936 1533 1009 τῷ
1564 937 1772 1010 καθαρ-

164 1029 347 1099 θῆναι
383 1028 761 1100 ὑποδεξαμένη
794 1028 933 1083 κατὰ
978 1029 1078 1098 τὴν
1123 1028 1335 1099 ἀψευδῆ
1382 1030 1593 1083 ἐκείνου
1640 1031 1773 1084 01rd-

168 1134 380 1191 σχεσιν
409 1137 424 1186 ;
457 1121 570 1175 Καὶ
596 1120 649 1174 τί
688 1121 864 1185 ἐάσει,
907 1120 1014 1187 ἔξω
1043 1120 1142 1191 μὲν
1178 1119 1451 1189 βάλλουσα
1487 1121 1550 1174 τὸ
1575 1121 1651 1193 μὴ
1692 1123 1772 1184 είς

164 1213 498 1268 ἀνάπαυσιν
537 1211 736 1283 ἐκείνῳ
760 1199 974 1267 δοκοῦν·
1025 1211 1236 1266 ἔνδοθεν
1287 1212 1345 1265 δὲ
1381 1212 1681 1281 εἰσάγουσα
1711 1213 1773 1267 τὸ

167 1304 263 1366 εἰς
299 1303 516 1357 ἐκείνου
548 1303 845 1373 ἀρέσκειαν
866 1321 882 1371 ;

250 1394 357 1449 σε’.
410 1395 470 1448 ’0
520 1393 791 1465 κληθῆναι
843 1394 1160 1465 προσδοκῶν
1196 1395 1350 1465 παρὰ
1398 1394 1662 1466 βασιλέως
1702 1397 1769 1467 τῇ

169 1485 404 1558 αὔριον,
440 1486 584 1550 τίνος
634 1487 692 1539 ὲν
735 1487 980 1556 φροντίδι
1038 1487 1203 1541 ἄλλου
1246 1486 1451 1549 ἔσεται,
1511 1486 1543 1557 ἢ
1594 1486 1773 1555 λόγων

174 1580 424 1651 μελέτης
450 1580 559 1632 τῶν
582 1579 664 1643 εἰς
688 1578 898 1633 ἐκείνου
939 1576 1078 1633 εἶναι
1112 1579 1418 1650 μελλόντων
1443 1578 1767 1649 ὰρέσκειαν;

1872 389 2087 457 campi;
2116 397 2171 442 et
2198 388 2348 443 cedri
2376 390 2452 443 tui
2477 390 2621 444 sicut
2651 391 2800 445 cedri
2830 392 3023 445 Libani
3042 394 3110 446 ⁸ο.
3139 394 3243 449 Sub
3270 399 3460 452 umbra

1870 474 2018 528 illius
2061 476 2355 531 desideravi
2408 486 2457 529 et
2512 480 2659 544 sedi;
2705 489 2755 533 et
2808 481 3010 550 fructus
3036 484 3151 554 ejus
3194 487 3335 541 visus
3383 501 3459 542 est

1872 567 2040 620 dulcis
2066 568 2303 637 faucibus
2340 572 2467 625 meis
2490 571 2555 623 “¹.

1943 659 2072 713 204.
2110 658 2165 713 Si
2195 660 2242 714 is
2268 661 2363 730 qui
2396 677 2584 732 regem
2632 663 2831 718 domus
2854 665 3098 735 hospitio
3126 670 3343 739 recipit,
3382 672 3463 727 sic

1873 751 2107 806 illustris
2175 753 2469 823 clarusque
2525 753 2830 817 invenitur,
2904 773 2974 812 ac
3038 760 3254 830 reliquo
3306 764 3459 818 omni

1873 840 2074 910 gaudio
2137 842 2426 911 magniﬁce
2477 843 2712 912 plenus;
2766 845 2900 915 quid
2949 847 3042 902 ﬁat
3091 849 3319 917 animo,
3363 853 3461 922 qui

1875 932 2079 1002 Regem
2103 948 2317 1002 regum,
2352 948 2465 1002 prae
2493 950 2592 989 sua
2618 936 2912 996 munditia.
2940 938 3094 1008 juxta
3113 955 3183 995 ac
3213 941 3303 996 ille
3329 958 3461 998 vere

1874 1022 2158 1093 pollicitus
2202 1034 2287 1078 est
2311 1024 2378 1089 θ’,
2405 1025 2756 1095 susceperit?
2789 1027 2932 1093 Quid
2975 1046 3108 1085 vero
3134 1032 3315 1097 sinet,
3363 1036 3459 1104 qui

1875 1114 2024 1171 foras
2055 1116 2266 1187 ejiciat,
2286 1117 2442 1188 quod
2476 1118 2545 1173 ad
2576 1120 2697 1191 ejus
2728 1120 3086 1180 refectionem
3136 1142 3246 1181 non
3276 1128 3462 1183 videa-

1875 1216 2000 1274 tur;
2054 1224 2119 1263 ac
2150 1225 2273 1279 quae
2302 1208 2382 1264 illi
2439 1218 2595 1280 grata
2643 1220 2776 1267 sunt
2823 1221 2881 1268 et
2922 1225 3179 1286 accepta,
3215 1219 3461 1288 proclive

1872 1300 2132 1359 admittat
2152 1302 2175 1355 ?

1943 1392 2071 1449 205.
2105 1392 2211 1461 Qui
2253 1410 2286 1449 a
2317 1410 2444 1466 rege
2478 1396 2534 1450 in
2564 1398 2871 1452 crastinum
2927 1400 3233 1464 vocandus,
3262 1418 3461 1473 exspe-

1874 1485 2116 1540 ctatione
2153 1501 2457 1556 suspensus
2498 1497 2603 1553 est,
2636 1489 2770 1559 quid
2811 1490 2960 1544 aliud
2993 1507 3252 1547 curarum
3279 1505 3464 1550 verset

1874 1575 2083 1640 animo,
2115 1591 2283 1646 quam
2334 1585 2396 1631 ut
2442 1576 2558 1647 ipse
2605 1594 2793 1632 secum
2826 1596 3109 1636 sermones
3158 1582 3362 1654 cogitet
3399 1600 3463 1639 ac

171 1673 359 1727 Τοῦτο
406 1671 650 1743 τηροῦσα
698 1673 848 1727 πᾶσα
891 1671 1057 1743 ψυχὴ,
1091 1673 1189 1726 οὐκ
1232 1671 1530 1742 ὀφθήσεται
1557 1672 1772 1741 ἀπαρα-

1882 1670 2204 1737 meditetur,
2249 1672 2453 1741 quibus
2490 1674 2611 1744 ejus
2637 1674 2868 1744 gratiam
2905 1676 3146 1730 initurus
3189 1679 3320 1731 est?
3349 1677 3465 1734 Hoc

175 1765 494 1829 σκεύαστος
534 1766 674 1834 πρὸς
701 1766 763 1818 τὸ
796 1764 1009 1819 ἐκεῖθεν
1036 1765 1344 1836 κριτήριον.

259 1949 374 2009 σςν.
410 1941 675 2014 Μακαρία
694 1941 864 2013 ψυχὴ,
910 1943 944 2013 ἡ
987 1942 1078 1995 διὰ
1102 1942 1164 1995 τὸ
1188 1943 1433 2012 σήμερον
1463 1942 1773 2013 προσδοκᾷν

177 2036 342 2108 ἥξειν
371 2036 462 2089 τὸν
489 2036 695 2106 Κύριον
736 2035 957 2105 ἑαυτῆς,
993 2034 1165 2104 μηδὲν
1193 2034 1473 2105 ἡγουμένη
1514 2035 1651 2098 ὅλως
1681 2036 1772 2088 τὸν

182 2129 357 2182 πόνον
399 2127 499 2199 τῆς
525 2128 738 2200 ἡμέρας
768 2128 951 2198 πάσης
970 2142 983 2157 ο
1018 2128 1154 2199 μηδὲ
1176 2127 1268 2181 τὸν
1296 2128 1396 2197 τῆς
1426 2128 1638 2192 νυκτὸς,
1684 2126 1773 2181 διὰ

179 2217 251 2273 τὸ
280 2216 489 2283 εὐθέως
518 2220 613 2273 ἐπὶ
636 2219 697 2273 τὸ
730 2218 876 2290 πρωῒ
906 2218 1095 2273 τοῦτον
1125 2218 1345 2290 μέλλειν
1376 2219 1513 2291 αὐτῇ
1542 2220 1773 2290 ἐμφανί-

182 2308 402 2375 ζεσθαι.
1277 2338 1281 2343 ο

262 2402 367 2467 σε’.
403 2402 621 2467 Πάντας
660 2402 760 2474 μὲν
796 2404 902 2476 ὁρᾷ
937 2405 965 2457 ὁ
1004 2401 1165 2467 Θεός·
1205 2402 1375 2474 ὁρῶσι
1407 2402 1465 2456 δὲ
1496 2402 1588 2457 τὸν
1615 2401 1769 2467 Θεὸν,

190 2496 246 2549 oi.
288 2493 627 2565 θεωροῦντες
664 2495 834 2566 μηδὲν
869 2496 925 2548 ἐν
953 2494 1033 2566 τῷ
1064 2492 1342 2565 εὔχεσθαι.
1378 2495 1490 2549 Καὶ
1525 2495 1639 2548 ὅσοι
1674 2494 1774 2565 μὲν

184 2588 361 2660 ὁρῶσι
389 2588 481 2641 τὸν
504 2587 657 2654 Θεὸν,
686 2588 784 2643 καὶ
834 2587 1220 2642 είσακούονται
1254 2587 1389 2657 παρ’
1416 2584 1582 2639 αὐτοῦ
1605 2602 1617 2615 ·
1657 2586 1773 2638 ὅσοι

186 2682 251 2736 δὲ
276 2683 380 2735 οὐκ
404 2680 803 2745 είσακούονται,
840 2680 962 2734 οὐδὲ
1006 2681 1207 2750 ὁρῶσιν
1242 2678 1427 2732 αὐτόν.
1486 2678 1773 2749 Μακάριος

186 2771 272 2839 δὲ,
351 2774 381 2826 ό
434 2773 708 2827 πιστεύων
750 2775 833 2827 ὅτι
886 2772 1143 2844 βλέπεται
1180 2770 1286 2824 ὑπὸ
1334 2770 1431 2825 τοῦ
1479 2769 1647 2823 Θεοῦο
1710 2769 1770 2821 ού

189 2866 592 2938 σαλευθήσεται
644 2867 754 2938 γὰρ
813 2868 841 2921 ό
886 2866 1025 2930 ποὺς
1074 2864 1267 2929 αὑτοῦ,
1331 2863 1430 2935 τῆς
1480 2862 1773 2935 ἀρεσκείας

187 2960 403 3014 ἐκείνου
434 2959 617 3034 χάριν.

1876 1762 2128 1832 quisquis
2153 1763 2553 1830 observaverit,
2590 1765 2736 1820 haud
2774 1766 3079 1836 imparatus
3114 1768 3182 1823 ad
3212 1768 3464 1827 futurum

1868 1852 2141 1924 judicium
2159 1854 2468 1924 apparebit.

1941 1945 2069 2000 206.
2127 1946 2329 2001 Beatus
2389 1947 2632 2012 animus,
2693 1947 2904 2001 idcirco
2960 1948 3111 2018 quod
3164 1951 3463 2010 Dominum

1874 2055 2035 2094 suum
2065 2039 2230 2093 hodie
2262 2047 2557 2094 venturum
2583 2048 2899 2109 exspectat,
2932 2042 3094 2096 nihili
3124 2043 3335 2100 ducens
3377 2055 3464 2101 to-

1875 2132 1987 2187 tius
2009 2132 2120 2187 diei
2150 2133 2429 2199 laborem;
2463 2148 2527 2187 ac
2552 2133 2720 2188 etiam
2752 2135 2951 2199 noctis,
2994 2135 3142 2205 quod
3169 2137 3262 2193 ille
3277 2138 3462 2195 statim

1873 2236 2036 2277 mane
2071 2222 2425 2293 praesentiam
2457 2221 2510 2276 ei
2541 2222 2896 2279 exhibiturus
2926 2224 3018 2279 sit.

1944 2407 2071 2462 207.
2124 2408 2273 2462 Deus
2325 2406 2549 2477 quidem
2601 2422 2794 2462 omnes
2846 2409 3043 2464 videt:
3086 2411 3277 2467 vident
3325 2430 3460 2471 vero

1875 2502 2050 2556 Deum
2078 2500 2174 2570 qui
2227 2500 2376 2555 inter
2406 2499 2676 2554 orandum
2708 2501 2848 2555 nihil
2882 2502 3093 2558 vident.
3123 2505 3200 2560 Ac
3231 2507 3458 2576 quidem

1874 2608 2067 2648 omnes
2102 2593 2194 2662 qui
2228 2592 2414 2648 vident
2442 2593 2637 2657 Deum,
2678 2595 2748 2649 ab
2786 2595 2879 2650 illo
2909 2612 3128 2667 quoque
3151 2600 3461 2656 exaudiun-

1875 2692 1998 2739 tur:
2031 2684 2127 2754 qui
2162 2699 2294 2739 vero
2326 2700 2437 2738 non
2468 2685 2860 2748 cxaudiuntur,
2891 2702 3071 2757 neque
3100 2688 3460 2746 videnteum.

1873 2777 2075 2833 Beatus
2110 2786 2295 2831 autem
2330 2777 2426 2846 qui
2482 2791 2542 2832 se
2591 2792 2621 2831 a
2654 2776 2766 2833 Deo
2804 2778 2980 2832 videri
3018 2779 3292 2847 credit“;
3352 2790 3463 2838 non

1872 2867 2021 2921 enim
2047 2865 2485 2920 commovebitur
2518 2881 2618 2970 pos
2654 2865 2795 2939 ejus,
2832 2882 2941 2938 qua
2968 2867 3184 2924 ratione
3219 2869 3300 2924 illi
3340 2871 3462 2941 pla-

1874 2968 2000 3008 cere
2039 2952 2245 3007 studet.

267 3052 371 3125 ση’.
569 3051 721 3115 ὲντὺς
763 3050 923 3122 ἡμῶν
954 3048 1122 3119 οὔσης
1157 3048 1434 3119 βασιλείας
1472 3048 1541 3127 τά
1568 3048 1769 3117 ἀγαθὰ,

1946 3045 2071 3101 208.
2121 3046 2294 3117 Regni
2351 3046 2658 3112 malorum,
2702 3028 2867 3116 quod
2904 3016 3066 3104 intra
3126 3066 3230 3106 nos
3288 3053 3459 3120 est",

193 3150 223 3204 ὅ
250 3147 585 3218 φιλόκοσμος
615 3142 895 3213 ὀφθαλμὸς
924 3143 1023 3195 οὐκ
1043 3137 1174 3195 εἶδε·
1208 3141 1304 3195 καὶ
1327 3138 1464 3211 ἀκοὴ
1493 3141 1773 3211 φιλότιμος

190 3240 294 3296 οὐκ
318 3239 544 3311 ἤκουσε,
571 3238 667 3290 καὶ
702 3230 796 3290 ἐπὶ
820 3236 1047 3308 καρδίαν
1080 3233 1243 3305 κενὴν
1271 3231 1590 3303 Πνεύματος
1615 3233 1771 3301 ἁγίου

190 3334 293 3387 οὐκ
325 3331 492 3402 ἀνέϐη
511 3346 525 3362 ⁸
550 3328 877 3402 ἀῤῥαὸῶνές
916 3332 1022 3382 είσι
1068 3328 1177 3382 τῶν
1208 3325 1511 3397 μελλόντων
1534 3326 1770 3379 δίδοσθαι

192 3428 307 3488 τοῖς
333 3423 564 3487 δικαίοις
608 3422 830 3491 ἀγαθῶν
859 3424 916 3478 ἐν
944 3424 1010 3492 τῇ
1050 3420 1321 3493 μελλούσῃ
1358 3418 1607 3491 βασιλείᾳ
1636 3421 1772 3489 Χρι-

196 3516 324 3572 στοῦ
344 3534 358 3548 ο
402 3517 498 3570 καὶ
536 3518 566 3569 ὁ
616 3516 693 3586 μὴ
729 3518 786 3568 ἐν
815 3514 1031 3578 τούτοις
1061 3514 1304 3583 τρυφῶν,
1335 3514 1532 3577 οἵτινές
1560 3514 1696 3564 εἰσιν
1721 3514 1770 3565 oi

196 3609 397 3679 καρποὶ
427 3607 771 3677 Πνεύματος,
819 3608 877 3660 ὲν
918 3604 1218 3659 ἀπολαύσει
1261 3605 1486 3656 ἐκείνων
1516 3602 1770 3671 γενέσθαι

194 3700 257 3753 οὐ
285 3698 522 3752 δύναται,

269 3790 364 3847 σθ’.
393 3793 453 3844 Οἱ
474 3789 583 3843 τῶν
613 3788 937 3859 πρακτικῶν
970 3786 1222 3857 λογισμοὶ
1256 3786 1476 3857 ἐλάφοις
1505 3785 1769 3840 ἐοίκασιν.

204 3885 293 3947 Ὦς
328 3883 436 3954 γὰρ
466 3886 670 3937 ἐκεῖναι
715 3882 848 3935 ποτὲ
891 3881 989 3952 μὲν
1041 3881 1154 3935 ἄνω
1193 3881 1330 3934 είσὶν
1367 3882 1426 3934 ὲν
1473 3882 1587 3945 τοῖς
1619 3881 1770 3953 ὅρεσι

195 3976 282 4031 διὰ
317 3976 406 4029 τὸν
440 3975 603 4043 φόϐον
631 3975 739 4028 τῶν
778 3973 1054 4044 θηρατῶν,
1096 3974 1228 4027 ποτὲ
1259 3973 1316 4026 δὲ
1362 3973 1515 4027 κάτω
1556 3975 1615 4027 ὲν
1653 3975 1772 4037 ταῖς

197 4064 407 4118 κοιλάσι
465 4063 553 4116 διὰ
604 4064 695 4116 τὸν
754 4062 920 4116 πόθον
964 4064 1072 4115 τῶν
1115 4063 1173 4116 ὲν
1206 4063 1439 4126 αὑταῖς·
1493 4062 1635 4116 οὕτω
1677 4062 1773 4116 καὶ

196 4151 338 4211 οὗτοι
365 4172 378 4187 ’
413 4154 537 4208 οὔτε
565 4155 798 4207 πάντοτε
849 4156 907 4206 ὲν
942 4154 1147 4224 θεωρίᾳ
1188 4156 1531 4224 πνευματικῇ
1582 4151 1774 4206 δύναν-

198 4265 286 4303 ται
343 4243 518 4310 εἶναι,
567 4246 655 4300 διὰ
692 4245 752 4299 τὸ
790 4245 972 4299 αὐτῶν
1022 4245 1270 4309 εὐτελὲςο
1302 4244 1428 4298 οὗτε
1484 4247 1570 4299 ἀεὶ
1616 4246 1674 4299 ἐν
1702 4246 1768 4315 τῇ

1874 3137 2059 3193 steculi
2081 3152 2271 3192 amans
2305 3138 2544 3205 animus,
2571 3137 2715 3193 bona
2754 3152 2863 3192 non
2894 3138 3056 3205 vidit,
3088 3149 3145 3196 et
3168 3141 3462 3198 ambitiosa

1872 3228 2022 3284 auris
2045 3244 2156 3283 non
2171 3228 2404 3296 audivit,
2435 3244 2538 3285 nec
2568 3229 2621 3283 in
2654 3244 2752 3284 cor
2783 3228 2995 3300 Spiritu
3011 3242 3203 3287 sancto
3225 3248 3459 3288 vacuum

1872 3321 2240 3377 ascenderunt
2262 3322 2329 3374 ⁸⁸.
2384 3321 2591 3391 Nempe
2654 3321 3000 3378 arrhabones
3058 3331 3189 3377 sunt
3241 3324 3460 3379 illormn

1871 3412 2167 3477 bonorum,
2224 3428 2346 3483 quae
2378 3414 2544 3483 justis
2588 3413 2645 3466 in
2680 3412 2870 3467 futuro
2908 3412 3116 3468 Christi
3161 3430 3331 3485 regno
3362 3416 3462 3471 tri-

1872 3500 2136 3557 buentur.
2178 3500 2279 3565 Ac,
2313 3500 2408 3569 qui
2446 3500 2502 3554 in
2541 3500 2653 3553 illis
2694 3514 2807 3553 non
2834 3500 3142 3555 delectatur
3168 3502 3282 3573 (qui
3332 3512 3462 3557 sunt

1870 3591 2085 3646 fructus
2125 3590 2384 3662 Spiritus)
2413 3607 2516 3646 nec
2541 3600 2602 3646 ut
2627 3592 2738 3646 illis
2769 3590 2987 3646 fruatur
3009 3595 3227 3664 assequi
3256 3604 3458 3665 potest.

1941 3766 2067 3822 209.
2101 3765 2414 3822 Colentium
2445 3765 2719 3820 actionem
2767 3767 3134 3837 cogitationes
3177 3770 3459 3840 animique

1873 3863 2119 3917 rationes
2145 3859 2329 3915 cervis
2372 3857 2517 3913 haud
2560 3857 2843 3913 absimiles
2902 3867 3054 3914 sunt.
3087 3858 3455 3925 Quemadmo-

1872 3954 2003 4009 dum
2028 3952 2177 4009 enim
2208 3951 2380 4017 cervi,
2420 3951 2586 4005 modo
2620 3950 2895 4004 montium
2941 3952 3234 4020 superiora
3267 3961 3460 4009 tenent

1871 4044 1944 4099 ob
1989 4052 2319 4100 venatorum
2377 4050 2620 4107 metum;
2671 4040 2836 4094 modo
2884 4040 3146 4110 depressa
3190 4043 3416 4097 vallium
3442 4085 3457 4105 ,

1871 4154 1985 4208 quo
2029 4138 2248 4193 illarum
2288 4133 2509 4204 pascuis
2539 4131 2818 4188 desiderio
2865 4132 3215 4201 adiciuntur;
3272 4135 3351 4190 sic
3405 4146 3462 4191 et

1872 4232 1999 4295 illae,
2030 4244 2134 4284 nec
2157 4242 2375 4297 semper
2407 4225 2465 4280 in
2498 4223 2733 4295 spiritali
2758 4224 3229 4294 contemplatione
3251 4228 3459 4281 versari

203 4342 422 4409 φυσικῇ,
461 4337 549 4391 διὰ
577 4337 635 4390 τὸ
671 4336 746 4409 μὴ
775 4337 873 4407 τὴν
907 4336 1218 4391 ἀνάπαυσιν
1243 4334 1464 4390 διώκειν
1508 4336 1616 4389 ἀεί.
1650 4334 1770 4389 Τῶν

1882 4329 2129 4393 possunt.
2162 4319 2328 4390 666
2347 4316 2420 4371 ob
2449 4331 2603 4371 suam
2621 4315 2982 4382 tenuitatem;
3010 4331 3111 4373 nec
3132 4318 3191 4371 in
3224 4320 3460 4373 naturali

204 4431 380 4503 μέντοι
421 4428 795 4500 θεωρητικῶν,
831 4426 1168 4495 περιπεζίων
1222 4428 1531 4499 ὑπερόπται
1562 4426 1772 4496 θεωρη-

205 4522 384 4595 μάτων
413 4521 791 4576 καθίστανται.

271 4789 352 4837 σι’.
382 4781 537 4836 Βόλοι
575 4781 675 4852 μὲν
720 4781 913 4852 δρόσου
946 4783 1043 4855 (g),
1081 4784 1187 4855 γῆς
1217 4783 1582 4855 μεθύσκουσιν
1607 4783 1775 4837 αὐλα-

271 4941 312 4972 ⁷⁹
334 4940 489 4996 Cant.
524 4958 562 5006 1,
593 4941 678 4997 15.
757 4941 804 4975 ⁸ο
832 4941 991 4998 Cant.
1022 4959 1082 5007 ιι,
1119 4943 1183 5009 l;
1214 4940 1360 4995 Psal.
1389 4956 1501 5005 cur,
1534 4941 1620 4994 16.

273 5132 549 5204 (9)Βόλοι
599 5134 844 5201 δρόσου.
870 5134 963 5190 Sic
995 5136 1163 5190 etiam
1213 5144 1401 5191 vetera
1460 5135 1659 5189 Lexica
1709 5149 1775 5188 ex

202 5204 356 5275 Grcg.
384 5205 577 5269 citant,
616 5205 931 5276 habentque
958 5205 1146 5276 Grmca
1180 5206 1377 5270 Biblia,
1413 5205 1577 5260 stillae
1597 5206 1771 5271 roris;

205 5272 421 5356 ipsaque
476 5287 621 5342 adeo
669 5272 856 5343 Hebr:
886 5272 1094 5353 barbas:
1140 5288 1196 5343 in
1251 5306 1356 5361 qua
1403 5305 1538 5361 voce
1586 5288 1763 5342 Aben.

205 5372 336 5442 Esra
374 5370 493 5425 vult
523 5386 561 5431 κ
606 5386 726 5427 esse
776 5371 1163 5435 formativum,
1196 5356 1353 5442 quasi
1399 5390 1428 5426 a
1465 5356 1659 5442 Sbnrex
1708 5386 1775 5425 eo

205 5440 342 5511 quod
369 5442 528 5496 stillae
571 5443 845 5512 ejusmodi
887 5444 1138 5497 rotundae
1177 5440 1289 5497 sint
1332 5458 1400 5497 ac
1428 5441 1612 5512 quasi,
1636 5456 1773 5512 coni—7

205 5512 413 5583 velutze.
474 5512 567 5567 Sic
604 5511 661 5566 et
716 5513 858 5583 βάλοι
890 5513 1105 5583 δρόσου,
1154 5514 1302 5582 quod
1349 5513 1507 5582 quasi
1566 5511 1776 5583 globuli

205 5581 664 5654 jaciantueroce
683 5580 818 5654 satis
840 5580 1121 5654 ingeniose
1139 5580 1449 5654 excogitata
1471 5580 1772 5654 mretrix.

208 5652 273 5708 At
298 5653 439 5723 quod
475 5652 628 5723 Xyst.
654 5653 860 5707 habent
893 5652 1073 5722 βῶλοι,
1113 5652 1471 5725 σίρὺιιίγοτίε,
1512 5652 1775 5721 nullaque

399 5744 673 5808 Ριτιιοι..
728 5745 849 5808 (in.
890 5744 1023 5807 XC.

1722 4938 1768 4970 ⁸¹
1800 4937 1960 4994 Cant.
1992 4953 2052 5002 ιι,
2085 4938 2139 4991 '5.

202 5009 247 5040 ⁸⁸
278 5009 407 5066 Luc.
440 5027 571 5078 xvn,
600 5013 689 5066 21.
768 5014 814 5045 ⁸⁵
839 5013 862 5068 I
887 5012 1013 5068 Cor.
1042 5029 1080 5067 ιι
1107 5012 1160 5068 9.
1238 5011 1285 5043 ”
1309 5010 1433 5067 Job.
1472 5026 1695 5076 xxxvm,
1728 5009 1818 5064 28.

1878 4427 2097 4482 semper
2123 4408 2521 4480 Speculatione,
2546 4406 2695 4476 quod
2724 4421 2835 4460 non
2857 4421 3075 4475 semper
3104 4407 3459 4464 refectionem

1878 4512 2127 4574 quaerant
2152 4517 2221 4556 ac
2243 4500 2508 4570 quietem.
2538 4497 2746 4552 Eorum
2782 4510 2915 4552 vero
2946 4497 3041 4567 qui
3066 4498 3292 4554 student
3324 4515 3464 4555 con-

1881 4594 2228 4667 templationi
2270 4591 2470 4656 animi,
2504 4588 2737 4644 humilia
2777 4604 2942 4644 sensa
2988 4591 3233 4660 proclive
3267 4602 3461 4648 conte-

1881 4697 2101 4834 ωιὲίιίῗ.
2129 4778 2301 4835 Stilla:
2349 4773 2554 4833 roris"
2598 4782 2759 4829 terrae
2817 4771 2999 4828 sulcos
3051 4772 3348 4828 infundunt
3400 4788 3464 4829 ac

2249 4935 2294 4966 "
2339 4934 2498 4990 Joan.
2528 4948 2639 4999 xrv,
2682 4930 2773 4986 25.
2878 4928 2925 4961 ⁸³
2954 4928 3100 4983 Psal.
3130 4944 3334 4994 xxxvii,
3374 4929 3458 4985 17.

1883 5134 2037 5188 varia
2065 5133 2306 5188 lectione
2348 5132 2584 5199 interpr.
2630 5128 2811 5192 aﬁ'ert,
2863 5124 3071 5199 nullus
3101 5123 3308 5199 probo;
3362 5139 3465 5199 nec

1884 5204 2046 5257 video
2073 5217 2323 5273 quamam
2358 5194 2850 5273 apta-metaphora.
2880 5196 3098 5273 utroris
3116 5194 3462 5273 stillaequod

1879 5264 2105 5344 Optime'
2120 5274 2369 5328 reddidit
2393 5264 2577 5340 Vulg,
2611 5264 2872 5324 dicantur
2899 5265 3085 5336 gleba'.
3109 5264 3264 5329 Quod
3294 5266 3463 5318 etiam

1881 5373 2061 5412 massa
2108 5356 2363 5412 redditur
2394 5371 2459 5410 ea
2498 5370 2623 5416 vox,
2660 5352 2830 5422 βῶλος
2862 5349 3081 5417 σιδήρου
3120 5347 3289 5401 Eccli.
3328 5363 3462 5414 xxn,

1882 5449 1938 5494 et
1977 5440 2143 5509 βῶλος
2177 5440 2404 5509 χρυσέα,
2432 5454 2533 5508 pro
2554 5438 2693 5509 sole,
2723 5434 2902 5509 Apoll.
2963 5431 3160 5485 Rhodii
3192 5430 3369 5509 schol.
3395 5448 3462 5509 ex

1882 5501 2337 5583 Eu_ripide,jiiihi|
2367 5501 2869 5583 _Cdiigruit,__qtiod
2895 5517 3111 5583 massa,
3132 5501 3329 5583 magni
3364 5503 3466 5581 ali-

1883 5572 2311 5651 quid'ponderis
2335 5581 2426 5644 sit,
2462 5572 2572 5632 nim
2589 5572 2750 5651 exile
2777 5572 3462 5651 qttid._uti_stillte_roris:

1884 5640 2119 5722 quarum
2155 5652 2387 5715 stillare,
2416 5640 2602 5720 spargi
2656 5656 2739 5701 est
2765 5640 2821 5700 et
2853 5645 2984 5717 jaci,
3039 5641 3099 5693 τὸ
3153 5640 3458 5711 βάλλεσθαι.

2950 5734 3027 5794 Ιιϋ
