3922 6348
232 223 367 289 1453

1397 233 1576 293 ΑΠΛ
1614 233 1717 293 EX
1752 226 1994 292 VATlC.
2038 232 2324 293 C.\PITA.

3358 230 3494 292 Ῑίῖτί

302 337 423 390 σιθν.
477 335 550 389 Οὑ
595 338 790 391 ταυτόν
836 339 981 391 ἐστιν
1028 332 1109 402 οἷς
1158 340 1479 412 ἐσταυρώοη
1525 344 1553 393 ὁ
1582 342 1804 410 κόσμος,

1980 340 2103 395 219.
2163 342 2281 395 Non
2344 340 2489 396 idem
2534 347 2641 405 est,
2686 339 2892 409 quibus
2923 338 3163 394 mundus
3199 338 3495 392 crucifixus

227 430 321 482 καὶ
352 431 547 491 οἰτινες
593 429 669 499 τῷ
702 431 894 501 κόσμῳ
932 431 1324 501 ὲσταύρωνται.
1375 433 1500 496 Τοῖς
1539 433 1637 503 μὲν
1674 432 1804 503 γὰρ,

225 516 347 592 ἦλοι
387 520 610 589 νηστεία
660 523 754 577 καὶ
798 524 1111 594 ἀγρυπνία·
1158 527 1270 588 τοῖς
1322 526 1399 587 δὲ,
1448 526 1806 595 ἀκτημοσύνη

228 614 321 666 καὶ
352 613 718 678 ἐξουδένωσις.
762 615 883 667 Τῶν
923 616 980 669 δὲ
1013 616 1278 689 δευτέρων
1316 618 1504 689 χωρὶς,
1552 618 1602 670 οἰ
1656 618 1805 670 πόνοι

212 704 337 758 τῶν
370 705 660 778 προτέρων
689 707 1006 775 ἀνωφελεῖς.

308 801 408 847 σκ’.
457 797 532 848 Οὑ
574 797 830 867 καθαρῶς
866 797 1087 852 δύναται
1130 799 1555 871 προσεύξασθαι,
1595 801 1622 852 ό
1657 800 1807 870 φιλο-

227 885 378 957 κάλῳ
425 889 585 942 πάθει
646 887 713 959 (j)
763 893 857 943 καὶ
914 891 1183 961 φιλοτίμῳ
1233 894 1621 964 κρατούμενος.
1676 893 1808 965 Περὶ

225 976 398 1032 ταῦτα
432 980 539 1050 γάρ
564 982 618 1033 αἰ
650 981 885 1052 σχέσεις,
916 984 1006 1036 καὶ
1047 983 1095 1035 οἰ
1127 984 1225 1053 τῆς
1264 985 1625 1057 ματαιότητος
1659 983 1805 1051 λογι-

230 1070 357 1139 σμοὶ
383 1069 481 1140 τὴν
502 1071 811 1143 οἰκειότητα
836 1071 1070 1141 ἔχοντες,
1106 1075 1312 1144 σχοινία
1339 1074 1588 1144 καθάπερ
1612 1075 1808 1145 ἐκείνῳ

228 1159 683 1230 περιπλεκόμενοι
708 1163 961 1229 γίνονται.
994 1166 1386 1230 κατασπῶντες
1406 1167 1480 1229 ὡς
1500 1164 1588 1221 οἷα
1616 1185 1809 1234 στρου-

230 1249 342 1303 θίον
380 1252 661 1322 δεδεμένον
697 1254 1000 1326 ἀναπτῆναι
1046 1257 1386 1329 πειρώμενον
1427 1260 1483 1312 ὲν
1513 1258 1590 1330 τῷ
1630 1260 1810 1331 καιρῷ

226 1342 327 1411 τῆς
355 1343 539 1415 εὑχῆς.

302 1439 440 1486 σκαθ.
499 1433 789 1490 Ἀδύνατον
832 1438 1111 1507 εἰρηνικὸν
1148 1436 1405 1508 γενέσθαι
1450 1439 1541 1493 τὸν
1580 1440 1703 1494 νοῦν
1753 1443 1810 1496 ὲν

228 1524 388 1595 εὐχῇ,
421 1525 748 1595 ἐγκράτειαν
778 1528 872 1582 καὶ
900 1532 1120 1600 ἀγάπην
1167 1530 1327 1603 φίλην
1358 1532 1446 1585 τὸν
1477 1533 1553 1603 μὴ
1602 1533 1811 1604 κτησά-

233 1631 413 1685 μενον.
442 1615 509 1669 Ἦ
544 1617 643 1687 μὲν
667 1617 796 1690 γάρ,
821 1618 918 1690 τὴν
952 1620 1094 1673 κατὰ
1122 1623 1221 1691 τῆς
1257 1621 1437 1692 ψυχῆς
1475 1626 1541 1677 ὲκ
1574 1623 1667 1676 τοῦ
1702 1622 1809 1676 σώ-

1914 440 2019 496 est,
2054 422 2240 504 et‘qui
2280 435 2487 489 mundo
2514 434 2764 489 cruciﬁxi
2803 430 3016 489 sunt”.
3051 433 3188 487 Nam
3226 431 3335 485 illis
3367 430 3493 501 qui-

1915 522 2040 576 dem
2070 524 2209 577 clavi
2242 532 2392 588 sunt,
2425 523 2699 595 jejunium
2743 532 2799 577 et
2826 522 3061 592 vigiliae;
3098 521 3188 573 his
3219 536 3370 586 vero,
3407 535 3496 573 ro-

1915 631 2036 670 rum
2074 616 2349 671 abdicatio
2404 632 2468 671 ac
2524 616 2607 669 sui
2649 621 3022 682 contemptus.
3072 612 3246 666 Porro
3287 611 3496 679 absque

1914 705 2191 768 secundis,
2216 706 2463 775 priorum
2498 703 2715 758 labores
2736 702 2944 755 nullius
2971 708 3099 755 sunt
3123 698 3313 768 frugis.

1983 796 2106 851 220.
2148 797 2264 851 Non
2312 805 2491 866 potest
2522 811 2660 865 pura
2700 803 2883 848 mente
2914 808 3097 857 orare,
3136 792 3230 861 qui
3275 791 3496 861 elegan-

1916 888 2073 943 tioris
2130 889 2314 943 cultus
2372 889 2709 958 honorisque
2766 887 2966 941 affectu
3028 894 3269 940 tenetur.
3336 884 3496 939 Circa

1915 979 2031 1035 lucc
2059 981 2206 1034 enim
2242 981 2504 1036 libidines
2535 996 2797 1049 vanaeque
2834 978 3197 1048 cogitationes
3232 993 3356 1030 cum
3402 992 3501 1029 ne-

1916 1072 2308 1125 cessitudinem
2331 1072 2593 1135 habeant,
2620 1072 2771 1125 velut
2796 1070 3029 1125 funiculi
3057 1054 3116 1123 ei
3138 1066 3497 1137 circumplcxi

1915 1158 2075 1222 ﬁunt,
2109 1161 2408 1229 passerculi
2465 1160 2519 1213 in
2578 1176 2788 1214 morem
2837 1160 3194 1213 detrahentes
3251 1168 3497 1227 tempore

1914 1251 2204 1315 orationis,
2238 1252 2366 1306 dum
2409 1252 2628 1307 evolare
2654 1252 2871 1306 nititur.

1984 1441 2109 1496 221.
2142 1440 2286 1495 Fieri
2318 1456 2426 1494 non
2456 1449 2637 1511 potest
2679 1448 2739 1494 ut
2773 1455 2929 1493 mens
2950 1440 3005 1494 in
3033 1438 3282 1493 oratione
3306 1444 3497 1507 pacata

1916 1532 2008 1597 sit,
2032 1533 2138 1587 nisi
2173 1533 2569 1587 continentiam
2598 1548 2660 1586 ac
2687 1531 3040 1587 dilectionem
3076 1531 3306 1584 amicam
3351 1529 3499 1583 obti-

1916 1632 2061 1680 neat.
2124 1626 2203 1679 Ac
2246 1626 2472 1695 quidem
2531 1625 2622 1679 illa
2668 1640 2791 1694 qure
2822 1639 2889 1679 ex
2940 1639 3173 1692 corpore
3234 1623 3501 1677 adversus

235 1724 404 1776 ματος
427 1708 627 1780 ἔχθραν
657 1688 945 1767 καταλύειν
966 1688 1444 1786 ἐπαγωνίζεταιίή
1461 1716 1537 1781 δὲ,
1558 1717 1657 1787 τὴν
1676 1717 1811 1788 πρὸς

1929 1715 2175 1780 minuam,
2196 1715 2483 1771 inimicitia
2505 1724 2612 1780 est,
2632 1715 2818 1771 studet
2839 1715 3172 1780 dissolvere,
3208 1714 3324 1768 hrec
3342 1730 3497 1777 vero,

230 1798 322 1853 τὸν
361 1800 587 1871 πλησίον
627 1803 712 1857 διὰ
745 1804 835 1859 τὸν
867 1807 1019 1861 Θεόν.
1058 1807 1429 1879 Κάντεῦθενή
1475 1809 1815 1880 ὑπερέχουσα

232 1891 411 1946 πάντα
437 1894 562 1948 νοῦν
584 1898 773 1968 εἰρήνη
797 1899 1157 1970 ἐπιδημοῦσα,
1177 1902 1345 1971 μονὴν
1380 1902 1651 1957 ποιεῖσθαι
1678 1903 1812 1974 πρὸς

231 1981 325 2035 τὸν
355 1983 555 2038 οὑτωσὶ
588 1988 1082 2060 κατειρηνεύσαντα
1111 1991 1493 2063 ἐπηγγείλατο.

309 2159 446 2232 323'.
512 2163 752 2235 Ἀνάγκη
793 2164 886 2219 τοῦ
932 2167 1012 2229 εἰς
1059 2165 1338 2237 βασιλείαν
1377 2167 1510 2222 Θεοῦ
1553 2168 1815 2239 ἀγωνιζο-

237 2252 403 2324 μένου
427 2256 708 2323 εἰσελθεῖν,
740 2260 1086 2329 περισσεύειν
1106 2261 1164 2313 ὲν
1189 2260 1412 2329 ἀγαθοῖς
1441 2261 1503 2315 τὸ
1529 2262 1690 2333 ἔργον
1716 2264 1816 2335 τῆς

232 2344 581 2417 δικαιοσύνης
607 2347 802 2402 αὑτοῦ·
846 2352 902 2403 ὲν
946 2350 1338 2422 ὲλεημοσύναις
1366 2354 1487 2423 μὲν,
1515 2353 1604 2407 διά
1625 2356 1724 2425 τῆς
1752 2356 1815 2410 ὲκ

232 2436 327 2489 τοῦ
368 2436 748 2510 ὑστερήματος
779 2442 1025 2513 παροχῆς
1048 2459 1063 2474 ο
1100 2444 1159 2496 ὲν
1200 2445 1384 2508 πόνοις
1408 2445 1485 2511 δὲ,
1521 2449 1633 2510 τοῖς
1673 2447 1814 2518 ὑπὲρ

232 2524 334 2596 τῆς
367 2528 614 2599 εἰρήνης,
650 2530 740 2584 διὰ
763 2531 857 2585 τοῦ
890 2534 1347 2605 ἀποστερήματος
1377 2534 1451 2607 (Ιι)
1482 2535 1581 2606 τῆς
1612 2540 1669 2591 ὲν
1699 2540 1815 2592 Κυ-

235 2617 341 2689 ρίῳ
378 2619 677 2692 ὑπομονῆς.

305 2711 447 2780 σκγ’.
490 2712 635 2768 ιΟῦτε
669 2716 699 2769 ό
740 2714 934 2781 ἐνδεῶς
964 2718 1103 2790 πρὸς
1146 2718 1349 2789 ἀρετήν
1382 2718 1521 2790 ἔχων
1576 2720 1663 2775 διά
1716 2721 1814 2793 τὴν

234 2802 516 2875 ἀμέλειαν,
572 2807 695 2861 οὑτε
741 2811 769 2862 ό
814 2810 1082 2880 περιττῶς
1134 2810 1224 2864 διὰ
1272 2810 1371 2881 τὴν
1419 2812 1616 2883 οἴησιν,
1682 2815 1815 2869 εῐσω

233 2894 454 2967 λιμένος
470 2898 564 2951 τοῦ
594 2901 734 2954 κατὰ
767 2901 863 2971 τὴν
902 2900 1170 2955 ἀπάθειαν
1217 2902 1619 2974 εὑρεθήσονται.
1652 2906 1815 2959 Οὐδέ-

231 3002 392 3059 τερος
417 2990 525 3061 γὰρ
554 2991 662 3044 τῶν
688 2995 750 3047 ὲκ
782 2994 1131 3065 δικαιοσύνης
1168 2999 1227 3051 ἐν
1257 2996 1552 3051 ἀπολαύσει
1587 2999 1813 3067 γέγονεν

233 3076 476 3145 ἀγαθῶν,
524 3083 794 3149 μεσίτιδος
832 3086 1225 3160 εὑρισκομὲνης
1262 3091 1465 3158 αὑτοῖς,
1518 3090 1812 3161 ἐλλείψεως

235 3168 329 3222 καὶ
350 3170 679 3242 ὑπερῦολῆς.

306 3261 437 3317 σκδ⁹.
466 3262 605 3318 Οὔτε
639 3266 670 3335 ή
702 3268 770 3338 γῆ
806 3269 855 3321 εἰ
896 3267 970 3339 μὴ
1004 3270 1409 3327 πολυπλασίονα
1461 3276 1540 3346 τῷ
1579 3277 1813 3349 γεωργῷ

232 3350 326 3406 τὸν
356 3355 519 3408 πόνον
550 3358 865 3428 χαρίσηται,
901 3360 1133 3434 εὔπορον
1178 3366 1273 3419 καὶ
1305 3367 1527 3439 ἀνενδεῆ
1568 3371 1816 3441 ἀπεργά-

235 3448 594 3533 σεταιαὺτὸν,
626 3451 787 3520 μόνον
830 3452 920 3505 τὸν
976 3456 1179 3524 σπόρον
1224 3463 1600 3530 παρεχομένη,
1637 3461 1670 3533 ἢ
1721 3462 1815 3515 καὶ

236 3532 444 3601 μικράν
507 3552 628 3588 τινα
675 3538 1035 3613 προσθήκην·
1100 3542 1224 3598 οὔτε
1282 3546 1360 3617 τῷ
1410 3532 1701 3620 πρακτικῷ
1753 3548 1815 3601 τὸ

235 3624 531 3693 ἀνυόμενον
561 3628 738 3699 ἔργον,
766 3633 820 3684 εἰ
873 3633 946 3704 μὴ
1002 3638 1249 3705 κρεῖττον
1294 3642 1390 3708 τῆς
1439 3641 1815 3711 προαιρέσεως

234 3713 402 3766 αὑτοῦ
437 3718 469 3787 ή
510 3720 714 3791 σπουδὴ
760 3722 1037 3796 εὑρεθείη,
1093 3725 1229 3796 πρὸς
1283 3727 1377 3781 τὸν
1431 3728 1564 3783 Θεὸν
1604 3730 1815 3785 δίκαιον

234 3806 653 3877 ἀπεργάσασθαι
681 3813 928 3872 δύναται.

304 3994 437 4042 σκε’.
469 3989 607 4044 Οὔτε
644 3992 843 4056 πάντες
890 3996 941 4049 οἰ
976 3995 1051 4067 μὴ
1079 3997 1405 4066 ἀγαπῶντες
1452 3998 1545 4051 τὸν
1588 3999 1816 4072 πλησίον

239 4082 414 4149 μισεῖν
437 4080 726 4135 δύνανται’
777 4082 902 4138 οὔτε
942 4086 991 4139 οἰ
1034 4088 1107 4159 μὴ
1151 4088 1437 4158 μισοῦντες
1467 4090 1628 4144 αὑτὸν
1674 4092 1816 4160 ἀγα-

235 4168 341 4238 πᾷν
366 4185 379 4197 ·
409 4169 504 4223 καὶ
534 4170 662 4224 ἀλλο
697 4171 798 4242 μέν
847 4175 984 4240 ἐστι,
1025 4176 1087 4229 τὸ
1126 4177 1440 4247 βασκαίνειν
1478 4179 1687 4232 ἐκείνου
1718 4181 1819 4250 τὴν

235 4259 439 4331 ἀρετήν
459 4276 472 4290 °
499 4260 685 4333 ἕτερον
710 4264 767 4317 δὲ
799 4265 861 4318 τὸ
896 4266 970 4337 μὴ
1001 4268 1250 4337 ἐμποδὼν
1271 4269 1418 4341 αὑτῷ
1467 4272 1818 4339 εὑρίσκεσθαι

1917 1819 2039 1874 quae
2061 1804 2325 1860 adversus
2348 1805 2654 1876 proximum
2686 1814 3006 1875 estpropter
3027 1806 3220 1859 Deum.
3235 1804 3499 1873 indeque,

1917 1912 2039 1966 qua:
2060 1912 2289 1952 omnem
2336 1913 2558 1952 sensum
2590 1911 2918 1967 exsuperat,
2955 1914 3060 1967 pax
3107 1897 3412 1952 adveniens
3430 1897 3499 1961 ⁸⁸³,

1918 1987 2261 2041 mansionem
2301 2003 2360 2043 se
2389 1988 2658 2043 facturam
2690 1988 2936 2057 pollicita
2962 1997 3045 2042 est
3071 1989 3138 2053 9°,
3167 1987 3313 2057 apud
3347 2003 3497 2052 eum,

1919 2076 2011 2147 qui
2035 2093 2102 2132 eo
2126 2093 2185 2133 se
2216 2078 2400 2143 modo,
2435 2094 2642 2149 suaque
2681 2093 2814 2148 pace
2842 2079 3235 2148 composuerit.

1986 2168 2113 2224 222.
2160 2169 2398 2224 Necesse
2436 2178 2542 2236 est,
2572 2177 2633 2223 ut
2659 2172 2781 2241 ejus
2812 2170 2907 2240 qui
2960 2170 3243 2225 contendit
3292 2169 3502 2223 intrare

1916 2260 1973 2315 in
2007 2277 2236 2332 regnum
2289 2261 2473 2326 Dei",
2526 2276 2666 2331 opus
2700 2261 2756 2315 in
2790 2261 2954 2315 bonis
2982 2260 3263 2326 abundet;
3302 2273 3505 2328 nempe

1916 2352 1972 2407 in
2005 2352 2391 2424 eleemosynis,
2419 2352 2716 2422 praebendo
2749 2367 2817 2406 ex
2841 2367 2909 2406 eo
2935 2352 3084 2421 quod
3133 2351 3211 2404 illi
3236 2352 3391 2405 deest
3409 2352 3453 2383 θ’
3482 2366 3498 2403 :

1916 2445 1970 2499 in
2003 2444 2286 2499 laboribus
2311 2459 2464 2508 vero,
2511 2444 2661 2514 pacis
2689 2460 2876 2507 causa,
2929 2459 3029 2513 per
3054 2444 3175 2514 ejus
3216 2442 3500 2513 patientiae

1914 2536 2321 2592 fraudationem
2354 2552 2477 2606 qua:
2503 2537 2558 2591 in
2591 2536 2825 2591 Domino
2847 2546 2952 2592 est.

1984 2713 2108 2768 225.
2137 2713 2250 2768 Nec
2280 2713 2375 2784 qui
2402 2713 2470 2766 ad
2507 2712 2793 2777 virtutem,
2824 2727 2933 2782 qua
2969 2711 3224 2767 socordia
3256 2710 3496 2773 laborat,

1914 2807 2099 2860 minus
2126 2805 2314 2869 habet,
2339 2820 2443 2859 nec
2477 2805 2569 2874 qui
2607 2804 2882 2874 superflue
2908 2844 2922 2868 ,
2957 2820 3063 2874 qua
3112 2805 3300 2859 itidem
3352 2804 3502 2858 inani

1915 2897 2332 2951 existimatione
2382 2912 2446 2951 ac
2478 2895 2761 2967 jactantia,
2809 2896 2952 2950 intra
2988 2896 3504 2966 imperturbationis

1841 3029 1884 3088 C
1915 2998 2140 3058 portum
2191 2995 2465 3041 occurret.
2512 2986 2720 3041 Neuter
2763 2987 2913 3041 enim
2964 2987 3237 3041 bonorum
3274 2987 3503 3055 justitite

1916 3095 2141 3149 compos
2170 3079 2413 3143 exstitit,
2439 3078 2643 3147 quippe
2674 3093 2799 3132 cum
2835 3077 2998 3131 ambo
3035 3076 3283 3132 defectus
3308 3091 3501 3130 exces-

1916 3187 2120 3240 susque
2148 3172 2304 3241 juxta
2329 3169 2770 3224 mediocritatem
2807 3185 2917 3223 non
2952 3168 3286 3222 invenerint.

1983 3262 2108 3315 224.
2144 3261 2255 3315 Nec
2294 3267 2438 3314 terra
2465 3301 2479 3324 ,
2511 3260 2619 3314 nisi
2678 3259 2970 3329 multiplici
3022 3266 3207 3328 segete
3252 3255 3503 3327 agricolae

1913 3352 2158 3407 laborem
2191 3352 2590 3416 cumulaverit,
2627 3351 2747 3421 ejus
2772 3351 2907 3406 satis
2953 3348 3312 3419 indigentiam
3345 3347 3501 3401 leva-

1915 3444 2016 3511 bit,
2049 3460 2113 3499 ac
2139 3443 2371 3515 penuria
2391 3460 2517 3499 eum
2548 3443 2807 3498 liberabit
2842 3444 2985 3515 (qua:
3019 3443 3231 3497 scilicet
3281 3456 3503 3496 semen-

1916 3546 2050 3602 tem,
2087 3553 2185 3593 seu
2207 3538 2375 3592 etiam
2414 3537 2674 3608 exiguum
2701 3536 2836 3607 quid
2891 3536 3042 3591 illius
3083 3541 3504 3589 auctoramento

1915 3629 2269 3700 prtebuerit),
2315 3631 2394 3684 sic
2448 3644 2550 3683 nec
2578 3628 2725 3698 quod
2772 3627 2983 3681 activus
3018 3642 3156 3696 opus
3180 3626 3504 3693 facinusque

1916 3722 2171 3783 ediderit,
2216 3723 2429 3789 justum
2473 3736 2602 3775 eum
2650 3720 2797 3789 apud
2824 3720 2995 3773 Deum
3028 3719 3258 3773 reddere
3300 3724 3503 3787 potest,

1916 3812 2025 3866 nisi
2062 3813 2180 3882 ejus
2208 3811 2491 3866 voluntate
2538 3826 2603 3865 ac
2652 3812 2941 3881 proposito
2988 3811 3275 3880 diligentia
3329 3809 3505 3880 major

1917 3903 2107 3959 fuerit.

1987 3996 2113 4050 225.
2150 3995 2265 4050 Nec
2298 4009 2491 4049 omnes
2518 3994 2613 4064 qui
2643 4009 2756 4049 non
2780 3992 3021 4064 diligunt
3058 3992 3394 4062 proximum,
3427 3990 3508 4059 ip-

1919 4103 2041 4145 sum
2074 4086 2255 4142 odisse
2287 4094 2547 4156 possunt;
2596 4100 2702 4139 nec
2732 4084 2827 4154 qui
2874 4100 2986 4138 non
3031 4084 3292 4145 oderunt,
3330 4083 3504 4151 ipsam

1920 4180 2169 4251 diligere.
2221 4176 2497 4246 Aliudque
2544 4175 2711 4246 668
2739 4184 2823 4229 est
2848 4173 3097 4228 invidere
3132 4175 3254 4243 ejus
3280 4171 3503 4234 virtuti,
3602 4250 3613 4255 -

1921 4271 2183 4340 aliudque
2234 4284 2342 4323 non
2399 4266 2477 4321 illi
2514 4265 2808 4321 obstaculo
2842 4279 3001 4331 esse,
3050 4265 3184 4334 quin
3234 4262 3501 4332 proficiat.

235 4351 372 4421 πρὸς
420 4355 727 4426 προκοπήν.
784 4356 1052 4428 Ἐσχάτης
1102 4358 1159 4412 δὲ
1210 4361 1408 4423 κακίας
1458 4362 1813 4432 εὑρεθήσεται

1929 4362 2197 4416 Extremas
2244 4374 2378 4415 vero
2433 4357 2656 4412 malitia:
2708 4356 2910 4428 gradus
2961 4356 3295 4421 invenietur,
3359 4354 3508 4424 quod

243 4510 353 4634 ur
384 4510 568 4635 falat.
597 4528 674 4580 vl.
712 4513 799 4569 14.
876 4513 921 4550 ⁸⁸
949 4515 1186 4587 Philipp°
1234 4534 1308 4581 1v,
1356 4520 1407 4573 7.

310 4737 367 4807 (Ῑ
388 4737 405 4807 )
445 4738 506 4815 ’9
548 4740 859 4815 φῆλφξάνζῳ
886 4740 1078 4797 πάθει.
1114 4740 1272 4808 Quod
1329 4743 1605 4815 φιλοκάλῳ
1636 4744 1697 4798 τὸ
1726 4763 1814 4814 φι-

235 4806 452 4884 λότιμον
469 4806 651 4884 jungit
676 4806 964 4884 Maximus,
995 4806 1461 4884 argumentofest,
1491 4806 1654 4869 sic'in
1686 4806 1814 4884 par-

239 4886 345 4954 tem
392 4879 522 4954 vitii
564 4879 1019 4954 illudgusurpare,
1058 4879 1119 4937 ut
1162 4883 1506 4954 superfluum
1549 4879 1818 4941 duntaxat

237 4948 446 5029 cultum
474 4948 915 5029 elegantiamque
946 4948 1247 5029 significet,
1274 4956 1434 5029 cujus
1476 4971 1630 5009 amor
1649 4956 1817 5029 etiam

239 5019 428 5089 iisqui
461 5019 526 5072 ad
550 5019 1458 5089 pietatem—exercent,obstaculo
1506 5041 1630 5081 esse
1679 5027 1820 5080 solet

238 5088 578 5165 sublimior-is
602 5093 819 5165 volatus
843 5093 898 5147 in
935 5088 1219 5161 oratione;
1275 5096 1556 5165 quomodo
1597 5097 1667 5151 ab
1715 5097 1821 5150 He-

239 5160 441 5241 sy'chio.
486 5160 568 5226 τὸ,
612 5163 918 5228 φιλόκαλος,
953 5160 1611 5241 φιλόκοῴοξεξροῃίῑιιι·
1650 5182 1818 5220 :cum

238 5236 444 5299 alioqui
488 5246 552 5284 ea
604 5247 711 5285 vox
764 5236 1115 5288 communius
1166 5245 1327 5289 sonet
1371 5236 1426 5289 in
1470 5237 1698 5297 bonum,
1756 5251 1821 5291 ac

238 5312 341 5379 pro
376 5301 598 5379 honesti
632 5303 884 5357 studioso
918 5306 1250 5379 accipiatur:
1285 5306 1817 5379 quandoqueetiam

239 5368 458 5444 dicatur
491 5371 559 5425 de
584 5388 773 5444 amore
798 5368 1115 5444 corporum.
1146 5374 1239 5431 Sic
1264 5368 1552 5443 φιλοκαλίᾶ
1604 5376 1816 5430 Socrati

241 5438 477 5514 objecta,
520 5457 582 5496 ac
615 5443 660 5496 si
713 5438 923 5498 dictum
956 5445 1149 5499 fuisset
1212 5438 1594 5514 ποὶιδεραστία.
1645 5444 1810 5512 Greg.

242 5508 552 5585 degpavone
574 5514 1001 5585 perindegambo
1030 5516 1143 5569 htec
1196 5508 1483 5585 conjunxit
1522 5508 1811 5584 φιλόκαλον

242 5581 356 5659 καὶ·
392 5581 708 5651 φιλότιμονο
765 5583 834 5638 ad
894 5585 1197 5659 notandum
1246 5581 1447 5641 animal
1496 5581 1810 5659 pulchritu-

242 5648 657 5720 dinisamans,
692 5668 869 5725 eaque
908 5654 1012 5710 sibi
1051 5655 1273 5725 placens
1308 5671 1371 5711 ac
1423 5648 1809 5721 ambitiosum;

1511 4520 1559 4552 ’°
1608 4520 1765 4576 Joan.
1807 4537 1916 4587 xxv,
1946 4520 2036 4575 25.

2117 4518 2189 4552 ’θ’
2226 4518 2420 4573 Matth.
2467 4533 2523 4583 v,
2557 4516 2647 4571 20.
2751 4516 2797 4548 ⁹²
2855 4515 3022 4571 Marc.
3062 4532 3157 4580 xu,
3212 4515 3310 4582 ιι;
3370 4514 3506 4568 Luc.

1917 4760 1985 4799 ex
2028 4760 2139 4815 quo
2166 4744 2432 4800 Maximus
2452 4743 2753 4799 transferre
2777 4743 2959 4814 potuit
2990 4743 3046 4797 in
3085 4757 3271 4798 mores
3327 4741 3510 4798 homi-

1919 4831 2077 4870 num.
2653 4854 2658 4859 -

1994 4886 2067 4957 (k)
2112 4885 2235 4957 Ant
2278 4884 2387 4938 τοῦ
2433 4884 2948 4957 ἀποστερήματος.
2997 4885 3217 4957 Sensus
3261 4883 3505 4945 videtur,

1923 4955 2010 5010 sic
2041 4955 2328 5010 colendam
2374 4969 2560 5023 pacem
2604 4970 2729 5008 cum
2768 4955 3037 5023 proximo,
3084 4967 3144 5010 ut
3174 4956 3293 5023 ejus
3342 4969 3508 5007 causa

1925 5041 2145 5080 omnem
2180 5026 2381 5095 ineunt
2409 5024 2730 5095 patientiam
2771 5024 3158 5095 exhibeamus,
3213 5025 3372 5092 Cujus
3404 5024 3508 5092 ipsi

1926 5096 2090 5149 nobis
2128 5096 2182 5148 in
2212 5093 2437 5148 Christo
2472 5094 2550 5148 rei
2580 5110 2798 5158 sumus;
2846 5109 3119 5149 summam
3146 5093 3400 5157 scilicet,
3446 5103 3509 5146 ut

1925 5168 2082 5235 quasi
2109 5163 2384 5218 fraudatio
2418 5162 2748 5219 Christiana:
2798 5164 2851 5217 in
2900 5166 3061 5219 nobis
3115 5165 3391 5235 patientia:
3417 5163 3507 5226 sit,

1926 5251 2023 5289 seu
2047 5250 2113 5288 ex
2146 5235 2237 5287 illa
2271 5235 2612 5296 subtractio,
2649 5235 2796 5304 quod
2822 5236 2903 5289 sic
2934 5235 2989 5289 in
3049 5236 3202 5289 illum
3234 5236 3509 5303 patientes

1927 5320 2138 5360 sumus.
2170 5304 2325 5358 Sicut
2366 5312 2421 5357 et
2453 5303 2729 5359 fraudatio
2762 5306 2939 5359 victus
2987 5307 3167 5360 viduae
3201 5306 3324 5369 fuit,
3362 5305 3508 5373 quod

1928 5375 2039 5429 duo
2071 5374 2280 5445 minuta
2302 5374 2368 5427 ad
2414 5376 2783 5445 necessarium
2813 5391 2971 5429 usum
3036 5377 3304 5445 reposita,
3337 5376 3419 5428 sic
3455 5376 3507 5428 in

1926 5444 2375 5516 gazophylacium
2427 5444 2680 5516 miserit;
2747 5460 2856 5497 non
2910 5444 3188 5516 superflua
3252 5446 3505 5508 mittens,

1921 5513 1999 5570 liti
2027 5513 2247 5577 divites,
2290 5516 2385 5568 sed
2419 5515 2484 5567 ὲκ
2527 5513 2618 5585 τοῦ
2666 5513 3043 5585 ὑστερήματος
3085 5518 3253 5585 αὐτῆς
3309 5516 3509 5582 πάντα,

1921 5586 2180 5657 quidquid
2213 5586 2265 5638 in
2306 5601 2514 5639 summa
2552 5584 2653 5639 illa
2685 5584 2912 5657 egestate
2938 5586 3020 5642 illi
3074 5584 3405 5659 suppetebat.

3527 1346 3543 1392 ί
