3922 6348
231 307 372 376 1457

1405 319 1582 378 ALIA
1619 319 1724 378 EX
1757 321 2000 382 VATIC.
2041 325 2330 387 CAPITA.

3363 327 3514 392 res.

305 422 436 492 σλβ’.
475 423 586 486 Τὰς
645 422 948 494 προσϐολὰς
991 423 1039 494 οἱ
1085 422 1542 496 ἀποκρουόμενοι,
1573 427 1634 479 οὐ
1671 444 1806 494 συγ-

1979 429 2103 496 ‘252.
2141 431 2244 498 Qui
2287 435 2670 504 suggestiones
2718 435 3037 505 primosque
3087 444 3272 493 motus
3319 442 3500 510 repeh

223 513 504 585 χωροῦσιν
534 513 746 568 ἔνδοθεν
779 514 875 566 τοῦ
917 513 1140 582 λογικοῦ
1175 517 1498 586 ἀμπελῶνος
1531 518 1608 582 ὡς
1645 519 1813 590 (inpia

223 608 358 668 ’τοὺς
391 607 688 674 λογισμοὺς
719 603 1066 674 εἰσέρχεσθαι
1086 643 1102 668 ,
1131 606 1226 658 καὶ
1248 604 1358 658 τῶν
1383 607 1596 660 ἐκείνου
1632 609 1690 662 ὲν
1721 607 1816 660 λύ-

231 713 312 767 μῃ
341 695 696 748 καθίστασθαι
727 712 740 724 ·
771 696 822 747 οἱ
867 695 924 748 δὲ
957 695 1343 758 συνδυάζονται
1367 695 1444 767 (η)
1471 698 1590 766 μὲν,
1629 698 1814 762 ἁπλῶς

226 787 290 842 δὲ
325 785 670 856 εἰσέρχεσθαι
699 786 898 850 αὐτοὺς
929 787 1326 858 συγχωροῦσιν,
1358 789 1434 858 μὴ
1458 789 1728 843 ἅπτεσθαι
1751 791 1816 850 ,δὲ

235 876 461 946 μηδενὸς
491 878 602 929 τῶν
631 875 812 930 αὐτῶν
848 887 862 908 δ
895 879 946 930 οἳ
978 878 1074 932 καὶ
1117 879 1292 948 ἡδέως
1331 881 1430 949 μὲν
1462 882 1814 952 συνομιλοῦσι

229 957 347 1032 τοῖς
375 969 570 1023 πάθεσι
595 970 682 1022 διὰ
714 970 826 1024 τῶν
866 969 1178 1040 λογισμῶν,
1211 973 1291 1036 είς
1322 973 1728 1042 συγκατάθεσιν
1757 975 1815 1028 δὲ

239 1061 314 1131 μὴ
371 1063 682 1132 ἐρχόμενοι,
715 1062 1082 1131 ὡμοιώθησαν
1112 1066 1226 1125 τοῖς
1274 1065 1473 1118 ἐάσασι
1503 1066 1596 1119 τὸν
1631 1067 1816 1136 μονιὸν

231 1147 444 1202 ἔνδοθεν
471 1150 570 1218 μὲν
589 1150 682 1202 τοῦ
713 1149 972 1220 φραγμοῦ
1003 1151 1290 1216 εἰσελθεῖν,
1316 1155 1374 1206 ὲν
1397 1155 1546 1225 κόρῳ
1574 1155 1630 1208 δὲ
1654 1156 1816 1212 αὑτὸν

233 1237 348 1294 τῶν
382 1239 476 1292 τοῦ
504 1240 829 1310 ἀμπελῶνος
860 1241 1116 1309 γενέσθαι
1151 1243 1396 1314 βοτρύων
1429 1247 1504 1316 μὴ
1533 1248 1818 1319 συγχωρή-

237 1349 394 1386 σασιν
425 1347 438 1359 ·
471 1327 589 1385 εἶτα
619 1327 778 1402 εὗρον
805 1333 966 1386 αὐτὸν
997 1333 1096 1404 τῆς
1126 1333 1336 1387 ἑαυτῶν
1357 1335 1642 1404 δυνάμεως
1669 1339 1818 1406 ισχυ-

237 1425 480 1497 ρότερον,
505 1424 643 1484 σίὲν
672 1423 1071 1492 συγκαταθέσει
1113 1425 1374 1489 πολλάκις
1419 1425 1612 1480 παθῶν
1661 1429 1816 1500 εὑρι-

234 1515 518 1586 σκόμενοι.

309 1607 444 1677 σλγ¹.
481 1607 648 1662 Οὔπω
677 1607 915 1678 ἔφθασεν
944 1610 1023 1672 είς
1055 1608 1356 1678 ἁπλότητα,
1388 1611 1416 1664 ὀ
1455 1609 1534 1662 ἔτι
1561 1603 1816 1681 δεόμενος

235 1701 562 1771 ἐπιμελείας
615 1701 870 1772 φραγμοῦ
903 1701 997 1754 τοῦ
1045 1703 1188 1754 κατὰ
1224 1701 1322 1771 τὴν
1369 1701 1716 1772 ἐγκράτειαν.
1756 1702 1815 1756 '0

230 1795 439 1856 τέλειος
481 1793 612 1864 γὰρ,
645 1795 830 1862 φησιν,
869 1794 970 1845 οὐκ
1003 1792 1416 1864 ἐγκρατεύεται·
1447 1793 1590 1846 ἔοικε
1627 1793 1685 1846 δέ
1711 1812 1816 1848 τινι
1848 1773 1889 1826 Β

231 1886 414 1955 ἔχοντι
443 1885 708 1954 ἄμπελον,
740 1886 772 1956 ἢ
804 1883 1066 1954 ἄρουραν,
1096 1887 1160 1938 οὺ
1183 1887 1346 1955 μέσον
1375 1885 1584 1939 πολλῶν
1643 1885 1819 1940 ἄλλων

231 1977 576 2048 ἀμπελώνων
592 1977 686 2031 καὶ
702 1977 914 2048 χώρων,
933 1977 1048 2030 ἀλλ’
1065 1979 1122 2029 ἐν
1147 1980 1322 2050 γωνία
1337 1995 1462 2032 που⁹
1480 1979 1574 2031 καὶ
1589 1978 1677 2031 διὰ
1698 1977 1792 2030 τοῦ
1797 1992 1822 2034 g-

229 2083 297 2124 το
317 2069 556 2139 δεομένῳ
583 2068 786 2138 πολλῆς
803 2068 902 2138 τῆς
925 2069 1172 2138 φυλακῆς
1206 2071 1302 2122 καὶ
1327 2071 1424 2140 τῆς
1456 2069 1693 2140 νήψεως.
1713 2069 1817 2122 Τοῦ

231 2164 345 2233 γὰρ
383 2163 464 2225 εἰς
505 2161 787 2230 ἁπλότητα
825 2160 1156 2230 φθάσαντος,
1193 2163 1260 2216 ἐκ
1299 2161 1500 2225 παντὸς
1539 2161 1821 2229 ἁνέπαφος

230 2258 272 2328 ἡ
297 2254 540 2324 ἄμπελος
569 2253 796 2322 γίνεται,
826 2251 1089 2322 βασιλέως
1125 2253 1378 2326 καθάπερ
1410 2254 1444 2325 ἦ
1470 2271 1614 2316 τινος
1651 2253 1813 2308 ἄλλου

231 2345 815 2420 παραδυναστεύοντος
850 2344 1108 2416 φοϐεροῦ,
1150 2347 1246 2399 καὶ
1295 2347 1464 2417 μόνης
1503 2345 1564 2410 ἐξ
1623 2345 1816 2414 ἀκοῆς,

229 2442 364 2504 τούς
421 2457 483 2494 τε
537 2440 782 2504 κλέπτας
823 2439 916 2492 καὶ
953 2438 1252 2509 παροδίτας
1297 2438 1821 2511 παρασκευάζοντος

231 2533 484 2604 φρίττειν
513 2534 613 2602 τὴν
647 2531 1014 2602 ἐπιχείρησιν.

309 2705 436 2760 σλδν.
465 2703 656 2757 Πολλοὶ
689 2702 788 2774 μὲν
841 2703 922 2766 είς
960 2701 1050 2756 τὸν
1089 2702 1186 2772 τῆς
1237 2703 1606 2770 κακοπαθείας
1641 2725 1804 2762 σταυ-

231 2797 418 2870 ρὸν(ο)
437 2795 778 2864 ἁνὲρχονται·
809 2791 978 2859 ὀλίγοι
1000 2791 1056 2843 δὲ
1089 2793 1216 2854 τοὺς
1243 2793 1407 2862 ἥλους
1450 2796 1616 2852 αὐτοῦ
1647 2816 1819 2853 κατα-

229 2887 482 2956 δέχονται
514 2901 529 2917 ο
572 2883 965 2954 προαιρετικῆς
999 2882 1097 2952 μὲν
1127 2883 1444 2949 εὐπειθείας
1463 2885 1640 2942 δοῦλοι
1675 2890 1820 2944 πολ-

229 2982 317 3036 λοί
355 2998 368 3010 ·
402 2979 768 3050 ἀπροαιρέτου
807 2975 864 3028 δὲ
889 2973 1176 3046 αἰσχύνης,
1219 2975 1370 3046 μόνοι
1403 2981 1454 3031 οἱ
1495 2979 1558 3034 τὸ
1608 2982 1816 3051 φιλότι-

231 3091 338 3146 μον
374 3071 782 3132 καταλύσαντες

309 3163 434 3219 σλε’.
471 3165 687 3224 Πάντας
722 3161 819 3231 μὲν
855 3160 983 3232 τοὺς
1011 3159 1372 3230 δερματίνους
1407 3163 1647 3232 χιτῶνας
1677 3165 1808 3218 πολ-

227 3258 318 3312 λοὶ
343 3255 681 3320 ὲξεδύσαντο·
699 3252 774 3314 ὡς
795 3250 1020 3321 ἔσχατον
1039 3251 1096 3304 δὲ
1122 3251 1214 3304 τὸν
1232 3251 1329 3322 τῆς
1355 3251 1682 3318 κενοδοξίας,
1715 3256 1814 3326 μό-

303 3395 351 3429 ⁸⁸
380 3393 522 3450 Psal.
553 3407 732 3456 Lxxlx,
771 3391 857 3445 14.

1917 521 2056 585 lunt,
2093 525 2457 594 cogitationes
2485 527 2640 582 velut
2664 528 2868 583 bestias
2893 529 3035 582 intra
3067 529 3388 585 rationalem
3417 533 3500 586 vi-

1915 629 2076 670 neam
2107 615 2341 688 ingredi,
2367 619 2594 689 ejusque
2622 619 2862 689 diripere
2897 619 3108 675 fructus
3137 636 3248 675 non
3269 622 3458 677 sinunt
3485 640 3496 674 :

1915 706 2010 775 qui
2051 715 2235 761 autem
2273 714 2534 778 tanquam
2567 709 2788 764 dextras
2817 709 3100 764 societatis
3125 709 3234 764 illis
3260 711 3501 781 jungen-

1916 805 2019 860 tes,
2047 799 2240 854 sinunt
2277 800 2512 870 ingredi,
2539 817 2604 856 ea
2646 801 2912 856 duntaxat
2943 803 3083 873 lege,
3111 817 3182 858 ne
3209 803 3343 876 quid
3373 804 3500 858 inde

1917 887 2022 944 illa:
2055 891 2411 962 contingant;
2443 893 2539 963 qui
2566 901 2624 948 et
2648 894 2890 948 libenter
2915 893 3188 948 versando
3209 895 3500 965 cogitatio-

1915 992 2035 1041 nes,
2070 977 2218 1033 vitiis
2250 993 2570 1034 assuescant
2609 996 2674 1034 ac
2717 981 3034 1046 affectibus,
3073 997 3177 1036 nec
3211 981 3266 1035 in
3304 997 3506 1038 eorum-

1919 1077 2098 1123 tamen
2140 1085 2470 1126 consensum
2511 1073 2768 1138 veniant;
2814 1072 3021 1126 similes
3065 1073 3174 1128 illis
3220 1083 3370 1138 sunt,
3405 1075 3496 1143 qui

1915 1160 2158 1216 admisso
2197 1161 2340 1218 intra
2373 1166 2668 1219 maceriam
2705 1165 2970 1235 singulari
3013 1164 3133 1219 fero
3160 1165 3228 1228 °’,
3263 1167 3498 1220 saturari

1915 1267 2042 1306 eum
2074 1253 2248 1308 botris
2273 1269 2384 1309 non
2415 1255 2766 1325 permittant;
2799 1264 3026 1326 tumque
3053 1255 3132 1310 illi
3155 1256 3372 1311 viribus
3395 1257 3499 1310 im-

1917 1359 2100 1416 pares,
2143 1347 2294 1401 vitiis
2325 1355 2382 1402 et
2424 1348 2714 1404 affectibus
2743 1363 3028 1405 assensum
3071 1347 3320 1418 praebere
3349 1349 3502 1402 inve-

1917 1439 2162 1493 niantur.

1985 1613 2110 1668 2'55.
2147 1611 2390 1669 Necdum
2422 1613 2492 1668 ad
2521 1611 2930 1683 simplicitatem
2963 1611 3160 1676 evasit,
3192 1610 3288 1680 qui
3320 1609 3503 1664 adhuc

1918 1706 2170 1760 maceriae
2219 1721 2354 1762 cura
2407 1705 2634 1775 indiget.
2672 1719 2796 1773 qua:
2837 1712 2923 1758 est
2965 1701 3328 1772 continentia.
3365 1701 3502 1754 Nam

1920 1795 2016 1865 qui
2045 1796 2324 1866 perfectus
2363 1805 2468 1861 est,
2501 1797 2699 1866 inquit,
2733 1796 2780 1850 is
2807 1811 2918 1850 non
2949 1795 3240 1850 continens
3267 1801 3374 1849 est.
3405 1792 3502 1848 Est

1919 1902 2052 1940 vero
2085 1885 2280 1942 similis
2305 1886 2528 1940 habenti
2557 1886 2772 1958 vineam
2803 1901 2900 1940 seu
2923 1901 3138 1956 agrum,
3161 1901 3274 1940 non
3301 1885 3353 1938 in
3383 1873 3500 1938 nte-

1921 1978 2014 2032 dio
2039 1979 2276 2032 aliorum
2311 1978 2575 2048 plurium,
2607 1978 2704 2032 scd
2734 1977 2924 2047 procul
2959 1977 3012 2030 in
3043 1977 3272 2046 angulo;
3298 1977 3504 2044 quique

1919 2069 2060 2124 adeo
2087 2070 2258 2124 multa
2299 2069 2584 2140 diligentia
2627 2069 2992 2142 pervigilique
3025 2083 3158 2122 cura
3205 2065 3272 2121 ad
3315 2073 3502 2120 custo-

1919 2161 2065 2216 diam
2111 2177 2250 2230 opus
2294 2161 2514 2216 habeat.
2571 2161 2702 2232 Ejus
2753 2160 2900 2215 enim
2949 2158 3044 2228 qui
3092 2158 3502 2228 simplicitatem

1919 2262 2113 2310 nactus
2159 2261 2274 2310 est.
2309 2253 2488 2316 vinea,
2531 2251 2898 2321 undequaque
2945 2249 3226 2304 inaccessa
3272 2263 3338 2302 ac
3388 2256 3504 2302 tuta

1917 2353 2034 2411 est;
2055 2345 2205 2400 velut
2222 2345 2434 2398 scilicet
2455 2343 2600 2412 regis
2631 2351 2728 2398 aut
2750 2341 3034 2414 cujusdam
3061 2341 3288 2394 alterius
3301 2341 3500 2394 summi

1918 2435 2186 2504 principis
2211 2433 2594 2497 formidabilis,
2621 2433 2828 2504 quique
2853 2449 2920 2486 ex
2961 2431 3084 2500 ipso
3126 2429 3319 2484 auditu
3363 2429 3502 2484 furi-

1919 2527 2023 2580 bus
2048 2543 2112 2582 ae
2133 2526 2442 2580 viatoribus
2475 2535 2742 2580 terrorem
2775 2523 3006 2595 injiciat,
3036 2537 3106 2578 ne
3129 2521 3262 2594 quid
3291 2521 3347 2576 in
3377 2535 3502 2576 eam

1920 2626 2126 2673 temere
2155 2617 2474 2672 moliantur.

1989 2709 2114 2764 254.
2143 2709 2294 2763 Multi
2326 2715 2456 2762 sunt
2477 2707 2573 2777 qui
2599 2705 2966 2762 amictationis
2989 2719 3207 2760 crucem
3237 2717 3502 2758 conscen-

1917 2799 2084 2865 dant;
2116 2798 2276 2869 pauci
2317 2813 2448 2852 vero
2481 2798 2576 2868 qui
2605 2800 2728 2869 ejus
2769 2797 2953 2852 clavos
2981 2795 3317 2851 admittant:
3343 2793 3500 2848 multi

1917 2892 2012 2962 qui
2041 2885 2353 2961 spontancae
2379 2889 2710 2944 obedientia:
2736 2889 2881 2944 servi
2915 2888 3204 2952 exsistant,
3242 2887 3502 2940 involuu-

1917 2983 2069 3038 tariaa
2106 2989 2288 3036 autem
2321 2981 2662 3036 confusionis
2690 2997 2754 3035 ac
2783 2980 2994 3050 probri,
3032 2980 3070 3033 ii
3095 2979 3380 3042 duntaxat,
3407 2979 3506 3047 qui

1841 3111 1884 3170 Ο
1916 3072 2196 3126 ambitiosi
2235 3070 2406 3125 animi
2437 3069 2694 3124 aﬂ‘ectum
2729 3069 3018 3123 cliserunt.

1986 3165 2112 3220 255.
2145 3163 2298 3218 Multi
2327 3161 2550 3232 quidem
2583 3162 2846 3232 pelliceas
2869 3175 3062 3216 onmes
3093 3159 3309 3215 tunicas
3331 3175 3502 3212 exuc-

1923 3267 2080 3323 runt;
2131 3264 2386 3326 tauquam
2433 3264 2734 3310 extremam
2772 3270 2904 3310 vero
2957 3253 3138 3310 inanis
3179 3252 3386 3324 gloriae,
3424 3249 3506 3310 illi

227 3511 524 3584 ἀπάθειαν,
550 3517 606 3584 et
653 3521 794 3578 quos
825 3515 987 3584 vocat
1009 3507 1317 3584 ήᾷυπαθεῒς·
1346 3511 1440 3584 qui
1479 3519 1538 3566 et
1582 3513 1798 3584 jacten-

1921 3516 2212 3584 tabeutque
2247 3513 2520 3584 Polyglot.
2554 3513 2660 3567 Alii
2679 3515 3058 3584 communitis,
3083 3512 3258 3565 bestia:
3283 3511 3498 3584 deserti,

230 3596 328 3640 tur
381 3579 729 3646 ἐπιθυμίαις,
783 3579 1190 3647 cupiditatibus,
1247 3579 1539 3636 desideriis.
1582 3579 1798 3640 'Portus

228 3653 404 3716 enim,
433 3651 488 3702 in
519 3663 629 3718 quo
657 3657 774 3702 tuta
799 3648 872 3701 sit
891 3663 956 3701 ac
985 3649 1285 3718 tranquilla
1315 3652 1500 3714 statio,
1532 3651 1804 3715 ἀπαθείας

235 3722 412 3793 magis
431 3720 708 3793 videatur,
739 3719 796 3771 in
819 3733 926 3793 qua
951 3733 1060 3770 non
1093 3718 1166 3793 sit
1189 3720 1342 3793 _ullis
1367 3721 1568 3793 jactari
1617 3723 1804 3776 flucti-

233 3787 360 3858 bus,
393 3787 737 3850 σαλεύεσθαι,
785 3788 880 3841 sed
922 3803 1054 3856 pace
1095 3787 1204 3840 frui
1240 3803 1304 3842 ac
1344 3787 1656 3859 quiescere.
1689 3793 1808 3848 Nisi

234 3865 379 3918 forte
411 3862 516 3914 hoc
542 3861 660 3913 vult
689 3859 973 3922 Maximus,
1015 3872 1234 3911 omnem
1265 3869 1510 3914 nostram
1541 3860 1632 3916 hic
1663 3862 1809 3914 ἀπά-

235 3933 408 3996 θειαν,
447 3929 906 3998 temperatiouem
940 3927 1235 3996 quamdam
1269 3943 1392 3983 esse
1425 3929 1724 3984 affectuum
1756 3939 1814 3986 et

239 4001 678 4073 μετριοπάθειαν·
717 4013 954 4068 quorum
993 4007 1304 4073 motusnec
1327 3999 1586 4073 perfectis
1607 4001 1810 4073 desint,

235 4068 706 4140 illisquejactari,
733 4083 860 4140 cum
897 4077 1091 4140 tamen,
1107 4083 1164 4122 se
1189 4068 1298 4140 illis
1333 4070 1536 4126 abduci
1579 4072 1810 4126 minime

235 4145 454 4205 sinant,
477 4139 704 4209 isintquc
727 4139 877 4193 velut
904 4139 1057 4193 navis
1083 4139 1197 4207 ipsa
1225 4139 1278 4192 in
1323 4141 1564 4196 anchora
1591 4142 1812 4194 σαλευο-

241 4215 400 4282 μένη,
447 4219 565 4266 tum
596 4209 761 4282 etiam
784 4223 910 4282 eum
956 4217 1178 4282 portum
1216 4209 1707 4266 videtur'tencre:
1750 4219 1812 4266 ut

234 4279 341 4339 nec
366 4279 500 4337 tunc
523 4295 686 4354 omne
714 4279 861 4334 absit
907 4279 1386 4354 periculum,___sed
1423 4297 1646 4352 semper
1673 4282 1808 4354 vigio

233 4354 348 4408 lare
379 4367 606 4408 necesse
630 4349 722 4414 sit,
753 4365 984 4418 esseque
1011 4365 1143 4404 cura
1178 4350 1500 4406 sollicitum.

1903 3587 1982 3640 uti
2013 3581 2179 3640 etiam
2203 3581 2361 3655 Syan
2388 3581 2448 3655 ut
2480 3583 2553 3636 sit
2577 3583 2765 3652 potius
2811 3583 3138 3655 genericum
3155 3597 3374 3655 nomen
3416 3581 3498 3644 τὸ,

1909 3667 1983 3713 't'l't
2027 3653 2346 3724 significans
2378 3653 2632 3724 bestiam,
2683 3669 2847 3722 quam
2898 3663 3062 3709 certa:
3096 3653 3333 3724 alicujus
3380 3663 3504 3724 Spe-

1913 3725 2034 3778 ciei.
2083 3722 2311 3792 'Chald.
2357 3722 2546 3778 Gallus
2583 3723 2841 3776 silvester.
2891 3725 2958 3778 R.
2991 3723 3186 3784 David,
3242 3724 3379 3792 fere,
3431 3722 3500 3776 ιι.

1915 3793 2122 3872 salem.
2155 3791 2585 3872 νςψξίέεξενΑὶκξῐιζ
2623 3793 2780 3855 Esra,
2813 3809 2957 3872 aues,
3000 3791 3272 3872 golatitin.
3313 3792 3502 3872 _Longc

1917 3862 2080 3916 aliter
2146 3860 2409 3924 oi'LXX,
2473 3861 2610 3931 psal.
2654 3876 2796 3931 uix,
2851 3863 2940 3926 Η,
2990 3863 3260 3931 ὼραιότης
3301 3860 3498 3930 ἀγροῦ,

1918 3933 2114 4002 species
2144 3934 2300 4002 agri,-
2342 3947 2468 3985 cum
2504 3929 2616 4002 sint
2658 3929 2865 3985 eaedem
2901 3929 3068 3986 voces
3106 3929 3410 4002 Hebraicis,
3443 3943 3502 3985 et

1921 4000 2096 4056 series
2127 4000 2311 4056 on‘mis
2366 4002 2436 4056 dc
2469 4001 2664 4056 bestiis
2693 4004 2748 4054 in
2779 4017 2983 4071 genere
3021 4017 3119 4056 seu
3155 4000 3502 4071 animalibus

1920 4073 2289 4136 silvestribus,
2323 4081 2516 4141 poscat
2540 4072 2763 4140 exponi.
2789 4070 2940 4127 ἨεΒο
2971 4087 3105 4126 vero
3138 4070 3326 4125 dicere
3377 4085 3504 4139 spe-

1921 4143 2066 4197 ciem
2093 4159 2190 4198 seu
2219 4151 2475 4196 ornatum
2503 4143 2639 4211 agri,
2671 4157 2766 4211 seu
2793 4142 3019 4206 deserti,
3045 4142 3100 4196 id
3132 4141 3291 4195 valde
3317 4157 3501 4194 remo-

1921 4221 2061 4275 tum,
2103 4229 2169 4267 ac
2219 4213 2382 4282 plane
2434 4209 2778 4282 :enigmatice
2829 4213 3040 4268 dictum
3077 4212 3250 4266 videri
3297 4211 3496 4280 possit.

1918 4282 2108 4354 Schol.
2158 4299 2228 4354 ex
2263 4283 2412 4352 Sym.
2440 4283 2582 4354 psal.
2615 4282 2710 4335 illo
2741 4297 2916 4354 pxxix,
2949 4285 3081 4354 (an
3102 4282 3358 4354 ἐρημίας,
3384 4296 3496 4354 non

1916 4353 2059 4406 bene
2106 4351 2351 4408 refertur
2397 4354 2450 4424 in
2482 4351 2634 4423 Syxt.
2691 4351 2760 4424 ad
2795 4369 2984 4424 vocem
3022 4351 3143 4416 οὖς’
3169 4351 3234 4406 ἔκ
3262 4351 3494 4424 δρυμοῦ,

311 4423 388 4492 (n)
441 4427 503 4477 Οὶ
651 4418 1118 4503 συνᾷυάζοιγταιε
1141 4421 1344 4503 Addidi
1369 4422 1700 4503 particulam
1725 4422 1804 4503 δὲ,

1921 4439 2024 4503 qua
2062 4431 2212 4503 certa
2265 4423 2486 4503 species
2521 4418 2882 4503 animalis-in
2937 4423 3125 4503 Graeco
3173 4418 3391 4503 pariter
3431 4437 3502 4477 ac
3563 4423 3578 4480 ί

235 4503 290 4550 et
313 4489 676 4564 sequentibus
703 4491 910 4544 mutavi
947 4490 1002 4543 in
1027 4489 1159 4564 καί·
1204 4491 1253 4542 οἱ
1300 4489 1562 4564 aestas;
1589 4509 1602 4522 ·
1629 4495 1688 4564 ot
1711 4495 1806 4546 καὶ

235 4559 425 4634 ἡδέως·
482 4561 628 4634 quod
660 4569 848 4634 aperte
885 4568 996 4614 tota
1025 4559 1132 4614 loci
1166 4568 1448 4634 structura
1497 4563 1574 4616 ita
1603 4563 1809 4634 exigat,

235 4632 426 4704 sicque
451 4633 639 4702 omnia
668 4632 830 4704 plana
862 4639 991 4684 sunt
1044 4640 1101 4704 et
1149 4632 1446 4704 expedita:
1489 4642 1619 4704 sunt
1662 4632 1812 4688 enim

235 4701 354 4760 haec
384 4701 496 4758 duo
547 4702 795 4756 meinbra
823 4717 936 4772 per
974 4701 1238 4772 majorem
1263 4703 1692 4772 explicationem
1721 4719 1813 4758 sc-

235 4773 698 4845 qucntia.il’orro
759 4769 1134 4845 saluberrima
1167 4769 1422 4826 doctrina
1459 4773 1598 4838 haec,
1657 4774 1808 4828 serio

234 4841 480 4900 cavenda
508 4841 664 4897 initia
690 4857 704 4906 ;
746 4841 1008 4910 paulatim
1031 4842 1234 4912 malum
1263 4857 1580 4912 augescere,
1603 4857 1668 4898 ac
1691 4854 1810 4898 tan-

235 4916 364 4970 dem
397 4915 514 4970 ﬁeri
541 4912 948 4981 insuperabile;
991 4911 1304 4982 scitumque
1348 4911 1670 4982 exemplum
1699 4923 1809 4969 est.

233 4987 330 5039 τοῦ
361 4985 545 5055 μονιοῦ
587 4980 804 5055 ᾁγρίου,
824 4980 1126 5055 _siugutaris
1155 4980 1277 5052 feri,
1316 4982 1370 5036 id
1393 4980 1681 5055 est,apri;
1710 4984 1810 5055 qui

235 5063 294 5111 et
337 5051 500 5110 nobis
527 5051 912 5122 inde'snnglier
954 5051 1195 5106 dicitur:
1228 5067 1428 5121 porcus
1476 5051 1689 5108 scilicet
1715 5051 1810 5108 sil-

233 5135 422 5181 vester
442 5135 498 5180 et
544 5123 850 5187 solitarius;
887 5137 1051 5190 quem
1088 5129 1272 5193 tenera
1327 5132 1485 5178 aetate
1542 5123 1810 5193 tantisper

235 5197 530 5262 cohibens;
576 5193 821 5248 adultum
858 5207 1009 5256 vero,
1037 5192 1170 5262 quin
1214 5193 1430 5247 vincant
1455 5192 1806 5260 demoliatur,

241 5268 380 5322 intra
409 5281 571 5335 quem
605 5263 928 5335 admiseris,
952 5263 1102 5316 nulla
1157 5263 1430 5335 industria
1461 5279 1810 5334 compescere

237 5334 441 5390 valeas.
473 5337 565 5390 Sic
606 5341 790 5388 autem
816 5334 952 5401 psal.
987 5349 1164 5396 Lxxtx,
1201 5335 1288 5396 Η,
1329 5334 1470 5388 idem
1499 5335 1704 5388 animai
1733 5335 1808 5388 si-

273 5407 482 5460 niﬁeari
541 5415 770 5473 utraque
811 5404 1070 5458 versiculi
1129 5412 1306 5474 parte,
1341 5421 1572 5473 esseque
1627 5403 1808 5471 μονιὸν

273 5424 482 5460 mneari
541 5424 770 5473 utraque
811 5424 1070 5458 versiculi
1129 5424 1306 5474 parte,
1341 5424 1572 5473 esseque
1627 5424 1808 5471 μονιον

237 5424 427 5546 imam
457 5476 551 5546 qui
581 5475 675 5538 σῦς
707 5477 770 5526 ἐκ
802 5473 1006 5546 δρυμοῦ
1033 5475 1222 5546 multis
1249 5475 1547 5528 ostendere
1575 5483 1810 5546 conatur

224 5543 496 5600 .BoChart.
519 5545 618 5600 lib.
645 5559 722 5608 in,
755 5559 876 5612 cap.
902 5544 992 5608 29,
1020 5553 1056 5597 t.
1089 5545 1105 5596 l
1141 5545 1338 5598 Hister.
1379 5543 1695 5599 animali-um
1717 5563 1808 5598 sa-

237 5634 340 5670 cra:
371 5614 678 5686 Scriptura).
711 5615 802 5686 §ic
829 5624 978 5686 certe
1009 5613 1234 5686 oiLXX
1267 5630 1553 5686 accepere,
1575 5615 1647 5668 ita
1675 5615 1804 5669 red-

239 5685 442 5749 dendo,
479 5683 582 5742 etsi
599 5684 836 5754 Cyrillus
868 5683 986 5738 ὄνον
1048 5685 1240 5752 ἄγριον
1293 5685 1477 5754 habet.
1519 5687 1600 5738 uti
1639 5686 1806 5740 etiam

239 5757 450 5811 monuit
473 5753 748 5828 liesychi.,
766 5771 874 5825 quo
896 5755 1060 5810 etiam
1081 5753 1500 5821 modorcddidit
1515 5755 1802 5824 Arabicus,

1913 4491 2084 4547 llebr.
2119 4491 2435 4557 denotatur,
2473 4491 2592 4562 ipsa
2623 4493 2950 4558 notissima;
2985 4494 3079 4549 sed
3121 4491 3193 4547 ad
3237 4499 3492 4562 sequent.

1917 4565 2100 4632 μονιὸς
2147 4564 2359 4632 ἄγριος,
2392 4563 2482 4618 cui
2517 4563 2820 4632 respondet
2853 4565 2906 4616 in
2949 4564 3120 4618 Hebr.
3149 4579 3256 4618 vox
3293 4565 3384 4616 illa
3417 4563 3497 4616 sic

1915 4633 2040 4705 lata:
2067 4633 2510 4705 significationis.
2539 4641 2595 4688 et
2625 4649 2746 4705 qua:
2767 4649 2932 4688 omne
2959 4635 3163 4689 animal
3187 4634 3490 4705 signiﬁcet;

1913 4703 2170 4774 idemque
2203 4703 2364 4774 sitae
2387 4703 2590 4762 Graecis
2622 4703 2918 4758 κνώδαλον.

1987 4771 2200 4847 (ο)ξΤὸγ⁸
2227 4772 2336 4840 τῆς
2365 4775 2770 4847 κακοπαρεζας
2820 4771 3104 4841 σταυρόν.
3135 4776 3248 4829 Vox
3290 4773 3490 4845 passim

1917 4843 2213 4913 Theclogis
2243 4853 2466 4912 recepta
2497 4859 2598 4912 pro
2627 4844 2816 4898 labore
2861 4854 3056 4914 sponte
3107 4843 3392 4914 assumpto
3438 4855 3495 4898 et

1913 4915 2101 4970 carnis
2126 4913 2600 4980 atllictatione;in
2636 4929 2746 4983 quo
2792 4913 2950 4968 multi
2984 4930 3124 4983 pene
3170 4913 3340 4980 avidi,
3367 4930 3493 4970 cum

1914 4985 1970 5039 in
2007 4984 2270 5039 immissis
2299 4999 2330 5036 a
2361 4985 2470 5038 Deo
2503 4985 2682 5048 malis,
2715 5001 2858 5054 εῖδει-υ
2891 4986 3210 5053 patientiam
3245 4992 3490 5051 teneant;

1914 5055 2082 5126 idque
2105 5055 2612 5126 ibiaximushargute
2658 5053 2824 5126 vocat
2873 5053 3243 5126 κακοπαθείας
3275 5055 3494 5118 clavos;

1913 5124 2008 5195 qui
2041 5125 2274 5206 scilicet,
2306 5124 2542 5206 velimus
2580 5125 2839 5206 nolimus,
2866 5140 2930 5205 ac
2976 5125 3249 5206 exteriore
3273 5133 3490 5206 agente,

1913 5193 2066 5249 cruci
2093 5194 2336 5265 adigunt.
2387 5193 2595 5248 [lorum
2633 5195 2924 5248 tolerantia
2966 5195 3231 5265 probatur
3273 5193 3490 5265 virtus;

1911 5266 2228 5332 frustraque
2279 5264 2397 5333 ejus
2449 5266 2672 5319 nomine
2717 5267 2847 5335 quis
2882 5263 3150 5335 gloriatur
3174 5263 3330 5327 ἐκτὸς
3375 5265 3486 5315 0).!-

1910 5336 2076 5405 ψεως,
2133 5336 2234 5388 nisi
2267 5350 2564 5405 (erumnam
2611 5334 2862 5405 malaque
2891 5334 3129 5404 passus;
3178 5337 3257 5389 uti
3301 5343 3496 5405 auctor

1911 5403 1997 5460 est
2027 5403 2598 5476 MarcuseremitaDe
2650 5403 2968 5476 lt’geispir’it.
3011 5421 3058 5460 c.
3112 5405 3202 5470 66,
3235 5404 3330 5476 ubi
3381 5406 3494 5472 jam

1911 5476 2146 5536 dixerat,
2171 5491 2219 5528 c.
2248 5473 2336 5546 56,
2372 5473 2642 5544 σύμϐασιν
2660 5473 2946 5546 ὀδυνηρὰν,
2978 5493 3160 5530 casum
3186 5475 3492 5546 aitolcstum.

1911 5547 2004 5600 Dei
2045 5545 2364 5598 memoriam
2419 5547 2694 5614 przebere;
2731 5545 2918 5610 et’5'l,
2966 5563 3186 5601 onlnem
3239 5545 3494 5598 ἀκούσιον

1909 5617 2092 5670 πόνον.
2149 5615 2248 5670 Ubi
2301 5615 2680 5687 abstergendae
2714 5617 2914 5688 ObsOp.
2953 5617 3172 5680 sordes,
3204 5617 3247 5671 si
3299 5615 3490 5671 charta

1910 5689 2101 5743 ferret.
2131 5695 2184 5742 et
2213 5687 2390 5742 locus.

1933 5697 2101 5746 Cl‘l‘Ci.
2131 5695 2184 5742 Cl
2213 5695 2390 5742 iOCUS.
