3922 6348
417 318 555 386 1459

1559 318 1618 377 S.
1660 317 1948 377 MAXIMI
1987 315 2503 380 CONFESSORIS

3561 315 3708 382 1460

408 431 697 491 duntaxat,
724 427 818 496 qui
864 424 984 496 ejus
1029 423 1178 478 velut
1211 432 1497 494 parentem
1529 425 1695 479 animi
1729 423 1836 480 sibi
1875 423 1994 494 pla-

2111 441 2192 478 νον
2237 425 2286 477 οἱ
2341 423 2559 495 μητέρα
2616 421 2789 493 αὐτῆς
2826 421 2928 494 τὴν
2991 423 3408 496 αύταρέσκειαν
3439 425 3705 497 semina-

407 519 584 574 centis
612 515 804 570 vitium
832 529 896 568 ac
922 513 1101 568 labem
1122 513 1390 568 exsecrati
1420 524 1567 568 sunt.

478 610 603 664 9.56.
632 607 736 675 Qui
782 606 980 677 probat
1012 605 1257 676 quidem,
1289 613 1344 659 at
1389 621 1499 658 non
1550 606 1769 676 recipit,
1801 606 1998 660 huma-

409 719 533 757 nam
568 701 810 763 laudem,
839 707 896 754 et
927 706 989 752 ut
1027 712 1228 767 corpus
1262 697 1454 751 mitius
1483 697 1716 762 habeat;
1752 697 1863 763 hic,
1897 713 1995 752 ex-

411 805 584 850 trema
608 793 790 848 inanis
808 792 995 863 gloriae
1020 791 1262 846 nudatus
1289 791 1494 854 tunica,
1527 789 1824 844 habitaculi
1848 795 1995 860 quod

409 887 477 942 de
521 887 660 942 cmlo
688 894 793 948 est,
832 899 896 939 ac
929 884 1077 953 quod
1127 885 1297 938 multa
1325 883 1629 954 gemituum
1673 881 1725 934 vi
1763 881 1999 952 inquiri-

410 991 554 1044 mus,
587 976 917 1041 claritatem,
949 975 1077 1030 inde
1099 975 1210 1046 jam
1243 973 1446 1028 meruit
1470 973 1700 1028 induere
1730 973 1796 1025 9".

474 1154 598 1209 9.37.
630 1154 793 1209 Aliud
837 1163 921 1210 est
963 1155 1128 1218 actio,
1173 1153 1321 1208 aliud
1370 1154 1601 1208 eﬂ‘ectus
1641 1161 1698 1206 et
1726 1151 1873 1222 quod
1905 1153 1996 1207 illa

407 1247 604 1317 agitur.
654 1248 732 1302 Ac
775 1248 998 1318 quidem
1047 1248 1320 1311 alterum,
1367 1245 1733 1300 consummati
1784 1245 1995 1314 peccati

407 1339 718 1409 subjectum
765 1351 886 1405 est;
936 1341 1169 1394 alterum
1206 1353 1358 1403 vero,
1399 1337 1698 1407 voluptatis
1732 1337 1998 1391 duntaxat

407 1445 472 1483 ac
499 1429 768 1491 libidinis,
795 1430 942 1483 intus
975 1429 1162 1482 animo
1191 1428 1446 1498 vigentis,
1477 1443 1587 1481 non
1628 1436 1812 1481 tamen
1839 1435 1995 1481 exte-

405 1519 522 1571 rius
549 1517 864 1586 productae:
891 1517 1043 1571 velut
1074 1517 1334 1571 nimirum
1366 1517 1461 1586 qui
1491 1533 1598 1570 non
1624 1517 1799 1586 patria
1828 1532 1994 1570 exsu-

404 1607 543 1672 lant,
579 1607 786 1677 quique
818 1607 1181 1662 nihilominus
1213 1607 1379 1678 670
1402 1622 1523 1676 qua:
1569 1622 1637 1661 ex
1681 1606 1996 1661 dominato-

404 1714 528 1753 rum
555 1707 684 1754 voto
707 1701 825 1754 sint
859 1700 1075 1771 illisque
1105 1700 1393 1770 imperata,
1425 1699 1632 1753 tributo
1658 1698 1922 1768 pendant.

472 1791 600 1846 238.
634 1791 772 1846 Cum
803 1769 999 1862 gustus
1038 1769 1516 1860 interivoluptates
1554 1792 1760 1861 primas
1791 1801 1996 1858 teneat,
2034 1769 2076 1825 Β

407 1881 526 1938 fieri
554 1901 660 1938 non
689 1894 872 1955 potest
900 1887 1034 1956 quin
1059 1900 1253 1940 omnes
1278 1900 1473 1941 sensus
1499 1901 1605 1940 una
1631 1886 1999 1957 obsequentes

406 1975 606 2039 trahat,
642 1976 856 2030 tametsi
892 1976 947 2030 in
993 1976 1073 2030 eis
1113 1976 1206 2045 qui
1240 1976 1558 2046 frigidiores
1603 1985 1732 2031 sunt
1774 1977 1830 2032 in
1864 1993 1998 2048 pace

404 2067 676 2120 contineri
737 2083 973 2121 venerea
1022 2067 1314 2132 videntur,
1366 2069 1676 2140 cujusmodi
1726 2069 2000 2124 exsistunt

403 2157 596 2222 vetuli,
628 2158 721 2228 qui
760 2158 1076 2213 incendium
1122 2174 1190 2213 ex
1245 2160 1369 2230 igne
1418 2175 1527 2213 non
1580 2160 1844 2214 sentiant.
1875 2160 2000 2215 Non

407 2259 585 2304 tamen
625 2249 880 2321 gignendi
912 2249 1162 2320 partibus
1193 2260 1342 2304 casta
1369 2250 1735 2304 aastimabitur
1768 2251 1995 2317 sterilis,

405 2359 528 2412 quae
555 2343 890 2398 adulterium
933 2343 1116 2398 faciat.
1149 2342 1373 2398 Castum
1411 2358 1543 2398 vero
1577 2343 1810 2398 dixerim
1847 2343 2000 2414 quis-

404 2435 528 2506 quis
559 2451 668 2489 non
705 2435 1030 2499 fornicetur,
1055 2450 1158 2490 nec
1173 2435 1448 2505 impudice
1474 2435 1652 2490 oculis
1669 2433 1994 2491 oblectetur.

473 2527 598 2582 239.
637 2527 696 2581 ln
742 2527 882 2582 cibis
915 2527 1220 2598 formisque
1273 2542 1336 2582 ac
1384 2527 1648 2591 vocibus,
1699 2527 1870 2583 animi
1913 2529 1998 2584 vis

405 2617 845 2688 concupiscentis
865 2619 1200 2688 exploratur,
1224 2633 1474 2687 quamam
1511 2619 1611 2684 sit;
1642 2628 1757 2673 tum
1785 2619 1999 2675 scilicet

407 2709 622 2763 valendi
662 2717 776 2762 tum
814 2709 1111 2779 respuendi
1145 2701 1581 2780 appetitionibus
1626 2710 1681 2764 in
1714 2720 1874 2782 gustu
1911 2712 1997 2766 vi-

403 2816 580 2870 suque
627 2812 682 2856 et
721 2800 947 2867 auditu;
997 2816 1127 2854 num
1163 2801 1314 2856 velut
1349 2818 1470 2872 quae
1526 2802 1633 2856 illis
1668 2811 1878 2870 utatur,
1926 2820 1995 2860 an

401 2892 555 2948 velut
594 2909 718 2964 quae
768 2893 1052 2958 abutatur,
1087 2894 1173 2948 vel
1227 2909 1349 2963 quae
1401 2893 1587 2949 medio
1635 2894 1800 2950 modo
1849 2896 1997 2952 inter

403 2990 699 3052 utrumque
734 2997 792 3035 se
821 2981 1030 3036 habens
1064 2982 1402 3037 inveniatur.

473 3073 610 3172 240..
635 3074 694 3127 ln
729 3073 935 3144 quibus
980 3089 1089 3129 non
1126 3076 1280 3145 praeit
1331 3075 1516 3139 timor,
1550 3077 1720 3133 animi
1755 3080 1994 3134 rationes
2021 3113 2063 3172 α

401 3179 466 3217 ac
495 3164 855 3234 cogitationes
881 3165 934 3220 in
962 3167 1286 3222 confusione
1327 3168 1698 3236 invenientur,
1733 3179 1992 3242 tanquam

401 3271 535 3311 oves
556 3272 665 3311 non
691 3257 958 3314 habentes
987 3268 1265 3329 pastorem
1296 3261 1342 3291 "
1370 3278 1382 3313 :
1411 3261 1605 3315 ordine
1631 3270 1814 3317 autem
1844 3279 1993 3318 com—

403 3349 595 3417 positae
651 3349 904 3420 intraque
965 3351 1176 3405 caulam
1225 3352 1469 3407 collectae
1525 3362 1675 3408 recte
1730 3355 1992 3424 pascendi

359 3429 372 3442 ’
403 3440 637 3506 ratione,
673 3441 765 3496 illo
807 3444 1008 3498 comite
1049 3455 1143 3498 aut
1179 3454 1482 3515 prtecunte.

469 3531 596 3585 2M.
647 3532 797 3586 Fidei
843 3535 1046 3602 proles,
1086 3535 1254 3589 timor
1285 3546 1402 3601 est;
1442 3537 1488 3591 is
1519 3553 1672 3600 vero,
1709 3537 1993 3591 mandato-

403 3638 526 3675 rum
557 3632 760 3690 pastor.
790 3623 884 3686 Ac,
917 3625 1011 3693 qui
1043 3625 1164 3693 ejus
1195 3635 1479 3694 parentem
1512 3635 1705 3682 nactus
1731 3643 1840 3682 non
1875 3629 1994 3683 fue-

402 3713 493 3774 rit,
532 3712 676 3766 hand
709 3713 908 3784 dignus
935 3715 1213 3771 videbitur
1253 3715 1349 3787 qui
1386 3717 1601 3772 Domini
1627 3735 1846 3790 pascua:
1873 3721 1995 3777 ovis

401 3803 745 3860 admittatur.

469 3895 594 3950 242.
621 3897 726 3952 Alii
751 3898 975 3968 quidem
999 3901 1112 3955 sola
1139 3901 1344 3958 habent
1375 3903 1646 3959 bonorum
1679 3904 1870 3971 initia;
1898 3905 1992 3960 alii

399 4003 532 4044 vero
570 3989 734 4044 etiam
779 3990 976 4044 horum
1012 3994 1226 4060 media;
1275 3996 1366 4050 alii
1395 3997 1633 4066 denique
1662 3997 1828 4052 etiam
1874 3996 1995 4050 illo-

403 4095 525 4133 rum
563 4079 730 4146 fmes;
767 4082 862 4150 qui
907 4083 951 4136 si
983 4083 1182 4150 desint,
1222 4087 1374 4141 velut
1417 4089 1647 4158 simplex
1695 4090 1854 4144 miles
1898 4101 1995 4145 aut

399 4171 756 4241 honorarius,
780 4175 1013 4245 quisque
1053 4177 1385 4246 invenietur,
1411 4181 1694 4252 congiario
1713 4183 1990 4253 justisque

401 4263 694 4331 stipendiis
738 4266 964 4321 minime
1010 4267 1268 4324 donatus.
1319 4271 1568 4344 llincque
1603 4273 1742 4328 adeo
1786 4281 1892 4339 est,
1933 4285 1996 4328 ut

400 4360 541 4414 alius
582 4361 805 4430 quidem
849 4379 976 4418 suas
1026 4364 1293 4420 duntaxat
1337 4368 1504 4434 aedes,
1558 4385 1758 4439 easque
1790 4385 1932 4440 tegre
1964 4384 1994 4424 a

2102 531 2277 582 μενοι.

2175 610 2318 672 σλς.
2364 607 2629 660 Ἐπαινον
2663 605 2971 678 ἀνθρώπων
3002 607 3097 661 καὶ
3126 607 3319 661 ἄνεσιν
3344 607 3614 678 σώματος
3633 648 3649 670 ,
3678 610 3707 660 6

2099 699 2500 769 ἀποδεχόμενος
2550 699 2670 769 μὲν,
2709 700 2770 752 ού
2811 699 3242 769 καταδεχόμενος
3279 699 3362 763 δὲ,
3406 696 3568 763 οἶτος
3613 701 3706 754 τοί

2100 793 2330 864 ἐσχάτου
2345 791 2443 860 τῆς
2467 791 2772 856 κενοδοξίας
2809 791 3036 862 χιτῶνος
3067 791 3276 861 γυμνὸς
3312 791 3585 859 γεγονὼς,
3615 791 3705 844 τού

2099 884 2157 935 ἐν
2219 881 2437 944 πολλοῖς
2495 883 2821 952 στεναγμοῖς
2883 881 3318 950 ἐπιζητουμένου
3374 882 3703 951 οἰκητηρίου

2097 974 2194 1028 τοῦ
2232 974 2289 1040 ἐξ
2332 972 2566 1045 ούρανοῦ
2597 973 2696 1044 τὴν
2717 973 3052 1045 φαιδρότητα
3084 975 3181 1026 ἀπ’
3209 972 3477 1026 ἐντεῦθεν
3497 973 3705 1044 ἠξιώθη

2099 1065 2445 1120 ἐνδύσασθαι.
3232 1126 3238 1131 _

2177 1157 2312 1223 σλξ.
2351 1157 2514 1212 Ἀ).λο
2548 1157 2824 1228 ἐνέργεια,
2860 1156 2956 1209 καὶ
2999 1154 3128 1208 ἄλλο
3158 1155 3479 1227 ἐνέργημα.
3508 1155 3623 1208 Καὶ
3648 1154 3708 1208 τὺ

2101 1249 2224 1321 μὲν,
2258 1249 2541 1321 ἁμαρτίας
2569 1249 2990 1318 ἀπηρτισμένης
3017 1247 3138 1300 ἐστὶ
3168 1247 3460 1300 δεικτικὸν
3488 1262 3502 1274 ·
3535 1247 3603 1298 τὸ
3625 1246 3704 1307 δὲ.

2099 1341 2436 1411 ἡδυπαθείας
2496 1339 2664 1410 μόνης
2711 1337 2812 1407 τῆς
2857 1336 3072 1391 ἔνδοθεν
3125 1339 3560 1407 ἐνηργημένης,
3593 1337 3708 1390 m‘

2098 1432 2199 1485 οὐκ
2229 1432 2408 1494 ἐκτός.
2453 1431 2542 1494 Ὠς
2570 1431 2620 1482 oi
2665 1430 2761 1498 τῆς
2805 1429 2946 1491 ιδίας
2988 1429 3087 1498 μὲν
3123 1428 3199 1498 μὴ
3231 1427 3708 1496 κατακινούμενοι

2098 1525 2223 1594 γῆς,
2251 1520 2727 1593 δασμοφοροῦντες
2757 1519 2815 1573 δὲ
2843 1520 2994 1591 ὅμως
3022 1521 3137 1582 τοῖς
3160 1517 3708 1572 καταδυναστεύουαι

2098 1619 2168 1671 τὰ
2200 1616 2386 1678 αὐτοῖς
2421 1612 2760 1685 καταθύμια.

2183 1789 2319 1863 σ).η⁹.
2356 1792 2469 1861 Τῆς
2497 1790 2742 1860 γεύσεως
2771 1787 3084 1861 κρατούσης
3127 1789 3184 1840 ἐν
3207 1787 3433 1858 ἡδοναῖς
3455 1828 3472 1849 ,
3507 1787 3712 1842 ἀδύναο

2099 1899 2192 1936 τον
2254 1883 2329 1952 μὴ
2363 1881 2459 1934 καὶ
2508 1879 2688 1943 πάσας
2744 1878 2844 1942 τὰς
2876 1878 3163 1950 αἰσθήσεις
3200 1875 3568 1938 συνέπεσθαι,
3603 1876 3710 1929 κᾶν

2098 1974 2208 2027 τῶν
2237 1971 2598 2044 ψυχροτέρων
2629 1971 2936 2043 εξρηνεύειν
2972 1969 3173 2023 δοκῶσι
3206 1969 3276 2022 τὸ.
3308 1971 3709 2040 ὑπογάστρια,

2098 2065 2174 2128 ὡς
2201 2066 2310 2118 τῶν
2339 2063 2731 2135 γεγηρακότων
2757 2062 3010 2132 πύρωσιν
3038 2063 3103 2114 ἐκ
3136 2061 3313 2132 πυρὸς
3542 2060 3708 2126 δεξα-

2104 2157 2305 2229 μένων.
2355 2156 2495 2209 Ἀλλ’
2524 2155 2587 2209 οὐ
2617 2156 2746 2229 περὶ
2804 2155 2867 2208 τὸ
2917 2155 3118 2225 γεννᾷν
3169 2154 3411 2225 σώφρων
3441 2161 3480 2226 η
3519 2159 3709 2226 στεῖρα

2109 2226 2483 2319 μοιχευομένη
2531 2226 2878 2318 κριδήσεται.
2915 2246 3223 2315 Σωφρονεῖν
3269 2245 3330 2299 δὲ
3365 2245 3561 2301 πάντα
3618 2247 3710 2299 τὸν

2109 2340 2186 2410 μὴ
2245 2337 2580 2409 πορνεύονται
2621 2337 2833 2408 εἴποιμι
2877 2336 2964 2402 ἂν,
3013 2337 3152 2408 μηδὲ
3197 2337 3396 2409 ὁράσει
3449 2356 3708 2412 mnf

2103 2430 2390 2501 λούμενον.

2173 2521 2318 2578 σλθ’.
2359 2524 2450 2577 Ἐν
2473 2524 2705 2596 τροφαῖς
2763 2521 2859 2576 καὶ
2900 2523 3138 2592 μορφαῖς
3184 2522 3282 2576 καὶ
3341 2525 3590 2592 mh,
3649 2525 3709 2576 τὺ

2101 2615 2499 2688 ἐπιθυμητικὸν
2531 2617 2630 2686 τῆς
2665 2615 2846 2686 ψυχῆς
2883 2615 3199 2684 ἐλέγχεται,
3234 2607 3350 2668 οἶόν
3399 2616 3559 2670 ἐστιν
3589 2619 3710 2679 ταῖς

2106 2707 2422 2778 θελητικαῖς
2476 2725 2536 2762 τε
2578 2709 2672 2761 καὶ⁷
2715 2710 2833 2771 ταῖς
2863 2706 3040 2770 ἄλλως
3069 2706 3329 2776 ἐχούσαις
3360 2707 3624 2781 [ὁρμαῖς]
3653 2711 3711 2762 ἐν

2101 2801 2314 2869 γεύσει,
2341 2801 2437 2853 καὶ
2457 2799 2599 2870 ὕψει,
2634 2798 2730 2854 καὶ
2757 2801 2935 2870 ἀκοῇ,
2974 2799 3087 2852 εἴτε
3137 2798 3215 2861 ὡς
3254 2799 3560 2869 χρώμενον
3610 2799 3710 2852 αύ-

2095 2894 2240 2958 ταῖς,
2277 2892 2390 2945 εἴτε
2416 2891 2494 2956 ὡς
2527 2891 2992 2964 παραχρώμενον,
3023 2891 3133 2944 εἴτε
3157 2890 3327 2961 μέσον
3347 2892 3494 2963 πρὸς
3527 2893 3708 2964 ἀμφό-

2096 3001 2231 3055 τερα
2267 2982 2688 3053 εὑρισκόμενον.

2169 3073 2279 3147 σμ’.
2329 3077 2418 3130 Ἐν
2461 3071 2542 3140 οἷς
2569 3077 2598 3129 ό
2633 3074 2798 3146 φόϐος
2830 3075 2892 3129 ού
2925 3081 3275 3148 προηγεῖται,
3307 3075 3390 3140 ὡς
3445 3074 3707 3146 πρόϐατα

2103 3169 2177 3240 μὴ
2201 3169 2394 3240 ἔχοντα
2426 3168 2661 3239 ποιμένα
2689 3169 2747 3222 ἐν
2778 3167 3068 3238 συγχύσει,
3087 3171 3137 3222 ol
3162 3169 3425 3239 λογισμοὶ
3461 3167 3705 3238 εὑρεθηο

2100 3277 2320 3316 σονταιο
2376 3261 2436 3313 ἐν
2491 3259 2716 3331 εὐταξία
2787 3260 2865 3324 δὲ,
2912 3262 3008 3313 καὶ
3069 3260 3320 3332 μάνδρας
3374 3260 3517 3312 εἴσω
3563 3258 3702 3313 κατὰ

2097 3353 2196 3425 τὴν
2245 3351 2506 3424 εὐνομίαν
2564 3351 2930 3424 ἐφεπομένου,
2997 3351 3032 3422 ἦ
3099 3350 3530 3422 προηγουμένου
3597 3350 3698 3404 αύο

2096 3459 2213 3496 του.
3401 3465 3409 3472 “

2173 3539 2321 3604 σμα’.
2345 3531 2457 3602 Τῆς
2486 3531 2748 3595 πίστεως,
2781 3531 2810 3585 ό
2844 3531 3008 3602 φόϐος
3036 3532 3150 3597 υἱός
3178 3550 3195 3566 ο
3225 3535 3342 3588 τῶν
3375 3539 3620 3593 ἐντολῶν
3643 3540 3698 3594 δέ

2097 3619 2253 3689 οὗτος
2281 3623 2480 3694 νομεύς
2505 3640 2517 3654 ’
2557 3623 2653 3676 καὶ
2682 3624 2711 3676 ὁ
2745 3624 2821 3694 μὴ
2852 3623 2951 3696 τὴν
2981 3626 3200 3696 μητέρα
3247 3627 3456 3683 τούτου
3492 3631 3700 3703 κτησά-

2102 3735 2288 3790 μενος,
2329 3716 2605 3787 πρόϐατον
2651 3716 2888 3786 ὀφθῆναι
2927 3718 3029 3788 τῆς
3075 3719 3218 3773 κατὰ
3268 3721 3487 3792 Κύριον
3529 3725 3703 3797 νομῆς

2097 3810 2198 3863 οὑκ
2227 3807 2608 3880 ἀξιωθήσεται.

2172 3901 2318 3973 σμβ’.
2350 3903 2412 3955 Οἱ
2449 3901 2548 3970 μὲν
2589 3900 2686 3964 τὰς
2724 3898 2900 3971 ἀρχὰς
2936 3901 3105 3972 μόνας
3138 3903 3328 3973 έχουσι
3356 3905 3471 3960 τῶν
3494 3907 3700 3962 καλῶν·

2098 3996 2148 4049 oi
2175 3995 2258 4059 δὲ,
2288 3994 2388 4048 καὶ⁸
2425 3993 2525 4057 τὰς
2553 3992 2762 4047 τούτων
2799 3995 3110 4065 μεσότητας
3137 4013 3150 4026 ’
3185 3999 3235 4050 οἱ
3265 3998 3347 4063 δὲ,
3388 4001 3590 4054 καὶτὰ
3617 4002 3701 4055 τέ-

2099 4087 2166 4157 λη
2189 4086 2372 4140 αὐτῶν
2406 4103 2422 4118 ·
2449 4079 2525 4140 ὧν
2551 4086 2702 4151 ἄνευ,
2742 4085 2818 4150 ὡς
2859 4088 3205 4159 στρατιώτης
3243 4091 3407 4160 ψιλὸς
3463 4092 3702 4158 ἕκαστος

2101 4178 2457 4249 εὑρεθήσεται
2491 4176 2525 4250 ἢ
2558 4177 2953 4248 ἀξιωματικὸς,
2988 4180 3098 4234 τῶν
3147 4185 3483 4255 σιτηρεσίων
3521 4188 3701 4250 ἐκτός.

2101 4269 2211 4324 Καὶ
2241 4269 2332 4323 διὰ
2359 4269 2540 4337 τοῦτο,
2566 4271 2594 4324 ὁ
2639 4271 2740 4341 μὲν
2775 4271 2874 4341 τὴν
2914 4272 3115 4326 ἑαυτοῦ
3166 4274 3330 4343 μόνον
3387 4278 3489 4330 καὶ
3546 4279 3704 4347 μόλις

2099 4363 2280 4416 οίκίαν
2336 4361 2447 4415 ἀπὸ
2514 4361 2622 4415 τῶν
2668 4363 3103 4435 ἐπιχειρούντων
3139 4366 3311 4437 αὐτὴν
3361 4370 3705 4442 ἐπηρεάζειν

323 4521 328 4526 ,
401 4451 726 4507 violantium
760 4455 960 4527 injuria
1006 4456 1202 4512 illzesas
1251 4471 1461 4525 servet;
1497 4461 1639 4516 alius
1686 4477 1816 4515 vero
1848 4461 1994 4516 haud

2111 4453 2420 4524 συντηρῶν·
2463 4453 2493 4506 ό
2545 4454 2601 4507 δὲ
2651 4454 2754 4507 οὐκ
2782 4459 2840 4508 ἐν
2877 4459 3016 4528 τιμῇ
3054 4461 3122 4530 τῇ
3157 4459 3522 4532 προσηκούσῃ
3552 4463 3704 4532 εὑρι-

373 4541 539 4595 .satis
562 4545 910 4600 convcnienti
943 4546 1154 4602 honore
1183 4546 1518 4616 inveniatur,
1550 4551 1605 4605 in
1636 4553 1838 4622 quibus
1867 4567 1994 4607 eum

404 4635 609 4687 versari
660 4639 971 4708 contigerit.

473 4724 598 4778 245.
631 4725 736 4794 Qui
775 4745 876 4784 nos
913 4730 1052 4800 gulae
1087 4730 1302 4787 deliciis
1347 4731 1630 4804 indulgere
1681 4735 1994 4802 hortantur,

405 4817 614 4873 idcirco
664 4821 812 4887 quod
860 4822 1090 4891 perfecti
1133 4840 1344 4888 sumus,
1380 4826 1608 4895 perinde
1652 4827 1882 4890 faciunt,
1933 4843 1997 4882 ac

402 4910 497 4980 qui
535 4919 722 4966 sanata
765 4913 867 4971 iam
900 4914 1129 4970 vulnera
1174 4917 1524 4988 obductaque
1567 4917 1676 4972 illis
1713 4918 1992 4985 cicatrice,

405 5000 663 5056 defodere
688 5003 886 5074 jubent
919 5021 984 5060 ac
1030 5022 1303 5073 resecare,
1348 5008 1436 5062 vel
1481 5007 1745 5074 scabiem,
1778 5008 1850 5063 ob
1897 5024 1998 5063 vo-

404 5093 629 5162 luptatis
670 5095 794 5151 inde
829 5113 1072 5163 sensum,
1105 5099 1398 5163 defricare,
1427 5109 1524 5154 aut
1566 5100 1675 5156 illis
1701 5101 1848 5157 vesci
1874 5116 1996 5171 quae

479 5231 523 5262 "
553 5232 594 5286 ll
622 5231 752 5287 Cor.
785 5249 842 5299 v,
864 5233 919 5288 2.
995 5236 1040 5267 ’⁵
1072 5235 1140 5289 Ill
1183 5236 1319 5308 Reg.
1353 5254 1483 5304 χχιι,
1514 5239 1598 5293 l7.

476 5342 555 5415 (ρ)
603 5344 895 5411 Ἐντελεῖς
924 5346 1128 5413 ὄντας.
1167 5349 1294 5403 Erat
1344 5349 1492 5404 foedo
1523 5365 1717 5405 errore
1761 5350 1816 5405 in
1849 5350 1982 5402 ἀπο-

404 5416 877 5491 γράφῳεᾲξελεῖς,
937 5420 1129 5473 nescio
1161 5436 1231 5473 an
1279 5420 1334 5474 in
1378 5421 1712 5491 αύτογρὰφῳ
1783 5421 1982 5490 Liquet

406 5493 556 5538 certe
579 5485 715 5538 nihil
764 5496 974 5554 aptum,
1014 5505 1115 5543 nec
1143 5500 1350 5544 temere
1403 5485 1537 5544 mihi
1555 5485 1880 5546 indulsisse
1920 5501 1980 5546 ut

409 5562 702 5626 mutarent,
730 5564 895 5625 atque
935 5559 1219 5626 mutando,
1261 5561 1556 5614 Maximum
1585 5560 1819 5615 Maximo
1851 5561 1980 5616 red-

409 5621 615 5701 derem.
647 5625 719 5701 lae
753 5621 860 5701 illis
901 5627 1063 5701 plane
1109 5621 1292 5685 sermo
1320 5640 1425 5695 est,
1462 5631 1556 5701 qui
1593 5646 1721 5685 eum
1749 5632 1852 5686 sibi
1893 5632 1976 5685 vi-

409 5689 647 5745 deantur
671 5694 782 5771 jam
811 5689 1034 5771 virintis
1057 5716 1238 5771 arcem
1269 5689 1599 5771 arripuisse,
1631 5717 1696 5756 ac
1747 5702 1976 5771 perfecti

2103 4547 2388 4618 σχόμενος,
2415 4548 2473 4600 ἐν
2499 4539 2581 4610 οἷς
2610 4545 2677 4602 ἂν
2703 4548 3053 4619 συνέρχηται.

2175 4734 2321 4798 σμγ’.
2357 4728 2422 4780 Οἱ
2453 4728 2576 4790 ταῖς
2610 4726 2829 4798 ἡδοναῖς
2855 4727 3216 4800 συνέρχεσθαι
3238 4733 3703 4803 παρακαλοῦντες

2101 4820 2196 4877 τοῦ
2230 4825 2512 4895 φάρυγγος
2546 4822 2782 4887 ἐντελεῖς
2809 4823 2970 4888 ὄντας
2998 4827 3075 4897 (ρ)
3095 4864 3111 4886 ,
3140 4827 3331 4897 ὅμοιόν
3374 4845 3432 4881 τι
3481 4829 3700 4884 ποιοῦσι

2101 4917 2218 4978 τοῖς
2262 4915 2606 4988 ἀναθερίζειν
2641 4915 3026 4988 κελευομένοις
3065 4919 3167 4983 τὰς
3191 4921 3273 4994 είς
3312 4921 3517 4990 ὑγείαν
3559 4923 3698 4994 τελη-

2105 5009 2209 5078 γὰς
2261 5008 2361 5080 ἤδη
2412 5006 2677 5072 ἐλθούσας
2710 5025 2724 5039 ·
2755 5010 2789 5081 ἢ
2822 5011 2919 5074 τὰς
2942 5009 3134 5082 ψώρας
3177 4993 3265 5065 διὰ
3301 5013 3405 5085 τὴν
3453 4993 3698 5087 iga-stne;

2104 5098 2325 5172 κνήθειν
2355 5115 2370 5130 ο
2417 5098 2450 5170 ἢ
2488 5098 2557 5153 τὰ
2607 5099 2698 5152 τὸν
2751 5102 2987 5170 πυρετὸν
3039 5103 3348 5158 ἀνάπτοντα
3402 5105 3694 5176 hmani

2091 5347 2220 5428 riuri
2254 5346 2550 5429 disciplina
2583 5349 2725 5429 ultra
2766 5365 2877 5404 non
2908 5349 3243 5429 indigeant:
3298 5349 3450 5420 quod
3486 5350 3693 5429 nedum

2089 5417 2298 5490 incauti
2328 5417 2610 5490 spiritales
2638 5419 2703 5474 ad
2726 5421 2976 5490 corporis
3005 5417 3388 5475 remissionem
3436 5423 3692 5484 trahunt,

2087 5488 2142 5561 i_n
2175 5489 2261 5561 iis,
2303 5503 2425 5561 qua;
2457 5488 2640 5561 media
2667 5504 2787 5561 esse
2827 5488 3085 5560 possunt,
3113 5507 3306 5547 verum
3349 5490 3524 5544 etiam
3577 5507 3698 5561 pro-

2082 5558 2198 5630 fani
2231 5558 2473 5630 haeretici
2506 5559 2574 5612 ad
2611 5558 3221 5630 turpiafncfandasque
3246 5561 3544 5625 libidines;
3577 5558 3696 5630 qui-

2093 5628 2197 5682 bus
2226 5628 2446 5698 egregie
2483 5639 2642 5685 cavet
2679 5628 2968 5694 Maximus,
2999 5639 3110 5685 tam
3135 5628 3335 5685 sancto
3379 5628 3691 5698 colaphonc

2089 5698 2285 5751 [iniens
2327 5713 2494 5770 aurea
2544 5716 2673 5765 sua,
2710 5716 2950 5770 vereque
2986 5702 3248 5763 ascetica,
3279 5709 3337 5757 et
3378 5717 3446 5755 ex
3475 5701 3690 5756 Christi

409 5773 556 5827 esse,
583 5766 742 5832 genio
781 5767 883 5821 sibi
930 5768 1324 5841 indulgendum
1365 5766 1585 5843 putant,
1629 5766 1785 5843 quasi
1820 5788 1982 5829 seve-
2088 5767 2368 5831 normaad
2387 5783 2612 5828 omnem
2631 5766 3449 5843 Virllllelllﬁl‘lnanlilaCaplla-
