3922 6348
210 255 345 323 1461

1293 260 1396 323 EX
1429 263 1676 322 OPERE
1708 262 1903 322 LXIII
1942 263 2375 323 DUBIORUM.

3346 264 3482 329 libi

207 375 584 444 ἀποφράττειν
637 374 727 428 τὸν
772 372 1074 445 ἀμπελῶνα
1104 374 1296 441 αὑτοῦ,
1327 377 1423 430 καὶ
1487 378 1793 447 συγχωρεῖν

1908 376 2093 431 iebrim
2139 377 2442 432 accendant
2488 396 2501 431 :
2540 377 2622 431 vel
2676 378 2887 431 vincam
2935 378 3169 430 macerie
3214 384 3482 445 scptoque

210 467 557 538 εἰσέρχεσθαι
584 466 680 520 συν
702 470 823 531 ταῖς
840 467 1071 531 ἐννοίαις
1094 470 1217 532 ταῖς
1238 469 1487 536 ἀγαθαῖς,
1511 468 1586 530 ὡς
1613 467 1795 537 μονιῦν

207 560 405 629 ἄγριον
462 561 523 613 τὸ
570 560 830 629 φρόνημα
864 562 963 630 τῆς
994 561 1218 630 σαρκὸς,
1258 560 1335 623 ὡς
1367 560 1647 629 σταφυλὰς
1677 560 1793 613 δια-

205 651 526 705 δὸσκεσθαι.
567 646 662 716 Οἷς
697 653 757 705 οὐ
791 653 1071 705 πείθεσθαι
1120 652 1247 723 χρὴ,
1282 653 1402 706 οὐδὲ
1454 656 1575 716 ταῖς
1633 652 1794 705 ἀκαί-

162 753 166 757 ’
190 730 328 815 ’ροις
350 744 697 814 κάμπτεσθαι
723 745 1037 806 κολακείαις
1056 743 1360 814 ἀνθρώπων
1383 761 1441 795 τε
1463 743 1557 798 καὶ
1584 743 1793 796 παθῶν·

206 837 552 907 κατοχυροῦν
597 836 655 889 δὲ
715 836 807 889 τὸν
867 837 1120 907 φραγμὸν
1169 837 1237 890 δι’
1297 837 1650 908 ἐγκρατείας,
1687 836 1792 900 ἕως

207 928 527 982 παύσωνται
573 930 627 981 οῖ
671 945 731 981 τε
776 928 962 999 θῆρες,
998 928 1066 983 τά
1122 929 1366 999 σαρκικὰ
1413 929 1583 999 πάθη,
1614 928 1791 1000 ὠρύε-

211 1020 357 1085 σθαι,
399 1023 493 1074 καὶ
524 1021 598 1084 ὡς
622 1024 845 1075 πετεινὰ
877 1023 926 1074 οί
953 1023 1175 1092 μάταιοι
1201 1023 1477 1091 λογισμοὶ,
1511 1022 1585 1092 μὴ
1618 1038 1792 1075 κατα-

210 1114 419 1165 ϐαίνειν
450 1114 830 1183 λυμαίνεσθαι,
856 1114 954 1184 τὴν
984 1114 1058 1178 ὡς
1086 1114 1331 1185 ἄμπελον
1380 1115 1793 1186 εὐθηνουμένην

207 1206 390 1276 ψυχὴν
441 1206 698 1274 θεωρίαις
752 1210 876 1272 ταῖς
930 1209 987 1260 ἐν
1018 1207 1239 1281 Χριστῷ
1280 1208 1457 1279 Ἰησοῦ
1496 1208 1574 1279 τῷ
1604 1207 1795 1280 Κυρίῳ

212 1295 392 1365 ἡμῶν.
440 1297 633 1366 Ἀμήν.

1896 470 2204 532 obstruere,
2241 484 2305 522 ac
2340 470 2542 533 sinere,
2574 478 2634 522 ut
2670 485 2776 522 una
2820 484 2945 522 cum
2994 467 3156 521 bonis
3187 467 3480 537 cogitatio-

1894 561 2080 624 nibus,
2112 562 2294 615 carnis
2320 560 2614 630 prudentia
2643 561 2709 613 ad
2740 576 2875 614 uvas
2904 558 3296 628 depascendas,
3335 558 3479 612 haud

1898 667 2057 706 secus
2104 667 2167 705 ac
2215 652 2505 721 singularis
2560 652 2711 706 ferus
2755 652 3112 722 ingrediatur.
3162 650 3478 704 Cavendum

1895 760 2028 797 vero
2069 759 2135 797 ne
2166 744 2252 797 bis
2284 760 2490 797 morem
2526 760 2797 814 geramus,
2842 761 2979 799 neve
3011 744 3169 814 671
3212 742 3479 811 importu-

1898 837 2317 903 nisfhominum
2371 837 2577 907 pariter
2632 836 3038 906 atl‘ectuumque
3090 836 3479 889 blandimentis

1899 928 2217 994 ﬂectantur;
2245 929 2336 983 sed
2370 944 2466 997 per
2489 927 2904 991 continentiam,
2940 927 3231 982 maceriem
3265 925 3479 978 munia-

1901 1032 2044 1082 mus,
2079 1017 2257 1071 doncc
2301 1018 2490 1072 bestiaa
2539 1018 2810 1087 (carnales
2850 1019 3061 1072 scilicet
3094 1016 3345 1087 allectus)
3385 1032 3481 1068 ru-

1900 1107 2017 1177 gire
2043 1106 2330 1171 desierint,
2356 1122 2419 1160 ac
2447 1107 2598 1162 velut
2625 1108 2894 1172 volucres,
2922 1124 3073 1162 vanae
3103 1106 3480 1177 cogitationes,

1901 1199 2146 1253 animum
2197 1200 2327 1253 vitis
2373 1200 2546 1253 instar
2598 1201 3152 1271 contemplationibus
3199 1198 3484 1268 scnsisque

1904 1292 2230 1363 locupletem
2267 1301 2431 1361 atque
2467 1293 2693 1348 uberem
2747 1294 2804 1348 in
2842 1292 3059 1347 Christo
3092 1292 3218 1347 Jesu
3253 1290 3485 1345 Domino

1828 1379 1870 1437 B
1900 1393 2109 1451 nostro,
2136 1390 2430 1439 vastatum:
2457 1400 2565 1439 non
2590 1385 2997 1440 descenderint.
3037 1385 3228 1439 Amen.

1025 1654 1327 1772 ΤΟΥ
1411 1655 1877 1773 ΑΓΙΟΥ
1948 1646 2677 1776 ΜΑΞΙΜΟΥ

748 1856 851 1910 Ἐκ
885 1851 1000 1908 τῶν
1029 1852 1123 1923 ξγ⁹
1156 1853 1419 1922 ἀπόρων,
1464 1851 1620 1921 Πρός
1652 1851 1759 1906 τὸν
1791 1852 2097 1907 θειότατον
2123 1853 2392 1917 βασιλέα
2434 1853 2542 1908 τὸν
2594 1854 2888 1925 Ἀχριδήν.

1358 2097 1767 2187 SANCTI
1883 2096 2336 2186 MAXIMI

746 2272 835 2332 Ex
878 2284 1070 2347 Opere
1113 2284 1272 2328 uin
1318 2264 1700 2339 Dubiorum,
1748 2264 1824 2326 ad
1866 2261 2349 2326 divinissimum
2384 2266 2679 2327 Achridze
2723 2283 2939 2346 regem
2974 2269 3034 2331 ".

216 2419 389 2474 'Dicti
430 2426 608 2489 postea
647 2415 890 2489 Bulga_r_i,
929 2431 1151 2489 quorum
1181 2420 1288 2489 hinc
1322 2411 1645 2489 metropolis,
1674 2414 1796 2489 ipsa.
1822 2410 2133 2489 Iustiniano
2174 2411 2368 2480 prima.
2408 2410 2579 2489 Hujus
2602 2414 3011 2489 operisaltnm
3039 2416 3156 2489 aliis
3197 2418 3490 2487 silentium,

291 2480 550 2543 altissimo
589 2480 771 2539 tamen
810 2480 1030 2538 Maximi
1045 2486 1275 2556 jngem'o
1313 2480 1677 2556 compositum,
1697 2480 1924 2556 'uel‘hoc
1961 2483 2136 2556 ipsum
2166 2480 2497 2556 excerptum
2517 2480 2739 2556 indicat,
2769 2487 2844 2538 sic
2873 2486 3249 2556 theologicam;
3278 2506 3342 2542 ea:
3365 2480 3491 2556 Reg:

287 2562 406 2613 cod.
435 2559 635 2629 pridem
660 2558 1000 2629 ascriptum.
1033 2549 1139 2629 Sed
1156 2572 1225 2610 an
1249 2555 1370 2625 jam
1400 2549 1509 2606 tum
1536 2551 1773 2623 βασιλεῖς
1798 2549 2068 2623 Bulgaria:
2093 2549 2350 2621 principes
2379 2559 2429 2604 et
2455 2553 2645 2621 reguli,
2675 2556 2813 2624 quod
2834 2557 2907 2610 eis
2933 2549 3147 2611 tandem
3173 2549 3341 2615 opim
3364 2549 3494 2613 ι’οᾶ-

306 2626 524 2693 ceuére,
554 2628 765 2681 dubium
801 2642 911 2681 esse
939 2626 1118 2695 possit.

291 2751 365 2802 Τὸ
418 2750 525 2820 γὰρ
579 2745 804 2817 Πνεῦμα
830 2746 891 2799 τὸ
921 2744 1097 2813 ἅγιον,
1135 2746 1326 2814 ὥσπερ
1356 2741 1518 2812 φύσει
1550 2742 1669 2795 κατ’
1699 2741 1791 2794 οὒ·-

1966 2743 2184 2798 Etenim
2228 2742 2471 2813 Spiritus
2503 2754 2746 2809 sanctus,
2788 2745 3250 2813 quemadmodum
3298 2758 3495 2808 natura

222 2840 344 2894 σίαν
385 2840 504 2893 ἐστὶ
526 2838 618 2891 τοῦ
648 2837 783 2890 Θεοῦ
817 2836 912 2889 καὶ
943 2832 1179 2905 Πατρός,
1216 2832 1387 2894 οὕτως
1424 2831 1517 2883 καὶ
1548 2831 1644 2882 τοῦ
1672 2827 1802 2881 Υίοῦ

220 2932 382 3001 φύσει
405 2932 528 2983 κατ’
563 2929 750 2982 ουσίαν
779 2927 1015 2998 ὑπάρχει
1040 2966 1054 2989 ,
1084 2925 1159 2987 ὼς
1206 2926 1270 2977 ἐκ
1317 2923 1412 2976 τοῦ
1460 2922 1674 2994 [ἰατρὸς
1710 2921 1804 2974 οὐ-

223 3022 435 3084 σιωδῶς
460 3019 664 3074 δι’Υἱοῦ
691 3018 783 3073 τοῦ
814 3016 1169 3087 γεννηθέντος
1190 3015 1488 3086 ἀφράστως
1514 3015 1807 3087 ἐκπορευό-

227 3130 405 3182 μενον.
437 3112 552 3165 Οὐκ
587 3110 736 3162 ἔστιν
768 3103 860 3162 οὖν
917 3105 1204 3175 ἐπινοῆσαι
1250 3104 1426 3174 τομὴν
1467 3104 1501 3175 ἢ
1540 3103 1806 3174 διαίρεσιν

223 3194 347 3259 κατ’
380 3202 573 3255 οὐδένα
631 3198 860 3269 τρόπον,
884 3195 960 3259 ὼς
1014 3194 1047 3265 ἢ
1107 3194 1199 3247 τὸν
1256 3194 1477 3265 Πατέρα
1514 3193 1683 3264 χωρὶς
1712 3191 1804 3245 τοῦ

230 3294 355 3349 Υίοῦ
382 3291 761 3362 ἐπινοηθῆναι,
795 3288 827 3359 ἦ
856 3287 948 3340 τὸν
975 3287 1103 3340 Υἱὸν
1131 3286 1302 3357 χωρὶς
1329 3284 1423 3338 τοῦ
1454 3284 1771 3355 Πνεῦματος
1790 3324 1805 3348 ,

222 3388 340 3443 ἀλλ’
380 3386 497 3438 ἔστι
558 3400 643 3446 τις
692 3382 931 3452 ἄρρητός
976 3379 1069 3433 καὶ
1106 3378 1478 3448 ἁκατανόητος
1511 3379 1568 3429 ἐν
1596 3375 1807 3439 τούτοις

224 3482 320 3534 καὶ
353 3479 547 3539 ἓνωσις
587 3476 685 3528 καὶ⁵
706 3474 996 3542 διαίρεσις,
1025 3470 1151 3524 οὔτε
1189 3472 1289 3541 τῆς
1316 3470 1425 3522 τῶν
1457 3469 1809 3522 ὑποστάσεων

223 3571 492 3641 διαφορᾶς
540 3568 602 3620 τὸ
663 3566 888 3635 συνεχὲς
940 3562 1051 3615 τῶν
1111 3561 1326 3630 φύσεων
1357 3558 1673 3630 [φυσικῶν]
1696 3560 1809 3611 δια-

228 3659 629 3732 σπὼσης.οῦτε
689 3658 790 3727 τῆς
852 3655 995 3709 κατὰ
1044 3652 1144 3725 τὴν
1202 3652 1393 3704 οὐσίαν
1424 3650 1721 3717 συναφείας
1749 3650 1810 3701 τὸ

228 3758 360 3810 εδιον
396 3753 505 3806 τῶν
540 3748 945 3820 γνωρισμάτων
996 3743 1367 3814 άναχεούσηςο
1404 3741 1499 3793 καὶ
1539 3739 1686 3792 ἔστιν
1718 3739 1810 3793 ἐπὶ

226 3846 498 3898 τούτων...
526 3843 621 3895 καὶ
650 3839 921 3907 διάκρισις
945 3833 1285 3904 συνημμένη,
1308 3831 1403 3884 καὶ
1422 3828 1807 3899 διακεκριμένη

230 3937 516 4006 συνάφεια.
582 3932 943 4001 Προκείσεται
986 3928 1039 3981 δὲ
1099 3927 1191 3979 καί
1233 3943 1284 3977 τι
1329 3924 1466 3995 πρὸς
1516 3923 1811 3990 ἐπίγνωσιν

229 4029 480 4099 ἀμυδρὰν
509 4026 820 4093 ὑπόδειγμα
852 4038 865 4052 ⁶
904 4020 1105 4092 μᾶλλον
1124 4018 1180 4071 δὲ
1210 4016 1339 4069 σκιὰ
1358 4015 1455 4084 τῆς
1473 4013 1753 4085 ἀληθείας,
1777 4014 1809 4083 ή

1906 2835 2276 2890 essentialiter
2314 2835 2413 2890 Dei
2454 2844 2539 2891 est
2577 2846 2633 2890 et
2673 2837 2866 2903 Patris,
2913 2839 2987 2892 ita
3034 2848 3090 2893 et
3133 2840 3255 2895 Filii
3299 2850 3496 2897 natura

1906 2928 2272 2983 essentialiter
2301 2927 2537 2995 exsistit,
2581 2937 2641 2983 ut
2681 2930 2775 2999 qui
2828 2946 2858 2983 a
2910 2930 3091 2996 Patre,
3147 2948 3246 3002 per
3294 2933 3495 2990 Filium

1909 3017 2025 3090 (qui
2054 3020 2221 3074 nullis
2243 3020 2426 3075 verbis
2450 3021 2765 3090 explicabili
2794 3022 3006 3078 ratione
3038 3032 3201 3079 natus
3230 3025 3336 3097 est)
3369 3027 3503 3081 sub-

1906 3112 2237 3166 stantialiter
2266 3112 2548 3182 procedat.
2582 3112 2743 3167 Nullo
2777 3113 2945 3184 igitur
2988 3116 3151 3169 modo
3184 3117 3355 3171 sectio
3390 3119 3498 3173 ulla

1907 3211 2003 3257 aut
2048 3201 2247 3258 divisio
2294 3202 2648 3273 intelligenda
2688 3211 2793 3268 est,
2845 3202 3001 3272 quasi
3047 3212 3141 3257 aut
3181 3204 3342 3258 Pater
3380 3206 3499 3261 sine

1908 3294 2047 3348 Filio
2077 3293 2435 3364 intelligatur,
2463 3302 2557 3347 aut
2584 3293 2757 3347 Filius
2780 3292 2991 3363 absque
3016 3293 3225 3363 Spiritu
3254 3313 3267 3347 :
3294 3296 3390 3349 sed
3416 3305 3502 3350 est

1909 3383 1965 3437 in
1990 3383 2118 3449 illis,
2145 3399 2267 3453 qua:
2302 3398 2405 3439 nec
2428 3383 2612 3438 verbis
2639 3383 2901 3453 explicari
2933 3400 3035 3438 nec
3057 3394 3241 3440 mente
3270 3385 3498 3458 intelligi

1909 3474 2102 3545 possit,
2135 3475 2265 3529 unio
2297 3475 2505 3544 pariter
2532 3483 2590 3529 et
2616 3473 2908 3539 discretio;
2944 3483 3004 3528 ut
3030 3490 3209 3544 neque
3242 3492 3503 3546 persona~

1910 3582 2033 3621 rum
2069 3566 2349 3621 distinctio
2373 3582 2565 3620 eorum
2596 3582 2718 3636 quae
2749 3576 2960 3622 natura:
2994 3574 3121 3622 sunt
3153 3570 3500 3638 conjunctio-

1910 3671 2036 3708 nem
2065 3656 2358 3721 distrahat,
2388 3660 2489 3711 ne‘c
2516 3673 2639 3726 quae
2666 3672 2836 3726 penes
2865 3658 3161 3712 essentiam
3188 3660 3502 3730 conjunctio

1909 3751 2014 3807 est,
2042 3757 2233 3796 eorum
2261 3758 2383 3811 quae
2405 3743 2707 3812 insigniant
2733 3753 2789 3797 et
2806 3746 2961 3812 quasi
2981 3755 3108 3800 nota
3135 3748 3499 3819 distinguant,

1912 3834 2300 3904 proprietatem
2351 3833 2669 3888 confundat.
2725 3836 2933 3904 Estque
2984 3837 3037 3889 in
3098 3838 3319 3893 illis.....
3376 3856 3499 3895 cum

1913 3925 2172 3981 discretio
2202 3928 2513 3997 conjuncta,
2545 3934 2660 3980 tum
2686 3926 2922 3985 discreta
2952 3929 3287 3998 conjunctio.
3322 3932 3503 3987 Possit

1913 4035 2045 4074 vero
2073 4020 2237 4073 etiam
2272 4020 2339 4072 ad
2377 4021 2455 4073 rei
2486 4020 2650 4091 hujus
2680 4019 2953 4085 notitiam,
2986 4022 3298 4090 exemplum
3326 4026 3501 4094 quod-

227 4121 531 4191 πολύχροος
562 4119 688 4186 ῖρις.
718 4114 947 4169 Πάντων
986 4110 1096 4180 γὰρ
1122 4109 1230 4162 τῶν
1274 4109 1333 4161 ὲν
1369 4106 1542 4178 ταύτῃ
1585 4103 1805 4176 χρωμά-

1912 4111 2037 4166 dam
2088 4111 2421 4175 obscurum,
2474 4126 2571 4165 seu
2628 4111 2811 4180 potius
2864 4112 3057 4165 umbra
3100 4114 3377 4181 veritatis,
3427 4118 3500 4171 ob

227 4236 337 4271 των
374 4218 429 4269 αἱ
464 4212 654 4279 αὐγαὶ,
681 4209 775 4262 καὶ
798 4204 1211 4276 διακεκριμέναι
1241 4202 1543 4271 φαίνονται,
1575 4198 1654 4269 τῷ
1678 4198 1809 4269 τηλ-

229 4311 417 4378 αυγεῖς
461 4306 601 4358 εἶναι
629 4343 643 4363 .
673 4302 767 4357 καὶ
814 4297 1159 4369 συνηνῶσθαι
1208 4294 1446 4359 δοκοῦσι,
1477 4292 1555 4364 τῷ
1612 4291 1809 4345 λανθά-

230 4419 343 4455 νειν
388 4399 487 4461 τὰς
526 4397 678 4466 etet;
728 4392 888 4464 ἡμῶν
919 4393 1048 4453 τοὺς
1092 4390 1252 4459 ὅρους
1297 4386 1406 4439 τῶν
1431 4384 1651 4455 μίξεων,
1682 4385 1809 4447 τοὺς

234 4489 615 4561 διακρίνοντας
663 4482 762 4547 τὰς
791 4481 900 4535 τῶν
932 4480 1109 4551 χροῶν
1151 4477 1478 4549 ἑτερότητας
1510 4491 1524 4506 ο
1550 4476 1627 4539 ὼς
1654 4475 1803 4546 ἀμή-

232 4599 396 4656 χανον
439 4578 713 4648 ἐξευρεῖν,
745 4574 909 4646 μέχρι
941 4573 1087 4634 τίνος
1125 4571 1327 4641 ἕστηκε
1351 4569 1410 4622 τὸ
1446 4569 1728 4638 πυραυγὲς
1768 4566 1800 4637 ἢ

235 4672 601 4745 σμαραγδίζον
625 4672 744 4731 ταῖς
776 4666 1015 4734 αἴγλαις,
1042 4664 1075 4734 ἢ
1108 4662 1336 4733 χλοάζον
1358 4664 1478 4724 ταῖς
1506 4660 1813 4731 λαμπηδόσι

237 4768 357 4839 [τάς
378 4759 776 4833 λ.αμπηδόνας],
806 4758 902 4812 καὶ
933 4756 1028 4810 ἐπὶ
1059 4756 1205 4818 τίνος
1228 4754 1459 4825 ἄρχεται
1480 4769 1494 4784 ·
1530 4751 1815 4805 παιδεύον-

240 4877 352 4923 τος,
384 4854 560 4926 οἶμαι,
588 4852 704 4915 τοῦ,
731 4852 889 4919 λόγου
922 4850 1014 4903 καὶ
1039 4847 1126 4902 διὰ
1158 4846 1257 4916 τῆς
1285 4844 1516 4908 κτίσεως
1550 4845 1716 4915 ἡμᾶς,
1739 4845 1814 4916 μὴ

240 4945 598 5003 καινοπαθεῖν
645 4946 757 5006 τοῖς
804 4941 931 5011 περὶ
979 4939 1087 4992 τῶν
1128 4938 1420 5008 δογμάτων
1451 4936 1651 5005 λόγοις.
1681 4939 1811 4990 ὅταν

238 5036 319 5097 εἰς
352 5033 414 5086 τὸ
446 5028 826 5100 δυσθεώρητον
855 5025 1210 5096 ἐμπεσόντες,
1239 5022 1376 5093 πρὸς
1409 5022 1506 5093 τὴν
1534 5024 1813 5088 συγκατά-

238 5125 389 5178 θεσιν
456 5124 567 5177 τῶν
622 5120 934 5192 λεγομένων
973 5118 1385 5186 ίλιγγιάσωμεν.
1432 5117 1519 5179 Ὠς
1568 5116 1677 5187 γὰρ
1721 5118 1816 5169 ἐπὶ

236 5214 345 5267 τῶν
408 5215 523 5275 τοῖς
567 5210 866 5281 ὀφθαλμοῖς
899 5208 1241 5277 φαινομένων
1289 5205 1553 5275 κρείττων
1590 5205 1750 5273 λόγου
1785 5206 1817 5275 ἡ

254 5309 441 5378 πεῖρα,
467 5303 641 5366 οὕτως
703 5304 799 5355 καὶ
857 5301 951 5353 ἐπὶ
982 5300 1090 5351 τῶν
1132 5296 1699 5368 ὑπεραναὸεϐηκότων
1735 5296 1820 5349 δο-

238 5396 467 5466 γμάτων
497 5394 759 5464 κρείττων
788 5394 820 5462 ἡ
848 5391 1030 5453 πίστις
1054 5389 1195 5441 ἔστω
1246 5388 1341 5457 τῆς
1396 5387 1485 5440 διὰ
1520 5386 1628 5440 τῶν
1670 5386 1814 5454 λογι-

242 5488 393 5558 σμῶν
430 5486 808 5557 καταλήψεως.

1914 4205 2103 4259 oculos
2127 4204 2362 4269 versari;
2396 4220 2518 4273 qua:
2544 4204 2803 4259 videlicet
2830 4204 3120 4275 multiplici
3153 4206 3336 4261 colore
3361 4209 3500 4263 cmlo

1915 4294 2012 4349 iris
2041 4295 2393 4365 splendescit.
2426 4293 2684 4349 Omnium
2731 4295 2877 4349 enim
2914 4296 2969 4350 in
3013 4312 3077 4350 ca
3112 4298 3358 4351 colorum
3392 4299 3499 4353 fuI-
3570 4298 3581 4359 ζ

1915 4400 2095 4455 gores,
2127 4386 2291 4455 672
2332 4393 2388 4439 et
2428 4385 2649 4440 discreti
2679 4396 2964 4455 apparent,
2995 4388 3139 4458 quod
3172 4390 3331 4459 longe
3364 4391 3503 4443 ruti-
3565 4385 3577 4427 ⁸

1916 4474 2053 4537 lent,
2089 4484 2144 4529 et
2175 4475 2454 4545 conjuncti
2494 4490 2615 4529 esse
2655 4475 2932 4539 videntur,
2965 4478 3113 4547 quod
3163 4478 3363 4547 quibus
3406 4480 3499 4534 alii

1914 4566 2117 4635 aliique
2165 4566 2381 4620 colores
2426 4566 2837 4630 discernuntur,
2882 4570 3038 4635 lines,
3070 4569 3355 4623 oculorum
3400 4584 3501 4623 no»

1913 4665 2152 4712 strorum
2177 4656 2348 4710 aciem
2371 4655 2609 4721 lateant;
2631 4663 2691 4710 ut
2715 4656 2867 4710 nullo
2887 4658 3048 4711 modo
3076 4657 3293 4728 assequi
3317 4659 3498 4722 liceat,

1912 4765 2200 4820 quousque
2237 4750 2430 4820 igneus
2472 4749 2649 4819 fulgor
2691 4757 2787 4801 aut
2836 4750 3185 4817 smargdinus
3211 4759 3305 4804 aut
3332 4751 3503 4804 vires-

1912 4857 2043 4897 cens
2074 4842 2240 4895 rutilo
2285 4855 2386 4895 suo
2434 4840 2670 4904 desinat,
2706 4856 2769 4893 ac
2802 4841 2947 4894 unde
2984 4842 3211 4911 incipiat
3244 4861 3255 4894 :
3294 4842 3505 4896 idcirco

1914 4932 2210 4997 nimirum,
2242 4942 2304 4985 ut
2352 4931 2642 4995 existimo,
2698 4939 2862 5001 utet
2907 4946 3006 4999 per
3047 4938 3355 4984 creaturam
3404 4946 3505 4986 nos

1915 5041 2094 5080 sermo
2114 5024 2352 5089 erudiat,
2378 5038 2447 5077 ne
2476 5023 2531 5076 in
2568 5023 2633 5077 iis
2656 5021 3009 5076 sermonibus
3032 5022 3127 5091 qui
3159 5022 3223 5075 ad
3248 5022 3503 5092 dogmata

1915 5124 2183 5187 spectant,
2216 5114 2373 5191 quasi
2404 5114 2529 5167 novi
2556 5113 2761 5183 aliquid
2790 5113 2935 5183 passi
2972 5112 3335 5180 offcndamur,
3370 5114 3503 5168 dum

1918 5210 1973 5263 in
2003 5225 2067 5264 ea
2094 5222 2216 5277 quas
2257 5206 2428 5260 ardua
2462 5213 2591 5259 sunt
2636 5220 2739 5259 nec
2786 5204 3024 5273 intelligi.
3052 5204 3211 5259 facile
3250 5215 3502 5273 possunt,

1918 5296 2247 5359 incidentes,
2279 5295 2346 5349 ad
2380 5310 2571 5349 eorum
2602 5310 2725 5364 qure
2760 5294 3022 5348 dicuntur
3052 5310 3331 5348 assensum
3368 5311 3506 5363 qua-

1922 5388 2046 5443 dam
2075 5386 2277 5442 mentis
2316 5386 2643 5440 titubatione
2675 5400 2737 5439 ac
2770 5385 3002 5454 caligine
3034 5383 3503 5453 obstupuerimus.

1925 5478 2394 5547 Quemadmodum
2438 5478 2587 5532 enim
2634 5478 2691 5531 in
2735 5477 2803 5531 iis
2845 5492 2967 5545 qua:
2995 5474 3173 5529 oculis
3206 5475 3506 5543 conspicua

238 5588 392 5644 sunt,
430 5578 782 5649 praestantius
830 5588 1087 5629 sermone
1128 5581 1214 5628 est
1270 5572 1446 5641 ipsum
1499 5572 1575 5627 rei
1619 5571 2100 5640 experimentum:
2144 5572 2225 5627 sic
2267 5570 2323 5624 in
2360 5570 2427 5625 iis
2459 5584 2581 5639 qua:
2650 5568 2813 5639 longe
2882 5561 3082 5621 mentis
3146 5573 3365 5633 captum
3412 5581 3506 5620 ex-

247 5673 445 5728 cedunt
473 5688 537 5728 ac
563 5662 927 5727 eminentiora
956 5666 1257 5730 exsistunt,
1286 5662 1469 5732 potior
1510 5663 1581 5718 sit
1613 5663 1770 5729 ﬁdes,
1806 5680 1969 5735 quam
2001 5662 2147 5735 quod
2187 5662 2355 5719 animi
2390 5660 2699 5717 rationibus
2726 5676 2755 5715 a
2794 5659 2952 5714 nobis
2992 5657 3506 5727 comprehenditur.
