4134 6192
406 281 509 344 757

1466 277 1960 352 QUAESTIONES
1996 274 2096 336 AD
2133 269 2651 337 THALASSIUMl.

3555 276 3660 340 758

479 388 600 444 Τῶν
627 389 830 460 ἑορτῶν
855 390 934 454 δὲ,
970 389 1065 460 τὴν
1102 391 1198 460 μὲν
1249 388 1470 461 πρώτην
1492 390 1628 461 (58),
1668 388 1979 460 πρακτικῆς
2009 412 2020 445 Α

2159 361 2235 441 Ad
2292 386 2429 442 festa
2481 396 2664 442 autem
2711 388 2859 458 quod
2899 390 3099 444 attinet
3143 404 3208 445 ac
3250 389 3662 456 solenmltates,

411 475 551 532 εἶναι
602 480 917 550 φιλοσοφίας
975 480 1264 551 σύμϐολον,
1315 480 1453 550 πρὸς
1515 481 1715 552 ἀρετὴν
1770 481 1846 542 ὡς
1891 479 1985 532 ἀπ’

417 571 695 640 Αἰγύπτου
737 573 836 642 τῆς
870 572 1144 642 ἁμαρτίας
1165 572 1293 635 τοὺς
1352 573 1442 625 ὑπ’
1483 573 1656 642 αὑτῆς
1684 571 1990 642 κρατουμέ-

418 680 540 725 νους
582 662 1031 725 διαϐιϐάζουσαν·
1089 663 1186 734 τὴν
1211 665 1269 717 δὲ
1326 664 1582 734 δευτέραν
1627 664 1762 734 (59),
1810 663 1990 732 τῆςέν

423 754 693 825 πνεύματι
747 755 980 825 φυσικῆς
1027 755 1197 808 τύπον
1249 756 1512 826 ὑπάρχειν
1579 756 1834 825 Θεωρίας,
1892 754 1991 825 τὴν

422 848 551 918 περὶ
583 847 692 900 τῶν
717 847 885 900 ὅντων
913 847 1110 916 εὑσεϐῆ
1162 847 1337 912 δόξαν,
1388 848 1464 911 ὡς
1501 848 1754 918 ἀπαρχὴν
1803 848 1996 918 θέρους

422 939 498 1010 τῷ
526 940 647 1010 Θεῷ
690 939 1161 1011 προσκομίζουσαν
1183 957 1197 972 ο
1227 941 1326 1012 τὴν
1356 940 1413 993 δὲ
1437 941 1649 1011 τρίτην,
1717 941 1997 1009 θεολογίας

421 1027 560 1085 εῖναι
596 1031 888 1101 μυστήριον
930 1031 1063 1101 (40),
1098 1031 1195 1102 τὴν
1228 1031 1445 1084 πάντων
1474 1031 1584 1083 τῶν
1618 1031 1674 1083 ὲν
1697 1033 1810 1094 τοῖς
1834 1047 1993 1099 γεγο-

423 1123 538 1176 νόσι
580 1121 963 1192 πνευματικῶν
1003 1121 1178 1190 λόγων
1210 1122 1518 1191 γνωστικὴν
1564 1120 1700 1186 ἕξιν,
1757 1123 1851 1176 κα).
1898 1121 1997 1188 τὴν

427 1213 546 1265 κατ’
602 1213 912 1283 οἰκονομίαν
966 1213 1061 1266 τοῦ
1102 1213 1476 1283 σαρκωθέντος
1529 1213 1701 1282 Λόγου
1755 1215 1992 1284 παντελῆ

427 1302 512 1355 διά
552 1303 650 1372 τῆς
681 1303 900 1374 χάριτος
959 1302 1394 1373 ἀναμαρτησίαν,
1431 1303 1525 1356 καὶ
1553 1305 1650 1372 τὴν
1694 1305 1779 1357 ἐπ’
1813 1306 2000 1369 αὑταῖς

428 1394 487 1446 ὲν
514 1393 591 1464 τῷ
626 1395 816 1465 άγαθῷ
850 1394 1064 1448 τελείαν
1097 1395 1191 1448 καὶ
1245 1393 1510 1448 ἀθάνατον
1550 1396 1813 1467 ἀτρεψίαν
1843 1413 2001 1467 περι-

432 1483 682 1552 έχουσαν,
705 1483 780 1548 ὼς
803 1485 1120 1554 σαλπίγγων
1151 1484 1245 1540 καὶ
1264 1484 1492 1556 ἱλασμοῦ
1515 1487 1608 1539 καὶ
1631 1487 2004 1558 σκηνοπηγίας

431 1577 743 1647 ποιητικήν.

2088 478 2270 547 prima
2300 477 2522 547 quidem
2551 479 2672 548 ejus
2697 479 3059 549 phil050phiaa
3087 480 3524 560 syni'bolumest,
3547 494 3668 548 quze

2091 569 2148 624 in
2169 570 2384 624 actione
2417 581 2699 636 versatur;
2733 587 2854 640 quae
2895 572 3106 626 scilicet
3143 572 3294 626 velut
3319 587 3387 625 ex
3415 570 3666 642 .‘Egypto,

2091 675 2123 714 a
2156 668 2383 730 peccato
2419 660 2486 714 ad
2513 661 2771 715 virtutem
2801 677 2898 716 eos
2928 661 3198 726 traducat,
3228 677 3464 731 quorum
3492 662 3670 716 domi-

2093 760 2275 806 natur.
2301 751 2487 807 Altera
2515 767 2669 818 vero,
2695 753 2965 810 naturalis
2989 754 3041 807 in
3064 752 3260 822 spiritu
3280 751 3674 822 speculationis

2097 852 2285 915 typum
2330 845 2506 916 gerit;
2553 860 2675 914 qua:
2716 845 2977 899 nimirum
3026 844 3220 915 pietati
3263 844 3562 899 baarentem
3605 844 3674 899 de

2096 943 2264 997 rebus
2312 943 2644 999 sententiam
2692 951 2952 1012 tanquam
3004 943 3198 997 messis
3247 941 3516 1012 primitias
3562 941 3675 994 Deo

2097 1032 2312 1088 oﬂ'erat.
2349 1033 2536 1088 Tertia
2580 1033 2818 1103 denique
2864 1032 3149 1102 theologim
3195 1029 3516 1101 mysterium
3560 1037 3673 1095 est;

2098 1139 2221 1194 qua:
2247 1123 2506 1178 videlicet
2547 1123 2793 1178 omnium
2832 1122 2886 1176 in
2921 1121 3088 1177 rebus
3120 1120 3323 1174 creatis
3348 1118 3678 1188 spiritalium

2102 1214 2380 1267 rationum
2422 1214 2667 1268 scientia:
2706 1213 2978 1275 habitum,
3015 1212 3342 1281 plenamque
3374 1209 3543 1266 Verbi
3589 1223 3678 1263 se-

2102 1303 2343 1359 cundum
2379 1305 2845 1374 dispensationem
2882 1302 3148 1358 incarnati
3177 1302 3366 1371 gratiae
3394 1315 3619 1354 munere
3640 1313 3681 1360 ,a

2101 1405 2330 1467 peccato
2358 1396 2884 1460 immunitatem;-ac
2913 1403 3211 1464 postremo,
3241 1393 3390 1446 velut
3420 1406 3546 1460 qua:
3566 1390 3681 1459 ipsa

2105 1487 2362 1540 tubarum
2401 1495 2458 1541 et
2501 1486 2908 1556 propitiationis
2952 1501 3016 1540 ac
3055 1484 3393 1554 scenopegize
3434 1481 3681 1536 eﬂectrix

2105 1577 2353 1641 exsistat,
2383 1576 2684 1646 perfectam
2714 1591 2777 1630 ac
2807 1575 3171 1630 immortalem
3205 1573 3262 1627 in
3293 1573 3438 1627 bono
3483 1572 3682 1624 immu-

2108 1670 2453 1733 tabilitatcm,
2491 1669 2686 1723 horum
2717 1669 2938 1723 cumulo
2969 1667 3382 1736 complectatur.

505 1751 722 1825 Ταύτην
756 1754 864 1826 ἔχω
894 1757 1030 1820 τέως
1060 1759 1200 1814 κατά
1230 1759 1358 1830 μίαν
1379 1759 1636 1832 ἐπιϐολὴν
1683 1762 1747 1814 ὲκ
1773 1761 1871 1830 τῆς
1895 1760 2004 1813 τῶν

2179 1759 2270 1815 Sic
2316 1761 2450 1814 mihi
2510 1760 2778 1814 hactenus
2825 1775 2942 1812 uno
2992 1772 3178 1821 sensu,
3215 1770 3279 1809 ex
3329 1755 3539 1809 honore
3593 1751 3686 1822 qui

432 1845 657 1916 ἡμερῶν
696 1849 858 1919 τιμῆς
913 1849 1011 1920 τὴν
1057 1851 1332 1908 ὑπόνοιαν.
1381 1853 1456 1907 Οὑ
1499 1852 1608 1924 γάρ
1653 1853 1714 1922 δὴ
1745 1851 2005 1922 τιμᾶσθαι

435 1937 603 1990 θέλων
627 1939 656 1990 ὀ
689 1937 820 2003 Θεὸς
842 1940 947 2010 ήμέ
957 1958 1054 2014 ρας
1085 1941 1188 1994 ὑπὸ
1215 1943 1322 1996 τῶν
1349 1943 1670 2014 ἀνθρώπων,
1711 1942 2005 2014 προσέταξε

433 2028 730 2098 τιμηθῆναι
788 2029 850 2082 τό
895 2047 954 2084 τε
989 2031 1282 2098 Σάϐϐατον,
1315 2033 1411 2086 καί
1442 2035 1539 2096 τὰς
1577 2033 1884 2103 νεομηνίας,
1916 2033 2009 2085 καὶ

435 2116 534 2179 τὰς
552 2118 764 2190 ἑορτάς.
781 2119 936 2174 υὺτω
951 2121 1058 2192 γὰρ
1080 2121 1144 2176 ἂν
1162 2122 1442 2195 λατρεύειν
1465 2127 1530 2195 τῇ
1553 2125 1724 2178 κτίσει
1756 2126 1905 2194 παρά
1920 2124 2010 2176 τὸν

437 2209 698 2264 κτίσαντα
733 2213 873 2266 κατά
899 2213 1063 2284 νόμον
1093 2216 1314 2286 ἐντολῆς
1343 2216 1639 2284 ὲξεδίδαξεν
1669 2217 1798 2288 (41),
1832 2217 2012 2287 οἰομέ-

437 2315 560 2362 νους
594 2302 795 2365 σεπτάς
851 2300 989 2356 εἶναι
1021 2304 1180 2373 φύσει
1208 2305 1306 2368 τὰς
1333 2306 1566 2376 ἡμέρας,
1599 2307 1692 2358 κα)⁵
1740 2305 1830 2359 διὰ
1856 2305 2012 2358 τοῦτο

440 2393 818 2462 προσκυνητάς
846 2410 859 2424 °
886 2395 1002 2448 ἀλλ’
1027 2397 1219 2450 ἑαυτὸν
1254 2397 1515 2467 τιμᾶσθαι
1561 2397 1900 2468 συμϐολικῶς
1927 2397 2014 2450 διά

397 2489 405 2494 ·
441 2477 544 2530 τῶν
587 2479 808 2550 ἡμερῶν
844 2484 1246 2556 παρεδήλωσεν.
1289 2486 1461 2549 Αὑτὸς
1494 2486 1600 2557 γάρ
1630 2489 1744 2539 ἐστι
1794 2485 2015 2539 Σάϐϐα-

441 2585 533 2622 τον
561 2571 658 2640 μὲν
682 2571 817 2643 (42),
868 2574 943 2637 ὡς
974 2575 1081 2628 τῶν
1113 2578 1170 2628 ὲν
1228 2576 1393 2647 σαρκ)⁸
1431 2577 1530 2650 τῆς
1570 2576 1746 2646 ψυχῆς
1801 2576 2015 2647 μόχθων

443 2661 766 2727 ἀνάπαυσις,
787 2667 879 2717 καὶ
914 2666 1019 2720 τῶν
1049 2669 1188 2722 κατὰ
1231 2668 1574 2738 δικαιοσύνην
1604 2668 1781 2722 πόνων
1845 2669 2017 2722 κατά-

445 2771 647 2818 παυσις
674 2772 688 2788 ⁸
726 2757 918 2829 Πάσχα
945 2758 998 2813 δὲ
1037 2760 1171 2830 (45),
1198 2760 1272 2822 ὡς
1299 2761 1665 2832 ἐλευθερωτής
1693 2760 1799 2814 τῶν
1824 2763 1889 2832 τῇ
1926 2780 2017 2814 πι·

2109 1853 2308 1906 diebus
2349 1852 2606 1917 habetur,
2657 1851 2993 1920 opinandum
3042 1848 3335 1904 succurrit.
3380 1847 3499 1901 Non
3541 1845 3688 1900 enim

2112 1946 2339 2008 ideirco,
2371 1945 2516 2013 quod
2551 1945 2696 1998 Deus
2734 1943 2942 1998 honore
2984 1943 3089 1997 coli
3124 1941 3192 1995 ab
3227 1938 3544 1994 hominibus
3575 1937 3691 1991 dics

2109 2039 2310 2101 vellet,
2357 2035 2659 2090 Sabbatum
2704 2035 2910 2104 pariter
2950 2043 3006 2089 et
3049 2032 3396 2095 ncomenias,
3447 2028 3690 2098 festaque

2111 2129 2376 2183 solemnia
2410 2127 2640 2182 colenda
2681 2125 2960 2196 praecepit.
2995 2124 3084 2180 Sic
3116 2123 3264 2178 enim
3297 2121 3508 2176 servire
3541 2133 3693 2173 crea—

2114 2232 2251 2276 turae
2279 2221 2350 2284 ⁷³,
2381 2219 2554 2289 magis
2593 2233 2756 2288 quam
2801 2216 3048 2272 Creatori
3099 2215 3188 2285 (ad
3226 2213 3467 2269 mandati
3518 2213 3692 2281 legem

2114 2311 2262 2383 quod
2312 2309 2530 2378 attinet)
2575 2310 2700 2364 illos
2740 2307 3046 2381 docuisset;
3079 2321 3203 2360 cum
3238 2305 3449 2360 scilicet
3489 2303 3547 2369 ii,
3576 2302 3696 2357 dics

2115 2414 2314 2458 natura
2344 2401 2708 2466 venerabiles,
2746 2416 2810 2456 ac
2844 2407 3134 2470 propterea
3171 2397 3254 2452 eis
3285 2397 3492 2451 cultum
3537 2393 3692 2448 adhi-

2117 2494 2360 2549 bendum
2410 2493 2870 2561 arbitrarentur;
2898 2490 2993 2545 sed
3045 2490 3160 2559 ipse
3207 2488 3310 2543 sibi
3363 2503 3432 2541 ex
3481 2487 3697 2541 dierum

2118 2586 2334 2640 ratione
2379 2585 2643 2639 honorem
2694 2582 3040 2646 habendum,
3086 2581 3334 2652 symbolo
3376 2577 3694 2634 declaravit.

2120 2679 2240 2747 Ipse
2280 2678 2427 2732 enim
2472 2687 2529 2732 et
2567 2676 2865 2731 Sabbatum
2913 2683 3017 2738 est,
3048 2673 3199 2728 velut
3237 2673 3406 2728 animi
3443 2672 3499 2725 in
3537 2686 3702 2725 carne

2120 2783 2492 2823 aerumnarum
2546 2766 2811 2833 amolitio,
2854 2781 2919 2820 ac
2961 2765 3188 2834 justitia:
3233 2763 3483 2818 laborum
3521 2761 3699 2831 quies.

445 2847 552 2916 κρᾷ
593 2846 806 2919 δουλείᾳ
848 2853 1272 2922 κεκρατημένων
1297 2852 1396 2922 τῆς
1451 2853 1746 2924 ἁμαρτίαςο
1821 2853 2020 2922 Πεντη-

2123 2857 2334 2912 Pascha
2366 2864 2574 2920 autem,
2601 2863 2661 2909 ut
2693 2869 2887 2910 eorum
2921 2853 3206 2918 liberator,
3235 2852 3326 2922 qui
3359 2865 3542 2906 amara
3574 2863 3703 2919 pec-

449 2936 616 3007 κοστὴ
750 2939 885 3023 (44),
921 2941 996 3004 ὡς
1032 2943 1173 3012 ἀρχὴ
1227 2944 1319 2997 καὶ
1348 2944 1500 3008 τέλος
1533 2944 1641 2997 τῶν
1685 2945 1876 3008 ὅντων,
1927 2946 2020 2998 καὶ

2125 2946 2234 3002 cati
2273 2946 2538 3000 servitute
2577 2951 2855 3000 tenentur.
2889 2943 3214 2996 Pentecoste
3246 2956 3399 3006 vero,
3428 2947 3488 2993 ut
3523 2954 3706 2994 rerum

445 3025 623 3096 λόγος,
649 3022 692 3096 ᾧ
734 3022 812 3083 τάν
863 3031 1042 3085 πάντα
1075 3033 1232 3100 φύσει
1267 3034 1617 3105 συνέστηκεν.
1650 3037 1710 3088 Εἰ
1743 3035 1852 3107 γὰρ
1885 3036 2020 3106 μετὰ

2124 3037 2461 3108 principium
2510 3044 2566 3091 et
2613 3035 2756 3099 linis,
2789 3034 3140 3103 Verbumque
3190 3041 3247 3087 et
3299 3032 3460 3096 ratio,
3494 3031 3548 3086 in
3600 3046 3709 3101 qua

446 3119 548 3189 τὴν
565 3123 642 3184 είς
675 3123 874 3194 ἑαυτὴν
907 3125 1272 3197 έϐδοματικὴν
1301 3128 1399 3198 τῆς
1451 3127 1742 3198 ἑϐδομάδος
1773 3128 2020 3200 περίοδόν

2124 3137 2323 3183 cuncta
2363 3134 2563 3180 natura
2607 3124 2937 3180 consistunt.
2995 3123 3132 3180 Cum
3175 3123 3322 3178 enim
3364 3131 3489 3193 post
3533 3130 3712 3193 septe-

448 3211 596 3263 ὲστιν
623 3213 654 3281 ἡ
683 3213 1050 3286 Πεντηκοστὴ,
1101 3217 1394 3288 πενταδικὴ
1443 3217 1499 3271 δὲ
1550 3219 1734 3286 σαφῶς
1786 3220 2020 3291 ὑπάρχει

2124 3235 2252 3276 nam
2277 3219 2595 3290 septimanae
2618 3219 2670 3273 in
2696 3219 2930 3289 seipsam
2957 3217 3243 3287 periodum
3268 3217 3340 3272 sit
3364 3217 3708 3278 Pentecoste.

447 3303 654 3374 δεκάςή
693 3305 1038 3378 Πεντηκοστή
1054 3325 1068 3340 ·
1095 3307 1372 3379 προδήλως
1386 3309 1492 3380 ἄρα
1508 3309 1615 3361 τῶν
1631 3311 1798 3364 ὄντων
1817 3312 1849 3382 ἡ
1865 3312 2020 3381 φύσις

2125 3311 2308 3382 sitque
2363 3309 2540 3379 palam
2596 3309 2920 3364 Pentecoste
2981 3308 3144 3378 287
3197 3307 3448 3377 quinaria
3510 3306 3709 3370 dccas;

449 3396 593 3449 κατά
626 3396 714 3449 τὸν
756 3398 958 3468 ἑαυτῆς
1016 3400 1173 3469 λόγον
1213 3401 1544 3472 ὑπάρχουσα
1601 3402 1893 3473 πενταδικὴ
1939 3403 2020 3456 διὰ

2128 3402 2418 3472 perspicue
2473 3400 2724 3470 sequitur
2761 3416 2947 3454 rerum
2981 3409 3254 3464 naturam,
3285 3415 3406 3470 qua:
3437 3398 3553 3469 ipsa
3591 3414 3622 3454 a
3656 3413 3714 3453 sc

448 3488 550 3552 τὰς
616 3489 919 3561 αίσθήσεις,
974 3492 1113 3562 μετά
1167 3494 1265 3564 τὴν
1310 3495 1544 3566 φυσικὴν
1580 3494 1672 3548 τοῦ
1701 3495 1894 3566 χρόνου
1933 3495 2028 3548 καὶ

450 3578 560 3632 τῶν
602 3579 814 3636 αίώνων
869 3581 1142 3650 διάϐασιν,
1194 3585 1252 3639 ὲν
1295 3585 1372 3656 τῷ
1417 3585 1537 3656 Θεῷ
1570 3584 1741 3648 ἔσται,
1778 3584 1856 3655 τῷ
1889 3586 2030 3639 κατά

458 3671 621 3739 φύσιν
662 3674 761 3738 ἑνὶ,
790 3673 868 3746 μὴ
914 3675 1180 3748 δεχομένη
1207 3676 1412 3750 πέραςο
1459 3678 1517 3731 ἐν
1557 3671 1601 3748 ᾧ
1630 3677 1904 3739 παντελῶς
1929 3677 2029 3729 οὑκ

459 3760 578 3814 ἔστι
635 3761 932 3829 διάστασις.
987 3765 1125 3820 Φασὶ
1162 3767 1271 3838 γάρ
1317 3785 1464 3832 τινες
1499 3763 1638 3822 εἶναι
1681 3768 1881 3840 μονάδα
1912 3765 2026 3838 [Fr.

457 3848 677 3926 δεκάδα]
716 3855 805 3909 τὸν
853 3857 1029 3926 λόγον,
1068 3859 1146 3922 ὡς
1199 3861 1455 3932 πρόνοιαν
1509 3861 1652 3914 κατὰ
1693 3860 1919 3932 πρόοδον
1962 3861 2028 3928 τῇ

455 3939 640 3995 δεκάδι
703 3943 813 3998 τῶν
875 3945 1108 4000 ἐντολῶν
1153 3947 1572 4020 πλατυνόμενον.
1633 3949 1901 4020 Ὀπηνίκα
1976 3949 2032 4001 δὲ

460 4034 709 4107 συναφθῇ
734 4035 812 4106 τῷ
836 4035 979 4109 λόγῳ
1008 4039 1152 4092 κατά
1181 4039 1342 4111 χάριν
1369 4041 1402 4111 ἡ
1427 4040 1612 4110 φύσις,
1659 4041 1761 4093 οὑκ
1781 4040 1935 4093 ἔσται
1965 4040 2034 4092 τὰ

459 4117 534 4178 ὧν
557 4126 655 4178 οὑκ
696 4127 848 4194 ἄνευ,
876 4129 976 4196 τῆς
1000 4131 1106 4185 τῶν
1139 4131 1300 4200 φύσει
1327 4133 1661 4203 κινουμένων
1680 4133 2035 4201 ἀλλοιωτικῆς

460 4220 868 4292 ἀπογενομένης
917 4225 1204 4295 κινήσεως.
1249 4227 1342 4278 Δεῖ
1379 4225 1488 4297 γὰρ
1526 4229 1626 4296 τὴν
1681 4227 2034 4298 πεπερασμέ-

461 4329 559 4381 νην
584 4313 793 4377 στάσιν,
827 4315 882 4367 ὲν
972 4314 1217 4383 γίνεσθαι
1250 4317 1495 4387 πέφυκεν
1542 4317 1600 4385 ἐξ
1633 4318 1880 4389 ἀνάγκης
1915 4319 2036 4372 κατ’

2129 3510 2393 3551 sensuum
2432 3494 2646 3548 ratione
2694 3493 2944 3563 quinaria
2979 3492 3070 3557 sit,
3105 3500 3230 3560 post
3263 3501 3582 3562 superatum
3622 3506 3720 3545 na-

2131 3596 2254 3642 tura
2293 3595 2510 3654 tempus
2542 3593 2708 3654 atque
2742 3585 2964 3649 saecula,
3003 3583 3058 3637 in
3099 3583 3210 3637 Dco
3254 3583 3393 3646 fore,
3430 3583 3526 3652 qui
3575 3600 3720 3638 unus

2131 3687 2214 3732 est
2250 3692 2348 3747 per
2380 3685 2654 3740 naturam,
2688 3675 2901 3728 nullum
2939 3674 3250 3729 habituram
3288 3672 3488 3727 ﬁnem:
3524 3674 3579 3726 in
3609 3691 3719 3743 quo

2133 3767 2344 3822 scilicet
2368 3765 2517 3819 nulla
2540 3779 2770 3834 prorsus
2792 3764 3049 3820 distantia
3078 3779 3171 3819 seu
3202 3764 3432 3818 mutatio
3459 3763 3549 3818 sit.
3581 3763 3719 3818 Sunt

2133 3859 2280 3914 enim
2323 3860 2418 3930 qui
2459 3859 2648 3914 dicant
2710 3874 2835 3915 esse
2881 3859 3172 3913 monadem
3215 3859 3370 3926 λόγον
3409 3859 3718 3929 (sermonem

2135 3952 2349 4008 scilicet
2399 3968 2463 4008 ac
2510 3951 2793 4022 rationem)
2848 3962 3104 4022 tanquam
3151 3951 3572 4021 providentiam,
3603 3966 3722 4020 qum

2137 4045 2519 4114 progressione
2577 4043 2963 4099 mandatorum
3046 4042 3250 4097 decade
3296 4041 3719 4111 multiplicetur.

2139 4135 2243 4193 Ubi
2283 4145 2465 4191 autem
2499 4144 2698 4191 natura
2740 4135 2941 4190 rationi
2975 4133 3180 4207 (Verbo
3210 4130 3470 4187 nimirum
3501 4147 3565 4186 ac
3593 4130 3722 4186 Scr-

2141 4229 2314 4302 moni)
2351 4246 2450 4301 per
2494 4230 2728 4300 gratiam
2777 4231 3031 4299 copulata
3075 4227 3260 4293 fuerit,
3295 4242 3406 4281 non
3442 4235 3608 4281 erunt
3638 4240 3722 4289 ea,

2142 4321 2261 4377 sine
2295 4320 2498 4390 quibus
2529 4334 2662 4385 non,
2693 4316 2841 4389 quod
2878 4332 3076 4388 nempe
3115 4331 3328 4378 eorum,
3364 4330 3486 4385 qua:
3533 4322 3723 4368 natura

461 4402 745 4458 ἀλλοίωσιν
770 4405 876 4458 τῶν
904 4407 1235 4477 κινουμένων
1257 4410 1290 4478 ἠ
1332 4410 1566 4480 κίνησις,
1601 4408 1857 4476 δέξασθαι
1887 4409 2020 4472 τέλος

2149 4422 2464 4477 moventur,
2498 4421 2682 4468 motus
2720 4411 2872 4466 varie
2901 4425 3121 4466 sensum
3167 4407 3408 4463 alliciens
3443 4407 3725 4462 deterens-

460 4493 526 4562 τῇ
560 4495 835 4566 παρουσίᾳ
863 4497 963 4567 τῆς
996 4498 1304 4569 ἀπεράντου
1325 4499 1587 4567 στάσεως,
1616 4495 1726 4576 ὲνῇ
1767 4501 2039 4555 παύεσθαι

464 4584 676 4652 πέφυκε
706 4585 813 4640 τῶν
841 4589 1172 4661 κινουμένων
1205 4593 1238 4663 ἠ
1265 4593 1499 4665 κίνησις.
1541 4594 1629 4647 Ἐν
1649 4587 1692 4661 ᾧ
1726 4595 1834 4666 γὰρ
1867 4595 2040 4665 πέρας

463 4677 607 4731 κατὰ
646 4677 806 4748 φύσιν
836 4683 972 4745 ἐστὶ,
1004 4685 1100 4737 κα)⁸
1140 4684 1465 4756 ἀλλοιωτικὴ
1513 4688 1730 4751 πάντως
1769 4688 1802 4758 ὴ
1835 4687 1945 4739 τῶν
1987 4689 2043 4740 έν

464 4767 615 4839 αὑτῷ
644 4770 952 4844 καθέστηκε
972 4773 1186 4846 κίνησις
1211 4791 1224 4805 ο
1257 4776 1314 4830 ὲν
1346 4770 1390 4844 ᾧ
1418 4777 1476 4830 δὲ
1509 4776 1681 4848 πέρας
1709 4777 1852 4831 κατὰ
1879 4777 2044 4845 φύσιν

466 4859 568 4913 οὑκ
622 4861 789 4927 ἔστιν,
832 4865 1060 4936 οὐδεμία
1111 4866 1393 4932 παντελῶς
1453 4867 1778 4940 ἀλλοιωτικὴ
1832 4869 1937 4924 τῶν
1988 4872 2044 4923 ἐν

467 4952 617 5023 αὑτῷ
672 4954 1047 5029 γνωσθήσεται
1083 4959 1313 5030 κίνησις.
1356 4957 1564 5014 Οὐκοῦν
1614 4962 1642 5013 ὁ
1693 4961 1792 5032 μὲν
1844 4962 2047 5032 κόσμος

466 5046 632 5109 τόπος
651 5048 769 5101 ἐστὶ
820 5050 1258 5121 πεπερασμένος,
1302 5053 1395 5105 καὶ
1447 5052 1634 5116 στάσις
1669 5069 2048 5125 περιγεγραμ-

467 5137 608 5210 μένη
628 5157 641 5170 ·
667 5141 696 5192 ὁ
724 5139 780 5193 δὲ
797 5141 1008 5212 χρόνος,
1043 5144 1492 5215 περιγραφομένη
1526 5142 1830 5215 καθέστηκε
1888 5145 2048 5215 κίνη-

466 5248 555 5295 σις
574 5245 592 5260 ⁸
628 5231 750 5285 ὅθεν
772 5235 868 5290 καὶ
900 5234 1227 5307 ἀλλοιωτικὴ
1255 5235 1366 5289 τῶν
1427 5238 1484 5289 ἐν
1528 5234 1676 5306 αὑτῷ
1707 5235 2049 5308 καθέστηκεν

466 5325 673 5395 ἡκατά
722 5327 823 5398 τὴν
878 5327 1024 5400 ζωὴν
1069 5328 1306 5400 κίνησις.
1355 5328 1622 5396 Ὀπηνίκα
1661 5327 1718 5380 δὲ
1754 5327 1845 5380 τὸν
1891 5327 2056 5381 τόπον

464 5418 778 5486 διελθοῦσα,
830 5421 924 5475 καὶ
950 5421 1042 5475 τὸν
1073 5421 1265 5493 χρόνον
1294 5423 1415 5476 κατ’
1449 5421 1728 5492 ἐνέργειάν
1755 5435 1815 5474 τε
1854 5421 1948 5474 καὶ
1972 5419 2058 5473 έν-

2148 4520 2257 4576 que
2309 4503 2682 4576 (alterationis
2734 4501 2960 4578 vocant)
3013 4499 3262 4555 desierit.
3315 4499 3547 4553 Necesse
3581 4497 3724 4551 enim

2127 4605 2251 4661 .est,
2283 4607 2345 4651 ut
2375 4594 2526 4649 ﬁnita
2563 4594 2723 4664 quies
2751 4593 2830 4664 (in
2868 4608 2974 4662 qua
3006 4591 3319 4649 necessario
3353 4604 3452 4658 per
3482 4588 3730 4642 demuta-

2151 4688 2356 4743 tioncm
2400 4687 2507 4742 alia
2543 4701 2610 4741 ex
2647 4685 2751 4740 alia
2786 4684 3070 4754 qualitate,
3105 4696 3319 4745 eorum,
3352 4695 3474 4749 qua:
3511 4693 3729 4731 moven-

2153 4789 2267 4846 tur,
2301 4781 2474 4835 motui
2504 4787 2567 4833 ut
2599 4779 2693 4833 ﬁat
2727 4784 3102 4847 comparatum
3133 4769 3238 4845 est)
3282 4771 3444 4828 tinem
3477 4769 3728 4839 accipiat.

2154 4880 2423 4942 praesente
2458 4871 2570 4941 jam
2616 4864 3010 4926 interminabili
3054 4864 3262 4934 quiete,
3297 4861 3352 4914 in
3395 4875 3502 4930 qua
3540 4873 3730 4912 eorum

2153 4976 2278 5032 quae
2314 4969 2624 5024 moventur,
2655 4966 2840 5013 motus
2878 4970 3094 5011 cessare
3123 4951 3308 5006 habet.
3349 4949 3408 5003 ln
3449 4963 3558 5017 quo
3587 4945 3732 5001 enim

2153 5058 2348 5107 natura
2381 5048 2647 5107 terminus
2676 5056 2783 5114 est,
2803 5045 3029 5102 omnino
3052 5043 3216 5099 etiam
3245 5049 3424 5095 motus
3442 5037 3734 5110 ejusmodi,

2158 5143 2252 5214 qui
2282 5159 2350 5199 ex
2379 5141 2484 5198 alia
2521 5141 2577 5196 in
2609 5139 2774 5196 aliam
2803 5137 3062 5195 transfert
3089 5133 3431 5206 qualitatem,
3466 5130 3543 5185 illi
3572 5130 3732 5184 inest.

2158 5234 2217 5288 In
2248 5248 2359 5306 quo
2383 5240 2565 5288 autem
2590 5240 2786 5286 natura
2813 5227 3083 5284 terminus
3112 5240 3222 5280 non
3253 5233 3354 5289 est,
3384 5223 3440 5277 in
3463 5237 3530 5276 eo
3554 5220 3738 5274 nullus

2154 5325 2380 5380 omnino
2417 5321 2687 5394 ejusmodi
2732 5328 2917 5374 motus
2954 5321 3227 5374 occurret.
3268 5314 3457 5384 Igitur,
3500 5308 3751 5373 mundus.

2157 5415 2380 5487 quidem
2412 5415 2568 5470 locus
2597 5419 2682 5468 est
2705 5409 3090 5479 terminativus
3113 5422 3179 5464 ac
3204 5405 3356 5461 ﬁnita
3383 5403 3570 5475 quies;
3598 5413 3730 5456 tem-

465 5525 645 5573 νοιαν,
671 5510 704 5580 ἡ
755 5509 916 5577 φύσις
942 5512 1131 5582 (ἤγουν
1164 5511 1233 5564 τὰ
1265 5507 1339 5564 ὦν
1387 5511 1486 5563 οὐκ
1516 5508 1666 5573 ἄνευ,
1692 5507 1939 5562 τουτέστι
1966 5507 2020 5578 τί

2161 5521 2264 5578 pus
2295 5515 2501 5571 autem,
2532 5512 2712 5560 motus
2739 5511 2825 5560 est
2849 5499 3142 5565 deﬁnitus;
3171 5511 3238 5551 ex
3263 5510 3372 5566 quo
3399 5492 3565 5551 etiam
3597 5490 3658 5545 ﬁt
3683 5501 3739 5551 ut

544 5688 592 5723 τ’
626 5687 783 5745 Rom.
821 5707 858 5752 ι,
889 5688 976 5742 25.
