4036 6210
467 333 576 403 ⁸159

1638 328 1700 391 S.
1736 329 2023 391 MAXIMI
2063 329 2573 395 CONFESSORIS

3617 331 3746 400 760'

464 458 660 505 eorum
688 458 812 515 qum
840 442 894 498 in
925 441 1020 498 illo
1042 448 1356 504 versantur,
1384 438 1512 495 vitae
1537 448 1741 505 motus,
1776 441 2022 512 ejusmod

2150 444 2575 515 πεπερασμένην
2606 444 2794 501 στάσιν
2821 445 2916 501 καὶ
2944 432 3201 517 κίνησιν),
3480 448 3726 519 συναφθῇ

464 536 561 602 sit,
585 535 679 605 qui
711 549 811 604 per
840 546 936 587 eas
963 530 1281 600 qualitates,
1313 540 1436 599 qna
1467 529 1620 585 varie
1655 545 1881 585 sensum
1924 530 2044 586 σῶς.

464 628 657 693 ciunt,
693 625 965 680 immutet.
1011 620 1116 678 Ubi
1160 628 1357 677 autem
1389 627 1609 686 natura,
1641 636 1704 676 re
1738 622 1948 691 pariter
1981 637 2046 678 ae

464 717 795 790 cogitatione
838 716 1020 781 locum
1058 727 1410 784 supergressa
1445 722 1502 768 et
1528 721 1743 784 tempus
1780 715 1865 784 (ea
1894 715 2045 770 scili—

464 820 555 867 cet
600 810 719 866 sine
763 807 970 879 quibus
1015 820 1159 870 non,
1205 815 1268 860 ut
1305 815 1534 871 vocant,
1588 821 1787 876 nempe
1834 807 2041 862 ﬁnitam

464 901 709 973 Quietem
728 915 795 955 ac
822 896 1055 965 motum)
1082 896 1234 951 nullo
1261 895 1443 952 medio
1472 896 1838 955 Providentia:
1869 898 2047 953 coha-

462 993 621 1059 serit,
651 991 921 1048 rationem
950 997 1146 1045 natura
1171 988 1475 1057 simplicem
1504 995 1564 1045 et
1594 987 1871 1053 stabilem,
1893 989 2043 1044 omni

463 1085 691 1143 omnino
721 1081 1233 1152 circumscriptione
1259 1080 1347 1152 (ac
1382 1080 1616 1154 proinde
1639 1081 1791 1136 omni
1821 1096 2046 1150 prorsus

462 1176 655 1245 motu)
699 1181 1019 1239 carentem,
1070 1171 1322 1229 offendit.
1382 1170 1755 1238 Quamobrem
1811 1181 2040 1241 natura,
2102 1233 2107 1237 ,

463 1268 711 1341 quandiu
763 1267 989 1339 quidem
1044 1265 1103 1322 in
1156 1264 1366 1321 mundo
1418 1273 1769 1335 temporanea
1829 1265 2044 1322 ratione

462 1369 736 1426 versatur,
791 1366 1006 1414 motum
1060 1357 1229 1413 habet
1279 1356 1434 1412 varia
1496 1371 1721 1419 sensum
1783 1358 2046 1428 qualitate

462 1460 792 1518 mutantem,
834 1449 909 1505 ob
946 1447 1138 1507 mundi
1187 1445 1401 1507 ﬁnitam
1447 1447 1710 1517 quietem,
1756 1450 2047 1519 temporis-

461 1560 570 1615 que
599 1546 656 1600 iu
687 1545 966 1600 diversum
1009 1541 1320 1596 trahentem
1359 1540 1797 1611 corruptionem,
1825 1557 1889 1597 ac
1922 1543 2047 1598 labe

2150 540 2215 608 τῇ
2248 538 2499 610 Προνοίᾳ,
2526 538 2685 607 λόγον
2716 538 2955 611 εὑρίσκει
2970 541 3070 611 τὴν
3100 539 3366 612 Πρόνοιαν
3386 539 3530 593 κατὰ
3560 537 3727 609 φῦσιν

2148 631 2355 686 ἁπλοῦν
2400 633 2494 686 καὶ
2523 632 2804 703 στάσιμον,
2864 634 2957 686 καὶ
2992 633 3261 705 μηδεμίαν
3309 633 3499 704 ἔχοντα
3545 633 3726 702 πάντη

2147 722 2517 794 περιγραφὴν,
2552 723 2648 776 καὶ
2685 722 2772 776 διά
2798 723 2957 777 τοῦτο
3001 724 3281 787 παντελῶς
3307 723 3431 778 οὔτε
3481 724 3722 794 κίνησιν.

2147 814 2346 883 Διόπερ
2387 813 2447 865 ἑν
2480 814 2578 883 μὲν
2630 813 2707 885 τῷ
2756 814 2949 886 κόσμῳ
2981 815 3303 885 ὑπάρχουσα
3352 815 3623 886 χρονικῶς
3685 819 3721 885 ἡ

2144 903 2327 972 φύσις,
2377 901 2735 976 ἀλλοιωτικὴν
2778 908 2891 979 ἔχει
2924 909 3023 979 τὴν
3062 910 3297 981 κίνησιν,
3359 909 3446 963 διὰ
3488 910 3588 979 τὴν
3624 909 3725 964 τοῦ

2141 996 2349 1063 κόσμου
2376 998 2799 1068 πεπερασμένην
2828 1002 3037 1066 στάσιν,
3067 1001 3162 1056 καὶ
3198 1001 3298 1072 τὴν
3314 1001 3441 1054 καθ’
3472 1002 3727 1071 ἐτεροίω-

2143 1099 2228 1141 σιν
2254 1081 2349 1139 τοῦ
2379 1082 2573 1153 χρόνου
2600 1087 2808 1157 φθοράν
2831 1104 2846 1120 θ
2874 1090 2935 1141 ἐν
2963 1089 3020 1144 δὲ
3057 1086 3136 1160 τῷ
3178 1087 3299 1159 Θεῷ
3319 1088 3599 1159 γινομένη,
3634 1089 3726 1142 διὰ

2146 1174 2245 1246 τὴν
2275 1174 2512 1247 φυσικὴν
2530 1177 2625 1230 τοῦ
2656 1180 2715 1232 ὲν
2741 1174 2789 1248 ᾧ
2821 1182 3011 1249 γέγονε
3063 1181 3287 1253 μονάδα,
3317 1179 3508 1233 στάσιν
3545 1180 3727 1232 ἀεικί-

2146 1284 2308 1339 νητον
2353 1272 2486 1340 ἕξει,
2546 1275 2643 1329 καὶ⁸
2694 1275 2956 1343 στάσιμον
3007 1271 3448 1343 ταυτοκινησίαν,
3500 1271 3633 1341 περὶ
3664 1270 3730 1324 τὸ

2144 1364 2342 1418 ταυτὸν
2368 1367 2461 1420 καὶ
2483 1366 2541 1421 ἓν
2573 1367 2670 1421 καὶ
2707 1366 2866 1437 μόνον
2900 1363 3086 1427 ἀϊδίως
3114 1361 3412 1433 γινομένην
3436 1378 3450 1391 ’
3479 1362 3548 1432 ἣν
3585 1357 3728 1415 οἶδεν

2145 1454 2176 1507 ὁ
2204 1453 2360 1523 λόγος
2407 1457 2615 1528 ἀμεσον
2644 1457 2783 1512 εἶναι
2818 1456 2948 1527 περὶ
2974 1454 3037 1507 τὸ
3065 1453 3283 1524 πρῶτον
3317 1452 3492 1507 αἴτιον
3520 1452 3632 1507 τῶν
3664 1450 3728 1517 ἐξ

2148 1544 2314 1600 αὐτοῦ
2348 1550 2732 1621 πεποιημένων
2779 1546 3005 1618 μόνιμον
3031 1545 3262 1617 ίδρυσιν.

462 1636 829 1693 deterentem.
853 1635 915 1690 In
941 1635 1054 1691 Deo
1076 1641 1261 1689 autem
1291 1633 1591 1689 constituta
1609 1649 1848 1705 eumque
1870 1644 2050 1703 nacta,
2090 1653 2193 1708 per
2219 1640 2360 1711 ejus,
2394 1641 2450 1697 in
2485 1658 2596 1712 quo
2632 1642 2855 1697 condita
2886 1647 2991 1704 est,
3060 1639 3368 1693 naturalem
3396 1636 3710 1701 monadem,

461 1731 786 1801 sempiterni
825 1736 1013 1785 motus
1035 1730 1295 1800 quietem
1338 1728 1594 1783 habitura
1635 1736 1741 1792 est,
1777 1729 2136 1807 ejusdemque
2166 1743 2349 1791 motus
2411 1737 2559 1793 circa
2591 1736 2759 1803 idem,
2786 1748 3069 1803 unumque
3092 1748 3158 1787 ac
3187 1732 3389 1796 solum,
3456 1731 3516 1785 in
3578 1745 3717 1784 sem-

463 1825 741 1896 piternum
770 1820 929 1877 fixam
954 1820 1311 1876 stabilitatem
1344 1836 1359 1874 :
1391 1834 1556 1889 quam
1591 1819 1774 1875 divina
1797 1821 2041 1892 eloquia,
2081 1825 2227 1882 circa
2257 1829 2496 1897 primum
2531 1830 2849 1893 Auctorem,
2876 1841 3067 1883 eorum
3130 1840 3253 1895 qua:
3286 1823 3357 1879 ab
3385 1837 3459 1878 eo
3488 1822 3709 1879 condita

459 1922 609 1979 sunt,
646 1926 947 1985 perennem
990 1911 1312 1981 ﬁrmamque
1352 1909 1743 1977 adhesionem,
1782 1912 2028 1984 velutun

2128 1916 2268 1973 adem
2299 1934 2365 1975 ac
2393 1920 2834 1985 collocationem,
2872 1931 3071 1974 vocare
3101 1929 3351 1970 suevere.

528 2006 698 2077 288
727 2005 825 2061 Est
845 2017 979 2076 ergo
1028 2004 1386 2059 Pentecostes
1436 2003 1786 2075 mysterium,
1840 2005 2028 2064 imme-

2211 2014 2595 2085 Πεντηκοστῆς
2630 2010 2724 2069 οὖν
2773 2014 2887 2066 ἐστι
2915 2011 2977 2064 τὸ
3010 2008 3325 2081 μυστήριον,
3375 2008 3409 2078 ἡ
3441 2005 3584 2077 πρὸς
3625 2006 3727 2076 τὴν

456 2098 604 2154 diata
626 2113 844 2162 eorum,
880 2097 974 2167 qui
1010 2095 1367 2153 Providentia
1402 2105 1693 2167 reguntur.
1727 2114 1854 2153 cum
1903 2099 2028 2155 Pro-

2141 2106 2406 2178 Πρόνοιαν
2455 2108 2659 2178 άμεσος
2710 2105 2819 2161 τῶν
2866 2102 3279 2176 προνοουμένων
3311 2100 3526 2163 ἓνωσις,
3556 2098 3727 2170 ἤγουν

454 2192 700 2246 videntia
732 2192 900 2256 unio;
933 2191 1040 2245 hoc
1072 2198 1177 2255 est,
1203 2197 1415 2245 naturae
1444 2204 1570 2244 cum
1599 2190 1815 2247 ratione
1844 2192 2028 2251 divine

2141 2200 2174 2270 ἡ
2208 2197 2344 2271 πρὸς
2372 2198 2464 2252 τὸν
2491 2197 2648 2267 λόγον
2673 2196 2813 2251 κατά
2842 2195 2940 2267 τὴν
2983 2194 3083 2264 τῆς
3117 2190 3384 2263 Προνοίας
3431 2189 3725 2245 ἐπίπνοιαν

457 2284 827 2341 Providentiae
855 2283 1062 2349 aﬂlatu,
1119 2284 1434 2353 copulatio;
1483 2284 1790 2339 secundum
1845 2302 2028 2357 quam,

2142 2286 2357 2357 φύσεως
2382 2286 2595 2351 ἓνωσις,
2639 2285 2764 2340 καθ’
2788 2285 2857 2357 ἢν
2887 2283 3115 2352 οὐδεμία
3160 2280 3221 2334 τὸ
3256 2279 3520 2351 παράπαν
3565 2279 3722 2331 ἐστὶν

453 2375 604 2432 nulla
637 2391 864 2446 prorsus
881 2375 1147 2446 temporis
1169 2383 1436 2446 ortusque
1458 2378 1836 2446 generationis
1857 2379 2028 2452 imago

2141 2379 2335 2451 χρόνου
2355 2379 2448 2432 καὶ
2472 2378 2737 2448 γενέσεως
2765 2376 3021 2449 ἔμφασις.
3053 2368 3295 2443 Σάλπιγξ
3322 2373 3381 2426 δὲ
3410 2372 3566 2425 πάλιν
3594 2370 3713 2440 (45)

451 2476 715 2523 cxstatac
745 2469 1185 2538 reprwsentatio.
1219 2468 1461 2523 llursum
1496 2477 1683 2523 autem
1728 2471 1883 2537 tuba,
1926 2487 2028 2527 no-

2140 2467 2301 2538 ήμῶν
2334 2468 2451 2520 ἐστι
2482 2467 2512 2520 ό
2538 2466 2715 2535 λόγος,
2740 2466 2817 2529 ὡς
2837 2464 2937 2528 τὰς
2974 2463 3124 2527 θείας
3154 2462 3245 2515 καὶ
3275 2462 3547 2534 ἀρρήτους
3577 2462 3721 2529 ἡμῖν

451 2570 567 2616 stra
605 2562 746 2615 ratio
784 2569 889 2627 est,
915 2576 980 2617 ac
1007 2575 1230 2628 sermo;
1262 2560 1359 2631 qui
1398 2561 1611 2616 scilicet
1643 2561 1880 2628 divinas,
1915 2579 2034 2619 om-

450 2669 687 2726 nemque
715 2655 825 2710 vim
856 2655 1072 2725 eloquii
1091 2663 1422 2726 superantes
1448 2653 1610 2710 nobis
1635 2654 1857 2710 insonet
1883 2656 2031 2710 noti-

450 2746 577 2803 tias.
615 2746 944 2818 Propitiatio
966 2761 1119 2812 vero,
1148 2755 1213 2802 ut
1240 2747 1335 2818 qui
1372 2746 1430 2802 in
1474 2748 1662 2819 seipse
1694 2747 1893 2804 similis
1930 2765 2031 2804 no-

450 2839 536 2900 bis
562 2839 795 2896 euectus
826 2847 933 2907 est,
969 2840 1038 2896 ad
1068 2851 1259 2897 nostra
1281 2838 1638 2897 dissolven'da
1659 2842 1916 2908 crimina,
1971 2851 2028 2898 et

447 2933 594 2988 dono
622 2934 811 3005 gratia:
844 2935 901 2989 in
930 2934 1155 3007 spiritu,
1183 2944 1441 2993 naturam
1476 2937 1691 3006 peccati
1724 2945 1885 2992 reatu
1921 2936 2023 2991 ob-

446 3025 690 3093 noxiam,
712 3026 916 3084 deitatc
941 3028 1174 3084 imbuat.
1204 3028 1544 3099 Scenopegia
1585 3037 1794 3094 autem,
1836 3039 1897 3084 ut
1924 3045 2026 3084 no-

446 3128 576 3174 stra).
621 3118 842 3175 honesti
903 3122 1058 3176 cultu
1111 3121 1611 3187 immutabilitatis,
1670 3122 1867 3177 habitu
1930 3122 2029 3177 Dei

2133 2559 2497 2632 ἑνηχούμενος
2524 2559 2752 2629 γνώσεις
2771 2573 2787 2587 ⁶
2845 2556 3072 2628 ίλασμδς
3113 2555 3191 2619 δὲ,
3246 2554 3322 2618 ὡς
3349 2556 3408 2606 ὲν
3443 2550 3623 2622 ἑαυτῷ
3648 2554 3727 2606 τὰ

2133 2664 2399 2736 ἡμέτερα,
2427 2662 2550 2718 καθ’
2584 2662 2731 2733 ἡμᾶς
2756 2660 3067 2731 γενόμενος,
3100 2657 3327 2712 διαλύων
3369 2657 3722 2726 ἐγκλήματα,

2133 2755 2229 2809 καὶ
2260 2759 2327 2828 τῇ
2365 2755 2543 2826 δωρεᾷ
2582 2754 2683 2825 τῆς
2716 2754 2935 2822 χάριτος
2965 2752 3021 2804 ὲν
3070 2748 3364 2819 πνεύματι,
3404 2748 3504 2820 τὴν
3531 2749 3724 2817 ἀμαρ-

2131 2849 2374 2920 τήσασαν
2433 2846 2593 2916 φύσιν
2623 2843 2919 2898 θεοποιῶψ
2985 2841 3328 2912 σκηνοπηγία
3374 2838 3454 2903 δὲ,
3501 2839 3578 2902 ὡς
3614 2838 3721 2910 τῆς

2132 2940 2290 3011 ἡμῶν
2316 2937 2459 2992 κατά
2493 2938 2593 3007 τὴν
2620 2936 2956 3008 θεομίμητον
2979 2933 3092 3000 ἕξιν
3123 2933 3251 3002 περὶ
3274 2932 3335 2985 τὸ
3366 2930 3530 2984 καλὸν
3550 2932 3723 3001 ἀτρε-

2132 3031 2262 3102 ψίας
2294 3030 2477 3101 πῆξις,
2506 3030 2597 3082 καὶ
2643 3027 2744 3096 τῆς
2799 3026 2934 3098 πρὸς
2975 3024 3270 3079 ἀθανασίαν
3301 3023 3721 3094 μεταποιήσεως

2138 3120 2452 3203 συνεκτικδς
2482 3120 2742 3189 ὑπάρχων
2774 3116 2995 3188 δεσμός.

444 3213 947 3280 ωυιιιῐο,ϐτωίιοε,
1014 3229 1078 3269 ac
1140 3215 1415 3285 ejusmodi
1466 3216 1771 3280 vinculum,
1817 3216 1964 3286 quod
2027 3231 2092 3271 ca
2132 3215 2351 3270 ratione
2395 3228 2506 3285 qua
2572 3211 2641 3266 ad
2702 3209 3177 3266 immortalitatem
3233 3213 3719 3273 transmutamur,

443 3304 727 3364 contineat
750 3320 814 3360 ac
847 3315 1158 3362 conservet.

513 3401 814 3457 Brutarum
846 3408 1030 3455 autem
1063 3401 1428 3457 animantium
1466 3402 1726 3467 victimis,
1763 3417 2021 3472 asperso-

2197 3402 2438 3472 Σφαγαῖς
2502 3398 2561 3453 δὲ
2622 3397 2775 3465 ζώων
2817 3398 3028 3467 ἀλόγων
3056 3394 3193 3467 μοι,
3245 3397 3341 3452 καὶ
3393 3400 3723 3471 ραντισμοῖς

443 3509 552 3572 que
604 3508 801 3548 cruore
841 3492 1106 3548 delectari
1164 3495 1360 3560 Deum,
1425 3511 1490 3550 ac
1552 3496 1703 3550 velut
1762 3494 2017 3565 obsequil

444 3582 1078 3656 praemio,oﬂerentibus
1121 3584 1450 3641 delictorum
1507 3586 1724 3640 veniam
1771 3584 2020 3655 praabere

446 3684 507 3731 ut
558 3674 966 3740 existimemus,
1020 3690 1087 3730 cx
1134 3683 1332 3731 natura
1401 3675 1711 3745 Scripturis
1768 3675 2018 3730 animum

439 3769 811 3836 attendentes,
868 3770 1007 3825 nulli
1059 3771 1424 3838 adducimur,
1497 3788 1566 3826 ne
1636 3771 2021 3842 imprudentes

439 3862 610 3917 Deum
634 3861 925 3918 affectibus
951 3879 1013 3919 ac
1036 3863 1254 3918 libidini
1305 3864 1675 3934 mancipatum
1737 3864 2017 3931 colamus;

438 3955 589 4009 velut
617 3955 711 4027 qui
747 3955 935 4011 acrius
958 3955 1238 4026 cupidinis
1265 3964 1437 4011 (nstro
1466 3956 1750 4026 depereat,
1774 3971 1896 4027 quae
1930 3955 2018 4010 vel

436 4044 719 4101 hominem
746 4044 960 4115 pariter
1004 4045 1405 4119 depereuntem
1458 4045 1731 4110 videntes,
1785 4044 2021 4100 luxuriae

435 4136 763 4194 damnamus
787 4150 850 4191 ac
896 4136 1329 4193 incontinentiae.
1374 4136 1665 4208 Spiritales
1713 4137 1863 4194 enim
1914 4137 2019 4193 ho-

435 4228 572 4283 stias
599 4228 878 4294 novimus,
926 4227 1131 4283 nedum
1167 4229 1316 4300 quod
1371 4231 1728 4299 perturbatos
1782 4230 2021 4285 allectus

435 4318 856 4384 mortiﬁcamus,
900 4320 1204 4393 jugulando
1233 4321 1468 4391 spiritus
1498 4321 1704 4391 gladio,
1733 4322 1884 4391 quod
1933 4330 2021 4378 est

432 4412 665 4470 Verbum
690 4411 789 4466 Dei
813 4413 880 4479 ⁸ο,
906 4414 1167 4483 omnique
1189 4413 1301 4467 vita
1327 4414 1558 4477 carnali,
1584 4422 1849 4484 tanquam
1891 4430 2019 4470 san-

434 4501 602 4572 guine
629 4502 801 4557 animi
845 4503 1122 4561 sententia
1149 4520 1515 4571 evacuamus;
1542 4503 1648 4559 sed
1679 4505 1828 4575 quod
1848 4505 2016 4561 etiam

432 4595 682 4651 excultos
719 4595 1067 4668 philosophia
1096 4613 1301 4663 mores,
1329 4606 1667 4669 cunctasque
1736 4600 2020 4654 naturales

2122 3494 2369 3564 αἱμάτων
2391 3491 2652 3563 ἡδόμενον
2688 3490 2779 3543 τὸν
2805 3489 2961 3555 Θεὸν,
2997 3490 3092 3543 καὶ
3122 3484 3234 3543 οἷον
3261 3487 3364 3560 τῆς
3407 3489 3717 3561 θεραπείας

2124 3583 2338 3656 μισθὸν,
2390 3582 2489 3654 την
2538 3583 2646 3637 τῶν
2711 3581 3124 3655 ἁμαρτημάτων
3169 3581 3544 3653 παρεχόμενον
3594 3585 3718 3647 τοῖς

2122 3676 2521 3749 προσφέρουσιν
2552 3674 2762 3743 ἄφεσιν,
2799 3676 2864 3746 τῇ
2888 3670 3076 3745 Γραφῇ
3108 3673 3351 3743 φυσικῶς
3385 3672 3716 3727 ἐπιϐάλλον-

2120 3786 2232 3832 τες,
2273 3769 2333 3823 οὐ
2383 3766 2732 3836 πιστεύομεν,
2788 3765 2875 3818 ἵνα
2908 3764 2985 3836 μὴ
3012 3764 3142 3819 Θεὸν
3173 3763 3399 3834 ἐμπαθῆ
3452 3764 3717 3836 λάθωμεν

2124 3859 2390 3923 σέϐοντες,
2422 3859 2498 3922 ὡς
2530 3856 2792 3929 ἐμπαθῶς
2815 3856 3039 3915 ἐκείνων
3066 3854 3153 3909 διά
3186 3854 3387 3931 πολλῆς
3419 3856 3721 3924 ἐφιέμενον

2119 3956 2219 4023 τῆς
2265 3952 2522 4022 σπουδῆς,
2583 3950 2712 4022 περὶ
2759 3949 2794 4004 ἃ
2859 3948 2951 4002 καὶ
3010 3946 3332 4017 ἀνθρώπους
3372 3946 3711 4014 περιπαθῶς

2121 4043 2343 4114 ἔχοντας
2374 4041 2438 4096 ἀν
2466 4042 2855 4111 θεωρήσωμεν,
2871 4038 2947 4101 ὡς
2969 4037 3302 4101 ἀκολάστους
3324 4036 3412 4089 καὶ
3433 4038 3706 4106 ἀκρατεῖς

2119 4131 2497 4205 διαϐάλλομεν.
2552 4128 2755 4192 Θυσίας
2782 4132 2894 4201 γάρ
2928 4127 3309 4197 πνευματικὰς
3354 4120 3488 4179 εἶναι
3521 4126 3703 4192 τινῶ-

2122 4240 2325 4296 σκομεν
2373 4222 2508 4295 (47),
2563 4221 2625 4274 οὐ
2670 4220 2827 4293 μόνον
2878 4218 2978 4289 τὴν
3017 4219 3124 4271 τῶν
3171 4216 3359 4270 παθῶν
3407 4216 3713 4288 νέκρωσιν,

2122 4313 2505 4389 σφαττομένων
2541 4316 2608 4385 τῇ
2639 4312 2885 4384 μαχαίρᾳ
2912 4309 3007 4389 τοῦ
3035 4307 3369 4381 πνεύματος,
3404 4308 3542 4379 ὅπερ
3581 4309 3713 4362 ἐστὶ

2121 4418 2272 4490 ῥῆμα
2296 4415 2453 4479 Θεοῦ,
2487 4414 2580 4468 καὶ
2601 4414 2780 4484 πάσης
2799 4412 2898 4482 τῆς
2926 4411 2984 4463 ὲν
3016 4411 3180 4481 σαρκὶ
3200 4408 3347 4480 ζωῆς
3373 4409 3450 4473 ὡς
3469 4409 3712 4479 αἳματος

2118 4509 2216 4582 τὴν
2242 4507 2384 4564 κατὰ
2408 4505 2664 4578 πρόθεσιν
2685 4504 2898 4574 κίνησιν
2924 4500 3202 4575 [κένωσιν]
3224 4516 3241 4530 ⁸
3271 4504 3289 4522 *
3313 4501 3453 4556 ἀλλά
3471 4503 3569 4555 καὶ
3600 4500 3718 4556 τῶν

2120 4600 2262 4655 κατὰ
2287 4596 2604 4669 φιλοσοφίαν
2634 4595 2801 4666 ἠθῶν,
2839 4596 2935 4648 καὶ
2980 4595 3173 4648 πασῶν
3218 4593 3328 4646 τῶν
3361 4595 3507 4648 κατά
3537 4593 3711 4664 φύσιν

430 4684 725 4744 facultates
748 4688 860 4743 Deo
890 4699 1241 4746 consecratas
1268 4690 1575 4759 oderimus,
1620 4700 1787 4762 atque
1851 4702 1910 4747 ut
1958 4692 2015 4746 in

2128 4690 2421 4760 δυνάμεων,
2455 4686 2843 4760 προσαγωγὴν,
2875 4681 3464 4757 ἀφιερουμένωνγθεῷ,
3501 4686 3600 4738 καὶ
3632 4684 3715 4755 τῷ

434 4781 555 4850 ejus
581 4788 796 4852 partem
812 4780 1032 4848 cedant,
1063 4782 1172 4854 igni
1206 4783 1445 4859 Spiritus
1474 4783 1798 4840 holocausto
1849 4784 2015 4839 absu-

437 4871 655 4927 mimus.
686 4871 747 4929 In
776 4889 903 4928 eum
932 4875 1158 4929 modum
1188 4874 1399 4947 singula
1436 4877 1738 4946 quaequein
1770 4876 2020 4946 Scriptu-

432 4962 511 5018 ris
538 4964 813 5020 exstantia
839 4965 1088 5038 symbola
1119 4982 1185 5020 cx
1246 4974 1455 5021 natura:
1513 4966 1826 5021 rationibus
1882 4982 2017 5021 con-

434 5064 676 5121 tuentes,
701 5055 855 5114 velut
884 5057 938 5112 in
968 5067 1154 5113 monte
1203 5058 1283 5129 (in
1317 5058 1465 5113 celso
1519 5060 1763 5131 mysticae
1816 5074 2015 5130 specu-

433 5146 656 5202 lationis
688 5147 918 5221 vertice)
954 5150 1113 5221 quasi
1137 5150 1286 5205 viros
1309 5160 1518 5220 septem
1551 5167 1618 5206 ex
1658 5148 1838 5206 Saulis
1871 5148 2011 5206 libe-

435 5234 513 5291 ris
563 5233 1000 5306 (temporancam
1061 5238 1275 5295 scilicet
1306 5238 1621 5314 ﬂuxamque
1656 5241 1794 5311 legis
1839 5240 2013 5295 tradi-

434 5328 662 5401 tionem)
702 5345 1001 5397 necamus;
1044 5322 1832 5404 Saulemqueexterminamus
1881 5332 2018 5404 (ter-

431 5436 626 5475 renum
652 5419 914 5477 nimirum
944 5422 1083 5497 legis
1100 5440 1325 5480 sensum
1350 5423 1406 5480 in
1427 5427 1544 5482 solo
1570 5422 1870 5497 Scriptura!
1889 5441 2014 5482 cor-

429 5511 536 5567 ticc
568 5522 829 5583 textaque
861 5510 1062 5571 littera:
1089 5515 1353 5589 positum)
1386 5534 1489 5574 nec
1513 5528 1659 5574 stare
1695 5518 1932 5575 sinimus
1954 5519 2009 5574 in

429 5604 581 5656 omni
615 5605 856 5660 conlinit)
881 5606 1137 5674 Israclis;
1186 5609 1454 5679 spiritalis
1506 5612 1718 5668 scilicet
1762 5622 2011 5669 contem-

429 5690 709 5761 plationis.
741 5694 844 5749 ilic
868 5697 1016 5750 enim
1039 5715 1235 5755 revera
1266 5700 1395 5757 vita:
1438 5713 1743 5773 superstes,
1806 5720 2009 5761 consu-

503 5800 551 5834 '°
582 5800 781 5872 Ephcs.
819 5821 889 5870 vl,
934 5807 1013 5861 i7.

2119 4784 2254 4855 πυρὶ
2281 4782 2378 4852 τῆς
2395 4783 2454 4835 έν
2483 4778 2752 4851 πνεύματι
2792 4779 3013 4850 χάριτος
3043 4777 3180 4849 πρὸς
3222 4776 3319 4848 τὴν
3371 4776 3527 4830 θείαν
3555 4776 3714 4847 λῆξιν

2115 4872 2613 4942 ὁλοκαυτουμένων.
2669 4870 2857 4933 Οὕτως
2891 4868 3121 4922 ἕκαστον
3160 4867 3270 4921 τῶν
3305 4869 3707 4940 ἐμφερομένων

2116 4967 2184 5036 τῇ
2224 4964 2415 5035 Γραφῇ
2468 4962 2749 5032 συμϐόλων
2783 4959 3028 5031 φυσικῶς
3053 4958 3472 5024 ἐποπτεύοντες,
3522 4959 3599 5022 ὡς
3646 4960 3703 5011 ἐν

2114 5054 2230 5127 ὄρει
2258 5054 2338 5127 τῷ
2360 5053 2484 5126 ὕψει
2509 5054 2611 5124 τῆς
2639 5051 2906 5125 μυστικῆς
2945 5052 3197 5122 θεωρίας,
3224 5052 3478 5122 καθάπερ
3504 5051 3694 5120 ἄνδρας

2115 5147 2255 5202 ἑπτὰ
2308 5147 2416 5200 τῶν
2467 5147 2598 5202 υἱῶν
2658 5145 2853 5210 Σαοὺλ,
2888 5142 2988 5217 τὴν
3024 5143 3285 5215 χρονικὴν
3323 5143 3688 5211 ἀποκτένομεν

2114 5239 2210 5295 καὶ
2248 5239 2582 5312 πρόσκαιρον
2613 5236 2709 5290 τοῦ
2745 5236 2912 5307 νόμου
2946 5233 3244 5305 παράδοσιν
3267 5250 3280 5267 ⁸
3312 5235 3408 5287 καὶ
3440 5233 3684 5302 ἀφανίζο-

2119 5348 2217 5407 μεν
2253 5330 2346 5385 τδν
2372 5331 2564 5396 Σαοὺλ,
2618 5329 2865 5383 τουτέστι
2894 5327 2985 5382 τὸν
3017 5329 3073 5381 ὲν
3114 5327 3261 5401 μόνῳ
3289 5326 3368 5399 τῷ
3409 5326 3556 5398 ρητῷ
3593 5324 3685 5393 τῆς

2115 5423 2341 5496 Γραφῆς
2388 5423 2570 5494 χοϊκδν
2616 5421 2761 5487 νοῦν,
2809 5420 2917 5474 τοῦ
2962 5418 3048 5490 μὴ
3105 5418 3356 5473 ἑστάναι
3404 5417 3583 5471 αὑτὸν
3620 5415 3689 5468 ἐν

2117 5512 2485 5583 παντὶόρίῳ
2548 5512 2838 5582 Ἰσραήλ*
2901 5511 3170 5571 τουτέστι,
3220 5510 3410 5582 τρόπῳ
3464 5508 3695 5579 θεωρίσῖς

2124 5608 2513 5679 πνευματικῆς.
2553 5599 2722 5670 Οὗτος
2752 5604 2862 5678 γὰρ
2896 5602 3005 5669 ζῶν
3068 5604 3157 5656 ἐπ’
3194 5602 3478 5673 ἀληθείας,
3506 5617 3703 5683 cuna:

2117 5703 2219 5768 λεῖ,
2247 5701 2343 5757 καί⁸
2371 5700 2553 5757 διώκει
2609 5699 2743 5773 (48),
2779 5699 2872 5754 καὶ
2919 5696 3200 5762 ἀπόλλυσι,
3237 5694 3403 5770 σαρκὶ
3439 5693 3581 5768 μόνη
3610 5691 3719 5747 τὸν
