4036 6210
262 359 364 425 761

1323 349 1817 425 ΟΗΕΕΤΙΟΝΕΒ
1851 348 1953 408 AD
1989 345 2496 407 THALASSIUM.

3421 337 3527 399 762

259 469 427 538 νόμον
476 464 869 540 περιγράφων,
918 462 1042 525 τοὺς
1089 460 1231 514 κατὰ
1277 458 1440 529 φύσιν
1495 458 1682 527 λόγους,
1751 455 1836 510 καὶ

1945 454 2046 508 mit
2073 464 2130 509 et
2156 457 2532 522 persequitur,
2560 449 2858 520 perditque
2889 448 3028 520 (sola
3059 444 3322 500 nimirum
3358 459 3525 498 carne

258 557 560 628 λογισμούς
591 573 604 586 ·
635 555 810 626 τιμῶν
855 554 930 618 ὡς
967 552 1086 605 θεῖα
1132 550 1201 604 τὰ
1255 550 1402 620 πάοη
1443 553 1542 619 τῆς
1595 548 1837 618 ἀτιμίας,

257 649 408 718 ἅπερ
440 648 491 700 ot
524 645 665 699 κατὰ
717 644 879 714 φύσιν
932 642 1185 711 λογισμοὶ
1205 683 1219 706 ,
1253 640 1624 708 λαμϐάνοντες
1653 638 1840 690 ἄδειαν

259 739 369 793 ὑπὸ
402 737 496 792 τοῦ
518 737 683 808 νόμου
717 735 810 788 τοῦ
849 733 1189 804 πνεύματος,
1221 731 1613 784 ἀποκτένουσιν
1659 731 1840 780 ἐπιτο-

257 831 392 884 auro
435 831 527 883 καὶ
584 827 904 882 θανατοῦσιν
968 828 1025 880 ὲν
1082 827 1223 896 ἀρχῇ
1291 821 1551 894 θερισμοῦ
1610 819 1836 891 κριθῶν.

272 923 442 993 Ἀρχὴ
478 920 536 973 δὲ
559 918 820 991 θερισμοῦ
833 917 1039 988 κριθῶν
1060 917 1226 979 ἐστιν,
1263 917 1295 984 ἡ
1331 913 1472 966 κατὰ
1489 913 1588 982 τὴν
1608 927 1839 981 πρακτι-

258 1013 362 1086 κὴν
430 1011 746 1082 φιλοσοφίαν
800 1010 936 1080 μετά
988 1025 1134 1070 τινος
1173 1006 1488 1075 συμμέτρου
1523 1003 1681 1070 λόγου
1729 1001 1840 1053 τῶν

259 1104 474 1175 ἀρετῶν
528 1103 794 1172 συλλογήι
852 1100 972 1154 καθ’
1002 1099 1070 1170 ἦν
1101 1099 1161 1152 τὸ
1198 1096 1399 1165 γεῶδες
1453 1094 1561 1148 τῶν
1609 1093 1840 1165 Γραφῶν

259 1195 656 1250 ἁποκτένεσθαι
716 1195 949 1262 πέφυκε,
1001 1192 1094 1246 καὶ¹
1148 1192 1256 1243 πᾶν
1317 1189 1499 1260 χοῖκὺν
1558 1185 1839 1248 παντελῶς

255 1286 621 1356 ἀφανίζεσθαι
663 1285 891 1355 κίνημα.
931 1285 1082 1354 "Atta
1113 1283 1222 1352 γάρ
1243 1298 1328 1344 τις
1356 1281 1456 1350 τὴν
1483 1278 1592 1333 τῶν
1625 1279 1840 1349 ἀρετῶν

257 1378 495 1446 λογικῶς
524 1375 768 1446 μετέλθοι
803 1373 1122 1443 φιλοσοφίαν
1149 1372 1284 1445 149),
1313 1370 1430 1441 ἅμα
1465 1370 1558 1423 καὶ
1583 1370 1682 1441 τὴν
1731 1368 1841 1421 τῶν

257 1468 496 1540 Γραφῶν
515 1468 649 1538 πρὸς
678 1467 739 1519 τὺ
771 1464 987 1536 πνεῦμα
1040 1465 1284 1534 φυσικῶς
1314 1463 1649 1533 μετήνεγκεν
1685 1460 1838 1513 ἐκδο-

254 1561 382 1629 χὶτν.
439 1561 498 1612 ἐν
555 1558 834 1628 καινότητι
879 1556 1186 1625 πνεύματος
1243 1553 1560 1624 πρακτικῶς
1593 1551 1685 1606 διὰ
1729 1551 1842 1604 τῶν

255 1651 485 1721 ὑψηλῶν
537 1651 908 1720 θεωρημάτων
959 1648 1036 1719 τῷ
1089 1645 1210 1716 Θεῷ
1263 1643 1563 1716 λατρεύων,
1630 1644 1726 1697 καὶ
1777 1645 1837 1696 οὐ

252 1740 951 1812 παλαιότητιγράμματος,
999 1737 1089 1792 διὰ
1115 1739 1213 1807 τῆς
1256 1739 1374 1790 κατ’
1398 1734 1648 1806 αἴσθησιν
1699 1734 1836 1806 πρὸς

255 1833 424 1901 σῶμα
453 1833 836 1902 ταπεινοτέρας
891 1830 986 1884 τοῦ
1045 1832 1211 1902 νόμου
1244 1828 1578 1901 “Mortis.
1605 1829 1836 1899 τροφεὺς

254 1927 452 1980 πιθῶν
483 1924 626 1978 κατὰ
656 1927 784 1988 τοὺς
828 1923 1115 1989 Ἰουδαίους
1147 1923 1450 1993 γινόμενος,
1515 1921 1608 1974 καὶ
1660 1921 1840 1990 ἁμαρ-

252 2020 382 2082 τίας
413 2018 774 2089 θεραπευτής.
808 2015 1014 2088 Πράξει
1063 2015 1173 2087 γὰρ
1227 2015 1356 2086 χρὴ,
1395 2014 1482 2067 διὰ
1528 2013 1638 2066 τῶν
1700 2013 1840 2066 κατὰ

254 2113 426 2179 φύσιν
474 2109 769 2179 λογισμῶν,
822 2109 924 2179 τὴν
973 2107 1196 2178 ἐμπαθῆ
1254 2109 1345 2160 καὶ
1377 2107 1696 2176 σωματικὴν
1745 2103 1840 2156 τοῦ

254 2205 431 2274 νόμον
464 2205 704 2257 διάνοιαν
737 2198 1183 2274 διαχειρίζεσθαι,
1217 2198 1402 2262 καθὼς
1425 2201 1454 2252 ὁ
1492 2197 1591 2267 τῆς
1621 2199 1841 2268 Γραφῆς

254 2297 554 2364 ὑφηγεῖται
581 2295 758 2363 λόγος,
800 2295 1026 2362 φάσκων
1048 2308 1062 2322 ⁶
1106 2291 1214 2346 Kal
1242 2291 1460 2345 ἐλαϐεν
1489 2293 1520 2344 ό
1540 2289 1841 2354 ,βασιλεὺς

256 2390 404 2454 τοὺς
433 2388 543 2442 δύο
589 2386 758 2452 υἱοὺς
798 2384 1054 2452 Ῥεσφᾱς
1097 2381 1386 2451 θυγατρὸς
1449 2382 1574 2435 Ἀτα
1606 2383 1840 2434 παλλα-

254 2481 377 2548 κῆς
397 2481 504 2535 τοῦ
541 2479 760 2542 Σαοὺλ,
805 2478 916 2531 τὸν
951 2476 1221 2545 Ἐρμονθι
1271 2475 1367 2528 καὶ
1405 2473 1514 2527 τὸν
1549 2475 1843 2543 Μεμφιϐό-

254 2572 410 2628 σθέ·
438 2573 535 2626 καὶ
585 2571 727 2637 τοὺς
770 2570 950 2624 πέντε
993 2568 1163 2633 υἱοὺς
1206 2566 1318 2635 τῆς
1365 2565 1576 2634 Μερὼό
1604 2566 1714 2634 τῆς
1737 2570 1842 2620 ϐυ-

251 2663 478 2735 γατρὸς
501 2663 719 2729 Σαοὺλ,
735 2661 842 2727 οὓς
858 2661 1024 2714 ἔτεκε
1043 2659 1122 2726 τῷ
1157 2658 1446 2727 Ἐσδριήλ
1466 2674 1479 2688 ⁸
1502 2657 1597 2712 καὶ
1621 2658 1845 2712 ἔδωκεν

246 2755 486 2822 αὐτοὺς
506 2756 576 2808 ἐν
598 2757 749 2824 χειρὶ
782 2751 904 2806 τῶν
922 2749 1334 2808 Γαϐαωνιτῶν.
1391 2750 1525 2822 Χείρ
1568 2751 1683 2804 ἔστι
1734 2751 1844 2804 τῶν

249 2847 624 2903 Γαϐαωνιτῶν
689 2845 802 2918 (50)
826 2858 854 2912 ,⁸
889 2846 923 2916 ἡ
977 2843 1096 2898 κατ’
1152 2842 1354 2914 ἀρετὴν
1382 2843 1580 2914 πρᾶξις
1604 2843 1712 2895 τῶν
1742 2861 1843 2912 φυ-

251 2940 434 2994 σικῶν
460 2937 754 3010 λογισμῶν,
782 2938 850 2990 δι’
874 2933 943 3008 ἦς
971 2937 1021 2990 ot
1045 2935 1152 2990 υίοὶ
1189 2935 1421 3004 Ῥεσφᾶς
1463 2936 1718 3006 Ἐρμονθὶ
1748 2937 1840 2989 καὶ

247 3031 636 3101 Μεμφιόοσθὲ,
676 3029 972 3096 τουτέστιν,
1021 3030 1055 3099 ἠ
1101 3029 1164 3081 ὲκ
1202 3027 1303 3098 τῆς
1342 3030 1400 3080 ὲν
1440 3028 1576 3099 μόνῃ
1606 3030 1672 3098 τῇ
1703 3045 1839 3099 προ-

1942 547 2118 616 legem
2144 543 2433 614 deﬁniens)
2499 543 2782 597 naturales
2823 541 3068 594 rationes
3129 550 3185 592 et
3227 538 3520 607 cogitatio-

1941 654 2040 692 nes
2069 639 2251 691 :vclut
2278 637 2516 700 divin-os,
2559 636 2857 706 probrosos
2918 633 3149 687 allectus
3196 632 3386 685 colens
3429 627 3517 684 ⁸²τ

1942 746 2082 800 quos
2111 729 2367 784 videlicet
2395 738 2743 782 assumontas
2763 726 2927 795 289
2943 725 3230 778 naturales
3252 723 3519 783 rationes.

1942 831 2166 893 accepta
2224 823 2446 876 licentia
2507 837 2535 875 a
2593 822 2710 890 lege
2769 819 3023 889 spiritali,
3059 819 3113 870 in
3141 833 3312 870 unum
3359 817 3522 870 simul

1941 915 2327 970 contrucidant
2354 930 2417 968 ac
2445 915 2795 976 interimunt,
2833 913 2887 964 in
2911 911 3087 964 ini-tio
3139 909 3336 963 messis
3388 909 3526 962 hor-

1940 1009 2192 1064 deorum.
2239 1009 2334 1062 Est
2394 1015 2576 1061 autem
2639 1006 2858 1059 initium
2912 1004 3107 1058 messis
3164 1002 3520 1063 hordeorum,

1939 1102 2216 1156 virtutum
2247 1115 2372 1154 cum
2400 1099 2683 1153 moderata
2711 1097 2948 1167 quadam
2979 1097 3192 1150 ratione
3222 1110 3318 1163 per
3342 1095 3522 1164 philo—

1940 1194 2192 1265 sophiam
2225 1193 2537 1247 studentem
2570 1192 2774 1245 actioni
2820 1189 3073 1244 collectio
3110 1207 3122 1242 :
3159 1204 3268 1258 qua
3303 1202 3522 1256 compa-

1940 1295 2120 1342 ratum
2149 1295 2209 1340 ut
2242 1285 2610 1340 internecioni
2661 1284 2826 1338 detur
2877 1282 3149 1353 quidquid
3202 1280 3519 1349 Scriptura-

1941 1395 2062 1434 rum
2097 1387 2374 1434 terrenum
2411 1387 2516 1441 est,
2548 1393 2612 1431 ac
2648 1385 2900 1431 terrenus
2934 1376 3114 1429 omnis
3149 1381 3333 1428 motus
3382 1373 3520 1426 abo-

1939 1474 2139 1528 leatur.
2178 1472 2298 1525 Mox
2328 1471 2476 1525 enim
2502 1487 2566 1525 ac
2586 1469 2786 1538 aliquis
2814 1470 3080 1523 virtutum
3111 1465 3518 1537 philosophiam

1939 1579 2008 1619 ex
2034 1565 2248 1618 ratione
2277 1563 2484 1626 inierit,
2514 1577 2620 1615 una
2663 1577 2885 1631 quoque
2929 1561 3340 1630 Scripturarum
3393 1573 3523 1611 scn-

1941 1671 2063 1709 sum
2085 1665 2281 1708 natura
2307 1654 2361 1707 in
2399 1654 2652 1722 spiritum
2692 1655 2971 1714 transfert,
3002 1652 3057 1704 in
3095 1652 3337 1704 novitate
3409 1647 3523 1718 spi-

1941 1749 2082 1804 ritus
2113 1747 2349 1802 aetionis
2383 1747 2533 1802 cultu
2568 1762 2666 1815 per
2693 1745 2952 1799 sublimia
2988 1759 3150 1798 sensa
3209 1754 3374 1812 atque
3422 1741 3522 1795 ob-

1934 1841 2078 1912 jecta
2107 1841 2219 1894 Dco
2254 1839 2522 1902 serviens,
2557 1846 2613 1891 et
2651 1853 2758 1890 non
2791 1838 2847 1890 in
2884 1844 3159 1891 vetustate
3221 1835 3421 1888 litterae
3447 1831 3517 1898 ⁸⁸,

1941 1947 2040 2002 per
2069 1931 2420 1984 humiliorem
2462 1930 2598 1999 legis
2635 1943 2863 1998 pronam
2921 1926 3141 1996 corpori
3197 1941 3262 1980 es
3329 1940 3524 1980 sensus

1941 2023 2156 2078 ratione
2191 2021 2589 2091 aceeptionem,
2637 2019 2951 2074 Judaeorum
3011 2031 3166 2070 more
3221 2016 3518 2069 atl‘ectuum

1940 2125 2131 2186 pastor
2167 2129 2229 2169 ac
2257 2113 2578 2176 libidinum,
2611 2127 2713 2164 nec
2755 2126 2865 2164 non
2891 2109 3098 2178 peccati
3129 2124 3274 2162 cum
3309 2108 3491 2175 impen

1941 2225 2056 2276 sus,
2083 2209 2374 2264 exsistens.
2406 2208 2638 2262 Necesse
2671 2205 2819 2260 enim
2849 2213 2933 2257 est
2958 2212 3036 2265 ut,
3071 2201 3408 2256 naturalium
3433 2216 3522 2254 ra-

1943 2299 2153 2353 tionum
2178 2313 2302 2366 ope,
2343 2297 2642 2350 haerentem
2685 2293 2899 2347 libidini
2960 2308 3024 2346 ac
3058 2291 3404 2359 corporalem
3442 2290 3524 2343 le-

1941 2392 2024 2463 gis
2049 2391 2465 2461 intelligentiam
2498 2389 2856 2459 perimamus,
2891 2387 2967 2441 uti
2994 2386 3291 2454 Scriptura:
3339 2389 3521 2436 textus

1941 2491 2163 2538 enarrat
2200 2500 2213 2535 :
2243 2483 2310 2536 Et
2334 2482 2528 2542 accepit
2553 2496 2645 2533 rex
2670 2480 2799 2533 duos
2827 2479 2965 2547 ﬁlios
2993 2478 3241 2545 lihesplue
3263 2475 3390 2544 ﬁlim
3418 2475 3518 2528 Aia

1942 2573 2144 2642 pellicis
2172 2572 2371 2637 Saulis,
2405 2572 2684 2626 Ermonthi
2716 2579 2765 2623 et
2783 2570 3222 2640 Memphibosthe;
3271 2576 3318 2620 et
3367 2568 3522 2637 quin-

1943 2682 2042 2736 que
2067 2665 2207 2734 ﬁlios
2227 2665 2459 2719 Merobes
2493 2663 2623 2732 ﬁlia:
2645 2663 2846 2729 Saulis,
2871 2680 2999 2733 quos
3033 2663 3231 2734 peperit
3253 2659 3519 2719 Esdrieli;

1943 2768 1991 2811 et
2024 2758 2166 2810 dedit
2190 2773 2274 2810 eos
2303 2758 2354 2810 in
2402 2773 2560 2810 manu
2608 2755 3047 2812 Gabaonitarum.
3086 2753 3516 2808 Gabaonitarum

1944 2865 2156 2909 manus.
2197 2849 2535 2903 naturalium
2568 2849 2842 2903 rationum
2872 2849 3016 2902 actio
3058 2856 3162 2908 est,
3199 2861 3298 2918 per
3352 2861 3516 2921 quam

1945 2941 2217 3009 Rhesphte
2246 2940 2342 2994 ﬁlii
2369 2941 2663 2994 Ermonthi
2691 2951 2747 2995 et
2776 2939 3214 3009 Mcmphibcsthe
3262 2938 3402 3008 (qua:
3435 2937 3520 2990 ni-

1945 3031 2145 3085 mirum
2181 3047 2248 3085 ex
2275 3032 2390 3085 sola
2421 3030 2696 3086 sermonis
2736 3031 3070 3100 prolatione,
3121 3027 3395 3096 corporali
3438 3025 3520 3079 le-

244 3123 404 3193 φορᾷ
439 3120 536 3174 τοῦ
585 3121 749 3189 λόγου
785 3118 1102 3190 σωματικῆς
1119 3117 1214 3171 τοῦ
1249 3118 1414 3187 νόμου
1453 3117 1673 3188 διδαχῆς
1713 3133 1836 3185 γεν-

1943 3127 2025 3198 gis
2050 3126 2327 3190 doctrina,
2352 3126 2647 3180 libidinosa
2671 3125 2922 3194 operatio
2975 3122 3244 3184 nascitur,
3289 3119 3520 3172 lasciva-

242 3216 474 3285 νωμένη
503 3213 612 3267 τῶν
653 3213 842 3268 παθῶν
868 3211 1140 3283 ἐνέργεια,
1175 3211 1272 3264 καὶ
1332 3212 1365 3280 ἡ
1416 3209 1524 3264 τῶν
1561 3208 1840 3279 λογισμῶν

242 3307 560 3370 ἀκόλαστος
584 3306 820 3376 κίνησις,
866 3302 1285 3358 ἀποκτένονται.
1348 3303 1494 3373 Πρὸς
1551 3302 1606 3355 δὲ
1659 3303 1755 3356 καὶ
1788 3302 1838 3353 ot

240 3399 418 3453 πέντε
449 3399 560 3451 υἱοὶ
582 3397 684 3467 τῆς
709 3395 934 3468 Μερὼϐ,
986 3397 1284 3460 τουτέστιν,
1315 3396 1364 3447 οἱ
1399 3395 1463 3447 ὲκ
1494 3394 1591 3463 τῆς
1629 3394 1839 3464 τρυφῆς

242 3485 590 3558 γεννώμενοι
646 3485 788 3539 κατὰ
831 3484 932 3558 τὴν
994 3484 1147 3558 παρὰ
1198 3485 1360 3552 φύσιν
1405 3483 1500 3552 τῆς
1554 3482 1838 3552 ἐνεργείας

243 3579 455 3651 χρῆσιν
475 3576 766 3630 ἀκόλαστοι
789 3575 950 3630 πέντε
974 3576 1168 3647 τρόποι
1186 3574 1295 3628 τῶν
1319 3575 1478 3630 πέντε
1499 3573 1803 3644 αἰσθήσεων
1819 3587 1833 3600 ·

246 3669 350 3732 οὒς
404 3666 724 3723 ἀποκτένειν
766 3668 1057 3722 ὲπιτοαυτὺ
1110 3667 1356 3737 πέφυκεν
1401 3667 1476 3728 ὡς
1507 3668 1566 3718 ὲν
1619 3667 1734 3736 ὄρει
1759 3665 1838 3735 τῷ

251 3758 388 3828 ὕψει
421 3758 518 3826 τῆς
560 3757 930 3828 πνευματικῆς
967 3757 1219 3828 θεωρίας,
1264 3756 1324 3808 έν
1370 3757 1512 3828 ἀρχῇ
1568 3754 1834 3826 θερισμοῦ

254 3850 487 3922 κριθῶν,
519 3850 650 3920 ὅπερ
692 3851 841 3902 ἐστὶν
892 3851 950 3901 ἐν
1001 3848 1310 3919 προοιμίοις
1354 3849 1453 3918 τῆς
1493 3847 1611 3901 κατ’
1636 3848 1837 3919 ἀρετὴν

249 3939 528 4011 πράξεως,
555 3940 587 4010 ἢ
616 3940 715 4011 τῆς
753 3941 895 3994 κατὰ
940 3939 1100 4010 φύσιν
1136 3939 1395 4002 εὐσεϐοῦς
1427 3938 1683 4009 θεωρίας,
1726 3941 1836 3999 πᾶς

249 4031 375 4096 νοῦς
431 4032 576 4086 κατὰ
631 4032 764 4085 Θεὸν
824 4031 1026 4102 ὑψηλὸς
1079 4033 1173 4085 καὶ
1217 4031 1490 4102 μετέωρος
1512 4047 1524 4060 ·
1588 4031 1730 4085 κατὰ
1774 4030 1838 4084 τὸ

245 4123 400 4188 αὐτὸ,
456 4124 558 4193 τήν
591 4139 652 4176 τε
689 4123 801 4176 τῶν
848 4123 1034 4176 παθῶν
1083 4123 1478 4192 κατασφάττων
1526 4122 1832 4194 ἐνέργειαν,

245 4215 344 4269 καὶ
378 4217 481 4285 τὴν
518 4215 631 4269 τῶν
676 4215 954 4286 λογισμῶν
1007 4215 1258 4286 ἄσχημον
1305 4215 1542 4286 κίνησιν.
1593 4216 1737 4287 Πρὸς
1776 4214 1833 4268 δὲ

245 4308 490 4371 καὶτοὺς
517 4307 660 4361 κατὰ
688 4308 1036 4379 παράχρησιν
1063 4307 1164 4377 τῆς
1203 4309 1312 4362 τῶν
1341 4307 1650 4378 αἰσθήσεων
1681 4309 1835 4379 ἐνερ-

242 4415 306 4467 γε
315 4398 399 4464 ίας
432 4399 770 4463 ἀκολάστους
805 4401 1062 4470 τρόπους.

1941 3234 2048 3288 que
2071 3219 2438 3272 acluxuriosa
2469 3217 2865 3287 cogitationum
2921 3211 3190 3284 incitatio)
3241 3213 3520 3281 perimun-

1942 3321 2050 3367 tur.
2091 3313 2171 3366 Ad
2203 3314 2319 3368 hinc
2344 3328 2473 3367 vera
2506 3313 2673 3367 etiam
2700 3311 2943 3380 quinque
2974 3309 3226 3363 Merobes
3254 3307 3352 3360 ﬁlii
3404 3304 3517 3377 (qui

1940 3406 2155 3460 scilicet
2178 3421 2245 3459 ex
2271 3407 2552 3475 voluptate
2609 3421 2706 3474 per
2759 3403 3127 3457 innaturalem
3180 3397 3519 3469 operatio-nis

1940 3514 2124 3562 nsunt,
2161 3498 2596 3567 intemperantes
2633 3495 2901 3564 quinque,
2951 3493 3197 3563 quinque
3255 3505 3517 3546 sensuum

1938 3595 2246 3644 nascuntur
2279 3585 2452 3657 modi)
2509 3602 2650 3656 quos
2707 3585 2764 3639 in
2821 3600 2994 3638 unum
3043 3581 3238 3646 simul,
3284 3581 3439 3635 velut
3462 3578 3516 3632 in

1938 3688 2124 3733 monte
2147 3678 2224 3750 (in
2247 3679 2394 3734 celso
2420 3678 2686 3747 spiritalis
2714 3675 3107 3746 spcculationis
3132 3673 3362 3740 vertice)
3427 3687 3522 3725 oe-

1939 3769 2122 3824 ciderc
2149 3769 2336 3832 habet,
2370 3767 2424 3822 in
2450 3769 2610 3823 initio
2650 3768 2844 3822 messis
2900 3767 3238 3820 hordeorum
3296 3764 3375 3835 (id
3410 3773 3515 3825 est,

1937 3861 2124 3932 primo
2156 3861 2339 3916 statim
2367 3860 2602 3915 actionis
2633 3875 2701 3915 ex
2722 3859 2946 3914 virtutis
2996 3858 3207 3911 ratione
3269 3855 3515 3916 exordio.

1937 3951 2071 4014 sive,
2097 3950 2201 4020 pia:
2234 3965 2302 4004 ex
2334 3955 2546 4003 natum
2574 3948 2879 4002 rationibus
2916 3943 3330 4016 speculationis)
3363 3961 3518 3997 mens

1937 4041 2119 4096 omnis
2145 4041 2453 4096 secundum
2503 4041 2676 4095 Deum
2725 4039 2945 4094 excelsa
2987 4053 3051 4092 ac
3117 4036 3407 4100 sublimis;
3463 4035 3517 4087 in

1935 4147 2106 4185 unum
2140 4130 2301 4184 simul
2329 4144 2556 4194 necans,
2602 4137 2719 4182 tum
2754 4127 3052 4180 affectuum
3084 4125 3194 4177 vim
3237 4139 3300 4178 ac
3333 4123 3518 4176 libidi-

1935 4236 2090 4285 num,
2117 4230 2232 4275 tum
2289 4228 2504 4289 turpem
2560 4218 2959 4288 cogitationum
2989 4224 3221 4270 motum.
3269 4214 3348 4268 Ad
3402 4214 3518 4268 haec

1934 4313 2125 4376 etiam,
2160 4327 2423 4367 sensuum
2453 4310 2794 4380 operationis
2857 4309 3031 4363 abusu
3071 4317 3389 4362 constantes
3443 4306 3516 4360 la-

1938 4404 2113 4458 scivos
2145 4403 2338 4457 modos
2363 4413 2528 4471 atque
2559 4401 2823 4456 indolem.

309 4492 424 4547 Καὶ
461 4491 712 4554 ἔπεσον,
757 4493 945 4560 φησὶν,
979 4490 1077 4543 ἐπὶ
1113 4491 1181 4542 τὸ
1227 4490 1376 4544 αὐτὸ
1424 4494 1480 4545 οἱ
1524 4490 1694 4553 ἑπτὰ,
1731 4491 1827 4544 καὶ

2007 4495 2075 4548 Et
2099 4496 2417 4557 ceciderunt,
2456 4494 2658 4563 inquit,
2712 4493 2764 4546 Ιιὶ
2821 4499 3015 4561 septem
3065 4489 3122 4542 in
3172 4491 3420 4560 irlipsum,
3472 4500 3521 4542 et

237 4581 720 4649 ἐθανατώθησαν·
773 4583 844 4636 ἐν
892 4580 1050 4651 ἀρχῇ
1092 4581 1378 4651 θερισμοῦ
1421 4582 1661 4649 κριθῶν.
1719 4582 1831 4636 Kal

237 4674 426 4726 ἔλαϐε
475 4670 704 4740 Ῥεσφὰ
735 4671 1003 4741 θυγάτηρ
1039 4671 1162 4725 Ἀΐα
1190 4672 1297 4724 τὸν
1325 4671 1580 4737 σάκκον,
1620 4673 1720 4726 καὶ
1747 4672 1834 4725 δι-

237 4767 565 4832 έστρωσεν
622 4763 810 4816 αὑτὸν
856 4762 1043 4830 ἑαυτῇ
1087 4763 1185 4818 ἐπί
1247 4763 1364 4830 τὴν
1411 4764 1672 4832 πέτραν,
1718 4765 1831 4831 ἕως

235 4854 514 4918 ἔσταξεν
562 4855 655 4908 ἐπ’
711 4854 934 4921 αὐτοὺς
977 4855 1168 4910 ὕδατα
1224 4855 1374 4909 Θεοῦ
1417 4855 1488 4919 ἐξ
1542 4856 1827 4924 οὐρανοῦ.

247 4947 485 5014 Ῥεσφέι.
520 4947 705 5011 καθὼς
757 4947 916 5017 ἔφην,
951 4949 1097 5001 ἐστὶν
1141 4949 1577 5019 ἑρμηνευομένη,
1609 4948 1832 5017 δρόμος

234 5042 570 5108 στόματος,
602 5041 737 5114 ὅπερ
769 5043 917 5094 ἐστὶν
951 5044 984 5114 ἡ
1013 5041 1154 5096 κατὰ
1189 5044 1354 5113 μόνην
1379 5043 1664 5111 τοῦλόγου
1692 5060 1828 5110 προ-

232 5134 424 5204 φορὰν
460 5133 755 5204 σωματικὴ
779 5134 875 5187 τοῦ
904 5135 1070 5202 νόμου
1108 5135 1319 5206 διδαχὴ,
1369 5137 1402 5205 ή
1452 5135 1588 5205 μετὰ
1617 5135 1707 5188 τὸν
1735 5135 1831 5189 θά-

231 5242 408 5279 νατον
433 5224 545 5278 τῶν
572 5225 631 5291 ἐξ
652 5225 825 5296 αὐτῆς
852 5226 1208 5295 γεννωμένων
1241 5226 1452 5292 παθῶν,
1480 5227 1574 5279 καὶ
1600 5225 1699 5297 τὴν
1728 5245 1830 5296 φαο

233 5317 481 5387 νέρωσιν
513 5316 611 5387 τὴν
639 5316 699 5370 ὲν
729 5317 847 5387 ἥρει
869 5316 948 5388 τῷ
976 5317 1100 5386 ὕψει
1128 5319 1428 5387 γενομένην
1453 5319 1552 5389 τῆς
1589 5319 1828 5387 φυσικῆς

234 5402 481 5475 θεωρίας
508 5405 621 5474 (51)
662 5406 723 5458 ὲν
765 5407 832 5475 τῇ
867 5405 962 5458 τοῦ
1021 5404 1143 5458 καθ’
1189 5406 1420 5458 ἕκαστον
1464 5405 1663 5475 καρδέᾳ
1718 5404 1826 5456 τῶν

235 5497 379 5568 αὐτῇ
408 5495 1001 5567 προκατειλημμένων,
1021 5496 1273 5567 καθάπερ
1302 5497 1504 5551 σάκκον
1530 5497 1627 5568 τὴν
1660 5498 1826 5568 μετά-

236 5603 391 5640 νοιαν
425 5585 766 5656 στρώννυσιν
797 5590 889 5642 ἐπὶ
915 5589 1014 5661 τὴν
1045 5589 1248 5660 πέτραν
1275 5589 1436 5658 (λέγω
1463 5589 1528 5660 δὴ
1552 5591 1642 5643 τὺν
1669 5590 1824 5658 λόγον

237 5675 337 5744 τῆς
374 5675 525 5730 κατὰ
551 5677 760 5748 Κύριον
793 5681 1073 5750 πίστεως),
1095 5680 1188 5733 τὸν
1223 5681 1282 5734 έν
1316 5681 1585 5753 πνεύματι
1613 5682 1700 5736 διὰ
1725 5683 1823 5754 τῆς

312 5787 358 5818 ³⁸
398 5789 558 5846 Rom.
590 5807 626 5860 ι,
652 5791 743 5861 26,
783 5794 871 5850 27.
951 5795 995 5827 ⁸²
1024 5795 1182 5850 Rom.
1221 5813 1312 5862 vn,
1344 5798 1394 5852 6.

1935 4585 2046 4637 neci
2081 4583 2266 4636 traditi
2297 4589 2443 4643 sunt,
2465 4583 2521 4634 in
2555 4581 2814 4652 principio
2860 4581 3039 4634 messis
3062 4579 3399 4632 hordrorum.
3453 4575 3522 4627 Et

1931 4676 2051 4730 tulit
2082 4676 2320 4746 Rhesphrt
2352 4674 2469 4744 filia
2506 4676 2604 4728 Aia
2629 4691 2865 4734 saccum,
2907 4682 2957 4726 et
3012 4673 3201 4725 stravit
3253 4687 3372 4723 cum
3421 4670 3520 4723 sibi

1932 4783 2092 4837 super
2147 4775 2355 4834 petram
2408 4765 2748 4835 quoadusque
2805 4762 3196 4816 distillavcrunt
3253 4777 3519 4830 supcreos

1935 4853 2099 4926 29o
2127 4871 2282 4926 aqua;
2305 4855 2400 4908 Dei
2426 4871 2452 4907 ε
2501 4854 2645 4909 caelo.
2687 4854 2966 4923 Rhespha,
3003 4853 3081 4906 uti
3143 4853 3417 4913 dicebam,
3473 4853 3518 4905 si

1931 4963 2135 5003 nomen
2153 4947 2557 5017 interpreteris,
2587 4963 2772 4999 cursus
2801 4947 2928 5010 oris,
2955 4953 3070 5009 est;
3103 4944 3249 5012 quod
3273 4953 3359 4997 est
3393 4959 3519 4996 cor-

1933 5039 2141 5110 poralis
2175 5039 2314 5109 legis
2347 5039 2618 5102 doctrina,
2647 5054 2711 5093 ex
2766 5039 2880 5091 sola
2916 5035 3180 5104 prolatitii
3246 5034 3521 5088 sermonis

1932 5133 2184 5198 ratione;
2216 5146 2338 5201 qua:
2363 5131 2625 5184 nimirum
2651 5137 2774 5199 post
2799 5129 3097 5183 aﬂ‘ectuum
3134 5142 3198 5180 ex
3230 5127 3343 5195 ipsa
3394 5143 3518 5196 pro«

1931 5235 2223 5299 gnatorum
2245 5235 2499 5291 mortem,
2536 5225 2845 5295 factamque
2879 5225 2934 5278 in
2963 5232 3149 5278 monte
3177 5222 3345 5295 (celso
3399 5239 3520 5275 ver-

1932 5322 2040 5376 tiee
2063 5321 2334 5376 naturalis
2378 5317 2792 5390 speculationis)
2848 5318 2900 5371 in
2953 5316 3319 5387 singulorum,
3381 5331 3518 5382 quos

1932 5425 2059 5469 ante
2089 5414 2372 5483 complexa
2400 5419 2539 5473 erat,
2573 5409 2740 5464 corde
2766 5409 3266 5463 manifestationcm
3293 5425 3306 5472 ;
3366 5409 3517 5461 velut

1932 5519 2174 5568 saccum,
2202 5503 2589 5573 pmnitentiam
2639 5501 2873 5567 sternit;
2920 5517 3087 5572 super
3119 5509 3334 5571 petram
3399 5499 3517 5568 (do-

1932 5597 2169 5652 ctrinam
2218 5595 2432 5650 scilicet
2482 5594 2604 5649 ‘idei
2654 5594 2972 5660 Dominicm,
3041 5592 3388 5664 spiritalibus
3458 5589 3513 5644 in

1930 5689 2148 5745 Christo
2180 5688 2396 5758 legibus
2424 5703 2490 5744 ac
2541 5687 2696 5744 scitis
2724 5702 2823 5757 per
2862 5685 3248 5758 pmnitentiam
3307 5694 3512 5740 navans
