4036 6210
491 303 607 366 πει-

1655 306 1714 366 S.
1757 308 2043 368 MAXIMI
2083 307 2589 371 CONFESSORIS

3641 318 3764 382 76$

493 413 743 486 operam)
789 427 911 482 qua:
966 413 1058 467 diu
1103 420 1416 483 noctuque,
1465 424 1724 485 tanquam
1787 417 1931 472 (ilics
1976 433 2074 488 per

2190 422 2471 488 μετανοίας
2533 423 2670 475 κατά
2731 424 2966 494 Χριστὸν
3027 427 3432 498 ὲπιμελουμένη
3497 427 3760 499 θεσμῶνο

492 507 811 561 memoriam
839 504 909 557 ob
930 503 1120 558 oculos
1139 504 1361 569 habeat,
1392 507 1629 574 priorem
1664 507 1718 560 in
1756 523 1920 562 carne
1985 510 2065 562 lc-

493 600 576 673 gis
619 597 1071 662 institutionem;
1123 597 1484 667 quoadusque
1528 599 1859 654 stillaverint
1915 616 2070 670 aqua:

496 691 591 746 Dei
620 690 688 744 de
727 689 867 744 ccelo
904 688 1101 758 (donec
1131 689 1343 744 scilicet
1382 690 1562 744 missa:
1621 690 1827 745 fuerint
1869 692 2071 748 divimc

496 782 907 850 Scripturarum
970 780 1202 844 notitize,
1261 797 1292 835 e
1356 781 1622 850 spiritalis
1673 783 2071 851 speculationis

496 873 644 927 celso
678 872 906 940 vertice)
934 887 1169 940 quarum
1195 872 1385 942 utique
1405 888 1469 927 ea
1498 872 1602 937 vis,
1629 883 1689 927 ut
1711 873 1945 928 aﬂ‘ectus
1990 875 2074 928 vi-

501 966 680 1035 tiaque
710 965 1081 1034 exstinguant,
1106 979 1171 1018 ac
1196 963 1429 1019 virtutes
1460 965 1789 1019 instaurent.
1832 965 1889 1019 Si
1919 980 2074 1020 nam-

497 1074 605 1128 que
651 1067 972 1128 comparata
1017 1057 1157 1128 legis
1210 1056 1522 1125 disciplina,
1574 1064 1635 1110 ut
1681 1057 1749 1111 ad
1794 1055 2072 1111 Christum

502 1154 710 1212 (veram
748 1149 1072 1219 firmamque
1101 1147 1335 1218 petram)
1359 1163 1458 1218 per
1481 1147 1866 1218 paenitentiam
1919 1163 2075 1203 acce-

499 1243 658 1308 dens,
697 1241 945 1296 divinum
975 1240 1242 1310 spiritalis
1262 1239 1674 1309 Scripturarum
1701 1239 1946 1294 scientia:
1971 1240 2076 1293 im-

500 1335 676 1398 brem,
701 1334 855 1404 juxta
872 1331 1095 1387 Davidis
1124 1331 1271 1402 regis
1305 1330 1527 1403 (mentis
1557 1329 1769 1384 scilicet
1793 1330 1942 1396 fortis
1991 1347 2077 1383 as-

501 1425 672 1496 pectu)
696 1433 1052 1495 praeceptum,
1107 1422 1395 1492 suscipiat.
1431 1421 1524 1476 Ait
1563 1421 1711 1476 enim
1770 1438 1782 1473 :
1837 1421 1907 1474 Et
1959 1421 2076 1490 fecit

501 1520 678 1572 omnia
711 1532 1029 1588 quaecunque
1051 1515 1397 1569 mandaverat
1440 1530 1530 1569 rea:
1565 1515 1676 1568 :Et
1712 1514 1912 1568 audivit
1937 1513 2075 1567 Deus

504 1619 703 1662 terram
750 1615 929 1678 postea
985 1608 1050 1660 ⁸³.
1117 1606 1438 1661 Divinarum
1491 1621 1622 1676 ergo
1660 1604 2075 1674 Scripturarum

2171 513 2379 582 ἔχουσα
2411 516 2533 566 κατ’
2574 515 2883 585 ὀφθαλμοὺς
2925 518 3136 588 ἡμέρας
3178 521 3270 572 καὶ
3299 519 3497 582 νυκτὸς
3527 520 3616 573 διά
3647 520 3765 590 τῆς

2173 604 2414 672 μνήμης.
2439 602 2514 666 ώς
2547 603 2733 667 τέκνα,
2769 604 2868 674 τὴν
2895 607 2951 658 ἐν
2982 608 3143 676 σαρκὶ
3166 607 3259 659 τοῦ
3288 609 3454 678 νόμου
3478 610 3762 680 προτέραν

2168 695 2490 764 ἀναγωγὴν,
2526 695 2630 759 ἓως
2672 697 2954 760 στάξουσιν
2989 697 3158 750 ὕδατα
3184 698 3319 751 Θεοῦ
3373 698 3432 763 ἐξ
3478 699 3719 768 οὐρανοῦ
3743 717 3757 730 ο

2169 785 2468 849 τουτέστιν,
2498 787 2603 849 ἕως
2634 788 3100 857 καταπεμφθῶσιν
3131 790 3187 841 αί
3214 788 3356 842 θεῖαι
3379 790 3486 842 τῶν
3514 791 3764 860 Γραφῶν

2171 879 2401 947 γνώσεις
2423 881 2485 932 ὲκ
2507 881 2601 934 τοῦ
2628 880 2794 951 ὕψους
2824 881 2924 951 τῆς
2949 883 3326 953 πνευματικῆς
3354 882 3586 953 Θεωρίας
3611 883 3757 950 (52),

2173 973 2227 1024 αί
2269 971 2552 1026 σϐεστικαὶ
2601 973 2698 1043 μὲν
2739 973 2850 1026 τῶν
2884 973 3095 1042 παθῶν,
3134 976 3498 1030 ἀνανεωτικαὶ
3541 975 3600 1028 δὲ
3641 975 3763 1026 τῶν

2173 1062 2404 1133 ἀρετῶν.
2450 1064 2668 1133 Πέφυκε
2707 1063 2815 1134 γὰρ
2871 1066 2904 1137 ή
2948 1065 3042 1118 τοῦ
3085 1065 3249 1134 νόμου
3304 1065 3563 1135 μάθησις,
3617 1066 3761 1135 πρὸς

2172 1155 2410 1223 Χριστὸν
2447 1154 2544 1223 τὴν
2604 1155 2780 1224 ἀληθῆ
2835 1156 2931 1208 καὶ
2978 1156 3215 1227 στερρὰν
3260 1157 3472 1227 πέτραν
3519 1157 3609 1209 διὰ
3654 1157 3760 1225 τῆς

2178 1245 2466 1316 μετανοίας
2497 1245 2920 1318 προσχωροῦσα,
2951 1246 3042 1299 τὸν
3073 1247 3216 1300 θεῖον
3244 1247 3345 1313 τῆς
3372 1247 3760 1317 πνευματικῆς

2175 1338 2282 1390 τῶν
2321 1338 2554 1408 Γραφῶν
2597 1337 2852 1406 γνώσεως
2877 1337 3028 1392 ὐετδν
3077 1338 3457 1408 ὑποδέχεσθαι,
3503 1339 3653 1392 κατὰ
3697 1340 3760 1390 τὸ

2177 1429 2506 1498 πρόσταγμα
2533 1429 2626 1481 τοῦ
2648 1428 2913 1498 βασιλέως
2933 1429 3096 1481 Δαϐίδ
3113 1445 3126 1460 ο
3155 1430 3420 1494 τουτέστι,
3447 1429 3557 1482 τοῦ
3583 1432 3759 1496 ἰσχυ-

2169 1519 2283 1588 ροῦ
2311 1518 2426 1587 τὴν
2451 1519 2670 1587 ὅρασιν
2686 1518 2800 1574 νοῦ.
2833 1520 2972 1588 Φησὶ
3001 1519 3131 1590 γάρ’
3159 1520 3267 1573 Καὶ
3297 1520 3552 1585 ἐποίησε
3587 1518 3749 1589 ίᾶλλ.

2179 1611 2468 1683 ἐποίησαν]
2498 1611 2694 1665 πάντα
2725 1611 2841 1666 ὅσα
2869 1612 3211 1666 ἐνετείλατο
3239 1614 3270 1666 ό
3295 1611 3628 1675 βασιλεὺς.
3649 1613 3748 1663 Καὶ

503 1701 814 1771 disciplina,
854 1701 1009 1770 juxta
1063 1706 1400 1768 praeceptum
1463 1697 1686 1752 Davidis
1731 1696 1874 1767 regis
1900 1695 2078 1768 :(legis

2190 1700 2526 1767 ἐπήκουσεν
2554 1704 2586 1754 ὁ
2619 1701 2766 1767 Θεὸς
2795 1701 2868 1769 τῇ
2911 1701 2984 1769 γῇ
3031 1704 3183 1770 μετὰ
3224 1701 3432 1755 ταῦτα.
3483 1701 3748 1769 Οὐκοῧνὴ

505 1793 717 1848 scilicet
743 1790 1027 1862 spiritalis,
1067 1798 1164 1844 aut
1188 1789 1390 1844 mentis
1415 1788 1574 1844 fortis
1595 1787 1846 1858 aspectu)
1898 1787 2078 1857 paeni-

2190 1794 2287 1847 τῶν
2315 1793 2475 1846 θείων
2506 1794 2544 1845 Γ
2550 1795 2740 1864 ραφῶν
2771 1794 3030 1865 μάθησις,
3077 1795 3219 1848 κατά
3250 1795 3350 1865 τὴν
3387 1794 3618 1863 ἐντολὴν
3653 1796 3752 1846 Δα-

508 1883 692 1938 ιεηιίαε
722 1898 857 1952 opes
887 1881 1067 1952 (cujus
1095 1894 1289 1936 saccus
1316 1880 1533 1951 signum
1556 1879 1792 1951 exsistit)
1824 1879 2079 1934 navando

504 1976 806 2030 virtutibus
832 1990 1080 2045 operam,
1112 1974 1182 2029 ad
1216 1980 1433 2044 petram
1486 1971 1720 2045 (scilicet
1773 1970 2076 2042 Christum)

503 2083 627 2123 sese
658 2067 1014 2130 transferens,
1044 2064 1290 2119 divinum
1315 2063 1560 2118 scientiae
1595 2063 1838 2117 imbrem
1887 2062 2080 2116 excire

506 2159 674 2223 solet;
708 2157 972 2225 novitque
1007 2155 1304 2225 impetrare
1336 2162 1399 2208 ut
1454 2154 1600 2208 Deus
1634 2161 1838 2207 terram
1863 2215 1869 2222 _
1898 2151 2082 2207 cordis

505 2249 712 2313 audiat,
747 2249 1066 2316 tribuatquc
1115 2245 1334 2300 divinos
1375 2245 1674 2315 gratiarum
1728 2244 1958 2310 imbres,
2018 2258 2082 2298 ac

501 2340 729 2413 justitiaa
755 2339 955 2394 uberes
989 2338 1200 2392 fructus
1234 2336 1639 2401 subministrct,
1695 2336 1956 2404 velutque
2005 2333 2084 2388 fa-

505 2447 672 2497 mem,
700 2429 1047 2500 superiorem
1093 2429 1272 2483 solvat
1323 2426 1641 2480 divinorum
1693 2423 2080 2495 ignorantiam,

506 2541 571 2581 ac
613 2523 956 2595 spiritalibus
1005 2520 1168 2576 bonis
1196 2521 1478 2590 regionem
1504 2517 1827 2586 adimpleat;
1887 2531 2083 2585 nempe

506 2616 746 2669 animam
781 2612 990 2679 tritico,
1013 2612 1144 2666 vino
1173 2618 1337 2680 atque
1369 2609 1491 2664 oleo
1507 2608 1822 2662 aliluentem
1855 2605 2080 2660 reddat:

509 2703 604 2758 illo
644 2705 890 2774 quidem,
936 2712 998 2758 ut
1056 2717 1178 2772 qua:
1223 2698 1469 2756 scientiae
1523 2698 1780 2766 practieaa
1831 2710 2085 2750 sermone

507 2795 866 2852 confirmetur
896 2793 944 2826 “
969 2811 984 2861 ;
1014 2794 1122 2848 hoc
1151 2799 1358 2857 autem,
1390 2796 1453 2844 ut
1478 2803 1602 2858 qua:
1637 2787 1826 2841 divino
1863 2785 2083 2839 deside-

508 2889 614 2954 rio,
648 2887 990 2956 fervorisque
1021 2883 1192 2940 animi
1245 2883 1358 2938 Deo
1409 2879 1656 2934 unientis
1697 2879 2084 2944 instauratorc,

509 2981 884 3052 splendescat;
925 2979 1030 3034 isto
1063 2992 1213 3042 vero,
1270 2983 1332 3030 ut
1367 2989 1489 3044 qua:
1528 2973 1638 3027 leni
1689 2973 1964 3042 planoque
2024 2987 2088 3025 ac

2181 1886 2265 1939 ϐὶδ
2300 1885 2394 1938 τοῦ
2431 1885 2692 1955 βασιλέως
2731 1884 2997 1956 (τουτέστι
3028 1885 3124 1939 τοῦ
3156 1885 3536 1955 πνευματικοῦ
3565 1884 3753 1953 νόμου,

2181 1975 2213 2045 ἢ
2236 1975 2330 2028 τοῦ
2369 1974 2589 2046 ἰσχυροῦ
2615 1975 2712 2046 τήν
2738 1977 2927 2046 ὅρασιν
2965 1976 3104 2048 νοῦ),
3138 1977 3229 2030 διὰ
3253 1976 3426 2046 μέσης
3453 1976 3560 2045 τῆς
3579 1992 3760 2044 μετα-

2181 2068 2348 2130 νοίας,
2379 2061 2445 2136 ἦς
2485 2069 2514 2118 ὁ
2571 2067 2774 2130 σάκκος
2823 2068 3057 2138 ὑπάρχει
3105 2067 3404 2138 σύμϐολον,
3452 2068 3600 2119 κατά
3665 2066 3763 2136 τὴν

2183 2159 2380 2229 πρᾶξιν
2441 2158 2546 2210 τῶν
2577 2157 2810 2229 ἀρετῶν,
2853 2159 2947 2211 ἐπὶ
3001 2158 3100 2229 τὴν
3147 2158 3376 2230 πέτραν,
3419 2159 3590 2227 ἦγουν
3623 2157 3760 2228 Χρι-

2185 2252 2344 2313 στὸν,
2393 2251 2845 2321 μεταφερομένη,
2897 2251 2987 2304 τὸν
3041 2251 3183 2303 θεῖον
3247 2249 3596 2303 ἐκκαλεῖσθαι
3657 2249 3758 2318 τῆς

2182 2341 2436 2413 γνώσεως
2468 2344 2711 2412 πέφυκεν
2738 2343 2890 2396 ὑετόν
2915 2359 2929 2373 ⁸
2977 2341 3284 2396 ἐπακοῦσαι
3318 2359 3379 2394 τε
3406 2341 3491 2393 τὸν
3529 2339 3662 2394 Θεὸν
3682 2341 3755 2409 τῇ

2183 2439 2253 2504 γῇ
2283 2437 2382 2506 τῆς
2409 2435 2641 2505 καρδίας
2677 2435 2836 2487 εἴωθε
2865 2435 3160 2497 δυσωπεῖν,
3208 2436 3304 2487 καὶ
3347 2431 3530 2486 δοῦναι
3575 2430 3762 2492 θείους

2184 2525 2542 2594 χαρισμάτων
2589 2523 2850 2595 ὄμϐρους,
2900 2523 3132 2576 καὶτῶν
3171 2524 3230 2575 ἐν
3268 2521 3588 2592 δικαιοσύνῃ
3630 2537 3770 2590 καρο

2185 2614 2302 2667 πῶν
2333 2615 2639 2684 χορηγῆσαι
2668 2613 2765 2684 τὴν
2823 2613 3108 2682 ἀφθονίαν,
3167 2615 3263 2666 καὶ
3281 2611 3442 2664 λῦσαι
3493 2609 3593 2681 τὴν
3639 2609 3771 2666 καθτ

2187 2705 2330 2776 άπερ
2377 2705 2536 2774 λιμὸν
2566 2706 2665 2775 τὴν
2696 2704 3077 2777 προλαϐοῦσαν
3119 2703 3227 2757 τῶν
3275 2702 3436 2755 θείων
3462 2701 3771 2770 ἀγνωσίαν,

2187 2794 2282 2846 καί⁵
2320 2794 2544 2864 ποιῆσαι
2578 2793 2761 2866 χώραν
2810 2794 2989 2864 πλήρη
3035 2792 3143 2846 τῶν
3182 2791 3575 2862 πνευματικῶν
3636 2793 3770 2859 ἀγα-

2189 2883 2323 2936 θῶνο
2389 2885 2487 2955 τὴν
2526 2883 2704 2955 ψυχὴν
2761 2885 2893 2954 σίτῳ
2943 2883 3276 2955 βρίθουσαν,
3325 2884 3421 2937 καὶ
3471 2885 3635 2952 οἴνῳ,
3681 2882 3775 2936 καὶ

2189 2974 2383 3045 ἐλαίῳ’
2413 2974 2490 3043 τῷ
2523 2975 2642 3044 μὲν,
2671 2975 2744 3038 ὡς
2773 2976 2916 3047 λόγῳ
2953 2977 3264 3046 πρακτικῆς
3289 2976 3545 3044 γνώσεως
3579 2991 3775 3045 στηρι-

509 3071 812 3142 pellucido,
858 3070 1152 3138 lucemque
1206 3065 1482 3130 aifcrenti,
1540 3079 1605 3118 ac
1657 3070 1880 3117 terreno
1935 3063 2087 3116 omni

2191 3065 2424 3138 ζομένην
2445 3068 2556 3138 (55)
2579 3085 2591 3097 ·
2618 3068 2696 3138 τῷ
2724 3068 2801 3130 δὲ,
2832 3069 2906 3131 ὡς
2928 3068 3058 3140 θείῳ
3089 3069 3257 3139 πόθῳ,
3292 3069 3384 3122 καὶ
3416 3068 3778 3136 ἀνανεωτικῷ

511 3173 661 3218 ηιοιυ
694 3163 893 3228 libero,
926 3159 1398 3230 tranquillissima:
1435 3155 1638 3210 mentis
1664 3154 1828 3210 modo
1875 3155 2087 3224 pariter

2190 3157 2288 3228 τῆς
2332 3159 2450 3211 κατ’
2498 3160 2683 3228 ἔφεσιν
2727 3160 2861 3230 πρὸς
2897 3159 3028 3213 Θεὸν
3081 3161 3344 3230 ἐνωτικῆς
3399 3160 3609 3223 ζέσεως

512 3271 576 3310 ac
608 3255 844 3318 ratione,
879 3253 1149 3308 virtutum
1179 3251 1338 3305 vultu
1370 3249 1681 3320 praaniteat.

3633 3200 3647 3222 ,
3687 3161 3778 3212 εὑ-

2191 3250 2563 3322 φραινομένην
2598 3252 2706 3321 (55)
2728 3269 2741 3282 ο
2787 3252 2864 3322 τῷ
2893 3252 2970 3317 δὲ,
3007 3252 3080 3314 ὡς
3103 3252 3234 3322 λείῳ
3268 3253 3362 3304 καὶ
3402 3251 3594 3322 ὁμαλῷ
3637 3252 3780 3319 (55),

513 3351 607 3404 καὶ
656 3350 867 3417 διαυγεῖ
925 3350 1019 3401 καί
1061 3345 1414 3418 φωτιστικῷ,
1497 3343 1592 3399 καὶ
1643 3341 1843 3405 παντὸς
1889 3341 2125 3411 γεώδους
2163 3345 2434 3417 ἐλευθέρῳ
2490 3349 2808 3418 κινήματος,
2874 3349 2974 3419 τῆς
3019 3348 3292 3410 ἀπαθείας
3335 3347 3527 3419 τρόπῳ
3563 3364 3626 3400 τε
3689 3348 3783 3400 καὶ

513 3447 678 3517 λόγῳ,
712 3444 773 3498 τὸ
801 3445 1092 3516 πρόσωπον
1125 3441 1518 3514 ίλαρυνομένην
1548 3439 1656 3493 τῶν
1680 3438 1893 3511 ἀρετῶν
1917 3438 2050 3507 (56).

582 3537 786 3594 Verum
805 3551 906 3590 nos
927 3550 1167 3605 quoque,
1197 3534 1377 3604 magni
1399 3532 1620 3587 Davidis
1651 3546 1825 3596 more,
1856 3545 1922 3586 ex
1944 3531 2096 3586 omni

515 3628 755 3686 conﬁnio
785 3626 1022 3690 lsraelis,
1058 3625 1277 3680 Saulem
1303 3623 1615 3688 deleamus;
1648 3628 1930 3675 terrenum
1982 3620 2093 3674 sci-

516 3723 645 3777 licet
672 3737 736 3776 ac
756 3720 1096 3790 corporalem
1127 3717 1284 3786 291
1311 3715 1448 3786 legis
1479 3714 1682 3780 ritum;
1736 3713 1844 3767 hoc
1882 3719 1968 3766 est
1998 3711 2096 3767 Ju-

517 3811 734 3866 daicum
770 3810 953 3865 cultus
979 3807 1226 3873 modum,
1259 3820 1594 3874 sensumque
1621 3804 1677 3859 in
1707 3804 1825 3858 solo
1845 3803 2095 3874 Scriptu-

520 3915 594 3956 ra:
613 3897 794 3954 omnis
817 3903 1074 3953 contextu
1099 3896 1282 3966 primo
1304 3894 1529 3949 obvium
1552 3892 2012 3963 crassioremque,
2029 3909 2096 3950 ex

518 3992 669 4047 omni
697 3990 862 4046 modo
895 3984 1217 4045 theorctica:
1241 3987 1641 4052 institutionis;
1679 3992 1848 4055 atque
1873 3985 1939 4040 ad
1981 3985 2096 4054 spi-

521 4082 737 4137 ritalem
795 4095 989 4136 eorum
1053 4095 1174 4149 quaa
1226 4078 1606 4148 intelliguntur
1658 4074 1908 4131 deiﬁcam
1961 4075 2096 4138 vim,

518 4185 900 4236 transeamus;
991 4169 1265 4238 nobisque
1337 4167 1672 4223 Gabaonitas
1741 4167 2101 4222 conciliemus

522 4260 822 4331 (naturales
839 4259 1056 4314 scilicet
1083 4258 1345 4328 rationes)
1391 4273 1532 4328 quos
1586 4258 1893 4313 incolumes
1933 4271 2101 4311 verus

518 4352 826 4407 divinarum
847 4351 1278 4419 promissionum
1311 4349 1639 4404 distributor
1676 4359 1842 4418 atque
1885 4348 2099 4403 arbiter

517 4443 679 4498 Jesus
695 4456 817 4496 esse
841 4442 1019 4496 voluit
1045 4440 1223 4507 l"’;ob
1250 4454 1486 4509 quorum
1533 4438 1712 4493 Saulis
1763 4439 1964 4510 injuria
2004 4454 2103 4493 ne-

520 4545 663 4596 cem,
697 4531 946 4585 divinum
974 4530 1120 4585 Deus
1146 4529 1391 4584 scientiae
1421 4529 1656 4584 imbrem
1693 4530 1964 4597 inhibuit;
2007 4545 2102 4586 oc-

520 4626 879 4694 cidamusque
901 4640 1001 4695 per
1020 4623 1244 4680 eosdem
1274 4622 1608 4678 Gabaonitas
1635 4623 1937 4691 (naturales
1995 4622 2102 4677 sci-

481 4717 651 4786 ,licct
700 4715 1130 4786 speculationes)
1167 4715 1320 4770 velut
1375 4715 1528 4769 viros
1584 4722 1796 4785 septem
1851 4731 1919 4770 ex
1973 4714 2102 4771 ﬁliis

522 4809 704 4865 Saulis
729 4808 1010 4880 (nimirum
1035 4806 1397 4862 libidinosam
1427 4807 1589 4877 legis,
1615 4817 2005 4877 terrenamque
2045 4817 2102 4863 et

522 4911 935 4971 tcmporaneam
960 4899 1404 4972 intelligentiam)
1442 4915 1607 4969 quam
1664 4899 1923 4970 Rhespha
1973 4901 2102 4972 (oris

521 4993 736 5049 scilicet
761 4992 967 5064 cursus)
1010 5008 1209 5063 parere
1247 4989 1416 5046 habet
1461 4989 1786 5062 (corporalis
1837 4993 2102 5047 nimirum

523 5083 660 5154 legis
681 5084 996 5157 disciplina)
1020 5092 1077 5140 et
1103 5083 1347 5147 Mcrobe,
1372 5097 1536 5153 quam
1558 5085 1789 5154 gutturis
1807 5085 2104 5155 afﬂuentem

521 5176 820 5229 satietatem
846 5175 1232 5246 interpreteris
1253 5193 1268 5242 ;
1287 5175 1340 5229 id
1364 5183 1470 5240 est,
1502 5176 1714 5230 ventris
1742 5175 2104 5245 voluptatem.

522 5265 707 5333 Prior,
737 5266 1178 5336 Memphibosthe
1213 5281 1414 5336 parens
1445 5276 1610 5337 atque
1628 5267 1921 5321 Ermonthi
1950 5269 2109 5339 (quo-

525 5371 648 5411 rum
673 5356 834 5420 alter,
855 5357 961 5411 oris
990 5357 1189 5428 pudor;
1214 5357 1377 5422 alter,
1409 5373 1594 5412 eorum
1619 5359 1907 5412 anathema
1931 5357 2022 5425 sit,
2059 5359 2107 5414 si

524 5463 726 5503 nomen
757 5448 1174 5520 interpreteris;
1236 5465 1436 5521 nempe
1471 5449 1734 5506 vitiorum
1773 5449 2001 5506 habitus
2045 5466 2110 5506 ac

527 5540 797 5611 operatio)
829 5555 1089 5612 sequens,
1119 5541 1367 5612 quinque
1399 5543 1635 5599 Esdrieli
1682 5541 1916 5613 suscipit
1965 5542 2110 5598 ﬁlios

531 5628 948 5702 (contemplanti
976 5634 1188 5691 scilicet
1211 5635 1354 5705 parti
1387 5636 1576 5702 animi,
1595 5635 1926 5692 libidinosos
1951 5638 2108 5707 quin-

599 5741 649 5776 ⁸⁸
679 5743 699 5797 l
724 5743 852 5799 Cor.
883 5762 935 5813 ι,
961 5749 1013 5802 4.
1091 5745 1135 5778 ⁸⁸
1176 5747 1320 5803 Psal.
1349 5764 1457 5813 cm,
1497 5749 1577 5802 15.
1658 5747 1702 5781 ⁸³
1730 5748 1894 5803 Iosue
1919 5765 1990 5815 ix,
2025 5749 2115 5805 20.

2289 3533 2450 3586 Ἀλλὰ
2485 3534 2577 3587 καὶ
2621 3537 2804 3606 ήμεῖς,
2849 3535 2988 3589 κατά
3019 3535 3109 3588 τὸν
3141 3509 3314 3604 μέγαν
3345 3533 3533 3596 Δαϐὶδ,
3577 3533 3782 3602 ἀφανίο

2202 3641 2385 3692 σωμεν
2415 3625 2506 3677 τὸν
2545 3624 2720 3678 Σαοὺλ
2759 3627 2822 3678 ὲκ
2857 3626 3058 3688 παντὸς
3110 3625 3261 3695 ὁρίου
3327 3623 3584 3694 Ἰσραήλ·
3622 3640 3784 3676 τουτο

2201 3717 2341 3780 έστι,
2377 3717 2468 3770 τὸν
2502 3716 2678 3787 γεώδη
2710 3719 2804 3770 καὶ
2853 3717 3166 3788 σωματικὸν
3199 3715 3294 3768 τοῦ
3335 3716 3502 3786 νόμου
3539 3715 3783 3785 θεσμόν·

2199 3808 2360 3877 ἧτουν
2389 3808 2480 3861 τὸν
2525 3809 2815 3861 Ἰουδαϊκὸν
2847 3809 2948 3877 τῆς
2988 3807 3249 3880 λατρείας
3292 3808 3513 3876 τρόπον,
3551 3807 3652 3858 καὶ
3691 3807 3787 3858 τὸν

2200 3900 2260 3953 ὲν
2292 3899 2438 3970 μόνῳ
2471 3899 2548 3970 τῷ
2592 3900 2741 3971 ῥητῷ
2774 3900 3068 3972 πρόχειρον
3119 3901 3220 3969 τῆς
3254 3899 3382 3967 ὅλης
3412 3898 3452 3951 Γ
3457 3898 3636 3968 ρατρῆς
3685 3899 3788 3950 καὶ

2201 3991 2658 4062 σωματικώτερον
2689 3990 2835 4054 νοῦν,
2867 3991 2936 4042 ὲκ
2961 3991 3162 4048 παντὸς
3194 3989 3392 4060 τρόπον
3427 3987 3783 4056 θεωρητικῆς

2205 4081 2631 4151 μυσταγωγίας’
2662 4083 2756 4135 καὶ
2789 4080 3136 4151 μετέλθωμεν
3168 4081 3305 4151 πρὸς
3345 4078 3436 4150 τὴν
3473 4095 3787 4147 πνευματι·

2201 4174 2306 4246 κὴν
2335 4174 2444 4225 τῶν
2476 4174 2786 4244 νοουμένων
2822 4173 3086 4226 ὲκθέωσιν
3111 4187 3126 4203 ⁶
3160 4174 3255 4226 καὶ
3289 4169 3791 4242 περιποιησώμεθα

2201 4265 2329 4329 τοὺς
2375 4265 2762 4330 Γαϐαωνίτας,
2797 4265 3068 4327 τουτέστι,
3109 4265 3237 4327 τοὺς
3289 4261 3432 4316 κατά
3479 4261 3644 4330 φύσιν
3679 4262 3792 4314 τῶν

2201 4357 2372 4410 ὄντων
2413 4357 2640 4425 λόγους
2694 4356 2788 4420 οὒς
2833 4357 3066 4419 ἀπαθεῖς
3113 4356 3434 4428 διετήρησεν
3473 4357 3504 4407 ὁ
3534 4355 3792 4425 ἀληθινὸς

2205 4449 2542 4520 κληροδότης
2585 4449 2695 4501 τῶν
2726 4449 2886 4502 θείων
2927 4449 3270 4518 ἐπαγγελιῶν
3308 4447 3517 4519 Ἰησοῦς
3540 4465 3553 4478 °
3597 4448 3666 4500 δι’
3699 4447 3792 4510 οὓς

2202 4542 2623 4612 ἀναιρουμένους
2653 4541 2758 4594 ὑπὸ
2793 4542 2981 4606 Σαοὺλ,
3011 4543 3100 4594 τὸν
3127 4543 3268 4595 θεῖον
3304 4541 3504 4611 ἀνέσχε
3544 4543 3648 4610 τῆς
3680 4560 3788 4610 μυ·

2206 4633 2399 4703 στικῆς
2446 4632 2700 4700 γνώσεως
2747 4633 2900 4686 ὑετὸν
2942 4635 2971 4686 ὁ
3019 4634 3185 4697 Θεός·
3233 4634 3327 4686 καὶ
3371 4634 3793 4705 ἀποκτείνωμεν

2137 4698 2180 4752 D
2207 4725 2273 4779 δι’
2321 4723 2499 4779 αὐτῶν
2544 4725 2652 4779 τῶν
2713 4725 3095 4788 Γαϐαωνιτῶν,
3151 4727 3250 4796 τῆς
3295 4727 3543 4794 φυσικῆς
3589 4725 3788 4795 δηλαδή

2210 4816 2465 4888 θεωρίας,
2501 4817 2692 4889 ὥσπερ
2719 4819 2918 4890 ἄνδρας
2951 4819 3091 4871 ὲπτά
3119 4817 3229 4870 τῶν
3285 4817 3424 4871 υἱῶν
3457 4819 3658 4883 Σαοὺλ,
3694 4818 3789 4886 τὴν

2210 4910 2431 4982 ἐμπαθῆ
2465 4911 2558 4964 τοῦ
2588 4911 2778 4980 νόμου,
2813 4910 3080 4980 πρόσυλόν
3112 4927 3171 4964 τε
3208 4911 3303 4963 καὶ
3345 4911 3612 4981 χρονικὴν
3643 4910 3784 4962 ἐκδο-

2211 5002 2333 5073 χὴν,
2365 5004 2430 5072 ἣν
2459 5003 2666 5056 τίκτειν
2703 5005 2944 5073 πέφυκεν
2969 5004 3000 5073 ή
3037 5003 3261 5072 Ῥεσφά,
3285 5005 3590 5073 στόματος
3614 5001 3778 5069 ὑπᾶρ-

2211 5112 2382 5166 Χουσα
2414 5096 2633 5165 δρόμος
2663 5097 2821 5167 (ὅπερ
2870 5096 3017 5149 ἐστὶν
3063 5098 3094 5168 ή
3158 5096 3450 5167 σωματικὴ
3481 5096 3577 5148 τοῦ
3621 5094 3773 5161 νόμου

2217 5184 2508 5256 μάθησις)·
2563 5185 2658 5238 καὶ
2715 5187 2748 5256 ή
2814 5185 3052 5256 Μερὼϐ,
3103 5185 3436 5256 πλησμονὴ
3487 5185 3777 5254 φὰριεῃυς

2215 5274 2656 5345 ἑρμηνευομένη,
2689 5275 2989 5338 τουτέστιν,
3019 5278 3052 5344 ή
3085 5275 3264 5345 τρυφὴ
3311 5277 3410 5346 τῆς
3435 5274 3679 5345 γαστρός.
3714 5269 3776 5321 'll

2221 5367 2322 5436 μὲν
2356 5367 2446 5421 τὸν
2469 5367 2830 5438 Μεμφιϐοσθὲ
2854 5366 3113 5420 τίκτουσα
3152 5368 3248 5420 καὶ
3277 5369 3368 5421 τὸν
3406 5366 3649 5438 Ἐρμονθὶ
3669 5360 3784 5429 (τὸν

2219 5459 2318 5528 μὲν
2341 5459 2606 5528 αἰσχύνη
2629 5461 2928 5528 στόματος
2943 5459 3403 5530 ἑρμηνευόμενον·
3427 5459 3517 5512 τὸν
3543 5457 3617 5520 δὲ,
3634 5455 3791 5508 ἀνά-

2218 5554 2364 5620 θεμα
2378 5550 2621 5621 αὐτῶν),
2641 5553 2810 5622 ἤγουν
2823 5551 2921 5622 τὴν
2938 5551 3052 5617 ἕξιν
3069 5551 3177 5604 τῶν
3197 5551 3390 5606 παθῶν
3413 5551 3506 5604 καὶ
3530 5549 3622 5620 τὴν
3639 5547 3799 5616 ἐνέρ-

2219 5646 2444 5715 γειανοή
2466 5643 2545 5711 δὲ,
2565 5644 2694 5707 τοὺς
2730 5644 2888 5698 πέντε
2924 5645 3072 5709 υἱοὺς
3086 5644 3163 5716 τῷ
3194 5644 3467 5715 Ἐσδριὶνιλ.
3496 5643 3576 5714 τῷ
3594 5641 3808 5711 θεωρηα
