4134 6192
350 327 456 390 765

1423 337 1917 410 QUESTIONES
1955 342 2056 401 AD
2094 344 2603 409 THALASSIUM.

3529 352 3639 414 766

346 462 488 532 τικῷ
507 463 713 536 δηλαδὴ
736 466 835 536 τῆς
864 468 1041 540 ψυχῆς
1070 471 1250 542 μέρει,
1271 477 1397 537 τοὺς
1422 475 1563 528 κατά
1589 476 1941 546 παραχρήσιν

2048 468 2344 532 que'abusu
2375 471 2695 520 constantes
2723 463 2778 519 in
2798 456 3235 522 nobissensuum
3260 465 3477 537 modos)
3496 482 3636 536 quos

349 553 620 620 ἐμπαθεῖς
670 558 830 608 πέντε
873 559 1116 629 τρόπους
1166 562 1274 615 τῶν
1302 566 1359 617 ὲν
1412 565 1546 634 ἡμῖν
1590 563 1931 635 αἰσθήσεωνο

348 642 441 707 οὓς
488 645 576 698 διά
623 647 726 717 τῆς
761 651 998 721 φυσικῆς
1047 654 1400 724 ἀναιροῦντες
1455 654 1714 726 θεωρίας,
1763 656 1936 728 ὠργι-

352 734 553 804 σμένον
588 735 680 788 τὸν
709 737 842 791 Θεὸν
896 741 1211 808 ίλεούμεθα,
1256 744 1392 815 πρὸς
1432 744 1489 796 τὸ
1539 745 1759 815 πνεῦμα
1805 763 1934 816 μετ-

2039 556 2310 610 naturalis
2343 573 2448 627 ope
2477 558 2875 628 speculationis
2902 568 3188 627 necantes,
3215 561 3314 616 Dei
3341 561 3479 614 iram
3513 560 3633 630 pla-

2039 663 2252 714 camus,
2308 649 2376 704 ad
2403 649 2664 720 spiritum
2708 666 2738 705 a
2775 650 2956 707 littera
2983 653 3267 719 translati;
3300 652 3632 722 divinosque

2038 740 2288 796 excimus
2343 741 2590 797 scientiae
2639 742 2867 806 imbres,
2898 759 2979 799 .ac
3019 759 3254 814 quorum
3290 744 3381 798 illa
3408 760 3628 814 parens.

353 824 671 894 ενεχθέντες
718 830 828 882 ἀπὸ
878 831 974 884 τοῦ
1011 835 1372 905 γράμματος·
1435 838 1528 888 καὶ
1575 840 1698 901 τοὺς
1759 837 1938 902 θείους

2048 832 2265 900 iustitiae
2287 832 2502 889 fructus
2526 835 2764 890 ubertim
2793 838 3156 906 percipimus.
3184 837 3346 907 Legis
3389 853 3631 906 namque

352 917 736 986 ὲκκαλούμεθα
789 923 888 992 τῆς
929 926 1186 992 γνώσεως
1241 927 1518 999 ὄμϐρουςο
1577 929 1674 982 κα)⁵
1721 931 1829 983 τῶν
1879 932 1939 997 ἐξ

349 1014 524 1083 αὐτῆς
545 1015 784 1083 δαψιλῶς
805 1019 906 1090 τῆς
933 1020 1283 1094 δικαιοσύνης
1307 1024 1538 1094 καρπῶν
1564 1026 1934 1097 ἀπολαύομεν.

351 1105 427 1158 Τὸ
457 1106 564 1176 γὰρ
600 1109 839 1180 γράμμα
870 1112 962 1164 τοῦ
999 1113 1189 1184 νόμου,
1231 1115 1483 1188 καθάπερ
1518 1119 1640 1171 τινὰ
1669 1119 1862 1182 Σαοὺλ,
1901 1120 1935 1191 ἢ

350 1197 449 1267 τὴν
479 1201 540 1252 ὲκ
575 1199 671 1253 τοῦ
702 1204 1034 1275 γράμματος
1077 1210 1423 1280 γεννωμένην
1472 1211 1741 1282 πρόσυλον
1785 1211 1939 1265 ἐκδο-

351 1296 455 1361 χὴν
481 1295 591 1356 τοῖς
632 1299 840 1363 χοῖκοῑς
871 1298 972 1367 τὴν
1004 1298 1269 1364 διάνοιαν,
1317 1301 1393 1365 ὠς
1427 1302 1593 1356 τέκνα
1633 1303 1803 1357 Σαοὺλ
1845 1305 1940 1357 καὶ

351 1382 576 1450 ἔκγονα,
623 1384 712 1438 διὰ
766 1387 940 1458 μέσης
995 1390 1091 1461 τῆς
1137 1392 1376 1463 φυσικῆς
1429 1392 1661 1464 θεωρίας
1702 1395 1837 1463 πρὸς
1879 1394 1940 1448 τὸ

352 1473 490 1544 ὕψος
522 1479 622 1547 τῆς
673 1483 1054 1551 πνευματικῆς
1107 1486 1500 1554 μυσταγωγίας
1544 1488 1936 1556 ἀναγαγόντες,

351 1567 464 1619 πᾶν
497 1571 808 1639 σωματικὸν
837 1571 932 1626 τοῦ
983 1575 1152 1645 νόμου
1205 1578 1303 1630 καὶ
1352 1579 1688 1648 πρόσκαιρον
1735 1579 1938 1650 νόημα,

351 1659 448 1710 καὶ
483 1661 812 1732 κυριώτερον
845 1665 1044 1728 εἰπεῖν,
1088 1667 1272 1735 χοῖκὸν
1311 1668 1730 1738 ἀποκτείνομεν,
1778 1670 1939 1741 εἰπερ

352 1751 450 1804 καὶ
480 1754 646 1822 ἡμεῖς
694 1756 834 1824 μετὰ
865 1757 960 1809 τοῦ
989 1757 1126 1810 Θεοῦ
1169 1758 1261 1813 τὸν
1311 1760 1482 1813 Σαοὺλ
1526 1762 1938 1833 μεμισήκαμεν,

2038 925 2305 990 litteram,
2336 925 2490 980 velut
2525 925 2767 992 Saulem,
2799 942 2896 982 seu
2927 943 3049 998 qua:
3079 943 3146 981 ex
3176 927 3383 992 littera,
3447 929 3634 981 animo

2041 1017 2278 1071 terrenis
2315 1025 2531 1072 terrena
2561 1018 2924 1090 intelligentia
2947 1021 3217 1082 nascitur,
3263 1017 3414 1073 haud
3465 1034 3630 1074 secus

2041 1125 2107 1165 ac
2136 1108 2318 1165 Saulis
2347 1109 2489 1165 ﬁlios
2517 1120 2680 1181 atque
2728 1122 2979 1181 nepotes,
3048 1111 3340 1182 interjeeta
3395 1110 3634 1164 naturali

2041 1203 2440 1274 speculatione,
2464 1203 2532 1259 ad
2555 1203 2822 1274 Spiritalis
2847 1204 3113 1259 doctrinm
3135 1203 3443 1259 celsitatem
3473 1203 3635 1271 quid-

2041 1297 2176 1367 quid
2207 1299 2514 1368 corporalis
2562 1314 2627 1352 ac
2677 1297 3022 1368 temporanei
3075 1297 3212 1368 legis
3261 1311 3460 1350 sensus
3525 1303 3630 1360 est,

2041 1389 2180 1455 sive,
2217 1400 2276 1444 ut
2311 1390 2501 1445 verius
2523 1391 2720 1460 loquar
2753 1391 2982 1455 terreni,
3007 1391 3399 1460 provehentes,
3458 1374 3634 1444 inter--

2043 1478 2290 1547 ﬁeimus;
2325 1480 2369 1534 si
2390 1481 2554 1535 modo
2589 1497 2690 1535 nos
2720 1496 2964 1551 quoque,
2990 1480 3138 1534 haud
3165 1495 3327 1534 secus
3355 1496 3418 1535 ae
3463 1479 3632 1541 Deus,

2044 1571 2264 1627 Saulem
2289 1571 2529 1639 odimus,
2563 1589 2822 1643 eumque,
2851 1588 2920 1627 ne
2948 1581 3140 1644 regnet
3167 1588 3335 1642 super
3373 1572 3631 1626 lsraelem

2042 1666 2354 1736 sprevimus
2385 1666 2430 1697 ⁸⁸
2457 1684 2469 1719 :
2498 1666 2550 1720 id
2581 1677 2686 1731 est,
2750 1665 3026 1722 carnalem
3071 1666 3217 1720 ultro
3270 1664 3632 1734 conspicuum

2044 1755 2344 1824 Scriptum
2371 1754 2593 1809 modum
2637 1755 2861 1824 (nempe
2895 1752 3267 1822 Judaismum)
3301 1753 3631 1823 repulimus,

350 1843 448 1894 xu).
506 1844 953 1918 ὲξουδενῶκαμεν
1000 1851 1182 1915 αὑτὸν,
1233 1851 1326 1904 τοῦ
1373 1852 1448 1924 μὴ
1490 1853 1802 1924 βασιλεύειν
1847 1856 1940 1909 ἐπὶ

2048 1863 2114 1901 ne
2140 1845 2501 1916 intelligentis
2544 1847 2599 1900 in
2654 1848 2818 1902 nobis
2870 1847 3067 1901 animae
3107 1845 3408 1911 facultatis,
3467 1859 3634 1915 quam

361 1935 585 2007 Ἰσραήλ
604 1953 619 1968 ⁶
647 1938 814 2008 ἧγουν
857 1941 947 1995 τὸν
975 1943 1114 1995 κατά
1153 1945 1334 2014 σάρκα
1366 1945 1620 2016 προφανῆ
1661 1947 1759 2016 τῆς
1789 1947 1933 2016 Γρα-

2043 1940 2230 1998 carnis
2270 1939 2526 1994 servituti
2566 1938 2806 2005 addicat,
2836 1939 3174 1994 dominetur.

349 2027 461 2095 φῆς
496 2029 718 2100 τρόπον,
760 2032 1007 2086 τουτέστι
1041 2035 1133 2088 τὸν
1176 2035 1527 2106 Ἰουδαῐσμὺν,
1571 2037 1936 2108 ἀπεωσάμεθα,
1979 2033 2073 2090 τοῦ
2107 2030 2184 2103 μὴ
2218 2027 2525 2099 βασιλεύειν
2555 2029 2689 2098 πρὸς
2752 2029 2954 2099 σαρκὸς
3015 2027 3262 2080 δουλείαν
3287 2027 3386 2097 τῆς
3414 2025 3473 2078 ὲν
3497 2024 3634 2096 ἡμῖν

351 2124 550 2192 νοερᾶς
587 2124 896 2194 δυνάμεως.

425 2213 524 2265 Δεῖ
554 2213 662 2283 γὰρ
691 2215 783 2268 τὸν
823 2217 996 2270 Σαοὺλ
1026 2217 1215 2288 (ἤγουν
1257 2217 1349 2273 τὸν
1381 2219 1693 2289 σωματικὸν
1725 2217 1822 2273 τοῦ
1852 2220 1940 2272 νό-

359 2321 464 2372 μου
508 2305 731 2376 θεσμδν)
760 2308 1060 2379 μισηθῆναι
1095 2310 1207 2378 (56)
1238 2309 1334 2363 καὶ
1359 2310 1680 2381 ἀπωσθῆναι
1709 2310 1810 2380 τῆς
1840 2309 1939 2380 βα-

355 2393 583 2460 σιλείας,
641 2397 718 2462 ὡς
769 2399 860 2459 τὸν
910 2401 1082 2469 ’Δγάγ
1130 2401 1354 2472 βασιλέα
1411 2402 1682 2474 ’Δμαλὴκ,
1728 2403 1821 2456 καὶ
1868 2402 1936 2456 τὰ

354 2489 519 2542 πίονα
547 2489 660 2542 τῶν
690 2492 955 2562 ποιμνίων
980 2496 1073 2548 καὶ
1095 2494 1410 2564 βουκολίων,
1436 2495 1531 2549 καὶ
1558 2498 1656 2568 τὴν
1688 2495 1935 2566 ἄμπελον

355 2581 451 2632 καὶ
477 2580 574 2652 τὴν
606 2581 793 2636 ἐλαίαν
825 2584 914 2652 (τά
947 2585 1040 2638 τοῦ
1071 2585 1250 2656 θυμοῦ
1287 2586 1434 2655 λέγω
1477 2589 1570 2642 καὶ
1607 2587 1706 2658 τῆς
1744 2587 1935 2640 ἐπιθυ-

358 2672 490 2739 μίας
530 2675 958 2746 ὑπεκκαύματα,
1001 2679 1093 2731 καὶ
1128 2679 1194 2732 τὰ
1237 2680 1629 2749 περιποιητικά
1667 2679 1768 2750 τῆς
1804 2695 1933 2750 τρυ-

355 2763 463 2833 φῆς
518 2766 690 2825 αἴτια)
749 2769 1230 2838 περιποιούμενοι),
1263 2771 1358 2824 καὶ
1395 2771 1556 2824 αὐτὸν
1611 2769 1790 2834 ζῶντα
1840 2770 1931 2823 τὸν

2123 2209 2359 2264 Necesse
2412 2207 2563 2262 enim
2583 2215 2668 2262 est
2703 2206 2923 2262 Saulem
2952 2187 3030 2278 (id
3054 2216 3160 2272 est,
3191 2207 3537 2276 corporalem
3559 2207 3639 2260 le-

2048 2303 2131 2374 gis
2161 2302 2363 2373 ritum)
2400 2301 2528 2355 odio
2558 2300 2753 2355 haberi
2791 2315 2857 2354 ac
2885 2314 3057 2371 regno
3086 2299 3285 2368 expelli
3310 2339 3324 2362 ,
3360 2298 3512 2352 velut
3540 2297 3636 2367 qui

2044 2397 2194 2467 Agag
2227 2411 2411 2464 regem
2449 2393 2669 2446 Amalec
2701 2377 3037 2462 pinguesque
3061 2406 3250 2462 greges
3282 2399 3338 2444 et
3363 2397 3635 2451 armenta,

2041 2505 2256 2544 necnon
2277 2487 2445 2542 vitem
2468 2496 2632 2556 atque
2653 2486 2851 2539 olivam
2883 2484 2998 2551 (irae
3013 2483 3226 2537 scilicet
3241 2497 3304 2535 ac
3321 2480 3639 2550 cupiditatis

2041 2583 2343 2645 incentiva,
2389 2596 2453 2634 ac
2477 2594 2599 2648 qua:
2621 2575 2839 2630 libidini
2870 2575 3115 2628 fomento
3141 2571 3431 2635 exsistant,
3470 2585 3634 2638 argu-

2041 2675 2246 2743 menta)
2263 2672 2520 2736 servet“;
2553 2669 2715 2740 292
2745 2678 2908 2739 atque
2943 2667 2995 2720 in
3023 2675 3226 2721 terram
3252 2661 3640 2734 promissionis

2042 2768 2262 2840 (divinae
2287 2765 2497 2820 scilicet
2527 2760 2857 2832 cognitionis
2873 2768 3035 2829 atque
3058 2757 3180 2811 lidei
3204 2757 3408 2820 locum,
3440 2769 3638 2822 nempe

368 2857 540 2926 ’Δγὰγ
571 2859 707 2927 πρὸς
757 2861 856 2931 τὴν
891 2864 994 2931 γῆν
1045 2861 1420 2932 μεταφέροντα
1453 2864 1553 2932 τῆς
1600 2861 1932 2930 ἐπαγγελίας

2048 2863 2304 2930 mimum)
2337 2857 2521 2911 vivum
2552 2860 2728 2926 ipsum
2753 2854 2896 2924 Agag
2927 2850 3164 2924 (vitulum
3190 2849 3420 2911 scilicet,
3450 2846 3504 2900 id
3527 2856 3634 2909 est,

359 2948 625 3016 (τουτέστι
645 2949 754 3004 τὸν
775 2953 1036 3020 μόσχον,
1061 2952 1227 3023 ἤγουν
1249 2952 1311 3005 τὸ
1339 2953 1522 3022 χοῖκδν
1555 2953 1811 3023 φρόνημα
1841 2953 1938 3022 τῆς

2036 2963 2322 3008 terrenum
2372 2948 2554 3004 carnis
2586 2945 2842 3013 sensum)
2906 2943 3218 2998 transferat.
3278 2943 3424 3012 Agag
3463 2939 3635 3001 enim,

358 3040 607 3112 σαρκὸς),
632 3043 713 3106 είς
735 3043 826 3096 τὸν
855 3044 955 3114 τῆς
984 3044 1137 3108 θείας
1178 3044 1530 3113 ἐπιγνώσεως
1560 3044 1754 3098 τόπονο
1795 3045 1938 3112 λέγω

2048 3044 2080 3100 εἰ
2110 3057 2309 3097 nomen
2339 3038 2745 3109 interpreteris,
2798 3035 3023 3090 vitulum
3054 3040 3247 3098 sonat;
3303 3045 3468 3101 quem
3499 3030 3639 3083 forte

358 3130 423 3202 δὴ
458 3131 560 3204 τὴν
609 3133 868 3205 καρδίαν·
918 3135 1158 3204 μόσχος
1205 3134 1314 3205 γὰρ
1351 3136 1379 3186 ὁ
1437 3133 1610 3201 Ἀγὰγ
1641 3133 1715 3202 (ὃ)
1765 3133 1940 3204 ἑρμη-

358 3223 613 3278 νεύεταιο
677 3225 878 3295 μόσχος
937 3227 1146 3288 ἐκεῖνος
1180 3226 1372 3296 τυχὸν,
1423 3225 1481 3279 ὃν
1525 3227 1553 3277 ὁ
1609 3223 1790 3295 μωρὸς
1849 3223 1941 3276 καὶ

361 3314 626 3378 ἀσύνετος
673 3315 890 3386 Ἰσραὴλ
925 3316 1037 3385 (57)
1070 3315 1212 3368 κατά
1265 3315 1363 3386 τὴν
1413 3315 1618 3386 ἔρημον
1662 3313 1940 3384 χωνεύσας

360 3406 703 3478 ὲθεοποίησε,
728 3408 822 3460 κα)⁵
848 3407 952 3477 τῆς
986 3407 1134 3470 θείας
1159 3406 1460 3476 θεραπείας
1488 3407 1588 3475 τὴν
1619 3406 1811 3476 ἡδονὴν
1845 3406 1941 3476 τῆς

361 3500 600 3572 γαστρὸς
639 3499 1044 3571 προετίμησενο
1075 3499 1262 3554 ὅντινα
1305 3500 1504 3570 μόσχον
1536 3499 1776 3569 Μωῦσῆς
1804 3500 1945 3568 ἁψα-

364 3591 526 3655 νίζει,
551 3593 646 3644 καὶ
673 3591 928 3662 Σαμουὴλ
949 3608 963 3625 ο
1002 3593 1033 3646 ὁ
1073 3593 1170 3662 μὲν
1200 3591 1428 3644 λεαίνων
1475 3593 1569 3645 καὶ
1614 3591 1944 3662 διασπείρων

370 3683 476 3735 ὑπὸ
509 3683 570 3736 τὸ
607 3682 771 3755 ὕδωρ,
806 3685 831 3736 ὁ
867 3684 924 3738 δὲ
958 3685 1204 3756 μαχαίρᾳ
1247 3687 1590 3754 πνευματικῇ
1635 3684 1945 3751 καταστάτ-

369 3789 480 3825 των
499 3789 513 3802 ο
549 3773 841 3836 τουτέστιν,
867 3774 899 3842 ἡ
927 3773 1080 3838 ζῶσα
1114 3774 1206 3826 καὶ
1231 3773 1458 3845 ἐνεργὴς
1477 3773 1569 3826 τοῦ
1600 3774 1753 3841 ἁγίου
1778 3773 1946 3826 Πνεύ·

371 3881 545 3934 ματος
591 3865 748 3935 χάρις
809 3864 988 3934 (τοῦτο
1035 3865 1144 3935 γὰρ
1176 3866 1462 3934 Μωῦσῆς),
1497 3866 1594 3918 καὶ
1631 3868 1664 3933 ἡ
1712 3865 1800 3918 διὰ
1838 3865 1947 3919 τῶν

368 3953 600 4007 ἐντολῶν
647 3955 864 4024 ὑπακοὴ
918 3955 1010 4008 τοῦ
1077 3956 1253 4010 Θεοῦο
1305 3955 1464 4009 τοῦτο
1510 3958 1619 4028 γὰρ
1669 3957 1945 4028 Σαμουὴλ.

369 4048 609 4118 Μωῦσῆς
641 4050 748 4120 γὰρ
795 4048 951 4116 ὕδωρ
984 4049 1349 4120 ἑρμηνεύεται
1400 4050 1677 4117 σπαίρων
1717 4049 1822 4120 (c)°
1855 4051 1950 4103 καὶ

2039 3135 2274 3190 vitulum
2305 3131 2506 3188 stultus
2535 3139 2590 3185 et
2611 3129 2878 3200 insipiens
2899 3126 3087 3191 Israel,
3107 3125 3162 3178 in
3189 3123 3409 3178 deserto
3437 3120 3640 3176 conﬁa-

2049 3237 2186 3292 tum,
2207 3227 2372 3281 deum
2395 3223 2763 3288 consecravit,
2795 3220 3112 3290 ventrisquc
3135 3217 3420 3272 libidinem
3450 3215 3639 3269 divino

2045 3321 2221 3375 cultui
2273 3317 2587 3387 anteposuit
2607 3314 2675 3369 ⁸⁸.
2741 3315 2899 3369 llunc
2922 3314 3152 3368 vitulum
3180 3308 3640 3380 abolentMoyscs

2047 3420 2212 3481 atque
2245 3409 2466 3464 Samuel
2497 3426 2510 3474 ;
2557 3409 2699 3463 alter
2734 3407 2979 3477 quidem,
3009 3392 3437 3461 comminuendo
3463 3410 3520 3453 et
3547 3414 3636 3453 se-

2049 3503 2314 3558 minando
2345 3502 2447 3556 sub
2477 3517 2616 3570 aqua
2644 3517 2658 3564 ;
2712 3501 2879 3563 alter,
2913 3497 3152 3568 spiritali
3179 3493 3640 3568 gladiojugulan-

2051 3595 2123 3649 do
2140 3595 2185 3626 ⁸ο
2238 3612 2250 3647 :
2299 3608 2497 3663 nempe
2527 3593 2650 3647 viva
2679 3602 2736 3647 et
2763 3591 2954 3646 eﬁicax
2984 3589 3228 3660 Spiritus
3257 3588 3433 3642 sancti
3462 3585 3636 3657 gratia

2053 3688 2147 3759 (id
2181 3687 2329 3743 enim
2383 3687 2596 3758 Moyses
2627 3684 2962 3756 signiﬁcat),
3015 3682 3514 3749 mandatorumque
3541 3678 3636 3732 Dei

2052 3780 2340 3836 obauditio
2382 3779 2564 3850 (quod
2594 3779 2699 3832 sibi
2720 3778 2839 3832 vult
2873 3774 3156 3845 Samuel).
3216 3774 3430 3844 Moyses
3464 3771 3636 3832 enim,

2054 3873 2099 3926 si
2116 3885 2316 3926 nomen
2346 3867 2752 3939 interpreteris,
2777 3883 2917 3938 aqua
2943 3865 3139 3920 saliens
3159 3874 3272 3930 est;
3303 3863 3522 3918 Samuel
3546 3878 3638 3916 ve-

2055 3980 2140 4029 ro,
2171 3964 2436 4018 obauditio
2459 3962 2598 4028 Dei;
2628 3959 2778 4032 quod
2805 3969 2891 4014 est
2917 3974 3042 4013 vera
3073 3957 3228 4023 ﬁdes,
3261 3964 3425 4026 atque
3450 3955 3638 4010 divina

2053 4052 2187 4106 vita.

373 4145 624 4216 Σαμουὴλ
655 4145 897 4213 ὑπακοὴ
933 4145 1082 4200 Θεοῦ
1113 4143 1223 4216 (d),
1265 4145 1403 4215 ὅπερ
1435 4144 1553 4196 ἐστὶ
1599 4144 1783 4208 πίστις
1815 4143 2046 4217 ἀληθὴς,
2080 4147 2176 4200 καὶ
2206 4145 2323 4217 βίος
2356 4145 2559 4209 ἔνθεος.

441 4257 487 4289 ⁸⁸
520 4256 542 4310 ι
578 4256 712 4326 Reg.
739 4272 846 4321 xvi,
885 4257 932 4310 Ι.

1008 4256 1051 4288 ⁸⁷
1077 4255 1097 4311 1
1140 4257 1274 4328 Reg.
1301 4273 1389 4322 xv,
1418 4256 1470 4310 8.
1547 4256 1592 4288 ⁸⁸
1623 4257 1795 4312 Exod.
1825 4275 1944 4312 xxx:

2048 4291 2076 4312 ι.
2153 4260 2199 4293 θ’
2233 4261 2370 4315 ibid.
2404 4258 2507 4324 20;
2540 4259 2559 4314 Ι
2591 4259 2724 4330 Reg.
2757 4273 2845 4323 xv,
2874 4258 2962 4312 52.

413 4369 516 4452 .(b)
551 4371 796 4449 Μόσχος
837 4370 948 4439 γὰρ
1059 4370 1366 4452 manuni
1419 4371 1611 4426 libello
1648 4372 1944 4452 expositio-

2053 4384 2254 4452 strates
2291 4375 2611 4452 comedunt,
2665 4388 2983 4452 quanquam
3028 4389 3132 4428 nec
3192 4371 3486 4427 delicatior
3543 4370 3634 4425 vi-

371 4441 461 4494 nis
504 4440 791 4512 nominum
823 4440 1175 4512 propﬁriorum
1231 4441 1591 4508 biblicorum,
1647 4440 1948 4512 exponitur

376 4518 592 4583 tectam,
615 4509 896 4583 solarium.
931 4509 1162 4566 Videtur
1190 4521 1304 4583 tum
1336 4512 1625 4577 Maximus,
1677 4509 1794 4567 tum
1827 4515 1948 4583 ejus

372 4580 547 4654 libelli
579 4588 775 4633 auctor
807 4581 875 4634 ad
901 4583 1152 4654 eamdem
1177 4582 1385 4654 referre
1434 4583 1701 4654 radicem,
1741 4580 1950 4654 ,nenipe

372 4661 470 4723 :13;
502 4650 621 4723 sive
646 4661 775 4713 nm.
811 4651 958 4723 quod
984 4660 1071 4706 est
1095 4653 1364 4723 superbia,
1395 4653 1748 4718 excellentia;
1801 4650 1952 4722 quod

375 4722 462 4774 sic
484 4720 726 4792 dicatur,
767 4720 850 4775 vel
888 4723 1088 4776 domus
1142 4720 1446 4792 fastigium,
1505 4724 1590 4777 vel
1645 4720 1836 4777 taurus
1893 4725 1948 4780 in

376 4807 542 4864 grege
570 4791 834 4864 princeps
863 4800 918 4845 et
955 4791 1319 4864 calentissiuﬁ
1370 4794 1688 4864 sanguinis;
1722 4810 1789 4848 ex
1844 4811 1955 4864 qua

375 4862 499 4930 ejus
533 4861 799 4929 qualitate
835 4870 1028 4932 quaest.
1087 4862 1176 4926 64,
1227 4863 1372 4917 idem
1422 4861 1690 4918 Maximus
1755 4861 1952 4919 bovem

378 4932 476 4986 ira:
505 4940 632 5004 typo
665 4935 899 5002 accepit,
931 4942 987 4987 et
1011 4933 1156 5004 quod
1182 4933 1310 5004 ejus?
1335 4933 1560 5002 sanguis
1589 4945 1786 5002 epotus
1820 4951 1956 5004 prae-

377 5001 760 5072 sentissimum
790 5001 1063 5058 venenum
1093 5003 1166 5056 sit
1186 5001 1352 5058 :inde
1400 5001 1637 5058 scilicet,
1657 5001 1954 5072 quod—cito

379 5070 713 5125 indurescit.
780 5072 946 5127 Gesn.
1001 5073 1175 5127 relato
1232 5075 1367 5128 Pall.
1427 5073 1517 5127 Est
1557 5070 1689 5128 sane
1739 5074 1954 5128 mall/iis

378 5150 540 5214 aptas
575 5140 794 5196 bubulus
829 5144 1068 5213 sanguis,
1113 5146 1250 5214 quod
1277 5161 1438 5214 quant
1482 5154 1793 5199 cwterorum
1835 5147 1954 5199 ani-

377 5210 606 5286 malium
642 5214 891 5286 crassior,
924 5210 973 5266 et
993 5215 1103 5286 cito
1125 5210 1664 5284 'coeat'dureturque;
1697 5217 1958 5286 prazcipue

373 5282 652 5344 taurinas,
706 5285 796 5352 qui
855 5299 914 5336 eo
962 5285 1176 5337 nomine
1229 5286 1390 5338 etiam
1428 5282 1566 5337 inter
1623 5282 1820 5338 venena
1857 5282 1953 5340 est.

381 5355 482 5410 Est
512 5359 698 5406 autem
723 5353 928 5408 malum
954 5354 1184 5408 materia
1210 5354 1509 5409 durissima
1539 5371 1608 5409 ex
1638 5357 1786 5410 calce
1805 5356 1954 5420 viva,

376 5421 545 5490 adipe
569 5422 754 5485 suillo,
778 5432 912 5488 etc.,
931 5424 1179 5482 subacta.
1205 5424 1452 5491 Calidus,
1483 5441 1612 5479 ossa
1668 5425 1954 5481 confracta

377 5491 743 5566 ferruminat:
769 5493 825 5546 Si
841 5495 1062 5566 sanguis
1087 5495 1384 5566 rejiciatur,
1419 5495 1688 5566 efﬁcacem
1739 5497 1958 5550 tradunt

379 5560 634 5637 tabulam
659 5560 993 5637 sanguinein,
1013 5560 1213 5618 modice
1243 5574 1291 5619 el
1314 5583 1433 5620 cum
1450 5560 1608 5620 'aceto
1649 5576 1916 5637 sumptum
1942 5583 1960 5620 :

383 5647 507 5702 nam
533 5632 597 5684 de
621 5633 833 5686 taurino
858 5634 1086 5697 credere,
1119 5637 1466 5691 temerarium
1495 5646 1606 5702 est,
1642 5632 1780 5692 Plin;
1803 5647 1960 5692 aceto

380 5701 909 5777 nimirumcoagulo
926 5703 1583 5777 obstantc.Cuagulatum
1616 5709 1729 5777 jam
1761 5709 1958 5762 ﬁxuru-

383 5785 490 5839 que
511 5788 576 5828 ac
609 5771 832 5828 frictum
882 5773 1150 5828 bubulum
1184 5771 1511 5848 sanguinem
1580 5771 1802 5850 impune
1852 5779 1960 5833 No-

2054 4445 2254 4501 dealur
2275 4447 2434 4500 cibus
2465 4460 2568 4500 nec
2610 4445 2817 4499 sanior.

2128 4518 2203 4587 (ε)
2259 4517 2444 4583 Ὕδωρ
2482 4516 2787 4584 σπαίρων.
2843 4514 3071 4584 Accipio
3122 4529 3186 4569 ac
3220 4513 3264 4569 si
3318 4511 3440 4566 καθ’
3472 4511 3636 4587 herile,

2390 4591 2394 4594 ’
2645 4583 2653 4584 ί
2979 4583 2993 4584 ί
3271 4583 3640 4652 (ιιιίυ-οιιιίρεὶδ

2131 4656 2208 4728 (d)
2250 4655 2518 4722 ’Υπακοὴ
2552 4656 2723 4717 Θεοῦ,
2765 4655 3035 4709 exauditio
3069 4654 3194 4728 Dei.-
3225 4651 3419 4728 Melius
3465 4651 3634 4728 Maxi-

2060 4721 2309 4782 mus'hoc
2333 4721 2538 4796 etymo,
2563 4741 2726 4794 quam
2748 4737 2945 4780 auctor
2964 4724 3328 4796 expositionis
3350 4721 3635 4796 nominum

2054 4793 2408 4869 propriorum
2444 4793 2799 4869 biblicorum,
2829 4796 2924 4869 qui
2951 4793 3154 4869 duplex
3175 4804 3418 4869 etvmum
3437 4793 3633 4869 ponit,

2056 4864 2291 4922 alte—rum
2324 4883 2354 4920 a
2383 4867 2556 4920 verbo
2581 4877 2719 4931 D‘w,
2744 4867 2904 4936 quasi
2936 4868 3134 4936 positus
3161 4864 3358 4936 aVDeo,
3401 4864 3634 4916 alterum

2056 4938 2326 4992 anomine
2382 4947 2499 4999 D27,
2541 4938 2697 5005 quasi
2745 4935 2841 4990 Dei
2905 4935 3117 4998 nomen,
3177 4935 3294 4989 sive
3354 4940 3567 5005 vocatus
3601 4950 3632 4985 a

2056 5009 2185 5062 Deo.
2215 5008 2397 5062 Palam
2434 5003 2582 5061 enim
2617 5023 2774 5061 sacer
2799 5015 2981 5060 textus
3019 5006 3353 5073 sull‘ragatur
3379 5003 3633 5064 Maximo,

2057 5093 2360 5158 verumque
2393 5078 2508 5158 ipse
2529 5088 2772 5158 ctymum
2803 5077 2976 5158 ponit,
3019 5074 3480 5158 velutinisracle
3497 5082 3552 5126 et
3582 5073 3637 5126 in

2057 5149 2226 5202 Mose.
2261 5143 2357 5202 Est
2405 5143 2603 5217 itaque
2632 5143 2854 5202 Samuel
2898 5162 2929 5199 a
2953 5145 3134 5217 radice
3165 5153 3326 5217 περ,
3372 5143 3426 5217 iii
3459 5144 3632 5197 ﬁirma

2056 5220 2209 5290 paul.
2236 5220 2373 5274 eliso
2393 5229 2435 5290 ιζ
2457 5212 2747 5290 euphoniae
2769 5232 2930 5290 causa
2959 5216 2981 5290 Δ1
3008 5217 3208 5290 llcg._t,
3237 5215 3340 5290 2i):
3383 5212 3448 5267 Et
3482 5230 3637 5290 voca-

2058 5273 2128 5344 ἶνὶι
2163 5306 2353 5342 nomen
2388 5273 2501 5357 Ejus
2532 5273 2819 5343 'Samuel:
2865 5287 3004 5357 quia
3058 5273 3368 5357 aiDomino
3424 5273 3640 5357 11115“)

2059 5361 2216 5430 petivi
2255 5376 2372 5412 eum
2390 5354 2422 5422 ,5
2445 5358 2539 5411 ubi
2591 5354 2930 5430 hzec__verba
2987 5355 3398 5430 intelliguntur,
3429 5354 3497 5408 Et
3543 5369 3637 5406 c.12-

2058 5425 2260 5482 audivit
2292 5445 2405 5490 me;
2435 5428 2687 5496 quamvis
2721 5425 3007 5492 Maximus,
3039 5427 3218 5479 active
3239 5425 3446 5496 potius,
3469 5439 3634 5492 quam

2058 5498 2274 5569 passive
2335 5494 2558 5552 videtur
2605 5497 2886 5566 accipere;
2935 5512 3046 5550 non
3094 5494 3346 5550 satis’ad
3396 5504 3637 5547 mentem

2061 5586 2490 5656 ScripturaxAlii
2506 5586 2698 5640 velunt
2723 5585 2930 5640 dictum
2950 5586 3109 5654 quasi
3128 5569 3278 5644 Βικιυ
3312 5569 3641 5656 δκιὲμρριὶιιιθ

2061 5676 2094 5712 ιι
2156 5652 2284 5720 Deo,
2335 5657 2523 5713 Grmce
2573 5657 2879 5724 θεαίτητος.
2935 5652 3153 5723 qualem
3193 5656 3360 5708 etiam
3398 5652 3559 5724 Plato
3592 5652 3646 5704 in

2061 5729 2297 5856 Diqlogis
2320 5731 2435 5855 sluis
2463 5723 2762 5784 introducit
2803 5725 3288 5798 philosophantem
3333 5738 3460 5778 cun
3509 5723 3653 5781 Cra-

2077 5809 2128 5857 υ·
2155 5816 2188 5855 0
2216 5810 2267 5853 et
2300 5818 2328 5856 a
2356 5804 2441 5857 tis.

2102 5822 2188 5868 μυ
2216 5822 2267 5853 et
2300 5822 2441 5858 ams.
