4036 6210
485 282 588 348 767

1642 279 1705 339 S.
1743 280 2031 339 ΜΑΧΙΜΙ
2066 277 2580 347 CONFESSORIS

3658 272 3791 337 768

561 388 733 460 Igitur
766 383 976 457 peccati
1012 383 1327 455 imperium,
1362 384 1479 439 slve
1504 385 1690 438 carnis
1716 385 2068 455 prudentiam

2244 384 2456 437 υὺκοῦν
2488 384 2548 437 τὸ
2579 382 2782 454 κράτος
2822 381 2918 451 τῆς
2965 378 3260 450 ἁμαρτίας,
3298 378 3467 449 ἡγουν
3514 378 3575 432 τδ
3621 382 3777 451 φρᾶο

488 491 825 546 sensumque
873 480 934 528 ut
973 474 1231 540 abolcat,
1295 475 1472 531 sancti
1499 475 1846 546 baptismatis
1879 475 2068 546 gratia:

490 577 903 641 comparatum;
958 567 1204 637 itemque
1230 566 1580 632 obedientize,
1633 583 1741 638 qua
1769 568 1952 638 rcipsa
1979 566 2067 622 di-

489 663 615 716 vina
645 659 981 728 impleantur
1010 657 1300 724 mandata,
1336 666 1397 714 ut
1424 658 1604 730 gladio
1624 660 1855 731 spiritus
1877 660 2069 730 (verbo

489 753 703 809 scilicet
729 749 933 805 divinae
958 751 1015 805 in
1039 750 1250 821 Spiritu
1274 750 1555 823 scientiae)
1592 751 1909 820 interimat;
1961 753 2070 808 ela-

490 857 646 897 mans
672 840 900 912 mystice
930 840 999 896 ad
1025 842 1237 912 peccati
1258 842 1548 898 libidinem
1579 858 1922 914 pronamque
1947 860 2073 914 pas-

487 935 702 990 sionem
727 974 743 999 ,
802 933 950 988 haud
988 950 1149 989 secus
1187 950 1252 989 ac
1275 950 1506 1005 magnus
1527 934 1747 991 Samuel
1774 936 1842 990 ad
1871 935 2019 1007 Agag
2052 953 2066 989 :

490 1025 637 1082 Sicut
662 1025 835 1080 liberis
862 1026 1066 1080 orbavit
1091 1025 1334 1081 mulieres
1366 1026 1576 1099 gladius
1601 1039 1742 1093 tuus,
1772 1026 1897 1097 ﬁliis
1918 1027 2070 1082 hodie

491 1118 764 1173 orbabitur
808 1126 981 1172 mater
1023 1126 1115 1171 tua
1164 1133 1228 1171 ea:
1262 1118 1642 1172 mulieribus”.
1700 1118 1898 1172 Multas
1922 1119 2069 1174 enim

494 1220 556 1266 ut
579 1210 633 1265 in
656 1210 839 1281 gladio
858 1210 997 1282 gulae
1018 1210 1237 1277 vitium,
1263 1210 1564 1280 voluptatis
1582 1211 1882 1277 lenocinio,
1900 1212 2075 1266 virtu—

495 1316 587 1362 tes
603 1304 797 1362 liberis
824 1305 1062 1361 orbavit.
1096 1305 1501 1376 Temperantia:
1519 1305 1670 1360 enim
1697 1313 1752 1361 et
1778 1304 2070 1371 castitatis,

494 1413 593 1467 per
616 1397 1078 1453 incontinentiam
1125 1411 1191 1452 ac
1214 1398 1342 1453 vita:
1364 1397 1640 1452 luxuriam
1668 1438 1682 1464 ,
1735 1397 1947 1452 semina
1973 1412 2071 1451 ex-

496 1488 697 1560 tinguit
723 1506 737 1542 :
762 1488 993 1561 justitiae
1016 1503 1172 1555 vero,
1208 1503 1309 1559 per
1335 1488 1705 1547 insatiabilem
1736 1489 2075 1558 modumque

494 1580 833 1635 nescientem
885 1579 1125 1635 habendi
1179 1579 1582 1650 cupiditatem,
1641 1580 2073 1650 aequabilitatem

496 1671 806 1743 corrumpit
857 1689 871 1726 :
924 1672 1328 1739 humanitatis,
1388 1690 1489 1743 per
1524 1674 1801 1743 privatum
1826 1673 2074 1743 vitioque

2173 492 2323 545 νημα
2365 476 2466 546 τῆς
2523 474 2748 547 σαρκὸς,
2794 474 2827 543 ἡ
2876 473 3037 543 χάρις
3087 471 3373 541 ἀφανίζειν
3407 469 3623 540 πέφυκε
3669 470 3778 523 τοῦ

2176 568 2333 637 ἁγίου
2383 567 2780 639 βαπτίσματος,
2827 566 2922 619 καὶ
2973 567 3007 637 ἡ
3042 566 3164 618 κατ’
3205 564 3489 633 ἐνέργειαν
3540 563 3778 633 ὑπακοὴ

2174 659 2286 713 τῶν
2326 658 2489 711 θείων
2544 656 2809 720 ἐντολῶν,
2855 655 3178 709 άποκτένειν
3231 658 3300 725 τῇ
3359 656 3607 725 μαχαίρᾳ
3666 653 3775 707 τοῦ

2177 748 2488 819 πνεύματος
2546 748 2735 819 (ἤγουν
2771 745 2850 817 τῷ
2898 746 3103 818 ῥήματι
3137 745 3240 815 τῆς
3287 745 3439 808 Θείας
3486 746 3545 800 ὲν
3580 744 3776 798 ’πνεύ-

2180 859 2310 913 ματι
2342 840 2640 910 γνώσεως)·
2673 839 2853 910 βοῶσα
2885 838 3167 910 μυστικῶς
3201 837 3339 907 πρὸς
3366 838 3425 891 τὸ
3455 837 3631 902 πάθος
3666 842 3775 909 τῆς

2176 933 2487 1004 ἁμαρτίας,
2530 932 2606 995 ὡς
2652 931 2680 984 ὁ
2710 930 2883 1001 μέγας
2933 929 3069 1000 πρὸς
3098 930 3190 984 τὸν
3243 930 3421 1000 Ἀγάγ
3463 931 3769 1003 Σαμουὴλο

2177 1024 2385 1091 Καθὼς
2446 1024 2759 1093 ἡτέκνωσε
2819 1022 3113 1092 γυναῖκας
3164 1022 3202 1090 ἡ
3268 1020 3538 1092 μάχαιρά
3607 1037 3770 1089 σου,

2177 1116 2662 1184 ἁτεκνωθήσεται
2716 1114 2991 1184 σήμερον
3021 1114 3091 1168 ἐκ
3135 1113 3442 1185 γυναικῶν
3476 1115 3515 1183 ἡ
3563 1114 3772 1184 μήτηρ

2178 1228 2317 1265 σου.
2351 1209 2561 1272 Πολλὰς
2595 1207 2705 1281 γὰρ
2745 1207 2808 1261 τὸ
2840 1206 3010 1270 πάθος
3046 1209 3147 1277 τῆς
3180 1206 3656 1277 γαστριμαργίας,
3693 1208 3771 1270 ὡς

2179 1306 2238 1358 ἐν
2272 1304 2541 1375 μαχαίρᾳ,
2563 1301 2641 1371 τῷ
2672 1302 2800 1372 λείῳ
2830 1300 2929 1369 τῆς
2957 1300 3151 1371 ἡδονῆς
3180 1298 3426 1369 λογισμῷ
3450 1298 3770 1367 ἡτέκνωσεν

2180 1398 2405 1470 ἀρετάς.
2445 1397 2561 1467 Τῆς
2592 1394 2692 1467 μὲν
2721 1395 2832 1465 γὰρ
2865 1392 3221 1464 σωφροσύνης
3245 1391 3331 1444 διὰ
3357 1390 3459 1458 τῆς
3491 1390 3769 1460 ἀκρασίας

2180 1490 2472 1546 ἁποκτένει
2501 1487 2573 1541 τά
2602 1487 2897 1558 σπέρματα
2921 1501 2936 1517 ⁸
2970 1486 3072 1557 τῆς
3099 1482 3447 1552 δικαιοσύνης
3468 1482 3525 1534 δὲ
3553 1481 3638 1534 διὰ
3662 1484 3761 1552 τῆς

2181 1580 2500 1645 πλεονεξίας
2558 1578 2866 1650 διαφθείρει
2918 1578 3020 1649 τὴν
3070 1576 3385 1647 ἰσονομίαν·
3434 1574 3534 1645 τῆς
3574 1575 3758 1643 φιλαν-

2182 1672 2429 1744 θρωπίας
2466 1672 2523 1725 δὲ
2573 1670 2661 1725 διὰ
2690 1672 2790 1741 τῆς
2832 1669 3118 1741 φιλαυτίας
3147 1669 3246 1740 τὴν
3292 1669 3357 1722 ὲκ
3405 1666 3621 1737 φύσεως
3647 1666 3757 1719 δια-

496 1762 794 1817 lnerentem
832 1762 1297 1834 indulgentiorem
1324 1762 1479 1818 illum
1514 1765 1599 1820 sui
1622 1781 1867 1819 amorem
1891 1805 1906 1829 ,
1956 1780 2080 1835 quae

2190 1764 2369 1833 τέμνει
2404 1762 2724 1833 συνέχειαν⁵
2760 1764 2854 1817 καὶ
2894 1761 3176 1832 συντόμως
3219 1763 3393 1814 εἰπεῖν
3435 1761 3573 1830 (58),
3623 1762 3756 1815 nive

494 1869 562 1908 ex
591 1860 802 1909 natura
825 1853 1141 1908 rationibus
1160 1853 1378 1909 exsistit
1408 1854 1857 1926 conjunctionem
1878 1854 2079 1909 scindit

2190 1874 2289 1910 των
2334 1856 2444 1910 τῶν
2476 1858 2595 1910 κατ’
2629 1855 2830 1928 ἀρετὴν
2861 1855 3218 1925 γεννημάτων
3260 1853 3612 1924 ἀναιρετικὸν
3649 1856 3765 1905 ἐστι

495 1959 560 1999 ac
585 1944 1080 2000 necessitudinem.
1142 1949 1343 2015 Atque,
1384 1954 1445 2002 ut
1473 1962 1686 2001 summa
1707 1946 1907 2011 dicam,
1939 1945 2080 2017 gulae

2190 1949 2278 2019 τῆς
2309 1948 2757 2019 γαστριμαργίας
2773 1948 2832 2001 τὸ
2860 1946 3052 2010 πάθος.
3085 1944 3256 1998 Τοῦτο
3281 1942 3339 1995 δὲ
3381 1944 3542 2014 μόνη,
3575 1942 3761 2008 καθὼς

498 2036 693 2090 vitium
739 2036 964 2092 virtutis
997 2038 1181 2093 omnia
1202 2039 1447 2109 germina
1471 2039 1713 2107 perimit.
1752 2037 1867 2093 lloc
1893 2045 2079 2093 autem

2190 2036 2340 2109 ἔφην,
2366 2038 2583 2108 ἀναιρεῖ
2605 2036 2668 2089 τὸ
2698 2036 2887 2099 πάθος,
2908 2036 2943 2105 ἡ
2966 2052 3026 2088 τε
3049 2033 3144 2087 τοῦ
3175 2030 3553 2103 βαπτίσματος
3583 2033 3761 2103 χάρις,

496 2127 714 2193 vitium,
752 2129 834 2183 uti
864 2129 1115 2184 dicebam
1138 2170 1153 2195 ,
1212 2129 1329 2184 sola
1353 2130 1517 2195 tollit,
1576 2139 1692 2184 tum
1732 2130 2083 2201 baptismatis

498 2217 674 2288 gratia
699 2259 714 2283 ,
765 2226 883 2274 tum
915 2220 1014 2275 Dei
1046 2220 1434 2277 mandatorum
1462 2222 1780 2277 obcdientia
1828 2204 2081 2279 instituta

498 2308 622 2364 vita:
647 2309 809 2365 ratio.
870 2310 1003 2378 Qua:
1039 2310 1204 2383 igitur
1256 2312 1311 2366 in
1342 2313 1526 2368 littera
1578 2313 1751 2383 legem
1774 2315 1951 2385 posita
1975 2326 2080 2381 est,

496 2400 670 2456 hocce
688 2401 881 2456 vitium
917 2402 1193 2458 foventem
1217 2414 1380 2474 atque
1412 2415 1745 2466 servantem.
1770 2407 1942 2462 Deum
1968 2423 2084 2479 pm-

498 2489 638 2547 nite't
665 2492 718 2545 in
745 2492 966 2549 lsraelis
994 2509 1178 2565 regem
1204 2495 1513 2561 inunxissc,
1544 2498 1941 2567 translatisque
1963 2514 2086 2554 sce-

497 2582 659 2654 ptris,
698 2584 889 2640 Davidi
941 2583 1085 2657 (legi
1111 2586 1325 2641 scilicet
1349 2588 1680 2658 evangelicae
1714 2604 1779 2644 ac
1808 2589 2082 2661 spiritali)

498 2673 793 2744 imperium
819 2675 1022 2743 tradit;
1057 2690 1257 2748 nempe
1285 2677 1399 2731 lilio
1420 2679 1596 2735 Iesse.
1636 2679 1735 2735 Est
1762 2691 1947 2735 autem
1967 2681 2087 2737 Jes—

2180 2131 2332 2200 καὶή
2361 2128 2480 2182 καθ’
2506 2127 2754 2199 ὑπακοὴν
2773 2126 2909 2180 Θεοῦ
2932 2126 3039 2180 τῶν
3060 2125 3291 2181 ἐντολῶν
3307 2125 3521 2196 ἀγωγή.
3543 2125 3643 2177 Τὸν
3670 2120 3759 2177 οὖν

2183 2220 2372 2273 τούτου
2419 2217 2515 2272 τοῦ
2546 2219 2753 2282 πάθους
2801 2219 3225 2290 περιποιητικδν
3270 2222 3327 2272 ὲν
3356 2218 3638 2288 γράμματι
3671 2217 3753 2269 νό-

2188 2330 2287 2384 μον
2317 2311 2708 2383 μεταμελεϊται
2772 2310 2969 2382 χρίσας
3010 2312 3091 2374 είς
3141 2310 3372 2381 βασιλέα
3407 2310 3497 2363 τοῦ
3540 2310 3759 2383 Ἰσραὴλ

2183 2406 2211 2458 ὁ
2231 2403 2383 2467 Θεὸς,
2412 2402 2507 2456 καὶ
2543 2402 2843 2475 μεταφέρει
2872 2402 2933 2455 τὸ
2973 2403 3177 2473 κράτος
3215 2403 3315 2473 τῆς
3345 2402 3642 2473 βασιλείας,
3671 2400 3766 2454 καὶ

2183 2495 2368 2549 δίδωσι
2402 2493 2479 2565 τῷ
2524 2493 2690 2548 Δασὶδ
2729 2492 2829 2564 (τῷ
2865 2492 3210 2563 εὐαγγελικῷ
3248 2492 3449 2563 δηλαδὴ
3478 2494 3576 2545 καὶ
3607 2510 3767 2545 πνευ·

2190 2586 2406 2660 ματικῷ
2454 2585 2652 2657 νόμῳ),
2703 2584 2973 2651 τουτέστι,
3020 2584 3099 2656 τῷ
3149 2584 3249 2656 υἱῷ
3298 2584 3520 2638 Ἰεσσαί.
3564 2584 3768 2655 Ἑρμη-

2186 2681 2404 2735 νεύεται
2456 2679 2513 2733 δὲ
2556 2679 2776 2743 Ἰεσσαὶ,
2828 2678 2977 2732 Θεοῦ
3024 2678 3271 2746 ποίησις
3320 2676 3412 2747 (e).
3455 2677 3670 2731 Οὐκοῦν
3711 2676 3767 2730 τὸ

498 2781 581 2832 se,
605 2766 650 2821 si
671 2781 873 2822 nomen
890 2767 1298 2839 interpreteris,
1322 2768 1420 2824 Dei
1435 2772 1652 2841 effectio.
1676 2772 1937 2827 Sanctum
1954 2787 2085 2844 ergo

2190 2774 2344 2839 ἆγιον
2370 2770 2723 2841 Εὑαγγέλιον,
2751 2770 2999 2841 γέννημα
3038 2770 3300 2840 τυγχάνει
3324 2770 3427 2840 τῆς
3473 2771 3763 2841 ποιήσεως,

502 2856 857 2927 Evangelium
884 2873 1111 2929 germen
1140 2867 1227 2915 est
1256 2859 1513 2915 factionis
1536 2861 1667 2928 Dei;
1718 2861 1773 2915 id
1811 2870 1926 2927 est,
1965 2864 2085 2933 ejus

2190 2864 2355 2934 ἡγουν
2406 2863 2505 2934 τῆς
2559 2862 2654 2915 τοῦ
2691 2861 2829 2916 Θεοῦ
2887 2861 2975 2915 διὰ
3019 2862 3222 2933 σαρκὸς
3272 2862 3645 2933 αὑτουργίας,
3676 2862 3768 2933 τῆς

500 2962 600 3017 per
629 2963 851 3003 carnem
885 2950 1124 3020 propriae
1151 2949 1465 3008 eil‘ectionis
1485 2993 1500 3017 ,
1555 2968 1678 3022 qua:
1711 2952 1870 3023 293
1907 2953 1962 3008 in
1988 2968 2085 3009 sae-

2190 2952 2424 3024 ὲχούσης
2471 2955 2551 3017 είς
2583 2954 2710 3017 τοὺς
2742 2953 3005 3024 ἀπείρους
3054 2953 3259 3017 αίῶνας
3294 2953 3395 3024 τὴν
3448 2954 3730 3025 βασιλείαν
3751 2968 3766 2982 ·

501 3041 629 3095 cula
666 3040 880 3097 inﬁnita
929 3057 1101 3113 regno
1133 3042 1379 3112 potitur;
1441 3045 1599 3116 cujus
1623 3045 1887 3116 auspiciis
1919 3055 2085 3117 atque

2190 3045 2310 3099 καθ’
2337 3045 2404 3118 ἡν
2444 3044 2639 3116 ἔχομεν
2671 3045 2990 3113 ἀγαλλίασιν
3027 3045 3390 3110 ἀκατάλυτον,
3428 3045 3523 3099 καὶ
3548 3045 3653 3117 τὴν
3685 3044 3768 3098 εὖ·

502 3148 729 3189 munere
754 3172 770 3197 ,
806 3133 1247 3191 indissolunilem
1277 3137 1702 3193 exsultationem
1728 3153 1794 3194 ac
1816 3138 2085 3207 laetitiam,

2191 3136 2467 3208 φροσύνην
2501 3136 2577 3200 ὡς
2610 3136 2823 3209 ἡμέραν
2870 3131 3039 3191 οὖσαν
3073 3137 3377 3209 ἀνέσπερον
3417 3137 3513 3190 καὶ
3549 3136 3769 3190 ἀτελεύ-

503 3225 657 3281 velut
684 3225 831 3282 diem
871 3242 1106 3284 occasus
1132 3230 1377 3286 nesciam
1400 3247 1468 3287 ac
1490 3232 1881 3307 immortalem,
1914 3234 2085 3290 habe-

2191 3244 2373 3299 τητον.
2406 3229 2545 3300 Φησὶ
2568 3229 2713 3299 γάρ·
2754 3229 2917 3297 Αὕτη
2968 3229 3006 3296 ἡ
3048 3228 3241 3299 ἡμέρα
3275 3228 3357 3298 ἢν
3403 3230 3704 3297 ἐποίησεν
3741 3231 3771 3282 ὀ

505 3333 649 3374 mus.
685 3318 777 3375 Ait
802 3318 952 3375 enim
1001 3337 1016 3375 :
1062 3321 1189 3377 Haec
1214 3331 1290 3377 est
1314 3322 1425 3378 dies
1449 3341 1610 3397 quam
1633 3325 1752 3397 fecit
1774 3324 1951 3392 Deus;
1998 3343 2085 3381 ca;-

2196 3319 2344 3386 Θεός
2366 3335 2379 3350 ·
2422 3319 2929 3390 ἀγαῖλιασώμεθα
2967 3320 3066 3374 καί
3107 3318 3535 3390 εὐφρανθῶμεν
3568 3320 3645 3374 ἐν
3669 3321 3770 3373 αὐ-

501 3407 759 3464 sultemus
785 3449 801 3475 ,
856 3416 907 3464 et
948 3410 1189 3465 lwtemur
1212 3412 1267 3466 in
1290 3413 1441 3480 ea";
1480 3429 1680 3485 nempe
1709 3414 1858 3469 diem
1880 3430 2086 3472 vocans

502 3499 876 3569 evangelicam
894 3503 1149 3572 gratiam,
1169 3504 1225 3558 in
1249 3520 1358 3574 qua
1375 3504 1517 3571 vult,
1548 3515 1609 3562 ut
1623 3507 1780 3577 juxta
1803 3507 1951 3577 quod
1970 3523 2090 3563 mo-

2193 3410 2269 3480 τῇ
2291 3428 2305 3442 ·
2360 3411 2576 3483 ἡμέραν
2618 3412 2814 3481 λέγων,
2854 3412 2952 3484 τὴν
3010 3412 3374 3483 εὐαγγελικὴν
3422 3413 3610 3484 χάριν,
3645 3413 3678 3483 ἦ
3716 3411 3772 3463 τὸ

2197 3503 2499 3574 μυστήριον
2521 3501 2688 3556 αὐτοῦ
2721 3503 2816 3556 τοῦ
2841 3502 3044 3576 ταύτην
3069 3504 3445 3574 ποιησαμένου
3470 3503 3571 3573 τὴν
3595 3503 3767 3573 χάριν.

506 3597 601 3645 net
617 3588 917 3661 Apostolus
949 3610 963 3645 :
994 3591 1144 3649 Sicut
1159 3597 1213 3649 in
1233 3595 1317 3650 die
1336 3595 1605 3667 (scientiae
1619 3611 1685 3652 ac
1706 3598 1977 3670 veritatis)
2009 3600 2085 3654 ho-

2193 3598 2253 3650 έν
2296 3589 2340 3664 ᾧ
2374 3595 2622 3667 βούλεται
2660 3597 2869 3660 πάντας
2908 3598 3080 3667 ἡμᾶς,
3122 3596 3264 3651 κατά
3289 3596 3383 3650 τὸν
3428 3596 3573 3649 θεῖον
3618 3594 3771 3648 Ἀπό-

506 3690 653 3737 ueste
675 3682 1009 3741 ambulemus
1025 3685 1095 3740 ".
1133 3685 1230 3741 Est
1253 3687 1402 3741 enim
1426 3686 1686 3744 Christus
1712 3688 1855 3743 lucis
1877 3688 2084 3758 sempi-

510 3791 683 3832 terna:
696 3776 839 3844 dies,
859 3777 915 3833 in
929 3794 1040 3849 quo
1050 3793 1232 3849 operte
1246 3779 1510 3849 pretium,
1527 3788 1591 3836 ut
1606 3780 1726 3851 ejus
1741 3793 1934 3834 omnes
1955 3779 2087 3834 iide-

507 3869 585 3926 les
606 3870 873 3927 virtutum
893 3873 1185 3930 honestate
1204 3881 1261 3928 et
1281 3874 1433 3929 cultu
1459 3872 1566 3929 rite
1580 3874 1751 3930 vitam
1769 3873 2087 3929 instituant.

508 3962 609 4020 Hic
656 3980 894 4050 namque
941 3967 1092 4023 solus
1140 3983 1171 4022 a
1207 3966 1320 4022 Deo
1367 3965 1586 4035 (carnis
1605 3964 1816 4021 scilicet
1842 3962 2090 4033 ratione)

2193 3688 2398 3755 στολον,
2430 3689 2507 3752 ὡς
2552 3690 2612 3742 ὲν
2638 3688 2821 3760 ἡμέρᾳ
2851 3689 3107 3754 γνώσεως
3141 3691 3237 3743 xa't
3270 3688 3528 3759 ἀληθείας
3579 3688 3773 3757 εὐσχηο

2200 3781 2377 3851 μόνως
2405 3782 2749 3850 περιπατεῖν.
2802 3780 3016 3851 Ἡμέρα
3062 3781 3173 3854 γὰρ
3216 3781 3387 3835 ἀϊδίου
3417 3781 3595 3850 φωτός
3628 3781 3772 3831 ἐστιν

2196 3872 2225 3923 ὁ
2253 3869 2510 3943 Χριστὸς,
2544 3872 2601 3923 ὲν
2635 3865 2678 3939 ᾧ
2709 3870 2790 3924 δεῖ
2830 3872 3037 3935 πάντας
3070 3873 3198 3936 τοὺς
3230 3871 3378 3942 αὐτῷ
3416 3868 3768 3923 πεπιστευκό-

2199 3980 2321 4027 τας,
2348 3962 2438 4016 διά
2465 3963 2566 4033 τῆς
2593 3962 2702 4019 τῶν
2732 3963 2943 4034 ἀρετῶν
2967 3962 3379 4034 εὐσχημοσύνης
3404 3959 3577 4025 καλῶς
3594 3958 3765 4012 ιπολιο

578 4214 675 4269 σοι
708 4214 842 4285 Reg.
877 4230 968 4281 xv,
1001 4214 1091 4271 33.
1167 4215 1212 4246 ἰ
1245 4215 1387 4271 Psal.
1420 4229 1583 4279 eam,
1607 4215 1697 4271 24.
1775 4186 1825 4248 ’λ
1855 4215 2016 4271 Rom.
2041 4229 2159 4280 xm,
2193 4214 2281 4270 15.

512 4447 633 4500 quae
655 4430 882 4502 eclipsis
908 4431 1114 4489 Graecis
1160 4431 1454 4488 familiaris
1477 4439 1566 4489 est
1597 4451 1612 4487 :
1652 4432 1751 4488 sed
1794 4430 2091 4489 diﬁicultas

510 4512 598 4557 est
626 4501 954 4574 explicanda
991 4518 1130 4559 voce
1157 4503 1443 4574 σπαίρων,
1463 4510 1522 4558 et
1550 4503 1936 4572 componendo
1982 4503 2093 4559 Ma-

513 4573 646 4627 ximi
668 4573 936 4643 etymum,
965 4588 1093 4629 cum
1126 4589 1193 4629 eo
1228 4574 1377 4643 quod

2199 4430 2885 4506 signiﬁcareinconditum
2908 4430 3210 4506 quemdam
3258 4431 3609 4506 ηιοιιι-ιιιτλώς
3646 4433 3771 4502 δρῶ-

2202 4501 2301 4575 μέν
2326 4505 2391 4575 γὲν
2422 4502 2618 4573 ἰχθύσι,
2646 4501 2859 4570 qualem
2892 4501 3000 4573 fere
3034 4502 3267 4575 videmus
3294 4503 3352 4557 in
3363 4502 3598 4575 piscibus
3619 4542 3635 4567 ,
3662 4501 3765 4557 tum

1433 4573 1550 4643 ipse
1573 4588 1733 4655 sacer
1765 4581 1948 4655 textus
1996 4574 2095 4628 ba-
2130 4600 2172 4655 ι)
2201 4573 2468 4655 nimirum
2502 4587 2628 4628 cum
2647 4588 2726 4655 ex.
2765 4587 2907 4643 aqua
2951 4573 3340 4655 extrahuntur,
3392 4580 3452 4653 et
3502 4573 3561 4625 in
3621 4588 3767 4655 suum

512 4643 628 4707 bet,
659 4633 833 4699 Exod.
889 4633 949 4710 ιί,
1012 4644 1099 4710 10,
1151 4633 1260 4699 υῢῖ
1297 4633 1523 4704 dicitur,
1566 4642 1636 4697 Et
1674 4645 1880 4699 vocavit
1906 4658 2096 4698 nomen
2130 4633 2172 4655 ν
2199 4646 2541 4701 elementum
2577 4640 2793 4698 resilire
2816 4633 3183 4698 contendunt.
3215 4633 3454 4712 Alioqui
3480 4658 3595 4712 non
3630 4642 3768 4696 vide-

513 4718 628 4783 cjus
663 4713 1151 4797 ilose,_t'ttgr:;net
1204 4713 1360 4797 dixit,
1414 4715 1540 4797 quia
1597 4712 1856 4797 denaqua
1889 4715 2102 4797 {attraxi

517 4792 812 4847 mmmam
847 4793 971 4844 an.
1013 4784 1098 4840 Ab
1157 4794 1366 4840 eventu
1421 4783 1605 4854 itaque
1653 4783 1839 4838 dictus
1894 4784 2097 4850 Moses,

514 4854 674 4921 quasi
701 4869 768 4908 ex
796 4870 939 4924 aqua
972 4864 1354 4918 extractus,et
1393 4864 1456 4910 ut
1500 4854 1644 4925 grati
1672 4854 1846 4908 animi
1889 4870 2094 4909 monu-

515 4933 728 4993 mento,
768 4926 937 4980 etiam
991 4927 1219 4982 nomine
1257 4925 1594 4981 beneﬁcium
1648 4925 1913 4979 continue
1963 4939 2097 4993 pro-

517 4992 698 5049 deret.
731 4995 920 5050 Voluit
946 4996 1089 5052 forte
1132 4995 1420 5061 Maximus,
1479 4995 1597 5051 sive
1652 4993 1749 5065 qui
1796 4994 1874 5049 illi
1931 4992 2099 5065 hujus

513 5065 683 5135 etymi
718 5072 913 5120 auctor
939 5067 1063 5130 fuit,
1097 5071 1168 5122 ad
1200 5065 1548 5122 Homericam
1598 5063 1792 5121 vocem
1822 5063 2096 5135 alludere,

517 5134 625 5220 qua
653 5150 787 5220 usus
820 5143 905 5219 est
935 5138 992 5192 in
1022 5137 1186 5220 bove,
1227 5137 1321 5220 qui
1365 5136 1667 5220 renitentia
1691 5134 1953 5220 ‘quadam
1978 5141 2099 5220 trai-

520 5209 706 5277 tiatur,
729 5213 792 5277 ut
821 5206 903 5277 sic
932 5208 1092 5277 quasi
1132 5204 1520 5263 obnitentibus
1575 5204 1836 5262 ﬂuctibus
1886 5212 1949 5277 et
1976 5204 2100 5273 ipso

523 5273 577 5356 in
605 5274 810 5356 fiscella
834 5273 1338 5356 illis—obsequente,
1363 5287 1421 5333 et
1447 5277 1601 5356 dum_
1619 5276 1837 5356 illorum
1884 5274 2095 5356 impetu

522 5345 790 5410 trahitur,
844 5344 1190 5417 signiﬁcetur
1223 5349 1403 5405 Moses
1445 5347 1605 5417 quasi
1639 5347 1851 5417 majore
1886 5344 1940 5400 vi
1967 5344 2100 5417 inde

526 5423 821 5489 extractus.
840 5414 936 5489 ΔῙιὶι
963 5419 1136 5475 refert
1164 5419 1354 5489 ,Varin.
1388 5414 1529 5489 Ὅρα
1559 5417 1617 5471 δὲ
1642 5414 1815 5489 ὅτιτὸ
1843 5415 2099 5489 σπαίρειν

523 5481 618 5537 ὲπίι
653 5485 773 5559 βοὸς
812 5481 937 5559 εἷπε
980 5488 1273 5559 σπωμένου
1304 5481 1574 5559 Ὅμηρος,
1602 5487 1698 5541 καὶ
1735 5487 1851 5559 οὑξ
1885 5481 2098 5559 ὲθ-έλοντ⁵

520 5569 613 5615 τος
662 5557 1064 5627 ἒπεσθαιντοτς
1111 5555 1327 5627 ἄγουσι.
1381 5555 1572 5612 Ἶλίάδ.
1636 5574 1693 5624 γ.
1746 5556 1873 5613 293.
1925 5555 2095 5620 Quasi

519 5625 845 5694 metaphora
874 5626 946 5683 ab
972 5627 1081 5683 illis
1102 5625 1225 5697 qua)
1256 5627 1824 5698 palpitant,motuque
1849 5641 1913 5680 ac
1940 5634 2096 5695 gestu

521 5702 717 5753 Santra
759 5705 997 5753 mortem
1048 5696 1202 5753 velut
1259 5696 1664 5754 obluctantem.
1730 5696 1822 5751 Ait
1872 5711 2092 5765 quoque

2205 4725 2296 4769 tur
2323 4715 2563 4784 ἄμουσος
2585 4713 2835 4784 piscium
2856 4712 2914 4766 in
2946 4713 3104 4783 aquis
3133 4721 3339 4784 motus,
3362 4711 3461 4766 sed
3497 4711 3620 4781 ipse
3650 4712 3765 4784 satis

2203 4782 2565 4854 compositus,
2588 4782 2690 4854 iet
2744 4782 2839 4854 qu_i
2871 4798 2936 4838 ea
2979 4782 3384 4854 Compositione
3433 4783 3761 4854 terrestrium

2205 4850 2530 4910 animalium
2554 4852 2696 4907 nihil
2720 4850 2883 4908 cedat
2905 4850 3228 4917 motui,'sed
3264 4850 3385 4906 fere
3410 4852 3621 4915 vincat,
3661 4851 3757 4905 sive

2210 4924 2526 4987 subsiliunt,
2565 4923 2684 4978 sive
2720 4923 2879 4991 aquis
2905 4921 3098 4984 ﬂdant,
3126 4923 3242 4977 sive
3268 4922 3439 4977 etiam
3469 4921 3633 4992 longo
3660 4932 3753 4992 tra-

2204 4995 2362 5058 mite,
2413 4995 2509 5064 vel
2554 4988 2853 5064 gregatim,
2903 4994 2989 5047 vel
3025 4992 3359 5064 ‘singularcs
3426 4988 3751 5064 mariausul-

2204 5071 2332 5121 cent
2350 5057 2416 5119 et
2447 5057 2804 5135 adnavigent,
2838 5057 2901 5118 ut
2954 5061 3041 5119 sui
3063 5057 3277 5135 copiam
3300 5062 3523 5119 cunctis
3544 5057 3745 5117 subinde

2204 5142 2485 5209 praestent.

2277 5204 2346 5277 (ε)
2384 5204 2535 5260 Θεοῦ
2562 5201 3240 5277 ,ποίησιςανοιυίῐῌῐοι-ιε
3290 5202 3622 5277 ψιίᾼειιοιοι·
3651 5197 3745 5277 Ποῖ

2201 5264 2384 5331 ximus
2407 5276 2573 5347 etymi
2603 5264 2706 5332 fuit
2728 5264 2973 5347 scribere
2998 5275 3215 5347 κτῆσις,
3255 5264 3410 5344 quasi
3446 5288 3477 5327 a
3498 5280 3579 5337 Πν,
3610 5264 3745 5347 ,φιοά

2203 5361 2379 5401 unum
2435 5338 2522 5401 est
2556 5346 2985 5418 exinominibus
3047 5338 3165 5418 psi,
3201 5338 3415 5418 εἶπεν,
3478 5338 3749 5418 quod_est

2203 5432 2383 5488 pecus,
2415 5417 2657 5492 et_quasi
2678 5416 3002 5492 possessio.
3028 5414 3184 5492 _Nam
3224 5414 3522 5492 et_Graecis
3571 5414 3753 5492 urive»;

2202 5483 2287 5557 est
2319 5500 2350 5539 a
2395 5483 2636 5557 κτῶμαι.
2677 5483 2775 5543 Vel
2809 5487 2975 5553 forte,
3028 5485 3434 5557 beemanticum
3472 5483 3759 5557 exsistatet

2202 5548 2559 5633 ἴοι-πῖθιίῃῴ
2580 5558 2822 5633 nominis
2857 5548 3090 5628 proprii,
3119 5555 3280 5633 quasi
3314 5570 3345 5609 a
3387 5563 3500 5633 πελ.
3524 5548 3761 5633 quodest

2202 5641 2413 5698 munus.
2445 5626 2545 5698 Vp]
2574 5626 2815 5698 denique
2849 5624 2879 5683 5
2907 5624 3056 5693 wit”.
3090 5624 3247 5697 quasi
3281 5640 3444 5680 senex.
3464 5624 3769 5692 decrepitus,

2203 5704 2298 5757 nm
2333 5696 2444 5751 Isai
2463 5696 2645 5754 dictus
2676 5696 2766 5756 sit.
