4134 6192
334 165 434 227 τίῖθ

1386 156 1879 234 ΟΠᾸΞΞΤΙΟΝΕΞ
1918 157 2018 216 ΑΒ
2058 159 2566 226 THALASSIUM.

3490 177 3604 240 τῖε

330 282 600 339 τεύεσθαι.
634 274 803 345 Οὗτος
827 280 937 351 γάρ
967 281 1114 334 ἐστιν
1139 281 1166 333 6
1199 278 1577 348 πεποιημένος
1613 279 1743 331 ἄνευ
1777 288 1897 323 σπο-

2010 270 2220 342 absque
2251 277 2362 331 ullo
2385 280 2596 335 semine
2621 281 2799 337 factus
2827 297 2890 338 ac
2919 285 3179 342 conditus
3202 294 3288 343 est
3307 327 3320 352 ,
3378 288 3558 343 innov.
3580 318 3610 332 -

329 378 431 448 ρᾶς
465 375 571 428 ὑπὸ
595 373 731 427 Θεοῦ
771 373 930 445 μόνος
957 373 1016 426 τὸ
1071 370 1214 425 κατά
1242 371 1444 442 σάρκα,
1493 371 1588 424 καὶ
1622 369 1731 421 τῶν
1766 368 1908 421 κατὰ

327 469 488 538 φύσιν
518 466 737 538 θεσμῶν
785 466 1194 535 καινοτομήσας
1229 465 1354 527 τοὺς
1390 463 1609 534 νόμους,
1642 462 1739 514 καὶ
1768 459 1910 514 κατά

326 561 621 633 πρόσωπον
658 560 875 614 πάντων
903 559 1013 612 τῶν
1048 557 1193 611 λαῶν
1220 556 1647 628 ἡτοιμασμένος,
1672 556 1766 607 καὶ
1794 552 1909 623 φῶς

325 656 406 716 εἰς
436 651 785 722 ἀποκάλυψιν
821 651 992 705 ἐθνῶν
1029 651 1124 704 καὶ
1157 651 1316 716 δόξαν
1346 650 1478 702 λαοῦ
1520 648 1761 718 Ἰσραήλ.
1789 647 1908 709 Φῶς

326 744 436 814 γάρ
479 741 629 796 ἐστιν
657 741 878 812 ἀληθῶς
909 740 1081 793 ἐθνῶν
1110 741 1137 793 6
1176 738 1382 809 Κύριος
1410 737 1572 807 ἡμῶν
1602 734 1735 805 (60),
1778 734 1910 786 ἀπο-

326 836 618 890 καλύπτων
649 834 855 897 αὐτοῖς,
882 832 971 886 διὰ
996 832 1097 901 τῆς
1122 830 1356 901 ἀληθοῦς
1383 827 1753 896 ἐπιγνώσεως,
1778 824 1906 887 τοὺς

325 926 402 997 τῷ
441 925 589 994 ζόφῳ
618 925 718 996 τῆς
747 924 971 992 ἀγνοίας
1010 921 1425 992 ὲπιμεμυκότας
1462 918 1775 988 ὀφθαλμοὺς
1807 915 1906 986 τῆς

327 1022 598 1084 διανοίαςσ
632 1021 725 1074 καὶ
777 1019 930 1082 θείας
978 1018 1200 1086 ἀγωγῆς
1232 1015 1396 1068 πάλιν
1444 1013 1634 1067 ἑαυτὸν
1685 1011 1908 1080 ὲτοι-μάηο

327 1133 428 1178 σας
461 1115 571 1186 (6|)
602 1117 715 1176 τοῖς
742 1113 953 1174 πιστοῖς
983 1111 1134 1171 λαοῖς
1163 1107 1368 1176 ἀγαθὸν
1399 1109 1597 1176 ἀρετῆς
1629 1104 1907 1174 ἐξεμπλά-

330 1227 443 1279 ριον
466 1226 477 1238 ·
511 1207 804 1279 προσώπου
834 1205 927 1259 τοῦ
959 1203 1078 1256 κατ’
1108 1202 1309 1275 ἀρετὴν
1339 1199 1700 1271 ύπογραμμδς
1725 1199 1908 1261 αὐτοῖς

325 1303 617 1372 γειόμενος
643 1300 740 1353 καὶ
769 1298 1124 1359 ῦποτύπωσις
1149 1317 1162 1328 ·
1193 1297 1331 1366 πρὸς
1364 1293 1423 1346 ὃν
1463 1291 1796 1363 ἀφορῶντες,
1832 1291 1906 1354 ὡς

325 1395 568 1465 ἀρχηγὸν
589 1393 690 1463 τῆς
719 1391 1019 1462 ’σωτηρίας
1050 1389 1229 1462 ἡμῶν,
1275 1387 1374 1450 τὰς
1398 1387 1598 1456 ἀρετὰς
1646 1385 1784 1438 κατά
1821 1385 1907 1455 μί-

326 1503 515 1557 μησιν,
545 1485 619 1548 ὡς
647 1487 777 1555 ἡμῖν
808 1485 922 1536 ἐστι
965 1482 1190 1535 δυνατὸν
1211 1521 1224 1545 ,
1261 1479 1638 1550 κατορθοῦμεν
1683 1479 1772 1532 διὰ
1808 1477 1906 1547 τῆς

323 1576 601 1647 πράξεως.
647 1576 808 1629 Ἀλλὰ
837 1575 934 1628 καὶ
969 1573 1096 1638 δόξα
1125 1572 1253 1628 λαοῦ
1300 1572 1522 1644 Ἰσραὴλ
1556 1573 1718 1634 αὑτός
1757 1574 1903 1624 ἐστιν

321 1673 350 1723 6
379 1669 512 1732 Θεὸς
541 1669 638 1722 καὶ
690 1669 863 1737 Λόγος
901 1667 1038 1739 (62),
1090 1668 1166 1732 ὡς
1212 1667 1290 1738 τῷ
1322 1667 1452 1738 θείῳ
1502 1667 1602 1736 τῆς
1650 1665 1904 1734 γνώσεως

323 1760 465 1829 φωτὶ
495 1760 584 1814 διὰ
615 1760 714 1830 τῆς
753 1759 1024 1830 μυστικῆς
1055 1757 1291 1829 θεωρίας
1333 1755 1784 1828 καταφαιδρύνων
1811 1757 1904 1808 τὸν

320 1851 469 1905 νοῦν.
506 1851 578 1903 ’Ἠ
609 1850 768 1920 τυχὸν
797 1848 959 1912 λαούς
994 1865 1159 1920 φησιν
1183 1851 1210 1902 6
1239 1847 1397 1916 λόγος
1432 1848 1566 1918 (65),
1598 1847 1725 1910 τοὺς
1764 1848 1904 1900 κατά

323 1946 488 2016 φύσιν
515 1945 740 2013 λόγους·
777 1943 1069 2015 πρόσωπον
1107 1942 1165 1995 δὲ
1201 1941 1429 2003 τούτων,
1471 1941 1570 2011 τὴν
1603 1941 1903 1994 ἄπταιστον

321 2040 502 2103 δόξαν,
539 2033 606 2110 ἧς
661 2037 984 2109 ἑτοιμασία,
1040 2036 1156 2105 φῶς
1202 2035 1342 2106 πρὸς
1384 2035 1683 2103 ἐπίγνωσιν
1742 2034 1902 2096 αὐτὸς

322 2129 664 2200 καθέστηκεν
694 2132 720 2182 6
749 2129 941 2196 Λόγος,
975 2127 1050 2191 ὠς
1092 2127 1317 2196 κτίστης
1353 2128 1450 2195 τῆς
1480 2125 1694 2194 φύσεως
1718 2141 1731 2155 °
1775 2124 1900 2194 ἔθνη

321 2221 399 2286 δὲ,
450 2220 519 2273 τά
578 2219 732 2292 παρὰ
786 2218 949 2288 φύσιν
1000 2217 1146 2288 πάθη
1183 2215 1317 2286 (64),
1355 2216 1498 2287 ἅπερ
1526 2215 1900 2269 ἀποκαλύπτει

320 2314 677 2375 λανθάνοντα,
700 2311 814 2381 φῶς
839 2309 1179 2382 δωρούμενος
1208 2308 1483 2377 γνώσεως,
1507 2309 1600 2362 καὶ
1624 2307 1900 2372 παντελῶς

321 2407 604 2472 ἐξωθεῖται
638 2405 737 2474 τῆς
771 2405 1007 2472 φύσεως.
1043 2402 1182 2470 Δόξα
1214 2402 1270 2455 δὲ
1300 2402 1505 2470 γίνεται
1545 2401 1639 2454 τοῦ
1684 2400 1900 2471 Ἰσραὴλ

319 2502 348 2554 ὁ
379 2499 551 2567 Λόγος
579 2497 712 2568 (65),
732 2497 807 2560 ὡς
832 2495 942 2548 τῶν
985 2497 1136 2566 παρὰ
1170 2495 1332 2563 φύσιν
1366 2493 1555 2546 παθῶν
1595 2492 1899 2546 ἀποκαθαί-

322 2611 434 2664 ρων
480 2591 573 2644 τὸν
605 2591 747 2653 νοῦν,
785 2589 1014 2651 καὶτοῖς
1064 2587 1204 2640 κατὰ
1243 2586 1403 2657 φύσιν
1441 2587 1622 2655 λόγοις
1660 2602 1900 2640 κατακο-

322 2685 479 2756 σμῶν
498 2701 514 2715 ·
547 2684 686 2754 πρὸς
713 2683 789 2744 δὲ,
814 2680 910 2734 καὶ
935 2678 1011 2750 τῷ
1040 2679 1332 2749 διαδήματι
1355 2679 1456 2748 τῆς
1479 2678 1620 2731 κατά
1644 2679 1743 2748 τὴν
1765 2677 1898 2731 θέω-

324 2797 408 2832 σιν
440 2777 702 2848 άτρεψίας
744 2774 1106 2842 ὲπισφίγγων.
1142 2773 1278 2836 Δόξα
1307 2773 1416 2844 γὰρ
1455 2771 1676 2844 ἀληθῶς
1718 2772 1897 2840 ὑπάρ-

317 2891 406 2945 χει
453 2870 549 2924 τοῦ
614 2868 999 2940 Ἰσραὴλ,ἥτε
1029 2866 1139 2918 τῶν
1185 2866 1340 2937 παρά
1393 2866 1556 2935 φύσιν
1606 2865 1897 2936 ἀπαλλαγὴ

2013 367 2199 438 vitque
2233 373 2504 427 naturalis
2540 390 2605 428 ac
2629 378 2881 432 consueti
2915 387 3106 450 partus
3151 379 3332 450 leges;
3388 391 3612 451 paratus

2010 462 2220 518 scilicet
2248 473 2375 518 ante
2403 465 2596 521 faciem
2629 469 2877 524 omnium
2903 473 3237 542 populorum
3257 513 3271 537 ,
3309 473 3609 544 lumenque

2013 553 2083 606 ad
2106 555 2501 610 revelationem
2528 559 2796 628 gentium,
2845 571 2902 616 et
2929 562 3159 632 gloriam
3191 563 3370 632 plebis
3389 565 3608 621 Israel-i-

2010 645 2211 700 ticm”.
2254 647 2459 702 Verum
2487 651 2692 705 etenim
2736 654 2980 722 gentium
3012 655 3199 708 lumen
3222 663 3307 710 est
3339 657 3610 712 Dominus

2008 749 2200 792 noster
2214 779 2228 804 ,
2252 741 2346 809 qui
2371 740 2694 812 ignorantiae
2714 745 2948 815 caligine
2963 747 3179 802 clausos
3195 748 3397 803 mentis
3417 751 3608 804 oculos

2006 845 2139 883 vere
2173 830 2225 883 in
2251 832 2333 887 eis
2359 834 2660 904 agnitionis
2685 836 2807 891 luce
2841 837 3090 909 detergat
3121 855 3184 893 ac
3208 841 3452 909 aperiat;
3484 857 3607 895 rur-

2007 937 2214 992 susque
2243 925 2410 980 etiam
2439 927 2640 984 divina:
2665 929 2973 1000 disciplina:
3008 932 3123 1000 ipse
3149 947 3208 986 se
3232 932 3490 987 fidelibus
3511 950 3609 1003 po-

2009 1016 2155 1084 pulis
2177 1016 2411 1084 probum
2435 1059 2448 1083 ,
2503 1019 2726 1075 virtutis
2748 1022 3098 1075 mmulatione
3114 1063 3127 1085 ,
3183 1023 3397 1090 paravit
3417 1039 3606 1076 exem-

2009 1108 2157 1176 plum
2191 1126 2202 1161 :
2226 1108 2386 1164 faciei
2409 1110 2622 1166 scilicet
2642 1112 2866 1168 virtutis
2890 1114 3012 1168 luce
3037 1114 3304 1167 radiantis
3327 1115 3630 1184 exemplar.

2006 1202 2309 1266 exsistens,
2349 1203 2403 1256 in
2430 1219 2594 1273 quem
2623 1214 2973 1270 contuentes,
3006 1206 3158 1262 velut
3183 1215 3384 1261 nostra:
3409 1216 3604 1262 aucto-

2009 1307 2122 1346 rem
2151 1293 2344 1348 salutis
2372 1309 2434 1348 ac
2465 1295 2660 1349 ducem
2687 1338 2701 1360 ,
2760 1297 2997 1351 actionis
3023 1298 3197 1363 cultu,
3233 1298 3414 1368 quoad
3444 1298 3606 1354 nobis

2009 1399 2331 1439 concessum
2357 1395 2461 1450 est,
2497 1389 2616 1456 ejus
2641 1388 2952 1444 imitatione
2990 1389 3168 1444 seduli
3193 1390 3430 1445 virtutes
3459 1407 3602 1460 prae—

2009 1487 2237 1532 stamus.
2277 1477 2382 1532 Sed
2412 1486 2466 1532 et
2493 1479 2666 1548 gloria
2693 1481 2882 1550 populi
2909 1481 3194 1535 Israclitici
3225 1481 3342 1552 ipse
3371 1483 3515 1538 Deus
3539 1499 3604 1537 ac

2011 1568 2204 1624 Sermo
2237 1578 2352 1634 est,
2418 1571 2571 1625 velut
2598 1572 2810 1626 scilicet
2843 1573 2937 1642 qui
2967 1573 3157 1629 divina
3183 1574 3429 1629 scientiae
3454 1576 3600 1639 lucc.

2008 1677 2106 1730 per
2149 1662 2436 1733 mysticam
2477 1665 3024 1734 contemplationem,
3061 1675 3304 1721 mentem
3341 1641 3599 1723 illustret.

2005 1752 2114 1806 Aut
2144 1752 2284 1807 forte
2329 1755 2563 1824 populos
2595 1764 2758 1809 vocat
2792 1755 3080 1826 Scriptura
3117 1759 3400 1814 naturales
3430 1760 3602 1814 ratio-

2004 1861 2104 1899 nes
2141 1863 2154 1899 :
2191 1845 2388 1898 harum
2415 1854 2598 1900 autem
2629 1846 2848 1912 faciem,
2880 1849 3208 1904 inoffensam
3231 1851 3491 1922 omnique
3514 1867 3604 1906 ero

2005 1953 2132 1992 rore
2150 1947 2433 1992 vacantem
2462 1939 2802 2006 claritatem;
2836 1943 2996 2011 cujus
3021 1945 3354 2012 prteparatio
3387 1946 3597 2016 (lumen

2005 2029 2220 2084 scilicet
2267 2029 2603 2100 agnitionis)
2665 2031 2811 2100 ipse,
2870 2035 3024 2088 velut
3068 2045 3280 2092 naturte
3320 2036 3596 2104 conditor,

2005 2119 2198 2174 Sermo
2226 2120 2464 2175 exsistit.
2524 2120 2726 2176 Gentes
2748 2130 2957 2189 autem,
2995 2139 3024 2177 a
3053 2135 3268 2181 natura:
3289 2127 3599 2182 rationibus

2003 2211 2370 2267 abhorrentes
2396 2212 2649 2272 ali‘eetus.
2686 2228 2825 2282 quos
2854 2215 3092 2270 latentes
3123 2217 3351 2289 detegit,
3384 2219 3598 2274 donans

2003 2305 2250 2360 scientiae
2276 2307 2420 2369 luce,
2446 2321 2509 2360 ac
2532 2322 2598 2360 ex
2623 2315 2819 2361 natura
2842 2324 3070 2377 prorsus
3093 2311 3367 2381 proﬂigat.
3395 2313 3482 2366 Fit
3501 2328 3598 2367 au-

2005 2405 2116 2451 tem
2150 2395 2344 2451 Sermo
2379 2397 2601 2452 lsraelis
2631 2399 2804 2468 gloria
2836 2409 3000 2468 atque
3030 2402 3269 2466 claritas,
3307 2405 3453 2473 quod
3485 2407 3596 2460 sci-

2001 2487 2132 2542 licet
2169 2489 2239 2542 ab
2281 2489 2686 2544 innaturalibus
2715 2491 2961 2545 animum
2988 2492 3283 2549 aﬂ'ectibus
3307 2497 3592 2560 cmundet,

2003 2606 2179 2659 exque
2219 2599 2418 2645 natura
2458 2591 2789 2660 comparatis
2820 2592 3131 2648 rationibus
3187 2608 3472 2666 perornet.
3514 2599 3594 2654 Ad

2002 2682 2121 2736 haec
2139 2698 2271 2736 vero
2294 2683 2458 2737 etiam
2483 2725 2497 2747 ,
2560 2683 2707 2751 quod
2738 2683 3040 2739 immobilis
3077 2698 3346 2756 arrogatre
3371 2689 3595 2745 deitatis

2002 2773 2312 2828 diademate
2343 2774 2631 2844 astringat.
2666 2773 2805 2829 Vere
2828 2777 3033 2830 etenim
3059 2777 3278 2833 lsraelis
3296 2779 3468 2848 gloria
3484 2789 3590 2844 est,

2003 2873 2118 2919 tum
2143 2867 2210 2920 ab
2235 2866 2640 2921 innaturalibus
2661 2866 2953 2922 affectibus
2971 2870 3208 2935 absolvi,
3236 2879 3348 2925 tum
3367 2882 3592 2926 natura-

320 2962 531 3022 παθῶν,
565 2959 796 3013 καὶτῶν
829 2957 970 3011 κατά
1004 2957 1165 3027 φύσιν
1199 2958 1372 3026 λόγων
1407 2956 1766 3026 κατόρθωσις,
1803 2957 1894 3008 καὶ

2001 2956 2078 3011 les
2105 2959 2383 3026 complere
2409 2958 2676 3025 rationes,
2708 2968 2820 3013 tum
2845 2961 3085 3029 denique
3107 2961 3274 3028 bona,
3298 2978 3418 3031 quae
3435 2971 3593 3016 natu-

317 3054 427 3106 τῶν
469 3053 610 3122 ὑπὲρ
659 3050 820 3119 φύσιν
867 3051 1157 3120 ἐπίκτησις
1207 3049 1444 3117 ἀγαθῶν.
1484 3049 1544 3101 ’0
1587 3049 1774 3100 τοῦτον
1805 3049 1895 3100 τὸν

317 3147 508 3215 νοητὸν
543 3143 708 3197 Δαϐὶδ
739 3143 1189 3214 προσδεχόμενος,
1247 3142 1348 3195 κᾶν
1375 3141 1638 3210 φθονῆται
1661 3141 1765 3193 ὑπὸ
1802 3142 1894 3193 τοῦ

316 3237 512 3299 Σαοὺλ,
546 3237 661 3290 ἀλλ’
691 3237 789 3306 οὐχ
817 3235 1098 3288 ἁλίσκεται
1119 3251 1132 3266 ⁸
1158 3234 1297 3288 ἀλλά
1327 3234 1422 3287 καὶ
1450 3234 1782 3300 τούναντίον,
1809 3235 1896 3288 διὰ

316 3330 519 3400 πολλὴν
574 3328 989 3398 φιλανθρωπίαν
1029 3327 1103 3391 ὡς
1143 3327 1393 3398 ἀπαθὴς,
1433 3327 1526 3380 καὶ
1570 3326 1895 3397 μισούμενος

316 3420 614 3494 θεραπεύει
665 3423 732 3492 τῇ
785 3419 984 3491 κιθάρᾳ
1018 3419 1112 3472 τοῦ
1169 3419 1512 3487 πνεύματος,
1560 3420 1649 3472 τὸν
1702 3419 1895 3490 ἐχθρὸν

317 3511 544 3582 πονηρῷ
590 3509 1063 3580 καταπνιγὸμενον
1109 3509 1408 3581 πνεύματι·
1461 3509 1555 3565 καὶ
1611 3513 1757 3563 ποιεῖ
1791 3510 1894 3563 σώ-

317 3621 515 3675 φρονα,
543 3602 686 3656 λύων
707 3602 892 3666 αὐτὸν,
923 3602 1174 3673 καθάπερ
1205 3602 1464 3673 δαίμονος
1500 3603 1759 3674 πονηροῦ,
1795 3604 1896 3674 τῆς

315 3695 497 3764 κακῆς
529 3695 624 3746 τοῦ
655 3695 838 3766 χοϊκοῦ
887 3696 1242 3766 φρονήματος
1289 3695 1602 3764 ἐπιληψίας.
1638 3697 1752 3758 Πᾶς
1786 3695 1895 3766 γὰρ

316 3786 425 3840 δια
448 3785 642 3856 φθόνον
678 3787 874 3857 μισῶν,
909 3788 1003 3840 καὶ
1043 3786 1231 3849 κακῶς
1263 3786 1597 3858 διαθρυλλῶν
1624 3789 1746 3849 ταῖς
1775 3785 1893 3838 δια-

312 3879 504 3943 ϐολαῖς
532 3878 622 3931 τὸν
648 3882 706 3932 ἐν
739 3882 849 3942 τοῖς
897 3879 1072 3947 ἀγῶσι
1104 3879 1211 3932 τῶν
1241 3879 1476 3950 ἀρετῶν,
1509 3879 1602 3932 καὶ
1632 3881 1698 3950 τῇ
1739 3896 1896 3948 περι·

313 3974 472 4044 ουσία
504 3971 600 4024 τοῦ
629 3972 786 4040 λόγου
818 3973 917 4042 τῆς
959 3972 1341 4043 πνευματικῆς
1370 3969 1625 4039 γνώσεως
1659 3971 1897 4024 δυνατώ-

311 4081 488 4136 τερον,
507 4063 683 4118 Σαούλ
703 4066 818 4118 ἐστι
852 4063 1077 4135 πονηρῷ
1100 4064 1573 4133 καταπνιγόμενος
1599 4063 1888 4134 πνεύματι,

314 4153 390 4225 μὴ
420 4153 601 4223 φέρων
631 4155 692 4207 τὸ
723 4154 882 4216 κλέος
903 4155 1001 4224 τῆς
1025 4155 1145 4208 κατ’
1182 4153 1383 4224 ἀρετὴν
1440 4153 1536 4206 καὶ
1565 4153 1767 4220 γνῶσιν
1800 4153 1892 4205 εύ-

307 4247 592 4316 δαιμονίας
616 4247 710 4302 τοῦ
745 4248 1056 4319 κρείττονος
1083 4265 1095 4277 ·
1125 4249 1220 4301 καὶ
1249 4248 1338 4301 διά
1370 4246 1528 4300 τοῦτο
1568 4247 1730 4300 πλέον
1764 4265 1888 4316 μαιο

305 4341 554 4410 νόμενος,
587 4342 668 4394 ὅτι
713 4341 789 4412 μὴ
815 4340 1044 4395 δύναται
1091 4340 1180 4394 τὸν
1217 4340 1514 4410 εὐεργέτην
1555 4341 1889 4412 διαχειρίσα-

307 4435 454 4489 σθαι.
497 4435 766 4498 Πολλάκις
810 4435 867 4488 δὲ
902 4435 994 4488 καὶ
1048 4434 1208 4486 αὐτὸν
1249 4433 1635 4504 ἀποπέμπεται
1678 4435 1889 4505 πικρῶς

306 4525 399 4578 τὸν
428 4525 684 4594 φίλτατον
713 4525 968 4578 Ἰωνάθαν
989 4541 1004 4557 ο
1036 4523 1127 4578 τὸν
1155 4524 1396 4594 ἔμφυτον
1429 4524 1576 4592 λέγω
1600 4525 1738 4578 κατά
1761 4523 1889 4579 συν-

303 4617 516 4686 είδησιν
553 4616 834 4686 λογισμὸν,
879 4617 971 4669 τὸν
1013 4616 1194 4669 ἄδικον
1245 4619 1402 4684 μῖσος
1442 4616 1752 4687 ἐλέγχοντα,
1791 4617 1885 4670 καὶ

301 4708 403 4762 τοῦ
448 4708 777 4778 μισουμένου
808 4707 1120 4780 φιλαλήθως
1165 4707 1550 4778 ἀφηγούμενον
1583 4710 1654 4762 τὰ
1691 4727 1894 4780 κατορ-

301 4798 560 4868 θώματα,
595 4800 739 4853 κατά
775 4800 868 4853 τὸν
898 4800 1068 4853 πάλαι
1097 4800 1192 4853 καὶ
1222 4799 1452 4869 μάταιον
1481 4801 1650 4864 ὅντως
1684 4800 1892 4854 Σαούλ⁹

302 4894 448 4964 πρὸς
492 4895 550 4948 ὅν
591 4913 724 4966 φησι
766 4895 1043 4966 Σαμουὴλ,
1075 4894 1151 4958 ὡς
1210 4895 1535 4966 παραόάτην
1573 4895 1682 4949 τῶν
1731 4895 1891 4948 θείων

297 4986 569 5040 ἐντολῶν·
609 4987 1022 5057 Μεματαίωταί
1054 5001 1174 5048 σοι,
1223 4986 1312 5040 ὅτι
1347 4987 1612 5055 παρέϐης
1645 4987 1760 5052 τὴν
1791 4989 1889 5041 ἑν-

299 5079 496 5145 τολήν
516 5097 660 5148 μου,
689 5078 768 5147 ἦν
794 5079 1140 5133 ἐνετείλατό
1171 5095 1269 5133 σοι
1298 5082 1331 5133 ό
1383 5079 1547 5144 Θεός.
1588 5080 1779 5145 Σαοὺλ,
1812 5080 1886 5144 ὡς

302 5172 578 5242 προέιρην,
605 5171 835 5242 ὲστὶν,ἥ
881 5173 909 5225 ό
951 5171 1198 5244 γραπτὸς
1243 5172 1482 5242 νόμος,ἢ
1523 5174 1550 5225 ὁ
1597 5171 1741 5225 κατὰ
1795 5173 1886 5226 τὸν

300 5266 554 5336 γραπτὸν
600 5265 764 5335 νόμον
818 5265 1236 5336 πολιτευόμενος
1279 5264 1406 5328 λαὸς
1443 5265 1552 5318 τῶν
1595 5265 1881 5320 Ἰουδαίων.

312 5357 667 5429 ’Λμφοτέρων
711 5357 820 5430 γὰρ
844 5356 988 5411 οῦτω
1018 5357 1215 5428 χοῖκῶς
1249 5356 1500 5428 ἀλλήλοις
1539 5358 1884 5429 συμπεπλεγ-

372 5553 419 5587 ⁹³
446 5552 580 5608 Luc.
605 5569 665 5622 ιι,
701 5554 791 5612 51.

866 5557 912 5590 ⁸⁵
937 5556 960 5612 Ι
985 5557 1120 5628 Reg.
1149 5573 1259 5625 xvi,
1297 5557 1398 5624 l8;
1441 5575 1592 5625 XVIII,
1626 5559 1677 5615 9.

302 5639 397 5689 xv,
444 5624 526 5679 l9.

1785 5560 1875 5615 "l
1906 5560 2040 5632 Reg.
2069 5577 2159 5626 xx,
2201 5559 2269 5615 30
2331 5575 2486 5629 seqq.

1999 3065 2117 3102 ram
2168 3059 2472 3120 superant,
2519 3051 2772 3121 adipisci.
2841 3051 2944 3119 Qui
2977 3053 3282 3122 spiritalem
3313 3054 3462 3108 hunc
3485 3055 3592 3109 Da-

1997 3143 2179 3196 vidcm
2209 3143 2425 3212 recipit,
2455 3144 2559 3198 etsi
2587 3145 2642 3199 in
2667 3161 2792 3200 eum
2823 3143 3004 3200 Saulis
3029 3145 3342 3199 inardescat
3363 3145 3589 3208 invidia,

1998 3250 2110 3288 non
2156 3242 2340 3290 tamen
2391 3234 2609 3305 capitur
2677 3246 2843 3306 atque
2884 3236 3174 3303 vincitur;
3241 3237 3404 3308 29a.
3458 3237 3590 3306 quin

1996 3341 2027 3379 ε
2059 3334 2272 3389 contra,
2326 3341 2448 3396 qua:
2477 3327 2597 3396 ejus
2623 3342 2837 3381 summa
2865 3328 3158 3382 clementia
3186 3338 3272 3383 est
3301 3345 3364 3382 ac
3393 3329 3590 3382 buma-

1997 3420 2164 3482 nitas,
2199 3420 2352 3475 velut
2386 3420 2857 3489 tranquillissima:
2887 3421 3110 3487 mentis,
3143 3422 3237 3491 qui
3268 3421 3432 3476 etiam
3465 3421 3593 3476 odio

1997 3511 2290 3577 habeatur,
2327 3512 2566 3581 Spiritus
2595 3513 2810 3567 cithara
2841 3513 3059 3567 hostem
3090 3522 3302 3566 recreat
3337 3528 3399 3565 ac
3423 3512 3595 3567 mole-

1997 3603 2100 3657 stia
2129 3605 2276 3658 levat
2300 3644 2313 3667 ,
2371 3619 2537 3672 quem
2569 3604 2801 3674 spiritus
2825 3620 3061 3674 nequam
3089 3604 3461 3673 opprimat“;
3503 3621 3592 3659 sa-

1997 3709 2190 3764 meque
2215 3695 2418 3749 mentis
2443 3711 2570 3748 cum
2595 3694 2795 3758 eﬂieit,
2851 3695 3004 3748 velut
3036 3711 3065 3748 a
3089 3694 3361 3758 dmmone,
3392 3711 3421 3749 a
3451 3695 3591 3748 mala

1999 3785 2202 3840 terreni
2232 3801 2449 3851 sensus,
2476 3787 2633 3855 quasi
2659 3787 2838 3840 morbi
2863 3785 3064 3841 sontici
3089 3786 3234 3849 labe,
3263 3787 3593 3857 propensius

1996 3878 2258 3933 liberans.
2321 3877 2584 3948 Quisquis
2623 3878 2773 3933 enim
2833 3895 2945 3948 pra:
2983 3879 3191 3934 invidia
3238 3878 3369 3934 odio
3398 3879 3588 3945 habet,

1996 3972 2250 4041 maleque
2296 3971 2519 4042 sugillat
2565 3987 2630 4026 ac
2663 3971 2909 4027 detrahit
2938 3971 2989 4025 ei
3024 3973 3142 4042 qui,
3173 3972 3440 4026 virtutum
3473 3989 3593 4028 eer-

1996 4063 2298 4119 taminibus
2322 4065 2505 4120 clarus
2532 4105 2546 4129 ,
2607 4064 2775 4118 etiam
2810 4062 3153 4118 abundantia
3183 4064 3457 4119 sermonis
3481 4066 3592 4135 spi-

1994 4156 2172 4211 ritalis
2203 4156 2452 4211 scientiae
2495 4153 2778 4225 potentior
2805 4162 2891 4209 est
2917 4195 2934 4217 ,
2994 4154 3124 4210 Saul
3149 4163 3255 4220 est,
3290 4171 3455 4225 quem
3481 4157 3594 4226 spi-

1994 4247 2135 4299 ritus
2158 4260 2398 4314 nequam
2423 4246 2719 4317 opprimat,
2756 4245 2880 4316 ejus
2905 4244 3000 4316 qui
3033 4246 3242 4316 majore
3268 4248 3589 4315 praestantia

1995 4336 2229 4391 excellat
2272 4335 2496 4390 virtutis
2521 4334 2692 4391 decus
2723 4351 2787 4391 ac
2809 4336 3056 4392 scientiae
3081 4336 3402 4393 felicitatem
3439 4337 3589 4393 ferre
3639 4368 3644 4372 ~

1995 4442 2107 4480 non
2131 4427 2352 4492 valens;
2384 4426 2611 4496 hwcque
2639 4427 2718 4480 illi
2741 4427 2882 4483 ratio
2915 4436 2976 4482 ut
3000 4427 3192 4497 majori
3218 4426 3594 4482 feraturinsa-

1994 4530 2106 4595 nia,
2163 4531 2312 4601 quod
2361 4547 2489 4586 eum
2542 4530 2852 4586 demerenti
2890 4546 3084 4587 necem
3129 4532 3430 4603 importare
3475 4548 3586 4587 non

1994 4626 2258 4694 potest”.
2317 4623 2527 4693 Saepius
2559 4638 2691 4677 vero
2726 4622 2907 4693 ipsum
2944 4638 3163 4693 quoque
3199 4624 3584 4679 charissimum

1991 4717 2357 4773 Jonatbanem
2405 4717 2662 4772 acerbius
2714 4716 2975 4785 repellit,
3015 4717 3321 4772 naturalem
3373 4717 3586 4772 scilicet

1991 4811 2346 4867 conscientiae
2367 4811 2670 4876 rationem;
2697 4826 2819 4880 quae
2839 4809 3100 4864 videlicet
3126 4810 3376 4880 iniquum
3395 4810 3584 4864 odium

1991 4901 2383 4970 reprehendat,
2423 4902 2653 4971 ejusque
2707 4899 2801 4970 qui
2835 4900 2964 4954 odio
2993 4900 3231 4954 habetur
3263 4902 3434 4955 animi
3460 4917 3588 4956 can-

1991 4995 2126 5048 dore
2158 4993 2403 5049 facinora
2436 5000 2601 5062 atque
2634 4992 2870 5046 virtutes
2897 4991 3200 5058 referat";
3238 4993 3391 5046 velut
3420 4993 3584 5047 etiam

1991 5087 2083 5141 ille
2113 5087 2343 5141 demens
2375 5093 2644 5155 vetusque
2670 5083 2798 5140 Saul
2820 5125 2835 5150 ,
2889 5083 2956 5138 ad
2984 5098 3147 5154 quem
3185 5082 3405 5138 Samuel
3436 5083 3588 5137 velut

1993 5179 2182 5234 divina
2212 5187 2622 5248 transgressum
2647 5176 2903 5231 mandata
2925 5193 2938 5229 :
2958 5175 3152 5239 Stulte,
3182 5175 3382 5245 inquit,
3412 5176 3583 5246 egisti,

1995 5270 2082 5339 qui
2113 5279 2473 5338 transgressus
2496 5283 2548 5320 es
2581 5266 2893 5320 mandatum
2917 5281 3112 5328 meum,
3146 5265 3284 5335 quod
3314 5265 3586 5318 mandavit

1997 5362 2088 5416 tibi
2123 5361 2260 5414 Deus
2279 5361 2346 5414 ⁸⁷.
2387 5358 2539 5424 Saul,
2571 5358 2652 5412 uti
2684 5358 2740 5412 in
2767 5357 3152 5427 superioribus
3181 5356 3456 5423 dicebam,
3489 5364 3586 5410 aut

2584 5558 2630 5589 ’⁸
2657 5557 2676 5613 1
2708 5559 2840 5630 Reg.
2880 5575 2990 5623 χιχ,
3021 5559 3054 5614 5
3081 5573 3235 5627 seqq.
3315 5557 3362 5590 ⁸⁷
3391 5555 3412 5611 l
3443 5555 3584 5628 Reg.
