4036 6210
565 222 662 288 ΤΗ

1756 227 1817 285 S.
1857 225 2146 285 ΜΑΧΙΜΙ
2182 224 2692 286 CONFESSORIS

3742 227 3859 291 772

565 341 653 398 lex
680 338 887 410 scripta
919 345 1033 406 est,
1070 346 1186 403 aut,
1218 337 1313 407 qui
1345 352 1415 393 ex
1439 336 1576 409 legis
1600 337 1818 407 scriptae
1841 337 2151 393 rationibus

2263 338 2437 409 μένων
2503 339 2797 408 ἀφίσταται
2852 336 2914 389 τὸ
2965 333 3187 407 πνεῦμα
3246 336 3478 407 Κυρίου,
3522 338 3552 390 δ
3606 338 3763 391 ἐστιν
3824 341 3859 410 ή

565 430 737 486 vitam
763 426 1025 494 instituit,
1050 427 1317 483 Iudaicus
1339 428 1598 498 populus.
1626 427 1710 483 Ab
1730 427 1983 498 utrisque
2002 428 2156 482 enim

566 524 649 581 sic
697 531 920 577 terrene
972 520 1080 575 sibi
1126 526 1322 575 mutuo
1364 520 1620 590 implexis
1655 535 1723 576 ae
1749 520 2159 576 cohaerentibus

567 613 818 670 abscedit
865 609 1099 681 spiritus
1143 611 1363 667 Domini
1419 611 1741 683 (spiritalis.
1761 612 1977 669 scilicet
2022 628 2156 683 spe-

569 707 777 761 culatio
825 712 883 759 et
928 703 1243 775 scicntia),
1308 704 1632 775 invaditque
1664 704 1896 775 spiritus
1919 720 2159 775 nequam

571 798 793 869 (nempe
825 806 1082 853 terrenus
1106 792 1326 866 sensus)
1359 794 1575 850 crebris
1601 795 1890 862 nimirum,
1922 795 2159 866 aliisque

570 891 706 944 alias
736 889 1182 958 excipientibus,
1241 886 1428 943 rerum
1457 894 1586 942 ortu
1618 887 1960 958 interituque
1986 889 2158 942 alter-

574 983 823 1038 nantium
851 981 1264 1036 turbationibus
1278 980 1507 1052 jugique
1528 980 1821 1051 vertigine,
1843 979 2163 1051 arreptitio-

574 1090 698 1129 rum
723 1090 876 1129 more
899 1115 914 1140 ,
968 1074 1142 1128 animi
1170 1074 1447 1128 rationum
1476 1073 1834 1129 instabilitate
1859 1073 2156 1128 suffocans.

510 1217 533 1232 ,
574 1165 714 1219 Τιιιιι
739 1165 886 1218 enim
933 1166 1018 1219 lex
1050 1174 1271 1219 terrene
1291 1203 1307 1229 ,
1361 1179 1429 1218 ex
1457 1164 1572 1218 sola
1599 1163 1800 1220 litterae
1826 1164 2044 1221 ratione
2070 1165 2159 1220 in-

577 1258 816 1320 tellecta,
841 1255 1190 1325 arreptitium
1215 1255 1406 1321 refert,
1431 1271 1496 1311 ac
1513 1270 1674 1311 sacro
1691 1256 1888 1312 morbo
1904 1256 2163 1312 laboran-

575 1354 709 1410 tem,
752 1361 876 1416 quae
900 1346 1181 1400 sexcentis
1204 1348 1446 1417 iactetur
1469 1346 1768 1402 contrariis
1795 1347 2018 1417 sibique
2040 1346 2160 1418 ipsa

574 1438 715 1494 nihil
749 1437 1104 1503 consentiat;
1169 1445 1285 1491 tum
1330 1452 1489 1492 mens
1537 1437 1805 1493 Iudaicos
1830 1447 2162 1494 consectans

576 1542 761 1582 mores
785 1564 806 1593 ,
872 1525 1122 1581 instabili
1168 1533 1521 1581 terrenorum
1554 1526 1965 1584 circumlationi
1999 1543 2143 1583 erro-

575 1621 736 1690 rique
785 1634 989 1675 vesane
1035 1619 1280 1686 inhians,
1335 1619 1519 1674 eidem
1557 1634 1779 1690 quoque
1827 1620 2161 1677 instabiliter

574 1712 891 1766 necessario
921 1711 1181 1767 comitem
1213 1712 1624 1767 circumlationi
1647 1712 1964 1782 errorique,
1986 1712 2159 1767 animi

575 1801 926 1856 affectionem
956 1800 1145 1854 habet.
1203 1800 1295 1866 At,
1330 1800 1424 1855 ubi
1456 1801 1653 1868 David,
1685 1817 1815 1857 vere
1842 1803 1934 1857 ille
1962 1810 2161 1859 natura

496 1924 503 1929 -
579 1892 849 1959 musicus,
893 1892 1162 1947 Dominus
1195 1901 1388 1947 noster
1427 1893 1591 1948 Iesus
1613 1893 1871 1949 Christus
1895 1935 1909 1958 .
1959 1894 2162 1965 spiritu

578 1983 824 2054 mysticae
850 1983 1339 2053 contemplationis
1365 1984 1542 2053 legem
1569 1985 1778 2054 pariter
1799 1984 2161 2054 Iudaeumque

580 2074 949 2129 incantaverit
974 2090 989 2140 ;
1028 2084 1145 2129 tum
1177 2074 1325 2128 illam
1356 2090 1421 2128 ex
1449 2082 1668 2149 terrena
1702 2074 2002 2145 spiritalem
2028 2074 2157 2129 red-

577 2165 677 2230 dit,
734 2173 852 2219 tum
886 2165 1037 2219 hunc
1071 2180 1103 2219 a
1130 2163 1435 2219 diﬂidentia
1460 2181 1525 2219 ac
1549 2165 1939 2223 incredulitate
1994 2166 2061 2221 ad
2093 2166 2158 2221 ﬁ-

577 2255 700 2311 dem
737 2256 999 2312 traducit.
1069 2255 1232 2326 295
1290 2253 1511 2310 Saulem
1545 2256 1733 2327 itaque
1784 2258 2036 2313 moribus
2069 2274 2158 2312 reo

577 2348 764 2403 ferunt
807 2348 897 2402 lex
939 2346 1148 2416 pariter
1200 2362 1266 2402 ac
1306 2347 1574 2403 Iudaicus
1615 2349 1890 2419 populus,
1943 2359 2156 2405 etcum

577 2441 818 2496 fanatico
869 2447 1111 2509 aguntur
1151 2438 1393 2508 spiritu,
1456 2450 1509 2496 et
1558 2457 1683 2495 cum
1737 2450 1924 2497 mente
1971 2443 2158 2497 sobria

2260 429 2610 501 πνευματικὴ
2662 427 2870 500 θεωρία
2920 429 3018 482 καὶ
3049 430 3083 498 ἡ
3127 427 3353 496 γνῶσις,
3412 430 3508 482 καὶ
3548 430 3862 500 ἐπέρχεται

2259 521 2480 592 πνεῦμα
2507 519 2743 593 πονηρὸν
2772 519 3064 587 (τουτέστι,
3097 520 3159 572 τὸ
3184 518 3369 573 ὑλικὸν
3395 520 3695 592 φρόνημα),
3725 520 3862 586 ταῖς

2261 611 2693 683 ἀλλεπαλλήλοις
2725 610 2835 665 τῶν
2896 611 3004 664 ὑπὸ
3032 597 3264 680 ’γένεσιν
3292 610 3390 663 καὶ
3431 610 3639 680 φθορὰν
3675 629 3863 683 ταρα-

2260 708 2384 777 χαῖς
2414 705 2508 760 καὶ
2545 704 2840 775 δινήσεσιν,
2865 703 2941 766 ὡς
2977 702 3422 774 ἐπιλήπτους-τῇ
3452 704 3705 775 ῗάστασία
3738 704 3860 756 τῶν

2259 796 2538 867 λογισμῶν
2573 794 2933 864 καταπνίγον.
2967 794 3035 848 ὐ
3060 810 3121 847 τε
3151 793 3261 862 γὰρ
3292 792 3459 864 νόμος
3482 794 3683 864 χοῖκῶς
3706 792 3862 865 πρὸς

2265 889 2427 960 μόνον
2454 886 2515 941 τὸ
2547 887 2786 959 γράμμα
2811 885 3123 955 νοούμενος,
3147 884 3448 954 ὲπίληπτός
3478 884 3598 938 ἐστι
3622 886 3861 957 μυρίαις

2258 976 2583 1049 δονούμενος
2626 974 3003 1039 ὲναντιώσεσι,
3051 975 3146 1031 καὶ
3191 976 3466 1047 μηδεμίαν
3511 974 3652 1046 ἔχων
3706 976 3858 1047 πρὸς

2261 1069 2455 1124 ἑαυτὸν
2486 1070 2832 1140 συμφωνίαν·
2868 1069 2978 1145 ὅτε
3009 1069 3319 1134 ’Ῑουδαῖζων
3357 1068 3506 1133 νοῦς,
3527 1072 3596 1139 τῇ
3625 1071 3858 1138 ἀστάτῳ

2261 1164 2539 1235 περιφορᾷ
2578 1162 2687 1216 τῶν
2727 1161 2929 1216 ὑλικῶν
2978 1161 3430 1232 ἑπιμαινόμενος,
3480 1162 3741 1225 ἀστάτως
3792 1162 3856 1227 ἐξ

2259 1255 2508 1326 ἀνάγκης
2541 1255 2636 1310 καὶ⁵
2656 1255 2819 1319 αὐτὸς
2851 1253 2952 1325 τὴν
2985 1252 3195 1307 οἷκείαν
3245 1253 3854 1325 συμμεταϐαλλομένην

2260 1348 2376 1419 ἔχει
2410 1347 2670 1403 διάθεσιν.
2719 1345 2990 1415 Ὀπηνίκα
3046 1345 3103 1399 δὲ
3135 1345 3323 1408 Δαόὶδ,
3355 1346 3385 1399 6
3428 1346 3551 1399 κατ’
3581 1346 3853 1416 ἀλήθειαν

2262 1442 2425 1511 φύσει
2463 1439 2745 1511 μουσικὸς,
2768 1440 2797 1492 6
2826 1437 3033 1510 Κύριος
3060 1437 3223 1508 ἡμῶν
3264 1436 3491 1508 Ἰησοῦς,
3535 1437 3737 1508 ὲπᾲσει
3772 1437 3853 1507 τῷ

2262 1531 2536 1603 πνεύματι
2565 1532 2664 1603 τῆς
2697 1532 2968 1601 μυστικῆς
3000 1528 3258 1600 θεωρίας,
3291 1530 3386 1583 τόν
3418 1548 3477 1583 τε
3523 1530 3710 1601 νόμον,
3753 1531 3853 1584 καὶ

2261 1623 2352 1677 τὸν
2392 1623 2673 1677 Ἰουδαῖον’
2725 1620 2818 1675 τὸν
2849 1620 2947 1692 μὲν
2980 1619 3103 1673 ἀντὶ
3140 1617 3326 1690 χοϊκοῦ
3358 1622 3503 1673 ποιεῖ
3540 1636 3847 1690 πνευματι-

2261 1714 2388 1768 κόνο
2419 1714 2514 1768 τὸν
2544 1714 2601 1767 δὲ
2623 1712 2863 1784 μετάγειι
2885 1712 3022 1784 πρὸς
3053 1711 3238 1766 πίστιν
3277 1711 3338 1776 ἐξ
3365 1712 3844 1775 ἀπιστίας.Ἐστιν

2262 1802 2356 1861 οὖν
2389 1805 2533 1860 κατὰ
2554 1805 2646 1858 τὸν
2667 1804 2863 1870 Σαοὺλ,
2897 1804 2926 1857 ὅ
2950 1820 3010 1857 τε
3039 1803 3225 1873 νόμος,
3249 1802 3345 1855 καὶ
3369 1803 3399 1857 6
3422 1801 3535 1856 τῶν
3572 1802 3844 1856 Ἰουδαίων

2262 1898 2412 1962 λαὸς,
2446 1897 2537 1951 καὶ
2569 1896 2860 1967 ἐπίληπτος
2913 1895 3011 1949 καὶ
3049 1893 3304 1965 σώφρων.
3366 1893 3701 1963 Ἐπίληπτος
3734 1892 3849 1966 γὰρ

2263 1990 2292 2042 6
2319 1990 2481 2058 νόμος
2502 1988 2670 2050 ἐστὶν,
2703 1987 2781 2050 ώς
2822 1986 2984 2057 ἔφην,
3014 1986 3217 2055 χοῖκῶς
3263 1985 3688 2054 λαμϐανόμενος
3707 2002 3723 2016 ο
3754 1985 3853 2039 καὶ

2263 2081 2563 2151 ἐπίληπτος
2592 2083 2620 2134 6
2658 2080 2910 2143 Ἰουδαῖός
2936 2081 3072 2143 ἐστι,
3096 2077 3297 2149 χοῑκῶς
3320 2078 3397 2148 τῷ
3414 2077 3536 2149 Θεῷ
3559 2076 3855 2149 λατρεύειν

2267 2170 2589 2241 βουλόμενος
2614 2186 2629 2199 ·
2679 2169 2776 2222 καὶ
2804 2168 2968 2222 πάλιν
2997 2168 3233 2238 σώφρων
3255 2169 3284 2221 6
3317 2168 3480 2238 νόμος
3512 2168 3655 2233 ἐστὶ,
3687 2182 3853 2220 πνευ-

2267 2260 2512 2332 ματικῶς
2540 2259 2660 2315 νοού
2668 2277 2829 2332 μενος
2844 2276 2859 2290 °
2884 2261 2979 2314 καὶ
2997 2261 3025 2313 6
3054 2258 3305 2324 Ἰουδαῖος
3327 2260 3585 2323 ὡσαύτως
3608 2258 3851 2331 σώφρων

2263 2353 2435 2416 ἐστὶν,
2461 2354 2527 2407 ἐκ
2553 2354 2651 2423 τῆς
2670 2351 3014 2423 -σωματικῆς
3046 2350 3302 2421 λατρείας
3337 2351 3427 2404 ἐπὶ
3453 2349 3552 2421 τὴν
3592 2367 3853 2421 πνευμα-

2264 2445 2423 2515 τικὴν
2450 2442 2542 2497 τοῦ
2567 2441 2701 2497 Θεοῦ
2739 2441 3037 2513 θεραπείαν
3074 2442 3533 2512 μεταφερόμενος.

578 2539 727 2586 sunt.
752 2531 1013 2587 Fanatieo
1046 2530 1195 2585 enim
1218 2530 1305 2585 lex
1326 2530 1516 2587 furore
1547 2533 1751 2603 agitur,
1774 2533 1853 2587 uti
1884 2534 2160 2600 dicebam,
2201 2552 2327 2591 cum
2399 2546 2620 2591 terreno
2644 2551 2809 2590 sensu
2868 2534 3179 2605 accipitur:
3238 2533 3573 2603 Iudaausque
3603 2530 3854 2603 arrepti-

581 2621 692 2678 tius
730 2630 816 2675 est
869 2632 926 2676 et
967 2620 1241 2675 fanaticus
1267 2660 1282 2685 ,
1346 2622 1442 2691 qui
1479 2621 1650 2677 Deum
1719 2631 1945 2679 terreno
1999 2640 2168 2680 sensu
2209 2627 2392 2682 colere
2424 2628 2479 2681 in
2506 2627 2751 2681 animum
2781 2624 3015 2681 inducit.
3046 2624 3127 2679 Ac
3146 2638 3341 2679 rursus
3375 2623 3462 2679 lex
3505 2622 3698 2676 sobria
3740 2630 3850 2684 est,

578 2731 701 2784 quae
740 2714 1067 2783 Spiritaliter
1100 2711 1492 2785 intelligatur;
1554 2725 1720 2785 atque
1783 2716 2008 2775 Iudaeus
2071 2717 2329 2775 similiter
2369 2720 2593 2775 sobrius
2632 2756 2648 2783 ,
2686 2719 2782 2787 qui
2850 2733 2883 2772 a
2918 2717 3191 2788 corporali
3219 2717 3369 2772 cultu
3405 2713 3475 2769 ad
3536 2714 3849 2784 spiritalem

579 2804 676 2859 Dei
701 2805 913 2858 cultum
942 2804 1289 2859 traducatur.

648 2895 825 2950 Porro
858 2904 916 2950 et
940 2894 1092 2950 istud
1118 2894 1526 2951 observandum
1548 2938 1563 2961 ,
1602 2897 1918 2953 interficere
1944 2897 2160 2953 Saulcm

2340 2897 2686 2968 Σημειωτέον
2706 2896 2782 2963 δὲ,
2800 2897 2881 2951 ὅτι
2899 2896 3024 2958 τοὺς
3048 2892 3153 2948 ὑπὸ
3185 2891 3361 2964 Ἰησοῦ
3382 2890 3844 2964 διασωζομένους,

579 3001 720 3056 quos
755 2986 917 3043 Iesus
954 2995 1142 3041 servet
1183 2987 1428 3057 velitque
1455 2989 1783 3044 incolumes.
1840 2988 1989 3055 Quos
2014 2990 2162 3044 enim

581 3077 883 3148 Scriptura:
922 3079 1153 3149 spiritus
1190 3080 1469 3145 vindicat,
1521 3081 1722 3136 litterae
1762 3089 2161 3152 comparatum,

581 3177 644 3223 ut
674 3170 978 3224 interimat.
1014 3169 1227 3226 Idcirco
1260 3171 1404 3227 banc
1433 3171 1653 3242 (nempe
1676 3172 1854 3242 legem
1874 3172 2160 3244 scriptam)

581 3262 815 3331 ptenitet
878 3262 1049 3316 Deum
1101 3262 1159 3317 in
1205 3263 1424 3318 lsraelis
1464 3280 1650 3335 regem
1690 3265 2006 3330 inunxisse,
2042 3283 2164 3337 qua:

581 3368 612 3406 a
663 3352 868 3408 Iudaeis
918 3353 1218 3409 carnaliter
1260 3353 1610 3424 accipiatur;
1676 3355 1881 3426 datque
1929 3355 2162 3426 Spiritui

584 3441 739 3513 regni
771 3449 1131 3511 potestatem,
1168 3442 1265 3511 qui
1298 3443 1497 3497 littera:
1523 3446 1811 3514 proximus
1842 3461 2017 3515 eaque
2052 3462 2165 3501 me-

584 3534 693 3588 lior
716 3533 810 3589 sit.
847 3534 918 3589 Et
940 3534 1095 3599 dabo,
1125 3534 1331 3605 inquit,
1362 3552 1579 3606 regnum
1604 3537 1842 3606 proximo
1868 3546 1977 3601 tuo,
2003 3539 2093 3608 qui
2116 3547 2164 3591 te

586 3624 771 3681 melior
791 3623 938 3679 sit”.
975 3623 1452 3692 Quemadmodum
1475 3625 1624 3681 enim
1649 3627 1818 3682 David
1841 3627 2022 3683 Saulis
2038 3644 2163 3698 pro-

584 3716 762 3771 ximus
784 3725 905 3771 erat
927 3756 942 3781 ,
1000 3716 1081 3772 sie
1103 3732 1329 3787 quoque
1351 3716 1489 3773 scite
1520 3717 1765 3787 Spiritus
1799 3718 2001 3773 litterae
2025 3718 2163 3789 legis

581 3809 873 3881 adjunctus
892 3820 1016 3876 est;
1078 3810 1284 3879 quippe
1316 3809 1408 3864 cui
1444 3816 1506 3864 ut
1536 3819 1664 3879 post
1689 3819 1924 3866 mortem
1961 3811 2162 3866 littera:

581 3899 908 3955 inclarescat
936 3915 1004 3954 ex
1030 3900 1194 3971 genio
1216 3907 1325 3956 est.

650 4089 824 4160 Igitur
879 4104 980 4143 nos
1010 4104 1232 4160 quoque
1273 4087 1577 4161 spiritalem
1599 4082 1865 4148 Davidem
1896 4092 2158 4147 obsecre-

580 4196 704 4235 mus
726 4220 741 4246 ,
804 4188 864 4234 ut
906 4180 1174 4249 spiritalis
1197 4181 1680 4252 contemplationis
1722 4198 1787 4239 ac
1810 4183 2058 4239 scientiae
2079 4181 2159 4237 ei-

582 4273 739 4326 thara
772 4279 1119 4326 terrenorum
1163 4271 1366 4327 affectu
1419 4273 1669 4329 fanatica:
1711 4275 1917 4330 mentis
1962 4282 2165 4329 nostra:

482 4350 487 4357 ’
580 4361 808 4415 auribus
830 4361 1068 4428 oceinat,
1098 4377 1162 4416 ac
1190 4362 1448 4431 spiritum
1475 4379 1712 4432 nequam
1740 4372 1975 4419 terrenae
1997 4380 2159 4419 sensu

580 4466 703 4507 sese
728 4450 1111 4506 collidentium
1144 4468 1372 4507 casuum
1399 4453 1686 4508 varietatis
1719 4454 1941 4526 abigat;
2001 4464 2062 4509 ut
2087 4456 2164 4511 ita

581 4542 909 4613 spiritaliter
959 4543 1136 4614 legem
1185 4542 1494 4615 intelligere
1522 4584 1539 4610 ,
1594 4545 1766 4615 inque
1798 4558 1863 4601 ea
1899 4547 2164 4603 latentem

580 4633 868 4706 mysticam
920 4635 1190 4689 rationem
1243 4635 1528 4692 offendere
1557 4678 1572 4705 ,
1623 4652 1689 4692 ac
1720 4637 1870 4707 quod
1913 4639 2047 4693 satis
2088 4637 2162 4693 sit

580 4725 636 4779 in
672 4725 799 4780 vitae
824 4733 1046 4782 :eternaa
1067 4726 1330 4783 viaticum
1361 4743 1686 4799 comparare
1713 4729 2029 4796 valeamus;
2087 4745 2160 4785 ne

581 4824 775 4871 mutuo
800 4823 1079 4885 acceptam
1103 4818 1159 4870 in
1180 4817 1364 4873 littera
1388 4818 1745 4890 symbolicam
1766 4819 1941 4891 legem
1959 4819 2162 4874 habea-

582 4920 724 4970 mus,
752 4905 848 4975 qui
875 4905 1109 4961 scientia
1132 4908 1322 4976 gratiae
1350 4907 1406 4962 in
1429 4908 1629 4978 spiritu
1652 4910 1812 4981 egeni
1837 4923 2158 4975 careamus;

578 4993 860 5064 solamque
877 5035 892 5058 ,
948 5003 1008 5050 ut
1038 4997 1215 5051 oculis
1234 4997 1411 5067 capti,
1463 4999 1533 5054 de
1557 4999 1765 5056 divinis
1789 4999 2165 5071 percontatio-

581 5099 707 5139 nem
731 5085 978 5141 colamus
998 5125 1014 5150 ,
1069 5086 1178 5142 hoc
1201 5087 1416 5142 scilicet
1441 5089 1693 5144 destituti
1729 5099 1789 5145 ut
1817 5089 2161 5145 lucidissima

581 5190 710 5230 vere
749 5186 976 5246 aspectu
1035 5179 1255 5248 eloquia
1300 5180 1485 5235 divina
1526 5197 1713 5237 coram
1749 5182 2159 5237 nanciscamur.

582 5266 757 5320 Ambo
797 5268 945 5320 enim
996 5268 1124 5323 Saul
1170 5270 1413 5337 dicitur,
1474 5272 1520 5327 si
1557 5275 1613 5326 in
1643 5279 1887 5326 nostram
1916 5272 2156 5343 linguam

584 5353 950 5409 transferatur
979 5373 992 5409 :
1018 5373 1166 5421 nam,
1202 5368 1400 5428 przeter
1422 5376 1487 5416 ea
1514 5377 1635 5431 qua:
1658 5360 1805 5415 dicta
1823 5368 1974 5424 sunt,
1999 5360 2046 5414 si
2064 5372 2162 5413 no-

554 5458 708 5498 -men
762 5444 1180 5515 interpreteris,
1237 5449 1507 5519 {oneratus
1556 5459 1641 5507 est
1688 5467 1752 5506 ac
1799 5449 2161 5524 percontatio;

648 5620 697 5654 “
719 5621 740 5676 l
766 5622 901 5693 Reg.
930 5639 1018 5689 xv,
1048 5624 1140 5681 9.3.

2265 2989 2557 3046 ἀποκτένει
2588 2988 2785 3043 Σαούλ.
2820 2986 2930 3051 Οὓς
2980 2986 3090 3057 γὰρ
3131 2986 3506 3055 περιποιεῖται
3536 2984 3597 3036 τὸ
3625 2983 3847 3055 πνεῦμα

2262 3079 2364 3149 τῆς
2419 3078 2665 3149 Γραφῆς,
2703 3076 3021 3132 ἀποκτένειν
3068 3075 3129 3129 τὸ
3172 3075 3407 3146 γράμμα
3458 3074 3678 3143 πέφυκε
3704 3114 3721 3129 .
3754 3074 3848 3127 Διὸ

2262 3169 2472 3236 τοῦτον,
2518 3169 2661 3237 λέγω
2707 3169 2771 3241 δὴ
2815 3168 2905 3221 τὸν
2934 3166 3181 3239 γραπτὸν
3222 3165 3409 3237 νόμον,
3452 3165 3849 3236 μεταμελείται

2263 3259 2458 3331 χρίσας
2489 3259 2793 3330 βασιλεύειν
2820 3257 2914 3312 τοῦ
2950 3257 3167 3330 Ἰσραὴλ
3193 3260 3222 3311 6
3250 3257 3405 3323 Θεὸς,
3431 3257 3539 3310 ὑπὸ
3575 3257 3849 3310 Ἰουδαίων

2266 3351 2546 3423 σαρκικῶς
2598 3349 3029 3419 λαμϐανόμενον,
3081 3349 3174 3402 καὶ
3215 3348 3399 3401 δίδωσι
3440 3349 3520 3419 τῷ
3569 3348 3849 3419 πνεύματι

2262 3446 2323 3497 τὸ
2348 3445 2548 3515 κράτος
2573 3443 2672 3512 τῆς
2690 3443 2987 3513 βασιλείας,
3017 3442 3095 3512 τῷ
3113 3441 3339 3511 πλησίον
3361 3440 3458 3494 τοῦ
3489 3442 3848 3513 γράμματος,

2264 3538 2361 3591 καὶ
2395 3536 2588 3607 ἀγαθῷ
2618 3536 2757 3606 ὑπὲρ
2786 3534 2847 3588 τὸ
2885 3536 3140 3606 γράμμα.
3177 3532 3283 3588 Καὶ
3314 3532 3509 3598 δώσω,
3541 3535 3694 3604 φησι,
3728 3536 3850 3603 τὴν

2257 3628 2590 3691 ,βασιλείαν
2621 3624 2702 3691 τῷ
2744 3625 3014 3694 πλησίον
3049 3640 3166 3679 σου
3208 3622 3289 3689 τῷ
3328 3624 3533 3693 ἁγαθῷ
3564 3626 3713 3692 ὑπὲρ
3748 3625 3847 3679 σέ.

2262 3717 2464 3783 Καθὼς
2516 3719 2629 3789 γὰρ
2680 3719 2708 3771 6
2744 3717 2910 3771 Aa6‘t6
2958 3712 3027 3789 ἦν
3058 3716 3288 3786 πλησίον
3327 3714 3423 3769 τοῦ
3478 3716 3676 3781 Σαοὺλ,
3700 3716 3850 3771 οὕτω

2260 3810 2339 3879 τῷ
2366 3812 2657 3881 γράμματι
2680 3807 2774 3863 τοῦ
2800 3807 2967 3879 νόμου
3008 3808 3068 3861 τδ
3108 3807 3331 3876 πνεῦμα
3378 3807 3563 3877 σοφῶς
3593 3809 3854 3880 παραπέ-

2263 3914 2440 3969 πηγεν
2466 3912 2479 3925 ·
2525 3898 2663 3968 ὅπερ
2694 3890 2952 3967 μετᾶτδν
2984 3896 3214 3952 θάνατον
3248 3896 3341 3950 τοῦ
3379 3897 3713 3968 γράμματος
3749 3899 3856 3953 πέ-

2263 4000 2403 4053 φυκε
2428 3983 2806 4052 διαφαίνεσθαι
2833 3981 2972 4054 (66).

2336 4074 2816 4145 Παρακαλέσωμεν
2865 4068 2959 4126 οὖν
3016 4073 3114 4127 καὶ
3155 4074 3318 4144 ἡμεῖς
3375 4072 3466 4125 τδν
3493 4073 3691 4143 νοητὸν
3730 4076 3855 4130 Δα-

2262 4166 2347 4220 σιδ
2370 4167 2504 4238 (67),
2537 4166 2809 4237 ὲπηχῆσαι
2835 4169 2901 4239 τῇ
2920 4163 3123 4237 κιθάρα
3149 4165 3252 4233 τῆς
3285 4165 3661 4236 πνευματικῆς
3691 4164 3850 4221 θεω-

2195 4251 2246 4312 D
2269 4259 2391 4331 ρίας
2417 4258 2509 4311 καὶ
2536 4257 2793 4326 γνώσεως
2839 4257 3340 4329 ὲπιληπτευόμενον
3364 4258 3475 4319 τοῖς
3506 4256 3723 4322 sum;
3757 4258 3855 4313 τδν

2265 4348 2533 4420 ἡμέτερον
2554 4346 2699 4409 νοῦν,
2732 4348 2825 4401 καὶ
2854 4347 3127 4402 ἀπελάσαι
3158 4346 3218 4398 τὸ
3245 4346 3483 4416 πονηρὸν
3503 4346 3733 4417 πνεῦμα
3749 4348 3853 4417 τῆς

2265 4442 2405 4512 πρὸς
2460 4438 2714 4510 αίσθησιν
2761 4439 2957 4509 ὑλικῆς
3000 4438 3378 4511 περιπετείας,
3408 4438 3498 4491 ίνα
3523 4438 3853 4510 δυνηθῶμεν

2264 4534 2457 4604 νοῆσαι
2486 4532 2575 4587 τὸν
2605 4533 2770 4604 νόμον
2801 4532 3216 4613 πνευματεκῶς,
3246 4532 3340 4586 καὶ
3368 4531 3464 4584 τὸν
3496 4533 3556 4585 ἑν
3585 4531 3740 4601 αὐτῷ
3762 4549 3854 4584 κε-

2268 4624 2583 4697 κρυμμένον
2612 4624 2875 4696 μυστικὸν
2911 4624 3072 4693 λόγον
3100 4625 3302 4695 εὑρεῖν,
3339 4622 3438 4676 καὶ
3467 4623 3664 4693 κτῆμα
3692 4625 3851 4693 arcti;-

2269 4718 2462 4771 σασθαι
2487 4715 2707 4789 διαρκὲς
2741 4715 2879 4787 πρὸς
2907 4715 3120 4785 ἑφόδιον
3151 4714 3325 4770 ἀϊδίου
3360 4712 3510 4782 ζωῆς
3536 4730 3553 4743 ο
3591 4715 3745 4779 ὅπως
3774 4713 3846 4784 μή

2268 4807 2357 4860 τὸν
2376 4806 2786 4878 δεδανεισμένον
2816 4808 2873 4859 ὲν
2919 4806 3211 4877 γράμματι
3247 4804 3586 4876 συμϐολικὸν
3630 4805 3839 4875 ἔχωμεν

2268 4896 2434 4966 νόμον
2459 4893 2593 4966 (68),
2621 4895 2956 4966 ἀποροῦντες
2980 4895 3079 4965 τῆς
3111 4896 3256 4948 κατὰ
3287 4894 3449 4965 χάριν
3479 4896 3542 4946 ὲν
3574 4894 3835 4963 πνεύματι

2267 4986 2523 5056 γνώσεως
2544 5003 2559 5018 ⁸
2595 4988 2690 5041 καὶ
2724 4987 2895 5058 μόνην
2931 4987 3274 5057 στέργωμεν,
3304 4986 3384 5051 ώς
3426 4985 3505 5056 μὴ
3529 4986 3834 5056 βλέποντες,

2266 5080 2366 5151 τὴν
2397 5080 2526 5151 περὶ
2556 5079 2666 5132 τῶν
2695 5079 2856 5132 θείων
2895 5077 3188 5149 ἐρώτησιν,
3218 5077 3579 5147 ἐστερημένοι
3602 5077 3702 5143 τῆς
3723 5072 3837 5126 τῶν

2271 5174 2550 5245 μυστικῶν
2583 5174 2778 5243 λογίων
2804 5174 2925 5227 κατ’
2952 5173 3209 5243 ἀλήθειαν
3225 5172 3525 5243 παμφαοῦς
3558 5168 3838 5237 αὐτοψίας.

2270 5270 2474 5338 ’Ἄμφω
2502 5268 2612 5339 γὰρ
2648 5267 2866 5336 λέγεται
2914 5266 3110 5332 Σαοὺλ,
3153 5266 3290 5337 πρὸς
3324 5260 3426 5335 τὴν
3467 5261 3688 5317 Ἐλλάδα
3715 5278 3847 5331 φω-

2268 5357 2365 5429 νὴν
2420 5359 2879 5429 μεταφερόμενος.
2923 5355 3317 5427 Ἑρμηνεύεται
3374 5355 3485 5425 γὰρ
3534 5351 3663 5423 πρὸς
3720 5353 3849 5416 τοῖς

2270 5448 2601 5521 είρημένοις,
2626 5449 2720 5503 καὶ
2737 5446 3219 5516 δεδανεισμένος,
3238 5446 3334 5501 καὶ
3348 5445 3629 5515 ἐρώτησις
3650 5459 3667 5473 ⁸
3690 5441 3853 5514 ὅπερ
