4134 6192
416 269 518 332 773

1470 253 1959 327 QUIESTIONES
1999 254 2097 311 AD
2135 254 2645 316 TII.\I.:\SSIUM.

3569 266 3676 332 775

417 382 480 451 δὴ
530 378 625 431 καὶ
661 378 690 429 ὁ
733 375 979 446 γραπτὸς
1027 374 1288 443 ὑπάρχων
1336 371 1643 439 καθέστηκε
1692 369 1853 439 νόμος
1880 385 1893 398 ·
1925 367 1986 419 τὸ

2091 383 2213 437 qum
2234 383 2364 422 sane
2386 370 2553 423 etiam
2574 370 2662 424 lex
2681 370 2885 441 scripta
2907 372 3145 428 exsistit.
3168 372 3414 428 Alterum
3429 378 3676 447 quidem,

420 473 540 542 μὲν,
588 470 664 532 ὡς
694 467 769 539 μὴ
807 468 1138 520 οἰκειότατον
1167 465 1232 535 (f)
1278 464 1466 534 κτῆμα
1506 464 1602 533 τῆς
1638 461 1874 530 φύσεως,
1902 459 1998 512 καὶ

416 566 483 632 τῇ
507 561 626 614 κατ’
649 558 819 628 αὐτὴν
844 557 1074 627 ὑπάρξει
1097 554 1374 617 παντελῶς
1398 570 1587 623 συμπα
1598 551 1992 622 ρατεινόμενος·

417 652 479 705 τὸ
521 652 598 716 δὲ,
636 650 712 714 ὡς
742 649 872 718 περὶ
906 647 1111 717 γνῶσιν
1142 646 1315 717 ἀληθῆ
1359 645 1523 698 κινῶν
1550 646 1696 715 ἡμᾶς
1726 644 1820 695 καὶ
1844 656 1997 713 πρω-

417 744 647 796 τότυπον
678 740 890 809 σοφίαν,
910 739 1037 802 τοὺς
1057 739 1130 809 μὴ
1150 738 1469 808 νομίζοντας
1490 736 1587 806 τὴν
1612 734 1879 806 ἐρώτησιν
1902 752 1997 786 κα-

418 832 652 901 τάληψιν
668 827 808 883 εἶναι
825 831 921 901 τῆς
945 829 1284 900 ζητουμένης
1309 829 1417 881 τῶν
1440 827 1597 880 θείων
1613 824 1953 898 ἀρχετυπίας
1974 842 1990 855 ·

418 925 551 977 ἀλλὰ
584 924 743 994 μόνον
764 923 851 976 διὰ
885 922 995 974 τῶν
1023 924 1078 975 ἐν
1104 924 1256 991 νόμῳ
1308 918 1640 989 σωματικῶν
1687 917 1992 987 συμϐόλων,

417 1017 492 1079 ὡς
517 1016 583 1068 δι’
612 1014 937 1085 ὲρωτήσεώς
970 1031 1115 1077 τινος
1146 1014 1281 1083 πρὸς
1319 1012 1417 1082 τὴν
1440 1010 1546 1064 τῶν
1574 1010 1734 1063 θείων
1763 1010 1987 1077 ἀγαθῶν

417 1107 811 1177 ἐπειγομένους
842 1105 1153 1175 κατάληψιν
1176 1122 1191 1135 ’
1224 1104 1313 1157 ἵνα
1343 1100 1680 1172 παυσώμεθα
1719 1102 1817 1170 τῆς
1852 1102 1994 1157 κατά

419 1197 516 1269 τὴν
562 1195 831 1269 ἐρώτησιν
872 1197 1151 1267 φροντίδος
1187 1196 1266 1267 (ὲν
1362 1197 1523 1266 τυχόν
1559 1196 1677 1248 ἐστι
1735 1194 1993 1258 πολλάκις

419 1289 510 1341 καὶ
539 1288 803 1358 πλάνησις
837 1287 974 1360 [67],
1006 1290 1064 1341 ὲν
1111 1292 1177 1359 τῇ
1226 1289 1335 1341 τῶν
1383 1288 1730 1357 ζητουμένων
1763 1286 1994 1357 ἀληθεία

418 1380 719 1450 γενόμενοι,
748 1380 844 1431 καὶ
872 1379 973 1448 τῆς
1008 1378 1188 1431 αὐτῶν
1228 1379 1690 1449 μεταποιηθῶμεν
1721 1376 1990 1448 μακαριό-

416 1485 595 1539 τητος,
636 1468 969 1538 φαινομένης
1002 1470 1059 1520 ὲν
1110 1469 1245 1537 ἡμῖν
1291 1465 1666 1529 ἀναλλοιώτως
1713 1466 1855 1519 κατὰ
1890 1464 1990 1536 τὴν

420 1561 637 1632 μέθεξιν
668 1560 799 1631 (70),
833 1561 925 1612 xui.
952 1560 1010 1612 τὸ
1043 1558 1160 1611 κατ’
1181 1558 1349 1627 αὐτὴν
1379 1554 1516 1622 εἶδος
1546 1561 1644 1628 τῆς
1666 1556 1824 1627 ἡμῶν
1848 1555 1989 1625 γνώ-

419 1670 591 1722 ρισμα
624 1652 951 1722 ποιουμένης
986 1650 1273 1721 ὑπάρξεως
1301 1666 1314 1679 ο
1349 1649 1407 1702 ἐν
1437 1648 1661 1719 Χριστῷ
1712 1648 1883 1718 Ἰησοῦ
1914 1645 1990 1718 τῷ

418 1743 540 1813 Θεῷ
580 1744 675 1797 καὶ
717 1745 933 1815 Σωτῆρι
969 1741 1147 1812 ἡμῶν,
1184 1734 1227 1808 ᾦ
1256 1742 1289 1811 ή
1333 1739 1461 1805 δόξα
1503 1741 1583 1803 εἰς
1604 1742 1730 1804 τοὺς
1763 1739 1985 1802 αἰῶνας.
2021 1723 2063 1777 Β

432 1836 626 1907 Ἀμήν·

1083 2029 1357 2085 ΣΧΟΛΙΛ.

490 2132 559 2179 α’.
601 2123 744 2187 Νοῦς
784 2124 864 2186 εἰς
892 2123 1059 2193 ἄκρον
1102 2122 1191 2175 διὰ
1234 2122 1345 2174 τῶν
1401 2120 1612 2192 ἀρετῶν
1661 2120 1994 2190 καθαιρόμε-

414 2234 526 2282 νος,
546 2217 670 2279 τοὺς
696 2215 805 2268 τῶν
844 2213 1051 2281 ἀρετῶν
1104 2212 1350 2280 πέφυκεν
1398 2213 1624 2275 εἰκότως
1675 2211 1992 2264 ἐκδιδάσκε-

417 2308 542 2361 σθαι
565 2308 754 2375 λόγους
782 2324 794 2337 ·
826 2305 924 2375 τὴν
954 2304 1011 2369 ἐξ
1045 2304 1228 2357 αὐτῶν
1262 2303 1499 2366 θειωδῶς
1536 2302 1993 2374 χαρακτηρισθεῖ-

417 2418 517 2452 σαν
575 2399 798 2465 γνῶσιν,
851 2399 1051 2449 οἰκεῖον
1117 2394 1445 2464 ποιούμενος
1488 2394 1805 2464 πρόσωπον.
1849 2391 1989 2446 Καθ’

416 2492 606 2544 ἑαυτὸν
659 2490 769 2560 γὰρ
816 2488 1055 2550 άνείδεός
1101 2504 1161 2538 τε
1218 2488 1314 2539 καὶ
1360 2487 1836 2557 ἀχαρακτήριστος
1882 2487 1991 2549 πᾶς

416 2584 721 2651 καθέστηκε
752 2580 897 2645 νοῦς,
938 2579 1150 2651 μορφὴν
1196 2578 1333 2647 ἔχων
1391 2577 1705 2647 ἐπίκτητον,
1732 2578 1764 2647 ἢ
1796 2577 1895 2645 τὴν
1927 2580 1991 2631 ἐκ

414 2674 524 2727 τῶν
550 2672 761 2742 ἀρετῶν
811 2672 1123 2723 ὑποστᾶσαν
1165 2671 1220 2721 ὲν
1277 2668 1549 2738 πνεύματι
1579 2668 1801 2736 γνῶσιν,
1836 2669 1990 2740 ἢτὴν

417 2768 483 2820 ὲκ
508 2765 616 2818 τῶν
645 2762 835 2816 παθῶν
874 2760 1376 2831 ὲπισυμϐαίνουσαν
1423 2760 1667 2827 ἄγνοιαν.

500 2856 561 2927 β’.
605 2857 661 2909 '0
686 2855 783 2927 τὴν
808 2853 901 2909 νοῦ
939 2854 1151 2925 μορφὴν
1174 2852 1270 2921 τὴν
1297 2852 1355 2914 ἐξ
1381 2852 1589 2921 ἀρετῶν
1620 2855 1677 2905 ἐν
1713 2852 1987 2923 πνεύματι

417 2949 568 3003 θείαν
615 2948 908 3016 δεξάμενος
953 2945 1176 3013 γνῶσιν,
1214 2945 1283 2998 τά
1324 2945 1443 2997 θεῖα
1484 2945 1704 3012 λέγεται
1760 2945 1979 3010 παθεῖν,

2101 465 2161 510 ut
2201 473 2312 511 non
2358 473 2571 515 summe
2618 463 2841 531 propria
2871 464 3294 534 necessariaque
3317 475 3529 522 naturae
3553 485 3683 538 pos-

2099 549 2295 614 sessio,
2317 552 2544 621 ejusque
2569 569 2797 622 prorsus
2822 555 3158 610 cxsistentiaa
3176 571 3393 624 comes;
3423 559 3680 630 alterum,

2100 648 2160 692 ut
2211 655 2332 708 quae
2373 657 2474 695 nos
2524 642 2592 695 ad
2633 658 2821 698 veram
2858 644 3144 699 scientiam
3172 657 3391 702 moveat
3421 649 3684 719 primige-

2098 730 2359 801 niamque
2396 733 2722 803 sapientiam
2762 754 2773 789 :
2814 738 2909 806 qui
2944 738 3157 791 scilicet
3204 741 3679 807 percontationem

2098 822 2246 877 haud
2280 825 2685 891 existimemus,
2722 830 2840 898 ejus
2870 845 3034 899 quam
3063 832 3382 899 quaarimus,
3419 833 3681 904 primige-

2098 914 2202 968 niae
2233 931 2296 970 ac
2324 918 2657 987 exemplaris
2708 920 3023 975 divinorum
3051 922 3283 976 rationis
3314 923 3478 993 296
3532 940 3682 979 com-

2099 1008 2531 1076 prehensionem
2558 1029 2571 1077 ;
2641 1012 2738 1066 sed
2766 1014 2857 1082 qui
2889 1014 3066 1068 solum
3099 1031 3196 1084 per
3216 1018 3523 1084 corporalia
3544 1018 3681 1089 legis

2096 1100 2366 1169 symbola,
2394 1102 2546 1155 velut
2569 1105 2966 1172 percontando,
2999 1107 3067 1159 ad
3090 1106 3403 1161 divinorum
3428 1125 3679 1179 compre-

2094 1190 2421 1247 hensionem
2478 1195 2749 1250 bonorum
2788 1197 3066 1251 enitamur
3092 1237 3108 1264 ,
3166 1215 3277 1268 quo
3308 1200 3527 1254 demum
3553 1218 3677 1271 pcr-

2094 1285 2356 1338 contandi
2382 1301 2513 1340 cura
2548 1287 2683 1358 (qua
2709 1288 2852 1344 forte
2885 1291 3052 1344 etiam
3090 1306 3199 1344 non
3235 1308 3362 1346 raro
3393 1308 3552 1347 error
3577 1294 3676 1348 ob-

2093 1376 2268 1444 repat)
2299 1376 2623 1446 liberemur,
2656 1379 2836 1450 adepti
2864 1396 3059 1434 eorum
3080 1382 3371 1437 veritatem
3391 1384 3458 1439 de
3472 1378 3674 1454 quibus

2092 1467 2448 1525 incumbebat
2472 1482 2532 1527 ut
2552 1474 2985 1540 sciscitaremur,
3020 1486 3374 1546 nostramque
3394 1480 3675 1533 nancisca-

2092 1576 2217 1614 mur
2242 1562 2642 1620 beatitudinem
2661 1608 2675 1633 ,
2734 1568 3043 1623 invariabili
3077 1571 3130 1622 in
3156 1570 3317 1624 nobis
3342 1571 3676 1625 commercio

2091 1656 2429 1721 elucentem,
2464 1673 2529 1712 ac
2553 1668 2757 1714 nostrae
2789 1662 3111 1717 substantice
3142 1662 3351 1732 insigne
3378 1672 3676 1736 notamque

2092 1747 2582 1818 propriam,ipsam
2609 1765 2764 1805 suam
2782 1752 3013 1807 formam
3040 1762 3391 1822 praestantem
3413 1772 3426 1807 :
3448 1756 3502 1808 in
3515 1754 3677 1809 Chri-

2093 1846 2181 1890 sto
2201 1838 2332 1892 Jesu
2355 1839 2467 1894 Deo
2497 1848 2553 1895 et
2584 1840 2879 1898 Servatore
2902 1852 3093 1898 nostro
3113 1885 3127 1909 ,
3180 1846 3270 1900 cui
3299 1845 3473 1916 gloria
3497 1846 3551 1900 in
3577 1862 3676 1901 sa:-

2093 1928 2235 1982 cula.
2272 1928 2469 1984 Amen.

2731 2045 3045 2102 SCHOLIA.

2164 2131 2215 2184 1.
2246 2132 2419 2198 Mens,
2452 2133 2722 2189 virtutum
2740 2139 2893 2192 cultu
2916 2155 3130 2195 summe
3148 2151 3399 2213 purgata,
3428 2151 3488 2197 ut
3502 2142 3678 2198 virtu-

2093 2227 2207 2274 tum
2238 2223 2483 2277 rationes
2512 2226 2818 2291 condiscat,
2854 2230 3053 2283 merito
3078 2240 3391 2301 comparata
3416 2241 3521 2297 est,
3553 2249 3675 2303 qua:

2092 2312 2160 2365 iis
2190 2312 2377 2369 divine
2406 2315 2723 2385 insignitam
2745 2320 3033 2375 scientiam
3057 2321 3164 2375 sibi
3186 2322 3383 2377 faciem
3407 2323 3671 2378 vindicet.

2092 2402 2171 2456 Ex
2194 2419 2253 2457 se
2274 2420 2510 2474 namque
2541 2407 2765 2477 suisque
2789 2411 3005 2465 meritis
3029 2451 3043 2474 ,
3096 2427 3253 2465 mens
3280 2413 3459 2466 omnis
3485 2408 3673 2468 formae

2092 2510 2156 2549 ac
2198 2495 2539 2552 characteris
2577 2513 2774 2568 expers
2811 2502 3073 2568 exsistit;
3131 2503 3424 2558 ascititiain
3464 2505 3674 2559 habens

2090 2588 2321 2644 formam
2341 2630 2356 2654 ,
2412 2592 2499 2645 vel
2530 2608 2653 2661 quae
2680 2593 2947 2646 virtutum
2971 2594 3093 2649 luce
3120 2595 3353 2650 scientia
3385 2596 3438 2649 in
3467 2596 3668 2665 spiritu

2091 2682 2385 2751 clarescit,
2437 2686 2523 2739 vel
2557 2701 2679 2755 quae
2712 2685 3011 2741 aﬂ‘ectuum
3036 2687 3159 2743 labe
3195 2703 3263 2743 ex
3285 2689 3592 2759 ignorantia
3619 2688 3671 2744 ei

2091 2772 2311 2827 accidit.

2162 2864 2215 2918 2.
2255 2864 2357 2930 Qui
2388 2864 2659 2919 virtutum
2685 2866 2917 2919 formam
2945 2866 3178 2936 adeptus
3202 2878 3320 2933 est,
3362 2883 3469 2937 qua
3495 2868 3672 2923 virtu-

2092 2966 2209 3012 tum
2242 2958 2366 3012 luce
2420 2958 2472 3011 in
2514 2959 2715 3027 spiritu
2747 2959 2934 3012 divina
2959 2958 3188 3014 scientia
3217 2960 3461 3024 nitescit,
3508 2960 3556 3015 is
3582 2961 3669 3015 di-

416 3044 497 3095 ὄτι
540 3040 614 3112 μὴ
648 3038 806 3108 φύσει
834 3037 974 3091 κατὰ
1002 3035 1100 3106 τὴν
1132 3035 1385 3105 ὓπαρξιν,
1424 3034 1557 3088 ἀλλὰ
1624 3036 1805 3107 χάριτι
1849 3037 1989 3090 κατὰ

2096 3051 2223 3103 vina
2244 3050 2355 3119 pati
2377 3050 2605 3115 dicitur,
2633 3051 2781 3120 quod
2808 3067 2918 3105 non
2941 3062 3138 3106 natura
3162 3069 3261 3121 per
3278 3053 3666 3119 substantiam,

416 3137 514 3203 τὴν
554 3130 771 3203 μέθεξιν
836 3130 1042 3196 ταύτην
1075 3128 1429 3199 προσέλαϐεν.
1488 3128 1544 3181 '0
1578 3128 1636 3179 δὲ
1675 3129 1771 3198 τὴν
1810 3130 1874 3179 ἐκ
1896 3128 1993 3197 χά-

420 3241 566 3297 ριτος
596 3224 669 3293 μὴ
697 3222 989 3292 δεξάμενος
1020 3222 1242 3289 γνῶσιν,
1274 3221 1378 3273 κᾶν
1423 3220 1559 3291 λέγῃ
1583 3238 1633 3272 τι
1670 3221 1988 3296 γνωστικὸν,

417 3316 516 3367 οὐκ
542 3313 650 3367 οἶδε
683 3313 821 3366 κατὰ
857 3312 957 3382 τὴν
1006 3314 1201 3381 πεῖραν
1241 3310 1333 3363 τοῦ
1374 3311 1669 3381 λεγομένου
1705 3311 1802 3381 τὴν
1830 3310 1990 3364 δύνα-

422 3424 534 3477 μιν.
580 3404 729 3475 Ψιλὴ
776 3403 886 3474 γὰρ
933 3402 1191 3474 μάθησις,
1225 3402 1323 3471 τὴν
1365 3402 1487 3456 καθ’
1526 3402 1641 3469 ἕξιν
1684 3402 1887 3471 γνῶσιν
1925 3404 1987 3456 οὐ

415 3496 653 3551 δίδωσιν.

410 3652 425 3665 ’
487 3685 559 3750 γ’.
591 3677 787 3741 Καλῶς
829 3674 973 3730 κατὰ
1012 3674 1161 3727 τόνδε
1204 3672 1308 3743 τῆς
1350 3674 1573 3744 Γραφῆς
1620 3672 1741 3728 εἷπε
1779 3675 1871 3727 τὸν
1900 3674 1990 3727 τό.

423 3791 525 3827 πον
556 3768 926 3840 λαμϐάνεσθαι
966 3767 1054 3820 τὸν
1094 3766 1272 3819 Σαούλ
1297 3783 1311 3796 ·
1338 3755 1441 3819 διά
1471 3768 1532 3819 τὸ
1566 3766 1708 3819 κατά
1762 3766 1991 3828 πολλοὺς

422 3866 480 3918 ὲν
512 3862 688 3924 ἄλλοις
720 3863 906 3923 τόποις
935 3858 1310 3927 λαμϐάνεσθαι
1348 3858 1607 3927 τρόπους,
1639 3857 1777 3928 πρὸς
1805 3858 1901 3927 τὴν
1927 3859 1990 3909 ἐκ

418 3956 521 4027 τῆς
549 3954 787 4026 ἱστορίας
814 3951 1279 4021 ἀναδεικνυμένην
1307 3950 1544 4020 θεωρίαν
1574 3949 1870 4021 προσφυῶς
1890 3951 1991 4021 ἀρ-

421 4048 553 4121 μοζό
559 4065 739 4119 μενον.

488 4139 552 4194 δ’.
591 4140 823 4208 Ὥσπερ,
862 4135 1048 4207 φησὶν,
1083 4136 1111 4187 ὁ
1146 4133 1399 4204 παλλακῇ
1454 4132 1887 4201 συναπτόμενος,
1910 4131 1990 4185 νό-

424 4249 589 4303 μιμον
627 4231 687 4284 οὒ
712 4230 975 4298 κέκτηται
1004 4229 1094 4281 τὸν
1129 4229 1306 4299 γάμον
1327 4244 1341 4259 ·
1376 4226 1549 4289 οὕτως
1578 4227 1606 4278 ὁ
1659 4224 1991 4292 σωματικῶς

416 4323 516 4394 τὴν
575 4321 805 4391 νομικὴν
862 4304 1262 4387 ἐξασκούμενος
1312 4316 1570 4387 μάθησιν,
1612 4314 1843 4384 νόμιμον
1891 4313 1988 4381 τὴν

2092 3141 2190 3195 sed
2222 3142 2419 3211 gratia,
2456 3142 2785 3211 participato
2821 3158 2943 3196 eam
2980 3158 3211 3197 munere
3242 3144 3384 3198 iniit.
3439 3143 3543 3210 Qui
3571 3160 3671 3198 au-

2094 3240 2203 3285 tem
2255 3249 2366 3286 non
2412 3248 2479 3287 ex
2501 3234 2675 3303 gratia
2724 3242 2923 3289 nactus
2954 3243 3039 3288 est
3063 3232 3375 3297 scientiam,
3428 3234 3531 3287 etsi
3557 3233 3670 3302 spi-

2090 3323 2250 3379 ritale
2269 3324 2479 3393 aliquid
2502 3324 2590 3395 (ad
2610 3324 2899 3379 scientiam
2916 3324 3130 3379 scilicet
3147 3322 3424 3393 spectans)
3444 3324 3663 3391 dixerit,

2090 3417 2238 3471 haud
2291 3428 2473 3473 tamen
2535 3419 2651 3487 ipsa
2696 3417 3040 3487 experientia
3089 3417 3210 3485 ejus
3247 3415 3393 3484 quod
3424 3415 3669 3485 loquitur

2088 3509 2200 3562 vim
2229 3510 2402 3563 novit.
2439 3509 2595 3563 Nuda
2618 3509 2765 3564 enim
2796 3508 3087 3576 disciplina
3120 3507 3407 3561 scientiam
3438 3523 3559 3576 quae
3582 3513 3668 3563 est

2092 3601 2282 3656 hahitu
2322 3602 2636 3670 eﬂ‘ectuqne
2670 3616 2779 3655 non
2813 3601 3030 3654 tribuit.

2162 3693 2216 3745 5.
2270 3691 2416 3745 Bene
2462 3692 2603 3745 dixit
2654 3691 2833 3761 accipi
2874 3691 3129 3755 Saulem,
3187 3690 3333 3760 quod
3373 3692 3571 3746 attinet
3597 3692 3666 3746 ad

2092 3782 2241 3835 hunc
2290 3781 2593 3851 Scriptum
2628 3781 2810 3836 locum
2839 3799 2853 3847 ;
2911 3780 3057 3851 quod
3098 3780 3220 3834 aliis
3242 3780 3378 3836 locis
3405 3783 3554 3835 varie
3577 3798 3669 3836 ac-

2092 3871 2362 3941 cipiatur,
2409 3886 2509 3940 pro
2542 3886 2607 3925 eo
2642 3886 2706 3925 ac
2737 3885 2933 3927 sensus
2961 3870 3221 3942 spiritalis
3251 3878 3377 3940 apte
3404 3886 3473 3925 ex
3494 3872 3669 3927 histo-

2094 3962 2175 4016 ria
2205 3963 2570 4018 concinnatus
2589 3962 2830 4017 elicitur.
3386 3945 3395 3952 ’

2162 4136 2213 4190 4.
2273 4135 2751 4202 Quemadmodum
2773 4178 2787 4201 ,
2827 4137 3040 4207 inquit,
3076 4137 3170 4207 qui
3204 4136 3386 4207 pellici
3418 4140 3669 4209 jungitur

2092 4226 2399 4296 legitimum
2426 4228 2843 4282 matrimonium
2873 4244 2984 4283 non
3007 4229 3175 4283 habet
3211 4246 3225 4283 :
3261 4228 3343 4282 sic
3368 4245 3549 4299 neque
3573 4232 3668 4299 qui

2094 4318 2367 4386 corporali
2414 4318 2632 4375 ratione
2681 4318 2909 4389 legalem
2944 4319 3292 4390 disciplinam
3324 4320 3456 4375 colit
3493 4321 3670 4391 legiti-

417 4414 554 4485 πρὸς
602 4414 771 4483 αὐτὴν
814 4412 913 4465 οὐκ
954 4411 1067 4480 ἔχει
1117 4410 1452 4480 συμϐίωσινο
1498 4406 1628 4460 νόθα
1675 4406 1878 4474 γεννῶν
1927 4406 1985 4473 ig

2096 4425 2240 4462 mam
2288 4425 2412 4464 cum
2456 4425 2520 4464 ea
2563 4411 2690 4465 vitae
2717 4411 3039 4467 societatem
3063 4413 3203 4479 init;
3266 4415 3452 4484 spuria
3484 4430 3552 4469 ex
3576 4415 3669 4470 illa

417 4507 586 4577 αὐτῆς
607 4506 872 4575 δόγματα,
905 4503 999 4557 καλ⁵
1025 4506 1090 4573 τῇ
1133 4504 1231 4573 τῆς
1262 4500 1463 4574 σαρκὸς
1502 4498 1615 4569 ζωῇ
1666 4499 1991 4569 συμφθειρό-

464 4612 577 4647 ενα.

464 4614 488 4647 ε
525 4614 577 4647 α.

421 4614 458 4667 μ
487 4616 549 4741 ζ’.
597 4685 654 4738 'U
689 4685 823 4754 πρὸς
858 4685 1038 4753 σῶμα,
1076 4685 1262 4754 φησὶν,
1307 4680 1407 4750 τὴν
1459 4679 1742 4751 Γραφικὴν
1772 4678 1991 4749 ἐκδεχό-

421 4791 580 4843 μενος
611 4774 865 4844 μάθησιν,
900 4774 999 4844 τὴν
1030 4774 1150 4827 κατ’
1198 4772 1484 4844 ἐνέργειαν
1515 4771 1575 4835 ἐξ
1620 4772 1791 4841 αὐτῆς
1820 4772 1992 4843 ἀμαρ-

2095 4499 2323 4568 gignens
2360 4500 2635 4571 dogmata,
2679 4511 2736 4556 et
2784 4519 2906 4573 quae
2931 4519 3042 4559 una
3072 4520 3198 4559 cum
3226 4506 3411 4560 carnis
3444 4506 3556 4560 vita
3588 4506 3671 4561 in-

2096 4596 2329 4644 tcreant.

2251 4681 2354 4746 Qui
2376 4698 2442 4735 ex
2463 4683 2730 4752 corporis,
2758 4683 2958 4754 inquit,
2986 4685 3201 4741 ratione
3258 4685 3667 4757 Scripturarum

2090 4772 2402 4827 doctrinam
2433 4775 2637 4844 accipit
2673 4784 2838 4843 atque
2864 4778 3125 4844 exponit,
3182 4787 3469 4847 peccatum
3502 4794 3667 4849 opere

416 4863 537 4916 τίαν
580 4862 916 4925 διδάσκεται,
957 4862 1050 4915 καὶ
1087 4861 1185 4933 τὴν
1221 4862 1362 4914 κατά
1413 4861 1538 4913 νοῦν
1578 4861 1676 4929 τῆς
1718 4861 1990 4930 ἁμαρτίας

2091 4863 2323 4919 docetur
2348 4905 2362 4929 ,
2424 4873 2481 4920 et
2511 4874 2572 4918 ut
2595 4864 2729 4917 illud
2762 4874 2949 4919 mente
2974 4867 3295 4932 meditetur,
3330 4869 3667 4937 voluptatem

421 4954 650 5026 μελέτην
676 4972 690 4986 ·
722 4954 956 5026 τρυφὴν,
990 4957 1084 5007 καὶ
1125 4953 1417 5015 συνουσίας
1444 4954 1728 5023 ἀκρατεῖς,
1760 4953 1855 5005 καὶ
1892 4953 1990 5021 φό-

2092 4955 2324 5021 scilicet,
2358 4957 2666 5026 impudicos
2690 4956 2892 5023 coitus,
2925 4957 3103 5013 caades
3134 4976 3150 5014 :
3183 4974 3403 5014 omnem
3428 4959 3667 5031 denique

491 5110 579 5180 (f)
613 5110 713 5175 Ὠς
739 5110 821 5178 μὴ
859 5110 1238 5163 οἰκειότατον.
1267 5107 1587 5180 Necessario
1609 5105 1782 5180 adjeci
1812 5121 1978 5180 nega-

418 5177 609 5246 tivam,
642 5177 762 5249 qua:
790 5180 872 5233 vel
912 5180 1245 5233 exscribcnti
1280 5178 1571 5240 exciderit,
1605 5177 1689 5228 vel
1716 5177 1980 5246 Antiqua-

416 5254 523 5316 rio,
555 5268 621 5306 ex
651 5248 807 5321 cujus
827 5250 1127 5325 exemplari
1152 5248 1256 5304 alia
1288 5254 1584 5317 propagata
1614 5262 1629 5325 ξ
1660 5249 1806 5325 quod
1866 5249 1982 5325 haec

415 5325 490 5377 sit
539 5318 737 5378 natura
787 5320 983 5382 mutui,
1020 5321 1132 5390 jam
1186 5333 1404 5388 quoque
1445 5318 1703 5390 superius
1749 5318 1982 5390 Maximo

414 5396 711 5464 explicata,
753 5400 814 5445 ut
852 5386 1124 5453 mutuum,
1155 5386 1410 5464 non__rata
1448 5386 1727 5464 possessio
1764 5388 1856 5464 sit,
1879 5387 1981 5464 sed

416 5456 874 5531 all-tempusnon
915 5476 1142 5530 prorsus
1176 5459 1428 5531 abdicato
1470 5456 1551 5511 rei
1582 5456 1826 5531 dominio
1878 5457 1981 5526 ipsi

418 5526 735 5596 funerari-ti,
778 5540 873 5585 aut
915 5526 997 5584 vin
1057 5546 1184 5584 cum
1234 5530 1519 5591 translato,
1569 5526 1664 5595 qui
1726 5538 1983 5580 mutuum

418 5604 642 5673 accipit,
678 5602 772 5656 sed
807 5601 1314 5673 adsuinmuinper
1350 5606 1586 5673 tempus;
1618 5612 1727 5673 quo
1752 5612 1849 5666 per
1865 5598 1984 5666 ejus

421 5666 821 5745 indulgentiam
849 5670 927 5726 illi
958 5670 1140 5737 durat,
1173 5666 1264 5725 illa
1279 5669 1438 5739 quasi
1472 5666 1724 5737 precaria
1766 5682 1984 5737 posscs~

2051 5104 2189 5173 'sio,
2249 5126 2345 5164 seu
2384 5111 2559 5182 magis
2584 5126 2739 5166 usus.
2770 5109 2862 5166 Sic
2900 5110 3087 5181 itaque
3112 5111 3201 5167 lex
3225 5112 3385 5180 quasi
3413 5112 3667 5182 paedago—

2124 5196 2186 5262 us
2216 5181 2459 5265 parvulis
2492 5182 2773 5265 dataJest,
2823 5195 2886 5235 ac
2918 5182 3097 5236 donec
3144 5182 3317 5265 adulti
3382 5183 3492 5252 jam
3542 5181 3665 5265 legi

2089 5259 2330 5320 Spiritus
2351 5259 2653 5320 comparati
2677 5268 2960 5307 essemus:
2994 5267 3106 5321 quo
3138 5259 3302 5305 etiam
3337 5259 3666 5321 percontatio

2089 5331 2192 5385 est,
2221 5330 2277 5376 et
2309 5330 2368 5375 ut
2399 5325 2744 5391 percontatio
2782 5321 3357 5385 habenda,desidcrio
3394 5330 3666 5390 praestans

2090 5407 2379 5459 assurgere
2414 5391 2481 5444 ad
2545 5392 2689 5445 bona
2744 5408 2865 5460 quae
2907 5391 3135 5451 indicat,
3167 5406 3277 5444 non
3331 5391 3488 5460 quasi
3549 5392 3665 5458 ipsa

2089 5462 2307 5515 illorum
2361 5461 2601 5529 adcptio.
2645 5460 2735 5514 Sic
2799 5461 2952 5515 brevi
3000 5461 3361 5515 medicamine
3410 5460 3665 5515 restituta

2086 5531 2303 5585 Maximi
2328 5531 2529 5595 littera,
2564 5530 2776 5600 totaad
2810 5531 3015 5584 calcem
3053 5530 3133 5584 sic
3165 5531 3343 5600 spisso
3384 5532 3657 5600 varioque

2089 5616 2256 5669 opere
2292 5602 2589 5663 ἄπταιστος
2630 5599 2886 5669 labisque
2916 5617 3054 5671 pura
3084 5599 3353 5655 decurrit.
