4036 6210
511 239 615 303 775

1696 224 1755 283 S.
1791 223 1896 282 MA
1904 221 2077 282 XIMI
2118 221 2624 285 CONFESSORIS

3660 253 3782 316 776

507 343 605 399 Dei
669 348 980 397 creaturam
1037 356 1103 396 ex
1170 340 1305 412 legis
1363 339 1547 394 littera
1596 339 1904 394 abominari
1957 355 2092 394 con-

2198 358 2343 404 νους,
2375 342 2472 395 καὶ
2502 343 2684 396 πᾶσαν
2710 342 2803 395 τοῦ
2849 341 2985 396 Θεοῦ
3020 343 3433 413 βεδελύττεσθαι
3468 346 3565 416 τὴν
3595 349 3785 401 κτίσιν

507 437 695 494 discit.
1083 479 1091 487 .

581 531 634 585 6.
682 527 962 598 Spiritalis
994 526 1106 580 alio
1134 541 1294 580 sensu
1331 525 1726 582 consideratio.
1762 525 2085 591 Anathema,

511 622 602 676 hic
635 634 856 690 quoque
895 619 1138 674 mundus
1187 619 1394 674 dicitur
1419 659 1433 684 ,
1475 629 1533 672 ut
1558 619 1655 688 qui
1683 617 2090 672 maledictionis

509 716 667 769 locus
688 714 778 768 sit.
818 712 977 768 Hunc
1005 712 1239 767 libidine
1273 720 1333 767 ut
1364 712 1549 783 gignat
1577 719 1962 780 comparatum
1996 713 2091 764 lia-

509 807 622 871 bet,
660 806 754 875 qui
791 814 976 860 mente
1008 805 1076 859 ad
1110 805 1249 877 legis
1278 805 1539 875 spiritum
1571 820 1683 858 non
1707 806 1924 860 transit.

576 900 627 952 7.
697 898 756 968 I‘n
788 898 926 966 quo,
970 897 1173 968 inquit,
1223 897 1518 952 aﬂ‘ectione
1544 896 1854 963 trahimur,
1894 897 1962 952 de
1997 898 2091 955 illo

509 1006 732 1060 quoque
769 999 954 1044 mente
983 990 1311 1060 cogitamus.

580 1083 634 1137 8.
685 1083 808 1137 Alio
844 1083 974 1136 item
1024 1082 1260 1151 Spiritali
1295 1097 1462 1138 sensu
1496 1082 1790 1137 anathema
1811 1090 1930 1148 est,
1966 1083 2095 1138 libi-

511 1174 702 1229 dinum
734 1183 917 1230 motus
949 1175 1260 1230 simulacris
1280 1191 1484 1230 vacans
1535 1193 1548 1228 :
1591 1174 1720 1230 Oris
1740 1176 1944 1245 pudor,
1978 1192 2096 1230 mo-

512 1274 602 1320 tus
647 1265 847 1321 mentis
901 1280 969 1320 ex
1003 1281 1200 1320 sensus
1235 1267 1449 1321 ratione
1495 1266 1785 1320 libidinem
1825 1265 2091 1332 formans,

514 1358 820 1428 subtilique
861 1357 1101 1429 cogitatu
1153 1373 1217 1414 ac
1247 1357 1557 1413 rationibus
1588 1357 2010 1413 convenientem
2041 1358 2093 1412 ei

513 1451 801 1506 materiam
827 1451 1171 1506 ministrans.

585 1543 639 1598 9.
692 1544 798 1597 Per
826 1543 1146 1613 synaeresin,
1183 1557 1347 1612 quam
1377 1549 1609 1607 vocant,
1644 1551 1759 1598 tres
1780 1550 1962 1597 textus
1985 1541 2094 1612 spi-

514 1635 700 1690 ritales
729 1651 924 1690 sensus
957 1650 1022 1691 ac
1046 1636 1526 1690 considerationes
1554 1637 1832 1704 exposuit.

585 1727 670 1782 10.
705 1727 810 1793 Qui
839 1729 895 1782 in
922 1729 1167 1782 animum
1194 1729 1411 1783 induxit
1441 1739 1735 1798 ratumque
1764 1728 1934 1783 habet
1955 1726 2095 1782 div-i-

512 1835 637 1873 nam
674 1835 798 1875 esse
831 1821 1286 1875 constitutionem
1339 1835 1573 1889 corpore
1609 1834 1679 1874 ex
1712 1819 1846 1889 legis
1881 1818 2094 1873 ratione

511 1912 759 1966 deliciari
791 1913 997 1982 gulam.
1027 1915 1184 1983 quasi
1217 1912 1309 1966 Dei
1335 1912 1540 1965 donum
1575 1927 1698 1967 cum
1721 1910 1996 1980 gaudioin
2013 1910 2096 1964 vi-

515 2010 580 2057 ta:
607 2003 926 2057 societatem
961 2004 1189 2072 recipit,
1247 2003 1552 2072 modosque
1582 2017 1847 2056 sensuum
1885 2003 1995 2056 vim
2030 2015 2095 2055 ac

510 2098 888 2166 operationem
914 2097 1089 2152 abusu
1113 2098 1428 2166 polluentes
1453 2113 1523 2151 οι
1545 2112 1609 2151 ea
1635 2096 1886 2166 suscipit.

582 2189 671 2241 11.
733 2188 1029 2244 Succincta
1072 2203 1264 2244 eorum
1299 2204 1420 2258 qua:
1453 2188 1710 2258 superius
1753 2188 1812 2241 in
1841 2188 2096 2242 conside-

511 2279 780 2334 rationem
805 2289 1084 2335 venerunt
1108 2281 1435 2350 resumptio,
1465 2296 1572 2350 qua
1589 2280 1958 2349 ostendit,qui
1975 2295 2096 2334 cor-

511 2371 684 2439 porali
730 2371 944 2425 ratione
999 2373 1178 2440 legem
1225 2379 1504 2439 exponat,
1573 2371 1694 2439 ejus
1745 2369 2093 2438 disciplinam

511 2460 725 2530 pellicis
752 2460 876 2514 loco
898 2459 1131 2525 habere;
1175 2460 1582 2528 libidiuumque
1607 2459 1856 2513 habiturn
1888 2460 2096 2528 pariter

511 2561 804 2622 actumque
833 2553 1058 2622 gignere
1084 2593 1100 2620 ,
1166 2568 1252 2618 ac,
1285 2553 1446 2622 quasi
1477 2551 1744 2612 divinam,
1784 2552 1838 2604 in
1868 2552 2093 2606 domum

509 2644 693 2714 gulam
747 2643 1050 2710 inducere,
1119 2660 1188 2698 ex
1226 2659 1334 2713 qua
1379 2643 1529 2698 modi
1564 2659 1662 2712 per
1690 2642 1925 2696 abusum
1959 2657 2095 2698 con-

509 2735 836 2804 spurcandis
861 2735 1119 2790 sensibus
1141 2736 1414 2799 oriantur,
1438 2734 1832 2804 naturalcsque
1853 2733 1910 2787 in
1927 2735 2095 2791 rebus

510 2830 754 2885 rationes
786 2845 851 2886 ac
879 2830 1091 2886 semina
1117 2831 1480 2899 perimantur.

583 2922 670 2976 12.
708 2923 814 2988 Qui
852 2922 907 2976 in
942 2923 1080 2992 legis
1101 2922 1367 2993 symbolis
1394 2933 1663 2988 moratur,
1702 2940 1890 2978 rerum
1916 2940 1984 2980 ex
2008 2939 2095 2978 ra-

2193 434 2257 485 ὲκ
2281 432 2375 486 τοῦ
2407 435 2735 504 γράμματος
2761 435 2856 488 τοῦ
2899 437 3068 506 νόμου
3107 437 3459 504 μινοάνεται.

2266 532 2340 590 ς’.
2371 525 2592 598 Θεωρία
2622 529 2743 582 κατ’
2775 527 2943 598 ἄλλην
2976 530 3261 601 ἐπιϐολήν.
3305 531 3580 602 ’Λνάοεμα
3617 533 3784 601 λέγε-

2193 632 2283 668 ται
2334 617 2426 670 καὶ
2459 619 2487 670 ὁ
2521 619 2729 688 κόσμος
2778 617 2955 682 οὗτος,
3004 625 3031 674 ὁ
3086 624 3389 693 καταδίκης
3437 626 3671 695 χωρίον’
3714 627 3784 679 ὃν

2193 709 2391 778 γεννᾷν
2413 712 2478 778 τῇ
2504 711 2851 783 προσπαθεέᾳ
2876 714 3140 782 πέφυκεν,
3166 716 3194 768 ὁ
3219 716 3296 784 μὴ
3319 716 3451 787 πρὸς
3474 718 3538 770 τὸ
3556 718 3782 789 πνεῦμα

2195 797 2290 853 τοῦ
2325 802 2492 871 νόμου
2532 803 2674 856 κατὰ
2700 804 2826 856 νοῦν
2855 805 3170 864 διαϐαίνων.

2265 895 2331 957 ζ’.
2364 893 2487 947 Ὅτι
2514 896 2651 965 πρὸς
2677 896 2706 949 ὃ
2731 898 3020 966 σχετικῶς,
3056 901 3210 970 φησὶ,
3240 900 3587 972 διακείμεθα,
3629 903 3771 974 πρὸς

2195 986 2373 1038 ἐκεῖνο
2399 986 2494 1039 καὶ
2521 987 2622 1058 τὴν
2655 987 2797 1042 κατὰ
2822 989 2947 1043 νοῦν
2996 990 3227 1062 μελέτην
3255 993 3592 1062 κεκτήμεθα.

2267 1085 2337 1147 η’.
2379 1079 2518 1131 Κατ’
2560 1078 2728 1150 ἄλλην
2768 1079 3027 1151 θεωρίαν,
3079 1083 3164 1138 ὅτι
3210 1085 3466 1153 άνάθεμά
3497 1086 3639 1147 tm,
3676 1086 3780 1138 καὶ

2194 1173 2227 1240 ὴ
2267 1171 2376 1226 τῶν
2405 1171 2598 1226 παθῶν
2643 1172 2932 1238 άνείδωλος
2981 1176 3195 1245 κίνησις
3220 1191 3234 1205 °
3267 1179 3498 1248 αἰσχύνη
3547 1178 3604 1232 δὲ
3651 1181 3780 1231 στί-

2200 1264 2446 1332 ματος,ἡ
2481 1262 2542 1316 τὸ
2574 1263 2746 1327 πάθος
2797 1263 3141 1318 είδοποιοῦσα
3187 1267 3324 1336 πρὸς
3377 1268 3633 1338 αἴσθησιν
3681 1269 3782 1322 τοῦ

2197 1355 2290 1409 νοῦ
2321 1357 2556 1426 κίνησις,
2594 1358 2689 1410 καὶ
2737 1361 2860 1422 ταῖς
2905 1359 3172 1423 ἐπινοίαις
3221 1359 3355 1430 ὓλην
3389 1362 3654 1432 ἁρμόδιον
3699 1361 3784 1431 τῷ

2198 1449 2363 1502 πάθει
2398 1450 2720 1521 πορίζουσα.

2269 1542 2334 1594 θ’.
2363 1541 2520 1594 Κατὰ
2560 1542 2878 1613 συναίρεσιν
2915 1542 3016 1606 τὰς
3045 1546 3194 1614 τρεῖς
3234 1544 3470 1615 θεωρὲας
3507 1544 3602 1598 τοῦ
3655 1564 3775 1599 κει-

2201 1634 2361 1704 μένου
2387 1635 2671 1698 ἐξέδωκεν.

2272 1731 2323 1778 ι’.
2374 1725 2432 1777 '0
2462 1725 2708 1788 πεισθεὶς
2748 1725 2899 1779 Θείαν
2939 1720 3077 1778 εἶναι
3117 1727 3382 1798 διαταγὴν
3427 1729 3493 1782 τὸ
3542 1747 3774 1800 σωματι-

2197 1814 2310 1876 κῶς
2356 1816 2495 1868 κατὰ
2541 1817 2704 1884 νόμον
2766 1819 3002 1888 τρυφᾷν,
3051 1819 3150 1887 τὴν
3211 1821 3655 1890 γαστριμαργίαν
3693 1822 3771 1885 ὼς

2197 1907 2332 1960 Θεοῦ
2365 1908 2538 1978 δῶρον
2571 1908 2840 1978 λαμϐάνει
2869 1910 3008 1978 μετὰ
3036 1913 3214 1980 χαρᾶς
3263 1912 3399 1981 πρδς
3429 1913 3732 1982 συμϐίωσιν
3756 1931 3770 1940 ⁸

2197 1998 2256 2062 ἐξ
2288 1994 2355 2071 ἦς
2388 1999 2549 2067 γεννᾷ
2605 2001 2731 2062 τοὺς
2791 1999 3123 2069 μολύνοντας
3169 2004 3236 2072 τῇ
3277 2005 3632 2074 παραχρήσῃ
3679 2005 3783 2075 τὴν

2197 2091 2481 2160 ὲνέργειαν
2508 2091 2617 2142 τῶν
2656 2091 2964 2161 αἰσθήσεων
2993 2095 3246 2163 τρόπους.

2279 2189 2367 2237 ια’.
2413 2181 2703 2252 Ἐπιτομος
2733 2185 2840 2236 τῶν
2873 2185 3368 2257 προθεωρηθὲντων
3407 2189 3771 2260 ἐπανάληψις,

2195 2277 2261 2330 δι’
2291 2273 2360 2349 ἧς
2389 2276 2666 2330 δείκνυσιν
2714 2277 2845 2330 ὅτιό
2892 2278 3225 2348 σωματικῶς
3271 2281 3632 2352 ἐκλαμϐάνων
3675 2283 3772 2336 τὸν

2196 2368 2380 2435 νόμον,
2411 2368 2509 2437 τὴν
2534 2368 2699 2420 αὑτοῦ
2733 2369 3139 2423 παλλακεύεται
3166 2371 3409 2442 μάθησιν
3429 2390 3440 2402 ·
3472 2375 3566 2426 καὶ
3597 2378 3774 2444 γεννᾷ

2197 2459 2298 2528 τήν
2323 2474 2384 2511 τε
2411 2459 2518 2511 τῶν
2542 2459 2730 2514 παθῶν
2770 2461 2884 2525 ἕξιν
2925 2463 3023 2515 καὶ
3059 2463 3160 2534 τὴν
3199 2464 3481 2534 ἐνέργειαν
3504 2482 3518 2496 ⁸
3557 2467 3654 2519 κιιῇ⁵
3697 2467 3778 2530 ὡς

2197 2549 2348 2603 θείαν
2372 2551 2724 2615 είσοικίζεται
2755 2553 2852 2623 τὴν
2882 2556 3353 2626 γαστριμαργίαν,
3389 2559 3527 2628 πρὸς
3556 2560 3777 2626 γένεσιν

2193 2641 2304 2693 τῶν
2337 2643 2708 2710 ρυπαινόντων
2739 2647 2803 2714 τῇ
2845 2647 3194 2716 παραχρήσει
3219 2647 3314 2710 τὰς
3342 2649 3626 2720 αἰσθήσεις
3649 2654 3779 2722 τρό-

2197 2749 2314 2784 πων
2333 2748 2344 2760 ·
2381 2733 2461 2795 είς
2491 2734 2774 2802 ἀναίρεσιν
2803 2734 2914 2790 τῶν
2941 2737 3000 2788 ἐν
3031 2738 3144 2799 τοῖς
3167 2733 3286 2790 οὖσι
3316 2740 3566 2807 φυσικῶν
3599 2740 3775 2809 λόγων

2195 2841 2255 2877 τε
2290 2826 2384 2879 καὶ
2416 2827 2774 2896 σπερμάτων.

2272 2915 2362 2984 ιβ’.
2419 2917 2478 2969 '0
2499 2919 2610 2979 τοῖς
2641 2917 2934 2986 συμϐόλοις
2965 2919 3062 2971 τοῦ
3105 2919 3294 2990 νόμου,
3325 2940 3400 2991 φη
3413 2922 3520 2985 σιν,
3573 2924 3774 2977 ἐναπο-

512 3013 663 3067 tioue
695 3013 855 3082 297
890 3021 1143 3066 naturam
1178 3012 1388 3077 videre,
1425 3014 1740 3083 inditasque
1759 3015 2093 3070 substantia-

2205 3007 2400 3076 μένων,
2431 3006 2494 3059 οὑ
2525 3006 2748 3061 δύναται
2776 3007 2918 3063 κατὰ
2947 3007 3106 3077 λόγον
3128 3011 3228 3080 τὴν
3265 3011 3374 3065 τῶν
3407 3014 3578 3066 ὄντων
3609 3015 3774 3083 φύσιν

510 3103 639 3158 liter
665 3118 698 3157 a
716 3102 976 3157 Creatore
1003 3102 1168 3157 rebus
1199 3103 1444 3158 rationes
1475 3105 1718 3160 nancisci
1745 3120 1857 3160 non
1883 3111 2088 3176 potest,

509 3192 584 3248 ob
603 3193 888 3264 signorum
915 3207 948 3246 a
975 3208 1162 3248 rerum
1195 3203 1394 3248 natura
1421 3195 1742 3250 discrimen.

585 3371 671 3425 l3.
694 3368 990 3424 Naturales
1011 3371 1258 3425 rationes
1305 3371 1449 3442 ligna
1477 3381 1844 3441 comportant,
1872 3387 1995 3442 qua:
2022 3374 2092 3428 ad

513 3461 826 3517 divinorum
896 3461 1184 3539 scientiam
1247 3475 1523 3532 propenso
1604 3463 1833 3516 materia
1899 3462 2088 3516 ﬁant:

515 3567 710 3622 aquam
767 3558 900 3606 vero
950 3551 1192 3611 all‘erunt
1241 3552 1481 3608 eluendo
1526 3551 1801 3618 allectus,
1849 3563 1911 3608 ut
1970 3570 2092 3623 qua:

514 3641 699 3696 vitalis
753 3641 813 3696 in
879 3642 1078 3712 spiritu
1145 3645 1490 3713 operationis
1537 3657 1890 3715 augmentum
1954 3661 2094 3716 prte-

513 3735 700 3791 beant.

587 3831 678 3886 14.
727 3830 846 3885 Alia
879 3829 1203 3886 eorumdem
1245 3828 1516 3898 spiritalis
1569 3829 1958 3897 consideratio,
1984 3843 2090 3898 qua

515 3937 614 3992 per
630 3921 960 3978 Gabaonitas
980 3921 1226 3992 gentium
1251 3921 1470 3977 voeaeio
1484 3929 1810 3990 experiatur.

589 4014 675 4068 15.
702 4014 985 4068 Materiam
1011 4021 1068 4066 et
1093 4012 1326 4067 formam
1345 4011 1579 4082 spiritali
1606 4028 1773 4067 sensu
1801 4012 2091 4067 Ermontbi

513 4109 574 4155 et
594 4100 1074 4170 Memphibosthe;
1106 4102 1365 4171 quinque
1407 4117 1546 4156 vero
1571 4116 1833 4156 sensuum
1867 4103 2093 4158 abusio-

515 4209 666 4258 nem,
708 4193 962 4248 Merobes
1011 4193 1260 4262 quinque
1304 4193 1448 4248 ﬁlios
1498 4195 1751 4261 vocavit;
1788 4210 1929 4264 quos
1955 4195 2092 4249 alios

515 4285 641 4338 aliis
689 4285 1030 4354 coniungens
1060 4284 1347 4356 :(sensum
1396 4284 1608 4339 scilicet
1664 4300 1787 4340 cum
1863 4287 2091 4340 materia

516 4465 820 4520 situdiuem
882 4465 1214 4537 innectens)
1275 4466 1371 4535 qui
1448 4465 1564 4520 sola
1627 4466 1814 4520 littera
1871 4482 2093 4521 sensum

516 4557 964 4621 circumscribit,
1021 4557 1296 4612 carnalem
1356 4557 1404 4611 is
1456 4556 1680 4626 quidem
1729 4557 1986 4611 allectum
2031 4575 2098 4615 ac

514 4649 804 4706 libidinem
862 4647 1061 4714 eilicit;
1108 4656 1165 4702 at
1202 4648 1486 4703 naturales
1540 4649 1788 4703 rationes
1837 4663 2092 4705 corrum-

513 4739 613 4809 pit.

588 4832 674 4886 16.
731 4831 938 4888 Vitium
989 4830 1106 4902 (seu
1171 4828 1376 4900 passio)
1433 4838 1491 4884 et
1549 4837 1748 4884 natura
1785 4833 2091 4888 secundum

514 4923 765 4980 eamdem
813 4923 1033 4978 essendi
1076 4923 1347 4976 rationem
1393 4921 1540 4977 inter
1579 4936 1640 4977 se
1684 4921 1830 4980 baud
1877 4931 2094 4983 coexsi-

515 5003 687 5050 stunt.

587 5085 674 5138 17.
715 5083 816 5138 Cui
847 5100 958 5139 non
1002 5084 1187 5138 animo
1242 5098 1568 5152 persuasum
1624 5100 1708 5145 est
1750 5070 2094 5163 Scripturam

514 5178 820 5248 spiritalem
865 5193 1010 5245 esse,
1045 5191 1152 5248 qua
1205 5175 1438 5244 laborat,
1491 5198 1601 5237 non
1631 5187 1802 5240 sentit
1847 5188 2094 5243 scientiae

512 5279 831 5343 egestatem.

587 5361 672 5415 13.
696 5361 832 5416 Cum
859 5363 1051 5426 David,
1085 5364 1403 5422 Judmorum
1435 5384 1598 5424 sensu
1624 5379 1686 5423 ut
1713 5371 1887 5440 legem
1927 5373 2092 5443 signi-

519 5450 662 5517 licet,
692 5453 951 5519 sumitur,
985 5457 1181 5525 spretio
1220 5460 1463 5513 nominis
1506 5471 1690 5531 ctymo
1737 5463 1961 5527 dicitur,
2021 5466 2092 5520 ob

519 5545 792 5598 carnalem
817 5544 1130 5599 divinorum
1147 5547 1518 5617 legitimorum
1544 5552 1930 5610 traditionem:
1966 5573 2090 5611 cum

518 5641 649 5686 vero
671 5631 991 5689 Christiano
1016 5635 1128 5690 ritu
1160 5638 1421 5707 spiritum
1443 5641 1734 5712 significat,
1771 5647 1926 5715 fortis
1976 5651 2090 5703 risu

2197 3099 2351 3168 ὀρᾷν,
2381 3099 2477 3154 καὶ
2524 3100 2650 3162 τοὺς
2679 3100 2935 3164 τεθέντας
2979 3102 3256 3166 οὐσιωδῶς
3302 3105 3408 3158 ὑπὸ
3434 3105 3776 3178 δημιουργοῦ

2197 3192 2310 3252 τοῖς
2334 3185 2452 3258 οὖσι
2486 3189 2681 3257 λόγους
2723 3191 3152 3262 περιποιεῖσθαι,
3187 3194 3277 3246 διὰ
3317 3195 3380 3248 τὸ
3427 3197 3540 3248 τῶν
3570 3198 3778 3268 συμϐό-

2199 3280 2306 3333 λων
2333 3280 2468 3348 πρὸς
2491 3281 2588 3350 τὴν
2614 3281 2723 3333 τῶν
2754 3283 2922 3336 ὄντων
2968 3283 3131 3352 φύσιν
3159 3284 3440 3354 διάφορον.

2273 3377 2359 3438 ιγ’.
2399 3369 2765 3443 Ξυλοφοροῦσι
2802 3373 2901 3443 μὲν
2955 3375 3002 3426 oi
3055 3373 3201 3442 λόγοι
3251 3377 3350 3445 τῆς
3389 3377 3640 3444 φύσεως,
3671 3378 3776 3447 ὕλη

2199 3463 2333 3532 πρὸς
2353 3464 2450 3532 τὴν
2475 3463 2677 3530 γνῶσιν
2721 3464 2829 3516 τῶν
2876 3465 3036 3517 Θείων
3075 3465 3350 3532 γινόμενοι
3373 3484 3388 3498 ο
3415 3467 3777 3538 ὑδροφοροῦσι

2197 3556 2252 3608 δὲ
2288 3555 2448 3627 ρύψιν
2478 3555 2760 3618 ποιοῦντες
2787 3556 2998 3622 παθῶν,
3021 3557 3116 3610 καλ.
3138 3557 3376 3611 διάδοσιν
3399 3559 3500 3629 τῆς
3523 3562 3581 3613 ἐν
3612 3561 3779 3637 πνευ-

2201 3663 2332 3716 ματι
2361 3646 2598 3718 ζωτικῆς
2624 3648 2926 3719 ἐνεργείας.

2271 3819 2351 3873 ιδ’.
2392 3819 2562 3891 mm;
2588 3819 2793 3892 θεωρία
2822 3821 2929 3876 τῶν
2951 3823 3529 3898 αὐτῶν,είσηγουμένη
3550 3827 3641 3881 διὰ
3667 3829 3779 3882 τῶν

2199 3910 2561 3966 Γαϐαωνιτῶν
2589 3914 2689 3984 τὴν
2716 3915 2911 3983 κλῆσιν
2940 3915 3049 3969 τῶν
3087 3916 3280 3971 ἐθνῶν.

2272 4002 2353 4054 ιε’.
2392 4001 2565 4072 ’Ύλην
2587 3997 2707 4055 εἷπε
2749 4005 2843 4058 καὶ
2889 3999 3027 4070 εἶδος
3071 4007 3213 4061 κατὰ
3252 4007 3474 4078 Θεωρίαν
3509 4008 3600 4063 τὸν
3639 4010 3774 4082 Ἐρ-

2201 4092 2358 4161 μονθὶ
2406 4091 2499 4146 καὶ
2530 4091 2623 4145 τὸν
2660 4093 3048 4164 διεμφισοσθὲ,
3083 4099 3179 4152 καὶ
3236 4099 3543 4168 πενταπλῆν
3587 4104 3780 4172 παρά-

2197 4201 2392 4256 χρησιν
2415 4185 2524 4240 τῶν
2553 4187 3019 4260 αὶσθήσεων,τοὺς
3052 4191 3213 4245 πέντε
3241 4192 3340 4261 τῆς
3368 4191 3569 4262 Me.pr
3596 4195 3776 4260 υἱούςο

2197 4277 2291 4340 οὒς
2337 4279 2591 4349 αλλήλοις
2627 4283 2890 4354 συνάψας,
2945 4286 3112 4354 ἤγουν
3152 4284 3251 4358 ὕλῃ
3288 4286 3382 4339 καὶ
3419 4286 3552 4340 εἴδει
3605 4305 3777 4359 προσο

408 4391 412 4396 ·
515 4382 572 4430 et
619 4375 795 4449 forma
836 4375 906 4429 ad
954 4375 1091 4445 legis
1125 4391 1250 4430 eum
1296 4390 1464 4430 carne
1507 4375 1852 4431 conflandam
1901 4392 2093 4431 neces-

2202 4371 2402 4435 πλέξας
2445 4372 2544 4443 τὴν
2575 4372 2827 4445 αἴσθησιν
2860 4377 2946 4429 διὰ
2966 4377 3065 4446 τὴν
3103 4376 3238 4448 πρὸς
3263 4377 3444 4446 σάρκα
3480 4375 3577 4430 τοῦ
3611 4377 3781 4448 νόμου

2199 4462 2478 4531 σύστασιν,
2495 4465 2524 4516 ὁ
2539 4470 2700 4536 μόνον
2721 4467 2811 4520 τὸν
2834 4467 2957 4521 νοῦν
2979 4468 3336 4539 περιγράφων
3360 4467 3442 4539 τῷ
3463 4470 3780 4540 γράμματι,

2195 4554 2256 4606 τὸ
2289 4555 2388 4624 μὲν
2420 4558 2681 4627 σαρκικὸν
2715 4557 2886 4623 πάθος
2921 4561 3177 4614 ἀποτελεῖ
3215 4576 3227 4590 ο
3259 4561 3386 4624 τοὺς
3423 4561 3482 4613 δὲ
3513 4563 3781 4630 φυσικοὺς

2195 4644 2498 4718 διαφθείρει
2529 4647 2734 4716 λόγους.

2272 4834 2367 4891 ις’.
2408 4828 2529 4882 Ὅτι
2564 4829 2732 4894 πόθος
2760 4831 2853 4884 καὶ
2906 4833 3067 4900 φύσις
3101 4832 3241 4886 κατὰ
3273 4833 3361 4886 τὸν
3391 4833 3489 4886 τοῦ
3518 4831 3664 4888 εἶναι
3691 4834 3776 4887 λό-

2197 4935 2316 4988 γον,
2343 4919 2596 4992 οὺδαμῶς
2621 4923 2872 4995 ἀλλήλοις
2902 4926 3328 4996 συνυπάρχουσι.

2272 5093 2356 5159 ις’.
2405 5095 2465 5148 Ὀ
2510 5095 2584 5167 μὴ
2636 5097 2943 5162 πιστεύων,
2996 5101 3166 5169 φησὶ,
3203 5100 3300 5172 τὴν
3352 5101 3575 5172 Γραφὴν
3629 5097 3768 5152 εἶναι

2197 5189 2600 5260 πνευματικὴν,
2638 5191 2738 5262 τὴν
2785 5193 2994 5246 οἰκείαν
3028 5193 3171 5247 κατὰ
3200 5194 3299 5264 τὴν
3341 5195 3543 5262 γνῶσιν
3582 5193 3764 5244 πενέαν

2192 5283 2294 5336 οὐκ
2321 5283 2654 5337 αἰσθάνεται.

2275 5382 2364 5445 ιη’.
2399 5376 2592 5441 Ὅταν,
2622 5378 2808 5450 φησιν,
2849 5380 2876 5432 ὁ
2917 5379 3081 5433 Δαϐὶδ
3111 5382 3189 5444 εἰς
3224 5379 3316 5432 τὸν
3354 5381 3518 5451 νόμον
3554 5377 3766 5446 λιμὸά-

2194 5483 2367 5532 νεται,
2393 5471 2514 5521 κατ’
2557 5468 2866 5535 Ἰουδαίους,
2896 5472 2956 5524 τὸ
2990 5473 3222 5542 γράμμα
3253 5472 3449 5544 δηλῶν,
3473 5470 3770 5542 ἑρμηνεύε-

2192 5577 2284 5613 ται
2315 5561 2736 5630 ἐξουδένωσις,
2754 5563 2846 5617 διὰ
2865 5564 2961 5635 τὴν
2988 5565 3122 5636 πρὸς
3150 5567 3329 5637 σάρκα
3357 5566 3465 5620 τῶν
3487 5565 3643 5618 ϐείων
3676 5580 3777 5616 νο-

2196 5651 2376 5722 μίμων
2407 5655 2705 5726 παράδοσιν
2736 5672 2747 5684 ·
2782 5657 2922 5714 κατὰ
2960 5658 3014 5711 δὲ
3055 5659 3417 5728 Χριστιανοὺς
3455 5660 3516 5712 ab
3555 5657 3786 5728 πνεῦμα
