4134 6192
378 250 482 314 777

1411 237 1899 311 QU/ESTIONES
1939 237 2038 296 AD
2074 240 2579 303 THALASSIUM.

3513 238 3621 301 ’ΠΒ

377 353 681 425 σημαίνων,
700 347 1065 419 ἑρμηνεύεται
1100 346 1550 417 ίσχυρδςερράσει,
1568 346 1659 399 διὰ
1684 344 1783 413 τὴν
1810 342 1952 398 κατὰ

2055 346 2243 401 eodem
2273 348 2543 414 redditur,
2578 348 2650 403 ob
2677 347 2979 418 spiritalem
3005 355 3187 402 mente
3212 346 3454 401 scientia:
3484 364 3619 404 eon-

379 444 505 497 νοῦν
532 441 768 510 Θεωρίαν
810 438 909 506 τῆς
938 436 1215 504 γνώσεως.

456 534 542 589 ιϐ’.
578 533 769 601 Ψυχὴν
797 533 895 600 τῆς
918 529 1139 598 Γραφῆς
1166 525 1383 591 εἴπε,τὸ
1413 526 1629 597 πνεῦμα
1650 542 1664 557 ⁸
1685 526 1843 595 σῶμα
1874 525 1951 589 δὲ,

381 630 445 683 τὸ
474 630 729 699 γράμμα.

354 736 361 739 ‘
456 727 524 773 κ’.
562 720 698 780 Τοὺς
727 714 1179 786 τρεῖς-ἐνιαυτοὺς
1202 712 1373 779 λέγει,
1400 711 1527 772 τοὺς
1561 711 1708 779 τρεῖς
1732 708 1951 778 νόμους,

382 809 473 861 τόν
502 825 559 861 τε
586 806 831 875 γραπτὸν
852 844 867 867 ,
900 804 991 856 καὶ
1021 801 1111 853 τὸν
1156 799 1404 869 φυσικὸν,
1441 799 1534 851 καὶ
1579 798 1670 850 τὸν
1711 796 1952 866 χάριτος,

380 901 679 970 ἐχομένους
717 895 986 966 ἀλλήλων.
1033 894 1092 945 ὐ
1140 892 1315 944 τοίνυν
1365 891 1457 943 τὸν
1499 889 1742 960 γραπτὸν
1793 888 1955 957 νόμον

382 990 672 1060 λαμϐάνων
699 986 1048 1056 σωματικῶς,
1073 985 1293 1054 ἀρεταῖς
1317 983 1417 1051 τὴν
1443 980 1619 1050 ψυχὴν
1648 981 1709 1033 οὐ
1743 978 1955 1047 διατρέ-

382 1098 475 1149 φει
501 1097 514 1111 ⁸
550 1083 643 1132 καὶ
675 1080 704 1131 ό
735 1081 845 1140 τοῖς
868 1077 1043 1145 λόγοις
1064 1075 1173 1127 τῶν
1206 1074 1375 1127 όντων
1407 1074 1507 1125 οὐκ
1539 1070 1863 1135 ἐπιϐάλλων,
1885 1070 1952 1139 τῇ

378 1172 605 1243 ποικίλῃ
636 1170 730 1223 τοῦ
768 1169 903 1222 Θεοῦ
939 1168 1101 1237 σοφίᾳ
1142 1168 1236 1219 τὸν
1278 1165 1401 1219 νοῦν
1435 1164 1717 1233 οὐχέστιᾷ
1749 1160 1954 1229 φιλοτί-

376 1278 539 1333 μως·
574 1263 714 1315 καὶςό
735 1261 795 1313 τὸ
831 1260 973 1329 μέγα
1026 1259 1126 1328 τῆς
1180 1256 1377 1325 καινῆς
1428 1257 1647 1325 χάριτος
1687 1254 1762 1324 μὴ
1792 1256 1955 1321 γινὼ-

388 1371 534 1408 σκων
565 1353 862 1423 μυστήριον
883 1389 900 1415 ,
931 1353 997 1420 τῇ
1030 1348 1210 1403 ἑλπίδι
1248 1348 1345 1417 τῆς
1378 1345 1676 1417 μελλούσης
1707 1343 1955 1405 θεώσεως

372 1445 487 1497 οὐκ
507 1442 819 1512 ἀγάλλεται.
853 1438 1059 1492 Οὐκοῦν
1088 1440 1122 1509 ἡ
1152 1436 1383 1505 ἔλλειψις
1409 1437 1507 1505 τῆς
1537 1435 1675 1489 κατὰ
1700 1434 1790 1486 τὸν
1820 1448 1957 1502 γρι-

389 1534 522 1586 πτὸν
545 1533 706 1601 νόμον
732 1530 1110 1601 πνευματικῆς
1131 1529 1363 1599 θεωρίας
1408 1527 1523 1596 ἔχει
1563 1524 1954 1595 παρεπομένην

376 1626 527 1694 αὐτῇ
559 1622 882 1695 τῆνένδειαν
909 1622 1007 1692 τῆς
1036 1620 1179 1675 κατὰ
1225 1621 1315 1674 τόν
1349 1618 1577 1689 φυσικὸν
1612 1619 1773 1687 νόμον
1804 1632 1955 1667 νοου-

2054 436 2460 492 siderationem.

2128 525 2217 580 19.
2243 527 2497 581 Animam
2528 529 2823 598 Scriptum
2850 529 3099 599 spiritum
3134 529 3464 598 appellavit;
3507 544 3624 583 cor-

2053 631 2157 685 pus
2186 632 2339 681 vero,
2370 620 2586 673 vocavit
2620 620 2879 674 litteram.
3654 626 3661 631 ’

2122 707 2212 760 20.
2237 708 2427 763 Annos
2462 718 2593 774 tres,
2630 719 2741 764 tres
2761 720 2917 764 vocat
2944 711 3108 780 leges,
3154 708 3435 777 scriptam,
3462 718 3625 761 natu-

2050 795 2227 850 ralem
2257 806 2314 851 et
2337 800 2547 867 gratiae,
2578 796 2684 853 sibi
2717 800 2852 854 alias
2892 800 3014 853 aliis
3062 800 3371 853 continuas.
3402 799 3619 866 itaque.

2044 887 2103 940 is
2126 889 2219 955 qui
2240 889 2416 959 legem
2444 891 2702 959 scriptam
2732 891 3003 960 corporali
3031 891 3240 944 ratione
3256 890 3475 958 accipit,
3505 890 3624 943 ani-

2054 992 2195 1031 mam
2229 979 2527 1035 virtutibus
2557 996 2667 1035 non
2691 982 2804 1036 alit.
2832 982 3079 1048 Quiitem
3104 982 3411 1036 rationibus
3438 998 3620 1037 rerum

2054 1070 2299 1123 animum
2335 1087 2446 1126 non
2469 1073 2723 1138 attendit,
2750 1075 2899 1127 varia
2922 1074 3017 1129 Dei
3050 1075 3334 1144 sapientiae
3382 1086 3622 1131 mentem

2044 1162 2349 1217 ambitiose
2376 1178 2483 1217 non
2509 1166 2729 1234 accipit.
2763 1165 2866 1231 Qui
2892 1167 3128 1235 denique
3162 1181 3415 1237 magnum
3468 1184 3623 1223 novre

2052 1253 2244 1322 gratiae
2270 1266 2384 1309 non
2417 1257 2571 1309 novit
2600 1258 2942 1326 mysterium,
2994 1274 3101 1312 non
3139 1258 3351 1311 exsulat
3384 1275 3447 1313 ea
3501 1274 3619 1329 spe,

2054 1344 2201 1411 quod
2226 1345 2557 1401 imbuendus
2583 1348 2788 1402 deitate
2817 1349 2909 1403 sit.
2930 1349 3098 1419 Igitur
3124 1350 3387 1418 spiritalis
3424 1367 3622 1420 specu-

2056 1432 2276 1489 lationis
2305 1451 2405 1504 pro
2453 1437 2589 1507 legis
2629 1438 2845 1507 scripta:
2884 1439 3097 1493 ratione
3148 1439 3387 1494 defectui
3438 1455 3625 1495 comes

2056 1532 2160 1589 est,
2193 1526 2355 1580 varia:
2380 1527 2475 1580 Dei
2499 1529 2800 1597 sapientiae,
2827 1546 2927 1598 pro
2945 1530 3079 1600 legis
3114 1532 3379 1585 naturalis
3412 1531 3625 1586 ratione

2059 1615 2372 1679 intellectae,
2404 1619 2662 1686 penuria;
2708 1635 2871 1687 quam
2898 1622 3124 1674 omnino
3176 1613 3437 1690 sequatur
3487 1638 3627 1691 pra:-

382 1690 558 1785 νμένης
582 1690 828 1784 ποικίλης
850 1690 1038 1782 σοφίας
1066 1712 1159 1765 τοῦ
1185 1712 1341 1776 Θεοῦ,
1362 1710 1705 1781 ὲφεπομὲνην
1730 1708 1955 1777 ἔχουσαν

2062 1714 2240 1761 stante
2273 1708 2991 1778 deiﬁcationisiguorantia,
3040 1725 3142 1778 pro
3194 1711 3321 1764 novi
3378 1690 3623 1781 mystcrii

388 1806 490 1874 τῆς
519 1805 659 1860 κατὰ
692 1805 754 1858 τὸ
799 1805 985 1859 καινὸν
1032 1805 1329 1874 μυστήριον
1369 1801 1552 1872 χάριτι
1592 1799 1958 1870 δοθησομένης

376 1894 639 1958 νθεώσεως
670 1896 883 1958 πάντως
906 1895 1005 1964 τὴν
1044 1894 1290 1962 ἄγνοιαν.
1682 1934 1685 1939 -
1852 1913 1863 1923 ⁸

461 1993 567 2039 κα’.
608 1987 666 2039 ὐ
700 1984 1083 2056 πνευματικῶς
1117 1984 1191 2055 μὴ
1216 1983 1350 2055 νοῶν
1373 1982 1464 2036 τὸν
1483 1982 1665 2052 νόμον,
1686 1980 1794 2034 κᾶν
1820 1983 1959 2035 ἀπο-

378 2074 620 2128 θανόντα
647 2074 746 2145 ἔχῃ
776 2075 869 2127 τὸν
900 2072 1067 2143 νόμον
1101 2072 1187 2124 διὰ
1217 2070 1277 2125 τὸ
1328 2069 1404 2141 μὴ
1449 2070 1745 2140 λατρεύειν
1772 2086 1958 2139 σωμαο

388 2164 578 2229 τικῶς,
597 2164 731 2217 ἀλλὰ
754 2164 824 2217 τὰ
856 2161 1168 2232 χαμαίζηλα
1204 2161 1318 2231 ἔχει
1353 2160 1448 2212 τοῦ
1473 2160 1639 2230 νόμου
1671 2159 1918 2229 νοήματα
1940 2174 1956 2190 ⁸

386 2255 460 2308 τὰ
487 2255 657 2308 τέκνα
677 2254 770 2307 τοῦ
800 2253 973 2307 Σαοὺλ
1005 2253 1256 2323 περιέπει
1283 2251 1377 2306 καὶ⁵
1406 2250 1475 2304 τὰ
1514 2251 1712 2319 ἔκγονα
1731 2266 1744 2281 ⁸
1773 2249 1853 2305 διὸ
1882 2249 1959 2321 τῷ

389 2347 535 2417 λιμῷ
556 2347 652 2415 τῆς
672 2344 925 2414 γνώσεως
955 2344 1324 2415 βασανίζεται.

462 2436 572 2507 κβ’.
615 2436 824 2507 Ὠσπερ
867 2435 929 2488 τὸ
980 2435 1275 2506 πρόσωπον
1316 2431 1813 2505 χαρακτηριστικόν
1840 2432 1959 2486 ἐστι

387 2525 484 2579 τοῦ
534 2524 656 2580 καθ’
695 2526 924 2578 ἕκαστον
956 2541 971 2557 ⁸
995 2523 1140 2577 οὓτω
1182 2522 1276 2577 καὶ
1313 2526 1347 2594 ἠ
1378 2522 1730 2593 πνευματικὴ
1760 2522 1961 2590 γνῶσις

384 2612 709 2684 ἑμφατικῶς
734 2613 1131 2685 χαρακτηρίζει
1170 2611 1231 2666 τὸ
1261 2612 1418 2666 Θεῖον
1438 2627 1452 2642 ⁸
1481 2614 1547 2682 ἢν
1573 2613 1601 2664 ὁ
1628 2611 1807 2682 ζητῶν
1826 2650 1843 2678 ,
1873 2611 1961 2665 λέ-

388 2721 548 2773 γεται
575 2706 756 2775 ζητεῖν
783 2704 844 2756 τὸ
866 2704 1159 2774 πρόσωπον
1182 2704 1414 2775 Κυρίου.

462 2884 568 2951 κγ’.
615 2885 701 2948 Ὠς
738 2883 989 2953 ἰσχυρὸς
1013 2882 1243 2953 ὁράσει,
1269 2884 1364 2941 καὶ
1392 2887 1541 2949 νοῦς
1562 2881 1908 2951 ,διορατικὸς
1931 2887 1959 2941 ὁ

388 2975 555 3028 Δαϐὶδ
585 2974 964 3046 ἑρμηνεύεται.

463 3065 559 3118 κδ’.
609 3066 666 3118 '0
695 3065 1211 3137 κατασαρκούμενος
1232 3065 1378 3120 κατὰ
1404 3066 1465 3119 τὸ
1488 3066 1722 3137 γράμμα
1749 3065 1846 3119 τοῦ
1875 3064 1961 3119 νο-

392 3174 498 3228 μου
523 3160 642 3221 ταῖς
670 3158 915 3228 ὲναίμοις
938 3158 1168 3225 θυσίαις,
1194 3158 1537 3230 ποθουμένην
1571 3160 1793 3230 ἄγνοιαν
1822 3160 1957 3230 ἔχει,

392 3249 529 3318 πρὸς
561 3250 727 3319 μόνην
775 3251 973 3321 σαρκὸς
1018 3252 1212 3322 ἡδονὴν
1252 3252 1351 3323 τὴν
1406 3252 1627 3323 ἐντολὴν
1668 3253 1959 3325 ἐκδεχόμε-

392 3357 500 3403 νος.

461 3436 561 3486 κε’.
604 3432 661 3484 '0
709 3431 807 3499 μὲν
865 3431 1211 3502 σωματικῶς,
1248 3432 1420 3503 φησὶ,
1452 3432 1597 3486 κατὰ
1652 3433 1817 3504 νόμον
1859 3432 1957 3485 λα-

389 3523 632 3593 τρεύων,
680 3523 929 3592 καθάπερ
974 3523 1105 3594 ὅλην
1155 3525 1323 3593 γεννᾷ
1368 3523 1468 3593 τὴν
1523 3525 1644 3577 κατ’
1678 3524 1959 3595 ἐνέργειαν

391 3610 667 3681 ἁμαρτίαν
694 3624 709 3640 ⁸
738 3609 835 3664 καὶ
880 3609 955 3673 ὡς
1005 3606 1166 3675 εἶδος,
1204 3610 1306 3682 τὴν
1346 3611 1435 3664 ἀπ’
1462 3612 1601 3683 αὐτῇ
1645 3612 1789 3665 κατά
1834 3612 1958 3665 νοῦν

394 3699 787 3769 συγκατάθεσιν
826 3702 945 3764 ταῖς
1003 3701 1333 3771 προσφόροις
1361 3703 1580 3773 ἡδοναῖς
1623 3703 1734 3755 τῶν
1765 3704 1960 3773 αἰσθήο

394 3806 531 3841 σεων
582 3788 776 3851 ὑλικῶς
806 3788 1211 3844 διαπλάττεται.
1250 3790 1310 3843 '0
1333 3792 1389 3844 δὲ
1435 3793 1825 3862 πνευματικῶς
1855 3794 1956 3865 τὴν

391 3879 613 3950 Γραφὴν
661 3879 1028 3950 ἐκδεχόμενος,
1058 3879 1135 3942 ὡς
1180 3880 1279 3950 μὲν
1321 3881 1473 3950 ὓλην,
1498 3883 1597 3950 τὴν
1629 3881 1910 3952 ἐνέργειαν
1937 3898 1952 3913 ⁸

390 3970 467 4033 ὡς
518 3966 653 4032 εἶδος
678 3969 757 4036 δὲ,
786 3970 886 4039 τῆς
931 3970 1205 4041 ἁμαρτίας
1240 3971 1338 4042 τὴν
1379 3973 1775 4040 συγκατάθεσιν
1816 3975 1956 4043 μετὰ

390 4062 499 4114 τῶν
546 4062 685 4115 κατὰ
726 4062 1075 4133 παραχρησιν
1106 4063 1243 4134 πρὸς
1285 4065 1479 4134 ἡδονὴν
1522 4066 1620 4134 τῆς
1649 4064 1955 4136 αἰσθήσεως

389 4153 605 4223 τρόπων
628 4192 642 4216 ,
672 4153 748 4215 ὼς
792 4154 939 4217 υἱοὺς
979 4154 1072 4207 καὶ
1115 4155 1338 4218 υἱωνοὺς
1376 4155 1471 4209 τοῦ
1518 4154 1742 4226 νομικοῦ
1778 4157 1955 4226 γράμ-

393 4257 561 4309 ματος
601 4241 819 4293 θανατοῖ
868 4241 953 4294 διὰ
996 4242 1105 4296 τῶν
1149 4243 1392 4311 φυσικῶν
1444 4244 1720 4317 λογισμῶν
1765 4246 1844 4299 ἐν’
1876 4244 1954 4315 τῷ

390 4335 516 4405 ὕψει
539 4337 635 4407 τῆς
662 4336 916 4408 θεωρίας.

460 4435 573 4493 κςν.
608 4430 730 4484 Ὀτι
755 4431 921 4501 χωρὶς
949 4429 1183 4499 φυσικῆς
1213 4427 1466 4500 θεωρίας,
1486 4426 1662 4490 οὐδεὶς
1687 4427 1785 4496 τὴν
1816 4426 1950 4495 πρὸς

388 4522 457 4578 τὰ
484 4523 602 4578 θεῖα
633 4524 740 4576 τῶν
769 4526 1008 4595 νομικῶν
1038 4521 1322 4593 συμϐόλων
1353 4521 1672 4590 ἀπέμφασιν
1700 4518 1953 4587 διαγινὼκ

392 4632 533 4670 σκει.

460 4706 559 4771 κζ’.
595 4708 667 4759 Τὸ
707 4706 987 4776 ἐξηλιάσαι
1027 4705 1301 4774 νενόηκεν,
1336 4706 1456 4758 ἀντὶ
1509 4703 1603 4756 τοῦ
1639 4700 1950 4773 φανερῶσαι

387 4798 528 4850 κατὰ
555 4799 615 4850 τὸ
640 4798 768 4867 ὕψος
808 4798 905 4867 τῆς
937 4796 1168 4866 θεωρίας
1202 4797 1263 4848 τὸ
1289 4798 1525 4867 γράμμα
1548 4794 1641 4846 τοῦ
1671 4794 1835 4863 νόμου
1861 4811 1917 4845 νε
1936 4821 1950 4831 -

388 4891 540 4961 κρὺν,
569 4890 655 4943 διὰ
675 4891 774 4960 τῆς
803 4892 859 4943 ὲν
893 4888 1163 4959 πνεύματι
1208 4887 1480 4957 γνώσεως.

456 5074 563 5138 κη’.
596 5068 783 5139 Ὅριον
820 5066 1035 5137 Ἰσραὴλ
1066 5066 1310 5135 νενόηκε,
1347 5065 1522 5118 πάντα
1565 5064 1722 5132 λόγον
1765 5081 1823 5116 τε
1861 5065 1953 5116 καὶ

380 5160 582 5231 τρόπον
608 5159 985 5227 πνευματικῆς
1008 5157 1237 5227 θεωρίας
1271 5175 1285 5188 ⁸
1319 5160 1375 5209 ὲν
1400 5151 1444 5224 ᾧ
1478 5157 1669 5226 στῆναι
1704 5158 1765 5208 οῦ
1791 5156 1953 5209 δύνα-

324 5238 327 5239 ν
381 5271 471 5308 ται
503 5252 783 5314 παντελῶς
813 5253 846 5321 ἠ
871 5251 1154 5322 σωματικὴ
1184 5253 1277 5305 τοῦ
1309 5251 1473 5319 νόμου
1523 5248 1840 5323 παράδοσις.

451 5426 557 5482 κθ’.
591 5428 666 5480 Τὸ
719 5430 814 5497 μὲν
848 5430 1065 5497 πνεῦμα
1088 5474 1103 5494 ,
1133 5429 1298 5497 φησι,
1349 5429 1492 5499 ζωῆς
1540 5429 1774 5498 ὑπάρχει
1818 5446 1956 5501 παρ-

382 5520 634 5575 ικτικὸν·
676 5520 736 5571 τὸ
775 5520 829 5572 δὲ
880 5522 1114 5590 γράμμα
1139 5558 1155 5581 ,
1181 5520 1325 5589 ζωῆς
1374 5521 1522 5572 ἐστιν
1578 5519 1951 5588 ἁφαιρετικὸν.

385 5609 593 5664 οὐκοῦν
621 5608 681 5661 οὐ
712 5609 936 5661 δύναται
964 5611 1057 5661 καὶ
1083 5612 1142 5661 τὸ
1173 5611 1406 5679 γράμμα
1440 5610 1704 5680 πράττειν
1734 5610 1874 5666 κατὰ
1896 5612 1957 5664 τὸ

715 5701 985 5762 ΡΑτιιοι..
1016 5702 1131 5760 (in.
1177 5702 1297 5762 XC.

2055 1799 2243 1867 gratiae
2273 1814 2523 1854 munere.

2124 1978 2349 2044 2|.Qui
2388 1994 2499 2034 non
2548 1979 2875 2049 spiritaliter
2899 1979 3073 2049 legem
3122 1979 3401 2050 intelligit,
3455 1996 3629 2050 quan-

2050 2086 2219 2141 quam
2238 2079 2510 2124 mortuam
2540 2072 2716 2141 legem
2768 2071 2987 2137 habeat,
3037 2087 3098 2125 ea
3149 2073 3363 2127 scilicet
3412 2076 3628 2129 ratione

2057 2161 2204 2231 quod
2227 2162 2587 2231 corporaliter
2617 2178 2727 2216 non
2762 2162 2974 2226 servit;
3028 2163 3256 2216 humilia
3278 2171 3459 2217 tamen
3493 2164 3629 2234 legis

2056 2267 2222 2309 sensa
2245 2252 2479 2324 (Saulis
2503 2252 2647 2308 filios
2679 2261 2736 2306 et
2775 2250 3022 2322 nepotes)
3049 2252 3210 2318 colit;
3243 2268 3309 2307 ex
3341 2268 3451 2322 quo
3498 2269 3626 2308 eum

2059 2344 2201 2399 fame
2224 2344 2468 2399 scientiae
2502 2343 2749 2413 torqueri
2776 2344 3065 2413 contingit.

2127 2437 2217 2491 22.
2243 2435 2716 2503 Quemadmodum
2751 2435 2919 2489 facies
2942 2435 3187 2506 singulos
3203 2450 3450 2505 quosque
3480 2436 3630 2490 velut

2060 2536 2188 2581 nota
2210 2526 2437 2596 pr0pria
2467 2525 2757 2595 distinguit
2780 2532 2944 2593 atque
2974 2524 3236 2594 insignit;
3269 2524 3347 2578 sic
3376 2534 3434 2579 et
3462 2524 3629 2594 spiri-

2060 2616 2188 2671 talis
2212 2617 2465 2674 scientia.
2500 2616 2647 2685 quod
2676 2615 2923 2669 divinum
2946 2624 3031 2669 est
3065 2630 3323 2685 expresse
3377 2616 3630 2686 obsignat

2063 2724 2129 2763 ac
2154 2718 2539 2778 reprmsentat;
2574 2722 2737 2778 quam
2775 2708 2868 2777 qui
2916 2707 3132 2777 quaerit,
3179 2707 3395 2762 Domini
3432 2706 3630 2762 faciem

2061 2814 2308 2869 quaerere
2334 2799 2555 2854 dicitur.

2136 2890 2226 2943 25.
2269 2891 2457 2955 David,
2481 2892 2527 2945 si
2559 2906 2756 2945 nomen
2794 2891 3192 2959 interpreteris,
3223 2897 3435 2960 (aspectu
3459 2889 3631 2959 fortis,

2064 2997 2128 3037 ac
2148 2998 2291 3035 mens
2309 2983 2581 3053 perspicax
2600 2982 2826 3036 dicitur.

2135 3073 2225 3127 2L
2252 3073 2355 3140 Qui
2378 3089 2444 3127 ex
2465 3074 2692 3143 scriptae
2716 3074 2852 3143 legis
2870 3073 3086 3127 ratione
3130 3074 3385 3126 cruentis
3436 3072 3631 3126 hostiis

2062 3166 2298 3222 carnalis
2322 3166 2558 3229 exsistit,
2585 3166 2947 3235 ignorantiam
2985 3173 3132 3217 amat
3180 3178 3245 3217 ac
3269 3164 3497 3233 expetit,
3536 3163 3631 3232 qui

2061 3268 2396 3329 praeceptum
2421 3270 2481 3313 ut
2505 3259 2571 3311 ad
2591 3252 3005 3329 solanispectet
3035 3257 3219 3312 carnis
3270 3258 3630 3326 voluptatem,

2060 3352 2302 3421 eitponit.

2128 3443 2220 3497 25.
2243 3441 2345 3508 Qui
2377 3441 2739 3510 corporaliter
2768 3456 2832 3494 ex
2860 3442 2996 3512 tegis
3039 3444 3252 3497 ratione
3285 3445 3475 3509 servit,
3515 3453 3632 3499 tan-

2058 3550 2221 3604 quam
2260 3535 2567 3592 materiam,
2600 3540 2885 3603 peccatum
2909 3548 3077 3602 Opere
3113 3535 3285 3604 gignit
3312 3553 3324 3587 :
3355 3546 3417 3590 ut
3442 3546 3630 3593 autem

2058 3628 2254 3690 forma,
2292 3626 2493 3679 mentis
2527 3626 2583 3678 in
2615 3625 2794 3694 ipsum
2821 3639 3113 3689 consensu,
3173 3626 3630 3681 convenientibus

2059 3732 2321 3772 sensuum
2370 3716 2644 3770 illecebris
2692 3715 2982 3769 formatur.
3023 3718 3114 3780 At,
3163 3716 3255 3785 qui
3304 3716 3629 3789 spiritaliter

2056 3809 2231 3879 legem
2268 3809 2453 3871 sumit,
2504 3815 2563 3860 ut
2595 3805 2817 3876 quidem
2866 3806 3173 3872 materiam,
3210 3807 3624 3877 operationem;

2057 3907 2118 3953 ut
2151 3907 2334 3951 autem
2395 3895 2647 3961 formam,
2692 3896 2903 3965 peccati
2940 3910 3294 3960 consensum,
3356 3913 3462 3951 una
3500 3914 3625 3952 cum

2056 4005 2251 4045 sensus
2274 3987 2587 4042 libidinosis
2632 4004 2731 4056 per
2771 3987 3004 4041 abusum
3050 3986 3247 4051 modis,
3305 3989 3455 4044 velut
3489 3989 3627 4060 legis

2054 4076 2252 4130 litterae
2282 4075 2423 4130 filios
2451 4091 2515 4129 ac
2550 4085 2801 4145 nepotes,
2832 4092 2931 4145 per
2969 4077 3249 4131 naturales
3276 4078 3518 4133 rationes
3569 4080 3626 4133 in

2054 4167 2443 4237 speculationis
2460 4167 2571 4223 alto
2604 4167 2808 4223 vertice
2843 4167 3061 4222 occidit.

2120 4434 2210 4488 26.
2244 4432 2462 4502 Absque
2499 4431 2735 4488 naturali
2763 4432 3142 4501 speculatione
3171 4433 3442 4489 dissidere
3485 4450 3512 4488 a
3539 4437 3624 4488 ιιι-

2051 4519 2197 4573 vinis
2220 4519 2412 4589 legalia
2432 4518 2697 4590 symbola,
2731 4534 2893 4573 nemo
2924 4520 3217 4589 dignoscit.

2122 4696 2212 4751 27.
2299 4696 2380 4750 Ad
2442 4696 2615 4751 solem
2690 4696 3031 4766 suspendere
3070 4739 3083 4763 ,
3143 4696 3248 4751 ltoc
3321 4699 3621 4765 intellexit;

2053 4798 2358 4842 emortuam
2419 4788 2632 4843 scilicet
2679 4789 2818 4858 legis
2874 4789 3118 4842 litteram
3177 4804 3276 4859 per
3336 4790 3622 4845 scientiam

2054 4882 2107 4933 in
2164 4882 2363 4949 spiritu
2419 4882 2770 4935 manifestare
2838 4882 2895 4935 in
2961 4880 3297 4935 sublimitate
3374 4884 3624 4950 Specula-

2052 4972 2235 5025 tionis.

2148 5064 2236 5118 28.
2316 5064 2536 5118 lsraelis
2614 5064 2910 5119 terminum
2975 5064 3294 5131 intellexit,
3352 5068 3624 5123 rationem

2054 5171 2271 5209 onmem
2302 5157 2631 5225 modumque
2659 5157 2921 5226 spiritalis
2971 5157 3383 5225 speculatiouis,
3420 5161 3472 5214 in
3517 5177 3628 5229 quo

2055 5249 2355 5316 corporalis
2409 5250 2546 5317 legis
2599 5250 2823 5302 traditio
2884 5249 3108 5303 omnino
3171 5250 3472 5305 consistere
3531 5268 3628 5307 uc-

2057 5340 2197 5407 quit.

2127 5426 2215 5485 29.
2260 5430 2491 5498 Spiritui
2520 5430 2743 5497 quidem
2775 5447 2842 5484 ex
2889 5430 3074 5485 indole
3106 5440 3189 5485 est.
3218 5440 3280 5484 ut
3323 5432 3488 5485 vitam
3528 5433 3629 5485 tri-

2057 5524 2227 5585 buat;
2271 5523 2466 5576 litterae
2491 5536 2645 5586 vero,
2694 5530 2754 5576 ut
2810 5537 2930 5577 eam
2967 5524 3191 5577 adimat.
3220 5523 3340 5576 Non
3370 5539 3500 5593 ergo
3542 5539 3632 5578 se-

2056 5614 2297 5671 cundum
2333 5612 2478 5667 idem
2513 5614 2694 5670 littera
2724 5622 2779 5670 et
2800 5614 3024 5684 spiritus
3061 5615 3278 5685 operari
3318 5615 3540 5681 valent;
3575 5623 3637 5670 ut

3229 5705 3312 5769 25
