4036 6210
531 271 640 338 ’179

1703 270 1762 330 S.
1802 271 2086 332 MAXIMI
2125 271 2626 341 CONFESSOBIS

3665 282 3783 348 780

533 399 714 457 neque
743 382 892 455 quod
924 382 1092 438 vitam
1133 381 1331 437 tribuit
1352 391 1407 436 et
1429 381 1576 451 quod
1593 382 1828 452 perimit
1850 399 1960 438 una
1977 398 2100 455 pos-

2205 386 2360 450 at'a'rlr,
2397 386 2492 440 καὶ
2517 387 2579 440 τὸ
2611 385 2832 458 πνεῦμα
2865 403 2880 418 ·
2903 388 3105 461 ιῶσπερ
3135 390 3255 444 οὐδὲ
3297 391 3360 446 τὸ
3394 387 3656 458 ζυκιποιὸν
3695 393 3782 465 τῷ

534 484 664 532 sunt
688 477 970 532 exsistere.

597 568 692 623 50.
725 563 1081 636 Praeputium,
1113 564 1245 634 quid
1279 565 1530 620 naturale
1563 575 1666 622 est.
1705 566 1980 638 Quidquid
2007 585 2106 623 au-

532 671 643 716 tem
667 669 754 714 est
784 659 1053 724 naturale,
1084 657 1284 712 divina
1317 656 1618 712 creationis
1657 673 1798 728 opus
1825 667 1929 714 est.
1953 659 2104 731 Opus

535 747 964 804 antem°divinte
993 748 1310 813 creationis,
1361 748 1527 803 etiam
1584 748 1746 804 valde
1785 749 1992 804 bonum
2038 765 2104 805 ac

531 838 825 907 pulchrum
857 848 962 901 est,
989 839 1144 909 juxta
1185 854 1400 904 vocem,
1440 855 1570 909 qua:
1608 840 1686 894 ait
1720 857 1734 893 :
1791 841 1926 895 Vidit
1963 839 2102 896 Deus

533 937 724 983 cuncta
755 945 873 999 qua:
911 930 1077 1000 298
1101 930 1322 999 fecerat,
1366 939 1415 984 et
1453 943 1569 984 ecce
1621 931 1758 985 bona
1795 930 1967 997 valde,
1999 943 2099 986 seu

533 1022 756 1093 pulchra
778 1023 846 1076 ”.
868 1022 982 1078 Lex
1001 1031 1206 1088 autem,
1239 1035 1364 1077 cum
1386 1023 1540 1077 velut
1590 1023 1955 1088 immundum,
2001 1036 2102 1093 per

533 1113 1036 1178 circumcisione‘m,
1091 1114 1418 1184 praeputium
1463 1115 1857 1183 amputandum
1889 1115 2101 1185 iubeat,

532 1207 704 1261 Deum
741 1220 882 1275 opus
909 1219 1071 1260 suum
1100 1213 1218 1260 arte
1239 1205 1621 1260 emendantem
1669 1205 1914 1272 inducit;
1954 1205 2102 1275 quod

532 1297 619 1352 vel
656 1297 896 1367 cogitatu
927 1296 1312 1366 impiissimum
1339 1303 1444 1351 est.
1501 1296 1676 1366 Igitur
1709 1297 1804 1366 qui
1835 1296 2103 1367 legalibus

533 1389 704 1460 signis
732 1397 925 1444 natura
945 1389 1185 1444 animum
1201 1388 1445 1448 adhibet.
1467 1388 1572 1442 hoc
1591 1387 1763 1451 novit,
1782 1388 1973 1451 Deum,
1991 1401 2104 1442 non

532 1490 649 1536 arte
681 1482 974 1536 emendare
1004 1487 1273 1546 naturam,
1297 1480 1396 1536 sed
1429 1480 1620 1552 iubere
1649 1487 1710 1533 ut
1731 1487 1942 1550 partem
1965 1478 2101 1533 alle-

534 1573 716 1629 ctibus
730 1574 1043 1638 obnoxiam,
1061 1587 1184 1642 quae
1199 1573 1403 1627 rationi
1418 1579 1594 1642 paret,
1607 1571 2098 1636 circumcidamus;

537 1665 696 1734 cujus
731 1665 786 1718 id
812 1664 1120 1718 membrum
1176 1663 1347 1734 ﬁgura
1395 1670 1500 1717 est.
1537 1662 1691 1716 lianc
1745 1661 2008 1727 scientiae,
2039 1668 2103 1714 ut

2205 476 2514 549 φθοροποιῷ
2554 479 2907 550 συνυπάρχει.
3823 529 3837 538 .

2275 569 2341 623 λ’.
2374 571 2608 624 Φυσικὸν
2648 572 2682 640 ἡ
2706 571 3063 642 ἀκροϐυστία,
3099 573 3252 644 φησί·
3277 575 3387 627 πᾶν
3409 573 3467 626 δὲ
3515 575 3773 643 φυσικὸν,

2205 658 2356 723 θείας
2384 659 2545 731 ἔργον
2571 660 2935 731 δημιουργίας
2961 663 3128 716 ἐστίν.
3153 665 3310 716 Ἔστι
3346 663 3582 728 δὲ’θείας
3613 666 3776 737 ἔργον

2205 749 2566 821 δημιουργίας
2619 751 2714 804 καὶ
2760 751 2879 806 λίαν
2929 753 3114 817 καλὸν,
3147 754 3290 808 κατὰ
3329 755 3428 826 τὴν
3459 756 3775 826 φάσκουσαν

2205 842 2389 912 φωνήν
2413 857 2426 872 ο
2466 838 2644 896 Ετΰεν
2676 845 2710 898 ὁ
2739 845 2883 909 Θεὸς
2925 844 3124 898 πάντα
3181 845 3301 899 ὅσα
3353 847 3638 913 ἐποίησε,
3669 850 3772 902 καί

2206 931 2335 986 ιδοὺ
2367 932 2524 986 καλὰ
2547 933 2708 988 λίαν.
2768 935 2827 988 '0
2853 935 2912 988 δὲ
2955 936 3118 1005 νόμος
3136 977 3151 1002 ,
3175 938 3252 1000 ὡς
3280 936 3586 1008 ἀκάθαρτον
3620 955 3777 1009 περι·

2203 1020 2478 1094 αιρείσθαι
2504 1023 2744 1077 κελεύων
2781 1025 2884 1096 τὴν
2913 1025 3284 1096 ἀκροϐυστίαν
3318 1027 3408 1080 διὰ
3444 1029 3773 1098 περιτομῆς,

2201 1114 2294 1166 τὸν
2320 1113 2454 1167 Θεὸν
2479 1115 2690 1182 εἰσάγει
2720 1114 2810 1169 διὰ
2836 1117 3032 1186 τέχνης
3061 1116 3124 1169 τὸ
3161 1117 3361 1170 οίκεῖον
3394 1118 3775 1189 διορθούμενον

2202 1201 2364 1275 ἔργον
2387 1221 2402 1235 ο
2429 1204 2564 1277 ὅπερ
2595 1206 2695 1259 ’και
2722 1207 2920 1261 ἐννοεῖν
2952 1208 3332 1264 ἀσεϐέστατον.
3365 1208 3573 1262 Οὐκοῦν
3606 1213 3636 1263 ὁ
3660 1213 3775 1273 τοῖς

2205 1293 2492 1366 ωμΰὸλοις
2519 1296 2616 1349 τοῦ
2665 1297 2831 1366 νόμου
2871 1299 3116 1367 φυσικῶς
3157 1299 3488 1362 ἐπιϐάλλων,
3523 1295 3668 1354 οἶδεν
3695 1302 3777 1364 ὥς

2202 1385 2265 1438 οὐ
2292 1385 2390 1455 τὴν
2425 1385 2586 1453 φύσιν
2604 1387 2640 1440 ὁ
2664 1387 2798 1450 Θεὸς
2819 1387 3123 1458 διορθοῦται
3147 1389 3238 1442 διὰ
3262 1391 3364 1460 τῆς
3393 1391 3607 1462 τέχνης,
3637 1393 3776 1445 ἀλλὰ

2203 1477 2264 1531 τὸ
2291 1478 2570 1541 ἐπιπειθὲς
2594 1479 2736 1550 λόγῳ
2759 1481 2862 1548 τῆς
2906 1481 3083 1552 ψυχῆς
3113 1483 3414 1554 παθητικὸν
3453 1486 3776 1554 περιτέμνε-

2207 1568 2330 1621 σθαι
2352 1569 2582 1636 κελεύει,
2611 1571 2676 1624 τὸ
2701 1571 2788 1624 διὰ
2819 1575 2916 1624 τοῦ
2940 1575 3256 1642 σωματικοῦ
3290 1574 3482 1645 μορίου
3522 1577 3772 1640 τυπικῶς

2203 1657 2529 1729 δηλούμενον
2549 1676 2564 1691 ο
2591 1657 2729 1732 ὅπερ
2779 1661 2979 1730 γνῶσις
3008 1663 3098 1718 διὰ
3127 1666 3223 1734 τῆς
3267 1666 3410 1719 κατὰ
3445 1666 3548 1736 τὴν
3574 1669 3769 1737 πρᾶξιν

533 1731 694 1808 fortis
755 1753 925 1806 animi
963 1753 1195 1808 actione
1220 1731 1498 1821 deponat,
1554 1759 1931 1818 comparatum
1989 1757 2096 1804 est.

2202 1750 2454 1820 ἀνδρείας
2501 1752 2600 1822 τῆς
2629 1731 2856 1824 γνώμης
2879 1731 3237 1808 ἀποτίθεσθαι
3269 1731 3534 1822 πέφυκεν.
3578 1731 3769 1827 ’ἀγδρ

533 1842 802 1896 Sacerdos
833 1842 980 1896 enim
1008 1841 1429 1905 circumcidens,
1481 1841 1767 1896 scientiam
1805 1838 2097 1910 significat,

2202 1839 2544 1910 περιτέμνων
2575 1841 2785 1912 ίερεὺς,
2828 1845 3083 1914 σημαίνει
3109 1847 3209 1916 τὴν
3241 1847 3463 1914 γνῶσιν,
3489 1848 3592 1917 τὴν
3619 1848 3768 1914 ἔχου-

532 1933 685 1987 velut
725 1932 894 1997 ferro,
930 1931 1086 1986 verbi
1121 1931 1356 1985 actionis
1403 1931 1598 1984 robore
1650 1930 1942 1984 adversum
1971 1944 2100 2000 pas-

533 2023 744 2078 sionem
805 2039 869 2078 ac
921 2023 1208 2077 libidinem
1257 2021 1578 2076 accinctam.
1633 2020 1901 2074 Aboletur
1954 2021 2102 2075 enim

2202 1946 2303 1983 σαν
2336 1931 2590 2000 καθάπερ
2613 1932 2727 2001 σίδη
2738 1949 2827 2002 ρον
2850 1933 2989 1986 κατὰ
3010 1934 3108 1987 τοῦ
3135 1935 3340 1998 πάθους
3358 1935 3456 2006 τὴν
3489 1936 3586 1989 τοῦ
3614 1936 3772 2004 λόγου

2199 2019 2343 2074 κατὰ
2373 2020 2472 2090 τὴν
2511 2020 2709 2090 πρᾶξιν
2739 2022 3011 2092 ἀνδρείαν.
3056 2025 3403 2092 Ἀφανίζεται
3435 2023 3570 2094 γοῦν
3601 2029 3634 2096 ἡ
3666 2045 3774 2079 σω-

530 2115 833 2185 corporalis
862 2115 997 2186 legis
1029 2113 1272 2178 traditio,
1301 2115 1430 2168 dum
1451 2111 1686 2183 spiritus
1725 2111 1924 2167 litterae
1965 2126 2100 2182 prm-

2205 2111 2406 2182 ματικὴ
2459 2109 2554 2164 τοῦ
2609 2111 2772 2183 νόμου
2825 2115 3124 2186 παράδοσις
3146 2155 3163 2180 ,
3207 2117 3658 2182 πλεονεκτοῦντος
3710 2119 3775 2172 τὸ

530 2206 696 2259 valet.

598 2296 690 2350 51.
715 2295 971 2352 Deﬁnitio
999 2295 1240 2367 mystica:
1281 2293 1724 2350 circumcisionis
1773 2292 2105 2364 speculatio-

529 2400 692 2532 ωέἓ.
726 2477 984 2533 Deﬁnitio
1022 2477 1266 2549 mystica:
1328 2475 1552 2531 Sabbati
1604 2475 2002 2547 legislatittnis;
2046 2476 2104 2531 iu

529 2581 640 2639 qua
663 2568 795 2637 quid
819 2568 1119 2624 Sabbatum
1167 2568 1241 2622 sit
1287 2567 1518 2639 mystice
1551 2566 1816 2632 ostendit,
1877 2574 1933 2621 et
1983 2581 2108 2636 quin

531 2659 654 2728 ejus
679 2658 948 2727 spiritalis
975 2657 1152 2724 ratio;
1184 2671 1383 2726 nempe
1401 2657 1650 2726 requiem
1687 2669 1813 2710 esse
1862 2655 1940 2710 ab
1967 2653 2106 2712 ἐσε-

531 2747 737 2812 ctibus,
772 2747 1082 2818 mentisque
1116 2746 1266 2802 circa
1280 2762 1468 2802 rerum
1491 2755 1745 2802 naturam
1772 2745 2104 2816 agitationis,

531 2837 717 2894 tradit.

604 2928 692 2984 55.
726 2927 932 2997 Nempe
962 2927 1158 2982 Deum.

600 3020 689 3074 54.
717 3019 859 3086 Quid
881 3017 1191 3088 signiﬁcent
1220 3015 1546 3072 neomenim.

601 3109 694 3164 ‘55.
721 3108 978 3165 Deﬁnitio
993 3123 1214 3164 corona:
1235 3107 1609 3177 benignitatis.

599 3200 690 3256 56.
712 3199 972 3255 Deﬁnitio
993 3199 1102 3254 alia
1117 3199 1366 3270 ejusdem
1392 3199 1652 3255 subtilior
1673 3215 1739 3255 ac
1768 3199 1944 3270 magis
1988 3198 2101 3268 spi-

532 3292 831 3415 rltg‘lllfsfllic
888 3358 994 3413 loci
1057 3357 1447 3414 abstinentiam
1516 3357 1884 3413 Providentia:
1960 3372 2102 3426 opus

531 3463 654 3504 esse
695 3448 869 3512 dicit,
900 3447 1102 3517 quippe
1165 3447 1255 3502 cui
1303 3454 1682 3516 comparatum
1731 3456 1794 3500 ut
1838 3444 2102 3500 emundet

531 3538 698 3594 animi
761 3539 915 3594 vitia.
970 3536 1296 3592 Patientiam
1349 3551 1481 3590 vero
1516 3535 1712 3606 judicii
1775 3550 1915 3604 opus
1956 3550 2098 3600 esse,

529 3629 678 3701 quod
756 3627 970 3684 scilicet
1022 3627 1409 3682 involuntariis
1481 3623 1878 3682 tentationibus
1951 3623 2105 3698 obsi-

527 3729 654 3778 stat.

596 3815 684 3870 58.
749 3814 993 3868 Primum
1027 3803 1237 3866 festum
1281 3827 1346 3866 ac
1404 3809 1848 3872 solemnitatem,
1888 3808 2101 3863 Pascha

529 3904 681 3960 dicit.

596 3995 685 4050 39.
741 3994 1056 4050 Secundum
1089 3993 1291 4048 festum
1359 4007 1430 4047 ac
1483 3991 1930 4054 solemnitatem,
1967 3986 2104 4043 dicit

525 4086 900 4141 Pentecostem
912 4126 923 4140 .

596 4175 686 4230 40.
713 4175 957 4230 Tertium
975 4183 1154 4239 vocat,
1195 4189 1318 4244 qua:
1351 4189 1538 4230 mense
1571 4174 1804 4244 septimo
1838 4172 2104 4243 propitia-

525 4267 692 4323 tionis
724 4267 1017 4323 celebritas
1050 4267 1334 4336 agebatur.

595 4356 685 4408 M.
720 4353 965 4408 Observa
988 4353 1452 4423 quemadmodum
1486 4353 1576 4408 lex
1600 4368 1718 4419 eos,
1777 4353 1873 4424 qui
1907 4367 2102 4423 corpo-

2201 2201 2435 2273 γράμμα
2469 2201 2564 2255 τοῦ
2602 2204 2935 2272 πνεύματος.

2273 2289 2376 2347 λα’.
2407 2292 2574 2363 Ὅρος
2626 2291 2726 2363 τῆς
2763 2293 2905 2347 κατὰ
2947 2295 3260 2367 ’περιτομὴν
3313 2299 3583 2368 μυστικῆς
3627 2297 3767 2352 Gen)-

2207 2378 2349 2451 ρῑας.
2903 2410 2906 2414 -

2270 2469 2374 2541 λβ’.
2412 2472 2577 2544 Ὅρος
2603 2473 2703 2544 τῆς
2749 2475 2894 2529 κατὰ
2925 2475 3207 2530 Σάδδατον
3239 2479 3516 2548 μυστικῆς
3554 2482 3774 2550 νομοθε-

2209 2563 2354 2629 σίας,
2386 2565 2446 2618 ὲν
2474 2558 2540 2634 ᾧ,
2561 2565 2616 2638 τί
2653 2566 2718 2619 τὸ
2746 2567 3020 2622 Σάϐϐατόν
3076 2569 3218 2632 ἐστι,
3249 2569 3547 2639 παρίστησι
3581 2588 3775 2642 pum-

2197 2653 2338 2716 ικῶς,
2372 2653 2467 2706 καὶ
2495 2653 2580 2716 τίς
2606 2655 2636 2706 δ
2673 2655 2796 2708 κατ’
2817 2655 2950 2708 αὐτὸ
3001 2655 3375 2724 πνευματικὸς
3413 2655 3572 2724 λόγος
3599 2659 3774 2721 ἐστὶν,

2204 2743 2285 2797 ὅτι
2307 2743 2494 2799 παθῶν
2523 2745 2616 2798 καὶ
2643 2745 2745 2815 τῆς
2766 2747 2895 2816 περὶ
2924 2745 3022 2817 τὴν
3040 2745 3214 2816 φύσιν
3235 2746 3345 2801 τῶν
3367 2748 3539 2802 ὄντων
3562 2747 3660 2803 τοῦ
3679 2750 3774 2803 νοῦ

2201 2831 2473 2904 κινήσεώς
2504 2836 2650 2887 ἐστιν
2687 2835 3012 2900 ἀνάπαυσις.

2269 2923 2370 2992 λγθ.
2405 2923 2539 2978 Θεὸν
2560 2926 2720 2996 δῆλον
2743 2927 2845 2980 δτι.

2275 3013 2371 3066 λδν.
2408 3014 2473 3067 Τί
2509 3016 2864 3086 σημαίνουσιν
2899 3019 2954 3071 αι
2979 3019 3282 3090 νεομηνίαι.

2116 3090 2169 3148 'C
2267 3103 2362 3158 λε’.
2405 3104 2570 3176 Ὅρος
2591 3106 2688 3160 τοῦ
2726 3108 2992 3174 στεφάνου
3018 3110 3118 3174 τῆς
3135 3112 3528 3181 χρηστότητος.

2265 3194 2380 3260 «λς’.
2423 3196 2615 3260 Ἄλλος
2637 3197 2764 3267 ὄρος
2788 3198 2883 3251 τοῦ
2901 3198 3080 3254 ταύτοῦ
3100 3200 3406 3270 μυστικώτε
3411 3219 3527 3273 ρος.

2271 3370 2371 3434 λζ’.
2424 3371 2688 3426 Ἐνταῦθα
2740 3372 2839 3444 τὴν
2871 3373 3197 3443 ἐγκράτειαν
3237 3374 3399 3446 ἔργον
3449 3371 3592 3430 εἶναι
3622 3378 3781 3446 λέγει

2201 3461 2300 3531 τῆς
2327 3463 2705 3532 Προνοίαςμξις
2727 3464 2836 3518 τῶν
2862 3466 3158 3535 γνωμικῶν
3177 3467 3517 3539 καθαρτικὴν
3549 3469 3739 3523 παθῶν
3756 3484 3774 3499 ⁸

2199 3550 2300 3622 τὴν
2328 3552 2606 3622 ὑπομονὴν
2629 3552 2686 3606 δὲ
2715 3555 2819 3624 τῆς
2855 3556 3091 3625 κρίσεως
3135 3553 3279 3612 εἶναι
3305 3559 3640 3631 κατόρθωμα
3667 3575 3779 3631 φη-

2201 3659 2287 3698 σιν
2311 3683 2326 3708 ,
2351 3643 2433 3708 ὡς
2476 3647 2590 3708 τοῖς
2617 3645 2891 3711 ἀκουσίοις
2911 3648 3386 3719 ·ἀντιτασσομένην
3419 3653 3774 3722 πειρασμοῖς.

2269 3819 2372 3876 λη’.
2408 3818 2638 3891 Πνρώτην
2663 3819 2882 3892 ἑορτὴν,
2909 3820 2970 3874 τὸ
2996 3820 3191 3891 Πάσχα
3211 3823 3380 3891 λιγει.

2272 3989 2369 4047 λθ’.
2400 3992 2667 4064 Δευτέραν
2689 3995 2882 4066 ἑορτὴν
2902 3993 3050 4064 λέγει
3074 3997 3173 4068 τὴν
3194 3998 3579 4068 Πεντηκοστήν.

2274 4167 2349 4240 μ’.
2382 4168 2584 4240 Τρίτην
2621 4167 2767 4237 λέγει
2795 4208 2812 4232 ,
2851 4170 2952 4241 τὴν
2999 4171 3056 4223 ὲν
3093 4170 3306 4241 ἑϐδόμῳ
3355 4171 3500 4242 μηνὶ,
3528 4169 3628 4243 τὴν
3663 4175 3778 4229 τοῦ

2215 4260 2490 4314 Ἰλασαοῦ.

2276 4279 2359 4313 ιασ
2404 4278 2490 4314 ου.

2276 4278 2403 4421 μαἰῗ
2426 4351 2646 4417 Σκόπει,
2672 4351 2789 4415 πῶς
2815 4351 2844 4404 ὁ
2881 4352 3043 4424 νόμος
3072 4352 3334 4408 ἀπόλλυσι
3367 4355 3493 4418 τοὺς
3511 4353 3780 4420 νοοῦντας

526 4444 716 4498 raliter
752 4459 872 4498 cam
895 4444 1230 4516 intelligunt,
1263 4444 1490 4500 interitu
1520 4454 1752 4515 mei-gat,
1795 4461 1916 4514 qua:
1943 4443 2100 4498 vide-

2202 4442 2362 4496 αὐτὸν
2422 4442 2771 4511 σωματικῶς,
2800 4445 2866 4514 τῇ
2920 4443 3098 4497 κτίσει
3142 4442 3427 4514 λατρεύειν
3490 4446 3645 4514 παρὰ
3677 4447 3776 4499 τὸν

526 4535 654 4590 licet
680 4543 875 4589 auctor
896 4537 1148 4600 exsistat,
1176 4545 1234 4590 ut
1251 4537 1421 4607 magis
1441 4547 1903 4606 creaturae,quam
1934 4536 2098 4590 Crea-

526 4628 632 4682 tori
678 4629 983 4694 serviatur;
1018 4636 1072 4683 et
1115 4637 1176 4682 ut
1221 4628 1578 4683 veneratione
1628 4628 1887 4697 cultuque
1933 4625 2096 4698 digna

525 4717 863 4782 existiment,
924 4734 1049 4788 qua;
1108 4726 1332 4788 propter
1371 4718 1497 4772 illos
1551 4726 1736 4772 creata
1763 4723 1911 4779 sunt,
1940 4714 2095 4768 illum

527 4805 868 4876 ignorantes,
908 4817 1136 4877 propter
1158 4824 1324 4878 quem
1369 4808 1471 4878 ipsi
1502 4808 1852 4862 exstiterunt.

595 4898 687 4952 42.
715 4899 1005 4964 Quomodo
1036 4901 1180 4954 Deus
1216 4899 1517 4954 Sabbatum
1547 4907 1651 4952 est.

607 4986 696 5040 45.
775 4984 1059 5050 Quomodo
1129 4987 1275 5040 Deus
1322 4986 1488 5040 etiam
1543 4985 1752 5040 Pascha
1805 4984 2095 5055 mysticum

520 5084 628 5129 est.

592 5165 681 5219 44.
710 5165 856 5220 Festi
883 5166 1240 5220 Pentecostes
1267 5165 1611 5236 mysterium,
1645 5166 1702 5220 in
1727 5181 1839 5235 quo
1871 5167 2098 5237 mystice

519 5270 710 5310 eorum
733 5271 854 5324 qua:
889 5256 1270 5327 signiﬁcantur
1303 5256 1605 5326 spiritalem
1639 5256 1750 5311 vim
1776 5257 2090 5313 abstrusius

517 5344 728 5411 docuit,
753 5345 883 5400 dum
919 5347 1298 5403 Pentecostem
1338 5348 1508 5403 Deum
1534 5349 1846 5426 appellavit.
1883 5348 2089 5414 Quem-

515 5437 814 5493 admodum
884 5438 1033 5493 euim
1084 5454 1299 5508 monas,
1364 5456 1488 5511 quae
1574 5441 1790 5498 stabilis
1845 5451 2084 5508 maneat,

575 5607 620 5637 ”
657 5608 794 5668 Gen.
823 5628 862 5675 ι.
897 5612 987 5669 51.

2200 4532 2462 4587 κτίσαντα
2503 4533 2703 4587 πείθων
2728 4551 2740 4565 ·
2769 4533 2866 4586 καὶ
2907 4533 3156 4606 ἡγεῖσθαι
3194 4533 3352 4603 φύσει
3395 4536 3573 4589 σεπτὰ
3601 4536 3675 4590 τὰ
3699 4537 3775 4590 δι’

2199 4625 2395 4687 αὐτοὺς
2427 4625 2708 4692 γεγονότα,
2734 4625 2822 4678 τὸν
2845 4624 2913 4678 δι’
2947 4625 3005 4678 ὃν
3053 4625 3206 4678 αὐτοὶ
3249 4626 3545 4695 γεγόνασιν
3575 4628 3778 4697 ἁγνοήο

2202 4734 2416 4780 σαντες.

2273 4893 2381 4964 μβ’.
2419 4892 2543 4957 Πῶς
2577 4895 2692 4969 ἐστι
2723 4891 2998 4946 Σάϐϐατον
3028 4893 3056 4945 ὀ
3093 4892 3244 4957 Θεός.

2274 4992 2385 5054 μγ⁹.
2423 4985 2547 5048 Πῶς
2571 4987 2598 5038 ὁ
2624 4985 2753 5046 Θεὸς
2795 4984 2888 5036 καὶ
2911 4977 3100 5054 Πάσχα
3123 4985 3238 5038 ἐστὶ
3269 4989 3558 5056 μυστικόν.

2273 5167 2374 5235 μδ’.
2410 5166 2722 5236 Μυστήριον
2747 5165 2845 5237 τῆς
2871 5166 3011 5220 κατὰ
3034 5167 3134 5237 τὴν
3147 5170 3530 5242 Πεντηκοστὴν
3549 5169 3758 5240 ἑορτῆς,

2199 5257 2255 5309 ἐν
2285 5249 2328 5324 ᾧ
2379 5257 2655 5326 μυστικῶς
2691 5256 2788 5328 τὴν
2833 5257 2941 5310 τῶν
2981 5258 3329 5330 δηλουμένων
3392 5259 3762 5332 πνευματικὴν

2197 5348 2623 5420 ὲμυσταγὼγησε
2649 5348 3004 5420 δύναμιν,τὸν
3033 5351 3165 5404 Θεὸν
3195 5353 3564 5423 Πεντηκοστὴν
3591 5366 3768 5421 προσ-

2194 5442 2520 5514 αγορεύσας.
2552 5441 2639 5508 Ὧς
2667 5443 2775 5514 γὰρ
2803 5445 2834 5514 ἡ
2869 5444 3038 5513 μονὰς
3073 5446 3340 5517 στάσιμος
3366 5446 3599 5517 μένουσα
3623 5443 3782 5515 μετὰ
