4134 6192
417 218 522 286 εηςι
1474 209 1965 284 QUIESTIONES
2002 211 2103 270 AD
2137 210 2643 274 THALASSIUM.
3561 215 3668 280 782

426 328 527 400 τὴν
552 325 636 390 είς
666 320 868 395 ἑαυτὴν
906 319 1268 392 ἐϐδοματικὴν
1321 318 1421 390 τῆς
1467 318 1762 389 ἑϐδομάδος
1795 316 2000 371 συνέλι-

2107 330 2229 388 post
2262 322 2623 391 septimanam
2651 320 2966 392 septenario
2985 320 3357 388 convolutam,
3405 321 3671 380 Penteco-

430 420 533 485 ξιν,
566 416 908 471 ἀποτελοῦσα
950 413 1049 484 τὴν
1095 410 1511 481 Πεντηκοστήν·
1554 410 1650 464 καὶ
1680 409 1841 463 πάλιν
1880 410 2000 472 ταῖς

2107 422 2241 467 stem
2276 413 2550 480 efficiens;
2586 429 2656 468 ac
2701 430 2913 479 rursus,
2972 414 3089 469 suis
3138 413 3254 484 ipsa
3315 415 3552 470 cumulis
3602 417 3672 471 ad

430 512 513 573 είς
567 508 743 579 αὐτὴν
789 505 1073 577 προσόδοις
1124 502 1383 573 γινομένη
1437 500 1599 566 δεκάς
1623 502 1711 555 διὰ
1744 501 2003 564 πεντάδος

431 597 953 668 ίσοπλασιασθείσης
998 595 1138 664 αὐτῇ
1195 593 1426 646 ποιοῦσα
1459 593 1559 661 τὴν
1595 591 1999 663 Πεντηκοστὴν,

431 689 577 761 ἀρχὴ
603 689 697 742 καί¹
736 687 887 750 τέλος
936 685 1053 737 hac).
1104 682 1211 736 τῶν
1253 681 1457 752 ἑαυτῆς
1480 696 1499 710 η
1528 680 1587 733 τὸ
1623 680 1754 750 μὲν,
1778 679 1856 741 ὡς
1897 678 2003 747 πρὸ

436 780 636 843 παντὸς
684 775 851 831 ποσοῦ
873 793 885 806 ο
922 775 982 827 τὸ
1020 773 1100 837 δὲ,
1126 772 1201 841 ὡς
1234 771 1377 842 ὑπὲρ
1424 771 1590 824 ποσόν
1617 787 1631 800 ·
1663 769 1806 823 οὓτω
1843 769 1938 823 καὶ
1972 768 2002 821 6

430 871 588 934 Θεὸς,
608 865 653 937 ᾧ
674 868 771 940 τὴν
794 865 995 937 μονάδα
1025 862 1410 919 κατέίκασίαν
1439 859 1670 932 τοπικὴν
1718 860 2004 928 ἀναλογεῖν

434 962 658 1031 ἔφησεν,
692 957 835 1030 ἀρχὴ
868 957 963 1009 καὶ
1015 954 1168 1018 τέλος
1201 954 1319 1006 ἐστὶ
1348 952 1455 1005 τῶν
1478 952 1677 1016 όντων,
1707 951 1800 1004 καὶ
1823 951 2000 1018 λόγος,

430 1047 479 1121 ᾧ
506 1052 573 1106 τὰ
606 1050 783 1103 πάντα
833 1046 1160 1117 συνέστηκεν
1181 1062 1195 1075 ο
1228 1044 1374 1115 ἀρχὴ
1411 1043 1533 1114 μὲν,
1569 1044 1650 1097 ὅτι
1686 1043 1793 1113 πρὸ
1821 1040 2003 1110 πάσης

434 1144 623 1205 οὐσίας
658 1140 774 1193 ἐστὶ
806 1140 1223 1208 καὶκινήσεωςο
1248 1135 1402 1198 τέλος
1427 1135 1503 1202 δὲ,
1534 1135 1616 1187 ὅτι
1645 1133 1784 1204 ὑπὲρ
1822 1134 2004 1187 πᾶσαν

430 1236 621 1289 οὐσίαν
653 1232 746 1285 καὶ
774 1234 1014 1302 κίνησιν’
1035 1229 1191 1296 λόγος
1218 1228 1297 1295 δὲ,
1319 1228 1402 1280 ὅτι
1429 1227 1647 1280 πάντων
1672 1224 1790 1278 κατ’
1824 1223 2004 1276 αἰτίαν

436 1324 791 1396 προνοητικός
835 1325 1002 1385 ἐστιν,
1045 1319 1120 1382 ὡς
1164 1318 1300 1389 πρὸς
1328 1318 1689 1387 ὑποκείμενον
1719 1311 1856 1378 εἶδος
1883 1332 2007 1368 συν-

434 1418 555 1488 οχὴ,
590 1415 712 1468 καθ’
753 1415 820 1484 ἢν
850 1412 957 1464 τῶν
980 1411 1146 1465 ὄντων
1169 1411 1396 1463 ἕκαστον
1420 1409 1534 1478 ἔχει
1565 1407 1661 1478 τὴν
1688 1408 1747 1459 ἐν
1776 1405 1852 1476 τῷ
1880 1406 2007 1458 ἑαυ-

420 1511 531 1567 τοῦ
592 1508 735 1577 λόγῳ
790 1501 1068 1575 διαμονήν.
1106 1504 1274 1555 Ὅταν
1323 1497 1418 1554 οὖν
1468 1499 1675 1553 λάϐωσι
1729 1497 1907 1567 πέρας
1954 1498 2004 1549 oi

440 1601 619 1672 χρόνοι
664 1599 758 1653 καὶ
792 1597 842 1649 οἱ
879 1593 1108 1656 αἰῶνες.
1144 1586 1227 1655 οἷς
1276 1590 1561 1657 ἀναλογεῖν
1601 1588 1700 1658 τὴν
1734 1586 2006 1657 ἑϐδομάδα

438 1688 606 1759 φησὶν
632 1728 648 1753 ,
680 1686 841 1748 αὐτὸς
894 1684 1049 1737 ἔσται
1096 1681 1218 1734 τότε
1274 1680 1586 1752 μονώτατος
1627 1682 1656 1732 ό
1695 1677 1847 1743 Θεὸς,
1880 1678 2004 1748 δίχα

437 1778 538 1849 τῆς
556 1776 664 1829 τῶν
690 1776 791 1827 οὐκ
819 1775 970 1836 ἄνευ,
1002 1771 1265 1836 τουτέστι,
1291 1770 1470 1822 τόπων
1495 1770 1591 1825 καὶ
1622 1768 1827 1839 χρόνων
1852 1784 2006 1836 μεσιι-

440 1870 612 1931 τείας,
639 1865 961 1936 συγκρατῶν
994 1865 1063 1917 δι’
1093 1867 1190 1920 έαυ
1204 1860 1288 1916 τοῦ
1312 1860 1436 1914 καθ’
1469 1860 1662 1913 ἕνωσιν
1697 1857 1873 1929 ἀληθῆ
1895 1857 2005 1912 τῶν

434 1960 607 2013 ὄντων
634 1960 689 2012 ὲν
726 1959 834 2020 τοῖς
871 1954 1196 2025 σωζομένοις
1226 1951 1490 2024 ὕπαρξινο
1519 1952 1686 2021 ήγουν
1718 1950 1816 2021 τὴν
1845 1949 2006 2019 φύσιν

438 2055 541 2124 τὴν
584 2052 846 2122 γενητὴν,
869 2050 935 2119 ἦν
969 2052 1034 2119 τῇ
1068 2046 1286 2100 πεντάδι
1331 2045 1696 2115 παρείκασεν,
1732 2043 1793 2097 ού
1847 2044 2006 2113 μόνον

433 2142 528 2196 διὰ
554 2143 651 2204 τὰς
681 2132 1087 2211 αίσθήσεις,αἶς
1121 2136 1451 2190 ὑποπίπτειν
1476 2134 1739 2202 πέφυκεν,
1758 2133 1892 2187 ἀλλὰ
1918 2134 2007 2187 διὰ

440 2234 541 2304 τὴν
562 2231 853 2301 καθολικὴν
883 2230 1212 2300 ἐπιστήμην,
1243 2228 1365 2299 ἥτις
1410 2229 1468 2279 ὲν
1492 2228 1559 2296 τῇ
1589 2224 1876 2297 περιλήψει
1908 2226 2008 2294 τῆς

434 2324 549 2378 τῶν
570 2322 768 2393 νοερῶν
801 2339 859 2374 τε
886 2322 980 2375 καὶ
1010 2320 1262 2388 λογικῶν,
1302 2317 1637 2389 αἰσθητικῶν
1667 2334 1726 2369 τε
1752 2318 1845 2370 καὶ
1880 2315 2009 2379 ζώνο

443 2434 572 2480 των,
601 2418 692 2468 καὶ
714 2415 879 2466 ὄντων
909 2414 1209 2466 ἀπταίστου
1235 2410 1543 2480 καθέστηκε
1567 2408 1842 2477 γνώσεως.
1865 2408 2008 2459 Ούκ-

430 2507 536 2561 γοῦν
568 2504 833 2560 παύσεταί
860 2521 1012 2566 ποτε,
1043 2503 1141 2572 τῆς
1176 2519 1234 2554 τε
1267 2502 1406 2554 κατὰ
1433 2502 1594 2555 τόπον
1623 2500 1887 2564 στάσεως,
1917 2498 2010 2551 καὶ

442 2597 543 2668 τῆς
569 2598 707 2650 κατὰ
734 2595 922 2666 χρόνον
954 2593 1236 2663 κινήσεως,
1264 2590 1339 2653 ὡς
1366 2592 1505 2661 ὑπὲρ
1526 2591 1597 2644 τὰ
1618 2591 1687 2645 δι’
1720 2590 1889 2659 αὐτὴν
1913 2605 2008 2657 γε-

443 2688 638 2755 γονότα
655 2674 945 2757 (τουτέστι,
972 2683 1136 2736 τόπον
1164 2683 1260 2735 καὶ
1291 2681 1503 2752 χρόνον)
1526 2681 1615 2735 διὰ
1641 2681 1738 2750 τῆς
1758 2679 1895 2749 πρὸς
1918 2678 2009 2733 τὸν

439 2779 597 2841 Θεὸν,
624 2777 691 2831 δι’
723 2776 782 2829 ὃν
804 2775 899 2828 καὶ
927 2774 1169 2842 γέγονεν,
1196 2770 1428 2841 ἀληθοῦς
1469 2770 1765 2837 συναφείας
1800 2771 1858 2822 ὲν
1895 2770 2009 2829 τοῖς

445 2865 771 2935 σωζομένοις
799 2862 1065 2931 γενομένη
1090 2861 1199 2913 τῶν
1225 2861 1391 2913 ὄντων
1423 2861 1456 2930 ἡ
1490 2857 1669 2927 φύσις.
1701 2856 1874 2909 Αὐτὸν
1901 2856 2010 2926 γάρ

2094 521 2331 575 eamque
2349 506 2763 562 accessionibus
2797 506 2962 562 decas
2996 506 3211 572 effecta,
3232 522 3331 577 per
3358 507 3673 577 quinarium

2092 596 2275 666 aequis
2301 596 2379 650 illi
2412 596 2663 665 partibus
2689 597 3140 666 multiplicatum,
3172 597 3553 652 Pentecostem
3586 597 3677 651 iti-

2100 688 2228 743 dem
2269 688 2528 754 reddens,
2556 704 2781 744 suorum
2812 688 3151 759 principium
3184 704 3247 743 ac
3269 688 3395 744 ﬁnis
3414 689 3628 745 exsistit
3657 707 3673 755 ;

2102 781 2363 845 alterum,
2393 789 2457 834 ut
2490 790 2700 850 quanto
2747 781 2899 836 omni
2929 781 3212 847 anterior;
3241 781 3474 835 alterum
3518 797 3675 847 vero,

2096 879 2165 925 σοι
2191 885 2260 925 eo
2282 871 2554 940 superior.
2586 872 2666 926 Ita
2708 879 2765 927 et
2806 872 2973 937 Deus,
3008 871 3098 926 cui
3125 870 3297 942 ﬁgura
3331 871 3568 940 quadam
3612 886 3679 925 ac

2101 961 2467 1017 similitudine
2490 963 2779 1017 monadem
2824 962 3182 1033 proportione
3226 961 3561 1031 respondere
3591 961 3678 1016 di-

2103 1052 2203 1116 xit,
2236 1066 2419 1105 rerum
2450 1051 2782 1121 principium
2811 1066 2875 1107 ac
2907 1052 3032 1105 ﬁnis
3062 1052 3300 1116 exsistit,
3323 1067 3390 1105 ac
3412 1052 3676 1117 Verbum,

2103 1154 2215 1208 quo
2238 1147 2437 1194 cuncta
2454 1142 2769 1196 consistunt
2798 1156 2863 1196 ac
2892 1141 3113 1195 condita
3146 1149 3297 1195 sunt.
3338 1139 3679 1210 Principium

2104 1232 2346 1302 quidem,
2379 1233 2527 1301 quod
2555 1242 2682 1288 ante
2717 1248 2935 1289 omnem
2972 1234 3334 1288 substantiam
3361 1245 3680 1303 motumque

2100 1333 2217 1390 est;
2250 1324 2375 1380 linis
2402 1333 2607 1389 autem,
2637 1327 2787 1396 quod
2847 1327 3160 1381 substantia
3212 1328 3361 1380 omni
3415 1337 3680 1396 motuque

2106 1416 2360 1485 superior
2382 1424 2484 1471 est.
2521 1417 2760 1471 Verbum
2817 1425 3112 1487 autem'ac
3160 1418 3322 1480 ratio,
3362 1418 3507 1487 quod
3555 1419 3680 1472 uni-

2104 1506 2283 1561 versis
2314 1515 2376 1559 ut
2421 1516 2613 1561 auctor
2663 1510 2973 1577 provideat,
3033 1509 3291 1578 quodque
3337 1510 3390 1562 iu
3433 1510 3678 1579 subjecta

2106 1598 2290 1666 specie
2319 1597 2604 1667 formaque
2639 1601 2920 1654 contineat
2946 1616 3010 1654 ac
3039 1610 3325 1655 conservet
3350 1614 3363 1663 ;
3398 1615 3506 1669 quo
3532 1600 3681 1653 illius

2105 1702 2337 1742 munere
2359 1703 2450 1742 res
2481 1689 2709 1758 singulae
2755 1689 2809 1742 in
2853 1705 2951 1743 sua
3012 1690 3225 1743 ratione
3282 1690 3679 1758 perennitatem

2109 1777 2331 1832 habent.
2358 1778 2463 1834 Ubi
2495 1778 2663 1848 igitur
2693 1788 2941 1848 tempora
2970 1795 3034 1835 ac
3060 1780 3258 1833 saecula
3306 1781 3470 1833 tinem
3521 1786 3683 1833 acce-

2100 1869 2308 1939 perint,
2334 1871 2537 1939 quibus
2562 1879 2708 1924 certa
2759 1871 2993 1939 quadam
3049 1871 3262 1924 ratione
3321 1871 3681 1939 septimanam

2102 1958 2441 2028 respondere
2462 1959 2617 2025 dicit,
2642 1960 2757 2029 ipse
2781 1969 2893 2014 tum
2920 1962 3063 2015 Deus
3086 1961 3555 2030 singularissimus
3577 1961 3684 2015 erit

2096 2049 2316 2118 absque
2341 2049 2428 2115 iis,
2464 2051 2584 2106 sine
2625 2051 2829 2120 quibus
2877 2067 2985 2105 non
3021 2052 3228 2122 (nullis
3279 2052 3491 2106 scilicet
3521 2052 3680 2113 locis,

2106 2139 2388 2209 nullisque
2410 2141 2715 2212 interjectis
2756 2142 3141 2213 temporibus)
3192 2158 3220 2195 a
3275 2158 3333 2197 se
3384 2144 3529 2212 ipse,
3584 2158 3684 2211 per

2105 2247 2295 2285 veram
2335 2247 2520 2287 rerum
2550 2233 2831 2296 unionem,
2858 2234 2912 2286 in
2959 2234 3026 2287 iis
3054 2235 3148 2302 qui
3180 2233 3356 2287 salute
3385 2234 3681 2295 donantur,

2109 2321 2164 2375 id
2187 2322 2333 2390 quod
2383 2324 2658 2378 exsistunt
2709 2339 3043 2377 conservans
3086 2338 3149 2377 ac
3201 2333 3397 2378 tuens:
3431 2331 3683 2377 naturam

2110 2413 2319 2467 scilicet
2343 2422 2602 2477 creatam,
2640 2428 2805 2483 quam
2828 2412 3089 2481 quinario
3119 2429 3351 2467 numero
3399 2429 3685 2483 compara-

2109 2502 2211 2564 vit,
2238 2519 2345 2556 non
2368 2504 2545 2557 solum
2578 2512 2803 2573 propter
2828 2519 3042 2568 sensus,
3073 2504 3127 2557 in
3184 2519 3322 2573 quos
3352 2504 3428 2558 illi
3461 2520 3683 2574 compa-

2108 2600 2286 2646 ratum
2314 2601 2375 2647 ut
2427 2594 2623 2659 cadat,
2675 2594 2771 2649 sed
2813 2595 2977 2648 etiam
3037 2604 3262 2664 prepter
3316 2595 3684 2649 universalem

2110 2682 2419 2747 scientiam,
2452 2684 2644 2753 quain
2674 2684 2941 2739 inoffensa
2970 2694 3226 2754 certaque
3253 2685 3471 2751 notitia,
3520 2684 3683 2740 intel-

2110 2772 2276 2838 lectu,
2299 2774 2531 2839 ratione,
2565 2790 2726 2829 sensu
2788 2775 3009 2843 vitaque
3055 2775 3306 2845 praedita,
3341 2790 3406 2829 ac
3454 2786 3529 2830 ea’
3564 2790 3686 2844 quae

2110 2866 2289 2919 solum
2348 2864 2634 2929 exsistant,
2677 2866 3093 2934 complectente,
3145 2874 3230 2919 est
3275 2866 3474 2935 posita.
3508 2858 3687 2920 Futu-

442 2956 534 3009 τὸν
561 2955 712 3017 Θεὸν,
737 2952 878 3005 κατὰ
910 2951 999 3004 τὸν
1043 2950 1142 3019 τῆς
1185 2950 1442 3020 Προνοίας
1494 2947 1651 3015 λόγον
1671 2986 1687 3013 ,
1721 2949 1786 3017 τῇ
1829 2945 2007 2998 δεκάδι

2115 2970 2236 3007 rum
2302 2953 2472 3024 igitur
2496 2962 2581 3008 est
2625 2962 2687 3008 ut
2727 2954 3058 3024 quandoque
3088 2963 3267 3009 cesset
3319 2970 3348 3009 a
3405 2954 3593 3025 quiete
3629 2956 3709 3013 in.

441 3051 549 3105 τῶν
601 3049 828 3102 ἐντολῶν
861 3048 990 3099 ἴδιον
1024 3044 1363 3115 ποιησαμένη
1407 3042 1556 3094 ποιὸν
1592 3039 1890 3112 (τουτέστι,
1915 3039 2014 3108 τῆς

440 3145 507 3195 ὲκ
534 3140 754 3210 χάριτος
808 3139 948 3190 κατὰ
978 3136 1074 3207 τὴν
1132 3136 1326 3187 θέωσιν
1373 3133 1630 3203 ἰδιότητος
1682 3128 2011 3200 γνώρισμα),

440 3233 540 3303 τῆς
570 3248 630 3283 τε
671 3228 811 3283 κατὰ
844 3227 942 3299 τὴν
996 3227 1183 3280 στάσιν
1222 3227 1279 3277 ὲν
1325 3224 1476 3291 τόπῳ
1520 3220 1894 3294 περιγραφῆς,
1918 3219 2014 3273 καὶ

440 3325 539 3394 τῆς
569 3325 627 3376 ὲν
660 3321 837 3392 χρόνῳ
876 3319 1016 3373 κατὰ
1067 3318 1165 3387 τὴν
1198 3316 1411 3386 κίνησιν
1460 3313 1959 3382 ἐλευθερωθήσεται
1991 3325 2009 3342 ο

442 3416 632 3469 στάσιν
654 3413 965 3481 ἀεικίνητον
983 3408 1241 3473 λαόοῦσα,
1263 3408 1362 3478 τὴν
1387 3406 1690 3479 ἀπέραντον
1716 3404 1824 3459 τῶν
1846 3403 2007 3455 θείων

442 3504 779 3567 ἀπόλαυσιν,
809 3503 904 3554 καὶ
953 3501 1166 3570 κίνησιν
1210 3500 1507 3569 στάσιμον,
1541 3498 1640 3567 τὴν
1693 3497 1780 3548 ἐπ’
1826 3496 2008 3557 αὐτοῖς

439 3597 738 3667 ἀκόρεστον
767 3592 966 3664 ὄρεξιν.

2113 3045 2258 3108 loco,
2286 3060 2349 3099 ac
2384 3053 2534 3098 motu
2566 3045 2619 3098 in
2657 3054 2923 3115 tempore,
2959 3054 3215 3114 tanquam
3262 3046 3371 3101 illis
3413 3046 3686 3116 superior,

2110 3152 2231 3206 quae
2254 3144 2477 3205 propter
2495 3135 2667 3204 ipsam
2700 3145 2883 3190 creata
2907 3146 3035 3190 sunt
3060 3136 3197 3207 (loca
3222 3137 3431 3191 scilicet
3461 3152 3525 3192 ac
3553 3144 3692 3193 tem-

2111 3225 2266 3294 pora)
2313 3240 2415 3294 per
2446 3241 2630 3280 veram
2661 3239 2785 3281 cum
2817 3225 2930 3281 Deo
2976 3228 3236 3282 unionem
3279 3242 3341 3281 ac
3383 3227 3689 3297 copulatio-

2109 3330 2262 3379 nem,
2295 3325 2522 3386 propter
2544 3333 2710 3386 quem
2743 3328 2799 3372 et
2828 3318 3048 3372 condita
3091 3329 3195 3382 est,
3230 3319 3286 3372 in
3321 3319 3388 3372 iis
3416 3319 3688 3373 exsistens

2110 3420 2299 3460 rerum
2325 3414 2543 3471 natura,
2563 3407 2656 3475 qui
2684 3407 2857 3461 salute
2891 3407 3131 3461 donandi
3165 3414 3350 3461 erunt.
3381 3404 3511 3472 Qua:
3540 3408 3688 3460 enim

2112 3498 2293 3567 ipsum
2324 3498 2495 3552 Deum
2517 3499 2819 3552 secundum
2853 3499 3219 3553 Providentiae
3240 3499 3508 3552 rationem
3532 3515 3687 3551 mar.-

2115 3587 2368 3640 datorum
2398 3587 2603 3640 decade
2632 3588 2911 3655 propriam
2939 3587 3045 3640 sibi
3074 3587 3389 3655 qualitatem
3427 3584 3690 3638 indiderit

445 3656 589 3760 (ejus
612 3656 818 3741 scilicet
837 3698 959 3752 qua:
1007 3696 1077 3735 ex
1114 3656 1287 3750 gratia
1324 3693 1422 3747 per
1462 3674 1863 3731 deiﬁcationem
1907 3682 2014 3736 est,
2054 3676 2409 3744 proprietatis
2468 3682 2652 3728 notam
2677 3683 2842 3742 atque
2881 3674 3116 3743 insigne)
3167 3682 3278 3726 tum
3311 3690 3340 3725 a
3370 3673 3571 3742 quietis
3630 3675 3686 3726 in

445 3776 569 3831 loco
600 3771 1126 3842 circumscriptione,
1153 3779 1268 3824 tum
1288 3778 1491 3823 amotu
1526 3768 1581 3820 in
1606 3776 1853 3835 tempore
1879 3765 2160 3819 liberanda
2184 3774 2289 3830 est,
2318 3765 2465 3835 jugis
2522 3774 2706 3818 motus
2736 3764 2979 3832 quietem
3041 3772 3198 3817 nacta
3219 3805 3232 3827 ,
3301 3762 3688 3820 interminabi-

443 3868 555 3923 lem
606 3865 918 3919 divinorum
970 3861 1286 3916 fruitionem
1312 3899 1328 3925 ,
1384 3866 1704 3927 motumque
1729 3856 2003 3919 stabilem,
2046 3856 2414 3909 insatiabilem
2453 3856 2564 3909 illis
2593 3854 2845 3908 fruendis
2870 3854 3209 3909 aviditatem.

516 4002 618 4056 με.
651 3983 743 4053 Τῷ
777 3981 984 4050 ἑϐδόμῳ
1021 3978 1151 4049 μηνὶ
1185 3979 1331 4048 τρεῖς
1368 3977 1503 4028 εἰσιν
1534 3973 1751 4044 ἑορταί⁹
1774 3972 2012 4041 σαλπίγς

444 4093 557 4143 γων
587 4074 682 4127 καὶ
720 4071 944 4141 ἱλασμοῦ
980 4071 1074 4123 καὶ
1131 4066 1535 4137 σκηνοπηγίας·
1563 4060 1637 4118 ὧν
1663 4068 1696 4136 ὴ
1748 4065 1844 4135 μὲν
1878 4064 2006 4117 σάλ-

444 4166 599 4233 πιγξ,
629 4165 794 4233 νόμου
827 4162 922 4216 καὶ
976 4159 1289 4231 προφητῶν,
1324 4159 1415 4212 καὶ
1445 4158 1544 4228 τῆς
1587 4157 1645 4220 ἐξ
1674 4156 1854 4209 αὐτῶν
1906 4172 2007 4226 κη-

2183 3972 2347 4042 299
2378 3972 2464 4026 45.
2504 3971 2688 4024 Mense
2734 3972 2970 4039 septimo
2995 3980 3106 4025 tres
3128 3979 3256 4024 sunt
3286 3971 3683 4030 solemnitates.

2114 4065 2390 4128 tubarum,
2440 4062 2848 4133 propitiationis
2892 4072 2947 4117 et
2994 4061 3332 4132 scenopegize
3366 4080 3379 4115 :
3410 4078 3439 4117 e
3483 4063 3684 4132 quibus

2112 4157 2265 4219 tuba,
2299 4155 2436 4225 legis
2461 4170 2523 4209 ac
2539 4156 2953 4224 prophetarum,
2971 4154 3143 4223 iisque
3176 4155 3480 4223 praedicatur:
3504 4155 3683 4209 scien-

446 4256 779 4330 ρυττομένης
798 4253 1048 4321 γνώσεως
1073 4250 1240 4313 τύπος
1267 4249 1433 4317 ἐστίν,
1474 4252 1501 4301 ό
1542 4248 1602 4301 δὲ
1640 4247 1884 4316 ίλασμδς,
1911 4248 2007 4317 τῆς

2116 4249 2222 4310 tite,
2240 4256 2398 4318 typus
2419 4254 2520 4300 est.
2541 4245 2864 4314 Propitiatio
2889 4255 3089 4303 autem,
3112 4245 3205 4299 Dei
3227 4261 3350 4299 cum
3368 4244 3685 4299 hominibus

445 4347 539 4401 τοῦ
569 4345 703 4400 Θεοῦ
736 4346 870 4417 πρὸς
888 4344 978 4396 τὸν
1006 4340 1289 4413 ἄνθρωπον
1320 4340 1411 4393 διὰ
1452 4338 1776 4410 σαρκώσεως
1805 4336 2004 4406 σύμϐοο

443 4438 532 4491 λον
563 4437 798 4514 ὑπάρχει
843 4433 1209 4501 καταλλαγῆς.
1254 4432 1309 4485 '0
1353 4430 1462 4500 γάρ
1512 4429 1709 4491 ὑποδὺς
1753 4428 2012 4489 ἑκουσίως

445 4529 544 4599 τὴν
588 4527 682 4580 τοῦ
717 4524 1135 4597 κατακριθέντος
1191 4521 1538 4591 κατάκρισιν,
1588 4518 1866 4571 διελύσατο
1913 4518 2012 4586 τήν

450 4637 579 4673 ποτε
614 4621 749 4689 πρὸς
778 4618 938 4670 αὑτὸν
984 4614 1327 4684 κυρωθεῖσαν
1373 4612 1591 4682 ἔχθραν.
1638 4611 1702 4663 Ἦ
1744 4610 1799 4661 δὲ
1831 4625 2014 4677 σκηνο-

450 4714 640 4782 πηγία,
661 4710 1005 4781 προτύπωσίς
1040 4710 1185 4761 ὲστιν
1212 4704 1558 4765 ἀναστάσεως
1578 4741 1592 4765 ,
1618 4701 1713 4755 καὶ
1746 4701 1843 4770 τῆς
1875 4699 2013 4752 πάν·

447 4822 554 4857 των
590 4804 724 4874 πρὸς
753 4799 1021 4871 άτρεψίαν
1071 4797 1497 4867 μεταποιήσεως.

523 4914 641 4985 pg".
676 4914 733 4965 Ὀ
748 4912 927 4982 ψιλαῖς
954 4911 1072 4971 ταῖς
1102 4907 1343 4976 έναίμοις
1372 4906 1578 4975 χαίρων
1605 4903 1837 4967 θυσίαις,
1859 4902 2010 4971 φησὶ,

449 5009 576 5078 περὶ
601 5007 665 5058 τὰ
695 5003 841 5073 πάθη
883 4997 1201 5062 σπουδάζειν
1223 4997 1297 5061 ὼς
1331 4988 1583 5066 ἐμπαθὴς
1605 4992 2012 5065 παρασκευάζει

446 5100 571 5160 τοὺς
600 5096 855 5156 θύοντας,·
892 5093 1037 5162 φιλεί
1080 5092 1187 5160 γὰρ
1219 5089 1428 5159 χαίρειν
1458 5087 1519 5140 τὸ
1558 5086 1795 5156 γνησίως
1834 5083 2009 5146 σέϐον,

445 5185 528 5253 οἷς
551 5187 728 5259 χαίρει
754 5187 813 5238 τὸ
850 5180 1338 5254 προσκυνούμενον.

521 5388 630 5458 μς.
669 5385 792 5437 Ὅτι
827 5384 1013 5445 θυσίας
1039 5377 1176 5435 οἶδεν
1202 5384 1229 5435 ό
1258 5380 1429 5447 λόγος.
1476 5380 1629 5449 φησὶ,
1653 5379 1750 5448 τὴν
1776 5379 1883 5431 τῶν
1907 5397 2012 5430 πα-

448 5480 554 5531 θῶν
580 5477 810 5545 σφαγὴν,
840 5476 932 5527 καὶ
960 5474 1055 5542 τὴν
1091 5472 1199 5524 τῶν
1250 5470 1491 5541 φυσικῶν
1531 5471 1812 5539 δυνάμεων
1844 5488 2012 5537 προσ-

438 5569 696 5641 αγωγήν·
729 5561 802 5619 ὧν
833 5566 924 5618 τοῦ
957 5567 1052 5637 μὲν
1088 5566 1246 5631 λόγου
1277 5563 1444 5625 τύπος
1482 5565 1627 5617 ἐστὶν
1658 5563 1853 5633 όκριός
1883 5563 2011 5615 ’τοῦ

2118 4355 2216 4409 per
2243 4337 2681 4392 incarnationem
2706 4336 3176 4391 reconciliationis
3202 4338 3527 4408 symbolum.
3578 4337 3681 4403 Qui

2115 4430 2265 4485 enim
2294 4440 2508 4497 sponte,
2536 4428 2655 4497 ejus
2679 4428 2771 4496 qui
2813 4443 2942 4481 reus
2980 4428 3231 4483 criminis
3272 4437 3410 4490 erat,
3461 4429 3688 4482 damna-

2116 4521 2319 4575 tionem
2344 4520 2533 4585 subiit,
2556 4519 2701 4588 quod
2730 4519 2784 4573 in
2814 4535 2938 4574 eum
2967 4520 3177 4589 pridem
3201 4520 3471 4572 ﬁrmatum
3496 4520 3682 4573 odium

2113 4620 2249 4676 erat,
2283 4610 2554 4665 dissolvit.
2588 4609 2924 4679 Scenopegia
2956 4624 3107 4671 vero,
3144 4610 3341 4663 futura:
3381 4608 3686 4679 designatio

2115 4702 2559 4764 resurrectionis,
2588 4702 2945 4770 omniumque
2969 4702 3023 4754 in
3054 4700 3451 4754 immutabilem
3482 4709 3681 4753 statum

2114 4791 2604 4846 trausmutationis.

2184 4911 2273 4967 46.
2319 4909 2424 4975 Qui
2464 4908 2626 4963 nudis
2668 4909 2913 4962 cruentis
2953 4907 3150 4964 hostiis
3203 4907 3529 4971 delectatur,
3581 4907 3687 4963 hoc

2114 5010 2338 5072 praestat
2368 5010 2625 5069 tanquam
2670 5000 3040 5062 libidinosus}
3073 5008 3134 5053 ut
3178 5001 3271 5067 qui
3319 4998 3547 5064 faciunt,
3583 5001 3687 5069 ipsi

2115 5106 2334 5160 quoque
2364 5088 2577 5143 libidini
2606 5089 2884 5143 studeant.
2926 5087 3030 5153 Qui
3055 5087 3199 5141 enim
3248 5087 3462 5142 sincere
3510 5104 3688 5158 exque

2114 5183 2298 5237 animo
2321 5182 2472 5247 colit,
2503 5181 2571 5234 iis
2596 5180 2777 5235 libens
2810 5181 3030 5251 gaudet,
3057 5180 3259 5249 quibus
3304 5180 3441 5249 ipse,
3475 5181 3564 5234 cui
3596 5197 3688 5235 ve-

2116 5275 2457 5327 nerationem
2492 5288 2555 5325 ac
2576 5272 2782 5326 cultum
2813 5271 3023 5324 tribuit.

2184 5388 2274 5440 47.
2304 5384 2523 5439 Hostias
2542 5384 2849 5452 Scriptura.
2888 5383 3185 5438 affectuum
3238 5384 3688 5447 immolationem,

2115 5474 2557 5539 naturaliumque
2597 5472 2916 5526 facultatum
2957 5473 3316 5538 oblationem,
3338 5490 3537 5529 vocare
3563 5488 3692 5529 con-

2117 5563 2389 5627 suevit;c
2418 5560 2619 5629 quibus
2667 5561 2831 5623 aries,
2878 5563 3111 5618 rationis
3170 5561 3339 5630 ﬁgura
3399 5571 3517 5629 est;
3579 5575 3694 5617 tau-
