4134 6192
387 276 494 341 785

1569 273 2063 348 QUESTIONES
2101 274 2197 336 ET
2236 273 2493 337 DUBIA.

3555 271 3665 338 786

462 389 555 454 ξε’.
591 382 720 453 Πῶς
775 385 934 455 Δόξα
991 386 1212 459 λέγεται
1268 387 1433 444 πάλιν
1491 390 1599 445 τοῦ
1657 390 1906 459 Ἰσραὴλ
1947 391 1974 443 ὁ
2005 395 2035 451 Α

2152 390 2241 445 65.
2269 388 2559 456 Quomodo
2606 404 2799 447 rursus
2854 387 3049 445 Sermo
3104 387 3323 443 dicatur
3357 384 3539 445 Gloria
3586 387 3669 446 Is-

368 472 590 551 ’Δόγος.

350 558 357 564 ”
463 576 573 642 ξς’.
606 573 783 644 Ἀμα,
808 573 995 644 φησὶν,
1026 574 1340 628 ἀποκτείνει
1376 590 1462 636 τις
1491 572 1580 627 τὸν
1609 576 1666 627 ὲν
1692 573 1769 644 τῷ
1799 574 1980 644 γράμ-

395 684 527 737 ματι
572 664 667 719 τοῦ
704 665 871 735 νόμου
917 666 1229 735 σωματικὸν
1258 665 1405 731 νοῦν,
1445 666 1798 737 βασιλεύοντα
1832 665 1983 735 δέχε-

392 776 484 812 ται
523 759 616 812 τὸν
648 758 706 811 ὲν
729 757 805 829 τῷ
832 758 1108 829 πνεύματι
1133 759 1314 827 λόγον.

468 851 566 916 εἷ’.
598 851 705 904 Τὸν
739 850 901 904 Δαϐιδ
931 851 1091 904 ἔλαϐε
1140 851 1237 906 καὶ
1274 852 1357 914 εἰς
1389 851 1481 904 τὸν
1514 850 1743 922 Κύριον,
1773 851 1868 904 καὶ
1903 852 1981 914 εἰς

395 949 457 1000 τδ
482 946 835 1016 Εὑαγγέλιον,
874 945 970 999 καὶ
1008 947 1089 1009 εἰς
1121 944 1213 1000 τὸν
1257 944 1625 1015 πνευματικὸν
1666 944 1860 1015 νόμον
1892 944 1986 997 καὶ

399 1044 477 1104 εἰς
511 1040 607 1111 τὴν
637 1039 863 1108 γνῶσιν,
901 1039 995 1091 καὶ
1048 1039 1130 1102 εἰς
1175 1038 1275 1108 τὴν
1328 1038 1583 1109 θεωρίαν,
1626 1038 1719 1090 καὶ
1771 1038 1852 1100 εἰς
1885 1037 1987 1105 τὴν

398 1132 703 1201 λεγομένην
731 1129 955 1200 πρᾶξιν,
992 1130 1088 1183 καὶ
1120 1130 1200 1193 εἰς
1246 1128 1338 1181 τὸν
1376 1128 1495 1181 νέον
1526 1128 1679 1180 λαόψ
1716 1128 1808 1180 καὶ
1844 1127 1985 1180 κατὰ

401 1222 632 1285 πολλοὺς
678 1221 911 1292 Θεωρίας
966 1220 1227 1291 τρόπους,
1274 1220 1603 1290 προσφόρως
1637 1220 1750 1282 τοῖς
1801 1218 1987 1281 τόποις

402 1316 537 1382 πρὸς
575 1312 672 1383 τὴν
704 1311 1079 1382 ὑποκειμένην
1106 1312 1318 1382 ἥρμοσε
1352 1313 1565 1382 χρείαν.

476 1404 577 1475 ξη’.
621 1406 680 1459 Ὀ
698 1402 826 1467 τοὺς
849 1403 1052 1466 τύπους
1087 1402 1223 1457 ἀλλά
1250 1402 1325 1474 μὴ
1351 1404 1417 1456 τὰ
1444 1405 1729 1474 ἀρχέτυπα
1750 1404 1860 1457 τῶν
1890 1422 1992 1475 μυο

406 1496 646 1565 στηρίων
679 1494 840 1565 ἔχων,
874 1495 969 1548 καὶ
996 1494 1101 1565 τὴν
1133 1494 1425 1565 ἐρώτησιν,
1454 1495 1591 1549 ἀλλά
1617 1495 1692 1566 μὴ
1721 1495 1819 1566 τὴν
1850 1496 1992 1564 γνῶ-

406 1603 490 1638 σιν
520 1585 626 1637 τῶν
661 1586 717 1636 ὲν
758 1583 1029 1654 πνεύματι
1065 1584 1387 1655 φωτισμῶν,
1417 1584 1657 1656 εἰληφὼς
1678 1587 1909 1651 δάνειον,
1931 1585 1992 1639 τὸ

403 1674 836 1745 ὁμολογούμενον
880 1676 991 1738 τοῖς
1029 1676 1484 1747 προειρημένοις,
1511 1678 1611 1749 τὴν
1640 1679 1758 1730 κατ’
1799 1676 1991 1747 αἴσθη-

406 1786 493 1820 σιν
523 1768 580 1820 ὲν
610 1768 719 1829 τοῖς
750 1766 1040 1837 συμϐόλοις
1064 1766 1160 1820 τοῦ
1182 1768 1348 1837 νόμου
1372 1770 1598 1839 πεῖραν·
1630 1769 1774 1823 κατά
1810 1769 1990 1841 ψυχὴν

402 1854 692 1927 λιμώττων
727 1856 823 1909 τοῦ
873 1856 1220 1926 πνεύματος,
1256 1857 1351 1911 καὶ
1386 1859 1484 1929 τὴν
1535 1859 1723 1929 ὥσπερ
1767 1860 1989 1929 ὁδηγίαν

402 1947 673 2019 ἐρώτησιν
702 1948 799 2019 τῆς
847 1950 987 2004 κατά
1037 1949 1298 2022 ἀλήθειαν
1347 1950 1601 2020 γνώσεως
1646 1952 1985 2023 μυωπάζων.

481 2111 577 2178 ξθν.
610 2113 995 2183 Μεταξυλογία
1022 2114 1162 2180 ἐστὶ,
1194 2114 1256 2169 τὸ
1288 2117 1344 2170 ὲν
1437 2118 1599 2189 τυχόν
1636 2119 1754 2172 ἐστι
1787 2119 1989 2173 πολλάς

406 2224 496 2270 κις
528 2208 623 2261 καὶ
651 2207 825 2279 πλάνη
835 2225 939 2272 σις.

472 2307 535 2354 o'.
569 2302 988 2374 Μακαριότητος
1037 2302 1194 2375 δῆλον
1252 2304 1374 2369 ὅτι,
1406 2305 1532 2371 τοὺς
1581 2306 1720 2360 κατά
1770 2306 1993 2376 μέθεξιν

406 2394 580 2465 αὐτῆς
621 2394 954 2461 ἀξιωθέντας
1003 2398 1517 2469 χαρακτηριζούσης
1540 2438 1554 2465 ,
1588 2399 1682 2452 καὶ
1724 2398 1784 2464 ἐξ
1819 2399 1992 2468 αὐτῆς

408 2486 725 2557 γνωρίμους
759 2486 957 2553 αὐτοὺς
984 2489 1323 2545 καθιστῶσα.

2082 483 2259 536 raclis.

2153 573 2372 629 66.1liox
2398 590 2461 630 ac
2482 574 2680 645 aliquis
2703 576 3057 629 exsistentem
3088 576 3143 629 in
3169 574 3305 643 legis
3336 573 3520 628 littera
3544 588 3667 629 cor-

2082 667 2331 737 poralem
2354 683 2577 723 sensum
2600 667 2822 733 occidit,
2858 676 3178 738 regnantem
3210 666 3266 720 in
3317 666 3514 736 spiritu
3544 667 3672 723 Ser-

2084 775 2304 814 monem
2328 760 2545 829 recipit.

2156 852 2245 907 67.
2286 851 2646 915 Davidem,et
2674 850 2891 905 Domini
2920 858 2977 905 et
3014 850 3295 920 Evangelii
3333 860 3389 905 et
3426 851 3672 906 scientiae

2086 950 2147 999 et
2172 940 2681 1011 contemplationis,
2708 950 2765 995 et
2797 940 3032 994 actionis
3061 938 3247 1010 (quam
3268 936 3485 1009 vocant)
3515 939 3674 994 novi.

2090 1051 2197 1106 que
2232 1034 2422 1105 populi
2471 1042 2600 1104 typo
2625 1032 2874 1101 accepit;
2930 1032 3195 1101 juxtaque
3245 1030 3430 1084 varios
3479 1045 3675 1085 sensus

2092 1123 2365 1194 spiritalis
2390 1124 2605 1187 modos,
2646 1138 2747 1192 pro
2778 1122 3030 1177 locorum
3071 1121 3310 1185 ratione,
3374 1119 3507 1190 quid
3559 1120 3675 1174 cui-

2086 1231 2198 1286 que
2234 1231 2303 1270 ex
2328 1215 2590 1285 subjectre
2615 1215 2863 1269 materiae
2892 1230 2995 1269 usu
3026 1214 3120 1279 sit,
3152 1212 3550 1269 convenienter
3576 1228 3675 1282 ap-

2092 1308 2245 1362 tavit.

2161 1399 2250 1453 68.
2289 1396 2392 1464 Qui
2418 1397 2639 1469 ﬁguras,
2674 1414 2785 1453 non
2814 1398 2959 1469 ipsas
2982 1398 3262 1469 principes
3286 1396 3675 1469 mysteriorum

2094 1490 2260 1560 300
2289 1489 2517 1556 formas,
2575 1505 2639 1545 ac
2675 1491 3173 1560 percontationem,
3212 1506 3322 1545 non
3358 1488 3677 1544 illustratio-

2093 1595 2227 1634 num
2254 1578 2309 1632 in
2334 1579 2529 1649 spiritu
2568 1580 2854 1634 scientiam
2896 1590 3092 1636 nactus
3112 1590 3235 1646 est;
3280 1587 3507 1650 accepto
3552 1594 3677 1633 mu-

2095 1678 2215 1737 tuo,
2249 1686 2350 1741 pro
2370 1687 2437 1725 eo
2467 1687 2530 1726 ac
2565 1672 2949 1741 superioribus
2982 1672 3264 1742 explorate
3311 1671 3561 1726 habitum
3596 1677 3680 1725 est

2098 1765 2259 1837 (legis
2297 1765 2512 1819 scilicet
2528 1780 2597 1819 ex
2640 1780 2835 1819 sensus
2879 1763 3095 1819 ratione
3143 1763 3197 1817 in
3227 1762 3491 1835 symbolis
3518 1776 3682 1830 expe-

2095 1855 2371 1927 rimento)
2407 1855 2636 1925 spiritus
2682 1853 2825 1909 fame
2858 1856 3053 1911 animo
3116 1853 3482 1917 contabescit,
3529 1852 3682 1907 velut

2092 1945 2196 2000 viae
2217 1945 2438 2009 ducem,
2475 1962 2620 2000 verae
2654 1944 2902 2000 scientiae
2926 1944 3402 2016 percontationem
3441 1942 3682 1998 lusciose

2092 2034 2403 2091 attendens.

2168 2126 2257 2181 69.
2282 2126 2645 2182 lnterlocutio
2670 2134 2775 2193 est,
2795 2126 2941 2198 quod
2964 2128 3036 2182 ita
3068 2127 3294 2193 dicitur,
3328 2127 3386 2182 in
3409 2142 3518 2198 qua
3540 2126 3683 2183 forte

2094 2234 2241 2289 saepe
2278 2218 2445 2273 etiam
2486 2234 2643 2273 error
2673 2228 2759 2275 est
2786 2235 2851 2275 ac
2873 2220 3147 2291 deceptio.

2166 2306 2255 2361 70.
2298 2307 2709 2363 Beatitudinem
2738 2308 2973 2374 scilicet,
3005 2325 3128 2379 qua:
3152 2324 3249 2364 eos
3276 2309 3371 2380 qui
3404 2309 3525 2381 ejus
3555 2325 3682 2382 par-

2092 2398 2290 2470 ticipes
2320 2399 2458 2455 etIici
2486 2409 2811 2456 meruerunt
2831 2401 2985 2457 velut
3008 2408 3137 2456 nota
3158 2400 3439 2472 insigniat,
3474 2389 3533 2457 et
3559 2418 3590 2456 a
3619 2417 3680 2458 se

2090 2500 2259 2548 notos
2282 2492 2410 2547 illos
2436 2490 2659 2548 efﬁciat.

418 2672 3603 2714 Μ

3181 2688 3638 2714 .—-_._=:__—::==a

832 3090 1337 3189 ΠΕΥΣΕΙΣ.
1400 3093 1595 3179 ΚΑΙ
1667 3090 2337 3181 ΑΠΟΚΡΙΣΕΙΣ
2395 3096 2592 3180 ΚΑΙ
2643 3094 3253 3182 ΕΡΩΤΗΣΕΙΣ

1815 3269 1936 3326 ΚΑΙ
1970 3272 2271 3329 ΕΚΛΟΓΑῙ

1456 3425 1758 3495 Διαφόρων
1784 3426 2129 3495 κεφαλαίων
2156 3427 2582 3497 ἀπορουμένων
2597 3430 2634 3491 ⁸,

2065 3564 2103 3577 ﬁ

1730 3716 1881 3830 Ε]
1896 3714 2379 3830 USDEM'

1043 3939 1557 4015 QUIESTIONES,
1600 3936 2322 4002 INTERROGATIONES
2362 3941 2457 4001 ET
2497 3939 3065 4002 RESPONSIONES

1272 4095 1797 4174 Diversorumque
1834 4092 2254 4158 difficiliorum
2288 4094 2561 4174 capitum
2608 4093 2826 4156 electa.

984 4394 1319 4447 ΕΡΩΤΗΣΙΣ
1348 4394 1427 4448 A'.

496 4490 665 4554 τίνες
696 4484 897 4555 ἀρετιτὶ
928 4485 1157 4555 ψυχῆς,
1188 4485 1283 4539 καὶ
1310 4488 1472 4553 τίνες
1497 4486 1770 4557 σώματος
1794 4508 1814 4555 ;

1042 4686 1406 4755 Ἀπόκρισις.

494 4776 713 4847 ’Ᾱρεταὶ
752 4775 934 4847 ψυχῆς
984 4778 1120 4829 εἰσιν
1172 4773 1363 4833 αὗται·
1398 4779 1619 4849 ἀγάπη,
1648 4779 1999 4847 ταπείνωσις,

421 4867 695 4939 πραΰτης,
751 4868 1124 4940 μακροθυμία,
1188 4870 1546 4936 ἀνεξικακία,
1600 4873 1998 4942 ἀμνησικακία,

2573 4389 3093 4447 INTERROGATIO
3143 4392 3186 4446 1.

2180 4486 2437 4551 Quantam
2490 4486 2693 4551 animi,
2734 4502 2795 4539 ac
2855 4500 3101 4555 quamam
3144 4486 3250 4539 sint
3305 4487 3536 4553 corporis
3584 4487 3687 4541 vir-

2108 4586 2241 4631 tutes
2266 4579 2291 4629 ἶ)

2739 4686 3040 4759 Responsio.

2175 4783 2357 4837 Animi
2385 4782 2619 4835 virtutes
2644 4790 2773 4834 sunt
2809 4780 2936 4835 hae:
2998 4780 3239 4835 Charitas
3285 4794 3384 4835 seu
3438 4778 3681 4848 dilectio,

2106 4876 2414 4936 humilitas,
2466 4872 2858 4937 mansuetudo,
2912 4872 3343 4942 longanimitas,
3395 4871 3683 4943 patientia.

420 4960 717 5030 ἁοργησξα,
746 4962 805 5015 τὸ
852 4961 1090 5031 ἄθυμον,
1122 4962 1182 5015 τὸ
1235 4963 1487 5031 ἄφθονον,
1539 4963 1603 5017 τὸ
1648 4965 1906 5035 ἄκριτον,
1942 4967 2004 5020 τὸ

2105 4965 2430 5036 injuriarum
2497 4963 2729 5027 oblivio,
2764 4962 2832 5016 ab
2863 4962 2965 5025 ira,
2991 4962 3201 5028 furore,
3244 4962 3451 5017 invidia
3488 4963 3686 5017 immu-

424 5052 750 5119 ἀκενόδοξον
771 5094 785 5117 ,
820 5053 1183 5124 ἐλεημοσύνη,
1228 5053 1576 5124 σωφροσύνη,
1605 5054 1999 5127 ἀφιλαργυρία,

422 5143 761 5212 συμπάθεια,
813 5146 1053 5214 ἄτυφον,
1094 5146 1531 5217 ἀνυπερήφανον,
1586 5149 2000 5203 κατανυκτικόν.

432 5236 654 5305 Ἀρεταὶ
686 5236 743 5291 δὲ
783 5236 1034 5308 σώματός
1087 5239 1224 5292 εἰσιν
1279 5234 1436 5294 αὗται
1460 5256 1473 5269 ·
1511 5240 1760 5309 νηστεία,
1796 5256 2003 5310 χαμευ-

420 5327 532 5389 νία,
580 5329 876 5399 ἀγρυπνία,
919 5331 1216 5402 ἐγκράτεια
1241 5373 1254 5399 ,
1291 5330 1668 5403 ἀκτημοσύνη,
1706 5332 1767 5384 τὸ
1805 5332 2002 5404 ἀπερί-

418 5434 684 5475 σπαστον.

2109 5075 2235 5113 nem
2270 5072 2415 5121 esse,
2451 5071 2560 5111 non
2580 5055 2854 5127 judicare,
2883 5056 3031 5110 inani
3061 5056 3249 5127 glorize
3270 5071 3384 5109 non
3438 5056 3683 5123 studere,

2108 5155 2481 5224 eleemosyna,
2512 5152 2740 5207 castitas
2766 5150 3044 5219 animique
3071 5150 3361 5215 sobrietas,
3388 5165 3498 5205 non
3531 5150 3681 5205 avari

2110 5260 2316 5307 mores,
2351 5241 2522 5297 animi
2566 5240 2883 5295 miserantis
2912 5240 3153 5306 aﬂ‘ectio,
3188 5256 3386 5295 sensus
3422 5242 3491 5296 ab
3534 5238 3682 5296 omni

2109 5334 2422 5405 arrogantia
2457 5348 2521 5386 ac
2553 5332 2812 5401 superbia
2836 5333 3070 5400 alienus,
3121 5334 3494 5405 compunctio.
3551 5334 3685 5389 Cor-

2109 5427 2260 5497 poris
2281 5432 2463 5478 autem
2488 5423 2725 5478 virtutes
2756 5432 2883 5479 sunt
2914 5441 2927 5478 :
2966 5424 3258 5496 jejunium,
3286 5424 3414 5481 loeti
3452 5422 3688 5483 (iutilius

418 5510 680 5581 nudaque
710 5514 864 5570 bumi
900 5516 1142 5584 cubatio,
1170 5518 1389 5589 vigilite,
1425 5520 1787 5585 continentia,
1821 5537 2004 5576 rerum
2042 5519 2339 5583 abdicatio,
2365 5533 2474 5571 non
2507 5516 2780 5586 divagatio
2814 5534 2911 5575 seu
2940 5518 3247 5575 distractio.

488 5671 509 5694 ‘
545 5667 622 5724 Ex
674 5671 845 5743 Regio
890 5676 1013 5730 cod.
1047 5677 1325 5748 alteroque
1374 5682 1547 5734 excel.
1589 5682 1650 5735 V.
1692 5683 1838 5737 Petri
1887 5682 2134 5755 Seguicr,
2161 5682 2405 5741 Francim
2431 5681 2766 5739 cancellarii.
