4134 6192
551 219 652 288 811

1704 212 1766 272 S.
1806 212 2093 272 MAXIM!
2131 211 2637 272 CONFESSORIS

3678 205 3788 272 812

552 335 744 394 nentia
765 333 972 397 vivere,
1001 337 1062 385 ut
1089 337 1382 398 appetente
1407 342 1507 396 per
1527 324 1657 380 anni
1689 334 1938 396 tempora
1964 326 2114 381 coitu

2236 325 2350 396 τύνη
2382 324 2571 395 συζῇν,
2603 323 2743 377 ὥστε
2772 320 2931 392 ἡνίκα
2954 319 3090 390 πρὸς
3117 318 3400 372 συνουσίαν
3433 314 3790 388 συνέρχεσθαι

552 431 671 486 dies
694 421 1056 496 quadraginta
1089 419 1302 488 lugeat,
1338 426 1560 485 tumque
1585 429 1651 470 eo
1679 423 1974 478 transacto,
1994 431 2118 470 rur-

552 533 648 574 sus
675 514 793 568 dies
822 505 1182 580 quadraginta
1229 505 1376 558 luctu
1429 500 1708 572 transigat.
1756 501 1899 571 Figit
1934 511 2119 555 autem

551 601 744 657 nidum
778 598 835 650 in
883 593 1194 657 arboribus,
1229 591 1322 645 ubi
1365 591 1512 645 nulla
1567 591 1856 660 obtegente
1907 591 2119 653 umbra,

552 707 678 747 aere
703 703 842 760 puro
871 687 1092 740 fruitur.
1144 684 1268 738 Haec
1301 697 1432 736 vero
1459 697 1555 736 sua
1579 680 1790 744 indole,
1816 680 2121 734 castitatem

552 779 841 852 signiﬁcat.
869 775 1031 829 Praeit
1056 772 1199 827 enim
1234 771 1325 824 illa
1354 768 1570 824 cunctis
1589 767 1913 832 virtutibus;
1960 774 2122 835 atque

551 871 620 926 ab
655 869 737 924 eis
768 881 889 937 quae
939 865 994 919 in
1044 877 1265 918 sensum
1314 861 1517 915 cadunt
1563 866 1797 923 secreta,
1840 871 1908 910 ex
1941 870 2123 909 rerum

553 958 937 1030 temporalium
964 954 1178 1017 umbra,
1211 951 1422 1006 nullum
1447 949 1697 1004 nubilum
1723 946 1947 1018 patitur.
1982 944 2126 1012 Qua-

507 1053 510 1056 ’
555 1049 908 1122 dragenarius
935 1046 1083 1100 enim
1123 1059 1406 1107 numerus,
1439 1043 1702 1113 cujusque
1737 1046 1972 1110 quatuor
2009 1038 2124 1093 ele-

556 1150 867 1196 mentorum
903 1134 1299 1206 perfectionem
1335 1130 1740 1202 complectitur.

1083 1269 1363 1324 INTERR.
1408 1267 1600 1322 XXXI.

626 1385 763 1450 Quid
789 1383 886 1437 sibi
912 1382 1022 1436 vult
1051 1381 1188 1451 quod
1217 1382 1411 1435 dictum
1441 1391 1517 1435 est
1547 1399 1564 1436 :
1601 1401 1619 1432 ι
1654 1380 1892 1436 Reddens
1930 1378 2124 1448 iniqui-

560 1484 720 1530 tatem
746 1482 957 1545 patrum
998 1473 1054 1525 in
1093 1471 1230 1540 ﬁlios
1263 1473 1317 1526 in
1364 1473 1574 1526 tertiam
1612 1473 1773 1543 312
1805 1479 1854 1525 et
1880 1478 2125 1541 quartam

558 1564 969 1636 generationem,
1002 1563 1080 1620 his
1107 1562 1197 1631 qui
1224 1561 1446 1616 oderunt
1482 1579 1562 1616 me
1579 1564 1621 1594 ³³
1643 1563 1702 1614 ἲν»

1265 1671 1422 1744 Resp.

629 1766 868 1820 Primam
923 1763 1366 1834 generationem,
1417 1763 1545 1818 mali
1604 1761 2128 1833 proseminationem

559 1868 679 1907 esse
713 1853 998 1917 existimo;
1052 1853 1171 1922 ejus
1217 1851 1427 1907 scilicet
1471 1843 1654 1907 animo
1695 1853 2128 1922 suggestionem;

561 1943 787 1996 alteram
839 1955 989 2008 vero,
1030 1941 1420 2011 cupiditatem;
1480 1941 1719 2006 tertiam,
1763 1943 2133 2012 generationis

562 2035 694 2091 mali
723 2035 971 2090 habitum
994 2033 1211 2106 (nempe
1241 2033 1623 2105 consensum);
1642 2045 1915 2104 quartam,
1935 2049 2129 2109 opera-

566 2125 770 2181 tionem
817 2125 1110 2193 (actionem
1145 2125 1356 2180 scilicet
1398 2140 1462 2179 ae
1493 2125 1886 2197 eﬂ‘ectionem).
1932 2126 2135 2181 Reddi-

535 2221 656 2269 ~tur
681 2229 811 2285 ergo
853 2228 1025 2284 usque
1068 2211 1137 2268 ad
1186 2213 1403 2268 tertiam
1435 2220 1490 2269 et
1533 2223 1782 2284 quartam
1830 2215 2137 2286 generatio-

563 2318 722 2369 nem;
759 2318 859 2372 pro
891 2317 1159 2357 consensu
1205 2303 1418 2358 scilicet
1459 2311 1514 2358 et
1543 2305 1779 2359 actione.
1814 2305 1945 2370 Quae
1985 2305 2134 2360 enim

567 2395 750 2449 animo
787 2394 1061 2465 suggestio
1089 2401 1174 2449 est
1201 2405 1257 2449 et
1281 2394 1575 2465 cupiditas,
1602 2396 1838 2451 innoxiae
1872 2404 2021 2462 sunt,
2055 2396 2133 2450 id-

568 2489 714 2544 circo
743 2487 1024 2554 nimirum,
1057 2487 1202 2560 quod
1240 2489 1440 2546 malum
1471 2488 1528 2543 in
1557 2488 1719 2544 tinem
1763 2504 1873 2543 non
1915 2504 2136 2559 proces—

566 2579 720 2635 serit.

1081 2712 1362 2770 INTERR.
1403 2713 1618 2768 XXXII.

638 2819 880 2888 Quonam
922 2821 1072 2876 modo
1121 2824 1202 2892 pie
1243 2822 1582 2894 intelligenda
1624 2825 1711 2892 sit,
1749 2841 1865 2896 quae
1906 2827 1960 2882 in
1997 2825 2138 2883 Scri-

569 2921 727 2984 ptura
755 2912 975 2968 habetur
1002 2911 1098 2966 Dei
1128 2915 1428 2983 poenitentia
1451 2918 1477 2970 ?

1279 3047 1437 3120 Resp.

639 3136 742 3204 Qui
777 3135 846 3191 de
879 3135 1081 3194 divinis
1123 3137 1212 3207 pie
1258 3140 1618 3212 religioseque
1659 3144 1867 3200 sentire
1912 3155 2137 3213 norunt,

572 3227 908 3298 impossibile
944 3227 1097 3282 aiunt
1124 3229 1315 3298 Deum,
1350 3231 1443 3301 qui
1500 3241 1707 3289 natura:
1736 3251 1920 3290 rerum
1949 3238 2140 3292 condi-

574 3329 660 3373 tor
692 3318 784 3386 sit,
808 3333 918 3373 nou
939 3319 1104 3373 etiam
1136 3319 1205 3374 iis
1227 3335 1348 3390 quae
1370 3323 1591 3378 condita
1623 3332 1772 3392 sunt,
1795 3334 1989 3393 natura
2015 3344 2144 3400 pro-

574 3407 781 3462 videre.
810 3407 906 3462 Sin
931 3415 1113 3462 autem
1237 3423 1328 3464 res
1351 3410 1424 3464 ita
1455 3411 1639 3480 habet,
1673 3415 1897 3470 omnino
1917 3433 2142 3474 necesse

571 3508 676 3566 est,
725 3513 849 3554 eum
903 3500 1048 3556 Deus
1090 3502 1330 3557 humano
1367 3503 1555 3573 generi
1595 3491 1788 3562 natura
1836 3509 2140 3578 provideat,

573 3591 755 3664 plures
782 3590 928 3662 apud
955 3607 1082 3648 eum
1115 3602 1331 3651 exstare
1365 3594 1557 3654 salutis
1586 3594 1638 3654 ei
1672 3598 1990 3666 praestandae
2021 3615 2142 3653 mu-

571 3681 694 3738 dos.
723 3682 859 3740 Nam
889 3698 1015 3739 eum
1051 3685 1216 3740 homo
1243 3685 1447 3740 animal
1482 3685 1554 3741 sit
1575 3687 1832 3743 versatile
1862 3703 1925 3744 ac
1955 3687 2144 3765 incon-

573 3779 744 3840 stans,
781 3772 1047 3845 facileque
1093 3789 1194 3846 pro
1231 3785 1538 3848 temporum
1574 3791 1898 3850 morumque
1933 3780 2143 3836 ratione

575 3863 854 3930 mutabile,
886 3865 1047 3935 plane
1081 3867 1248 3921 etiam
1285 3882 1511 3924 necesse
1538 3877 1643 3937 est,
1678 3880 1739 3928 ut
1780 3871 1963 3928 divina
2011 3872 2144 3927 Pro-

576 3955 832 4022 videntia,
864 3957 966 4015 etsi
991 3957 1110 4027 ipsa
1149 3959 1339 4014 eadem
1378 3968 1483 4028 est,
1530 3976 1629 4032 pro
1657 3962 2008 4017 aﬂ‘ectionum
2044 3978 2144 4017 no-

2228 417 2431 487 μέλλει,
2485 415 2891 484 τεσσαράκοντα
2926 409 3152 480 «ἡμέρας
3199 406 3448 460 πενθεῖν·
3483 407 3580 462 καὶ
3629 409 3791 464 πάλιν

2230 510 2368 578 μετὰ
2422 508 2614 570 ταῦτα,
2655 507 2817 569 ἄλλας
2867 503 3295 574 τεσσαράκοντα.
3345 501 3456 573 Τὴν
3498 502 3556 555 δὲ
3603 505 3792 558 καλιὰν

2227 601 2494 669 πήγνυσιν
2537 601 2594 650 ἐν
2642 600 2754 660 τοῖς
2799 597 3053 667 δένδροις,
3108 594 3236 647 ἔνθα
3287 594 3362 663 μὴ
3417 595 3792 658 ὲπισκιάζεται

2227 687 2332 738 ὑπό
2360 702 2526 749 τινος,
2559 685 2695 738 ἀλλὰ
2723 684 2961 754 καθαρὸν
3002 683 3092 735 τὸν
3119 681 3256 752 ἀέρα
3281 682 3412 751 ἔχει.
3446 682 3706 751 Σημαίνει
3737 683 3792 736 δὲ

2228 775 2316 828 διὰ
2347 774 2550 828 τούτων
2575 775 2673 846 τὴν
2711 772 3082 844 σωφροσύνην.
3123 771 3270 841 Αὕτη
3306 772 3414 842 γὰρ
3446 773 3658 840 ἡγεῖται
3688 786 3792 840 πα-

2230 865 2338 919 σῶν
2371 865 2478 920 τῶν
2508 865 2750 936 ἀρετῶνο
2801 864 3178 918 ἀποδιάκειται
3211 863 3267 915 δὲ
3310 861 3403 915 καὶ
3448 861 3555 914 τῶν
3601 861 3790 932 αἰσθη-

2228 958 2356 1021 τῶν,
2389 956 2494 1009 ὑπὸ
2531 955 2754 1026 μηδενὸς
2804 954 3133 1024 σκιαζομένη
3184 953 3292 1005 τῶν
3321 952 3690 1022 προσκαίρων.
3735 952 3794 1003 '0

2228 1047 2664 1119 τεσσαρακοστὸς
2690 1047 2795 1118 γὰρ
2812 1045 3063 1116 ἀριθμὸς,
3083 1045 3180 1115 τὴν
3199 1044 3428 1097 ἑκάστου
3446 1045 3554 1096 τῶν
3578 1044 3618 1097 δ’
3649 1060 3793 1098 στοι-

2230 1138 2392 1210 χείων
2419 1137 2734 1208 ἐμπεριέχει
2763 1135 3062 1190 τελείωσιν.

2818 1267 3016 1322 ΕΡΩΤ.
3068 1267 3195 1324 AA'.

2307 1380 2368 1435 Τί
2392 1380 2511 1433 ἐστι
2547 1379 2633 1445 τὸ,
2671 1397 2690 1432 ι
2738 1377 3086 1445 Ἀποδιδο-ὺς
3116 1379 3403 1448 ἁμαρτίας
3447 1377 3670 1448 γονέων
3697 1378 3799 1432 ἐπὶ

2233 1471 2444 1535 τέκνα,
2499 1467 2610 1532 ἕως
2645 1467 2847 1537 τρίτης
2888 1467 2985 1520 καὶ
3036 1466 3318 1535 τετάρτης
3375 1466 3611 1536 γενεᾶς,
3672 1467 3798 1535 τοῖς

2227 1558 2481 1627 μισοῦσι
2506 1574 2580 1628 με
2600 1575 2649 1623 ;ι

2159 1680 2205 1739 Β

2875 1668 3113 1736 Ἀπόκρ.

2303 1759 2531 1832 Πρώτην
2563 1757 2755 1828 γενεὰν
2797 1758 2870 1831 (τ)
2909 1759 3285 1829 ὑπειλήφαμεν
3328 1753 3488 1824 εῖναι,
3531 1757 3627 1829 τὴν
3661 1772 3793 1814 στω-

2237 1850 2333 1921 ρὰν
2362 1850 2454 1904 τοῦ
2487 1849 2658 1905 κακοῦ
2682 1866 2695 1879 ·
2744 1849 3008 1914 τουτέστι,
3040 1848 3138 1918 τὴν
3169 1849 3474 1920 προσϐολήν
3495 1865 3507 1878 °
3536 1849 3795 1918 δευτέραν

2231 1941 2309 2007 δὲ,
2333 1942 2429 2010 τὴν
2480 1940 2809 2012 ἐπιθυμίανο
2853 1940 3042 2011 τρίτην
3095 1939 3152 1992 δὲ
3195 1945 3294 2010 τὴν
3331 1940 3443 2004 ἕξιν
3484 1938 3578 1991 τοῦ
3631 1938 3802 1992 κακοῦ

2232 2033 2446 2100 γενεᾶς,
2477 2031 2747 2096 τουτέστι,
2782 2030 2877 2101 τὴν
2930 2029 3320 2100 συγκατάθεσιν
3343 2047 3355 2061 ·
3410 2030 3678 2100 τετάρτην
3719 2030 3800 2094 δὲ,

2231 2124 2330 2193 τὴν
2379 2125 2686 2195 ἐνέργειαν,
2733 2123 2978 2176 τουτέστι
3035 2121 3133 2192 τὴν
3184 2121 3401 2188 πρᾶξιν.
3470 2121 3801 2174 Ἀποδίδοται

2231 2208 2324 2267 οὖν
2381 2215 2485 2278 ἓως
2533 2214 2721 2284 τρίτης
2772 2213 2865 2266 καὶ
2903 2212 3174 2284 ’τετάρτης
3227 2215 3448 2284 γενεᾶς’
3505 2211 3799 2274 τουτέστιν,

2236 2306 2372 2378 ὑπὲρ
2405 2304 2500 2376 τῆς
2539 2304 2986 2375 συγκαταθέσεως
3018 2303 3112 2359 καὶ
3147 2305 3244 2376 τῆς
3273 2303 3538 2377 πράξεως.
3598 2303 3664 2359 Ἦ
3688 2303 3805 2375 γὰρ

2235 2394 2508 2467 προσϐολὴ
2551 2395 2646 2446 καὶ
2687 2395 2721 2464 ὴ
2757 2393 3040 2462 ἐπιθυμία,
3089 2393 3378 2458 ἀνεύθυνός
3409 2395 3576 2460 ἐστιν,
3619 2391 3694 2456 ὡς
3726 2393 3806 2463 μὴ

2235 2487 2313 2550 εἰς
2342 2486 2513 2556 πέρας
2539 2483 2630 2538 τοῦ
2666 2484 2839 2539 κακοῦ
2868 2484 3238 2557 προελθόντος.

2829 2699 3026 2758 ΕΡΩΤ.
3082 2700 3206 2754 AB'.

2307 2814 2438 2882 Πῶς
2462 2814 2688 2884 ὀφείλει
2716 2811 2976 2880 εὐσεϐῶς
3009 2813 3300 2882 νοηθῆναι
3327 2814 3365 2883 ἡ
3394 2812 3464 2872 ἐν
3489 2810 3566 2882 τῇ
3594 2812 3646 2868 Γ
3639 2811 3813 2885 ραςρῇ

2237 2904 2478 2976 κειμένη
2507 2902 2612 2957 τοῦ
2638 2901 2786 2956 Θεοῦ
2807 2902 3184 2973 μεταμέλεια.

2905 3041 3144 3110 Ἀπόκρ.

2307 3131 2478 3186 Φασὶν
2521 3133 2572 3186 οἱ
2615 3133 2684 3187 τὰ
2730 3132 2849 3186 θεῖα
2878 3133 3115 3198 εὐσεϐῶς
3168 3135 3387 3204 φρονεῖν
3436 3137 3819 3206 διεγνωκότες,

2239 3224 2496 3278 ἀδύνατον
2537 3219 2674 3278 εἶναι
2707 3224 2798 3278 τὸν
2824 3225 2955 3278 Θεὸν
2987 3225 3146 3295 φύσει
3193 3226 3323 3281 ὄντα
3349 3227 3708 3299 δημιουργὸν,
3742 3232 3822 3304 μὴ

2240 3315 2334 3369 καὶ
2367 3314 2668 3386 προνοητὴν
2711 3312 2849 3368 εἶναι
2895 3314 3058 3384 φύσει
3087 3315 3194 3368 τῶν
3243 3316 3819 3390 δεδημιουργημένων.

2241 3405 2302 3459 Ei
2327 3405 2382 3458 δὲ
2407 3405 2584 3471 τοῦτο,
2609 3406 2830 3474 ἀνάγκη
2860 3405 3010 3459 πᾶσά
3043 3408 3160 3462 ἐστι
3205 3408 3450 3478 φυσικῶς
3486 3412 3826 3481 προνοουμέ-

2238 3512 2330 3571 νου
2361 3494 2452 3548 τοῦ
2484 3494 2618 3548 Θεοῦ
2645 3495 2745 3565 τῆς
2770 3493 3209 3566 ἀνθρωπότητος,
3250 3497 3482 3562 πολλοὺς
3511 3495 3652 3554 εἶναι
3689 3503 3828 3572 παρ’

2239 3583 2386 3656 αὐτῷ
2416 3587 2541 3649 τοὺς
2585 3586 2714 3657 περὶ
2743 3585 2842 3658 τήν
2875 3587 3279 3658 προνοουμένην
3319 3588 3480 3657 φύσιν
3513 3592 3610 3661 τῆς
3649 3607 3827 3664 σωτη-

2241 3677 2360 3748 ρίας
2402 3676 2657 3747 τρόπους.
2722 3677 2940 3750 Ἐπειδὴ
2997 3677 3106 3748 γὰρ
3168 3680 3534 3752 ἀγχίστροφον
3594 3683 3732 3747 ζῶον
3791 3689 3823 3741 ὁ
3907 3693 3918 3700 ’

2239 3766 2543 3840 ἄνθρωπος,
2577 3767 2816 3839 εὐχερῶς
2864 3770 2976 3833 τοῖς
3027 3773 3242 3840 καιροῖς
3294 3773 3388 3826 καὶ
3433 3777 3548 3838 τοῖς
3595 3777 3828 3846 τρόποις

2242 3857 2845 3930 συμμεταϐαλλόμενον,
2895 3859 3110 3931 ἀνάγκη
3162 3862 3379 3926 πάντως
3395 3867 3487 3916 καὶ
3526 3866 3624 3936 τὴν
3665 3867 3828 3924 θείαν

2242 3949 2526 4019 Πρόνοιαν,
2552 3947 2728 4002 καίτοι
2753 3947 2850 4019 τὴν
2874 3948 3040 4018 αὐτὴν
3065 3945 3249 4015 οὖσαν,
3269 3951 3828 4021 συμμεταΰάλ).εσθαι

576 4055 811 4100 atrarum
859 4048 1070 4103 ratione
1121 4059 1399 4117 mutetur;
1467 4067 1586 4122 quae
1632 4054 1892 4110 nimirum
1941 4069 2040 4126 per
2079 4071 2133 4111 ea

2239 4041 2358 4102 ταῖς
2396 4039 2549 4110 ήμῶν
2577 4038 2869 4104 διαθέσεσι,
2899 4039 2988 4093 διὰ
3008 4040 3118 4093 τῶν
3143 4040 3433 4113 προσφυῶς
3464 4043 3828 4114 ἁρμοζόντων

575 4152 696 4207 quze
728 4146 923 4194 natura
955 4139 1302 4209 conveniant,
1339 4145 1812 4202 succrescentibus
1843 4146 1900 4201 in
1945 4155 2133 4202 natura

2238 4130 2358 4193 ταῖς
2389 4129 2448 4182 ἐν
2467 4130 2533 4200 τῇ
2565 4127 2722 4199 φύσει
2745 4129 3153 4200 ἀναφυομέναις
3175 4132 3394 4197 κακίαις
3422 4134 3624 4206 τρόπον
3657 4137 3827 4205 ἐφευ-

577 4227 724 4282 vitiis
750 4228 973 4285 modum
999 4232 1260 4288 inveniat.
1293 4233 1371 4291 Ac
1411 4233 1553 4289 sicut
1580 4238 1684 4292 arti
1727 4238 1950 4293 medicae
1983 4239 2133 4296 multi

2244 4220 2551 4290 ρίσκουσαν.
2597 4220 2704 4273 Καὶ
2733 4219 2920 4291 ὥσπερ
2953 4220 3049 4274 ἐπὶ
3085 4222 3187 4292 τῆς
3222 4225 3504 4298 ἰατρικῆς,
3535 4225 3731 4282 πολλαὶ
3764 4230 3825 4283 αἱ

571 4319 857 4391 subjacent
905 4323 1115 4390 morbi;
1159 4339 1224 4379 ac
1270 4338 1498 4379 necesse
1546 4334 1608 4379 ut
1654 4327 1826 4384 solers
1869 4327 2133 4395 medicus,

2241 4313 2411 4386 ταύτῃ
2429 4313 2782 4384 ὑποκείμεναι
2810 4315 2983 4370 νόσοιο
3001 4317 3098 4370 καὶ
3113 4317 3331 4388 ἀνάγκη
3358 4317 3453 4374 τὸν
3479 4321 3824 4391 ἐπιστήμονα

576 4409 670 4479 qui
718 4410 774 4464 in
822 4411 991 4466 multa
1045 4412 1368 4486 diversaque
1412 4416 1790 4485 aegrotantium
1835 4432 2129 4487 corporum

2245 4406 2444 4477 ἰατρὸν,
2475 4403 2568 4458 τοῦ
2599 4405 2956 4477 ὑποκειμένου
2979 4407 3232 4478 σώματος
3264 4411 3347 4472 είς
3377 4409 3552 4464 πολλὰ
3577 4414 3676 4465 καὶ
3704 4413 3822 4469 διά-

565 4515 775 4571 genera
813 4501 1040 4566 incidat,
1076 4501 1192 4571 ipse
1221 4518 1438 4574 quoque
1483 4522 1512 4560 a
1547 4507 1914 4564 deterioribus
1945 4511 2011 4566 ad
2040 4527 2133 4583 po-

2242 4514 2384 4571 ιρορα
2411 4498 2710 4568 παθήματα
2731 4499 3039 4563 πίπτοντος,
3071 4499 3168 4552 καὶ
3199 4501 3364 4555 αὐτὸν
3397 4503 3480 4566 είς
3507 4503 3824 4573 κρείττονας

575 4593 746 4648 tiores
775 4593 969 4648 modos
995 4602 1234 4650 transeat
1270 4615 1282 4649 :
1330 4596 1409 4652 sic
1438 4607 1493 4652 et
1533 4599 1589 4652 in
1630 4600 1762 4667 Deo,
1796 4603 2027 4658 mutatio
2069 4605 2133 4662 ab

2244 4587 2475 4660 τρόπους
2521 4590 2628 4644 ἀπὸ
2673 4590 2782 4643 τῶν
2815 4591 3051 4660 ήττόνων
3107 4591 3491 4662 μεταϐαίνεινθ
3528 4593 3703 4660 οὕτως
3731 4595 3824 4650 καὶ

647 4753 688 4782 ³³
719 4752 873 4806 Deut.
900 4768 952 4816 v,
980 4751 1032 4806 9.

645 4885 722 4958 (ῃ)
765 4886 1009 4964 liparen?
1060 4886 1302 4964 Teredr._
1323 4887 1540 4940 Maximi
1570 4886 1689 4964 llaec
1714 4891 2144 4964 doctrina.quod

580 4956 880 5032 suggestio,
904 4957 1197 5032 primaque
1220 4956 1370 5032 velut
1397 4957 1786 5032 appr_ehensio,
1811 4978 1873 5018 ac
1903 4965 1997 5032 qui
2017 4956 2138 5022 éam

582 5025 852 5096 sequitur,
905 5025 1080 5096 animi
1128 5025 1574 5096 concupiscentis
1621 5037 1823 5096 motus,
1853 5025 1981 5089 ante
2010 5050 2144 5090 con-

581 5095 802 5150 sensum
836 5111 900 5150 ae
926 5095 1291 5168 deliberatam
1323 5095 1614 5168 rationem,
1644 5113 1741 5154 seu
1779 5095 1944 5158 etiam
1968 5107 2136 5160 actio.

579 5180 885 5236 nem,qua:
915 5166 987 5221 sit
1029 5180 1160 5236 vere
1207 5174 1361 5218 actus
1398 5165 1710 5235 'bumanus,
1749 5187 1846 5227 seu
1900 5173 2141 5231 hominis

578 5235 795 5310 agentis
815 5250 884 5290 ex
904 5235 1138 5310 consilio
1165 5236 1673 5310 nutuque_rationis
1692 5248 1747 5294 et
1779 5250 1839 5296 ut
1868 5243 2009 5297 liber
2031 5255 2136 5310 est,

2255 4914 2443 4981 eorum
2461 4903 2732 4972 expositio
2756 4914 2862 4960 est.
2916 4907 3284 4981 Peccantibus
3309 4912 3518 4981 prima,
3561 4913 3806 4980 secunda,

2254 4972 2416 5025 tertia
2439 4982 2498 5026 et
2533 4984 2730 5042 quarta
2775 4978 3231 5053 generationibus
3278 4972 3516 5053 Deoque
3537 4972 3806 5039 dilierente

2250 5054 2470 5125 pmnam
2502 5058 2602 5112 pro
2634 5059 2732 5125 sua
2755 5047 3072 5125 clementia,
3107 5057 3364 5125 quartam
3391 5047 3618 5124 tandem:
3649 5069 3801 5125 gene-

2246 5113 2522 5195 rationem
2549 5113 2734 5195 puniri
2759 5115 2910 5195 velut
2933 5125 3083 5171 esset
3119 5113 3370 5176 omnium
3387 5139 3536 5195 rea;
3582 5113 3820 5195 quasiAin.

2245 5193 2308 5266 ea
2322 5182 2607 5266 completa
2638 5192 2986 5266 peccatorum
3022 5202 3306 5266 mensura,
3346 5193 3503 5266 ultra
3524 5182 3695 5266 'qn‘am»
3720 5192 3816 5266 Dei

2240 5250 2465 5331 decreto
2484 5268 2602 5331 non
2629 5250 2746 5331 erat
2763 5256 3107 5331 proroganda
3144 5250 3303 5331 illius
3327 5250 3650 5320 clemen‘tia.
3668 5263 3823 5331 Quod

579 5529 794 5592 morum
829 5513 1080 5592 doctrina
1132 5523 1217 5592 est
1244 5532 1256 5592 ε
1319 5516 1582 5592 remotior
1616 5525 1797 5592 tamen
1826 5513 2135 5592 tropologia

577 5534 794 5615 ειξιςιύιη
829 5534 1080 5595 "meum
1132 5534 1256 5566 εδιε
1320 5534 1582 5596 remotior
1616 5534 1797 5598 tamen
1834 5534 2135 5595 tropologta
2236 5541 2414 5595 quens
2435 5541 2559 5598 post
2589 5534 2819 5586 alteram
2852 5536 3106 5602 quaestio,
3151 5537 3220 5593 de
3258 5541 3439 5596 tribus
3481 5534 3540 5597 εἰ
3586 5555 3824 5615 quatuor

613 5597 646 5616 υ
669 5596 797 5636 "cur
825 5598 890 5637 ex
916 5583 1011 5638 illo
1038 5578 1200 5640 Deut.
1241 5584 1383 5650 loco,
1407 5601 1565 5656 cuius
1586 5599 1773 5643 mittor
1815 5591 1933 5650 fere
1979 5594 2131 5649 (lrze-
2235 5601 2537 5654 sceleribus
2562 5601 2698 5656 Tyri
2724 5610 2781 5656 ει
2800 5603 3042 5656 alim-mm

2235 5601 2537 5654 sceleribus
2562 5601 2698 5674 Tyri
2724 5610 2781 5656 et
2800 5601 3042 5661 alierum.
