4134 6192
363 351 465 421 817

1519 365 1915 438 QUIESTION
1921 370 2010 429 ES
2049 371 2143 430 ET
2184 373 2436 433 DUBIA.

3498 383 3602 449 818

357 471 444 524 ἵνα
474 467 562 519 διὰ
587 467 686 536 τῆς
720 469 800 530 εἰς
831 468 993 522 αὑτὸν
1027 468 1286 534 πίστεως,
1322 471 1486 542 ἡνίκα
1512 473 1601 526 διὰ
1631 473 1928 545 φιλανθρω-

2035 476 2186 533 misit
2219 496 2232 532 :
2265 486 2326 534 ut
2369 480 2581 536 scilicet
2611 497 2711 552 per
2749 483 2908 539 tidem
2948 487 3000 540 in
3043 487 3242 558 ipsum,
3283 503 3406 543 cum
3447 494 3612 548 beni-

355 560 487 612 πίαν
523 562 579 611 ὲν
605 562 668 630 τῇ
693 558 785 611 τοῦ
814 558 938 629 ᾅδου
967 558 1190 629 γένηται
1213 560 1382 632 χώρᾳ,
1403 563 1516 616 ὅσοι
1537 563 1924 628 πιστεύσωσιν,

355 647 530 720 ἀφεθῇ
560 649 742 712 αὐτοῖς
776 651 810 720 ἡ
860 649 961 718 τῆς
993 650 1245 714 ἀσεϐείας
1275 653 1516 723 ἁμαρτία
1540 671 1552 683 ⁸
1585 654 1680 707 καὶ
1720 654 1929 726 ζήσωσι

356 741 497 794 κατὰ
555 740 684 794 Θεὸν
746 740 1050 811 πνεύματι,
1105 743 1386 813 κριθέντες
1439 745 1680 815 δηλονότι
1741 746 1926 817 σαρκὶ,

358 818 539 894 καθὼς
573 831 808 901 εἴρηται,
841 831 979 905 ὑπὲρ
1029 833 1137 888 τῶν
1182 836 1262 898 εἱς
1305 836 1624 904 ἀνθρώπους
1673 835 1930 909 πλημμε-

358 919 530 978 λειῶν.

954 1032 1151 1090 ΕΡΩΤ.
1192 1036 1232 1089 Λ
1243 1038 1324 1090 ῐῖ’-.

431 1121 517 1178 Τί·
544 1123 823 1192 σημαίνει
868 1123 1046 1177 Δαϐὶδ
1090 1123 1365 1191 ψάλλων,
1409 1123 1508 1178 καὶ
1550 1124 1617 1180 τὸ
1662 1128 1928 1196 πονηρὸν

358 1205 592 1282 πνεῦμα
625 1213 730 1267 τοῦ
763 1209 964 1269 Σαοὺλ
988 1214 1505 1280 ἀποκαταπαὺων,

1027 1325 1266 1394 Ἀπόκρ.

430 1417 544 1479 Πᾶς
583 1418 611 1470 ὁ
640 1415 780 1470 κατὰ
827 1415 920 1470 τὸν
972 1418 1240 1488 μακάριον
1292 1419 1455 1471 Δαϐὶδ
1504 1421 1806 1490 ποιμαίνων
1857 1419 1926 1472 τὰ

360 1501 627 1578 πρόϐατα,
654 1506 954 1570 τουτέστιν,
996 1506 1057 1558 τὸ
1099 1506 1402 1574 λογιστικὸν
1432 1510 1532 1577 τῆς
1563 1509 1738 1580 ψυχῆς
1765 1526 1780 1540 ·
1834 1511 1927 1564 καὶ

359 1597 564 1650 κτένων
597 1594 765 1665 θυμὸν
811 1595 910 1650 καὶ
957 1595 1251 1664 ἐπιθυμίαν
1285 1597 1534 1669 καθάπερ
1587 1600 1791 1662 ἐκεῖνος
1833 1600 1926 1654 τὸν

359 1687 548 1740 λέοντα
576 1687 668 1740 καὶ⁸
693 1685 791 1756 τὴν
822 1687 1022 1759 ἄρκον·
1053 1681 1204 1752 οὗτος
1235 1687 1314 1758 τῷ
1353 1689 1496 1758 λόγῳ
1532 1691 1632 1758 τῆς
1673 1690 1926 1743 διδασκα-

2037 568 2296 638 gnissima
2318 570 2611 626 clementia
2627 572 2692 626 ad
2712 573 2924 630 inferna
2948 576 3346 643 descendisset,
3361 580 3604 636 uniVersi

2036 658 2093 712 in
2127 674 2254 714 eum
2283 660 2572 724 credituri,
2618 662 2918 732 impietatis
2948 675 3100 720 reatu
3127 667 3496 732 solverentur,
3521 668 3605 722 νίν

2035 761 2337 820 verentque
2381 751 2582 821 spiritu
2621 755 2923 809 secundum
2955 757 3162 822 Deum;
3195 773 3361 812 carne
3394 759 3605 815 scilicet

2027 839 2285 911 iudicati,
2316 857 2510 898 eorum
2532 845 2776 910 nomine,
2812 861 2932 917 quae
2969 848 3023 902 in
3053 849 3302 904 homines
3335 848 3602 919 deliquis-

2033 940 2177 986 sent.

2519 1042 2803 1098 INTERR.
2840 1043 3127 1100 XXXVIII.

2102 1125 2243 1191 Quid
2255 1129 2352 1182 sibi
2375 1117 2495 1184 velit
2525 1131 2694 1186 David
2718 1133 3013 1202 psallendo,
3034 1136 3377 1209 spiritumque
3400 1150 3601 1197 mutum
3676 1211 3678 1213 _

2034 1233 2066 1269 a
2089 1214 2255 1272 Saule
2277 1220 2508 1275 sedando
2547 1239 2608 1276 ac
2630 1224 2918 1293 mitigando
2948 1226 2986 1257 ⁸⁷
3013 1225 3037 1278 ?

2737 1334 2892 1406 Resp.

2097 1421 2361 1492 Quisquis
2411 1424 2468 1477 in
2521 1424 2665 1479 beati
2713 1426 2931 1482 Davidis
2971 1443 3197 1495 morem,
3247 1447 3378 1488 oves
3427 1437 3602 1504 pascit

2033 1510 2223 1580 (animi
2243 1511 2756 1583 scilicetcogitantis
2778 1517 2886 1569 vim
2909 1533 2971 1572 ac
2989 1519 3234 1590 rationis)
3252 1536 3314 1576 ac
3335 1523 3486 1578 velut
3509 1525 3601 1579 ille

2031 1601 2246 1656 leonem
2268 1613 2324 1658 et
2339 1619 2524 1659 ursun.
2551 1605 2709 1674 (iram
2728 1614 2781 1660 et
2796 1593 3174 1681 cupiditatem)
3192 1611 3395 1667 occidit
3411 1614 3482 1680 ⁸⁸;
3510 1614 3600 1669 hic

2032 1691 2295 1747 doctrina:
2333 1707 2642 1749 sermonem
2677 1709 2801 1749 cum
2835 1698 3055 1752 sublimi
3083 1701 3317 1768 quadam
3351 1711 3598 1773 contem-

355 1777 478 1840 λίας
506 1776 782 1848 χρώμενος
833 1778 972 1849 μετά
1012 1795 1155 1842 τινος
1208 1777 1416 1849 ὑψηλῆς
1469 1779 1718 1852 θεωρίας,
1746 1782 1923 1852 ἡδύνει

2034 1781 2273 1851 platione
2303 1781 2597 1852 usurpans,
2637 1783 2949 1840 audientem
2979 1785 3237 1854 delectat,
3263 1788 3598 1861 viti'ososque

359 1868 452 1922 τὸν
479 1868 762 1933 ἀκούοντα,
790 1869 883 1923 καὶ
907 1870 975 1924 τὰ
1005 1871 1062 1924 ἐν
1090 1868 1238 1941 αὐτῷ
1281 1868 1425 1942 πάθη
1456 1872 1554 1943 τῆς
1580 1873 1775 1937 κακίας
1801 1890 1928 1926 κατε

2034 1871 2087 1924 in
2115 1887 2182 1926 eo
2211 1870 2444 1928 aﬂ‘ectus
2465 1886 2529 1938 ac
2554 1871 2814 1929 libidines
2832 1874 3020 1931 sedat.

358 1959 594 2024 εονάζει.

955 2072 1152 2128 ΕΡΩΤ..
1185 2072 1288 2128 ΛΘ’
1743 2125 1748 2130 .

435 2156 678 2230 Ἐπειδὴ
706 2163 743 2230 ή
773 2162 982 2232 Γραφὴ
1022 2162 1249 2230 τρανῶς
1276 2163 1454 2234 λέγει,
1485 2164 1571 2219 ὅτι
1597 2163 1815 2220 δέδωκε
1835 2165 1930 2218 de-

359 2245 542 2316 κᾶτας
573 2254 605 2306 ὁ
658 2253 900 2322 Ἀϐραὰμ
935 2253 1013 2320 τῷ
1041 2255 1409 2322 Μελχισεδέκ
1433 2273 1446 2286 ·
1495 2256 1694 2322 ἄλλως
1729 2274 1794 2310 τε
1836 2255 1932 2310 καὶ

359 2331 412 2394 εἶ
467 2340 661 2394 πάντα
687 2341 950 2396 ἀπέδωκε
974 2381 988 2404 ,
1027 2342 1218 2409 καθὼς
1249 2345 1431 2411 αὐτὸς
1456 2345 1614 2415 λέγει
1641 2389 1652 2405 .
1691 2346 1780 2399 ὅτι
1825 2346 1932 2412 ἕως

360 2429 770 2499 σφαιρωτῆρος
800 2431 1182 2500 ὑποδήματος
1212 2435 1322 2487 οὐκ
1354 2434 1553 2496 ἔλαϐε,
1587 2437 1773 2489 πόθεν·
1836 2435 1929 2488 δέ·

359 2520 512 2575 δωκε
540 2521 790 2588 δεκάτας
811 2539 829 2587 ;
855 2522 1005 2576 Οὐδὲ
1038 2523 1147 2592 γὰρ
1176 2525 1352 2589 αὐτὸς
1368 2524 1522 2578 ἴδιόν
1543 2542 1596 2579 τι
1615 2525 1931 2595 ἐπεφέρετο

358 2613 447 2678 εις
474 2613 740 2682 πόλεμον
762 2613 1102 2684 ἐκπληκτος
1133 2615 1540 2685 ἀπερχόμενος

1021 2727 1252 2797 Ἀπόκρ.

435 2813 660 2891 Ἓπειδὴ
692 2819 726 2888 ἡ
756 2819 873 2873 θεία
910 2820 1100 2891 Γραφὴ
1133 2819 1282 2886 ἱερέα
1312 2819 1406 2872 τοῦ
1454 2819 1588 2874 θεοῦ
1646 2819 1736 2872 τὸν
1785 2821 1930 2874 Μελ-

361 2903 576 2982 passu
607 2910 756 2979 λέγει
790 2906 949 2973 εἶναι,
979 2911 1364 2982 προσηκόντως
1421 2909 1528 2982 ἄρα
1586 2911 1614 2962 ὁ
1678 2911 1930 2982 Ἀϐραὰμ

361 3003 436 3064 ὥς
467 2994 651 3054 λαῖκοῦ
680 3001 830 3066 τάξιν
863 3001 1074 3071 ἐπέχων
1114 2999 1400 3054 δεδωκέναι
1430 3001 1506 3070 τῷ
1539 3002 1674 3070 ἱερεῖ
1697 3002 1794 3064 τὰς
1848 3002 1932 3054 δε-

359 3095 530 3156 κάτας
585 3093 1026 3164 πιστευθήσεται.
1061 3093 1183 3145 Ὅτι
1213 3091 1270 3145 δὲ
1303 3093 1394 3145 καὶ
1421 3087 1536 3161 εἶχε
1603 3093 1766 3146 πόθεν
1823 3111 1928 3148 παι

362 3187 606 3254 ρασχεῖν,
641 3183 850 3236 ἐκεῖθεν
883 3182 1062 3254 δῆλον.
1125 3183 1188 3236 Ol
1240 3181 1350 3253 γὰρ
1401 3182 1928 3251 ἐπιστρατεύσαντες

361 3275 594 3346 βασιλεῖς
624 3273 717 3327 ἐπὶ
753 3273 979 3344 Σόδομα,
1011 3272 1074 3326 οὗ
1134 3272 1294 3343 μόνον
1359 3271 1427 3326 τὰ
1481 3273 1727 3344 Σοδόμων
1784 3270 1930 3346 εἶχον

358 3365 633 3429 λαϐόντες,
667 3365 801 3419 ἀλλὰ
829 3364 922 3417 καὶ
956 3363 1130 3418 ἄλλων
1157 3363 1350 3435 χωρῶν
1378 3357 1524 3434 εἶχον
1561 3365 1677 3435 μεθ’
1721 3359 1930 3419 ἑαυτῶν

358 3455 608 3528 λάφυρα,
651 3454 796 3525 ἅπερ
830 3450 971 3524 ἦσαν
1023 3452 1695 3525 προαιχμαλωτεύσαντες.
1752 3455 1931 3525 "Art-sp

365 3551 546 3600 πάντα
599 3544 916 3612 κατακόψας
945 3544 1204 3607 αὐτοὺςὸ
1259 3543 1528 3615 Ἁϐραάμ,
1582 3543 1677 3596 καὶ
1730 3542 1928 3608 λαϐὼν,

359 3635 426 3687 τὰ
466 3635 564 3703 μὲν
591 3633 700 3687 τῶν
742 3633 1045 3704 Σοδομιτῶν
1077 3634 1325 3687 ἀπέδωκε
1348 3648 1362 3663 ⁸
1392 3634 1461 3687 τὰ
1500 3632 1556 3684 δὲ
1608 3633 1742 3687 ἄλλα
1798 3633 1928 3704 παρ’

364 3716 541 3792 ἑαυτῷ
579 3715 862 3792 κατέσχεν,
903 3721 974 3786 ’ἐξ
998 3714 1073 3775 ὧν
1105 3720 1202 3775 καὶ
1235 3719 1330 3785 τὰς
1356 3719 1589 3780 δεκάτας
1651 3719 1729 3787 τῷ
1783 3720 1927 3774 Μελ-

363 3813 580 3886 χισεδὲκ
627 3813 948 3885 παρέσχετο.

985 3921 1178 3978 ΕΡΩΤ.
1211 3923 1302 3980 Μ’.

424 4009 601 4080 ’Τίνος
661 4014 858 4083 χάριν,
911 4017 964 4069 οι
1009 4013 1125 4082 μὲν
1177 4015 1329 4067 κατὰ
1392 4013 1580 4082 νόμον
1635 4011 1807 4080 ἱερεῖς
1829 4032 1932 4082 γυ-

361 4106 572 4170 ναῖκας
611 4106 769 4174 ἔχειν
799 4107 910 4159 οὐκ
937 4104 1273 4159 ἐκωλύοντο
1297 4120 1312 4135 ο
1374 4106 1429 4158 ol
1486 4104 1555 4158 δὲ
1603 4103 1754 4158 κατὰ
1799 4107 1932 4173 Χριο

352 4196 513 4250 στὸν
537 4196 708 4266 ἱερεῖς
733 4196 1084 4260 κωλύονται,
1110 4194 1261 4250 ὅσον
1288 4196 1405 4250 ἀπὸ
1436 4195 1546 4265 τῆς
1570 4198 1931 4264 συνηθείας-ς

1031 4305 1271 4360 Ἀπόκι).

1035 4322 1212 4360 Ἀποκ
1257 4346 1271 4359 .

441 4394 658 4469 Ἐπειδὴ
705 4398 739 4469 ἡ
782 4397 878 4450 τοῦ
940 4322 1274 4465 Εὐαγγελιξυ
1301 4393 1582 4467 ’ἱερωσύνη
1649 4399 1790 4453 κατὰ
1832 4399 1932 4470 τὴν

2451 2068 2612 2140 315
2633 2069 2914 2128 INTERR.
2937 2073 3181 2130 XXXIX.

2100 2157 2231 2214 Cum
2261 2157 2537 2230 Scriptura
2571 2160 2716 2215 clare
2761 2164 2971 2229 habeat,
3008 2166 3208 2219 dedisse
3241 2165 3599 2220 Abrahamum

2031 2248 2255 2302 decimas
2278 2246 2680 2303 Melchisedeco:
2709 2250 2904 2321 alioqui
2941 2269 3060 2306 vero
3094 2252 3374 2306 reddiderit
3399 2255 3598 2320 omnia,

2030 2341 2108 2392 uti
2132 2341 2238 2409 ipse
2270 2339 2365 2402 ait,
2394 2354 2485 2392 nec
2507 2339 2576 2391 ad
2597 2339 2756 2394 calcei
2774 2358 2934 2411 usque
2961 2340 3178 2412 ligulam
3203 2342 3486 2413 quidquam
3513 2359 3601 2396 ac-

2031 2431 2243 2499 ceperit,
2264 2431 2522 2500 quomodo
2557 2430 2784 2484 decimas
2811 2431 2968 2486 dedit.
3003 2431 3178 2501 Neque
3209 2432 3346 2484 enim
3373 2433 3484 2501 ipse
3508 2440 3596 2485 tu-

2033 2519 2317 2575 multuarie
2355 2525 2638 2595 profectus,
2679 2523 2748 2577 ad
2788 2521 2911 2578 belli
2952 2530 3272 2593 apparatum
3311 2522 3598 2592 quidquam

2033 2604 2286 2666 attulerat
2313 2607 2377 2668 ‘°.

2745 2726 2898 2797 Resp.

2103 2813 2238 2868 Cum
2268 2814 2454 2869 divina
2483 2814 2767 2884 Scriptura
2801 2815 3257 2870 Mclchisedecum
3290 2815 3385 2869 Dei
3416 2831 3598 2870 sacer-

2032 2902 2215 2958 dotem
2262 2921 2381 2961 esse
2431 2905 2598 2972 dicat,
2649 2917 2774 2976 apte
2827 2907 3016 2976 utique
3068 2907 3429 2970 Ahrahamus,
3475 2905 3599 2961 laici

2032 2996 2273 3063 hominis
2319 2998 2436 3067 ipse
2477 3007 2672 3053 tenens
2713 2999 2996 3067 ordinem,
3041 3001 3312 3054 sacerdoti
3361 3000 3602 3054 decimas

2031 3088 2392 3143 aestimabitur
2416 3089 2652 3145 dedisse.
2691 3089 2848 3156 Quod
2877 3106 3008 3145 vero
3045 3106 3156 3145 non
3197 3092 3414 3146 deesset
3455 3089 3601 3146 unde

2031 3181 2324 3250 praeberet,
2363 3180 2489 3236 inde
2521 3181 2715 3252 liquet.
2748 3181 2785 3236 li
2817 3197 3049 3250 namque
3079 3196 3256 3252 reges,
3283 3181 3376 3250 qui
3402 3181 3600 3235 adver-

2030 3287 2124 3326 sus
2147 3272 2438 3328 Sodomam
2460 3273 2865 3342 expeditionem
2893 3281 3269 3343 susceperant,
3287 3287 3396 3326 non
3425 3273 3599 3328 solum

2032 3361 2417 3431 Sodomorum,
2451 3380 2644 3419 verum
2675 3365 2838 3418 etiam
2869 3364 3099 3418 aliarum
3137 3363 3440 3434 regionum,
3465 3378 3600 3433 quas

2030 3462 2158 3510 ante
2207 3455 2573 3525 diripuerant,
2632 3455 2918 3510 manubias
2967 3455 3250 3524 spoliaque
3305 3453 3598 3508 habebant.

2029 3545 2238 3602 Cuncta
2285 3547 2420 3612 hinc,
2456 3547 2567 3601 illis
2605 3546 2928 3616 proﬂigatis,
2975 3561 3100 3599 cum
3134 3544 3476 3598 Abrahamus
3508 3551 3598 3596 tu-

2030 3634 2205 3700 lisset,
2229 3651 2351 3704 qua:
2385 3645 2546 3690 erant
2575 3635 2962 3690 Sodomorum.
2996 3633 3292 3688 Sodomitis
3323 3633 3598 3698 reddidit;

2031 3726 2240 3794 reliqua
2269 3741 2400 3779 vero
2426 3741 2596 3795 penes
2625 3741 2683 3782 se
2709 3723 2957 3788 retinuit,
2987 3739 3054 3778 ex
3086 3724 3287 3794 quibus
3319 3723 3603 3779 Melchise-

2031 3817 2165 3872 deco
2189 3817 2430 3872 decimas
2461 3818 2715 3886 prtebuit.

2604 3932 2887 3988 INTER“.
2914 3932 3028 3987 XL.

2103 4021 2239 4088 Quid
2255 4039 2427 4078 causa:
2452 4030 2526 4076 est
2565 4040 2658 4076 cur
2681 4022 2875 4093 legales
2890 4021 3186 4077 sacerdotes
3208 4035 3394 4073 uxores
3412 4019 3600 4073 habere

2033 4129 2134 4167 non
2164 4115 2592 4184 prohiberentur;
2619 4113 2907 4168 Christiani
2938 4120 3116 4166 autem
3152 4111 3448 4165 sacerdotes
3472 4127 3596 4180 pro-

2031 4203 2450 4274 ltibentur,quod
2483 4203 2553 4258 ad
2576 4204 2997 4258 consuetudinem
3024 4205 3252 4258 attinet?

2737 4318 2894 4389 Resp.

2105 4403 2318 4465 Idcirco
2351 4406 2615 4464 nimirum
2648 4409 2794 4479 quod
2829 4409 3194 4464 sacerdotium
3227 4409 3602 4481 evangelicum

361 4489 513 4554 τάξιν
554 4489 886 4558 Μελχισεδὲκ
917 4487 1168 4556 γενέσθαι
1194 4487 1533 4555 πιστεύεται,
1568 4490 1662 4542 καὶ
1692 4491 1753 4544 οὐ
1787 4491 1927 4546 κατὰ

2034 4500 2337 4557 secundum
2365 4499 2616 4568 ordinem
2642 4499 3007 4557 Melchisedec
3032 4501 3307 4556 exstitisse
3331 4500 3599 4564 creditur,

357 4579 459 4648 τὴν
491 4578 644 4644 τάξιν
685 4577 894 4649 Ἀαρών
918 4592 932 4607 ·
964 4577 1301 4647 Μελχισεδὲκ
1328 4578 1406 4642 δὲ,
1464 4582 1699 4647 γυναῖκα
1761 4582 1926 4654 ἐσχη-

2025 4607 2136 4646 non
2149 4590 2450 4646 secundum
2466 4590 2712 4645 ordinem
2729 4591 2959 4646 Aaronis
2973 4633 2988 4657 ,
3009 4599 3317 4645 nonautem
3337 4589 3602 4657 scriptum

360 4667 515 4721 κέναι
547 4669 648 4721 οὐκ
709 4666 1144 4738 ἀναγέγραπται.
1213 4665 1552 4736 ’Δναγκαίως
1584 4667 1693 4740 ἄρα
1729 4669 1822 4724 καὶ
1879 4671 1928 4724 oi

2034 4690 2110 4738 est
2153 4681 2613 4737 Melchisedecum
2656 4681 2921 4736 habuisse
2981 4696 3228 4735 uxorem.
3279 4678 3598 4733 Necessario

359 4759 503 4813 κατὰ
531 4760 632 4830 τὴν
679 4758 844 4813 αὑτοῦ
901 4758 1056 4823 τάξιν
1088 4755 1157 4829 (e)
1211 4756 1579 4828 ῐερατεύοντες
1639 4760 1929 4816 ἐπίσκοποι

359 4853 627 4920 γυναῖκας
655 4851 717 4904 οὐ
751 4850 1084 4921 προσίενται.

2030 4769 2215 4839 itaque
2235 4769 2432 4835 etiam,
2467 4769 2564 4840 qui
2589 4770 2892 4825 secundum
2919 4771 3039 4840 ejus
3066 4769 3315 4824 ordinem
3344 4765 3598 4822 sacerdo-

2033 4859 2114 4916 tio
2134 4859 2454 4932 funguntur
2476 4860 2740 4934 episcopi,
2765 4876 2876 4915 non
2904 4859 3201 4914 admittant
3228 4871 3479 4913 uxorem.

435 4988 483 5021 ³⁷
505 4989 527 5043 I
552 4989 686 5060 Reg.
713 5005 821 5057 χιι,
853 4991 940 5048 l6.
1017 4991 1062 5030 ³⁸
1087 4991 1110 5047 I
1143 4992 1278 5064 Reg.
1306 5008 1436 5060 xvu,
1467 4993 1557 5049 56.
1633 4994 1678 5028 ³⁸
1701 4996 1836 5053 Gen.
1869 5013 1978 5069 nv,
2002 5000 2073 5060 20
2101 5018 2263 5075 seqq.-

431 5104 452 5126 ⁴
484 5100 761 5157 Hactenus
795 5101 1001 5173 Regius
1039 5103 1160 5160 cod.
1190 5103 1322 5170 Quae
1357 5114 1666 5175 sequuntur
1695 5124 1770 5163 ex
1812 5110 1931 5165 solo
1968 5111 2344 5185 Seguieriano.

434 5233 505 5306 (e)
533 5237 602 5306 Ol
623 5235 772 5290 κατὰ
801 5236 915 5305 τὴν
938 5238 1126 5293 αὑτοῦ
1158 5238 1348 5303 τάξιν.
1379 5239 1535 5305 Quod
1559 5242 1636 5296 sic
1664 5242 1930 5302 Maximus

359 5305 430 5360 ad
449 5305 742 5385 episcopos
780 5309 1082 5385 restringit,
1107 5325 1266 5385 usum
1287 5311 1513 5385 respicit
1537 5313 1927 5385 suaEcclesite,

359 5390 474 5455 quo
486 5375 831 5455 simplicibus
853 5375 1231 5455 sacerdotibus
1252 5375 1608 5455 indu—[gentur
1636 5383 1886 5455 conjugia
1912 5375 1924 5438 Ξ

363 5445 445 5499 sic
475 5459 672 5512 nempe
709 5445 799 5499 ille
829 5448 1094 5518 modeste,
1121 5458 1178 5502 et
1215 5464 1282 5518 ne
1317 5445 1604 5504 videretur
1633 5450 1689 5504 in
1723 5445 1925 5508 coelum

363 5529 427 5568 os
480 5528 707 5587 ponere,
764 5531 828 5587 a_c
889 5517 1119 5587 simplex
1181 5519 1504 5584 monachus,
1551 5522 1931 5578 sacerdotibus

362 5582 748 5658 praescribere.
778 5582 1047 5640 Caeterum
1074 5589 1195 5658 ejus
1231 5588 1371 5642 ratio
1409 5582 1694 5645 ad‘omnes
1721 5591 1929 5646 Christi

365 5652 677 5725 _S:_I(_Rl_‘d_0li_0
701 5653 989 5725 fungentes
1015 5652 1264 5725 spectat;
1297 5667 1426 5711 sunt
1448 5660 1595 5712 enim
1630 5660 1704 5713 illi
1735 5677 1928 5717 onmes

365 5720 836 5778 Melchiscdccian'i
867 5720 1102 5792 ordinis,
1150 5720 1268 5782 non
1293 5727 1581 5792 ‘Aaroni-ci,
1626 5729 1929 5787 roli‘erentcs

2035 5258 2093 5306 et
2125 5251 2229 5322 ipsi
2255 5267 2450 5323 panem
2481 5257 2538 5306 et
2564 5251 2755 5306 vinum
2788 5250 3019 5389 georpus
3048 5247 3256 5303 scilicet
3288 5263 3356 5302 ac
3379 5249 3604 5320 sangui-

2036 5338 2161 5376 nem
2195 5323 2398 5377 Christi
2431 5321 2790 5376 conficientes
2834 5334 3076 5388 aequos,
3104 5318 3328 5388 perinde
3365 5335 3431 5389 ac
3483 5321 3604 5388 epi-

2036 5318 2161 5376 nem
2195 5318 2398 5377 Christi
2431 5318 2808 5388 conﬁcientes)
2834 5318 3076 5388 aequos.
3104 5318 3328 5388 perinde
3365 5335 3429 5372 ac
3483 5318 3604 5388 epi-

2033 5406 2250 5461 scopos,
2283 5391 2514 5445 maxima
2543 5390 2670 5444 inde
2715 5388 2976 5461 sanctitas
3026 5405 3097 5461 ac
3111 5388 3472 5461 _casti|_nonia
3504 5390 3604 5442 de-

2033 5458 2155 5516 ceat
2182 5479 2195 5514 :
2227 5477 2392 5531 quam
2415 5469 2471 5514 et
2498 5467 2708 5531 statuto
2739 5475 2844 5531 su_o
2893 5459 2962 5531 ab
2987 5459 3070 5531 eis
3110 5458 3378 5531 Ecclesia
3406 5466 3596 5531 sancte

2032 5527 2380 5612 esigat..'non
2410 5529 2764 5612 ututemplum
2785 5529 3003 5610 Domini
3035 5527 3334 5612 maioribus
3368 5528 3606 5612 impudif

2033 5597 2180 5655 citiis
2211 5599 2266 5653 in
2302 5615 2360 5654 se
2388 5599 2632 5669 polluant
2653 5633 2676 5660 η,
2694 5609 2840 5669 _vere
2865 5599 3168 5669 majestatis
3203 5598 3305 5663 rei,
3332 5613 3495 5666 quam
3523 5597 3606 5654 sic

2021 5671 2252 5735 adeant,
2280 5667 2582 5740 quidquam
2613 5667 2917 5738 indulgeat.
