4134 6192
372 297 479 365 82δ
1555 310 2046 381 QUXESTIONES
2085 316 2177 375 ET
2216 315 2471 378 DU'BIA.
3521 324 3623 391 396

373 408 620 465 τουτέστι
678 411 961 482 καθαίρειν
1002 413 1092 468 τὸν
1132 415 1265 485 βίον,
1300 418 1514 488 κηλῖδος
1544 420 1725 491 πάσης
1759 421 1944 492 άμαρο

2049 424 2153 479 hoc
2187 434 2289 488 est,
2317 427 2385 481 ab
2421 429 2572 483 omni
2604 428 2864 484 vitiorum
2903 430 3065 486 sorde
3102 432 3268 485 vitam
3302 434 3623 491 emundare.

373 503 526 555 τιῶψ
568 501 778 572 κεφαλὴ
811 502 868 556 δέ
907 505 1056 557 ἐστιν
1101 507 1131 558 ὁ
1158 507 1425 578 ἡμέτερος
1459 507 1602 571 νοῦς,
1636 509 1695 562 ὃν
1732 510 1758 562 ὁ
1791 509 1946 577 λόγος

2049 512 2225 583 Caput
2248 532 2402 581 vero,
2432 534 2588 573 mens
2618 530 2806 575 nostra
2835 530 2938 587 est,
2965 538 3128 592 quam
3162 522 3445 593 Scriptura
3471 526 3629 596 jubet

372 592 617 660 ἀλείφειν
657 592 888 660 κελεύει,
915 595 1161 649 τουτέστι
1210 600 1277 668 τῇ
1320 590 1441 670 θείᾳ
1491 599 1948 671 καταφαιδρύνειν

2049 622 2150 661 nos
2178 624 2404 679 ungere,
2433 610 2619 665 divina
2647 614 2860 669 scilicet
2886 615 3117 670 scientia
3144 615 3423 672 illustrare
3455 627 3510 674 et
3534 635 3628 674 ex-

372 681 593 750 γνώσει.

2051 698 2308 755 hilarare.

980 784 1178 858 spor.
1220 786 1349 855 NA'.

449 890 512 942 Τί
552 888 682 942 ἐστι
712 889 807 954 τὸ,
837 908 856 941 ι
888 884 1227 959 Συνέφερεν
1257 889 1439 956 αὐτῷ,
1465 891 1566 944 ἵνα
1601 888 1799 960 μύλος
1831 889 1953 945 ὀνι-

374 976 480 1047 κὸς
528 972 807 1051 περιτεθῇ
846 983 915 1036 ἐν
942 982 1023 1048 τῷ
1047 983 1323 1051 τραχήλῳ
1350 984 1559 1048 αὐτοῦ,
1586 984 1684 1038 καὶ
1708 984 1859 1053 ῥιφῇ
1884 984 1953 1038 ἐν

375 1072 449 1140 τῇ
497 1074 803 1143 θαλάσσῃ,
852 1073 890 1143 ἢ
947 1075 1049 1129 ἵνα
1104 1074 1491 1143 σκανδαλίσῃ
1538 1074 1647 1129 ἕνα
1686 1072 1806 1128 τῶν
1857 1092 1953 1144 μι-

372 1180 557 1232 κρωνς
593 1176 613 1217 ›

2339 884 2347 892 ,
2488 888 2490 892 λ
2640 814 3043 871 lNTERR.LL

2120 893 2261 965 Quid
2292 888 2389 957 sibi
2414 888 2545 970 vult,
2571 892 2708 977 quod
2736 910 2811 962 ita
2844 909 3038 961 dictum
3073 917 3146 961 est
3178 925 3196 962 :
3242 929 3259 961 ι
3301 910 3628 966 Couducebat

2050 991 2119 1056 ei,
2147 1000 2203 1044 ut
2230 993 2368 1047 mola
2394 993 2631 1050 asinaria
2659 996 3043 1076 appenderetur
3065 997 3201 1051 collo
3231 1000 3364 1069 ejus,
3387 1004 3630 1071 etjacta-

2052 1091 2197 1135 retur
2222 1085 2277 1138 in
2306 1102 2472 1152 mare,
2497 1104 2655 1158 quam
2684 1097 2738 1142 ut
2765 1074 3158 1143 scandalizaret
3186 1106 3348 1146 unum
3372 1107 3435 1144 ex
3465 1091 3629 1161 pusil-

2054 1168 2231 1226 lis“?
2265 1192 2285 1225 ι

1052 1262 1293 1346 ’Ἀπόκμ

1054 1289 1235 1333 Ἀπόκ
1279 1318 1293 1333 .

446 1348 706 1437 Μικροὺς,
745 1352 918 1439 οἶμαι,
949 1354 1097 1438 λέγει
1126 1297 1270 1433 τοὺς
1288 1370 1428 1425 κατὰ
1449 1349 1681 1424 διάνοιαν
1710 1366 1948 1437 ἀφελεῖς,
2119 1354 2389 1431 Existimo
2413 1378 2645 1439 pusillos
2674 1289 2917 1439 natiiis:

2119 1375 2389 1431 Existimo
2413 1378 2645 1447 pusillos
2674 1383 2971 1450 appellare,
3001 1384 3093 1452 qui
3126 1390 3254 1438 sunt
3276 1384 3462 1438 animo
3491 1384 3626 1439 sim-

372 1460 467 1513 καὶ
493 1460 581 1513 διὰ
613 1462 952 1532 σμικρότητα
994 1460 1132 1526 νοὸς,
1168 1463 1242 1534 μὴ
1280 1462 1610 1538 δυναμένους
1655 1459 1951 1531 διακρίνειν

2049 1465 2240 1535 plices,
2264 1482 2328 1521 ac
2352 1483 2463 1537 prae
2493 1470 2691 1523 mentis
2718 1472 3016 1540 pusillitate
3040 1473 3403 1527 Providentia:
3419 1474 3627 1543 judicia

370 1552 440 1605 τὰ
498 1553 596 1623 τῆς
650 1553 913 1623 Προνοίας
964 1555 1226 1625 κρίματα.
1284 1555 1470 1617 Ὅστις
1512 1547 1578 1607 ἂν
1624 1549 1952 1624 σκανδαλίσῃ

2049 1574 2159 1612 non
2198 1560 2384 1613 valent
2426 1560 2765 1617 discernere.
2802 1563 2859 1618 Si
2908 1566 3032 1634 quis
3074 1580 3190 1628 eos,
3222 1566 3315 1634 qui
3357 1565 3626 1635 ejusmodi

369 1646 497 1708 τοὺς
547 1646 839 1711 τοιούτους,
895 1649 1190 1718 συνέφερεν
1236 1646 1385 1717 αὐτῷ
1438 1646 1754 1716 Ἑλληνικῆς
1809 1640 1949 1697 εἶναι

2049 1657 2198 1713 sunt,
2221 1651 2695 1718 scandalizaverit,
2719 1654 2909 1709 utilius
2931 1664 3051 1710 erat
3076 1656 3150 1719 ei,
3177 1665 3236 1709 ut
3259 1657 3314 1710 in
3336 1657 3626 1727 gentilium

374 1736 589 1806 μοίρας,
621 1737 670 1789 οἳ
697 1738 854 1808 δίκην
882 1737 1005 1791 ὄνου
1031 1740 1089 1791 ὲν
1114 1739 1317 1808 μύλωνι
1354 1737 1489 1808 μόνῃ
1520 1739 1584 1807 τῇ
1614 1737 1823 1806 κινήσει
1853 1734 1947 1789 τοῦ

2050 1743 2247 1796 castris
2278 1758 2517 1809 merens,
2544 1746 2697 1800 velut
2726 1747 2942 1811 asinus,
2972 1748 3027 1801 in
3063 1749 3379 1803 molendino
3412 1751 3427 1807 ί
3435 1748 3625 1803 mundi

371 1829 578 1897 κόσμου
610 1828 939 1899 ἐνίσχηνται·
974 1833 1070 1884 καὶ
1100 1830 1185 1883 ἵνα
1225 1832 1356 1900 ριερῇ
1396 1830 1454 1881 ὲν
1485 1828 1562 1897 τῷ
1596 1827 1820 1895 πελάγει
1844 1826 1944 1897 τῆς

2049 1838 2263 1893 scilicet
2291 1836 2466 1907 motu)
2496 1836 2860 1893 distineretur
2886 1847 2940 1892 et
2970 1840 3337 1909 projiceretur
3364 1840 3420 1893 in
3452 1855 3625 1902 mare,

368 1914 664 2005 βαλάσσηςο
700 1920 981 1974 τουτέστιν
1010 1923 1066 1976 ἐν
1094 1924 1157 1993 τῇ
1192 1920 1450 1991 συγχύσει
1475 1919 1570 1973 τοῦ
1600 1919 1735 1989 βίου.
1777 1918 1944 1972 Τοῦτο

2049 1927 2103 1981 ἰη
2148 1927 2331 1982 srecuii
2379 1927 2640 1981 nimirum
2688 1926 3091 1981 confusionem.
3130 1926 3245 1982 Hoc
3287 1943 3417 1982 vero
3463 1927 3627 1983 etiam

365 1999 425 2091 ϐξ
454 2001 549 2065 καὶ
569 2013 597 2065 ό
626 2012 943 2075 Ἀπόστολος
967 2012 1169 2083 Πέτρος
1193 2012 1403 2087 βεϐαιοῖ
1428 2011 1619 2079 λέγων·
1645 2010 1945 2078 Κρεῖσσον

2049 2017 2337 2073 conﬁrmat
2376 2018 2659 2086 apostolus
2699 2017 2927 2080 Petrus,
2963 2016 3094 2071 dum
3128 2017 3207 2070 ait
3242 2034 3255 2069 :
3292 2017 3480 2071 Melius
3515 2028 3628 2071 erat

365 2104 452 2174 μὴ
480 2100 805 2173 ἐπιγνῶναι
843 2100 960 2172 τὴν
990 2104 1134 2159 ὀδόν
1165 2095 1275 2173 τῆς
1301 2102 1723 2169 δικαιοσύνης,
1751 2102 1788 2171 ἢ
1819 2102 1945 2156 ἐπι-

366 2192 647 2268 ξυνόντας,
676 2198 764 2262 είς
782 2195 855 2249 τὰ
882 2192 1077 2251 ὀπίσω
1109 2195 1481 2265 ἀνακάμψαι.

973 2288 1185 2377 sror.
1218 2306 1344 2359 NB’.

441 2394 549 2459 Εἷς
575 2394 636 2447 τί
655 2394 1019 2466 λαμϐάνεται
1057 2399 1091 2453 ὀ
1117 2395 1285 2461 Kdl‘r,
1312 2396 1409 2452 καί
1433 2399 1466 2451 ὁ
1500 2398 1678 2453 Ἀϐελ
1699 2413 1720 2463 ;

1051 2508 1292 2567 Ἀπόκρ.

1056 2526 1234 2564 Ἀποκ
1277 2551 1292 2567 .

436 2580 515 2648 ’Ὀ
544 2597 681 2651 Κάῖν
710 2596 772 2669 (i)
800 2596 1135 2667 λαμϐάνεται
1180 2526 1273 2678 uti
1324 2598 1416 2654 τοῦ
1464 2604 1811 2675 φρονήματος
1844 2605 1945 2676 τῆς

369 2689 596 2786 ,σαρκόςο
635 2692 670 2783 ’ό
722 2690 778 2745 δὲ
812 2691 997 2758 Ἀϐελ,
1048 2688 1143 2746 ἐπὶ
1195 2692 1290 2747 τοῦ
1342 2694 1591 2765 πένθους,
1636 2697 1804 2768 ἤγουν
1846 2699 1947 2771 τῆς

378 2782 688 2852 μετανοίας,

980 2897 1174 2954 ΕΡΩΤ.
1212 2900 1335 2955 Nl".

449 2985 511 3040 Τί
538 2986 667 3040 ἐστι
695 2985 784 3055 τὸ,
819 3005 839 3041 ι
868 2988 963 3057 Μὴ
984 2992 1331 3059 μακαρίσῃς
1355 2991 1544 3061 ἄνδρα
1584 2993 1701 3063 πρὸ
1743 2980 1948 3050 τελευ-

340 3127 351 3136 .
373 3078 481 3147 τῆς
512 3078 731 3142 αὐτοῦ;
761 3098 779 3131 ι

436 3263 443 3273 ι
1046 3194 1279 3263 Ἆπόκρ.

441 3282 550 3336 Καὶ
572 3280 712 3338 κατὰ
740 3284 800 3337 τὸ
830 3284 1119 3357 πρόχειρον
1153 3288 1231 3359 τῷ
1260 3289 1470 3343 πολλῶν
1494 3290 1571 3362 νῷ
1607 3291 1695 3345 διὰ
1735 3292 1796 3346 τὸ
1821 3287 1948 3362 ἄδηλ-

370 3375 480 3440 λον,
525 3378 618 3430 καὶ
655 3377 756 3447 τῆς
792 3377 1141 3450 ἀνθρωπίνης
1171 3382 1544 3451 προαιρέσεως
1568 3384 1862 3449 εὐόλισθον,
1884 3384 1945 3437 οὐ

371 3469 475 3539 χρὴ
504 3470 826 3540 μακαρίζειν
846 3471 985 3535 τινὰ,
1009 3472 1136 3543 ἄχρι
1161 3473 1248 3526 διὰ
1273 3474 1454 3546 πάσης
1475 3476 1677 3546 ἀρετῆς
1701 3475 1945 3539 διελθὼν,

371 3562 750 3633 ἀναντιρῤήτῳ
773 3560 916 3615 τέλει
945 3563 1042 3634 τὴν
1072 3564 1218 3635 ζωὴν
1238 3565 1606 3619 κατακλείσει.
1623 3565 1765 3639 Ilipa:
1785 3567 1838 3620 δὲ
1854 3567 1947 3620 τὸν

371 3653 702 3723 ὑψηλότερον
731 3652 878 3718 νοῦν,
905 3654 935 3707 ὁ
969 3653 1276 3725 ἀρξάμενος
1299 3655 1387 3709 διὰ
1407 3656 1507 3727 τῆς
1542 3658 1827 3726 μετανοίας
1856 3657 1949 3711 καὶ

369 3744 676 3812 ἀσκήσεως,
703 3743 764 3796 τὸ
794 3744 902 3807 ζῶν
926 3746 982 3796 ἐν
1004 3745 1359 3816 αὑτῷγήῖνον
1385 3748 1638 3819 φρόνημα
1662 3749 1949 3803 ταπεινοῦν

370 3835 468 3887 καὶ
505 3834 701 3905 ἀσθενῆ
731 3838 923 3899 ποιεῖν,
954 3835 1108 3891 οὔπω
1145 3839 1502 3911 μακαριστὸς,
1534 3839 1726 3909 μέχρις
1766 3839 1949 3893 ἂνδιὰ

368 3927 463 4005 τοῦ
492 3927 743 3980 συντόνου
784 3928 885 4005 τῆς
914 3928 1200 3998 ἀσκήσεως
1225 3929 1389 3984 πόνου
1418 3930 1666 4001 νεκρωοῇ
1696 3930 1789 3983 καὶ
1821 3938 1949 3984 συν-

362 4014 579 4072 τέλεια-δ
606 4017 765 4089 λάϐῃ.
807 4017 864 4071 ’0
884 4018 991 4089 γὰρ
1018 4019 1256 4083 τοιοῦτος
1294 4020 1580 4091 μακάριος,
1604 4021 1679 4085 ὡς
1707 4021 1783 4091 τῷ
1804 4023 1948 4093 Χρι-

374 4108 482 4179 στῶ
507 4108 891 4163 συναποθανὼν
915 4109 1004 4163 διὰ
1033 4110 1132 4180 τῆς
1165 4110 1348 4163 κακῶν
1375 4111 1667 4181 ἀπραξίας,
1699 4112 1790 4165 καλ¹
1826 4118 1951 4165 suv-

372 4199 726 4269 ανιστάμενος
760 4196 919 4253 πάλιν
966 4199 1054 4253 διὰ
1085 4200 1146 4253 τὺ
1170 4199 1302 4271 ὕψος
1355 4200 1463 4255 τῶν
1507 4202 1737 4271 ἀρετῶν.
1779 4202 1951 4255 Τοῦτο

371 4290 479 4361 γὰρ
507 4291 598 4344 καὶ
644 4291 672 4343 ὁ
708 4290 1012 4361 Ψαλμῳδὸς
1061 4291 1312 4361 σημαίνει
1343 4292 1536 4361 λέγων·
1573 4293 1864 4362 Μακάριοι
1894 4293 1949 4345 oi

371 4382 615 4451 ἆμωμοι,
639 4382 687 4434 οἱ
717 4380 949 4450 καθαροὶ
969 4380 1125 4451 δῆλον
1159 4383 1240 4435 ὅτι
1268 4384 1486 4446 κακίας
1509 4385 1557 4437 οἱ
1593 4386 1947 4456 πορευόμενοι

2046 2126 2151 2163 non
2191 2124 2473 2179 agnoscere
2503 2110 2642 2162 uiam
2666 2109 2913 2178 justitiw,
2942 2125 3102 2179 quam
3136 2116 3251 2178 post
3286 2110 3624 2179 agnitionem,

2048 2208 2337 2258 retrorsum
2367 2198 2598 2252 converti
2618 2199 2687 2254 ⁸⁸.

2621 2311 2906 2366 INTERR.
2943 2311 3053 2366 LII.

2115 2402 2407 2475 Cujusnam
2437 2403 2610 2476 ﬁgura
2634 2414 2878 2459 sumatur
2898 2403 3052 2472 Cain,
3069 2421 3130 2460 ac
3154 2405 3430 2477 cujusnam
3460 2405 3581 2461 Abel
3602 2407 3628 2461 2’

2764 2515 2923 2571 Rosa.

2764 2534 2866 2571 ms
2910 2558 2923 2571 .

2116 2606 2366 2661 Sumitur
2415 2606 2550 2662 Cain
2592 2615 2655 2662 ut
2697 2534 2969 2677 signiticet
3014 2623 3196 2662 carnis
3245 2608 3622 2677 prudentiam;

2045 2696 2180 2751 Abel
2208 2707 2396 2753 autem
2424 2696 2736 2763 utluctum,
2765 2696 2820 2751 id
2848 2704 2954 2763 est,
2980 2697 3379 2767 poenitentiam.

2118 2986 2119 2991 η
2599 2904 2886 2961 INTER“.
2925 2904 3063 2959 ιλιι.

2118 2998 2255 3064 Quid
2277 2999 2376 3054 sibi
2400 2998 2512 3053 vult
2534 3015 2551 3054 :
2585 3017 2603 3050 ‹
2632 2997 2710 3053 Ne
2735 2997 3115 3066 beati/icaveris
3140 2997 3312 3053 virum
3337 3006 3458 3052 ante
3482 3014 3624 3052 mor-

2052 3100 2154 3146 tem
2184 3109 2337 3147 suam
2358 3092 2439 3145 “5?
2470 3110 2489 3144 ι

2764 3202 2921 3274 Resp.

2114 3282 2355 3351 Proclivi
2391 3294 2556 3350 etiam
2593 3294 2851 3365 vulgique
2889 3308 3087 3358 sensu,
3119 3291 3190 3347 ob
3234 3292 3505 3347 incertum
3546 3290 3625 3345 rei

2048 3393 2307 3442 eventum
2351 3385 2717 3454 humanaeque
2767 3385 2930 3454 320
2973 3383 3274 3437 voluntatis
3319 3381 3624 3446 lubricum,

2049 3492 2209 3531 nemo
2236 3477 2441 3531 beatus
2456 3475 2839 3546 praedicandus
2868 3483 2971 3540 est,
2992 3474 3170 3529 donec
3198 3474 3346 3528 omni
3372 3481 3628 3543 superata

2047 3567 2284 3631 virtute,
2318 3566 2455 3620 nihil
2490 3566 2661 3621 dubio
2698 3564 2805 3618 line
2838 3565 3007 3617 vitam
3042 3558 3322 3617 clauserit.
3352 3562 3627 3628 Quantum

2047 3673 2181 3712 vero
2207 3657 2274 3711 ad
2307 3657 2560 3711 altiorem
2593 3656 2961 3719 intellectum,
2990 3654 3083 3722 qui
3119 3669 3217 3723 per
3247 3654 3627 3722 pmnitentiam

2049 3764 2114 3804 ac
2133 3748 2355 3802 virtutis
2380 3748 2612 3813 cultum,
2631 3748 2903 3818 vigentem
2933 3746 2987 3799 in
3014 3760 3071 3799 se
3100 3754 3376 3798 terrenum
3404 3758 3627 3796 sensum

2048 3856 2113 3896 ac
2136 3839 2483 3909 prudentiam
2506 3838 2814 3909 deprimere
2836 3837 3003 3907 cazpit
3024 3852 3087 3891 ac
3109 3845 3368 3901 atterere,
3392 3834 3627 3889 necdum

2049 3929 2446 3986 beatiﬁcandus
2476 3939 2581 3996 est,
2610 3930 2789 3983 donec
2824 3937 3083 3983 contenta
3116 3927 3320 3982 laboris
3357 3927 3626 3981 exercita-

2046 4021 2199 4075 tione
2232 4019 2615 4084 mortiticatus,
2650 4018 3181 4074 consummationem
3216 4025 3408 4071 nactus
3440 4016 3629 4072 fuerit.

2049 4111 2154 4178 Qui
2184 4111 2330 4168 enim
2360 4110 2634 4182 ejusmodi
2665 4119 2770 4174 est,
2798 4109 2991 4164 beatus
3018 4117 3123 4173 est,
3146 4108 3299 4163 velut
3322 4123 3446 4162 cum
3473 4107 3631 4163 Chri-

2050 4214 2136 4259 sto
2166 4212 2439 4267 mortuus,
2465 4203 2672 4257 indicta
2705 4218 2736 4256 a
2771 4201 2930 4255 malis
2959 4200 3294 4266 cessatione;
3328 4215 3629 4269 rursusque

2051 4311 2177 4352 cum
2210 4311 2298 4360 eo,
2329 4296 2401 4351 ob
2428 4295 2698 4349 virtutum
2733 4292 3117 4348 celsitudinem
3151 4290 3466 4346 suscitatus.
3495 4291 3629 4346 Nam

2051 4386 2158 4441 hoc
2201 4386 2366 4440 etiam
2412 4384 2756 4439 Psalmormn
2806 4381 3123 4435 modulator
3168 4378 3468 4451 signiﬁcat,
3503 4393 3630 4432 cum

370 4475 428 4527 ἐν
457 4474 606 4545 νόμῳ
627 4472 854 4545 Κυρίου’
886 4474 935 4526 οἱ
965 4472 1054 4527 διὰ
1081 4474 1189 4529 τῶν
1213 4476 1429 4546 ἀγαθῶν
1460 4477 1710 4547 πράξεων
1734 4478 1943 4532 ὁδεύον-

2049 4476 2121 4532 ait
2148 4494 2160 4529 :
2186 4475 2338 4530 Beati
2363 4473 2728 4539 immaculati;
2758 4473 2882 4542 puri
2911 4473 3122 4527 scilicet
3144 4487 3173 4527 a
3196 4471 3445 4541 nequitia
3466 4479 3631 4540 atque

370 4561 482 4629 τες.

979 4763 1171 4819 ΕΡΩΤ.
1222 4764 1347 4819 NA’.

447 4854 508 4910 Τί
532 4850 709 4924 δηλοῖ
732 4850 822 4923 τὸ,
853 4875 871 4908 ι
899 4837 1050 4930 Ἒὰν
1089 4836 1385 4911 διώκωσίν
1418 4834 1574 4938 ύμξὶς
1600 4855 1668 4910 ἐκ
1694 4835 1803 4923 τῆς
1844 4856 1948 4909 πό-

370 4949 524 5012 λεως
545 4946 767 5015 ταύτης
809 4946 973 5019 [vulg.
1011 4946 1082 5005 ἐν
1107 4947 1183 5017 τῇ
1218 4949 1393 5002 πόλει
1425 4945 1657 5019 ταύτῃ],
1696 4947 1944 5016 φεύγετε

368 5040 461 5107 είς
490 5040 606 5109 τὴν
628 5040 868 5109 timur;
903 5059 921 5092 ι

440 5180 490 5214 ⁵³
519 5179 653 5237 Luc.
682 5196 810 5247 xvn,
834 5181 889 5234 2.
967 5181 1014 5213 ⁵⁸
1045 5180 1091 5235 Il
1123 5181 1268 5235 Petr.
1304 5196 1361 5246 ιι,
1404 5180 1495 5234 21.
1575 5179 1618 5211 ⁸⁸
1652 5178 1821 5233 Eccli.
1852 5194 1924 5242 xx,
1951 5177 2038 5232 50.

441 5317 509 5392 (i)
542 5320 604 5374 Ὀ
629 5320 793 5374 Κάϊν.
847 5321 1010 5392 Vocis
1043 5321 1197 5385 Cain,
1248 5336 1358 5376 non
1382 5320 1551 5392 aliud,
1590 5319 1947 5392 qumrcndum

370 5389 617 5473 etymum
645 5406 807 5459 quam
816 5391 976 5515 (quod
1010 5394 1125 5462 ipsa
1143 5393 1254 5445 Eva
1286 5391 1603 5460 assignavit,
1640 5406 1705 5444 eo
1732 5389 1810 5442 illi
1845 5404 1941 5443 no-

372 5476 521 5515 mine
568 5460 766 5515 indito.
863 5477 952 5515 en.
996 5478 1067 5515 ιν.
1105 5460 1255 5515 ouod
1306 5460 1517 5515 scilicet
1566 5461 1746 5513 virum
1788 5468 1941 5513 nacta

368 5460 521 5515 mine
568 5460 766 5524 indito,
816 5460 952 5515 Gen.
996 5460 1067 5526 ιν,
1105 5460 1255 5530 quod
1306 5460 1517 5515 scilicet
1566 5461 1746 5513 virum
1788 5468 1947 5530 nacta

372 5540 554 5594 esset;
588 5530 699 5583 lilio
733 5531 943 5585 scilicet
975 5528 1139 5587 aucta
1164 5532 1316 5585 velut
1358 5531 1737 5599 possessione;
1799 5528 1945 5597 quod

373 5601 667 5665 niliancit
700 5600 768 5654 ad
793 5601 1142 5669 prudentiam
1168 5601 1346 5655 carnis
1371 5617 1385 5653 :
1411 5616 1578 5669 quam
1629 5599 1803 5668 ipsam
1831 5599 1945 5669 Maf

372 5672 557 5728 ximus
583 5686 693 5731 non
712 5671 767 5723 in
795 5667 915 5739 ejus
939 5671 1179 5735 nominis
1226 5681 1409 5740 ctymo
1431 5667 1801 5740 _spectaverit,
1849 5667 1945 5722 sed

374 5741 435 5797 in
470 5740 643 5812 ipsius
663 5740 917 5797 moribus
966 5751 1133 5813 atque
1158 5739 1363 5807 indole,
1403 5750 1458 5797 et
1491 5739 1659 5810 quod
1694 5739 1944 5803 fratrem,
1993 5740 1998 5747 ’

2047 4566 2213 4632 vitio;
2241 4566 2330 4637 qui
2358 4563 2633 4619 ambulant
2660 4566 2714 4618 in
2741 4563 2850 4633 lege
2873 4562 3089 4617 Domini
3106 4562 3307 4632 ";°qui
3336 4577 3436 4632 per
3458 4561 3632 4617 bonas

2048 4658 2293 4714 actiones
2318 4657 2425 4713 iter
2449 4655 2815 4712 contendunt.

2613 4767 2895 4822 INTERR.
2932 4767 3063 4822 LIV.

2058 4934 2061 4939 ί
2121 4862 2258 4928 Quid
2282 4862 2379 4916 sibi
2410 4859 2516 4915 vult
2549 4877 2566 4913 :
2601 4878 2620 4909 ι
2650 4857 2708 4912 Si
2733 4874 2821 4911 vos
2851 4858 3148 4927 fugaverint
3177 4873 3240 4911 ea:
3271 4858 3477 4912 civitate
3504 4856 3626 4923 ista,

2051 4953 2214 5025 fugite
2238 4954 2291 5008 in
2322 4950 2487 5006 aliam
2507 4948 2591 5001 '7?
2619 4967 2638 5000 ›

2142 5178 2163 5208 ⁶
2194 5177 2336 5232 Psal.
2368 5192 2549 5242 cxvm,
2583 5177 2633 5229 1.
2712 5175 2755 5210 ⁸⁷
2792 5172 2985 5229 Matth.
3021 5188 3075 5238 x,
3110 5170 3202 5226 27.

2050 5320 2259 5389 justum
2286 5316 2510 5371 Abelem
2536 5313 2893 5389 oppresserit,
2917 5314 2998 5367 uti
3024 5311 3319 5389 prudentia
3340 5311 3519 5367 carnis
3533 5326 3629 5389 0p-_-

2048 5382 2237 5457 primit
2266 5401 2491 5462 sensum
2516 5382 2735 5462 mentis.
2757 5384 2910 5450 Abel,
2944 5383 3235 5462 vanitatem
3262 5391 3443 5462 sonat,
3469 5382 3626 5462 quasi

2052 5449 2169 5511 rem
2226 5456 2435 5525 nihili;
2474 5456 2631 5525 cujus
2668 5468 2892 5525 sensus
2927 5452 3182 5525 maxime
3228 5449 3295 5504 ad
3356 5449 3629 5525 poeniten-

2049 5528 2181 5581 tiam
2209 5524 2503 5589 conducit;
2536 5521 2683 5593 Quod
2713 5539 2771 5577 se
2806 5523 3069 5577 nimirum
3098 5535 3256 5593 ivero
3292 5521 3431 5593 Aquis
3460 5535 3629 5593 agno-

2050 5605 2185 5658 scat,
2247 5610 2311 5649 ac
2351 5593 2498 5663 quod
2544 5589 2704 5647 nihili
2763 5601 2870 5657 est,
2924 5593 3040 5661 ipsa
3096 5589 3342 5663 hominis
3391 5589 3625 5663 ratione,

2048 5668 2319 5737 longeque
2344 5659 2412 5721 e'o
2434 5663 2642 5736 aliquid
2667 5663 2872 5729 minus,
2897 5659 3207 5733 peccatoris
3235 5659 3405 5715 ascita
3429 5659 3626 5715 condi-

2052 5738 2227 5793 tione.
2331 5804 2337 5814 .
