4134 6192
495 207 595 273 827
1663 212 1726 272 S.
1770 211 2056 270 MAXIMI
2100 211 2127 270 ί

2134 211 2606 272 lONFESSORlS
3660 208 3766 274 828

1211 319 1365 390 Resp.
2107 330 2153 386 Α

2107 330 2153 386 Α
2858 321 3090 387 Ἀπόκρ.

567 411 646 467 Ea
679 406 1072 468 struendarum
1108 411 1393 466 civitatum
1428 411 1569 467 ratio
1603 409 1840 483 finisque
1870 420 1986 476 est,
2017 418 2080 466 ut

2252 412 2318 465 Δί
2347 411 2529 476 πόλεις
2561 411 2658 466 ἐπὶ
2683 415 2926 484 φρουρᾶς
2955 413 3050 470 καὶ
3075 411 3377 480 ἀσφαλείας
3399 413 3493 464 καὶ
3522 413 3767 484 φυλακῆς

499 519 621 574 qua:
655 504 710 557 in
749 503 929 572 pretio
963 509 1124 568 sunt,
1154 518 1220 557 ac
1254 501 1429 573 pluris
1461 501 1834 567 aestimantur,
1867 509 1987 557 tuto
2023 501 2080 556 in

2180 507 2378 578 τιμίων
2411 508 2536 562 είσί.
2567 508 2729 570 Πόλις
2761 504 2852 561 οὖν
2886 511 3004 561 ἐστι
3035 508 3178 562 κατά
3199 509 3290 561 τὸν
3321 509 3419 578 τῆς
3441 508 3766 583 ἀλληγορίας

500 595 582 650 eis
633 609 941 666 securoque
992 595 1252 665 praesidio
1307 603 1621 651 serventur.
1674 595 1854 653 Sensu
1912 594 2083 665 igitur

2181 599 2401 670 τρόπον,
2435 602 2467 670 ἡ
2495 601 2555 652 ὲκ
2578 599 2851 669 διαφόρων
2876 600 3092 670 τρόπων
3120 601 3478 671 ἑπινοουμένη
3513 603 3765 673 ἄσκησις·

501 687 831 756 allegorico,
867 688 1063 744 civitas
1098 696 1212 753 cst,
1248 704 1370 758 quae
1413 705 1481 744 ex
1520 689 1757 744 diversis
1799 687 1979 742 modis
2019 701 2083 743 ac

2182 687 2315 754 οἷον,
2341 693 2637 763 ἐγκράτεια
2657 694 2821 756 οἴνου,
2850 692 3156 763 βρωμάτων
3178 693 3375 764 ἀποχὴ,
3404 695 3767 767 ὲπιτεταμένη

502 778 805 834 virtutibus
830 780 1084 852 religiosa
1116 781 1442 836 exercitatio
1472 797 1536 836 ac
1563 782 1751 837 cultus
1780 779 2080 844 conﬂatur;

2183 782 2481 864 ἀγρυπνία,
2517 785 2612 838 καὶ
2644 784 2713 837 τά
2747 784 2990 850 τοιαῦτα,
3047 784 3206 838 amat
3259 787 3366 838 εἰσι
3415 787 3628 857 φρουρά
3678 788 3771 840 καὶ

504 871 814 940 cujusmodi
857 879 960 939 est,
993 873 1357 942 temperantia
1396 889 1426 927 a
1463 874 1613 939 vino,
1646 871 1978 929 abstinentia
2015 871 2084 927 ab

2184 876 2476 945 ἀσφάλεια.
2525 877 2650 930 Ἐἀν
2674 872 2766 930 οὖν
2796 876 3065 930 διώκωσιν
3095 878 3242 948 ἡμᾶς
3285 879 3335 930 οἱ
3363 877 3636 948 δαίμονες,
3667 879 3773 932 ἀπὸ

501 963 665 1027 escis,
692 963 747 1017 in
775 963 966 1035 longas
993 965 1158 1020 horas
1184 981 1249 1020 ac
1278 975 1523 1037 tempora
1546 973 1838 1037 protracta:
1863 965 2081 1036 vigilize,

2187 971 2303 1034 ὲνὺς
2335 968 2558 1033 τούτων,
2590 969 2759 1038 τύφον
2784 968 2816 1038 ἢ
2843 968 3150 1034 κενοδοξίαν
3175 968 3264 1022 διὰ
3291 967 3384 1022 τοῦ
3408 969 3650 1023 τοιούτου
3675 970 3774 1040 τῆς

503 1055 732 1124 ejusque
765 1055 994 1122 similia;
1028 1073 1149 1126 qua:
1183 1065 1312 1111 sunt
1339 1057 1490 1110 velut
1523 1072 1676 1112 arces
1711 1071 1774 1110 ac
1806 1055 2082 1125 praesidia.

2187 1064 2473 1132 ἀσκήσεως
2497 1061 2668 1124 εἴδους
2692 1060 3078 1131 προσάγοντες,
3109 1061 3356 1131 κρεῖττόν
3387 1061 3534 1115 ἐστιν
3561 1062 3776 1132 ὑποχω-

503 1144 677 1214 Igitur
716 1147 760 1200 si
806 1147 876 1200 ab
923 1146 1120 1200 horum
1164 1148 1350 1217 aliquo
1399 1163 1499 1226 nos
1544 1147 1722 1218 fugari
1775 1147 2086 1201 daemonum

2190 1155 2302 1225 ρεῖν
2332 1157 2432 1224 τῆς
2459 1152 2715 1224 τοιαύτης
2745 1152 3009 1224 δοκούσης
3044 1147 3186 1205 εἶναι
3214 1152 3614 1224 ἀκριϐεστέρας
3637 1153 3780 1220 ἀγω-

502 1236 764 1291 violentia
828 1247 1088 1308 strueque
1150 1225 1478 1310 contigerit,
1533 1240 1627 1309 qui
1689 1239 1953 1293 nimirum
2019 1253 2087 1294 eo

2188 1247 2312 1316 γῆς,
2338 1246 2425 1300 ἵνα
2451 1247 2524 1317 μὴ
2554 1249 2634 1311 είς
2666 1246 3046 1317 ὑπερηφανίαν
3076 1245 3428 1316 ἐμπέσωμενν
3463 1245 3560 1298 καὶ
3586 1245 3777 1313 φυγεῖν

505 1340 706 1394 genere
736 1325 979 1396 religiosi
1009 1328 1191 1382 cultus
1212 1329 1540 1399 arrogantiae
1569 1328 1768 1383 fastum
1799 1328 2088 1398 inanisque

2190 1340 2271 1402 είς
2309 1337 2472 1407 ἄλλην
2512 1337 2825 1404 ἀκενόδοξον
2856 1336 3081 1409 ἀρετὴν,
3118 1337 3312 1406 μέχρις
3341 1337 3406 1390 ἂν
3443 1338 3472 1389 ὁ
3505 1337 3605 1405 τῆς
3637 1337 3781 1389 ἀπα-

505 1417 691 1488 gloriae
732 1418 944 1474 fumum
983 1420 1340 1488 admoveant;
1385 1430 1636 1492 prazstat,
1683 1422 1751 1476 ab
1799 1421 1930 1487 hac,
1967 1436 2089 1491 qua:

2192 1429 2342 1492 θείας
2375 1429 2504 1500 ἔλθῃ
2537 1429 2714 1498 λόγος.
2758 1429 2829 1482 Ἦ
2869 1430 2962 1481 καὶ
3011 1428 3207 1492 ἄλλως,
3245 1427 3434 1490 πόλεις
3484 1427 3632 1494 λέγει
3679 1427 3779 1488 τὰς

505 1508 749 1574 videtur,
782 1511 1149 1580 exquisitiore
1182 1511 1474 1581 disciplina
1509 1511 1967 1581 institutioneque
2004 1526 2091 1565 re-

2194 1520 2540 1588 ἀνθρωπίνας
2572 1520 2772 1592 ψυχάς.
2815 1519 2941 1574 Ἐπὶ
2989 1520 3097 1591 γάρ
3146 1519 3348 1583 ταύτας
3389 1520 3438 1572 oi
3489 1519 3776 1573 ἀπόστολοι

507 1599 725 1666 cedere,
759 1616 829 1656 ne
877 1601 933 1655 in
980 1603 1299 1672 superbiam
1342 1603 1671 1668 incidamus,
1707 1603 1774 1657 ad
1819 1602 2090 1672 aliamque

2145 1683 2158 1685 _
2195 1613 2346 1684 παρὰ
2375 1613 2468 1666 τοῦ
2493 1613 2744 1685 Σωτῆρος
2768 1611 3134 1683 πεμπόμενοι,
3161 1610 3269 1665 ἀπὸ
3296 1611 3392 1681 μὲν
3413 1609 3521 1663 τῶν
3545 1609 3777 1674 ἀναξίων

508 1689 769 1744 virtutem
789 1706 866 1753 ,ca
903 1691 1124 1746 interim
1159 1691 1283 1745 labe
1317 1698 1628 1757 carentem,
1664 1691 1883 1762 fugere,
1917 1691 2094 1747 donec
2129 1683 2140 1736 Ι

2147 1683 2167 1735 δ
2198 1683 2425 1768 ἑαύτοὺς
2478 1683 2772 1776 κρινόντων
2808 1704 3190 1768 ἀπελαθέντες,
3227 1704 3306 1766 είς
3349 1702 3551 1772 ἑτέρων
3601 1700 3779 1770 ψυχὰς

509 1782 1024 1852 lmperturbationis
1047 1799 1231 1840 sermo
1254 1785 1570 1840 accesserit.
1596 1785 1692 1840 Vel
1717 1785 1882 1839 etiam
1908 1785 2090 1864 aliter,

2202 1795 2616 1867 μετοικίζονται,
2649 1795 2904 1858 δεκτικὰς
2925 1797 3024 1865 τῆς
3052 1794 3230 1848 αὐτῶν
3253 1793 3603 1856 διδασκαλίας
3627 1808 3782 1861 γεγε-

509 1874 764 1930 civitates
784 1884 945 1931 vocat
971 1876 1260 1931 hominum
1287 1878 1519 1932 animas.
1542 1877 1623 1931 Ad
1649 1878 1748 1932 has
1769 1878 1916 1932 enim
1943 1878 2094 1932 missi

2199 1887 2456 1957 νημένας
2484 1888 2577 1941 καὶ
2607 1887 2706 1950 τὰς
2738 1887 2994 1951 τοιαύτας
3021 1887 3204 1950 πόλεις
3234 1885 3327 1938 τοῦ
3364 1884 3595 1955 Ἰσραὴλ,
3619 1883 3679 1936 οὐ
3709 1880 3785 1953 μὴ

511 1979 544 2020 a
591 1964 875 2022 Salvatore
921 1968 1212 2039 discipuli,
1250 1969 1318 2024 ab
1364 1969 1542 2039 iisque
1591 1969 1684 2040 qui
1733 1986 1792 2027 se
1842 1971 2098 2044 indignos

2199 1978 2491 2034 τελέσωσιν
2543 1979 2758 2048 ἀληθῶς
2801 1979 3159 2050 ἐνδημοῦντες
3195 1979 3405 2040 αὑταῖς
3438 1975 3535 2028 καὶ
3573 1973 3648 2043 πῆ
3686 1972 3785 2043 μὲν

508 2057 827 2128 iudicarent
860 2061 1106 2131 expulsi,
1136 2061 1204 2116 ad
1246 2062 1482 2117 aliorum
1521 2071 1811 2120 transeunt
1848 2065 2090 2131 animas,

2200 2071 2637 2143 εἰσοικιζόμενοιο
2666 2073 2740 2143 πῆ
2773 2072 2852 2138 δὲ,
2883 2074 2976 2126 ἀπ’
3000 2070 3179 2125 αὐτῶν
3211 2068 3550 2138 διωκόμενοι,
3577 2066 3682 2126 ἕως
3719 2061 3786 2116 ἂν

510 2159 708 2203 eorum
740 2151 951 2207 scilicet
973 2153 1240 2207 doctrinae
1272 2154 1638 2223 suscipienda:
1667 2155 1838 2210 factas
1867 2171 2096 2225 capaces

2201 2163 2332 2238 ἔλθῃ
2367 2167 2396 2218 ό
2426 2165 2553 2228 Υἱὸς
2596 2163 2691 2218 τοῦ
2743 2165 3031 2236 ἀνθρώπου
3073 2162 3216 2216 κατά
3242 2163 3339 2233 τὴν
3369 2159 3578 2225 ἔνδοξον
3619 2154 3784 2210 αὑτοῦ

514 2238 704 2311 illique
733 2253 1100 2313 comparatas.
1127 2244 1397 2315 Talesque
1425 2246 1566 2301 adeo
1598 2249 1850 2304 civitates
1876 2249 2098 2305 lsraelis

1461 2246 1566 2301 deo
1598 2249 1850 2304 civitates
1876 2249 2098 2305 Israelis
2204 2256 2506 2328 παρουσίαν
2542 2257 2610 2310 τά
2639 2257 2818 2312 πάντα
2845 2255 3089 2325 πληρῶν.

513 2347 625 2387 non
675 2336 1145 2402 consummarint,
1183 2354 1313 2393 vere
1357 2338 1427 2392 ad
1472 2339 1594 2394 illas
1629 2341 1948 2408 venientes,
1984 2344 2294 2417 partimque
2334 2350 2391 2404 in
2434 2350 2543 2404 illis
2580 2349 2824 2420 recepti,
2860 2347 3174 2419 partimque
3223 2345 3428 2417 repulsi
3473 2359 3537 2398 ac
3577 2339 3786 2413 fugati,

516 2424 695 2485 donec
727 2427 901 2484 Filius
942 2427 1182 2484 hominis
1218 2430 1453 2495 venerit,
1489 2441 1687 2486 cuncta
1723 2431 1962 2503 glorioso
1999 2449 2098 2488 suo
2131 2437 2368 2495 adventu
2399 2440 2729 2512 adimplens.

975 2543 1134 2613 321
1176 2544 1456 2600 INTER“.
1499 2545 1608 2601 Lv.

1545 2545 1608 2601 V.
2826 2556 3023 2608 ΕΡΩΤ.
3053 2555 3177 2608 ΝΕ’.

501 2697 514 2711 ρ
592 2629 1078 2698 Quomodaetiam,
1124 2653 1142 2685 α
1176 2634 1539 2688 Misericordia
1563 2635 1619 2687 in
1641 2636 1876 2704 pondera
1900 2636 1967 2704 ⁸⁸,
1997 2656 2015 2690 ι
2050 2643 2107 2692 ut

2284 2645 2416 2713 Πῶς
2451 2618 2572 2712 καί,
2610 2666 2628 2699 ι
2650 2646 2714 2701 Ἡ
2737 2647 3117 2716 ἐλεημοσύνη
3151 2648 3236 2712 εὶς
3272 2645 3598 2714 σταθμοὺς,
3636 2643 3786 2697 κατά

523 2732 708 2779 auctor
721 2733 798 2780 est
834 2733 1049 2780 sanctus
1081 2727 1297 2781 Isaias?
1323 2727 1430 2781 Nec
1457 2730 1596 2782 enim
1626 2738 1701 2783 est
1730 2729 1943 2795 bonum,
1970 2732 2109 2802 quod

2213 2736 2799 2806 tdrdrzor'HUatar;
2827 2757 2842 2788 ι
2873 2737 3026 2789 Οὐδὲ
3055 2734 3164 2804 γάρ
3186 2753 3240 2789 τι
3273 2736 3499 2804 ἀγαθὸν
3527 2733 3789 2802 ἄκριτον,

513 2816 707 2889 judicii
745 2818 881 2873 libra
925 2827 1128 2886 careat,
1163 2837 1470 2892 quanquam
1509 2824 1766 2893 operariis
1804 2824 1860 2877 in
1902 2825 2109 2878 vineam
2140 2861 2145 2895 ε

1736 2824 1766 2877 Fs
1804 2824 1860 2877 in
1902 2825 2109 2878 vineam
2140 2847 2182 2907 ρ
2214 2829 2266 2883 εί
2297 2828 2412 2883 κᾶν
2433 2829 2502 2885 ἐν
2529 2828 2656 2895 τοῖς
2682 2829 2761 2894 τῷ
2789 2827 3096 2898 ἀμπελῶνι
3134 2827 3368 2893 ἔδοξεν.

524 2906 794 2969 conductis
827 2909 904 2963 ita
935 2910 1104 2964 visum
1136 2920 1214 2965 est
1239 2912 1306 2964 ⁸³.

1168 3072 1182 3087 ,
1234 3021 1390 3093 Resp.

2872 3029 2875 3031 ’
2892 3023 3121 3091 Ἀπόκρ.

601 3106 658 3164 Si
683 3109 780 3165 Dei
805 3110 920 3181 ipsa
943 3111 1328 3168 misericordia
1355 3117 1704 3185 appenditur,
1731 3119 1922 3188 utique
1947 3119 2115 3174 etiam

2287 3114 2415 3168 Ἐὰν
2439 3114 2788 3184 σταθμίζεται
2811 3116 2841 3184 ἡ
2867 3113 3204 3184 ἐλεημοσύνη
3228 3114 3322 3166 τοῦ
3345 3112 3501 3180 Θεοῦ,
3529 3113 3621 3166 καὶ
3642 3129 3799 3184 περι-

528 3199 729 3256 merito
778 3202 1286 3259 circumscribitur?
1332 3208 1526 3263 Potius
1574 3210 1762 3281 itaque
1801 3212 1881 3266 sic
1919 3211 2114 3266 existi-

2217 3207 2488 3279 γράφεται
2527 3207 2612 3277 (j),
2657 3208 2902 3271 εἰκότως.
2946 3207 3162 3261 Μᾶλλον
3203 3202 3296 3259 οὖν
3329 3205 3484 3259 τοῦτο
3528 3207 3632 3276 χρὴ
3665 3207 3799 3258 ὑποε-

527 3291 794 3346 mandum
827 3312 839 3347 :
877 3294 1164 3360 nimirum,
1202 3298 1350 3354 sicut
1375 3300 1624 3367 videndi,
1660 3303 1943 3367 audiendi,
1979 3303 2118 3358 olfa-

2218 3299 2540 3371 λαμϐάνειν,
2570 3300 2651 3352 ὅτι
2685 3299 2874 3369 ὥσπερ
2907 3298 3101 3369 ἔχομεν
3142 3297 3371 3366 δύναμιν
3422 3299 3654 3366 όπτικὴν
3704 3296 3799 3350 καὶ

529 3383 715 3442 ciendi
743 3384 1001 3442 facultate
1025 3390 1240 3458 praediti
1267 3407 1482 3459 sumus,
1511 3410 1613 3452 nec
1639 3404 1820 3451 tamen
1847 3397 2116 3468 quidquid

2219 3393 2551 3464 ἀκουστικὴν
2583 3393 2678 3446 καὶ
2707 3391 3165 3460 ἀναπνευστικὴν,
3190 3392 3288 3461 οὐχ
3326 3391 3444 3445 ὅλον
3488 3391 3803 3461 εἰσδεχομέ-

531 3476 680 3530 aeris
722 3484 828 3540 est,
870 3488 968 3533 aut
1003 3481 1170 3547 iacis,
1204 3493 1300 3538 aut
1343 3485 1496 3540 vocis
1538 3486 1869 3555 recipimus;
1910 3487 2116 3557 alioqui

2220 3504 2326 3550 νας,
2344 3486 2436 3539 τὸν
2469 3484 2625 3556 ἀέρα,
2667 3483 2784 3554 ἢτὺ
2811 3482 3008 3554 φῶς,ἢ
3053 3485 3151 3553 τὴν
3186 3483 3392 3554 φωνὴν,
3429 3484 3550 3536 ἐπεὶ
3592 3483 3688 3534 οὐκ
3733 3483 3802 3535 ἂν

531 3564 680 3636 quod
713 3566 805 3620 alii
840 3570 1214 3639 perciperent,
1257 3581 1494 3628 restaret
1534 3575 1703 3641 nihil;
1739 3574 1833 3632 sed
1870 3591 1968 3645 pro
2001 3586 2116 3632 rata

2221 3578 2367 3649 ἄλλῳ
2399 3577 2697 3647 ὑπελείφθη
2727 3578 2760 3646 ἡ
2792 3579 2856 3629 ἐκ
2879 3575 3084 3629 τούτων
3112 3576 3336 3647 μετοχὴ,
3367 3575 3500 3628 ἀλλά
3527 3573 3668 3628 κατά
3698 3573 3802 3641 τὴν

533 3657 789 3728 quisque,
828 3676 936 3730 qua
996 3664 1259 3732 praeditus
1302 3675 1407 3731 est,
1456 3666 1736 3733 facultate,
1773 3667 1854 3724 sic
1897 3668 2119 3725 demum

2223 3671 2500 3738 ἀναλόγως
2535 3667 2847 3739 προσοῦσαν
2869 3667 3100 3737 δύναμιν
3131 3669 3346 3737 ἑκάστῳ
3379 3668 3618 3736 μετέχει·
3659 3666 3802 3720 οὕτω

533 3749 792 3820 percipit.
831 3751 922 3807 Sic
950 3768 1172 3825 quoque
1212 3757 1309 3811 Dei
1355 3757 1762 3824 misericordia,
1796 3775 1898 3829 pro
1930 3762 2118 3831 cujus-

2224 3771 2316 3819 xui.
2357 3767 2390 3836 ἡ
2439 3763 2532 3818 τοῦ
2577 3762 2713 3816 Θεοῦ
2747 3762 3085 3832 ἐλεημοσύνη
3130 3761 3270 3814 κατά
3301 3759 3400 3830 τὴν
3431 3759 3664 3812 ἑκάστου
3695 3760 3805 3812 τῶν

535 3856 644 3910 que
681 3842 1057 3913 subiectorum
1093 3846 1326 3902 affectus
1354 3848 1567 3904 ratione
1598 3860 1649 3906 et
1679 3852 1964 3921 qualitate,
1995 3868 2120 3908 cum

2225 3855 2599 3925 ὑποκειμένων
2642 3853 2933 3908 διαθέσεων
2995 3854 3272 3922 ποιότητα,
3317 3853 3406 3904 καὶ
3467 3852 3567 3921 τὴν
3605 3853 3805 3917 ἄφεσιν

536 3935 921 3991 remissionem
953 3946 1070 3992 tum
1101 3939 1331 4010 gratiam
1363 3940 1578 3995 tribuit.
1623 3942 1694 3999 Ut
1733 3943 1838 3998 sub
1870 3945 2123 4014 exemplo

2225 3944 2319 3997 καὶ
2381 3942 2481 4013 τὴν
2542 3943 2701 4014 χάριν
2757 3941 2991 3998 δίδωσιν.
3056 3935 3198 4005 Οἷον,
3239 3940 3457 4003 τελείως
3518 3957 3602 4001 τις
3670 3957 3805 4010 μετ-

536 4028 756 4097 loquar,
786 4029 881 4098 qui
930 4029 1156 4086 functus
1196 4033 1437 4100 perfecte
1477 4035 1805 4102 pcenitentia
1841 4043 1950 4102 est,
1985 4038 2031 4091 is
2067 4046 2124 4091 et

2226 4037 2436 4107 ενόησε·
2487 4033 2709 4097 τελείως
2748 4036 2843 4087 καὶ
2887 4033 3125 4103 ἀφίεταν
3155 4032 3410 4094 ὡσαύτως
3440 4032 3533 4084 καὶ
3573 4033 3666 4084 ἐπὶ
3702 4031 3804 4084 τοῦ

537 4119 925 4175 remissionem
966 4121 1208 4190 perfecte
1241 4133 1573 4180 consecutus
1607 4134 1724 4193 cst;
1763 4143 1830 4183 ac
1867 4128 2124 4183 similiter
2157 4194 2171 4196 _
2225 4127 2569 4196 ἀγαπῶντος.

538 4209 706 4264 etiam
739 4209 808 4264 de
835 4224 903 4265 eo
932 4211 1026 4281 qui
1056 4212 1271 4284 diligit.
2153 4194 2197 4248 υ

652 4363 656 4366 ν
1108 4323 1386 4380 INTER“.
1431 4325 1563 4382 LVI.

2828 4327 3026 4382 ΕΡΩΤ.
3064 4327 3209 4392 NG".

599 4409 752 4487 Quid
781 4413 877 4468 sibi
909 4414 1019 4468 vult
1053 4415 1192 4484 quod
1225 4417 1279 4468 in
1315 4414 1488 4471 Esdra
1517 4419 1710 4472 dicitur
1742 4435 1760 4474 :
1800 4437 1818 4470 ι
1851 4419 2009 4474 Terre
2037 4437 2120 4476 eos

2302 4424 2364 4480 Τί
2389 4423 2516 4477 ἐστι
2548 4420 2614 4475 τὸ
2643 4419 2713 4473 ἐν·
2751 4417 2834 4484 τῷ
2866 4418 3087 4486 Ἕσδρςι
3115 4419 3465 4488 λεγόμενον,
3514 4433 3532 4468 ι
3569 4417 3806 4485 Φσϐἔρι-

539 4503 598 4561 ἔτι
627 4505 737 4579 lege
768 4508 978 4566 Domini
1003 4509 1047 4540 ⁶⁰
1077 4509 1100 4561 ?

2226 4529 2344 4568 σον
2367 4511 2589 4578 αὐτοὺς
2619 4511 2689 4564 ἐν
2721 4510 2884 4577 νόμῳ
2907 4509 3126 4576 Κιιρίου
3148 4526 3196 4574 ;ι

1256 4622 1404 4693 Resp.
2855 4688 2858 4692 t

2855 4688 2858 4692 t
2904 4623 3135 4689 Ἆπόκρ.

614 4715 752 4769 lllud
784 4722 922 4768 terre
946 4713 1155 4769 dictum
1187 4723 1292 4778 est,
1321 4730 1422 4784 pro
1453 4732 1521 4771 eo
1555 4732 1619 4770 ac
1646 4716 1796 4793 dicat
1822 4734 1835 4769 ε
1868 4716 2125 4771 Tcrrori-

2296 4719 2368 4772 Τὸ
2399 4719 2719 4788 φοϐἐρισον
2766 4717 2998 4786 εἴρηται,
3029 4713 3149 4767 ἀντὶ
3182 4713 3298 4778 τοῦ,
3331 4713 3694 4783 Κατάπληξον
3716 4714 3808 4768 ati-

543 4807 651 4863 bus
701 4809 757 4863 in
802 4817 1087 4877 stuporem
1135 4807 1419 4871 adducito,
1459 4825 1663 4879 eosque
1707 4809 1968 4877 percelle,
2018 4825 2126 4863 non

2225 4813 2370 4875 τούς·
2399 4813 2498 4865 οὐκ
2523 4813 2586 4863 ἐκ
2615 4809 2723 4862 τῶν
2749 4806 3174 4878 ἐπηγγελμένων
3203 4805 3444 4874 ἀγαθῶν,
3475 4807 3670 4859 ἁλλ’ἑκ
3703 4806 3805 4855 τῶν

544 4899 690 4953 bona
733 4899 1130 4969 promittendo,
1169 4900 1265 4955 sed
1304 4899 1694 4954 comminando
1731 4900 2033 4955 tremenda.
2068 4901 2125 4956 Id

2228 4903 2604 4973 ὴπειλημένων
2627 4900 2891 4974 φοϐερῶν.
2923 4901 3176 4956 Δουλικὺν
3206 4899 3314 4970 γὰρ
3341 4899 3522 4963 τοῦτο,
3554 4897 3647 4952 καὶ
3687 4897 3803 4949 Ἰου-

545 4990 697 5045 enim
729 4991 928 5047 servile
959 5007 1136 5061 exque
1163 4991 1480 5047 Judzeorum
1511 4990 1713 5046 indole.

1643 4991 1713 5046 le.
2230 4993 2396 5056 δαίοις
2428 4993 2702 5064 ἁρμόδιον.
3265 4988 3272 4994 ’

619 5147 668 5181 ⁸⁸
690 5149 793 5205 Isa.
818 5165 1004 5216 xxvm,
1036 5149 1122 5206 i7.
1199 5149 1246 5183 ”
1281 5149 1474 5206 Matth.
1506 5165 1596 5215 xx,
1629 5149 1714 5205 ll.
1791 5152 1883 5208 ⁶⁰Ι
1915 5151 2075 5207 Esdr.
2103 5165 2200 5218 vn,
2225 5150 2308 5206 14.

624 5281 802 5355 (j)_Kat
827 5280 1262 5355 περιγράφεται.
1289 5280 1454 5355 Quasi
1475 5281 1627 5355 certis
1651 5283 1888 5355 terminis
1905 5281 2122 5355 linitur;
2232 5281 2393 5355 piunt
2405 5298 2430 5355 _;
2476 5295 2578 5355 pro
2607 5261 2856 5355 quﬁrum_
2886 5277 3100 5355 ratione
3120 5285 3250 5334 sunt
3276 5279 3366 5332 illa
3398 5277 3520 5355 ejus
3541 5272 3803 5352 pondera.

592 5348 701 5406 uod
736 5348 908 5425 quasi
926 5348 1320 5425 inconveniens
1345 5349 1551 5425 habere
1578 5351 1797 5425 videtur
1821 5348 2124 5425 Maximus;

2231 5348 2378 5420 quod
2405 5348 2500 5404 Dei
2520 5348 2661 5425 dona
2693 5367 2802 5404 non
2827 5349 3027 5425 ᾅκριτα
3057 5350 3348 5425 ειιιιςηιιιιξ
3378 5348 3590 5425 scilicet
3626 5348 3744 5425 ipse
3775 5358 3806 5396 a

577 5412 942 5497 brtepbiloca
998 5421 1314 5494 Scripturae,
1343 5422 1547 5497 quibus
1577 5423 1696 5493 ejus
1738 5423 1998 5497 quaedam
2021 5412 2127 5474 im;
2232 5412 2291 5474 se
2321 5431 2526 5475 temere
2548 5421 2806 5497 nullaque
2835 5412 2983 5497 justa
3007 5412 3220 5472 ratione
3245 5412 3588 5497 'mortalibus
3614 5412 3810 5494 confe-

554 5492 840 5561 ruensitas,
871 5507 1092 5546 omnem
1118 5487 1418 5547 'numeru'm
1459 5487 1707 5556 vincens,
1757 5487 2120 5546 describitur.
2233 5499 2336 5555 rat,
2367 5507 2476 5545 non
2501 5507 2598 5558 pro
2629 5487 2896 5560 cujusque
2927 5489 3230 5561 (praeeunte
3257 5487 3461 5560 gratia)
3487 5487 3674 5554 operis
3693 5497 3814 5537 me-

552 5558 796 5626 Exponit
853 5561 1039 5631 itaque
1087 5563 1472 5618 circumscribi
1522 5562 1618 5616 Dei
1666 5561 2126 5624 misericordiam,
2233 5561 2339 5616 ritu
2371 5577 2434 5616 ac
2465 5558 2872 5630 coepe-ratione.

549 5639 722 5695 penes
750 5643 945 5686 eorum
965 5633 1348 5703 capacitatem,
1374 5633 1469 5704 qui
1491 5632 1640 5688 illius
1671 5631 1901 5688 effectus
1951 5631 2125 5688 susci-
