4134 6192
486 299 584 364 8‘31

1641 307 1699 364 S.
1740 307 2024 366 MAXIM!
2064 305 2568 371 CONFESSORIS

3611 311 3714 373 832

483 409 629 465 dicio
662 409 810 464 velut
840 425 870 464 e
894 409 1056 475 libra,
1081 409 1283 466 viatica
1305 425 1370 466 ac
1396 410 1716 481 imperfecta
1742 414 1872 470 boni
1899 415 2049 486 cogi-

2158 417 2430 488 μήματος,
2465 417 2544 489 τῷ
2580 419 2790 490 μονίμῳ
2811 421 2903 474 καὶ
2928 418 3319 490 ἀπηρτισμένη)
3350 418 3710 490 ἐνθυμήματι,

486 501 709 563 tatione,
737 516 860 554 cum
886 515 948 554 ea
982 515 1102 569 quae
1142 516 1370 558 manens
1391 519 1454 559 ac
1477 502 1714 573 perfecta
1747 512 1852 567 est,
1885 505 2047 576 hujus

483 599 668 659 partes
709 589 949 656 potiores
983 602 1133 655 esse;
1180 591 1384 660 quippe
1430 600 1554 644 cum
1602 589 1774 643 altera
1821 599 2050 646 vexetur

483 678 770 742 examine,
822 678 993 733 altera
1043 679 1153 734 diei
1202 679 1326 736 festi
1375 687 1538 750 atque
1587 679 1790 751 gaudii
1823 681 2050 738 exsistat

485 783 669 822 causa.

1035 877 1314 936 INTERR.
1354 865 1490 936 LIX.

555 967 684 1033 Qua:
711 968 778 1021 sit
807 983 929 1021 vera
959 969 1096 1022 ratio
1115 970 1342 1024 nominis
1370 971 1784 1044 γαστριμαργία
1813 967 1838 1027 ἳ

1112 1088 1122 1098 ‘
1183 1079 1336 1152 Resp.

555 1170 726 1224 Nemo
763 1175 847 1224 est
883 1155 1001 1225 nec!
1024 1173 1501 1242 grammaticorum
1537 1183 1712 1246 neque
1747 1180 2047 1243 oratorum,

487 1265 579 1333 qui
632 1264 945 1318 meminerit
986 1279 1000 1318 :
1037 1263 1362 1320 Aristotcles
1407 1273 1608 1331 tamen,
1647 1266 1702 1320 in
1749 1267 1844 1322 illo
1885 1281 2050 1338 opere

485 1355 631 1424 quod
685 1355 907 1425 scripsit
953 1357 1029 1411 De
1078 1356 1428 1423 animalibus,
1471 1357 1755 1428 cujusdam
1797 1359 2050 1415 animalis

487 1447 758 1510 meminit,
785 1463 948 1516 quem
979 1458 1178 1503 vocant
1200 1465 1462 1519 margum,
1486 1450 1836 1520 nasciturque
1862 1465 1927 1506 ex
1953 1466 2052 1520 pu-

487 1538 721 1603 tredine,
742 1538 920 1593 media
946 1539 1354 1610 intercapedine
1377 1539 1520 1595 inter
1537 1549 1737 1596 terram
1757 1550 1812 1596 et
1831 1558 2048 1612 aquam.

485 1629 564 1682 Ex
602 1645 712 1698 quo
757 1638 940 1684 autem
974 1639 1162 1685 natum
1195 1640 1302 1697 est,
1339 1647 1449 1687 non
1485 1643 1662 1688 cessat
1705 1641 1909 1688 terram
1953 1649 2051 1689 ex-

2149 508 2212 561 τὺ
2239 509 2398 564 πλέον
2425 509 2556 580 ἔχει*
2590 510 2648 562 τὸ
2673 509 2770 579 μὲν
2801 510 2928 581 γὰρ,
2964 510 3297 577 ἐξετάζεται·
3327 509 3388 563 τὸ
3419 511 3497 581 δέ,
3523 512 3715 584 ἑορτῆς

2152 599 2248 653 καὶ
2279 602 2453 671 χαρᾶς
2479 601 2691 670 γίνεται
2719 600 2996 671 πρόξενον.

2751 873 2948 931 near.
2982 875 3108 930 NG".
3331 956 3344 960 _

2227 961 2291 1026 Τί
2319 969 2764 1042 ἐτισμολογεῖται
2790 969 3226 1042 γαστριμαργίας

2818 1085 3050 1154 Ἀπόκρ.

2221 1177 2409 1241 ῡύδεὶς
2424 1173 2549 1230 οὔτε
2570 1175 2968 1247 γραμματικῶν
2985 1173 3106 1228 οὔτε
3125 1175 3366 1246 ῥητόρων
3386 1175 3520 1246 ἐμνή
3531 1175 3718 1245 μὸνευ-

2154 1285 2264 1322 σεν.
2283 1266 2655 1338 Ἀριστοτέλης
2674 1265 2728 1318 δὲ
2749 1266 2806 1317 ἐν
2826 1263 2903 1334 τῷ
2930 1263 3064 1334 Περὶ
3085 1263 3236 1327 ζώων
3262 1265 3530 1334 μέμνηται
3553 1264 3715 1329 ζὼου,

2155 1355 2366 1431 μαργοῢ
2413 1357 2702 1427 λεγομένου
2731 1357 2849 1426 (m),
2879 1356 3015 1427 ὅπερ
3053 1357 3305 1423 γεννᾶται
3343 1356 3449 1408 ἀπὸ
3481 1357 3717 1426 σήψεως,

2155 1449 2356 1522 μεταξὺ
2377 1449 2476 1520 τῆς
2493 1449 2593 1518 γῆς
2615 1449 2709 1501 καὶ
2730 1445 2824 1499 τοῦ
2843 1445 3049 1508 ὓδατος.
3069 1444 3180 1498 Kal
3198 1438 3365 1512 ἀφ”οὗ
3383 1445 3638 1516 γεννηθῇ,
3656 1446 3717 1498 οὐ

2153 1541 2385 1595 παύεται
2408 1536 2735 1610 γηῖφαγοῦν,
2757 1537 2863 1599 ἕως
2885 1536 3233 1606 ἐκτρυπῆσαν
3255 1532 3352 1604 τὴν
3367 1532 3492 1604 γῆν,
3519 1538 3596 1598 είς
3619 1536 3716 1606 τὴν

2153 1631 2472 1700 ἐπιφάνειαν
2493 1629 2640 1700 ἔλθῃ⁹
2665 1621 2758 1682 καὶ
2777 1625 2948 1691 ἐλθὸν,
2969 1625 3190 1696 Θνήσκει
3211 1627 3356 1694 τρεῖς
3373 1625 3604 1696 ἡμέρας·
3623 1627 3717 1679 καὶ

485 1717 672 1782 edere,
705 1717 880 1773 donec
917 1718 1006 1772 illa
1039 1729 1284 1788 pertusa,
1317 1720 1382 1775 ad
1416 1721 1764 1791 superficiem
1794 1724 2048 1781 evaserit.

2158 1725 2294 1794 μετὰ
2314 1724 2460 1793 τρεῖς
2480 1720 2690 1792 ἡμέρας
2719 1719 2936 1789 ἔρχεται
2965 1717 3124 1786 νέφος
3153 1717 3373 1788 βροχῆς,
3403 1717 3497 1769 καὶ
3532 1715 3715 1786 βρέχει

485 1805 544 1861 ln
585 1823 748 1876 quam
780 1808 1037 1878 ejectum,
1076 1809 1260 1864 triduo
1290 1811 1554 1879 moritur;
1596 1815 1910 1885 exactisque
1949 1816 2051 1870 tri-

2153 1815 2338 1870 ἐπάνω
2367 1811 2551 1875 αὐτοῦ,
2574 1813 2670 1866 καὶ
2699 1810 2868 1879 ὰναζῇ
2909 1807 3103 1880 μηκέτι
3133 1808 3392 1876 ἀειφάγον
3409 1807 3488 1859 δν.
3519 1807 3626 1859 Kal
3655 1808 3718 1861 ἐκ

487 1895 592 1950 bus
643 1897 860 1963 diebus,
900 1908 1223 1970 aspergente
1276 1902 1422 1958 nube
1479 1918 1714 1972 aquosa,
1759 1921 1824 1961 ac
1874 1907 2051 1977 ipsum

2158 1905 2340 1961 τούτου
2369 1899 2522 1974 οἶμαι
2555 1902 2681 1964 τοὺς
2705 1900 2964 1971 ἀρχαίους
3001 1896 3320 1967 φιλοσόφους
3360 1897 3716 1968 ὁρμηθέντας,

486 1988 858 2057 compluente,
891 1989 1055 2043 vitam
1091 1991 1342 2056 resumit,
1367 2007 1473 2048 nec
1499 2008 1564 2048 ea
1593 1995 1892 2052 voracitate
1917 2013 2052 2052 con.-

488 2077 702 2132 tinu‘um
750 2078 986 2133 exsistit.
1032 2080 1216 2149 anue
1251 2090 1386 2151 puto
1426 2080 1682 2139 inductos
1716 2086 1928 2142 ratione
1962 2103 2056 2143 ves-

487 2175 632 2220 teres
665 2168 1041 2237 phiIOSOpbos,
1072 2185 1169 2225 eos
1191 2172 1284 2240 qui
1315 2173 1454 2242 gulae
1481 2172 1654 2228 dediti
1688 2174 1819 2242 sint,
1843 2175 2053 2233 Gastri‘a

486 2274 706 2328 margos
739 2275 984 2316 vocasse.
1013 2263 1199 2318 Potest
1229 2279 1360 2319 vero
1395 2265 1518 2334 quis
1558 2266 1646 2336 pie
1681 2269 2052 2336 considerare,

485 2351 580 2420 qui
631 2367 695 2406 ea
741 2368 862 2422 quae
905 2353 1051 2408 dicta
1100 2362 1261 2419 sunt,
1309 2355 1545 2425 spiritali
1585 2359 2056 2430 contemplatione

486 2442 706 2496 noverit
752 2442 1126 2513 interpretari.
1177 2443 1454 2516 Quidquid
1496 2447 1762 2504 vitiorum
1795 2459 1879 2506 est
1919 2451 2056 2507 affe-

487 2525 698 2597 ctuum,
731 2547 796 2588 ex
824 2534 1112 2604 putredine
1144 2537 1291 2591 nasci
1318 2537 1561 2607 proclive
1587 2546 1701 2606 est;
1732 2550 2054 2612 natumque,

485 2631 768 2679 auctorem
801 2625 1049 2680 animum
1082 2626 1311 2680 vorandi
1340 2628 1552 2683 nullum
1583 2628 1748 2685 ﬁnem
1782 2631 1932 2700 facit,
1961 2633 2057 2690 do-

487 2729 590 2770 nec
635 2730 733 2786 per
775 2715 1018 2773 scientia:
1048 2702 1325 2786 habitum,
1351 2717 1413 2775 in
1444 2728 1695 2792 apertum
1722 2723 2057 2794 productum

485 2808 776 2864 exstiterit.
822 2809 913 2864 Sic
952 2818 1136 2866 autem
1169 2810 1226 2866 in
1263 2820 1515 2882 apertum
1547 2815 1875 2884 productum
1899 2857 1916 2885 ,
1951 2819 2058 2874 tri-

485 2896 592 2954 bus
640 2900 808 2955 animi
847 2901 1198 2958 facultatibus
1247 2905 1498 2960 moritur.
1531 2906 1701 2978 Inque
1753 2907 1901 2966 hunc
1939 2925 2059 2965 mo-

486 2989 616 3044 dum
660 2990 829 3046 divini
869 2992 1105 3062 Spiritus
1139 2993 1329 3064 gratia,
1363 2996 1515 3051 velut
1558 3013 1658 3067 per
1695 2999 1922 3066 nubem,
1957 3016 2058 3071 per

2151 1998 2278 2060 τοὺς
2305 1995 2648 2063 πολυφάγους
2684 1989 3129 2061 γαστριμάργους
3161 1987 3515 2042 ἀποκαλέσαι.
3548 1987 3719 2040 Δύνα-

2152 2106 2243 2144 ται
2274 2087 2332 2142 δέ
2357 2103 2440 2150 τις
2479 2082 2718 2146 εὐσεϐῶς
2743 2084 2856 2146 τοῖς
2883 2077 3034 2135 οὖσιν
3063 2080 3372 2134 ἐπιϐάλλειν
3416 2079 3593 2144 εἰδὼς,
3628 2079 3722 2132 καὶ

2153 2179 2294 2234 κατὰ
2331 2175 2705 2246 πνευματικὴν
2743 2171 2974 2244 Θεωρίαν
3020 2171 3270 2225 ἐκλαϐεῖν
3322 2171 3392 2223 τὰ
3437 2171 3720 2240 εἰρημένα.

2153 2271 2270 2323 Πᾶν
2298 2267 2406 2339 γὰρ
2432 2266 2600 2328 πάθος
2633 2263 2742 2318 ἀπὸ
2774 2261 2988 2333 σήψεως
3023 2261 3316 2330 γεννᾶσθαι
3363 2261 3590 2330 πέφυκε·
3629 2262 3721 2314 καὶ

2155 2359 2371 2415 ἐπειδὰν
2399 2355 2655 2428 γεννηθῇ,
2685 2353 2752 2408 οὗ
2768 2353 2997 2408 παύεται
3024 2351 3199 2406 ἐσθίον
3224 2352 3321 2422 τὴν
3342 2353 3721 2422 ὐποστήσασαν

2155 2448 2286 2502 αὐτὸ
2315 2445 2562 2518 καρδίαν,
2601 2444 2706 2507 ἕως
2732 2441 2803 2496 ἂν
2839 2440 2927 2494 διὰ
2966 2443 3065 2511 τῆς
3093 2441 3397 2510 γνωστικῆς
3429 2440 3595 2505 ἕξεως
3641 2442 3724 2505 είς

2157 2539 2462 2610 φανέρωσιν
2490 2538 2640 2609 ἔλθῃ.
2665 2537 2776 2590 Kal
2811 2535 2964 2589 ἐλθὸν
2987 2535 3212 2604 θνήσκει
3242 2536 3362 2598 ταῖς
3395 2535 3540 2606 τρισὶ
3565 2535 3724 2589 δυνά-

2159 2649 2284 2704 μεσι
2309 2632 2409 2702 τῆς
2437 2629 2634 2700 ψυχῆς.
2665 2627 2774 2682 Kal
2810 2625 2980 2688 οὕτως
3005 2627 3037 2694 ἡ
3067 2624 3226 2694 χάρις
3259 2624 3351 2677 τοῦ
3388 2625 3722 2696 Πνεύματος,

2156 2725 2232 2789 ὡς
2269 2723 2358 2779 διὰ
2401 2722 2596 2791 νέφους
2632 2721 2731 2791 τῆς
2771 2717 3116 2781 διδασκαλίας
3147 2719 3490 2786 ἐπιφανεῖσα,
3522 2717 3725 2772 σταλα-

2156 2814 2330 2887 γμοὺς
2360 2811 2544 2866 δίδωσι
2591 2809 2864 2878 γνώσεως,
2896 2807 2994 2860 καὶ
3037 2806 3305 2871 ζωοποιεῖ·
3349 2807 3410 2860 οὐ
3459 2809 3601 2862 κατὰ
3627 2808 3725 2879 τὴν

2157 2909 2428 2982 προτέραν
2456 2901 2682 2977 ἐμπαθῆ
2710 2901 2870 2973 ζωήν·
2895 2898 3032 2955 ἀλλὰ
3053 2900 3203 2956 αατὰ
3227 2902 3326 2973 τὴν
3353 2902 3606 2974 ἐνάρετον
3630 2902 3726 2956 καὶ

2157 2999 2274 3070 Θεῷ
2303 2995 2533 3052 οἰκείαν.

487 3075 789 3136 doctrinam
826 3085 910 3138 sui
937 3085 1146 3153 c0piam
1189 3084 1348 3155 323
1397 3086 1621 3154 faciens,
1671 3089 1916 3147 scientias
1949 3091 2351 3166 stillaspraebet,
2391 3103 2457 3142 ac
2484 3086 2652 3142 vitam
2685 3081 2912 3149 tribuit;
2944 3092 3056 3137 non
3094 3096 3194 3152 pro
3229 3081 3433 3153 prioris
3468 3081 3620 3138 illius
3656 3093 3722 3139 ac

486 3170 792 3230 libidinosas
821 3175 944 3230 vita:
977 3180 1208 3242 ratione,
1243 3179 1337 3232 sed
1375 3179 1675 3236 virtutibus
1697 3180 1888 3238 fultam
1923 3186 2143 3258 Deoque
2179 3181 2484 3257 propriam.

1049 3289 1324 3344 INTERR.
1366 3290 1478 3344 LX.

557 3377 694 3445 Quid
753 3380 850 3434 sibi
897 3379 1008 3434 vult
1054 3380 1310 3450 parabola
1368 3384 1733 3452 Operariorum
1784 3387 1839 3440 in
1895 3389 2060 3443 vinea

487 3468 751 3522 culturam
793 3471 845 3522 in
885 3469 1171 3540 Evangelia
1223 3470 1594 3525 conductorum
1633 3473 1710 3539 ⁶⁸;
1763 3489 1937 3544 qurere
1982 3477 2062 3530 in-

485 3561 766 3634 wqualitas
785 3562 810 3614 ?

1185 3674 1340 3745 Resp.

561 3765 656 3819 Dei
695 3765 964 3836 judicium
996 3780 1105 3819 non
1140 3781 1238 3835 pro
1276 3765 1537 3836 temporis
1576 3767 1926 3838 corporisque
1971 3785 2060 3823 ra-

494 3854 644 3909 tione
682 3855 929 3926 ge'ritur;
971 3857 1117 3926 quod
1156 3865 1212 3911 et
1256 3858 1433 3912 anima
1466 3860 1728 3928 temporis
1761 3877 1955 3930 expers
1991 3862 2064 3916 sit

491 3957 550 4003 et
583 3948 942 4017 incorporea;
987 3957 1256 4017 quatenus
1294 3949 1505 4004 scilicet
1547 3966 1657 4004 non
1695 3966 1761 4004 ex
1801 3953 2063 4020 temporis

492 4039 802 4094 rationibus
847 4045 1197 4108 augmentum
1250 4038 1382 4093 facit
1427 4040 1702 4110 ﬁnemque
1747 4042 1919 4110 capit;
1964 4043 2060 4097 sed

491 4130 611 4185 sine
640 4140 884 4200 tempore
913 4131 1140 4186 allectus
1183 4141 1471 4201 motusque
1502 4147 1631 4186 suos
1670 4133 1798 4203 agit.
1834 4134 2062 4189 Prmstat

491 4235 554 4274 ea
577 4236 698 4289 qtue
715 4219 948 4274 dicimus
964 4222 1212 4290 exemplo
1240 4221 1533 4275 illustrare.
1562 4220 1841 4292 Contingit
1864 4223 2062 4292 saepius

491 4308 835 4378 quempiam.
887 4325 1058 4364 annos
1102 4309 1442 4380 septuaginta
1483 4311 1810 4364 monachum
1848 4311 2058 4381 egisse;

490 4397 656 4450 alium
703 4395 820 4450 dies
861 4413 970 4451 non
1017 4398 1200 4467 plures
1249 4409 1356 4451 uno
1395 4397 1538 4452 idem
1575 4398 1887 4454 institutum
1919 4414 2061 4456 'con-

491 4494 757 4540 sectatum
786 4501 926 4542 esse.
958 4486 1095 4553 Quia
1130 4503 1261 4542 vero
1293 4487 1349 4542 in
1380 4500 1448 4543 eo
1487 4488 1698 4557 positus
1737 4489 1861 4544 finis
1899 4491 2059 4546 insti-

493 4573 597 4629 tuti
631 4581 735 4639 cst,
772 4581 834 4627 ut
873 4575 992 4640 ejus
1037 4574 1238 4640 cultor,
1281 4589 1312 4629 a
1360 4583 1705 4632 terrenarum
1747 4577 1954 4633 affectu
1995 4593 2059 4634 ac

561 4760 608 4793 ⁸³
638 4759 826 4816 Matth.
858 4759 1007 4824 xx,l.

491 4915 692 4972 Catena
745 4916 912 4985 aliqui
968 4915 1158 4970 Patres
1207 4924 1522 4985 exponunt,
1575 4922 1632 4968 et
1682 4911 1836 4985 Suid.
1873 4912 2058 4985 μόριόν

491 4933 692 4972 υοιειιο
745 4933 814 4971 an
858 4933 912 4970 ιιι
970 4933 1158 4970 ratres
1207 4933 1522 4985 exponunt,
1575 4933 1632 4968 et
1682 4933 1836 4969 bum.
1873 4933 2058 4985 μοριον

491 4987 800 5064 τμηγετιιιιι
821 4933 1334 5064 (licecjustoplura;
1367 4985 1512 5064 quod
1542 4999 1664 5064 non.
1682 4983 1773 5037 hic
1802 4983 1907 5064 loci
1960 4985 2064 5039 Da-

493 5056 705 5110 vidicos
744 5056 1010 5121 Psalmos,
1036 5055 1130 5109 sed
1156 5055 1427 5124 praecipue
1450 5055 1667 5108 Maximi
1699 5061 1939 5108 mentem
1971 5069 2064 5109 ex-

533 5141 774 5180 ommus.

495 5140 906 5264 pogiulii‘ii‘ibros
918 5194 1265 5265 λεγομένου.
1295 5191 1526 5265 Perinde
1546 5192 1848 5265 Etymolog.
1869 5192 2063 5248 iisdem

533 5263 866 5326 cne'verbis,
900 5265 984 5318 vel
1019 5264 1132 5333 ipse
1158 5279 1188 5317 a
1213 5263 1444 5316 Maximo
1475 5263 1776 5333 mutuatus,
1804 5263 1900 5318 'vel
1946 5279 2064 5333 am-

533 5278 635 5318 cne
663 5278 866 5326 verbis,
900 5278 984 5318 vel
1019 5279 1132 5333 Ipse
1158 5279 1188 5317 a
1213 5278 1444 5316 maxumo
1475 5278 1776 5328 mutuatus,
1815 5278 1900 5318 vel
1946 5279 2064 5316 am-

493 5278 568 5387 ΕΟ
597 5333 667 5388 ab
689 5334 873 5401 aliquo
899 5334 1204 5402 superiore.
1255 5333 1349 5402 qui
1373 5340 1430 5386 et
1474 5332 1659 5387 fucum
1687 5333 1898 5389 fecerit.
1958 5332 2066 5402 Res

498 5411 648 5456 certe
701 5414 854 5456 extra
893 5401 1112 5455 omnem
1150 5401 1332 5465 fidem,
1390 5416 1452 5455 ac
1505 5403 1663 5472 cujus
1711 5401 2059 5466 Aristoteles,

495 5472 725 5540 perinde
755 5489 819 5526 ac
851 5472 963 5533 alii,
1002 5472 1140 5526 nihil
1169 5473 1517 5542 meminerit:
1538 5488 1660 5526 cum
1689 5473 1893 5542 alioqui
1914 5472 2057 5526 clara

495 5542 570 5621 sit
593 5542 747 5596 vocis
769 5542 1114 5622 etymologia,
1139 5541 1405 5622 nihilque
1444 5541 1638 5622 doctos
1676 5541 1895 5622 utr‘avis.
1932 5555 2061 5611 pars

497 5609 1054 5694 giuscqmpo'sitionis
1077 5612 1263 5694 lateat,
1291 5609 1370 5675 τι),
1396 5610 1626 5694 γαστὴρ,
1654 5621 1711 5665 et
1728 5611 1810 5676 τὸ,
1829 5609 2056 5694 μαργος.

497 5674 662 5734 Suid.
691 5674 924 5754 Μᾶργης
950 5682 1044 5735 καὶ
1077 5682 1306 5752 μάργος,
1340 5674 1658 5749 μαινόμενος
1685 5695 1700 5712 ο
1765 5674 1858 5735 καὶ
1889 5674 2064 5750 ὅπερ·

2794 3290 2987 3344 ΕΡΩΤ.
3023 3288 3099 3344 Ξ’.

2237 3388 2333 3454 Τίς
2373 3385 2412 3454 ἠ
2446 3381 2756 3452 παραϐολὴ
2783 3380 2901 3434 τῶν
2929 3381 3000 3434 ἐν
3039 3375 3118 3446 τῷ
3142 3379 3483 3449 Εὑατγελίῳ
3504 3380 3727 3447 μισθω-

2161 3479 2384 3536 θέντων
2419 3473 2682 3546 ἐργατῶν
2704 3474 2793 3540 είς
2814 3473 2924 3527 τὸν
2944 3470 3268 3542 ἀμπελῶνα
3283 3487 3304 3537 ;
3321 3471 3418 3525 καί
3443 3471 3533 3537 τίς
3557 3472 3595 3540 ἠ
3619 3470 3728 3525 dr-

2161 3570 2370 3636 ισότης
2386 3583 2409 3633 ς

2830 3662 3064 3740 Ἅπόκρ.

2224 3757 2304 3822 ’Ἥ
2334 3765 2427 3820 τοῦ
2449 3763 2584 3818 Θεοῦ
2617 3762 2824 3833 κρίσις,
2847 3761 2907 3814 οὐ
2937 3761 3079 3814 κατὰ
3109 3759 3298 3832 χρόνον
3329 3753 3424 3814 καὶ
3452 3759 3610 3830 σῶμα
3640 3759 3729 3827 γί-

2159 3877 2329 3925 νεται,
2357 3857 2492 3912 διότι
2516 3855 2610 3909 καὶ
2646 3856 2678 3924 ὴ
2703 3853 2850 3924 ψυχὴ
2873 3851 3100 3923 ἄχρονος
3127 3852 3222 3905 καὶ
3253 3851 3540 3921 ἀσώματος
3572 3845 3724 3912 οὖσα,

2159 3951 2246 4005 διὰ
2265 3951 2327 4004 τὸ
2352 3948 2422 4020 μὴ
2461 3949 2600 4002 κατὰ
2632 3945 2820 4017 χρόνον
2847 3943 2948 4012 τὴν
2977 3941 3202 4011 αὔξησιν
3235 3941 3324 3994 καὶ
3352 3941 3412 3993 τὸ
3436 3941 3608 4010 πέρας
3635 3939 3724 3992 δέ-

2159 4040 2388 4113 χεσθαι,
2435 4036 2680 4106 ἅχρόνως
2733 4033 2791 4087 δέ
2841 4033 2942 4097 τὰς
2986 4033 3225 4102 κινήσεις
3276 4030 3374 4098 τῆς
3434 4030 3727 4093 διαθέσεως

2162 4129 2453 4185 ποιεῖσθαι.
2499 4125 2680 4180 Καλὸν
2707 4124 2766 4178 δὲ
2809 4124 2867 4177 ἐν
2895 4122 3249 4192 ὑποδείγματι
3288 4120 3615 4191 διασαφῆσαι
3658 4119 3731 4173 τὰ

2158 4221 2446 4291 λεγόμενα.
2489 4216 2757 4279 Πολλάκις
2801 4214 2915 4268 ἔστι
2975 4231 3060 4277 τις
3112 4212 3480 4283 ἐϐδομήκοντα
3506 4209 3734 4281 χρόνους

2159 4313 2296 4384 ἔχων
2336 4313 2394 4365 ἐν
2433 4307 2512 4379 τῷ
2554 4307 2778 4378 μονήρει
2821 4305 2940 4376 βίῳ⁹
2978 4305 3137 4368 ἄλλος
3181 4304 3260 4371 δὲ,
3312 4303 3442 4374 μίαν
3497 4301 3732 4373 ἡμέραν.

2171 4400 2389 4471 Ἐπειδὴ
2436 4393 2492 4452 δὲ
2535 4400 2563 4452 ὁ
2603 4397 2698 4450 τοῦ
2742 4395 3160 4464 ἐπαγγέλματος
3202 4393 3406 4457 σκοπός
3451 4393 3621 4457 ἐστιν,
3650 4392 3737 4446 ῖνα

2159 4495 2256 4566 τῆς
2279 4482 2417 4557 πρὸς
2440 4490 2509 4543 τὰ
2533 4487 2694 4543 ama
2718 4486 3094 4560 προσπαθείας
3114 4486 3210 4540 καὶ
3232 4486 3470 4556 σχέσεως
3493 4485 3738 4538 ἁνασπὰο

2087 4637 2134 4694 D
2163 4603 2263 4650 σας
2287 4583 2386 4657 τὴν
2411 4581 2610 4654 ψυχὴν,
2637 4580 2769 4654 ὃλην
2800 4577 3102 4652 μετενέγκῃ
3125 4577 3262 4650 πρὸς
3287 4577 3381 4632 τὸν
3401 4576 3564 4632 Θεόνο
3589 4577 3619 4630 ὁ
3643 4571 3738 4631 οὖν

2169 4916 2532 4988 μαργότερος,
2569 4917 2600 4972 ὁ
2631 4910 3107 4988 ὕπερμαινὸμενος
3134 4929 3148 4946 ·
3175 4910 3735 4988 καὶλγαστρίμαργος,

2165 4975 2194 5039 ὃ
2225 4975 2350 5064 έερι
2382 4975 2756 5064 τὴνῖγαστέρσῖ
2779 4975 3055 5064 μεμηνώς.
3079 4975 3357 5064 Ρρητριιί
3386 4975 3737 5064 οἱῂσίιιζί

2168 5052 2306 5110 trcni
2330 5052 2549 5110 insanit.
2575 5052 2987 5110 Insdne've'ntris
3018 5055 3254 5125 rapiendi
3290 5054 3572 5125 cupiditati
3596 5052 3737 5125 dedi-

2171 5134 2274 5201 t_us.
2299 5127 2555 5201 N_um_et_
2580 5122 3222 5201 Aristoteli‘obrepserit2
3259 5123 3456 5201 ut__ista
3485 5122 3730 5201 fabulosa

2171 5195 2596 5273 animalculo
2629 5196 2734 5273 hoc
2771 5192 3092 5273 scripserit,
3133 5195 3224 5273 _vel
3271 5193 3360 5273 alii
3415 5192 3735 5273 QQItflx-erinl.

2171 5264 2358 5340 illique
2383 5263 2978 5340 ascripserintquzelita
3015 5263 3244 5318 forsitan
3287 5263 3736 5340 sinlplicitateugt

2169 5327 2476 5412 mendacio2
2501 5327 2582 5412 u'ti
2625 5335 2692 5388 de‘
2714 5327 2998 5412 Plimnicq
3028 5348 3128 5412 ave
3173 5327 3474 5412 ostendunt
3515 5327 3734 5412 eruditi2

2172 5393 2399 5478 ipseque
2429 5393 2695 5478 Maximus
2727 5403 3000 5478 Epist._ad
3032 5405 3266 5478 Petrum
3319 5401 3606 5478 illnstrem,
3634 5393 3739 5478 ubi

2167 5469 2498 5550 §§.Iji9_magis_
2509 5475 2762 5550 dogmata
2775 5469 2974 5550 :tradit,
2993 5472 3202 5550 credita
3225 5471 3353 5536 sint,
3367 5471 3458 5550 alii
3480 5469 3740 5550 viderint.

2166 5541 2297 5597 Mihi
2334 5539 2443 5598 non
2468 5539 2723 5612 displicet
2751 5542 2832 5597 sic
2863 5542 3075 5612 opinari
3098 5559 3112 5606 ;
3142 5555 3325 5611 eoque
3350 5539 3492 5612 vulgi
3517 5546 3746 5606 arrepto

2166 5621 2497 5683 commento.
2540 5609 2600 5683 in
2617 5629 2685 5667 eo
2701 5609 2994 5668 Maximum
3017 5627 3130 5667 non
3157 5609 3524 5683 spérnendam
3551 5618 3748 5679 tropo-

2164 5681 2362 5752 logiam
2391 5681 2718 5738 instituisse.
