4134 6192
387 219 493 283 833

1563 216 2051 289 QUESTIONES
2088 217 2182 279 ET
2222 218 2475 280 DUBIA.

3520 222 3625 289 884

385 328 758 400 ἑϐδομήκοντα
794 326 887 396 ἔτη
924 326 1082 398 ἔχων,
1119 326 1229 380 οὐδ’
1257 326 1391 389 ὅλως
1426 328 1551 397 περί
1578 329 1677 397 τῆς
1703 328 1950 398 τοιαύτης

2060 328 2288 384 libidine
2318 338 2603 383 avocatum
2631 341 2847 382 omnem
2874 328 3139 391 animum,
3172 329 3226 383 in
3262 329 3427 385 Deum
3455 340 3629 389 trans-

381 422 650 484 ἀπαθείας
686 421 1028 490 μεριμνήσας
1057 418 1420 487 ἐτελεύτησεν·
1445 421 1473 471 ὁ
1502 419 1556 470 δὲ
1584 420 1712 489 μίαν
1742 419 1953 489 ἡμέραν

383 518 543 589 ἔχων,
580 519 759 569 πᾶσαν
787 514 951 568 αὐτοῦ
981 516 1075 585 τὴν
1122 515 1255 584 πρὸς
1294 515 1361 568 τὰ
1393 514 1552 567 ὐλικὰ
1585 514 1807 583 ἐμπαθῆ
1842 514 1955 568 διά-

380 626 528 662 νοιαν
555 594 895 672 ἀνασπάσας,
931 607 1058 675 ὃλην
1098 623 1155 658 τε
1188 606 1263 676 τῷ
1301 605 1419 675 Θεῷ
1454 605 1805 672 ὲγκολπώσας
1842 606 1956 658 ἐτε-

381 700 599 770 λειώθη.
644 700 731 751 Ἐν
768 700 833 767 τῇ
880 693 971 750 οὖν
1001 698 1256 767 γινομένῃ
1286 700 1342 749 ἐν
1386 700 1451 767 τῇ
1483 696 1663 766 κρίσει
1702 696 1951 767 διανομῇ,

379 792 409 842 ὁ
468 791 564 859 μὲν
616 788 781 855 ἀξίως
825 790 916 841 τὸν
978 790 1166 858 μισθὸν
1218 787 1608 857 λαμϐάνει,ὠς
1655 788 1733 849 εἰς
1782 788 1953 857 πέρας

380 879 469 931 τὸν
501 878 699 931 σκοπὸν
722 877 813 929 τοῦ
842 878 1255 947 ἐπαγγέλματος
1276 876 1519 945 ἀγαγὼνο
1546 880 1573 929 ὀ
1599 876 1652 929 δὲ
1685 878 1824 929 κατὰ
1858 878 1953 947 χά·

385 987 489 1039 ριν,
525 969 619 1022 καὶ
655 968 812 1037 μόνον
848 968 985 1038 ὑπὲρ
1022 962 1080 1023 οὗ
1119 968 1207 1021 τὸν
1238 968 1335 1038 τῆς
1373 968 1656 1037 ἀσκήσεως
1690 968 1949 1037 ὑπέμεινε

382 1059 570 1114 κόπον.

2060 420 2231 486 ferat;
2278 420 2435 488 isque
2479 419 2650 482 adeo,
2702 420 2794 488 qui
2846 435 3019 473 annos
3062 422 3403 491 septuaginta
3444 425 3626 487 habet,
3718 486 3733 493 _

2060 510 2206 564 diem
2236 511 2393 573 obiit,
2429 526 2551 563 cum
2579 525 2699 563 eam
2730 510 2970 564 nancisci
3011 512 3462 580 tranquillitatem
3496 516 3631 569 nihil

2060 601 2221 660 anxie
2265 601 2573 665 curaverit;
2616 600 2662 653 is
2703 616 2855 664 vero,
2901 602 2993 669 qui
3040 618 3206 655 unum
3258 603 3422 657 habet
3462 606 3627 668 diem,

2060 708 2280 748 omnem
2324 692 2491 745 animi
2536 694 2827 762 cogitatum
2877 708 2907 746 a
2952 701 3168 748 terrena
3209 696 3531 749 abstrahens
3562 699 3629 750 li-

2060 790 2268 854 bidine,
2311 789 2476 858 inque
2510 789 2623 842 Deo
2667 789 2963 853 eollocans,
3012 790 3081 843 ita
3121 790 3343 844 demum
3378 806 3632 845 consum-

2060 890 2241 935 matus
2278 880 2350 934 sit
2379 898 2391 932 :
2419 880 2478 933 (it
2518 880 2676 949 plane
2719 890 2780 933 ut
2812 880 2867 932 in
2896 880 3126 949 judicio,
3161 879 3343 934 futura
3376 884 3629 950 praunio-

2058 988 2183 1025 rum
2228 972 2648 1034 distributione,
2702 972 2790 1026 hic
2838 972 3058 1040 quidem
3109 972 3268 1041 digne
3319 974 3629 1026 mercedem

2058 1062 2292 1131 accipiat
2324 1061 2602 1133 (tanquam
2641 1062 2851 1115 scilicet
2878 1063 2971 1130 qui
3005 1062 3071 1115 ad
3109 1062 3441 1117 destinatum
3470 1062 3629 1116 insti-

382 1153 484 1205 tuti
528 1152 691 1205 ﬁnem
723 1149 827 1204 rite
869 1157 1165 1218 provectus
1194 1147 1309 1219 sit),
1354 1148 1445 1203 ille
1486 1163 1615 1202 vero
1660 1148 1962 1203 secundum
2003 1150 2421 1221 indulgentiam,
2461 1166 2525 1205 ac
2566 1166 2632 1204 eo
2664 1150 2926 1205 duntaxat
2977 1153 3220 1217 nomine,
3250 1153 3396 1222 quod
3466 1168 3627 1206 exer-

388 1242 664 1296 citationis
684 1240 930 1295 laborem
957 1239 1252 1295 sanctioris
1275 1239 1511 1295 instituti
1530 1241 1783 1310 paltestra
1802 1240 2147 1296 sustinuerit.

990 1330 1187 1383 ΕΡΩΤ.
1219 1329 1340 1383 EA’.

456 1424 625 1487 Τίνος
651 1421 826 1491 χάριν
845 1421 996 1490 μετὰ
1027 1420 1172 1474 δέκα
1203 1421 1424 1490 ἡμέρας
1450 1423 1559 1490 τῆς
1596 1422 1954 1491 ἀναλήψεως

381 1512 488 1567 τοῦ
515 1513 756 1581 Κυρίου,
790 1512 854 1566 τὸ
888 1513 1131 1581 Πνεῦμα
1160 1514 1479 1582 κατῆλθεν.

1056 1628 1281 1695 Ἄπόκρ.

454 1740 586 1792 Φασί
611 1757 752 1804 τινες
776 1740 883 1794 τῶν
910 1741 974 1794 τὰ
1000 1740 1118 1794 Θεῖα
1153 1741 1617 1811 πεπαιδευμένων,
1650 1742 1729 1795 ὃτι
1766 1740 1952 1812 ἐπειδὴ

385 1832 543 1885 ἐννέα
569 1832 751 1895 τάξεις
777 1833 918 1888 κατὰ
940 1833 1032 1885 τὸν
1056 1833 1332 1886 Διονύσιον
1357 1833 1447 1886 τὸν
1484 1834 1875 1905 Ἀρεοπαγίτην
1898 1834 1953 1886 αἱ

384 1922 674 1990 ἀγγελικαὶ
693 1924 952 1994 δυνάμεις
981 1925 1138 1987 εἰσιν,
1170 1924 1334 1977 ἀνιὼν
1366 1924 1504 1977 κατὰ
1532 1926 1593 1976 τὸ
1616 1924 1953 1995 ἀνθρώπινον

382 2014 411 2066 ό
434 2012 636 2083 Κύριος
670 2014 833 2083 (κατὰ
862 2014 970 2083 γὰρ
1004 2014 1065 2066 τὸ
1095 2013 1234 2066 οεῖον
1262 2014 1437 2068 πάντα
1470 2014 1707 2083 πληροῖ),
1740 2015 1953 2083 ἑκάστῳ

382 2102 624 2172 τάγματι
672 2103 800 2173 μίαν
837 2104 1051 2174 ἡμέραν
1088 2105 1401 2173 ἀπένειμεν,
1442 2106 1550 2158 ἀπὸ
1588 2106 1687 2174 τῆς
1720 2104 1953 2174 ἐσχάτης

383 2192 492 2256 ἓως
517 2196 616 2259 τῆς
644 2193 979 2256 τελευταίας.
1024 2192 1259 2245 Ἐδέοντο
1291 2194 1399 2263 γὰρ
1423 2196 1515 2247 καὶ⁵
1541 2188 1697 2247 αὗται
1728 2195 1827 2263 τῆς
1858 2194 1951 2247 τοῦ

385 2284 592 2354 Κυρίου
619 2284 749 2353 πρὸς
762 2284 928 2347 αὐτὰς
943 2284 1249 2354 ἐπιδημίας.
1270 2287 1363 2337 Ἐν
1382 2283 1540 2349 αὐτῷ
1556 2286 1683 2355 γὰρ,
1703 2285 1842 2338 κατὰ
1862 2285 1953 2337 τὸν

396 2375 740 2437 ’Δπόστολον,
777 2375 1284 2444 άνεκεςραλαιώθη,
1316 2377 1387 2428 οὐ
1410 2379 1600 2444 μόνον
1630 2376 1701 2430 τὰ
1718 2376 1814 2428 ἐπὶ
1843 2374 1951 2444 τῆς

383 2461 516 2531 τῆς,
548 2464 708 2517 ἀλλὰ
736 2465 831 2517 καὶ
874 2465 945 2518 τὰ
971 2466 1039 2517 ἐν
1070 2464 1321 2532 οὐρανῷ·
1356 2466 1449 2517 καὶ
1489 2466 1624 2535 μετὰ
1672 2466 1827 2519 τοῦτο
1869 2470 1953 2521 ὲν·

384 2556 644 2628 εφανίσθη
674 2557 752 2626 τῷ
778 2557 895 2627 Θεῴ
935 2558 1028 2611 καὶ
1054 2559 1246 2627 Πατρί’
1284 2558 1376 2609 καὶ
1414 2558 1587 2620 οὔτως
1622 2558 1681 2609 τὸ
1730 2558 1952 2628 Πνεῦμα

385 2650 619 2705 κάτεισι.
679 2652 834 2704 Ἔστι
890 2651 944 2703 δὲ
999 2651 1269 2721 Θεωρῆσαι
1323 2650 1384 2703 τὸ
1449 2650 1804 2721 προκείμενον
1860 2654 1954 2705 καὶ

386 2746 505 2797 κατ’
533 2744 688 2798 ἄλλον
716 2745 946 2816 Θεωρίας
979 2746 1198 2815 τρόπον.
1244 2745 1461 2814 Ἐπειδὴ
1488 2746 1597 2813 γὰρ
1636 2748 1663 2797 ό
1692 2744 1784 2798 τοῦ
1817 2746 1951 2798 Θεοῦ

383 2836 576 2904 Λόγος,
601 2837 658 2889 ἐν
684 2839 803 2900 ταῖς
830 2837 992 2890 αὑτοῦ
1019 2838 1149 2889 δέκα
1173 2837 1409 2899 ἐντολαῖς
1433 2838 1822 2906 ὲγκέκρυπταιο
1857 2855 1954 2891 σω⁹

388 2926 648 2996 ματοῦται
692 2928 747 2980 δὲ
777 2930 833 2981 ὲν
864 2930 1011 2999 ἡμῖν,
1052 2928 1497 2996 συγκαταϐαίνων
1536 2930 1664 2998 ἡμῖν
1708 2929 1795 2981 διὰ
1850 2930 1947 2998 τῆς

308 3062 315 3068 -
385 3021 656 3093 πράξεως·
690 3018 845 3084 αὖθίς
892 3041 949 3076 τε
989 3024 1177 3091 ἀνάγει
1231 3024 1375 3095 ἡμᾶς
1414 3023 1502 3077 διὰ
1539 3026 1637 3092 τῆς
1674 3020 1948 3090 γνώσεως,

386 3113 537 3183 ὑψῶν
576 3117 724 3184 ἡμᾶς
756 3116 945 3185 μέχρις
978 3116 1289 3185 ἀνέλθωμεν
1330 3117 1407 3179 είς
1436 3114 1534 3184 τὴν
1561 3116 1778 3168 πάντων
1812 3116 1949 3183 ὑψη-

384 3206 608 3275 λοτέραν
638 3207 744 3260 τῶν
774 3188 1021 3270 ἐντολῶν,
1055 3207 1155 3278 τὴν
1178 3208 1457 3276 λέγουσαν,
1505 3208 1716 3275 Κύριος
1744 3210 1775 3261 ό
1809 3210 1952 3273 Θεός

383 3312 526 3362 σου,
580 3300 794 3367 Κύριος
834 3294 921 3365 εἷς
956 3301 1145 3353 ἐστιν’
1194 3302 1281 3353 ὅτε
1325 3300 1453 3369 γοῦν
1504 3302 1567 3354 ἐκ
1597 3303 1809 3354 πάντων
1843 3302 1949 3368 ἀφ-

385 3391 548 3455 εθεὶς,
578 3392 776 3461 μᾶλλον
806 3393 882 3456 δὲ,
914 3393 1091 3445 πάντα
1136 3393 1294 3461 ἀφεὶς
1337 3393 1661 3462 όνὴμέτερος
1697 3392 1842 3456 νοῦς,
1872 3395 1951 3455 εἰς

384 3483 548 3537 αὐτὸν
574 3483 663 3536 τὸν
692 3484 823 3537 Θεὸν
852 3483 1152 3555 καταλήξῃ,
1178 3483 1297 3535 τότε
1324 3485 1419 3546 τὰς
1448 3484 1677 3555 πυρίνας
1702 3484 1949 3552 γλώσσας

385 3574 621 3646 δέχεται,
648 3575 777 3639 Θεὸς
811 3576 951 3629 κατὰ
979 3576 1138 3645 χάριν
1165 3576 1459 3645 γινόμενος.

1000 3749 1194 3801 ΕΡΩΤ.
1219 3750 1333 3802 ΞΒ’.

469 3838 530 3891 Τί
547 3837 735 3904 δηλοῖ,
765 3857 783 3889 ι
798 3838 1063 3893 Σ.τάνιον
1079 3840 1357 3907 εἰσάγαγε
1381 3841 1486 3891 τὸν
1505 3840 1659 3891 πόδα
1676 3840 1825 3907 πρὸς
1848 3841 1951 3894 τὸν

388 3926 651 3982 σεαυτοῦ
666 3927 866 3995 φίλον,
879 3927 1110 3996 μήποτε
1128 3928 1422 3995 πλησθείς
1438 3943 1553 3981 σου
1564 3927 1799 3997 uio-dan
1819 3943 1943 3994 σε;ι

1055 4020 1291 4086 Ἀπόκρ.

460 4133 613 4186 Φίλον
638 4131 871 4185 ἐνταῦθα
907 4132 966 4185 τὸ
994 4132 1150 4201 σῶμα
1178 4132 1331 4201 ἡμῶν
1362 4131 1529 4199 λέγει,
1555 4132 1640 4185 διὰ
1674 4133 1771 4203 τὴν
1814 4135 1950 4204 πρὸς

2611 1332 2892 1397 ΙΝΤΕΒΒ.
2935 1331 3071 1385 LXI.

2130 1419 2268 1485 Quid
2309 1436 2481 1474 causa:
2515 1430 2587 1473 est
2650 1437 2743 1472 cur
2776 1428 2888 1487 post
2930 1420 3101 1472 decem
3134 1419 3243 1472 dies
3283 1436 3313 1471 ο
3344 1428 3543 1488 recepto
3571 1420 3625 1473 in

1987 1550 2028 1602 Β
2056 1510 2209 1566 calas
2235 1510 2719 1581 Domino,Spiritus
2750 1512 2949 1565 venerit
2974 1511 2997 1563 ?

2764 1619 2921 1689 Resp.

2122 1735 2292 1789 Aiunt
2333 1735 2554 1805 quidam
2610 1734 2861 1789 divinoru
2890 1750 2920 1788 .1
2970 1732 3198 1787 scientia
3251 1732 3454 1792 eruditi
3500 1733 3625 1798 viri,

2052 1826 2222 1895 quod,
2262 1842 2385 1880 cum
2435 1834 2659 1879 auctore
2700 1825 2961 1892 Dionysio
2988 1822 3329 1892 Areopagita,
3373 1823 3630 1892 angelica:

2053 1923 2352 1984 potestates
2376 1916 2427 1968 in
2452 1930 2646 1968 novem
2677 1913 2986 1967 distributae
3015 1912 3124 1965 sint
3152 1912 3401 1978 ordines,
3437 1927 3631 1966 ascen-

2054 2006 2189 2060 dens
2228 2005 2494 2058 Dominus
2537 2002 2843 2057 secundum
2891 2001 3185 2054 humanam
3228 2011 3477 2055 naturam
3524 2002 3630 2071 (di-

2052 2097 2177 2151 vina
2218 2094 2364 2150 enim
2412 2093 2674 2162 implebat
2720 2091 2933 2159 omnia)
2966 2093 3167 2159 cuique
3216 2091 3397 2144 ordini
3434 2091 3502 2144 ab
3531 2107 3633 2144 ex-

2053 2197 2228 2243 tremo
2261 2186 2327 2240 ad
2366 2200 2683 2254 supremum
2713 2184 2857 2238 diem
2894 2197 3063 2236 unum
3100 2180 3448 2249 impenderit.
3491 2180 3627 2234 Nam

2052 2283 2109 2327 et
2160 2273 2334 2343 angeli
2406 2272 2625 2325 Domini
2665 2271 2728 2324 ad
2784 2271 2931 2339 ipsos
2983 2269 3219 2323 adventu
3289 2269 3624 2338 indigebant.

2053 2364 2122 2425 Ut
2179 2363 2325 2417 enim
2384 2363 2556 2417 sentit
2606 2361 2769 2431 324
2824 2361 3116 2429 Apostolus
3162 2377 3173 2412 :
3215 2359 3520 2413 Iustam-ala
3572 2362 3627 2413 in

2052 2467 2110 2505 eo
2167 2457 2288 2503 sunt
2341 2451 2553 2513 omnia,
2604 2466 2707 2502 non
2766 2464 2826 2501 ca
2901 2448 3070 2500 solum
3124 2464 3240 2516 qua:
3295 2457 3414 2499 sunt
3472 2464 3628 2517 super

2053 2549 2270 2603 terram,
2300 2543 2391 2592 sed
2429 2546 2476 2591 et
2517 2556 2634 2608 quce
2670 2546 2793 2591 sunt
2837 2538 2890 2590 in
2936 2540 3061 2590 ccrlo
3096 2537 3139 2568 “
3176 2556 3189 2600 ;
3237 2546 3457 2605 tumque
3516 2538 3626 2590 Deo

2052 2644 2115 2682 ac
2158 2629 2302 2683 Patri
2350 2626 2694 2697 apparuerit,
2744 2634 2908 2695 atque
2952 2626 3007 2679 in
3052 2627 3198 2679 hunc
3246 2626 3465 2679 modum
3508 2626 3629 2695 Spi-

2054 2719 2193 2773 ritus
2266 2720 2500 2773 venerit.
2566 2720 2752 2773 Potest
2813 2734 2946 2774 vero
3009 2719 3175 2772 etiam
3221 2718 3329 2771 alio
3394 2718 3627 2787 spiritali

2054 2826 2217 2865 sensu
2264 2809 2633 2874 considerari,
2678 2809 2825 2878 quod
2864 2808 2955 2862 hie
2998 2809 3300 2877 argumenti
3344 2824 3623 2863 vexamus.

1980 2896 2019 2951 C
2052 2901 2204 2967 Quod
2230 2903 2378 2956 enim
2412 2902 2505 2956 Dei
2542 2903 2733 2956 Sermo
2768 2902 2822 2955 in
2848 2900 3036 2955 decem
3080 2902 3195 2954 suis
3229 2900 3498 2954 mandatis
3529 2916 3625 2955 oc-

2053 2993 2255 3057 cultus,
2301 2993 2355 3045 in
2394 3002 2642 3046 nostrum
2679 3008 2736 3046 se
2784 2992 3005 3045 modum
3053 3008 3115 3046 ac
3153 2991 3314 3046 nobis
3354 2992 3628 3045 inclinans

2052 3082 2286 3135 actionis
2334 3083 2484 3135 cultu
2537 3089 2890 3150 corporatur;
2945 3095 3247 3148 rursusque
3298 3095 3401 3134 nos
3452 3080 3625 3134 subli-

2052 3188 2169 3227 mes
2194 3173 2409 3237 tollens,
2433 3188 2530 3242 per
2554 3172 2835 3226 scientiam
2866 3170 3138 3241 provehit,
3169 3170 3341 3227 donec
3373 3171 3439 3225 ad
3468 3187 3623 3226 man-

2051 3264 2240 3318 datum
2294 3264 2569 3318 universis
2622 3263 2959 3318 sublimius:
2996 3264 3250 3317 Dominus
3300 3263 3437 3317 Deus
3483 3270 3621 3327 tuus,

2048 3355 2306 3409 Dominus
2338 3372 2473 3408 unus
2513 3365 2586 3408 est
2607 3356 2672 3431 “f,
2690 3353 3048 3409 ascendamus
3075 3372 3086 3406 :
3112 3369 3235 3407 cum
3263 3354 3444 3422 itaque
3468 3369 3625 3407 mens

2051 3454 2234 3499 nostra
2265 3446 2480 3499 cunctis
2503 3445 2702 3508 soluta,
2734 3459 2829 3497 seu
2862 3445 3045 3512 potius
3073 3444 3329 3497 omnibus
3358 3443 3620 3501 dimissis.

2052 3536 2229 3605 ipsum
2264 3545 2541 3605 postremo
2576 3536 2744 3587 Deum
2798 3542 2953 3587 nacta
3001 3534 3188 3593 fuerit,
3235 3544 3365 3587 tunc
3410 3535 3623 3604 linguas

2051 3626 2259 3696 igneas,
2291 3640 2388 3695 per
2411 3626 2639 3694 gratiam
2671 3624 2808 3679 deus
2833 3624 3047 3688 ellccta,
3079 3624 3294 3693 recipit.

2598 3738 2878 3791 INTER“.
2920 3737 3079 3789 LXII.

2121 3826 2256 3892 Quid
2297 3827 2393 3879 sibi
2438 3825 2550 3879 vult
2586 3841 2602 3878 :
2640 3846 2656 3875 ι
2696 3826 2897 3878 Rarum
2945 3826 3081 3893 infer
3132 3824 3311 3895 pedem
3364 3832 3510 3877 tuum
3553 3826 3621 3877 nd

2050 3919 2273 3981 amicum
2300 3926 2466 3981 tuum,
2494 3932 2557 3969 ne
2583 3916 2717 3985 forte
2740 3923 2788 3967 te
2812 3918 3059 3977 satiatus,
3084 3916 3251 3967 oderit
3278 3923 3325 3966 te
3350 3915 3433 3967 “?
3459 3935 3475 3964 ι

2808 4004 2961 4074 Resp.

2119 4120 2368 4175 Amicum
2405 4117 2494 4172 hic
2520 4116 2649 4182 loci,
2680 4131 2881 4184 corpus
2913 4124 3157 4169 nostrum
3189 4115 3341 4178 dicit,
3371 4116 3441 4170 ob
3467 4124 3622 4170 natu.

384 4228 517 4289 αὐτὸ
548 4228 777 4297 φυσικὴν
808 4228 998 4279 ἕνωσίν
1022 4243 1079 4278 τε
1109 4226 1204 4279 καὶ
1235 4227 1489 4295 στοργήν.
1524 4228 1787 4297 Παραινεί
1812 4225 1903 4282 οὖν
1925 4234 1950 4284 ό

2056 4210 2223 4264 ralem
2251 4226 2375 4264 cum
2405 4225 2469 4263 eo
2501 4208 2757 4262 unionem
2787 4207 3097 4276 amorisque
3134 4208 3617 4262 necessitudinem.

384 4320 577 4388 Λόγος,
614 4320 711 4390 τὴν
742 4319 867 4389 περὶ
903 4319 963 4371 τὸ
998 4318 1153 4387 σῶμα
1187 4318 1441 4388 πρόνοιαν
1478 4317 1550 4387 μὴ
1582 4319 1949 4389 πεφορτισμέ-

383 4425 482 4479 νην
532 4406 818 4468 ποιεῖσθαι,
843 4406 975 4459 ἀλλὰ
1011 4405 1154 4474 μόνῳ
1198 4404 1273 4474 τῷ
1318 4407 1414 4473 τῆς
1457 4403 1633 4472 ψυχῆς
1681 4404 1817 4473 ἴχνει
1850 4404 1947 4473 τὴν

384 4499 550 4552 αὑτοῦ
582 4499 838 4568 πρόνοιαν
874 4498 1162 4549 ποιεῖσθαι¹
1224 4495 1317 4547 καὶ
1368 4495 1523 4548 τοῦτο
1564 4496 1620 4547 δὲ
1677 4495 1938 4561 σπανίως,

387 4591 595 4659 μήποτε
659 4589 755 4657 τὴν
809 4587 1112 4640 ἀνάπαυσιν
1161 4586 1322 4638 αὑτοῦ
1364 4587 1488 4655 περὶ
1527 4585 1723 4639 πολλοῦ
1763 4604 1947 4640 ποιου-

387 4679 547 4749 μένου
578 4696 693 4744 σου,
726 4678 796 4730 τὰ
827 4678 934 4730 τῶν
962 4676 1171 4747 ἐχθρῶν
1199 4678 1291 4731 καὶ
1316 4678 1614 4747 μισούντων
1648 4680 1705 4730 ὲν
1735 4678 1815 4731 σοὶ
1855 4679 1942 4731 Ev-

381 4767 643 4837 δείξηται.

998 4857 1188 4909 ΕΡΩΤ.
1221 4856 1334 4910 ΞΡ.

460 4949 523 5003 Τί
540 4950 817 5017 σημαίνει
848 4949 881 5015 ὴ
903 4947 1051 5000 κατὰ
1084 4947 1188 4999 τὸν
1213 4950 1395 5017 νόμον
1416 4948 1546 5015 περὶ
1571 4946 1817 5015 ἀγνοίας
1838 4947 1944 5001 τοῦ

376 5038 570 5110 φόνου
586 5039 1103 5107 νευροκοπουμένη
1123 5035 1198 5108 (η)
1213 5039 1280 5090 ἑν
1301 5038 1374 5107 τῇ
1389 5038 1639 5109 φάραγγι
1658 5038 1914 5109 δάμαλις
1930 5055 1948 5104 ;

1085 5149 1312 5217 Ἀπόκρ.

449 5260 715 5331 Σημαίνει
746 5259 834 5313 διὰ
858 5259 1061 5313 τούτων
1085 5259 1145 5312 τὸ
1176 5260 1543 5331 πνευματικὸν
1573 5261 1817 5334 βούλημα
1844 5264 1948 5337 τῆς

442 5434 491 5469 ⁸⁸
514 5434 718 5505 Ephes.
744 5452 782 5501 ι,
816 5435 899 5489 10.
973 5437 1017 5468 ⁸⁵
1043 5436 1199 5490 Deut.
1230 5451 1301 5503 vt,
1331 5438 1381 5491 4.
1461 5439 1504 5470 ⁶⁶
1532 5439 1691 5493 Prov.
1738 5455 1858 5502 xxv,
1889 5440 1973 5493 l7.

2053 4301 2234 4355 Monet
2261 4300 2428 4370 igitur
2455 4299 2759 4369 Scriptura,
2795 4314 2861 4352 ne
2896 4299 3169 4352 morosius
3204 4300 3453 4369 corporis
3479 4316 3623 4355 cura}

2052 4390 2406 4459 impendaris,
2439 4389 2531 4443 sed
2563 4389 2730 4442 animi
2766 4388 2943 4441 solum
2987 4388 3218 4458 vestigio
3255 4389 3331 4441 illi
3368 4389 3617 4454 studeas;

2049 4481 2145 4535 sed
2184 4488 2239 4534 et
2278 4480 2383 4533 hoc
2420 4476 2596 4547 ipsum
2642 4496 2787 4542 raro,
2825 4494 2891 4532 ne
2933 4478 3073 4533 forte
3114 4480 3243 4533 dum
3288 4481 3406 4550 ejus
3449 4482 3621 4549 pluris

2048 4573 2404 4628 refectionem
2443 4586 2505 4623 ac
2551 4570 2789 4638 quietem
2844 4569 2999 4634 facis,
3036 4570 3353 4640 diligentius
3400 4586 3618 4634 curans,

2048 4680 2169 4733 quae
2198 4664 2307 4717 sint
2336 4662 2577 4717 hostium
2616 4670 2778 4730 atque
2814 4661 3116 4715 odientium
3150 4662 3204 4715 in
3232 4670 3284 4717 te
3312 4662 3447 4735 illud
3470 4662 3622 4715 exhi-

2052 4756 2197 4811 beat.

2578 4862 2858 4916 INTERR.
2902 4860 3086 4916 LXIII.

2124 4953 2261 5021 Quid
2317 4954 2412 5007 sibi
2460 4952 2570 5006 vult
2625 4951 2808 5023 legalis
2862 4950 3025 5005 vitula
3076 4967 3171 5021 pro
3217 4951 3492 5006 homicidio
3529 4969 3622 5022 per

2054 5049 2409 5117 ignorantiam
2441 5047 2711 5099 commisso
2740 5045 2793 5097 in
2824 5043 2961 5098 valle
2990 5043 3303 5096 subnervata
3334 5042 3376 5073 ⁸⁷
3407 5036 3430 5087 ’ἶ

2751 5155 2907 5222 Resp.

2122 5267 2328 5322 [lorum
2372 5266 2618 5337 symbolo
2662 5263 2715 5317 id
2762 5264 3017 5319 videlicet
3056 5259 3324 5333 signiﬁcat
3360 5260 3622 5333 spiritalis

2052 5441 2096 5471 ⁸⁷
2127 5440 2285 5494 Deut.
2312 5458 2420 5506 χιι,
2460 5441 2576 5497 4-6.

451 5609 1209 5684 (η)Νευροκοπουμένη.8ἰο
1227 5621 1373 5668 certe
1426 5614 1633 5669 iLXX.
1675 5615 1832 5669 Deut.
1882 5630 1950 5668 xx

2058 5614 2165 5669 Kal.
2194 5615 2651 5683 νευροκοπήσουσι
2680 5614 2776 5684 τὴν
2806 5614 3037 5683 δάμαλιν
3088 5616 3145 5667 ὲν
3177 5614 3245 5683 τῇ
3269 5612 3537 5683 φάραγγι.
3576 5621 3632 5659 θ’
