4134 6192
343 251 442 314 837

1534 243 2026 318 QUIESTIONES
2063 242 2159 303 ET
2191 241 2445 303 DUBIA.

3493 237 3604 302 838

344 360 458 417 ὑπὸ
495 356 810 427 τεσσάρων
847 356 1215 426 χαλώμενος,
1242 356 1340 411 καὶ
1375 358 1428 412 εί
1467 357 1730 413 δυνατὸν
1769 357 1920 412 κατὰ

2032 357 2340 420 submissus;
2395 369 2458 408 ac
2509 367 2612 406 non
2678 351 2878 422 τείρεα,
2934 347 3117 404 domus
3168 355 3299 404 tecto
3339 349 3601 408 denudari

343 452 454 518 τὴν
481 451 753 517 ιστοριαν
775 447 1307 518 ἀποστεγασθῆναι
1341 449 1447 504 τὸν
1488 451 1658 504 οἷκον
1684 467 1705 514 ;

1025 558 1265 628 Ἀπόκρ.

414 651 571 706 Κατὰ
609 651 706 722 μὲν
753 650 850 721 τὴν
894 649 1160 721 ἱστορίαν,
1213 651 1431 714 πάντως
1481 651 1864 720 ἀπεστεγάσθη
1894 651 1922 702 ὁ

340 743 518 809 οἷκοςο
545 743 731 813 ἐπειδὴ
772 745 820 795 oi
864 742 970 794 τῶν
1016 743 1194 796 τόπων
1235 743 1457 796 ἐκείνων
1509 743 1772 797 αὐτόπται.
1825 758 1921 810 γε-

341 838 579 905 νόμενοι,
609 837 744 904 φασὶ
765 836 860 898 τὰς
885 836 1084 904 στέγας
1107 834 1212 887 τῶν
1240 833 1429 899 οἴκων,
1461 836 1569 888 ἀπὸ
1591 835 1740 888 λίθου
1765 835 1919 903 κισήο

345 945 438 997 ρου
466 921 605 978 εἶναι
631 925 1057 996 ἐλαφροτάτους,
1095 925 1234 979 ὥστε
1273 927 1364 980 τὸν
1394 927 1764 994 ἀποστεγάσαι
1799 924 1924 995 βου-

340 1015 589 1086 λόμενον,
655 1016 896 1081 εὐκόλως
945 1018 1041 1070 καὶ
1102 1018 1387 1088 συντόμως
1444 1017 1706 1072 δύνασθαι
1765 1016 1924 1071 τοῦτο

345 1110 538 1161 ποιεῖν.
586 1107 743 1160 Κατά
778 1106 834 1159 δὲ
868 1107 959 1160 τὸν
1011 1108 1112 1178 τῆς
1157 1109 1453 1179 ἀναγωγῆς
1493 1109 1714 1179 τρόπον,
1748 1126 1925 1180 παρα-

348 1198 555 1261 λυτικός
589 1199 725 1263 ἐστι,
756 1199 862 1260 πᾶς
899 1199 1023 1262 νοῦς
1049 1201 1106 1253 ἐν
1139 1201 1438 1272 ἁμαρτίαις
1476 1201 1670 1266 νοσῶν,
1707 1202 1800 1254 καὶ
1850 1201 1923 1270 μὴ

348 1287 744 1356 δυνάμενοςβιά
764 1288 863 1358 τῆς
884 1289 1117 1358 φυσικῆς
1138 1289 1371 1361 θεωρίας
1397 1289 1555 1362 (αῦτη
1579 1290 1688 1360 γὰρ
1708 1292 1740 1360 ἠ
1760 1289 1920 1360 Θύρα)

352 1378 476 1430 ἰδεῖν
529 1377 624 1430 τὸν
663 1377 855 1445 λόγον’
889 1377 976 1431 διὰ
1021 1379 1078 1432 δὲ
1117 1381 1215 1452 τῆς
1262 1382 1498 1443 πίστεως
1544 1381 1923 1449 ἀποστεγάσας

343 1469 405 1522 τδ
438 1470 700 1540 κάλυμμα
727 1471 824 1540 τῆς
849 1470 1159 1542 παχύτητος
1186 1472 1281 1525 τοῦ
1315 1475 1542 1544 νομικοῦ
1574 1474 1924 1544 γράμματος,

343 1560 433 1614 διὰ
464 1560 570 1612 τῶν
611 1562 896 1632 τεσσάρων
947 1563 1179 1633 χαλᾶται
1219 1565 1282 1616 ὲκ
1330 1563 1424 1618 τοῦ
1472 1566 1702 1636 ματαίου
1735 1564 1924 1634 ὕψους,

346 1652 486 1722 πρὸς
533 1652 624 1706 τὸν
678 1652 869 1705 ἑαυτὸν
916 1653 1232 1707 κενώσαντα
1280 1655 1474 1723 Λόγον,
1505 1655 1600 1708 καλ⁸
1626 1657 1694 1726 τῇ
1744 1656 1924 1709 πίστει

346 1746 442 1798 καὶ
478 1748 544 1816 τῇ
575 1743 773 1815 πράξει
795 1744 1067 1815 λαμϐάνει
1094 1745 1192 1814 τὴν
1229 1746 1408 1816 βάσιν.

963 1884 1163 1939 ΕΡΩΤ.
1205 1884 1322 1939 ΞΕ’.

423 1978 591 2044 Τίνος
643 1978 820 2048 χάριν
867 1978 1358 2048 καταγελωμένων
1408 1978 1763 2034 Ἐλισσαίου
1825 1979 1931 2034 τοῦ

346 2068 660 2136 προφήτου
692 2068 760 2121 ἐκ
807 2066 926 2120 τῶν
963 2068 1214 2131 παίδων,
1251 2069 1500 2135 ηὔξατο,
1524 2071 1620 2122 καὶ
1665 2069 1932 2138 ἐξῆλθον

347 2158 538 2228 ἄρχοι,
573 2158 1008 2228 καὶὰνώρυξαν
1040 2159 1420 2233 [ἀνέρρηξαν]
1449 2162 1553 2230 μβν
1592 2161 1846 2228 auidae;

1013 2274 1248 2340 'Azo'xp.

413 2366 552 2420 Φασί
580 2382 724 2428 τινες
759 2364 834 2436 μὴ
867 2359 1003 2419 εἶναι
1041 2364 1378 2436 Ἰσραηλίτας
1408 2366 1534 2430 τοὺς
1569 2366 1784 2430 παῖδας,
1814 2365 1929 2420 ἀλλ’

347 2459 413 2512 ἐκ
438 2457 547 2512 τῶν
577 2457 922 2525 ἀλλοφύλων
956 2458 1051 2512 καὶ
1079 2459 1200 2528 οὐχὶ
1232 2458 1431 2521 παῖδας
1460 2462 1525 2530 τῇ
1562 2459 1771 2532 ἡλικίᾳ,
1794 2459 1930 2512 ἀλλά

345 2551 413 2620 τῇ
452 2550 732 2620 φρονήσει.
776 2549 928 2601 Ἐπεὶ
965 2544 1058 2602 οὗν
1086 2550 1285 2619 ἢκουον
1314 2549 1406 2603 τὸν
1438 2551 1726 2621 προφήτην
1759 2550 1931 2604 πολλὰ

349 2644 553 2713 σημεῖα
587 2640 872 2707 ποιοῦντα,
910 2641 1004 2694 καὶ
1039 2642 1140 2694 ούκ
1185 2642 1494 2701 ἐπίστευον,
1532 2640 1669 2694 ἀλλά
1700 2642 1932 2710 κατεγέ-

345 2731 456 2785 λων
478 2731 642 2785 αὐτοῦ
669 2746 682 2759 ·
721 2729 972 2800 παρῆσαν
1005 2729 1062 2784 δέ
1098 2747 1242 2793 τινες
1286 2729 1362 2800 μὴ
1403 2729 1786 2792 κοινωνοῦντες
1832 2734 1931 2802 τῆς

352 2823 588 2894 ματαίας
618 2821 799 2874 αὐτῶν
828 2819 1053 2892 γνώμης
1092 2836 1104 2851 ’
1153 2821 1239 2875 ἴνα
1264 2816 1355 2874 οὖν
1387 2821 1462 2891 μὴ
1487 2814 1630 2874 οὗτοι
1653 2821 1825 2892 βλὲττ
1862 2840 1933 2869 ιν-

348 2931 463 2978 ται,
505 2915 599 2967 καὶ
633 2913 692 2965 τὸ
735 2913 1057 2983 βλάσφημον
1087 2913 1167 2975 είς
1195 2913 1328 2966 Θεὸν
1355 2912 1653 2984 ἀνατρέχῃ,
1693 2916 1712 2966 ἓ
1808 2957 1822 2978 ε
1893 2945 1930 2964 .-

351 3005 443 3058 θεν
475 3004 661 3066 αὐτοῖς
693 3005 721 3056 ό
754 3003 904 3066 Θεὸς.
943 3003 1099 3058 Κατὰ
1122 3002 1178 3055 δὲ
1213 3002 1309 3075 τὴν
1362 3003 1617 3074 Θεωρίαν,
1651 3005 1759 3067 πᾶς
1797 3003 1923 3068 νοῦς

2023 449 2183 520 possit
2213 448 2278 502 ⁸⁸⁸.

2724 562 2884 634 Resp.

2093 658 2248 726 Quod
2296 657 2518 728 quidem
2573 656 2640 712 ad
2694 657 2770 712 rei
2825 665 2990 728 gesta“:
3042 655 3328 710 veritatem
3382 651 3600 717 attinet,

2022 753 2248 809 omnino
2277 753 2490 807 detecta
2517 760 2599 806 est
2628 752 2842 806 domus.
2877 751 3046 810 Aiunt
3068 749 3215 802 enim
3241 746 3334 816 qui
3361 743 3604 798 Palaesti-

2023 860 2108 899 na:
2145 844 2265 898 loca
2309 843 2410 913 ipsi
2456 844 2787 906 lustrarunt,
2824 842 3115 896 domorum
3150 849 3290 894 tecta
3329 838 3606 893 levissima

2024 951 2145 990 esse
2177 950 2240 989 cx
2289 933 2470 1004 lapide
2521 934 2758 1004 pumice,
2788 942 2848 987 ut
2889 932 2982 1002 qui
3027 932 3144 986 haec
3183 944 3440 984 amovere
3472 929 3606 984 velit

2024 1042 2090 1079 ac
2142 1025 2422 1095 detegere,
2464 1025 2518 1078 id
2567 1025 2728 1079 facile
2784 1025 3047 1095 brevique
3103 1025 3276 1094 possit
3322 1029 3604 1092 praastarc.

2027 1115 2271 1185 Spiritali
2297 1131 2429 1170 vero
2454 1131 2517 1170 ac
2545 1115 2726 1169 altiori
2753 1131 2940 1181 sensu,
2966 1115 3298 1186 paralyticus
3320 1123 3405 1168 est
3428 1111 3608 1166 omnis

2027 1208 2244 1262 animus
2269 1209 2510 1277 peccatis
2539 1206 2818 1271 laborans;
2850 1223 2953 1262 nec
2980 1209 3166 1287 valens
3190 1204 3456 1260 naturalis
3479 1219 3609 1259 eon-

2028 1298 2400 1367 templationis
2438 1299 2486 1351 vi
2527 1298 2665 1368 (haec
2707 1298 2854 1353 enirn
2894 1305 3064 1367 porta:
3105 1296 3372 1350 rationem
3418 1291 3606 1363 habet)

2026 1406 2337 1447 sermonem
2383 1391 2574 1448 videre
2623 1409 2636 1445 :
2685 1392 2782 1462 qui
2836 1401 3017 1446 tamen
3070 1390 3194 1444 ﬁdei
3239 1404 3342 1458 ope
3392 1387 3604 1442 detecta

2027 1483 2228 1539 littera:
2273 1484 2410 1554 legis
2445 1484 2754 1554 obtegentis
2785 1483 3027 1547 crasitie,
3066 1497 3097 1537 a
3124 1490 3359 1551 quatuor
3391 1479 3611 1532 laxatus

2028 1577 2098 1631 ab
2135 1577 2286 1631 inani
2321 1577 2570 1632 celsitatc
2612 1578 2679 1632 ad
2709 1577 3051 1640 Sermonem,
3091 1575 3186 1644 qui
3220 1574 3460 1642 seipsum
3489 1569 3610 1625 exi-

2030 1668 2242 1722 nanivit
2265 1669 2332 1734 ‘9,
2362 1684 2461 1739 per
2485 1668 2645 1723 ﬁdem
2675 1685 2738 1724 ac
2763 1668 3032 1723 actionem
3059 1681 3306 1737 gressum
3344 1663 3565 1732 recipit.

2577 1884 2858 1940 INTERR.
2902 1883 3059 1936 LXV.

2100 1977 2240 2043 Quid
2277 1992 2453 2031 causa:
2482 1985 2554 2030 est
2612 1993 2707 2038 cur
2737 1975 2963 2029 Eliswus
3002 1975 3254 2044 propheta
3286 1971 3464 2042 pueris
3490 1969 3616 2023 irri-

2028 2069 2265 2123 dentibus
2300 2077 2541 2139 precatus
2565 2069 2653 2131 sit,
2675 2068 2996 2136 exierintque
3025 2066 3154 2130 ursi,
3186 2081 3248 2118 ac
3275 2078 3459 2133 pueros
3483 2078 3616 2132 qua-

2029 2162 2280 2232 draginta
2313 2160 2442 2214 duos
2477 2159 2848 2230 discerpserint
2871 2158 2939 2212 τ’.

2738 2269 2894 2340 Resp.

2101 2364 2243 2420 Sunt
2267 2363 2359 2434 qui
2391 2364 2581 2418 dicant
2609 2378 2720 2416 non
2761 2362 2930 2417 fuisse
2963 2377 3168 2432 pueros
3195 2361 3488 2426 Israelitas,
3516 2360 3613 2417 sed

2030 2472 2097 2512 ex
2127 2457 2450 2528 alienigenis
2485 2475 2496 2509 :
2532 2471 2596 2511 ac
2634 2471 2812 2526 neque
2855 2463 3013 2510 aetate
3053 2470 3275 2525 pueros,
3312 2453 3407 2510 sed
3445 2453 3614 2508 animi

2031 2565 2198 2604 sensu
2225 2564 2288 2603 ac
2315 2548 2630 2618 prudentia.
2668 2547 2804 2612 Quia
2843 2545 3009 2616 igitur
3047 2545 3344 2600 audiebant
3378 2545 3618 2615 prophe-

2035 2647 2141 2692 tam
2172 2639 2342 2691 multa
2365 2638 2518 2708 signa
2543 2647 2827 2706 prarstare,
2850 2652 2952 2690 nec
2977 2646 3037 2690 ut
3060 2636 3350 2692 crederent
3372 2637 3615 2690 animum

2035 2729 2390 2792 inducebant,
2426 2729 2520 2783 sed
2563 2729 2716 2782 illum
2763 2727 3100 2794 irridebant;
3137 2737 3294 2783 erant
3336 2744 3467 2782 vero
3496 2729 3620 2798 qui-

2033 2821 2157 2876 dam
2187 2829 2506 2892 pressantes,
2547 2822 2640 2891 qui
2671 2837 2699 2874 a
2734 2836 2899 2890 prava
2943 2821 3166 2874 illorum
3202 2827 3382 2874 mente
3417 2820 3620 2873 abhor-

2034 2915 2247 2968 rebant.
2276 2913 2354 2968 Ne
2380 2913 2549 2982 igitur
2571 2912 2604 2966 ii
2630 2912 2809 2966 labem
2837 2912 3170 2980 acciperent,
3197 2927 3260 2964 ac
3281 2911 3619 2981 blasphemia

2037 3005 2090 3060 in
2115 3006 2287 3060 Deum
2319 3013 2652 3070 recurreret,
2684 3006 2804 3075 ipso
2837 3007 3015 3060 ultore
3045 3004 3097 3058 in
3127 3005 3251 3058 illos
3276 3003 3624 3057 animadver-

351 3096 496 3151 κατά
554 3096 645 3148 τὸν
681 3095 983 3148 Ἐλισσαῖον
1019 3095 1332 3167 φαλακρὸς,
1385 3095 1635 3148 τουτέστι
1681 3095 1923 3164 καθαρὸς

2032 3106 2152 3148 sum
2181 3103 2286 3150 est.
2331 3094 2577 3165 Spiritali
2619 3104 2800 3149 autem
2832 3110 3020 3161 sensu,
3045 3109 3201 3148 mens
3229 3093 3410 3147 omnis
3443 3093 3620 3150 Elistei

351 3184 557 3239 ὐλικῶν
616 3185 929 3255 νοημάτων,
987 3185 1046 3238 ὲν
1083 3187 1150 3254 τῇ
1204 3183 1468 3238 ἀναϐάσει
1505 3185 1604 3256 τῆς
1654 3185 1930 3253 γνώσεως,

353 3276 526 3330 πολλά
553 3275 660 3329 ὑπὸ
689 3274 799 3328 τῶν
828 3274 1104 3345 λογισμῶν
1137 3274 1247 3328 τῶν
1279 3276 1408 3346 περὶ
1441 3275 1510 3329 τὰ
1560 3275 1814 3347 αἰσθητὰ,
1842 3276 1934 3328 καὶ

352 3370 450 3440 τὴν
479 3368 613 3440 ῦλην
643 3369 737 3422 καὶ
776 3367 836 3420 τδ
866 3363 1026 3431 εἶδος,
1077 3367 1446 3435 καταγελᾶται
1473 3383 1486 3399 ο
1519 3368 1928 3438 τεσσαράκοντα

349 3459 638 3531 δηλοῦντος
666 3459 734 3512 τά
756 3458 991 3529 αἰσθητά
1015 3457 1088 3528 (ο)
1117 3474 1128 3486 ’
1167 3457 1266 3529 ὕλη
1288 3459 1342 3511 δὲ
1379 3457 1474 3511 καὶ
1502 3458 1562 3512 τὸ
1596 3456 1734 3522 εἶδος
1763 3477 1933 3531 προσ-

350 3551 635 3623 τιθέμενα,
671 3549 928 3604 ἀποτελεῖ
974 3549 1066 3604 τὸν
1098 3551 1507 3620 τεσσαράκοντα
1553 3549 1646 3604 δύο
1678 3551 1930 3622 ἀριθμόν.

352 3643 673 3698 Σκώπτεται
723 3637 817 3696 οῦν
851 3643 914 3696 ὲκ
942 3643 1050 3694 τῶν
1101 3641 1356 3695 τοιούτων
1402 3642 1675 3714 λογισμῶν
1717 3645 1745 3695 ὁ
1783 3643 1930 3710 νοῦς,

352 3736 492 3809 πρὸς
546 3736 607 3788 τὸ
646 3736 724 3798 είς
755 3734 915 3788 ὄκνον
948 3735 1111 3789 αὑτὸν
1142 3736 1480 3807 ἐμϐληθῆναι
1527 3739 1662 3808 πρὸς
1689 3739 1786 3809 τὴν
1813 3741 1936 3810 ἀρε-

347 3831 472 3902 τήν.
507 3828 744 3892 Τούτους
776 3823 870 3882 οὖν
901 3827 971 3881 δι’
993 3828 1166 3899 εὐχῆς
1191 3831 1427 3899 ἀναιρεῖ,
1461 3830 1556 3883 καὶ
1587 3830 1673 3882 διὰ
1699 3830 1805 3883 τῶν
1834 3831 1931 3902 ἄρα

349 3937 485 3984 κων,
518 3919 768 3973 τουτέστι
802 3920 871 3973 δι’
899 3919 1096 3990 ἡδονῆς
1142 3920 1234 3974 καὶ
1283 3920 1608 3989 ἐπιθυμίας*
1643 3924 1760 3974 κατ’
1781 3923 1931 3976 ἀντι-

352 4013 590 4085 στροφὴν
616 4013 724 4084 γάρ
754 4012 846 4066 ἐπὶ
869 4011 930 4064 τὸ
958 4013 1207 4082 κρεῖττον
1232 4011 1717 4082 μεταχειριζόμενα
1733 4012 1800 4066 τά
1821 4029 1931 4066 τοι-

349 4105 491 4160 αῦτα
526 4106 693 4176 πάθη,
746 4103 1108 4159 ἀποκτένουσι
1157 4103 1284 4167 τοὺς
1336 4103 1631 4174 λογισμοὺς
1673 4108 1800 4170 τοὺς
1832 4107 1931 4177 ἐμ-

350 4194 640 4257 παίκτους.

933 4379 1154 4442 ἘΡΩΤ.
1195 4389 1326 4458 scr.

2035 3203 2187 3242 more
2213 3187 2365 3241 calva
2396 3203 2408 3240 :
2440 3187 2548 3242 hoc
2575 3195 2679 3251 est,
2712 3203 2741 3242 a
2780 3186 3017 3241 terrenis
3052 3185 3227 3240 sensis
3263 3200 3326 3240 ac
3367 3185 3620 3255 cogitati-

2034 3279 2139 3333 bus
2171 3294 2329 3348 pura,
2361 3279 2418 3332 in
2446 3294 2676 3333 ascensu
2717 3279 2982 3341 scientias,
3015 3277 3313 3348 plurimum
3355 3277 3622 3332 irridetur

2034 3370 2104 3425 ab
2140 3371 2207 3425 iis
2249 3371 2578 3435 rationibus,
2605 3387 2727 3440 quae
2764 3371 2910 3426 circa
2941 3370 3186 3433 sensilia,
3223 3369 3620 3439 materiamque

2033 3476 2098 3516 ac
2131 3461 2385 3526 formam,
2425 3472 2735 3517 versantur.
2769 3462 2847 3516 lta
2883 3462 3114 3527 scilicet,
3149 3469 3209 3514 ut
3243 3461 3621 3532 quadragena-

2033 3555 2151 3608 rius
2196 3565 2480 3621 numerus,
2519 3571 2607 3609 res
2649 3555 2703 3609 in
2741 3570 2962 3608 sensum
3008 3553 3270 3607 cadentes
3311 3553 3616 3623 signiﬁcet;

2033 3644 2304 3713 adjuncta:
2332 3661 2464 3699 vero
2489 3646 2716 3699 materia
2741 3653 2796 3699 et
2828 3645 3022 3710 forma,
3049 3644 3158 3697 duo
3184 3659 3346 3712 supra
3379 3644 3616 3712 quadra-

2033 3733 2182 3802 ginta
2211 3731 2467 3786 eﬂiciant.
2501 3732 2854 3788 Subsannant
2885 3733 3050 3804 igitur
3078 3731 3319 3785 rationes
3346 3733 3616 3803 ejusmodi

2033 3821 2300 3884 animum,
2337 3829 2398 3874 ut
2453 3820 2507 3874 in
2553 3821 2890 3888 socordiam,
2943 3836 3053 3890 quo
3101 3819 3282 3874 minus
3324 3818 3415 3874 ille
3453 3819 3618 3876 obeat

2032 3915 2326 3977 virtutem,
2379 3913 2694 3984 conjiciunt.
2739 3912 2848 3968 Has
2895 3913 3064 3984 igitur
3113 3911 3371 3982 precibus
3417 3919 3614 3980 necat,

2033 4005 2197 4074 idque
2243 4019 2500 4059 ursorum
2542 4019 2742 4075 Opera;
2779 4005 3076 4076 voluptatis
3118 4005 3329 4060 scilicet
3360 4019 3424 4058 ac
3460 4005 3615 4073 cupi-

2032 4096 2222 4152 ditatis
2252 4097 2416 4168 326
2447 4113 2570 4168 ope.
2605 4099 2826 4154 Alterna
2865 4099 3011 4154 enim
3052 4096 3410 4153 conversione
3441 4097 3614 4151 virtu-

2035 4187 2104 4242 tis
2151 4187 2399 4242 subsidio
2449 4190 2694 4260 usurpati
2741 4190 2970 4246 aﬂ‘ectus
3011 4189 3301 4260 ejusmodi,
3341 4187 3616 4244 derisores

2033 4278 2302 4347 cogitatus
2331 4279 2682 4349 rationesque
2716 4280 3118 4334 contrucidant.

2566 4395 2848 4449 INTERR.
2888 4394 3070 4449 LXVI.

421 4478 553 4547 Πῶς
585 4479 908 4549 ὀφείλομεν
939 4477 1108 4533 νοεῖν
1137 4445 1416 4550 τὴιίπερὶ
1445 4483 1804 4550 συντελείας
1819 4481 1926 4538 τοῦ

2099 4490 2368 4557 Quomodo
2425 4489 2571 4543 nobis
2625 4486 3063 4556 intelligendum,
3121 4488 3370 4557 ignorare
3421 4485 3614 4540 Filium

349 4571 488 4626 Υίοῦ
517 4571 800 4641 ἅτνοιαη

1039 4686 1266 4740 Ἀπόκο.

1043 4703 1051 4708 '
1095 4703 1210 4739 ποκ
1253 4726 1266 4740 .

430 4777 597 4847 Διπλῆ
643 4778 726 4842 τίς
779 4744 928 4832 ἐστιν
982 4703 1283 4847 ἄγῗοιωρή
1323 4776 1421 4846 μὲν
1443 4775 1926 4850 διαϐαλλομένη,ἠ

346 4870 432 4934 δὲ,
474 4870 790 4941 ἀδιάϐλητος
812 4887 827 4902 ο
857 4872 950 4925 καί⁵
978 4873 1011 4942 ἡ
1048 4871 1143 4941 μὲν
1175 4868 1260 4937 ἐφ’
1287 4870 1418 4939 ἡμῖν
1449 4871 1617 4934 ἐστιν,
1643 4873 1676 4940 ὴ
1708 4871 1785 4934 δὲ,
1823 4870 1925 4923 οὐκ

349 4962 440 5031 ἐφ’
471 4963 622 5032 ἡμῖν.
660 4963 770 5016 Καὶ
803 4962 837 5033 ἡ
877 4961 976 5034 μὲν
1017 4959 1416 5031 διαϐαλλομὲνη
1463 4960 1559 5014 καὶ
1592 4961 1677 5028 ἐφ’
1706 4961 1859 5031 ἡμῖν,
1889 4963 1922 5032 ἡ

422 5117 468 5150 ⁸⁸
494 5117 629 5173 Luc.
655 5135 710 5184 v,
743 5118 830 5174 l9.
908 5118 953 5149 ⁶⁹
977 5109 1213 5188 Philipp.
1249 5133 1307 5185 ιι,
1339 5119 1389 5172 7.

420 5256 502 5328 (0)
561 5261 1017 5328 Τεσσαρακοντα
1051 5257 1386 5326 δηλοῦντος
1429 5256 1500 5310 τὰ
1545 5255 1828 5328 αἰσθητά,
1849 5255 1940 5308 Vi-

355 5326 595 5382 deantur
621 5326 764 5400 haec
800 5328 1183 5400 περιττότερον
1210 5328 1384 5400 dicta,
1425 5327 1688 5400 ncc_satis
1708 5341 1775 5379 ex
1816 5326 1935 5395 lege

350 5408 557 5453 exacta:
584 5398 886 5469 allegoriae.
913 5399 979 5454 Ut
1008 5398 1156 5452 enim
1191 5399 1423 5468 August.
1446 5399 1502 5469 in
1524 5398 1683 5469 Joan.
1716 5411 1768 5461 v,
1793 5411 1927 5469 quaf

352 5465 719 5538 dragenarius
738 5484 1004 5522 numerus
1030 5469 1082 5522 in
1115 5465 1348 5538 quadam
1383 5468 1721 5538 perfectione
1749 5465 1924 5534 accipi

353 5540 512 5603 solet,
539 5554 723 5609 eaque
750 5539 962 5592 ratione
993 5539 1049 5609 in
1068 5539 1280 5609 jejunio
1303 5547 1659 5593 consecratus
1677 5544 1790 5609 est:
1822 5550 1924 5609 nec

353 5611 584 5663 materia
614 5605 670 5662 ét
702 5607 878 5662 forma
905 5608 1056 5661 aliud
1070 5605 1215 5662 sunt
1241 5624 1407 5677 quam
1437 5609 1555 5677 ipsa
1583 5605 1839 5677 sensilia,
1865 5605 1921 5658 in

354 5678 556 5746 quibus
587 5677 820 5748 proinde
851 5692 962 5732 non
981 5678 1199 5732 videtur
1224 5674 1484 5734 debuisse
1518 5677 1784 5733 Maximus
1808 5674 1921 5730 duo

2022 4578 2203 4634 circuli
2240 4578 2746 4634 consummationem
2772 4575 2850 4631 "T

2743 4685 2896 4755 Resp.

2106 4780 2317 4850 Duplex
2341 4777 2648 4851 ignorantia
2678 4786 2799 4842 est;
2834 4778 3025 4841 altera,
3054 4793 3176 4847 qua:
3203 4778 3436 4833 obnoxia
3468 4776 3615 4831 vitu-

2035 4872 2192 4942 perio
2245 4873 2346 4937 sit,
2399 4871 2566 4925 altera
2626 4886 2746 4940 qua:
2803 4869 2954 4924 omni
3003 4870 3124 4924 labe
3173 4879 3388 4934 careat,
3438 4871 3616 4940 sitque

2037 4963 2256 5020 innoxia
2284 4980 2297 5017 :
2330 4973 2492 5033 atque
2517 4963 2688 5018 altera
2709 4962 2951 5032 quidem,
2972 4977 3141 5032 penes
3167 4977 3269 5016 nos
3307 4971 3617 5032 nostraeque

1475 5120 1521 5151 "°
1557 5119 1624 5174 Ν
1649 5118 1780 5188 Reg.
1810 5134 1869 5184 ιι,
1897 5118 1988 5173 95.
2062 5120 2105 5150 ⁷³
2133 5119 2298 5174 Mare.
2330 5135 2443 5183 xm,
2473 5119 2560 5174 52.

2049 5271 2299 5324 qurerere
2363 5271 2524 5324 supra
2572 5254 2934 5324 quadraginta
2969 5295 2984 5319 ,
3031 5253 3307 5324 siquidem
3373 5252 3616 5322 quadra-

2043 5327 2195 5393 ginta
2241 5325 2352 5446 gob
2381 5335 2614 5393 quatuor
2657 5325 3211 5395 scilicetelementa)
3265 5325 3491 5393 exponit
3550 5324 3616 5375 τὰ

2043 5395 2235 5446 atatim-
2281 5439 2293 5446 .
2318 5397 2472 5446 nuasi
2501 5410 2567 5446 ex
2598 5395 2705 5446 illis
2733 5395 2930 5446 coalita
2959 5412 2970 5446 :
3016 5397 3120 5446 nisi
3156 5396 3296 5446 forte
3331 5396 3433 5446 hoc
3455 5393 3616 5446 libuit

2043 5393 2293 5464 αἰσθητὰ,
2318 5397 2472 5463 quasi
2501 5410 2567 5448 ex
2598 5395 2705 5447 illis
2733 5395 2930 5448 coalita
2959 5412 2970 5446 :
3016 5397 3120 5451 nisi
3156 5393 3296 5448 ferte
3331 5396 3433 5448 hoc
3455 5393 3621 5448 libuit

2032 5463 2228 5520 ludere
2264 5465 2317 5516 in
2355 5465 2633 5534 allegoria:
2660 5465 3047 5534 campo,'quod
3103 5466 3207 5518 alia
3247 5465 3368 5517 aliis
3419 5463 3620 5534 immo-

2030 5535 2213 5589 diatus
2244 5534 2467 5604 adipsa
2489 5549 2555 5600 sc
2578 5533 2837 5604 habeant,
2864 5533 3150 5604 possitque
3177 5534 3397 5589 animus
3415 5533 3622 5588 distin-

2030 5604 2233 5662 ctionis
2261 5603 2474 5674 aliquid
2502 5603 2741 5674 cogitare
2771 5604 2916 5658 inter
2946 5605 3066 5662 illa.
