4134 6192
345 229 439 297 841

1543 223 2032 294 QU/ESTIONES
2071 223 2165 283 ET
2207 224 2459 285 DUBIA.

3491 229 3594 295 842

342 338 531 410 ἐπειδὴ
562 337 623 391 τὸ
663 335 764 408 μὲν
792 336 910 389 ὅλον
934 335 1094 405 σῶμα
1126 332 1338 386 σκέπει.
1381 333 1546 401 priva;
1579 334 1635 386 δὲ
1661 334 1764 397 τὰς
1807 336 1919 404 χεῖ.

2025 349 2246 404 corpus,
2275 335 2407 389 solis
2430 334 2682 391 manibus
2706 335 2869 391 nudis
2888 334 3117 401 relictis,
3141 342 3308 406 tegat,
3334 339 3590 395 moralem

350 449 451 503 ρας
485 432 707 501 γυμνοϊ,
739 425 1094 497 σημαίνειὼς
1123 424 1229 496 χρὴ
1258 425 1357 493 τὴν
1386 424 1582 495 ἠθικὴν
1607 425 1923 494 φιλοσοφίαν

342 522 680 583 ἐνδεδύσθαι,
714 518 1082 591 ἀφῃρημένην
1113 516 1212 578 τὰς
1256 516 1566 583 πρακτικὰς
1607 517 1707 585 τῆς
1740 517 1923 587 ἁμαρ..

340 616 461 678 τίας
501 611 809 683 ὲνεργείας’
861 610 953 663 καὶ
996 608 1071 672 ὡς
1118 607 1225 678 χρὴ
1255 606 1457 676 ταύτην
1500 606 1810 659 ἐπικεῖσθαι
1837 609 1924 660 ἀεὶ

344 701 436 755 ἐπί
459 718 517 756 τε
537 701 763 770 δυνάμει
789 698 884 752 καὶ
912 696 1179 767 ἐνεργείᾳ.
1215 694 1275 747 Ἥ
1298 697 1405 765 γὰρ
1421 693 1645 763 δύναμις
1660 695 1757 765 τῆς
1776 695 1924 747 ἀντι-

343 793 605 863 κειμένης
662 790 755 843 τοῦ
808 788 1045 859 πονηροῦ
1097 787 1411 846 δυναστείας
1446 785 1582 850 ἐστὶ,
1636 785 1777 838 κατά
1834 784 1924 837 τὸν

360 882 500 945 Ἰὼϐ,
529 880 632 935 ὑπὸ
660 879 908 951 ὀμφαλοῦ
949 878 1184 947 γαστρός
1204 894 1219 907 ⁸
1253 877 1347 930 καὶ
1380 877 1439 930 αἱ
1468 876 1638 945 ψυχαὶ
1666 874 1811 929 κατά
1832 875 1922 929 τὸν

349 975 622 1044 μακάριον
672 971 861 1035 Δαϐὶδ,
914 971 1251 1041 πληροῦνται
1295 968 1404 1021 τῶν
1449 968 1781 1037 δαιμονικῶν
1823 969 1925 1039 έμ-

348 1065 699 1136 παιγμάτων.
741 1061 1136 1133 Ἐμπαίγματα
1169 1060 1227 1114 δέ
1275 1061 1435 1121 εἰσιν,
1469 1060 1522 1110 αί
1551 1058 1797 1129 διάφοροι
1825 1059 1924 1129 τῆς

348 1157 603 1227 πορνείας
632 1154 923 1223 ἐνέργειαι.
973 1152 1032 1205 '0
1062 1153 1118 1205 δὲ
1148 1151 1438 1216 ἀνάλαδος,
1466 1148 1654 1221 ἐπειδὴ
1691 1151 1784 1202 καὶ
1822 1152 1922 1219 ὲμ-

348 1249 487 1318 πρδς
530 1248 623 1301 καὶ
648 1247 825 1300 ὀπίσω
850 1245 939 1297 τὸν
966 1244 1196 1315 σταυρὸν
1231 1243 1362 1314 ἔχει,
1396 1242 1650 1312 σημαίνει
1679 1242 1761 1294 ὅτι
1793 1241 1919 1311 χρὴ,

348 1340 489 1393 κατά
518 1339 609 1392 τὸν
646 1335 992 1394 Ἀπόστολον,
1034 1336 1108 1405 μὴ
1151 1334 1311 1404 μόνον
1362 1331 1743 1403 σταυρωθῆναι
1775 1332 1923 1400 ἡμᾶς

345 1431 425 1502 τῷ
457 1431 670 1501 κόσμῳ,
700 1428 837 1482 ἀλλὰ
873 1427 966 1481 καὶ
998 1426 1090 1479 τὸν
1122 1427 1327 1494 κόσμον
1371 1425 1501 1494 ἡμῖν
1522 1439 1536 1453 ⁸
1570 1423 1659 1476 ἴνα
1693 1421 1922 1492 φευγόν-

345 1540 456 1576 των
486 1521 642 1592 ἡμῶν
669 1520 760 1573 τὸν
786 1519 1014 1589 κόσμον,
1050 1516 1216 1588 μηδὲν
1240 1516 1494 1586 ἐμπόδιον
1527 1514 1759 1585 ἔχωμεν,
1786 1514 1920 1584 μηδὲ

346 1617 413 1685 τῇ
448 1613 584 1682 πρὸς
614 1612 773 1663 αὐτὸν
802 1610 983 1680 σχέσει
1012 1607 1098 1662 διὰ
1128 1610 1226 1677 τῆς
1254 1605 1679 1676 ὲπιφαινομένης
1705 1605 1921 1674 ἀπάτης

342 1676 776 1776 ἐγκρατηθῶμεν
801 1719 816 1735 ο
838 1676 1000 1772 ⁷μήτε
1053 1700 1110 1752 δὲ
1154 1676 1316 1753 πάλιν
1343 1698 1452 1751 τῶν
1482 1696 1704 1751 ὄπισθεν
1727 1696 1919 1749 διωκό-
1953 1676 1995 1733 Β

352 1812 505 1865 μενοι
538 1795 603 1845 ἐκ
644 1791 738 1845 τοῦ
788 1793 994 1859 κόσμου
1025 1790 1088 1841 ἐκ
1134 1788 1241 1841 τῶν
1273 1787 1543 1840 ἀκουσίων
1574 1784 1918 1855 πειρασμῶν,

349 1886 747 1954 ὑπενδιῖωωμεν
776 1883 869 1936 τοῦ
896 1883 1050 1935 τόνου
1070 1881 1169 1951 τῆς
1194 1879 1473 1941 εὐσεϐείας
1491 1897 1503 1909 ·
1527 1877 1642 1931 ἀλλ’
1667 1876 1923 1945 ἀναίσθη-

348 1996 430 2033 τοι
464 1979 559 2032 καὶ
580 1979 763 2048 νεκροὶ
800 1977 1193 2046 διαμείνωμεν,
1225 1975 1362 2043 πρός
1389 1990 1447 2025 τε
1474 1971 1543 2025 τὰ
1567 1971 1798 2024 ἀκούσια
1826 1970 1921 2024 καὶ

346 2072 417 2126 τὰ
443 2070 665 2125 ἑκούσια
695 2070 862 2139 πάθη.
895 2068 968 2121 Τὸ
996 2067 1051 2120 δὲ
1086 2065 1400 2120 κουκούλιον
1434 2064 1605 2134 δηλοῖ,
1627 2063 1724 2134 τὴν
1756 2079 1922 2133 φρου-

352 2166 549 2238 ροῦσαν
571 2164 665 2219 καὶ
698 2165 1001 2217 σκέπουσαν
1026 2162 1115 2216 τὸν
1130 2160 1254 2215 νοῦν
1279 2161 1436 2231 ήμῶν
1460 2160 1620 2231 χάριν
1645 2158 1738 2211 τοῦ
1762 2156 1916 2211 Θεοῦ.

361 2259 420 2312 Ὀ
452 2258 562 2329 γὰρ
597 2257 1033 2327 ἀποκειράμενος
1065 2254 1133 2307 τά
1165 2253 1256 2307 τοῦ
1293 2254 1498 2323 κόσμου
1533 2252 1799 2321 νοήματα,
1822 2248 1919 2318 τὴν

348 2348 783 2421 περικεφαλαίαν
831 2346 1045 2417 δέχεται
1079 2345 1171 2399 τοῦ
1199 2344 1491 2414 σωτηρίου.
1519 2343 1600 2395 Τὰ
1635 2342 1693 2394 δὲ
1726 2339 1920 2393 σανδά-

348 2443 459 2505 λια,
486 2440 673 2496 τοῦτον
699 2438 810 2510 ἔχει
831 2438 921 2491 τὸν
946 2437 1122 2507 λόγον.
1161 2435 1376 2505 Ἐπειδὴ
1399 2438 1462 2488 ὲκ
1487 2432 1693 2503 νεκρῶν
1721 2430 1922 2503 δερμά-

350 2550 459 2585 των
490 2532 616 2591 eici.
646 2528 830 2600 μικρῷ
868 2527 925 2580 δὲ
960 2527 1118 2598 μέρει
1165 2525 1258 2579 τοῦ
1297 2525 1549 2595 σώματος
1584 2522 1917 2585 ὑπόκεινται,

350 2624 444 2675 τὸν
471 2621 636 2675 αὑτὸν
664 2620 888 2690 τρόπον,
918 2614 1064 2694 ᾗπερ
1089 2618 1151 2671 τὸ
1186 2618 1305 2671 ὂλον
1345 2616 1501 2687 σῶμα
1532 2614 1667 2686 πρὸς
1700 2613 1769 2666 τὰ
1800 2614 1921 2683 ίτχνη

350 2712 446 2765 τοῦ
474 2712 757 2767 σανδαλίου
782 2711 917 2782 ἔχει,
948 2710 1096 2764 οὕτω
1125 2709 1231 2780 χρὴ
1262 2710 1356 2779 τὴν
1381 2707 1560 2779 ψυχὴν
1596 2706 1676 2777 τῷ
1707 2704 1921 2775 σώματι

350 2804 679 2875 κεχρῆσθαι,
709 2803 802 2857 καὶ
833 2803 992 2856 τοῦτο
1020 2800 1247 2873 νεκροῦν
1281 2800 1390 2853 τῶν
1438 2798 1590 2869 παρά
1620 2797 1783 2868 φύσιν
1816 2813 1922 2850 πα-

351 2895 480 2951 θῶν.
512 2895 585 2947 Τὸ
633 2895 690 2948 δὲ
744 2894 1111 2965 περιϐόλαιον,
1147 2892 1333 2964 ἐπειδὴ
1359 2891 1701 2961 τετράγωνόν
1729 2891 1882 2945 ἐστιν
1902 2930 1919 2957 ,

348 2989 412 3042 ἐκ
441 2989 719 3057 τεσσάρων
762 2987 817 3039 δὲ
869 2985 1146 3055 στοιχείων
1190 2986 1281 3050 καὶ
1318 2986 1345 3038 ὁ
1391 2984 1616 3052 κόσμος,
1664 2982 1919 3051 σημαίνει
1945 3016 1987 3070 C

349 3079 432 3132 ὅτι
462 3077 567 3148 χρὴ
616 3076 1048 3148 περιϐεϐλῆσθαι
1095 3079 1241 3148 ἡμᾶς
1270 3077 1368 3145 τὴν
1395 3075 1630 3146 φυσικὴν
1664 3074 1915 3143 Θεωρίαν,

348 3167 487 3221 ὥστε
526 3168 601 3237 μὴ
650 3168 785 3237 πρὸς
829 3169 1083 3237 αἴσθησιν
1113 3168 1206 3220 καὶ
1247 3166 1391 3236 πάθη
1421 3167 1488 3219 τὰ
1515 3164 1769 3235 ὁρώμενα
1797 3163 1918 3233 βλέ-

348 3278 492 3325 πειν,
524 3261 657 3314 ἀλλὰ
692 3261 778 3313 διὰ
810 3258 903 3313 τοῦ
936 3262 994 3311 ὲν
1030 3260 1216 3322 αὐτοῖς
1263 3258 1443 3325 λόγου,
1481 3257 1620 3327 πρὸς
1667 3256 1758 3309 τὸν
1797 3255 1919 3307 τού-

347 3368 457 3403 των
497 3350 827 3421 δημιουργδν
877 3348 1193 3417 ἀνάγεσθαι.
1243 3347 1317 3399 Τὸ
1369 3347 1426 3400 δὲ
1455 3346 1552 3415 τὴν
1580 3346 1919 3418 ἀριστερὰν·

347 3441 503 3510 χεῖρα
546 3438 1059 3509 παραγυμνοῦσθαι,
1099 3437 1351 3507 σημαίνει
1390 3436 1474 3488 ὅτι
1506 3436 1610 3506 χρὴ
1650 3436 1746 3499 τὰς
1785 3436 1920 3503 ἅγαο

350 3531 447 3594 θὲς
469 3530 699 3603 πράξεις
726 3532 784 3584 ἐν
807 3532 936 3600 ἡμῖν
960 3528 1373 3601 προφαίνεσθαι,
1408 3528 1551 3581 κατά
1577 3530 1668 3580 τὸν
1689 3527 1783 3580 τοῦ
1808 3528 1921 3579 Σω-

346 3625 513 3695 τῆρος
559 3622 739 3691 λόγον,
800 3623 950 3684 ὅπως
1000 3621 1184 3673 ἴδωσιν
1221 3622 1269 3673 oi
1333 3620 1608 3691 ἄνθρωποι
1661 3618 1730 3671 τά
1778 3617 1921 3671 καλά

345 3706 504 3780 ἡμῶν
537 3711 696 3781 ἔργα,
734 3711 828 3764 καὶ
871 3711 1139 3774 δοξάσωσι
1174 3710 1267 3765 τὸν
1299 3710 1519 3782 Πατέρα
1551 3708 1710 3779 ἡμῶν
1743 3708 1833 3761 τὸν
1862 3709 1920 3760 ὲν

342 3806 456 3866 τοῖς
486 3804 757 3873 οὐρανοῖς.
788 3804 861 3856 Τὸ
892 3803 949 3857 δὲ
986 3803 1172 3874 μαῦρα
1199 3802 1269 3857 τὰ
1308 3801 1578 3872 ἐνδύματα
1623 3798 1783 3859 εἶναι.
1820 3817 1915 3870 ση-

349 3895 531 3963 μαίνει
556 3896 637 3948 δτι
659 3895 766 3965 χρὴ
796 3897 945 3966 ἡμᾶς
986 3898 1211 3964 ἀφανεῖς
1239 3891 1374 3948 εἶναι
1407 3894 1485 3965 τῷ
1516 3894 1726 3963 κόσμῳ,
1752 3893 1826 3955 ὡς
1854 3891 1915 3944 τὸ

343 3985 646 4055 πολίτευμα
688 3986 914 4057 ἔχοντας
943 3987 1002 4041 ἐν
1030 3987 1263 4057 οὐρανῷ.
1294 3988 1356 4039 Ei
1383 3986 1439 4040 δέ
1479 4003 1562 4049 τις
1603 3986 1662 4038 τὸ
1692 3984 1913 4039 παλλίον

342 4077 685 4146 τετράγωνον
708 4078 789 4143 δν,
821 4080 915 4131 καὶ
949 4079 1030 4141 είς
1054 4078 1152 4140 τὰς
1175 4077 1395 4146 γενικὰς
1424 4079 1693 4148 τέσσαρας
1712 4077 1915 4148 ἀρετὰς

342 4164 582 4228 ἐκλάϐοι,
613 4166 769 4220 τοῦτο
791 4168 1013 4230 εἰκότως
1039 4167 1136 4237 οὐχ
1161 4168 1561 4236 ἁμαρτήσεται.

2024 439 2126 478 nos
2148 424 2549 494 philosophiam
2578 424 2800 479 indutos
2820 440 2939 481 esse
2966 426 3168 480 debere
3190 426 3479 497 signiﬁcat,
3510 428 3596 482 cui

2024 515 2235 585 peccati
2291 516 2639 586 operationes
2672 524 2934 586 actusque
2964 517 3141 571 ablata
3174 518 3312 583 sint;
3349 535 3596 589 semper-

2024 622 2133 674 que
2180 622 2305 660 cum
2353 606 2598 661 facultati
2646 615 2759 661 tum
2811 608 3117 677 Operationi
3169 598 3422 677 oportere
3473 626 3594 665 esse

2025 693 2357 763 impositam.
2413 695 2668 749 Adversa:
2712 696 2857 749 enim
2913 696 3234 766 nequissimi
3286 697 3447 768 327
3500 714 3599 768 po-

2027 786 2239 839 testatis
2274 786 2375 850 vis,
2406 794 2467 840 ut
2494 794 2687 839 auctor
2714 796 2797 840 est
2822 786 3015 841 beatus
3038 787 3139 841 Job
3169 789 3234 853 ⁷²,
3262 788 3364 841 sub
3392 790 3598 843 ventris

2025 876 2288 931 umbilico
2326 884 2439 942 cst;
2481 877 2783 947 animique,
2821 888 2958 932 teste
2993 879 3153 933 beato
3190 880 3390 934 Davide
3413 881 3479 947 η,
3512 898 3599 935 re-

2023 966 2247 1034 plentur
2285 964 2594 1019 daemonum
2640 966 3007 1020 illusionibus.
3047 970 3187 1023 Sunt
3221 985 3352 1023 vero
3391 970 3600 1024 illusio-

2024 1072 2156 1121 nes,
2197 1057 2427 1112 diversm
2470 1056 2848 1113 fornicationis
2895 1059 3262 1127 operationes.
3309 1060 3598 1124 Ἀνάλαϐος

2022 1158 2205 1204 autem
2250 1150 2371 1221 (nos
2404 1148 2561 1218 quasi
2587 1149 2844 1219 replicam
2875 1152 2938 1214 “,
2980 1151 3340 1205 monasticum
3388 1153 3598 1207 scilicet

2022 1241 2328 1310 scapulare,
2353 1239 2618 1311 dicamus)
2650 1257 2773 1296 cum
2802 1251 2929 1295 ante
2960 1251 3215 1315 retroque
3245 1244 3443 1299 habeat
3464 1261 3597 1300 cru-

2021 1346 2175 1395 cem,
2232 1330 2338 1385 hoc
2384 1329 2656 1400 signiﬁcat
2691 1350 2704 1385 :
2738 1331 2943 1386 debere
2991 1349 3123 1397 nos,
3169 1335 3320 1404 juxta
3368 1338 3602 1405 Aposto—

2019 1422 2134 1475 lum
2159 1422 2226 1487 ⁷⁵,
2266 1436 2377 1474 non
2428 1421 2605 1476 solum
2654 1421 2862 1475 mundo
2907 1422 3198 1477 cruciﬁxus
3237 1439 3378 1489 esse,
3412 1425 3507 1479 sed
3543 1433 3597 1478 et

2020 1512 2285 1565 mundum
2320 1511 2375 1564 in
2407 1510 2570 1564 nobis
2611 1510 2931 1565 cruciﬁxum
2979 1510 3210 1579 habere;
3238 1528 3357 1582 quo
3391 1514 3599 1569 scilicet

2020 1603 2183 1657 nobis
2225 1603 2491 1656 mundum
2534 1602 2889 1673 fugientibus,
2921 1603 3056 1656 nihil
3106 1603 3481 1673 impedimenti
3517 1606 3602 1660 in-

2023 1706 2232 1762 currat,
2266 1713 2369 1751 nec
2418 1697 2617 1751 affectu
2665 1697 2722 1750 in
2763 1712 2890 1750 eum
2925 1712 2990 1751 ac
3018 1697 3269 1765 libidine,
3304 1703 3599 1771 conspicua

2022 1785 2236 1856 decepti
2268 1786 2472 1855 specie,
2506 1794 2820 1850 teneamur;
2856 1800 3034 1854 neque
3071 1803 3261 1842 rursus
3292 1804 3359 1843 eo
3389 1805 3420 1843 a
3447 1798 3599 1860 tergo

2021 1886 2417 1947 persequente,
2466 1877 2535 1931 iis
2584 1875 2983 1931 tentationibus
3028 1892 3149 1947 qua:
3196 1878 3383 1934 invitis
3430 1880 3600 1935 obve-

2021 1966 2202 2030 niunt,
2230 1974 2547 2020 contentum
2573 1965 2796 2036 pietatis
2821 1967 3067 2023 studium
3095 1967 3392 2038 quidquam
3415 1973 3603 2023 remit-

2024 2065 2239 2123 tamus;
2272 2056 2369 2111 sed
2393 2057 2546 2111 velut
2570 2059 2767 2113 Sensus
2790 2068 3043 2129 expertes
3067 2066 3124 2114 et
3145 2060 3302 2129 quasi
3338 2064 3597 2126 emortui,

2022 2145 2292 2200 adversus
2338 2153 2453 2199 tum
2499 2145 2842 2201 voluntarios
2884 2147 3115 2202 allectus
3159 2147 3439 2217 maiaque,
3484 2157 3598 2202 tum

2022 2233 2424 2289 involuntarios
2470 2235 2857 2290 consistamus.
2908 2236 3171 2291 Cucullus
3233 2238 3329 2292 Dei
3367 2239 3598 2308 gratiam

2021 2324 2320 2395 signiﬁcat,
2364 2333 2742 2396 protegentem
2787 2339 3027 2383 mentem
3069 2345 3300 2398 eamque
3338 2329 3601 2401 obtegen-

2024 2426 2153 2473 tem.
2197 2417 2367 2488 Cujus
2408 2419 2557 2473 enim
2602 2420 2845 2475 detonsa:
2888 2422 3344 2483 sunt,saeculares
3390 2423 3598 2493 cogita-

2021 2507 2220 2571 tiones,
2255 2508 2461 2577 galeam
2503 2510 2732 2564 assumit
2759 2511 3013 2564 salutaris
3040 2511 3105 2564 ⁷⁸.
3148 2511 3317 2566 Porro
3356 2513 3598 2569 sandalia

2022 2597 2166 2652 hanc
2190 2598 2397 2653 habent
2420 2601 2708 2656 rationem.
2741 2600 2877 2656 Cum
2904 2602 3050 2656 enim
3082 2618 3147 2657 ex
3179 2603 3413 2659 mortuis
3439 2606 3598 2674 pelli-

2021 2692 2127 2748 bus
2172 2695 2440 2763 confecta,
2484 2713 2548 2753 ac
2595 2700 2843 2769 corporis
2886 2700 3097 2770 exiguae
3138 2702 3279 2771 parti
3325 2703 3597 2764 substrata

2022 2787 2152 2853 sint,
2195 2787 2301 2843 hoc
2339 2789 2639 2846 denotant:
2674 2808 2780 2861 qua
2827 2793 3038 2848 ratione
3082 2802 3257 2849 totum
3302 2811 3504 2867 corpus
3530 2797 3595 2851 ad

2022 2878 2254 2933 sandalii
2303 2881 2529 2952 vestigia
2563 2898 2619 2937 se
2668 2882 2851 2950 habet,
2889 2885 2969 2940 sic
3014 2900 3241 2940 necesse
3280 2896 3342 2942 ut
3386 2887 3600 2942 animus

2022 2984 2254 3039 corpore
2304 2979 2510 3035 utatur,
2554 2972 2842 3042 ipsumque
2876 2974 3164 3030 affectibus
3197 2976 3597 3032 innaturalibus

2026 3062 2151 3135 (qui
2194 3064 2402 3118 scilicet
2448 3064 2582 3118 vitio
2632 3065 2905 3135 haereant)
2955 3066 3035 3121 sic
3085 3068 3243 3136 quasi
3287 3079 3595 3123 emortuum

2022 3152 2236 3208 reddat.
2276 3154 2521 3224 Denique
2557 3157 2804 3225 pallium,
2835 3157 2981 3227 quod
3018 3158 3218 3213 habeat
3242 3168 3477 3229 quatuor
3499 3178 3598 3214 an-

2020 3258 2176 3327 gulos
2197 3298 2211 3322 ,
2259 3274 2323 3313 ac
2346 3258 2584 3313 mundus
2608 3260 2773 3315 etiam
2797 3271 3034 3331 quatuor
3056 3263 3343 3319 elementis
3363 3274 3595 3330 constet,
3704 3280 3727 3283 “

2021 3348 2126 3403 hoc
2152 3349 2359 3405 indicat
2388 3368 2400 3404 :
2430 3351 2634 3407 debere
2671 3369 2772 3407 nos
2786 3356 2951 3409 etiam
2985 3355 3038 3410 id
3073 3372 3245 3426 genus
3275 3358 3600 3426 speculatio-

2019 3440 2106 3495 nis
2137 3440 2386 3505 induere,
2419 3443 2567 3512 quod
2612 3446 2849 3499 naturali
2895 3462 2997 3500 usu
3045 3456 3357 3516 praestatur,
3392 3463 3461 3501 ne
3510 3463 3599 3503 res

2020 3532 2197 3587 oculis
2234 3534 2510 3605 subjectas
2568 3553 2636 3592 ex
2681 3553 2877 3592 sensus
2918 3538 3327 3607 aﬂ‘ectuumque
3369 3538 3597 3593 libidine

2020 3634 2342 3685 cernamus,
2378 3623 2474 3675 sed
2524 3639 2621 3692 per
2668 3625 2936 3679 rationem
2982 3640 3105 3695 qua:
3159 3626 3266 3679 illis
3317 3626 3489 3690 inest,
3528 3627 3599 3679 ad

2020 3712 2241 3766 illorum
2297 3724 2578 3768 auctorem
2637 3715 3026 3785 provehamur.
3076 3714 3233 3781 Quod
3286 3727 3467 3771 autem
3524 3719 3600 3772 si-

2021 3801 2194 3856 nistra
2241 3818 2434 3858 manus
2481 3803 2694 3859 detecta
2746 3804 2838 3870 sit,
2886 3805 2993 3859 hoc
3034 3805 3344 3876 signiﬁcat,
3394 3806 3598 3863 debere

2022 3890 2195 3947 bonas
2253 3893 2498 3948 actiones
2551 3894 2608 3948 in
2654 3893 2815 3949 nobis
2858 3895 3191 3964 praelucere,
3242 3896 3395 3966 juxta
3450 3898 3595 3967 quod

2018 3982 2269 4053 praecipit
2290 3984 2575 4049 Dominus,
2607 3994 2666 4039 ut
2688 3984 2911 4040 videant
2941 3985 3194 4040 homines
3221 4001 3386 4056 opera
3410 3996 3596 4042 nostra

2022 4074 2185 4140 bona,
2211 4085 2268 4130 et
2307 4075 2615 4147 gloriﬁcent
2650 4078 2867 4131 Patrem
2906 4086 3156 4132 nostrum
3203 4080 3297 4149 qui
3339 4080 3394 4134 in
3442 4081 3595 4136 cmlis

2021 4175 2105 4220 est
2130 4168 2194 4221 ’⁸.
2229 4168 2384 4235 Quod
2420 4170 2551 4239 pulli
2583 4169 2784 4223 coloris
2816 4171 2927 4223 sint
2960 4169 3302 4235 indumenta,
3328 4172 3434 4228 hoc
3470 4172 3596 4227 insi-

340 4268 497 4321 nuat,
528 4258 729 4313 debere
770 4275 872 4315 nos
905 4275 1025 4315 esse
1055 4261 1256 4315 saeculo
1294 4261 1582 4327 obscuros,
1650 4270 1710 4315 ut
1746 4261 1838 4330 qui
1870 4259 2036 4313 vitam
2074 4277 2138 4316 ac
2166 4264 2561 4335 municipatum
2633 4266 2687 4318 in
2716 4265 2854 4319 caelo
2922 4264 3221 4321 habeamus
3247 4267 3313 4320 ".
3349 4266 3447 4322 Sin
3499 4285 3594 4324 au-

340 4365 451 4407 tem
478 4350 679 4421 aliquis
731 4352 978 4421 pallium,
1004 4352 1150 4422 quod
1186 4363 1424 4423 quatuor
1457 4353 1688 4424 angulos
1726 4352 1946 4417 habeat,
1988 4355 2153 4409 etiam
2198 4356 2267 4411 ad
2310 4357 2596 4427 generales
2639 4366 2875 4427 quatuor
2936 4357 3171 4413 virtutes
3215 4358 3485 4426 retulerit,
3526 4379 3595 4415 ne

335 4444 421 4498 sic
450 4443 671 4513 quidem
699 4459 727 4497 a
754 4458 887 4499 vero
915 4443 1280 4499 aberraverit.

938 4555 1134 4610 ΕΡΩΤ.
1173 4557 1297 4611 ΞΗν.

1004 4758 1234 4828 Ἂπόκρ.

404 4848 643 4918 Εἰρήνην
667 4850 694 4902 ό
722 4849 901 4920 ἱερεὺς
931 4848 1039 4902 ἀπὸ
1063 4848 1157 4902 τοῦ
1188 4848 1358 4919 ὕψους
1398 4849 1497 4919 τῆς
1540 4849 1814 4920 καθέδρας
1836 4854 1905 4923 τῇ

343 4940 643 5011 Ἐκκλησία
682 4940 1097 5010 ἐπιφθέγγεται,
1130 4941 1222 4995 τὸν
1266 4941 1470 5013 Κύριον
1514 4940 1612 5010 τῆς
1638 4941 1907 5012 καθέδρας

332 5032 687 5103 μιμούμενος,
715 5034 1230 5105 ἀναλαμϐανόμενον
1266 5036 1491 5106 εἰρήνην
1532 5034 1632 5106 τὴν
1677 5034 1903 5101 οἰκείαν,

329 5126 424 5182 xii.
452 5127 680 5196 ἀφιέντα
709 5128 803 5181 καὶ
849 5128 1082 5182 διδόντα.
1114 5126 1181 5180 Τὸ
1233 5126 1307 5193 δὲ,
1338 5127 1449 5182 Kal
1495 5127 1575 5194 τῷ
1610 5128 1904 5198 πνεύματι

2421 4562 2585 4632 328
2622 4560 2900 4616 INTER“.
2952 4559 3181 4615 LXVIII.

2088 4692 2101 4705 ο
2148 4693 2159 4704 ο
2205 4692 2218 4704 0
2263 4691 2277 4705 ο
2324 4693 2335 4705 ο
2382 4692 2395 4705 ο
2441 4692 2453 4705 ο
2501 4692 2513 4703 0
2560 4690 2573 4702 υ
2618 4689 2632 4703 0
2680 4691 2693 4703 ο
2746 4691 2759 4703 ο
2805 4687 2819 4701 0
2864 4689 2877 4703 0
2924 4688 2939 4702 0
2983 4690 2996 4703 0
3041 4689 3057 4704 ο
3103 4688 3117 4701 0
3161 4689 3173 4701 ι
3217 4691 3232 4703 ο
3278 4690 3291 4703 ε
3338 4689 3349 4700 I
3395 4688 3409 4701 0
3453 4688 3467 4702 ο
3513 4690 3527 4705 ο
3581 4692 3587 4703 ι

2718 4762 2874 4833 Resp.

2078 4857 2346 4913 Sacerdos
2370 4873 2400 4913 e
2427 4857 2648 4913 sublimi
2692 4856 2965 4912 cathedrae
2988 4856 3160 4928 gradu
3184 4873 3374 4928 pacem
3400 4859 3585 4915 Eccle-

2007 4947 2101 5003 siae
2122 4950 2404 5014 acclamat,
2434 4949 2675 5005 imitatus
2700 4948 2970 5005 cathedrae
2995 4948 3309 5017 Dominum,
3333 4950 3449 5021 qui,
3473 4968 3584 5023 quo

2008 5046 2251 5109 tempore
2282 5039 2685 5106 assumebatur,
2714 5040 2829 5095 suis
2857 5054 3044 5110 pacem
3072 5040 3295 5110 reliquit
3321 5056 3384 5097 ac
3409 5042 3579 5097 dedit.

2004 5128 2160 5196 Quod
2189 5139 2370 5187 autem
2394 5132 2629 5203 populus
2655 5132 3000 5203 respondeat,
3020 5133 3089 5187 Et
3113 5137 3443 5206 cum‘spiritu
3469 5147 3576 5197 tuo,

396 5282 444 5316 ”
468 5280 573 5338 Job
593 5298 681 5347 ιι,
709 5282 796 5337 II.
871 5282 915 5314 '"
938 5281 1079 5337 Psal.
1111 5298 1316 5342 xxmt.
1337 5282 1390 5336 8.
1448 5283 1493 5315 ⁷⁵
1515 5282 1690 5338 Galal.
1714 5299 1790 5348 vt,
1825 5284 1910 5339 Μ.

2020 5285 2198 5356 'Eph.
2232 5304 2305 5353 vr,
2338 5287 2424 5340 l7.
2492 5287 2537 5319 "
2562 5285 2753 5341 Matth.
2783 5304 2835 5354 ν,
2870 5286 2954 5342 10.
3032 5287 3078 5319 ⁷⁷
3100 5287 3337 5361 Philipp.
3374 5306 3451 5357 ut,
3480 5290 3576 5347 20.

401 5422 421 5443 '
445 5419 586 5487 Quid
616 5421 661 5476 si
688 5421 885 5487 δεξιάν,
916 5422 984 5476 ad
1014 5422 1222 5477 laboris
1260 5422 1472 5477 scilicet
1499 5424 1697 5478 usum?

331 5538 508 5607 gentis
600 5546 861 5591 mentem.
955 5537 1310 5600 Dorotheus,
1388 5536 1535 5607 quod
1601 5552 1898 5607 puerorum

334 5616 706 5679 tegumentum
765 5607 962 5677 capitis
1034 5608 1137 5669 sit,
1203 5607 1415 5677 signum
1477 5607 1639 5663 docet
1700 5626 1891 5662 ταπει-

614 5702 882 5760 Pnnon.
931 5700 1046 5759 (In.
1097 5699 1221 5760 XC.

2053 5428 2086 5445 “
2122 5425 2258 5480 Vide
2288 5425 2440 5481 Cass.
2472 5425 2509 5479 l.
2542 5425 2575 5480 9
2603 5426 2666 5479 de
2689 5428 2869 5481 habitu
2896 5428 3294 5483 monachorum.

2004 5537 2241 5665 vtbafeme,
2272 5539 2605 5609 humilitatis,
2635 5540 2792 5612 cujus
2812 5541 3381 5599 sanctiusinstitutum
3412 5548 3588 5598 totum

2004 5626 2096 5665 pro
2121 5624 2265 5665 essm
2299 5620 2402 5665 est.

1996 5620 2265 5681 prot‘essto
2299 5620 2402 5665 est.

3199 5699 3276 5758 2'1
