4036 6210
309 221 419 287 853

1469 226 1964 297 QUESTIONES
2002 229 2097 288 ΕΤ
2137 229 2390 290 DUBIA.

3452 237 3568 303 85k

305 334 602 407 πρόόατον,
628 334 725 391 τὸν
744 337 933 411 μαλὸν,
960 338 1020 394 τὺ
1041 339 1203 408 γάλα,
1230 339 1321 393 τὸν
1342 340 1534 410 ἀμνόν.
1571 340 1633 393 Ἥ
1661 339 1718 395 δὲ
1743 340 1878 411 κόρη

1991 339 2092 406 lac,
2122 356 2452 411 agnumque.
2499 342 2630 413 Ejus
2657 342 2918 412 pupillam
2960 341 3103 397 oculi
3154 359 3279 397 cum
3306 346 3420 400 sole
3449 350 3558 403 eir.

303 426 409 485 τοῦ
437 427 721 500 ὀφθαλμοῦ
775 430 963 496 αὐτοῦ,
1020 433 1419 504 συμπεριπολεῖ
1466 432 1544 503 τῷ
1590 433 1746 503 ἡλίῳ,
1784 431 1878 486 καὶ

302 521 546 593 ἑκάστης
576 522 789 593 ἡμέρας
818 523 1075 592 ἀφοδεύει
1106 524 1417 595 σπυράθους
1443 525 1571 590 τξε⁹.
1613 525 1687 579 Τὸ
1711 525 1769 579 δὲ
1793 524 1880 579 λο-

302 612 462 679 γικὸν
492 613 765 684 πρόϐατον
806 616 834 667 ὁ
879 614 1187 687 ἄνθρωπος,
1232 615 1389 687 εἴπερ
1416 616 1609 670 ἑαυτὸν
1640 616 1880 687 προσφέ-

306 722 425 775 ρειν
451 704 642 759 θυσίαν
664 706 743 778 τῷ
760 709 1089 781 κτησαμένῳ
1117 709 1236 779 Θεῷ
1263 709 1589 774 ἐσπούδακε,
1617 710 1881 782 χρεωστεῖ

302 798 507 851 διδόναι
550 798 740 869 ὥσπερ
782 800 970 871 μαλδν,
1018 802 1120 870 τὴν
1154 801 1349 873 ἠθικὴν
1398 800 1633 872 πρᾶξιν·
1691 800 1768 863 ὡς
1821 798 1879 853 δὲ

305 893 468 960 γάλα,
506 893 605 965 τὴν
631 892 868 961 φυσικὴν
902 892 1133 963 Θεωρίαν
1165 893 1453 965 (θρεπτικὴ
1476 893 1588 964 γὰρ
1613 892 1757 962 αὕτη
1783 892 1877 949 τοῦ

307 981 447 1053 νοῦ)·
482 982 557 1048 ὡς
612 982 670 1038 δὲ
724 983 919 1053 ἀμνὸν,
972 982 1063 1040 τὸν
1095 984 1534 1054 μαθητευόμενον
1568 984 1880 1052 ἀπογεννῶν

304 1073 396 1128 διὰ
429 1073 528 1144 τῆς
558 1074 927 1140 διδασκαλίας,
977 1076 1070 1132 καὶ
1120 1076 1294 1131 πάντα
1332 1077 1517 1147 ὅμοιον
1566 1076 1742 1148 ὲαυτῷ
1786 1076 1880 1130 καὶ

305 1167 512 1220 τέλειον
573 1167 887 1231 σπουδάζων
942 1168 1236 1241 προσάγειν
1282 1168 1361 1239 τῷ
1400 1168 1539 1238 Θεῷ.
1571 1167 1731 1223 Ἀλλὰ
1786 1168 1879 1220 καὶ

305 1258 409 1329 τὴν
440 1257 610 1329 κόρην
636 1257 731 1311 τοῦ
785 1256 1086 1327 ὀφθαλμοῦ,
1141 1260 1169 1311 ό
1217 1258 1456 1323 τοιοῦτος
1490 1260 1600 1328 ἔχει
1639 1258 1713 1328 τῷ
1744 1258 1880 1328 ἡλίῳ

307 1347 821 1420 συμπεριπολοῦσαν
843 1364 857 1378 ⁸
912 1346 1157 1401 τουτέστι
1184 1349 1273 1402 τὸν
1296 1348 1443 1415 νοῦν,
1483 1348 1561 1419 τῷ
1591 1348 1756 1418 Ἡλίῳ
1782 1349 1880 1418 τῆς

305 1439 678 1510 δικαιοσύνης,
716 1439 805 1497 διὰ
854 1439 956 1510 τῆς
988 1441 1354 1511 προνοητικῇ
1397 1440 1504 1496 τῶν
1550 1440 1720 1494 ὄντων
1752 1439 1881 1493 διοι-

307 1532 525 1601 κήσεως
554 1530 774 1598 φέροντι
808 1530 879 1586 τὰ
926 1530 1193 1601 ἡμέτερα,
1245 1531 1675 1603 συμπεριπολεῖ·
1726 1547 1880 1586 τουτω-

306 1624 481 1686 έστιν,
512 1621 867 1676 ἐπακολουθεῖ
900 1640 913 1656 ·
952 1623 1009 1678 ιν
1037 1638 1096 1678 τε
1130 1624 1237 1695 γὰρ
1285 1624 1527 1693 θλίψεσιν
1550 1664 1566 1689 ,
1612 1622 1670 1678 ἓν
1701 1639 1761 1675 τε
1792 1622 1875 1676 εὐν

1983 433 2232 503 cumagi,
2284 433 2443 504 333
2493 449 2556 489 ae
2605 433 2853 503 quotidie
2897 432 3115 502 pillulas
3157 434 3262 490 565
3311 450 3555 506 egerere.

1984 527 2217 585 Ratione
2247 535 2429 583 autem
2459 526 2721 595 praeditus
2748 528 2887 591 ovis,
2925 527 3110 591 homo,
3158 526 3426 596 siquidem
3457 530 3561 586 hoc

1983 619 2176 677 scdulo
2201 627 2343 690 agat,
2379 626 2440 674 ut
2477 635 2536 674 se
2569 620 2701 684 Deo,
2741 620 2898 690 cujus
2928 618 3158 673 dominii
3185 626 3291 683 est,
3324 619 3559 677 hostiam

1983 711 2201 776 oderat,
2245 712 2489 782 praebeat
2523 727 2749 769 necesse
2778 719 2882 778 est,
2931 720 3189 780 tanquam
3232 712 3425 776 vellus,
3473 729 3563 769 ac-

1986 802 2192 857 tionem
2220 802 2466 857 moribus
2503 802 2846 867 institutam;
2884 810 3141 871 tanquam
3174 817 3304 856 vero
3332 802 3437 865 lac,
3469 820 3560 856 na—

1986 893 2217 949 turalem
2248 893 2676 961 speculationem
2708 894 2849 965 (ejus
2889 893 3037 946 enim
3072 891 3348 947 facultatis
3380 901 3462 947 est
3505 903 3563 948 ut

1985 992 2225 1039 mentem
2246 984 2401 1055 alat),
2421 994 2482 1041 ut
2507 995 2693 1041 autem
2715 1000 2937 1053 agnum,
2959 983 3289 1051 discipulum
3316 984 3563 1039 doctrina

1985 1073 2263 1137 adultum,
2308 1089 2406 1143 per
2452 1076 2635 1130 omnia
2687 1075 2922 1133 similem
2968 1075 3417 1144 perfectumque,
3452 1076 3562 1129 Deo

1985 1164 2186 1220 oﬂ‘erre
2210 1165 2447 1221 studeat.
2480 1164 2587 1221 Sed
2613 1175 2668 1222 et
2691 1167 2955 1236 pupillam
2985 1168 3155 1233 oculi,
3183 1166 3275 1236 qui
3308 1166 3430 1223 talis
3456 1176 3560 1231 est,

1987 1271 2097 1311 uua
2137 1270 2263 1309 cum
2302 1257 2417 1311 sole
2460 1258 2613 1312 velut
2654 1268 2932 1329 gyrantem
2978 1259 3174 1325 habet;
3218 1259 3311 1328 qui
3356 1257 3565 1313 scilicet

1986 1360 2096 1399 una
2119 1361 2243 1399 cum
2267 1346 2393 1401 Sole
2413 1347 2661 1416 justitize,
2694 1364 2792 1417 per
2820 1349 3219 1417 providentiam
3244 1364 3333 1403 res
3362 1348 3561 1419 guber-

1985 1445 2151 1492 nante
2182 1452 2247 1491 ac
2280 1453 2402 1510 quae
2431 1448 2616 1494 nostra
2642 1448 2773 1494 sunt
2805 1439 3032 1506 (ereum,
3061 1449 3297 1495 mentem
3324 1440 3562 1495 circum-

1984 1538 2145 1599 agat;
2207 1544 2404 1600 nempe
2462 1546 2590 1585 eum
2637 1531 2941 1602 sequendo,
2972 1531 3026 1586 in
3058 1532 3319 1589 aerumnis
3360 1531 3565 1601 pariter

1986 1629 2149 1690 atque
2182 1621 2441 1676 secundis
2475 1621 2643 1677 rebus
2668 1622 2872 1693 gratias
2910 1631 3067 1692 agat;
3112 1631 3417 1691 cunctaque
3459 1620 3564 1681 rite

305 1714 570 1784 ημερίαις
606 1713 965 1786 εὐχαριστῶν·
1003 1714 1096 1770 ὲπί
1125 1731 1184 1769 τε
1212 1718 1279 1786 τῇ
1331 1714 1513 1779 καλῶς
1557 1714 1765 1785 ἀγούσῃ
1815 1712 1884 1767 τὰ

1991 1713 2168 1783 agenti
2216 1729 2282 1768 ac
2320 1712 2579 1783 dirigenti
2628 1714 3021 1783 providentia),
3064 1728 3337 1782 propense
3378 1711 3563 1766 animo

312 1804 493 1858 πάντα
524 1805 769 1876 προνοίᾳ.
806 1804 1129 1860 ’Δποδάλλει
1167 1805 1227 1860 δὲ
1276 1806 1305 1859 ό
1361 1805 1601 1868 τοιοῦτος
1646 1805 1883 1874 ἑκάστης

308 1896 527 1967 ἡμέρας
579 1896 890 1968 σπυράθους
938 1896 1078 1963 τξε”
1134 1897 1403 1961 τουτέστι,
1431 1897 1501 1951 τὰ
1551 1895 1657 1950 ὑπὸ
1688 1895 1883 1965 χρόνον

307 1990 419 2043 καὶ
444 1990 658 2058 γένεσιν
694 1988 915 2061 φθαρτὰ
941 1990 1038 2047 καὶ
1082 1989 1318 2061 περισσὰ
1356 1990 1617 2045 ἑκάστοτε
1648 1988 1882 2061 ἀπορρί-

312 2099 458 2135 πτει.

384 2176 519 2245 Περὶ
546 2174 603 2227 δὲ
626 2174 722 2228 τοῦ
754 2174 874 2245 βοός
909 2192 1095 2245 φασιν,
1128 2175 1208 2229 ὅτι
1235 2174 1333 2245 τὴν
1363 2174 1587 2245 καρδίαν
1619 2174 1885 2243 τρίγωνον

313 2264 614 2334 κέκτηται·
667 2264 759 2317 τὸν
806 2264 866 2320 δὲ
903 2265 1103 2335 νεφρδν
1152 2263 1511 2321 πεντάδολοψ
1562 2263 1674 2335 ἔχει
1705 2264 1763 2318 δὲ
1791 2264 1887 2318 καὶ

310 2356 464 2423 τρεῖς
494 2355 797 2424 στομάχους
821 2371 839 2388 ’
890 2358 986 2410 καὶ
1030 2354 1131 2427 τὴν
1172 2355 1271 2428 μὲν
1306 2355 1545 2427 ἡμέραν,
1580 2357 1888 2425 φωτοειδεῖς

310 2445 429 2514 ἔχει
459 2444 580 2508 τοὺς
605 2444 950 2515 όφθαλμούς’
982 2448 1046 2515 τῇ
1080 2446 1138 2499 δὲ
1186 2445 1363 2511 νυκτὶ,
1400 2446 1704 2516 πυροειδεῖς
1728 2463 1740 2476 ·
1792 2448 1889 2501 καὶ

306 2536 499 2604 τρίτον
530 2535 625 2605 τῆς
654 2536 869 2607 ἡμέρας
902 2536 996 2589 καὶ
1014 2536 1197 2607 τρίτον
1217 2538 1316 2607 τῆς
1343 2537 1533 2600 νυκτὸς
1555 2538 1674 2591 κατ’
1700 2539 1889 2593 ἀνατο-

309 2625 414 2689 λὰς
441 2626 583 2695 ὁρῶν
608 2626 758 2680 πνέει
786 2626 997 2696 φυσῶν.
1034 2626 1093 2681 '0
1121 2627 1294 2694 δεξιὸς
1329 2625 1495 2681 αὐτοῦ
1525 2627 1630 2697 ῥὶς,
1660 2627 1888 2683 εὐωδιά-

309 2718 402 2781 ζει
452 2718 697 2789 μόσχον·
748 2719 809 2771 τὸ
856 2719 915 2773 δὲ
961 2712 1101 2788 αἷμα
1149 2720 1337 2786 αὐτοῦ,
1386 2720 1729 2794 ἀναιρετικόν
1773 2722 1889 2775 ἐστι

309 2808 539 2862 πάντων
580 2810 687 2862 τῶν
718 2810 941 2880 ἡμέρων
988 2807 1164 2874 ζώων,
1216 2809 1385 2880 χωρὶς
1425 2810 1520 2863 τοῦ
1572 2811 1754 2874 κυνός.
1800 2812 1892 2865 Δεῖ

313 2898 418 2954 οὖν
448 2902 543 2954 καὶ
573 2902 718 2971 ἡμᾶς
750 2900 940 2971 ὥσπερ
974 2899 1100 2970 βοῦν
1129 2900 1417 2971 φέροντας.
1453 2899 1547 2953 τὸν
1594 2900 1758 2969 ζυγὸν
1794 2899 1889 2954 τοῦ

1982 1805 2314 1875 acquieseat.
2365 1805 2551 1876 Egerit
2604 1814 2790 1862 autem
2838 1804 3086 1875 quotidie
3135 1804 3407 1875 ejusmodi
3459 1803 3564 1856 365

1983 1892 2233 1963 pillulas;
2283 1892 2335 1947 id
2368 1904 2475 1959 est,
2524 1893 2759 1964 tempori
2798 1894 3054 1963 ortuique
3096 1892 3354 1957 obnoxia,
3388 1906 3564 1960 eoque

1984 1983 2277 2040 interitura
2299 2000 2364 2039 ac
2389 1984 2689 2056 superﬂua,
2714 1984 2963 2056 quotidie
2988 1983 3228 2041 abdicat.

2055 2172 2138 2228 Ad
2167 2173 2366 2229 bovem
2400 2182 2585 2229 autem
2612 2174 2760 2245 quod
2795 2174 3017 2237 attinet,
3050 2174 3209 2228 aiunt
3238 2173 3446 2228 habere
3468 2186 3566 2228 cor

1988 2265 2358 2337 triangulum;
2393 2282 2602 2331 renem,
2640 2266 2887 2337 quinque
2933 2266 3091 2335 quasi
3125 2263 3567 2335 projectionibus

1986 2368 2327 2425 exstantem;
2378 2360 2723 2415 stomachum
2759 2358 3068 2428 triplicem;
3105 2358 3282 2414 oculis
3322 2356 3565 2412 interdiu

1986 2450 2209 2515 lucidis,
2244 2461 2411 2506 noctu
2464 2451 2640 2521 igneis
2676 2467 2831 2516 esse;
2880 2458 3068 2505 ternas
3105 2447 3380 2512 interdiu,
3438 2446 3565 2501 toti-

1989 2543 2224 2613 demque
2257 2554 2425 2599 noctu
2453 2546 2603 2599 vices
2629 2582 2646 2609 ,
2696 2559 3024 2599 conversum
3057 2541 3126 2598 ad
3162 2542 3434 2597 orientem
3479 2551 3559 2594 tu-

1988 2645 2229 2691 mentem
2257 2636 2617 2707 inilatumque
2635 2636 2870 2705 spirare.
2895 2635 3184 2692 Dexteram
3207 2634 3327 2704 ejus
3376 2648 3567 2687 narem

1989 2725 2203 2783 moschi
2256 2727 2466 2797 spirare
2520 2726 2927 2797 fragrantiam;
3004 2725 3327 2795 sanguinem
3379 2723 3568 2778 cicura

1988 2832 2223 2888 quaeque
2264 2818 2563 2881 animalia,
2615 2827 2847 2887 excepto
2883 2832 3039 2881 cane,
3101 2831 3322 2871 necare.
3372 2813 3568 2884 Operm

1991 2911 2230 2980 pretium
2259 2910 2468 2979 itaque,
2516 2925 2617 2964 nos
2661 2923 2884 2977 quoque
2937 2908 3096 2962 bovis
3147 2906 3322 2960 instar
3362 2904 3567 2960 Christi

308 2992 557 3064 Χριστοῦ
589 2994 1154 3064 μεταχειριζομένους,
1191 2995 1289 3057 τὰς
1328 2992 1537 3057 λιθίνας
1565 2994 1889 3064 ἁνατέμνειν

1991 3010 2273 3071 assumpto
2297 3002 2450 3071 jugo,
2485 3000 2699 3071 lapidea
2745 2999 2915 3055 corda
2948 2998 3336 3069 proscindere;
3368 3012 3434 3051 ac
3483 2984 3567 3049 vi-

310 3093 551 3163 καρδίας
572 3107 585 3121 °
640 3093 734 3145 καὶ
769 3092 866 3154 τὰς
901 3094 1000 3161 μὲν
1034 3091 1276 3153 ἀκάνθας
1312 3089 1422 3143 τῶν
1471 3088 1658 3143 παθῶν
1735 3089 1889 3161 ὲκρι-

309 3185 450 3251 ζοῦν
473 3202 489 3217 ·
523 3184 813 3238 πλατύνειν
848 3183 1029 3254 δὲτὴν
1054 3183 1159 3253 γῆν
1190 3182 1289 3253 τῆς
1327 3181 1556 3253 καρδίας
1584 3181 1723 3253 πρὸς
1754 3182 1889 3235 61:0-

309 3276 482 3346 δοχὴν
504 3274 596 3328 τοῦ
633 3273 778 3326 θείου
804 3272 1005 3341 ἠλόγου.
1029 3273 1216 3342 Ἐχειν
1242 3272 1319 3325 ’δὲ
1371 3273 1466 3325 καὶ¹
1508 3272 1609 3341 τὴν
1665 3271 1890 3343 καρδίαν

312 3366 608 3436 τρίγωνον,
666 3365 915 3418 τουτέστι
966 3362 1058 3415 τὸν
1115 3363 1241 3433 περὶ
1289 3362 1519 3433 Τριάδος
1574 3362 1730 3432 λόγον
1762 3363 1889 3435 ὑγιῆ

311 3460 466 3528 ἔχειν
496 3459 554 3510 ὲν
579 3460 643 3527 τῇ
689 3456 887 3527 καρδίᾳ
906 3474 919 3488 θ
980 3456 1068 3509 ἵνα
1113 3454 1358 3525 ῶσπερὴ
1392 3454 1586 3524 καρδία
1615 3453 1891 3507 διαδίδωσι

314 3549 568 3617 φυσικῶς
596 3548 692 3619 τὴν
719 3549 865 3619 ζωὴν
898 3547 974 3619 τῷ
1010 3546 1242 3617 σώματι,
1273 3546 1447 3610 οὕτως
1473 3547 1567 3601 καὶ
1590 3548 1624 3618 ἡ
1655 3548 1734 3609 είς
1758 3546 1895 3600 Θεὸν

312 3642 591 3707 εὐσέϐεια,
624 3641 692 3694 τὰ
728 3640 863 3711 μέλη
890 3642 989 3709 τῆς
1022 3639 1202 3709 ψυχῆς
1235 3637 1533 3709 συνίστησι.
1570 3639 1674 3693 Τὸν
1706 3638 1764 3695 δὲ
1802 3656 1891 3691 νεα

313 3732 463 3801 φρδν
484 3732 621 3801 ἔχειν
652 3730 1001 3795 πεντάδολον,
1038 3728 1288 3783 τουτέστι
1316 3729 1375 3782 τὸ
1398 3729 1792 3799 ἐπιθυμητικὸν
1818 3729 1893 3800 μὴ

315 3821 465 3890 πρὸς
493 3822 557 3873 τὰ
577 3822 722 3890 πάθη
753 3820 1072 3892 τετράφθαι,
1105 3818 1243 3872 ἀλλὰ
1266 3819 1354 3871 διὰ
1378 3819 1487 3871 τῶν
1512 3826 1552 3871 ε’
1590 3820 1893 3889 αἰσθήσεων
1952 3828 1955 3833 ’

312 3920 425 3985 τὴν
449 3914 623 3966 κτίσιν
650 3913 1005 3967 κατοπτεύειν
1031 3914 1111 3976 είς
1135 3912 1302 3982 μόνην
1319 3911 1609 3981 ἐπιθυμίαν
1639 3910 1730 3965 καὶ
1759 3910 1895 3979 ἀγά-

318 4025 435 4076 πην
456 4006 549 4060 τοῦ
581 4006 900 4070 Κτίσαντος.
927 4006 1089 4074 Τρεῖς
1118 4006 1175 4059 δὲ
1205 4006 1509 4076 στομάχους
1559 3999 1859 4076 κεκτῆσθαι
1879 4021 1892 4034 ·

316 4103 352 4153 ὁ
391 4100 659 4170 στόμαχος
693 4099 908 4169 πρῶτον
940 4098 1011 4152 τὰ
1045 4099 1190 4151 σιτία
1217 4099 1521 4168 δεχόμενος,
1556 4098 1648 4149 καὶ
1674 4097 1762 4150 διὰ
1795 4096 1896 4166 τῆς

318 4194 598 4262 πεπτικῆς
625 4190 909 4261 δυνάμεως
939 4190 1000 4244 τὸ
1030 4189 1319 4261 εἰλικρινὲς
1342 4190 1532 4251 αὐτῶν,
1548 4189 1763 4259 ἑκάστῳ
1790 4189 1896 4241 τῶν

324 4283 509 4353 μελῶν
561 4283 960 4355 παραπέμψας,
990 4283 1052 4336 τὸ
1099 4282 1284 4336 λοιπὸν
1332 4286 1397 4353 τῇ
1449 4282 1627 4353 κοιλίᾳ
1660 4282 1890 4337 δίδωσιν.

1995 3090 2195 3145 tiorum
2219 3091 2438 3161 quidem
2464 3091 2652 3160 Spinas
2680 3090 2940 3154 evellere,
2973 3088 3157 3143 cordis
3187 3104 3318 3141 vero
3362 3096 3567 3141 terram

1990 3183 2060 3237 ad
2094 3183 2507 3252 suscipiendum
2540 3182 2789 3236 divinum
2818 3195 3128 3235 sermonem
3173 3179 3424 3233 dilatare.
3461 3178 3569 3233 Cor

1990 3275 2123 3328 item
2164 3274 2372 3328 habere
2401 3275 2697 3344 trigonum,
2729 3288 2915 3327 sanam
2949 3272 3161 3326 scilicet
3205 3271 3373 3325 corde
3410 3281 3569 3324 tenus

1992 3366 2060 3421 de
2091 3364 2362 3419 Trinitate
2386 3363 2725 3441 doctrinam;
2757 3371 2816 3417 ut
2849 3363 2992 3418 sicut
3034 3377 3131 3416 cor
3165 3370 3361 3415 natura
3400 3360 3567 3412 vitam

1992 3456 2214 3526 corpori
2250 3444 2555 3519 distribuit,
2590 3455 2670 3509 sic
2705 3462 2762 3508 et
2795 3454 2971 3523 pietas
3016 3454 3071 3508 in
3103 3454 3275 3507 Deum
3322 3451 3569 3506 membra

1990 3548 2239 3603 stabiliat
2287 3558 2450 3617 atque
2481 3554 2718 3617 vegetet.
2745 3548 2953 3601 lienem
3004 3552 3217 3615 septem
3252 3544 3407 3614 quasi
3440 3560 3568 3613 prn-

1986 3641 2325 3711 jectionibus
2369 3648 2706 3705 exstantem;
2754 3638 2830 3694 ita
2892 3636 3157 3693 nimirum
3207 3646 3269 3691 ut
3307 3636 3568 3705 cupiendi

1991 3733 2077 3787 vis
2108 3748 2217 3786 non
2274 3733 2342 3785 ad
2364 3731 2494 3786 vitia
2531 3746 2596 3785 ac
2619 3729 2881 3784 libidines
2905 3742 3171 3783 conversa
3198 3727 3290 3789 sit,
3322 3726 3419 3781 sed
3444 3742 3571 3780 sen-

1994 3840 2158 3879 suum
2191 3836 2359 3894 Opcra
2412 3823 2517 3878 hoc
2569 3823 2745 3878 solum
2788 3821 2893 3875 ﬁne
2937 3827 3190 3874 naturam
3227 3819 3571 3888 contemple-

1996 3932 2140 3981 mur,
2195 3924 2256 3970 ut
2303 3916 2423 3985 ejus
2474 3914 2569 3985 qui
2629 3912 2878 3968 condidit
2928 3909 3205 3965 desiderio
3250 3909 3570 3972 alliciamur,

1992 4022 2231 4076 eumque
2266 4006 2576 4076 diligamus.
2606 4004 2902 4074 Triplicem
2931 4000 3171 4071 denique
3199 4000 3567 4056 stomachum.

1950 4104 1955 4109 ‘
1998 4097 2328 4154 Stomachus
2370 4098 2611 4172 primum
2659 4096 2857 4166 recipit
2908 4094 3084 4157 cibos,
3143 4103 3371 4164 tumque
3423 4092 3569 4160 quod

1996 4206 2198 4261 purum
2225 4198 2311 4246 est
2340 4205 2437 4261 per
2494 4190 2605 4244 vim
2638 4186 2926 4258 digerendi
2976 4186 3031 4241 in
3063 4185 3275 4254 singula
3325 4182 3571 4236 membra

1997 4284 2419 4344 transmittens,
2477 4290 2662 4351 partes
2715 4278 2959 4348 reliquas
2991 4276 3171 4331 ventri
3226 4273 3441 4329 tribuit.
3479 4273 3571 4327 Sic

318 4373 513 4439 Οὕτως
550 4372 647 4429 οὖν
672 4376 821 4445 ἡμᾶς
854 4376 1120 4445 προσήκει
1157 4373 1246 4428 διὰ
1279 4377 1587 4445 πρακτικῆς
1619 4375 1713 4426 καὶ
1742 4390 1891 4440 φυσι-

2002 4373 2173 4444 igitur
2198 4380 2253 4427 et
2277 4388 2400 4435 nos,
2436 4388 2534 4441 per
2567 4370 2850 4432 moralem,
2889 4367 3193 4421 naturalem
3238 4375 3400 4434 atque
3430 4363 3573 4418 divi.

313 4472 431 4541 κῆς
453 4474 548 4526 καὶ
574 4472 888 4541 θεολογικῆς
908 4469 1140 4541 θεωρίας
1165 4469 1487 4538 ἀγομένους,
1510 4467 1605 4521 καὶ
1631 4468 1699 4543 τὰ
1729 4467 1898 4538 πρόσ-

319 4579 470 4631 φορα
503 4563 636 4615 πᾶσι
664 4564 780 4624 τοῖς
814 4561 1001 4631 μέλεσι
1035 4563 1136 4631 τῆς
1177 4560 1352 4631 ψυχῆς
1381 4560 1770 4629 ἀπονέμοντας,
1803 4558 1897 4610 καὶ

316 4651 419 4705 τοῦ
452 4652 672 4723 ἥττονος
706 4650 1049 4721 προνοεῖσθαι
1080 4648 1278 4719 μέρους
1299 4663 1312 4675 ⁸
1344 4650 1612 4711 τουτέστι,
1660 4648 1756 4702 τοῦ
1788 4647 1896 4701 σώ-

325 4760 503 4815 ματος
524 4758 539 4773 ·
580 4743 739 4796 τοῦτο
766 4742 875 4813 γὰρ
922 4744 956 4810 ή
1007 4741 1205 4795 κοιλία.
1244 4740 1438 4811 Τρίτον
1470 4740 1526 4793 δὲ
1558 4741 1656 4811 τῆς
1689 4740 1899 4811 ἡμέρας

320 4838 425 4891 καὶ
456 4836 639 4907 τρίτον
681 4837 780 4906 τῆς
835 4833 1028 4897 νυκτὸς
1076 4832 1396 4903 ἀφορῶντας
1446 4831 1583 4902 πρὸς
1636 4829 1899 4894 ἀνατολὰς

320 4929 539 4995 πνέειν,
592 4928 841 4981 τουτέστι
870 4926 972 4998 τὴν
1012 4925 1244 4996 τρισσὴν
1286 4924 1382 4978 τοῦ
1431 4923 1568 4978 Θεοῦ
1618 4925 1897 4993 πρόνοιαν,

323 5021 729 5093 συντ-ηρητικὴν
776 5021 869 5075 καὶ
920 5017 1349 5091 ὲπιστρεπτικὴν
1410 5018 1503 5071 καὶ⁵
1554 5016 1901 5087 παιδευτικὴν

319 5113 673 5183 ἀφορῶντας,
704 5112 760 5166 ἐν
788 5130 846 5166 τε
872 5113 1028 5165 νυκτὶ
1061 5111 1171 5163 τῶν
1205 5108 1547 5180 πειρασμῶν,
1587 5107 1643 5159 ἐν
1682 5124 1736 5160 τε
1769 5107 1901 5178 ἠμέ-

322 5221 400 5277 ρᾳ
433 5202 757 5274 εὐημερίας,
776 5203 1118 5273 εὐχαριστεῖν
1136 5218 1148 5230 ·
1178 5201 1321 5270 ἔχειν
1346 5200 1401 5251 δὲ
1421 5199 1545 5260 τοὺς
1573 5197 1900 5267 ὀφθαλμοὺς,

316 5301 384 5352 ὲν
410 5296 512 5368 μὲν
526 5298 679 5349 νυκτὶ
700 5296 1021 5364 πυροειδεῖς,
1044 5295 1103 5347 ὲν
1117 5294 1171 5346 δὲ
1198 5292 1379 5363 ἡμέρα
1398 5290 1725 5360 φωτοειδείς,
1751 5306 1903 5342 τουτ-

321 5388 465 5451 έστι,
512 5386 849 5457 θεωρητικὴν
902 5384 1153 5453 δύναμιν,
1200 5382 1258 5434 ὲν
1295 5380 1393 5450 μὲν
1453 5381 1518 5451 τῇ
1560 5380 1743 5451 ἡμέρᾳ
1794 5379 1904 5433 τῶν

325 5475 559 5545 ἀρετῶν,
594 5477 693 5537 τὰς
724 5476 785 5526 ὲκ
824 5473 920 5527 τοῦ
962 5473 1142 5525 Ἠλίου
1171 5471 1268 5541 τῆς
1292 5470 1632 5539 δικαιοσύνης
1682 5470 1905 5531 ἀκτῖνας

324 5567 421 5638 τῆς
447 5564 702 5636 γνώσεως
728 5563 1128 5634 ὑποδεχομένην
1150 5578 1161 5591 ο
1192 5563 1248 5612 ὲν
1274 5560 1329 5611 δὲ
1364 5561 1427 5628 τῇ
1453 5558 1605 5610 νυκτὶ
1633 5554 1737 5609 τῶν
1767 5556 1905 5627 ὑπὲρ

323 5661 531 5735 ἀρετῆς
559 5656 913 5727 ἐπαγομένων
949 5651 1369 5721 ἀλλεπαλλὴλων
1399 5647 1754 5720 πειρασμῶν,
1781 5649 1904 5713 τοὺς

1999 4476 2127 4514 nam
2161 4457 2685 4528 contemplationem
2714 4462 3023 4525 provectos,
3057 4452 3382 4522 cunctisque
3405 4452 3571 4504 animi

1998 4551 2283 4613 membris,
2313 4548 2475 4619 33!;
2510 4546 2655 4617 quod
2689 4554 2877 4615 aptum
2933 4545 3003 4599 sit
3044 4544 3218 4613 iisque
3260 4542 3571 4602 conducat,

2000 4641 2327 4713 impartitos,
2353 4641 2518 4695 etiam
2541 4637 2837 4693 deterioris
2870 4636 3040 4705 partis
3069 4634 3266 4704 (idest,
3292 4631 3572 4701 corporis;

2000 4736 2057 4791 id
2075 4736 2224 4790 enim
2251 4741 2446 4787 venter
2473 4729 2833 4798 intelligatur)
2880 4742 3066 4781 curam
3105 4739 3264 4794 agere
3293 4723 3570 4778 convenit.

2001 4827 2109 4883 Ter
2138 4839 2272 4881 vero
2302 4822 2566 4886 interdiu,
2600 4836 2664 4876 ac
2697 4829 2779 4876 ter
2816 4827 2986 4874 noctu
3026 4816 3093 4870 ad
3128 4816 3401 4869 orientem
3427 4814 3575 4882 aspi-

2001 4919 2214 4974 cientes
2241 4916 2473 4985 spirare,
2510 4911 2710 4965 trinam
2745 4910 2839 4964 Dei
2876 4904 3424 4977 providentiam,qua
3446 4918 3580 4957 cun-

2002 5016 2228 5073 servat,
2290 5004 2563 5061 convertit
2611 5018 2675 5057 ac
2726 4999 2977 5069 castigat,
3033 4994 3235 5049 animis
3285 4992 3577 5047 attenden-

2002 5114 2107 5167 tes,
2142 5101 2258 5157 sive
2276 5100 2330 5153 in
2359 5096 2724 5152 tentationum
2757 5102 2940 5153 nocte,
2976 5091 3089 5144 sive
3122 5089 3177 5141 in
3220 5101 3401 5141 rerum
3448 5099 3579 5154 pro-

2000 5202 2286 5259 sperarum
2342 5185 2453 5248 die,
2505 5184 2709 5254 gratias
2761 5196 2952 5250 agerc;
2993 5178 3183 5246 sicque
3254 5175 3393 5230 adeo
3443 5190 3575 5228 ocu-

2002 5282 2071 5337 lis
2104 5285 2449 5348 comparatos
2476 5291 2619 5337 esse,
2651 5284 2709 5327 ut
2739 5271 2774 5325 ii
2813 5278 2978 5323 noctu
3018 5268 3193 5339 ignei,
3220 5262 3461 5319 interdiu
3491 5262 3579 5315 lu-

2002 5369 2114 5425 eidi
2142 5368 2412 5422 exsistant
2442 5382 2455 5416 :
2489 5379 2553 5416 ea
2588 5362 2800 5416 scilicet
2824 5358 3035 5427 przediti
3065 5351 3475 5422 contemplandi
3499 5350 3578 5414 vi,

2005 5470 2066 5515 ut
2101 5460 2156 5512 in
2181 5459 2447 5511 virtutum
2491 5452 2602 5515 die,
2656 5450 2797 5504 Solis
2824 5447 3053 5517 Ῑιιδιὶιὶίυ
3101 5445 3345 5500 scientiae
3398 5441 3583 5495 radios

2006 5547 2331 5618 suscipiant,
2366 5553 2643 5611 noctuque
2677 5540 2996 5595 crebrarum
3026 5547 3227 5606 etquae
3276 5532 3410 5587 alias
3434 5532 3583 5587 cxci~

2006 5644 2181 5717 piant,
2222 5637 2588 5694 tentationum
2627 5630 2845 5688 virtutis
2895 5644 3057 5683 causa
3092 5629 3387 5685 illatarum,
3420 5625 3589 5697 derc-_
