4134 6192
475 241 588 305 855

1656 244 1699 303 s
1747 242 2044 320 MAXIM:
2081 241 2593 305 CONFESSORIS

3659 243 3768 310 856

477 349 774 407 lictionum
824 348 1071 404 rationes
1100 350 1601 420 comprehendant.
1653 350 1760 408 Sed
1793 352 2071 409 etdexte—

2175 352 2368 422 λόγους
2399 351 2933 422 καταλαμϐάνουσαν
2959 353 3069 408 τῶν
3089 349 3534 423 ἐγκαταλείψιων
3566 366 3583 384 ⁶
3620 353 3770 426 ἔχειν

479 455 600 494 ram
629 454 843 502 narem,
895 452 1120 492 suavem
1154 437 1344 494 odoris
1369 438 1730 511 fragrantiam
1765 441 2070 511 spirantem

479 532 710 588 habere.
740 532 874 587 Pars
919 530 1162 586 hominis
1207 531 1435 588 dextera
1487 532 1708 588 animus
1743 541 1862 600 est;
1920 532 2069 604 quod

477 639 677 694 nempe
707 622 956 693 duplices
979 622 1154 679 simus
1200 640 1268 681 ex
1295 625 1481 680 animo
1513 635 1570 681 et
1597 640 1831 696 corpore
1861 625 2072 680 consti-

389 791 392 794 γ
478 715 606 770 tuti.
637 713 741 781 Qui
777 715 967 786 igitur,
997 716 1204 787 quibus
1226 718 1398 788 pollet
1423 719 1592 773 animi
1621 719 1846 774 dotibus
1867 735 1932 775 ac
1960 719 2071 774 vir-

480 807 718 873 tatibus,
762 809 938 863 sancti
973 808 1215 879 Spiritus
1246 811 1476 881 gratiam
1515 811 1764 878 attraxit,
1794 813 1842 867 is
1865 827 2068 868 suave-

476 900 655 962 olens,
680 915 746 956 ac
769 901 865 971 qui
897 902 1115 958 dulcem
1153 905 1384 975 reliquis
1415 905 1591 976 spiret
1629 905 1881 971 odorem,
1934 921 2070 962 eva-

476 985 580 1040 dit.
609 987 743 1058 Ejus
772 1003 908 1043 vero
949 988 1046 1059 qui
1075 989 1350 1060 ejusmodi
1379 999 1464 1046 est
1516 990 1676 1047 fusus
1730 1008 1918 1055 cruor,
1953 993 2066 1047 vim

475 1078 646 1134 habet
664 1079 900 1136 necandi
929 1081 1116 1137 cicura
1135 1082 1428 1152 animalia;
1455 1100 1653 1155 nempe
1680 1085 1758 1139 ira
1783 1100 2066 1155 perversa,

475 1171 522 1226 si
552 1171 681 1242 quis
719 1173 1007 1228 hominum
1031 1189 1151 1229 eam
1181 1177 1492 1241 :emuletur,
1527 1177 1636 1230 vim
1661 1177 1827 1233 habet
1854 1178 2070 1233 consci-

475 1264 694 1320 scenda:
721 1266 910 1332 necis;
945 1267 1356 1324 oblatrantibus
1401 1286 1532 1325 vero
1580 1269 1634 1323 in
1665 1285 1764 1324 nos
1804 1270 2071 1324 daemoni-

475 1355 580 1412 bus
610 1372 737 1412 esca
767 1359 935 1414 cedit.

540 1446 734 1518 Caprae
755 1465 890 1504 vero
923 1450 1046 1507 talis
1079 1452 1329 1522 quaedam
1367 1453 1582 1508 indoles
1609 1463 1695 1510 est
1723 1470 1788 1509 ac
1827 1463 2066 1509 natura:

473 1536 636 1593 facile
667 1549 884 1596 montes
915 1544 1261 1610 conscendit,
1288 1560 1388 1615 per
1413 1554 1676 1616 perrupta
1701 1546 1975 1615 graditur,
2003 1561 2070 1601 ac

2170 447 2228 502 δὲ
2255 447 2352 502 καὶ⁹
2382 447 2476 501 τὸν
2509 446 2682 512 δεξιὸν
2716 447 2838 518 ῥῖνα
2871 445 3068 520 εὐώδη.
3095 446 3280 512 Δεξιὸν
3328 447 3497 520 μέρος
3540 447 3636 504 τοῦ
3674 449 3768 504 ἀν-

2172 539 2392 614 θρώπου
2414 540 2617 612 ὲστὶνή
2647 539 2795 613 ψυχή
2826 556 2842 570 ο
2869 540 3055 612 ἐπειδὴ
3088 541 3270 595 διπλοῖ
3294 541 3464 613 ἐσμεν
3487 542 3553 596 ὲκ
3585 541 3766 615 ψυχῆς

2170 635 2269 688 καὶ
2305 631 2579 706 σώματος.
2608 634 2668 688 '0
2697 629 2792 688 οὖν
2824 633 2914 690 διὰ
2938 635 3039 698 τὰς
3065 634 3166 705 τῆς
3195 633 3376 705 ψυχῆς
3403 634 3631 707 ἀρετὰς,
3663 637 3766 708 τὴν

2169 725 2333 798 χάριν
2358 727 2455 781 τοῦ
2499 726 2658 796 ἁγίου
2707 725 3027 798 Πνεύματος
3058 725 3524 798 ἐπισπασάμενος,
3552 728 3766 797 γίνεται

2169 821 2285 883 τοῖς
2312 819 2496 884 ἄλλοις
2520 818 2747 891 εὐώδης.
2774 819 2850 872 Τὸ
2878 818 2938 873 δὲ
2982 816 3125 891 αἷμα
3161 818 3258 874 τοῦ
3309 818 3578 886 τοιούτου,
3607 821 3762 874 ἀναι-

2174 913 2387 986 ρετικόν
2431 916 2550 968 ἐστι
2593 913 2702 967 τῶν
2750 913 2976 984 ἡμέρων
3006 911 3164 978 ζώων
3198 929 3213 945 ο
3243 909 3544 978 τουτέστιν,
3566 914 3596 966 ὁ
3622 912 3765 967 κατὰ

2170 1007 2530 1080 παρατροπὴν
2553 1006 2725 1078 θυμὸς
2744 1046 2758 1070 ,
2783 1006 3133 1079 ἀναιρετικός
3175 1006 3290 1060 ἐστι
3325 1008 3441 1070 τοῖς
3485 1005 3761 1077 μιμουμέ-

2169 1116 2281 1163 νοις
2301 1099 2466 1153 αὑτὸν
2495 1098 2809 1169 ἀνθρώποις
2840 1113 2855 1128 ο
2882 1098 3058 1167 τροφὴ
3085 1098 3143 1153 δὲ
3176 1101 3291 1163 τοῖς
3311 1095 3609 1152 ὑλακτοῦσι
3635 1096 3762 1152 καθ’

2169 1191 2327 1262 ἡμῶν
2359 1191 2626 1262 δαίμοσιν.

2250 1435 2317 1487 Ἦ
2363 1434 2422 1488 δὲ
2467 1434 2560 1502 αἲξ
2603 1434 2767 1506 φύσιν
2820 1436 2935 1507 εχει
2978 1435 3263 1507 τοιαύτην,
3295 1435 3365 1490 τὰ
3384 1437 3488 1508 ὅρη
3522 1438 3758 1503 εὐκόλως

2169 1528 2559 1597 ἀναϐαίνουσα,
2584 1530 2934 1602 κρηνοσατεῖ,
2966 1530 3062 1584 καὶ
3081 1531 3445 1602 ἐπιτέρπεται
3483 1531 3594 1584 τῶν
3627 1550 3756 1602 μου⁴

474 1631 704 1688 musicis
755 1633 995 1690 modulis
1039 1636 1373 1692 delectatur.
1403 1639 1538 1708 Ejus
1585 1637 1844 1692 dextrum
1894 1652 2068 1692 cornu

2171 1620 2340 1675 σικῶν
2377 1621 2556 1692 μελῶν
2585 1639 2599 1654 ο
2626 1621 2724 1676 καὶ
2752 1621 2813 1676 τὺ
2848 1621 3021 1688 δεξιὸν
3045 1623 3220 1692 αὐτῆς
3248 1621 3421 1693 κέρας
3438 1623 3537 1678 ἐὰν
3553 1624 3754 1695 θυμια-

474 1722 673 1792 quovis
693 1723 817 1778 loco
844 1725 1114 1792 sumatur,
1143 1736 1306 1783 terra:
1325 1738 1510 1783 motus
1542 1729 1784 1798 speciem
1818 1727 2023 1800 ingerit
2048 1745 2063 1795 ;

2173 1711 2240 1784 θῇ
2280 1715 2338 1767 ὲν
2381 1713 2712 1786 οίῳδάνποτε
2767 1715 2942 1786 τόπῳ,
2980 1714 3212 1786 σεισμοῦ
3257 1717 3559 1786 φαντασίαν
3615 1734 3754 1786 παρ-

473 1810 724 1880 quotidie
757 1812 979 1881 pillulas
1019 1814 1289 1870 ducentas
1312 1826 1680 1872 excremento
1711 1817 1908 1887 egerit.
1953 1816 2065 1871 Ne-

473 1915 629 1956 cesse
661 1902 833 1973 igitur
856 1913 963 1969 est,
992 1915 1052 1959 ut
1078 1913 1134 1960 et
1187 1907 1410 1963 animus
1449 1918 1638 1963 noster
1697 1907 2065 1963 tentationum

471 2003 735 2064 perrupta
765 1995 1042 2052 audenter
1071 1997 1385 2070 ﬁduciaque
1412 2001 1704 2064 transiliat,
1745 2011 1911 2070 atque
1938 2017 2067 2071 pro-

472 2085 725 2155 pheticos
751 2089 1132 2144 conscendens
1158 2100 1397 2158 montes,
1433 2092 1682 2147 scientiae
1714 2093 1824 2146 alta
1859 2101 2062 2162 captet,

471 2190 708 2246 eamque
757 2177 814 2231 in
848 2178 1066 2234 deliciis
1097 2179 1301 2236 habeat
1361 2197 1376 2235 :
1430 2197 1610 2252 neque
1653 2182 1703 2235 id
1742 2182 1925 2246 tundo,
1965 2200 2060 2238 ve-

470 2252 786 2322 rum’etiam
821 2267 1018 2324 ﬁstula:
1051 2269 1294 2326 modulis
1320 2270 1570 2343 (actuosa
1601 2273 1817 2329 scilicet
1848 2272 2062 2328 ratione

468 2375 534 2414 ac
562 2359 836 2429 oratione)
862 2360 1204 2430 voluptatem
1231 2349 1585 2418 audito'ribus
1613 2363 1865 2418 docendo
1906 2364 2060 2434 inge-

469 2456 575 2500 rat.
612 2447 874 2502 Dextrum
906 2462 1080 2503 cornu
1126 2449 1232 2504 hoc
1263 2449 1556 2520 signiﬁcat,
1586 2465 1736 2512 eum,
1765 2450 1859 2520 qui
1889 2451 2061 2505 animi

468 2540 883 2610 contemplandi
926 2541 1037 2596 vim
1075 2558 1177 2612 per
1216 2542 1527 2598 orationem
1567 2544 1679 2599 Deo
1724 2542 2057 2610 admoverit,

466 2634 624 2689 suavi
662 2634 964 2706 fragrantia
1013 2637 1368 2692 auditoribus
1415 2638 1777 2708 obrepentem
1806 2679 1821 2701 ,
1861 2654 2062 2693 carna-

468 2725 607 2780 lium
635 2726 689 2810 in
729 2725 813 2782 eis
833 2727 1096 2782 vitiorum
1138 2729 1390 2785 habitum
1415 2739 1738 2786 concutere.
1771 2731 1873 2786 llic
1908 2732 2056 2796 talis,

469 2817 718 2888 quotidie
751 2833 1008 2874 errorem
1028 2820 1175 2876 circa
1223 2837 1288 2876 ea
1327 2838 1450 2892 quae
1498 2821 1554 2875 in
1597 2837 1822 2877 sensum
1853 2821 2061 2877 cadunt

467 2911 806 2968 versantem,
843 2906 1165 2974 proscribit.
1198 2907 1407 2963 Sensus
1427 2909 1575 2963 enim
1607 2925 1735 2966 cum
1781 2926 1970 2966 rerum
2001 2910 2059 2966 in

2168 1803 2306 1875 ἔχει.
2376 1806 2656 1876 Ἀφοδεύει
2709 1807 2768 1862 δὲ
2842 1808 3080 1879 ἑκάστης
3152 1808 3368 1881 ἡμέρας
3443 1809 3754 1881 σπυράθους

2165 1898 2498 1964 διακοσίους.
2528 1903 2619 1954 Δεῖ
2646 1895 2741 1955 οὖν
2777 1901 2871 1955 καὶ
2916 1899 3018 1974 τὴν
3063 1901 3346 1973 ἡμετέραν
3398 1901 3579 1973 ψυχὴν
3627 1902 3756 1966 τοὺς

2167 1987 2450 2060 κρημνοὺς
2486 1991 2599 2046 τῶν
2631 1993 2956 2064 πειρασμῶν
3004 1991 3290 2064 εὐθαρσῶς
3320 1993 3590 2066 διαπηδᾷν
3613 2008 3628 2022 ⁶
3659 1995 3756 2048 καὶ

2165 2084 2235 2137 τὰ
2267 2083 2583 2156 προφητικὰ
2613 2085 2716 2155 δρη
2751 2083 3178 2156 ἀναϐαίνουσαν,
3209 2084 3272 2138 τὸ
3300 2085 3434 2156 ὕψος
3465 2086 3561 2157 τῆς
3612 2086 3756 2154 γνὼ-

2168 2193 2309 2238 σεως
2359 2175 2652 2247 θηρᾶσθαι,
2688 2179 2782 2229 καὶ
2842 2176 2937 2229 ἐπὶ
3000 2176 3175 2252 ταύτῃ
3224 2176 3449 2248 ἥδεσθαι
3480 2193 3496 2208 ο
3546 2178 3642 2232 καὶ
3691 2177 3752 2231 οὐ

2170 2269 2329 2339 μόνον
2379 2268 2626 2338 ἥδεσθαι,
2665 2269 2802 2322 ἀλλὰ
2829 2269 3044 2323 καὶδιὰ
3082 2268 3178 2324 τοῦ
3215 2269 3472 2336 δόνακος,
3501 2270 3751 2325 τουτέστι

2163 2360 2258 2414 τοῦ
2314 2362 2634 2431 ὲμπρὰκτου
2687 2361 2870 2430 λόγου,
2897 2361 3219 2416 διδάσκοντα
3257 2363 3452 2435 ἡδονὴν
3481 2362 3751 2418 ἐντιθέναι

2162 2456 2277 2516 τοῖς
2318 2453 2598 2509 ἀκούουσι.
2635 2455 2708 2507 Τὸ
2733 2453 2791 2507 δὲ
2819 2451 2992 2520 δεξιὸν
3026 2455 3216 2526 κέρας,
3244 2455 3500 2526 σημαίνει
3529 2457 3612 2510 ὅτι
3636 2457 3664 2509 ὁ
3689 2456 3752 2510 τὸ

2165 2540 2504 2612 θεωρητικὸν
2536 2543 2638 2614 τῆς
2688 2542 2870 2613 ψυχῆς
2915 2541 3006 2596 διὰ
3033 2543 3134 2613 τῆς
3183 2544 3498 2615 προσευχῆς
3526 2543 3606 2615 τῷ
3632 2542 3754 2614 Θεῷ

2167 2635 2562 2707 προσαγαγὼν,
2605 2633 2811 2706 εὐώδης
2855 2635 3138 2707 γινόμενος
3182 2638 3295 2699 τοῖς
3345 2635 3626 2700 ἀκούουσι,
3652 2634 3754 2705 τὴν

2165 2726 2225 2779 ἐν
2250 2727 2435 2790 αὐτοῖς
2457 2725 2572 2792 ἕξιν
2601 2725 2713 2779 τῶν
2763 2725 3046 2798 σαρκικῶν
3080 2725 3271 2780 παθῶν
3317 2725 3644 2780 διασαλεύει.
3693 2725 3752 2780 '0

2164 2816 2407 2880 τοιοῦτος
2459 2816 2719 2870 ἑκάστοτε
2769 2816 2872 2887 τὴν
2907 2816 3138 2888 περὶτὰ
3166 2816 3402 2888 αἰσθητὰ
3455 2815 3750 2870 ἀποϐάλλει

2165 2907 2407 2980 πλάνην.
2439 2908 2505 2961 Δί
2531 2908 2640 2980 γὰρ
2675 2908 2963 2978 αἰσθήσεις
2998 2907 3108 2962 τῶν
3137 2907 3412 2979 αἰσθητῶν
3443 2906 3752 2979 συμπλεκό-

467 3007 692 3048 sensum
721 2994 1038 3051 cadentium
1061 2998 1496 3069 complicati.....
1523 2998 1676 3054 Deest
1693 2999 1841 3069 linis.

2170 3015 2353 3070 μεναι.
2389 3039 2405 3055 .
2439 3039 2454 3054 .
2497 3039 2511 3054 .
2545 3041 2558 3054 .
2593 2999 2816 3054 Asinae.

1360 3188 3759 3224 mm

1791 3342 2429 3435 MONITUM.

1305 3529 1394 3576 AD
1427 3527 1903 3578 EXPOSITIONEM
1942 3525 2177 3578 PSALMI
2210 3521 2721 3588 QUINQUAGESIMI
2753 3521 2927 3573 NON].

548 3631 684 3721 tina
723 3629 863 3721 haec
899 3632 1086 3721 nobis
1129 3633 1380 3721 hlaximi
1425 3635 1490 3696 in
1529 3636 1814 3721 Psalmos
1861 3633 2218 3721 lucubratio
2259 3637 2493 3721 exstat;
2534 3630 2897 3721 habentque
2948 3629 3240 3721 plerique
3283 3630 3563 3704 codices,
3608 3648 3753 3693 cum

467 3708 673 3793 nullas
710 3714 1020 3793 prmterea
1061 3711 1248 3792 hujus
1277 3715 1635 3792 argumenti
1667 3725 1775 3778 aut
1804 3713 2156 3793 schematis
2185 3711 2622 3793 expositiones
2669 3708 3012 3793 proferant.
3068 3708 3185 3793 Hic
3220 3727 3480 3793 quoque
3532 3727 3754 3793 parum

465 3788 950 3872 litteraaAstudet,
982 3788 1380 3854 consectatus
1411 3811 1635 3856 sensus
1657 3795 1960 3872 mysticos
1983 3810 2058 3856 ac
2084 3788 2494 3871 allegoricos;
2526 3788 2786 3872 φλοξὶ-οῖ
2813 3788 3059 3872 Graecis
3075 3788 3214 3872 aliis
3243 3789 3375 3872 fere
3413 3788 3751 3862 familiare;

470 3886 653 3955 unus
678 3866 1165 3955 Chrysostomus
1205 3872 1462 3953 majoris
1501 3866 1742 3955 aliquid
1768 3890 1980 3955 operm
2014 3866 2623 3955 posuit'enajrandis
2651 3868 2893 3949 aliquot
2930 3867 3208 3948 psalmis,
3240 3868 3591 3955 interquos
3621 3885 3753 3955 non

468 3955 561 4037 est
584 3948 700 4037 iste
726 3945 842 4037 :_in
870 3965 1000 4028 quo
1035 3957 1248 4037 tamen
1271 3945 1661 4037 nonparufn
1684 3945 2030 4037 desudasse'
2055 3950 2323 4013 aliorum
2353 3945 2917 4037 Patrum“0p.ei-.alnn,
2936 3945 3311 4037 argumento
3343 3945 3747 4037 est¥locuple~

466 4025 706 4116 tissime
723 4025 949 4090 Catena
973 4046 1007 4090 a
1031 4031 1328 4116 Cprderio
1352 4025 1537 4094 edita.
1559 4032 1734 4116 Canit
1759 4031 1862 4116 hic
1890 4031 2195 4116 psalmus2
2225 4045 2368 4116 quae
2395 4034 2567 4106 gesta
2586 4025 2800 4116 Davidi
2831 4025 2969 4116 fuse
3008 4031 3331 4116 narrantur
3352 4026 3403 4084 Il
3429 4026 3584 4116 Reg.
3612 4042 3749 4116 vint

471 4116 533 4196 e_t
563 4107 752 4196 [εἶξιν.
781 4117 1049 4196 nv‘mnet
1077 4109 1144 4196 in
1177 4109 1490 4196 Christum
1521 4113 1729 4196 verius
1759 4104 2062 4190 allegoria
2093 4104 2476 4196 referuntur,
2489 4124 2569 4196 _ac
2597 4113 2753 4196 typo
2787 4106 3069 4194 gentium
3095 4104 3758 4196 vocationemﬁhristi

471 4186 560 4324 :lel
595 4185 719 4248 illis
765 4185 1029 4250 victoria
1072 4188 1404 4267 designare
1454 4185 1917 4270 intelliguntur:
1957 4198 2036 4253 'ut
2067 4189 2184 4252 rite
2223 4187 2411 4249 etiam
2455 4185 2783 4260 Maximus,
2830 4185 2895 4245 in
2937 4201 3078 4246 eam
3122 4201 3257 4246 rem
3297 4199 3628 4265 exponens
3669 4185 3758 4246 ti-

499 4282 540 4324 u
570 4281 700 4324 um.

473 4270 700 4327 tulum.

3238 4477 3736 4496 w—

1469 4621 1632 4693 ³³⁵
1688 4633 1990 4751 ΤΟΥ
2102 4632 2597 4749 ΑΥΤΟΥ

1144 4859 1712 4953 ΕΡΜΗΝΕΙΑ
1784 4858 1958 4947 ΕΙΣ
2029 4860 2099 4944 Τ

2167 4858 2258 4944 μΝ
2323 4855 2507 4946 NG’
2565 4857 3057 4948 ΨΑΛΜΟΝ
3069 4933 3094 4958 .

1866 5154 2411 5246 EJUSDEM

1538 5350 1948 5414 EXPOSITIO
1981 5351 2062 5413 IN
2119 5351 2486 5414 PSALMUM
2520 5352 2674 5417 LIX.

538 5606 605 5663 In
656 5605 855 5676 ﬁnem;
893 5609 956 5663 iis
989 5610 1080 5680 qui
1131 5609 1574 5677 immutabuntur;
1599 5611 1655 5666 in
1693 5611 1837 5666 tituli
1866 5613 2099 5672 inseri-1

2234 5611 2340 5675 Εἰς
2375 5609 2443 5661 τὸ
2473 5609 2669 5674 τέλος,
2697 5607 2821 5671 τοῖς
2849 5600 3471 5674 ἁλλοιωθησομένοιςο
3507 5597 3594 5666 εις
3615 5610 3762 5668 στη-

480 5698 705 5765 Ρωοηεηι
739 5701 838 5774 ἱροὶ
885 5700 1095 5768 David;
1142 5703 1198 5756 in
1247 5701 1569 5767 doctrinam,
1618 5720 1738 5758 cum
1794 5704 2060 5758 succendit

2168 5701 2506 5773 λογραρίαν
2539 5701 2620 5768 τῷ
2646 5700 2824 5756 Δαόιδ
2842 5715 2856 5731 ο
2896 5701 2985 5767 εὶς
3011 5695 3294 5768 διδαχὴν,
3327 5695 3514 5754 ὁπότε
3542 5689 3768 5751 ἐνεδύσ-
