4036 6210
409 293 509 356 857

1490 297 1890 362 EXPOSITIO
1928 301 2012 362 IN
2050 301 2414 372 PSALMUM
2454 308 2605 368 LIX.

3546 288 3661 353 858

397 425 539 479 pure
573 411 689 477 τὴν
718 414 1201 485 Μεσοποταμίαν,
1234 414 1333 470 καὶ
1382 416 1496 485 τὴν
1545 418 1766 486 Συρίαν
1815 415 1981 473 Σωσᾶ

2101 417 2535 491 Ηεεοροιαηιὶαηι,
2553 434 2601 476 et
2619 423 2831 493 Syriam
2856 423 2991 478 Saba
3014 440 3033 477 :
3055 433 3103 477 et
3137 438 3374 479 reversus
3406 434 3482 479 est
3497 424 3660 495 Joalv,

409 500 556 574 [erat
588 501 821 575 Σω6ά1]⁶
850 504 948 558 καί
970 505 1348 575 ἐπέστρεψεν
1382 506 1558 571 Ἱωὰϐ,
1589 508 1688 561 καὶ
1722 507 1985 573 ἐπάταξε

405 593 523 659 τὴν
548 593 824 664 φάραγγα
855 594 973 649 τῶν
1001 596 1184 651 Ἁλῶν
1208 597 1436 653 δώδεκα
1458 598 1755 669 χιλιάδας.

482 688 589 751 Εἰς
632 689 697 739 τὸ
724 686 918 753 τέλος,
956 688 1081 755 τοῖς
1109 689 1695 759 ἀλλοιωθησομένοις
1732 690 1760 741 δ
1790 687 1984 759 παρὼν

412 775 778 845 ἐπιγράφεται
828 774 1285 849 [ἐπιγέγραπται]
1329 777 1543 848 ψαλμός
1572 793 1585 808 °
1640 778 1729 831 διά
1772 792 1834 829 τε
1881 777 1983 848 τὴν

412 868 507 920 ἰπὶ
550 868 693 920 τέλει
721 868 830 921 τῶν
885 868 1092 939 χρόνων
1110 870 1197 923 διὰ
1246 870 1345 940 τῆς
1385 869 1679 940 ἐπιδημίας
1725 867 1819 921 τοῦ
1860 869 1988 939 Χρι-

414 958 542 1011 στοῦ
575 959 875 1030 γενομένην
904 962 1013 1023 τοῖς
1046 959 1353 1031 ἀνθρώποις
1390 959 1448 1024 ἐξ
1476 960 1732 1022 ἀπιστίας
1785 959 1865 1023 είς
1898 959 1990 1012 πί-

419 1066 556 1111 στιν,
587 1051 684 1102 καὶ
721 1048 828 1103 ἀπὸ
858 1051 1057 1115 κακίας
1105 1054 1185 1115 είς
1229 1051 1452 1123 ἀρετὴν,
1497 1053 1589 1105 καὶ
1636 1051 1859 1120 ἀγνοίας
1909 1052 1989 1112 εἰς

417 1140 620 1209 γνῶσιν
655 1140 791 1195 Θεοῦ
815 1144 1101 1213 γνωμικήν
1131 1159 1190 1195 τε
1234 1143 1330 1196 καὶ
1381 1142 1772 1214 προαιρετικὴν
1825 1158 1990 1213 μετα-

420 1232 582 1303 ῖολὴν
610 1234 704 1288 καὶ
733 1233 1018 1287 ἀλλοίωσιν
1049 1251 1063 1265 ·
1096 1234 1195 1288 Διά
1213 1253 1271 1288 τε
1290 1235 1387 1305 τὴν
1415 1236 1495 1298 είς
1520 1235 1746 1305 ὕστερον
1779 1234 1872 1288 ἐπὶ
1899 1233 1989 1287 τέ-

420 1324 503 1379 λει
534 1328 644 1381 τῶν
678 1326 892 1381 αἰώνων
922 1329 1293 1400 γενησομένην
1322 1329 1389 1381 δι’
1422 1328 1586 1382 αὐτοῦ
1617 1327 1711 1381 τοῦ
1742 1327 1991 1397 Σωτῆρος

422 1418 581 1488 ἡμῶν
613 1416 748 1471 Θεοῦ
776 1418 1070 1490 καθολικὴν
1087 1420 1180 1473 τοῦ
1209 1419 1410 1484 παντὸς
1441 1420 1629 1489 γένους
1652 1419 1761 1473 τῶν
1783 1419 1991 1489 ἀνθρώ-

422 1525 540 1560 πων
597 1509 654 1559 ὲν
711 1509 892 1578 χάριτι
940 1509 1173 1579 φυσικὴν
1206 1512 1271 1563 ὲκ
1305 1510 1533 1563 θανάτου
1564 1510 1657 1563 καὶ
1685 1510 1889 1582 φθορᾶς
1912 1510 1988 1572 είς

422 1600 566 1671 ζωὴν
593 1599 859 1653 ἀθάνατον
895 1601 989 1653 καὶ
1019 1600 1347 1672 ἀφθαρσίαν,
1372 1601 1461 1655 διὰ
1485 1604 1583 1673 τῆς
1612 1600 1992 1672 προσδοκωμέ-

422 1708 521 1761 νης
557 1690 927 1755 ἀναστάσεως,
954 1689 1235 1745 ἀλλοίωσίν
1284 1709 1347 1745 τε
1394 1693 1489 1746 καὶ
1540 1692 1856 1747 ἀνανέωσιν.
1886 1693 1991 1757 Εἰς

2086 516 2137 562 et
2162 512 2417 580 percussit
2443 511 2637 566 vallem
2668 512 2977 568 Salinarum
3012 513 3281 568 duodecim
3311 512 3481 569 millia
3509 515 3550 570 ¹.

2154 689 2354 744 Psalmi
2383 690 2545 760 hujus
2571 689 2860 759 inscriptio
2883 697 2967 744 est
2994 706 3006 741 :
3039 688 3100 742 In
3123 688 3306 757 ﬁnem,
3341 689 3420 744 his
3442 690 3531 759 qui
3552 691 3625 744 im

2087 781 2452 846 mutabuntur;
2476 791 2589 835 tum
2625 790 2852 850 propter
2892 780 3135 834 futuram
3192 778 3250 832 in
3298 779 3403 834 ﬁne
3443 790 3658 849 tempo-

2087 888 2230 937 rum,
2255 888 2353 941 per
2384 871 2679 926 adventum
2699 871 2926 936 Christi,
2950 885 3018 924 ex
3044 868 3367 925 inﬁdelitate
3384 871 3451 925 ad
3471 871 3656 935 ﬁdem,

2086 977 2263 1031 exque
2288 962 2423 1016 vitio
2452 961 2521 1016 ad
2548 962 2829 1027 virtutem,
2852 976 2916 1015 ac
2945 976 3013 1015 ex
3040 960 3351 1030 ignorantia
3384 960 3451 1014 ad
3477 961 3659 1020 scien-

2088 1053 2242 1119 tiam,
2272 1050 2439 1107 animi
2477 1052 2761 1122 proposito
2795 1068 2859 1107 ac
2884 1052 3187 1116 voluntate,
3223 1052 3506 1106 hominum
3540 1068 3660 1105 mu-

2091 1146 2387 1211 tationem;
2426 1154 2541 1199 tum
2591 1153 2817 1214 propter
2850 1143 3218 1199 exhibendam
3261 1152 3544 1213 postremo
3600 1144 3657 1197 in

2090 1235 2197 1290 line
2242 1235 2562 1289 saeculorum
2616 1249 2714 1303 per
2767 1234 2948 1303 ipsum
3008 1232 3347 1288 Salvatorem
3409 1241 3658 1287 nostrum

2088 1326 2283 1387 Deum,
2320 1324 2564 1379 universi
2594 1324 2812 1394 generis
2845 1324 3071 1378 humani
3105 1325 3418 1379 universam
3448 1324 3501 1377 in
3534 1340 3660 1394 gra-

2091 1420 2166 1473 tia
2191 1418 2497 1472 naturalem
2534 1432 2565 1470 a
2597 1426 2773 1471 morte
2797 1416 3244 1486 etcorruptione,
3276 1415 3344 1469 ad
3367 1415 3533 1468 vitam
3556 1415 3628 1468 im

2091 1508 2373 1563 mortalem
2405 1521 2469 1561 ac
2519 1505 3014 1575 incorruptionem,
3056 1512 3368 1575 exspectata
3410 1520 3661 1560 resurre-

2091 1599 2307 1661 ctione,
2338 1597 2777 1652 immutationem
2819 1612 2883 1651 ac
2926 1596 3360 1651 renovationem.
3406 1595 3472 1650 In
3519 1593 3660 1649 tituli

2092 1699 2275 1744 autem
2300 1688 2692 1758 inscriptionem
2709 1688 2811 1757 ipsi
2824 1686 3022 1753 David,
3050 1686 3157 1742 hoc
3184 1697 3270 1741 est
3283 1686 3523 1751 Christo,
3547 1696 3660 1741 tum

426 1754 879 1850 ornlorpasplar
915 1781 991 1853 (a)
1030 1782 1089 1835 δὲ
1140 1782 1220 1847 τῷ
1269 1783 1448 1836 Δασίδ
1472 1796 1488 1811 ⁶
1518 1782 1810 1847 τουτέστιν,
1841 1754 1989 1851 αὐτῷ

2101 1789 2315 1850 propter
2348 1754 2544 1834 factam
2572 1754 2808 1848 pridem,
2840 1778 3026 1833 divina
3051 1778 3227 1849 ipsius
3260 1777 3660 1837 incarnatione,

423 1870 504 1940 τῷ
536 1870 756 1940 Χριστῴ
792 1886 805 1900 ·
844 1870 931 1925 διά
964 1887 1023 1923 τε
1055 1869 1153 1941 τὴν
1196 1872 1494 1943 γενομένην
1530 1873 1631 1943 ήδη
1692 1872 1833 1925 κατά
1892 1870 1991 1942 τὴν

427 1961 578 2013 θείαν
616 1958 779 2014 αὑτοῦ
827 1961 1102 2031 σάρκωσιν
1153 1961 1357 2033 στήλης
1386 1962 1563 2032 δίκην,
1594 1964 1653 2016 ὲν
1696 1960 1846 2031 αὐτῷ
1894 1960 1992 2031 μὲν

427 2052 503 2114 ὡς
532 2050 760 2122 ἁρχηγῷ
790 2052 883 2104 καὶ
910 2052 1146 2125 Σωτῆρι,
1174 2054 1268 2106 καί⁵
1303 2053 1420 2124 μετ’
1446 2053 1609 2108 αὐτὸν
1639 2054 1697 2107 ὲν
1734 2055 1848 2116 τοῖς
1872 2053 1993 2106 κατ’

426 2141 588 2196 αὑτὸν
617 2141 855 2205 εὐσεὸὦς
887 2141 1086 2211 βιοῦσι,
1118 2146 1219 2213 τῆς
1247 2143 1443 2208 κακίας
1463 2143 1741 2216 ἀναίρεσιν
1762 2160 1779 2176 ’
1811 2143 1901 2198 διά
1932 2160 1993 2196 τε

424 2230 518 2282 τὸν
549 2229 630 2283 ἔτι
659 2230 727 2282 δι’
758 2230 922 2284 αὑτοῦ
956 2231 1321 2302 γενησόμενον
1344 2232 1579 2303 παντελῆ
1612 2231 1706 2286 τοῦ
1736 2249 1798 2286 τε
1827 2232 1995 2287 θανά-

424 2338 520 2375 του
547 2322 644 2374 καὶ
662 2321 761 2391 τῆς
787 2321 992 2394 φθορᾶς
1018 2324 1345 2392 ἀφανισμόν.
1378 2326 1480 2389 Είς
1506 2322 1762 2393 διδαχὴν
1793 2323 1850 2377 δὲ
1891 2327 1997 2377 ὀπ-

428 2413 576 2468 όταν
585 2413 902 2481 ἐνεπύρισε
914 2413 1029 2478 τὴν
1047 2414 1529 2482 Μεσοποταμίαν,
1547 2413 1645 2467 καὶ
1663 2414 1734 2484 (b)
1753 2414 1867 2481 τὴν
1884 2417 1997 2469 Συ-

424 2502 567 2570 ρίαν
602 2501 769 2557 Σωσᾶ
810 2501 931 2573 [1"1'.
986 2502 1221 2574 Σωὸάλ].
1256 2502 1346 2566 Εἰς
1402 2503 1622 2574 διδαχὴν
1665 2505 1828 2573 ἡμῖν,
1874 2507 1986 2567 τοῖς

430 2592 832 2661 ἁλλοιουμένοις
888 2592 982 2644 καὶ
1032 2593 1574 2663 ἀλλοιωθησομένοις,
1619 2594 1864 2664 δηλονότι
1898 2595 1997 2664 τὴν

431 2681 721 2752 ἐπαινετὴν
774 2682 867 2734 καὶ
924 2680 1074 2735 Θείαν
1132 2681 1435 2746 ἀλλοίωσιν,
1487 2684 1513 2735 ὁ
1549 2682 1763 2753 ψαλμδς
1812 2683 1997 2751 ἐπιγέ-

430 2790 680 2845 γραπται
710 2774 861 2845 παρά
890 2773 983 2827 τοῦ
1023 2774 1186 2827 Δαὸὶδ
1210 2774 1305 2827 τοῦ
1334 2775 1527 2842 νοητοῦ
1562 2790 1579 2806 ο
1611 2774 1755 2843 λέγω
1774 2774 1829 2827 δὲ
1858 2774 1997 2843 Χρι-

432 2864 561 2918 στοῦ
590 2864 684 2919 τοῦ
723 2864 881 2921 Θεοῦ.
914 2865 1091 2929 Μόνος
1126 2865 1237 2937 γάρ
1271 2866 1434 2928 αὐτὸς
1468 2864 1721 2936 ἀληθινὸς
1748 2864 1998 2935 βασιλεὺς

432 2957 697 3029 ὑπάρχων
724 2957 819 3011 τοῦ
866 2956 1084 3027 Ἰσραὴλ
1109 2957 1205 3011 καὶ
1253 2957 1489 3023 ὁρῶντος
1519 2957 1671 3019 Θεὸν,
1702 2957 1777 3021 ὡς
1815 2956 1998 3026 πάσης

2091 1870 2235 1926 tituli
2259 1871 2448 1934 instar,
2484 1870 2538 1924 in
2561 1870 2679 1938 ipso
2704 1868 2948 1937 quidem,
2975 1875 3037 1922 ut
3074 1866 3194 1937 ipso
3228 1867 3367 1923 duce
3392 1883 3455 1923 ac
3479 1867 3665 1922 Salva-

2091 1972 2230 2025 tore,
2257 1961 2326 2015 ab
2372 1977 2548 2032 eoque
2585 1961 2847 2031 deinceps
2880 1961 2935 2015 in
2978 1960 3066 2015 his
3100 1961 3195 2031 qui
3231 1976 3299 2015 ex
3345 1962 3465 2031 ejus
3520 1977 3663 2030 pra:-

2090 2054 2298 2123 scripto
2322 2053 2410 2123 pie
2439 2053 2608 2107 vitam
2648 2052 2965 2118 instituunt,
3003 2051 3288 2121 pravitatis
3317 2066 3379 2106 ac
3405 2051 3665 2121 nequitia:

2093 2145 2475 2211 eversionem;
2527 2154 2641 2199 tum
2700 2153 2926 2214 propter
2977 2143 3224 2197 futuram
3278 2143 3493 2208 adhuc,
3547 2144 3665 2213 ipso

2093 2244 2409 2308 przestante,
2455 2236 2721 2305 integram
2759 2235 2955 2290 mortis
2982 2249 3048 2289 ac
3076 2235 3453 2303 corruptionis
3488 2235 3665 2288 aboli-

2094 2328 2320 2384 tionem.
2351 2328 2414 2381 1η
2437 2329 2729 2381 doctrinam
2759 2335 2962 2391 autem,
2988 2342 3108 2380 cum
3141 2324 3409 2380 succendit
3428 2323 3665 2394 Μεδορο-

2097 2421 2317 2474 tamiam
2364 2426 2415 2473 et
2454 2417 2666 2489 Syriam
2715 2416 2851 2472 Saba
2876 2433 2895 2471 :
2927 2418 2982 2509 ip
3012 2416 3317 2472 doctrinam
3348 2416 3529 2480 nobis,
3569 2417 3665 2485 qui

2096 2513 2454 2567 immutamur
2474 2519 2529 2564 et
2558 2525 2749 2565 sumus
2774 2506 3102 2563 immutandi
3138 2506 3421 2581 (laudabili
3454 2507 3666 2561 scilicet

2097 2618 2159 2657 ac
2181 2603 2366 2656 divina
2412 2598 2811 2670 immutatione)
2840 2599 2907 2653 ab
2941 2598 3172 2669 spiritali
3199 2597 3403 2653 Davide
3428 2596 3663 2668 (Christo

2098 2693 2311 2748 scilicet
2354 2690 2486 2757 Deo)
2548 2690 2846 2760 inscriptus
2886 2698 2971 2744 est
3019 2689 3285 2759 psalmus.
3341 2687 3478 2744 Cum
3516 2686 3666 2742 enim

2100 2800 2246 2839 unus
2281 2784 2397 2853 ipse
2421 2798 2585 2838 verus
2608 2782 2826 2837 Israelis
2867 2797 2932 2836 ac
2961 2781 3133 2835 Deum
3164 2779 3404 2835 videntis
3440 2793 3538 2834 rex
3567 2794 3665 2833 ex-

2100 2877 2276 2941 sistat,
2314 2884 2571 2944 tanquam
2604 2874 2823 2928 malitia:
2851 2873 3028 2928 omnis
3051 2888 3115 2927 ac
3154 2871 3475 2943 ignorantia;
3504 2886 3666 2925 ever-

2099 2983 2210 3032 sor,
2244 2965 2533 3033 omnisque
2589 2965 2855 3032 temporis
2898 2978 2963 3017 ac
2994 2970 3206 3015 natura:
3236 2960 3433 3026 victor;
3463 2959 3668 3029 quibus

434 3048 728 3118 ἀναιρέτης
750 3048 947 3110 κακίας
979 3048 1072 3101 καὶ
1098 3048 1395 3117 ἀγνωσίας,
1422 3048 1517 3101 καὶ
1539 3049 1765 3119 νικητὴς
1796 3047 1997 3109 παντὸς

2101 3059 2341 3131 proclive
2373 3057 2535 3127 336
2555 3056 2611 3110 in
2628 3056 2791 3110 nobis
2808 3055 3005 3110 vitium
3026 3054 3379 3124 pravitasque
3404 3051 3670 3106 conﬂatur

428 3140 626 3210 χρόνου
675 3139 769 3191 καὶ
825 3138 1059 3206 φύσεως,
1084 3140 1152 3193 δι’
1183 3132 1258 3194 ὧν
1279 3140 1338 3193 ὲν
1374 3140 1700 3210 ήμῖνκακία
1744 3139 1999 3193 συνίστα-

430 3228 557 3282 σθαι
604 3230 885 3297 πέφυκεν·
923 3228 1209 3301 ἐνεπύρισε
1258 3229 1356 3301 τὴν
1402 3231 1847 3302 Μεσοποταμίαν,
1909 3230 1999 3285 διὰ

431 3320 637 3392 σαρκὸς
683 3322 818 3391 ἡμῖν
857 3320 1124 3391 ὁμιλήσας
1152 3338 1168 3353 ο
1200 3323 1466 3388 τουτέστι,
1493 3323 1592 3396 τὴν
1641 3322 2001 3394 ὲπικλυζομέ-

429 3429 531 3483 νην
577 3414 691 3476 τοῖς
719 3412 871 3484 παρά
923 3411 1085 3481 φύσιν
1110 3414 1307 3467 πάθεσι
1343 3414 1443 3483 τῆς
1502 3414 1703 3486 σαρκὸς
1740 3415 1852 3482 ἕξιν
1900 3416 2001 3486 τῆς

432 3506 650 3568 κακίας.
695 3504 805 3558 Καὶ
857 3502 973 3572 τὴν
999 3504 1225 3573 Συρίαν
1253 3503 1420 3561 Σωόἆ
1449 3504 1631 3578 [etiam
1664 3505 1753 3562 Fr.
1793 3506 1952 3561 Σωσᾶ
1983 3524 1998 3538 θ

433 3606 484 3652 et
513 3595 799 3668 deinceps],
830 3596 1078 3650 τουτέστι
1121 3596 1223 3667 τὴν
1270 3597 1677 3669 δεδουλωμένην
1700 3597 1778 3669 τῷ
1803 3599 1999 3669 χρόνῳ,

435 3687 603 3757 ἤγουν
630 3685 996 3756 ἠπατημένην
1023 3685 1102 3756 τῷ
1130 3686 1285 3739 αίῶνι
1315 3686 1491 3757 τούτῳ
1515 3687 1778 3741 διάθεσιν.
1824 3689 2002 3742 Ἑπτὰ

438 3780 547 3851 γὰρ
580 3781 615 3850 ή
651 3777 818 3833 Σωϐᾶ
846 3778 1209 3851 ἑρμηνεύεται
1241 3795 1258 3811 ⁸
1315 3780 1503 3849 σαφῶς
1549 3781 1604 3834 δὲ
1656 3781 1814 3836 τοῦτο
1856 3782 2006 3851 δηλοῖ

441 3871 540 3940 τὴν
571 3869 830 3942 χρονικὴν
875 3870 1136 3942 ἰδιότητα.
1173 3870 1560 3942 Ἐσδοματικὸς
1598 3874 1705 3944 γὰρ
1727 3876 1754 3927 ὁ
1790 3874 2001 3945 χρόνος.

438 3962 605 4015 Φύσιν
636 3963 750 4035 γάρ
778 3964 873 4017 καὶ
923 3964 1114 4034 χρόνον
1145 3963 1337 4017 εἴωθεν
1366 3967 1393 4017 ὁ
1425 3964 1669 4029 διάϐολος
1734 3983 2007 4020 συνεπικιο

437 4056 550 4109 νεῖν
583 4054 763 4126 ἑαυτῷ
790 4056 931 4110 κατὰ
956 4055 1057 4127 τῆς
1083 4057 1288 4127 ἀρετῆς
1313 4057 1408 4111 acati.
1439 4058 1537 4127 τῆς
1575 4059 1848 4128 γνώσεως,
1878 4062 2005 4123 τοὺς

438 4149 666 4215 ἀφανεῖς
698 4146 1029 4218 συμπλέκων
1075 4148 1368 4217 πολέμους,
1396 4150 1471 4212 ὼς
1516 4151 1616 4214 τὰς
1661 4152 1757 4205 δύο
1807 4152 2004 4223 Συρίας

443 4238 584 4291 κατὰ
638 4237 735 4291 τοῦ
779 4237 942 4291 Δαϐὶδ
967 4240 996 4292 ὁ
1037 4237 1364 4309 Ἀδρααζάρ.
1413 4240 1721 4312 ’Δδρααζάρ
1768 4241 1877 4312 γὰρ
1927 4243 2009 4307 είς

438 4329 535 4401 τὴν
561 4330 785 4385 Ἐλλάδα
814 4330 997 4401 φωνὴν
1016 4330 1511 4403 μεταφραζόμενος,
1565 4339 1728 4394 λύων
1739 4337 1921 4408 ἰσχὺν
1934 4336 2002 4408 (c)

2098 3167 2163 3206 ac
2197 3149 2474 3214 inolescit;
2506 3147 2953 3217 Mesopotamiam
2974 3145 3283 3211 succendit,
3320 3159 3417 3214 per
3448 3160 3668 3198 carnem

2098 3241 2388 3296 nobiscum
2428 3248 2720 3301 versatus;
2750 3251 2948 3305 nempe
2990 3243 3331 3306 stagnantem
3361 3234 3671 3303 prolutum-

2100 3349 2206 3405 que
2236 3329 2641 3387 innaturalibus
2667 3327 2848 3382 carnis
2874 3325 3161 3381 affectibus
3211 3333 3374 3393 atque
3398 3322 3549 3376 vitiis
3577 3322 3675 3374 ha-

2101 3425 2299 3480 bitum.
2326 3422 2397 3477 Et
2433 3420 2645 3493 Syriam
2676 3417 2853 3484 Saba;
2888 3418 3123 3488 tempori
3150 3416 3364 3471 scilicet
3389 3414 3671 3484 mancipa-

2102 3527 2233 3581 tam,
2260 3516 2313 3569 id
2333 3521 2439 3579 est,
2476 3511 2663 3568 saeculi
2703 3510 2867 3581 hujus
2892 3524 3080 3564 errore
3112 3507 3356 3562 delusam
3386 3507 3552 3560 animi
3588 3505 3672 3559 af-

2102 3608 2416 3662 fectionem.
2450 3605 2585 3658 Saba
2620 3602 2789 3666 enim,
2817 3601 2861 3655 si
2886 3615 3087 3653 nomen
3136 3597 3541 3666 interpreteris,
3578 3594 3672 3650 Se-

2105 3706 2244 3769 ptem
2272 3694 2542 3766 signiﬁcat
2564 3692 2720 3764 [imo,
2752 3689 2960 3760 Syriam
2983 3689 3136 3758 quasi
3171 3686 3499 3755 militarem],
3527 3685 3674 3755 quod

2108 3789 2163 3843 in
2221 3784 2483 3855 temporis
2532 3784 2708 3854 palam
2773 3779 3161 3850 proprietatem
3209 3785 3386 3831 sonat.
3436 3776 3676 3844 Tempus

2106 3878 2256 3935 enim
2272 3875 2583 3946 septenario
2606 3873 2862 3928 vertitur.
2891 3871 3040 3925 Solet
3059 3868 3205 3923 enim
3241 3867 3511 3931 diabolus,
3545 3867 3674 3920 dum

2105 3969 2368 4024 adversus
2428 3965 2689 4019 virtutem
2731 3978 2794 4017 ac
2828 3959 3112 4017 scientiam
3153 3957 3445 4013 invisibilia
3483 3957 3675 4026 prmlia

2108 4057 2506 4113 commissurus
2538 4063 2645 4118 est,
2693 4069 2801 4107 una
2844 4066 3031 4106 secum
3063 4056 3316 4103 naturam
3352 4057 3677 4116 tempusque

2110 4164 2355 4212 movere,
2383 4147 2531 4200 haud
2560 4161 2718 4201 secus
2741 4160 2805 4199 ac
2842 4144 3118 4198 Adraazar
3144 4140 3335 4195 ambas
3363 4140 3548 4210 Syrias
3578 4138 3677 4192 atl-

2108 4257 2303 4298 versus
2345 4239 2668 4295 Davidem'.
2703 4237 2981 4291 Adraazar
3035 4233 3208 4297 enim,
3254 4231 3301 4287 si
3353 4232 3407 4285 in
3436 4231 3676 4300 linguam

2110 4341 2355 4390 nostram
2382 4339 2569 4386 vertas
2612 4344 2677 4385 ac
2700 4326 3107 4399 interpreteris,
3141 4323 3426 4379 dissolvens
3468 4322 3679 4392 fortitu-

512 4487 529 4518 ⁸
561 4488 604 4544 ll
638 4490 773 4560 Reg.
800 4504 911 4555 vm,
944 4489 1004 4555 ις
1042 4505 1094 4555 x,
1125 4489 1187 4556 7;
1219 4489 1239 4543 l
1270 4487 1444 4547 Paral.
1477 4505 1626 4558 xvm,
1658 4492 1710 4547 1.
1758 4493 1967 4565 'lReg.
2000 4510 2056 4561 x,
2084 4493 2172 4549 l9.

515 4644 590 4718 (α)
615 4647 741 4718 -Εις
790 4646 1268 4715 στηλογραφίαν.
1304 4645 1547 4718 Assumit
1575 4647 1839 4703 Maximus
1869 4664 2001 4718 pro-

443 4714 571 4771 clivi
597 4714 909 4787 Graecorum
941 4731 1067 4781 usu,
1101 4714 1160 4787 ut
1183 4716 1338 4787 quasi
1368 4732 1434 4770 ex
1464 4718 1623 4772 titulo
1647 4714 2007 4787 proscriptio-

444 4800 570 4859 nem
606 4784 906 4859 signiticet,
957 4800 1066 4859 seu
1097 4784 1502 4859 damnationem
1533 4784 1751 4859 (nempe
1786 4784 2007 4859 malitiae

444 4855 698 4927 Vitiique)
749 4855 946 4927 iactam
985 4856 1165 4927 primo
1217 4857 1273 4927 in
1319 4855 1558 4923 Christo,
1587 4855 1763 4927 exque
1790 4857 1905 4927 illo,
1942 4872 2008 4927 ac

444 4925 819 4997 perillumin
858 4925 1309 4997 sanctisspotius
1336 4935 1515 4981 tamen
1567 4925 2006 4997 (llic—pracipue)

445 4995 665 5049 titulum
692 4995 939 5050 victoriae
980 4994 1186 5050 Christi
1221 4995 1475 5050 videatur
1518 4994 1733 5051 sonare.
1766 4994 2010 5050 Habetur

444 5065 636 5120 eadem
660 5080 765 5120 vox
811 5066 953 5121 Psal.
975 5080 1066 5129 xv,
1099 5080 1185 5129 LV,
1217 5081 1320 5129 va,
1368 5081 1509 5129 LVI",
1543 5066 1635 5119 ubi
1663 5068 1711 5118 οι
1744 5064 1889 5119 LXX
1927 5065 2010 5120 sic

444 5135 761 5206 reddentes,
792 5134 943 5191 aliud
992 5134 1255 5189 videntur
1286 5135 1479 5205 legisse
1520 5149 1684 5206 quam
1712 5135 1880 5206 modo
1902 5133 2009 5190 He-

446 5205 591 5259 brzea
636 5204 873 5261 habeant
900 5222 914 5258 :
944 5219 1143 5274 nempe
1177 5204 1360 5267 παι
1392 5221 1503 5258 non
1539 5204 1609 5259 ἰιι
1629 5205 1741 5274 jam
1782 5204 2013 5273 legimus

444 5285 637 5339 om,
666 5274 812 5345 quod
845 5274 1078 5345 Arabica
1105 5289 1239 5328 voce
1279 5290 1390 5345 rem
1406 5274 1777 5345 absconditam
1808 5274 2015 5345 signiti-

445 5352 555 5407 cat,
586 5345 641 5400 id
668 5343 777 5415 (est,
802 5353 1014 5399 senatu
1046 5344 1282 5415 dignam.
1313 5344 1417 5415 nisi
1446 5346 1612 5399 etiam
1644 5343 2014 5415 sicreddendo

444 5414 700 5469 servandi
724 5415 945 5471 modum
966 5414 1239 5483 explicare
1255 5414 1565 5481 voluerunt,
1584 5423 1645 5469 ut
1666 5414 1877 5468 scilicet
1895 5428 2016 5483 per-

446 5483 576 5537 enni
638 5486 796 5540 titulo
842 5485 912 5540 ad
951 5485 1270 5539 memoriam
1319 5494 1588 5547 servetur,
1643 5484 1882 5539 acvelut
1917 5498 2013 5539 co-

447 5553 653 5625 lumnae
682 5554 1025 5625 inscriptum.
1067 5552 1158 5608 Sic
1180 5569 1329 5625 saepe
1370 5554 1468 5617 illi,
1495 5553 1657 5625 paulo
1701 5553 1861 5625 aliter
1891 5553 2014 5607 red-

448 5622 654 5690 dendo,
687 5638 796 5678 non
829 5622 962 5680 alias
990 5639 1152 5694 voces
1179 5622 1462 5694 legerunt,
1497 5622 1596 5694 sed
1625 5630 1686 5677 ut
1714 5638 1824 5694 eas
1846 5623 2011 5694 ipsas,

452 5709 589 5763 quas
614 5693 866 5769 legimus,
899 5692 1394 5752 clarioribus'aliis
1434 5693 1746 5760 redderent,
1785 5693 1891 5749 sibi
1925 5692 2009 5747 in-

2108 4646 2413 4717 dulseruut.
2432 4644 2663 4717 Quidam
2694 4642 3119 4717 instrumentum
3148 4637 3414 4717 musicum
3445 4635 3635 4688 volunt
3661 4652 3674 4688 :

2112 4718 2205 4771 alii
2239 4708 2751 4785 insigne’militare;
2782 4726 2907 4785 cum
2943 4710 3063 4785 ejus
3099 4708 3349 4785 radix
3385 4716 3522 4766 Dm,
3559 4720 3679 4785 qua:

2111 4794 2232 4841 auri
2285 4774 2470 4855 aplimi
2524 4774 2759 4855 massam
2818 4774 3105 4855 signiﬁcat.
3159 4776 3351 4855 Chald.
3390 4774 3681 4855 exemplar,

2111 4856 2257 4926 quod
2284 4847 2461 4924 ipsum
2484 4870 2514 4907 a
2533 4855 2677 4926 tituli
2705 4847 3061 4926 inscriptione
3072 4862 3193 4926 _non
3212 4847 3368 4926 valde
3388 4853 3679 4926 remotum,

2112 4913 2371 4995 adjuncta
2398 4924 2698 4994 prmsertim
2728 4913 2989 4983 voce'el;
3016 4917 3257 4986 διδαχὴν,
3298 4917 3353 4969 in
3398 4913 3683 4965 documen-

2114 5006 2245 5049 tum.

2186 5065 2259 5135 (b)
2316 5062 2437 5135 Τὴν
2472 5063 2697 5135 Συρίαν
2752 5057 2941 5135 Σωσᾶ.
2972 5055 3067 5135 Sic
3103 5053 3366 5135 emendo,
3405 5050 3575 5135 quod.
3605 5051 3681 5135 ita

2115 5120 2481 5204 sequentibus
2503 5120 2729 5204 codices
2758 5128 3049 5204 habeant;
3066 5140 3175 5204 non
3204 5120 3602 5204 3064'}.;qu0d‘
3620 5122 3686 5175 li-

2115 5190 2247 5273 quet
2282 5220 2394 5259 non
2420 5202 2725 5257 reddidisse
2753 5199 2877 5273 τοὺς
2910 5193 3075 5273 μεΧ,
3114 5201 3173 5247 ιιι
3196 5208 3299 5273 nec
3318 5190 3569 5273 ,βοῦρις-ιι.
3589 5191 3683 5244 ha‘

2116 5259 2269 5341 bent,
2299 5274 2395 5330 sed
2432 5273 2671 5341 idipsum
2709 5266 2867 5341 quod
2910 5266 2955 5319 ll
2982 5266 3116 5341 Reg.
3156 5270 3211 5315 et
3249 5262 3269 5315 l
3318 5259 3684 5341 Pamphique

2117 5279 2269 5341 bent,
2299 5279 2395 5330 sed
2432 5279 2671 5341 idipsum
2720 5279 2867 5337 quoa
2910 5279 2955 5319 ιι
2982 5279 3116 5386 ιιεῗ.
3156 5279 3211 5315 et
3250 5279 3269 5315 ι
3320 5279 3441 5341 ιἰιτ.
3471 5279 3684 5340 umque

2115 5343 2261 5399 enim
2286 5352 2443 5407 71:13,
2484 5358 2608 5397 cum
2635 5337 2797 5410 sobal
2823 5336 2983 5404 longe
3021 5350 3058 5410 _a
3085 5334 3133 5386 ia
3165 5339 3392 5410 vox-stt,
3427 5330 3684 5410 aliudque

2118 5400 2411 5482 significa,
2428 5400 2593 5482 atque
2623 5409 2745 5462 aliis
2777 5400 3221 5482 prorsuslitteris
3255 5400 3521 5482 Hebraice
3546 5400 3683 5482 scri-

2117 5467 2523 5550 hajtur,ine'mpé
2547 5467 2710 5540 ξων,
2758 5467 2838 5550 uti
2871 5482 2929 5550 e_t
2957 5489 3064 5542 qua
3103 5467 3681 5550 septem_signiﬁcant,

2116 5562 2262 5616 me,
2288 5540 2623 5618 'miru'mque
2655 5544 2871 5618 venisse
2885 5540 3245 5618 ili—mentem
3279 5540 3531 5618 Maximo,
3571 5540 3685 5593 sive

2117 5607 2320 5691 (vti—qui
2364 5620 2441 5675 illi
2474 5607 2858 5692 au'ctoretvmi
2880 5613 3004 5675 fuit,
3030 5621 3101 5692 ut
3129 5610 3491 5692 Sohaseptem
3517 5607 3686 5692 inter-

2118 5681 2463 5762 pretaretur};
2499 5704 2622 5745 cum
2648 5687 2720 5744 sit
2739 5681 2883 5742 clare
2913 5682 3189 5748 exercitus,
3216 5681 3475 5743 militans,
3506 5686 3615 5735 etc.
