4134 6192
1537 241 1598 301 S.
1638 233 1929 298 MAXIMI
1959 229 2476 293 CONFESSORIS-

3521 223 3626 286 860

366 365 544 418 dinem
571 361 798 429 dicitur,
825 370 921 421 aut
965 363 1257 434 potentiam
1289 365 1562 421 evertens;
1593 367 1792 424 nempe
1821 349 1940 404 dia-

2063 345 2075 414 l
2103 342 2546 398 κατασκάπτων
2582 339 2841 410 δύναμιν
2875 336 3267 410 ἑρμηνεύεται·
3301 335 3450 398 ὅστις
3483 337 3628 390 ἐστὶν

366 453 529 510 holus
553 495 571 516 .
620 455 718 524 qui
751 455 996 524 spiritale
1043 455 1298 508 humana:
1327 459 1538 505 naturae
1556 447 1746 508 robur,
1791 443 1947 498 sedu-

366 540 566 607 cendo,
595 542 769 597 divini
801 541 1239 611 transgressione
1263 537 1506 594 mandati
1539 535 1610 591 ab
1644 533 1804 588 initio
1832 531 1949 586 dis-

365 631 554 692 solvit,
578 639 745 698 atque
787 627 1071 683 hominem
1117 635 1334 683 natura:
1362 642 1427 681 ac
1462 623 1696 694 tempori
1725 635 1948 677 servum

364 716 594 772 addixit.
625 716 846 784 Absque
880 715 1029 770 enim
1055 714 1144 780 iis,
1177 731 1302 785 qua:
1333 722 1546 768 natura:
1579 710 1820 765 subsunt
1867 717 1953 763 at-

363 825 471 879 que
521 808 780 877 tempori,
816 808 1047 863 omnino
1098 807 1366 863 adversus
1412 805 1666 861 homines
1712 817 1950 874 pugnam

365 898 641 955 instruere
670 901 884 970 nequit.

438 993 504 1047 Et
529 1009 765 1049 reversus
784 1005 859 1046 est
879 992 1036 1058 Joab,
1058 1000 1107 1048 et
1135 991 1386 1064 percussit
1413 989 1612 1044 vallem
1638 986 1952 1043 Sulinarunt

365 1082 632 1138 duodecim
651 1083 1110 1154 millia.Quisquis
1121 1083 1272 1138 enim
1288 1081 1554 1151 spiritalis
1571 1080 1717 1150 regis
1730 1077 1953 1134 Davidis

369 1176 448 1246 (id
463 1185 570 1239 est,
586 1176 805 1231 Domini
825 1177 999 1231 nostri
1011 1176 1144 1232 Jesu
1163 1174 1390 1245 Christi)
1410 1174 1522 1230 dux
1537 1173 1746 1229 militiae
1761 1178 1952 1227 contra

364 1269 713 1324 adversarias
741 1278 1045 1338 potestates
1073 1269 1284 1333 educit,
1315 1268 1612 1324 duodecim
1636 1265 1808 1322 millia
1834 1280 1958 1334 per-

368 1359 510 1415 cutit
552 1360 610 1415 in
644 1361 786 1415 valle
819 1360 1154 1421 Salinarum.
1183 1361 1356 1416 Vallis
1400 1370 1586 1417 autem
1643 1359 1956 1414 Salinarum

369 1465 500 1506 caro
522 1460 630 1516 est,
659 1458 721 1505 ut
744 1467 868 1518 qua:
890 1452 1446 1523 probrosissimorum
1473 1451 1773 1506 aﬁ‘ectuum
1801 1450 1957 1505 locus

371 1557 472 1612 per
493 1540 931 1598 inobedientiam
956 1542 1100 1598 facta
1115 1543 1208 1598 sit.
1229 1544 1288 1598 ln
1313 1543 1419 1598 hac
1435 1542 1592 1613 quasi
1617 1542 1781 1605 valle,
1807 1541 1958 1613 quis-

368 1632 496 1704 quis
516 1633 642 1704 pius
664 1642 751 1688 est
764 1649 828 1689 ac
854 1634 1166 1704 religiosus,
1192 1635 1425 1690 rationis
1440 1634 1612 1689 armis
1624 1649 1687 1689 ac
1709 1641 1959 1688 contem-

368 1722 652 1792 plationis,
672 1732 926 1779 naturam
941 1741 1006 1780 ac
1028 1735 1244 1796 tempus
1264 1726 1540 1796 percutit;
1562 1725 1958 1780 abhorrentem

368 1812 583 1868 scilicet
604 1828 634 1868 a
647 1814 859 1868 ratione
875 1826 1200 1886 occupatam
1220 1817 1390 1875 animi
1403 1818 1459 1872 in
1479 1815 1590 1872 illis
1609 1817 1956 1887 opinionem,

370 1919 481 1975 qua
515 1914 742 1976 praestat
781 1906 1008 1963 virtutis
1054 1924 1121 1965 ac
1153 1911 1401 1966 scientia:
1428 1911 1702 1975 celsitate,
1747 1917 1961 1964 natura:

371 2000 722 2069 temporique
750 1999 1009 2056 obnoxiis
1050 2001 1271 2073 legibus
1302 2002 1731 2072 haudquaquam
1758 2001 1959 2056 immo-

377 2106 527 2146 rans.
581 2092 970 2150 Duodenarius
1027 2094 1178 2151 enim
1205 2109 1476 2149 numerus
1509 2102 1767 2148 naturam
1815 2101 1960 2146 tem-

372 2199 584 2255 pusque
608 2185 918 2257 signiﬁcat;
944 2186 1151 2257 quippe
1180 2203 1307 2242 cum
1340 2196 1571 2252 natura,
1613 2187 1685 2241 ob
1707 2186 1960 2256 quinque

373 2290 591 2354 sensus,
625 2276 879 2346 quinaria
933 2278 1040 2344 sit;
1068 2287 1287 2348 tempus
1317 2294 1449 2334 vero
1470 2279 1874 2349 septenarium,
1901 2286 1962 2333 ut

373 2366 552 2422 cuivis
581 2368 940 2439 perspicuum
970 2377 1076 2425 est.
1124 2368 1180 2424 Si
1211 2380 1398 2426 autem
1438 2370 1686 2441 quinque
1720 2380 1961 2440 septem-

372 2472 482 2528 que
511 2459 900 2528 componendo
929 2454 1202 2530 iunxeris,
1235 2459 1640 2515 duodenarium
1665 2460 1830 2531 plane
1859 2475 1963 2514 nu-

373 2564 591 2604 merum
622 2549 963 2620 impleveris.

444 2640 610 2696 Forte
635 2655 772 2696 vero
801 2641 1115 2697 occisorum
1147 2658 1438 2703 numerus,
1471 2641 1802 2697 facultatum
1837 2641 1959 2696 ani—

373 2731 452 2785 mi
479 2732 788 2788 ternionem
816 2733 1120 2804 signiﬁcat,
1171 2751 1358 2790 rerum
1401 2735 1457 2790 in
1493 2750 1719 2790 sensum
1759 2734 1963 2789 caden-

2051 435 2080 488 6
2115 433 2380 498 διάϐολος,
2419 434 2448 486 ὁ
2479 433 2544 486 δι’
2565 431 2780 504 ἀπάτης
2808 433 2907 500 τὴν
2935 428 3309 500 πνευματικὴν
3356 428 3510 498 ἰσχὺν
3532 429 3631 500 τῆς

2049 527 2326 598 ἡμετέρας
2382 526 2596 596 φύσεως
2656 526 2779 578 κατ’
2838 523 3014 595 ἀρχὰς
3057 525 3125 594 τῇ
3175 521 3488 594 παραϐάσει
3532 521 3634 591 τῆς

2053 618 2202 684 θείας
2226 618 2448 690 ἐντολῆς
2485 617 2764 682 διαλύσας,
2793 617 2889 671 καὶ
2921 616 3000 685 τῷ
3023 616 3200 687 χρόνῳ
3233 613 3330 669 καὶ
3361 617 3426 685 τῇ
3472 614 3634 682 φύσει

2051 710 2328 774 δουλώσας
2354 711 2443 765 τὸν
2471 710 2780 781 ἄνθρωπον.
2818 710 2982 761 ’Δνευ
3014 707 3122 776 γὰρ
3156 706 3266 761 τῶν
3324 706 3432 760 ὑπὸ
3471 707 3634 774 φύσιν

2053 806 2152 859 καὶ
2201 805 2418 877 χρόνον,
2459 802 2730 874 μάχεσθαι
2773 803 2886 865 τοῖς
2920 798 3232 872 ἀνθρώποις
3261 799 3543 861 παντελῶς
3573 799 3633 852 οὺ

2051 896 2294 951 δύναται.
2909 939 2916 944 .

2122 987 2231 1042 Καὶ
2242 987 2617 1055 ἐπέστρεψεν
2643 985 2805 1040 ἰωὰϐ
2821 982 2920 1037 καὶ
2937 981 3200 1046 ἐπάταξε
3220 981 3336 1050 τὴν
3355 980 3635 1052 φάραγγα

2053 1079 2176 1134 τῶν
2206 1077 2386 1134 Ἁλῶν
2407 1077 2639 1132 δώδεκα
2661 1074 2958 1147 χιλιάδας.
2991 1075 3108 1138 Πᾶς
3141 1072 3256 1143 γὰρ·
3279 1075 3306 1126 ὁ
3341 1073 3419 1144 τῷ
3457 1071 3636 1144 νοητῷ

2055 1170 2267 1242 βασιλεῖ
2333 1171 2500 1226 Δαὸὶδ
2562 1168 2889 1242 στρατηγῶν
2912 1209 2928 1235 ,
2986 1168 3240 1221 τουτέστι
3297 1166 3378 1238 τῷ
3446 1167 3637 1236 Κυρίῳ

2059 1262 2219 1335 ἡμῶν
2257 1263 2458 1333 Ἰησοῦ,
2486 1260 2630 1316 κατὰ
2654 1261 2763 1313 τῶν
2796 1259 3054 1313 ἐναντίων
3075 1258 3385 1329 δυνάμεων,
3425 1258 3640 1312 πατάσ-

2061 1372 2146 1409 σει
2175 1353 2384 1410 δώδεκα
2411 1354 2656 1426 χιλιάδας
2678 1353 2739 1405 ὲν
2766 1355 2831 1422 τῇ
2866 1352 3112 1422 φάραγγι
3155 1351 3266 1404 τῶν
3308 1351 3499 1404 Ἀλῶν.
3527 1349 3639 1404 Φά-

2059 1445 2196 1518 ραγξ
2221 1445 2279 1500 δέ
2310 1447 2458 1512 ἐστιν
2499 1444 2672 1498 ’Δλῶν
2694 1446 2728 1516 ή
2755 1442 2912 1515 σὰρξ,
2941 1442 3019 1506 ὡς
3049 1441 3250 1514 χωρίον
3283 1441 3474 1494 παθῶν
3517 1441 3637 1495 άτι-

2061 1539 2195 1610 μίας
2240 1538 2331 1593 διὰ
2384 1538 2486 1609 τῆς
2536 1539 2824 1608 παρακοῆς
2881 1534 3150 1606 γενομένη
3179 1550 3194 1567 ·
3231 1535 3289 1586 ὲν
3323 1526 3638 1607 ᾖκαθάπερ

2062 1632 2308 1704 φάραγγι
2329 1630 2420 1684 διὰ
2447 1629 2608 1699 λόγου
2626 1629 2722 1682 καὶ
2749 1627 3006 1698 θεωρίας,
3038 1628 3148 1690 πᾶς
3178 1625 3412 1696 εὐσεϐὴς
3438 1625 3533 1678 καὶ
3556 1643 3638 1695 φιν

2060 1722 2245 1786 λόθεος
2293 1721 2569 1776 πατάσσει
2620 1719 2786 1790 φύσιν
2835 1720 2931 1774 καὶ
2962 1719 3155 1791 χρόνον
3181 1736 3197 1750 ο
3233 1719 3405 1790 ἦγουν
3425 1717 3528 1789 τὴν
3550 1719 3636 1771 ἐπ’

2059 1815 2245 1878 αὐτοῖς
2300 1813 2399 1883 τῆς
2442 1811 2623 1882 ψυχῆς
2668 1811 2982 1882 παράλογον
3019 1808 3310 1882 πρόληψιν,
3372 1808 3638 1880 μηδαμῶς

2058 1905 2312 1978 ἐμμένων
2337 1903 2426 1958 διὰ
2458 1903 2518 1957 τὸ
2549 1902 2683 1973 ὕψος
2719 1903 2822 1973 τῆς
2851 1903 3056 1973 ἀρετῆς
3086 1901 3182 1955 καὶ
3227 1899 3326 1969 τῆς
3361 1897 3638 1968 γνώσεως,

2056 2000 2172 2063 τοῖς
2219 1997 2323 2051 ὑπὸ
2358 1995 2522 2066 φύσιν
2561 1994 2664 2049 καὶ
2711 1993 2900 2066 χρόνον
2927 1994 3133 2064 νόμοις.
3176 1993 3236 2046 '0
3276 1990 3388 2063 γὰρ
3432 1989 3644 2044 δώδεκα

2060 2086 2296 2159 ἀριθμὸς
2342 2085 2442 2160 τὴν
2490 2085 2652 2156 φύσιν
2701 2085 2854 2154 δηλοῖ
2893 2083 2995 2140 καὶ
3053 2083 3148 2137 τὸν
3203 2082 3398 2155 χρόνον
3427 2099 3442 2113 ο
3477 2080 3640 2150 εἴπερ

2077 2179 2376 2250 πενταδικὴ
2405 2179 2504 2250 μὲν
2533 2179 2567 2249 ἡ
2600 2176 2763 2249 φύσις
2793 2177 2880 2231 διὰ
2911 2177 3012 2240 τὰς
3051 2175 3338 2246 αἰσθήσεις
3363 2187 3380 2204 ⁸
3409 2172 3645 2243 ἑϐδομα-

2059 2275 2212 2336 τικὸς
2232 2273 2292 2327 δὲ
2310 2272 2524 2344 χρόνος,
2555 2271 2633 2335 ὡς
2663 2272 2798 2324 πᾶσι
2829 2269 3169 2340 καθέστηκεν
3195 2267 3443 2338 εὔδηλον.
3471 2267 3644 2320 Πέντε

2057 2365 2117 2418 δὲ
2149 2368 2264 2431 τοῖς
2294 2366 2438 2422 ἑπτὰ
2473 2364 2718 2430 συνθεὶς,
2749 2364 2845 2419 τὸν
2867 2361 3076 2417 δώδεκα
3105 2360 3426 2432 πληρώσεις
3462 2360 3529 2413 ἂν
3548 2375 3643 2412 σα-

2061 2457 2177 2526 φῶς
2207 2458 2465 2529 ἀριθμόν.

2133 2633 2312 2708 Τύχδν
2339 2636 2396 2690 δὲ
2436 2637 2532 2691 καὶ
2557 2637 2659 2708 τὴν
2686 2636 2873 2700 κακῶς
2919 2635 2986 2689 δι’
3011 2633 3228 2704 ἀπάτης
3269 2632 3420 2704 παρὰ
3481 2629 3647 2700 φύσιν

2063 2729 2486 2798 συμπλακεῖσαν
2527 2732 2596 2801 τῇ
2632 2729 2877 2801 τετριάδι
2908 2726 3171 2800 [τετράδι]
3211 2725 3322 2780 τῶν
3373 2724 3647 2794 αἰσθητῶν

375 2822 513 2877 tium
535 2824 891 2903 quaterniqni
917 2812 1060 2880 male
1079 2827 1292 2882 erroris
1307 2825 1634 2882 seductione
1663 2826 1961 2896 implexum

2063 2821 2256 2892 τριάδα
2293 2820 2402 2873 τῶν
2429 2821 2718 2893 δυνάμεων
2751 2821 2851 2890 τῆς
2871 2820 3051 2890 ψυχῆς
3087 2818 3232 2874 κατὰ
3281 2817 3383 2888 τὴν
3433 2815 3643 2886 σχέσιν,

374 2921 542 2983 atque
562 2913 848 2979 innexum,
877 2915 1023 2972 unde
1048 2916 1323 2987 quidquid
1345 2925 1701 2987 peccatorum
1724 2926 1810 2972 est
1835 2933 1961 2988 pro-

2063 2914 2131 2968 δι’
2158 2909 2229 2986 ἦς
2269 2915 2422 2968 πᾶσα
2449 2912 2699 2982 γίνεσθαι
2732 2912 2979 2981 πέφυκεν
3007 2910 3252 2982 ἁμαρτία
3274 2950 3291 2977 ,
3336 2911 3366 2962 ὁ
3395 2908 3506 2961 τῶν
3549 2907 3646 2961 ἀν-

372 3007 515 3062 clive
538 3008 747 3076 oritur;
801 3024 968 3078 quem
1019 3009 1281 3078 prmelare
1319 3010 1448 3066 neci
1487 3010 1678 3076 tradit,
1723 3011 1820 3081 qui
1851 3010 1961 3079 spi-

2063 3007 2360 3080 ῃρημένων
2403 3007 2635 3078 ἀριθμὸς
2670 3007 3034 3078 ὑποσημαίνει
3065 3022 3080 3037 ο
3131 3005 3190 3058 ὃν
3257 3002 3648 3072 καταφονεύσει

375 3099 522 3154 ritali
576 3099 808 3164 Davidi,
845 3101 1008 3171 337
1040 3109 1263 3157 certans
1317 3118 1422 3172 pro
1482 3103 1744 3165 veritate,
1789 3117 1962 3172 opera

375 3187 645 3253 deseruit,
674 3187 1056 3258 sapientiaque
1093 3204 1158 3244 ac
1187 3190 1409 3246 solertia
1445 3189 1746 3245 invisibilia
1771 3189 1965 3260 prmlia

374 3279 698 3346 committit,
725 3295 789 3334 ac
811 3280 1078 3336 adversus
1117 3281 1488 3352 nequissimus
1515 3291 1819 3353 potestates
1848 3283 1964 3353 spi-

377 3369 616 3426 ritaliter
649 3371 770 3427 acie
803 3371 1075 3428 decernit.
1113 3372 1306 3429 Omnis
1329 3375 1482 3430 enim
1529 3375 1699 3430 animi
1736 3375 1966 3433 facultas

378 3462 774 3518 innaturaliter
830 3473 1010 3534 mota,
1062 3465 1156 3530 iis,
1191 3482 1314 3536 qum
1342 3467 1400 3520 in
1448 3482 1676 3522 sensum
1716 3467 1961 3523 cadunt.

378 3555 496 3611 fere
528 3554 917 3626 complicatur.
960 3555 1100 3612 Cum
1137 3561 1326 3628 itaque
1362 3559 1527 3621 ratio,
1564 3559 1758 3630 iraque
1781 3569 1837 3616 et
1869 3575 1966 3616 cu-

378 3646 604 3718 piditas,
659 3655 773 3704 tres
799 3647 969 3703 animi
1022 3650 1311 3720 generales
1357 3649 1675 3716 facultates,
1708 3652 1877 3708 rebus
1907 3653 1966 3708 in

378 3750 602 3792 sensum
637 3737 962 3792 cadentibus
986 3737 1129 3809 (quae
1157 3738 1420 3794 videlicet
1443 3742 1813 3810 quaternarite
1836 3759 1968 3798 con-
2007 3740 2010 3742 ⁷

379 3829 605 3901 sistunt)
658 3831 1076 3896 succubuerint,
1131 3831 1542 3888 duodenarium
1577 3833 1827 3890 eiiicinnt
1859 3851 1966 3890 nu-

378 3937 620 3976 merum.
650 3920 900 3988 Quatuor
941 3923 1091 3978 enim
1125 3923 1171 3978 si
1206 3925 1387 3980 tribus
1429 3925 1729 3993 addideris,
1757 3942 1822 3982 ac
1860 3927 1966 3982 tria

378 4011 612 4082 adjectis
639 4023 879 4083 quatuor
911 4014 1162 4085 quinque
1180 4017 1585 4086 composueris,
1616 4019 1830 4074 huncce
1857 4035 1965 4074 nu-

380 4117 596 4158 merum
638 4104 1036 4173 compleveris;
1069 4120 1236 4174 quem
1271 4105 1558 4170 interficit,
1606 4108 1699 4178 qui
1735 4107 1843 4164 ﬁde
1896 4109 1965 4164 ad

379 4193 676 4251 Dominum
707 4197 943 4260 accedit,
971 4205 1313 4268 strenueque
1361 4214 1427 4254 ac
1466 4198 1684 4255 fortiter
1700 4199 1969 4256 adversus

379 4305 602 4346 omnem
632 4290 1088 4360 inaspectabilem
1117 4291 1450 4362 hostemque
1481 4291 1742 4361 spiritum
1769 4293 1968 4364 ι)υωίὶο

379 4382 651 4439 decernit.

342 4485 347 4489 '
451 4474 530 4529 Ea
555 4473 739 4545 itaque
768 4474 965 4544 psalmi
996 4474 1164 4546 hujus
1197 4474 1490 4546 inscriptio
1512 4491 1577 4532 ac
1601 4475 1797 4533 titulus
1820 4487 1906 4533 est
1942 4496 1956 4532 :

381 4567 476 4623 His
509 4568 599 4638 qui
622 4568 1066 4635 immutabuntur;
1092 4569 1254 4624 nobis
1275 4569 1488 4626 scilicet
1525 4587 1538 4624 :
1570 4572 1625 4625 in
1642 4571 1960 4639 doctrinam,

381 4672 582 4728 nempe
619 4673 815 4713 eorum
840 4658 1114 4714 honorum
1145 4675 1269 4730 quae
1298 4660 1368 4715 ab
1399 4660 1633 4732 spiritali
1677 4663 1883 4719 Davide
1909 4664 1964 4719 in

381 4765 486 4805 nos
511 4761 919 4820 pervenerunt:
947 4751 1010 4806 In
1042 4752 1183 4808 tituli
1207 4754 1604 4825 inscriptionem
1629 4757 1730 4826 ipsi
1756 4756 1964 4823 David;

384 4841 492 4898 hoc
529 4850 648 4907 est.
686 4843 740 4897 in
790 4845 1128 4914 praeconium
1173 4861 1239 4900 ac
1287 4847 1719 4903 celebrationem
1769 4865 1963 4905 eorum

374 4933 508 5006 'quaa
546 4936 594 4991 is
642 4947 869 5007 propter
915 4953 1017 4993 nos
1042 4938 1230 4995 divina
1282 4955 1348 4996 ac
1395 4941 1656 4997 salutaria
1701 4945 1965 5013 prmclare

383 5025 574 5096 gessit.
611 5025 780 5081 Tituli
810 5027 960 5082 enim
992 5027 1306 5098 inscriptio,
1341 5043 1530 5086 rerum
1563 5032 1831 5100 praeclare
1866 5049 1964 5105 ge-

384 5126 595 5174 starum
622 5122 954 5190 praeconium
993 5137 1058 5178 ac
1099 5121 1529 5180 celebrationem
1577 5125 1869 5197 signiﬁcat,
1905 5137 1966 5184 ut

2065 3100 2320 3164 καλῶς,ὁ
2360 3099 2442 3170 τῷ
2479 3099 2658 3170 νοητῷ
2699 3098 2866 3152 Δαδὶδ
2911 3100 2970 3152 ἰν
3020 3099 3135 3160 τοῖς
3194 3096 3334 3166 ὑπὲρ
3387 3093 3648 3166 ἀληθείας

2064 3190 2274 3260 ἀγῶσιν
2303 3189 2622 3262 ὑπούργῶν,
2657 3190 2751 3243 καὶ
2777 3188 3098 3259 γνωστικῶς
3127 3187 3228 3249 τὰς
3246 3187 3516 3256 άοράτους
3541 3187 3650 3256 μά-

2064 3302 2170 3357 χας
2205 3285 2521 3348 συνάπτων,
2553 3283 2650 3338 καὶ
2701 3283 2845 3337 κατὰ
2896 3282 3010 3335 τῶν
3057 3280 3314 3352 πονηρῶν
3365 3279 3651 3351 δυνάμεων

2063 3374 2457 3445 πνευματικῶς
2489 3374 2996 3446 παραταττόμενος.
3031 3372 3189 3424 Πᾶσα
3216 3370 3326 3441 γὰρ
3352 3368 3528 3439 ψυχῆς
3558 3368 3655 3422 δύ-

2067 3483 2237 3539 ναμις
2287 3467 2440 3540 παρὰ
2469 3465 2636 3536 φύσιν
2669 3466 2966 3536 κινουμένη
2990 3504 3006 3528 ,
3037 3466 3150 3528 τοῖς
3185 3462 3468 3532 αἰσθητοῖς
3511 3478 3651 3531 συμο

2066 3559 2368 3615 πλέκεσθαι
2425 3559 2692 3628 πέφυκεν.
2733 3557 2990 3612 Ἐπειδὰν
3035 3551 3134 3610 οὖν
3155 3556 3185 3608 ὃ
3212 3571 3273 3608 τε
3304 3553 3463 3621 λόγος
3503 3552 3599 3607 καὶ
3623 3554 3652 3606 ό

2067 3653 2235 3724 θυμὸς
2260 3653 2407 3723 καὶὴ
2434 3650 2724 3722 ἐπιθυμία,
2754 3649 2904 3722 τρεῖς
2936 3647 3029 3702 τὸν
3057 3632 3294 3720 ἀριθμὸν
3319 3642 3478 3700 οὖσαι
3506 3662 3652 3714 γενιο

2069 3747 2166 3800 καὶ
2201 3746 2302 3817 τῆς
2350 3745 2531 3815 ψυχῆς
2565 3743 2842 3811 δυνάμεις,
2876 3743 2991 3804 τοῖς
3029 3741 3309 3810 αἰσθητοῖς
3347 3737 3648 3810 ἡττηθῶσι,

2066 3840 2366 3910 τέσσαρσιν
2401 3833 2542 3900 οὖσι,
2576 3835 2668 3890 τὸν
2692 3833 2899 3888 δώδεκα
2929 3832 3166 3903 ἀριθμὸν
3196 3831 3470 3885 ἀποτελεῖ.
3507 3829 3648 3882 Τέσ-

2075 3949 2220 4003 σαρα
2246 3930 2357 4001 γὰρ
2397 3929 2493 3982 ἐπὶ
2511 3928 2662 3999 τρία,
2691 3927 2787 3981 καὶ
2817 3926 2943 3997 τρία
2957 3925 3054 3978 ἐπὶ
3079 3924 3318 3993 τέσσαρα
3345 3924 3459 3984 τοῖς
3485 3921 3646 3974 πέντε

2069 4024 2453 4096 συντιθέμενα,
2483 4023 2676 4076 τοῦτον
2731 4021 2934 4093 πληροῖ
2976 4019 3070 4074 τὸν
3101 4016 3366 4089 ἀριθμόν*
3399 4014 3462 4066 ὃν
3491 4014 3649 4066 ἀναι-

2068 4119 2175 4188 ρεῖ,
2209 4119 2237 4170 ό
2261 4115 2340 4186 τῷ
2361 4114 2552 4185 Κυρίῳ
2579 4113 2789 4176 πιστῶς
2828 4112 3188 4184 προσχωρῶν,
3215 4109 3308 4162 καὶ
3326 4105 3508 4170 καλῶς
3529 4107 3654 4176 ἀρι-

2069 4207 2278 4262 στεύων
2326 4205 2472 4262 κατὰ
2525 4204 2730 4268 παντὸς
2776 4203 3019 4273 ἀφανοῦς
3053 4203 3151 4256 καὶ
3182 4198 3444 4270 πολεμίου
3487 4197 3655 4252 πνεύ-
3700 4249 3704 4253 λ

2073 4318 2264 4372 ματος.

2149 4479 2587 4551 Ἐπιγέτραπται
2614 4475 2746 4548 γοῦν
2773 4479 2803 4531 ὁ
2837 4476 3028 4548 παρὼν
3072 4476 3322 4547 ψαλμδς,
3370 4477 3501 4544 Τοῖς
3561 4477 3661 4547 μὲν

2069 4570 2676 4641 άιλοιωθησομένοις,
2740 4571 2896 4642 ἡμῖν,
2949 4571 3037 4637 εἰς
3101 4569 3379 4640 διδαχὴν,
3425 4569 3534 4622 τῶν
3580 4571 3660 4630 εἰς

2070 4665 2218 4737 ἡμᾶς
2249 4662 2404 4736 παρὰ
2421 4661 2516 4716 τοῦ
2543 4659 2737 4733 νοητοῦ
2763 4659 2925 4715 Δασὶδ
2947 4661 3256 4732 γενομένων
3277 4661 3526 4729 ἀγαθῶν·
3561 4662 3662 4723 Εἰς

2070 4755 2530 4826 στηλοτραφίαν
2553 4753 2612 4807 δὲ
2650 4753 2734 4818 τῷ
2764 4753 2964 4817 Δαϐἰσ,
2988 4753 3269 4807 τουτέστιν
3311 4754 3392 4816 εἰς
3419 4753 3663 4823 ἀναῤῥη-

2073 4865 2158 4904 σιν
2177 4850 2286 4903 τῶν
2305 4847 2443 4919 ὑπὲρ
2465 4847 2497 4917 ἡ
2505 4846 2622 4915 μῶν
2656 4844 2820 4900 αὐτοῦ
2848 4844 3007 4899 θείων
3028 4846 3124 4899 καὶ
3157 4845 3440 4918 σωτηρίων
3461 4861 3664 4916 κατορ-

2073 4941 2362 5014 θωμάτων.
2406 4942 2733 5013 ’Δνάρῤησιν
2772 4939 2882 5010 γάρ
2910 4937 3349 5010 κατορθωμάτων
3381 4939 3415 5008 ὴ
3473 4937 3662 5008 στηλο-

2071 5035 2290 5108 γραφία
2327 5035 2499 5107 δηλοῖ,
2533 5032 2678 5088 κατὰ
2699 5033 2829 5096 τοὺς
2857 5032 3227 5104 ἐπιστήμονας
3272 5031 3382 5085 τῶν
3408 5029 3660 5084 τοιούτων

2071 5129 2354 5202 ὀνομάτων
2377 5127 2673 5200 ἐξηγητάς.

384 5207 637 5267 Sentium
678 5212 772 5281 qui
805 5212 1083 5283 ejusmodi
1111 5214 1400 5271 nominum
1442 5215 1556 5272 vim
1595 5219 1848 5287 apprime
1874 5234 2104 5282 norunt.

451 5301 615 5358 Vens.
639 5303 694 5358 5.
729 5303 890 5371 Deus,
916 5304 1156 5377 repulisti
1182 5323 1274 5362 nos
1297 5317 1349 5362 et
1367 5309 1673 5363 ἀίεινααὶδή
1697 5325 1791 5365 nos
1811 5329 1832 5379 ;
1854 5314 1969 5368 ira-

389 5407 473 5449 tus
505 5411 578 5464 es,
608 5404 657 5450 et
680 5399 921 5455 misertus
945 5418 997 5456 es
1028 5401 1195 5456 nobis.

462 5550 1018 5638 (cl“.Aiiwy.toziir.
1051 5559 1262 5638 Nempe
1317 5560 1453 5632 legit
1510 5559 1811 5638 Maximus,
1868 5579 1965 5619 seu

390 5625 486 5746 «Ini
523 5624 601 5705 illi
623 5625 839 5708 przeivit
870 5624 1282 5711 etymologisies
1313 5624 1550 5697 afﬁrm,
1583 5634 1738 5702 quasi
1772 5624 1806 5715 tt
1832 5644 1928 5693 rm
1954 5676 1969 5699 ,

418 5695 702 5756 angutdus,
737 5710 927 5756 Sicque
966 5701 1250 5756 scribitur.
1284 5702 1328 5756 ll
1360 5704 1495 5756 Rea.
1531 5719 1659 5756 vm:
1693 5705 1839 5756 etsrl
1872 5705 1973 5756 Pa-

492 5702 702 5765 gut’dus,
737 5702 927 5768 sicque
966 5702 1250 5769 scribitur,
1284 5702 1328 5759 ll
1360 5704 1495 5773 Reg.
1531 5719 1659 5770 vni;
1693 5705 1840 5759 etsil
1872 5705 1944 5760 Pa

2162 5316 2216 5368 Ὁ
2277 5311 2443 5378 Θεὸς,
2471 5308 2694 5367 ἀπώσω
2758 5308 2938 5379 ήμᾶςη
2995 5307 3100 5362 καί
3149 5306 3426 5374 καθεῖλες
3461 5303 3614 5374 ἡμᾶς
3637 5318 3653 5334 '

2082 5406 2402 5478 ἀψγίσθης.
2433 5403 2531 5458 καὶ
2558 5403 2923 5472 (imre/pnas;
2953 5397 3134 5472 ἡμᾶς.
3251 5409 3256 5413 ‘

2077 5563 2176 5618 ral.
2208 5578 2358 5624 xvui,
2388 5568 2473 5616 est
2495 5571 2529 5619 ’τ
2554 5561 2679 5616 loco
2705 5574 2746 5617 ’π
2775 5575 2876 5630 pro
2910 5558 3073 5614 tertia
3101 5556 3310 5630 littera.
3336 5555 3519 5630 Possit
3550 5565 3604 5630 et
3631 5571 3660 5610 a

2076 5643 2171 5692 ττι
2205 5634 2435 5687 amicum
2461 5630 2745 5685 auxilium.
2770 5627 2979 5685 Auctor
3006 5627 3391 5702 explicationis
3416 5629 3671 5702 proprio-

2082 5720 2202 5758 rum
2236 5703 2520 5758 nominum
2558 5702 2916 5766 Biblicorum,
2944 5717 3044 5769 per
3061 5713 3102 5756 ἰ
3125 5709 3180 5754 ct
3204 5710 3244 5760 Π
3268 5699 3419 5769 legit.
