4134 6192
450 208 549 273 861

1526 212 1930 275 EXPOSITIO
1967 214 2049 277 IN
2087 214 2453 278 ΡδΑῙλΗυῐιῙ
2490 217 2643 280 LIX.

3596 222 3704 285 862

522 312 821 371 ’Δπώσατο
845 319 999 388 ἡμᾶς
1023 320 1052 374 ό
1080 318 1234 385 Θεὸς,
1262 322 1395 377 ὃταν
1431 324 1504 395 μὴ
1534 325 1871 394 φυλάξαντες
1900 327 2023 381 κατ’

2193 327 2419 398 Repulit
2451 344 2552 384 nos
2583 330 2749 397 Deus,
2793 345 2919 387 cum
2949 332 3060 404 iam
3098 330 3257 387 i-nitlo
3286 346 3395 387 non
3438 336 3706 389 servando

447 411 623 480 ἀρχὰς
637 412 735 481 τὴν
763 412 1000 484 ἐντολὴν,
1027 414 1237 480 ἀνάξιοι
1259 418 1538 488 ὲφάνημεν
1559 421 1659 489 τῆς
1679 420 1823 474 κατὰ
1849 421 2030 491 πρόσ-

449 521 598 557 ωπον
654 504 821 558 αὐτοῦ
875 506 1113 575 ὁμιλίας.
1144 509 1408 564 Καθεῐλεν
1470 512 1618 580 ἡμᾶς
1647 552 1663 575 ,
1697 513 1777 566 ὅτ’
1811 512 1879 565 ἂν
1932 511 2031 565 τοῦ

454 595 624 665 ὕψους
654 598 755 668 τῆς
785 599 844 651 ὲν
889 598 968 669 τῷ
1001 600 1318 671 παραδείσῳ
1355 601 1535 672 δόξης.
1578 601 1668 656 διὰ
1722 601 1820 673 τὴν
1873 601 2032 671 ἡμῶν

454 687 655 741 κακίαν
694 688 1039 755 ἁπεξένωσεν
1075 706 1090 722 ’
1133 691 1403 763 ὠργίσθη,
1428 692 1504 746 ὅτ’
1531 690 1599 745 ἂν
1644 693 1738 745 ἐπὶ
1790 693 2033 764 τιμωρίᾳ

456 780 552 832 καὶ
582 779 801 833 κολάσει
829 780 928 850 τῆς
958 780 1175 845 κακίας,
1224 781 1301 852 τῷ
1346 782 1440 836 τοῦ
1487 782 1719 837 θανάτου
1772 783 2035 854 ἐπιτιμίῳ

458 871 607 943 ἡμᾶς
658 870 1039 926 ηθυπὲὁαλεν
1069 888 1085 903 ·
1138 872 1477 944 ᾠκτείρησεν
1510 875 1694 944 ἡμᾶς,
1725 875 1803 928 ὅτ’
1833 874 1902 929 ἂν
1945 874 2036 928 διὰ

460 962 555 1017 τοῦ
597 961 919 1035 μονογενοῦς
950 962 1115 1017 αὐτοῦ
1160 963 1290 1017 Υἱοῦ
1322 963 1459 1019 Θεοῦ
1501 966 1677 1034 Λόγου
1725 965 2035 1045 σαρκωθένο

461 1073 573 1121 τος,
605 1055 698 1108 καὶ
733 1054 831 1125 τὴν
862 1054 1003 1126 ὑπὲρ
1038 1056 1255 1109 πάντων
1284 1056 1441 1126 ἡμῶν
1486 1054 1708 1128 ὀφειλὴν
1740 1058 2037 1123 καταδεξα-

468 1143 653 1216 μένου,
690 1143 1037 1214 ὲλυτρὼσατο
1070 1146 1217 1216 ἡμᾶς
1250 1146 1343 1199 τοῦ
1370 1146 1631 1216 θανάτου,
1668 1147 1763 1203 καὶ
1807 1151 1886 1213 είς
1938 1147 2037 1220 τὴν

464 1231 659 1290 ἑαυτοῦ
690 1232 847 1300 δόξαν
874 1236 1034 1289 πάλιν
1071 1236 1440 1308 επανήγαγεν.

534 1325 907 1393 Συνέσεισας
928 1327 1046 1396 τὴν
1076 1326 1191 1398 γῆν
1236 1329 1335 1384 καί
1362 1330 1780 1400 συνετάραξας
1820 1331 2035 1402 αὐτήνο

468 1415 636 1474 ιασαι
660 1420 731 1473 τὰ
752 1419 1167 1490 συντρίμματα
1189 1418 1401 1490 αὐτῆς,
1432 1421 1522 1478 ὅτι
1550 1422 1877 1491 ἐσαλεύθη.

538 1509 857 1563 Συνέστισεν
871 1508 1024 1580 ἡμῶν
1041 1510 1137 1582 τὴν
1156 1513 1260 1583 γῆν
1276 1513 1369 1566 καὶ
1392 1513 1742 1586 συνετάραξε,
1768 1514 2037 1580 τουτέστι,

468 1598 570 1672 τὴν
598 1600 848 1671 καρδίαν,
878 1600 1002 1665 δοὺς
1022 1603 1153 1671 ἡμῖν
1175 1603 1275 1674 τήν
1299 1603 1576 1675 μάχαιραν
1597 1604 1690 1658 τοῦ
1708 1602 2036 1676 πνεύματος,

2130 420 2406 486 mandata,
2432 420 2537 475 visi
2584 436 2775 476 sumus
2809 423 3021 494 indigni
3045 424 3141 494 qui
3173 425 3294 495 ejus
3323 439 3507 479 coram
3542 426 3709 479 collo-

2130 511 2261 580 quio
2288 510 2601 566 frueremur
2632 529 2647 567 :
2684 513 2961 568 destruxit
2990 530 3113 581 nos,
3136 531 3261 571 cum
3303 531 3334 570 a
3373 517 3518 571 celsa
3546 532 3707 586 para-

2131 601 2236 656 disi
2263 601 2457 672 gloria,
2482 603 2554 658 ob
2580 611 2829 659 nostram
2860 605 3125 660 malitiam
3155 645 3169 669 ,
3220 605 3459 661 extrusit
3489 625 3501 659 :
3533 608 3710 660 iratus

2130 702 2235 757 est.
2269 710 2394 749 cum
2425 695 2651 750 sceleris
2678 697 2855 752 nostri
2892 712 2957 752 ac
2992 696 3215 751 malitiae.
3247 695 3471 762 vindex,
3507 699 3708 753 mortis

2132 804 2235 844 nos
2274 803 2449 858 paena:
2482 787 2695 843 addixit
2728 808 2746 843 ι
2794 788 3056 843 misertus
3098 795 3186 842 est
3208 786 3404 851 nostri,
3439 802 3563 842 cum
3612 804 3710 857 per

2134 878 2477 950 unigenitum
2514 877 2713 932 Filium
2756 892 2931 933 suum
2980 879 3152 933 Deum
3188 877 3431 932 Verbum
3458 878 3712 931 incarna-

2135 980 2272 1037 tum,
2317 979 2379 1026 et
2424 971 2520 1041 qui
2566 977 2818 1026 nostrum
2846 970 2904 1025 in
2936 986 2997 1025 se
3048 969 3301 1026 debitum
3335 970 3629 1039 receperit,
3680 983 3711 1021 a

2135 1073 2313 1119 morte
2343 1079 2446 1119 nos
2480 1062 2734 1129 redemit,
2757 1070 2927 1133 atque
2956 1063 3010 1117 in
3044 1078 3199 1117 suam
3244 1061 3473 1133 gloriam
3522 1075 3712 1114 rursus

2135 1154 2435 1211 revocavit.

2206 1328 2370 1385 Vens.
2415 1328 2470 1383 4.
2506 1326 2842 1384 Commovisti
2889 1334 3089 1379 terram
3114 1324 3511 1378 etconturbasti
3552 1336 3713 1388 eant;

2136 1436 2272 1475 sana
2303 1420 2639 1474 contritiones
2660 1419 2794 1489 ejus,
2827 1419 2953 1488 quia
2979 1426 3237 1471 commota
3266 1426 3361 1470 est.

2209 1507 2518 1565 Commovit
2568 1517 2773 1564 terram
2808 1515 3053 1562 nostram
3088 1522 3151 1561 ac
3210 1504 3563 1561 conturbavit
3595 1502 3714 1575 (cor

2141 1598 2394 1669 scilicet),
2422 1598 2603 1654 dando
2621 1599 2781 1653 nobis
2796 1598 3037 1668 gladium
3064 1597 3293 1666 spiritus
3316 1597 3357 1661 ³,
3380 1596 3475 1666 qui
3498 1596 3550 1651 id
3568 1596 3715 1665 quod

470 1663 573 1764 την
600 1663 872 1762 τδυχεῖρον
895 1663 995 1745 tofi
1021 1663 1331 1764 κρείττονος
1380 1663 1705 1763 ’γνωπικῶς
1742 1663 2042 1768 διακρίνουξ

2147 1663 2386 1745 deterius
2414 1705 2479 1744 ac
2501 1689 2621 1743 vitii
2658 1700 2765 1753 est,
2794 1663 2864 1743 ab
2891 1703 2958 1742 eo
2984 1663 3133 1757 quod
3167 1663 3519 1756 praestantius
3548 1663 3715 1756 atque

473 1798 595 1849 σαν,
625 1783 720 1837 καὶ
745 1784 837 1837 τδν
875 1784 1038 1854 νόμον
1081 1784 1178 1837 τοῦ
1229 1784 1540 1856 πνεύματος
1569 1788 1710 1842 κατὰ
1743 1785 1838 1841 τοῦ
1872 1788 2041 1859 νόμου

470 1877 571 1946 τῆς
599 1875 799 1946 σαρκὸς
823 1875 1147 1947 ἐγείρουσαν
1174 1893 1189 1909 ⁸
1214 1876 1310 1931 καὶ⁵
1366 1877 1459 1932 τὸν
1490 1880 1632 1933 κατὰ
1687 1878 1798 1935 τῶν
1849 1879 2041 1934 παθῶν

473 1964 757 2018 ιπαινετὺν
785 1964 1019 2034 πόλεμον
1048 1965 1109 2016 εν
1130 1966 1261 2035 ἡμῖν
1287 1965 1729 2038 δημιουρτοῦσαν
1763 1986 1777 2001 ο
1820 1969 1915 2022 καὶ
1936 1968 2037 2041 τὴν

472 2055 533 2108 εν
558 2054 689 2125 ἡμίν
715 2054 825 2107 τῶν
853 2054 1042 2108 παθῶν
1064 2055 1347 2127 συνέχειαν
1373 2060 1749 2124 συσσείουσαν,
1777 2060 1870 2113 καὶ
1911 2077 2043 2114 συν-

472 2144 853 2214 ταράσσουσαν
886 2144 979 2198 ἐπὶ
1007 2145 1129 2210 ταῐς
1164 2145 1307 2198 κατὰ
1343 2148 1615 2220 πρόληψιν
1645 2148 1871 2214 ἀτόποις
1906 2151 2041 2221 μνη-

476 2248 607 2305 μαις
635 2234 733 2305 τὴν
762 2234 1090 2305 συνείδησιν.
1135 2235 1301 2289 ’Ῑᾶται
1328 2234 1386 2290 δὲ
1415 2238 1482 2291 τὰ
1534 2238 1915 2310 συντρίμματα
1939 2236 2045 2309 τῆς

473 2326 631 2397 ἡμῶν
653 2324 898 2395 καρδίας,
940 2325 1083 2396 ᾇπερ
1115 2326 1438 2382 σαλευθεῖσα
1481 2344 1542 2382 τε
1575 2331 1669 2384 καὶ
1711 2329 2043 2400 όλισθήσασα

472 2414 563 2469 διὰ
584 2417 682 2487 τῆς
714 2414 1002 2487 παρακοῆς
1021 2417 1301 2487 καταρχὰς
1324 2418 1387 2471 εκ
1411 2419 1512 2490 τῆς
1536 2419 1595 2473 έν
1623 2419 1700 2491 τῷ
1730 2420 2044 2493 παραδείσῳ

475 2505 861 2579 παραϐάσεως,
891 2508 1178 2579 ὑπέμεινε,
1207 2511 1297 2566 διὰ
1321 2512 1422 2582 τῆς
1451 2512 1513 2565 έν
1536 2509 1721 2583 χάριτι
1740 2525 2044 2582 πνευματι-

475 2597 578 2670 κῆς
591 2597 1028 2669 ἀναγεννήσεως.

551 2781 827 2848 Ἕδειξας
848 2779 928 2846 τῷ
965 2779 1095 2847 λαῷ
1124 2795 1242 2835 σου
1266 2780 1509 2851 σκληρά
1533 2794 1549 2814 ο
1581 2781 1869 2848 ἐπότισας
1888 2781 2048 2852 ἡμᾶς

479 2866 648 2928 οἶνον
668 2872 1068 2938 κατανύξεως.
1102 2870 1372 2937 Ἔδωκας
1402 2871 1525 2937 τοῖς
1550 2873 1945 2942 φοϐουμένοις
1966 2886 2044 2926 σε

2139 1781 2359 1837 virtutis
2382 1781 2659 1847 sapienter
2683 1779 2979 1850 dispescat,
3029 1780 3314 1849 legemque
3360 1777 3591 1848 spiritus
3616 1777 3717 1831 ad-

2139 1888 2335 1929 versus
2357 1872 2532 1944 legem
2559 1870 2743 1928 carnis
2762 1869 3082 1934 exsuscitet,
3111 1884 3177 1925 ac
3207 1868 3433 1941 dignum
3456 1868 3618 1923 laude
3660 1866 3714 1922 in

2140 1965 2304 2019 nobis
2330 1963 2596 2019 adversus
2616 1962 2751 2016 vitia
2776 1974 2842 2017 ac
2873 1960 3323 2032 perturbationes
3350 1960 3557 2017 bellum
3589 1976 3719 2015 con-

2141 2056 2267 2121 ﬂet;
2298 2055 2750 2124 cohaerentesque
2793 2054 3064 2125 ejusmodi
3097 2054 3329 2110 aﬂ’ectus
3362 2069 3427 2109 ac
3460 2051 3718 2108 libidines

2140 2144 2306 2218 338
2339 2143 2637 2209 concutiat,
2666 2158 2769 2199 nec
2810 2159 2920 2199 non
2946 2144 3367 2209 conscientiam,
3404 2159 3505 2214 pro
3554 2158 3719 2197 occu-

2140 2247 2265 2308 pata
2291 2234 2571 2307 opinione,
2596 2233 2960 2307 absurdarum
3003 2250 3069 2289 ac
3114 2234 3464 2306 impurarum
3507 2247 3718 2287 memo-

2142 2341 2256 2383 rem
2291 2328 2708 2399 cogitationum,
2737 2325 3052 2382 conturbet.
3084 2323 3253 2382 Sanat
3273 2333 3455 2382 autem
3481 2341 3579 2396 per
3608 2325 3719 2394 spi-

2142 2419 2379 2483 ritalem,
2404 2419 2581 2489 gratia
2611 2426 2861 2481 auctore,
2890 2418 3392 2488 regenerationem,
3434 2416 3722 2473 contritio-

2142 2520 2242 2563 nes
2288 2507 2472 2563 cordis
2512 2506 2710 2572 nostri,
2746 2521 2884 2576 quas
2920 2507 3034 2577 jam
3068 2506 3250 2572 initio,
3278 2505 3719 2578 perinobedien-

2144 2599 2275 2653 tiam
2302 2608 2568 2665 emotum,
2614 2598 2857 2654 mandati
2886 2599 2942 2652 in
2970 2598 3227 2669 paradiso
3263 2597 3717 2670 transgressione,

2144 2688 2427 2744 sustinuit.
2978 2696 2979 2699 “

2213 2781 2376 2836 Vens.
2408 2781 2521 2837 5-7.
2563 2780 2849 2838 Οειεηάὶεἰὶ
2879 2778 3071 2851 populo
3098 2784 3187 2835 tuo
3213 2781 3381 2848 dura;
3411 2783 3608 2853 potasti
3628 2798 3719 2835 nos

2144 2874 2264 2929 vino
2284 2877 2717 2946 compunctionis.
2755 2868 2958 2927 Dedisti
2986 2875 3330 2930 metuentibus
3377 2883 3426 2928 te
3456 2873 3724 2946 signiﬁca-

477 2963 826 3034 σημείωσιν,
862 2960 971 3015 τοῦ
1024 2960 1235 3031 φυγεῖν
1280 2958 1399 3015 ἀπὸ
1458 2960 1782 3028 προσώπου
1822 2962 2005 3027 τόξου
2026 2973 2045 2991 ⁸

2152 2968 2366 3031 tionem,
2394 2978 2452 3022 ut
2473 2968 2681 3039 fugiant
2702 2984 2735 3021 a
2759 2963 2894 3036 facie
2918 2979 3105 3033 arcus;
3129 2975 3187 3021 ut
3212 2965 3497 3021 liberentur
3526 2966 3723 3019 charis-

479 3056 638 3122 ὅπως
660 3052 741 3112 ἂν
762 3050 1080 3122 ρνσθῶσιν
1101 3054 1157 3108 οἱ
1180 3052 1477 3124 ἀγαπητοί
1499 3066 1638 3111 σου.

548 3146 796 3202 Δεικνύει
821 3143 1034 3216 σκληρὰ
1073 3146 1188 3207 τοῖς
1226 3142 1583 3212 φοϐουμένας
1629 3140 1793 3196 αὐτὸν
1825 3142 1914 3197 διὰ
1941 3144 2051 3198 τῶν

480 3237 708 3294 δντολῶν
729 3235 758 3290 ὁ
788 3235 944 3301 Θεὸς,
973 3233 1114 3289 κατὰ
1161 3233 1261 3304 τὴν
1318 3230 1629 3304 πρακτικὴν
1686 3234 2011 3302 φιλοσοφίαν
2030 3244 2047 3269 δ

481 3329 608 3395 τοὺς
634 3329 869 3401 τρόπους
899 3328 999 3396 τῆς
1036 3325 1131 3380 τοῦ
1168 3324 1418 3397 σώματος
1455 3324 1779 3396 νεκρώσεως
1805 3326 2052 3382 ὑποτιθέ⁴

486 3412 647 3494 μῖνος
678 3436 694 3453 ο
724 3421 757 3492 ἢ
790 3419 1119 3483 τούναντίον,
1138 3418 1228 3473 διὰ
1247 3418 1346 3489 τῆς
1378 3416 1636 3486 ποικίλης
1662 3418 1922 3489 προνοίας
1957 3417 2052 3472 καὶ

476 3515 727 3585 κρίσεως,
758 3509 1154 3586 φιλανθρώπως
1177 3508 1315 3579 πρὸς
1342 3507 1405 3561 τὸ
1448 3507 1729 3578 συμφέρον
1785 3508 2055 3563 παιδεύων

480 3612 652 3682 ἡμᾶς.
680 3612 807 3673 τοὺς
840 3611 914 3679 μὴ
944 3600 1088 3661 κατὰ
1108 3600 1327 3671 θέλησιν
1360 3599 1724 3675 ἀνεχομένους
1776 3599 1867 3656 τὸν
1911 3600 2053 3656 θεῖον

483 3701 647 3770 ζυγὸν
679 3699 933 3754 ὑπελθεῖν
975 3696 1069 3751 τοῦ
1104 3697 1269 3767 νόμου
1304 3696 1414 3750 τῶν
1461 3693 1713 3749 ἐντολῶν.
1754 3694 1972 3759 Ποτίζει
1994 3693 2055 3747 δὲ

483 3789 622 3847 οἶνον
645 3789 1014 3857 κατανύξεως,
1053 3789 1221 3860 ἧγουν
1253 3787 1352 3859 τὴν
1406 3786 1681 3858 ἑπομένην
1711 3788 1777 3857 τῇ
1818 3785 1906 3839 διὰ
1954 3784 2057 3855 τῆς

484 3884 796 3957 πρακτικῆς
821 3881 1088 3951 καθάρσει
1115 3881 1256 3933 κατὰ
1282 3880 1379 3949 τὴν
1409 3876 1792 3948 πνευματικὴν
1820 3874 2056 3947 θεωρίαν

443 4027 457 4043 ,
484 3975 842 4049 χαριζόμενος
877 3972 1079 4042 γνῶσιν
1108 3988 1123 4003 ’
1158 3971 1312 4024 πᾶσα
1348 3970 1457 4040 γὰρ
1483 3968 1687 4037 γνῶσις
1712 3964 2057 4038 πνευματικὴ

485 4067 824 4124 κατανύσσει
878 4066 976 4136 τὴν
1017 4064 1267 4136 καρδίαν,
1299 4064 1379 4127 είς
1438 4060 1794 4132 συναίσθησιν
1848 4058 2060 4127 ἄγουσα.

486 4160 580 4221 τοῦ
602 4160 867 4232 μεγέθους
885 4158 994 4212 τῶν
1023 4157 1109 4228 ιφ’
1143 4158 1275 4228 ἡμῖν
1299 4154 1462 4211 θείων
1488 4152 1844 4226 εὐεργεσιῶν.

2152 3058 2275 3113 simi
2305 3059 2400 3113 tui.

2218 3147 2471 3206 Ostendit
2502 3151 2649 3209 Deus
2695 3150 2808 3223 his,
2839 3157 2934 3228 qui
2969 3154 3149 3227 ipsum
3195 3157 3471 3215 metuunt,
3498 3148 3725 3204 manda-

2150 3242 2332 3296 torum
2371 3241 2584 3297 ratione
2611 3242 2772 3311 dura,
2802 3256 2902 3315 per
2930 3260 3050 3300 eam
3070 3237 3433 3313 philosophiae
3464 3245 3675 3306 partem
3708 3275 3722 3295 .

2148 3345 2272 3403 quat
2299 3332 2573 3389 actionem
2620 3335 2774 3402 colit,
2820 3335 3071 3408 cerporis
3115 3328 3483 3389 mortiﬁcandi
3534 3326 3723 3383 modos

2151 3419 2485 3481 documento
2530 3427 2791 3495 tradens;
2822 3427 2906 3483 vel
2940 3443 2973 3483 e
3000 3434 3211 3489 contra,
3254 3420 3622 3494 providentia:
3662 3433 3725 3473 ac

2146 3516 2341 3588 iudicii
2364 3517 2533 3571 variis
2551 3520 2860 3577 rationibus
2882 3536 2981 3591 per
3005 3532 3275 3576 summam
3306 3513 3723 3586 benignitatem,

2152 3607 2297 3665 adid
2319 3608 2465 3680 quod
2508 3606 2804 3679 conducat,
2854 3625 2956 3671 nos
2987 3610 3271 3674 erudiens,
3329 3605 3426 3679 qui
3477 3604 3725 3662 divinum

2152 3701 2290 3773 legis
2316 3702 2696 3759 mandatorum
2733 3707 2947 3776 iugum,
2978 3702 3082 3775 ipsi
3127 3709 3323 3772 sponte
3356 3712 3423 3753 ac
3448 3698 3729 3751 voluntate

2153 3791 2298 3847 ferre
2326 3806 2662 3850 recusamus.
2690 3795 2848 3850 Potat
2869 3804 3053 3851 autem
3080 3806 3180 3849 nos
3198 3790 3331 3845 vino
3350 3786 3727 3857 eompunctio-

2152 3882 2241 3937 nis
2283 3900 2299 3937 :
2332 3882 2465 3937 dum
2496 3884 2711 3939 scilicet
2740 3900 2885 3951 eam,
2917 3898 3039 3955 quae
3061 3880 3295 3940 actionis
3328 3880 3483 3935 cultu
3520 3886 3726 3948 partam

2155 3973 2407 4043 sequitur
2456 3976 2941 4041 emundationem,
2998 3972 3234 4046 spiritali
3269 3970 3726 4041 contemplatione

2155 4064 2386 4135 largitur
2402 4064 2709 4121 scientiam.
2738 4064 2932 4121 Omnis
2954 4066 3103 4120 enim
3137 4062 3388 4126 scientia,
3415 4058 3731 4115 divinorum

2158 4154 2214 4210 iu
2236 4169 2340 4211 nos
2366 4155 2759 4212 beneﬁciorum
2791 4153 3187 4228 magnitudinis
3204 4167 3429 4209 sensum
3448 4152 3726 4222 ingerens,

2158 4243 2402 4299 animum
2429 4243 2769 4315 eompungit.

556 4338 750 4392 Δίδωσι
776 4336 835 4390 δὲ
859 4338 973 4400 τοῖς
1003 4334 1364 4405 φοϐουμένοις
1405 4332 1571 4387 αὐτὸν
1602 4329 1925 4401 σημείωσιν,
1958 4330 2047 4385 τοῦ

2229 4332 2331 4388 Dat
2348 4341 2531 4389 autem
2555 4334 2641 4389 his
2667 4333 2954 4404 quiipsum
2976 4337 3231 4388 metuunt
3250 4327 3731 4402 significationem.

488 4431 674 4508 φυγεῖν
703 4428 811 4483 ἀπὸ
833 4426 1130 4497 προσώπου
1167 4426 1322 4490 τόξου
1349 4440 1363 4455 ο
1388 4424 1490 4495 τὴν
1516 4423 1785 4495 νέκρωσιν
1811 4422 1909 4477 τοῦ
1948 4424 2055 4495 ’1η-

489 4517 582 4572 σοῦ
615 4535 628 4548 ’
660 4518 718 4571 ὲν
741 4514 818 4587 τῷ
844 4515 1055 4587 σώματι
1082 4513 1398 4585 περιφέρειν
1417 4510 1687 4565 διδάσκων
1709 4509 1836 4573 τοὺς
1860 4510 2055 4579 φοϐου-

491 4609 685 4682 μένους
717 4608 879 4664 αὐτόν
906 4623 921 4639 ο
948 4604 1072 4661 καθ’
1102 4607 1169 4676 ἢν
1202 4606 1237 4676 ἡ
1301 4602 1570 4675 παντελὴς
1620 4601 1722 4672 τῆς
1776 4600 2056 4672 ἁμαρτίας

488 4700 729 4773 ἀπραξία
794 4698 1110 4769 συνέστηκε.
1132 4695 1438 4767 Σημείωσις
1498 4693 1608 4766 γὰρ
1657 4692 1883 4765 ἀληθὴς,
1907 4695 1941 4765 ἡ
1968 4692 2058 4748 διὰ

489 4790 722 4861 σταυροῦ
752 4790 1021 4857 νεκροῦσα
1048 4789 1107 4843 τὸ
1131 4788 1385 4858 φρόνημα
1419 4787 1518 4859 τῆς
1553 4786 1753 4858 σαρκὸς
1780 4786 2053 4857 καθέστη-

488 4901 552 4939 κε
575 4883 820 4955 δύναμις.
847 4880 1003 4950 Πρὸς
1029 4880 1095 4934 τὸ
1126 4874 1339 4949 φυγεῖν
1358 4877 1474 4933 ἀπὸ
1502 4878 1827 4946 προσώπου
1854 4876 2053 4942 τόξου·

488 4974 789 5039 τουτέστιν,
834 4972 942 5027 ἀπὸ
968 4971 1070 5041 τῆς
1098 4968 1505 5041 ἐμφαινομένης
1531 4971 1643 5033 τοῖς
1661 4962 1811 5024 οὖσιν
1838 4970 2055 5042 ἀπατης

489 5067 586 5138 λῆς
605 5064 943 5135 ιπιφανείας.
973 5061 1270 5133 Πρόσωπον
1300 5061 1407 5131 γὰρ
1430 5059 1607 5125 τόξου,
1640 5060 1783 5131 φημὶ
1817 5059 1875 5114 δὲ
1920 5060 2052 5115 ἑκά-

493 5173 618 5211 στου
639 5153 1023 5226 δαιμονιώδους
1043 5151 1268 5214 πάθους.
1295 5152 1329 5221 ἡ
1351 5152 1449 5221 τὴν
1466 5151 1716 5221 αἴσθησιν
1738 5151 2059 5224 ὲρεθίζουσα

490 5246 598 5301 τῶν
662 5245 928 5317 σωμάτων
982 5242 1131 5297 ἐστὶν
1193 5241 1777 5313 έπιφὰνεια,καθάπερ
1818 5242 1943 5305 ἁκὶς
1966 5242 2057 5313 βέ-

484 5341 615 5403 λους
642 5339 739 5409 τὴν
769 5336 1021 5406 αἴσθησιν
1047 5332 1445 5405 τιτρώσκουσα,
1480 5332 1573 5386 καὶ
1603 5332 1739 5403 πρὸς
1786 5332 1855 5387 τὰ
1910 5335 2057 5405 πάθη

492 5429 593 5501 τὴν
616 5427 793 5499 ψυχὴν
819 5426 1082 5499 ἀπρεπῶς
1101 5422 1491 5495 διερεθίζουσα.
1528 5422 1729 5494 Διόπερ
1758 5424 1866 5479 ἀπὸ
1888 5442 2058 5497 προσ-

566 5618 585 5655 ³
613 5616 779 5679 Hebr.
808 5634 878 5685 Iv,
911 5618 999 5674 i2.
1073 5616 1093 5648 ‘
1123 5616 1165 5674 ll
1196 5614 1319 5671 Cor.
1353 5631 1424 5681 ιν,
1452 5613 1517 5669 to

2161 4432 2222 4480 ut
2254 4424 2465 4495 fugiant
2489 4441 2520 4480 a
2550 4424 2687 4481 facie
2721 4440 2903 4492 arcus,
2955 4424 3163 4480 docens
3203 4439 3300 4479 eos
3329 4431 3392 4477 ut
3428 4417 3729 4476 mortiﬁca-

2158 4517 2366 4572 tionem
2396 4515 2525 4572 Jesu
2579 4518 2633 4571 in
2684 4532 2916 4587 corpore
2969 4532 3072 4572 suo
3110 4513 3577 4576 circumferant‘,
3624 4527 3733 4581 qua

2157 4616 2444 4677 peccatum
2501 4607 2726 4662 omnino
2773 4607 2938 4663 otiari
2995 4615 3161 4677 atque
3208 4620 3402 4662 vacare
3440 4602 3729 4673 contingit.

2158 4700 2300 4756 Vera
2322 4700 2470 4755 enim
2494 4698 2823 4770 signiﬁcatio
2839 4708 2944 4763 est,
2978 4698 3063 4753 vis
3095 4713 3180 4763 ea,
3225 4712 3347 4767 quae
3387 4708 3485 4765 per
3511 4707 3733 4747 crucem

2159 4791 2341 4848 carnis
2382 4806 2605 4847 sensum
2644 4791 2971 4862 exstinguit.
3006 4792 3068 4847 Ut
3096 4791 3301 4861 fugiant
3322 4806 3355 4843 α
3379 4786 3513 4857 facie
3537 4800 3737 4847 areas;

2156 4883 2263 4938 hac
2292 4892 2396 4949 est,
2433 4883 2502 4938 ab
2523 4891 2748 4939 externa
2786 4898 2974 4939 rerum
3026 4882 3232 4952 specie.
3261 4881 3439 4937 Arcus
3467 4882 3615 4937 enim
3658 4880 3737 4934 fa-

2157 4978 2272 5031 cies
2288 4975 2576 5049 (cujusque
2593 4976 2802 5031 scilicet
2820 4974 3143 5031 daemoniaci
3159 4973 3390 5029 allectus
3409 4982 3574 5044 atque
3590 4972 3735 5035 vitii)

2157 5076 2385 5123 externa
2405 5067 2495 5123 illa
2523 5083 2820 5137 corporum
2850 5066 3064 5137 species
3088 5073 3191 5130 est,
3224 5081 3347 5135 qua:
3376 5080 3597 5120 sensum
3630 5063 3737 5117 illi-

2158 5158 2254 5223 cit,
2288 5174 2353 5214 ac
2374 5159 2528 5214 velut
2556 5175 2786 5214 acumen
2817 5174 2951 5213 acus
2978 5158 3181 5213 vulnus
3211 5156 3486 5227 inﬂigens,
3517 5154 3587 5210 ad
3602 5153 3734 5209 vitia

2159 5247 2395 5317 turpiter
2421 5247 2664 5302 animum
2699 5248 2958 5303 illecebra
2994 5246 3185 5302 trahit.
3221 5244 3565 5316 Fugiendum
3626 5244 3735 5296 ita~

2160 5354 2267 5409 que
2294 5354 2322 5392 a
2354 5338 2493 5392 facie
2537 5353 2703 5393 arcus
2751 5348 2939 5393 monet
2990 5339 3299 5406 Scriptura,
3354 5336 3440 5390 his
3492 5334 3587 5404 qui
3618 5347 3733 5386 me-

2163 5437 2320 5486 tuant
2352 5429 2684 5497 Dominum;
2716 5437 2770 5486 at
2812 5444 2923 5485 non
2956 5431 3025 5488 ab
3051 5425 3458 5491 arcugPeccati
3503 5440 3740 5500 namque
