4036 6210
382 224 489 290 863
1378 217 1380 219 ’
1543 220 1603 279 S.
1641 214 1930 278 MAXIMI
1966 212 2473 276 CONFESSORIS
3519 201 3646 267 86$

384 339 570 395 arcus,
627 329 836 402 absque
890 328 1048 395 facie,
1078 345 1182 387 nec
1215 330 1390 386 ullum
1410 328 1555 385 forte
1579 328 1844 383 damnum
1888 326 1960 381 iis

2089 323 2212 379 ὃπου
2244 327 2400 392 τόξου
2432 325 2595 396 φησιν
2629 326 2658 396 ό
2691 323 2862 392 Λόγος
2892 319 3186 393 φεύξεσθαι
3213 321 3342 382 τοὺς
3365 317 3648 388 φοϐουμέ-

385 422 655 481 attulerit.
2065 435 2188 480 νους
2211 419 2306 472 τὸν
2342 422 2565 490 Κύριον,
2601 417 2716 470 ἀλλ’
2745 418 2847 470 οὐκ
2892 415 3001 469 ἀπδ
3047 413 3226 480 τόξου.
3253 413 3329 465 Τὸ
3358 411 3466 482 γάρ
3487 411 3652 476 τόξον

2064 511 2165 582 τῆς
2194 511 2482 582 ἁμαρτίας,
2515 511 2643 565 ἄνευ
2670 509 2962 580 προσώπου
2990 506 3174 576 τυχὸν,
3195 505 3318 560 ούδέ
3343 521 3398 557 τι
3421 504 3651 574 δράσειε

2066 603 2208 656 κατά
2228 603 2338 655 τῶν
2367 602 2719 672 φοϐουμένων
2740 603 2830 653 τὸν
2862 597 3086 670 Κύριον.

463 711 526 768 Ut
569 708 854 764 liberentur
898 707 1078 763 dilecti
1130 707 1242 762 Dei.
1281 707 1476 762 Dileeti
1518 707 1614 762 Dei
1661 716 1812 772 sunt,
1843 725 1965 778 qua:

384 818 486 872 per
514 799 1029 869 contemplationem
1058 800 1298 854 divinam
1341 801 1626 854 scientiam
1657 800 1963 866 continent,

387 893 631 946 rationes
656 910 669 945 :
695 906 836 960 quas
861 891 1120 956 liberant,
1147 893 1240 962 qui
1275 909 1372 962 per
1406 893 1678 947 actionem
1721 890 1967 945 conﬂan-

397 993 487 1036 tur
526 982 795 1035 virtutum
849 981 1019 1046 modi,
1062 983 1132 1036 ab
1187 983 1336 1036 omni
1379 997 1586 1046 errore,
1643 984 1968 1053 cunctisque

391 1072 580 1126 animo
629 1071 1069 1128 obtundentibus
1119 1089 1217 1142 per
1251 1081 1573 1143 occupatam
1627 1074 1967 1143 opinionem,

388 1163 670 1218 memoria:
705 1179 851 1233 penu
882 1164 1140 1232 repositis
1169 1165 1379 1234 peccati
1410 1165 1721 1220 simulacris
1753 1180 1818 1220 ac
1855 1165 1970 1220 for-

391 1254 524 1310 mis.

461 1367 626 1438 339
679 1367 842 1423 Vens.
869 1366 922 1421 8.
949 1365 1170 1422 Salvum
1196 1370 1278 1432 (ac
1307 1368 1527 1422 dextera
1562 1377 1676 1432 tua,
1696 1378 1743 1422 et
1775 1370 1971 1423 exaudi

392 1475 492 1512 me.
527 1458 664 1512 Deus
695 1458 899 1513 locutus
934 1467 1010 1513 est
1049 1461 1104 1513 in
1133 1459 1326 1514 Sancto
1370 1477 1463 1515 suo
1501 1477 1519 1514 :
1569 1458 1862 1514 Exsultabo
1921 1467 1971 1512 et

2152 713 2277 782 Ἐφ’
2375 711 2677 780 ρυσθῆναι
2736 709 2880 776 τοὺς
2931 697 3280 778 ἀγιὶπητοὺς
3327 707 3433 761 τοῦ
3469 707 3652 760 Θεοῦ.

2083 803 2379 873 Ἀγαπητοί
2398 803 2454 856 δὲ
2489 801 2622 854 Θεοῦ
2647 807 2802 864 εἰσιν,
2825 803 2873 853 οί
2904 801 3044 854 κατά
3077 799 3306 870 Θεωρίαν
3337 798 3656 852 συνεκτικοὶ

2071 897 2165 966 τῆς
2211 895 2360 959 θείας
2406 893 2660 964 γνώσεως
2691 895 2942 964 λογισμοί
2967 911 2981 926 ο
3013 893 3108 957 οὓς
3150 893 3392 965 ῥύονται,
3419 895 3466 946 οἰ
3501 892 3656 946 κατᾶ

2072 987 2171 1054 τὴν
2225 985 2532 1056 πρακτικὴν
2593 984 2974 1054 συνιστάμενοι
3008 983 3197 1053 τρόποι
3246 981 3355 1034 τῶν
3408 981 3652 1052 ἀρετῶν,

2074 1079 2182 1133 ἀπὸ
2239 1079 2420 1148 πάσης
2485 1077 2694 1147 πλάνης
2753 1075 2848 1129 καὶ
2909 1075 3098 1128 πασῶν
3143 1075 3252 1128 τῶν
3308 1074 3648 1144 διοχλουσῶν

2075 1168 2318 1240 τῇψυχῇ
2356 1167 2504 1220 κατὰ
2529 1165 2800 1239 πρόληψιν
2847 1164 2949 1236 τῆς
2997 1166 3272 1237 ἁμαρτίας
3307 1163 3430 1237 [ἔτι.
3467 1166 3656 1236 ἀμαρ-

2073 1261 2224 1334 τιῶν]
2261 1280 2364 1332 μνη
2374 1261 2510 1331 μῶν.

2146 1377 2356 1431 Σῶσον
2397 1373 2470 1444 τῇ
2504 1373 2673 1442 δεξιᾷ
2704 1389 2820 1428 σου
2844 1414 2860 1438 ,
2891 1373 2987 1427 καί
3021 1371 3370 1425 ἐπάκουσόν
3403 1387 3548 1439 μου.
3591 1368 3656 1421 ’0

2079 1471 2220 1536 Θεὸς
2248 1464 2552 1534 ἐλάλησεν
2577 1468 2643 1520 ἑν
2675 1465 2755 1531 τῷ
2793 1466 2958 1535 Ἀγίῳ
2977 1465 3160 1520 αὑτοῦ
3193 1481 3207 1494 ο
3243 1461 3648 1532 Ἀγαλλιὰσο-

392 1548 634 1616 partibOr
683 1545 1014 1614 Sic/timum,
1067 1559 1117 1602 et
1153 1547 1448 1603 convallem
1499 1549 1977 1603 Tabernaculorum

2089 1573 2179 1619 ιιαι
2235 1553 2642 1630 καί-διαμεριῶ
2682 1555 2932 1623 Σίκημα,
2961 1554 3057 1607 καὶ
3093 1551 3209 1621 τὴν
3248 1551 3504 1606 κοιλάδα
3539 1550 3656 1604 τῶν

396 1637 666 1691 dimetiar.

474 1749 659 1803 Salvat
682 1750 827 1804 Deus
847 1749 1069 1804 dextera
1132 1765 1250 1814 sua,
1285 1750 1464 1806 dando
1492 1753 1834 1824 unigenitum
1883 1755 1974 1810 Fi-

398 1839 534 1894 lium
569 1857 730 1895 suum
761 1840 868 1912 (est
890 1841 1036 1896 enim
1063 1841 1233 1895 Filius
1262 1842 1442 1897 Patris
1468 1843 1712 1915 dextera)
1759 1846 1975 1900 redem-

399 1933 645 2002 ptionem
676 1947 777 2003 pro
832 1932 1023 1986 mundi
1081 1934 1277 1988 salute.
1335 1933 1570 1990 Exaudit
1610 1951 1742 1990 vero
1799 1935 1978 1995 dando

396 2027 570 2096 justo,
602 2033 802 2094 praeter
823 2025 1205 2080 remissionem
1236 2035 1608 2095 peccatorum,
1644 2027 1812 2082 etiam
1863 2028 1979 2098 spi-

405 2116 587 2171 ritalia
618 2115 779 2170 dona.
801 2116 934 2170 Nam
964 2117 1118 2171 audit
1151 2117 1296 2171 Deus
1317 2133 1480 2172 suum
1507 2119 1830 2188 supplicem,
1865 2121 1982 2190 pri-

403 2222 553 2262 mum
575 2221 674 2276 per
709 2205 1090 2274 paenitentiam
1143 2204 1436 2260 tribuendo
1465 2207 1682 2260 veniam
1725 2216 1980 2276 peceato-

406 2281 566 2362 rum;
596 2294 820 2350 exaudit
847 2309 980 2350 vero
1025 2309 1091 2348 ac
1141 2294 1313 2363 quasi‘
1332 2296 1605 2350 cumulate
1647 2296 1821 2359 audit,
1852 2296 1981 2350 dum

406 2403 609 2462 praeter
638 2393 1016 2448 remissionem
1048 2403 1423 2462 peccatorum,
1469 2393 1634 2448 etiam
1679 2393 1889 2448 alﬂatus
1919 2411 1984 2450 ac

409 2484 554 2538 dona
587 2501 686 2554 per
711 2485 942 2556 gratiam
998 2482 1303 2554 spiritalem
1364 2484 1637 2540 concedit.
1686 2487 1748 2539 1n
1784 2485 1983 2541 Sancto

410 2585 595 2630 autem
619 2591 718 2630 suo
751 2575 1016 2644 loquitur,
1047 2575 1154 2629 hoc
1191 2581 1294 2640 est,
1351 2575 1407 2628 in
1455 2574 1632 2630 Verbo
1663 2590 1764 2630 suo
1803 2575 1986 2630 incar-

411 2677 580 2732 nato,
640 2667 888 2722 divinum
937 2683 1098 2722 suum
1158 2667 1450 2722 consilium
1503 2683 1567 2724 ac
1620 2669 1982 2738 propositum,

412 2759 560 2829 quod
587 2774 617 2812 a
653 2758 868 2814 saeculis
900 2772 965 2812 ac
989 2757 1439 2828 generationibus
1468 2759 1650 2814 fuerat
1697 2759 1987 2815 abscondi-

417 2860 562 2915 tum;
596 2864 696 2919 per
713 2847 918 2904 Christi
941 2850 1203 2905 nimirum
1230 2850 1284 2904 in
1306 2866 1470 2905 carne
1494 2850 1984 2921 dispensationem,

1999 1674 2045 1733 Β
2079 1645 2331 1713 Σκηνῶν
2356 1645 2746 1714 διαμετρήσω.

2152 1751 2321 1817 Σώζει
2349 1755 2376 1806 ὁ
2400 1753 2528 1816 Θεὸς
2557 1756 2626 1824 τῇ
2655 1752 2806 1824 δεξιᾷ
2839 1751 3036 1819 αὐτοῦ,
3055 1751 3231 1815 διδοὺς
3257 1751 3347 1804 τὸν
3380 1751 3654 1822 μονογενῆ

2082 1844 2248 1900 αὐτοῦ
2303 1845 2430 1898 Υἰόν
2454 1861 2467 1874 ·
2505 1844 2655 1909 δεξιά
2677 1844 2785 1915 γάρ
2829 1843 2922 1897 τοῦ
2954 1843 3164 1914 Πατρός
3189 1845 3217 1895 ὁ
3249 1843 3372 1905 Υἰός
3403 1858 3417 1871 ο
3449 1843 3658 1912 λύτρον

2085 1937 2224 2007 ὑπὲρ
2243 1936 2343 2006 τῆς
2395 1936 2488 1992 τοῦ
2529 1936 2736 2006 κόσμου
2787 1936 3082 2006 σωτηρίας.
3138 1935 3432 1989 Ἐπακούει
3459 1935 3548 1997 δὲ,
3577 1935 3660 1987 δι-

2083 2029 2206 2092 δοὺς
2233 2029 2311 2099 τῷ
2342 2027 2556 2098 δικαίῳ,
2580 2028 2717 2099 πρὸς
2740 2031 2810 2098 τῇ
2849 2027 3040 2096 ἀφέσει
3060 2027 3166 2079 τῶν
3209 2025 3658 2096 ἁμαρτημάτων,

2084 2117 2181 2170 καὶ
2236 2117 2583 2187 πνευματικά
2641 2117 2976 2187 χαρίσματα.
3022 2115 3233 2169 Ἀκούει
3285 2116 3384 2185 μὲν
3422 2115 3542 2183 γὰρ
3566 2115 3661 2168 τοῦ

2087 2210 2421 2273 ἱκετεύοντος
2478 2210 2641 2264 αὐτὸν
2687 2211 2716 2263 ὁ
2763 2209 2916 2275 Θεὸς,
2945 2207 3156 2278 πρῶτον
3203 2208 3290 2261 διὰ
3343 2207 3444 2274 τῆς
3485 2224 3660 2276 μεταο

2086 2299 2234 2362 νοίας
2258 2299 2449 2368 ἄφεσιν
2475 2299 2649 2361 διδοὺς
2673 2298 3104 2370 ἁμαρτημάτων,
3134 2297 3394 2350 ἐπακούει
3417 2297 3502 2358 δὲ,
3526 2297 3661 2366 πρὸς

2085 2394 2155 2462 τῇ
2185 2391 2380 2460 ἀφέσει
2421 2391 2528 2444 τῶν
2571 2391 3007 2462 ἁμαρτημάτων,
3029 2391 3123 2442 καὶ
3165 2389 3235 2441 τά
3287 2388 3378 2440 διὰ
3430 2389 3663 2458 χάριτος

2087 2483 2460 2553 πνευματικῆς
2509 2482 2684 2544 διδοὺς
2740 2481 3110 2551 ἐνεργήματα.
3142 2479 3309 2533 Λαλεῖ
3357 2479 3419 2532 δὲ
3482 2481 3549 2531 ὲν
3585 2477 3664 2548 τῷ

2101 2575 2267 2645 Ἀγίῳ
2312 2573 2474 2629 αὑτοῦ
2501 2589 2514 2602 '
2549 2574 2842 2638 τουτέστιν,
2879 2574 2939 2625 έν
2963 2571 3042 2641 τῷ
3094 2571 3428 2642 σαρκωθέντι
3484 2569 3659 2624 αὐτοῦ

2088 2667 2252 2738 λόγῳ,
2283 2666 2374 2720 τὸν
2427 2665 2568 2720 θεῖον
2610 2663 2775 2719 αὐτοῦ
2819 2663 3020 2718 σκοπὸν
3040 2663 3130 2715 τὸν
3159 2662 3662 2732 ἀποκεκρυμμένον

2090 2758 2198 2812 ἀπὸ
2226 2757 2334 2811 τῶν
2359 2755 2569 2810 αἰώνων
2594 2757 2688 2808 καὶ
2717 2754 2825 2809 ἀπὸ
2854 2753 2961 2807 τῶν
2991 2752 3212 2822 γενεῶν,
3238 2752 3380 2806 κατὰ
3427 2752 3537 2820 τὴν
3579 2753 3663 2804 έν-

2093 2865 2295 2920 σαρκον
2328 2847 2492 2900 αὑτοῦ
2515 2845 2606 2898 τοῦ
2631 2845 2866 2916 Χριστοῦ
2899 2846 3229 2914 οἰκονομίαν.
3274 2845 3374 2896 Διά
3401 2843 3508 2913 τῆς
3545 2842 3663 2896 καθ’

412 2941 535 3011 ejus
582 2941 827 2995 humana
886 2941 1176 3007 nobiscum
1229 2943 1643 2998 conversatione
1671 2983 1687 3008 ,
1749 2943 1986 3013 quodam

2092 2940 2242 3010 ἡμᾶς
2302 2936 2804 3008 ἀνθρωποπρεποῦς
2865 2936 3029 2990 αὑτοῦ
3075 2936 3442 3007 ἀναστροφῆς,
3499 2936 3668 2988 οἰονεί

417 3029 582 3084 modo
608 3029 814 3084 diserte
843 3030 1107 3097 clamans,
1134 3031 1452 3101 mundoque
1490 3032 1560 3086 ad
1585 3040 1806 3088 aeterna:
1861 3033 1986 3088 vitae

2089 3031 2384 3103 διαρρήδην
2416 3029 2576 3100 βοῶν,
2607 3029 2701 3082 καὶ
2725 3028 2801 3099 τῷ
2843 3028 2944 3100 βίῳ
2978 3027 3152 3091 διδοὺς
3187 3029 3273 3090 εἰς
3307 3026 3666 3081 ὑποτύπωσιν

417 3118 890 3186 informationem,
926 3123 1078 3178 omni
1100 3137 1234 3178 voce
1257 3123 1462 3180 clarius
1495 3124 1862 3189 insonantem,
1888 3124 1986 3180 ho-

2095 3123 2321 3180 αἰωνίου
2357 3121 2525 3193 ζωῆς,
2569 3121 2755 3175 εἰκόνα
2799 3121 2981 3188 πάσης
3033 3119 3408 3189 γεγωνοτέραν
3455 3120 3664 3188 φωνῆς,

415 3228 615 3268 norum
662 3229 890 3284 operum
950 3214 1349 3271 exbibitionem
1397 3216 1669 3287 praebens.
1723 3215 1993 3287 Loquitur

416 3319 551 3358 vero
572 3305 736 3358 etiam
767 3306 823 3360 in
848 3305 1046 3376 quovis
1073 3315 1287 3373 sancto,
1316 3307 1436 3379 ejus
1454 3315 1707 3364 servante
1735 3307 1991 3363 mandata

417 3395 575 3465 quasi
608 3395 858 3450 viventes
888 3412 988 3467 per
1017 3412 1186 3468 opera
1214 3413 1517 3466 sermones,
1551 3397 1814 3471 omnique
1855 3415 1992 3456 voce

416 3487 726 3542 voealiores
747 3496 1054 3544 ostentans.

488 3601 738 3657 Exsultat
761 3611 944 3658 autem
975 3603 1322 3674 tunejustus,
1353 3619 1480 3660 cum
1510 3604 1791 3675 Unigeniti
1817 3605 1992 3676 gratia

417 3692 702 3762 perlectus
729 3709 795 3749 ac
824 3702 1259 3760 consummatus,
1317 3694 1548 3750 idoneus
1579 3694 1760 3751 factus
1803 3695 1990 3760 fuerit,

420 3787 483 3833 ut
506 3779 718 3836 dividat
765 3781 1043 3850 Sicbima;
1077 3799 1274 3853 nempe
1312 3791 1374 3839 ut
1404 3799 1504 3853 pro
1537 3786 1803 3854 cujusque
1831 3793 2004 3855 captu

421 3887 486 3926 ac
508 3872 722 3927 ratione
776 3889 842 3927 ex
896 3873 1058 3928 docta
1112 3875 1471 3944 experientia,
1510 3876 1778 3931 virtutum
1808 3879 1996 3933 viriles

421 3962 636 4028 modos,
661 3963 893 4019 colendo
916 3965 1212 4031 actionem,
1247 3967 1473 4036 reliquis
1503 3967 1839 4023 documento
1878 3978 1994 4024 tra-

422 4053 537 4108 dat.
560 4053 659 4108 Est
687 4054 832 4109 enim
869 4053 1129 4120 Sicbima,
1163 4056 1211 4110 si
1238 4072 1439 4112 nomen
1465 4058 1863 4127 interpreteris,
1892 4060 1995 4114 hu-

422 4163 689 4202 merorum
730 4145 993 4213 latitudo;
1021 4149 1291 4218 ejusmodi
1345 4150 1556 4205 scilicet
1609 4151 1852 4217 habitus,
1898 4153 1996 4222 qui

420 4241 478 4288 et
488 4250 680 4290 omnes
707 4235 1150 4304 perturbationes
1165 4238 1405 4308 vitiaque
1422 4247 1694 4303 coerceat,
1716 4240 1995 4295 omnium-

2091 3215 2190 3287 τὴν
2243 3215 2352 3270 τῶν
2407 3213 2626 3282 ἀγαθῶν
2673 3213 2848 3284 ἔργων
2890 3211 3166 3277 ἐπίδειξιν.
3203 3212 3370 3265 Λαλεῑ
3393 3210 3453 3264 δὲ
3481 3212 3581 3263 καὶ
3611 3211 3668 3262 ἐν

2091 3307 2306 3380 ἑκάστῳ
2350 3306 2490 3377 ἁγίῳ
2547 3305 2870 3374 φυλάττοντι
2923 3303 3088 3356 αὐτοῦ
3121 3304 3220 3367 τὰς
3255 3302 3478 3366 ἐντολάς
3506 3318 3521 3330 ·
3557 3297 3668 3354 οἷον

2091 3399 2300 3465 ζῶντας
2325 3399 2538 3463 δεικνὺς
2566 3397 2658 3454 διὰ
2680 3397 2789 3451 τῶν
2817 3396 2996 3468 ἔργων
3027 3396 3152 3460 τοὺς
3179 3394 3374 3462 λόγους
3393 3434 3408 3458 ,
3436 3395 3536 3449 καὶ
3567 3393 3668 3448 πά-

2093 3507 2194 3562 σης
2218 3487 2402 3558 φωνῆς
2434 3487 2850 3558 γεγωνοτέρους.

2172 3603 2519 3672 ’Δγαλλιᾶται
2555 3601 2611 3654 δὲ
2638 3604 2666 3655 ό
2686 3601 2918 3663 δίκαιος,
2949 3598 3112 3671 ἡνίκα
3136 3597 3443 3660 τελειωθεὶς
3471 3600 3542 3669 τῇ
3564 3597 3662 3666 χά-

2098 3711 2204 3765 ριτι
2236 3693 2331 3748 τοῦ
2354 3691 2714 3761 Μονογενοῦς,
2744 3691 2928 3754 ίκανὸς
2952 3691 3178 3760 γένηται
3209 3689 3526 3759 διαμερίσαι
3567 3688 3665 3757 τὴν

2092 3786 2224 3856 Σίκη
2234 3802 2310 3856 μα
2343 3801 2357 3817 ο
2402 3784 2701 3849 τουτέστιν,
2731 3783 2911 3844 ἀλλοις
2935 3766 3210 3849 ἀναλόγως
3231 3783 3294 3834 ἐκ
3317 3781 3514 3851 πείρας
3541 3781 3660 3832 ἐπι-

2095 3875 2359 3944 στήμονος
2394 3872 2711 3934 ὑποθέσθαι,
2743 3871 2871 3934 τοὺς
2916 3870 3060 3931 κατά
3097 3871 3195 3939 τὴν
3220 3868 3530 3938 πρακτικὴν
3559 3868 3654 3920 ἀν-

2091 3966 2310 4036 δρικοὺς
2369 3963 2478 4017 τῶν
2533 3962 2742 4032 ἀρετῶν
2787 3962 3041 4032 τρόπους.
3090 3961 3352 4029 Ὼμίασις
3379 3958 3453 4027 (d)
3484 3955 3649 4024 γάρὴ

2093 4057 2310 4128 Σίκημα
2363 4054 2720 4126 ἑρμηνεύεται
2748 4069 2761 4081 ·
2801 4053 2938 4122 ὅπερ
2991 4052 3139 4105 ἐστὶν
3186 4053 3221 4121 ἡ
3296 4049 3503 4103 πάντων
3553 4046 3653 4116 μὲν

2093 4147 2356 4218 ἐφεκτικὴ
2405 4147 2514 4200 τῶν
2568 4145 2759 4199 παθῶν
2779 4187 2794 4212 ,
2843 4144 3030 4197 πασῶν
3083 4143 3140 4196 δὲ
3189 4141 3514 4214 ὲνεργητικὴ
3551 4137 3658 4191 τῶν

2097 4245 2307 4314 ἀρετῶν
2371 4241 2503 4308 ἕξις.
2555 4241 2816 4314 Πράξεως
2868 4238 2979 4310 γὰρ
3037 4237 3307 4309 σύμϐολον
3356 4236 3450 4290 τὸν
3516 4228 3664 4304 ὦμον

423 4337 532 4391 que
561 4336 760 4390 parens
788 4338 853 4377 ac
875 4339 1038 4378 causa
1067 4326 1334 4381 virtutum
1361 4327 1607 4384 exsistat.
1651 4328 1822 4384 Aiunt
1844 4331 1986 4387 enim

2096 4331 2233 4390 εἶναί
2261 4351 2413 4404 φασι.

422 4411 715 4465 humerum
744 4412 966 4468 virtutis
996 4415 1255 4484 praeferre
1288 4417 1621 4489 symbolum.

492 4534 562 4588 Et
583 4535 884 4590 convallem
930 4537 1438 4596 Tabernaculorum
1494 4543 1811 4612 dimetitur;
1864 4559 1998 4601 con-

421 4625 708 4680 venientes
732 4626 1153 4698 scilicet'cuique
1183 4632 1264 4686 rei
1296 4633 1536 4689 rationes
1565 4651 1661 4704 per
1688 4637 1997 4692 naturalem

426 4718 950 4787 contemplationem
993 4721 1268 4777 tribuens.
1295 4723 1571 4780 Convallis
1602 4727 1749 4780 enim
1794 4727 2000 4783 Taber-

425 4808 748 4864 naculorum
777 4810 1019 4867 mundus
1054 4813 1157 4868 iste
1199 4824 1304 4880 est,
1355 4817 1411 4871 in
1466 4834 1578 4887 quo
1619 4819 1848 4884 scilicet,
1895 4837 1997 4891 pro

427 4896 646 4953 diversa
693 4900 962 4971 cujusque
1026 4902 1309 4958 voluntate
1351 4904 1632 4975 animique
1686 4907 1994 4978 proposito,

500 5051 574 5122 (ά)
618 5053 902 5131 ’ρμίασις.
929 5065 1068 5131 pntp
1087 5058 1342 5131 humerus
1365 5067 1468 5122 est,
1500 5060 1696 5131 ᾡμίας·
1732 5064 1825 5131 qui
1865 5065 1994 5120 latis

428 5118 690 5178 humeris
711 5134 816 5189 est,
851 5118 989 5180 Poll.
1021 5127 1058 5180 l.
1087 5143 1162 5190 ιιι,
1201 5143 1250 5181 c.
1284 5128 1370 5191 50,
1411 5118 1562 5184 unde
1584 5118 1686 5184 sibi
1729 5118 1994 5190 Maximus

425 5205 549 5245 eam
602 5208 790 5248 vocem
838 5195 1051 5250 habuit.
1100 5197 1198 5251 Est
1237 5206 1420 5252 autem
1471 5199 1734 5256 humerus
1773 5203 1994 5257 virtutis

429 5261 756 5340 symbolum,
784 5265 935 5340 quod
978 5265 1195 5321 athletae
1225 5282 1433 5340 eorum
1459 5269 1691 5325 maxime
1739 5271 1995 5328 ﬁrmitate

431 5333 990 5422 ιιἰιῖιοιὴξιῃροιὶιιιιιιιιι3
1003 5344 1068 5422 ξι
1094 5335 1242 5414 quod
1276 5338 1389 5422 sint
1412 5339 1640 5422 ferendo
1657 5356 1851 5422 onera.

503 5399 572 5480 (e)
638 5399 756 5468 Τὴν
779 5473 791 5480 Δ
815 5399 1230 5480 κοιλρδαητῶν
1253 5407 1542 5480 Excurrit.
1573 5410 1835 5466 Videatur
1863 5413 1917 5468 in
1943 5411 1995 5468 vi

431 5463 884 5551 potips_nominis
907 5463 1114 5551 pﬁiprii
1132 5476 1347 5551 accipi,
1374 5463 1518 5548 quod
1544 5463 1617 5534 ita
1649 5463 1998 5551 gingiuae;

431 5535 587 5623 ego.
612 5535 1088 5623 Tgbernacu'lorttpt
1115 5535 1345 5623 dicitur,
1367 5535 1521 5614 τῇ»,
1559 5535 1706 5623 quod
1737 5535 1999 5623 forte—lo;

435 5619 534 5662 cus
569 5609 623 5664 in
655 5609 806 5682 Syria
846 5614 1010 5683 paulo
1036 5613 1301 5672 humilior
1337 5625 1394 5672 et
1426 5609 1899 5690 popuiosissimus,
1938 5631 1999 5678 ut

2166 4538 2277 4592 Καὶ
2300 4537 2398 4606 τὴν
2431 4532 2654 4590 κοιλάδα
2678 4530 2788 4586 τῶν
2826 4529 3049 4600 Σκηνῶν
3074 4527 3142 4601 (e)
3169 4528 3460 4598 διαμετρεῖ
3485 4541 3501 4557 ·
3536 4525 3658 4586 τοὺς

2094 4628 2436 4699 προσφόρους
2483 4627 2696 4696 ἑκάστῳ
2725 4624 2834 4677 τῶν
2881 4623 3052 4676 ὄντων
3098 4620 3240 4674 κατὰ
3280 4619 3380 4688 τὴν
3431 4616 3662 4686 φυσικὴν

2094 4721 2324 4793 θεωρίαν
2357 4719 2548 4787 λόγους
2577 4717 2890 4785 ἀπονέμων.
2940 4714 3004 4766 'li
3042 4712 3149 4783 γὰρ
3179 4710 3366 4773 κοιλάς
3383 4709 3496 4761 τῶν
3527 4708 3659 4774 Σκη-

2093 4813 2220 4880 νῶν,
2240 4813 2269 4864 ό
2298 4808 2489 4880 παρών
2511 4810 2627 4861 ἑστι
2661 4806 2886 4875 κόσμος,
2919 4804 2978 4858 ἐν
3003 4796 3047 4871 ᾧ
3098 4802 3316 4856 πάντων
3375 4799 3519 4853 κατά
3571 4797 3660 4867 τὴν

2095 4905 2328 4963 ἑκάστου
2361 4901 2616 4972 διάφορον
2650 4895 2878 4967 γνώμην
2907 4912 2967 4948 τε
3011 4893 3109 4948 καὶ
3147 4891 3411 4958 διάθεσιν,
3452 4889 3658 4950 ἀπαγὴς

2101 5063 2256 5135 Syria
2285 5077 2406 5135 pro_
2418 5057 2673 5135 vastitate
2703 5055 2963 5135 regionis,
3011 5053 3123 5135 alia
3161 5052 3377 5135 aliaque
3409 5047 3653 5135 induebat

2097 5121 2338 5188 nomina.
2375 5131 2467 5185 Sic
2498 5127 2697 5198 passim
2733 5121 2789 5178 in
2818 5123 3136 5198 regionibus
3177 5123 3283 5175 alta
3328 5129 3384 5173 et
3411 5121 3651 5198 depressa

2099 5202 2424 5265 dividimus;
2469 5189 2723 5266 montana
2757 5203 2812 5266 et
2833 5189 3127 5266 convalles,
3159 5206 3393 5266 quarum
3422 5189 3533 5266 fere
3553 5202 3649 5266 rna-

2094 5274 2182 5342 jor
2206 5258 2481 5342 fertilitas,
2515 5283 2579 5321 ac
2603 5264 2831 5342 proinde
2865 5258 3646 5342 incolarum'frlequentiagﬁgc

2099 5324 2249 5396 tota;
2279 5341 2384 5394 alia
2425 5324 2496 5392 sit
2533 5324 2686 5390 milia
2715 5334 2930 5405 Succot,
2963 5347 3134 5401 quam
3165 5324 3322 5405 uallis
3355 5324 3643 5405 ipsasad}.

2101 5426 2262 5480 quam
2290 5407 2488 5480 notiori
2518 5405 2737 5480 nomine
2759 5399 3068 5480 signiﬁcare
3112 5399 3375 5480 voluerit.
3401 5399 3514 5480 qui
3541 5399 3643 5480 littl-

2101 5459 2458 5549 iiiﬁﬁiéiniim
2488 5459 2761 5549 apposuit,
2802 5459 2884 5526 vel
2910 5471 3171 5549 ‘Es‘idl'ﬂS,
3215 5469 3303 5549 τε]
3339 5459 3457 5536 ipse
3480 5459 3645 5549 David.

2100 5538 2500 5618 Campestrium
2524 5538 2721 5599 crebra
2755 5542 2962 5618 mentio
2992 5541 3044 5594 in
3064 5539 3246 5618 veteri
3277 5538 3649 5594 Instrumenta,

2104 5620 2197 5675 ubi
2220 5610 2302 5674 vel
2336 5617 2534 5673 itinera
2569 5624 2863 5668 narrantur
2885 5611 2965 5667 vel
2988 5610 3199 5682 prmlia.
