4036 6210
373 249 484 312 8πῦ

1442 246 1846 308 EXPOSITIO
1885 247 1966 307 ΙΝ
2004 247 2361 311 PSALMUM
2398 251 2551 312 L’IX.

3554 259 3661 323 866

373 359 618 430 ὑπάρχει
688 359 785 412 καὶ
844 355 1184 430 πρόσκαιρος
1214 355 1438 429 σκηνῶν
1459 356 1620 428 δίκην
1654 358 1687 428 ἡ
1721 356 1959 428 παροῦσα

2081 356 2221 413 nihil
2245 368 2511 414 constans
2538 374 2602 417 ac
2635 358 2738 415 ﬁxa
2765 367 3230 433 tempo‘raneaque
3263 377 3507 434 praesens
3547 366 3659 422 vita

372 450 513 521 ζωή·

452 544 525 596 Ἦ
553 541 716 596 πάλιν
752 541 962 612 Σκηνο)⁵
982 542 1349 613 τυγχάνουσιν
1381 541 1483 612 τῆς
1531 541 1814 613 παρούσης
1853 558 1970 594 κοι-

371 635 555 699 λάδος,
609 635 658 687 οί
682 633 792 687 τῶν
821 634 1038 706 ἀρετῶν
1061 635 1276 706 τρόποι,
1299 633 1393 698 οὓς
1422 634 1622 703 διαιρεῖ
1652 632 1971 702 γνωστικῶς

372 729 490 789 τοῖς
516 725 949 796 διδασκομένοις,
983 727 1120 797 πρὸς
1153 725 1252 797 τὴν
1279 726 1512 778 ἑκάστου
1553 725 1666 791 ἕξιν
1699 724 1969 793 κατάλλη-

373 821 470 872 λον
521 818 697 882 διδοὺς
745 817 971 890 ἀγωγὴν
1006 819 1102 872 καὶ
1134 817 1527 890 προσφυλακὴν
1562 814 1967 888 [προφυλακὴν]

370 914 486 966 τῶν
516 913 740 983 τιμίων,
779 914 808 966 6
838 912 1125 984 διανέμειν
1148 910 1304 974 εἰδὼς
1326 912 1543 982 ἑκάστῳ
1564 909 1655 963 διὰ
1675 912 1774 980 τῆς
1795 908 1970 977 καλῆς

372 1004 730 1068 διδασκαλίας
759 1004 859 1077 τὴν
888 1005 1244 1077 ἁρμόζουσαν
1277 1004 1415 1076 πρὸς
1451 1002 1726 1074 σωτηρίαν
1755 1001 1895 1056 ὁδόν.

461 1179 536 1233 Ἦ
579 1180 788 1251 Σκηναὶ
843 1179 1091 1242 κοιλάδος
1133 1179 1498 1250 ὑπάρχουσιν,
1537 1177 1706 1233 αίδιὲι
1731 1177 1967 1248 Χριστοῦ

381 1272 476 1328 τοῦ
509 1273 766 1342 Σωτῆρος
791 1273 950 1344 ἡμῶν
987 1272 1124 1326 Θεοῦ
1160 1276 1422 1340 παγεῖσαι
1455 1272 1602 1328 κατὰ
1650 1273 1832 1325 πᾶσαν
1871 1271 1970 1342 τὴν

371 1367 708 1438 οἰκουμένην
763 1365 874 1420 τῶν
926 1365 1338 1420 πιστευσάντων
1377 1365 1548 1422 ἐθνῶν
1616 1364 1966 1434 Ἐκκλησίαν

375 1457 408 1512 ὃ
463 1457 562 1511 καὶ
626 1455 829 1525 μᾶλλον
855 1497 872 1522 ,
925 1455 1002 1519 ὡς
1046 1450 1222 1525 οῐμαι,
1273 1454 1386 1508 τῶν
1439 1454 1616 1509 ἄλλων
1664 1453 1813 1507 ἐστὶν
1849 1453 1970 1504 ἑπι-

383 1548 738 1619 φανέστερον.

462 1641 535 1693 Ἦ
563 1639 753 1706 πάλιν,
777 1639 1000 1694 κοιλάδα
1049 1639 1276 1711 Σκηνῶν
1303 1687 1306 1690 ί
1329 1639 1630 1710 διαμετρεί,
1658 1639 1688 1692 6
1742 1638 1835 1692 τὸν
1878 1638 1971 1691 κό-

2078 450 2560 506 tabernaculorum
2597 469 2748 508 more
2772 453 2976 521 agitur.

2142 542 2488 607 Autrursus,
2519 545 2786 600 convallis
2848 545 3012 614 hujus
3071 544 3448 601 Tabernacula
3507 556 3658 612 sunt,

2073 631 2342 688 virtutum
2377 636 2547 701 modi,
2593 653 2734 706 quos
2763 638 3044 706 sapienter
3071 653 3134 691 ac
3184 639 3321 693 scite
3372 640 3659 710 discipulis

2072 726 2293 791 dividit,
2327 729 2570 798 qui,pro
2594 744 2661 783 eo
2707 745 2772 782 ac
2827 729 3064 798 quisque
3113 729 3306 783 habitu
3357 731 3659 800 dispositus

2071 827 2176 880 est,
2207 818 2370 890 340
2402 820 2822 875 convenientem
2853 820 3201 888 disciplinam
3245 821 3518 890 praebens,
3554 825 3656 880 do-

2070 909 2268 978 nisque
2319 925 2384 964 ac
2438 910 2736 965 virtutibus
2789 925 3008 972 cavens,
3080 910 3220 964 bene
3271 919 3505 981 apteque
3562 914 3658 968 do-

2071 999 2269 1062 cendo,
2292 1016 2414 1068 qua:
2434 1001 2634 1070 cuique
2665 1011 2932 1071 congruat
2953 1000 3021 1054 ad
3051 1002 3304 1063 salutem,
3331 1002 3472 1056 viam
3505 1007 3658 1061 novit

2069 1092 2374 1162 assignare.

2141 1183 2251 1236 Aut
2288 1184 2561 1238 convallis
2588 1183 2968 1241 Taliernacula
3001 1197 3162 1250 sunt,
3197 1204 3321 1257 quze
3352 1198 3464 1242 toto
3489 1198 3657 1243 terra-

2071 1290 2192 1328 rum
2225 1276 2359 1330 orbe
2387 1292 2485 1346 per
2504 1275 2787 1331 Christum
2817 1279 3156 1332 Salvatorcm
3197 1289 3446 1334 nostrum
3484 1282 3654 1335 Deum

2071 1375 2272 1422 erecta:
2328 1377 2458 1422 sunt
2509 1368 2752 1423 ﬁdelium
2828 1371 3072 1438 gentium
3137 1373 3449 1428 Ecclesiae:
3507 1374 3655 1443 quod

2071 1455 2284 1520 etiam,
2336 1467 2470 1526 puto
2507 1499 2521 1523 ,
2579 1457 2811 1528 reliquis
2855 1460 3207 1516 manifestius
3261 1477 3324 1515 ac
3381 1463 3656 1518 illustrius

2068 1556 2168 1602 est.

2140 1639 2250 1694 Aut
2277 1656 2469 1696 rursus
2499 1643 2803 1697 convallem
2845 1645 3351 1700 Tabernaculorum
3404 1648 3651 1715 metitur,

381 1746 519 1800 σμον
548 1729 658 1782 τῶν
699 1730 971 1801 σωμάτων
995 1729 1250 1801 καθάπερ
1273 1729 1493 1783 κοιλάδα
1524 1729 1745 1800 Σκηνῶν
1767 1727 1959 1798 γνώσει

2073 1734 2166 1802 qui
2202 1733 2468 1787 mundum
2501 1749 2796 1804 corporum
2827 1737 2977 1790 velut
3015 1738 3319 1791 convallem
3375 1738 3656 1793 Taberna-

378 1821 831 1892 περιλαμδάνων.
871 1821 1108 1891 Σκῆνος
1135 1823 1243 1895 γάρ
1275 1822 1546 1894 πολλαχοῦ
1591 1823 1690 1895 τῆς
1714 1823 1959 1895 Γραφῆς,

378 1915 444 1968 τὸ
472 1914 636 1985 σῶμα
661 1913 1106 1986 προσηγορεύθη.

460 2085 636 2156 Ἐμός
691 2085 824 2140 ἐστι
881 2085 1151 2151 Γαλαὰδ,
1182 2083 1281 2139 καὶ
1334 2085 1478 2156 ἐμός
1524 2084 1662 2138 ἐστι
1717 2088 1966 2139 Μανασ-

375 2176 523 2248 σῆς,
575 2178 680 2232 καὶ
739 2178 986 2248 Ἐφραῒμ
1041 2179 1401 2248 κραταίωσις
1433 2179 1494 2247 (f)
1529 2176 1641 2246 τῆς
1692 2176 1966 2247 κεφαλῆς

373 2289 516 2339 μου.

449 2362 670 2416 Γαλαὰδ
695 2362 834 2417 κατὰ
852 2362 981 2434 μίαν
993 2363 1085 2416 ἐπὶ
1101 2362 1178 2434 τῷ
1193 2364 1417 2432 ὀνόματι
1437 2364 1608 2429 τούτῳ
1632 2361 1962 2434 ἐρμηνειῶν,

379 2454 532 2507 ἐστὶν
548 2453 959 2523 ἀποκάλυψις.
988 2455 1285 2524 Μανασσῆς
1298 2454 1376 2519 δὲ,
1397 2454 1759 2526 ἑρμηνεύεται
1781 2454 1959 2521 λήθη.

389 2545 763 2615 ’Λποκάλυψις
784 2546 842 2599 δὲ
888 2545 982 2600 καὶ
1015 2545 1153 2616 λήθη
1188 2546 1414 2610 εἰκότως
1459 2549 1844 2616 προσγίνονται
1888 2546 1964 2600 δι-

375 2637 523 2708 καίῳ
550 2654 565 2668 ο
609 2637 944 2706 λαμϐάνοντι
976 2637 1076 2709 μὲν
1107 2637 1195 2692 διὰ
1228 2637 1463 2709 θεωρίας
1497 2639 1605 2690 τῶν
1632 2640 1962 2709 ἀπορρήτων

375 2732 480 2801 τὴν
505 2730 707 2802 μύησιν
725 2747 739 2762 ·
769 2731 878 2784 τῶν
897 2731 956 2785 δὲ
971 2733 1093 2786 κατ’
1113 2731 1314 2802 ἀρετὴν
1335 2733 1509 2785 πόνων
1528 2732 1626 2803 τὴν
1657 2731 1844 2803 λήθην,
1876 2731 1964 2784 διὰ

375 2821 477 2892 τὴν
507 2821 898 2892 διαδεχομένην
930 2823 1058 2885 τοὺς
1080 2821 1275 2884 πόνους
1313 2821 1422 2876 τῶν
1448 2821 1660 2892 ἀρετῶν
1696 2819 1963 2890 εὐφροσύ-

375 2930 474 2982 νην
497 2913 596 2982 τῆς
625 2913 1007 2982 πνευματικῆς
1037 2913 1289 2985 θεωρίας.
1327 2912 1565 2982 Ἐφραῖμ
1585 2913 1639 2965 δὲ
1662 2911 1960 2984 ἑρμηνεύε-

377 3023 470 3059 ται
519 3007 879 3074 πλατυσμός
907 3021 922 3038 ο
957 3007 1095 3078 ὅπερ
1126 3008 1273 3060 ἐστὶν
1299 3008 1332 3076 ἡ
1363 3005 1503 3059 κατὰ
1535 3005 1716 3058 πίστιν
1739 3006 1828 3057 ἐπὶ
1843 3007 1957 3070 τοῖς

379 3099 669 3168 μέλλουσιν
697 3099 921 3167 ἀγαθοῖς
942 3099 1192 3162 ἄπτωτος
1217 3100 1372 3162 ἐλπίς
1405 3113 1420 3125 ’
1451 3100 1572 3169 ῆτις
1606 3099 1754 3150 ἐστὶν
1795 3098 1958 3152 ἀντί-

375 3192 570 3258 ληψις
609 3190 707 3260 τῆς
733 3190 972 3260 κεφαλῆς
1004 3190 1098 3243 τοῦ
1133 3190 1376 3244 δικαίου*
1410 3190 1693 3254 τουτέστι,
1719 3190 1815 3260 τῆς
1871 3189 1962 3241 πί-

379 3299 571 3340 στεως.
612 3281 820 3344 Παντὸς
893 3281 1007 3352 (ἀρ’
1061 3282 1272 3335 δικαίου
1307 3280 1516 3352 κεφαλὴ
1547 3282 1578 3351 ἠ
1613 3281 1796 3344 πίστις
1820 3280 1958 3345 ἐστὶ,

378 3376 473 3426 καὶ
528 3373 730 3436 παντὸς
768 3372 1203 3444 ἔργονάγαθοῦ.
1242 3375 1593 3444 Κραταίωσις
1649 3373 1705 3426 δὲ
1757 3372 1960 3445 ταύτης

380 3465 724 3535 καθέστηκεν
776 3463 1049 3536 ἀσφαλὴς,
1100 3467 1133 3534 ἠ
1185 3467 1294 3519 τῶν
1363 3467 1665 3537 μελλόντων
1741 3467 1960 3536 ἀγαθῶν

380 3556 720 3618 ἀδιάπτωτος
746 3556 902 3618 ἐλπίς
935 3570 949 3585 ο
982 3554 1102 3608 καθ’
1132 3557 1198 3626 ἣν
1223 3555 1300 3619 ὡς
1326 3557 1569 3627 παρόντα
1607 3557 1674 3610 τὰ
1699 3557 1960 3628 μέλλοντα

381 3645 744 3718 θεωροῦντες,
783 3645 1242 3717 ὲμπλατυνόμεθα
1269 3650 1389 3711 ταῖς
1419 3647 1661 3718 θλίψεσιν
1685 3685 1703 3715 ,
1761 3649 1963 3704 ἀκατά-

383 3755 582 3794 πτωτοι
613 3740 674 3792 ὲν
705 3741 818 3802 τοῖς
842 3741 1172 3810 πειρασμοῖς
1198 3739 1562 3811 διαμένοντες.

463 3919 686 3986 Ἰούδας
709 3919 1010 3986 βασιλεύς
1044 3937 1184 3990 μου,
1218 3920 1401 3974 Μωὰό
1428 3919 1612 3988 λέϐης
1643 3919 1755 3991 τῆς
1785 3921 1960 3976 ἐλπί-

381 4011 483 4077 δος
515 4029 656 4080 μου.
1067 4017 1082 4028 ’

460 4103 663 4166 Ἰούδας
705 4104 1142 4174 ἐξομολόγησις
1183 4103 1565 4176 ἑρμηνεύεται.
1624 4107 1816 4176 Ἀρχει
1850 4106 1960 4178 γάρ

383 4194 416 4264 ἡ
444 4195 512 4248 δι’
545 4195 720 4265 εὐχῶν
747 4195 1136 4268 ἐξομολόγησις
1169 4198 1227 4250 ὲν
1250 4199 1364 4260 τοῖς
1389 4198 1566 4266 ἁγίοις
1599 4198 1800 4260 παντὸς
1819 4199 1961 4265 ἀγα-

384 4287 495 4342 θοῦ.
526 4287 756 4340 Δύναται
793 4287 850 4341 δὲ
881 4288 1139 4360 νοηθῆναι
1170 4291 1264 4343 καὶ
1289 4292 1369 4354 είς
1395 4290 1486 4343 τὸν
1527 4289 1734 4361 Κύριον
1758 4291 1787 4343 6
1823 4290 1959 4344 Ἰού·

2070 1820 2325 1882 culorum
2351 1827 2663 1897 cognitione
2685 1828 3028 1898 scientiaque
3050 1830 3458 1898 complectitur.
3517 1829 3648 1885 Cor-

2068 1933 2171 1987 pus
2203 1919 2350 1972 enim
2379 1931 2490 1972 non
2523 1933 2634 1972 uno
2681 1919 2804 1974 loco
2855 1919 3175 1990 Scripturae,
3231 1920 3653 1975 Taberuaculum

2065 2016 2151 2062 est
2174 2009 2532 2076 appellatum.

2137 2100 2301 2154 Vens.
2335 2100 2387 2154 9.
2424 2101 2570 2154 Meus
2593 2109 2670 2154 est
2695 2100 2927 2166 Galaad,
2961 2113 3009 2156 et
3039 2120 3183 2158 meus
3216 2113 3293 2158 est
3333 2105 3606 2161 Monaeses
3631 2121 3653 2162 :

2041 2199 2115 2246 et
2143 2190 2398 2261 Ephraim
2421 2191 2678 2260 fortitudo
2712 2193 2900 2262 capitis
2928 2194 3050 2247 mei.

2135 2367 2360 2434 Galaad,
2380 2370 2535 2439 juxta
2560 2386 2722 2424 unam
2755 2371 2919 2441 hujus
2950 2372 3190 2428 nominis
3239 2373 3653 2444 interpretatio-

2064 2476 2213 2523 nem,
2243 2460 2500 2514 revelatio
2524 2471 2609 2516 cst
2639 2479 2652 2514 :
2678 2462 2925 2516 Manasse
2959 2471 3164 2528 autem,
3189 2465 3233 2518 si
3259 2481 3458 2520 nomen
3485 2467 3652 2522 inter-

2063 2552 2323 2622 preteris,
2349 2552 2661 2607 oblivionem
2684 2562 2865 2609 sonat.
2906 2553 3102 2609 Merito
3137 2565 3321 2611 autem
3385 2559 3651 2615 revelatio

2063 2658 2128 2698 ac
2159 2643 2366 2698 oblivio
2393 2644 2545 2714 justo
2577 2644 2926 2714 contingunt,
2983 2647 3077 2715 qui
3131 2663 3327 2717 nempe
3371 2663 3469 2717 per
3521 2665 3653 2705 con-

2064 2733 2476 2804 templationem
2497 2749 2696 2789 arcana
2729 2735 3014 2802 doceatur,
3037 2737 3371 2807 virtutisque
3397 2739 3649 2794 laborum

2061 2826 2439 2891 obliviscatur,
2465 2842 2566 2897 per
2594 2843 2715 2882 eam
2738 2845 2860 2898 qua:
2887 2830 3156 2884 virtutum
3190 2830 3498 2895 laboribus,
3531 2832 3650 2902 spi-

2062 2917 2237 2971 ritalis
2253 2919 2735 2988 contemplationis
2753 2921 3072 2990 jucunditas
3101 2922 3367 2976 succedit.
3387 2923 3652 2992 Ephraim

2062 3009 2323 3080 denique,
2357 3010 2402 3064 si
2433 3026 2634 3066 nomen
2659 3011 3062 3082 interpreteris,
3086 3013 3456 3068 dilatationem
3484 3015 3654 3082 signi-

2067 3100 2214 3163 ﬁcat,
2251 3099 2396 3170 quod
2429 3111 2515 3155 est
2539 3108 2690 3156 certa
2720 3101 3007 3172 ﬁrmaque,
3039 3119 3138 3172 pro
3168 3103 3291 3157 ﬁdei
3321 3103 3528 3158 ratione
3555 3102 3654 3159 bo~

2063 3206 2262 3245 norum
2297 3191 2614 3246 futurorum
2667 3207 2823 3262 spes;
2863 3208 2985 3261 quae
3037 3192 3174 3262 ipsa,
3234 3195 3500 3264 susceptio
3553 3207 3650 3248 seu

2061 3284 2295 3352 defensio
2317 3284 2512 3354 capitis
2527 3283 2664 3354 justi
2695 3294 2800 3348 est,
2830 3283 2884 3338 id
2926 3295 3030 3346 est,
3065 3284 3214 3339 ﬁdei.
3275 3283 3466 3339 Omnis
3500 3285 3650 3339 enim

2060 3375 2191 3446 justi
2220 3383 2405 3445 caput,
2446 3374 2581 3430 ﬁdes
2613 3384 2719 3442 est,
2755 3376 3048 3446 omnisque
3073 3375 3204 3430 boni
3235 3376 3440 3446 operis.
3475 3363 3649 3447 Hujus

2062 3473 2246 3518 autem
2278 3465 2506 3520 lirmitas
2571 3481 2636 3520 ac
2692 3465 2961 3520 fortitudo
2995 3466 3304 3536 roburque,
3332 3465 3647 3520 futurorum

2063 3556 2337 3610 bonorum
2365 3573 2493 3627 spes
2517 3565 2779 3612 constans
2806 3572 2871 3612 ac
2923 3557 3138 3613 stabilis
3185 3567 3301 3624 est;
3336 3574 3445 3628 qua
3467 3559 3648 3614 .nimi-

2063 3660 2186 3699 rum
2207 3685 2221 3710 ,
2261 3645 2467 3709 futura,
2501 3661 2565 3702 ac
2591 3647 2635 3701 si
2663 3647 2774 3716 jam
2800 3647 3091 3715 praesentia
3129 3657 3336 3713 essent,
3379 3658 3648 3704 contuen-

2066 3743 2167 3798 tes,
2199 3734 2493 3789 dilalamur
2526 3735 2580 3789 in
2612 3735 3125 3802 tribulationibus',
3151 3737 3380 3793 stabiles
3409 3754 3475 3794 ac
3501 3737 3644 3794 ﬁrmi

2063 3833 2484 3896 perseverantes
2512 3825 2569 3880 in
2597 3827 3018 3882 tentationib’us.
3613 3839 3622 3846 '

2133 3918 2296 3973 Vens.
2335 3919 2420 3974 10.
2459 3918 2671 3986 ludas,
2721 3935 2818 3974 rea:
2845 3936 2990 3973 meus
3027 3935 3046 3974 :
3117 3919 3307 3985 Moab,
3369 3919 3482 3975 olla
3533 3921 3648 3994 spei

2063 4024 2193 4063 mea!
2199 4050 2212 4063 .

2131 4115 2321 4179 Judas,
2345 4115 2390 4170 si
2415 4129 2616 4170 nomen
2641 4114 3047 4185 interpreteris,
3067 4115 3446 4185 confessionem
3465 4123 3643 4172 sonat.

2062 4207 2193 4274 Quae,
2222 4208 2368 4262 enim
2397 4208 2452 4262 in
2478 4207 2738 4277 precibus
2759 4207 3031 4263 confessio
3045 4216 3152 4274 est,
3180 4222 3343 4262 omne
3365 4208 3419 4261 in
3441 4209 3648 4262 sanctis

2064 4299 2271 4355 bonum
2321 4301 2672 4371 auspicatur..
2697 4301 2882 4356 Potest
2919 4312 3101 4354 autem
3142 4300 3308 4355 etiam
3358 4299 3528 4356 Judas
3584 4309 3648 4354 ut

380 4377 473 4442 δας
505 4395 521 4410 ·
557 4381 616 4442 ὃς
663 4383 810 4434 ἐστιν
866 4380 1120 4451 ἀληθινὸς
1174 4382 1427 4452 βασιλεὺς
1456 4383 1549 4436 τοῦ
1581 4385 1956 4453 πνευματικοῦ

2073 4393 2284 4447 Domini
2311 4392 2480 4463 ﬁgura
2515 4391 2769 4463 intelligi,
2805 4393 2900 4462 qui
2936 4401 3022 4446 est
3049 4407 3216 4447 verus
3257 4407 3353 4447 rex
3377 4391 3645 4461 spiritalis

394 4471 610 4542 Ἰσραὴλ
636 4473 728 4526 καὶ
758 4472 991 4548 ὁρῶντος
1014 4473 1146 4525 Θεὸν
1179 4490 1194 4504 ·
1227 4476 1255 4526 6
1285 4473 1423 4543 ὑπὲρ
1468 4474 1625 4544 ἡμῶν
1661 4475 1824 4545 ἡνίκα
1861 4476 1954 4544 γέ-

381 4578 536 4629 γονεν
569 4561 872 4632 ἄνθρωπος.
907 4562 1400 4633 ἐξομολογούμενος
1420 4566 1558 4635 πρὸς
1589 4566 1678 4618 τὸν
1710 4567 1955 4637 Πατέρα,

381 4656 476 4707 καὶ
539 4655 744 4722 λέγων,
798 4655 1309 4724 Ἐξομολογοῦμαί
1379 4671 1500 4722 σοι,
1541 4657 1732 4727 Πάτερ
1803 4659 1955 4727 ἅγιε.

381 4744 554 4797 Μωέιϐ
591 4745 667 4805 δὲ,
691 4745 938 4814 ἔντερον
965 4747 1189 4815 πατρὸς
1222 4748 1297 4818 (g)
1331 4750 1719 4819 ἑρμηνεύεται,
1755 4753 1958 4803 νοεῖται

381 4838 435 4890 δὲ
472 4839 534 4890 τὸ
591 4839 864 4910 ἡμέτερον
907 4840 1086 4910 σῶμα,
1118 4841 1186 4894 δι’
1211 4834 1274 4894 οὗ
1317 4843 1457 4896 κατὰ
1512 4843 1612 4914 τὴν
1651 4844 1958 4915 πρακτικὴν

381 4933 699 5002 φιλοσοφίαν
719 4933 948 5007 λουτροῦ
969 4935 1146 5006 δίκην,
1171 4937 1309 5009 ὅπερ
1335 4937 1486 5008 δηλοῖ
1505 4939 1689 5007 σαφῶς
1717 4939 1746 4991 ὁ
1771 4939 1955 5011 λέϐης,

381 5027 414 5093 ή
468 5023 733 5095 κάθαρσις
780 5027 993 5096 πέφυκε
1050 5029 1296 5097 γίνεσθαι
1353 5029 1464 5082 τῶν
1516 5031 1950 5100 ἁμαρτημάτων.

380 5113 664 5185 Κάθαρσις
687 5117 796 5189 γάρ
829 5119 977 5171 ἐστιν
997 5120 1025 5171 ὁ
1045 5118 1229 5190 λέδης,
1251 5120 1352 5190 τῆς
1377 5119 1590 5184 ἐλπίδος
1613 5135 1626 5149 ·
1653 5121 1953 5187 τουτέστιν,

450 5271 472 5302 ⁸
505 5272 647 5327 Psal.
681 5291 754 5339 iv,
784 5273 838 5327 2.
917 5273 937 5303 ⁸
966 5272 1157 5328 Matth.
1191 5289 1264 5338 ιι,
1293 5275 1383 5329 9.5.

448 5403 513 5475 (Γ)
551 5407 934 5475 Κρατοίωσις.
961 5407 1105 5462 Psal.
1144 5423 1268 5471 cvn,
1290 5406 1345 5469 9,
1371 5406 1464 5463 ubi
1489 5408 1680 5463 eadem
1709 5423 1812 5461 vox
1849 5407 1961 5461 Ile-

379 5475 591 5546 braica,
625 5476 903 5545 iidemque
935 5477 1154 5546 repetiti
1183 5493 1396 5540 versus,
1436 5489 1520 5532 est
1549 5477 1960 5546 ἀντίληψιςὫιι-

374 5544 593 5606 xihum,
629 5544 906 5616 susceptio,
944 5544 1107 5616 quam
1143 5557 1432 5616 utramque
1464 5564 1654 5603 vocem
1691 5544 1959 5602 Maximus

376 5616 646 5687 exponit;
670 5632 792 5669 cum
817 5617 888 5671 sit
915 5619 1028 5671 sola
1056 5617 1287 5671 variatio
1321 5618 1662 5687 interpretis.
1696 5618 1956 5687 Ephraim

379 5686 529 5755 quod
582 5686 897 5757 πλατυσμὸς
951 5687 1220 5754 redditur,
1259 5686 1595 5760 intelligatur
1621 5686 1801 5759 ampla
1824 5702 1955 5759 pro-

2067 4486 2290 4540 lsraclis
2331 4501 2394 4540 ac
2430 4485 2670 4540 videntis
2697 4486 2890 4540 Deum.
2929 4485 3035 4540 Pro
3081 4485 3241 4539 nobis
3289 4484 3434 4539 enim
3474 4483 3651 4539 factus

2064 4577 2230 4636 homo
2255 4576 2323 4630 ad
2363 4577 2581 4630 Patrem
2625 4577 2940 4641 conﬁtetur,
2986 4576 3194 4645 aitque,
3231 4573 3496 4642 Conﬁteor
3532 4574 3646 4639 tibi,

2063 4667 2229 4722 Pater
2250 4677 2430 4720 sancte
2447 4667 2486 4720 °.
2523 4667 2680 4721 Moab
2702 4676 2908 4730 autem,
2936 4667 2981 4720 si
3013 4679 3214 4719 nomen
3240 4663 3646 4732 interpreteris,

2064 4765 2149 4812 est
2177 4759 2486 4811 intestinum
2509 4760 2698 4828 patris.
2725 4759 3058 4830 lntelligitur
3080 4767 3262 4812 autem
3304 4771 3507 4826 corpus
3551 4771 3652 4810 no-

2064 4856 2238 4904 strum
2263 4867 2278 4916 ;
2299 4866 2430 4920 quo,
2459 4866 2559 4905 ceu
2589 4851 2764 4916 labro,
2787 4867 2886 4921 per
2909 4866 3027 4904 eam
3057 4849 3418 4920 philosophia:
3439 4857 3647 4918 partem

2064 4957 2188 5011 quze
2209 4941 2264 4996 in
2295 4955 2513 4996 actione
2545 4952 2799 4996 versatur
2831 4943 2906 5015 (id
2937 4943 3082 4997 enim
3108 4941 3397 5010 perspicue
3430 4940 3536 4993 olla
3570 4938 3648 4994 si-

2064 5029 2306 5102 gniﬁcat)
2327 5041 2734 5102 comparatum;
2754 5039 2814 5086 ut
2840 5030 3158 5086 emundatio
3181 5031 3275 5083 ﬁat
3296 5035 3646 5099 peccatorum

2065 5123 2158 5178 Est
2185 5123 2337 5178 enim
2372 5123 2543 5189 lebes,
2571 5123 2729 5196 341
2757 5125 2873 5194 spei
2904 5123 3258 5190 emtmdatio;
3285 5138 3408 5194 quae
3435 5121 3646 5178 scilicet

2067 5408 2226 5483 genie
2255 5407 2560 5462 secundum
2592 5407 2739 5478 quod
2770 5407 3105 5466 fructiﬁcare
3147 5411 3422 5483 signiﬁcat
3459 5421 3516 5466 et
3562 5411 3644 5466 fe-

2069 5479 2310 5531 cundum
2343 5493 2488 5532 esse.
2895 5502 2913 5509 —

2141 5547 2215 5625 (9)
2254 5550 2542 5625 ξἘντερον
2587 5551 2828 5625 παζρᾴς.
2868 5560 3010 5609 nm:
3055 5551 3363 5622 simplicius
3402 5571 3434 5607 a
3466 5559 3640 5625 patre,

2066 5618 2464 5694 quod__incesto
2503 5618 2798 5694 concubitu
2844 5635 2908 5675 ex
2955 5631 3111 5694 patre
3149 5618 3435 5694 susceptus
3451 5618 3477 5690 ,⁷
3500 5621 3640 5680 Gen.

2064 5704 2174 5755 nx,
2206 5688 2294 5754 57,
2328 5697 2539 5744 mutato
2560 5699 2698 5744 tzere
2721 5690 2776 5746 in
2809 5708 2911 5745 ι-αιι
2941 5688 3159 5747 ἐΙιοΙσηι.
