4134 6192
459 253 568 319 867

1631 259 1694 320 S.
1733 259 2020 320 MAXIM!
2051 260 2565 324 CONFESSORIS

459 371 567 423 rite
598 368 864 428 institutis
885 371 1013 427 vitae
1032 371 1360 437 rationibus,
1407 387 1507 444 per
1556 371 2025 436 emundationem,

2132 375 2166 444 ἡ
2201 375 2289 429 διὰ
2345 375 2462 444 βίου
2509 374 2653 430 κατὰ
2713 376 2816 449 τὴν
2853 376 3123 450 κάθαρσιν
3171 379 3312 450 πρὸς
3339 379 3708 450 κληρονομίαν

460 460 528 515 ad
553 461 695 516 bona
716 463 875 518 nobis
899 464 954 518 in
970 479 1064 534 spe
1087 465 1347 535 reposita,
1379 465 1710 536 praeparatio
1735 481 1801 521 ac
1830 465 2035 521 habili-

463 565 547 608 tas
561 554 804 608 exsistit.

529 645 714 700 Potest
734 654 918 700 autem
944 663 1138 703 rursus
1163 649 1319 704 Moab
1340 650 1506 704 etiam
1539 649 1607 704 de
1638 648 1925 704 Dominica
1951 649 2035 704 in-

455 735 777 791 carnatione
806 736 1056 810 intelligi.
1082 740 1313 810 Pr0pter
1333 756 1435 795 nos
1453 742 1601 796 enim
1625 741 1812 796 Filius
1856 742 2034 796 homi-

457 827 544 881 nis
578 842 745 883 verus
762 828 917 884 lebes
943 831 1059 900 spei
1099 842 1301 887 nostra:
1348 832 1525 886 factus
1549 841 1638 887 est
1679 833 2030 902 exstititque;

454 917 562 973 hoc
584 927 688 981 est,
719 921 814 989 qui
848 921 1008 976 nobis
1041 938 1108 976 ex
1149 934 1378 992 peccato
1413 933 1724 980 contractas
1743 925 1936 980 sordes
1967 941 2032 981 ac

453 1011 697 1066 maculas
716 1011 867 1066 eluat
887 1021 1050 1083 atque
1068 1015 1350 1070 emundet.

528 1208 592 1264 In
621 1209 914 1264 Idumteam
941 1210 1218 1264 extendam
1239 1210 1659 1266 calceamentmn
1689 1227 1884 1266 meum.

525 1321 781 1384 ldumaea,
805 1321 849 1376 si
888 1337 1089 1377 nomen
1127 1323 1525 1392 interpreteris,
1561 1324 1733 1378 lutum
1764 1332 1850 1378 est
1883 1323 2027 1378 rubei

452 1429 554 1467 seu
588 1412 864 1484 argillacei
891 1414 1101 1479 coloris,
1134 1422 1422 1484 potestque
1455 1413 1522 1468 de
1548 1413 1832 1468 Dominica
1864 1412 2030 1467 carne

449 1506 819 1576 oxponi;qua
857 1505 924 1570 is,
951 1521 1051 1560 ceu
1097 1506 1489 1569 calceamento,
1535 1505 1603 1559 ad
1647 1505 1902 1559 homines
1946 1503 2031 1557 in-

454 1610 676 1662 gressus
705 1596 890 1662 venit;
940 1612 1065 1651 cum
1095 1596 1230 1652 alias
1259 1606 1511 1651 creatura
1557 1595 1876 1649 Creatorem
1927 1609 2029 1649 na-

2135 469 2242 522 τῶν
2296 471 2414 523 κατ’
2445 468 2634 522 ἐλπίδα
2682 469 3059 541 ἀποκειμένων
3117 472 3249 541 ἡμῖν
3301 471 3523 540 ἀγαθῶν
3564 475 3709 531 ιτα·-

2138 561 2327 631 μότης.

2203 653 2436 706 Δύναται
2465 651 2526 705 δὲ
2566 651 2730 706 πάλιν
2759 652 3013 723 νοηθῆναι
3041 653 3075 708 ό
3109 654 3287 709 Μωάϐ
3329 655 3426 709 καὶ
3476 657 3559 720 εἰς
3607 656 3708 727 τὴν

2136 743 2413 814 σάρκωσιν
2447 742 2543 798 τοῦ
2575 743 2803 815 Κυρίου.
2831 743 2960 806 Υἱὸς
3001 744 3109 814 γάρ
3133 743 3422 815 ἀνθρώπου
3461 745 3532 799 δι’
3557 747 3709 817 ἡμᾶς

2133 835 2327 904 γέγονέ
2352 853 2412 888 τε
2438 835 2534 888 καὶ
2563 835 2936 905 ἐχρημάτισεν
2961 837 2989 890 ό
3026 835 3279 906 ἀληθινὸς
3305 836 3468 907 λέϐης
3485 838 3586 908 τῆς
3615 837 3707 892 ιλ-

2136 927 2290 990 πίδος
2320 925 2509 995 ἡμῶν,
2543 924 2820 978 τουτέστιν
2847 925 2876 980 6
2900 924 3162 996 ῥυπτικὸς
3218 923 3316 980 καὶ
3375 924 3708 996 καθαρτικδς

2133 1017 2242 1070 τῶν
2264 1017 2330 1070 ὲκ
2353 1015 2454 1085 τῆς
2480 1013 2756 1086 ἁμαρτίας
2782 1013 3068 1087 ἡμετέρων
3099 1014 3334 1086 κηλίδων
3361 1032 3422 1069 τε
3463 1015 3560 1071 καὶ
3601 1032 3706 1086 μο-

2133 1110 2374 1180 λυσμῶν.

2194 1206 2323 1260 Ἐπὶ
2357 1205 2470 1273 τὴν
2511 1204 2844 1272 Ἰδουμαίαν
2865 1199 3086 1256 ἐκτενῶ
3116 1200 3184 1255 τὸ
3212 1199 3493 1270 ὑπόδημά
3529 1217 3672 1270 μου.

2213 1319 2484 1388 Ἰδουμαία
2508 1357 2522 1381 ,
2549 1313 2882 1385 αἱματώδης
2937 1311 3131 1381 πηλὸς
3163 1311 3239 1382 (ἡ)
3300 1309 3662 1383 ἑρμηνεύεται
3685 1327 3704 1344 θ

2130 1411 2351 1464 δύναται
2381 1410 2437 1462 δὲ
2463 1408 2736 1478 ληφθῆναι
2762 1407 2858 1459 καὶ
2885 1407 2966 1469 είς
2996 1405 3097 1476 τὴν
3125 1404 3304 1475 σάρκα
3339 1405 3433 1458 τοῦ
3456 1404 3702 1474 Κυρίοοο

2130 1501 2196 1554 δι’
2229 1496 2297 1574 ἦς
2318 1500 2488 1570 ἐπέϐη
2513 1500 2588 1562 ὡς
2617 1499 2688 1552 δι’
2712 1498 3057 1566 ὑποδήματος
3079 1497 3196 1560 τοῖς
3225 1494 3534 1567 ἀνθρώποις
3559 1511 3576 1527 ·
3608 1493 3705 1548 άλν-

2130 1595 2238 1657 λως
2292 1593 2540 1664 χωρῆσαι
2588 1591 2680 1644 τὸν
2716 1590 2953 1661 Ποιητὴν
2994 1587 3068 1659 μὴ
3109 1587 3414 1657 δυναμένης
3448 1587 3548 1656 τῆς
3580 1586 3702 1640 uri-

451 1696 576 1741 tura
603 1687 875 1742 infinitum
908 1703 970 1742 ac
1015 1687 1534 1758 incomprehensum
1562 1699 1909 1754 nequaquam
1936 1699 2025 1739 ca-

2134 1702 2268 1749 σεως
2300 1701 2316 1716 ·
2353 1683 2580 1754 ἄπειρόν
2626 1698 2689 1734 τε
2738 1681 2832 1734 καὶ
2872 1677 3157 1750 άχώρητον
3195 1675 3341 1730 κατὰ
3375 1673 3542 1746 φύσιν
3567 1691 3700 1745 τυγ-

454 1793 586 1848 pere
612 1788 818 1848 posset.

522 1869 711 1923 Potest
735 1883 867 1923 vero
909 1884 1102 1924 rursus
1129 1869 1293 1924 etiam
1343 1868 1411 1923 de
1470 1869 1734 1939 cujusque
1776 1877 2026 1922 nostrum

453 1972 616 2012 carne
641 1957 906 2027 intelligi;
929 1957 984 2012 in
1008 1973 1170 2028 quam
1187 1958 1536 2013 extendimus
1559 1959 2026 2012 calceamentum:

455 2047 793 2101 munientem
830 2048 1044 2104 scilicet
1071 2064 1101 2102 a
1136 2048 1338 2103 diaboli
1373 2048 1556 2117 pravis
1573 2047 1795 2102 tribulis
1822 2063 1886 2102 ac
1916 2049 2028 2118 spl-

451 2136 540 2190 nis
572 2137 1021 2192 exercitationem
1051 2152 1114 2191 ac
1139 2136 1558 2191 continentiam.
1585 2135 1699 2190 Hoc
1729 2136 1876 2190 enim
1911 2137 2028 2190 cal-

451 2236 799 2282 ceamentum
831 2227 1247 2298 intelligendum
1269 2235 1371 2282 est.
1400 2228 1620 2296 Absque
1648 2227 1792 2282 enim
1815 2227 2031 2282 exerci-

453 2319 677 2381 tatione,
714 2319 968 2388 seriaque
999 2320 1359 2383 continentia,
1407 2319 1527 2375 ﬁeri
1575 2335 1682 2374 non
1724 2329 1924 2392 potest,
1965 2328 2028 2374 ut

450 2411 635 2465 carnis
669 2412 802 2466 vitia
837 2422 1134 2484 expugnet,
1153 2413 1248 2484 qui
1279 2413 1500 2483 pietatis
1519 2414 1700 2469 cultor
1731 2421 1834 2479 est,
1867 2422 1922 2470 et
1955 2413 2025 2470 ad

453 2516 577 2554 eam
601 2510 841 2556 exercet.

518 2590 664 2658 Quin
687 2601 742 2646 et
767 2608 960 2649 rursus
987 2593 1218 2666 intelligi
1251 2601 1433 2664 potest
1480 2595 1649 2650 animi
1679 2596 2024 2652 calceamen-

451 2692 591 2748 tum,
627 2684 994 2741 mortiﬁcatus
1017 2701 1211 2741 sensus
1240 2687 1472 2742 rationis
1498 2687 1649 2742 cultu
1675 2696 1731 2742 et
1777 2695 2024 2744 contem-

447 2773 744 2844 plationis;
780 2791 889 2846 quo
925 2776 1142 2830 animus
1168 2777 1225 2831 in
1273 2776 1355 2832 eis
1390 2777 1656 2833 incedens
1683 2793 1804 2848 qua:
1857 2793 2022 2834 sensu

445 2864 849 2935 percipiuntur;
872 2865 1092 2921 innoxie
1109 2866 1302 2921 transit
1328 2867 1498 2923 hocce
1519 2868 1780 2923 saeculum
1801 2866 2022 2934 {eorum

446 2958 679 3023 scilicet,
705 2958 1035 3014 intermedio
1061 2973 1226 3012 sensu
1271 2959 1424 3013 velut
1473 2958 1869 3022 calceamento,
1911 2959 2026 3013 col-

2232 1795 2378 1831 οντα.

2232 1795 2259 1831 ο
2365 1817 2378 1830 .

2130 1779 2430 1921 χάέύννέζαι
2467 1865 2524 1918 δὲ
2566 1863 2731 1919 πάλιν
2767 1861 3021 1934 νοηθῆναι
3056 1861 3155 1915 καὶ
3209 1861 3289 1924 είς
3323 1859 3425 1932 τὴν
3467 1859 3699 1914 ἑκάστω

2127 1961 2284 2032 ἡμῶν
2313 1959 2492 2030 σάρκα
2525 1975 2541 1990 ’
2577 1957 2665 2026 ἐφ’
2699 1949 2767 2028 ἦς
2791 1954 3104 2025 ὲκτείνομεν
3131 1953 3196 2007 τὸ
3219 1952 3470 2022 ὑπόδημα
3494 1967 3510 1982 ο
3541 1968 3704 2004 τουτ-

2126 2054 2244 2109 έστι
2299 2051 2398 2123 τὴν
2457 2049 2802 2122 φρουροῦσαν
2828 2047 2925 2118 τὴν
2946 2045 3124 2118 ψυχὴν
3173 2046 3280 2099 άπὸ
3313 2044 3422 2099 τῶν
3445 2042 3703 2120 πονηρῶν

2126 2145 2220 2200 τοῦ
2279 2143 2528 2199 διαϐόλου
2567 2141 2831 2212 τριϐόλων
2881 2157 2939 2193 τε
2968 2139 3064 2193 καὶ
3099 2137 3354 2193 ἀκανθῶν
3379 2137 3616 2206 ἄσκησιν
3641 2153 3702 2189 τε

2127 2233 2222 2286 καὶ
2251 2232 2576 2303 ἐγκράτειαν
2601 2245 2615 2260 ⁸
2647 2229 2806 2282 τοῦτο
2823 2228 2931 2300 γὰρ
2955 2227 3060 2300 χρὴ
3082 2227 3319 2281 νοεῖσθαι
3336 2226 3398 2280 τὸ
3420 2226 3698 2298 ὑπόδημα.

2130 2326 2294 2378 Ἀνευ
2326 2325 2435 2395 γὰρ
2469 2323 2758 2392 ἀσκήσεως
2800 2322 2894 2374 καὶ
2944 2319 3206 2389 ἀκριϐοῦς
3255 2318 3600 2389 ἐγκρατείας,
3627 2317 3698 2372 τά

2126 2417 2226 2488 τῆς
2262 2415 2463 2487 σαρκὸς
2511 2414 2661 2485 πάθη
2701 2411 3107 2467 καταπαλαῖσαι
3153 2410 3246 2464 τδν
3297 2411 3544 2483 ἀσκητὴν
3596 2409 3698 2479 τῆς

2126 2508 2428 2573 εὐσεϐείας,
2454 2507 2756 2577 ἀμήχανον.

2196 2601 2430 2654 Δύναται
2456 2599 2513 2652 δὲ
2560 2598 2724 2652 πάλιν
2758 2595 3015 2667 νοηθῆναι
3078 2591 3333 2664 ὑπόδημα
3369 2591 3574 2663 ψυχῆς,
3605 2592 3700 2646 καὶ

2127 2695 2160 2766 ἡ
2188 2693 2277 2748 διὰ
2326 2693 2486 2762 λόγου
2527 2689 2624 2744 καὶ
2645 2688 2878 2760 θεωρίας
2917 2685 3252 2758 νεκρωθεῖσα
3300 2684 3553 2752 αῐσθησις
3583 2700 3600 2716 ο
3632 2682 3699 2736 δι’

2123 2782 2192 2860 ἦς
2219 2784 2638 2854 ἑπιϐαίνουσαή
2685 2781 2832 2853 ψυχὴ
2872 2781 2986 2844 τοῖς
3049 2779 3348 2851 αἰσθητοῖς,
3387 2780 3482 2833 τὸν
3529 2777 3702 2833 αἰῶνα

2123 2876 2313 2930 τοῦτον
2359 2873 2612 2936 ἀϐλαϐῶς
2666 2871 3070 2943 διαπορεύεται,
3102 2871 3227 2934 τοὺς
3275 2870 3456 2924 αὑτῶν
3510 2869 3700 2938 λόγους

2123 2968 2213 3022 διὰ
2235 2968 2408 3040 μέσης
2434 2968 2532 3038 τῆς
2559 2966 2862 3036 αἰσθήσεως
2881 2965 2957 3027 ὡς
2980 2963 3150 3035 ὕποδή
3159 2979 3346 3034 ματος,
3369 2978 3700 3032 φαντασιου-

447 3049 624 3120 ligens
645 3050 921 3115 rationes;
951 3064 1136 3104 rerum
1162 3049 1583 3120 aspectabilium
1614 3051 1791 3123 ﬁgura
1815 3050 2023 3106 forma-

2129 3037 2298 3132 μένης
2323 3037 2423 3124 τάς
2455 3037 2563 3114 τῶν
2595 3057 2804 3130 ὁρατῶν
2825 3057 2947 3110 κατ’
2978 3050 3118 3118 εἶδος
3165 3054 3263 3109 καὶ
3295 3055 3483 3125 σχῆμα
3513 3052 3699 3121 διαφο-

448 3157 557 3212 que
583 3141 926 3197 din‘erentias
959 3141 1289 3197 informante
1311 3141 1572 3213 imagine,
1610 3141 1679 3197 ad
1718 3158 1886 3197 unam
1932 3159 2024 3198 so-

448 3233 670 3304 lamque
713 3241 880 3304 atque
940 3234 1246 3305 principem
1292 3235 1566 3290 rationem
1613 3234 2025 3307 intelligendam

449 3323 991 3397 agnoscendamque.
1249 3333 1259 3341 '

518 3441 649 3498 Mihi
679 3439 991 3511 alienigena:
1015 3440 1210 3498 subditi
1232 3451 1376 3497 sunt.

521 3553 786 3608 Veniente
829 3553 983 3608 enim
1013 3554 1247 3610 Domino
1295 3569 1396 3624 per
1441 3568 1668 3610 carnem
1723 3553 1795 3610 ad
1836 3562 2028 3612 nostra

447 3645 590 3712 loca,
625 3645 861 3718 subjecti
907 3655 1038 3704 sunt
1064 3647 1185 3716 ejus
1221 3645 1352 3701 [orti
1416 3645 1672 3716 imperio,
1710 3661 1819 3701 non
1849 3646 2026 3702 solum

446 3751 592 3807 quos
618 3736 899 3792 destruxit
945 3735 1175 3807 spiritus
1221 3735 1518 3806 nequitiae,
1561 3736 1656 3796 sed
1707 3746 1766 3792 et
1815 3747 2028 3795 cunctae

445 3836 660 3900 gentes,
693 3835 949 3898 suscepta
978 3843 1076 3899 per
1114 3827 1462 3884 vocationem
1498 3827 1778 3898 Evangelii
1826 3829 2026 3898 praedi-

445 3921 690 3986 ulione,
742 3927 910 3992 caput
957 3919 1010 3976 ei
1069 3919 1402 3978 submisere.
1453 3919 1840 3990 Subiiciuntur
1892 3935 2026 3976 vero

446 4013 622 4068 etiam
642 4012 794 4068 omni
824 4013 974 4084 justo
1007 4012 1349 4084 alienigenae,
1378 4027 1504 4067 cum
1544 4011 1711 4066 missa
1736 4011 1888 4067 velut
1913 4011 2028 4070 cal-

448 4117 570 4170 ceo,
602 4104 660 4158 in
692 4119 808 4159 suae
841 4103 1026 4160 carnis
1049 4111 1275 4167 terram,
1317 4101 1527 4173 peccati
1570 4103 1745 4173 legem
1790 4101 2024 4156 mortiﬁ-

440 4203 609 4252 cante
642 4195 1005 4260 continentia,
1059 4195 1264 4251 nedum
1296 4193 1350 4248 in
1382 4209 1445 4248 ea
1475 4193 1753 4249 latitantes
1789 4193 2026 4248 immun-

443 4285 550 4341 dos
571 4286 804 4341 allectus
842 4285 1088 4355 vitisque
1117 4283 1452 4348 edomuerit,
1497 4283 1594 4341 sed
1625 4284 1791 4340 etiam
1827 4300 2020 4340 eorum

2131 3153 2231 3225 ρὰς
2274 3152 2648 3222 άναλεγομένη
2693 3148 2828 3220 πρὸς
2877 3149 2977 3220 τὴν
3037 3146 3131 3201 τοῦ
3164 3146 3284 3210 ἑνός
3334 3145 3498 3217 μόνου
3522 3163 3583 3200 τε
3605 3144 3701 3200 καὶ

2129 3245 2360 3320 ἀρχικοῦ
2393 3246 2550 3314 Λόγου
2581 3243 2794 3298 σύνεσιν
2815 3240 2911 3296 καὶ
2939 3241 3254 3310 ἐπίγνωσιν.

2417 3463 2580 3534 Ἐμοί
2610 3461 2956 3534 ἀλλόφυλοι
2986 3460 3401 3531 ὑπετάγησαν.

2211 3555 2407 3611 Ἦνίκα
2427 3553 2536 3626 γὰρ
2563 3553 2650 3609 διὰ
2689 3552 2892 3628 σαρκὸς
2908 3555 3019 3617 τοῖς
3042 3552 3164 3606 καθ’
3194 3553 3340 3625 ἡμᾶς
3362 3552 3699 3625 ἑπεχωρίασε

2122 3647 2311 3708 τόποις
2341 3648 2370 3701 ό
2396 3645 2622 3718 Κύριος,
2649 3645 2898 3715 ὑπετάγη
2927 3644 3004 3715 τῷ
3036 3645 3229 3715 κράτει
3253 3644 3353 3715 τῆς
3384 3644 3567 3716 ίσχΰος
3593 3645 3695 3700 αὖ·

2125 3737 2218 3791 τοῦ
2245 3753 2260 3769 ο
2289 3737 2350 3790 οὐ
2383 3736 2540 3806 μόνον
2562 3735 2977 3808 καταργηθέντα
3005 3737 3072 3790 τὰ
3114 3734 3401 3808 πνεύματα
3453 3737 3554 3808 τῆς
3599 3754 3699 3792 πο-

2127 3829 2344 3902 νηρίας,
2390 3828 2527 3882 ἀλλά
2570 3829 2666 3881 καὶ
2712 3826 2893 3881 πάντα
2913 3827 2981 3881 τά
3013 3827 3140 3898 ἔθνη
3163 3826 3432 3897 δεξάμενα
3476 3828 3566 3881 διὰ
3600 3831 3700 3899 τῆς

2101 3921 2372 3993 ,κλήσεως
2423 3919 2518 3976 τοῦ
2567 3917 2900 3989 Εὐαγγελίου
2940 3918 3004 3974 τὸ
3040 3919 3338 3990 κήρυγμα,
3363 3917 3646 3989 ὑπέκοψεν
3674 3935 3694 3950 ·

2125 4013 2525 4069 ὑποτάσσονται
2557 4011 2616 4066 δι
2639 4010 2737 4065 καὶ
2761 4011 2923 4064 παντὶ
2951 4009 3146 4080 δικαίῳ
3174 4011 3222 4064 oi
3241 4008 3543 4078 ἀλλόφυλοι,
3575 4007 3693 4079 ἠνία

2124 4124 2198 4161 κα
2228 4102 2502 4160 ἰπιϐαλὼν
2530 4102 2718 4174 ὥσπερ
2755 4101 3010 4173 ὑπόδημα
3031 4103 3096 4172 τῇ
3121 4103 3191 4172 γῇ
3223 4100 3321 4171 τῆς
3361 4099 3563 4171 σαρκὸς
3591 4099 3694 4153 αὖ·

2122 4197 2218 4252 τοῦ
2251 4196 2350 4268 τὴν
2399 4193 2703 4266 νεκροῦσαν
2735 4194 2829 4248 τὸν
2862 4193 3026 4265 νόμον
3062 4192 3164 4263 τῆς
3195 4189 3461 4262 ἁμαρτίας
3489 4191 3698 4262 ἓγκρά-

2125 4305 2298 4352 τειαν,
2330 4285 2604 4358 δαμάσσει
2631 4284 2695 4339 οὐ
2727 4284 2886 4356 μόνον
2902 4283 2973 4338 τὰ
2995 4283 3384 4354 ἑμφωλεύοντα
3397 4282 3537 4354 αὐτῇ
3561 4282 3696 4337 άκάο

443 4383 705 4429 auctores
738 4388 803 4428 ac
843 4373 1160 4430 incentores
1191 4371 1564 4443 nequissimos
1609 4371 1885 4428 daemones
1919 4373 2020 4438 de:

2126 4378 2302 4450 θαρτα
2334 4375 2505 4448 πάθη,
2535 4375 2672 4430 άλλά
2701 4375 2795 4429 καὶ
2830 4376 2956 4439 τοὺς
2986 4374 3348 4446 ἐνεργοῦντας
3375 4372 3552 4430 ταῦτα
3599 4389 3696 4428 πο·

442 4464 738 4521 struxerit.

516 4577 681 4633 Vens.
711 4578 798 4632 η.
857 4576 988 4644 Qui:
1037 4577 1258 4632 deducet
1302 4593 1388 4632 me
1445 4577 1501 4631 in
1558 4577 1824 4631 ciuitatem
1879 4590 2022 4645 prte-

439 4669 610 4724 cili?

515 4801 761 4860 Praesidii
789 4802 1004 4869 civitas,
1025 4801 1212 4858 Graece
1239 4801 1522 4874 περιοχῆς,
1548 4817 1612 4858 ac
1635 4802 1682 4857 si
1707 4801 1869 4874 3&2
1899 4819 2021 4856 am-

436 4893 583 4952 bitus
621 4892 774 4949 dicas
829 4893 1089 4962 valloque
1138 4892 1443 4957 munitam,
1501 4890 1772 4961 sapientia
1821 4899 1907 4944 est
1953 4906 2020 4945 ex

441 4985 637 5042 multis
698 4983 901 5039 divinis
938 4991 1104 5054 atque
1157 4982 1407 5054 mysticis
1455 4979 2022 5051 contemplationibus

437 5077 696 5142 collecta,
732 5073 1134 5130 circumuallata
1164 5089 1228 5129 ac
1255 5074 1486 5143 undique
1526 5073 1754 5136 munita,
1792 5078 1856 5124 ut
1881 5069 2022 5124 alius

437 5167 571 5238 quis
600 5167 962 5236 interpretum
986 5163 1180 5237 (Sym.,
1203 5163 1419 5234 Theod.)
1446 5163 1709 5227 reddidit,
1746 5162 2018 5217 virtutum

440 5255 854 5316 munitionibus
884 5271 950 5311 ac
974 5253 1269 5326 praesidiis.

513 5350 625 5404 Aut
663 5364 858 5403 rursus
885 5346 1083 5404 civitas
1103 5345 1343 5416 praesidii
1373 5355 1478 5410 est,
1506 5352 1684 5400 status
1715 5345 2018 5416 ejusmodi,

440 5451 557 5509 quo
583 5437 670 5492 vir
705 5451 839 5493 vere
864 5437 990 5507 pius
1017 5451 1083 5490 ac
1123 5435 1434 5506 religiosus,
1483 5433 1928 5504 inexpugnabilis
1956 5448 2021 5489 ac

515 5615 587 5687 (It)
611 5615 952 5683 Αιματὼδης
993 5615 1350 5687 πηλός-σιμ,
1393 5611 1597 5687 rubere,
1639 5611 2016 5687 rubrnmesse,

446 5679 620 5752 ruber,
669 5679 818 5741 homo
843 5726 858 5751 ,
896 5679 1039 5741 terra
1064 5679 1215 5740 rubri
1252 5698 1349 5740 seu
1382 5680 1658 5754 argillacei
1697 5679 1910 5747 coloris,
1950 5695 2016 5736 ex

2123 4470 2322 4542 νηροὺς
2343 4469 2683 4540 καταργήσει
2712 4467 2990 4540 δαίμονας.

2339 4584 2435 4648 Τίς
2461 4581 2680 4646 ἀπάξει
2705 4597 2783 4650 με
2811 4583 2899 4640 εις
2939 4581 3122 4635 πόλιν
3161 4579 3478 4651 περιοχῆς

2195 4781 2357 4844 Πόλις
2387 4779 2506 4833 ἐστὶ
2538 4780 2821 4851 περιοχῆς,
2851 4781 2885 4851 ἡ
2915 4780 2978 4832 ὲκ
3003 4777 3220 4832 πολλῶν
3255 4777 3694 4848 συνηθροισμινη

2122 4873 2282 4928 θείων
2313 4873 2408 4926 καὶ
2438 4872 2716 4943 μυστικῶν
2751 4872 3122 4943 θεωρημάτων
3154 4869 3314 4939 σοφία
3352 4869 3694 4938 περιεχομ-

2120 4982 2222 5033 νη,
2249 4965 2416 5037 ῆγουν
2451 4962 2995 5032 περιπεφραγμένοι,
3025 4959 3213 5026 καθὼς
3236 4961 3428 5033 ἕτερος
3451 4962 3561 5032 εφη
3584 4959 3692 5015 τῶν

2121 5057 2376 5121 ὲκδοτῶν,
2404 5056 2522 5120 τοῖς
2544 5055 2656 5110 τῶν
2687 5053 2898 5127 ἀρετῶν
2917 5052 3292 5126 ὀχυρώμασιν.

2193 5339 2267 5391 Ἦ
2325 5339 2488 5392 πάλιν
2538 5336 2694 5400 πόλις
2749 5335 2871 5389 ἐστὶ
2917 5333 3218 5404 περιοχῆς,
3264 5332 3300 5404 ἠ
3333 5329 3679 5390 κατάστασις,

2119 5429 2242 5483 καθ’
2276 5429 2344 5499 ἣν
2385 5427 2654 5490 ἀνάλωτος
2695 5425 2790 5480 καὶ
2835 5421 3288 5493 άπροσπέλαστος
3330 5419 3538 5490 γίνεται
3573 5417 3684 5478 τοῖς

2119 5622 2226 5733 qua
2251 5615 2530 5730 etlnomen
2557 5602 2770 5661 homini
2796 5603 3056 5669 inditum,
3096 5602 3245 5672 quod
3267 5602 3336 5660 de
3366 5602 3460 5658 illa
3485 5598 3693 5657 forma-

2143 5694 2210 5733 ns
2249 5693 2293 5731 s:
2325 5718 2340 5731 .

2143 5694 2210 5734 IIS
2249 5693 2340 5731 Sll.
