4036 6210
374 307 478 375 869

1470 289 1877 353 EXPOSITIO
1914 289 1998 349 ΙΝ
2038 285 2404 350 PSALMUM
2443 284 2604 349 LIX.

3552 277 3661 348 870

356 415 679 489 πολεμίοις,
712 409 801 464 διὰ
852 407 953 481 τὴν
1013 402 1362 476 φρουροῦσαν
1410 400 1578 454 αὐτὸν
1629 398 1739 452 τῶν
1786 396 1963 465 ἁγίων

2098 409 2391 450 naceessus
2431 391 2690 447 hostibus
2713 389 2972 455 eiiicitur,
3020 386 3169 460 quod
3198 394 3515 442 sanctarum
3542 386 3660 444 Po-

372 511 672 580 Δονάμεων
728 498 1040 576 περιϐολὴν,
1067 498 1096 552 ὅ
1152 512 1216 565 γε
1266 492 1484 564 αληθῶς
1542 489 1803 561 θεοσεϐὴς
1865 489 1963 543 καὶ⁵

375 601 644 675 φιλόθεος.

454 696 526 747 Ἦ
546 691 714 746 πάλιν
743 686 900 750 πόλις
949 683 1068 738 ἐστὶ
1122 679 1405 752 περιοχῆς,
1438 678 1472 747 ἡ
1505 674 1651 746 λόγῳ
1703 673 1798 728 καὶ
1862 670 1964 742 βίῳ

379 782 755 855 τετειχισμένη
821 776 993 848 ψυχὴ,
1025 774 1121 828 καὶ
1169 772 1376 834 πάσαις
1429 770 1552 831 ταῖς
1603 766 1713 819 τῶν
1754 761 1964 835 ἀρετῶν

378 875 663 947 πλήθουσα
690 874 931 942 χάρισιν.

458 945 531 1020 ’Ἦ
564 964 729 1019 πάλιν
760 961 915 1022 πόλις
940 956 1061 1012 ἐστὶ
1085 954 1363 1026 περιοχῆς,
1401 953 1435 1023 ἡ
1472 950 1568 1021 τῆς
1604 946 1842 1019 ἀληθοῦς
1869 945 1966 998 καὶ

381 1057 679 1111 ἁπταίστου
724 1051 981 1121 γνώσεως
1030 1048 1166 1115 ἕξις,
1200 1048 1235 1116 ἡ
1272 1048 1336 1099 ἐκ
1388 1040 1602 1097 πάντων
1656 1037 1862 1111 ηθικῶν
1906 1053 1967 1089 τε

380 1149 478 1202 καὶ
504 1144 754 1216 φυσικῶν
802 1143 900 1197 καὶ
934 1138 1267 1207 θεολογικιῖη
1298 1137 1672 1206 θεωρημάτων
1716 1147 1969 1203 περιεχο-

384 1241 522 1312 μένη
558 1255 575 1270 '
603 1240 685 1302 είς
732 1238 801 1308 ἢν
831 1234 1107 1303 enarratur.
1159 1232 1269 1294 πᾶς
1338 1228 1594 1297 εὐσεϐὴς,
1646 1226 1739 1278 ὑπ’
1798 1223 1965 1277 ἄλλου

390 1333 489 1403 μὲν
525 1330 764 1393 οὐδενὸς,
794 1326 901 1380 ὑπὸ
960 1326 1126 1397 μόνου
1150 1323 1210 1379 δὲ
1256 1320 1355 1376 τοῦ
1414 1319 1551 1373 Θεοῦ
1600 1316 1697 1370 τοῦ
1761 1315 1970 1376 πάντας

384 1425 527 1494 ’πρὸς
569 1421 764 1476 ἐαυτὸν
806 1419 1060 1481 ῑλκοντος
1110 1417 1184 1470 δι’
1214 1414 1422 1483 ἄφατον
1471 1409 1809 1479 ἀγαθὸτητος
1867 1405 1971 1475 μέ-

385 1518 569 1588 γεθος.

534 1609 614 1662 Ἦ
637 1607 731 1673 τίς
762 1601 1055 1673 ὁδηγήσει
1089 1617 1166 1670 με
1195 1599 1307 1665 ἕως
1324 1597 1435 1664 τῆς
1471 1592 1826 1663 Ἰδουμαίας.

474 1697 775 1769 Ἰδουμαία,
817 1695 1003 1757 καθὼς
1036 1692 1208 1757 ἔδειξε
1236 1688 1525 1761 προλαδὼν
1554 1689 1586 1739 6
1610 1684 1795 1752 λόγος,
1826 1680 1973 1735 ἐστὶν

2077 492 2337 541 testatum
2368 481 2628 553 praasidio
2656 481 2895 535 vallante
2928 478 3236 535 muniatur.

2140 666 2255 722 Aut
2302 680 2495 721 rursus
2535 664 2734 720 civitas
2764 661 3008 734 praesidii
3057 660 3242 716 anima
3271 666 3377 721 est,
3415 671 3538 727 quae
3570 671 3663 712 ra-

2076 757 2225 812 tione
2249 771 2312 811 ac
2334 757 2447 810 vita
2474 754 2690 811 munita
2721 764 2826 820 est,
2856 751 3224 828 omnibusque
3244 748 3518 803 virtutum
3541 762 3666 818 gra-

2077 849 2169 904 tiis
2202 847 2468 901 abundat.

2146 940 2480 994 Antrursus
2521 937 2720 991 civitas
2764 942 2853 989 est
2903 932 3167 1004 praesidii,
3203 946 3350 986 vera:
3394 940 3669 1000 certaeque

2070 1032 2326 1087 scientiae
2352 1030 2604 1095 habitus,
2633 1044 2798 1099 quem
2852 1027 3082 1082 moralia
3112 1025 3317 1088 omnia,
3362 1024 3667 1080 naturalia-

2070 1138 2185 1193 que
2214 1138 2287 1177 ac
2333 1122 2651 1193 theologica
2675 1120 2837 1181 scita.
2864 1134 2969 1175 ceu
3014 1116 3273 1188 praesidio
3319 1116 3525 1171 vallcnt
3551 1133 3564 1169 :
3596 1115 3667 1170 ad

2075 1230 2241 1285 quam
2285 1213 2585 1269 deducitur
2627 1211 2880 1282 quisquis
2920 1219 3007 1264 est
3037 1208 3259 1281 pietatis
3302 1208 3519 1272 cultor;
3556 1221 3665 1261 non

2076 1306 2184 1359 alio
2215 1305 2468 1369 ductore,
2505 1320 2672 1375 quam
2697 1304 2817 1359 solo
2847 1303 2979 1367 Deo,
2997 1301 3091 1372 qui
3120 1316 3232 1371 prae
3261 1301 3545 1355 immensa:
3570 1298 3671 1353 bo-

2076 1398 2269 1454 nitatis
2286 1394 2693 1469 magnitudine,
2725 1395 2792 1451 ad
2823 1410 2883 1450 se
2916 1394 3207 1448 universos
3236 1391 3431 1446 trahit.

2150 1579 2394 1650 Autquis
2435 1579 2653 1632 deducet
2688 1593 2769 1631 me
2790 1593 2954 1647 usque
2979 1576 3033 1629 in
3063 1573 3407 1630 Idumwam?

2152 1671 2413 1735 ldumaea,
2444 1671 2526 1724 uti
2559 1671 2724 1740 paulo
2755 1677 2883 1723 ante
2906 1667 3205 1723 declaravit
3239 1666 3440 1729 oratio,
3491 1664 3671 1719 omnis

391 1795 426 1863 ἠ
460 1793 679 1847 πάντων
704 1789 815 1843 τῶν
845 1788 953 1841 ὑπο
992 1785 1249 1855 αἴσθησιν
1294 1780 1615 1851 κτισμάτων
1666 1778 1932 1836 σὺστασις
1956 1789 1971 1805 ·

2100 1764 2171 1818 lla
2206 1772 2292 1817 est
2320 1777 2510 1816 rerum
2545 1759 2603 1813 in
2624 1774 2847 1814 sensum
2881 1756 3201 1811 cadentium
3238 1754 3548 1824 complexio
3596 1769 3665 1809 ac

388 1885 524 1956 περὶ
553 1884 620 1953 ἢν
651 1883 685 1953 ἡ
711 1881 770 1933 ἐν
798 1879 1075 1948 πνεύματι
1110 1874 1316 1945 φυσικὴ
1356 1872 1564 1943 θεωρία
1620 1867 1974 1924 συνίστασθαι

387 1977 605 2045 πέφυκε
648 1989 661 2000 ·
693 1971 816 2025 καθ’
844 1971 910 2042 ἢν
944 1971 1008 2022 ἐκ
1029 1965 1298 2033 καλλονῆς
1316 1966 1415 2018 καὶ
1446 1960 1711 2033 μεγέθους
1739 1956 1975 2027 κτισμά-

388 2084 504 2121 των
530 2063 812 2131 ἀναλόγως
844 2062 872 2114 6
897 2057 1279 2129 γενεσιουργδς
1298 2055 1377 2125 τῷ
1426 2052 1671 2115 εὐσεϐῶς
1719 2049 1979 2117 ἀναλεγο-

390 2160 544 2231 μένιρ
581 2156 680 2229 τὴν
717 2155 826 2209 τῶν
855 2152 1025 2207 ὅντων
1049 2149 1253 2221 γνῶσιν
1278 2148 1590 2219 θεωρεῖται.

475 2340 549 2392 Ἦ
578 2336 829 2408 τυχὸν,ἥ
883 2333 1006 2389 κατ’
1054 2328 1266 2402 ἀρετὴν
1301 2326 1583 2398 πρακτικὴ
1629 2321 1724 2376 διὰ
1775 2320 1980 2392 σαρκὸς

400 2614 734 2685 δομούμενον
768 2609 1022 2664 κάλλεσιν
1058 2624 1073 2638 ·
1110 2607 1190 2668 εἰς
1220 2606 1286 2675 ῆν
1315 2604 1343 2656 6
1383 2600 1546 2663 αὐτὸς
1582 2598 1744 2653 πάλιν
1790 2596 1981 2666 ὁδηγεῖ

408 2703 638 2775 Κύριος,
706 2699 1065 2772 χαριζόμενος
1116 2698 1231 2759 τοῖς
1282 2693 1570 2762 ἀγαπῶσιν
1651 2689 1815 2743 αὐτὸν
1885 2687 1983 2740 καὶ

399 2797 509 2849 τῶν
556 2794 849 2866 ὁρωμένων
909 2791 1007 2861 τὴν
1060 2788 1393 2856 ἐπιστήμην,
1426 2782 1523 2837 καλ⁸
1551 2781 1820 2835 διδάσκων
1869 2778 1981 2832 τῶν

405 2890 587 2963 μελῶν
621 2889 721 2958 τῆς
753 2887 948 2956 γηῖνης
968 2882 1171 2952 ταύτης
1201 2880 1296 2934 καὶ
1316 2877 1585 2946 ἐπικὴρου
1642 2871 1843 2943 σαρκὸς
1886 2871 1985 2941 τὴν

402 2983 695 3053 νέκρωσιν.

489 3075 580 3138 Ἢ,
632 3066 977 3125 ἵνα’συνελὼν
997 3067 1157 3129 εἴπω,
1189 3063 1343 3125 πόλις
1376 3060 1500 3113 ἐστὶ
1525 3057 1786 3129 περιοχῆς
1812 3058 1844 3128 ἡ
1877 3055 1985 3109 τῶν

388 3166 616 3236 »νοητῶν
649 3161 926 3233 γνωστικὴ
975 3157 1200 3229 θεωρία.
1242 3150 1519 3223 Ἰδουμαία
1554 3149 1689 3221 δέ,ή
1737 3149 1847 3202 τῶν
1897 3148 1985 3203 αὶ-

402 3258 624 3329 σθητῶν
679 3254 957 3324 ἐπιστήμη
986 3268 1003 3286 ·
1038 3253 1117 3313 εἰς
1156 3249 1225 3311 ἃς
1276 3245 1482 3313 ἀπάγει
1528 3259 1588 3296 τε
1619 3243 1715 3296 καὶ
1744 3240 1987 3311 ὁδηγεῖν]

412 3350 550 3422 μόνη
578 3347 673 3402 τοῦ
697 3346 831 3401 Θεοῦ
859 3347 955 3398 καὶ
997 3342 1203 3413 πατρὸς
1244 3338 1426 3407 σοφία,
1451 3336 1481 3387 6
1511 3334 1805 3407 μονογενὴς
1839 3331 1984 3396 me.

412 3441 505 3494 Διὸ
540 3440 762 3510 ἐπάγων
788 3438 816 3491 6
847 3434 1163 3507 Προφήτης,
1188 3430 1357 3501 φησίν
1382 3445 1399 3460 ·

560 3616 706 3688 οὐχ)
741 3616 823 3670 σὺ
864 3618 897 3669 ό
938 3612 1081 3679 Θεὸς
1121 3614 1153 3665 ὁ
1202 3610 1597 3680 ἀπωσάμενος
1626 3604 1828 3677 mlite;

489 3709 800 3772 Τουτέστιν,
833 3708 913 3760 ὅτι
963 3706 1036 3758 Σὺ
1078 3704 1107 3757 6
1154 3702 1285 3766 Θεὸς
1320 3704 1349 3756 6
1386 3701 1503 3755 κατ’
1549 3698 1722 3770 ἀρχὰς
1754 3693 1841 3749 διὰ
1896 3691 1994 3763 τὴν

2077 1853 2391 1925 congeries,
2428 1852 2576 1905 circa
2611 1865 2776 1919 quam
2806 1856 3062 1904 versatur
3081 1846 3351 1901 naturalis
3385 1845 3440 1899 in
3468 1844 3669 1914 Spiritu

2074 1944 2649 2015 contemplatio;qua,
2679 1957 2747 1996 ex
2773 1938 3190 2011 pulchritudine
3213 1946 3267 1993 et
3293 1937 3673 2009 magnitudine

2080 2052 2271 2094 rerum
2316 2033 2668 2098 creatarum',
2715 2049 2816 2103 per
2854 2032 3271 2103 proportionem
3312 2046 3504 2085 earum
3549 2030 3668 2099 ipse

2078 2129 2347 2186 Conditor
2405 2127 2475 2181 ab
2526 2142 2594 2181 eo
2650 2124 2996 2195 conspicitur
3026 2124 3045 2154 ⁷
3074 2163 3089 2189 ,
3147 2122 3243 2193 qui
3292 2121 3537 2191 ipsarum
3584 2120 3676 2190 pie

2074 2219 2377 2277 scientiam
2417 2218 2661 2286 colligat.

2150 2311 2261 2366 Aut
2290 2309 2431 2364 forte
2467 2306 2841 2377 philosophia,
2870 2320 2971 2376 per
3006 2321 3229 2360 carnem
3266 2303 3502 2359 actionis
3544 2301 3674 2356 fun-

2078 2398 2268 2452 ctione
2294 2395 2557 2450 virtutem
2591 2395 2816 2460 colens;
2848 2410 2956 2463 qua
2988 2409 3191 2463 corpus
3212 2402 3464 2448 nostrum
3496 2390 3677 2461 Spiri-

2085 2496 2176 2543 tus
2194 2488 2371 2544 sancti
2403 2486 2669 2555 templum
2703 2485 2986 2550 eﬂ‘cctum,
3021 2486 3407 2539 mandatorum
3440 2484 3675 2554 pulchre

2083 2580 2424 2637 ornamentis
2458 2578 2868 2633 coaedilicatur:
2902 2577 2969 2631 ad
2998 2593 3163 2646 quam
3190 2577 3457 2631 Dominus
3483 2590 3679 2631 rursus

2085 2672 2336 2736 deducit,
2386 2669 2481 2740 qui
2512 2669 2874 2739 diligentibus
2911 2669 3113 2738 ipsum,
3151 2655 3317 2723 etiam
3375 2683 3564 2722 rerum
3618 2666 3677 2722 in

2085 2771 2371 2833 aspectum
2393 2760 2709 2816 cadentium
2741 2760 3024 2814 scientiam
3044 2759 3345 2829 largiatur;
3373 2758 3679 2828 doceatque

2088 2865 2324 2911 terrena:
2354 2854 2520 2925 hujus
2542 2869 2606 2908 ac
2640 2853 2890 2907 mortalis
2920 2851 3101 2906 carnis
3124 2850 3498 2906 membrorum
3533 2864 3681 2904 mor-

2089 2946 2473 3003 tiﬁcationem.
3424 2928 3427 2929 ⁷

2159 3041 2309 3104 Sive,
2334 3047 2397 3093 ut
2422 3038 2615 3109 paucis
2638 3036 2947 3107 expediam,
2968 3037 3164 3092 civitas
3186 3037 3427 3107 praesidii
3460 3053 3526 3093 ac
3551 3052 3679 3092 mu-

2094 3132 2401 3189 nitionibus
2425 3131 2628 3193 cincta,
2670 3129 2827 3183 docta
2856 3136 2942 3183 est
2972 3145 3159 3184 rerum
3185 3129 3514 3201 spiritalium
3544 3143 3680 3183 con-

2097 3226 2403 3298 templatio.
2426 3224 2665 3280 ldumzea
2699 3237 2856 3286 vero,
2886 3237 3101 3287 eorum,
3160 3238 3281 3292 qum
3311 3238 3473 3276 sensu
3496 3220 3679 3292 perci-

2091 3320 2347 3389 piuntur,
2368 3315 2635 3381 scientia;
2672 3315 2741 3370 ad
2774 3330 2912 3384 quas
2956 3313 3182 3368 deducit
3209 3313 3533 3383 dirigitque,
3575 3311 3673 3382 qui

2095 3411 2211 3466 sola
2270 3409 2368 3465 Dei
2421 3407 2686 3477 sapientia
2724 3406 2776 3469 ³,
2825 3405 3142 3476 unigenitus
3206 3404 3380 3461 Filius
3441 3405 3678 3460 exsistit.

2096 3501 2466 3569 Quamobrem
2500 3498 2744 3553 subdens
2761 3497 3059 3566 Propheta,
3093 3497 3213 3551 ait:

2167 3594 2333 3648 Vsus.
2380 3590 2464 3643 12.
2492 3590 2682 3643 Nonne
2713 3596 2791 3652 tu,
2841 3587 2999 3651 Deus,
3025 3587 3116 3656 qui
3142 3587 3384 3658 repuliin
3410 3587 3543 3641 nos?

2171 3684 2289 3738 Hoc
2317 3690 2425 3745 est,
2450 3690 2512 3734 tu
2530 3680 2700 3743 Deus,
2846 3693 2882 3730 a
3224 3687 3457 3746 propter
3485 3691 3683 3745 pecca—

422 3801 698 3872 ἁμαρτίαν
742 3766 1104 3865 ἁπωσάμενος
1150 3795 1300 3866 ἡμᾶς
1331 3808 1347 3823 ο
1379 3791 1542 3853 αὐτὸς
1710 3786 1984 3854 σπλάγχνα

2102 3784 2216 3831 tum
2229 3787 2332 3828 nos
2361 3769 2630 3840 repulisti,
2660 3767 2777 3835 ipse
2803 3776 3028 3835 propter
3055 3766 3266 3820 viscera
3290 3766 3687 3821 misericordia

422 3893 607 3956 ἐλέους
635 3908 728 3944 σου
756 3889 1126 3959 οἱκτειρήσας,
1154 3885 1393 3949 ἀπάγεις
1418 3884 1505 3944 εἰς
1530 3881 1684 3934 πόλιν
1710 3876 1994 3949 περιοχῆς,

421 3986 520 4040 καὶ
548 3983 765 4053 ὁδηγεῖς
788 3980 895 4044 ἕως
914 3978 1014 4049 τῆς
1059 3974 1383 4047 Ἰδουμαίας,
1412 3972 1551 4029 κατὰ
1574 3972 1676 4043 τὴν
1698 3968 1999 4042 προαποδε-

422 4074 654 4147 δομένην
685 4071 968 4143 ἐξήγησινο

425 4271 534 4328 Kal
562 4272 674 4325 οὐκ
710 4265 1029 4333 ἐξελεύσῃ,
1070 4265 1102 4317 ὁ
1163 4260 1329 4328 Θεὸς,
1372 4260 1442 4314 ἐν
1488 4258 1618 4323 ταῖς
1668 4254 2004 4326 δυνάμεσιν

1122 4353 1307 4423 ἡμῶν.

2098 3875 2214 3922 tua
2236 3863 2526 3925 misertus,
2561 3856 2804 3913 deduce:
2855 3871 2963 3912 nos
2996 3858 3051 3911 in
3107 3857 3389 3911 civitatem
3441 3857 3687 3927 praesidii

2102 3954 2265 4028 3&3
2313 3961 2478 4023 atque
2531 3950 2841 4013 munitam;
2882 3950 3191 4018 ductorque
3239 3949 3351 4003 eris
3393 3963 3570 4019 usque
3627 3950 3686 4003 in

2101 4050 2426 4112 Idumam,
2452 4045 2611 4117 juxta
2644 4040 3045 4112 expositionem
3080 4040 3135 4095 in
3157 4041 3541 4110 superioribus
3571 4049 3687 4095 tra-
3716 4050 3720 4053 '

2105 4141 2297 4197 ditam.

2178 4266 2250 4323 Et
2273 4282 2377 4320 non
2404 4260 2711 4335 egredieris,
2737 4256 2902 4327 Deus,
2934 4260 2990 4312 in
3022 4256 3332 4311 exercitibus
3370 4258 3582 4310 nostris.

498 4454 573 4508 Οὐ
608 4452 719 4523 γὰρ
753 4449 1088 4517 ἐξελεύσεται
1111 4446 1139 4498 6
1162 4444 1294 4506 Θεὸς
1328 4445 1387 4495 ἐν
1426 4440 1509 4511 τῷ
1541 4440 1632 4509 ἐφ’
1666 4437 1847 4508 ἐαυτῷ
1870 4436 1982 4511 θαρ

2175 4434 2468 4493 Nonenim
2496 4432 2644 4489 Deus
2665 4448 2792 4488 cum
2819 4432 2914 4487 illo
2946 4431 3401 4502 egredietur,qu
3435 4431 3489 4484 in
3511 4430 3694 4501 seipse

431 4545 639 4618 ῥοῦντι,
700 4543 794 4596 καλ⁸
841 4541 933 4593 ἐπὶ
969 4538 1046 4610 τῷ
1074 4537 1211 4606 τόξῳ
1238 4534 1534 4598 ἐλπίζοντι,
1562 4531 1704 4584 κατὰ
1741 4530 1838 4599 τὴν
1882 4532 1984 4599 ρομ

2107 4529 2360 4592 conlidit,
2395 4533 2689 4596 speratque
2721 4525 2777 4578 in
2812 4540 2943 4579 arcu
2968 4540 3091 4587 suo,
3138 4539 3202 4578 ac
3240 4525 3335 4592 qui
3379 4523 3561 4594 gladio
3593 4538 3698 4579 suo

430 4614 599 4705 ιραίαν
629 4629 1052 4702 ἐπιγραφομένῳ
1092 4625 1283 4680 ἑαυτοῦ
1309 4626 1592 4693 σωτήριον.
1633 4620 1773 4674 Ἀλλ’
1806 4622 1863 4672 ἐν
1894 4622 1984 4672 τοῖς

2108 4621 2343 4675 salutem
2387 4617 2619 4672 ascribit
2653 4634 2667 4672 :
2708 4617 2803 4672 sed
2828 4632 2953 4671 cum
2984 4616 3074 4681 iis,
3105 4615 3199 4685 qui
3231 4616 3284 4668 in
3309 4615 3428 4684 ipso
3460 4614 3697 4669 Domine

429 4728 487 4779 ἐν
511 4725 660 4796 αὐτῷ
692 4724 771 4794 τῷ
792 4722 909 4792 Θεῴ
936 4718 1251 4791 κερατιοῦσι
1284 4717 1410 4779 τοὺς
1445 4714 1693 4785 ἐχθροὺς,
1720 4711 1813 4765 καὶ
1841 4711 1900 4764 ἐν
1928 4710 2007 4778 τῷ

431 4818 655 4889 ὀνόματι
701 4814 864 4869 αὐτοῦ
898 4809 1232 4879 ἐξουδενοῦσι
1263 4808 1386 4871 τοὺς
1428 4803 1888 4875 ἐπανισταμένους
1912 4802 2009 4855 αὐ-

2106 4711 2366 4767 ininices
2416 4707 2763 4764 ventilabtmt
2803 4723 2973 4761 cornu
3000 4747 3015 4772 ,
3071 4716 3128 4761 et
3171 4707 3226 4759 in
3270 4706 3390 4774 ejus
3446 4705 3677 4760 nomine

2104 4811 2377 4873 Sper-neunt
2413 4803 2759 4872 insurgentes
2798 4801 2852 4854 in
2885 4801 3035 4868 ipsos
3063 4800 3106 4864 ’,
3133 4798 3332 4852 merito
3366 4797 3512 4851 Deus
3532 4811 3693 4865 egre»

428 4887 562 4972 τοῖς,
605 4904 831 4965 εἰκότως
857 4903 885 4955 6
915 4901 1047 4964 Θεὸς
1080 4897 1420 4966 ἐξελεύσεται
1455 4897 1591 4966 πρὸς
1616 4893 1707 4947 τὸν
1735 4892 1877 4947 κατὰ
1897 4890 1984 4945 τῶ·

2110 4895 2316 4959 dietur,
2342 4893 2408 4948 ad
2444 4892 2840 4949 conferendum
2872 4890 3139 4959 adversus
3164 4888 3474 4942 invisibiles
3502 4887 3698 4941 hostes

430 4998 681 5069 ἀοράτων
706 4993 914 5067 ἐχθρῶν
944 4993 1201 5061 πόλεμον.

432 5093 545 5157 Δὸς
580 5088 723 5159 ἡμῖν
752 5085 1043 5155 ,βοήθειαν
1074 5084 1145 5136 ἐκ
1180 5082 1461 5149 θλίψεως,
1495 5078 1591 5132 καὶ
1644 5077 1867 5147 ματαία
1895 5092 2011 5131 σω-

961 5176 1133 5244 τηρία
1149 5171 1483 5243 ἀνθρώπου.

507 5270 786 5335 Εὕιιτικῶς
813 5270 990 5324 δέεται
1016 5266 1111 5321 τοῦ
1144 5266 1280 5319 Θεοῦ
1312 5265 1407 5318 καὶ
1428 5264 1680 5335 Σωτῆρος
1730 5264 1793 5317 ἐκ
1842 5278 2015 5331 προσ-

2108 4987 2392 5041 brmlium.

2152 5001 2392 5041 ramum.

2110 5001 2146 5057 Ρ
2185 5077 2346 5132 Vens.
2383 5075 2470 5129 15.
2505 5075 2589 5129 Da
2620 5074 2767 5128 nobis
2829 5072 3093 5128 auxilium
3124 5072 3187 5125 de
3222 5070 3599 5137 tribulatione;
3648 5079 3700 5128 et

2106 5186 2250 5225 uana
2284 5167 2430 5223 salus
2452 5168 2702 5235 lminis,

2192 5262 2477 5315 Precantts
2504 5275 2657 5313 more
2698 5258 2873 5311 Deum
2905 5272 2970 5311 ac
2998 5255 3340 5311 Salvatorcm
3380 5252 3699 5311 communis

432 5366 584 5420 ὡπου
633 5366 733 5435 τῆς
767 5362 955 5433 κοινῆς
1006 5359 1221 5430 φύσεως
1240 5360 1268 5410 6
1298 5358 1611 5428 Προφήτης,
1640 5354 1862 5425 δοθῆναι
1886 5356 1984 5425 luti

2121 5353 2340 5424 generis
2370 5351 2594 5406 nomine
2624 5358 2777 5419 rogat
2802 5349 3095 5418 Propheta,
3131 5358 3193 5403 ut
3221 5348 3382 5403 detur
3413 5346 3573 5402 nobis
3598 5361 3702 5398 au-c

434 5457 691 5530 βοήθειαν
745 5457 809 5508 ἐκ
861 5455 962 5524 τῆς
1003 5451 1236 5521 θλίψεως
1265 5466 1279 5479 ο
1310 5448 1510 5520 δηλαδὴ
1548 5447 1649 5517 τῆς
1679 5446 2017 5499 κατασκεδα-

2122 5442 2317 5496 xilium
2345 5442 2411 5496 de
2443 5439 2829 5503 tribulatione;
2852 5453 2976 5507 quae
2997 5438 3207 5492 scilicet
3236 5445 3468 5507 propter
3494 5449 3699 5504 peccan

436 5525 659 5617 σθείσης
689 5547 789 5618 τῆς
830 5546 1043 5616 φύσεως
1087 5542 1178 5595 διὰ
1216 5541 1317 5613 τὴν
1356 5537 1652 5609 ἁμαρτίαν,
1712 5535 1806 5589 καὶ
1854 5534 1984 5605 μέχρ

2124 5540 2239 5587 tum
2271 5532 2325 5586 in
2366 5539 2620 5586 naturam
2676 5529 2783 5584 late
2826 5528 3002 5584 ellusa
3031 5537 3138 5595 est,
3174 5536 3339 5601 atque
3371 5527 3440 5582 ad
3492 5525 3702 5586 inferni

515 5718 535 5749 "
578 5714 706 5783 Sap.
737 5726 852 5775 nn,
884 5710 937 5765 5.
1014 5704 1250 5783 εξΙϐοτ.
1284 5720 1325 5773 ι,
1369 5703 1463 5758 24.

1536 5703 1558 5733 ⁸
1592 5701 1737 5757 Psal.
1769 5706 1918 5764 xt‘tn,
1942 5699 2003 5765 ὓ,
2039 5700 2089 5754 7.
