4134 6192
445 277 547 340 871

1599 279 1663 340 S.
1703 279 1989 340 MAXIMI
2027 281 2533 346 CONFESSORIS

3591 279 3700 343 872

436 405 620 458 usque
651 397 838 458 portas
871 404 990 444 eam
1026 387 1248 457 premit.
1277 388 1375 443 Est
1397 389 1568 452 enim,
1630 397 1690 443 ut
1733 391 2010 455 existimo,

2115 393 2224 447 τῶν
2270 392 2366 446 τοῦ
2417 393 2548 464 ᾅδου
2599 391 2783 448 πυλῶν
2827 389 2999 462 αὐτὴν
3044 388 3479 460 καταπιεσάσης.
3507 388 3698 460 Θλίψις

446 481 748 542 tribulatio,
770 479 963 532 mortis
995 479 1113 532 dira
1135 479 1240 543 vis,
1290 495 1354 533 ac
1387 479 1723 544 dominatio;
1749 481 2012 535 auxilium

441 587 598 633 vero,
635 569 789 624 ﬁrma
816 585 914 638 per
969 570 1201 639 gratiam
1270 571 1696 626 resurrectionis
1756 587 1882 641 spes
1912 589 1925 626 :
1957 572 2014 627 in

441 677 603 730 quam
627 659 955 729 aspicientes
1006 661 1080 730 pii
1121 661 1396 727 homines,
1445 664 1640 719 mortis
1665 664 2008 732 maestitiam,

440 755 589 807 nulla
623 751 846 805 tristitia
869 765 966 805 seu
1001 751 1189 807 dolore
1215 753 1452 817 subacti,
1475 753 1730 808 tolerant.

505 933 614 987 Aut
637 947 830 986 rursus
851 931 1138 986 tribulatio
1163 941 1280 998 est,
1307 933 1401 1001 qui
1429 932 1652 986 virtutis
1675 947 1840 987 causa
1860 931 2018 986 labor

438 1025 771 1095 suscipitur:
816 1026 1083 1080 auxilium
1109 1040 1264 1090 vero,
1284 1041 1406 1096 quae
1432 1041 1533 1096 per
1561 1026 1658 1081 Dei
1679 1025 1908 1096 gratiam
1936 1025 2015 1080 illi

437 1135 624 1176 comes
678 1127 784 1184 est,
832 1118 1292 1188 imperturbatio;
1337 1119 1426 1174 cui
1485 1127 1800 1188 comparata
1835 1117 2016 1173 omnis

438 1211 726 1265 hominum
755 1210 923 1274 salus,
957 1209 1172 1264 vanitas
1192 1217 1278 1264 est
1305 1225 1627 1279 merumque
1659 1209 1797 1264 nihil
1821 1216 1879 1264 et
1898 1223 2017 1264 ees-

439 1302 600 1357 satlo.
633 1300 690 1356 Id
711 1301 859 1354 enim
886 1300 1087 1370 merito
1106 1299 1403 1355 vanitatem
1436 1301 1729 1372 intelligas.

505 1393 666 1448 Vens.
705 1392 790 1446 M.
820 1391 883 1446 In
913 1391 1020 1445 Deo
1047 1391 1307 1460 faciamus
1361 1391 1641 1453 virtutem:
1676 1401 1726 1447 et
1774 1394 1888 1463 ipse
1944 1393 2014 1448 ad

436 1481 662 1537 nihilum
695 1481 912 1534 deducet
941 1480 1257 1536 tribulantes
1276 1500 1389 1537 nos.

504 1584 563 1638 In
589 1585 701 1638 Deo
741 1583 948 1638 faciunt
997 1586 1282 1648 virtutem,
1313 1585 1407 1655 qui
1461 1601 1570 1640 non
1612 1585 1715 1639 sibi
1755 1585 1887 1654 ipsis
1913 1585 2015 1638 tri-

436 1672 614 1728 buunt
637 1673 905 1728 virtutum
930 1673 1194 1738 facinora,
1215 1689 1393 1743 neque
1412 1689 1523 1728 suae
1543 1672 1826 1742 sapientia:
1847 1672 2017 1726 ascri-

2115 485 2246 556 γὰρ,
2271 487 2392 538 κατ’
2422 485 2524 555 ἐμὲ
2563 484 2747 554 φάναι,
2780 485 2814 555 ἡ
2849 482 2945 536 τοῦ
2978 481 3206 536 Θανάτου
3239 483 3334 535 καὶ
3360 479 3462 550 τῆς
3492 480 3700 551 φθορᾶς

2115 576 2232 628 ἐστι
2253 576 2509 646 τυραννὶς
2537 577 2632 629 καὶ
2651 575 2978 647 ἐπικράτεια
3005 589 3020 602 ³
3051 573 3270 644 βοήθεια
3306 572 3386 634 δὲ,
3427 574 3461 643 ἡ
3490 572 3579 625 διὰ
3599 577 3698 644 τῆς

2115 667 2334 737 χάριτος
2388 666 2582 737 βεϐαία
2632 667 2733 737 τῆς
2774 667 3124 728 ἀναστάσεως
3189 663 3344 726 ἐλπίς
3374 681 3388 694 ·
3445 663 3586 734 πρὸς
3628 663 3698 736 ἢν

2115 759 2429 828 ἀφορῶντες
2481 761 2531 812 οἱ
2577 759 2844 824 εὐσεϐεῖς,
2873 757 2972 827 τὴν
2998 755 3093 809 τοῦ
3131 755 3362 809 θανάτου
3392 757 3698 826 κατήφειαν

2114 849 2336 911 ἀλύπως
2366 849 2737 918 διαφέρουσιν.

2187 942 2260 994 Ἦ
2317 941 2480 995 πάλιν
2537 940 2720 1010 θλίψις
2778 939 2948 1005 ἐστὶν,
3008 940 3038 992 ὁ
3089 937 3230 1008 ὑπὲρ
3257 937 3459 1008 ἀρετῆς
3487 935 3650 998 πόνος
3678 951 3695 966 ο

2117 1031 2340 1104 βοήθεια
2392 1032 2471 1095 δὲ,
2525 1034 2560 1102 ὴ
2589 1031 2779 1085 τοῦτον
2815 1028 3170 1100 διαδεχομένη
3201 1028 3342 1082 κατὰ
3372 1025 3506 1080 Θεοῦ
3537 1026 3698 1096 χάριν

2115 1124 2393 1178 ἀπάθεια·
2435 1125 2572 1196 πρὸς
2611 1124 2679 1195 ἣν
2735 1125 2884 1177 πᾶσα
2935 1119 3338 1191 συγκρινομένη
3392 1118 3698 1190 ἀνθρώπιον

2117 1216 2378 1287 σωτηρία,
2437 1215 2736 1286 ματαιότης
2785 1215 2904 1268 ἐστὶ
2939 1214 3035 1267 καὶ
3063 1211 3332 1282 παντελὴς
3363 1208 3696 1280 ἀνυπαρξία.

2115 1305 2287 1360 Τοῦτο
2310 1306 2418 1378 γὰρ
2455 1306 2662 1360 δίκαιον
2692 1304 2932 1359 νοεῖσθαι
2957 1303 3056 1375 τὴν
3091 1302 3452 1374 ματαιότητα.

2127 1400 2230 1454 Ἑν
2257 1396 2336 1462 τῷ
2370 1395 2492 1462 Θεῷ
2515 1395 2851 1466 ποιήσομεν
2876 1394 3158 1464 δύναμιν,
3190 1393 3285 1447 καὶ
3312 1391 3497 1456 αὐτὸς
3528 1391 3696 1455 ἐξου-

2394 1487 2645 1541 δενώσει
2682 1487 2826 1552 τοὺς
2869 1486 3191 1550 θλίϐογτας
3234 1482 3413 1552 ἡμᾶς.

2196 1578 2284 1631 Ἐν
2313 1577 2392 1648 τῷ
2422 1576 2541 1648 Θεῷ
2573 1576 2786 1630 ποιοῦσι
2818 1576 3072 1646 δύναμιν,
3103 1575 3153 1628 οἱ
3194 1573 3270 1644 μὴ
3299 1573 3692 1644 ἐπιγράφοντες

2115 1671 2330 1732 ἑαυτοῖς
2365 1668 2475 1723 τῶν
2504 1669 2717 1741 ἀρετῶν
2749 1669 2820 1722 τὰ
2855 1666 3276 1739 κατορθώματα,
3309 1665 3443 1736 μηδὲ
3468 1668 3534 1735 τῇ
3564 1666 3692 1717 ἑαυ-

433 1763 593 1829 bunt,
651 1765 797 1834 quod
855 1764 1040 1819 divina
1092 1765 1350 1835 mysteria
1393 1762 1899 1833 comprehendunt;
1951 1760 2009 1816 in

2119 1761 2226 1814 τῶν
2255 1761 2416 1832 σοφίᾳ
2448 1761 2548 1831 τὴν
2597 1761 2704 1814 τῶν
2763 1760 2923 1813 θείων
2981 1758 3297 1829 μυστηρίων
3345 1756 3647 1826 κατάληψιν
3672 1772 3688 1787 ο

435 1856 640 1926 quibus
689 1856 1162 1926 singularissimus
1207 1857 1323 1926 ipse
1367 1856 1533 1919 Deus,
1591 1863 1847 1924 totusque
1901 1853 2009 1907 im-

436 1963 645 2010 means,
679 1963 896 2002 omnem
931 1946 1095 2002 ellicit
1119 1947 1380 2001 virtutem
1403 1963 1466 2002 ac
1500 1947 1668 2001 donat
1690 1945 2005 2012 scientiam;

437 2037 792 2092 adversantes
830 2054 1022 2093 omnes
1055 2053 1180 2092 cum
1205 2039 1422 2102 virtuti,
1464 2046 1576 2091 tum
1632 2036 1876 2091 scientia:
1907 2052 2008 2092 ne-

437 2128 732 2196 quissimos
761 2128 1054 2192 daemones,
1083 2143 1147 2182 ac
1201 2143 1300 2198 per
1331 2127 1465 2182 vitia
1521 2137 1578 2182 et
1643 2126 2006 2197 ignorantiam

437 2225 704 2271 conantes
723 2227 1000 2281 exterere,
1025 2233 1142 2281 eos,
1171 2217 1266 2286 qui
1294 2217 1471 2286 ipsum
1505 2226 1779 2280 metuunt,
1815 2216 1882 2270 ad
1925 2215 2010 2270 ni—

437 2306 611 2361 hilum
632 2308 914 2363 deducens
939 2319 1104 2378 atque
1136 2307 1453 2378 proﬂigans.
1479 2309 1598 2378 Ipse
1625 2322 1859 2377 namque
1886 2306 2010 2361 uni-

436 2413 723 2455 versorum
757 2399 1006 2455 Salvator
1054 2401 1292 2463 exsistit,
1329 2401 1530 2470 quippe
1562 2415 1686 2454 cum
1719 2399 1884 2454 etiam
1936 2399 2009 2454 sit

437 2490 688 2545 omnium
723 2488 1006 2546 Conditor.
1037 2491 1144 2563 Ipsi
1171 2492 1342 2562 gloria
1365 2492 1418 2545 in
1449 2492 1665 2546 saecula.
1705 2491 1898 2546 Amen.

2115 1854 2175 1906 ὲν
2223 1847 2305 1915 οἷς
2360 1852 2521 1916 αὐτὸς
2555 1852 2584 1903 ὁ
2625 1851 2758 1915 Θεὸς
2811 1847 3144 1920 μονώτατος,
3188 1848 3285 1901 καὶ
3320 1846 3439 1910 ὅλος
3476 1845 3691 1917 χωρῶν,

2117 1945 2297 1997 πᾶσαν
2347 1941 2547 2014 ἀρετὴν
2601 1940 2894 2014 ἐργάζεται
2948 1940 3042 1993 καὶ
3099 1937 3382 2009 χαρίζεται
3437 1935 3640 2004 γνῶσιν
3672 1975 3689 1998 ,

2115 2033 2404 2100 ὲξουδενῶν
2455 2034 2660 2096 πάντας
2707 2032 2834 2096 τοὺς
2881 2030 3291 2100 ἀντικειμένους
3333 2030 3400 2098 τῇ
3431 2043 3488 2080 τε
3519 2028 3690 2097 ἀρετῇ

2115 2122 2212 2174 καὶ
2259 2123 2326 2192 τῇ
2378 2120 2575 2189 γνώσει
2631 2121 2903 2190 πονηροὺς
2935 2120 3216 2190 δαίμονας,
3247 2120 3340 2172 καὶ
3375 2117 3464 2172 διά
3497 2117 3692 2181 κακίας

2114 2212 2209 2265 καὶ
2271 2211 2542 2280 ἀγνωσίας
2601 2210 2868 2264 ἐκθλίϐειν
2937 2209 3348 2280 ἐπιχειροῦντας
3403 2209 3528 2274 τοὺς
3598 2224 3694 2276 φο-

2113 2303 2410 2374 ϐουμένους
2437 2302 2620 2357 αὐτόν.
2649 2303 2822 2366 sese»;
2850 2303 2959 2373 γάρ
2987 2301 3208 2356 πάντων
3225 2300 3460 2370 ὑπάρχει
3477 2299 3690 2370 Σωτὴρ,

2113 2395 2194 2448 ὅτι
2249 2396 2344 2450 καὶ
2392 2395 2611 2449 πάντων
2661 2396 3025 2466 Δημιουργός.
3052 2391 3210 2464 Αὑτῷ
3237 2394 3271 2464 ἡ
3297 2391 3424 2457 δόξα
3453 2393 3534 2457 είς
3563 2390 3689 2454 τοὺς

2114 2488 2335 2552 αἰῶνας.
2379 2487 2573 2559 ’Δμήν.

483 2663 3683 2710 W

1868 2808 2252 2872 MONITUM.

1417 2953 1500 3010 Ad
1528 2953 1901 3025 expositionem
1931 2953 1987 3006 in
2021 2949 2326 3007 Orationem
2352 2951 2704 3007 Dominicam.

517 3065 899 3146 Declaranda
929 3069 1220 3132 Oratione
1249 3068 1577 3132 Dominica
1619 3065 1944 3146 desudavit
1971 3065 2119 3146 olim
2159 3065 2623 3146 praecipuorum
2659 3067 2911 3146 Patrum
2945 3067 3306 3146 Graecorum
3351 3065 3586 3146 pariter
3613 3085 3686 3132 ac

440 3145 800 3226 Latinorum
846 3147 1181 3226 industria;
1229 3149 1457 3226 quibus
1497 3147 1798 3226 Maximus
1842 3143 2009 3226 felici
2040 3143 2281 3226 conatu
2314 3143 2479 3223 pene
2515 3145 2941 3224 colaphonem
2983 3145 3224 3226 addidit
3265 3143 3410 3224 post
3447 3145 3689 3225 aliquot

438 3224 687 3298 saecula,
720 3243 828 3286 sua
857 3225 971 3306 hac
1005 3222 1456 3306 lucubratione,
1486 3243 1608 3306 qua
1629 3225 1718 3306 sic
1739 3222 2236 3306 alte_Dominicos
2255 3222 2332 3283 ini
2346 3239 2418 3284 ea
2446 3222 2682 3286 sensus
2697 3229 2757 3284 et
2787 3223 3102 3306 mysteria,
3123 3231 3191 3284 ut
3220 3222 3417 3296 vecat,
3447 3222 3568 3285 seu
3585 3243 3686 3287 sa-

439 3311 758 3391 crementa
798 3303 1084 3391 reliquis
1107 3305 1386 3391 pleniora
1417 3300 2525 3391 et'universaliora,quibus‘nostra
2570 3308 2820 3391 paratur
2859 3300 3048 3391 salus,
3077 3307 3349 3391 septena
3399 3319 3684 3391 numero,

439 3382 749 3460 exposuit.
784 3378 1010 3445 Auctor
1036 3378 1279 3446 catenae
1312 3385 1378 3444 in
1403 3382 1632 3444 Matth.
1661 3397 1748 3452 vt,
1778 3378 2081 3441 Corderio‘
2100 3380 2404 3457 vulgatus,
2438 3378 2739 3459 pleraque
2771 3378 2905 3440 hch
2933 3378 3180 3441 Maximi
3210 3381 3271 3441 in
3303 3397 3452 3442 suos
3479 3379 3687 3444 alveos

440 3458 759 3522 derivavit.

1152 3820 1496 3955 ΤΟΥ
1569 3815 2093 3954 ΑΓΙΟΥ
2171 3811 2978 3952 ΜΑΞΙΜΟΥ

1607 4047 1922 4096 ΜΟΝΑΧΟΥ
1948 4049 2061 4097 ΚΑΙ
2086 4047 2528 4096 ΟΜΟΔΟΓἩΤΟΥ

863 4195 994 4252 ΕΙΣ
1024 4196 1169 4252 ΤΗΝ
1195 4196 1657 4251 ΠΡΟΣΕΥΧΗΝ
1690 4196 1821 4248 ΤΟΥ
1865 4196 2090 4252 ΠΔΤΕΡ
2116 4197 2336 4263 ΗΜΩΝ,
2373 4199 2575 4252 ΠΡΟΣ
2605 4201 2752 4257 ENA
2786 4198 3284 4257 ΦΙΛΟΧΡΙΣΤΟΝ

1475 4364 2038 4457 ΕΡΜΗΝΕΙΑ
2091 4364 2690 4454 ΣΥΝΤΟΜΟΣ

1328 4703 1983 4834 SANCTI
2079 4708 2772 4837 MAXIMI

1587 4955 1868 5004 MONACHI
1930 4957 2011 5002 ενι*
2075 4957 2521 5019 CONFESSORIS,

763 5112 1422 5208 ORATIONIS
1499 5113 2134 5210 DOMINICIE
2204 5125 2631 5214 BREVIS
2703 5121 3368 5214 EXPOSITIO

1455 5301 1545 5356 AD
1579 5301 1911 5369 QUEMDAM
1973 5303 2270 5364 CHRISTO
2313 5308 2658 5371 DEVOTUM.

511 5591 875 5664 3Μ1ρευιιι
895 5610 926 5648 a
946 5595 1059 5650 Deo
1073 5603 1454 5651 conservatum
1476 5601 1690 5670 suscepi
1708 5600 1992 5657 dominum

444 5684 767 5750 meum,suis
789 5684 857 5740 ad
874 5700 960 5742 me
973 5687 1283 5743 venientem
1307 5688 1754 5760 auspicatissimis
1771 5692 2002 5761 litteris;

2171 5607 2340 5660 Αὐτὸν
2387 5607 2656 5679 ἐδεξάμην
2700 5608 2790 5662 τὸν
2845 5607 3210 5678 θεοφύλακτὸν
3261 5627 3364 5679 μου
3417 5608 3681 5680 δεσπότην

2111 5692 2199 5748 διὰ
2219 5693 2326 5748 τῶν
2380 5693 2543 5748 αὑτοῦ
2597 5697 2970 5768 πανευφήμων
3011 5697 3354 5769 γραμμάτων
3379 5697 3689 5771 παραγινό-
