4134 6192
345 229 449 292 873

1331 214 1730 284 EXPOSITIO
1766 223 1932 283 ORA'.

2036 222 2176 283 tNlS
2217 222 2458 286 DOMIN
2470 225 2622 285 lC.'E.
3307 221 3319 230 ’
3483 232 3590 294 874
3671 223 3675 227 ’

346 357 506 412 μενον
537 356 550 368 ·
605 338 696 394 τὸν
738 339 824 391 ἀεὶ
872 338 969 406 μὲν
1013 336 1276 408 παρόντα,
1305 340 1399 390 καὶ
1422 341 1642 392 ἀπεῖναι
1663 338 1742 408 τῷ
1766 337 1925 392 πνεύ-

2036 339 2121 408 qui
2148 355 2366 408 semper
2391 340 2615 409 quidem
2651 350 2893 408 prrescns
2917 344 3009 401 sit,
3045 352 3146 393 nec
3177 353 3409 408 usquam
3447 357 3601 410 pror—
3670 400 3674 404 ν

348 450 476 502 ματι
513 430 791 493 παντελῶς
823 431 882 483 οὐ
908 429 1204 500 δυνάμενον
1230 444 1244 458 ⁸
1300 430 1448 499 ὅμως
1504 430 1560 482 δὲ
1601 430 1672 482 δι’
1718 430 1918 500 ἀρετῆς

286 572 290 575 .
345 521 664 594 περιουσίαν
693 520 1042 590 θεομιμήτως
1081 518 1430 588 συγγίνεσθαι
1456 519 1570 581 τοῖς
1602 518 1765 571 αὑτοῦ
1796 518 1917 571 δού-

344 617 479 680 λοις,
518 615 612 668 καὶ
641 613 708 666 δι’
737 600 805 686 ἧς
831 615 859 665 ὀ
889 612 1019 674 Θεὸς
1045 611 1241 665 δέδωκε
1281 615 1348 682 τῇ
1377 610 1533 681 φύσει
1574 612 1916 681 προφάσεως,

346 710 446 762 οὐκ
477 705 935 775 ἀπαναινόμενον.
965 703 1055 755 Διὸ
1083 703 1367 772 θαυμάσας
1399 703 1564 755 αὐτοῦ
1592 703 1652 755 τὸ
1693 702 1920 770 μέγεθος

346 801 443 869 τῆς
499 784 981 866 συγκαταϐάσεως,
1027 793 1177 864 πόοῳ
1208 793 1515 864 σύγκρατον
1547 795 1636 846 τὸν
1667 794 1799 862 πρὸς
1826 795 1920 847 αὑ-

346 893 436 943 τὸν
500 890 662 958 φόϐον
690 885 692 887 ’
719 888 1067 957 ἐποιησάμην
1102 901 1113 913 ·
1167 885 1260 937 καὶ
1309 888 1438 954 μίαν
1485 884 1542 948 ἐξ
1573 885 1917 955 ἀμφοτέρων,

350 982 514 1052 φόϐου
535 999 593 1034 τε
628 981 721 1034 καὶ
747 980 934 1045 πόθου,
965 979 1182 1048 ἀγάπην
1212 978 1608 1046 ἐνεστησάμην,
1648 978 1713 1031 δι’
1740 977 1922 1041 αἰδοῦς

349 1076 443 1128 καὶ
490 1074 698 1137 εὐνοίας
737 1072 1134 1142 συνισταμένην
1167 1088 1179 1101 ·
1234 1072 1320 1124 ἵνα
1354 1071 1492 1140 μήτε
1525 1073 1676 1140 μῖσος
1704 1072 1731 1124 6
1758 1069 1920 1138 φόϐος

350 1171 564 1242 γίνηται
612 1166 704 1228 τοῦ
731 1167 893 1218 πόθου
925 1164 1318 1234 γυμνούμενος,
1348 1164 1486 1234 μήτε
1523 1163 1924 1233 καταφρόνησις

349 1263 376 1312 6
425 1257 608 1322 πόθος,
637 1257 729 1309 τὸν
761 1254 1015 1325 σώφρονα
1040 1255 1205 1325 φόϐον
1237 1254 1581 1323 συνημμένον
1613 1255 1710 1306 οὐκ
1736 1253 1874 1324 ἔχων
1906 1270 1920 1284 ·

348 1349 486 1403 ἀλλὰ
520 1348 681 1419 νόμος
731 1349 763 1417 ἡ
827 1347 1016 1415 ἀγάπη
1063 1346 1408 1415 τυγχάνουσα
1459 1344 1643 1415 δειχθῇ
1691 1345 1924 1415 στοργῆς

353 1440 674 1503 ἐνδιάθετος,
728 1440 876 1493 ἅπαν
923 1437 984 1491 τδ
1037 1436 1178 1491 κατὰ
1211 1437 1371 1504 φύσιν
1407 1437 1666 1504 συγγενὲς
1691 1435 1923 1488 οἰκειού-

353 1549 512 1602 μενος
548 1546 559 1558 ·
601 1529 668 1582 δι’
701 1529 911 1592 εὐνοίας
958 1528 1074 1598 μὲν,
1121 1527 1182 1580 τδ
1219 1529 1373 1598 μῖσος
1426 1526 1811 1598 χειρούμενοςο
1855 1525 1923 1577 δι’

315 1686 325 1692 _
357 1621 544 1684 αίδοῦς
577 1621 654 1682 δὲ,
697 1621 884 1692 επόρέω
914 1618 1232 1690 ποιούμενος
1269 1618 1364 1688 τὴν
1389 1619 1793 1688 καταφρόνησιν
1819 1634 1830 1646 ·
1867 1618 1925 1670 ὃν

2029 447 2124 486 sus
2156 431 2350 500 spiritu
2381 431 2573 485 abesse
2605 431 2809 499 possit;
2832 446 2936 485 nec
2956 431 3176 486 virtutis
3208 441 3390 486 tamen
3426 433 3598 488 abun-

2027 519 2236 583 dantia,
2283 527 2390 579 Deo
2415 534 2554 585 pene
2576 518 2721 573 aﬂini
2747 520 2959 574 ratione
2985 519 3312 590 dedignetur
3341 537 3464 576 cum
3492 537 3602 577 ser-

2027 609 2112 663 vis
2136 611 2252 664 suis
2280 612 2395 679 ipse
2425 610 2706 680 congredi,
2749 623 2807 666 ac
2837 625 2942 680 qua
2969 611 3114 666 Deus
3165 617 3379 665 natura:
3447 627 3604 667 occa-

2029 701 2182 755 sione
2215 701 2506 755 concessit.
2530 701 2895 767 Quamobrem
2923 703 3042 772 ejus
3066 718 3124 757 se
3147 702 3217 757 ita
3247 704 3381 758 mihi
3408 704 3603 759 demit-

2025 792 2194 847 tentis
2215 808 2284 847 ac
2318 793 2633 847 inclinantis
2656 793 2956 848 admiratus
2976 793 3143 848 animi
3175 796 3601 865 magnitudinem

2028 886 2326 955 quoipsum
2357 901 2680 955 prosequor,
2701 886 2954 940 timorem
2981 886 3257 941 desiderio
3282 891 3601 958 temperavi;

2029 991 2395 1046 unamqueex
2421 977 2693 1031 ambobus
2722 977 2938 1047 (timore
2960 979 3260 1033 scilicetac
3291 979 3601 1050 desiderio)

2029 1068 2402 1132 dilectionem,
2431 1069 2750 1124 reverentia
2771 1084 2835 1123 ac
2882 1070 3283 1127 benevolentiae
3311 1071 3607 1127 affectibus

2030 1167 2396 1220 constantem,
2422 1158 2672 1226 institui;
2708 1169 2768 1214 ut
2793 1175 2897 1215 nec
2927 1162 3089 1215 timor
3123 1161 3396 1218 desiderio
3440 1164 3605 1219 desti~

2031 1258 2183 1303 tutus
2212 1250 2268 1303 in
2313 1249 2500 1303 odium
2533 1249 2851 1321 degeneret,
2881 1267 3061 1322 neque
3094 1252 3334 1308 vicissim
3386 1253 3605 1310 deside-

2031 1340 2173 1394 rium
2210 1341 2266 1394 in
2288 1350 2660 1411 contemptum
2684 1336 2862 1406 cedat,
2921 1345 3068 1415 quod
3117 1360 3224 1398 una
3277 1347 3605 1417 coniunctus

2031 1433 2249 1488 sobrius
2279 1449 2342 1490 ac
2370 1444 2552 1488 castus
2586 1435 2749 1488 timor
2774 1435 2951 1504 ipsum
2984 1435 3233 1502 deﬁciat:
3273 1438 3367 1492 sed
3387 1438 3604 1493 dilectio

2022 1527 2237 1581 amoris
2265 1527 2348 1580 lex
2365 1526 2609 1596 penitius
2640 1527 2824 1582 animo
2853 1528 3024 1582 indita
3050 1530 3604 1601 appareat,quidquid

2033 1628 2226 1670 natura
2260 1625 2550 1686 cognatum
2586 1625 2670 1670 est
2701 1617 3003 1671 concilians
3030 1617 3247 1687 sibique
3273 1620 3563 1675 vindicans
3589 1637 3604 1684 ;

357 1716 421 1786 δὴ
458 1715 691 1785 μάλιστα
715 1687 952 1777 πάντων,
999 1687 1142 1782 φημὶ
1188 1711 1244 1764 δὲ
1278 1687 1368 1762 τον
1412 1711 1596 1778 φόϐον,
1642 1687 1738 1781 τῆς
1776 1709 1926 1772 θείας

2036 1723 2093 1761 ac
2125 1723 2266 1777 qum,
2300 1707 2680 1761 benevolentia
2706 1707 2950 1776 quidem,
2976 1708 3162 1761 odium
3181 1709 3393 1779 subigat
3416 1753 3430 1774 ,
3456 1726 3606 1764 reve-

352 1809 576 1877 ἀγάπης
621 1805 939 1859 συστατικὸν
979 1803 1232 1872 ἐπιγνοὺς
1261 1801 1426 1856 Δασιδ
1452 1804 1480 1855 6
1508 1803 1796 1873 μακάριος,
1823 1819 1927 1871 φη-

355 1900 461 1950 σίνο
507 1898 568 1950 '0
587 1896 769 1968 φόϐος
807 1894 1023 1962 Κυρίου
1063 1894 1266 1961 ἁγνὸς,
1300 1891 1593 1960 διαμένων
1627 1893 1716 1957 είς
1744 1890 1929 1944 αἰῶνα

352 1989 574 2055 αἰῶνος
601 2005 614 2017 ο
667 1987 853 2056 ἕτερον
897 1984 1098 2055 δηλαδὴ
1132 1983 1316 2036 τοῦτον
1350 1982 1522 2045 εἰδὼς,
1551 1983 1698 2053 παρὰ
1729 1982 1818 2035 τὸν
1843 1981 1928 2034 ἐπ’

353 2079 660 2149 ἐγκλήμασι
684 2076 794 2130 δέει
824 2075 1091 2146 τιμωρίας
1118 2073 1505 2144 συνιστάμενον
1534 2073 1698 2142 φόϐον
1723 2091 1734 2102 ο
1770 2071 1928 2142 εἴπερ

353 2173 382 2222 6
413 2171 508 2238 μὲν
545 2169 648 2233 ἔξω
677 2169 905 2236 γίνεται,
934 2169 1004 2237 τῇ
1061 2165 1332 2237 παρουσίᾳ
1375 2165 1473 2236 τῆς
1498 2165 1716 2234 ἀγάπης
1736 2178 1934 2216 παντε-

353 2262 462 2324 λῶς
494 2260 902 2330 ἀφανιζόμενος,
926 2258 1000 2322 ὣς
1023 2277 1126 2311 που
1153 2260 1264 2320 τοῖς
1291 2257 1483 2310 ἑαυτοῦ
1513 2257 1689 2324 λόγοις
1716 2257 1744 2308 6
1761 2253 1931 2324 μέγας

292 2360 294 2362 ⁷
357 2351 746 2422 εὖαγγελιστὴς
775 2351 1024 2420 Ἰωάννης
1043 2351 1337 2413 δείκνυται,
1358 2351 1596 2418 φάσκων·
1627 2351 1695 2402 Ἠ
1733 2347 1933 2417 ἀγάπη

354 2445 472 2508 ἔξω
496 2444 717 2508 ,βάλλει
739 2443 846 2496 τόν
872 2444 1059 2512 φόϐον
1083 2460 1096 2471 ·
1130 2445 1157 2496 6
1179 2441 1259 2506 δὲ,
1289 2443 1379 2494 τὸν
1409 2441 1504 2511 τῆς
1527 2439 1758 2510 ἀληθοῦς
1780 2456 1935 2510 στορ-

357 2536 459 2604 γῆς
487 2535 730 2606 φυσικῶς
775 2533 1179 2606 χαρακτηρίζει
1223 2534 1382 2604 νόμον
1408 2550 1421 2562 '
1461 2532 1598 2584 αἰδοῖ
1658 2530 1935 2600 συντηρῶν

359 2619 439 2688 εἰς
499 2626 670 2680 αἰῶνα
709 2628 820 2689 τοῖς
867 2626 1060 2693 ἁγίοις,
1109 2631 1246 2698 πρῦς
1270 2641 1326 2677 τε
1357 2623 1488 2678 Θεὸν
1522 2623 1615 2676 καὶ
1646 2623 1928 2692 ἀλλήλους,

359 2718 451 2770 τὸν
487 2717 586 2787 τῆς
619 2718 837 2789 ἀγάπης
889 2717 1086 2788 θεσμόν
1143 2734 1200 2770 τε
1255 2717 1348 2768 καὶ
1400 2716 1596 2787 τρόπον
1651 2713 1929 2776 παντελῶς

359 2811 701 2882 ἀδιάφθορον.

2029 1797 2210 1852 rentia
2255 1805 2441 1852 autem
2476 1838 2490 1857 ,
2545 1803 2922 1866 contemptum
2994 1799 3188 1867 procul
3266 1801 3605 1854 submoveat.

2028 1887 2184 1943 Hunc
2208 1889 2426 1961 (nempe
2458 1889 2730 1956 timorem)
2759 1905 2884 1943 cum
2932 1889 3127 1944 beatus
3150 1889 3319 1944 David
3342 1893 3608 1961 ejusmodi

2031 1989 2238 2043 nosset,
2277 1990 2467 2050 utprm
2496 1979 2754 2035 omnibus
2805 1981 3038 2034 maxime
3077 1981 3278 2037 divina:
3329 1982 3607 2037 dilectioni

2031 2077 2402 2139 comparatus,
2429 2070 2579 2124 illius
2597 2071 2751 2124 velut
2783 2071 3189 2127 constituenda:
3209 2088 3274 2126 ac
3309 2073 3612 2144 insignien-

2032 2161 2115 2216 dre
2153 2163 2201 2215 vi
2227 2162 2491 2232 prtedi’tus
2530 2163 2621 2226 sit,
2655 2163 2729 2216 ita
2758 2162 2879 2216 inﬁt
2906 2180 2918 2215 :
2959 2163 3138 2217 Timor
3167 2165 3380 2218 Domini
3401 2174 3606 2228 castus,

2035 2281 2350 2334 permanens
2387 2265 2442 2317 in
2469 2262 2726 2318 sarculum
2752 2263 2932 2318 saeculi
2958 2264 2972 2295 ¹
2995 2279 3018 2330 ’;
3084 2265 3177 2333 qui
3224 2282 3422 2336 nempe
3465 2267 3610 2322 hunc

2035 2351 2203 2404 alium
2225 2351 2475 2407 timorem
2499 2368 2608 2407 non
2640 2352 2937 2423 ignoraret,
2965 2352 3057 2422 qui
3077 2364 3223 2410 metu
3241 2371 3435 2424 parmae,
3454 2357 3524 2411 ob
3545 2374 3609 2412 ea

2037 2456 2158 2512 qua":
2189 2443 2314 2510 quis
2359 2443 2498 2496 mala
2528 2437 2783 2512 patravit,
2825 2443 3134 2497 concrescit
3169 2461 3191 2496 ιη
3224 2445 3427 2514 quippe
3482 2462 3608 2500 cum

2037 2533 2130 2588 ille
2165 2533 2475 2589 dilectionis
2510 2534 2744 2588 adventu
2796 2537 3020 2603 penitus
3049 2551 3405 2606 evanescens,
3445 2553 3607 2592 exce-

2038 2625 2152 2687 dat,
2179 2627 2257 2680 uti
2290 2627 2528 2696 quodam
2558 2627 2678 2680 loco
2719 2642 2949 2697 magnus
2994 2628 3234 2682 Joannes
3278 2631 3609 2700 evangelista

2031 2716 2258 2786 scriptis
2279 2718 2395 2770 suis
2440 2717 2702 2782 ostendit,
2756 2719 2834 2772 ita
2866 2718 3100 2787 loquens
3133 2736 3145 2771 :
3176 2717 3421 2774 Charitas
3466 2721 3608 2790 {oras

2028 2807 2189 2861 mittit
2221 2810 2457 2862 timorem
2478 2810 2496 2839 ³
2522 2826 2536 2875 ;
2564 2809 2656 2864 hic
2680 2818 2885 2873 autem,
2911 2810 3024 2864 veri
3053 2819 3248 2864 natura
3292 2813 3498 2866 amoris
3526 2813 3605 2866 le-

359 2922 481 2977 gem
508 2907 768 2976 peculiari
799 2907 948 2961 velut
972 2916 1100 2961 nota
1130 2904 1415 2975 insigniat;
1441 2902 1702 2975 3&5qui
1724 2916 1920 2971 nempe
1936 2903 2174 2959 modesti
2210 2903 2378 2957 animi
2418 2905 2726 2958 reverentia
2757 2905 3131 2974 incorruptam
3171 2906 3396 2962 omnino
3437 2907 3609 2979 legem

360 3003 694 3074 modumque
720 3001 1051 3067 dilectionis,
1079 3002 1334 3072 qua'tum
1371 3001 1506 3063 Deo,
1539 3009 1656 3053 tum
1695 2999 1787 3052 alii
1810 2999 1934 3053 aliis
1973 3001 2150 3055 sancti
2176 3001 2422 3071 proclive
2455 3010 2702 3064 utuntur,
2729 3000 2782 3054 in
2819 3016 2993 3056 tevum
3024 3003 3318 3056 custodiat.

430 3095 588 3165 Πόθῳ
638 3093 787 3164 γοῦν,
843 3094 917 3157 ὡς
977 3094 1135 3165 ἔφην,
1177 3094 1332 3161 κάγὼ
1366 3093 1604 3165 κεράσας
1632 3092 1723 3146 τὸν
1751 3093 1934 3160 φόϐον,
1965 3093 2010 3152 C

361 3181 496 3253 πρὸς
525 3183 614 3233 τὸν
648 3182 776 3252 ἐμὸν
811 3183 1102 3246 Δεσπότην,
1162 3181 1350 3236 τοῦτον
1396 3181 1494 3249 τῆς
1544 3174 1762 3252 ἀγάπης
1809 3199 1930 3234 συν-

361 3273 674 3346 εστησάμην
704 3273 794 3328 τὸν
832 3277 994 3345 νόμον
1021 3276 1182 3345 μέχρι
1222 3277 1319 3344 τῆς
1352 3275 1591 3346 σήμερον
1619 3290 1634 3304 ·
1670 3273 1807 3326 αἰδοῖ
1837 3273 1932 3344 μὲν

361 3365 454 3420 τοῦ
503 3371 736 3438 γράφειν
782 3367 1116 3437 εἰργόμενος,
1158 3365 1244 3416 ἵνα
1293 3365 1366 3436 μὴ
1407 3364 1550 3436 λάϐῃ
1572 3361 1809 3436 χώρανὴ
1837 3381 1933 3416 κα-

363 3461 690 3528 ταφρόνησις
722 3474 737 3490 .
767 3458 954 3528 εὐνοίᾳ
981 3458 1035 3510 δὲ
1070 3457 1204 3525 πρὸς
1229 3457 1287 3509 τὸ
1317 3457 1550 3527 γράφειν
1603 3455 1932 3524 ὠθούμενος,

365 3552 450 3603 ἵνα
467 3550 540 3621 μὴ
557 3549 782 3620 νομισθῇ
809 3553 959 3618 μῖσος
977 3551 1009 3619 ἡ
1027 3549 1204 3601 τελεία
1221 3547 1313 3601 τοῦ
1333 3549 1566 3618 γράφειν
1582 3548 1930 3618 παραίτησις.

363 3641 566 3712 Γράφω
601 3641 676 3704 δὲ,
705 3639 863 3692 τοῦτο
901 3642 1158 3710 πράττειν
1197 3639 1570 3710 κελευόμενος,
1600 3640 1696 3709 οὐχ
1719 3639 1817 3692 ὅσα
1850 3637 1935 3690 λο-

363 3735 584 3803 γίζομαι
611 3749 628 3764 ⁸
676 3731 959 3801 Λογισιίοί
1011 3732 1118 3799 γὰρ
1163 3731 1487 3798 ἀνθρώπων
1532 3729 1739 3792 δειλοὶ,
1796 3727 1936 3780 κατὰ

364 3829 461 3899 τὴν
513 3828 771 3897 Γραφήν·
825 3825 938 3878 ἀλλ’
989 3826 1088 3878 ὅσα
1141 3823 1390 3892 βούλεται
1429 3823 1580 3887 Θεὸς,
1629 3823 1723 3874 καὶ
1754 3821 1935 3892 χάριτι

366 3921 502 3990 πρὸς
531 3919 625 3989 τὴν
649 3915 741 3970 τοῦ
784 3917 1153 3987 συμφέροντος
1203 3915 1415 3983 γένεσιν
1465 3913 1798 3966 ἐπιδίδωσιν.
1867 3910 1937 3964 Ἠ

367 4009 473 4076 γὰρ
501 4005 709 4071 ,βουλὴ
753 4004 860 4058 τοῦ
902 4004 1121 4071 Κυρίου
1163 4003 1258 4072 (l),
1319 4001 1484 4071 φησὶν
1529 4003 1557 4053 6
1612 3998 1795 4064 Δαϐὶδ,
1849 3998 1937 4061 είς

368 4098 474 4150 τόν
500 4097 683 4150 αἰῶνα
704 4095 870 4165 μένει
905 4113 917 4124 -
980 4094 1247 4162 λογισμοί
1302 4091 1411 4160 τῆς
1456 4090 1694 4160 καρδίαι,
1751 4087 1936 4142 αὑτοῦ

369 4194 454 4256 είς
488 4190 703 4258 γενεὰν
731 4188 828 4241 καί
883 4185 1082 4256 γει-ἐάι
1173 4184 1366 4254 βουλὴν
1408 4184 1505 4254 μὲν
1553 4183 1714 4252 τυχὸν
1761 4183 1937 4252 φήσας

368 4283 460 4336 τοῦ
484 4265 628 4334 ’Θεοῦ
669 4281 765 4333 καὶ
795 4278 1006 4349 Πιτρδς
1017 4318 1028 4339 ι
1059 4295 1156 4346 την
1177 4279 1267 4329 ἐπὶ
1299 4274 1491 4329 θεώσει
1522 4273 1624 4344 τῆς
1660 4274 1938 4344 ἡμετέρας

371 4374 582 4444 φύσεως
613 4373 920 4443 ἀπόρρητον
972 4371 1201 4424 κένωσιν
1264 4366 1360 4420 τοῦ
1412 4365 1734 4437 μονογενοῦς
1782 4364 1935 4430 Υίοῦ,

2101 3091 2232 3163 ipse
2271 3107 2491 3163 quoque
2540 3092 2726 3163 igitur,
2761 3092 2838 3146 uti
2865 3089 3134 3157 dicebam,
3171 3094 3421 3148 timorem
3463 3095 3610 3152 desi-

2039 3186 2192 3244 derio
2247 3197 2581 3257 temperans,
2630 3183 2772 3237 hanc
2827 3183 3090 3240 hactenus
3138 3199 3265 3254 erga
3319 3185 3610 3241 Dominum

2039 3293 2222 3331 meum
2260 3276 2470 3331 institui
2496 3272 2810 3332 dilectionis
2837 3273 3108 3346 regulam;
3156 3289 3317 3346 qtttm
3352 3290 3611 3332 reveren-

2039 3368 2113 3422 tia
2145 3368 2366 3437 quidem
2417 3366 2485 3420 ab
2520 3366 2814 3420 scribendo
2845 3367 3142 3427 deterreat,
3168 3383 3234 3420 ne
3265 3368 3445 3420 forsan
3480 3383 3612 3422 con-

2042 3467 2280 3528 temptus
2315 3458 2540 3523 subeat;
2587 3457 2970 3511 benevolentia
3019 3469 3202 3511 autem
3255 3458 3320 3511 ad
3364 3459 3612 3513 scriben-

2041 3548 2171 3602 dum
2227 3548 2489 3617 impellat,
2548 3563 2618 3601 ne
2684 3547 2910 3600 omnino
2963 3547 3241 3601 scribendi
3303 3549 3617 3603 detrectans

2041 3647 2225 3709 partes
2257 3640 2440 3694 odisse
2480 3640 2691 3693 videar.
2730 3639 2926 3694 Scribe
2957 3647 3162 3704 autem,
3197 3641 3287 3710 qui
3323 3632 3401 3696 sic
3430 3644 3618 3712 jussus

2041 3731 2165 3795 sim,
2193 3747 2300 3785 non
2329 3747 2450 3802 qua:
2486 3731 2747 3800 cOgitanti
2779 3742 3111 3786 succurrunt
3140 3733 3359 3797 omnia;
3397 3749 3520 3786 nam
3557 3744 3618 3786 ut

2042 3822 2284 3891 loquitur
2309 3823 2590 3892 Scriptura
2621 3841 2632 3875 :
2669 3823 3021 3894 Cogitationes
3055 3824 3325 3878 hominum
3349 3825 3614 3891 timidw’;

2042 3914 2136 3968 sed
2171 3930 2519 3984 quaecunque
2549 3931 2616 3969 ex
2651 3916 2751 3969 Dei
2782 3925 2911 3970 sunt
2941 3916 3241 3980 voluntate,
3277 3932 3341 3972 ac
3375 3933 3496 3987 qua:
3531 3918 3620 3972 ille

2041 4011 2229 4083 gratia:
2269 4027 2516 4076 munere,
2545 4022 2606 4066 ut
2649 3996 2999 4068 commodum
3050 4013 3254 4082 aliquid
3307 4016 3616 4084 proveniat,

2043 4103 2238 4157 tribuit
2275 4112 2436 4173 atque
2472 4103 2832 4174 suppeditat:
2869 4103 3158 4159 Consilium
3208 4105 3353 4159 enim
3385 4105 3616 4168 Domini,

2043 4196 2222 4266 inquit
2249 4196 2441 4260 David,
2465 4198 2518 4250 in
2544 4207 2797 4250 internum
2829 4206 3040 4261 manet;
3083 4199 3420 4266 cogitationes
3451 4199 3620 4252 cordis

2045 4287 2156 4356 ejus
2199 4288 2254 4340 in
2294 4288 2685 4357 generationem
2737 4294 2786 4338 ct
2833 4286 3297 4356 generationcm‘;
3327 4288 3618 4342 consilium

2043 4377 2186 4431 forte
2227 4377 2510 4446 appellans
2543 4377 2639 4431 Dei
2667 4391 2732 4431 ac
2760 4377 2960 4442 Patris,
2986 4393 3151 4448 quam
3186 4379 3502 4448 unigenitus
3537 4381 3624 4434 Fi-

369 4467 490 4519 καθ’
522 4467 586 4536 ἣν
614 4463 726 4535 ἔχει
761 4464 976 4516 πάντων
1007 4461 1114 4515 τῶν
1148 4461 1357 4515 αἰώνων
1383 4460 1444 4513 τδ
1469 4459 1642 4529 πέρας
1669 4473 1931 4528 περιγρα-

2038 4468 2147 4521 lius
2177 4469 2346 4523 nullis
2389 4469 2576 4523 verbis
2606 4469 2988 4539 e’xplicabilem
3035 4471 3299 4540 suscepit,
3333 4471 3401 4524 ad
3450 4487 3621 4540 genus

371 4559 601 4627 φόμενον
630 4573 644 4588 ο
685 4556 978 4624 λογισμοὺς
1009 4554 1062 4606 δὲ
1092 4553 1192 4622 τῆς
1225 4552 1447 4623 καρδίας
1480 4549 1665 4606 αὑτοῦ.
1695 4550 1820 4611 τοὺς
1841 4551 1940 4618 τῆς

371 4647 627 4719 προνοίας
667 4645 762 4699 καὶ
809 4649 909 4716 τῆς
941 4644 1173 4715 κρίσεως
1198 4642 1421 4709 λόγουςο
1473 4639 1593 4693 καθ’
1623 4639 1718 4702 οὒς
1753 4641 1855 4708 τήν
1881 4656 1940 4692 τε

372 4739 654 4811 παροῦσαν
704 4736 860 4807 ἡμῶν
905 4734 1048 4806 ζωὴν
1104 4735 1199 4788 καὶ
1251 4733 1348 4804 τὴν
1397 4732 1712 4803 μέλλουσαν,
1751 4731 1942 4802 ὥσπερ

370 4832 524 4891 τινὰς
556 4827 744 4896 γενεὰς
775 4826 1062 4896 διαφόρους
1097 4822 1273 4891 σοφῶς
1291 4823 1546 4890 διεξάγει,
1593 4821 1944 4893 καταλλήλως

373 4922 579 4992 ἑκάστῃ
598 4919 688 4972 τὸν
721 4917 994 4988 πρέποντα
1041 4915 1238 4986 τρόπον
1284 4915 1383 4984 τῆς
1430 4913 1712 4984 ἐνεργείας
1763 4929 1908 4983 προσ

371 5018 572 5086 νέμων.

2046 4559 2347 4613 humanum
2397 4560 2600 4616 deitate
2645 4559 2984 4626 donandum,
3012 4561 3474 4626 exinanitioncm;
3516 4579 3623 4631 qua

2040 4651 2296 4705 videlicet
2343 4653 2590 4706 omnium
2638 4652 2802 4706 ﬁnem
2881 4653 3208 4708 saeculorum
3280 4652 3626 4707 circumscri-

2042 4747 2198 4809 ptum
2227 4741 2396 4795 habet
2435 4758 2448 4794 :
2479 4742 2844 4811 cogitationes
2875 4758 3007 4798 vero
3045 4743 3230 4797 cordis
3263 4743 3403 4812 ejus,
3442 4743 3624 4811 provi-

2044 4831 2245 4886 dentia:
2270 4845 2334 4885 ac
2375 4831 2570 4902 judicii
2607 4833 2845 4888 rationes
2875 4833 3232 4902 quibus,tum
3279 4840 3624 4901 przcscntem,

2046 4935 2208 4989 quam
2257 4920 2470 4988 agimus
2512 4922 2702 4986 vitam,
2749 4933 2864 4976 tum
2915 4923 3177 4987 futuram,
3232 4937 3331 4976 ceu
3383 4921 3626 4975 diversas

2049 5009 2314 5078 quasdam
2344 5011 2726 5080 generationes
2770 5013 3049 5081 sapienter
3085 5011 3323 5065 traducit
3350 5010 3627 5081 transigit-

373 5121 503 5177 que,
535 5120 771 5176 congrua
801 5103 1002 5173 cuique
1039 5102 1252 5156 ratione
1297 5098 1716 5156 convenientem
1768 5098 2108 5168 operationis
2168 5100 2392 5154 modum
2453 5101 2705 5157 dwidens
2759 5117 2822 5156 ac
2860 5102 3202 5170 impartiens.

449 5296 509 5349 Et
540 5295 595 5348 δὲ
623 5295 770 5370 θείας
794 5292 1028 5362 ὑπάρχει
1059 5290 1251 5362 βουλῆς
1283 5290 1442 5361 ἔργον
1495 5289 1648 5359 ἡτῆς
1675 5287 1947 5359 ἡμετέρας

375 5389 590 5456 φύσεως
620 5387 811 5448 θέωσις
832 5403 844 5415 ⁸
869 5383 962 5438 mi.
985 5383 1090 5436 τῶν
1113 5383 1270 5436 θείων
1290 5382 1564 5453 λογισμῶν
1585 5381 1699 5436 ἐστι
1725 5381 1946 5442 σκοπὸς,

377 5485 408 5552 ἡ
463 5481 599 5551 πρὸς
645 5479 704 5531 τὸ
761 5477 930 5547 πέρας
990 5478 1289 5547 διεξαγωγὴ
1336 5476 1446 5530 τῶν
1477 5474 1817 5546 ζητουμένων
1847 5473 1949 5542 τῆς

451 5663 464 5690 ‘
497 5661 640 5715 Psal.
672 5677 818 5720 xvut,
854 5661 935 5712 10.
1015 5660 1032 5688 ¹
1060 5659 1218 5715 Joan.
1252 5675 1324 5722 Iv,
1348 5655 1450 5713 'l8.

616 5753 887 5812 PnnoL.
924 5751 1038 5809 Gn.
1093 5750 1186 5809 XC

1532 5660 1549 5689 ³
1579 5659 1706 5726 Sup.
1740 5673 1810 5717 l\',
1853 5653 1933 5707 li.

2121 5287 2276 5354 Quod
2310 5288 2355 5342 si
2399 5287 2571 5342 divini
2611 5287 2822 5341 consilii
2855 5299 2995 5353 opus
3037 5295 3122 5339 est
3159 5285 3382 5338 humani
3415 5284 3631 5353 generis

2054 5380 2366 5440 deiﬁeatio,
2429 5392 2606 5448 eoque
2649 5377 2947 5432 collineant
2999 5376 3198 5432 divina:
3251 5375 3631 5446 cogitationes.

2056 5481 2117 5526 ut
2148 5471 2256 5524 vita
2281 5477 2466 5524 nostra
2503 5469 2557 5523 in
2599 5483 2788 5523 eorum
2819 5483 2941 5536 qua:
2974 5467 3225 5522 oratione
3257 5471 3544 5534 petuntur,
3570 5461 3633 5516 ﬁ-

2011 5654 2030 5684 *
2062 5650 2201 5706 Paul.
2239 5665 2399 5714 xxx",
2437 5651 2521 5704 ll.

3246 5733 3320 5793 28
