  <div class='ocr_page' id='page_1' title='image "/cluster/home/n/w/nwhite01/storage/ocr_20150623/90/hvd.32044073502197/443.png"; bbox 0 0 4134 6192; ppageno 0'>
   <div class='ocr_carea' id='block_1_1' title="bbox 548 258 659 323">
    <p class='ocr_par' dir='ltr' id='par_1_1' title="bbox 548 258 659 323">
     <span class='ocr_line' id='line_1_1' title="bbox 548 258 659 323; baseline -0.027 0"><span class='ocrx_word' id='word_1_1' title='bbox 548 258 659 323; x_wconf 68' lang='grc' dir='ltr'><strong>δ’ῑί</strong></span> 
     </span>
    </p>
   </div>
   <div class='ocr_carea' id='block_1_2' title="bbox 1719 231 2659 302">
    <p class='ocr_par' dir='ltr' id='par_1_2' title="bbox 1719 231 2659 302">
     <span class='ocr_line' id='line_1_2' title="bbox 1719 231 2659 302; baseline -0.013 0"><span class='ocrx_word' id='word_1_2' title='bbox 1719 243 1779 302; x_wconf 83' lang='grc'><strong>8.</strong></span> <span class='ocrx_word' id='word_1_3' title='bbox 1822 239 2110 301; x_wconf 75' lang='grc' dir='ltr'><strong>ΜΑΧΙΜΙ</strong></span> <span class='ocrx_word' id='word_1_4' title='bbox 2149 231 2659 298; x_wconf 82' lang='lat' dir='ltr'><strong>CONFESSORIS</strong></span> 
     </span>
    </p>
   </div>
   <div class='ocr_carea' id='block_1_3' title="bbox 3716 211 3839 276">
    <p class='ocr_par' dir='ltr' id='par_1_3' title="bbox 3716 211 3839 276">
     <span class='ocr_line' id='line_1_3' title="bbox 3716 211 3839 276; baseline -0.008 0"><span class='ocrx_word' id='word_1_5' title='bbox 3716 211 3839 276; x_wconf 73' lang='lat'><strong>8&#39;16</strong></span> 
     </span>
    </p>
   </div>
   <div class='ocr_carea' id='block_1_4' title="bbox 547 328 2147 439">
    <p class='ocr_par' dir='ltr' id='par_1_4' title="bbox 547 357 2124 439">
     <span class='ocr_line' id='line_1_4' title="bbox 547 357 2124 439; baseline -0.015 -13"><span class='ocrx_word' id='word_1_6' title='bbox 547 384 671 428; x_wconf 88' lang='lat' dir='ltr'><strong>nem</strong></span> <span class='ocrx_word' id='word_1_7' title='bbox 699 366 1009 439; x_wconf 78' lang='lat' dir='ltr'><strong>dirigatur,</strong></span> <span class='ocrx_word' id='word_1_8' title='bbox 1056 362 1240 432; x_wconf 82' lang='lat' dir='ltr'><strong>utique</strong></span> <span class='ocrx_word' id='word_1_9' title='bbox 1279 358 1634 414; x_wconf 80' lang='lat' dir='ltr'><strong>utilissimum</strong></span> <span class='ocrx_word' id='word_1_10' title='bbox 1672 362 1757 410; x_wconf 91' lang='lat' dir='ltr'><strong>est</strong></span> <span class='ocrx_word' id='word_1_11' title='bbox 1785 363 1841 407; x_wconf 89' lang='lat' dir='ltr'><strong>et</strong></span> <span class='ocrx_word' id='word_1_12' title='bbox 1874 366 2038 407; x_wconf 88' lang='lat' dir='ltr'><strong>nosse</strong></span> <span class='ocrx_word' id='word_1_13' title='bbox 2067 357 2124 404; x_wconf 88' lang='lat' dir='ltr'><strong>et</strong></span> 
     </span>
    </p>
   </div>
   <div class='ocr_carea' id='block_1_5' title="bbox 2248 328 3837 439">
    <p class='ocr_par' dir='ltr' id='par_1_5' title="bbox 2248 328 3837 439">
     <span class='ocr_line' id='line_1_5' title="bbox 2248 328 3837 439; baseline -0.014 -38"><span class='ocrx_word' id='word_1_14' title='bbox 2248 348 2501 419; x_wconf 62' lang='lat' dir='ltr'><strong>)perépa;</strong></span> <span class='ocrx_word' id='word_1_15' title='bbox 2529 342 2675 413; x_wconf 79' lang='grc' dir='ltr'>ζωῆς</span> <span class='ocrx_word' id='word_1_16' title='bbox 2696 358 2709 371; x_wconf 75' lang='grc' dir='ltr'><strong>ο</strong></span> <span class='ocrx_word' id='word_1_17' title='bbox 2740 340 2847 412; x_wconf 81' lang='grc' dir='ltr'><strong>ἀρα</strong></span> <span class='ocrx_word' id='word_1_18' title='bbox 2879 338 3149 413; x_wconf 64' lang='grc' dir='ltr'>συμφέρει</span> <span class='ocrx_word' id='word_1_19' title='bbox 3179 335 3277 406; x_wconf 83' lang='grc' dir='ltr'><strong>τῆς</strong></span> <span class='ocrx_word' id='word_1_20' title='bbox 3299 331 3393 387; x_wconf 83' lang='grc' dir='ltr'><strong>τοῦ</strong></span> <span class='ocrx_word' id='word_1_21' title='bbox 3422 328 3628 439; x_wconf 42' lang='grc' dir='ltr'>Κυυρίοὲ</span> <span class='ocrx_word' id='word_1_22' title='bbox 3650 342 3837 439; x_wconf 57' lang='grc' dir='ltr'>προσ-</span> 
     </span>
    </p>
   </div>
   <div class='ocr_carea' id='block_1_6' title="bbox 545 444 2125 531">
    <p class='ocr_par' dir='ltr' id='par_1_6' title="bbox 545 444 2125 531">
     <span class='ocr_line' id='line_1_6' title="bbox 545 444 2125 531; baseline -0.013 -14"><span class='ocrx_word' id='word_1_23' title='bbox 545 459 773 531; x_wconf 80' lang='lat' dir='ltr'><strong>cxsequi</strong></span> <span class='ocrx_word' id='word_1_24' title='bbox 808 454 1074 513; x_wconf 86' lang='lat' dir='ltr'><strong>orationis</strong></span> <span class='ocrx_word' id='word_1_25' title='bbox 1097 451 1396 508; x_wconf 76' lang='lat' dir='ltr'><strong>Dominicae</strong></span> <span class='ocrx_word' id='word_1_26' title='bbox 1419 450 1551 515; x_wconf 85' lang='lat' dir='ltr'><strong>vim,</strong></span> <span class='ocrx_word' id='word_1_27' title='bbox 1575 464 1638 504; x_wconf 91' lang='lat' dir='ltr'><strong>ac</strong></span> <span class='ocrx_word' id='word_1_28' title='bbox 1668 447 1748 502; x_wconf 87' lang='lat' dir='ltr'><strong>sic</strong></span> <span class='ocrx_word' id='word_1_29' title='bbox 1775 444 1982 515; x_wconf 85' lang='lat' dir='ltr'><strong>scripto</strong></span> <span class='ocrx_word' id='word_1_30' title='bbox 2004 456 2125 499; x_wconf 79' lang='lat' dir='ltr'><strong>eam</strong></span> 
     </span>
    </p>
   </div>
   <div class='ocr_carea' id='block_1_7' title="bbox 546 537 2125 624">
    <p class='ocr_par' dir='ltr' id='par_1_7' title="bbox 546 537 2125 624">
     <span class='ocr_line' id='line_1_7' title="bbox 546 537 2125 624; baseline -0.013 -14"><span class='ocrx_word' id='word_1_31' title='bbox 546 553 893 624; x_wconf 85' lang='lat' dir='ltr'><strong>consignare.</strong></span> <span class='ocrx_word' id='word_1_32' title='bbox 929 547 1198 616; x_wconf 83' lang='lat' dir='ltr'><strong>Quoniam</strong></span> <span class='ocrx_word' id='word_1_33' title='bbox 1232 560 1368 601; x_wconf 91' lang='lat' dir='ltr'><strong>vero</strong></span> <span class='ocrx_word' id='word_1_34' title='bbox 1415 543 1580 599; x_wconf 82' lang='lat' dir='ltr'><strong>etiam</strong></span> <span class='ocrx_word' id='word_1_35' title='bbox 1617 542 1736 613; x_wconf 80' lang='lat' dir='ltr'><strong>ejus</strong></span> <span class='ocrx_word' id='word_1_36' title='bbox 1781 537 2125 610; x_wconf 89' lang='lat' dir='ltr'><strong>potissimum</strong></span> 
     </span>
    </p>
   </div>
   <div class='ocr_carea' id='block_1_8' title="bbox 545 627 2129 702">
    <p class='ocr_par' dir='ltr' id='par_1_8' title="bbox 545 627 2129 702">
     <span class='ocr_line' id='line_1_8' title="bbox 545 627 2129 702; baseline -0.011 -2"><span class='ocrx_word' id='word_1_37' title='bbox 545 643 815 702; x_wconf 83' lang='lat' dir='ltr'><strong>orationis</strong></span> <span class='ocrx_word' id='word_1_38' title='bbox 848 644 916 696; x_wconf 88' lang='lat' dir='ltr'><strong>ad</strong></span> <span class='ocrx_word' id='word_1_39' title='bbox 947 655 1034 695; x_wconf 90' lang='lat' dir='ltr'><strong>me</strong></span> <span class='ocrx_word' id='word_1_40' title='bbox 1065 654 1289 695; x_wconf 88' lang='lat' dir='ltr'><strong>servum</strong></span> <span class='ocrx_word' id='word_1_41' title='bbox 1316 652 1479 693; x_wconf 88' lang='lat' dir='ltr'><strong>suum</strong></span> <span class='ocrx_word' id='word_1_42' title='bbox 1511 634 1780 690; x_wconf 78' lang='lat' dir='ltr'><strong>Dominus</strong></span> <span class='ocrx_word' id='word_1_43' title='bbox 1809 645 1968 686; x_wconf 88' lang='lat' dir='ltr'><strong>meus</strong></span> <span class='ocrx_word' id='word_1_44' title='bbox 1994 627 2129 684; x_wconf 90' lang='lat' dir='ltr'><strong>scri-</strong></span> 
     </span>
    </p>
   </div>
   <div class='ocr_carea' id='block_1_9' title="bbox 547 722 2128 796">
    <p class='ocr_par' dir='ltr' id='par_1_9' title="bbox 547 722 2128 796">
     <span class='ocr_line' id='line_1_9' title="bbox 547 722 2128 796; baseline -0.011 -9"><span class='ocrx_word' id='word_1_45' title='bbox 547 733 705 796; x_wconf 88' lang='lat' dir='ltr'><strong>bens,</strong></span> <span class='ocrx_word' id='word_1_46' title='bbox 722 728 913 784; x_wconf 89' lang='lat' dir='ltr'><strong>divino</strong></span> <span class='ocrx_word' id='word_1_47' title='bbox 940 726 1207 782; x_wconf 88' lang='lat' dir='ltr'><strong>instinctu</strong></span> <span class='ocrx_word' id='word_1_48' title='bbox 1235 722 1633 788; x_wconf 90' lang='lat' dir='ltr'><strong>commeminit,</strong></span> <span class='ocrx_word' id='word_1_49' title='bbox 1658 736 1822 792; x_wconf 91' lang='lat' dir='ltr'><strong>quam</strong></span> <span class='ocrx_word' id='word_1_50' title='bbox 1848 727 1905 774; x_wconf 89' lang='lat' dir='ltr'><strong>ct</strong></span> <span class='ocrx_word' id='word_1_51' title='bbox 1935 730 2128 773; x_wconf 84' lang='lat' dir='ltr'><strong>eorum</strong></span> 
     </span>
    </p>
   </div>
   <div class='ocr_carea' id='block_1_10' title="bbox 545 813 2129 892">
    <p class='ocr_par' dir='ltr' id='par_1_10' title="bbox 545 813 2129 892">
     <span class='ocr_line' id='line_1_10' title="bbox 545 813 2129 892; baseline -0.009 -16"><span class='ocrx_word' id='word_1_52' title='bbox 545 836 666 892; x_wconf 69' lang='lat' dir='ltr'><strong>quae</strong></span> <span class='ocrx_word' id='word_1_53' title='bbox 700 818 839 875; x_wconf 90' lang='lat' dir='ltr'><strong>mihi</strong></span> <span class='ocrx_word' id='word_1_54' title='bbox 870 817 1106 874; x_wconf 87' lang='lat' dir='ltr'><strong>dicenda</strong></span> <span class='ocrx_word' id='word_1_55' title='bbox 1129 823 1260 872; x_wconf 91' lang='lat' dir='ltr'><strong>sunt</strong></span> <span class='ocrx_word' id='word_1_56' title='bbox 1286 813 1603 871; x_wconf 90' lang='lat' dir='ltr'><strong>necessario</strong></span> <span class='ocrx_word' id='word_1_57' title='bbox 1628 816 2011 883; x_wconf 78' lang='lat' dir='ltr'><strong>argumentum</strong></span> <span class='ocrx_word' id='word_1_58' title='bbox 2039 822 2129 862; x_wconf 84' lang='lat' dir='ltr'><strong>as-</strong></span> 
     </span>
    </p>
   </div>
   <div class='ocr_carea' id='block_1_11' title="bbox 545 897 2130 981">
    <p class='ocr_par' dir='ltr' id='par_1_11' title="bbox 545 897 2130 981">
     <span class='ocr_line' id='line_1_11' title="bbox 545 897 2130 981; baseline -0.009 -14"><span class='ocrx_word' id='word_1_59' title='bbox 545 926 739 977; x_wconf 86' lang='lat' dir='ltr'><strong>sumo;</strong></span> <span class='ocrx_word' id='word_1_60' title='bbox 792 909 973 981; x_wconf 88' lang='lat' dir='ltr'><strong>ipsum</strong></span> <span class='ocrx_word' id='word_1_61' title='bbox 1007 908 1277 964; x_wconf 89' lang='lat' dir='ltr'><strong>orationis</strong></span> <span class='ocrx_word' id='word_1_62' title='bbox 1308 906 1475 977; x_wconf 84' lang='lat' dir='ltr'><strong>hujus</strong></span> <span class='ocrx_word' id='word_1_63' title='bbox 1506 914 1901 977; x_wconf 62' lang='lat' dir='ltr'><strong>praeceptorem</strong></span> <span class='ocrx_word' id='word_1_64' title='bbox 1939 897 2130 954; x_wconf 88' lang='lat' dir='ltr'><strong>Domi-</strong></span> 
     </span>
    </p>
   </div>
   <div class='ocr_carea' id='block_1_12' title="bbox 545 988 2131 1067">
    <p class='ocr_par' dir='ltr' id='par_1_12' title="bbox 545 988 2131 1067">
     <span class='ocr_line' id='line_1_12' title="bbox 545 988 2131 1067; baseline -0.011 -8"><span class='ocrx_word' id='word_1_65' title='bbox 545 1020 678 1060; x_wconf 91' lang='lat' dir='ltr'><strong>num</strong></span> <span class='ocrx_word' id='word_1_66' title='bbox 710 1003 964 1066; x_wconf 89' lang='lat' dir='ltr'><strong>obsecro,</strong></span> <span class='ocrx_word' id='word_1_67' title='bbox 992 1009 1055 1055; x_wconf 92' lang='lat' dir='ltr'><strong>nt</strong></span> <span class='ocrx_word' id='word_1_68' title='bbox 1080 1011 1322 1056; x_wconf 89' lang='lat' dir='ltr'><strong>mentem</strong></span> <span class='ocrx_word' id='word_1_69' title='bbox 1356 998 1491 1052; x_wconf 91' lang='lat' dir='ltr'><strong>mihi</strong></span> <span class='ocrx_word' id='word_1_70' title='bbox 1541 995 1774 1067; x_wconf 88' lang='lat' dir='ltr'><strong>aperiat.</strong></span> <span class='ocrx_word' id='word_1_71' title='bbox 1805 993 1874 1048; x_wconf 89' lang='lat' dir='ltr'><strong>ad</strong></span> <span class='ocrx_word' id='word_1_72' title='bbox 1921 988 2131 1046; x_wconf 88' lang='lat' dir='ltr'><strong>intelli-</strong></span> 
     </span>
    </p>
   </div>
   <div class='ocr_carea' id='block_1_13' title="bbox 2228 416 3835 509">
    <p class='ocr_par' dir='ltr' id='par_1_13' title="bbox 2228 416 3835 509">
     <span class='ocr_line' id='line_1_13' title="bbox 2228 416 3835 509; baseline -0.016 -17"><span class='ocrx_word' id='word_1_73' title='bbox 2228 416 2411 509; x_wconf 45' lang='lat' dir='ltr'><strong>eam;</strong></span> <span class='ocrx_word' id='word_1_74' title='bbox 2473 428 2677 503; x_wconf 83' lang='grc' dir='ltr'>γνῶναί</span> <span class='ocrx_word' id='word_1_75' title='bbox 2733 449 2792 484; x_wconf 88' lang='grc' dir='ltr'><strong>τε</strong></span> <span class='ocrx_word' id='word_1_76' title='bbox 2829 429 2925 484; x_wconf 79' lang='grc' dir='ltr'><strong>καὶ</strong></span> <span class='ocrx_word' id='word_1_77' title='bbox 2983 428 3210 499; x_wconf 80' lang='grc' dir='ltr'>πρᾶξαι,</span> <span class='ocrx_word' id='word_1_78' title='bbox 3262 422 3360 477; x_wconf 71' lang='grc' dir='ltr'><strong>καὶ</strong></span> <span class='ocrx_word' id='word_1_79' title='bbox 3419 420 3566 475; x_wconf 82' lang='grc' dir='ltr'>οὔτω</span> <span class='ocrx_word' id='word_1_80' title='bbox 3590 416 3835 479; x_wconf 84' lang='grc' dir='ltr'>δεόντως</span> 
     </span>
    </p>
   </div>
   <div class='ocr_carea' id='block_1_14' title="bbox 2227 508 3836 601">
    <p class='ocr_par' dir='ltr' id='par_1_14' title="bbox 2227 508 3836 601">
     <span class='ocr_line' id='line_1_14' title="bbox 2227 508 3836 601; baseline -0.015 -17"><span class='ocrx_word' id='word_1_81' title='bbox 2227 528 2453 601; x_wconf 66' lang='grc' dir='ltr'>γράψαι,</span> <span class='ocrx_word' id='word_1_82' title='bbox 2509 525 2608 597; x_wconf 84' lang='grc' dir='ltr'>τὴν</span> <span class='ocrx_word' id='word_1_83' title='bbox 2660 521 2913 594; x_wconf 77' lang='grc' dir='ltr'>δύναμιν.</span> <span class='ocrx_word' id='word_1_84' title='bbox 2954 518 3108 575; x_wconf 73' lang='grc' dir='ltr'>Ἐπεὶ</span> <span class='ocrx_word' id='word_1_85' title='bbox 3139 518 3194 572; x_wconf 81' lang='grc' dir='ltr'>δὲ</span> <span class='ocrx_word' id='word_1_86' title='bbox 3229 514 3467 587; x_wconf 85' lang='grc' dir='ltr'>μάλιστα</span> <span class='ocrx_word' id='word_1_87' title='bbox 3495 512 3701 581; x_wconf 75' lang='grc' dir='ltr'>ταὺτης</span> <span class='ocrx_word' id='word_1_88' title='bbox 3729 508 3836 563; x_wconf 73' lang='grc' dir='ltr'><strong>καὶ</strong></span> 
     </span>
    </p>
   </div>
   <div class='ocr_carea' id='block_1_15' title="bbox 2228 602 3836 692">
    <p class='ocr_par' dir='ltr' id='par_1_15' title="bbox 2228 602 3836 692">
     <span class='ocr_line' id='line_1_15' title="bbox 2228 602 3836 692; baseline -0.016 -16"><span class='ocrx_word' id='word_1_89' title='bbox 2228 623 2257 675; x_wconf 99' lang='lat'><strong>6</strong></span> <span class='ocrx_word' id='word_1_90' title='bbox 2284 621 2414 692; x_wconf 73' lang='grc' dir='ltr'>ἐμὸς</span> <span class='ocrx_word' id='word_1_91' title='bbox 2450 617 2730 688; x_wconf 79' lang='grc' dir='ltr'><strong>Δεσπότης</strong></span> <span class='ocrx_word' id='word_1_92' title='bbox 2764 614 2901 681; x_wconf 78' lang='grc' dir='ltr'>πρὸς</span> <span class='ocrx_word' id='word_1_93' title='bbox 2927 611 3028 684; x_wconf 79' lang='grc' dir='ltr'>ἐμὲ</span> <span class='ocrx_word' id='word_1_94' title='bbox 3059 612 3150 665; x_wconf 81' lang='grc' dir='ltr'><strong>τδν</strong></span> <span class='ocrx_word' id='word_1_95' title='bbox 3191 605 3359 664; x_wconf 83' lang='grc' dir='ltr'>αὐτοῦ</span> <span class='ocrx_word' id='word_1_96' title='bbox 3383 602 3571 658; x_wconf 81' lang='grc' dir='ltr'>δοῦλον</span> <span class='ocrx_word' id='word_1_97' title='bbox 3594 602 3836 674; x_wconf 77' lang='grc' dir='ltr'>γράφων</span> 
     </span>
    </p>
   </div>
   <div class='ocr_carea' id='block_1_16' title="bbox 2232 692 3838 781">
    <p class='ocr_par' dir='ltr' id='par_1_16' title="bbox 2232 692 3838 781">
     <span class='ocr_line' id='line_1_16' title="bbox 2232 692 3838 781; baseline -0.014 -13"><span class='ocrx_word' id='word_1_98' title='bbox 2232 714 2416 769; x_wconf 83' lang='grc' dir='ltr'>θεόθεν</span> <span class='ocrx_word' id='word_1_99' title='bbox 2447 707 2693 781; x_wconf 80' lang='grc' dir='ltr'>κινηθεὶς</span> <span class='ocrx_word' id='word_1_100' title='bbox 2725 704 3048 779; x_wconf 70' lang='grc' dir='ltr'>ἐπεμνήσθη</span> <span class='ocrx_word' id='word_1_101' title='bbox 3078 703 3179 774; x_wconf 74' lang='grc' dir='ltr'>τῆς</span> <span class='ocrx_word' id='word_1_102' title='bbox 3226 695 3562 773; x_wconf 80' lang='grc' dir='ltr'><strong>προσευχῆς,</strong></span> <span class='ocrx_word' id='word_1_103' title='bbox 3613 695 3682 766; x_wconf 78' lang='grc' dir='ltr'><strong>ἢν</strong></span> <span class='ocrx_word' id='word_1_104' title='bbox 3733 692 3838 746; x_wconf 66' lang='grc' dir='ltr'>καὶ</span> 
     </span>
    </p>
   </div>
   <div class='ocr_carea' id='block_1_17' title="bbox 2230 786 3835 877">
    <p class='ocr_par' dir='ltr' id='par_1_17' title="bbox 2230 786 3835 877">
     <span class='ocr_line' id='line_1_17' title="bbox 2230 786 3835 877; baseline -0.017 -16"><span class='ocrx_word' id='word_1_105' title='bbox 2230 807 2340 877; x_wconf 86' lang='grc' dir='ltr'><strong>τῶν</strong></span> <span class='ocrx_word' id='word_1_106' title='bbox 2388 802 2539 875; x_wconf 83' lang='grc' dir='ltr'>ἐμῶν</span> <span class='ocrx_word' id='word_1_107' title='bbox 2588 798 2906 869; x_wconf 70' lang='grc' dir='ltr'><strong>ἀναγκαίως</strong></span> <span class='ocrx_word' id='word_1_108' title='bbox 2954 795 3213 876; x_wconf 74' lang='grc' dir='ltr'>ὑπόθεσιν</span> <span class='ocrx_word' id='word_1_109' title='bbox 3267 791 3444 860; x_wconf 86' lang='grc' dir='ltr'>λόγων</span> <span class='ocrx_word' id='word_1_110' title='bbox 3475 786 3835 856; x_wconf 82' lang='grc' dir='ltr'>ποιούμενος,</span> 
     </span>
    </p>
   </div>
   <div class='ocr_carea' id='block_1_18' title="bbox 2232 875 3839 968">
    <p class='ocr_par' dir='ltr' id='par_1_18' title="bbox 2232 875 3839 968">
     <span class='ocr_line' id='line_1_18' title="bbox 2232 875 3839 968; baseline -0.014 -16"><span class='ocrx_word' id='word_1_111' title='bbox 2232 897 2491 968; x_wconf 77' lang='grc' dir='ltr'>αἰτοῦμαι</span> <span class='ocrx_word' id='word_1_112' title='bbox 2519 894 2611 948; x_wconf 88' lang='grc' dir='ltr'><strong>τδν</strong></span> <span class='ocrx_word' id='word_1_113' title='bbox 2644 891 2849 964; x_wconf 83' lang='grc' dir='ltr'>ταύτης</span> <span class='ocrx_word' id='word_1_114' title='bbox 2876 875 3193 944; x_wconf 80' lang='grc' dir='ltr'>διδάσκαλον</span> <span class='ocrx_word' id='word_1_115' title='bbox 3220 885 3321 955; x_wconf 80' lang='grc' dir='ltr'>τῆς</span> <span class='ocrx_word' id='word_1_116' title='bbox 3356 878 3671 954; x_wconf 80' lang='grc' dir='ltr'>προσευχῆς</span> <span class='ocrx_word' id='word_1_117' title='bbox 3712 875 3839 932; x_wconf 74' lang='grc' dir='ltr'><strong>Κῦ-</strong></span> 
     </span>
    </p>
   </div>
   <div class='ocr_carea' id='block_1_19' title="bbox 2236 968 3841 1063">
    <p class='ocr_par' dir='ltr' id='par_1_19' title="bbox 2236 968 3841 1063">
     <span class='ocr_line' id='line_1_19' title="bbox 2236 968 3841 1063; baseline -0.015 -18"><span class='ocrx_word' id='word_1_118' title='bbox 2236 1007 2374 1063; x_wconf 86' lang='grc' dir='ltr'>ριον,</span> <span class='ocrx_word' id='word_1_119' title='bbox 2422 985 2685 1051; x_wconf 80' lang='grc' dir='ltr'>διανοῖξαί</span> <span class='ocrx_word' id='word_1_120' title='bbox 2739 1001 2842 1053; x_wconf 86' lang='grc' dir='ltr'><strong>μου</strong></span> <span class='ocrx_word' id='word_1_121' title='bbox 2886 981 2977 1035; x_wconf 75' lang='grc' dir='ltr'>τὸν</span> <span class='ocrx_word' id='word_1_122' title='bbox 3023 979 3148 1033; x_wconf 87' lang='grc' dir='ltr'>νοῦν</span> <span class='ocrx_word' id='word_1_123' title='bbox 3180 977 3320 1050; x_wconf 61' lang='grc' dir='ltr'>πρὸς</span> <span class='ocrx_word' id='word_1_124' title='bbox 3357 973 3695 1045; x_wconf 77' lang='grc' dir='ltr'><strong>κατανόησιν</strong></span> <span class='ocrx_word' id='word_1_125' title='bbox 3720 968 3841 1022; x_wconf 85' lang='grc' dir='ltr'>τῶν</span> 
     </span>
    </p>
   </div>
   <div class='ocr_carea' id='block_1_20' title="bbox 548 1062 2147 1168">
    <p class='ocr_par' dir='ltr' id='par_1_20' title="bbox 548 1062 2146 1168">
     <span class='ocr_line' id='line_1_20' title="bbox 548 1062 2146 1168; baseline -0.01 -16"><span class='ocrx_word' id='word_1_126' title='bbox 548 1095 726 1168; x_wconf 82' lang='lat' dir='ltr'><strong>genda</strong></span> <span class='ocrx_word' id='word_1_127' title='bbox 751 1092 1008 1165; x_wconf 87' lang='lat' dir='ltr'><strong>mysteria</strong></span> <span class='ocrx_word' id='word_1_128' title='bbox 1062 1107 1186 1162; x_wconf 69' lang='lat' dir='ltr'><strong>qua:</strong></span> <span class='ocrx_word' id='word_1_129' title='bbox 1221 1090 1278 1145; x_wconf 91' lang='lat' dir='ltr'><strong>in</strong></span> <span class='ocrx_word' id='word_1_130' title='bbox 1310 1091 1403 1146; x_wconf 89' lang='lat' dir='ltr'><strong>illa</strong></span> <span class='ocrx_word' id='word_1_131' title='bbox 1425 1062 1780 1145; x_wconf 76' lang='lat' dir='ltr'><strong>continentur</strong></span> <span class='ocrx_word' id='word_1_132' title='bbox 1799 1128 1814 1152; x_wconf 92' lang='lat'><strong>,</strong></span> <span class='ocrx_word' id='word_1_133' title='bbox 1858 1100 1923 1140; x_wconf 92' lang='lat' dir='ltr'><strong>ac</strong></span> <span class='ocrx_word' id='word_1_134' title='bbox 1954 1079 2146 1154; x_wconf 90' lang='lat' dir='ltr'><strong>quan</strong></span> 
     </span>
    </p>
   </div>
   <div class='ocr_carea' id='block_1_21' title="bbox 2248 1062 3838 1168">
    <p class='ocr_par' dir='ltr' id='par_1_21' title="bbox 2248 1062 3838 1149">
     <span class='ocr_line' id='line_1_21' title="bbox 2248 1062 3838 1149; baseline -0.013 -15"><span class='ocrx_word' id='word_1_135' title='bbox 2248 1084 2294 1134; x_wconf 73' lang='grc' dir='ltr'>ὲν</span> <span class='ocrx_word' id='word_1_136' title='bbox 2325 1079 2474 1149; x_wconf 36' lang='grc' dir='ltr'>αὐτῇ,</span> <span class='ocrx_word' id='word_1_137' title='bbox 2515 1077 2853 1149; x_wconf 77' lang='grc' dir='ltr'><strong>μυστηρίων,</strong></span> <span class='ocrx_word' id='word_1_138' title='bbox 2907 1073 3003 1126; x_wconf 73' lang='grc' dir='ltr'><strong>καὶ</strong></span> <span class='ocrx_word' id='word_1_139' title='bbox 3058 1071 3242 1124; x_wconf 78' lang='grc' dir='ltr'>δοῦναι</span> <span class='ocrx_word' id='word_1_140' title='bbox 3298 1066 3621 1138; x_wconf 80' lang='grc' dir='ltr'>σύμμετρον</span> <span class='ocrx_word' id='word_1_141' title='bbox 3669 1062 3838 1130; x_wconf 80' lang='grc' dir='ltr'>λόγον</span> 
     </span>
    </p>
   </div>
   <div class='ocr_carea' id='block_1_22' title="bbox 550 1153 2147 1251">
    <p class='ocr_par' dir='ltr' id='par_1_22' title="bbox 550 1174 2138 1251">
     <span class='ocr_line' id='line_1_22' title="bbox 550 1174 2138 1251; baseline -0.009 -10"><span class='ocrx_word' id='word_1_142' title='bbox 550 1195 667 1241; x_wconf 87' lang='lat' dir='ltr'><strong>tum</strong></span> <span class='ocrx_word' id='word_1_143' title='bbox 711 1198 938 1240; x_wconf 88' lang='lat' dir='ltr'><strong>necesse</strong></span> <span class='ocrx_word' id='word_1_144' title='bbox 972 1181 1045 1239; x_wconf 91' lang='lat' dir='ltr'><strong>sit</strong></span> <span class='ocrx_word' id='word_1_145' title='bbox 1075 1197 1387 1238; x_wconf 82' lang='lat' dir='ltr'><strong>sermonem</strong></span> <span class='ocrx_word' id='word_1_146' title='bbox 1433 1180 1755 1251; x_wconf 85' lang='lat' dir='ltr'><strong>elargiatur,</strong></span> <span class='ocrx_word' id='word_1_147' title='bbox 1788 1186 1848 1230; x_wconf 87' lang='lat' dir='ltr'><strong>ut</strong></span> <span class='ocrx_word' id='word_1_148' title='bbox 1885 1190 2007 1245; x_wconf 69' lang='lat' dir='ltr'><strong>qua:</strong></span> <span class='ocrx_word' id='word_1_149' title='bbox 2054 1174 2138 1228; x_wconf 90' lang='lat' dir='ltr'><strong>in-</strong></span> 
     </span>
    </p>
   </div>
   <div class='ocr_carea' id='block_1_23' title="bbox 2248 1153 3842 1251">
    <p class='ocr_par' dir='ltr' id='par_1_23' title="bbox 2248 1153 3842 1244">
     <span class='ocr_line' id='line_1_23' title="bbox 2248 1153 3842 1244; baseline -0.013 -18"><span class='ocrx_word' id='word_1_150' title='bbox 2248 1172 2371 1244; x_wconf 80' lang='grc' dir='ltr'>πρδς</span> <span class='ocrx_word' id='word_1_151' title='bbox 2399 1171 2498 1241; x_wconf 80' lang='grc' dir='ltr'><strong>τὴν</strong></span> <span class='ocrx_word' id='word_1_152' title='bbox 2519 1169 2626 1222; x_wconf 86' lang='grc' dir='ltr'><strong>τῶν</strong></span> <span class='ocrx_word' id='word_1_153' title='bbox 2648 1165 2956 1237; x_wconf 85' lang='grc' dir='ltr'>νοουμένων</span> <span class='ocrx_word' id='word_1_154' title='bbox 2988 1164 3308 1234; x_wconf 80' lang='grc' dir='ltr'>σαφήνειαν.</span> <span class='ocrx_word' id='word_1_155' title='bbox 3341 1157 3504 1212; x_wconf 86' lang='grc' dir='ltr'>Ὀλον</span> <span class='ocrx_word' id='word_1_156' title='bbox 3552 1155 3663 1226; x_wconf 82' lang='grc' dir='ltr'><strong>γάρ</strong></span> <span class='ocrx_word' id='word_1_157' title='bbox 3719 1153 3842 1225; x_wconf 77' lang='grc' dir='ltr'>ἔχει</span> 
     </span>
    </p>
   </div>
   <div class='ocr_carea' id='block_1_24' title="bbox 552 1246 2147 1347">
    <p class='ocr_par' dir='ltr' id='par_1_24' title="bbox 552 1246 2137 1347">
     <span class='ocr_line' id='line_1_24' title="bbox 552 1246 2137 1347; baseline -0.006 -18"><span class='ocrx_word' id='word_1_158' title='bbox 552 1275 839 1340; x_wconf 83' lang='lat' dir='ltr'><strong>tellexero,</strong></span> <span class='ocrx_word' id='word_1_159' title='bbox 881 1273 1028 1328; x_wconf 88' lang='lat' dir='ltr'><strong>clare</strong></span> <span class='ocrx_word' id='word_1_160' title='bbox 1076 1272 1283 1343; x_wconf 86' lang='lat' dir='ltr'><strong>possim</strong></span> <span class='ocrx_word' id='word_1_161' title='bbox 1332 1246 1630 1342; x_wconf 73' lang='lat' dir='ltr'><strong>explicare.</strong></span> <span class='ocrx_word' id='word_1_162' title='bbox 1703 1265 2137 1347; x_wconf 58' lang='lat' dir='ltr'><strong>Comprehendi}</strong></span> 
     </span>
    </p>
   </div>
   <div class='ocr_carea' id='block_1_25' title="bbox 2248 1246 3843 1347">
    <p class='ocr_par' dir='ltr' id='par_1_25' title="bbox 2248 1246 3843 1332">
     <span class='ocr_line' id='line_1_25' title="bbox 2248 1246 3843 1332; baseline -0.013 -15"><span class='ocrx_word' id='word_1_163' title='bbox 2248 1261 2380 1318; x_wconf 69' lang='grc' dir='ltr'>κατὰ</span> <span class='ocrx_word' id='word_1_164' title='bbox 2426 1258 2774 1332; x_wconf 76' lang='grc' dir='ltr'>περιγραφὴν</span> <span class='ocrx_word' id='word_1_165' title='bbox 2800 1257 2891 1310; x_wconf 74' lang='grc' dir='ltr'>τὸν</span> <span class='ocrx_word' id='word_1_166' title='bbox 2926 1259 2982 1310; x_wconf 81' lang='grc' dir='ltr'>ὲν</span> <span class='ocrx_word' id='word_1_167' title='bbox 3013 1256 3126 1317; x_wconf 83' lang='grc' dir='ltr'>τοῖς</span> <span class='ocrx_word' id='word_1_168' title='bbox 3154 1250 3471 1324; x_wconf 80' lang='grc' dir='ltr'><strong>εἰρημένοις</strong></span> <span class='ocrx_word' id='word_1_169' title='bbox 3497 1246 3703 1300; x_wconf 80' lang='grc' dir='ltr'>σκοπὸν</span> <span class='ocrx_word' id='word_1_170' title='bbox 3734 1262 3843 1315; x_wconf 76' lang='grc' dir='ltr'>μυ-</span> 
     </span>
    </p>
   </div>
   <div class='ocr_carea' id='block_1_26' title="bbox 550 1340 2147 1433">
    <p class='ocr_par' dir='ltr' id='par_1_26' title="bbox 550 1340 2137 1433">
     <span class='ocr_line' id='line_1_26' title="bbox 550 1340 2137 1433; baseline -0.006 -13"><span class='ocrx_word' id='word_1_171' title='bbox 550 1366 696 1420; x_wconf 89' lang='lat' dir='ltr'><strong>enim</strong></span> <span class='ocrx_word' id='word_1_172' title='bbox 740 1364 898 1419; x_wconf 90' lang='lat' dir='ltr'><strong>brevi</strong></span> <span class='ocrx_word' id='word_1_173' title='bbox 933 1364 1221 1433; x_wconf 77' lang='lat' dir='ltr'><strong>complexu</strong></span> <span class='ocrx_word' id='word_1_174' title='bbox 1254 1378 1319 1418; x_wconf 91' lang='lat' dir='ltr'><strong>ac</strong></span> <span class='ocrx_word' id='word_1_175' title='bbox 1353 1360 1743 1417; x_wconf 72' lang='lat' dir='ltr'><strong>informatione</strong></span> <span class='ocrx_word' id='word_1_176' title='bbox 1778 1357 2007 1431; x_wconf 75' lang='lat' dir='ltr'><strong>mystice</strong></span> <span class='ocrx_word' id='word_1_177' title='bbox 2041 1340 2137 1411; x_wconf 10' lang='lat' dir='ltr'><strong>oci-</strong></span> 
     </span>
    </p>
   </div>
   <div class='ocr_carea' id='block_1_27' title="bbox 2248 1340 3845 1433">
    <p class='ocr_par' dir='ltr' id='par_1_27' title="bbox 2248 1340 3845 1432">
     <span class='ocr_line' id='line_1_27' title="bbox 2248 1340 3845 1432; baseline -0.013 -23"><span class='ocrx_word' id='word_1_178' title='bbox 2248 1354 2443 1419; x_wconf 81' lang='grc' dir='ltr'>στικῶς</span> <span class='ocrx_word' id='word_1_179' title='bbox 2479 1351 2903 1432; x_wconf 79' lang='grc' dir='ltr'>κεκρυμμένονο</span> <span class='ocrx_word' id='word_1_180' title='bbox 2963 1348 3021 1421; x_wconf 78' lang='grc' dir='ltr'>ἢ,</span> <span class='ocrx_word' id='word_1_181' title='bbox 3072 1346 3201 1416; x_wconf 80' lang='grc' dir='ltr'>τόγε</span> <span class='ocrx_word' id='word_1_182' title='bbox 3253 1341 3595 1414; x_wconf 78' lang='grc' dir='ltr'>κυριώτερον</span> <span class='ocrx_word' id='word_1_183' title='bbox 3636 1340 3845 1403; x_wconf 77' lang='grc' dir='ltr'>εἰπεῖν,</span> 
     </span>
    </p>
   </div>
   <div class='ocr_carea' id='block_1_28' title="bbox 551 1428 2147 1525">
    <p class='ocr_par' dir='ltr' id='par_1_28' title="bbox 551 1428 2138 1525">
     <span class='ocr_line' id='line_1_28' title="bbox 551 1428 2138 1525; baseline -0.006 -14"><span class='ocrx_word' id='word_1_184' title='bbox 551 1455 795 1521; x_wconf 85' lang='lat' dir='ltr'><strong>cultum;</strong></span> <span class='ocrx_word' id='word_1_185' title='bbox 839 1453 924 1509; x_wconf 91' lang='lat' dir='ltr'><strong>vel</strong></span> <span class='ocrx_word' id='word_1_186' title='bbox 978 1428 1076 1525; x_wconf 63' lang='lat' dir='ltr'><strong>(ut</strong></span> <span class='ocrx_word' id='word_1_187' title='bbox 1096 1452 1296 1508; x_wconf 90' lang='lat' dir='ltr'><strong>melius</strong></span> <span class='ocrx_word' id='word_1_188' title='bbox 1341 1451 1544 1521; x_wconf 84' lang='lat' dir='ltr'><strong>dicam)</strong></span> <span class='ocrx_word' id='word_1_189' title='bbox 1598 1451 1686 1505; x_wconf 91' lang='lat' dir='ltr'><strong>his</strong></span> <span class='ocrx_word' id='word_1_190' title='bbox 1724 1448 1821 1520; x_wconf 70' lang='lat' dir='ltr'><strong>qui</strong></span> <span class='ocrx_word' id='word_1_191' title='bbox 1841 1428 2138 1504; x_wconf 83' lang='lat' dir='ltr'><strong>intellectu</strong></span> 
     </span>
    </p>
   </div>
   <div class='ocr_carea' id='block_1_29' title="bbox 2248 1428 3837 1525">
    <p class='ocr_par' dir='ltr' id='par_1_29' title="bbox 2248 1428 3837 1519">
     <span class='ocr_line' id='line_1_29' title="bbox 2248 1428 3837 1519; baseline -0.012 -16"><span class='ocrx_word' id='word_1_192' title='bbox 2248 1451 2350 1513; x_wconf 79' lang='grc' dir='ltr'>τοῖς</span> <span class='ocrx_word' id='word_1_193' title='bbox 2401 1428 2740 1519; x_wconf 71' lang='grc' dir='ltr'>ἐρρωμένοις</span> <span class='ocrx_word' id='word_1_194' title='bbox 2774 1445 2865 1498; x_wconf 79' lang='grc' dir='ltr'><strong>τὸν</strong></span> <span class='ocrx_word' id='word_1_195' title='bbox 2909 1440 3035 1496; x_wconf 84' lang='grc' dir='ltr'>νοῦν</span> <span class='ocrx_word' id='word_1_196' title='bbox 3090 1437 3352 1511; x_wconf 80' lang='grc' dir='ltr'>ἐμφανῶς</span> <span class='ocrx_word' id='word_1_197' title='bbox 3399 1431 3837 1506; x_wconf 78' lang='grc' dir='ltr'>κηρυττόμενον.</span> 
     </span>
    </p>
   </div>
   <div class='ocr_carea' id='block_1_30' title="bbox 552 1526 2147 1614">
    <p class='ocr_par' dir='ltr' id='par_1_30' title="bbox 552 1536 2141 1614">
     <span class='ocr_line' id='line_1_30' title="bbox 552 1536 2141 1614; baseline -0.005 -14"><span class='ocrx_word' id='word_1_198' title='bbox 552 1550 760 1613; x_wconf 80' lang='lat' dir='ltr'><strong>valent,</strong></span> <span class='ocrx_word' id='word_1_199' title='bbox 795 1546 1087 1601; x_wconf 73' lang='lat' dir='ltr'><strong>manifeste</strong></span> <span class='ocrx_word' id='word_1_200' title='bbox 1136 1544 1510 1609; x_wconf 80' lang='lat' dir='ltr'><strong>enuntiatum,</strong></span> <span class='ocrx_word' id='word_1_201' title='bbox 1540 1556 1768 1614; x_wconf 91' lang='lat' dir='ltr'><strong>scopum</strong></span> <span class='ocrx_word' id='word_1_202' title='bbox 1788 1536 2037 1596; x_wconf 83' lang='lat' dir='ltr'><strong>‘omnem</strong></span> <span class='ocrx_word' id='word_1_203' title='bbox 2083 1542 2141 1593; x_wconf 89' lang='lat' dir='ltr'><strong>et</strong></span> 
     </span>
    </p>
   </div>
   <div class='ocr_carea' id='block_1_31' title="bbox 2248 1526 3843 1614">
    <p class='ocr_par' dir='ltr' id='par_1_31' title="bbox 2248 1526 3843 1612">
     <span class='ocr_line' id='line_1_31' title="bbox 2248 1526 3843 1612; baseline -0.014 -13"><span class='ocrx_word' id='word_1_204' title='bbox 2248 1544 2468 1600; x_wconf 81' lang='grc' dir='ltr'><strong>Πάντων</strong></span> <span class='ocrx_word' id='word_1_205' title='bbox 2515 1541 2625 1612; x_wconf 84' lang='grc' dir='ltr'>γὰρ</span> <span class='ocrx_word' id='word_1_206' title='bbox 2671 1536 2746 1596; x_wconf 83' lang='grc' dir='ltr'><strong>ὧν</strong></span> <span class='ocrx_word' id='word_1_207' title='bbox 2793 1539 2879 1593; x_wconf 82' lang='grc' dir='ltr'><strong>διὰ</strong></span> <span class='ocrx_word' id='word_1_208' title='bbox 2924 1535 3126 1608; x_wconf 69' lang='grc' dir='ltr'>σαρκὸς</span> <span class='ocrx_word' id='word_1_209' title='bbox 3152 1534 3377 1602; x_wconf 82' lang='grc' dir='ltr'>γέγονεν</span> <span class='ocrx_word' id='word_1_210' title='bbox 3407 1526 3716 1602; x_wconf 81' lang='grc' dir='ltr'>αὐτουργὸς</span> <span class='ocrx_word' id='word_1_211' title='bbox 3749 1541 3843 1578; x_wconf 81' lang='grc' dir='ltr'>κε-</span> 
     </span>
    </p>
   </div>
   <div class='ocr_carea' id='block_1_32' title="bbox 553 1624 2147 1713">
    <p class='ocr_par' dir='ltr' id='par_1_32' title="bbox 553 1632 2137 1713">
     <span class='ocr_line' id='line_1_32' title="bbox 553 1632 2137 1713; baseline -0.008 -17"><span class='ocrx_word' id='word_1_212' title='bbox 553 1641 739 1706; x_wconf 84' lang='lat' dir='ltr'><strong>ﬁnem,</strong></span> <span class='ocrx_word' id='word_1_213' title='bbox 771 1640 935 1713; x_wconf 65' lang='lat'><strong>34.6</strong></span> <span class='ocrx_word' id='word_1_214' title='bbox 981 1639 1076 1710; x_wconf 91' lang='lat' dir='ltr'><strong>qui</strong></span> <span class='ocrx_word' id='word_1_215' title='bbox 1107 1638 1163 1692; x_wconf 89' lang='lat' dir='ltr'><strong>in</strong></span> <span class='ocrx_word' id='word_1_216' title='bbox 1193 1638 1281 1704; x_wconf 89' lang='lat' dir='ltr'><strong>iis,</strong></span> <span class='ocrx_word' id='word_1_217' title='bbox 1314 1652 1438 1707; x_wconf 84' lang='lat' dir='ltr'><strong>quae</strong></span> <span class='ocrx_word' id='word_1_218' title='bbox 1483 1644 1616 1691; x_wconf 90' lang='lat' dir='ltr'><strong>sunt</strong></span> <span class='ocrx_word' id='word_1_219' title='bbox 1664 1634 1833 1699; x_wconf 89' lang='lat' dir='ltr'><strong>dicta,</strong></span> <span class='ocrx_word' id='word_1_220' title='bbox 1880 1632 2137 1687; x_wconf 89' lang='lat' dir='ltr'><strong>habetur.</strong></span> 
     </span>
    </p>
   </div>
   <div class='ocr_carea' id='block_1_33' title="bbox 2248 1624 3840 1713">
    <p class='ocr_par' dir='ltr' id='par_1_33' title="bbox 2248 1624 3840 1713">
     <span class='ocr_line' id='line_1_33' title="bbox 2248 1624 3840 1713; baseline -0.017 -18"><span class='ocrx_word' id='word_1_221' title='bbox 2248 1639 2438 1703; x_wconf 79' lang='grc' dir='ltr'>νωθεὶς</span> <span class='ocrx_word' id='word_1_222' title='bbox 2489 1638 2518 1692; x_wconf 88' lang='lat'><strong>6</strong></span> <span class='ocrx_word' id='word_1_223' title='bbox 2562 1636 2653 1690; x_wconf 83' lang='grc' dir='ltr'><strong>τοῦ</strong></span> <span class='ocrx_word' id='word_1_224' title='bbox 2685 1632 2831 1688; x_wconf 85' lang='grc' dir='ltr'>Θεοῦ</span> <span class='ocrx_word' id='word_1_225' title='bbox 2852 1631 3048 1701; x_wconf 88' lang='grc' dir='ltr'>Λόγος,</span> <span class='ocrx_word' id='word_1_226' title='bbox 3077 1629 3294 1699; x_wconf 80' lang='grc' dir='ltr'><strong>αἴτησιν</strong></span> <span class='ocrx_word' id='word_1_227' title='bbox 3328 1624 3441 1696; x_wconf 78' lang='grc' dir='ltr'>ἔχει</span> <span class='ocrx_word' id='word_1_228' title='bbox 3465 1624 3568 1692; x_wconf 73' lang='grc' dir='ltr'>τῆς</span> <span class='ocrx_word' id='word_1_229' title='bbox 3594 1633 3840 1713; x_wconf 52' lang='grc' dir='ltr'>προσεμ-</span> 
     </span>
    </p>
   </div>
   <div class='ocr_carea' id='block_1_34' title="bbox 552 1704 2147 1804">
    <p class='ocr_par' dir='ltr' id='par_1_34' title="bbox 552 1720 2144 1802">
     <span class='ocr_line' id='line_1_34' title="bbox 552 1720 2144 1802; baseline -0.008 -14"><span class='ocrx_word' id='word_1_230' title='bbox 552 1733 816 1789; x_wconf 87' lang='lat' dir='ltr'><strong>Omnium</strong></span> <span class='ocrx_word' id='word_1_231' title='bbox 838 1732 987 1786; x_wconf 89' lang='lat' dir='ltr'><strong>enim</strong></span> <span class='ocrx_word' id='word_1_232' title='bbox 1015 1746 1251 1802; x_wconf 78' lang='lat' dir='ltr'><strong>quorum</strong></span> <span class='ocrx_word' id='word_1_233' title='bbox 1276 1746 1377 1800; x_wconf 87' lang='lat' dir='ltr'><strong>per</strong></span> <span class='ocrx_word' id='word_1_234' title='bbox 1397 1743 1619 1785; x_wconf 89' lang='lat' dir='ltr'><strong>carnem</strong></span> <span class='ocrx_word' id='word_1_235' title='bbox 1639 1727 1734 1782; x_wconf 90' lang='lat' dir='ltr'><strong>Dei</strong></span> <span class='ocrx_word' id='word_1_236' title='bbox 1760 1724 1999 1783; x_wconf 81' lang='lat' dir='ltr'><strong>Verbum</strong></span> <span class='ocrx_word' id='word_1_237' title='bbox 2030 1720 2144 1778; x_wconf 80' lang='lat' dir='ltr'><strong>exi-</strong></span> 
     </span>
    </p>
   </div>
   <div class='ocr_carea' id='block_1_35' title="bbox 2248 1704 3845 1804">
    <p class='ocr_par' dir='ltr' id='par_1_35' title="bbox 2248 1707 3845 1804">
     <span class='ocr_line' id='line_1_35' title="bbox 2248 1707 3845 1804; baseline -0.019 -14"><span class='ocrx_word' id='word_1_238' title='bbox 2248 1733 2347 1804; x_wconf 80' lang='grc' dir='ltr'>χῆς</span> <span class='ocrx_word' id='word_1_239' title='bbox 2379 1733 2407 1784; x_wconf 88' lang='lat'><strong>6</strong></span> <span class='ocrx_word' id='word_1_240' title='bbox 2432 1731 2612 1799; x_wconf 86' lang='grc' dir='ltr'>λόγος,</span> <span class='ocrx_word' id='word_1_241' title='bbox 2658 1727 2925 1781; x_wconf 84' lang='grc' dir='ltr'>διδάσκων</span> <span class='ocrx_word' id='word_1_242' title='bbox 2980 1722 3204 1777; x_wconf 72' lang='grc' dir='ltr'>ἐκείνων</span> <span class='ocrx_word' id='word_1_243' title='bbox 3252 1711 3675 1804; x_wconf 68' lang='grc' dir='ltr'>μεταποιεῖσθαι</span> <span class='ocrx_word' id='word_1_244' title='bbox 3731 1707 3845 1761; x_wconf 81' lang='grc' dir='ltr'><strong>τῶν</strong></span> 
     </span>
    </p>
   </div>
   <div class='ocr_carea' id='block_1_36' title="bbox 552 1801 2147 1893">
    <p class='ocr_par' dir='ltr' id='par_1_36' title="bbox 552 1801 2147 1893">
     <span class='ocr_line' id='line_1_36' title="bbox 552 1801 2147 1893; baseline -0.006 -14"><span class='ocrx_word' id='word_1_245' title='bbox 552 1824 803 1879; x_wconf 90' lang='lat' dir='ltr'><strong>nanitum</strong></span> <span class='ocrx_word' id='word_1_246' title='bbox 849 1801 1045 1893; x_wconf 13' lang='lat' dir='ltr'><strong>ipsum,</strong></span> <span class='ocrx_word' id='word_1_247' title='bbox 1084 1831 1280 1877; x_wconf 83' lang='lat' dir='ltr'><strong>auctor</strong></span> <span class='ocrx_word' id='word_1_248' title='bbox 1317 1821 1555 1886; x_wconf 76' lang='lat' dir='ltr'><strong>exstitit,</strong></span> <span class='ocrx_word' id='word_1_249' title='bbox 1580 1817 1905 1891; x_wconf 86' lang='lat' dir='ltr'><strong>petitionem</strong></span> <span class='ocrx_word' id='word_1_250' title='bbox 1947 1813 2147 1872; x_wconf 89' lang='lat' dir='ltr'><strong>oratio-</strong></span> 
     </span>
    </p>
   </div>
   <div class='ocr_carea' id='block_1_37' title="bbox 2248 1801 3842 1893">
    <p class='ocr_par' dir='ltr' id='par_1_37' title="bbox 2248 1801 3842 1893">
     <span class='ocr_line' id='line_1_37' title="bbox 2248 1801 3842 1893; baseline -0.017 -14"><span class='ocrx_word' id='word_1_251' title='bbox 2248 1801 2486 1893; x_wconf 74' lang='grc' dir='ltr'>ἀγαθῶν,</span> <span class='ocrx_word' id='word_1_252' title='bbox 2530 1815 2605 1875; x_wconf 71' lang='grc' dir='ltr'><strong>ὧν</strong></span> <span class='ocrx_word' id='word_1_253' title='bbox 2646 1819 2804 1890; x_wconf 85' lang='grc' dir='ltr'>μόνος</span> <span class='ocrx_word' id='word_1_254' title='bbox 2847 1819 2876 1871; x_wconf 89' lang='lat'><strong>6</strong></span> <span class='ocrx_word' id='word_1_255' title='bbox 2904 1814 3037 1878; x_wconf 73' lang='grc' dir='ltr'>Θεὸς</span> <span class='ocrx_word' id='word_1_256' title='bbox 3066 1812 3161 1867; x_wconf 71' lang='grc' dir='ltr'>καὶ</span> <span class='ocrx_word' id='word_1_257' title='bbox 3190 1808 3384 1880; x_wconf 76' lang='grc' dir='ltr'>Πατὴρ</span> <span class='ocrx_word' id='word_1_258' title='bbox 3414 1806 3484 1860; x_wconf 78' lang='grc' dir='ltr'>δι’</span> <span class='ocrx_word' id='word_1_259' title='bbox 3519 1801 3655 1858; x_wconf 80' lang='grc' dir='ltr'>Υίοῦ</span> <span class='ocrx_word' id='word_1_260' title='bbox 3685 1817 3842 1893; x_wconf 80' lang='grc' dir='ltr'>φυσι-</span> 
     </span>
    </p>
   </div>
   <div class='ocr_carea' id='block_1_38' title="bbox 554 1892 2147 1985">
    <p class='ocr_par' dir='ltr' id='par_1_38' title="bbox 554 1892 2146 1985">
     <span class='ocr_line' id='line_1_38' title="bbox 554 1892 2146 1985; baseline -0.007 -12"><span class='ocrx_word' id='word_1_261' title='bbox 554 1918 638 1973; x_wconf 90' lang='lat' dir='ltr'><strong>nis</strong></span> <span class='ocrx_word' id='word_1_262' title='bbox 670 1924 853 1972; x_wconf 81' lang='lat' dir='ltr'><strong>textus</strong></span> <span class='ocrx_word' id='word_1_263' title='bbox 872 1892 1292 1985; x_wconf 78' lang='lat' dir='ltr'><strong>complectitur,</strong></span> <span class='ocrx_word' id='word_1_264' title='bbox 1318 1913 1548 1978; x_wconf 91' lang='lat' dir='ltr'><strong>docens,</strong></span> <span class='ocrx_word' id='word_1_265' title='bbox 1574 1921 1635 1968; x_wconf 92' lang='lat' dir='ltr'><strong>ut</strong></span> <span class='ocrx_word' id='word_1_266' title='bbox 1662 1926 1727 1966; x_wconf 89' lang='lat' dir='ltr'><strong>ea</strong></span> <span class='ocrx_word' id='word_1_267' title='bbox 1752 1910 1898 1965; x_wconf 91' lang='lat' dir='ltr'><strong>bona</strong></span> <span class='ocrx_word' id='word_1_268' title='bbox 1924 1907 2146 1978; x_wconf 81' lang='lat' dir='ltr'><strong>assequi</strong></span> 
     </span>
    </p>
   </div>
   <div class='ocr_carea' id='block_1_39' title="bbox 2248 1892 3839 1985">
    <p class='ocr_par' dir='ltr' id='par_1_39' title="bbox 2248 1892 3839 1985">
     <span class='ocr_line' id='line_1_39' title="bbox 2248 1892 3839 1985; baseline -0.016 -13"><span class='ocrx_word' id='word_1_269' title='bbox 2248 1892 2364 1980; x_wconf 82' lang='grc' dir='ltr'><strong>κῶς</strong></span> <span class='ocrx_word' id='word_1_270' title='bbox 2418 1911 2797 1985; x_wconf 79' lang='grc' dir='ltr'>μεσιτεύοντος</span> <span class='ocrx_word' id='word_1_271' title='bbox 2839 1910 2899 1962; x_wconf 83' lang='grc' dir='ltr'>ὲν</span> <span class='ocrx_word' id='word_1_272' title='bbox 2938 1906 3079 1976; x_wconf 82' lang='grc' dir='ltr'>ἁγίῳ</span> <span class='ocrx_word' id='word_1_273' title='bbox 3111 1902 3394 1973; x_wconf 80' lang='grc' dir='ltr'>Πνεύματι</span> <span class='ocrx_word' id='word_1_274' title='bbox 3420 1899 3544 1953; x_wconf 75' lang='grc' dir='ltr'>κατ’</span> <span class='ocrx_word' id='word_1_275' title='bbox 3584 1892 3839 1966; x_wconf 75' lang='grc' dir='ltr'>ἀλήθειάν</span> 
     </span>
    </p>
   </div>
   <div class='ocr_carea' id='block_1_40' title="bbox 552 1988 2147 2077">
    <p class='ocr_par' dir='ltr' id='par_1_40' title="bbox 552 1999 2147 2077">
     <span class='ocr_line' id='line_1_40' title="bbox 552 1999 2147 2077; baseline -0.006 -13"><span class='ocrx_word' id='word_1_276' title='bbox 552 2009 895 2075; x_wconf 85' lang='lat' dir='ltr'><strong>studeamus,</strong></span> <span class='ocrx_word' id='word_1_277' title='bbox 949 2022 1189 2077; x_wconf 90' lang='lat' dir='ltr'><strong>quorum</strong></span> <span class='ocrx_word' id='word_1_278' title='bbox 1237 2006 1389 2061; x_wconf 81' lang='lat' dir='ltr'><strong>solus</strong></span> <span class='ocrx_word' id='word_1_279' title='bbox 1424 2005 1574 2060; x_wconf 90' lang='lat' dir='ltr'><strong>Deus</strong></span> <span class='ocrx_word' id='word_1_280' title='bbox 1620 2012 1677 2059; x_wconf 90' lang='lat' dir='ltr'><strong>ct</strong></span> <span class='ocrx_word' id='word_1_281' title='bbox 1709 2003 1871 2058; x_wconf 91' lang='lat' dir='ltr'><strong>Pater</strong></span> <span class='ocrx_word' id='word_1_282' title='bbox 1907 2016 2007 2073; x_wconf 89' lang='lat' dir='ltr'><strong>per</strong></span> <span class='ocrx_word' id='word_1_283' title='bbox 2057 1999 2147 2055; x_wconf 87' lang='lat' dir='ltr'><strong>Fi-</strong></span> 
     </span>
    </p>
   </div>
   <div class='ocr_carea' id='block_1_41' title="bbox 2248 1988 3933 2077">
    <p class='ocr_par' dir='ltr' id='par_1_41' title="bbox 2248 1988 3933 2077">
     <span class='ocr_line' id='line_1_41' title="bbox 2248 1988 3933 2077; baseline -0.014 -16"><span class='ocrx_word' id='word_1_284' title='bbox 2248 2007 2363 2062; x_wconf 70' lang='grc' dir='ltr'>ἔστι</span> <span class='ocrx_word' id='word_1_285' title='bbox 2416 2002 2692 2076; x_wconf 71' lang='grc' dir='ltr'>χορηγόςο</span> <span class='ocrx_word' id='word_1_286' title='bbox 2735 2000 2896 2071; x_wconf 72' lang='grc' dir='ltr'>εἴπερ</span> <span class='ocrx_word' id='word_1_287' title='bbox 2940 1997 3168 2071; x_wconf 85' lang='grc' dir='ltr'>μεσίτης</span> <span class='ocrx_word' id='word_1_288' title='bbox 3209 1992 3347 2049; x_wconf 86' lang='grc' dir='ltr'>Θεοῦ</span> <span class='ocrx_word' id='word_1_289' title='bbox 3381 1992 3478 2046; x_wconf 79' lang='grc' dir='ltr'><strong>καὶ</strong></span> <span class='ocrx_word' id='word_1_290' title='bbox 3509 1988 3842 2077; x_wconf 75' lang='grc' dir='ltr'>ἀνθρώπων,</span> <span class='ocrx_word' id='word_1_291' title='bbox 3930 2002 3933 2003; x_wconf 52' lang='grc'><strong><em>⁷</em></strong></span> 
     </span>
    </p>
   </div>
   <div class='ocr_carea' id='block_1_42' title="bbox 552 2076 2147 2165">
    <p class='ocr_par' dir='ltr' id='par_1_42' title="bbox 552 2076 2147 2165">
     <span class='ocr_line' id='line_1_42' title="bbox 552 2076 2147 2165; baseline -0.006 -9"><span class='ocrx_word' id='word_1_292' title='bbox 552 2101 687 2156; x_wconf 85' lang='lat' dir='ltr'><strong>lium</strong></span> <span class='ocrx_word' id='word_1_293' title='bbox 747 2076 1077 2154; x_wconf 84' lang='lat' dir='ltr'><strong>naturaliter</strong></span> <span class='ocrx_word' id='word_1_294' title='bbox 1139 2096 1476 2152; x_wconf 80' lang='lat' dir='ltr'><strong>mediantem</strong></span> <span class='ocrx_word' id='word_1_295' title='bbox 1536 2095 1594 2149; x_wconf 92' lang='lat' dir='ltr'><strong>in</strong></span> <span class='ocrx_word' id='word_1_296' title='bbox 1685 2093 1896 2165; x_wconf 84' lang='lat' dir='ltr'><strong>Spiritu</strong></span> <span class='ocrx_word' id='word_1_297' title='bbox 1957 2101 2147 2148; x_wconf 88' lang='lat' dir='ltr'><strong>sancto</strong></span> 
     </span>
    </p>
   </div>
   <div class='ocr_carea' id='block_1_43' title="bbox 2248 2076 3841 2165">
    <p class='ocr_par' dir='ltr' id='par_1_43' title="bbox 2248 2076 3841 2155">
     <span class='ocr_line' id='line_1_43' title="bbox 2248 2076 3841 2155; baseline -0.013 -6"><span class='ocrx_word' id='word_1_298' title='bbox 2248 2094 2389 2150; x_wconf 87' lang='grc' dir='ltr'><strong>κατά</strong></span> <span class='ocrx_word' id='word_1_299' title='bbox 2418 2093 2515 2147; x_wconf 81' lang='grc' dir='ltr'>τὸν</span> <span class='ocrx_word' id='word_1_300' title='bbox 2546 2092 2690 2146; x_wconf 86' lang='grc' dir='ltr'>θεῖον</span> <span class='ocrx_word' id='word_1_301' title='bbox 2732 2087 3081 2150; x_wconf 76' lang='grc' dir='ltr'>’Δπόστολον,</span> <span class='ocrx_word' id='word_1_302' title='bbox 3103 2086 3131 2137; x_wconf 94' lang='lat'><strong>6</strong></span> <span class='ocrx_word' id='word_1_303' title='bbox 3164 2081 3371 2155; x_wconf 81' lang='grc' dir='ltr'>Κύριός</span> <span class='ocrx_word' id='word_1_304' title='bbox 3394 2081 3546 2134; x_wconf 75' lang='grc' dir='ltr'>ἐστιν</span> <span class='ocrx_word' id='word_1_305' title='bbox 3581 2076 3793 2148; x_wconf 80' lang='grc' dir='ltr'>Ἰησοῦς</span> <span class='ocrx_word' id='word_1_306' title='bbox 3826 2091 3841 2103; x_wconf 68' lang='grc' dir='ltr'><strong>ο</strong></span> 
     </span>
    </p>
   </div>
   <div class='ocr_carea' id='block_1_44' title="bbox 554 2184 2148 2260">
    <p class='ocr_par' dir='ltr' id='par_1_44' title="bbox 554 2184 2148 2260">
     <span class='ocr_line' id='line_1_44' title="bbox 554 2184 2148 2260; baseline -0.002 -18"><span class='ocrx_word' id='word_1_307' title='bbox 554 2206 680 2246; x_wconf 84' lang='lat' dir='ltr'><strong>vere</strong></span> <span class='ocrx_word' id='word_1_308' title='bbox 726 2188 958 2260; x_wconf 80' lang='lat' dir='ltr'><strong>largitor</strong></span> <span class='ocrx_word' id='word_1_309' title='bbox 1022 2195 1136 2254; x_wconf 88' lang='lat' dir='ltr'><strong>est;</strong></span> <span class='ocrx_word' id='word_1_310' title='bbox 1199 2186 1648 2257; x_wconf 81' lang='lat' dir='ltr'><strong>quandoquidem</strong></span> <span class='ocrx_word' id='word_1_311' title='bbox 1692 2186 1848 2256; x_wconf 76' lang='lat' dir='ltr'><strong>juxta</strong></span> <span class='ocrx_word' id='word_1_312' title='bbox 1898 2184 2148 2240; x_wconf 90' lang='lat' dir='ltr'><strong>divinum</strong></span> 
     </span>
    </p>
   </div>
   <div class='ocr_carea' id='block_1_45' title="bbox 550 2275 2150 2354">
    <p class='ocr_par' dir='ltr' id='par_1_45' title="bbox 550 2275 2150 2354">
     <span class='ocr_line' id='line_1_45' title="bbox 550 2275 2150 2354; baseline -0.004 -16"><span class='ocrx_word' id='word_1_313' title='bbox 550 2283 898 2354; x_wconf 83' lang='lat' dir='ltr'><strong>Apostolum,</strong></span> <span class='ocrx_word' id='word_1_314' title='bbox 951 2279 1220 2336; x_wconf 82' lang='lat' dir='ltr'><strong>Dominus</strong></span> <span class='ocrx_word' id='word_1_315' title='bbox 1253 2279 1415 2334; x_wconf 86' lang='lat' dir='ltr'><strong>Jesus</strong></span> <span class='ocrx_word' id='word_1_316' title='bbox 1461 2278 1559 2333; x_wconf 90' lang='lat' dir='ltr'><strong>Dei</strong></span> <span class='ocrx_word' id='word_1_317' title='bbox 1610 2287 1667 2333; x_wconf 88' lang='lat' dir='ltr'><strong>et</strong></span> <span class='ocrx_word' id='word_1_318' title='bbox 1697 2275 1985 2333; x_wconf 83' lang='lat' dir='ltr'><strong>hominum</strong></span> <span class='ocrx_word' id='word_1_319' title='bbox 2030 2291 2150 2331; x_wconf 85' lang='lat' dir='ltr'><strong>me-</strong></span> 
     </span>
    </p>
   </div>
   <div class='ocr_carea' id='block_1_46' title="bbox 554 2368 2149 2443">
    <p class='ocr_par' dir='ltr' id='par_1_46' title="bbox 554 2368 2149 2443">
     <span class='ocr_line' id='line_1_46' title="bbox 554 2368 2149 2443; baseline -0.003 -16"><span class='ocrx_word' id='word_1_320' title='bbox 554 2376 736 2432; x_wconf 85' lang='lat' dir='ltr'><strong>diator</strong></span> <span class='ocrx_word' id='word_1_321' title='bbox 766 2375 924 2441; x_wconf 69' lang='lat' dir='ltr'><strong>est&quot;;</strong></span> <span class='ocrx_word' id='word_1_322' title='bbox 959 2371 1055 2443; x_wconf 92' lang='lat' dir='ltr'><strong>qui</strong></span> <span class='ocrx_word' id='word_1_323' title='bbox 1085 2370 1350 2427; x_wconf 89' lang='lat' dir='ltr'><strong>nimirum</strong></span> <span class='ocrx_word' id='word_1_324' title='bbox 1380 2368 1708 2426; x_wconf 89' lang='lat' dir='ltr'><strong>intermedia</strong></span> <span class='ocrx_word' id='word_1_325' title='bbox 1738 2383 1904 2425; x_wconf 89' lang='lat' dir='ltr'><strong>carne</strong></span> <span class='ocrx_word' id='word_1_326' title='bbox 1932 2369 2149 2423; x_wconf 84' lang='lat' dir='ltr'><strong>Patrem</strong></span> 
     </span>
    </p>
   </div>
   <div class='ocr_carea' id='block_1_47' title="bbox 542 2456 2152 2534">
    <p class='ocr_par' dir='ltr' id='par_1_47' title="bbox 542 2456 2152 2534">
     <span class='ocr_line' id='line_1_47' title="bbox 542 2456 2152 2534; baseline -0.002 -16"><span class='ocrx_word' id='word_1_327' title='bbox 542 2456 880 2520; x_wconf 82' lang='lat' dir='ltr'><strong>hominibus</strong></span> <span class='ocrx_word' id='word_1_328' title='bbox 910 2462 1185 2534; x_wconf 85' lang='lat' dir='ltr'><strong>ignotum,</strong></span> <span class='ocrx_word' id='word_1_329' title='bbox 1214 2469 1408 2517; x_wconf 89' lang='lat' dir='ltr'><strong>notum</strong></span> <span class='ocrx_word' id='word_1_330' title='bbox 1446 2459 1638 2528; x_wconf 78' lang='lat' dir='ltr'><strong>faciat;</strong></span> <span class='ocrx_word' id='word_1_331' title='bbox 1683 2460 1944 2530; x_wconf 85' lang='lat' dir='ltr'><strong>Patrique</strong></span> <span class='ocrx_word' id='word_1_332' title='bbox 1973 2458 2152 2514; x_wconf 85' lang='lat' dir='ltr'><strong>homi-</strong></span> 
     </span>
    </p>
   </div>
   <div class='ocr_carea' id='block_1_48' title="bbox 559 2551 2153 2626">
    <p class='ocr_par' dir='ltr' id='par_1_48' title="bbox 559 2551 2153 2626">
     <span class='ocr_line' id='line_1_48' title="bbox 559 2551 2153 2626; baseline -0.004 -14"><span class='ocrx_word' id='word_1_333' title='bbox 559 2574 677 2623; x_wconf 89' lang='lat' dir='ltr'><strong>nes,</strong></span> <span class='ocrx_word' id='word_1_334' title='bbox 705 2557 761 2611; x_wconf 91' lang='lat' dir='ltr'><strong>in</strong></span> <span class='ocrx_word' id='word_1_335' title='bbox 799 2570 858 2612; x_wconf 89' lang='lat' dir='ltr'><strong>se</strong></span> <span class='ocrx_word' id='word_1_336' title='bbox 900 2555 1040 2626; x_wconf 90' lang='lat' dir='ltr'><strong>ipse,</strong></span> <span class='ocrx_word' id='word_1_337' title='bbox 1077 2569 1181 2625; x_wconf 90' lang='lat' dir='ltr'><strong>per</strong></span> <span class='ocrx_word' id='word_1_338' title='bbox 1226 2552 1495 2624; x_wconf 89' lang='lat' dir='ltr'><strong>Spiritum</strong></span> <span class='ocrx_word' id='word_1_339' title='bbox 1543 2552 1951 2617; x_wconf 87' lang='lat' dir='ltr'><strong>reconciliatos,</strong></span> <span class='ocrx_word' id='word_1_340' title='bbox 1979 2551 2153 2607; x_wconf 91' lang='lat' dir='ltr'><strong>addu-</strong></span> 
     </span>
    </p>
   </div>
   <div class='ocr_carea' id='block_1_49' title="bbox 558 2638 2149 2719">
    <p class='ocr_par' dir='ltr' id='par_1_49' title="bbox 558 2638 2149 2719">
     <span class='ocr_line' id='line_1_49' title="bbox 558 2638 2149 2719; baseline -0.004 -14"><span class='ocrx_word' id='word_1_341' title='bbox 558 2657 680 2717; x_wconf 86' lang='lat' dir='ltr'><strong>cat;</strong></span> <span class='ocrx_word' id='word_1_342' title='bbox 725 2663 829 2719; x_wconf 89' lang='lat' dir='ltr'><strong>pro</strong></span> <span class='ocrx_word' id='word_1_343' title='bbox 879 2646 1105 2717; x_wconf 89' lang='lat' dir='ltr'><strong>quibus,</strong></span> <span class='ocrx_word' id='word_1_344' title='bbox 1155 2638 1221 2701; x_wconf 85' lang='lat' dir='ltr'><strong>ac</strong></span> <span class='ocrx_word' id='word_1_345' title='bbox 1249 2659 1490 2715; x_wconf 90' lang='lat' dir='ltr'><strong>quorum</strong></span> <span class='ocrx_word' id='word_1_346' title='bbox 1534 2644 1711 2716; x_wconf 89' lang='lat' dir='ltr'><strong>gratia</strong></span> <span class='ocrx_word' id='word_1_347' title='bbox 1754 2644 1894 2699; x_wconf 90' lang='lat' dir='ltr'><strong>citra</strong></span> <span class='ocrx_word' id='word_1_348' title='bbox 1930 2658 2149 2700; x_wconf 90' lang='lat' dir='ltr'><strong>omnem</strong></span> 
     </span>
    </p>
   </div>
   <div class='ocr_carea' id='block_1_50' title="bbox 562 2738 2151 2807">
    <p class='ocr_par' dir='ltr' id='par_1_50' title="bbox 562 2738 2151 2807">
     <span class='ocr_line' id='line_1_50' title="bbox 562 2738 2151 2807; baseline -0.004 -11"><span class='ocrx_word' id='word_1_349' title='bbox 562 2742 927 2800; x_wconf 77' lang='lat' dir='ltr'><strong>mutationem</strong></span> <span class='ocrx_word' id='word_1_350' title='bbox 958 2739 1139 2795; x_wconf 78' lang='lat' dir='ltr'><strong>factus</strong></span> <span class='ocrx_word' id='word_1_351' title='bbox 1170 2738 1361 2803; x_wconf 89' lang='lat' dir='ltr'><strong>homo,</strong></span> <span class='ocrx_word' id='word_1_352' title='bbox 1398 2745 1480 2792; x_wconf 91' lang='lat' dir='ltr'><strong>tot</strong></span> <span class='ocrx_word' id='word_1_353' title='bbox 1516 2742 1927 2807; x_wconf 86' lang='lat' dir='ltr'><strong>tantorumque,</strong></span> <span class='ocrx_word' id='word_1_354' title='bbox 1961 2744 2020 2792; x_wconf 91' lang='lat' dir='ltr'><strong>ut</strong></span> <span class='ocrx_word' id='word_1_355' title='bbox 2053 2750 2151 2792; x_wconf 92' lang='lat' dir='ltr'><strong>eo-</strong></span> 
     </span>
    </p>
   </div>
   <div class='ocr_carea' id='block_1_51' title="bbox 568 2827 2153 2900">
    <p class='ocr_par' dir='ltr' id='par_1_51' title="bbox 568 2827 2153 2900">
     <span class='ocr_line' id='line_1_51' title="bbox 568 2827 2153 2900; baseline -0.002 -15"><span class='ocrx_word' id='word_1_356' title='bbox 568 2850 690 2889; x_wconf 77' lang='lat' dir='ltr'><strong>rum.</strong></span> <span class='ocrx_word' id='word_1_357' title='bbox 728 2834 815 2889; x_wconf 86' lang='lat' dir='ltr'><strong>vel</strong></span> <span class='ocrx_word' id='word_1_358' title='bbox 848 2830 1224 2887; x_wconf 86' lang='lat' dir='ltr'><strong>multitudinis</strong></span> <span class='ocrx_word' id='word_1_359' title='bbox 1260 2830 1350 2886; x_wconf 88' lang='lat' dir='ltr'><strong>vel</strong></span> <span class='ocrx_word' id='word_1_360' title='bbox 1396 2828 1795 2900; x_wconf 79' lang='lat' dir='ltr'><strong>magnitudinis</strong></span> <span class='ocrx_word' id='word_1_361' title='bbox 1841 2827 1994 2883; x_wconf 90' lang='lat' dir='ltr'><strong>nulla</strong></span> <span class='ocrx_word' id='word_1_362' title='bbox 2045 2842 2153 2883; x_wconf 78' lang='lat' dir='ltr'><strong>un-</strong></span> 
     </span>
    </p>
   </div>
   <div class='ocr_carea' id='block_1_52' title="bbox 557 2918 2153 2996">
    <p class='ocr_par' dir='ltr' id='par_1_52' title="bbox 557 2918 2153 2996">
     <span class='ocr_line' id='line_1_52' title="bbox 557 2918 2153 2996; baseline -0.003 -17"><span class='ocrx_word' id='word_1_363' title='bbox 557 2942 722 2992; x_wconf 80' lang='lat' dir='ltr'><strong>quum</strong></span> <span class='ocrx_word' id='word_1_364' title='bbox 754 2926 882 2981; x_wconf 91' lang='lat' dir='ltr'><strong>iniri</strong></span> <span class='ocrx_word' id='word_1_365' title='bbox 918 2925 1094 2996; x_wconf 91' lang='lat' dir='ltr'><strong>possit</strong></span> <span class='ocrx_word' id='word_1_366' title='bbox 1123 2923 1289 2988; x_wconf 84' lang='lat' dir='ltr'><strong>ratio,</strong></span> <span class='ocrx_word' id='word_1_367' title='bbox 1313 2937 1589 2978; x_wconf 90' lang='lat' dir='ltr'><strong>novorum</strong></span> <span class='ocrx_word' id='word_1_368' title='bbox 1622 2918 2010 2991; x_wconf 77' lang='lat' dir='ltr'><strong>mysteriorum</strong></span> <span class='ocrx_word' id='word_1_369' title='bbox 2034 2920 2153 2991; x_wconf 86' lang='lat' dir='ltr'><strong>ipse</strong></span> 
     </span>
    </p>
   </div>
   <div class='ocr_carea' id='block_1_53' title="bbox 2245 2166 3855 2256">
    <p class='ocr_par' dir='ltr' id='par_1_53' title="bbox 2245 2166 3855 2256">
     <span class='ocr_line' id='line_1_53' title="bbox 2245 2166 3855 2256; baseline -0.013 -15"><span class='ocrx_word' id='word_1_370' title='bbox 2245 2187 2360 2250; x_wconf 78' lang='grc' dir='ltr'>τοῖς</span> <span class='ocrx_word' id='word_1_371' title='bbox 2423 2184 2523 2256; x_wconf 82' lang='grc' dir='ltr'>μὲν</span> <span class='ocrx_word' id='word_1_372' title='bbox 2583 2180 2925 2251; x_wconf 81' lang='grc' dir='ltr'>ἀνθρώποις,</span> <span class='ocrx_word' id='word_1_373' title='bbox 2982 2176 3073 2231; x_wconf 89' lang='grc' dir='ltr'><strong>διά</strong></span> <span class='ocrx_word' id='word_1_374' title='bbox 3130 2174 3334 2245; x_wconf 78' lang='grc' dir='ltr'>σαρκὸς</span> <span class='ocrx_word' id='word_1_375' title='bbox 3389 2169 3617 2243; x_wconf 75' lang='grc' dir='ltr'>ἐμφανῆ</span> <span class='ocrx_word' id='word_1_376' title='bbox 3673 2166 3855 2223; x_wconf 77' lang='grc' dir='ltr'>ποιῶν-</span> 
     </span>
    </p>
   </div>
   <div class='ocr_carea' id='block_1_54' title="bbox 2248 2259 3845 2348">
    <p class='ocr_par' dir='ltr' id='par_1_54' title="bbox 2248 2259 3845 2348">
     <span class='ocr_line' id='line_1_54' title="bbox 2248 2259 3845 2348; baseline -0.013 -16"><span class='ocrx_word' id='word_1_377' title='bbox 2248 2274 2609 2346; x_wconf 78' lang='grc' dir='ltr'>ἀγνοούμενον</span> <span class='ocrx_word' id='word_1_378' title='bbox 2643 2272 2734 2325; x_wconf 67' lang='grc' dir='ltr'>τὸν</span> <span class='ocrx_word' id='word_1_379' title='bbox 2769 2271 3033 2348; x_wconf 50' lang='grc' dir='ltr'><strong>Πατέρα..⁸</strong></span> <span class='ocrx_word' id='word_1_380' title='bbox 3072 2266 3149 2339; x_wconf 82' lang='grc' dir='ltr'><strong>τῷ</strong></span> <span class='ocrx_word' id='word_1_381' title='bbox 3188 2265 3247 2320; x_wconf 80' lang='grc' dir='ltr'>δὲ</span> <span class='ocrx_word' id='word_1_382' title='bbox 3303 2263 3484 2336; x_wconf 73' lang='grc' dir='ltr'>Πατρὶ</span> <span class='ocrx_word' id='word_1_383' title='bbox 3540 2261 3629 2317; x_wconf 67' lang='grc' dir='ltr'>διὰ</span> <span class='ocrx_word' id='word_1_384' title='bbox 3672 2259 3845 2314; x_wconf 69' lang='grc' dir='ltr'>Πνεῦ-</span> 
     </span>
    </p>
   </div>
   <div class='ocr_carea' id='block_1_55' title="bbox 2253 2356 3843 2440">
    <p class='ocr_par' dir='ltr' id='par_1_55' title="bbox 2253 2356 3843 2440">
     <span class='ocr_line' id='line_1_55' title="bbox 2253 2356 3843 2440; baseline -0.01 -19"><span class='ocrx_word' id='word_1_385' title='bbox 2253 2385 2417 2440; x_wconf 78' lang='grc' dir='ltr'>ματος</span> <span class='ocrx_word' id='word_1_386' title='bbox 2434 2366 2491 2420; x_wconf 83' lang='grc' dir='ltr'><strong>ὲν</strong></span> <span class='ocrx_word' id='word_1_387' title='bbox 2510 2364 2687 2435; x_wconf 78' lang='grc' dir='ltr'>ἑαυτῷ</span> <span class='ocrx_word' id='word_1_388' title='bbox 2706 2364 2831 2427; x_wconf 81' lang='grc' dir='ltr'>τοὺς</span> <span class='ocrx_word' id='word_1_389' title='bbox 2853 2361 2951 2418; x_wconf 87' lang='grc' dir='ltr'><strong>ἀνθ</strong></span> <span class='ocrx_word' id='word_1_390' title='bbox 2960 2360 3175 2433; x_wconf 84' lang='grc' dir='ltr'>ρώπους</span> <span class='ocrx_word' id='word_1_391' title='bbox 3186 2356 3635 2421; x_wconf 83' lang='grc' dir='ltr'>καταλλαγέντας</span> <span class='ocrx_word' id='word_1_392' title='bbox 3665 2369 3843 2425; x_wconf 86' lang='grc' dir='ltr'>προσ-</span> 
     </span>
    </p>
   </div>
   <div class='ocr_carea' id='block_1_56' title="bbox 2250 2441 3849 2528">
    <p class='ocr_par' dir='ltr' id='par_1_56' title="bbox 2250 2441 3849 2528">
     <span class='ocr_line' id='line_1_56' title="bbox 2250 2441 3849 2528; baseline -0.014 -14"><span class='ocrx_word' id='word_1_393' title='bbox 2250 2461 2399 2528; x_wconf 90' lang='grc' dir='ltr'>άγων</span> <span class='ocrx_word' id='word_1_394' title='bbox 2428 2474 2441 2487; x_wconf 85' lang='grc'><strong>·</strong></span> <span class='ocrx_word' id='word_1_395' title='bbox 2479 2456 2617 2528; x_wconf 81' lang='grc' dir='ltr'>ὑπὲρ</span> <span class='ocrx_word' id='word_1_396' title='bbox 2666 2447 2764 2519; x_wconf 81' lang='grc' dir='ltr'>ὧν,</span> <span class='ocrx_word' id='word_1_397' title='bbox 2817 2451 2911 2506; x_wconf 76' lang='grc' dir='ltr'><strong>καὶ</strong></span> <span class='ocrx_word' id='word_1_398' title='bbox 2948 2449 3017 2504; x_wconf 84' lang='grc' dir='ltr'>δι’</span> <span class='ocrx_word' id='word_1_399' title='bbox 3059 2448 3154 2513; x_wconf 83' lang='grc' dir='ltr'><strong>οὒς</strong></span> <span class='ocrx_word' id='word_1_400' title='bbox 3209 2445 3503 2519; x_wconf 75' lang='grc' dir='ltr'>ἀτρέπτως</span> <span class='ocrx_word' id='word_1_401' title='bbox 3554 2441 3849 2512; x_wconf 78' lang='grc' dir='ltr'>γενόμενος</span> 
     </span>
    </p>
   </div>
   <div class='ocr_carea' id='block_1_57' title="bbox 2249 2532 3848 2624">
    <p class='ocr_par' dir='ltr' id='par_1_57' title="bbox 2249 2532 3848 2624">
     <span class='ocr_line' id='line_1_57' title="bbox 2249 2532 3848 2624; baseline -0.015 -16"><span class='ocrx_word' id='word_1_402' title='bbox 2249 2553 2561 2624; x_wconf 79' lang='grc' dir='ltr'>ἄνθρωπος,</span> <span class='ocrx_word' id='word_1_403' title='bbox 2613 2547 2822 2601; x_wconf 87' lang='grc' dir='ltr'>πολλῶν</span> <span class='ocrx_word' id='word_1_404' title='bbox 2856 2546 2980 2600; x_wconf 82' lang='grc' dir='ltr'>ὅσον</span> <span class='ocrx_word' id='word_1_405' title='bbox 3011 2541 3226 2597; x_wconf 75' lang='grc' dir='ltr'>οὐδέπω</span> <span class='ocrx_word' id='word_1_406' title='bbox 3259 2539 3445 2612; x_wconf 83' lang='grc' dir='ltr'>μέτρῳ</span> <span class='ocrx_word' id='word_1_407' title='bbox 3501 2532 3848 2608; x_wconf 75' lang='grc' dir='ltr'>περιλαϐεῖν,</span> 
     </span>
    </p>
   </div>
   <div class='ocr_carea' id='block_1_58' title="bbox 2251 2624 3855 2712">
    <p class='ocr_par' dir='ltr' id='par_1_58' title="bbox 2251 2624 3855 2712">
     <span class='ocr_line' id='line_1_58' title="bbox 2251 2624 3855 2712; baseline -0.013 -12"><span class='ocrx_word' id='word_1_408' title='bbox 2251 2647 2311 2700; x_wconf 89' lang='grc' dir='ltr'><strong>τό</strong></span> <span class='ocrx_word' id='word_1_409' title='bbox 2359 2662 2419 2699; x_wconf 88' lang='grc' dir='ltr'><strong>τε</strong></span> <span class='ocrx_word' id='word_1_410' title='bbox 2484 2640 2688 2712; x_wconf 74' lang='grc' dir='ltr'>πλῆθος</span> <span class='ocrx_word' id='word_1_411' title='bbox 2738 2638 2834 2694; x_wconf 58' lang='grc' dir='ltr'><strong>καί⁹</strong></span> <span class='ocrx_word' id='word_1_412' title='bbox 2861 2634 3090 2710; x_wconf 75' lang='grc' dir='ltr'>μέγεθος</span> <span class='ocrx_word' id='word_1_413' title='bbox 3112 2632 3404 2704; x_wconf 83' lang='grc' dir='ltr'>δεδύνηται</span> <span class='ocrx_word' id='word_1_414' title='bbox 3425 2629 3611 2699; x_wconf 80' lang='grc' dir='ltr'>λόγος,</span> <span class='ocrx_word' id='word_1_415' title='bbox 3640 2624 3855 2712; x_wconf 77' lang='grc' dir='ltr'>καινῶν</span> 
     </span>
    </p>
   </div>
   <div class='ocr_carea' id='block_1_59' title="bbox 2255 2711 3859 2808">
    <p class='ocr_par' dir='ltr' id='par_1_59' title="bbox 2255 2711 3859 2808">
     <span class='ocr_line' id='line_1_59' title="bbox 2255 2711 3859 2808; baseline -0.012 -19"><span class='ocrx_word' id='word_1_416' title='bbox 2255 2733 2569 2808; x_wconf 71' lang='grc' dir='ltr'>μυστηρίων</span> <span class='ocrx_word' id='word_1_417' title='bbox 2624 2729 2926 2802; x_wconf 77' lang='grc' dir='ltr'>αὐτουργὸς</span> <span class='ocrx_word' id='word_1_418' title='bbox 2974 2728 3190 2797; x_wconf 74' lang='grc' dir='ltr'>γίνεται</span> <span class='ocrx_word' id='word_1_419' title='bbox 3241 2724 3338 2779; x_wconf 75' lang='grc' dir='ltr'><strong>καὶ</strong></span> <span class='ocrx_word' id='word_1_420' title='bbox 3365 2718 3691 2783; x_wconf 85' lang='grc' dir='ltr'>διδάσκαλος</span> <span class='ocrx_word' id='word_1_421' title='bbox 3726 2734 3741 2749; x_wconf 79' lang='grc' dir='ltr'><strong>ο</strong></span> <span class='ocrx_word' id='word_1_422' title='bbox 3771 2711 3859 2770; x_wconf 74' lang='grc' dir='ltr'><strong>ὧν</strong></span> 
     </span>
    </p>
   </div>
   <div class='ocr_carea' id='block_1_60' title="bbox 2253 2808 3849 2896">
    <p class='ocr_par' dir='ltr' id='par_1_60' title="bbox 2253 2808 3849 2896">
     <span class='ocr_line' id='line_1_60' title="bbox 2253 2808 3849 2896; baseline -0.011 -16"><span class='ocrx_word' id='word_1_423' title='bbox 2253 2826 2391 2880; x_wconf 76' lang='grc' dir='ltr'>ἑπτὰ</span> <span class='ocrx_word' id='word_1_424' title='bbox 2414 2824 2504 2878; x_wconf 76' lang='grc' dir='ltr'>τὸν</span> <span class='ocrx_word' id='word_1_425' title='bbox 2531 2821 2764 2896; x_wconf 83' lang='grc' dir='ltr'>ἀριθμὸν</span> <span class='ocrx_word' id='word_1_426' title='bbox 2792 2816 3133 2891; x_wconf 83' lang='grc' dir='ltr'>γενικῶτερα</span> <span class='ocrx_word' id='word_1_427' title='bbox 3154 2816 3263 2870; x_wconf 90' lang='grc' dir='ltr'><strong>τῶν</strong></span> <span class='ocrx_word' id='word_1_428' title='bbox 3287 2813 3516 2880; x_wconf 85' lang='grc' dir='ltr'>λοιπῶν,</span> <span class='ocrx_word' id='word_1_429' title='bbox 3548 2812 3671 2867; x_wconf 83' lang='grc' dir='ltr'>κατ’</span> <span class='ocrx_word' id='word_1_430' title='bbox 3695 2808 3849 2875; x_wconf 60' lang='lat' dir='ltr'><strong>65a!-</strong></span> 
     </span>
    </p>
   </div>
   <div class='ocr_carea' id='block_1_61' title="bbox 2257 2904 3849 2988">
    <p class='ocr_par' dir='ltr' id='par_1_61' title="bbox 2257 2904 3849 2988">
     <span class='ocr_line' id='line_1_61' title="bbox 2257 2904 3849 2988; baseline -0.01 -16"><span class='ocrx_word' id='word_1_431' title='bbox 2257 2934 2412 2988; x_wconf 89' lang='grc' dir='ltr'>ρετον</span> <span class='ocrx_word' id='word_1_432' title='bbox 2456 2914 2767 2987; x_wconf 78' lang='grc' dir='ltr'>φιλοτιμίαν</span> <span class='ocrx_word' id='word_1_433' title='bbox 2811 2912 3083 2982; x_wconf 71' lang='grc' dir='ltr'>πέφανται</span> <span class='ocrx_word' id='word_1_434' title='bbox 3138 2912 3251 2973; x_wconf 77' lang='grc' dir='ltr'>τοῖς</span> <span class='ocrx_word' id='word_1_435' title='bbox 3275 2906 3589 2979; x_wconf 82' lang='grc' dir='ltr'>ἀνθρώποις</span> <span class='ocrx_word' id='word_1_436' title='bbox 3610 2904 3849 2975; x_wconf 78' lang='grc' dir='ltr'>δεδωρηο</span> 
     </span>
    </p>
   </div>
   <div class='ocr_carea' id='block_1_62' title="bbox 562 2996 2147 3113">
    <p class='ocr_par' dir='ltr' id='par_1_62' title="bbox 562 3011 2147 3087">
     <span class='ocr_line' id='line_1_62' title="bbox 562 3011 2147 3087; baseline -0.006 -15"><span class='ocrx_word' id='word_1_437' title='bbox 562 3027 754 3072; x_wconf 82' lang='lat' dir='ltr'><strong>auctor</strong></span> <span class='ocrx_word' id='word_1_438' title='bbox 769 3025 933 3087; x_wconf 88' lang='lat' dir='ltr'><strong>atque</strong></span> <span class='ocrx_word' id='word_1_439' title='bbox 950 3014 1470 3085; x_wconf 33' lang='lat' dir='ltr'><strong>opifex,,doctorque</strong></span> <span class='ocrx_word' id='word_1_440' title='bbox 1489 3013 1719 3069; x_wconf 77' lang='lat' dir='ltr'><strong>exsistat</strong></span> <span class='ocrx_word' id='word_1_441' title='bbox 1739 3031 1752 3067; x_wconf 92' lang='lat'><strong>:</strong></span> <span class='ocrx_word' id='word_1_442' title='bbox 1772 3028 1803 3068; x_wconf 90' lang='lat' dir='ltr'><strong>e</strong></span> <span class='ocrx_word' id='word_1_443' title='bbox 1823 3011 2026 3082; x_wconf 90' lang='lat' dir='ltr'><strong>quibus</strong></span> <span class='ocrx_word' id='word_1_444' title='bbox 2043 3021 2147 3082; x_wconf 64' lang='lat' dir='ltr'><strong>pra</strong></span> 
     </span>
    </p>
   </div>
   <div class='ocr_carea' id='block_1_63' title="bbox 2248 2996 3853 3113">
    <p class='ocr_par' dir='ltr' id='par_1_63' title="bbox 2261 2996 3853 3113">
     <span class='ocr_line' id='line_1_63' title="bbox 2261 2996 3853 3083; baseline -0.01 -18"><span class='ocrx_word' id='word_1_445' title='bbox 2261 3010 2417 3083; x_wconf 80' lang='grc' dir='ltr'>μένος</span> <span class='ocrx_word' id='word_1_446' title='bbox 2445 3026 2459 3040; x_wconf 92' lang='grc'><strong>·</strong></span> <span class='ocrx_word' id='word_1_447' title='bbox 2496 3005 2570 3064; x_wconf 82' lang='grc' dir='ltr'>ὧν</span> <span class='ocrx_word' id='word_1_448' title='bbox 2600 3006 2876 3080; x_wconf 88' lang='grc' dir='ltr'>μυστικῶς</span> <span class='ocrx_word' id='word_1_449' title='bbox 2898 3004 3144 3077; x_wconf 78' lang='grc' dir='ltr'>περιέχει</span> <span class='ocrx_word' id='word_1_450' title='bbox 3164 3002 3266 3074; x_wconf 85' lang='grc' dir='ltr'><strong>τὴν</strong></span> <span class='ocrx_word' id='word_1_451' title='bbox 3296 2999 3554 3070; x_wconf 77' lang='grc' dir='ltr'>δύναμιν,</span> <span class='ocrx_word' id='word_1_452' title='bbox 3582 2997 3659 3061; x_wconf 84' lang='grc' dir='ltr'>ὡς</span> <span class='ocrx_word' id='word_1_453' title='bbox 3683 2996 3853 3064; x_wconf 76' lang='grc' dir='ltr'>ἔφην,</span> 
     </span>
     <span class='ocr_line' id='line_1_64' title="bbox 2294 3086 3851 3113; baseline 0 0"><span class='ocrx_word' id='word_1_454' title='bbox 2294 3105 2319 3113; x_wconf 88' lang='grc'><strong>..</strong></span> <span class='ocrx_word' id='word_1_455' title='bbox 2659 3099 2684 3111; x_wconf 69' lang='lat'><strong><em>~</em></strong></span> <span class='ocrx_word' id='word_1_456' title='bbox 2777 3098 2792 3113; x_wconf 75' lang='grc' dir='ltr'><strong>ο</strong></span> <span class='ocrx_word' id='word_1_457' title='bbox 3001 3096 3047 3113; x_wconf 68' lang='grc'><strong>1,</strong></span> <span class='ocrx_word' id='word_1_458' title='bbox 3079 3111 3090 3113; x_wconf 87' lang='grc'><strong>-</strong></span> <span class='ocrx_word' id='word_1_459' title='bbox 3140 3090 3424 3113; x_wconf 46' lang='grc' dir='ltr'><strong>ΛΑ-Ἂ---1..-.</strong></span> <span class='ocrx_word' id='word_1_460' title='bbox 3481 3086 3759 3113; x_wconf 64' lang='grc' dir='ltr'><strong>-.ΩΑΔ--Ι-η</strong></span> <span class='ocrx_word' id='word_1_461' title='bbox 3790 3086 3851 3113; x_wconf 55' lang='lat' dir='ltr'><strong>in</strong></span> 
     </span>
    </p>
   </div>
   <div class='ocr_carea' id='block_1_64' title="bbox 563 3086 2147 3178">
    <p class='ocr_par' dir='ltr' id='par_1_64' title="bbox 563 3104 2147 3178">
     <span class='ocr_line' id='line_1_65' title="bbox 563 3104 2147 3178; baseline -0.005 -13"><span class='ocrx_word' id='word_1_462' title='bbox 563 3107 776 3165; x_wconf 70' lang='lat' dir='ltr'><strong>caeteris</strong></span> <span class='ocrx_word' id='word_1_463' title='bbox 792 3119 1002 3178; x_wconf 88' lang='lat' dir='ltr'><strong>septem</strong></span> <span class='ocrx_word' id='word_1_464' title='bbox 1020 3122 1263 3163; x_wconf 82' lang='lat' dir='ltr'><strong>numero</strong></span> <span class='ocrx_word' id='word_1_465' title='bbox 1277 3105 1694 3171; x_wconf 88' lang='lat' dir='ltr'><strong>universaliora,</strong></span> <span class='ocrx_word' id='word_1_466' title='bbox 1711 3118 1811 3176; x_wconf 90' lang='lat' dir='ltr'><strong>pro</strong></span> <span class='ocrx_word' id='word_1_467' title='bbox 1829 3104 2029 3159; x_wconf 84' lang='lat' dir='ltr'><strong>eximia</strong></span> <span class='ocrx_word' id='word_1_468' title='bbox 2057 3118 2147 3158; x_wconf 82' lang='lat' dir='ltr'><strong>sua</strong></span> 
     </span>
    </p>
   </div>
   <div class='ocr_carea' id='block_1_65' title="bbox 2248 3086 3857 3178">
    <p class='ocr_par' dir='ltr' id='par_1_65' title="bbox 2257 3086 3857 3174">
     <span class='ocr_line' id='line_1_66' title="bbox 2257 3086 3857 3174; baseline -0.013 -17"><span class='ocrx_word' id='word_1_469' title='bbox 2257 3105 2358 3174; x_wconf 86' lang='grc' dir='ltr'>τῆς</span> <span class='ocrx_word' id='word_1_470' title='bbox 2412 3099 2726 3174; x_wconf 80' lang='grc' dir='ltr'>προσευχῆς</span> <span class='ocrx_word' id='word_1_471' title='bbox 2768 3098 2798 3151; x_wconf 90' lang='grc' dir='ltr'><strong>ό</strong></span> <span class='ocrx_word' id='word_1_472' title='bbox 2848 3096 3049 3159; x_wconf 87' lang='grc' dir='ltr'>σκοπός</span> <span class='ocrx_word' id='word_1_473' title='bbox 3076 3111 3092 3125; x_wconf 83' lang='grc'><strong>’</strong></span> <span class='ocrx_word' id='word_1_474' title='bbox 3140 3090 3446 3160; x_wconf 85' lang='grc' dir='ltr'>θεολογίαν,</span> <span class='ocrx_word' id='word_1_475' title='bbox 3481 3086 3759 3141; x_wconf 77' lang='grc' dir='ltr'>υἱοθεσίαν</span> <span class='ocrx_word' id='word_1_476' title='bbox 3788 3086 3857 3137; x_wconf 76' lang='grc' dir='ltr'><strong>ἐν.</strong></span> 
     </span>
    </p>
   </div>
   <div class='ocr_carea' id='block_1_66' title="bbox 562 3175 2147 3270">
    <p class='ocr_par' dir='ltr' id='par_1_66' title="bbox 562 3175 2147 3270">
     <span class='ocr_line' id='line_1_67' title="bbox 562 3175 2147 3270; baseline -0.003 -15"><span class='ocrx_word' id='word_1_477' title='bbox 562 3175 892 3256; x_wconf 64' lang='lat' dir='ltr'><strong>liberalitate</strong></span> <span class='ocrx_word' id='word_1_478' title='bbox 939 3198 1152 3270; x_wconf 85' lang='lat' dir='ltr'><strong>liquido</strong></span> <span class='ocrx_word' id='word_1_479' title='bbox 1199 3198 1518 3254; x_wconf 89' lang='lat' dir='ltr'><strong>hominibus</strong></span> <span class='ocrx_word' id='word_1_480' title='bbox 1558 3175 1869 3263; x_wconf 86' lang='lat' dir='ltr'><strong>concessit;</strong></span> <span class='ocrx_word' id='word_1_481' title='bbox 1915 3202 2147 3267; x_wconf 88' lang='lat' dir='ltr'><strong>quorum</strong></span> 
     </span>
    </p>
   </div>
   <div class='ocr_carea' id='block_1_67' title="bbox 2248 3175 3850 3270">
    <p class='ocr_par' dir='ltr' id='par_1_67' title="bbox 2253 3175 3850 3270">
     <span class='ocr_line' id='line_1_68' title="bbox 2253 3175 3850 3270; baseline -0.012 -22"><span class='ocrx_word' id='word_1_482' title='bbox 2253 3194 2460 3267; x_wconf 83' lang='grc' dir='ltr'>χάριτι,</span> <span class='ocrx_word' id='word_1_483' title='bbox 2513 3191 2786 3263; x_wconf 77' lang='grc' dir='ltr'>ἰσοτιμίαν</span> <span class='ocrx_word' id='word_1_484' title='bbox 2813 3189 2912 3260; x_wconf 84' lang='grc' dir='ltr'>τὴν</span> <span class='ocrx_word' id='word_1_485' title='bbox 2952 3187 3089 3259; x_wconf 82' lang='grc' dir='ltr'>πρὸς</span> <span class='ocrx_word' id='word_1_486' title='bbox 3149 3183 3451 3254; x_wconf 80' lang='grc' dir='ltr'>ἀγγέλους,</span> <span class='ocrx_word' id='word_1_487' title='bbox 3488 3178 3661 3235; x_wconf 77' lang='grc' dir='ltr'>ἀϊδίου</span> <span class='ocrx_word' id='word_1_488' title='bbox 3698 3175 3850 3270; x_wconf 58' lang='grc' dir='ltr'>ζωῆς</span> 
     </span>
    </p>
   </div>
   <div class='ocr_carea' id='block_1_68' title="bbox 564 3289 2159 3361">
    <p class='ocr_par' dir='ltr' id='par_1_68' title="bbox 564 3289 2159 3361">
     <span class='ocr_line' id='line_1_69' title="bbox 564 3289 2159 3361; baseline -0.001 -17"><span class='ocrx_word' id='word_1_489' title='bbox 564 3291 794 3361; x_wconf 75' lang='lat' dir='ltr'><strong>mystice</strong></span> <span class='ocrx_word' id='word_1_490' title='bbox 813 3290 953 3358; x_wconf 88' lang='lat' dir='ltr'><strong>vim,</strong></span> <span class='ocrx_word' id='word_1_491' title='bbox 977 3290 1057 3344; x_wconf 88' lang='lat' dir='ltr'><strong>uti</strong></span> <span class='ocrx_word' id='word_1_492' title='bbox 1091 3289 1364 3355; x_wconf 88' lang='lat' dir='ltr'><strong>dicebam,</strong></span> <span class='ocrx_word' id='word_1_493' title='bbox 1395 3289 1783 3359; x_wconf 88' lang='lat' dir='ltr'><strong>complectitur</strong></span> <span class='ocrx_word' id='word_1_494' title='bbox 1809 3304 2008 3359; x_wconf 87' lang='lat' dir='ltr'><strong>scopus</strong></span> <span class='ocrx_word' id='word_1_495' title='bbox 2033 3303 2159 3342; x_wconf 87' lang='lat' dir='ltr'><strong>ora—</strong></span> 
     </span>
    </p>
   </div>
   <div class='ocr_carea' id='block_1_69' title="bbox 568 3380 2153 3453">
    <p class='ocr_par' dir='ltr' id='par_1_69' title="bbox 568 3380 2153 3453">
     <span class='ocr_line' id='line_1_70' title="bbox 568 3380 2153 3453; baseline 0 -16"><span class='ocrx_word' id='word_1_496' title='bbox 568 3383 740 3438; x_wconf 82' lang='lat' dir='ltr'><strong>tionis</strong></span> <span class='ocrx_word' id='word_1_497' title='bbox 763 3400 781 3437; x_wconf 82' lang='lat'>:</span> <span class='ocrx_word' id='word_1_498' title='bbox 816 3396 1036 3452; x_wconf 88' lang='lat' dir='ltr'><strong>nempe,</strong></span> <span class='ocrx_word' id='word_1_499' title='bbox 1067 3381 1422 3452; x_wconf 87' lang='lat' dir='ltr'><strong>theologiam,</strong></span> <span class='ocrx_word' id='word_1_500' title='bbox 1458 3380 1813 3451; x_wconf 88' lang='lat' dir='ltr'><strong>adoptionem</strong></span> <span class='ocrx_word' id='word_1_501' title='bbox 1853 3380 1910 3435; x_wconf 91' lang='lat' dir='ltr'><strong>in</strong></span> <span class='ocrx_word' id='word_1_502' title='bbox 1958 3380 2153 3453; x_wconf 83' lang='lat' dir='ltr'><strong>gratia,</strong></span> 
     </span>
    </p>
   </div>
   <div class='ocr_carea' id='block_1_70' title="bbox 564 3472 2152 3545">
    <p class='ocr_par' dir='ltr' id='par_1_70' title="bbox 564 3472 2152 3545">
     <span class='ocr_line' id='line_1_71' title="bbox 564 3472 2152 3545; baseline -0.001 -16"><span class='ocrx_word' id='word_1_503' title='bbox 564 3490 753 3545; x_wconf 79' lang='lat' dir='ltr'><strong>parem</strong></span> <span class='ocrx_word' id='word_1_504' title='bbox 810 3489 934 3529; x_wconf 91' lang='lat' dir='ltr'><strong>cum</strong></span> <span class='ocrx_word' id='word_1_505' title='bbox 983 3472 1194 3545; x_wconf 77' lang='lat' dir='ltr'><strong>angelis</strong></span> <span class='ocrx_word' id='word_1_506' title='bbox 1251 3472 1481 3528; x_wconf 88' lang='lat' dir='ltr'><strong>honoris</strong></span> <span class='ocrx_word' id='word_1_507' title='bbox 1530 3479 1763 3537; x_wconf 86' lang='lat' dir='ltr'><strong>sortem,</strong></span> <span class='ocrx_word' id='word_1_508' title='bbox 1805 3472 2152 3542; x_wconf 76' lang='lat' dir='ltr'><strong>sempiterna:</strong></span> 
     </span>
    </p>
   </div>
   <div class='ocr_carea' id='block_1_71' title="bbox 560 3561 2150 3633">
    <p class='ocr_par' dir='ltr' id='par_1_71' title="bbox 560 3561 2150 3633">
     <span class='ocr_line' id='line_1_72' title="bbox 560 3561 2150 3633; baseline -0.002 -13"><span class='ocrx_word' id='word_1_509' title='bbox 560 3566 686 3623; x_wconf 74' lang='lat' dir='ltr'><strong>vita:</strong></span> <span class='ocrx_word' id='word_1_510' title='bbox 714 3565 1053 3629; x_wconf 83' lang='lat' dir='ltr'><strong>societatem,</strong></span> <span class='ocrx_word' id='word_1_511' title='bbox 1078 3572 1291 3619; x_wconf 70' lang='lat' dir='ltr'><strong>naturae</strong></span> <span class='ocrx_word' id='word_1_512' title='bbox 1313 3564 1370 3618; x_wconf 91' lang='lat' dir='ltr'><strong>in</strong></span> <span class='ocrx_word' id='word_1_513' title='bbox 1403 3562 1640 3633; x_wconf 89' lang='lat' dir='ltr'><strong>seipsam</strong></span> <span class='ocrx_word' id='word_1_514' title='bbox 1689 3561 1843 3617; x_wconf 89' lang='lat' dir='ltr'><strong>nulla</strong></span> <span class='ocrx_word' id='word_1_515' title='bbox 1866 3561 1989 3633; x_wconf 82' lang='lat' dir='ltr'><strong>vitii</strong></span> <span class='ocrx_word' id='word_1_516' title='bbox 2027 3562 2150 3618; x_wconf 78' lang='lat' dir='ltr'><strong>labe</strong></span> 
     </span>
    </p>
   </div>
   <div class='ocr_carea' id='block_1_72' title="bbox 560 3640 2152 3733">
    <p class='ocr_par' dir='ltr' id='par_1_72' title="bbox 560 3640 2152 3733">
     <span class='ocr_line' id='line_1_73' title="bbox 560 3640 2152 3733; baseline -0.004 -20"><span class='ocrx_word' id='word_1_517' title='bbox 560 3667 658 3713; x_wconf 88' lang='lat' dir='ltr'><strong>aut</strong></span> <span class='ocrx_word' id='word_1_518' title='bbox 687 3657 916 3715; x_wconf 82' lang='lat' dir='ltr'><strong>libidine</strong></span> <span class='ocrx_word' id='word_1_519' title='bbox 973 3654 1290 3733; x_wconf 78' lang='lat' dir='ltr'><strong>inclinantis</strong></span> <span class='ocrx_word' id='word_1_520' title='bbox 1332 3655 1388 3711; x_wconf 91' lang='lat' dir='ltr'><strong>in</strong></span> <span class='ocrx_word' id='word_1_521' title='bbox 1404 3640 1687 3727; x_wconf 89' lang='lat' dir='ltr'><strong>integrum</strong></span> <span class='ocrx_word' id='word_1_522' title='bbox 1722 3652 2152 3717; x_wconf 87' lang='lat' dir='ltr'><strong>restitutionem,</strong></span> 
     </span>
    </p>
   </div>
   <div class='ocr_carea' id='block_1_73' title="bbox 2256 3267 3853 3359">
    <p class='ocr_par' dir='ltr' id='par_1_73' title="bbox 2256 3267 3853 3359">
     <span class='ocr_line' id='line_1_74' title="bbox 2256 3267 3853 3359; baseline -0.014 -18"><span class='ocrx_word' id='word_1_523' title='bbox 2256 3286 2515 3359; x_wconf 79' lang='grc' dir='ltr'>μετοχὴν,</span> <span class='ocrx_word' id='word_1_524' title='bbox 2572 3283 2813 3354; x_wconf 75' lang='grc' dir='ltr'>φύσεως</span> <span class='ocrx_word' id='word_1_525' title='bbox 2842 3280 3071 3343; x_wconf 81' lang='grc' dir='ltr'>ἀπαθῶς</span> <span class='ocrx_word' id='word_1_526' title='bbox 3127 3277 3264 3349; x_wconf 78' lang='grc' dir='ltr'>πρδς</span> <span class='ocrx_word' id='word_1_527' title='bbox 3326 3273 3529 3344; x_wconf 76' lang='grc' dir='ltr'>ἑαυτὴν</span> <span class='ocrx_word' id='word_1_528' title='bbox 3581 3267 3853 3338; x_wconf 78' lang='grc' dir='ltr'>νευούσης</span> 
     </span>
    </p>
   </div>
   <div class='ocr_carea' id='block_1_74' title="bbox 2252 3362 3848 3446">
    <p class='ocr_par' dir='ltr' id='par_1_74' title="bbox 2252 3362 3848 3446">
     <span class='ocr_line' id='line_1_75' title="bbox 2252 3362 3848 3446; baseline -0.013 -13"><span class='ocrx_word' id='word_1_529' title='bbox 2252 3378 2719 3441; x_wconf 82' lang='grc' dir='ltr'>ἀποκατάστασιν,</span> <span class='ocrx_word' id='word_1_530' title='bbox 2757 3374 2852 3429; x_wconf 86' lang='grc' dir='ltr'><strong>τοῦ</strong></span> <span class='ocrx_word' id='word_1_531' title='bbox 2892 3373 3057 3446; x_wconf 90' lang='grc' dir='ltr'>νόμου</span> <span class='ocrx_word' id='word_1_532' title='bbox 3082 3372 3179 3443; x_wconf 79' lang='grc' dir='ltr'>τῆς</span> <span class='ocrx_word' id='word_1_533' title='bbox 3213 3362 3495 3440; x_wconf 81' lang='grc' dir='ltr'>ἀμαρτίας</span> <span class='ocrx_word' id='word_1_534' title='bbox 3521 3362 3848 3422; x_wconf 66' lang='grc' dir='ltr'>κατάλυσιν,</span> 
     </span>
    </p>
   </div>
   <div class='ocr_carea' id='block_1_75' title="bbox 2256 3450 3859 3541">
    <p class='ocr_par' dir='ltr' id='par_1_75' title="bbox 2256 3450 3859 3541">
     <span class='ocr_line' id='line_1_76' title="bbox 2256 3450 3859 3541; baseline -0.014 -14"><span class='ocrx_word' id='word_1_535' title='bbox 2256 3473 2351 3528; x_wconf 72' lang='grc' dir='ltr'>καὶ</span> <span class='ocrx_word' id='word_1_536' title='bbox 2394 3471 2496 3541; x_wconf 81' lang='grc' dir='ltr'>τῆς</span> <span class='ocrx_word' id='word_1_537' title='bbox 2532 3469 2626 3524; x_wconf 87' lang='grc' dir='ltr'><strong>τοῦ</strong></span> <span class='ocrx_word' id='word_1_538' title='bbox 2660 3468 3033 3541; x_wconf 80' lang='grc' dir='ltr'>κρατήσαντος</span> <span class='ocrx_word' id='word_1_539' title='bbox 3062 3463 3219 3535; x_wconf 79' lang='grc' dir='ltr'>ἡμῶν</span> <span class='ocrx_word' id='word_1_540' title='bbox 3247 3460 3316 3516; x_wconf 82' lang='grc' dir='ltr'>δι’</span> <span class='ocrx_word' id='word_1_541' title='bbox 3344 3459 3569 3528; x_wconf 78' lang='grc' dir='ltr'>ἀπάτης</span> <span class='ocrx_word' id='word_1_542' title='bbox 3603 3450 3859 3525; x_wconf 48' lang='grc' dir='ltr'>πονηροῦ,</span> 
     </span>
    </p>
   </div>
   <div class='ocr_carea' id='block_1_76' title="bbox 2259 3543 3850 3638">
    <p class='ocr_par' dir='ltr' id='par_1_76' title="bbox 2259 3543 3850 3638">
     <span class='ocr_line' id='line_1_77' title="bbox 2259 3543 3850 3638; baseline -0.016 -18"><span class='ocrx_word' id='word_1_543' title='bbox 2259 3564 2574 3638; x_wconf 83' lang='grc' dir='ltr'>τυραννίδος</span> <span class='ocrx_word' id='word_1_544' title='bbox 2631 3560 2971 3631; x_wconf 87' lang='grc' dir='ltr'>καθαίρεσιν.</span> <span class='ocrx_word' id='word_1_545' title='bbox 3021 3555 3322 3626; x_wconf 87' lang='grc' dir='ltr'>Σκοπῶμεν</span> <span class='ocrx_word' id='word_1_546' title='bbox 3369 3546 3465 3606; x_wconf 84' lang='grc' dir='ltr'>οὖν</span> <span class='ocrx_word' id='word_1_547' title='bbox 3499 3548 3599 3621; x_wconf 74' lang='grc' dir='ltr'><strong>τὴν</strong></span> <span class='ocrx_word' id='word_1_548' title='bbox 3627 3546 3739 3600; x_wconf 83' lang='grc' dir='ltr'><strong>τῶν</strong></span> <span class='ocrx_word' id='word_1_549' title='bbox 3770 3543 3850 3595; x_wconf 59' lang='lat' dir='ltr'><strong>ls-</strong></span> 
     </span>
    </p>
   </div>
   <div class='ocr_carea' id='block_1_77' title="bbox 2258 3653 2797 3729">
    <p class='ocr_par' dir='ltr' id='par_1_77' title="bbox 2258 3653 2797 3729">
     <span class='ocr_line' id='line_1_78' title="bbox 2258 3653 2797 3729; baseline -0.009 -18"><span class='ocrx_word' id='word_1_550' title='bbox 2258 3656 2506 3729; x_wconf 77' lang='grc' dir='ltr'>χθέντων-</span> <span class='ocrx_word' id='word_1_551' title='bbox 2518 3653 2797 3726; x_wconf 69' lang='grc' dir='ltr'>ἀλήθειαν.</span> 
     </span>
    </p>
   </div>
   <div class='ocr_carea' id='block_1_78' title="bbox 562 3732 3849 3820">
    <p class='ocr_par' dir='ltr' id='par_1_78' title="bbox 562 3732 3849 3820">
     <span class='ocr_line' id='line_1_79' title="bbox 562 3732 3849 3820; baseline -0.007 -15"><span class='ocrx_word' id='word_1_552' title='bbox 562 3748 698 3820; x_wconf 86' lang='lat' dir='ltr'><strong>legis</strong></span> <span class='ocrx_word' id='word_1_553' title='bbox 753 3748 967 3819; x_wconf 83' lang='lat' dir='ltr'><strong>peccati</strong></span> <span class='ocrx_word' id='word_1_554' title='bbox 1013 3748 1486 3814; x_wconf 89' lang='lat' dir='ltr'><strong>destructionem,</strong></span> <span class='ocrx_word' id='word_1_555' title='bbox 1535 3764 1600 3804; x_wconf 92' lang='lat' dir='ltr'><strong>ac</strong></span> <span class='ocrx_word' id='word_1_556' title='bbox 1648 3747 1998 3818; x_wconf 87' lang='lat' dir='ltr'><strong>nequissimi,</strong></span> <span class='ocrx_word' id='word_1_557' title='bbox 2054 3748 2149 3819; x_wconf 85' lang='lat' dir='ltr'><strong>qui</strong></span> <span class='ocrx_word' id='word_1_558' title='bbox 2187 3765 2290 3806; x_wconf 90' lang='lat' dir='ltr'><strong>nos</strong></span> <span class='ocrx_word' id='word_1_559' title='bbox 2358 3747 2678 3807; x_wconf 77' lang='lat' dir='ltr'><strong>seduceudo</strong></span> <span class='ocrx_word' id='word_1_560' title='bbox 2730 3746 3049 3808; x_wconf 80' lang='lat' dir='ltr'><strong>addixerat,</strong></span> <span class='ocrx_word' id='word_1_561' title='bbox 3103 3738 3415 3814; x_wconf 79' lang='lat' dir='ltr'><strong>tyrannidis</strong></span> <span class='ocrx_word' id='word_1_562' title='bbox 3457 3732 3849 3791; x_wconf 78' lang='lat' dir='ltr'><strong>abolitionem.</strong></span> 
     </span>
    </p>
   </div>
   <div class='ocr_carea' id='block_1_79' title="bbox 564 3838 2026 3911">
    <p class='ocr_par' dir='ltr' id='par_1_79' title="bbox 564 3838 2026 3911">
     <span class='ocr_line' id='line_1_80' title="bbox 564 3838 2026 3911; baseline -0.001 -15"><span class='ocrx_word' id='word_1_563' title='bbox 564 3839 851 3896; x_wconf 86' lang='lat' dir='ltr'><strong>Dictorum</strong></span> <span class='ocrx_word' id='word_1_564' title='bbox 889 3838 1058 3911; x_wconf 88' lang='lat' dir='ltr'><strong>igitur</strong></span> <span class='ocrx_word' id='word_1_565' title='bbox 1094 3839 1387 3897; x_wconf 90' lang='lat' dir='ltr'><strong>veritatem</strong></span> <span class='ocrx_word' id='word_1_566' title='bbox 1425 3840 1620 3896; x_wconf 90' lang='lat' dir='ltr'><strong>sedulo</strong></span> <span class='ocrx_word' id='word_1_567' title='bbox 1649 3839 2026 3910; x_wconf 81' lang='lat' dir='ltr'><strong>exquiramus.</strong></span> 
     </span>
    </p>
   </div>
   <div class='ocr_carea' id='block_1_80' title="bbox 634 3933 2153 4006">
    <p class='ocr_par' dir='ltr' id='par_1_80' title="bbox 634 3933 2153 4006">
     <span class='ocr_line' id='line_1_81' title="bbox 634 3933 2153 4006; baseline 0 -19"><span class='ocrx_word' id='word_1_568' title='bbox 634 3934 771 3988; x_wconf 81' lang='lat' dir='ltr'><strong>Nam</strong></span> <span class='ocrx_word' id='word_1_569' title='bbox 826 3934 1162 4005; x_wconf 87' lang='lat' dir='ltr'><strong>theologiam</strong></span> <span class='ocrx_word' id='word_1_570' title='bbox 1219 3934 1447 4006; x_wconf 91' lang='lat' dir='ltr'><strong>quidem</strong></span> <span class='ocrx_word' id='word_1_571' title='bbox 1493 3934 1680 3999; x_wconf 87' lang='lat' dir='ltr'><strong>docet,</strong></span> <span class='ocrx_word' id='word_1_572' title='bbox 1727 3933 1877 4004; x_wconf 93' lang='lat' dir='ltr'><strong>quod</strong></span> <span class='ocrx_word' id='word_1_573' title='bbox 1933 3949 2153 3989; x_wconf 88' lang='lat' dir='ltr'><strong>carnem</strong></span> 
     </span>
    </p>
   </div>
   <div class='ocr_carea' id='block_1_81' title="bbox 566 4022 2155 4094">
    <p class='ocr_par' dir='ltr' id='par_1_81' title="bbox 566 4022 2155 4094">
     <span class='ocr_line' id='line_1_82' title="bbox 566 4022 2155 4094; baseline 0.001 -18"><span class='ocrx_word' id='word_1_574' title='bbox 566 4022 884 4094; x_wconf 84' lang='lat' dir='ltr'><strong>assumpsit,</strong></span> <span class='ocrx_word' id='word_1_575' title='bbox 917 4023 1016 4079; x_wconf 88' lang='lat' dir='ltr'><strong>Dei</strong></span> <span class='ocrx_word' id='word_1_576' title='bbox 1054 4024 1316 4091; x_wconf 84' lang='lat' dir='ltr'><strong>Verbum,</strong></span> <span class='ocrx_word' id='word_1_577' title='bbox 1345 4025 1401 4079; x_wconf 90' lang='lat' dir='ltr'><strong>in</strong></span> <span class='ocrx_word' id='word_1_578' title='bbox 1432 4040 1491 4081; x_wconf 90' lang='lat' dir='ltr'><strong>se</strong></span> <span class='ocrx_word' id='word_1_579' title='bbox 1522 4023 1784 4082; x_wconf 86' lang='lat' dir='ltr'><strong>nimirum</strong></span> <span class='ocrx_word' id='word_1_580' title='bbox 1835 4024 2052 4079; x_wconf 88' lang='lat' dir='ltr'><strong>Patrem</strong></span> <span class='ocrx_word' id='word_1_581' title='bbox 2098 4032 2155 4078; x_wconf 90' lang='lat' dir='ltr'><strong>ct</strong></span> 
     </span>
    </p>
   </div>
   <div class='ocr_carea' id='block_1_82' title="bbox 567 4125 2153 4196">
    <p class='ocr_par' dir='ltr' id='par_1_82' title="bbox 567 4125 2153 4196">
     <span class='ocr_line' id='line_1_83' title="bbox 567 4125 2153 4196; baseline -0.001 -16"><span class='ocrx_word' id='word_1_582' title='bbox 567 4125 833 4196; x_wconf 88' lang='lat' dir='ltr'><strong>Spiritum</strong></span> <span class='ocrx_word' id='word_1_583' title='bbox 872 4135 1123 4182; x_wconf 87' lang='lat' dir='ltr'><strong>sanctum</strong></span> <span class='ocrx_word' id='word_1_584' title='bbox 1175 4127 1499 4183; x_wconf 79' lang='lat' dir='ltr'><strong>ostendens.</strong></span> <span class='ocrx_word' id='word_1_585' title='bbox 1544 4126 1717 4182; x_wconf 91' lang='lat' dir='ltr'><strong>Totus</strong></span> <span class='ocrx_word' id='word_1_586' title='bbox 1770 4127 1923 4181; x_wconf 89' lang='lat' dir='ltr'><strong>enim</strong></span> <span class='ocrx_word' id='word_1_587' title='bbox 1970 4125 2153 4191; x_wconf 85' lang='lat' dir='ltr'><strong>Pater,</strong></span> 
     </span>
    </p>
   </div>
   <div class='ocr_carea' id='block_1_83' title="bbox 569 4214 2156 4286">
    <p class='ocr_par' dir='ltr' id='par_1_83' title="bbox 569 4214 2156 4286">
     <span class='ocr_line' id='line_1_84' title="bbox 569 4214 2156 4286; baseline 0 -16"><span class='ocrx_word' id='word_1_588' title='bbox 569 4225 828 4286; x_wconf 84' lang='lat' dir='ltr'><strong>totusque</strong></span> <span class='ocrx_word' id='word_1_589' title='bbox 857 4216 996 4272; x_wconf 90' lang='lat' dir='ltr'><strong>adeo</strong></span> <span class='ocrx_word' id='word_1_590' title='bbox 1026 4216 1265 4286; x_wconf 89' lang='lat' dir='ltr'><strong>Spiritus</strong></span> <span class='ocrx_word' id='word_1_591' title='bbox 1297 4225 1523 4271; x_wconf 90' lang='lat' dir='ltr'><strong>sanctus</strong></span> <span class='ocrx_word' id='word_1_592' title='bbox 1546 4214 1915 4272; x_wconf 84' lang='lat' dir='ltr'><strong>essentialiter</strong></span> <span class='ocrx_word' id='word_1_593' title='bbox 1947 4214 2002 4268; x_wconf 89' lang='lat' dir='ltr'><strong>in</strong></span> <span class='ocrx_word' id='word_1_594' title='bbox 2039 4223 2156 4270; x_wconf 88' lang='lat' dir='ltr'><strong>toto</strong></span> 
     </span>
    </p>
   </div>
   <div class='ocr_carea' id='block_1_84' title="bbox 568 4305 2155 4378">
    <p class='ocr_par' dir='ltr' id='par_1_84' title="bbox 568 4305 2155 4378">
     <span class='ocr_line' id='line_1_85' title="bbox 568 4305 2155 4378; baseline -0.001 -19"><span class='ocrx_word' id='word_1_595' title='bbox 568 4306 816 4378; x_wconf 82' lang='lat' dir='ltr'><strong>perfecte</strong></span> <span class='ocrx_word' id='word_1_596' title='bbox 848 4306 988 4360; x_wconf 89' lang='lat' dir='ltr'><strong>Filio</strong></span> <span class='ocrx_word' id='word_1_597' title='bbox 1035 4314 1216 4374; x_wconf 90' lang='lat' dir='ltr'><strong>erant,</strong></span> <span class='ocrx_word' id='word_1_598' title='bbox 1266 4307 1435 4362; x_wconf 88' lang='lat' dir='ltr'><strong>etiam</strong></span> <span class='ocrx_word' id='word_1_599' title='bbox 1483 4305 1791 4370; x_wconf 87' lang='lat' dir='ltr'><strong>incarnato,</strong></span> <span class='ocrx_word' id='word_1_600' title='bbox 1824 4321 1933 4360; x_wconf 90' lang='lat' dir='ltr'><strong>non</strong></span> <span class='ocrx_word' id='word_1_601' title='bbox 1974 4313 2155 4359; x_wconf 77' lang='lat' dir='ltr'><strong>tamen</strong></span> 
     </span>
    </p>
   </div>
   <div class='ocr_carea' id='block_1_85' title="bbox 2332 3916 3863 4000">
    <p class='ocr_par' dir='ltr' id='par_1_85' title="bbox 2332 3916 3863 4000">
     <span class='ocr_line' id='line_1_86' title="bbox 2332 3916 3863 4000; baseline -0.01 -16"><span class='ocrx_word' id='word_1_602' title='bbox 2332 3930 2625 3999; x_wconf 85' lang='grc' dir='ltr'>Θεολογίαν</span> <span class='ocrx_word' id='word_1_603' title='bbox 2661 3930 2759 4000; x_wconf 82' lang='grc' dir='ltr'><strong>μὲν</strong></span> <span class='ocrx_word' id='word_1_604' title='bbox 2802 3927 2913 3997; x_wconf 82' lang='grc' dir='ltr'>γὰρ</span> <span class='ocrx_word' id='word_1_605' title='bbox 2963 3924 3203 3979; x_wconf 82' lang='grc' dir='ltr'>διδάσκει</span> <span class='ocrx_word' id='word_1_606' title='bbox 3253 3918 3627 3991; x_wconf 78' lang='grc' dir='ltr'>σαρκούμενος</span> <span class='ocrx_word' id='word_1_607' title='bbox 3665 3918 3695 3970; x_wconf 83' lang='grc' dir='ltr'><strong>ό</strong></span> <span class='ocrx_word' id='word_1_608' title='bbox 3747 3916 3863 3971; x_wconf 74' lang='grc' dir='ltr'><strong>τοῦ¹</strong></span> 
     </span>
    </p>
   </div>
   <div class='ocr_carea' id='block_1_86' title="bbox 2255 4007 3855 4093">
    <p class='ocr_par' dir='ltr' id='par_1_86' title="bbox 2255 4007 3855 4093">
     <span class='ocr_line' id='line_1_87' title="bbox 2255 4007 3855 4093; baseline -0.013 -15"><span class='ocrx_word' id='word_1_609' title='bbox 2255 4023 2394 4078; x_wconf 84' lang='grc' dir='ltr'>Θεοῦ</span> <span class='ocrx_word' id='word_1_610' title='bbox 2440 4024 2635 4093; x_wconf 87' lang='grc' dir='ltr'>Λόγος,</span> <span class='ocrx_word' id='word_1_611' title='bbox 2675 4022 2750 4086; x_wconf 82' lang='grc' dir='ltr'><strong>ὡς</strong></span> <span class='ocrx_word' id='word_1_612' title='bbox 2794 4022 2853 4074; x_wconf 70' lang='grc' dir='ltr'><strong>ἐν</strong></span> <span class='ocrx_word' id='word_1_613' title='bbox 2902 4016 3081 4088; x_wconf 73' lang='grc' dir='ltr'>ἐαυτῷ</span> <span class='ocrx_word' id='word_1_614' title='bbox 3127 4013 3332 4075; x_wconf 82' lang='grc' dir='ltr'>δεικνὺς</span> <span class='ocrx_word' id='word_1_615' title='bbox 3372 4009 3464 4062; x_wconf 75' lang='grc' dir='ltr'>τὸν</span> <span class='ocrx_word' id='word_1_616' title='bbox 3491 4008 3716 4078; x_wconf 83' lang='grc' dir='ltr'>Πατέρα</span> <span class='ocrx_word' id='word_1_617' title='bbox 3744 4007 3855 4061; x_wconf 75' lang='grc' dir='ltr'>καὶ</span> 
     </span>
    </p>
   </div>
   <div class='ocr_carea' id='block_1_87' title="bbox 2255 4097 3854 4186">
    <p class='ocr_par' dir='ltr' id='par_1_87' title="bbox 2255 4097 3854 4186">
     <span class='ocr_line' id='line_1_88' title="bbox 2255 4097 3854 4186; baseline -0.013 -15"><span class='ocrx_word' id='word_1_618' title='bbox 2255 4116 2318 4170; x_wconf 81' lang='grc' dir='ltr'><strong>τὸ</strong></span> <span class='ocrx_word' id='word_1_619' title='bbox 2346 4114 2573 4186; x_wconf 83' lang='grc' dir='ltr'>Πνεῦμα</span> <span class='ocrx_word' id='word_1_620' title='bbox 2607 4112 2668 4166; x_wconf 74' lang='grc' dir='ltr'>τὸ</span> <span class='ocrx_word' id='word_1_621' title='bbox 2715 4113 2893 4180; x_wconf 70' lang='grc' dir='ltr'>ἅγιον.</span> <span class='ocrx_word' id='word_1_622' title='bbox 2941 4109 3102 4171; x_wconf 81' lang='grc' dir='ltr'>’Ὀλος</span> <span class='ocrx_word' id='word_1_623' title='bbox 3145 4104 3251 4176; x_wconf 81' lang='grc' dir='ltr'>γὰρ</span> <span class='ocrx_word' id='word_1_624' title='bbox 3290 4098 3356 4173; x_wconf 72' lang='grc' dir='ltr'><strong>ἧν</strong></span> <span class='ocrx_word' id='word_1_625' title='bbox 3399 4103 3427 4154; x_wconf 81' lang='grc' dir='ltr'><strong>ό</strong></span> <span class='ocrx_word' id='word_1_626' title='bbox 3465 4097 3694 4170; x_wconf 71' lang='grc' dir='ltr'>Πατὴρ,</span> <span class='ocrx_word' id='word_1_627' title='bbox 3744 4098 3854 4152; x_wconf 73' lang='grc' dir='ltr'>καὶ</span> 
     </span>
    </p>
   </div>
   <div class='ocr_carea' id='block_1_88' title="bbox 2255 4189 3854 4275">
    <p class='ocr_par' dir='ltr' id='par_1_88' title="bbox 2255 4189 3854 4275">
     <span class='ocr_line' id='line_1_89' title="bbox 2255 4189 3854 4275; baseline -0.015 -12"><span class='ocrx_word' id='word_1_628' title='bbox 2255 4209 2375 4263; x_wconf 78' lang='grc' dir='ltr'>ὅλον</span> <span class='ocrx_word' id='word_1_629' title='bbox 2407 4208 2468 4261; x_wconf 78' lang='grc' dir='ltr'>τὸ</span> <span class='ocrx_word' id='word_1_630' title='bbox 2506 4205 2732 4275; x_wconf 78' lang='grc' dir='ltr'>Πνεῦμα</span> <span class='ocrx_word' id='word_1_631' title='bbox 2759 4204 2819 4257; x_wconf 81' lang='grc' dir='ltr'>τὸ</span> <span class='ocrx_word' id='word_1_632' title='bbox 2846 4202 3025 4272; x_wconf 72' lang='grc' dir='ltr'>ἅγιον,</span> <span class='ocrx_word' id='word_1_633' title='bbox 3063 4195 3334 4259; x_wconf 81' lang='grc' dir='ltr'>οὐσιωδῶς</span> <span class='ocrx_word' id='word_1_634' title='bbox 3377 4195 3434 4246; x_wconf 81' lang='grc' dir='ltr'>ὲν</span> <span class='ocrx_word' id='word_1_635' title='bbox 3473 4192 3581 4262; x_wconf 78' lang='grc' dir='ltr'>ὅλῳ</span> <span class='ocrx_word' id='word_1_636' title='bbox 3617 4189 3854 4252; x_wconf 79' lang='grc' dir='ltr'>τελείως</span> 
     </span>
    </p>
   </div>
   <div class='ocr_carea' id='block_1_89' title="bbox 2257 4278 3851 4368">
    <p class='ocr_par' dir='ltr' id='par_1_89' title="bbox 2257 4278 3851 4368">
     <span class='ocr_line' id='line_1_90' title="bbox 2257 4278 3851 4368; baseline -0.014 -16"><span class='ocrx_word' id='word_1_637' title='bbox 2257 4297 2333 4368; x_wconf 83' lang='grc' dir='ltr'>τῷ</span> <span class='ocrx_word' id='word_1_638' title='bbox 2362 4297 2477 4366; x_wconf 82' lang='grc' dir='ltr'>Υίῷ</span> <span class='ocrx_word' id='word_1_639' title='bbox 2506 4296 2597 4349; x_wconf 72' lang='grc' dir='ltr'><strong>καὶ</strong></span> <span class='ocrx_word' id='word_1_640' title='bbox 2634 4293 3013 4364; x_wconf 80' lang='grc' dir='ltr'>σαρκουμένῳ,</span> <span class='ocrx_word' id='word_1_641' title='bbox 3062 4289 3124 4342; x_wconf 81' lang='grc' dir='ltr'>οὐ</span> <span class='ocrx_word' id='word_1_642' title='bbox 3184 4283 3551 4361; x_wconf 76' lang='grc' dir='ltr'>σαρκούμενοι</span> <span class='ocrx_word' id='word_1_643' title='bbox 3582 4295 3596 4310; x_wconf 84' lang='grc'><strong>·</strong></span> <span class='ocrx_word' id='word_1_644' title='bbox 3649 4278 3775 4353; x_wconf 59' lang='grc' dir='ltr'>ἀλλ*</span> 
     </span>
    </p>
   </div>
   <div class='ocr_carea' id='block_1_90' title="bbox 568 4367 2147 4467">
    <p class='ocr_par' dir='ltr' id='par_1_90' title="bbox 568 4394 2147 4467">
     <span class='ocr_line' id='line_1_91' title="bbox 568 4394 2147 4467; baseline -0.003 -15"><span class='ocrx_word' id='word_1_645' title='bbox 568 4397 676 4466; x_wconf 83' lang='lat' dir='ltr'><strong>ipsi</strong></span> <span class='ocrx_word' id='word_1_646' title='bbox 736 4397 1041 4464; x_wconf 77' lang='lat' dir='ltr'><strong>incarnati;</strong></span> <span class='ocrx_word' id='word_1_647' title='bbox 1086 4398 1181 4452; x_wconf 90' lang='lat' dir='ltr'><strong>sed</strong></span> <span class='ocrx_word' id='word_1_648' title='bbox 1237 4414 1303 4453; x_wconf 89' lang='lat' dir='ltr'><strong>ea</strong></span> <span class='ocrx_word' id='word_1_649' title='bbox 1352 4398 1567 4454; x_wconf 87' lang='lat' dir='ltr'><strong>ratione</strong></span> <span class='ocrx_word' id='word_1_650' title='bbox 1619 4394 1767 4467; x_wconf 90' lang='lat' dir='ltr'><strong>quod</strong></span> <span class='ocrx_word' id='word_1_651' title='bbox 1820 4395 1982 4451; x_wconf 87' lang='lat' dir='ltr'><strong>Pater</strong></span> <span class='ocrx_word' id='word_1_652' title='bbox 2022 4408 2147 4463; x_wconf 87' lang='lat' dir='ltr'><strong>pro-</strong></span> 
     </span>
    </p>
   </div>
   <div class='ocr_carea' id='block_1_91' title="bbox 2248 4367 3848 4467">
    <p class='ocr_par' dir='ltr' id='par_1_91' title="bbox 2264 4367 3848 4459">
     <span class='ocr_line' id='line_1_92' title="bbox 2264 4367 3848 4459; baseline -0.013 -17"><span class='ocrx_word' id='word_1_653' title='bbox 2264 4367 2364 4459; x_wconf 69' lang='grc' dir='ltr'>μὲν</span> <span class='ocrx_word' id='word_1_654' title='bbox 2415 4386 2674 4455; x_wconf 80' lang='grc' dir='ltr'>εὐδοκῶν,</span> <span class='ocrx_word' id='word_1_655' title='bbox 2731 4384 2792 4437; x_wconf 77' lang='grc' dir='ltr'>τὸ</span> <span class='ocrx_word' id='word_1_656' title='bbox 2841 4383 2899 4438; x_wconf 78' lang='grc' dir='ltr'>δὲ</span> <span class='ocrx_word' id='word_1_657' title='bbox 2949 4377 3262 4452; x_wconf 80' lang='grc' dir='ltr'>συνεργοῦν,</span> <span class='ocrx_word' id='word_1_658' title='bbox 3323 4372 3721 4445; x_wconf 78' lang='grc' dir='ltr'>αὐτουργοῦντι</span> <span class='ocrx_word' id='word_1_659' title='bbox 3762 4367 3848 4439; x_wconf 77' lang='grc' dir='ltr'>τῷ</span> 
     </span>
    </p>
   </div>
   <div class='ocr_carea' id='block_1_92' title="bbox 569 4486 2157 4560">
    <p class='ocr_par' dir='ltr' id='par_1_92' title="bbox 569 4486 2157 4560">
     <span class='ocr_line' id='line_1_93' title="bbox 569 4486 2157 4560; baseline -0.001 -18"><span class='ocrx_word' id='word_1_660' title='bbox 569 4503 742 4557; x_wconf 88' lang='lat' dir='ltr'><strong>pense</strong></span> <span class='ocrx_word' id='word_1_661' title='bbox 790 4488 984 4544; x_wconf 85' lang='lat' dir='ltr'><strong>volens</strong></span> <span class='ocrx_word' id='word_1_662' title='bbox 1036 4505 1101 4543; x_wconf 89' lang='lat' dir='ltr'><strong>ac</strong></span> <span class='ocrx_word' id='word_1_663' title='bbox 1146 4490 1521 4560; x_wconf 88' lang='lat' dir='ltr'><strong>complacens,</strong></span> <span class='ocrx_word' id='word_1_664' title='bbox 1569 4486 1810 4557; x_wconf 87' lang='lat' dir='ltr'><strong>Spiritus</strong></span> <span class='ocrx_word' id='word_1_665' title='bbox 1851 4499 2157 4555; x_wconf 86' lang='lat' dir='ltr'><strong>cooperans</strong></span> 
     </span>
    </p>
   </div>
   <div class='ocr_carea' id='block_1_93' title="bbox 569 4576 2155 4650">
    <p class='ocr_par' dir='ltr' id='par_1_93' title="bbox 569 4576 2155 4650">
     <span class='ocr_line' id='line_1_94' title="bbox 569 4576 2155 4650; baseline -0.003 -17"><span class='ocrx_word' id='word_1_666' title='bbox 569 4586 708 4646; x_wconf 88' lang='lat' dir='ltr'><strong>erat,</strong></span> <span class='ocrx_word' id='word_1_667' title='bbox 740 4578 900 4644; x_wconf 86' lang='lat' dir='ltr'><strong>Filio,</strong></span> <span class='ocrx_word' id='word_1_668' title='bbox 928 4579 1022 4649; x_wconf 93' lang='lat' dir='ltr'><strong>qui</strong></span> <span class='ocrx_word' id='word_1_669' title='bbox 1055 4579 1170 4650; x_wconf 83' lang='lat' dir='ltr'><strong>ipse</strong></span> <span class='ocrx_word' id='word_1_670' title='bbox 1211 4580 1317 4635; x_wconf 89' lang='lat' dir='ltr'><strong>sibi</strong></span> <span class='ocrx_word' id='word_1_671' title='bbox 1348 4594 1572 4634; x_wconf 89' lang='lat' dir='ltr'><strong>carnem</strong></span> <span class='ocrx_word' id='word_1_672' title='bbox 1600 4577 1863 4634; x_wconf 89' lang='lat' dir='ltr'><strong>conderet</strong></span> <span class='ocrx_word' id='word_1_673' title='bbox 1900 4593 1913 4629; x_wconf 90' lang='lat'><strong>:</strong></span> <span class='ocrx_word' id='word_1_674' title='bbox 1949 4576 2155 4646; x_wconf 89' lang='lat' dir='ltr'><strong>quippe</strong></span> 
     </span>
    </p>
   </div>
   <div class='ocr_carea' id='block_1_94' title="bbox 570 4667 2157 4742">
    <p class='ocr_par' dir='ltr' id='par_1_94' title="bbox 570 4667 2157 4742">
     <span class='ocr_line' id='line_1_95' title="bbox 570 4667 2157 4742; baseline -0.004 -17"><span class='ocrx_word' id='word_1_675' title='bbox 570 4687 699 4725; x_wconf 88' lang='lat' dir='ltr'><strong>cum</strong></span> <span class='ocrx_word' id='word_1_676' title='bbox 732 4670 974 4727; x_wconf 81' lang='lat' dir='ltr'><strong>Verbum</strong></span> <span class='ocrx_word' id='word_1_677' title='bbox 1017 4680 1200 4727; x_wconf 86' lang='lat' dir='ltr'><strong>mente</strong></span> <span class='ocrx_word' id='word_1_678' title='bbox 1238 4670 1531 4742; x_wconf 62' lang='lat' dir='ltr'><strong>praeditum</strong></span> <span class='ocrx_word' id='word_1_679' title='bbox 1574 4668 2030 4740; x_wconf 84' lang='lat' dir='ltr'><strong>perseveraverit,</strong></span> <span class='ocrx_word' id='word_1_680' title='bbox 2075 4667 2157 4720; x_wconf 93' lang='lat' dir='ltr'><strong>vi-</strong></span> 
     </span>
    </p>
   </div>
   <div class='ocr_carea' id='block_1_95' title="bbox 573 4758 2156 4834">
    <p class='ocr_par' dir='ltr' id='par_1_95' title="bbox 573 4758 2156 4834">
     <span class='ocr_line' id='line_1_96' title="bbox 573 4758 2156 4834; baseline -0.003 -16"><span class='ocrx_word' id='word_1_681' title='bbox 573 4772 736 4834; x_wconf 84' lang='lat' dir='ltr'><strong>taque</strong></span> <span class='ocrx_word' id='word_1_682' title='bbox 784 4762 1069 4828; x_wconf 88' lang='lat' dir='ltr'><strong>incolumi,</strong></span> <span class='ocrx_word' id='word_1_683' title='bbox 1122 4779 1186 4818; x_wconf 91' lang='lat' dir='ltr'><strong>ac</strong></span> <span class='ocrx_word' id='word_1_684' title='bbox 1224 4761 1518 4834; x_wconf 85' lang='lat' dir='ltr'><strong>ejusmodi,</strong></span> <span class='ocrx_word' id='word_1_685' title='bbox 1565 4768 1629 4815; x_wconf 93' lang='lat' dir='ltr'><strong>ut</strong></span> <span class='ocrx_word' id='word_1_686' title='bbox 1666 4775 1697 4814; x_wconf 89' lang='lat' dir='ltr'><strong>a</strong></span> <span class='ocrx_word' id='word_1_687' title='bbox 1735 4759 1854 4814; x_wconf 89' lang='lat' dir='ltr'><strong>solo</strong></span> <span class='ocrx_word' id='word_1_688' title='bbox 1893 4758 2156 4814; x_wconf 77' lang='lat' dir='ltr'><strong>duntavat</strong></span> 
     </span>
    </p>
   </div>
   <div class='ocr_carea' id='block_1_96' title="bbox 570 4845 2155 4923">
    <p class='ocr_par' dir='ltr' id='par_1_96' title="bbox 570 4845 2155 4923">
     <span class='ocr_line' id='line_1_97' title="bbox 570 4845 2155 4923; baseline -0.005 -16"><span class='ocrx_word' id='word_1_689' title='bbox 570 4853 733 4909; x_wconf 86' lang='lat' dir='ltr'><strong>Patre</strong></span> <span class='ocrx_word' id='word_1_690' title='bbox 766 4862 822 4909; x_wconf 89' lang='lat' dir='ltr'><strong>et</strong></span> <span class='ocrx_word' id='word_1_691' title='bbox 872 4852 1083 4923; x_wconf 86' lang='lat' dir='ltr'><strong>Spiritu</strong></span> <span class='ocrx_word' id='word_1_692' title='bbox 1133 4859 1345 4918; x_wconf 90' lang='lat' dir='ltr'><strong>sancto,</strong></span> <span class='ocrx_word' id='word_1_693' title='bbox 1380 4849 1526 4921; x_wconf 93' lang='lat' dir='ltr'><strong>quod</strong></span> <span class='ocrx_word' id='word_1_694' title='bbox 1559 4847 1796 4905; x_wconf 89' lang='lat' dir='ltr'><strong>essentia</strong></span> <span class='ocrx_word' id='word_1_695' title='bbox 1837 4855 1941 4908; x_wconf 91' lang='lat' dir='ltr'><strong>est,</strong></span> <span class='ocrx_word' id='word_1_696' title='bbox 1974 4845 2155 4914; x_wconf 83' lang='lat' dir='ltr'><strong>capia-</strong></span> 
     </span>
    </p>
   </div>
   <div class='ocr_carea' id='block_1_97' title="bbox 2263 4462 3847 4554">
    <p class='ocr_par' dir='ltr' id='par_1_97' title="bbox 2263 4462 3847 4554">
     <span class='ocr_line' id='line_1_98' title="bbox 2263 4462 3847 4554; baseline -0.013 -17"><span class='ocrx_word' id='word_1_697' title='bbox 2263 4483 2379 4554; x_wconf 83' lang='grc' dir='ltr'><strong>Υἱῷ</strong></span> <span class='ocrx_word' id='word_1_698' title='bbox 2410 4482 2525 4553; x_wconf 74' lang='grc' dir='ltr'><strong>(α)</strong></span> <span class='ocrx_word' id='word_1_699' title='bbox 2554 4481 2653 4551; x_wconf 78' lang='grc' dir='ltr'>τὴν</span> <span class='ocrx_word' id='word_1_700' title='bbox 2694 4479 2968 4549; x_wconf 83' lang='grc' dir='ltr'>σάρκωσιν</span> <span class='ocrx_word' id='word_1_701' title='bbox 3002 4493 3014 4505; x_wconf 91' lang='grc'><strong>·</strong></span> <span class='ocrx_word' id='word_1_702' title='bbox 3063 4475 3220 4542; x_wconf 77' lang='grc' dir='ltr'>εἴπερ</span> <span class='ocrx_word' id='word_1_703' title='bbox 3256 4470 3443 4532; x_wconf 81' lang='grc' dir='ltr'>ἔννους</span> <span class='ocrx_word' id='word_1_704' title='bbox 3496 4467 3525 4518; x_wconf 87' lang='lat'><strong>6</strong></span> <span class='ocrx_word' id='word_1_705' title='bbox 3559 4466 3729 4531; x_wconf 75' lang='grc' dir='ltr'>Λόγος</span> <span class='ocrx_word' id='word_1_706' title='bbox 3768 4462 3847 4518; x_wconf 80' lang='grc' dir='ltr'>δι-</span> 
     </span>
    </p>
   </div>
   <div class='ocr_carea' id='block_1_98' title="bbox 2262 4556 3855 4647">
    <p class='ocr_par' dir='ltr' id='par_1_98' title="bbox 2262 4556 3855 4647">
     <span class='ocr_line' id='line_1_99' title="bbox 2262 4556 3855 4647; baseline -0.013 -18"><span class='ocrx_word' id='word_1_707' title='bbox 2262 4579 2446 4647; x_wconf 78' lang='grc' dir='ltr'>έμεινε</span> <span class='ocrx_word' id='word_1_708' title='bbox 2482 4574 2577 4627; x_wconf 71' lang='grc' dir='ltr'><strong>καὶ</strong></span> <span class='ocrx_word' id='word_1_709' title='bbox 2616 4572 2746 4635; x_wconf 80' lang='grc' dir='ltr'>ζῶν,</span> <span class='ocrx_word' id='word_1_710' title='bbox 2782 4571 2876 4624; x_wconf 71' lang='grc' dir='ltr'>καὶ</span> <span class='ocrx_word' id='word_1_711' title='bbox 2914 4565 3101 4640; x_wconf 68' lang='grc' dir='ltr'>μηδενί</span> <span class='ocrx_word' id='word_1_712' title='bbox 3130 4565 3190 4618; x_wconf 83' lang='grc' dir='ltr'>τὺ</span> <span class='ocrx_word' id='word_1_713' title='bbox 3219 4561 3484 4632; x_wconf 81' lang='grc' dir='ltr'>παράπαν</span> <span class='ocrx_word' id='word_1_714' title='bbox 3530 4556 3675 4626; x_wconf 78' lang='grc' dir='ltr'>ἄλλῳ</span> <span class='ocrx_word' id='word_1_715' title='bbox 3718 4558 3855 4647; x_wconf 73' lang='grc' dir='ltr'>κατ’</span> 
     </span>
    </p>
   </div>
   <div class='ocr_carea' id='block_1_99' title="bbox 2260 4645 3842 4735">
    <p class='ocr_par' dir='ltr' id='par_1_99' title="bbox 2260 4645 3842 4735">
     <span class='ocr_line' id='line_1_100' title="bbox 2260 4645 3842 4735; baseline -0.014 -14"><span class='ocrx_word' id='word_1_716' title='bbox 2260 4645 2449 4721; x_wconf 73' lang='grc' dir='ltr'>οὖσίαν</span> <span class='ocrx_word' id='word_1_717' title='bbox 2488 4664 2855 4735; x_wconf 76' lang='grc' dir='ltr'>χωρούμενος,</span> <span class='ocrx_word' id='word_1_718' title='bbox 2895 4662 2927 4732; x_wconf 80' lang='grc' dir='ltr'>ἢ</span> <span class='ocrx_word' id='word_1_719' title='bbox 2964 4661 3109 4731; x_wconf 82' lang='grc' dir='ltr'>μόνῳ</span> <span class='ocrx_word' id='word_1_720' title='bbox 3133 4655 3210 4727; x_wconf 82' lang='grc' dir='ltr'>τῷ</span> <span class='ocrx_word' id='word_1_721' title='bbox 3238 4653 3427 4724; x_wconf 65' lang='grc' dir='ltr'>Πατρὶ</span> <span class='ocrx_word' id='word_1_722' title='bbox 3456 4652 3548 4705; x_wconf 74' lang='grc' dir='ltr'>καὶ</span> <span class='ocrx_word' id='word_1_723' title='bbox 3571 4648 3650 4720; x_wconf 79' lang='grc' dir='ltr'>τῷ</span> <span class='ocrx_word' id='word_1_724' title='bbox 3674 4645 3842 4701; x_wconf 79' lang='grc' dir='ltr'><strong>Πνεύρ</strong></span> 
     </span>
    </p>
   </div>
   <div class='ocr_carea' id='block_1_100' title="bbox 2264 4735 3847 4826">
    <p class='ocr_par' dir='ltr' id='par_1_100' title="bbox 2264 4735 3847 4826">
     <span class='ocr_line' id='line_1_101' title="bbox 2264 4735 3847 4826; baseline -0.016 -16"><span class='ocrx_word' id='word_1_725' title='bbox 2264 4773 2417 4826; x_wconf 86' lang='grc' dir='ltr'>ματι,</span> <span class='ocrx_word' id='word_1_726' title='bbox 2450 4755 2543 4809; x_wconf 78' lang='grc' dir='ltr'>καὶ</span> <span class='ocrx_word' id='word_1_727' title='bbox 2577 4753 2713 4824; x_wconf 81' lang='grc' dir='ltr'>πρὸς</span> <span class='ocrx_word' id='word_1_728' title='bbox 2756 4752 2854 4823; x_wconf 74' lang='grc' dir='ltr'>τὴν</span> <span class='ocrx_word' id='word_1_729' title='bbox 2902 4750 3085 4821; x_wconf 83' lang='grc' dir='ltr'>σάρκα·</span> <span class='ocrx_word' id='word_1_730' title='bbox 3134 4746 3225 4801; x_wconf 82' lang='grc' dir='ltr'>διὰ</span> <span class='ocrx_word' id='word_1_731' title='bbox 3266 4739 3699 4815; x_wconf 84' lang='grc' dir='ltr'>φιλανθρωπίαν,</span> <span class='ocrx_word' id='word_1_732' title='bbox 3740 4735 3847 4804; x_wconf 69' lang='grc' dir='ltr'>τὴν</span> 
     </span>
    </p>
   </div>
   <div class='ocr_carea' id='block_1_101' title="bbox 2264 4835 3344 4911">
    <p class='ocr_par' dir='ltr' id='par_1_101' title="bbox 2264 4835 3344 4911">
     <span class='ocr_line' id='line_1_102' title="bbox 2264 4835 3344 4911; baseline -0.012 -13"><span class='ocrx_word' id='word_1_733' title='bbox 2264 4844 2383 4898; x_wconf 81' lang='grc' dir='ltr'>καθ’</span> <span class='ocrx_word' id='word_1_734' title='bbox 2415 4843 2711 4896; x_wconf 82' lang='grc' dir='ltr'>ὑπόστασιν</span> <span class='ocrx_word' id='word_1_735' title='bbox 2733 4838 3098 4911; x_wconf 82' lang='grc' dir='ltr'>ποιησάμενος</span> <span class='ocrx_word' id='word_1_736' title='bbox 3130 4835 3344 4888; x_wconf 74' lang='grc' dir='ltr'>ἕνωσιν.</span> 
     </span>
    </p>
   </div>
   <div class='ocr_carea' id='block_1_102' title="bbox 570 4929 3839 5016">
    <p class='ocr_par' dir='ltr' id='par_1_102' title="bbox 570 4929 3839 5016">
     <span class='ocr_line' id='line_1_103' title="bbox 570 4929 3839 5016; baseline -0.01 -16"><span class='ocrx_word' id='word_1_737' title='bbox 570 4957 695 5011; x_wconf 83' lang='lat' dir='ltr'><strong>tur;</strong></span> <span class='ocrx_word' id='word_1_738' title='bbox 742 4954 859 5002; x_wconf 93' lang='lat' dir='ltr'><strong>tum</strong></span> <span class='ocrx_word' id='word_1_739' title='bbox 884 4945 1072 5013; x_wconf 90' lang='lat' dir='ltr'><strong>etiam,</strong></span> <span class='ocrx_word' id='word_1_740' title='bbox 1098 4961 1224 5001; x_wconf 89' lang='lat' dir='ltr'><strong>cum</strong></span> <span class='ocrx_word' id='word_1_741' title='bbox 1256 4961 1355 5016; x_wconf 90' lang='lat' dir='ltr'><strong>pro</strong></span> <span class='ocrx_word' id='word_1_742' title='bbox 1388 4958 1617 4998; x_wconf 74' lang='lat' dir='ltr'><strong>summa:</strong></span> <span class='ocrx_word' id='word_1_743' title='bbox 1659 4939 2015 5010; x_wconf 84' lang='lat' dir='ltr'><strong>benignitatis</strong></span> <span class='ocrx_word' id='word_1_744' title='bbox 2079 4937 2388 5003; x_wconf 83' lang='lat' dir='ltr'><strong>clementia,</strong></span> <span class='ocrx_word' id='word_1_745' title='bbox 2428 4937 2717 4998; x_wconf 84' lang='lat' dir='ltr'><strong>unionem,</strong></span> <span class='ocrx_word' id='word_1_746' title='bbox 2773 4948 2895 5002; x_wconf 75' lang='lat' dir='ltr'><strong>qua:</strong></span> <span class='ocrx_word' id='word_1_747' title='bbox 2931 4939 3015 4986; x_wconf 83' lang='lat' dir='ltr'><strong>est</strong></span> <span class='ocrx_word' id='word_1_748' title='bbox 3059 4929 3116 4983; x_wconf 89' lang='lat' dir='ltr'><strong>in</strong></span> <span class='ocrx_word' id='word_1_749' title='bbox 3181 4938 3440 4998; x_wconf 81' lang='lat' dir='ltr'><strong>persona,</strong></span> <span class='ocrx_word' id='word_1_750' title='bbox 3480 4934 3604 4976; x_wconf 89' lang='lat' dir='ltr'><strong>cum</strong></span> <span class='ocrx_word' id='word_1_751' title='bbox 3674 4930 3839 4971; x_wconf 77' lang='lat' dir='ltr'><strong>carne</strong></span> 
     </span>
    </p>
   </div>
   <div class='ocr_carea' id='block_1_103' title="bbox 577 5035 866 5091">
    <p class='ocr_par' dir='ltr' id='par_1_103' title="bbox 577 5035 866 5091">
     <span class='ocr_line' id='line_1_104' title="bbox 577 5035 866 5091; baseline 0 -2"><span class='ocrx_word' id='word_1_752' title='bbox 577 5035 866 5091; x_wconf 50' lang='lat' dir='ltr'><strong>contraxit.</strong></span> 
     </span>
    </p>
   </div>
   <div class='ocr_carea' id='block_1_104' title="bbox 643 5193 1172 5255">
    <p class='ocr_par' dir='ltr' id='par_1_104' title="bbox 643 5193 1172 5255">
     <span class='ocr_line' id='line_1_105' title="bbox 643 5193 1172 5255; baseline -0.009 -6"><span class='ocrx_word' id='word_1_753' title='bbox 643 5195 709 5248; x_wconf 79' lang='grc'><strong>⁸1</strong></span> <span class='ocrx_word' id='word_1_754' title='bbox 751 5194 992 5248; x_wconf 85' lang='lat' dir='ltr'><strong>Timoth.</strong></span> <span class='ocrx_word' id='word_1_755' title='bbox 1030 5209 1088 5255; x_wconf 81' lang='grc' dir='ltr'><strong>ιι,</strong></span> <span class='ocrx_word' id='word_1_756' title='bbox 1120 5193 1172 5245; x_wconf 75' lang='lat'><strong>5.</strong></span> 
     </span>
    </p>
   </div>
   <div class='ocr_carea' id='block_1_105' title="bbox 630 5320 2143 5400">
    <p class='ocr_par' dir='ltr' id='par_1_105' title="bbox 630 5320 2143 5400">
     <span class='ocr_line' id='line_1_106' title="bbox 630 5320 2143 5400; baseline -0.01 -12"><span class='ocrx_word' id='word_1_757' title='bbox 630 5332 707 5400; x_wconf 70' lang='grc' dir='ltr'>(ιιι)</span> <span class='ocrx_word' id='word_1_758' title='bbox 722 5335 761 5384; x_wconf 74' lang='grc' dir='ltr'><strong>Α</strong></span> <span class='ocrx_word' id='word_1_759' title='bbox 772 5327 1152 5400; x_wconf 75' lang='grc' dir='ltr'>ὑτουρτοῦντι</span> <span class='ocrx_word' id='word_1_760' title='bbox 1164 5326 1262 5400; x_wconf 29' lang='grc' dir='ltr'><strong>’τῷ</strong></span> <span class='ocrx_word' id='word_1_761' title='bbox 1302 5324 1430 5400; x_wconf 50' lang='lat' dir='ltr'><strong>ras.</strong></span> <span class='ocrx_word' id='word_1_762' title='bbox 1448 5326 1705 5400; x_wconf 75' lang='lat' dir='ltr'><strong>Primum</strong></span> <span class='ocrx_word' id='word_1_763' title='bbox 1720 5320 2143 5400; x_wconf 67' lang='lat' dir='ltr'><strong>quod_corttittet</strong></span> 
     </span>
    </p>
   </div>
   <div class='ocr_carea' id='block_1_106' title="bbox 573 5390 2149 5465">
    <p class='ocr_par' dir='ltr' id='par_1_106' title="bbox 573 5390 2149 5465">
     <span class='ocr_line' id='line_1_107' title="bbox 573 5390 2149 5465; baseline -0.008 -10"><span class='ocrx_word' id='word_1_764' title='bbox 573 5390 753 5455; x_wconf 72' lang='lat' dir='ltr'><strong>oratio</strong></span> <span class='ocrx_word' id='word_1_765' title='bbox 785 5390 1089 5459; x_wconf 79' lang='lat' dir='ltr'><strong>Dominica,</strong></span> <span class='ocrx_word' id='word_1_766' title='bbox 1147 5390 1331 5451; x_wconf 89' lang='lat' dir='ltr'><strong>divina</strong></span> <span class='ocrx_word' id='word_1_767' title='bbox 1380 5395 1653 5465; x_wconf 86' lang='lat' dir='ltr'><strong>theologia</strong></span> <span class='ocrx_word' id='word_1_768' title='bbox 1682 5390 1817 5465; x_wconf 58' lang='lat' dir='ltr'><strong>est;</strong></span> <span class='ocrx_word' id='word_1_769' title='bbox 1843 5390 2149 5465; x_wconf 63' lang='lat' dir='ltr'><strong>Trinitatis</strong></span> 
     </span>
    </p>
   </div>
   <div class='ocr_carea' id='block_1_107' title="bbox 575 5458 2149 5535">
    <p class='ocr_par' dir='ltr' id='par_1_107' title="bbox 575 5458 2149 5535">
     <span class='ocr_line' id='line_1_108' title="bbox 575 5458 2149 5535; baseline -0.006 -13"><span class='ocrx_word' id='word_1_770' title='bbox 575 5471 709 5525; x_wconf 56' lang='lat' dir='ltr'><strong>nales</strong></span> <span class='ocrx_word' id='word_1_771' title='bbox 739 5477 795 5524; x_wconf 92' lang='lat' dir='ltr'><strong>et</strong></span> <span class='ocrx_word' id='word_1_772' title='bbox 825 5458 1242 5529; x_wconf 87' lang='lat' dir='ltr'><strong>incarnationis,</strong></span> <span class='ocrx_word' id='word_1_773' title='bbox 1270 5480 1395 5535; x_wconf 70' lang='lat' dir='ltr'><strong>qua:</strong></span> <span class='ocrx_word' id='word_1_774' title='bbox 1416 5464 1487 5535; x_wconf 87' lang='lat' dir='ltr'><strong>sit</strong></span> <span class='ocrx_word' id='word_1_775' title='bbox 1508 5481 1538 5518; x_wconf 88' lang='lat' dir='ltr'><strong>a</strong></span> <span class='ocrx_word' id='word_1_776' title='bbox 1568 5458 1681 5519; x_wconf 68' lang='lat' dir='ltr'><strong>tota</strong></span> <span class='ocrx_word' id='word_1_777' title='bbox 1701 5462 1973 5535; x_wconf 78' lang='lat' dir='ltr'><strong>&#39;l‘ri‘nitate</strong></span> <span class='ocrx_word' id='word_1_778' title='bbox 2000 5458 2149 5535; x_wconf 83' lang='lat' dir='ltr'><strong>indi-</strong></span> 
     </span>
    </p>
   </div>
   <div class='ocr_carea' id='block_1_108' title="bbox 574 5531 2150 5603">
    <p class='ocr_par' dir='ltr' id='par_1_108' title="bbox 574 5531 2150 5603">
     <span class='ocr_line' id='line_1_109' title="bbox 574 5531 2150 5603; baseline -0.003 -14"><span class='ocrx_word' id='word_1_779' title='bbox 574 5542 710 5603; x_wconf 79' lang='lat' dir='ltr'><strong>vise,</strong></span> <span class='ocrx_word' id='word_1_780' title='bbox 732 5539 809 5593; x_wconf 90' lang='lat' dir='ltr'><strong>ita</strong></span> <span class='ocrx_word' id='word_1_781' title='bbox 833 5546 1015 5593; x_wconf 88' lang='lat' dir='ltr'><strong>tamen</strong></span> <span class='ocrx_word' id='word_1_782' title='bbox 1045 5544 1105 5590; x_wconf 74' lang='lat' dir='ltr'><strong>ut</strong></span> <span class='ocrx_word' id='word_1_783' title='bbox 1143 5531 1303 5590; x_wconf 75' lang='lat' dir='ltr'><strong>solus</strong></span> <span class='ocrx_word' id='word_1_784' title='bbox 1326 5534 1500 5589; x_wconf 80' lang='lat' dir='ltr'><strong>Filius</strong></span> <span class='ocrx_word' id='word_1_785' title='bbox 1533 5535 1854 5589; x_wconf 83' lang='lat' dir='ltr'><strong>incarnatus</strong></span> <span class='ocrx_word' id='word_1_786' title='bbox 1883 5532 2007 5603; x_wconf 81' lang='lat' dir='ltr'><strong>sit,</strong></span> <span class='ocrx_word' id='word_1_787' title='bbox 2033 5531 2150 5603; x_wconf 83' lang='lat' dir='ltr'><strong>ipsc</strong></span> 
     </span>
    </p>
   </div>
   <div class='ocr_carea' id='block_1_109' title="bbox 574 5600 2148 5676">
    <p class='ocr_par' dir='ltr' id='par_1_109' title="bbox 574 5600 2148 5676">
     <span class='ocr_line' id='line_1_110' title="bbox 574 5600 2148 5676; baseline -0.008 -13"><span class='ocrx_word' id='word_1_788' title='bbox 574 5610 676 5663; x_wconf 72' lang='lat' dir='ltr'><strong>sibi</strong></span> <span class='ocrx_word' id='word_1_789' title='bbox 698 5600 1023 5676; x_wconf 78' lang='grc' dir='ltr'>ἀύτουργῶν</span> <span class='ocrx_word' id='word_1_790' title='bbox 1053 5605 1151 5676; x_wconf 79' lang='grc' dir='ltr'>τὴν</span> <span class='ocrx_word' id='word_1_791' title='bbox 1194 5607 1491 5676; x_wconf 83' lang='grc' dir='ltr'>σάρκωσιν,</span> <span class='ocrx_word' id='word_1_792' title='bbox 1522 5615 1713 5676; x_wconf 61' lang='lat' dir='ltr'><strong>auctor</strong></span> <span class='ocrx_word' id='word_1_793' title='bbox 1743 5600 2148 5676; x_wconf 58' lang='lat' dir='ltr'><strong>incarngionis,</strong></span> 
     </span>
    </p>
   </div>
   <div class='ocr_carea' id='block_1_110' title="bbox 484 5668 2151 5749">
    <p class='ocr_par' dir='ltr' id='par_1_110' title="bbox 484 5668 2151 5749">
     <span class='ocr_line' id='line_1_111' title="bbox 484 5668 2151 5749; baseline -0.007 -19"><span class='ocrx_word' id='word_1_794' title='bbox 484 5738 485 5741; x_wconf 26' lang='grc' dir='ltr'><strong>η</strong></span> <span class='ocrx_word' id='word_1_795' title='bbox 571 5679 735 5748; x_wconf 66' lang='lat' dir='ltr'><strong>utqui</strong></span> <span class='ocrx_word' id='word_1_796' title='bbox 762 5668 1000 5749; x_wconf 72' lang='lat' dir='ltr'><strong>seipsutn</strong></span> <span class='ocrx_word' id='word_1_797' title='bbox 1027 5668 1416 5740; x_wconf 75' lang='lat' dir='ltr'><strong>incarnavcrit,</strong></span> <span class='ocrx_word' id='word_1_798' title='bbox 1443 5673 1537 5730; x_wconf 90' lang='lat' dir='ltr'><strong>sed</strong></span> <span class='ocrx_word' id='word_1_799' title='bbox 1568 5671 1917 5734; x_wconf 72' lang='grc' dir='ltr'>εὐδοκοῦντος</span> <span class='ocrx_word' id='word_1_800' title='bbox 1940 5668 2151 5740; x_wconf 77' lang='grc' dir='ltr'>ηατρδς</span> 
     </span>
    </p>
   </div>
   <div class='ocr_carea' id='block_1_111' title="bbox 2252 5300 3832 5388">
    <p class='ocr_par' dir='ltr' id='par_1_111' title="bbox 2252 5300 3832 5388">
     <span class='ocr_line' id='line_1_112' title="bbox 2252 5300 3832 5388; baseline -0.013 -16"><span class='ocrx_word' id='word_1_801' title='bbox 2252 5320 2346 5373; x_wconf 67' lang='grc' dir='ltr'>καὶ</span> <span class='ocrx_word' id='word_1_802' title='bbox 2376 5316 2767 5388; x_wconf 79' lang='grc' dir='ltr'>συνεργοῦντος</span> <span class='ocrx_word' id='word_1_803' title='bbox 2792 5315 2885 5388; x_wconf 64' lang='grc' dir='ltr'><strong>τοῦ</strong></span> <span class='ocrx_word' id='word_1_804' title='bbox 2920 5311 3104 5388; x_wconf 64' lang='grc' dir='ltr'><strong>Δἀγίου</strong></span> <span class='ocrx_word' id='word_1_805' title='bbox 3124 5309 3445 5388; x_wconf 85' lang='grc' dir='ltr'>Πνε</span> <span class='ocrx_word' id='word_1_806' title='bbox 3466 5321 3479 5334; x_wconf 82' lang='lat'>&#39;</span> <span class='ocrx_word' id='word_1_807' title='bbox 3505 5300 3832 5388; x_wconf 51' lang='lat' dir='ltr'><strong>Patrif</strong></span> 
     </span>
    </p>
   </div>
   <div class='ocr_carea' id='block_1_112' title="bbox 2253 5365 3835 5473">
    <p class='ocr_par' dir='ltr' id='par_1_112' title="bbox 2253 5365 3835 5473">
     <span class='ocr_line' id='line_1_113' title="bbox 2253 5365 3835 5473; baseline -0.018 -29"><span class='ocrx_word' id='word_1_808' title='bbox 2253 5407 2416 5473; x_wconf 66' lang='lat' dir='ltr'><strong>pensa</strong></span> <span class='ocrx_word' id='word_1_809' title='bbox 2443 5365 2718 5473; x_wconf 53' lang='grc' dir='ltr'><strong>ροῖιληῑαεε</strong></span> <span class='ocrx_word' id='word_1_810' title='bbox 2740 5365 2805 5439; x_wconf 64' lang='lat' dir='ltr'><strong>vet</strong></span> <span class='ocrx_word' id='word_1_811' title='bbox 3078 5365 3535 5473; x_wconf 51' lang='lat' dir='ltr'><strong>sancto&#39;adjutare</strong></span> <span class='ocrx_word' id='word_1_812' title='bbox 3552 5383 3699 5473; x_wconf 51' lang='lat' dir='ltr'><strong>i&#39;n‘o‘n</strong></span> 
     </span>
    </p>
   </div>
   <div class='ocr_carea' id='block_1_113' title="bbox 2443 5460 2455 5476">
    <p class='ocr_par' dir='ltr' id='par_1_113' title="bbox 2443 5460 2455 5476">
     <span class='ocr_line' id='line_1_114' title="bbox 2443 5460 2455 5476; baseline 0 0"><span class='ocrx_word' id='word_1_813' title='bbox 2443 5460 2455 5476; x_wconf 72' lang='grc' dir='ltr'><strong>ο</strong></span> 
     </span>
    </p>
   </div>
   <div class='ocr_carea' id='block_1_114' title="bbox 2212 5443 3845 5529">
    <p class='ocr_par' dir='ltr' id='par_1_114' title="bbox 2212 5443 3845 5529">
     <span class='ocr_line' id='line_1_115' title="bbox 2212 5443 3845 5529; baseline -0.017 -13"><span class='ocrx_word' id='word_1_814' title='bbox 2212 5472 2219 5481; x_wconf 84' lang='grc'><strong><em>“</em></strong></span> <span class='ocrx_word' id='word_1_815' title='bbox 2253 5443 2356 5529; x_wconf 82' lang='lat' dir='ltr'><strong>ipsi</strong></span> <span class='ocrx_word' id='word_1_816' title='bbox 2398 5456 2826 5529; x_wconf 72' lang='grc' dir='ltr'>αὐτουργοῦντες</span> <span class='ocrx_word' id='word_1_817' title='bbox 2861 5443 3074 5529; x_wconf 47' lang='grc' dir='ltr'><strong>ἱὶιὶλτὴν</strong></span> <span class='ocrx_word' id='word_1_818' title='bbox 3106 5443 3406 5529; x_wconf 71' lang='grc' dir='ltr'>σάρκωσιν,</span> <span class='ocrx_word' id='word_1_819' title='bbox 3441 5443 3721 5529; x_wconf 45' lang='lat' dir='ltr'><strong>IlaxitnoL</strong></span> <span class='ocrx_word' id='word_1_820' title='bbox 3740 5443 3845 5529; x_wconf 54' lang='lat' dir='ltr'><strong>aut</strong></span> 
     </span>
    </p>
   </div>
   <div class='ocr_carea' id='block_1_115' title="bbox 2255 5508 3849 5600">
    <p class='ocr_par' dir='ltr' id='par_1_115' title="bbox 2255 5508 3849 5600">
     <span class='ocr_line' id='line_1_116' title="bbox 2255 5508 3849 5600; baseline 0.004 -7"><span class='ocrx_word' id='word_1_821' title='bbox 2255 5508 2493 5600; x_wconf 63' lang='grc' dir='ltr'><strong>ὶῖπόιιεὶἶό</strong></span> <span class='ocrx_word' id='word_1_822' title='bbox 2509 5508 3067 5600; x_wconf 30' lang='grc' dir='ltr'><strong>ἰιίιῌῶεόιιὶεόίςιίεὲί</strong></span> <span class='ocrx_word' id='word_1_823' title='bbox 3101 5508 3234 5600; x_wconf 50' lang='lat' dir='ltr'><strong>sint.</strong></span> <span class='ocrx_word' id='word_1_824' title='bbox 3260 5529 3319 5575; x_wconf 85' lang='grc' dir='ltr'>υι</span> <span class='ocrx_word' id='word_1_825' title='bbox 3344 5508 3494 5599; x_wconf 59' lang='lat' dir='ltr'><strong>sta“</strong></span> <span class='ocrx_word' id='word_1_826' title='bbox 3524 5508 3849 5600; x_wconf 52' lang='lat' dir='ltr'><strong>Pinﬁf’IE:</strong></span> 
     </span>
    </p>
   </div>
   <div class='ocr_carea' id='block_1_116' title="bbox 2246 5577 3871 5670">
    <p class='ocr_par' dir='ltr' id='par_1_116' title="bbox 2246 5577 3871 5670">
     <span class='ocr_line' id='line_1_117' title="bbox 2246 5577 3871 5670; baseline -0.015 -16"><span class='ocrx_word' id='word_1_827' title='bbox 2246 5577 3026 5670; x_wconf 17' lang='grc' dir='ltr'>δὸτι-ἀείτί.</span> <span class='ocrx_word' id='word_1_828' title='bbox 3066 5577 3375 5661; x_wconf 69' lang='grc' dir='ltr'>τρὰἀῖιιιιιέ</span> <span class='ocrx_word' id='word_1_829' title='bbox 3397 5588 3509 5658; x_wconf 84' lang='lat' dir='ltr'><strong>ipse</strong></span> <span class='ocrx_word' id='word_1_830' title='bbox 3526 5577 3871 5652; x_wconf 60' lang='lat' dir='ltr'><strong>simplicius</strong></span> 
     </span>
    </p>
   </div>
   <div class='ocr_carea' id='block_1_117' title="bbox 2256 5666 2916 5740">
    <p class='ocr_par' dir='ltr' id='par_1_117' title="bbox 2256 5666 2916 5740">
     <span class='ocr_line' id='line_1_118' title="bbox 2256 5666 2916 5740; baseline -0.006 -17"><span class='ocrx_word' id='word_1_831' title='bbox 2256 5666 2549 5740; x_wconf 74' lang='lat' dir='ltr'><strong>minusque</strong></span> <span class='ocrx_word' id='word_1_832' title='bbox 2589 5666 2916 5738; x_wconf 78' lang='lat' dir='ltr'><strong>theologice.</strong></span> 
     </span>
    </p>
   </div>
  </div>
