4134 6192
330 279 427 341 877

397 394 678 448 Υἱοθεσίαν
723 395 779 448 δὲ
839 395 1044 458 δίδωσι,
1078 397 1174 466 τὴν
1206 397 1346 467 ὑπὲρ
1379 395 1537 466 φύσιν
1571 393 1774 447 ἄνωθεν
1813 390 1898 442 διὰ
1932 397 1972 444 Α

324 484 637 554 Πνεύματος
684 487 742 538 ἐν
783 485 963 557 χάριτι
1006 487 1342 558 δωρούμενος
1396 487 1645 555 γέννησιν
1674 499 1686 511 ·
1732 477 1797 554 ἦς
1844 483 1900 532 ἒν

325 577 437 646 θεῴ
499 574 600 648 [aL
668 579 764 630 σὺν
813 576 956 647 Θεῷ]
999 578 1214 648 φυλακή
1246 595 1304 630 τε
1342 577 1438 630 καὶ
1465 575 1696 644 τὴρησίς
1732 574 1900 635 ἐστιν,

321 663 482 732 ἡτῶν
509 664 869 734 γεννωμένων
922 666 1236 737 προαίρεσις
1282 663 1374 734 (b)'
1427 663 1660 716 διαθέσει
1702 658 1902 729 γνησίᾳ

321 755 420 823 τὴν
458 754 702 806 δοθεῖσαν
737 756 1039 825 στέργουσα
1064 756 1244 824 χάριν,
1296 755 1389 808 καὶ
1438 756 1504 824 τῇ
1547 750 1742 821 πράξει
1794 747 1901 799 τῶν

321 843 550 896 ἐντολῶν
594 845 870 914 ἐπιμελῶς
916 848 976 896 το
1024 847 1164 899 κατὰ
1214 847 1373 916 χάριν
1414 840 1564 897 δοθὲν
1591 839 1902 910 ώραϊζουσα

329 933 519 994 κάλλος
547 949 559 962 ·
612 935 702 986 καὶ
735 930 991 989 τοσοῦτον
1016 940 1080 1008 τῇ
1119 938 1346 990 κενώσει
1372 936 1480 988 τῶν
1516 935 1706 988 παθῶν
1735 950 1902 1002 μετα-

329 1020 622 1090 ποιουμένη
653 1021 922 1092 θεότητος,
950 1024 1072 1077 ὅσον
1101 1028 1128 1077 ὁ
1153 1025 1244 1077 τοῦ
1272 1023 1406 1078 Θεοῦ
1457 1023 1628 1090 Λόγος
1677 1022 1774 1091 τῆς
1820 1023 1900 1074 οἱ·

330 1109 483 1172 κείας
531 1111 863 1180 ἀκραιφνοῦς
911 1113 1088 1183 δόξης,
1134 1113 1490 1184 οἰκονομικῶς
1546 1113 1732 1166 ἑαυτὸν
1760 1111 1903 1164 κατὰ

331 1199 544 1268 θέλησιν
575 1201 836 1269 κενώσας,
889 1205 1179 1274 γενόμενος
1226 1205 1442 1275 ἀληθῶς
1495 1203 1901 1275 κεχρημάτικεν

330 1284 429 1335 άνο
441 1303 641 1354 ρωπος.
1601 1280 1611 1298 ‘

409 1458 704 1529 Ἱσοτίμους
741 1461 796 1514 δὲ
842 1465 954 1526 τοῖς
991 1465 1242 1532 ἀγγέλοις
1273 1465 1401 1529 τοὺς
1429 1464 1750 1535 ἀνθρώπους
1799 1482 1900 1518 πε-

331 1549 577 1617 ποίηκεν,
625 1552 684 1602 οὗ
719 1553 909 1606 καθότι
953 1555 1112 1621 μόνον
1132 1556 1623 1625 Ειρψοοποιήσας
1671 1556 1768 1609 διὰ
1795 1557 1899 1611 τοῦ

329 1641 577 1708 αἵματος
605 1643 709 1695 τοῦ
753 1645 1018 1712 σταυροῦ
1048 1647 1234 1700 αὐτοῦ
1266 1648 1336 1701 τὰ
1377 1648 1446 1700 ἐν
1472 1647 1592 1714 τοῖς
1625 1647 1901 1715 οὐρανοῖς

287 1771 290 1774 .
331 1731 430 1782 καὶ
466 1730 537 1784 τὰ
579 1734 674 1785 ἐπὶ
711 1734 977 1805 τῆςτῆς,
1007 1739 1100 1789 καὶ
1129 1741 1484 1810 καταργήσας
1514 1740 1611 1802 τὰς
1659 1741 1894 1811 πληρούο
1931 1730 1970 1783 Β

335 1839 435 1884 σας
480 1824 569 1876 τὸν
604 1826 766 1896 μέσον
795 1827 1026 1897 οὐρανοῦ
1058 1831 1148 1882 καὶ
1181 1830 1282 1901 γῆς
1320 1833 1482 1884 τόπον
1517 1834 1899 1903 ἀντικειμένας

331 1913 590 1985 δυνάμεις
610 1956 623 1980 ,
655 1918 782 1986 μίαν
826 1920 958 1992 πρὸς
990 1920 1088 1992 τὴν
1113 1922 1220 1976 τῶν
1251 1923 1408 1977 θείων
1429 1925 1614 1995 δώρων
1642 1925 1898 1995 διανομὴν

332 2003 440 2054 τῶν
457 2006 713 2073 ἐπιγείων
738 2007 831 2060 καὶ
846 2009 1108 2076 οὐρανίων
1127 2012 1403 2082 δυνάμεων
1429 2015 1706 2080 ἀπέδειξεν
1735 2010 1899 2068 οὖσαν

335 2095 642 2162 πανήγυριν
662 2112 676 2124 ο
725 2099 822 2167 τῆς
857 2098 1201 2170 ἀνθρωπίνης
1231 2104 1444 2170 φύσεως
1495 2105 1552 2155 ἐν
1583 2105 1899 2172 ἀγαλλιάσει

335 2183 477 2236 κατά
523 2185 582 2236 τὸ
619 2185 678 2237 ἓν
707 2189 802 2240 καὶ
829 2188 889 2240 τὸ
923 2189 1054 2242 αὐτὸ
1100 2189 1310 2262 θέλημα
1344 2195 1460 2256 ταῖς
1503 2193 1612 2246 ἄνω
1643 2195 1900 2264 δυνάμεσι

335 2281 433 2344 τὴν
482 2275 638 2342 δόξαν
691 2278 784 2331 τοῦ
838 2280 973 2334 Θεοῦ
1026 2282 1467 2355 συνεπηχούσηςο
1525 2288 1640 2340 ἀλλ’
1679 2290 1758 2342 ὅτι
1807 2290 1901 2341 καὶ

337 2368 475 2435 μετὰ
504 2369 598 2439 τὴν
634 2369 910 2439 πλήρωσιν
930 2373 1030 2442 τῆς
1060 2375 1199 2446 ὑπὲρ
1230 2375 1385 2445 ἡμῶν
1409 2379 1737 2448 οἰκονομίας,
1765 2381 1901 2449 μετὰ

334 2457 428 2510 τοῦ
476 2460 915 2530 προσληφθέντος
951 2464 1280 2535 ἀναληφθεὶς
1308 2466 1560 2536 σώματος
1594 2469 1687 2539 (ε),
1735 2471 1898 2541 οὐρα-

337 2547 427 2600 νὸν
477 2549 572 2601 κοιλ⁹
618 2550 721 2621 γῆν
767 2553 943 2622 ἦνωσε
995 2554 1061 2607 δι’
1111 2555 1336 2609 ἐαυτοῦ’
1388 2560 1482 2611 καὶ
1539 2562 1650 2624 τοῖς
1694 2565 1898 2630 νοητοῖς

341 2639 545 2708 συνῆψε
598 2643 664 2695 τά
710 2644 964 2711 αἰσθητὰ,
1017 2648 1110 2699 καὶ
1160 2648 1287 2717 μίαν
1324 2648 1488 2716 ἔδειξε
1537 2651 1635 2721 τὴν
1679 2652 1901 2723 κτιστὴν

339 2731 499 2798 φύσιν
525 2735 643 2796 ταῖς
671 2734 778 2786 τῶν
808 2737 1005 2806 ἑαυτῆς
1032 2738 1295 2809 ἀκρότησι
1325 2741 1525 2812 μερῶν,
1554 2743 1670 2795 κατ’
1700 2745 1900 2814 ἀρετήν

335 2840 394 2874 τε
428 2826 522 2876 καὶ
568 2825 665 2894 τῆς
717 2827 936 2899 πρώτης
967 2830 1142 2893 αἰτίας
1174 2832 1485 2898 ἐπίγνωσιν,
1539 2834 1674 2904 πρὸς
1703 2835 1899 2906 ἑαυτὴν

338 2916 722 2988 συνδεομένην·
766 2919 998 2986 δεικνὺς,
1051 2917 1224 2992 οἶμαι.
1270 2923 1337 2976 δι’
1379 2917 1453 2978 ὧν
1505 2927 1751 2980 ἐπετέλει
1797 2946 1900 2998 μυ-

337 3007 555 3070 στικῶς,
591 3009 662 3071 ὡς
692 3011 720 3064 ό
754 3012 852 3078 μὲν
883 3011 1040 3080 λόγος
1070 3013 1316 3067 satis:th
1345 3015 1646 3070 διεστώτων
1677 3017 1864 3082 ἕνωσις
1883 3035 1899 3050 ο

338 3099 369 3164 ἡ
398 3096 454 3150 δέ
487 3099 696 3167 ἀλογία,
730 3101 838 3154 τῶν
872 3102 1162 3173 ἡνωμένων
1184 3105 1445 3176 διαίρεσις
1467 3124 1480 3135 ·
1515 3107 1607 3161 καὶ
1639 3107 1900 3178 μάθωμεν

337 3185 492 3254 λόγου
523 3191 931 3259 μεταποιεῖσθαι
966 3194 1054 3247 διὰ
1081 3195 1179 3264 τῆς
1208 3197 1480 3267 πράξεως,
1520 3199 1604 3252 ἵνα
1634 3199 1708 3270 μὴ
1740 3200 1898 3270 μόνον

336 3280 588 3347 ἀγγέλοις
645 3285 767 3335 κατ’
814 3285 1048 3356 ἀρετὴν,
1096 3288 1230 3341 ἀλλὰ
1282 3291 1375 3342 καὶ
1421 3290 1539 3361 Θεῷ
1583 3293 1899 3360 γνωστικῶς

337 3373 477 3426 κατὰ
507 3374 608 3445 τὴν
635 3376 741 3429 τῶν
778 3378 943 3431 ὄντων
976 3380 1262 3451 ἑνωθῶμεν
1303 3383 1613 3454 ἀφαίρεσιν.

1280 277 1680 338 EXPOSITIO
1719 271 2129 333 ORATIOle
2167 266 2572 329 DOMINICIE.

3466 269 3570 333 8’78

2070 385 2432 453 Adoptionem
2466 398 2596 436 vero
2630 380 2847 443 tribuit,
2879 390 3150 448 quatenus
3174 378 3386 432 scilicet
3428 379 3575 435 illam

2002 487 2196 530 natura
2243 475 2590 543 superiorum
2622 472 2836 526 cmlitus
2877 485 2976 540 per
3002 469 3267 540 Spiritum
3319 471 3372 524 in
3406 473 3578 542 gratia

2005 567 2202 620 tribuit
2245 581 2307 620 ac
2353 566 2517 618 donat
2566 564 2946 627 nativitatem;
2999 562 3154 631 cujus
3203 562 3314 616 Deo
3359 564 3580 632 au5pice

2001 659 2248 713 custodia
2280 674 2343 712 ac
2376 657 2722 711 conservatio
2753 664 2858 717 est,
2894 653 3064 707 libera
3113 668 3328 717 eorum,
3356 655 3449 723 qui
3499 654 3582 709 sic

2000 750 2113 803 nati
2144 758 2291 811 sunt,
2319 749 2600 810 voluntas;
2647 747 2862 800 sincero
2912 745 3077 799 animi
3112 745 3313 800 aﬂ'ectu
3358 763 3577 802 conces-

2001 857 2114 895 sam
2158 840 2387 910 gratiam
2420 839 2627 902 colens,
2654 852 2716 890 ac
2749 833 2910 907 347
2938 836 3141 905 quibus
3178 836 3433 889 mandata
3482 853 3575 890 ex»

2000 940 2282 1001 sequatur,
2345 929 2537 984 sedulo
2589 944 2688 997 per
2750 929 2980 998 gratiam
3042 941 3363 981 concessum
3414 927 3611 981 decus/

2001 1037 2312 1087 exornans;
2368 1029 2688 1088 tantumque
2723 1017 3197 1088 perturbationum
3227 1019 3580 1072 evacuatione

2002 1113 2224 1168 deitatis
2270 1108 2600 1165 commercio
2640 1109 2966 1178 proveliens,
2996 1114 3262 1177 quantum
3308 1107 3404 1161 Dei
3445 1108 3570 1162 Ver-

2002 1204 2132 1257 bum
2169 1217 2297 1256 vere
2333 1200 2544 1255 exstitit
2583 1199 2767 1260 homo,
2800 1215 2830 1252 a
2859 1215 2955 1253 sua
3001 1215 3058 1252 se
3101 1214 3229 1252 vera
3275 1214 3336 1253 ac
3377 1201 3583 1269 magni-

2002 1295 2104 1350 ﬁca
2166 1292 2338 1365 gloria
2393 1309 2490 1363 per
2548 1293 2883 1346 voluntatem
2936 1289 3344 1360 dispensatione
3393 1291 3581 1345 exina-

2003 1380 2184 1441 niens.
2697 1377 2700 1380 ’
2993 1394 2997 1399 ’

2068 1478 2189 1532 Pari
2217 1493 2348 1532 vero
2375 1477 2629 1532 homines
2677 1475 2884 1545 angelis
2927 1474 3190 1545 dignitate
3236 1475 3387 1530 auxit
3421 1484 3581 1546 atque

2001 1569 2269 1638 provexit,
2304 1584 2415 1622 non
2442 1584 2507 1622 ea
2540 1568 2804 1622 duntaxat
2839 1567 3072 1633 ratione,
3107 1567 3252 1636 quod
3287 1567 3582 1635 Paciﬁcana

2000 1674 2093 1728 per
2115 1657 2426 1728 sanguinem
2464 1657 2630 1710 crucis
2663 1671 2792 1718 stur,
2843 1672 2961 1725 qua:
2999 1658 3053 1709 in
3100 1655 3262 1720 malis,
3309 1666 3356 1709 ct
3380 1673 3498 1726 qua:
3529 1659 3580 1710 in

2001 1758 2143 1803 terra
2189 1757 2309 1802 sunt
2330 1749 2372 1810 ⁸,
2423 1748 2658 1816 caelique
2711 1762 2774 1800 ac
2823 1756 2985 1802 terra:
3036 1747 3365 1802 intermedia
3409 1749 3582 1817 spatia

2003 1839 2292 1908 implentes
2333 1838 2677 1892 adversarias
2721 1846 3021 1907 potestates
3051 1837 3364 1904 destruens,
3392 1840 3456 1892 ad
3505 1839 3587 1891 di-

2002 1933 2256 1985 vinorum
2333 1931 2779 1985 distributionem
2847 1930 3118 1984 donorum
3164 1930 3312 2000 quod
3365 1931 3582 1994 attinet,

2001 2039 2167 2077 uuam
2218 2023 2563 2078 terrestrium
2619 2022 3036 2091 ccelestiumque
3077 2031 3410 2092 potestatum
3443 2038 3578 2077 con-

1999 2117 2214 2171 cionem
2257 2123 2571 2183 emtumque
2620 2112 2892 2178 ostendit;
2956 2113 3088 2168 dum
3134 2114 3350 2168 scilicet
3390 2114 3586 2168 huma-

2003 2222 2132 2260 num
2169 2220 2360 2277 genus,
2409 2219 2517 2258 una
2553 2202 2857 2272 eademque
2902 2205 3180 2258 voluntate
3229 2220 3354 2258 cum
3393 2218 3584 2273 super-

2002 2300 2089 2354 nis
2118 2299 2508 2368 potestatibus,
2538 2296 2798 2365 socioque
2832 2295 2940 2350 illis
2976 2296 3192 2366 agmine
3228 2295 3320 2349 Dei
3356 2295 3583 2366 gloriam

2003 2391 2058 2443 in
2084 2389 2448 2444 exsultatione
2479 2395 2744 2458 personat
2771 2401 2835 2441 ac
2865 2386 3045 2451 canit;
3087 2387 3183 2442 sed
3219 2387 3364 2458 quod
3395 2387 3583 2452 etiam,

2003 2479 2228 2548 impleto
2267 2487 2470 2534 nostrae
2501 2477 2694 2532 salutis
2741 2473 2798 2530 in
2832 2491 2998 2532 carne
3029 2479 3270 2548 negotio,
3313 2493 3420 2532 una
3457 2494 3583 2532 cum

2001 2579 2285 2639 assumpto
2319 2584 2550 2637 corpore
2593 2568 2645 2622 in
2683 2568 2881 2622 malum
2931 2577 3207 2638 receptus,
3235 2569 3433 2624 cmlum
3468 2578 3582 2623 ter-

2003 2674 2228 2728 ramque
2259 2674 2358 2727 per
2386 2672 2444 2710 se
2473 2656 2590 2727 ipse
2621 2657 2981 2725 copulaverit,
3013 2657 3288 2727 rebusque
3319 2640 3581 2728 spiritali-

2002 2750 2105 2804 bus
2131 2759 2186 2804 et
2211 2765 2333 2820 quae
2367 2759 2550 2805 mente
2591 2750 2996 2820 intelliguntur,
3025 2765 3090 2803 ea
3126 2765 3246 2818 qua:
3275 2749 3328 2802 in
3359 2764 3582 2803 sensum

2002 2841 2225 2903 cadunt,
2284 2841 2666 2911 conjunxcrit;
2749 2856 2962 2896 necnon
3045 2840 3264 2894 unicam
3331 2850 3581 2896 naturam

2002 2940 2264 2995 creatam,
2318 2946 2542 2986 suarum
2580 2932 2817 3001 partium
2860 2929 3323 2993 extremitatibus,
3365 2931 3584 2985 virtutis

2004 3024 2151 3077 cultu
2191 3022 2465 3092 primique
2512 3023 2758 3077 auctoris
2802 3021 2888 3074 sui
2933 3019 3148 3084 notitia,
3181 3019 3287 3075 sibi
3338 3020 3440 3090 ipsi
3484 3021 3582 3076 de-

2005 3113 2243 3168 vinctam
2271 3128 2334 3166 ac
2357 3113 2748 3176 cohaerentem,
2770 3110 3121 3176 exhibuerit;
3163 3110 3216 3164 id
3245 3121 3376 3180 puto
3396 3121 3583 3166 osten-

1958 3188 1960 3190 ν
2005 3207 2160 3268 deus,
2189 3221 2287 3274 per
2314 3219 2380 3258 ea
2411 3220 2532 3274 quae
2564 3204 2791 3275 mystice
2829 3203 3147 3273 peragebat,
3192 3202 3426 3256 verbum
3458 3203 3584 3272 qui-

2003 3297 2127 3351 dem
2183 3311 2247 3350 ac
2282 3294 2570 3360 rationem,
2601 3309 2720 3363 qua:
2773 3302 2902 3347 sunt
2949 3292 3139 3346 dissita
3185 3291 3445 3357 couuire;
3499 3309 3586 3346 ra-

2005 3387 2170 3442 tionis
2197 3401 2327 3441 vero
2352 3385 2657 3440 absentiam
2695 3384 2931 3455 (brutam
2977 3382 3186 3437 scilicet
3213 3383 3577 3445 affectionem)

336 3485 398 3524 ea
422 3486 540 3540 qua:
564 3472 1159 3542 sintunita,dividere,
1187 3493 1250 3532 ac
1279 3493 1376 3547 per
1417 3481 1690 3536 actionem
1727 3498 2013 3553 capessere
2061 3483 2336 3537 discamus
2405 3481 2672 3536 rationem
2720 3499 2733 3534 :
2767 3491 2830 3536 ut
2856 3480 3060 3535 nedum
3127 3481 3358 3554 angelis,
3409 3481 3584 3535 virtu-

337 3569 405 3621 tis
440 3567 740 3634 l'uuctione,
767 3570 864 3625 sed
906 3581 962 3625 et
995 3573 1108 3626 Deo
1140 3574 1416 3642 sapienter
1444 3591 1542 3645 per
1569 3577 1898 3634 ablationem
1934 3593 2117 3632 rerum
2150 3578 2424 3632 uniamur.

404 3665 556 3732 Ζωῆς
586 3665 643 3717 δὲ
684 3665 833 3729 θείας
874 3671 1106 3721 ποιεῖται
1142 3669 1444 3738 μετάδοσιν,
1480 3671 1740 3742 ἐδώδιμον
1773 3675 1900 3726 ἐαυ-

335 3755 424 3808 τὸν
451 3757 836 3827 ἐργαζόμενος,
869 3760 943 3822 ob;
987 3755 1126 3812 οἶδεν
1154 3763 1337 3825 αὐτὸς,
1368 3764 1462 3816 καὶ
1491 3765 1540 3817 οἱ
1575 3767 1703 3835 παρ’
1736 3766 1900 3820 αὐτοῦ

337 3847 586 3917 τοιαύτην
621 3847 872 3919 αἷσθησιν
891 3851 1080 3922 νοεράν
1116 3853 1420 3922 εἰληφότες,
1449 3854 1588 3907 ὥστε
1616 3858 1682 3926 τῇ
1714 3856 1899 3923 γεύσει

334 3935 539 4005 ταύτης
569 3937 667 4006 τῆς
705 3937 978 4008 βρώσεως,
1031 3941 1248 4006 εἰδέναι,
1291 3943 1410 3996 κατ’
1439 3943 1738 4012 ἐπίγνωσιν
1771 3945 1900 4014 ἀλη-

336 4024 466 4090 θῶς,
497 4027 576 4078 ὅτι
603 4027 837 4098 χρηστὸς
860 4029 888 4080 ὁ
913 4029 1138 4101 Κύριος,
1175 4031 1418 4102 ποιότητι
1443 4032 1564 4105 θείᾳ
1595 4035 1729 4105 πρὸς
1761 4034 1896 4088 θέω·

339 4133 422 4168 σιν
459 4118 800 4190 μετακιρνῶν
835 4121 958 4184 τοὺς
988 4121 1266 4186 ἐσθίοντας
1289 4139 1302 4152 υ
1333 4119 1422 4176 οἷα
1448 4124 1512 4194 δὴ
1544 4126 1725 4196 σαφῶς
1756 4128 1900 4198 ζωῆς

336 4210 428 4261 καὶ
457 4208 736 4280 δυνάμεως
763 4212 925 4281 ἄρτος
955 4214 1045 4264 καὶ
1071 4211 1146 4265 ὢν
1185 4215 1279 4266 καὶ
1311 4213 1666 4286 καλούμενος,

405 4483 513 4556 Τὴν
547 4485 705 4554 φύσιν
731 4486 786 4539 δέ
831 4486 964 4558 πρὸς
993 4487 1190 4558 ἑαυτὴν
1218 4487 1666 4558 ἀποκαθίστησιν,
1697 4490 1755 4542 οὺ
1801 4508 1899 4542 κα·-

332 4576 446 4628 θότι
479 4577 637 4645 μόνον
665 4579 955 4648 γενόμενος
989 4581 1292 4651 ἄνθρωπος,
1322 4581 1508 4653 ἀπαθῆ
1546 4583 1644 4652 τὴν
1675 4581 1900 4652 γνώμην

331 4665 468 4736 πῴς
525 4667 622 4739 τὴν
677 4669 835 4738 φύσιν
879 4671 1114 4742 ἐτήρησε
1167 4674 1261 4726 καὶ
1321 4675 1713 4727 ἀστασίαστον
1766 4674 1900 4745 μηδὲ

331 4757 468 4824 πρὸς
496 4759 691 4823 αὐτοὺς
722 4763 844 4824 τοὺς
877 4763 1295 4832 σταυρώσαντας
1336 4765 1433 4834 τῆς
1461 4767 1600 4819 κατὰ
1635 4765 1795 4834 φύσιν
1827 4765 1902 4817 ol-

331 4850 485 4912 κεέας
535 4851 898 4924 σαλευομένην
944 4855 1003 4909 τὸ
1049 4856 1264 4909 σύνολον
1305 4855 1548 4926 βάσεως’
1594 4858 1899 4912 τούναντίον

327 4940 384 4992 δέ
435 4943 632 5011 μᾶλλον
676 4947 1008 5016 αἱρουμένην
1048 4949 1167 5000 ἀντὶ
1213 4947 1358 5017 ζωῆς
1403 4949 1493 5002 τὸν
1531 4950 1671 5018 ὑπὲρ
1721 4948 1900 5002 αὐτῶν

327 5036 556 5088 θάνατον
579 5053 594 5067 ο
628 5037 750 5090 καθ’
780 5037 808 5090 ὅ
840 5040 934 5092 καὶ
963 5039 1021 5092 τὸ
1053 5041 1140 5094 τοῦ
1176 5041 1382 5104 πάθους
1411 5041 1658 5094 ἑκούσιον
1693 5040 1901 5092 δείκνυ-

397 5221 416 5250 ⁶
447 5219 656 5275 Coloss.
682 5239 720 5286 ι,
752 5222 840 5277 20.
917 5223 934 5253 ⁷
972 5223 1111 5278 Psal.
1140 5237 1320 5290 xxxiii,
1357 5225 1410 5278 9.

399 5401 470 5473 (b)
512 5405 585 5458 Ἠ
627 5403 743 5457 τῶν
783 5402 1162 5472 γεννωμένων
1189 5404 1548 5471 προαίρεσις.
1591 5402 1774 5456 Libera
1820 5419 1902 5456 vo-

328 5469 501 5542 luntas
530 5491 738 5537 eorum,
786 5469 874 5542 qui
904 5469 996 5535 sic,
1053 5489 1216 5542 eaque
1245 5469 1522 5542 adoptione
1542 5516 1555 5536 ,
1589 5483 1896 5525 nascuntur.

331 5540 530 5598 Vitiose
555 5545 672 5599 Cat.
705 5554 760 5598 et
795 5540 944 5596 Dul'r.
971 5542 1092 5596 rod.
1124 5540 1231 5594 τῶν
1251 5540 1553 5611 γενομένων
1578 5559 1590 5570 °
1615 5543 1706 5596 ubi
1731 5543 1896 5597 (lord.

326 5628 529 5678 eorum,
577 5630 694 5684 qua:
723 5614 880 5682 ﬁunt,
917 5612 1244 5684 prazrlcctio:
1278 5613 1330 5665 in
1367 5629 1477 5682 quo
1525 5615 1732 5666 nullum
1768 5629 1901 5668 aeuo

328 5697 473 5737 lilii".
505 5703 511 5709 '

2074 3673 2284 3727 Divinas
2316 3679 2500 3725 autem
2537 3671 2665 3725 vitae
2705 3669 3024 3724 societatem
3075 3667 3287 3733 tribuit,
3330 3669 3584 3723 esculen-

2003 3770 2118 3815 tum
2142 3777 2199 3816 se
2225 3777 2290 3817 ac
2330 3760 2770 3815 manducabilem
2821 3765 3108 3828 praestans,
3139 3773 3245 3828 qua
3273 3757 3426 3811 novit
3469 3758 3584 3826 ipse

2002 3852 2234 3915 ratione,
2263 3861 2320 3905 et
2361 3852 2456 3920 qui
2504 3851 2573 3904 ab
2621 3865 2688 3905 eo
2737 3848 3094 3919 intelligentia
3139 3847 3305 3902 animi
3361 3863 3583 3902 sensum

1999 3943 2271 4012 ejusmodi
2319 3949 2684 4012 acceperunt;
2735 3941 2808 3995 ita
2840 3942 3124 4005 nimirum,
3167 3948 3227 3994 ut
3279 3940 3388 3994 cibi
3425 3940 3586 4009 bujus

1999 4043 2164 4106 gustu
2205 4050 2332 4089 vere
2363 4042 2664 4104 agnoscant
2687 4048 2749 4086 ac
2777 4032 3108 4103 intelligant,
3134 4031 3280 4100 quod
3317 4031 3497 4084 bonus
3520 4047 3584 4084 ac

1999 4128 2182 4181 suavis
2239 4125 2562 4188 Dominus’,
2618 4124 2711 4194 qui
2758 4123 3016 4176 videlicet
3064 4121 3478 4183 manducantes,
3525 4130 3585 4174 ut.

2003 4218 2204 4272 deitate
2259 4218 2577 4273 imbuantur
2618 4216 2804 4270 divina
2848 4215 3112 4284 qualitate
3161 4212 3580 4277 commiseeat";

2004 4320 2064 4366 ut
2100 4313 2195 4382 qui
2230 4313 2405 4382 palam
2437 4312 2593 4381 panis
2616 4310 2742 4365 vitm
2765 4313 2786 4343 '
2827 4319 2882 4364 et
2911 4309 3253 4365 fortitudinis
3281 4317 3394 4362 tum
3443 4311 3588 4362 easi-

2005 4414 2131 4469 stat,
2167 4413 2281 4458 tum
2315 4413 2372 4458 et
2399 4405 2607 4458 audiat.

2070 4498 2332 4552 Naturam
2378 4507 2559 4552 autem
2595 4497 2700 4551 sibi
2734 4499 2907 4568 ipsam
2941 4494 3205 4558 restituit,
3249 4507 3358 4547 non
3405 4493 3582 4546 solum

2001 4598 2274 4659 quatenus
2313 4589 2490 4644 factus
2521 4590 2710 4654 homo,
2739 4589 2905 4644 animi
2929 4587 3269 4640 voluntatem
3296 4583 3460 4637 nullis
3482 4580 3582 4635 atl-

2003 4693 2197 4732 versus
2220 4685 2471 4732 naturam
2513 4678 2791 4732 incitatam
2821 4677 3129 4741 affectibus,
3175 4683 3271 4729 aut
3306 4673 3357 4726 ei
3401 4671 3582 4725 rebel-

2002 4767 2228 4831 lantem,
2262 4767 2500 4821 servavit
2533 4767 2616 4835 (ut
2646 4783 2714 4821 ne
2742 4767 2963 4836 quidem
3005 4766 3058 4818 in
3100 4779 3198 4818 eos
3229 4761 3322 4831 qui
3368 4761 3421 4815 in
3451 4775 3581 4816 cru-

2003 4874 2120 4913 cem
2163 4859 2500 4912 sustulerant
2526 4874 2556 4914 a
2605 4859 2841 4913 naturali
2881 4873 2977 4912 sua
3025 4855 3175 4920 sede,
3220 4855 3326 4908 ulla
3358 4867 3584 4922 prorsus

2003 4949 2350 5003 animositate
2397 4958 2580 5003 emota
2620 4948 2722 5014 sit;
2762 4947 2929 5018 35.8
2958 4945 3053 5001 sed
3085 4961 3207 5014 qua:
3251 4942 3453 5013 potius,
3485 4957 3581 4994 eo-

2003 5056 2122 5093 rum
2150 5039 2341 5094 salutis
2369 5055 2554 5104 causa,
2584 5049 2814 5094 mortem
2845 5040 2969 5093 vita:
2996 5037 3316 5107 praetulerit.
3362 5034 3482 5100 Quo
3527 5041 3584 5087 et

1487 5223 1507 5254 ⁸
1538 5223 1678 5276 Psal.
1716 5238 1910 5286 Lxxvu,
1941 5221 2029 5276 25.
2089 5223 2128 5252 ’⁵⁵
2151 5221 2309 5285 Joan,
2336 5239 2409 5286 vi,
2437 5222 2524 5275 48.

2081 5402 2148 5468 (ε)
2183 5403 2344 5455 Μετά
2372 5399 2475 5453 τοῦ
2506 5394 3001 5467 προαιηςοθέντος
3034 5389 3404 5458 ἀναζηςρθεές
3442 5391 3577 5468 ,σώ-

2007 5460 2208 5536 ματος.
2254 5472 2319 5524 1η
2369 5460 2563 5542 partem:
2611 5460 3035 5542 receptus,_cum
3067 5460 3452 5542 co_rpore.qupd
3491 5477 3582 5513 as-

2005 5529 2320 5609 sumpserat.
2341 5540 2488 5612 Nihil
2514 5529 2975 5612 hisAeon'imnnius
2998 5529 3245 5594 vocibus,
3278 5530 3333 5612 in
3361 5529 3585 5611 dispen-

2008 5608 2239 5671 satione,
2275 5612 2364 5665 ubi
2407 5611 2485 5664 sic
2514 5610 2650 5662 male
2677 5608 2903 5663 Corrler.
2938 5608 3328 5674 postassumpti
3351 5608 3583 5670 corporis

2007 5682 2404 5751 susceptionem.
