4134 6192
356 287 456 351 881

1318 291 1715 351 EXPOSITIO
1754 294 2163 355 ORATIUNIS
2204 295 2612 356 DOMlNlC;E.

3496 299 3600 363 85ςὲ

361 419 572 472 cptum;
606 403 815 469 γίνεται
859 404 940 473 (τὸ
987 403 1134 468 ξένον
1165 403 1332 468 ὅντως
1371 406 1604 474 πρᾶγμα
1649 407 1739 458 καὶ
1770 405 1933 459 ἄκου-

2037 408 2182 462 Deus
2205 423 2330 462 cum
2359 416 2525 473 esset,
2562 409 2724 462 homo
2752 407 2809 461 lit
2848 407 2982 478 (rem
3019 408 3176 477 plane
3203 424 3396 462 novam
3421 416 3471 461 et
3502 422 3601 483 au-

363 493 492 560 σμα)
527 495 730 547 καὶτὸν
753 497 851 566 τῆς
879 496 1078 566 σαρκὸς
1111 495 1192 548 θέ)
1203 513 1278 548 ων
1303 496 1656 566 καταδέχεται
1680 497 1927 551 θάνατον.

362 581 574 634 Τούτων
623 585 897 650 ἁπάντων,
948 586 1022 649 ὡς
1099 587 1260 656 ἐφην,
1305 586 1519 655 αἴτησιν
1571 586 1708 656 ἔχων
1755 588 1784 639 ὁ
1835 588 1934 657 τῆς

358 675 673 744 προσευχῆς
703 677 1060 748 εὑρεθήσεται
1089 678 1266 747 λόγος.

426 765 648 836 Πατέρα
675 765 807 837 γὰρ,
859 769 951 820 καὶ
1001 769 1213 839 Πατρὸς
1254 769 1426 837 ὄνομα
1452 769 1620 837 λέγει,
1660 769 1752 824 καὶ
1784 770 1933 840 βασι-

359 854 509 908 λείαν
530 870 544 883 ·
579 857 674 908 καὶ
707 856 896 909 τούτου
926 859 1017 912 τοῦ
1050 861 1262 930 Πατρός
1288 857 1444 923 αὖθις
1478 859 1601 912 Υίδν
1626 861 1684 912 ἐν
1728 859 1930 930 χάριτι,

359 947 447 998 τὸν
477 949 911 1018 προσευχόμενον
940 949 1068 1004 ὄντα
1098 953 1445 1022 παρίστησιν.
1489 953 1638 1016 Ἐνός
1671 970 1730 1006 τε
1777 953 1934 1026 θελή-

361 1055 528 1105 ματος
554 1040 678 1102 τοὺς
707 1041 765 1092 ἐν
797 1041 1011 1112 ούρανῷ
1034 1045 1124 1096 καὶ
1149 1047 1218 1115 γῇ
1252 1045 1500 1112 γενέσθαι
1531 1045 1704 1115 ζητεῖ.
1735 1047 1933 1117 ’Δρτον

359 1129 624 1184 αἰτεῖσθαι
649 1134 976 1203 προστάττει
1004 1136 1094 1188 τὸν
1124 1137 1418 1191 ἐπιούσιον.
1445 1138 1799 1208 Καταλλαγὴν
1822 1141 1934 1201 τοῖς

360 1220 666 1293 ἀνθρώποις
695 1223 977 1293 νομοθετεῖ
1019 1225 1175 1297 [alter
1208 1228 1373 1280 codex
1405 1225 1695 1299 ἐπιζητεῖ],
1727 1229 1821 1280 καὶ
1857 1227 1932 1298 τῷ

362 1313 669 1382 συγχωρεῖν
686 1313 794 1373 ,καὶ
817 1315 1216 1386 συγχωρεῖσθαι
1236 1316 1336 1386 τὴν
1363 1315 1525 1385 φύσιν
1561 1316 1696 1386 πρὸς
1731 1317 1931 1384 ἑαυτὴν

362 1402 557 1466 συνδεῖ,
585 1405 649 1474 τῇ
683 1403 916 1474 διαφορᾷ
941 1404 1038 1473 τῆς
1065 1406 1288 1476 γνώμης
1321 1407 1396 1477 μὴ
1432 1405 1792 1493 τεμνομέχην.
1838 1407 1932 1470 Εἷς

358 1509 416 1544 τε
457 1494 764 1564 πειρασμὸν
807 1494 1090 1561 είσελθεῖν,
1123 1497 1197 1558 ὡς
1245 1497 1404 1566 νόμον
1436 1497 1728 1565 ἁμαρτίας,
1764 1497 1934 1551 ἀπεύ-

359 1583 550 1652 χεσθαι
584 1585 858 1639 διδάσκει·
909 1588 1001 1639 καὶ
1027 1587 1290 1658 ρυσθῆναι
1333 1587 1426 1641 τοῦ
1464 1587 1698 1658 πονηροῦ
1734 1605 1933 1660 παραι-

358 1676 457 1727 νεῖ.
497 1674 641 1728 Ἔδει
669 1676 776 1747 γὰρ
808 1677 899 1730 τὸν
943 1678 1242 1748 αὐτουργὸν
1277 1679 1370 1733 καὶ
1401 1678 1602 1750 δοτῆρα
1650 1679 1757 1732 τῶν
1797 1681 1933 1748 ἀγα-

355 1768 468 1822 θῶν
515 1766 655 1824 εἶναι
699 1772 792 1826 καὶ
841 1772 1184 1838 διδάσκαλον,
1244 1767 1334 1826 οἷα
1381 1773 1446 1844 δὴ
1499 1748 1784 1843 μαθηταῖς,
1820 1776 1932 1837 τοῖς
1965 1748 2005 1802 Β

355 1862 706 1918 πιστεύουσιν
752 1866 831 1928 είς
861 1864 1044 1932 αὑτὸν,
1093 1865 1186 1918 καὶ
1239 1865 1590 1935 μιμουμένοις
1637 1863 1802 1921 αὑτοῦ
1835 1864 1933 1937 τὴν

357 1951 445 2006 διὰ
494 1953 697 2024 σαρκὸς
751 1956 994 2026 ἀγωγὴν,
1043 1954 1321 2026 ὑποθήκας
1371 1953 1515 2028 ζωῆς
1546 1957 1747 2028 ταύτης
1789 1973 1933 2028 παρ-

358 2043 614 2114 εχόμενον
643 2045 740 2115 τῆς
775 2046 1080 2116 προσευχῆς
1113 2045 1182 2099 τὰ
1233 2046 1374 2117 ῥητά
1414 2045 1556 2118 [σοι.
1592 2046 1689 2104 Fr.
1727 2045 1931 2111 Venet,

361 2134 604 2208 ῥήματα]
625 2153 637 2166 ·
672 2135 740 2189 δι’
769 2131 844 2189 ὧν
889 2138 1014 2200 τοὺς
1039 2139 1096 2189 ἐν
1126 2136 1272 2209 αύτῷ
1307 2139 1426 2192 κατ’
1456 2135 1592 2202 εἶδος
1623 2137 1936 2208 ὑφεστῶτας

357 2227 458 2294 τῆς
512 2224 702 2293 σοφίας
751 2226 844 2279 καὶ
875 2227 975 2297 τῆς
1021 2226 1272 2296 γνώσεως
1323 2230 1676 2301 ἀποκρύφους
1729 2230 1934 2300 ἐμήνυε

357 2315 692 2386 θησαυροὺς,
748 2315 882 2387 πρὸς
937 2317 1037 2388 τὴν
1096 2319 1277 2372 αὐτῶν
1341 2319 1640 2374 ἀπόλαυσιν
1694 2318 1934 2390 δηλονότι

359 2406 468 2458 τῶν
497 2406 791 2460 αἰτούντων
833 2408 1069 2462 ἐλαύνων
1108 2409 1205 2480 τὴν
1237 2409 1440 2479 ἔφεσιν.

431 2497 530 2550 Διὰ
555 2498 714 2552 τοῦτο
750 2501 1080 2572 προσευχὴν,
1125 2496 1299 2571 οἶμαι,
1333 2502 1532 2572 ταύτην
1566 2503 1792 2572 κέκληκε
1839 2501 1936 2572 τὴν

356 2589 704 2644 διδασκαλίαν
750 2593 777 2644 ό
817 2591 997 2659 λόγος,
1056 2591 1130 2656 ὡς
1180 2594 1394 2663 αἴτησιν
1424 2593 1648 2663 ἔχουσαν
1692 2593 1800 2646 τῶν
1843 2594 1934 2646 ἀν-

359 2679 600 2751 θρώποις
627 2682 768 2736 κατὰ
793 2681 950 2755 χάριν
980 2683 1043 2734 ἐκ
1067 2682 1200 2736 Θεοῦ
1230 2683 1518 2754 διδομένων
1542 2682 1746 2754 δώρων.
1775 2682 1934 2736 Ὀὕτω

359 2773 470 2840 γὰρ
503 2773 552 2825 οί
604 2771 952 2826 θεόπνευστοι
993 2772 1236 2844 Πατέρες
1285 2773 1440 2844 ἡμῶν
1489 2773 1776 2844 όριστικῶς
1808 2776 1937 2844 περὶ

359 2864 457 2933 τῆς
491 2866 797 2936 προσευχῆς
829 2865 1123 2934 διεξῆλθον,
1157 2866 1449 2936 φήσαντες,
1485 2861 1625 2919 εἶναι
1653 2865 1751 2937 τὴν
1776 2884 1938 2937 προσ-

396 2956 526 3026 οχὴν
550 2957 781 3027 αἴτησιν,
815 2950 888 3010 ὧν
913 2957 1044 3020 Θεὸς
1078 2957 1398 3027 πρεπόντως
1440 2957 1614 3028 ἐαυτῷ
1648 2958 1935 3030 δωρεῖσθαι

2030 501 2353 571 ditionem!)
2385 516 2449 554 ac
2474 499 2656 554 carnis
2680 511 2912 554 mortem
2949 508 3142 568 Sponte
3171 500 3428 553 admittit.
3458 498 3606 553 Cun-

2030 601 2118 646 cta
2179 593 2294 649 haec
2323 592 2578 661 petenda,
2604 593 2680 648 uti
2707 592 2977 657 dicebam,
2999 590 3268 646 orationis
3310 590 3608 644 Dominica:

2033 693 2238 739 textum
2273 683 2553 738 insinuare
2581 683 2850 739 invenias.

2001 828 2007 834 .
2098 775 2262 847 349
2289 777 2505 831 Patrem
2531 775 2700 840 enim,
2741 784 2797 830 et
2827 775 3005 830 Patris
3039 788 3240 828 nomen
3268 788 3608 843 regnumque

2029 866 2273 936 loquitur
2308 885 2321 920 :
2363 867 2632 936 bujusque
2670 881 2862 920 rursus
2896 863 3070 918 Patris
3097 863 3294 918 Filium
3327 862 3380 916 in
3410 863 3604 933 gratia.

2030 967 2278 1013 orantem
2326 957 2588 1012 ostendit.
2643 954 2818 1010 Unius
2865 956 2996 1010 item
3042 955 3360 1019 voluntatis,
3405 953 3500 1022 qui
3551 954 3606 1007 in

2030 1049 2169 1104 coelo
2195 1058 2250 1104 et
2287 1049 2382 1118 qui
2415 1048 2470 1101 in
2523 1056 2686 1109 terra,
2730 1045 2847 1100 ﬁeri
2889 1046 3043 1115 petit.
3080 1046 3283 1099 Panem
3333 1045 3607 1114 quotidia-

2029 1156 2162 1194 num
2197 1150 2451 1210 petamus
2478 1139 2655 1209 jubet.
2684 1135 3032 1202 Hominibus,
3058 1135 3149 1190 alii
3186 1143 3246 1189 ut
3272 1135 3396 1190 aliis
3417 1150 3608 1188 recon-

2029 1229 2310 1294 cilientur,
2335 1228 2538 1293 sancit;
2577 1242 2748 1296 eaque
2781 1226 2995 1280 ratione
3037 1223 3185 1293 quod
3219 1233 3275 1278 et
3306 1223 3605 1287 dimittant,

2029 1330 2084 1375 et
2117 1320 2227 1375 illis
2274 1320 2608 1384 dimittatur,
2641 1327 2894 1372 naturam
2931 1317 3037 1372 sibi
3091 1317 3286 1386 ipsam,
3316 1314 3470 1368 nullo
3509 1329 3607 1367 vo-

2030 1411 2262 1466 luntatis
2293 1411 2574 1480 animique
2613 1410 2901 1464 sententia:
2953 1400 3183 1462 dissidio
3221 1405 3471 1470 scissam,
3515 1419 3610 1459 ne-

2031 1503 2150 1557 ctit.
2181 1503 2262 1557 Ad
2297 1503 2433 1567 hahc,
2467 1504 2670 1558 intrare
2717 1503 2769 1556 in
2817 1501 3197 1563 tentationcm,
3230 1510 3485 1568 tanquam
3527 1496 3608 1551 le-

2031 1605 2151 1662 gem
2207 1591 2440 1660 peccati,
2487 1590 2893 1660 deprecandum
2943 1590 3274 1644 documento
3327 1588 3512 1643 tradit.
3566 1589 3609 1642 Δ

2033 1683 2176 1737 malo
2207 1681 2447 1753 denique
2497 1683 2750 1736 hortatur
2777 1681 3026 1736 liberari.
3065 1679 3302 1734 Docebat
3337 1679 3506 1746 enim,
3552 1689 3612 1733 ut

2033 1775 2305 1830 bonorum
2345 1783 2540 1829 auctor
2571 1774 2685 1844 ipse
2718 1782 2771 1830 et
2805 1773 3053 1844 largitor,
3083 1772 3253 1827 etiam
3298 1771 3492 1826 doctor
3521 1786 3608 1824 cs-

2033 1875 2135 1932 set,
2169 1867 2264 1937 qui
2298 1867 2511 1922 scilicet
2541 1865 2795 1920 fidelibus
2842 1865 2976 1923 suis.
3015 1871 3275 1934 tanquam
3304 1860 3610 1930 discipulis.

2033 1957 2261 2027 ejusque
2294 1971 2394 2026 per
2419 1971 2642 2011 carnem
2670 1955 3014 2026 disciplinam
3049 1953 3280 2022 vitaeque
3315 1951 3615 2007 institutio-

2032 2063 2156 2101 nem
2191 2047 2558 2110 imitantibus,
2587 2045 2916 2100 documenta
2945 2045 3072 2099 vitae
3098 2044 3368 2099 orationis
3394 2051 3614 2098 senten-

2035 2138 2138 2192 tias
2164 2137 2420 2207 dictaque
2453 2136 2758 2207 prazberet;
2805 2136 3013 2206 quibus
3044 2135 3187 2201 apud
3225 2149 3282 2188 se
3316 2149 3442 2188 vere
3472 2133 3614 2188 exsi-

2035 2236 2245 2284 stentes
2294 2227 2576 2298 sapientia:
2613 2236 2671 2282 et
2701 2227 2946 2281 scientia
2993 2227 3283 2280 thesauros
3325 2222 3615 2278 abscondi-

2035 2329 2120 2374 tos
2159 2318 2482 2384 ostendit“;
2519 2317 2586 2372 ad
2617 2332 2753 2388 quos
2790 2315 3077 2380 fruendos,
3101 2331 3292 2370 eorum
3326 2313 3422 2384 qui
3453 2324 3612 2368 orant

2035 2425 2098 2466 ac
2128 2418 2342 2480 petunt,
2369 2409 2727 2480 cupiditatem
2763 2423 3118 2478 amoremque
3154 2407 3407 2478 impellit.

2105 2501 2338 2566 Idcirco,
2369 2509 2525 2570 puto,
2556 2501 2697 2555 hanc
2733 2499 3013 2570 Scriptura
3044 2499 3370 2565 doctrinam,
3405 2497 3612 2552 oratio-

2035 2608 2183 2658 nem,
2215 2591 2399 2646 Gnece
2434 2589 2762 2662 προσευχὴν,
2798 2590 3111 2660 appellavit,
3143 2600 3204 2644 ut
3231 2605 3354 2660 qua:
3393 2604 3609 2652 eorum,

2037 2700 2157 2754 qua:
2190 2699 2220 2737 a
2247 2684 2359 2738 Deo
2394 2683 2715 2737 hominibus
2745 2699 2840 2753 per
2875 2681 3104 2753 gratiam
3142 2680 3482 2744 tribuuntur,
3511 2678 3612 2733 do-

2036 2791 2257 2840 norum,
2291 2775 2617 2845 petitionem
2652 2774 3072 2844 complectatur.
3110 2772 3203 2828 Sic
3235 2771 3383 2827 enim
3427 2771 3614 2825 divino

2036 2867 2200 2921 amati
2253 2866 2480 2921 numine
2533 2867 2724 2922 Patres
2772 2866 2942 2920 nostri
2995 2863 3064 2918 de
3109 2863 3360 2918 oratione
3408 2861 3616 2935 (Graece

2037 2957 2356 3028 προσευχὴ),
2389 2958 2796 3022 disseruerunt,
2831 2955 3080 3010 dicentes
3116 2972 3130 3009 :
3163 2969 3283 3010 esse
3306 2953 3613 3008 orationem

360 3048 600 3116 πέφυκεν
643 3047 979 3118 ἀνθρώποις·
1016 3047 1202 3119 ὥσπερ
1251 3049 1344 3102 καὶ
1420 3049 1519 3120 τὴν
1579 3050 1762 3121 εὐχὴν,
1806 3051 1933 3104 ὑπό-

2037 3049 2358 3119 petitionem
2392 3064 2606 3114 eorum,
2635 3064 2757 3118 quae
2793 3049 2936 3103 Deus
2979 3062 3081 3116 pro
3126 3047 3312 3100 innata
3345 3045 3628 3112 bonitate,

362 3151 566 3206 σχεσιν,
610 3137 777 3208 ἤγουν
816 3139 1170 3207 ἐπαγγελίαν,
1203 3132 1276 3194 ὧν
1305 3140 1545 3210 γνησίως
1583 3141 1933 3212 λατρεύοντες

2038 3149 2200 3210 atque
2218 3152 2277 3194 ut
2308 3141 2484 3211 ipsum
2507 3141 2664 3196 decet
2679 3139 2896 3210 elargiri
2919 3137 3238 3193 hominibus
3257 3137 3498 3208 proclive
3520 3137 3616 3191 ha-

360 3225 480 3297 Θεῷ
521 3226 982 3298 προσκομίζουσιν
1011 3227 1307 3301 ἄνθρωποι,
1341 3229 1438 3302 τὴν
1473 3231 1694 3302 Γραφὴν
1730 3249 1934 3305 μαρτυ-

273 3307 275 3309 ’
365 3317 562 3388 ροῦσαν
581 3317 658 3389 τῷ
681 3319 866 3390 οἰκείῳ
896 3321 1038 3392 λόγῳ
1061 3321 1340 3392 πολλαχῶς
1367 3323 1834 3393 παραστήσαντες,
1860 3322 1935 3386 ῶς

360 3407 440 3474 τὸ,
484 3409 776 3475 Εὔξασθε,
811 3412 906 3465 καὶ
959 3412 1213 3466 ἀπόδοτε
1254 3413 1445 3482 Κυρίῳ
1473 3411 1552 3478 τῷ
1582 3413 1701 3480 Θεῷ
1731 3412 1928 3484 ἡμῶν·

361 3500 476 3563 καὶ,
516 3501 672 3555 Ὅσα
704 3501 1008 3572 ηὐξάμην,
1033 3503 1324 3558 ἀποδώσω
1345 3520 1443 3558 σοι
1476 3505 1704 3573 Σωτῆρι
1719 3523 1838 3574 μου
1857 3505 1936 3570 τῷ

361 3592 555 3660 Κυρίῳ
585 3591 679 3663 (9)·
713 3594 842 3665 περὶ
864 3595 962 3666 τῆς
994 3595 1158 3665 εὐχῆς
1174 3595 1437 3665 εἰρημένα
1459 3611 1472 3624 °
1507 3597 1599 3648 καὶ
1630 3593 1783 3658 αὖθις
1809 3598 1935 3668 περὶ

361 3684 688 3754 προσευχῆς,
708 3685 784 3748 ὡς
803 3685 864 3738 τὸ
883 3725 898 3747 ,
929 3684 1036 3740 Kal
1059 3686 1446 3755 προσηύξατο
1481 3687 1555 3757 (It)
1578 3689 1757 3741 Ἅννα
1787 3689 1936 3756 πρὸς

362 3774 598 3842 Κύριον,
625 3773 891 3844 λέγουσα
910 3791 924 3806 ·
953 3777 1128 3845 Κύριε
1165 3778 1423 3841 Ἁδωναῒ,
1475 3779 1641 3832 Ἑλωῒ
1668 3779 1930 3842 σαϐαὼθ,

359 3862 468 3916 ἐὰν
521 3865 854 3919 εισακούων
917 3869 1286 3938 εἰσακούσῃς
1345 3868 1452 3937 τῆς
1511 3869 1730 3936 δούλης
1792 3886 1928 3935 σου,

362 3952 456 4006 καὶ
483 3953 602 4021 δῷς
647 3973 750 4025 μοι
795 3957 1028 4025 καρπὸν
1078 3960 1348 4026 κοιλίας*
1391 3958 1505 4024 καὶ,
1542 3962 1932 4030 Προσηύξατο

373 4044 630 4112 Ἐζεκίας
683 4049 984 4114 ,ϐασιλεὺς
1051 4049 1266 4113 Ἰούδα,
1325 4051 1423 4104 καὶ
1496 4052 1742 4118 Ἡσαΐας
1803 4054 1930 4119 υἱὸς

374 4135 556 4203 Ἀμῶς
589 4139 623 4191 ό
650 4137 961 4208 προφήτης
989 4141 1138 4208 πρὸς
1179 4142 1396 4209 Κύριον
1419 4159 1432 4171 ·
1475 4144 1568 4197 καὶ
1596 4144 1674 4206 τὸ,
1713 4145 1826 4198 ”οτ’
1857 4144 1932 4197 ἂν

360 4224 527 4292 ὑμεῖς
564 4228 1005 4296 προσεύχησθε,
1059 4228 1284 4297 λέγετε,
1337 4229 1523 4298 Πάτερ
1577 4229 1744 4300 ημῶν
1788 4235 1821 4286 ὀ
1862 4233 1932 4286 ἐν

358 4315 483 4388 τοῖς
539 4317 836 4386 οὐρανοῖς,
903 4320 1052 4389 παρὰ
1099 4318 1190 4372 τοῦ
1239 4322 1444 4392 Κυρίου
1493 4325 1606 4386 τοῖς
1665 4324 1930 4394 μαθηταῖς

2039 3232 2161 3296 bet;
2221 3233 2682 3304 quemadmodum
2725 3241 2936 3297 votum,
2973 3232 3160 3288 Grarce
3199 3230 3386 3301 εὐχὴν,
3419 3245 3614 3284 eorum

2037 3323 2482 3392 promissionem,
2515 3339 2610 3378 seu
2667 3321 3154 3391 nuncupationem,
3188 3335 3308 3390 qua:
3339 3317 3456 3373 veri
3496 3318 3609 3372 cul-

2041 3426 2187 3470 tores
2216 3417 2328 3470 Deo
2361 3417 2644 3471 offerunt:
2681 3424 2844 3484 atque
2888 3414 3014 3468 huic
3057 3429 3170 3468 suae
3222 3411 3506 3467 sententia:
3552 3425 3616 3465 ac

2037 3506 2346 3561 deﬁnitioni
2397 3507 2740 3576 Scripturam
2787 3505 2975 3559 multis
3036 3505 3172 3558 locis
3226 3503 3612 3572 astipulantem

2039 3597 2370 3666 producunt,
2407 3605 2464 3651 ut
2490 3605 2572 3652 est
2599 3595 2732 3650 illud
2757 3595 2823 3649 de
2855 3605 2983 3649 voto
3023 3593 3229 3648 dictum
3259 3612 3272 3647 :
3309 3593 3513 3658 Vovete,
3563 3601 3614 3647 et

2037 3687 2235 3740 reddite
2270 3687 2490 3741 Domino
2520 3685 2630 3740 Deo
2656 3695 2834 3739 nostro
2855 3685 2919 3739 ⁸⁸.
2957 3683 3026 3738 Ει
3062 3700 3075 3736 :
3112 3682 3240 3748 Qua:
3271 3684 3381 3736 vovi
3412 3683 3610 3741 omnia.

2037 3777 2255 3830 reddam
2293 3777 2386 3831 tibi
2419 3775 2642 3830 Domino
2666 3775 2894 3830 salutari
2928 3790 3042 3828 meo
3067 3773 3141 3839 ¹⁶;
3175 3787 3296 3842 quae
3319 3772 3462 3826 dicta
3485 3781 3613 3827 sunt

2037 3863 2104 3917 de
2132 3871 2289 3930 voto;
2332 3880 2396 3918 ac
2428 3878 2621 3918 rursus
2651 3862 2719 3918 de
2747 3863 3018 3928 oratione,
3055 3872 3116 3917 ut
3161 3871 3246 3916 est
3294 3860 3428 3915 illud
3479 3877 3494 3914 :
3542 3859 3610 3914 Et

2036 3959 2203 4010 oravit
2244 3957 2400 4011 Anna
2429 3956 2500 4010 ad
2521 3955 2829 4021 Dominum,
2877 3956 3047 4009 dicens
3071 3971 3090 4010 :
3119 3954 3338 4008 Domine
3381 3952 3608 4015 Adonai,

2035 4047 2174 4103 Deus
2209 4049 2560 4112 exercituum,
2604 4049 2649 4102 si
2697 4047 2980 4102 exaudiens
3016 4045 3311 4102 exaudieris
3359 4042 3610 4100 ancillam

2035 4149 2201 4203 tuam,
2235 4147 2281 4192 et
2314 4138 2518 4192 dederis
2543 4139 2667 4193 milii
2693 4139 2925 4210 fructum
2956 4139 3151 4193 uentris
3176 4138 3241 4191 ”.
3285 4136 3442 4200 Item,
3472 4135 3609 4191 Ora—

2035 4233 2105 4286 vit
2137 4231 2384 4284 Ezechias
2412 4246 2503 4284 rex
2533 4229 2696 4292 Juda,
2725 4237 2773 4283 et
2798 4231 2970 4286 Isaias
2993 4229 3138 4300 ﬁlius
3171 4230 3328 4284 Amos
3359 4228 3610 4298 propheta

2039 4321 2108 4375 ad
2137 4320 2417 4374 Dominum
2440 4320 2502 4376 ¹⁸.
2542 4319 2599 4374 ld
2633 4320 2873 4391 denique
2907 4321 3054 4391 quod
3083 4337 3110 4375 a
3140 4319 3372 4374 Domino
3405 4318 3609 4373 dictum

358 4407 646 4477 εἰρημένον
665 4424 677 4438 ·
703 4407 778 4471 ὡς
799 4403 937 4462 εἶναι
965 4409 1222 4464 δύνασθαι
1248 4409 1346 4480 τὴν
1370 4412 1466 4481 μὲν
1490 4412 1672 4484 εὐχὴν,
1705 4413 1930 4467 ἐντολῶν

2034 4422 2118 4468 est
2148 4411 2433 4481 discipulis
2466 4429 2478 4464 :
2509 4409 2640 4466 Cum
2664 4414 2940 4467 oraveritis
2970 4430 3079 4474 vos.
3103 4413 3256 4466 dicite
3282 4428 3300 4465 :
3329 4411 3492 4465 Pater
3515 4425 3610 4463 no-

356 4497 587 4565 τήρησιν
617 4496 757 4549 κατὰ
795 4497 1019 4568 γνώμην
1056 4498 1150 4551 τοῦ
1200 4499 1474 4570 ηὑγμένου
1508 4503 1895 4573 κεκυρωμένην
1918 4520 1929 4532 ο

356 4585 456 4652 τὴν
488 4586 546 4638 δὲ
579 4587 902 4658 προσευχὴν,
937 4589 1038 4657 τῆς
1069 4591 1203 4660 πρὸς
1235 4591 1302 4644 τὰ
1330 4591 1634 4663 τηρηθέντα
1669 4594 1806 4648 καλὰ
1838 4595 1929 4648 τοῦ

325 4673 716 4760 ,τετηρηκότος
756 4677 1164 4746 μεταποιήσεως
1204 4677 1448 4748 αῖτησινσ
1486 4679 1519 4749 ἧ
1571 4681 1787 4751 μᾶλλον,
1833 4682 1934 4754 τήν

359 4763 458 4830 μὲν
488 4764 653 4835 εὐχὴν
699 4766 899 4838 ἀρετῆς
941 4762 1123 4834 ἆθλον,
1163 4768 1190 4822 δ
1232 4769 1296 4840 δὴ
1345 4770 1577 4840 μάλιστα
1623 4777 1932 4844 προσφιλῶς

353 4854 568 4923 δέχεται
611 4856 743 4921 Θεὸς
787 4858 1318 4930 προσκομιζόμενον·
1355 4862 1454 4928 τὴν
1500 4863 1556 4915 δέ
1601 4867 1928 4937 προσευχὴν,

2029 4512 2140 4558 ster
2165 4504 2254 4574 qui
2279 4504 2410 4556 esin
2441 4502 2623 4568 caelis;
2672 4512 2733 4558 ut
2769 4505 2946 4574 possit
2995 4504 3219 4575 quidem
3264 4512 3454 4558 votum
3493 4517 3612 4557 esse

2034 4596 2418 4648 mandatorum
2445 4594 2780 4661 observatio,
2825 4597 2964 4666 ejus,
3002 4596 3095 4666 qui
3127 4595 3298 4659 vovit,
3344 4592 3609 4648 sententia

2034 4701 2098 4740 ac
2121 4687 2403 4742 voluntate
2431 4686 2786 4753 confirmata;
2831 4689 3008 4743 oratio
3044 4703 3195 4754 vero,
3221 4687 3435 4757 petitio,
3473 4693 3533 4738 ut
3566 4684 3612 4738 is

2033 4778 2128 4847 qui
2173 4778 2509 4844 observavit,
2553 4779 2702 4834 inea
2757 4796 2878 4851 quae
2920 4781 3205 4836 observata
3248 4788 3395 4841 sunt,
3451 4776 3612 4848 350

2033 4867 2176 4922 bona
2204 4868 2520 4924 reducatur.
2551 4869 2676 4924 Sive
2724 4871 2926 4939 potius,
2953 4879 3142 4926 votum
3167 4869 3415 4940 quidem,
3435 4868 3610 4928 virtu-

429 4989 470 5020 ’δ
496 4989 707 5044 Coloss.
739 5007 796 5058 ιι,
827 4991 881 5047 3.
960 4993 1004 5026 “
1032 4994 1173 5049 Psal.
1207 5013 1291 5062 xv,
1324 4997 1410 5051 12.
1489 4999 1532 5030 ³⁸
1561 4998 1712 5054 Jonae
1744 5017 1800 5064 ιι,
1835 5001 1918 5056 10.

2032 5004 2038 5031 ν
2077 5003 2095 5056 l
2131 5003 2261 5074 Reg.
2293 5019 2309 5055 ι
2362 5003 2448 5056 10.
2527 5003 2568 5033 ¹⁸
2597 5003 2639 5057 ll
2668 5003 2844 5058 Paral.
2871 5021 3044 5076 xxxii,
3071 5003 3162 5058 20.

427 5123 502 5207 (Ω)
557 5123 784 5207 retia!
813 5143 974 5207 ,μουο
1018 5127 1097 5192 τῷ
1125 5130 1563 5207 Κυρίῳι-(ῗ-νωᾳι
1619 5131 1924 5207 Vulgata:

351 5195 542 5269 τηρίου
572 5195 650 5262 τῷ
683 5195 893 5269 κυρξῳ,
926 5213 1040 5269 qua
1068 5195 1419 5269 vocc’passim
1453 5202 1682 5256 salutent
1705 5195 1754 5254 οἳ
1785 5201 1924 5256 LXX

353 5247 893 5342 εεξηερεειιιιέραάς
910 5247 1064 5321 ne;
1080 5247 1088 5251 '
1106 5247 1195 5342 .1;
1221 5247 1693 5342 τξῷςιιζριξ;“·ελῐιῖ,
1709 5247 1926 5342 ﬁt};

355 5350 467 5390 non
497 5334 658 5417 longe
686 5334 844 5417 \lulg.
894 5351 990 5417 pro
1032 5335 1206 5417 salute
1252 5334 1514 5401 Domino,
1563 5334 1624 5417 ut
1665 5349 1722 5396 et
1765 5334 1930 5395 Arab.

356 5419 556 5472 nempe
583 5404 818 5458 salutem
873 5405 1244 5474 accipientes.
1285 5423 1386 5476 pro
1423 5418 1552 5462 voto
1578 5410 1632 5464 in
1665 5426 1786 5465 eam
1831 5427 1933 5466 eu-

357 5473 657 5528 cltaristico
705 5490 718 5526 :
756 5489 879 5528 nam
916 5475 1144 5530 Hebraea
1202 5487 1420 5541 sonant,
1462 5477 1620 5534 Salus
1658 5479 1878 5534 Domino
1917 5498 1934 5534 :

356 5544 466 5605 vel,
499 5552 562 5598 ut
591 5543 759 5608 Pagn.
793 5542 1022 5599 Domini.

433 5612 507 5688 (It)
559 5613 672 5688 _Kal
722 5615 1125 5688 προσηύξατο.
1179 5616 1471 5688 Maximum
1529 5617 1752 5683 fefellit,
1787 5620 1933 5688 quod

358 5683 526 5737 verba
559 5682 694 5747 hanc,
730 5700 852 5753 quae
881 5684 1050 5741 Anna:
1079 5687 1293 5741 cantico
1325 5697 1592 5756 praeeunt,
1620 5689 1685 5744 ad
1715 5682 1934 5745 versum

2031 5152 2086 5197 ιι,
2115 5151 2164 5187 e.
2190 5150 2226 5193 ι,
2255 5132 2448 5195 traxit;
2485 5148 2547 5186 ea
2580 5133 2792 5188 scilicet
2827 5148 2948 5202 qua:
2979 5142 3108 5189 sunt
3139 5131 3428 5197 orationis,
3453 5131 3518 5186 ad
3545 5148 3607 5186 ea

2032 5220 2152 5273 qua:
2173 5211 2303 5256 sunt
2327 5203 2459 5273 voti.
2491 5202 2570 5256 lbi
2597 5203 2743 5257 cnim
2777 5212 2880 5266 est,
2913 5203 3038 5273 Kal.
3066 5202 3268 5272 ηὔξατο
3296 5202 3462 5272 εὐχὴν
3499 5204 3610 5255 Κυ-

2035 5271 2153 5342 ρίῳ.
2186 5287 2288 5329 nec
2326 5272 2605 5342 ullusiest.
2634 5274 2730 5342 qui
2767 5287 2875 5326 non
2916 5271 3128 5336 reddat,
3157 5273 3226 5326 Et
3253 5271 3430 5342 uotum
3473 5273 3610 5326 vovit

2032 5341 2291 5412 Domino,
2324 5341 2492 5412 quod
2524 5341 2703 5410 ipsum
2723 5350 2870 5396 tanta
2917 5343 3279 5412 sequentibus
3311 5341 3606 5412 verborum

2029 5411 2279 5480 emphasi
2308 5410 2462 5484 Anna
2518 5420 2914 5484 reprmsentat;
2951 5410 3055 5468 nec
3105 5427 3353 5484 usquam
3374 5411 3429 5464 in
3456 5411 3608 5484 Ceri-

2031 5491 2193 5552 ptura
2225 5481 2397 5552 major
2426 5481 2537 5552 voti
2571 5482 2873 5552 expressio,
2923 5484 3030 5538 etsi
3058 5497 3162 5537 nec
3190 5481 3284 5537 ’illi
3323 5481 3482 5552 deest
3509 5483 3606 5536 ad-

2031 5549 2198 5606 inixta
2231 5550 2426 5622 oratio.
2448 5549 2802 5606 Commodius
2834 5561 3012 5607 tanton
3049 5553 3360 5622 exemplum
3405 5550 3609 5607 licebat

2032 5621 2228 5676 aﬂ'crre
2258 5619 2508 5677 Maximo.
3215 5619 3227 5622 “
3421 5637 3427 5642 ’
