4134 6192
564 326 669 389 893

1736 333 1795 393 S.
1834 328 2118 395 M:\)thl
2159 334 2667 394 CONEESSORIS

3722 325 3835 391 884

563 441 634 495 tis
665 452 944 498 certamen
971 453 1077 507 est,
1100 445 1245 513 quod
1272 463 1403 502 sane
1424 448 1670 503 oblatum
1698 448 1843 501 Deus
1868 448 2145 518 benignis-

2247 449 2447 517 ἀρετῆς
2495 447 2761 501 ἔπαθλονο
2812 445 2840 498 6
2888 445 2952 516 δὴ
3011 444 3156 516 μάλα
3209 444 3415 516 χαίρων
3452 441 3585 505 Θεὸς
3638 441 3852 497 ἀνιιδί·

562 533 703 588 sime
758 534 1021 602 suscipit;
1085 538 1264 590 oratio
1321 548 1527 603 autem,
1556 538 1793 601 virtutis
1839 541 2145 608 prannium,

563 622 709 692 quod
743 623 890 679 Deus
919 625 1339 684 lubentissimus
1372 630 1612 699 reponit.

629 709 766 764 Cum
802 711 971 782 igitur
998 729 1066 768 ex
1095 715 1260 772 dictis
1291 719 1584 789 probatum
1638 719 1730 783 sit,
1766 734 1889 776 esse
1938 721 2147 775 oratio-

561 813 684 852 nem
710 798 983 855 bonorum
1016 804 1317 872 petionem,
1353 822 1589 876 quorum
1620 806 1862 862 Verbum
1892 808 2147 862 incarna-

562 899 676 945 tum
727 900 926 946 auctor
973 895 1215 960 exsistit,
1271 898 1449 967 ipsum
1492 897 1654 954 nobis
1689 907 1981 954 contextus
2027 914 2152 954 ora-

560 981 731 1038 tionis
770 982 1056 1040 doctorem
1097 988 1481 1056 przeﬁeicntes,
1528 989 1763 1046 ﬁdenter
1799 1006 2143 1056 enarremus,

560 1072 635 1127 ita
670 1087 803 1127 sane
839 1084 900 1129 ut
935 1075 1204 1145 cujusque
1249 1079 1536 1133 sententiae
1575 1093 1819 1142 sensum,
1849 1080 2029 1149 quoad
2063 1094 2149 1135 as-

559 1166 715 1234 sequi
747 1167 1170 1236 contemplando
1192 1169 1399 1233 licebit,
1431 1170 1820 1240 expediamus;
1869 1171 1947 1225 uti
1979 1172 2148 1225 nimi-

560 1272 685 1309 rum
716 1257 895 1326 ipsum
927 1259 1218 1314 commode
1247 1261 1487 1315 Verbum
1517 1263 1870 1332 suppeditare
1902 1264 2063 1329 solet,
2091 1273 2149 1319 et

560 1352 622 1399 ut
650 1345 889 1401 dicentis
919 1350 1210 1404 sententia:
1231 1350 1314 1405 vis
1349 1350 1707 1422 intelligatur,
1734 1354 1948 1408 tribuit.

558 1452 726 1508 Pater
775 1465 971 1522 noster,
1020 1460 1109 1529 qui
1158 1474 1211 1531 es
1245 1461 1298 1513 in
1347 1460 1906 1531 cwlis;sanctiﬁcetur
1957 1480 2147 1519 nomen

902 1534 1087 1593 tuum;
1122 1529 1366 1584 adveniat
1396 1547 1613 1603 regnum
1640 1529 1808 1587 tuum.

627 1634 881 1707 Congrne
922 1654 1051 1694 mox
1092 1655 1122 1695 a
1158 1640 1427 1713 theologia
1477 1644 1751 1714 auspicari
1795 1656 2014 1701 orantes
2046 1646 2146 1701 do-

562 1734 650 1781 cet
706 1727 971 1783 Dominus
1027 1730 1179 1785 biscc
1237 1733 1441 1797 verbis,
1497 1747 1794 1805 rerumque
1851 1735 2152 1791 eﬂ'ectrieis

560 1833 739 1873 causa:
758 1821 1159 1887 exsistentiam,
1185 1839 1409 1894 quoquo
1439 1825 1602 1881 modo
1632 1827 1922 1893 initiando,
1946 1829 2146 1898 aperit,
2180 1806 2222 1860 Β

561 1909 656 1977 qui
693 1910 809 1979 ipse
845 1927 944 1981 per
965 1914 1260 1968 essentiam
1294 1931 1478 1970 rerum
1509 1932 1671 1972 causa
1722 1927 2024 1989 auctorque
2054 1920 2145 1976 sit.

562 1999 741 2055 Patris
769 2003 938 2070 enim,
970 2010 1026 2059 et
1053 2005 1294 2062 nominis
1327 2007 1531 2072 Patris,
1560 2010 1825 2081 regnique
1856 2011 2035 2067 Patris
2055 2012 2149 2068 de-

562 2092 918 2152 elatationem
946 2097 1152 2152 habent
1173 2100 1445 2155 orationis
1466 2102 1669 2168 verba;
1714 2112 1775 2156 ut
1796 2103 1865 2157 ab
1892 2104 2011 2174 ipso
2039 2115 2151 2161 sta-

564 2189 663 2237 tim
698 2188 951 2255 exordio,
997 2189 1208 2245 unitate
1246 2200 1587 2247 constantem
1626 2194 1979 2260 Trinitatem,
2006 2197 2153 2251 cole-

563 2292 643 2340 re.
676 2278 956 2345 invocare,
986 2281 1240 2336 venerari
1273 2282 1571 2339 discamus.
1609 2284 1705 2338 Dei
1757 2285 1911 2341 enim.
1938 2301 2001 2341 ac
2044 2287 2149 2342 Pa-

562 2367 665 2424 tris
700 2384 901 2423 nomen
930 2369 1299 2427 essentialiter
1332 2374 1665 2441 subsistens,
1687 2377 2005 2448 unigenitus
2055 2378 2147 2432 Fi-

561 2458 672 2513 lius
719 2467 843 2529 est;
900 2460 1109 2531 Deique
1153 2478 1217 2517 ac
1271 2463 1448 2520 Patris
1500 2481 1728 2535 regnum
1780 2468 2151 2525 cssentialiter

562 2549 890 2616 subsistens,
924 2552 1164 2625 Spiritus
1212 2564 1453 2610 sanctus.
1506 2555 1662 2625 Quod
1712 2559 1859 2612 enim
1895 2558 1986 2614 hic
2008 2559 2149 2613 Mat-

563 2641 740 2697 thzeus
773 2659 1000 2714 regnum
1038 2653 1216 2711 vocat,
1252 2647 1394 2702 alius
1438 2647 1546 2701 alio
1571 2648 1811 2718 quodam
1842 2650 1962 2705 loco
1982 2666 2151 2704 evan—

562 2730 756 2795 gelista
808 2733 1104 2802 appellavit
1156 2735 1423 2805 Spiritum
1466 2747 1739 2804 sanctum,
1788 2738 2020 2795 dicens:
2057 2739 2149 2794 Ve-

560 2822 675 2876 niat
707 2820 938 2893 Spiritus
974 2835 1188 2882 sanctus
1221 2837 1361 2892 tuus,
1387 2838 1436 2881 et
1468 2830 1682 2886 mandet
1712 2847 1829 2885 nos.
1853 2831 1973 2886 Non
1998 2832 2145 2891 enim

560 2910 863 2965 ascititium
920 2930 1119 2968 nomen
1178 2915 1346 2972 habet
1393 2918 1554 2973 Pater
1606 2935 1672 2975 ac
1732 2919 2037 2987 factitium;
2089 2933 2149 2977 ut

562 3017 740 3071 neque
794 3019 1021 3076 regnqu
1086 3007 1445 3079 intelligimus
1479 3011 1629 3067 velut
1672 3011 1992 3083 dignitatem
2026 3029 2147 3083 qua:

559 3091 638 3145 illi
673 3091 978 3148 advenerit.
1022 3094 1140 3150 Non
1173 3098 1321 3151 enim
1351 3098 1519 3168 coepit
1544 3115 1687 3165 esse,
1721 3109 1782 3154 ut
1811 3111 1926 3157 tum
1960 3113 2134 3171 pater,

561 3190 679 3235 tum
711 3198 807 3237 rex
844 3199 966 3239 esse
999 3185 1302 3256 inciperet;
1349 3189 1443 3243 sed
1474 3206 1599 3245 cum
1627 3191 1699 3246 sit
1727 3207 1963 3262 semper,
1996 3210 2140 3253 sem-

559 3288 660 3344 per
690 3274 857 3328 ctiam
888 3284 1066 3347 pater,
1096 3293 1159 3331 ac
1196 3295 1290 3331 rex
1320 3289 1435 3345 est;
1485 3288 1544 3334 ut
1576 3296 1753 3351 neque
1786 3297 1928 3348 esse,
1964 3298 2143 3352 neque

558 3374 734 3436 pater,
769 3377 867 3420 aut
920 3382 1013 3420 rex
1043 3383 1185 3433 esse,
1219 3370 1445 3424 omnino
1485 3372 1736 3441 coeperit.
1792 3371 1888 3426 Sin
1937 3384 2141 3438 autem,

558 3471 779 3526 semper
814 3473 937 3511 cum
972 3458 1062 3522 sit,
1100 3474 1319 3532 semper
1360 3471 1473 3515 tum
1506 3473 1682 3532 pater,
1724 3472 1837 3521 tum
1875 3480 1969 3521 rex
2003 3466 2147 3520 exsiv

557 3546 654 3601 stit
687 3565 700 3600 :
737 3562 955 3617 semper
994 3548 1183 3621 utique
1226 3552 1393 3606 etiam
1429 3553 1621 3618 Filius,
1658 3569 1721 3608 ac
1752 3554 1991 3628 Spiritus
2020 3574 2146 3612 san-

557 3644 680 3691 ctus
716 3638 1087 3695 cssentialiter
1115 3656 1245 3699 vere
1282 3643 1429 3697 Patri
1460 3644 1902 3712 coexstiterunt;
1949 3650 2043 3718 qui
2076 3664 2143 3703 ex

558 3729 698 3799 ipso,
730 3730 897 3800 inque
940 3731 1061 3801 ipso
1094 3743 1290 3788 natura
1317 3748 1469 3800 sunt,
1498 3752 1664 3807 supra
1697 3754 1915 3794 causam
1949 3756 2014 3794 ac
2053 3757 2141 3795 ra-

561 3821 798 3885 tionem,
822 3838 932 3877 non
982 3832 1107 3893 post
1147 3825 1325 3895 ipsum
1370 3839 1581 3897 postea,
1628 3839 1857 3902 propter
1900 3848 2140 3896 causam,

558 3926 654 3966 seu
697 3913 789 3969 illa
821 3914 1156 3984 impellente,
1198 3916 1326 3974 lacti
1362 3920 1489 3974 sint.
1542 3920 1755 3976 Relatio
1800 3923 1946 3979 enim
1994 3940 2143 3979 com-

560 4002 898 4056 monstrandi
934 4003 1042 4056 vim
1062 4002 1246 4068 habet,
1271 4021 1335 4059 ea
1364 4023 1597 4075 quorum
1619 4016 1705 4063 est
1746 4010 1959 4075 relatio,
1978 4020 2143 4082 atque

556 4090 782 4156 dicitur,
820 4092 924 4147 alia
970 4095 1094 4149 aliis
1144 4096 1449 4165 posteriora
1498 4098 1725 4171 intelligi
1777 4116 1886 4159 non
1934 4101 2141 4157 sinens.

626 4183 795 4237 Pater
831 4193 1026 4238 noster.
1056 4215 1125 4225 ——
1150 4186 1302 4241 lianc
1348 4186 1514 4258 igitur
1555 4191 1903 4260 auspicantes
1938 4193 2143 4247 oratio-

557 4288 707 4337 nem,
736 4274 1265 4329 consuhstantialem
1305 4291 1369 4330 ac
1404 4282 1921 4348 superessentialem
1956 4283 2143 4339 Trini-

558 4372 748 4426 tatem,
792 4371 854 4417 ut
884 4363 1061 4418 nostri
1107 4380 1328 4423 causam
1372 4367 1730 4438 effectricem,
1778 4372 1935 4443 351
1981 4382 2143 4445 atque

2250 540 2432 593 δωσιν.

2321 711 2550 775 Οὐκοῦν,
2582 710 2766 783 ἐπειδὴ
2798 709 3067 763 δέδεικται
3097 708 3335 761 τῶνὺπδ
3361 707 3457 761 τοῦ
3487 707 3662 775 Λόγου
3696 723 3841 776 σαρ-

2249 804 2514 867 κωθέντος
2549 802 2770 872 ἀγαθῶν
2826 800 3041 872 αἴτησιν
3071 794 3210 854 εἶναι
3243 800 3342 870 τὴν
3374 798 3705 869 προσευχὴν,
3735 799 3844 851 αὐο

2247 899 2339 950 τὸν
2376 896 2814 967 προστησάμενοι
2869 894 2963 947 τοῦ
3014 893 3191 962 Λόγου
3235 893 3334 964 τῆς
3388 894 3699 963 προσευχῆς
3742 889 3840 942 τὸν

2246 988 2584 1052 διδάσκαλον,
2618 986 2947 1059 θαρροῦντες
2994 986 3363 1056 ὲπέλθωμενν
3387 983 3664 1053 ἐπιμελῶς
3700 982 3838 1035 ἐκά-

2249 1097 2374 1133 στου
2410 1078 2572 1149 ῥητοῦ
2592 1076 2971 1148 γυμνάσαντες
2998 1074 3210 1148 [VeneL
3229 1086 3275 1128 et
3298 1072 3390 1128 Fr.
3413 1089 3483 1141 γυ
3491 1070 3835 1142 μνάξοντεςι,

2247 1173 2322 1235 ὼς
2351 1167 2462 1225 οἷόν
2490 1189 2572 1237 τε,
2604 1170 2806 1241 θεωρίᾳ
2836 1170 2936 1237 τὴν
2969 1167 3178 1221 ἔννοιαν
3198 1182 3211 1195 ⁸
3258 1166 3340 1229 ὠς
3369 1165 3533 1228 αὑτός
3569 1181 3631 1216 τε
3661 1180 3835 1234 χορηο

2246 1267 2365 1334 γεῖν
2397 1263 2785 1335 συμφερόντως
2813 1260 3001 1315 εἴωθεν
3030 1262 3058 1313 6
3086 1260 3280 1327 Λόγος,
3309 1258 3403 1311 καὶ
3427 1258 3625 1328 χωρεῖν
3650 1255 3836 1309 δίδωσι

2247 1360 2345 1429 τῆς
2377 1358 2470 1412 τοῦ
2499 1357 2753 1425 λέγοντος
2784 1354 3016 1417 διανοίας
3048 1354 3146 1424 τὴν
3174 1351 3422 1422 δύναμιν.
3453 1374 3462 1382 ·

2248 1471 2439 1540 Πάτερ
2469 1469 2656 1540 ἡμῶν,
2686 1473 2719 1523 ό
2747 1469 2816 1521 ἐν
2859 1466 2984 1540 τοῖς
3010 1464 3288 1540 οὐρςινρῖς
3307 1481 3319 1493 ·
3345 1462 3716 1540 Δἁγιασθήτω
3764 1460 3835 1516 τὸ

2440 1535 2626 1609 ὄνομὰ
2656 1554 2771 1603 σου
2793 1555 2806 1569 ⁶
2846 1537 3068 1592 ἐλθέτω
3098 1536 3135 1603 ἠ
3169 1535 3460 1615 βασιλεία
3490 1550 3626 1588 σου.

2320 1654 2494 1717 Εὐθὺς
2521 1650 2870 1721 καθηκόντως
2915 1648 3190 1715 θεολογίας
3228 1648 3285 1700 ὲν
3315 1646 3529 1710 τούτοις
3575 1644 3828 1717 ἀπάρξα-

2250 1737 2370 1792 σθαι
2403 1737 2643 1791 διδάσκει
2674 1738 2785 1798 τοῖς
2816 1735 3271 1807 προσευχομένοις
3303 1736 3331 1788 6
3362 1737 3586 1805 Κύριος,
3615 1735 3708 1787 καὶ
3728 1733 3829 1804 τήν

2250 1845 2365 1891 πως
2395 1826 2629 1897 ὓπαρξιν
2665 1827 2763 1898 τῆς
2794 1825 2902 1880 τῶν
2947 1825 3115 1881 ὄντων
3158 1827 3446 1896 ποιητικῆς
3490 1827 3671 1889 αἰτίας
3720 1845 3826 1899 μυ-

2252 1904 2541 1988 σταγωγεῖ,
2582 1918 2701 1971 κατ’
2729 1917 2917 1972 οὐσίαν
2945 1917 3054 1972 τῶν
3084 1917 3252 1971 ὄντων
3285 1919 3453 1981 αίτιος
3483 1916 3576 1970 ὢν.
3614 1916 3828 1987 Πατρὺς

2250 2011 2382 2081 γὰρ,
2411 2011 2507 2063 καὶ
2553 2010 2814 2081 ὀνόματος
2849 2009 3086 2080 Πατρδς,
3139 2010 3235 2064 καὶ
3287 2008 3568 2081 βασιλείας
3616 2009 3830 2079 Πατρὸς

2248 2101 2479 2172 δήλωσιν
2509 2100 2625 2172 ἔχει
2654 2101 2753 2170 τῆς
2785 2102 3092 2173 προσευχῆς
3115 2101 3346 2171 τάρητά
3367 2117 3379 2133 ·
3414 2101 3481 2155 ἶν’
3515 2101 3612 2153 ἀπ’
3654 2099 3831 2167 αὐτῆς

2248 2191 2583 2263 διδαχθιῖῳεν
2628 2193 2725 2263 τῆς
2774 2193 2948 2262 ἀρχῆς
3010 2192 3110 2263 τὴν
3153 2192 3444 2263 μοναδικὴν
3489 2192 3696 2263 Τριάδα
3741 2190 3829 2244 σέ-

2250 2285 2396 2349 ϐειν,
2428 2283 2802 2338 ἐπικαλεῖσθαί
2834 2302 2892 2338 τε
2938 2284 3032 2339 καὶ
3077 2287 3419 2357 προσκυνεῖν.
3460 2286 3672 2355 Ὀνομα
3713 2283 3831 2353 γὰρ

2248 2377 2341 2431 τοῦ
2366 2376 2501 2430 Θεοῦ
2535 2376 2629 2430 καὶ
2654 2376 2863 2449 Πατρδς
2893 2376 3167 2440 οὐσιωδῶς
3200 2376 3445 2446 ὑφεστὼς
3480 2379 3626 2430 ἐστιν
3653 2378 3681 2429 6
3728 2394 3830 2446 μο-

2249 2466 2474 2540 νογενὴς
2506 2469 2633 2531 Υἱός
2656 2485 2671 2499 ο
2719 2468 2813 2523 καὶ
2848 2468 3093 2539 βασιλεία
3140 2468 3235 2522 τοῦ
3273 2468 3408 2522 Θεοῦ
3457 2471 3552 2523 καὶ
3592 2469 3827 2537 Πατρδς,

2249 2556 2519 2621 οὑσιωδῶς
2551 2558 2695 2611 ἐστιν
2726 2557 3037 2627 ὑφεστῶσα,
3085 2557 3147 2610 τὸ
3182 2556 3405 2628 Πνεῦμα
3436 2557 3497 2611 τὸ
3530 2557 3704 2628 ἅγιον.
3760 2560 3829 2611 Ὅ

2249 2649 2356 2721 γάρ
2388 2648 2619 2702 ἐνταῦθα
2660 2649 2933 2713 Ματθαῑός
2957 2665 3089 2719 φησι
3121 2648 3415 2720 βασιλείαν,
3450 2649 3683 2719 ἀλλαχοῦ
3713 2649 3830 2702 τῶν

2248 2737 2645 2806 εὐαγγελιστῶν
2699 2738 2884 2810 ἕτερος
2932 2739 3155 2809 Πνεῦμα
3199 2738 3467 2808 κέκληκεν
3511 2739 3685 2806 ἆγιον,
3718 2740 3827 2808 φάο

2250 2844 2416 2893 σκων,
2460 2829 2710 2885 Ἐλθέτω
2749 2844 2866 2884 σου
2912 2829 2976 2883 τὸ
3004 2829 3246 2900 Πνεῦμα
3277 2830 3340 2902 (i)
3370 2830 3437 2885 τὸ
3482 2830 3674 2900 ἅγιον,
3720 2831 3827 2886 καὶ

2249 2919 2621 2989 nat/aptatia»
2649 2917 2825 2990 ἡμᾶς.
2866 2922 2939 2974 Οὐ
2969 2920 3079 2992 γὰρ
3106 2921 3401 2997 ἐπίκτητον
3424 2922 3455 2976 6
3490 2922 3677 2993 Πατὴρ
3706 2921 3825 2994 ἔχει

2248 3012 2307 3064 τὸ
2339 3012 2528 3082 δνομα,
2572 3009 2691 3064 οὔτε
2735 3011 2840 3082 μὴν
2867 3010 2941 3074 ὡς
2967 3011 3124 3077 ἀξίαν
3165 3010 3635 3083 ἐπιθεωρουμένην
3670 3013 3824 3083 αὐτῷ

2248 3102 2474 3171 νοοῦμεν
2508 3100 2605 3172 τὴν
2635 3101 2929 3172 βασιλείαν.
2953 3102 3065 3156 Οὐκ
3087 3098 3287 3174 ἦρκται
3307 3102 3417 3174 γὰρ
3444 3103 3539 3158 τοῦ
3560 3099 3698 3158 εῖναι
3731 3105 3822 3173 (it.

2247 3194 2333 3245 ἵνα
2365 3193 2458 3246 καὶ
2502 3193 2594 3245 τοῦ
2641 3191 2822 3264 πατὴρ
2859 3192 2892 3264 ἢ
2946 3192 3195 3262 βασιλεὺς
3240 3188 3381 3247 εἶναι
3408 3193 3654 3265 ἄρξηται·
3705 3194 3826 3249 ἀλλ’

2244 3285 2330 3340 ἀεὶ
2357 3283 2451 3347 ὢν,
2487 3284 2575 3337 ἀεὶ
2620 3285 2713 3336 καὶ
2744 3285 2927 3354 πατήρ
2964 3286 3079 3339 ἐστι
3109 3285 3202 3337 καὶ
3230 3283 3507 3355 βασιλεύςο
3558 3286 3693 3356 μήτε
3724 3286 3821 3340 τοῦ

2245 3370 2403 3440 εἶναι,
2455 3378 2590 3447 μήτε
2628 3375 2723 3428 τοῦ
2757 3376 2936 3445 πατὴρ
2965 3375 2996 3446 ἢ
3040 3375 3293 3446 βασιλεὺς
3323 3371 3464 3430 εἶναι
3492 3376 3821 3447 τοπαράπαν

2244 3467 2539 3537 ἠργμένος.
2571 3467 2633 3520 Εἰ
2662 3466 2719 3519 δὲ
2747 3467 2832 3519 ἀεὶ
2864 3466 2957 3531 ὢν,
2988 3467 3075 3520 ἀεὶ
3104 3468 3194 3520 καὶ
3225 3468 3410 3537 πατήρ
3445 3470 3563 3521 ἐστι
3592 3468 3687 3520 καὶ
3720 3466 3823 3536 βα-

2246 3557 2447 3624 σιλεὺς,
2476 3558 2562 3611 ἀεὶ
2590 3558 2697 3627 ἄρα
2729 3560 2819 3613 καὶ
2847 3560 2875 3611 6
2903 3557 3029 3620 Υἱὸς
3062 3558 3157 3612 καὶ
3187 3557 3248 3611 τὸ
3291 3557 3517 3628 Πνεῦμα
3559 3558 3620 3611 τὸ
3663 3558 3822 3625 ἆγιον

2243 3648 2515 3713 οὐσιωδῶς
2572 3648 2649 3719 τῷ
2718 3650 2895 3721 Πατρὶ
2971 3650 3472 3719 συνυφεστήκασιν,
3551 3648 3610 3714 ἐξ
3655 3648 3822 3702 αὐτοῦ

2244 3756 2303 3792 τε
2364 3739 2513 3804 ὄντα,
2564 3739 2655 3793 καὶ
2701 3739 2760 3795 ὲν
2813 3740 2961 3811 αὐτῷ
3008 3738 3270 3809 φυσικῶς,
3318 3740 3460 3810 ὑπὲρ
3508 3739 3688 3793 αἰτίαν
3727 3741 3822 3792 καὶ

2246 3826 2433 3897 λόγον,
2490 3827 2603 3882 ἀλλ’
2663 3829 2724 3881 οὐ
2783 3829 2899 3900 μετ’
2948 3828 3137 3893 αὐτὸν,
3183 3829 3449 3896 γενόμενα
3523 3828 3594 3883 δι’
3638 3828 3822 3882 αἰτίαν

2246 3918 2490 3990 ὕστερον.
2543 3920 2607 3972 Ἡ
2656 3917 2763 3988 γὰρ
2798 3919 2977 3990 σχέσις
3018 3918 3388 3984 συνενδείξεων
3427 3917 3691 3986 κέκτηται
3722 3917 3820 3970 δύ-

2245 4025 2408 4080 ναμιν
2431 4051 2447 4073 ,
2482 4011 2550 4062 τά
2591 4002 2667 4063 ὧν
2699 4009 2814 4062 εστι
2845 4028 2905 4063 τε
2952 4012 3043 4067 καὶ
3072 4009 3283 4078 λέγεται
3312 4008 3515 4079 σχέσις,
3549 4008 3670 4078 μετ’
3715 4007 3821 4061 ἄλ-

2244 4100 2383 4170 ληλα
2406 4098 2477 4171 (lt)
2512 4098 2831 4171 θεωρεῖσθαι
2865 4100 2943 4173 μὴ
2976 4098 3348 4172 συγχωροῦσα.
3863 4177 3875 4186 ο

2314 4192 2531 4261 Ταύτης
2556 4187 2647 4245 οὖν
2667 4189 3039 4263 ἀπαρξάμενοι
3064 4192 3163 4259 τῆς
3182 4189 3509 4262 προσευχῆς,
3531 4189 3824 4261 γεραίρειν

2245 4279 2550 4350 ὲναγόμεθα
2583 4277 2657 4355 [in
2690 4291 2791 4336 cat.
2819 4277 3175 4351 ἐπειγόμεθα]
3201 4279 3298 4350 τὴν
3326 4276 3612 4349 όμοούσιόν
3639 4295 3700 4332 τε
3725 4280 3822 4332 καῖ.

2246 4370 2567 4443 ὐπερούσιον
2597 4369 2819 4441 Τριάδα,
2851 4369 2925 4433 ὡς
2965 4369 3251 4442 ποιητικὴν
3278 4369 3459 4424 αἰτίαν
3489 4368 3590 4440 τῆς
3618 4370 3823 4439 sane.

557 4462 861 4517 auctorem,
881 4455 1130 4509 venerari
1157 4455 1475 4528 honoreque
1495 4464 1755 4533 prosequi
1779 4463 2138 4521 instituimur.

2247 4483 2346 4537 ρας
2371 4463 2654 4533 γενέσεως.
2692 4461 2833 4534 Πρὸς
2870 4462 2948 4526 δὲ,
2984 4462 3076 4515 καὶ
3114 4459 3231 4534 τὴν
3253 4461 3334 4525 εἰς
3377 4461 3528 4532 ἡμᾶς
3562 4459 3824 4527 ἐξαγγέλ-

558 4541 638 4597 Ad
680 4542 797 4598 haec
832 4560 966 4599 vero
1011 4546 1198 4611 etiam,
1251 4565 1568 4607 concessam
1621 4554 1782 4609 nobis
1832 4555 2149 4626 adoptionis

556 4635 788 4703 gratiam
820 4636 1041 4703 etl‘erre,
1074 4654 1138 4694 ac
1166 4643 1457 4698 enuntiare
1499 4645 1784 4711 docemur,
1826 4646 1921 4718 qui
1965 4648 2144 4722 ipsum

557 4736 752 4782 natura
783 4728 1058 4798 opificem,
1086 4748 1182 4802 per
1209 4736 1440 4805 gratiam
1472 4737 1691 4793 Patrem
1715 4732 1911 4794 vocare
1936 4755 2147 4794 merea—

557 4833 723 4873 mur:
762 4828 824 4874 ut
864 4822 987 4891 ejus
1006 4823 1099 4892 qui
1131 4826 1304 4895 gratia
1338 4828 1525 4896 genuit
1552 4830 2020 4900 nuncupationem
2055 4846 2145 4885 rc-

555 4909 742 4975 veriti,
793 4911 1065 4969 institutis
1128 4917 1251 4972 vita:
1316 4919 1626 4975 rationibus
1676 4922 1919 4990 parentis
1972 4918 2146 4976 nostri

628 5066 689 5149 (θ
727 5067 1015 5149 gelen;
1043 5087 1160 5149 σρυ
1200 5073 1280 5149 τὸ,
1309 5075 1567 5149 "rem:
1610 5077 1868 5149 Perinde,
1899 5077 2131 5149 essen,

553 5144 698 5208 orat.
726 5136 763 5208 ξ
783 5138 840 5191 in
873 5138 1027 5193 Orat.
1069 5140 1422 5208 Dominicam,
1465 5136 1567 5200 'ubi
1597 5147 1675 5201 ait
1706 5149 1783 5201 ita
1819 5148 1904 5201 his
1939 5136 2137 5200 haberi

553 5206 699 5286 apud
724 5206 927 5286 Ducam
960 5226 974 5261 :
1008 5220 1355 5286 cumtamen
1383 5206 1547 5269 modo
1578 5216 1912 5286 exemplaria
1955 5216 2141 5286 omnia

557 5276 702 5328 idem
748 5276 990 5331 habeant
1021 5279 1166 5348 apud
1200 5282 1508 5339 Matthmum
1543 5293 1600 5339 et
1631 5276 1832 5341 Lucam
1862 5302 1877 5348 ;
1910 5300 2013 5339 nec
2058 5284 2142 5338 in-

557 5356 829 5419 terpretes
863 5349 1103 5419 aliquam
1143 5352 1413 5419 ejusmodi
1451 5354 1830 5410 diversitatem
1868 5354 2134 5408 indicent.

557 5414 634 5468 Ac
659 5415 931 5495 videatur_
955 5414 1225 5495 Masimus
1249 5437 1334 5495 _ex
1385 5424 1632 5495 Nysseno
1662 5425 1932 5486 hausisse,
1965 5422 2138 5495 unde-

554 5486 1024 5565 cunque.t_andem
1059 5486 1452 5565 ille_babuerit'.
1491 5495 1644 5549 Unus
1672 5495 1803 5565 Reg.
1835 5495 2006 5547 codex
2033 5493 2134 5565 ha:

555 5553 650 5635 bet
675 5555 969 5635 ἐπελθέτω,
1004 5559 1160 5635 quasi
1188 5566 1555 5635 superveniat,
1591 5571 1707 5627 aut,
1740 5553 2135 5635 ﬁrwterea,_a¢l

554 5627 665 5675 haec
691 5626 918 5703 oveniqt;
956 5628 1114 5703 quasi
1168 5626 1377 5703 nedum
1424 5626 1684 5687 virtutem
1721 5626 1975 5703 petamus
2015 5632 2129 5687 :Dei

554 5692 798 5770 nominis
843 5692 1122 5771 in_tiobis
1170 5692 1842 5771 sanctilieatiunem).'sed
1893 5714 1948 5757 et
1996 5718 2131 5771 pne-

558 5765 755 5826 mium,
787 5765 934 5832 quod
967 5768 1121 5837 regni
1144 5770 1365 5824 nomine
1392 5772 1591 5829 clarius
1620 5765 1955 5844 designetur.

2239 4554 2354 4607 λειν
2402 4550 2765 4620 διδασκόμεθα
2813 4550 2972 4622 χάριν
3024 4549 3122 4620 τῆς
3173 4548 3464 4615 υἱοθεσίας,
3524 4547 3615 4601 τὸν
3659 4547 3822 4618 φύσει

2238 4644 2566 4715 δημιουργὸν
2616 4643 2797 4714 χάριτι
2836 4641 3055 4711 Πατέρα
3103 4640 3290 4693 καλεῖν
3334 4639 3679 4711 ἀξιούμενοι·
3733 4639 3819 4692 ἴνα

2239 4736 2333 4790 τοῦ
2376 4735 2518 4789 κατά
2552 4735 2710 4805 χάριν
2760 4732 3089 4803 Γεννήτορος
3125 4731 3460 4793 αἰδεσθέντες
3508 4731 3607 4800 τὴν
3650 4748 3816 4802 προσ·

2243 4826 2495 4897 ηγορίαν,
2544 4827 2600 4878 ὲν
2632 4823 2708 4894 τῷ
2744 4823 2842 4895 βίῳ
2874 4824 2999 4886 τοὺς
3022 4822 3376 4894 χαρακτῆρας
3432 4820 3812 4890 ἐπισημαίνειν

2240 4917 2628 4987 σπουδάζωμεν
2649 4915 2741 4968 τοῦ
2773 4915 3155 4985 γεννήσαντος,
3177 4911 3496 4981 ἀγιάζοντες
3523 4910 3689 4964 αὐτοῦ
3719 4910 3811 4962 ἐπὶ

2321 5074 2386 5145 (ί)
2419 5067 2779 5153 ρῠῗιηῆρθξτπι
2811 5070 2921 5153 γὰρ
2945 5071 3067 5153 ,ζοῦ
3099 5065 3272 5153 sirm.
3314 5070 3434 5152 Non
3460 5068 3624 5153 «Epit
3662 5081 3803 5153 esse.

2246 5140 2518 5216 Dormitat
2539 5140 2705 5216 (Iord.
2738 5140 2831 5216 qui
2864 5140 3077 5203 reddat,
3112 5140 3232 5216 Non
3259 5141 3397 5216 enim
3660 5152 3806 5216 mf:

2242 5214 2351 5285 nisi
2380 5212 2524 5267 forte
2542 5212 2645 5285 _it_a
2664 5207 2914 5285 praelutn,
2944 5225 3010 5285 ac
3037 5210 3145 5285 qui
3163 5209 3406 5285 regebat,
3432 5207 3509 5261 illi
3536 5207 3803 5285 peccavit.

2313 5284 2385 5355 (lt)
2418 5281 2555 5336 Μετ’
2576 5279 2834 5355 Mula.
2862 5279 3052 5333 Relata
3101 5279 3268 5355 simul
3309 5287 3502 5355 natura
3547 5283 3694 5355 sunt,
3725 5279 3807 5328 si-

2238 5348 2464 5421 mulque
2489 5350 2907 5421 concipiuntur,
2935 5363 3044 5421 non
3074 5348 3451 5421 unumaltero
3485 5348 3759 5421 preterius
3790 5362 3806 5397 :

2236 5413 2396 5491 cujus
2454 5413 2795 5475 contrarium
2860 5418 3061 5497 vitiosa
3101 5418 3194 5471 illa
3243 5418 3363 5501 cat.
3428 5413 3813 5495 μέτ’ἀλλήλων

2237 5489 2558 5556 θεωρεῖσθαι
2585 5491 2659 5556 μὴ
2686 5504 3066 5556 συγχωρουσα,
3121 5487 3239 5540 Non
3273 5503 3451 5541 einen:
3495 5500 3644 5556 quos:
3693 5482 3817 5537 alta

2273 5508 2558 5547 εωιιεισυαι
2585 5508 2659 5547 μη
2686 5508 2971 5547 συγχωρου
2980 5508 3066 5547 σα,

2237 5508 2558 5560 υεωρεισυαι
2585 5508 2659 5558 μη
2686 5508 3066 5556 συγχωρουσα,
3121 5508 3239 5540 non
3273 5508 3451 5541 lmen:
3495 5508 3644 5554 quas:
3693 5508 3817 5537 cum

2236 5558 2357 5614 aliis
2409 5561 2572 5621 saria,
2601 5556 2864 5627 simulque
2903 5556 3149 5627 intelligi.
3177 5557 3332 5612 Unde
3365 5557 3477 5611 haec
3507 5555 3822 5627 relatorum

2234 5638 2451 5691 natura,
2498 5636 2593 5682 aut
2626 5624 3030 5696 grammatica?
3075 5624 3181 5681 Sed
3237 5627 3460 5693 longum
3499 5633 3652 5678 esset
3696 5624 3832 5691 ejus

2230 5701 2412 5753 Olllﬂla
2440 5699 2655 5760 menda,
2685 5706 2741 5750 et
2760 5696 2984 5766 quidem
3016 5697 3223 5767 gravia,
3254 5696 3500 5752 indicare
3532 5712 3697 5766 :qua:
3724 5696 3834 5750 do-

2231 5770 2378 5823 cebit
2413 5770 2527 5840 ipsa
2552 5767 2790 5823 collatio.
