4134 6192
365 339 468 402 885

1345 333 1744 393 EXPOSITIO
1783 329 2194 391 Oli.\'l‘l0NI:5
2235 323 2620 386 DOMlNlC.’E

363 459 463 528 γῆς
493 449 553 504 τὸ
591 449 784 520 ὄνομα,
821 447 912 500 καὶ
943 445 1340 517 πατρώζοντες,
1373 450 1465 498 καὶ
1499 446 1664 498 τέκνα
1690 445 1779 497 διὰ
1821 445 1926 496 τῶν

2034 460 2381 514 characteres
2422 457 2654 512 reddere
2705 455 3042 519 Studeamus,
3069 441 3471 510 sanctiﬁcantes
3513 471 3609 510 no-

359 542 698 614 πραγμάτων
727 540 1085 608 δεικνύμενοι,
1121 540 1217 592 καὶ
1264 538 1355 591 τὸν
1403 537 1602 605 ταύτης
1631 539 1928 608 αὐτουργὸν

355 633 454 703 τῆς
488 631 757 693 υἱοθεσίας
791 630 1013 700 φυσικὸν
1042 628 1136 681 τοῦ
1159 629 1370 700 Πατρὸς
1403 629 1550 694 Υἱὸν,
1578 628 1643 682 δι’
1675 623 1750 683 ὧν
1781 629 1926 682 νοοῦ-

361 723 520 795 μενῆ
559 723 886 795 πράττομεν,
918 720 1328 792 μεγαλύνοντες.

437 899 761 971 Ἀγιάζομεν
791 900 846 954 δὲ
877 901 968 954 τοῦ
999 901 1054 954 ἐν
1086 901 1330 974 οὐρανοῖς
1354 903 1494 958 κατά
1528 906 1684 977 χάριν
1707 909 1919 980 Πατρδς

357 993 418 1045 τὶ»
471 991 658 1060 ὄνομα,
698 990 797 1061 τὴν
839 989 1102 1061 πρόσυλο)
1135 992 1333 1063 δηλαδὴ
1374 994 1689 1065 νεκροῦντες
1734 998 1923 1053 ἐπιθυ-

363 1084 508 1153 μίαν,
539 1082 629 1134 καὶ
662 1081 999 1152 φθοροποιῶν
1033 1082 1480 1155 ὲκκαΟαιρόμενοι
1510 1087 1695 1139 παθῶν
1715 1105 1729 1118 ⁸
1771 1089 1926 1161 είπερ

361 1173 626 1242 ἀγιασμός
655 1174 821 1234 ἐστιν,
851 1174 883 1242 ἠ
918 1171 1036 1225 κατ’
1067 1171 1314 1243 αἴσθησιν
1341 1175 1436 1244 τῆς
1471 1177 1762 1247 ἐπιθυμίας
1793 1195 1928 1232 παν·

359 1265 518 1333 τελὴς
569 1265 824 1333 ἀκινησία
867 1263 992 1336 [σοι.
1054 1264 1260 1338 ὲξορία]
1314 1267 1406 1320 καὶ
1458 1268 1758 1337 νέκρωσις·
1803 1264 1927 1342 ὲνῇ

361 1357 660 1425 γενόμενοι,
710 1355 808 1418 τὰς
858 1357 1123 1426 ἀπρεπεῖς
1167 1356 1259 1409 τοῦ
1307 1357 1476 1428 θυμοῦ
1533 1360 1928 1430 κατευνάζομεν

363 1447 588 1511 ὗλακὰς,
624 1447 722 1499 οὐκ
749 1447 960 1516 ἔχοντος
985 1445 1064 1499 ἔτι
1091 1447 1460 1517 διεγείρουσαν
1490 1451 1670 1516 αῦτὸν,
1707 1455 1799 1505 καὶ
1824 1453 1929 1506 τῶν

361 1537 575 1590 οἰκείων
609 1537 808 1607 ἡδονῶν
839 1536 1340 1607 ύπεραγωνίζεσθαι
1375 1540 1661 1594 πείθουσαν
1687 1543 1783 1614 τὴν
1817 1545 1932 1596 ἐπι-

2040 566 2166 604 men
2207 552 2324 620 ejus
2359 551 2412 603 in
2459 558 2624 606 terra.
2662 547 2948 616 ipsumque
2995 544 3314 609 referentes,
3349 552 3514 614 atque
3545 545 3610 598 li-

2032 641 2142 695 .lios
2171 640 2303 709 ipsis
2333 654 2434 693 nos
2471 637 2732 707 Operibus
2775 634 3129 695 exhibentes;
3169 631 3442 700 hujusque
3474 631 3612 686 adeo

2031 737 2313 784 auctorem
2345 726 2654 796 adeptionis
2692 723 2990 778 naturalem
3027 721 3203 776 Patris
3237 721 3454 784 Filium,
3484 710 3608 791 qui.

2029 822 2143 880 bus
2176 821 2532 891 intelligimus
2574 827 2735 872 autve
2767 816 2999 887 agimus,
3032 812 3461 884 magniﬁcantes.

2095 912 2466 976 Sanctiﬁcelur
2491 927 2678 964 nomen
2705 918 2870 963 tuum.
2889 939 2958 947 —
2974 906 3607 970 Sanctiﬁeamusautem,

2024 1007 2144 1075 ejus
2162 1008 2252 1075 qui
2280 1009 2336 1062 in
2350 1003 2503 1058 caelis
2521 1011 2624 1066 est,
2652 1001 2840 1072 gratiae
2855 1000 3020 1063 dono,
3041 1000 3216 1054 Patris
3233 1015 3454 1065 nomen,
3478 1001 3608 1055 dum

2027 1097 2235 1152 scilicet
2281 1102 2558 1149 terrenam
2587 1092 2937 1162 cupiditatem
2965 1089 3392 1156 mortificamus,
3445 1102 3607 1161 atque

2027 1189 2094 1243 ab
2123 1188 2367 1243 exitiosis
2389 1186 2681 1241 allectibus
2713 1183 2971 1254 vitiisque
2994 1183 3394 1247 emundamur;
3430 1199 3605 1252 quan-

2028 1280 2322 1350 doquidem
2373 1281 2426 1333 in
2466 1292 2534 1334 eo
2570 1277 2743 1347 posita
2775 1275 3034 1330 sanctitas
3059 1283 3164 1338 est,
3202 1284 3260 1328 ut
3286 1291 3406 1344 qua:
3436 1291 3601 1330 sensu

2028 1384 2315 1432 exercetur
2353 1374 2645 1444 cupiditas,
2682 1370 2828 1426 omni
2859 1385 3084 1440 prorsus
3110 1377 3260 1423 motu
3294 1369 3609 1423 inhibeatur

2030 1484 2094 1522 ac
2120 1469 2530 1539 cxstinguatur;
2579 1475 2742 1534 atque
2797 1463 2851 1517 id
2875 1462 3176 1527 consecuti,
3203 1461 3492 1516 indecoros
3516 1460 3610 1516 ira:

2030 1559 2262 1614 latratus
2287 1559 2541 1613 sedamus
2561 1599 2575 1622 ,
2624 1571 2749 1612 cum
2777 1555 2951 1624 ipsam
2968 1553 3292 1608 excitantem
3325 1552 3610 1621 ipsiusque

364 1627 586 1697 θυμίαν,
624 1629 724 1700 ἤδη
763 1631 826 1700 τῇ
875 1631 1014 1682 κατά
1040 1631 1132 1684 τὸν
1162 1631 1318 1697 λόγον
1355 1633 1599 1702 ἁγιότητι
1650 1635 1933 1705 νεκρωθεῖ-

2034 1649 2326 1704 libidinum
2366 1664 2531 1703 causa
2583 1660 2826 1716 pugnare
2863 1644 3187 1698 suadentem
3230 1643 3606 1713 cupiditatem,

367 1736 485 1773 σαν.
524 1718 680 1772 Κατά
712 1719 872 1789 φύσιν
905 1721 1012 1791 γὰρ
1057 1723 1155 1792 τῆς
1181 1723 1474 1792 ἐπιθυμίας
1508 1701 1763 1794 ὑπάρχων
1795 1725 1933 1779 ἔκδι-
1964 1701 2004 1755 Β

366 1829 460 1874 κος
497 1814 525 1865 ὁ
552 1811 740 1882 θυμὸς,
765 1811 858 1865 τοῦ
888 1813 1172 1882 μαίνεσθαι
1205 1814 1472 1868 παύεσθαι
1501 1815 1764 1884 πέφυκεν,
1795 1819 1932 1888 ὁπη-

366 1903 490 1956 νίκα
521 1902 725 1975 ταύτην
761 1902 846 1977 ἴδῃ
874 1904 1301 1976 νενεκρωμένην.

438 2104 676 2170 Εἰκότως
716 2100 829 2172 οῦν,
875 2109 940 2177 τῇ
993 2105 1086 2159 τοῦ
1136 2105 1308 2176 θυμοῦ
1353 2106 1444 2160 καὶ
1496 2106 1595 2177 τῆς
1643 2107 1933 2178 ἐπιθυμίας

360 2195 638 2267 ἀποϐολῇ,
685 2197 746 2250 τὸ
791 2197 889 2268 τῆς
939 2195 1215 2266 βασιλείας
1254 2196 1346 2249 τοῦ
1390 2197 1524 2250 Θεοῦ
1579 2198 1672 2250 καὶ
1725 2198 1932 2268 Πατρὸς

367 2289 506 2340 κατά
535 2288 633 2358 τὴν
677 2287 981 2359 προσευχὴν
1027 2288 1326 2357 ἐπιγίνεται
1374 2289 1590 2358 κράτος,
1639 2293 1750 2352 τοῖς
1799 2291 1932 2359 μετά

365 2378 462 2450 τὴν
487 2377 689 2433 τούτων
722 2378 976 2432 ἀπόθεσιν
1000 2379 1176 2446 λέγειν
1207 2378 1564 2448 ἀξιουμένοις,
1609 2379 1859 2433 Ἐ.16ἐτω
1894 2380 1931 2442 τ)

365 2472 648 2535 βασιλεία
680 2486 794 2524 σου
820 2485 833 2498 ·
869 2471 1142 2537 τουτέστι,
1169 2470 1231 2523 τὸ
1264 2470 1486 2540 Πνεῦμα
1533 2470 1590 2522 τὸ
1619 2471 1801 2537 ἅγιον·
1831 2471 1930 2540 ἤδη

365 2561 442 2632 τῷ
483 2562 584 2631 τῆς
615 2561 918 2632 πραότητος
950 2561 1090 2630 λόγῳ
1127 2577 1186 2612 τε
1218 2561 1312 2614 καὶ
1341 2561 1526 2630 τρόπῳ
1565 2559 1932 2629 ναοποιηθεῖσι

365 2653 442 2725 τῷ
466 2653 583 2724 Θεῴ
610 2653 697 2708 διὰ
746 2653 837 2707 τοῦ
885 2653 1216 2724 Πνεύματος.
1283 2653 1413 2706 Ἐπὶ
1453 2654 1585 2707 τίνα
1622 2652 1751 2725 γὰρ,
1778 2657 1930 2724 φησὶ,

367 2747 752 2809 καταπαύσω,
781 2746 918 2800 ἀλλ’
951 2743 989 2814 ἢ
1018 2744 1116 2798 ἐπὶ
1147 2745 1251 2799 τὸν
1281 2743 1473 2812 πρᾶον
1501 2745 1598 2800 καὶ
1627 2750 1928 2815 ταπεινὸν,

367 2837 465 2892 καὶ
498 2837 784 2906 τρέμοντὰ
799 2854 916 2906 μου
943 2837 1084 2902 τοὺς
1117 2841 1376 2906 λόγους;
1423 2838 1495 2902 ὡς
1529 2839 1775 2892 ἐντεῦθεν
1795 2836 1932 2894 εἶναι

366 2927 540 2997 δῆλον,
556 2928 637 2980 ὅτι
669 2927 778 2981 τῶν
806 2927 1075 2981 ταπεινῶν
1106 2928 1198 2981 καὶ
1221 2928 1439 2998 πραέων
1460 2931 1606 2983 ἐστὶν
1635 2930 1933 3001 ήβασιλεία

2035 1740 2264 1796 rationis
2302 1739 2594 1795 sanctitate
2635 1737 2745 1807 jam
2783 1735 3167 1790 mortiﬁcatam
3207 1741 3374 1802 atque
3400 1733 3608 1788 exstin-

2035 1844 2206 1897 ctam,
2244 1832 2386 1887 ultra
2420 1848 2526 1885 non
2561 1830 2883 1884 habeamus.
2940 1827 3023 1880 Ira
3047 1825 3223 1889 enim,
3261 1839 3383 1894 qua:
3413 1833 3606 1877 natura
3651 1826 3658 1830 ’

2034 1925 2235 1980 vindex-
2268 1922 2586 1993 cupiditatis
2610 1920 2858 1982 exsistat,
2910 1917 3005 1972 ubi
3029 1931 3156 1972 eam
3185 1915 3388 1970 viderit
3412 1912 3610 1968 morti-

2037 2016 2273 2080 ﬁcatam,
2306 2023 2500 2084 suopte
2526 2011 2688 2083 genio
2719 2011 2903 2065 furere
2932 2007 3156 2063 desinit.

2104 2121 2364 2176 Adueniet
2395 2133 2611 2188 regnum
2637 2124 2804 2170 tuum.
2835 2143 2903 2152 ——-
2937 2111 3130 2166 Merito
3153 2109 3320 2180 igitur
3347 2105 3608 2177 ablegatis

2035 2223 2198 2283 atque
2219 2209 2458 2267 extrusis
2493 2208 2574 2262 ira
2600 2223 2663 2262 ac
2684 2205 3008 2275 cupiditate,
3041 2202 3136 2256 Dei
3166 2217 3232 2256 ac
3254 2199 3433 2255 Patris
3454 2199 3608 2268 regni

2038 2311 2278 2375 potestas
2331 2302 2385 2355 in
2414 2300 2665 2355 oratione
2697 2296 2979 2366 sequitur,
3037 2293 3214 2361 iisque
3256 2289 3469 2345 accedit
3514 2288 3606 2357 qui

2035 2403 2160 2465 pnsl.
2192 2394 2313 2448 illas
2342 2393 2583 2463 abiectas
2629 2390 2817 2444 dicere
2851 2393 3133 2441 merentur
3171 2401 3184 2437 :
3223 2382 3478 2437 Adoeniat
3524 2396 3606 2432 re-

2035 2500 2196 2554 gnum
2223 2490 2392 2547 tuum,
2429 2480 2534 2534 hoc
2559 2486 2660 2544 est,
2698 2477 2936 2546 Spiritus
2957 2485 3177 2530 sanctus
3204 2490 3219 2539 ;
3273 2472 3367 2541 qui
3397 2470 3608 2526 scilicet

2036 2574 2337 2629 mansuetis
2379 2562 2736 2628 moribus‘in
2780 2559 2873 2621 Dei
2899 2565 3160 2638 templum
3213 2579 3311 2636 per
3344 2561 3606 2634 Spiritum

2037 2665 2336 2722 constructi
2361 2674 2488 2721 sunt
2506 2666 2546 2696 ¹⁹
2575 2682 2587 2717 :
2619 2661 2788 2734 Super
2808 2677 2960 2731 quem
2981 2659 3149 2720 enim,
3180 2655 3378 2726 inquit,
3403 2655 3608 2725 requie-

2034 2775 2200 2822 scam,
2231 2758 2332 2810 nisi
2354 2773 2512 2827 super
2535 2761 2867 2809 mansuetum
2891 2759 2940 2805 et
2963 2749 3210 2804 humilem
3234 2757 3280 2801 et
3303 2754 3606 2800 trementem

2035 2865 2298 2903 sermones
2322 2865 2460 2902 meos
2479 2847 2564 2900 ὀἳ
2619 2855 2679 2900 ut
2709 2845 2835 2899 inde
2862 2842 3212 2896 manifestum
3235 2839 3334 2905 sit,
3378 2853 3606 2908 regnum

2036 2940 2132 2996 Dei
2147 2957 2210 2996 ac
2228 2941 2405 2994 Patris
2432 2954 2624 2994 eorum
2641 2951 2762 2992 esse
2780 2935 2872 3005 qui
2890 2932 3127 2987 humiles
3144 2938 3272 2986 sunt
3285 2940 3341 2985 et
3357 2944 3605 2985 mansue-

368 3019 457 3071 τοῦ
475 3019 607 3071 Θεοῦ
622 3019 714 3072 καὶ
731 3017 958 3089 Πατρός.
975 3018 1259 3088 Μακάριοι
1285 3019 1410 3090 γὰρ,
1433 3024 1616 3091 φησὶν,
1637 3024 1691 3076 οἱ
1705 3020 1932 3089 πραεῖς,

2035 3032 2102 3087 ti.
2135 3030 2285 3084 Beati
2311 3030 2482 3092 enim,
2519 3027 2719 3096 inquit,
2756 3027 2926 3090 mites,
2974 3023 3226 3094 quoniam
3248 3021 3354 3091 ipsi
3379 3020 3604 3090 posside-

367 3110 452 3163 ὁτι
495 3110 663 3164 αὐτοὶ
698 3109 1223 3180 κληρονομήσουσι
1261 3110 1375 3179 τὴν
1419 3109 1553 3180 γῆν.
1597 3113 1704 3183 Γῆν
1735 3111 1935 3181 ταύτην

367 3201 462 3273 τὴν
495 3201 634 3255 κατά
681 3201 841 3270 φύσιν
876 3201 1044 3272 μέσην
1090 3201 1181 3256 τοῦ
1215 3207 1414 3267 παντὸς
1448 3203 1828 3258 ἀπολαϐοῦσαν
1857 3203 1928 3256 θέε

369 3311 452 3346 σιν
491 3293 521 3345 ὀ
568 3292 702 3355 Θεὸς
747 3293 847 3346 οὐκ
877 3291 1257 3362 ’ἐπηγγείλατο
1295 3297 1406 3358 τοῖς
1460 3295 1746 3363 ἀγαπῶσιν
1774 3294 1936 3348 αὐτὸν

368 3382 766 3454 κληρονομίανο
823 3384 979 3453 εἴπερ
1026 3384 1276 3455 ἀληθεύει
1323 3386 1566 3454 φάσκων,
1599 3387 1784 3439 ’Ὅταν
1827 3384 1936 3456 γὰρ

361 3473 434 3526 ἐκ
494 3471 724 3542 νεκρῶν
775 3471 1158 3539 ἀναστῶσιν,
1212 3475 1351 3528 οὔτε
1413 3475 1741 3544 γαμοῦσιν,
1800 3476 1937 3530 οὔτε

369 3563 704 3633 γαμίζονται
730 3581 743 3595 ·
776 3565 915 3619 ἀλλ’
942 3564 1100 3618 εἰσιν
1128 3564 1207 3630 ὡς
1236 3566 1493 3634 ἅγγελοὶι
1511 3568 1578 3620 ἐν
1614 3569 1740 3634 τοῖς
1766 3571 1940 3638 οὐρα-

367 3655 514 3722 νοῖς.
546 3657 675 3718 Καὶ,
705 3655 881 3710 Δεῦτε
912 3656 966 3708 ol
988 3653 1375 3724 εὐλογημένοι
1410 3657 1516 3710 τοῦ
1543 3659 1774 3725 Πατρός
1793 3675 1932 3726 μου,

368 3745 860 3816 κληρονομήσατε
897 3745 1012 3814 τὴν
1063 3745 1511 3815 ἡτοιμασμένην
1564 3748 1708 3817 ὑμῖν
1755 3749 1937 3814 βασι-

364 3839 539 3893 λείαν
577 3838 694 3892 ἀπὸ
742 3837 1082 3906 καταϐολῆς
1119 3837 1370 3906 κόσμου.
1416 3839 1525 3892 Καὶ
1558 3839 1790 3910 ἀλλαχοῦ
1829 3841 1937 3893 πά-

367 3940 450 3984 ).ιν
499 3930 670 4000 ἑτέρῳ
715 3930 830 4000 μετ’
880 3930 1092 3992 εὐνοίας
1139 3928 1500 3992 δουλεύσαντι,
1556 3929 1808 3986 Εἵσελθε
1852 3935 1939 3997 εἰς

367 4022 483 4090 τὴν
524 4022 717 4092 χαρὰν
760 4024 868 4076 τοῦ
913 4022 1135 4089 Κυρίου
1184 4039 1318 4076 σου.
1370 4024 1480 4075 Καὶ
1536 4025 1656 4093 μετ’
1701 4025 1862 4078 αὐτὸν
1912 4028 1940 4084 ὁ

369 4116 511 4176 θεῖος
551 4115 889 4178 Ἀπόστολος,
925 4114 1217 4169 Σαλπίσει
1246 4114 1374 4184 γὰρ,
1409 4115 1505 4168 καὶ
1542 4119 1596 4170 οἱ
1642 4116 1842 4186 νεκροὶ
1871 4118 1939 4171 ἐν

369 4207 619 4277 Χριστῷ,
655 4207 871 4276 πρῶτοι
903 4207 1326 4276 ἐγερθήσονται
1364 4207 1669 4275 ἄφθαρτοι.
1703 4210 1940 4262 Ἔπειτα

368 4299 540 4368 ἡμεῖς
594 4303 646 4354 ol
689 4298 932 4363 ζῶντες,
986 4300 1041 4351 οἱ
1089 4299 1588 4366 περιλειπόμενοι,
1645 4298 1765 4368 ἅμα
1816 4298 1939 4352 σὺν

2035 3122 2163 3176 bunt
2207 3121 2481 3176 terram".
2548 3117 2770 3172 Terram
2801 3117 2982 3182 hanc,
3040 3129 3163 3184 qua:
3214 3127 3313 3182 per
3359 3121 3607 3166 naturam

2033 3213 2277 3270 medium
2308 3210 2552 3268 universi
2577 3209 2744 3280 hujus
2774 3208 2940 3263 situm
2969 3214 3127 3261 nacta
3151 3213 3256 3269 est,
3292 3203 3438 3257 haud
3467 3202 3607 3259 Deus

2038 3309 2107 3364 iis
2147 3303 2533 3376 possidendam
2577 3299 2832 3371 promisit
2873 3298 2967 3368 qui
2996 3297 3174 3367 ipsum
3200 3295 3473 3366 diligunt;
3515 3309 3606 3349 ve-

2037 3413 2135 3453 rax
2159 3397 2364 3467 quippe
2388 3401 2472 3448 est
2504 3392 2597 3462 qui
2626 3390 2703 3445 ait
2733 3408 2747 3444 :
2776 3389 2906 3446 Cum
2933 3391 3071 3443 enim
3095 3387 3500 3450 resurreserint,
3526 3401 3618 3440 ue-

2037 3498 2136 3552 que
2165 3482 2388 3545 nubunt,
2425 3494 2590 3548 neque
2619 3477 2805 3546 nuptui
2833 3477 3120 3531 truduntur
3142 3516 3158 3535 .
3212 3475 3304 3530 sed
3325 3484 3451 3529 sunt
3482 3475 3614 3529 sicut

2033 3572 2210 3643 angeli
2241 3574 2296 3625 in
2326 3569 2467 3625 caelis
2480 3572 2557 3637 ";
2618 3575 2668 3623 et
2691 3609 2704 3631 ,
2758 3567 2956 3632 Venite,
2993 3566 3246 3622 benedicti
3275 3565 3451 3620 Patris
3477 3567 3608 3630 mei,

2035 3664 2290 3732 possidete
2323 3669 2574 3732 paratum
2599 3660 2738 3713 vobis
2764 3675 2980 3729 regnum
3013 3675 3044 3710 a
3072 3658 3437 3711 constitutione
3462 3673 3603 3710 inuno

2037 3756 2090 3808 di
2112 3755 2178 3808 “.
2226 3753 2348 3809 Alio
2379 3768 2600 3823 quoque
2632 3765 2827 3806 rursus
2851 3751 2995 3816 loco,
3030 3749 3191 3804 alteri
3225 3749 3316 3817 qui
3348 3747 3608 3804 benevole

2035 3844 2181 3899 servi
2207 3859 2409 3898 munus
2434 3842 2648 3896 obierat
2669 3859 2681 3895 ε
2701 3841 2853 3895 Intra
2873 3841 2926 3893 in
2949 3839 3201 3910 gaudium
3224 3837 3433 3891 Domini
3453 3838 3531 3890 tui
3548 3836 3608 3891 ".

2037 3936 2170 3990 Post
2215 3949 2380 4005 quem
2431 3934 2602 3989 etiam
2642 3932 2864 3988 divinus
2891 3930 3186 4000 Apostolus
3227 3946 3240 3981 ε
3278 3927 3442 3984 Cane:
3474 3928 3608 3980 enim

2038 4027 2161 4080 tuba
2184 4043 2203 4090 ;
2269 4033 2318 4078 et
2349 4025 2541 4078 mortui
2567 4022 2654 4094 qui
2682 4023 2735 4076 in
2761 4021 2966 4078 Christo
2986 4027 3109 4074 sunt
3135 4024 3406 4088 resurgent
3432 4016 3608 4086 primi.

2039 4115 2200 4186 352
2237 4115 2433 4169 Deinde
2463 4132 2556 4169 nos
2588 4115 2676 4184 qui
2701 4114 2939 4176 vivimus,
2973 4111 3063 4182 qui
3091 4108 3285 4162 residui
3305 4123 3505 4170 sumus,
3538 4106 3604 4159 si-

2038 4204 2150 4259 mul
2207 4206 2475 4275 rapiemur
2520 4221 2637 4257 cum
2675 4201 2782 4256 illis
2831 4201 3035 4255 obviam
3069 4197 3294 4253 Domino
3349 4197 3406 4250 in
3449 4211 3610 4260 aera,

2041 4305 2089 4350 et
2111 4298 2185 4350 sic
2217 4313 2424 4367 semper
2449 4313 2567 4350 cum
2601 4295 2820 4348 Domino
2843 4294 3035 4346 erimus
3051 4292 3120 4344 ”.

349 4392 572 4460 ἀὐτοῖς
623 4393 1089 4466 ἁρπαγησόμεθα
1127 4392 1196 4445 ἐν
1232 4391 1514 4461 νεφέλαις
1559 4395 1645 4460 εἰς
1706 4393 2049 4460 ἀπάντησιν
2095 4394 2200 4446 τοῦ
2234 4393 2452 4461 Κυρίου
2485 4393 2569 4456 εἰς
2602 4390 2767 4458 ἀέρα,
2805 4389 2901 4441 καὶ
2950 4387 3102 4441 οὕτω
3164 4386 3421 4440 πάντοτε
3491 4382 3606 4437 σὺν

371 4491 560 4556 Κυρίῳ
587 4489 861 4558 ἐσόμεθα.

437 4579 651 4632 Τούτων
696 4575 788 4632 οὖν
833 4578 1004 4641 οὕτως
1049 4579 1473 4648 ἐπηγγελμένων
1521 4582 1631 4642 τοῖς
1679 4581 1931 4649 ἀγαπῶσι

2106 4577 2242 4634 Cum
2288 4578 2404 4632 haec
2455 4576 2636 4645 itaque
2693 4590 2819 4629 cum
2866 4573 2918 4626 in
2953 4570 3176 4626 modum
3206 4568 3473 4640 promissa
3501 4567 3605 4622 sint

367 4671 457 4723 τὸν
495 4672 719 4741 Κύριον,
752 4671 835 4733 τίς
869 4671 1012 4740 μόνῳ
1041 4670 1117 4740 τῷ
1157 4669 1305 4740 ρητῴ
1359 4671 1456 4740 τῆς
1491 4670 1714 4741 Γραφῆς
1759 4688 1928 4741 προσ-

364 4760 581 4828 ηλώσας
606 4759 697 4812 τὸν
723 4759 865 4819 νοῦν,
890 4761 979 4812 τὸν
1003 4759 1248 4831 οὐρανὸν,
1277 4758 1372 4811 καὶ¹
1395 4758 1492 4830 τὴν
1525 4761 1930 4830 ἡτοιμασμένην

368 4851 476 4903 ἀπὸ
510 4850 808 4920 καταϐολῆς
837 4850 1040 4921 κόσμου
1084 4850 1378 4921 βασιλείαν,
1418 4851 1512 4903 καὶ
1542 4850 1639 4921 τὴν
1681 4851 1772 4904 τοῦ
1818 4853 1928 4904 Ku-

331 4941 486 5010 “ρίο.›
544 4941 820 5010 μυστικῶς
885 4941 1376 5012 ἀποκεκρυμμένην
1430 4940 1638 5011 χαρὰν,
1694 4941 1785 4993 καὶ
1835 4940 1932 5010 τὴν

365 5032 585 5100 διηνεκῆ
637 5032 732 5085 καὶ
781 5031 1056 5094 παντελῶς
1097 5031 1418 5085 ἀδιάστατον
1465 5031 1559 5084 σὺν
1593 5029 1780 5101 Κυρίῳ
1827 5030 1932 5084 τῶν

366 5120 532 5186 ἀξίων
576 5121 742 5191 μονήν
786 5137 847 5173 τε
876 5123 970 5174 καὶ⁹
1016 5121 1242 5192 ἵδρυσιν,
1278 5121 1469 5174 ταυτόν
1502 5120 1617 5173 ποτ’
1668 5120 1734 5174 ἂν
1770 5123 1836 5192 τῇ
1863 5124 1930 5193 γῇ

367 5213 580 5281 φήσειε,
599 5211 741 5279 λόγῳ
768 5210 1104 5282 κινούμενος,
1133 5213 1227 5266 καὶ
1251 5211 1408 5278 λόγου
1435 5210 1770 5281 θεραπευτής
1795 5208 1932 5264 εἶναι

367 5302 568 5368 ποθῶνς
613 5301 770 5356 ’Λλλά
801 5300 896 5355 νῦν
918 5302 1020 5372 γῆν
1047 5304 1274 5370 φάσκειν
1300 5297 1476 5371 οἶμαι,
1494 5301 1589 5371 τὴν
1612 5301 1811 5368 παγίαν
1841 5304 1933 5355 καὶ

368 5395 642 5458 παντελῶς
696 5393 1028 5465 ἀμετάθετον
1070 5394 1142 5464 (ι)
1195 5392 1302 5446 ἀπὸ
1335 5393 1428 5446 τοῦ
1478 5392 1638 5446 καλοῦ
1688 5393 1784 5464 τῆς
1826 5395 1934 5446 τῶν

444 5514 487 5582 ‘7’
515 5513 718 5582 Ephes.
750 5528 808 5574 ιι,
841 5511 930 5566 21.

369 5583 413 5614 ’⁸
448 5580 622 5638 [Cor
655 5598 742 5645 xv,
773 5582 874 5647 5‘2;
906 5580 1142 5636 l'l‘hess.
1173 5598 1244 5644 iv,
1277 5581 1362 5646 15,
1395 5582 1476 5637 16.

1005 5512 1050 5544 ’θ
1082 5511 1182 5566 lsa.
1216 5529 1355 5573 ωίγι,
1387 5513 1440 5566 2.
1518 5514 1560 5543 ¹¹
1592 5512 1778 5567 Matth.
1813 5531 1862 5568 v.
1899 5515 1931 5568 4
1971 5555 1985 5568 .

2033 4668 2120 4723 his
2147 4667 2240 4738 qui
2262 4667 2498 4737 diligunt
2517 4665 2830 4728 Dominum,
2866 4664 3007 4733 quis,
3033 4661 3130 4716 uni
3153 4659 3446 4729 Scriptura:
3462 4657 3606 4713 dicto

2034 4758 2256 4829 abigens
2275 4759 2538 4820 animum,
2577 4757 2798 4817 cmlum,
2824 4761 3187 4824 paratumque
3212 4765 3243 4804 a
3264 4748 3450 4803 mundi
3475 4763 3604 4802 con-

2031 4849 2316 4904 stitutione
2344 4863 2596 4918 regnum,
2631 4863 2695 4900 ac
2723 4845 2938 4900 Domini
2969 4841 3196 4914 mystice
3225 4837 3604 4893 absconditum

2030 4940 2289 5009 gaudium
2310 4979 2326 5002 ,
2379 4939 2506 5008 jugc
2531 4937 2767 5004 denique
2803 4946 3141 5004 prorsusque
3164 4929 3456 4983 indivisum
3483 4943 3604 4982 cum

2034 5030 2265 5086 Domino
2312 5044 2504 5083 eorum
2542 5027 2635 5098 qui
2667 5026 2817 5097 digni
2851 5033 3015 5080 erunt
3062 5019 3488 5076 contubernium
3517 5035 3605 5073 se-

2032 5112 2260 5192 desque.
2310 5121 2455 5178 idem
2489 5135 2727 5188 unquam
2761 5119 2909 5172 dicat
2929 5129 3051 5170 esse
3081 5128 3146 5168 ac
3169 5121 3341 5175 terra,
3369 5112 3414 5167 si
3441 5110 3604 5165 modo

2035 5213 2246 5266 ratione
2279 5211 2529 5276 ducatur,
2559 5226 2622 5263 ac
2649 5208 2813 5263 Verbi
2847 5205 3026 5260 cultor
3044 5219 3166 5259 esse
3193 5201 3440 5256 ambiat?
3498 5201 3604 5256 Vc-

2034 5320 2154 5356 rum
2186 5305 2291 5359 hoc
2321 5305 2440 5356 loco
2476 5311 2675 5356 telvm
2709 5313 2903 5353 vocare
2931 5294 3190 5358 arbitror,
3223 5293 3442 5347 ﬁrmum
3462 5291 3604 5345 etab

2036 5395 2252 5451 honesti
2292 5409 2517 5464 prorsus
2555 5391 2767 5445 ratione
2814 5385 3263 5442 indemutabilem
3288 5391 3603 5438 mansueto-

2062 5515 2106 5546 ²¹
2136 5513 2322 5567 Matth.
2359 5527 2484 5575 xxii,
2515 5511 2603 5566 30.
2681 5510 2725 5541 ”
2754 5507 2942 5562 Matth.
2980 5521 3102 5571 xxv,
3133 5503 3222 5558 54.
3298 5501 3343 5533 ³⁸
3373 5500 3507 5556 ibid.
3537 5499 3600 5554 21
3637 5493 3657 5510 λ

438 5699 651 5771 (1)717‘1'17'
679 5701 900 5768 παγίαν
934 5700 1028 5753 καὶ
1057 5701 1448 5771 ἀμετάθετον.
1482 5703 1615 5757 Male
1641 5706 1756 5759 Cat.
1794 5723 1931 5757 more

2036 5725 2082 5766 ν,
2129 5713 2390 5770 sanctum,
2451 5719 2568 5771 pro,
2611 5701 2847 5769 ﬁrmum,
2913 5709 2971 5752 ut
3021 5706 3076 5753 ct
3140 5694 3458 5765 εὖτερφίαν,
3516 5707 3614 5760 pro

368 5770 653 5838 ἀτρεψίαν,
689 5787 809 5840 qua:
826 5771 1008 5825 omnia
1038 5770 1292 5838 decoquit
1311 5772 1599 5842 interpres.
