4134 6192
490 320 600 391 891

1648 323 1712 384 S.
1755 321 2041 381 MAXIMI
2081 317 2584 381 CONFESSORIS

3650 308 3761 370 802

493 446 711 496 naturae
750 446 906 493 notas
947 433 1286 502 affectusque
1323 448 1387 487 ac
1421 432 1704 503 passiones
1731 434 2069 505 signiﬁcans,

2196 430 2570 501 τεποιωμένος,
2601 428 2694 481 καὶ
2729 426 2952 497 γνώμης
2982 424 3250 497 μοναδικὴ
3308 425 3547 495 κίνησις,
3588 423 3760 492 μόνην

493 545 618 600 qua:
637 525 1011 596 corruptionis
1028 523 1336 579 interitioni
1358 532 1522 593 atque
1541 524 1687 578 ortui
1705 525 2080 595 generationis

2186 522 2485 592 αἱρουμένη
2512 519 2609 591 τὴν
2644 519 2865 590 ἀρετήν.

494 618 733 677 obnoxia
758 616 905 687 est);
940 616 1040 671 sed
1067 616 1416 672 solummodo
1441 617 1726 673 deiformis
1748 618 1908 683 ratio,
1968 617 2170 672 divinae
2198 615 2446 671 scientia:
2507 613 2773 684 qualitate
2834 609 3074 676 imbuta,
3128 606 3539 682 singularisque
3587 605 3759 695 animi

495 708 821 770 voluntatis,
862 707 1084 763 unicam
1118 708 1374 779 eligentis
1402 709 1663 765 virtutem
1684 751 1699 775 ,
1754 709 1979 781 agitatio
2009 724 2074 764 ac
2111 717 2315 762 motus.

566 802 727 872 355
762 801 942 870 Neque
961 803 1171 860 Grmcus
1206 822 1268 858 ac
1302 804 1541 871 ludens,
1593 805 1798 875 quibus
1840 805 2076 860 diversa:

491 894 775 965 opinionis
798 896 867 951 de
890 896 1004 951 Deo
1032 895 1176 950 ratio
1207 895 1584 966 signiﬁcatur,
1614 899 1729 953 sive
1760 898 1844 964 (ut
1887 898 2076 952 verius

500 988 714 1057 loquar)
731 988 1029 1043 contraria.
1054 988 1190 1042 Nam
1222 988 1312 1043 ille
1332 988 1578 1059 quidem,
1598 990 1895 1044 multorum
1927 990 2078 1060 prin-

500 1076 746 1147 cipatum
777 1077 1104 1147 insipienter
1126 1077 1307 1150 docet,
1336 1093 1405 1132 ac
1432 1095 1577 1134 unus
1625 1094 1747 1150 cum
1792 1079 1881 1144 sit,
1943 1094 2078 1133 con--

504 1169 691 1223 trariis
723 1183 848 1223 eum
872 1169 1289 1238 operationibus
1324 1180 1490 1239 atque
1541 1170 1755 1224 viribus
1808 1170 2004 1224 dividit
2032 1172 2076 1235 ‘;

506 1260 857 1331 pluriumque
887 1263 1176 1315 numinum
1208 1261 1617 1316 venerationem
1651 1260 1933 1330 conﬁngit,
1966 1269 2081 1314 tum

504 1353 779 1421 ipsorum,
816 1352 1125 1422 quibusilla
1156 1353 1472 1417 adhibetur,
1524 1352 1876 1408 multitudine
1915 1352 2081 1407 dissi-

505 1442 749 1508 dentem,
800 1451 914 1497 tum
951 1443 1171 1499 diverso
1209 1445 1548 1499 adorationis
1599 1444 1710 1498 ritu
1766 1440 2076 1499 ridiculam.

2247 804 2397 858 Οὔτε
2436 803 2677 870 Ἕλλην
2727 802 2827 855 καί
2892 799 3204 867 Ἰουδαῖος,
3251 799 3318 854 δι’
3358 791 3434 852 ὧν
3479 797 3579 868 τῆς
3631 797 3761 868 περὶ

2174 893 2310 947 Θεοῦ
2340 893 2498 963 δόξης
2528 896 2556 947 ό
2578 893 2834 965 διάφορος
2869 893 3194 963 σημαίνεται
3221 891 3378 960 λόγος
3400 906 3414 920 ⁸
3473 889 3530 960 ἢ,
3573 888 3639 941 τό
3694 904 3760 955 γε

2181 986 2378 1056 μᾶλλον
2432 984 2791 1059 ἀληθέστερον
2831 986 3026 1051 εἰπεῖν,
3094 983 3490 1055 ἀντικείμενος.
3541 981 3603 1035 Ὀ
3662 982 3761 1051 μὲν

2181 1079 2374 1149 (Mary.
2457 1077 2767 1146 Ἐλληνικὸς
2821 1077 2999 1147 λόγος)
3057 1076 3309 1147 ἀφρόνως
3360 1072 3759 1143 εἰσηγούμενος

2180 1169 2539 1240 πολυαρχίαν,
2572 1169 2663 1222 καί
2692 1169 2790 1238 τὴν
2821 1168 2953 1239 μίαν
2976 1167 3150 1240 ἀρχὴν
3181 1165 3762 1236 ἀντικειμέναιςένερ-

2181 1261 2355 1331 γείαις
2383 1279 2441 1315 τε
2494 1262 2588 1315 καὶ
2633 1261 2896 1328 δυνάμεσι
2932 1259 3317 1332 καταμερίζων
3343 1275 3357 1290 ·
3389 1257 3485 1312 κοιλ⁹
3536 1257 3764 1310 πλαττό-

2185 1370 2344 1424 μενος
2382 1354 2545 1416 σέϐας
2569 1352 2849 1410 πολύθεον.
2884 1351 2962 1423 τῷ
2991 1369 3050 1406 τε
3104 1349 3296 1421 πλήθει
3353 1348 3463 1402 τῶν
3517 1364 3765 1419 προσκυ-

2185 1463 2274 1498 νου
2283 1445 2457 1516 μένων
2479 1444 2919 1515 στασιαξόμενον,
2944 1443 3133 1515 καὶτῷ
3149 1442 3390 1514 διαφόρῳ
3414 1440 3514 1511 τῆς
3528 1456 3766 1511 προσκιν-

507 1532 609 1588 llic
636 1548 790 1599 vero,
837 1549 1011 1589 unum
1055 1535 1279 1604 quidem
1335 1536 1725 1606 principatum,
1779 1535 1874 1590 sed
1906 1551 2082 1605 angu-

2196 1539 2396 1608 νήσεως
2430 1536 2616 1607 τρόπῳ
2638 1536 2961 1604 γελώμενον.
2998 1535 3056 1588 '0
3088 1534 3165 1600 δὲ,
3199 1533 3394 1605 (Mary.
3415 1533 3443 1586 ό
3475 1528 3765 1592 ’ἰουδαῐκδς

505 1629 652 1676 stqu
678 1638 743 1678 ac
776 1623 1180 1692 imperfectum,
1215 1641 1319 1680 nec
1342 1625 1455 1679 fere
1488 1625 1904 1688 consistentem,
1961 1632 2082 1678 tan-

506 1729 671 1782 quam
710 1714 923 1768 ratione
970 1715 1192 1785 vitaque
1235 1716 1603 1782 destitutum;
1664 1716 1719 1769 in
1765 1715 1975 1786 aequale
2021 1730 2086 1770 ac

510 1804 662 1873 prior
691 1805 914 1870 malum,
949 1806 1176 1861 sublata:
1204 1806 1425 1861 deitatis
1463 1822 1562 1877 per
1608 1807 1882 1861 contraria
1932 1806 2084 1861 dela-

510 1911 643 1965 psus
667 1912 683 1962 ;
710 1911 816 1950 una
844 1896 1056 1952 scilicet
1080 1912 1317 1966 persona
1342 1913 1509 1951 unum
1535 1897 1687 1951 illum
1711 1897 2084 1967 principatum

507 2001 744 2056 eumque
767 1986 974 2057 absque
1001 1988 1213 2042 ratione
1249 2003 1348 2043 seu
1386 1988 1562 2043 Verbo
1592 2004 1656 2044 ac
1713 1988 1923 2059 Spiritu
1955 2003 2088 2044 con-

510 2077 823 2145 sistentem,
846 2086 941 2133 aut
962 2087 1111 2135 certe
1135 2080 1346 2135 ratione
1368 2089 1423 2135 et
1448 2080 1644 2150 spiritu
1676 2092 1933 2151 tanquam
1955 2095 2089 2150 qua-

510 2166 663 2222 litate
692 2167 987 2230 imbutum,
1022 2168 1327 2235 deﬁniens;
1367 2185 1480 2225 non
1543 2171 1877 2242 intelligens,
1932 2171 2088 2241 quis-

511 2271 638 2310 nam
668 2258 815 2313 Deus
841 2258 1058 2314 futurus
1080 2259 1173 2322 sit,
1201 2261 1296 2329 qui
1330 2260 1528 2315 horum
1577 2263 1803 2316 exsistat
1849 2276 2085 2332 expers;

511 2357 611 2402 aut
632 2349 911 2418 quomodo
944 2350 1107 2414 Deus,
1130 2351 1226 2421 qui
1250 2352 1395 2406 haud
1424 2367 1585 2408 secus
1609 2369 1673 2408 ac
1699 2353 1866 2407 animi
1891 2353 2087 2417 creati,

512 2439 667 2494 hisee
691 2448 949 2510 tanquam
977 2440 1355 2498 accidentibus
1381 2443 1804 2513 impartiatur“.
1859 2444 2088 2507 Horum,

512 2527 598 2583 uti
637 2527 912 2594 dicebam,
948 2538 1145 2585 neuter
1171 2547 1401 2602 prorsus
1460 2533 1515 2588 in
1564 2534 1783 2590 Christo
1828 2544 1930 2599 est,
1994 2538 2089 2592 scd

513 2634 660 2674 verae
680 2620 945 2675 duntaxat
984 2622 1207 2692 pietatis
1258 2638 1462 2687 sermo,
1531 2624 1795 2695 ﬁrmaque
1847 2627 2092 2698 mystica:

516 2710 807 2782 theologia:
826 2712 936 2777 lex,
959 2721 1075 2767 tum
1108 2712 1331 2783 prioris,
1360 2714 1585 2769 deitatis
1617 2716 1945 2770 divisionem
1993 2716 2093 2771 eli-

516 2802 763 2869 minans;
786 2811 897 2858 tum
922 2804 1270 2873 posterioris.
1300 2806 1737 2861 contractionem
1766 2807 2089 2877 repudians;

2188 1628 2365 1698 λόγος)
2425 1628 2554 1699 μίαν
2594 1628 2714 1699 μὲν,
2751 1627 2943 1697 στενὴν
2990 1625 3047 1678 δὲ
3101 1624 3195 1679 καὶ
3226 1623 3412 1692 ἀτελῆ,
3449 1622 3545 1675 καὶ
3579 1619 3763 1691 σχεδὸν

2190 1720 2582 1782 ἀνυπόστατον,
2629 1719 2706 1783 ὡς
2762 1718 2921 1787 λόγου
2980 1717 3073 1771 καὶ
3121 1713 3265 1785 ζωῆς
3315 1712 3556 1784 ἔρημον,
3628 1710 3764 1785 πρὸς

2186 1806 2304 1864 ἶσον
2339 1810 2505 1865 κακὸν
2527 1809 2604 1881 τῷ
2639 1810 2888 1881 προτέρῳ
2927 1808 3069 1878 λόγῳ
3100 1806 3187 1860 διὰ
3216 1806 3322 1859 τῶν
3370 1805 3631 1857 ἐναντίων
3676 1805 3765 1855 ὲκ-

2192 1902 2427 1964 πίπτων,
2470 1902 2568 1973 τὴν
2617 1901 2804 1955 ἀθεῖαν
2825 1916 2838 1931 ⁸
2876 1900 2953 1953 ἑνὶ
2980 1899 3335 1971 περιγράφων
3369 1896 3647 1967 προσώπῳ
3670 1894 3768 1965 τὴι

2195 1992 2324 2063 μίαν
2373 1993 2567 2063 ἀρχὴν,
2601 1992 2692 2046 καὶ
2724 1991 2929 2060 ταύτην
2967 1990 3088 2060 δίχα
3117 1987 3293 2056 Λόγου
3322 1988 3416 2041 καὶ
3450 1987 3769 2057 Πνεὺματος

2193 2084 2564 2155 ὑφισταμένην
2587 2098 2601 2113 ’
2651 2083 2684 2154 ἢ
2711 2083 2867 2152 Λόγῳ
2896 2082 2991 2135 καὶ
3022 2081 3296 2152 Πνεύματι
3332 2078 3720 2149 πεποιωμένην
3751 2095 3768 2107 ·

2197 2176 2272 2246 μὴ
2311 2175 2573 2245 συνορῶν,
2629 2176 2711 2229 ὅτι
2753 2175 2836 2238 τίς
2914 2173 3066 2239 Θεὸς,
3119 2173 3326 2225 τούτων
3358 2169 3769 2243 ημοιρημένοςο

2193 2266 2227 2337 ἦ
2261 2266 2379 2327 πῶς
2410 2264 2543 2328 Θεὸς
2597 2263 2812 2335 μεθέξει
2852 2261 3245 2333 παραπλησίως
3282 2264 3396 2325 τοῖς
3428 2260 3533 2312 ὑπὸ
3557 2259 3772 2328 γένεσιν

2194 2357 2451 2426 λογικοῖς,
2503 2354 2579 2417 ὡς
2628 2355 3053 2427 συμῦεδηκότων
3085 2354 3288 2409 τούτων
3319 2351 3725 2424 μεμοιραμένος
3752 2367 3769 2382 ο

2193 2443 2268 2503 ὧν
2313 2451 2370 2502 ὲν
2422 2447 2641 2518 Χριστῷ
2678 2447 2738 2500 τὸ
2773 2446 3049 2519 παράπαν,
3110 2444 3187 2510 ὼς
3233 2442 3371 2515 ἔφην
3400 2442 3502 2516 (ό),
3553 2441 3769 2504 οὐδείς·

2197 2535 2334 2589 ἀλλὰ
2381 2534 2541 2605 μόνος
2599 2533 2829 2605 ἀληθοῦς
2880 2534 3159 2598 εὐσεϐείας
3195 2534 3376 2603 λόγος,
3438 2533 3536 2586 καὶ
3575 2531 3774 2600 πάγιος

2201 2624 2467 2694 μυστικῆς
2514 2624 2789 2693 θεολογίας
2848 2624 3067 2694 θεσμὸς,
3119 2626 3217 2697 τήν
3256 2642 3317 2678 τε
3354 2622 3448 2679 τοῦ
3504 2621 3772 2696 προτέρου

2194 2711 2354 2781 λόγου
2384 2712 2666 2782 διαστολὴν
2695 2714 2792 2784 τῆς
2834 2713 3091 2784 θεότητος
3137 2714 3607 2786 ἀποπεμπόμενος
3679 2712 3776 2766 καὶ

2198 2805 2296 2875 τὴν
2322 2804 2414 2857 τοῦ
2438 2804 2692 2876 δευτέρου
2739 2804 2814 2875 μὴ
2863 2804 3297 2876 παραδεχόμενος
3357 2805 3620 2876 συστολὴν
3644 2822 3659 2835 ο
3686 2804 3775 2857 ἵνα

516 2909 586 2949 ne
615 2894 825 2949 scilicet
854 2890 1093 2951 naturali
1120 2896 1482 2952 multitudine
1509 2913 1539 2952 a
1565 2913 1623 2952 se
1648 2875 1930 2954 dissidens
1984 2917 2092 2954 nu-

2200 2894 2274 2967 μῆ
2330 2895 2416 2966 τῷ·
2462 2875 2676 2967 φυσιάῷ
2724 2896 2916 2967 πλήθει
2962 2875 3346 2951 στασιαστικόν
3374 2914 3388 2928 υ
3462 2897 3773 2967 Ἐλληνικδν

518 3000 644 3040 men
668 2993 874 3040 statuat
899 2987 1027 3057 (hoc
1054 3003 1290 3058 namque
1346 2987 1661 3044 Graecorum
1721 2990 1973 3062 erroris),
2002 2999 2097 3046 aut

517 3075 687 3132 unius
712 3077 1093 3148 singularitate
1118 3094 1367 3148 personae
1394 3079 1654 3150 passibile
1695 3078 1773 3152 (id
1805 3081 1954 3135 enim
2001 3081 2098 3136 Ju-

520 3170 693 3226 daicaa
721 3171 1172 3241 superstitionis),
1191 3179 1253 3227 ut
1287 3169 1433 3242 quod
1466 3172 1676 3228 ratione
1706 3187 1803 3227 seu
1828 3173 2009 3229 Verbo
2032 3188 2098 3229 ac

521 3260 733 3331 Spiritu
758 3272 964 3325 careat,
1001 3271 1097 3317 aut
1128 3262 1216 3318 bis
1246 3263 1518 3318 imbutum
1544 3262 1617 3318 sit
1663 3270 1919 3333 tanquam
1962 3281 2100 3335 qua-

519 3353 700 3418 litate,
721 3369 832 3408 non
865 3363 1049 3408 autem
1080 3353 1256 3424 ipsum
1291 3369 1468 3418 mens,
1498 3353 1750 3424 ratioque
1799 3370 1897 3409 seu
1959 3355 2097 3410 Ver-

523 3444 656 3499 bum
692 3456 751 3500 et
782 3444 1023 3517 Spiritus
1046 3446 1309 3513 exsistat;
1342 3460 1557 3516 nosque
1576 3445 1813 3510 docens,
1841 3447 1935 3517 qui
1970 3461 2096 3518 gra-

524 3536 613 3592 tiae
663 3537 950 3591 vocatione
1006 3552 1105 3607 per
1139 3537 1302 3592 tidem
1356 3537 1413 3592 in
1478 3537 1816 3608 agnitionem
1847 3539 2098 3594 veritatis

522 3628 764 3698 adoptati
790 3643 1004 3694 sumus,
1042 3638 1103 3684 ut
1127 3645 1288 3684 unam
1320 3628 1640 3684 noverimus
1688 3628 1910 3686 deitatis
1932 3640 2098 3686 natu-

524 3736 640 3776 ram
661 3736 725 3776 ac
743 3721 1047 3792 potentiam
1071 3738 1087 3786 ;
1124 3737 1293 3776 unum
1319 3721 1533 3776 scilicet
1557 3722 1750 3787 Deum,
1777 3723 1872 3792 qui
1908 3722 1965 3777 in
1991 3723 2096 3778 Pa-

525 3821 608 3867 tre
665 3820 722 3867 et
758 3811 898 3866 Filio
951 3820 1010 3867 et
1043 3811 1256 3883 Spiritu
1295 3821 1487 3867 sancto
1534 3812 1874 3884 intelligatur
1911 3832 1924 3868 :
1980 3821 2100 3869 tan-

486 3976 489 3981 ι
524 3919 689 3974 quam
718 3904 932 3959 scilicet
960 3903 1132 3958 solam
1161 3918 1340 3958 causa:
1362 3903 1544 3958 omnis
1579 3918 1677 3959 seu
1706 3904 1966 3975 principii
1997 3921 2097 3960 au-

527 3995 803 4065 ctorisque
826 4002 1111 4066 expertem
1140 3994 1513 4050 essentialiter
1557 4011 1689 4051 vere
1738 3996 2097 4053 exsistentem

530 4096 789 4152 mentem,
829 4087 996 4142 unius
1028 4085 1333 4143 secundum
1362 4088 1658 4142 essentiam
1681 4102 1811 4143 vere
1830 4088 2099 4143 exsisten—

2195 2988 2302 3057 γὰρ
2330 2987 2362 3060 ἢ
2387 2987 2465 3059 τῷ
2490 2987 2611 3042 καθ’
2649 2988 2944 3042 ὑπόστασιν
2972 2989 3136 3061 ἑνικῷ
3168 2990 3430 3058 παθητόν·
3474 2988 3775 3043 Ἰουδαϊκὸν

2194 3079 2324 3150 γάρ,
2351 3080 2427 3144 ὠς
2464 3080 2636 3149 Λόγου
2663 3082 2757 3133 καὶ
2786 3080 2927 3134 Πνεύ
2937 3098 3104 3151 ματος
3132 3082 3515 3171 ἐστερημένον,
3562 3082 3597 3153 ἢ
3615 3081 3777 3150 Λόγῳ

2196 3170 2288 3223 καὶ
2314 3169 2588 3240 Πνεύματι
2639 3170 3046 3241 πεποιωμένονο
3096 3169 3213 3224 ἀλλ’
3255 3169 3371 3225 οὐκ
3400 3169 3462 3224 ὃν
3506 3169 3633 3235 νοῦς
3680 3169 3778 3224 καὶ

2196 3260 2369 3328 Λόγος
2391 3260 2486 3313 καὶ
2514 3258 2739 3330 Πνεῦμα
2771 3260 2833 3313 τὸ
2880 3260 3021 3314 θεῖον
3069 3260 3462 3333 πρεσϐεύεταιο
3507 3261 3605 3316 καὶ
3633 3259 3780 3315 διδά-

2199 3367 2345 3405 σκων
2376 3352 2544 3423 ἡμᾶς,
2573 3351 2701 3415 τοὺς
2745 3351 2935 3422 κλήσει
2958 3351 3180 3423 χάριτος
3205 3351 3348 3406 κατὰ
3382 3352 3562 3407 πίστιν
3593 3353 3779 3406 εἰσπε-

2198 3443 2530 3512 ποιημένους
2579 3444 2660 3506 είς
2730 3441 3024 3511 ἐπίγνωσιν
3078 3442 3361 3515 ἀληθείας,
3407 3444 3539 3515 μίαν
3579 3444 3777 3497 εἰδέναι

2198 3535 2453 3609 θεότητος
2506 3536 2668 3607 φύσιν
2711 3539 2805 3591 καὶ
2841 3538 3105 3609 δύναμιν
3160 3540 3352 3609 ἤγουν.
3400 3539 3499 3594 ἕνα
3542 3538 3674 3593 Θεὸν
3717 3540 3779 3592 ὲν

2197 3630 2372 3702 Harp!
2418 3630 2508 3682 καὶ
2565 3628 2679 3698 Υἱῷ
2708 3630 2799 3683 καί¹
2837 3630 2977 3701 ἁγίῳ
3025 3630 3303 3701 Πνεύματι
3364 3629 3778 3701 θεωρούμενον⁸

2195 3715 2284 3774 οἷα
2309 3720 2373 3793 δὴ
2395 3720 2558 3790 μόνον
2589 3720 2829 3775 ἀναίτιον
2874 3723 2998 3776 νοῦν
3036 3721 3307 3786 οὑσιωδῶς
3338 3722 3647 3792 ὑφεστῶτα,
3680 3723 3779 3794 μό-

2197 3829 2287 3865 νου
2313 3812 2433 3866 κατ’
2458 3811 2644 3865 οὐσίαν
2662 3812 2969 3881 ὑφεστῶτος
2985 3813 3221 3885 ἀνάρχου
3244 3813 3416 3880 Λόγου
3448 3814 3778 3885 γεννήτορα,

2197 3904 2294 3959 καὶ
2350 3904 2518 3973 μόνης
2581 3903 2751 3957 ἀϊδίου
2812 3901 2959 3974 ζωῆς
2991 3903 3264 3966 οὑσιωδῶς
3315 3903 3657 3971 ὑφεστώσης.
3698 3903 3782 3967 ὡς

2200 3995 2518 4066 Πνεύματος
2538 3994 2718 4063 ἁγίου,
2751 3995 2965 4066 πηγήν·
3008 3997 3066 4048 ὲν
3102 3995 3283 4066 μονάδι
3311 3994 3537 4067 Τριάδα,
3590 3993 3688 4047 καὶ
3717 3996 3779 4047 ἐν

2197 4084 2387 4157 Τριάδι
2405 4082 2605 4156 μονάδα
2625 4099 2638 4113 ·
2663 4083 2763 4137 οὑκ
2783 4082 2949 4153 ἄλλην
2970 4086 3026 4138 ὲν
3051 4082 3183 4154 ἄλλῃ
3201 4099 3215 4111 ·
3235 4084 3295 4136 οὑ
3322 4081 3429 4154 γὰρ
3443 4080 3521 4146 ὡς
3548 4082 3605 4135 ὲν
3619 4080 3784 4153 οὐσίᾳ.

525 4178 596 4229 tis
630 4176 905 4247 principio
931 4177 1173 4232 carentis
1195 4179 1498 4248 aeternique
1524 4179 1686 4235 Verbi
1718 4187 1999 4249 parentem
2029 4195 2094 4236 ae

2197 4179 2263 4247 τῇ
2299 4176 2484 4247 μονάδι
2516 4173 2859 4246 συμϐεδηκός
2889 4177 3035 4229 ἐστιν
3066 4177 3099 4245 ἡ
3126 4173 3290 4246 Τριάς
3320 4189 3335 4205 ο
3362 4175 3397 4244 ἢ
3427 4174 3489 4227 τὸ
3518 4173 3781 4244 ἔμπαλιν.

527 4267 885 4338 genitricem;
907 4267 1181 4338 uniusque
1210 4269 1559 4337 sempiterna:
1582 4269 1708 4325 vita:
1734 4270 2102 4328 essentialiter

529 4372 659 4412 vere
688 4358 1004 4413 exsistentis
1027 4357 1244 4429 (nempe
1269 4358 1507 4429 Spiritus
1538 4359 1737 4429 sancti)
1770 4359 2012 4415 fontem:
2044 4361 2100 4416 in

532 4446 741 4500 unitate
769 4442 1114 4511 Trinitatem,
1139 4456 1197 4502 et
1233 4448 1288 4501 in
1321 4447 1587 4502 Triuitate
1634 4449 1901 4503 unitatem
1935 4466 1948 4502 :
1987 4464 2128 4529 non.

530 4539 692 4593 aliam
720 4538 776 4593 in
802 4538 908 4593 alia
939 4555 951 4592 :
981 4553 1090 4592 non
1120 4538 1267 4593 enim
1294 4537 1536 4593 Trinitas
1564 4539 1645 4594 sic
1672 4549 1757 4594 est
1808 4538 1863 4592 iu
1892 4539 2102 4594 unitate

530 4632 687 4701 quasi
712 4631 972 4687 accidens
999 4630 1055 4683 in
1086 4629 1416 4696 substantia,
1435 4638 1528 4684 aut
1554 4630 1794 4685 vicissim
1831 4630 2015 4685 unitas
2049 4630 2103 4684 in

533 4722 802 4777 'l‘rinitate
824 4738 839 4785 ;
861 4730 922 4776 ut
948 4736 1070 4791 quae
1101 4721 1373 4776 sitomnis
1398 4722 1680 4790 qualitatis
1735 4736 1954 4790 expers.
1993 4721 2104 4776 Ne-

531 4830 637 4882 que
670 4824 732 4867 ut
756 4812 918 4868 aliam
948 4820 1005 4866 et
1043 4811 1242 4866 aliam:
1273 4827 1385 4866 nou
1422 4811 1571 4867 enim
1614 4812 1798 4866 unitas
1848 4827 1880 4865 a
1920 4811 2106 4866 Trini-

536 4910 645 4957 tate
677 4902 841 4973 356
868 4902 1058 4957 diﬁ‘ert
1085 4901 1405 4958 diversitate
1430 4911 1665 4965 naturae,
1730 4916 1836 4955 una
1863 4916 1928 4956 ac
1972 4902 2105 4957 sim-

535 4996 657 5063 plex
684 5002 877 5048 natura
915 4994 1208 5050 exsistens.
1236 4994 1425 5064 Neque
1451 5002 1511 5048 ut
1538 4993 1823 5064 aliamprae
1846 4993 1973 5060 alia;
1992 5009 2104 5048 non

535 5082 683 5135 enim
733 5082 972 5137 Trinitas
1016 5083 1085 5137 ab
1138 5082 1351 5137 unitate
1388 5081 1546 5152 quasi
1591 5082 1806 5137 minore
1863 5081 2106 5151 potentia

534 5173 762 5241 ejusque
784 5173 956 5243 gradu
988 5172 1339 5228 submissiori
1367 5173 1607 5228 discreta
1628 5179 1716 5227 est
1745 5211 1760 5237 ,
1799 5180 1893 5226 aut
1921 5172 2108 5228 unitas

536 5289 566 5327 a
594 5268 885 5329 Trinitate.
907 5274 978 5329 At
1003 5291 1181 5345 neque
1206 5284 1268 5330 ut
1290 5289 1584 5330 commune
1604 5272 1740 5344 quid
1768 5287 1832 5328 ac
1878 5272 2105 5327 univer-

537 5364 671 5428 sale,
700 5365 848 5434 quod
872 5366 1061 5422 subtili
1091 5368 1271 5421 solum
1291 5367 1532 5437 cogitatu
1556 5381 1585 5420 a
1635 5361 2106 5435 singularibusjlli

535 5453 799 5524 subjectis
825 5454 1147 5512 distinctum
1175 5456 1532 5527 intelligatur,
1555 5471 1586 5511 a
1609 5454 1881 5511 Trinitate
1908 5454 2108 5509 distin-

536 5549 627 5596 cta
657 5544 840 5600 unitas
870 5554 977 5614 est,
1002 5562 1124 5618 quae
1151 5546 1225 5601 sit
1250 5562 1379 5601 vere
1402 5546 1517 5616 ipsa
1539 5561 1570 5601 a
1603 5560 1664 5601 se
1685 5544 1956 5601 exsistens
1981 5542 2111 5598 sub.

626 5652 826 5724 g'VGAreg.
855 5665 996 5712 orat.
1026 5659 1076 5722 l,
1106 5658 1195 5723 55,
1237 5657 1325 5722 38,
1356 5657 1444 5711 42.

2204 4269 2263 4321 ὲν
2294 4268 2487 4338 Τριάδι
2536 4268 2703 4338 μονάς
2731 4283 2747 4300 ⁸
2795 4270 2985 4332 άποιος
3040 4268 3168 4339 γάρ.
3217 4267 3339 4322 Οὐδ’
3365 4268 3442 4332 ὡς
3492 4268 3663 4335 ἄλλην
3689 4271 3787 4323 καὶ

2205 4360 2371 4427 ἀλλην
2390 4373 2403 4387 ·
2436 4358 2496 4410 οὐ
2529 4358 2637 4429 γὰρ
2653 4357 2931 4428 ἑτερότητι
2958 4356 3173 4428 φύσεως
3189 4358 3287 4427 τῆς
3313 4356 3544 4427 Τριάδος
3568 4358 3788 4430 ήμονάς

2203 4451 2505 4521 διενήνοχεν
2528 4448 2672 4519 ἁπλῆ
2702 4466 2761 4502 τε
2794 4449 2887 4504 καὶ
2937 4449 3033 4521 μία
3068 4448 3228 4518 φύσις
3268 4449 3633 4520 τυγχάνουσα.
3659 4451 3785 4505 Οὐδ’

2204 4542 2280 4606 ὼς
2307 4541 2472 4612 ἄλλην
2503 4542 2630 4610 παρ’
2661 4540 2850 4610 ἄλλην,
2875 4538 2937 4593 οὐ
2954 4540 3062 4611 γάρ
3077 4539 3265 4608 ὑφέσει
3291 4539 3576 4611 δυνάμεως
3599 4541 3786 4596 διακέ-

2205 4648 2386 4704 κριται
2417 4630 2514 4701 τῆς
2544 4630 2818 4701 μονάδοςή
2857 4631 3048 4701 Τριὰς,
3082 4630 3115 4702 ἢ
3142 4630 3239 4701 τῆς
3256 4630 3487 4701 Τριὰδος
3508 4634 3541 4702 ἡ
3574 4633 3741 4702 μονάς
3766 4648 3782 4663 ·

2204 4723 2238 4794 ἢ
2277 4723 2353 4783 ὡς
2377 4720 2556 4776 κοινόν
2583 4737 2637 4773 τι
2668 4719 2766 4773 καὶ
2813 4719 3030 4788 γενικδν
3062 4719 3276 4791 ἐπινοίᾳ
3335 4720 3470 4795 μόνῃ
3510 4720 3785 4790 θεωρητόν

2204 4814 2312 4867 τῶν
2370 4813 2462 4866 ὑπ’
2510 4810 2641 4865 αὑτδ
2683 4810 2947 4881 μερικῶν,
2997 4810 3373 4883 παρήλλακται
3409 4812 3509 4880 τῆς
3554 4810 3785 4880 Τριάδος

2203 4907 2238 4976 ἡ
2269 4906 2454 4975 μονὰς,
2512 4900 2668 4957 οὑσία
2745 4901 2951 4972 κυρίως
3003 4902 3383 4974 ἁνθύπαρκτος
3449 4897 3605 4963 οὖσα,
3687 4901 3783 4954 καὶ

2205 4996 2432 5066 δύναμις
2456 4995 2622 5059 ὅντως
2658 4994 3003 5065 αὑτοσθενής.
3041 4995 3162 5048 θὺδ⁸
3191 4994 3265 5057 ὼς
3286 4994 3351 5047 δι’
3374 4993 3540 5063 ἄλλης
3567 4992 3733 5062 ἄλλην
3761 5008 3776 5024 ⁸

2205 5088 2265 5140 οὐ
2294 5086 2402 5157 γὰρ
2448 5085 2790 5157 μεσιτεὺεται
2842 5086 3025 5156 σχέσει
3075 5086 3136 5138 τὸ
3197 5090 3398 5139 ταυτὸν
3456 5086 3628 5151 πάντη
3684 5083 3779 5137 καὶ

2206 5175 2432 5246 ἄσχετον
2461 5175 2560 5246 (5),
2601 5175 2677 5238 ὡς
2721 5173 2859 5245 πρός
2912 5174 3084 5228 αἴτιον
3124 5175 3387 5230 αἰτιατόν.
3441 5173 3559 5229 Οὐδ’
3587 5174 3659 5236 ὡς
3716 5172 3778 5237 ἐξ

2208 5266 2374 5337 ἄλλης
2401 5266 2594 5336 ἄλλην·
2631 5265 2694 5318 οὑ
2724 5265 2832 5337 γάρ
2886 5264 3026 5318 κατὰ
3075 5265 3414 5336 παραγωγὴν
3462 5266 3525 5317 ὲκ
3554 5262 3777 5334 μονάδος

2211 5358 2384 5430 Τριὰς
2415 5398 2430 5421 ,
2510 5356 2773 5428 ἀγένητος
2824 5358 3145 5428 ὑπάρχουσα
3229 5358 3322 5415 καὶ
3375 5357 3776 5424 αὑτέκφαντοςο

2213 5449 2348 5504 ἀλλὰ
2371 5450 2468 5521 τὴν
2495 5449 2666 5519 αὐτὴν
2699 5448 2774 5512 ὡς
2810 5448 3026 5518 ἀληθῶς
3065 5447 3271 5519 μονάδα
3303 5450 3400 5505 καὶ
3430 5445 3647 5520 Τριάδα,
3682 5448 3785 5525 καὶ

2214 5542 2513 5613 λεγομένην
2539 5542 2633 5596 καὶ
2668 5541 2964 5611 νοουμένην
2984 5555 2997 5569 °
3054 5540 3115 5593 τὸ
3149 5541 3268 5610 μὲν,
3310 5540 3390 5612 τῷ
3449 5541 3560 5594 κατ’
3591 5538 3788 5591 οὐσίαν

618 5721 656 5742 ⁸⁸
693 5717 933 5780 Ρτόιιειιιι
980 5717 1096 5787 btet:
1147 5717 1201 5785 in
1250 5717 1739 5798 vi'congruentite;
1790 5739 1897 5779 non
1953 5734 2137 5779 autem
2184 5722 2567 5779 demonstrant
2596 5717 2883 5775 Trinitatis
2923 5718 3251 5788 mysterium
3283 5720 3398 5773 sola
3438 5719 3543 5775 ﬁde
3571 5728 3795 5774 notum.
