4134 6192
416 342 517 402 893

1398 341 1799 402 EXPOSITIO
1837 337 2250 399 ORATIONIS
2284 332 2696 396 DnMINIC/E.

3551 317 3659 382 ΜΔ.

409 451 552 520 λόγῳ
579 466 590 478 ·
624 450 684 502 τὸ
723 452 799 516 δὲ,
824 452 900 522 τῷ
937 453 1056 505 καθ’
1079 452 1313 524 ὕπαρξιν
1343 453 1558 523 τρόπῳ·
1617 454 1746 523 ὅλην
1781 450 1984 522 μονάδα

2099 447 2291 503 stantia
2319 486 2333 511 ,
2393 461 2456 499 ac
2488 445 2665 498 virtus
2704 457 2802 510 per
2833 455 2890 495 se
2926 453 3055 494 vere
3085 436 3263 506 reipsa
3297 440 3512 504 potens.
3556 431 3663 486 Ne"

415 542 512 609 τὴν
547 540 736 610 αὐτὴν,
773 542 846 612 μὴ
899 543 1306 614 μεμερισμένην
1337 546 1456 606 ταῖς
1486 543 1848 596 ὑποστάσεσι·
1891 541 1986 593 καὶ

415 631 542 702 ὃλην
572 631 778 701 Τριάδα
828 632 926 702 τὴν
959 631 1145 700 αὐτὴν,
1185 635 1246 703 τῇ
1279 634 1460 703 μονάδι
1521 633 1595 704 μὴ
1643 634 1987 702 συγκεχυμέ-

418 739 544 790 νην·
577 723 665 776 ἵνα
703 722 776 793 μὴ
808 722 886 792 τῷ
923 722 1173 793 μερισμῷ
1214 723 1274 776 τὸ
1305 723 1585 788 πολύθεον,
1625 723 1660 794 ἣ
1689 725 1755 794 τῇ
1787 723 1988 791 συγχύ-

421 831 503 866 σει
558 813 620 866 τδ
661 813 819 868 ἄθεον
865 815 1279 886 είσκομίζηται·
1339 815 1481 885 άπερ
1512 813 1728 883 φεύγων
1767 816 1795 866 ὁ
1851 814 1992 867 κατὰ

422 905 652 976 Χριστὸν
721 904 1090 975 λαμπρύνεται
1177 904 1354 972 λόγος.
1406 905 1564 972 Λέγω
1619 904 1674 958 δὲ
1751 903 1989 975 Χριστοῦ

419 994 597 1061 λόγον,
634 993 692 1046 τὸ
717 996 897 1046 καινὸν
926 994 1180 1064 κήρυγμτ
1209 994 1306 1064 τῆς
1336 994 1620 1065 ἀληθείας·
1682 997 1738 1046 ἐν
1878 995 1988 1046 οὐκ

421 1085 590 1138 ἐστιν
629 1084 809 1150 dif-per
837 1085 931 1136 καὶ
965 1083 1150 1151 θῆλυ·
1189 1086 1330 1154 φημὶ
1354 1084 1408 1137 δὲ
1442 1085 1509 1138 τὰ
1542 1086 1762 1155 σημεῖα,
1806 1084 1898 1135 καὶ
1926 1084 1993 1136 τὰ

425 1173 569 1243 πάθη
587 1174 681 1242 τῆς
713 1175 814 1226 ὑπὸ
836 1173 1040 1243 φθορὰν
1071 1176 1163 1227 καὶ
1183 1174 1392 1243 γένεσιν
1410 1174 1628 1242 φύσεως
1658 1191 1670 1204 ·
1707 1176 1814 1243 οὐχ
1847 1174 1990 1228 ’Ἑλ-

423 1268 543 1331 λην
564 1265 662 1316 καὶ
708 1265 1014 1327 Ἰουδαῖος,
1046 1265 1094 1316 οἱ
1154 1266 1277 1336 περὶ
1325 1265 1572 1334 θεότητος
1621 1263 1991 1333 ἀντικείμενοι

426 1356 611 1423 λόγοι·
668 1357 740 1409 οὐ
773 1355 1052 1425 περιτομὴ
1090 1355 1189 1408 καὶ
1240 1357 1626 1423 ἀκροϐυστία,
1683 1356 1740 1408 αἱ
1785 1353 1994 1415 τούτοις

425 1443 626 1515 δηλαδὴ
654 1444 977 1515 κατάλληλοι
997 1446 1242 1516 λατρεῖαι
1263 1461 1276 1474 ·
1318 1447 1350 1516 ή
1384 1445 1504 1515 μὲν,
1532 1445 1618 1498 διά
1649 1445 1717 1498 τὰ
1754 1443 1995 1515 σύμϐολα

428 1531 520 1584 τοῦ
573 1533 756 1602 νόμου,
805 1535 902 1604 τὴν
960 1535 1289 1606 φαινομένην
1326 1536 1499 1587 κτίσιν
1543 1535 1864 1599 κακίζουσα,
1901 1536 1996 1587 καὶ

428 1623 520 1676 τὸν
560 1623 780 1694 κτίστην
810 1624 884 1688 ῶς
931 1625 1115 1678 κακῶν
1161 1625 1388 1696 ποιητὴν
1425 1625 1782 1680 διαϐάλλουσα
1810 1643 1822 1656 ·
1853 1627 1886 1695 ἡ
1915 1625 1994 1688 δὲ,

430 1715 518 1767 διὰ
554 1715 621 1768 τὰ
679 1715 824 1786 πάθη
882 1716 1085 1787 ταύτην
1146 1717 1486 1782 θεοποιοῦσα,
1535 1719 1629 1770 καὶ
1684 1717 1760 1786 τῷ
1805 1718 1995 1788 κτίστῃ

2090 557 2195 610 que
2216 549 2273 593 ut
2299 539 2461 592 aliam
2493 553 2592 606 per
2613 535 2810 597 aliam;
2837 548 2939 587 nec
2959 531 3108 586 enim
3136 528 3248 583 ulla
3292 530 3524 596 prorsus
3571 522 3660 576 in-

2090 629 2322 684 tercedit
2355 626 2547 682 relatio
2597 641 2693 680 seu
2746 622 3034 686 habitudo,
3079 619 3346 673 dirimens
3374 615 3450 681 id,
3515 613 3662 684 quod

2091 735 2318 791 prorsus
2342 718 2485 772 idem
2512 723 2568 769 et
2588 713 2902 768 absolutum
2928 719 3011 765 est
3035 727 3050 775 ;
3078 705 3387 777 cuiusmodi
3433 704 3664 758 eﬂcctus

2091 807 2160 861 ad
2192 821 2410 860 causam
2437 803 2701 858 habitudo
2733 809 2833 854 est.
2866 799 2977 854 Nec
3020 799 3164 852 sicut
3188 812 3254 849 ex
3304 795 3408 849 alia
3461 793 3663 858 aliam;

2091 915 2200 953 non
2226 898 2378 952 enim
2405 896 2646 950 Trinitas
2665 909 2762 963 per
2786 891 3205 962 productionem
3227 897 3312 942 est
3333 886 3401 940 ab
3429 885 3662 947 unitate,

2091 1007 2212 1060 qua:
2231 990 2301 1044 sit
2325 990 2587 1051 increata,
2604 1002 2667 1040 ac
2691 986 2847 1055 ipsaa
2867 1000 2923 1038 se
2949 998 3066 1038 sese
3084 980 3392 1049 explicans:
3421 977 3517 1030 sed
3545 991 3666 1044 qum

2091 1082 2340 1137 eamdem
2368 1095 2496 1135 vere
2524 1079 2706 1133 unitas
2736 1087 2899 1144 atque
2952 1075 3193 1128 Trinitas
3231 1080 3287 1126 et
3336 1071 3554 1124 dicatur
3611 1076 3668 1121 et

2091 1172 2462 1242 intelligatur;
2502 1170 2732 1223 alterum
2761 1166 2984 1237 quidem
3022 1163 3274 1218 essentia:
3320 1162 3552 1223 ratione,
3591 1158 3664 1211 al-

2092 1274 2274 1316 terum
2324 1269 2508 1314 autem
2544 1257 2708 1312 modo
2775 1253 3109 1309 exsistentize
3141 1268 3154 1304 :
3191 1258 3357 1304 totam
3401 1247 3665 1302 unitatem

2091 1355 2362 1418 eamdem,
2399 1367 2522 1422 qua:
2570 1347 2823 1420 personis
2867 1362 2977 1400 non
3032 1343 3205 1398 divisa
3240 1341 3344 1406 sit;
3387 1347 3665 1404 totamque

2093 1446 2340 1500 eamdem
2367 1445 2540 1513 ipsam
2584 1441 2930 1503 Trinitatem,
2984 1422 3135 1490 nihil
3174 1434 3301 1488 inde
3360 1431 3665 1490 confusam,

2094 1537 2240 1609 quod
2268 1537 2448 1590 unitas
2477 1534 2737 1596 exsistit;
2774 1547 2842 1585 ne
2885 1528 3095 1584 scilicet
3116 1544 3182 1581 ex
3228 1522 3669 1585 divisione,deo-

2094 1643 2216 1681 rum
2250 1626 2410 1679 turba
2443 1625 2793 1692 importetur,
2829 1621 2911 1674 vel
2953 1635 3019 1673 ex
3044 1617 3389 1678 confusione,
3418 1615 3532 1682 ipsa
3564 1625 3668 1664 n0-

2097 1714 2669 1786 hisdepereatDeitas
2698 1711 2879 1778 :quod
2918 1720 3211 1778 utrumque
3249 1705 3550 1761 absurdum
3588 1700 3670 1754 vi-

431 1803 773 1856 ὲπανιστῶσα
801 1803 860 1856 τὸ
889 1806 1098 1875 ποίημα
1123 1821 1136 1835 ·
1172 1807 1265 1859 καὶ
1307 1807 1438 1876 πρὸς
1470 1807 1581 1859 ἴσον
1627 1806 1794 1858 κακὸν
1835 1806 1998 1876 ἄμφω

2101 1817 2220 1862 tans
2250 1805 2501 1861 clarescit
2521 1803 2834 1858 Christiana
2858 1800 3129 1855 doctrina.
3164 1797 3530 1852 Christianam
3566 1809 3669 1846 au-

433 1891 530 1962 τὴν
565 1891 711 1945 θείαν
741 1893 898 1965 ὓϐριν
924 1893 1177 1964 ἀλλήλαις
1213 1895 1572 1966 συλλήγουσαι
1621 1894 1833 1966 [νεηρι.
1875 1896 1998 1947 συλ-

431 1988 708 2055 λέγουσαι·
744 1987 840 2042 Fr.
879 1989 1251 2061 συνάγουσαι].
1291 1991 1371 2044 Οὐ
1404 1989 1705 2057 βάρϐαρος
1728 1989 1822 2041 καὶ
1851 1990 2000 2041 Σκύ-

433 2081 541 2145 οης
565 2094 580 2109 ·
611 2080 905 2144 τουτέστιν,
947 2082 980 2150 ἡ
997 2081 1127 2150 πρὸς
1157 2079 1354 2150 ἑαυτὴν
1378 2079 1730 2149 στασιαστικὴ
1755 2080 1853 2149 τῆς
1871 2082 2000 2150 μιᾶς

433 2167 645 2236 φύσεως
681 2168 820 2222 κατὰ
853 2168 1076 2240 γνώμην
1107 2169 1412 2232 διάστασις·
1456 2170 1574 2223 καθ’
1614 2170 1679 2240 ἥν
1713 2172 1741 2223 ό
1766 2171 1864 2240 τῆς
1909 2170 2000 2223 άλ-

434 2257 778 2326 ληλοκτονίας
823 2259 971 2328 παρὰ
1021 2257 1180 2328 φύσιν
1212 2262 1322 2321 τοῖς
1349 2258 1654 2330 ἀνθρώποις
1700 2260 2000 2334 είσεφϐάρη

433 2349 614 2418 νόμος.
637 2350 782 2404 Οῦτε
811 2349 1044 2420 δοῦλος
1081 2352 1178 2409 καὶ
1222 2353 1559 2425 ἐλεύθερος·
1614 2357 1647 2426 ἡ
1691 2356 1790 2426 τῆς
1833 2357 2002 2427 αὐτῆς

434 2438 676 2513 δηλονότι
725 2443 877 2514 παρὰ
919 2443 1144 2515 γνώμην
1169 2444 1432 2515 διαίρεσις
1499 2445 1744 2514 φύσεως·
1785 2433 2001 2516 ¹ἄτιμον

442 2536 733 2606 ποιουμένη
773 2536 862 2588 τὸν
882 2535 1024 2590 κατὰ
1061 2535 1221 2605 φύσιν
1251 2537 1541 2606 ὁμότιμον·
1586 2537 1748 2607 νόμον
1786 2539 2004 2591 ἐπίκου-

441 2643 532 2696 ρον
562 2626 782 2697 ἔχουσα,
809 2627 905 2698 τὴν
925 2626 1292 2696 τυραννοῦσαν
1315 2627 1376 2680 τὸ
1403 2627 1503 2696 τῆς
1529 2627 1738 2691 εἰκόνος
1764 2627 1999 2699 ἀξίωμα,

439 2715 546 2768 τῶν
577 2715 939 2781 δεσποζόντων
975 2717 1241 2771 διάθεσιν·
1313 2717 1498 2772 Ἀλλὰ
1552 2719 1747 2772 πάντα
1806 2720 1901 2772 καὶ
1934 2721 2005 2774 ἐν

438 2804 588 2861 πᾶσι
612 2808 886 2874 Χριστὸς,
913 2809 1000 2863 διὰ
1027 2809 1134 2863 τῶν
1171 2809 1312 2880 ὑπὲρ
1342 2809 1501 2879 φύσιν
1534 2811 1627 2864 καὶ
1681 2811 1863 2882 νόμον,
1905 2811 2004 2882 τὴν

440 2896 540 2965 τῆς
563 2897 796 2968 ἀνάρχου
826 2898 1098 2968 βασιλείας
1125 2899 1467 2970 δημιουργῶν
1496 2901 1552 2954 ὲν
1582 2901 1850 2971 πνεύματι
1876 2902 2006 2972 μόρ-

445 3004 644 3056 φωσιν·
677 2990 762 3058 ἣν,
795 2990 868 3050 ὡς
900 2989 1291 3051 ἀποδέδεικται,
1322 2990 1530 3058 πέφυκε
1558 2992 1999 3063 χαρακτηρίζειν,

440 3079 666 3150 καρδίας
721 3080 1045 3143 ταπείνωσις
1097 3081 1192 3134 καὶ
1237 3083 1514 3151 πραότης·
1569 3076 1643 3135 ῶν
1697 3085 1729 3152 ἡ
1789 3083 2004 3147 σύνοδος

437 3171 638 3224 τέλειον
670 3171 760 3224 τὸν
777 3173 916 3226 κατὰ
928 3171 1158 3244 Χριστὸν
1176 3172 1488 3242 κτιζόμενον
1516 3173 1893 3228 ἀποδείκνυσιν
1909 3175 2000 3229 άν-

439 3260 671 3333 θρωπον.
692 3262 921 3334 Πᾶςγὰρ
936 3261 1329 3332 ταπεινόφρων,
1348 3262 1564 3325 πάντως
1588 3265 1680 3315 καὶ
1702 3265 1889 3334 πρᾶος,
1911 3263 2006 3315 κα)⁹

441 3353 548 3416 πᾶς
587 3354 781 3423 πρᾶος⁵
819 3354 1036 3416 πάντως
1087 3355 1180 3406 καὶ
1219 3354 2006 3425 ταπεινόφρων·ταπεινόφρων

443 3443 560 3512 μὲν,
586 3443 660 3505 ὡς
689 3443 849 3510 γνοὺς
883 3443 1070 3496 ἑαυτὸν
1092 3441 1278 3512 ἔχοντα
1311 3444 1370 3495 τὸ
1403 3441 1540 3497 εἶναι
1563 3444 1965 3513 δεδανεισμένον
1995 3469 2001 3474 -

439 3534 611 3604 πρᾷος
639 3531 804 3598 δὲ,ὡς
827 3533 1076 3601 διαγνοὺς
1093 3533 1200 3586 τῶν
1226 3533 1479 3587 δοθεισῶν
1496 3534 1643 3604 αὐτῷ
1677 3535 1816 3587 κατὰ
1848 3533 2006 3601 φύσιν

439 3624 720 3694 δυνάμεων
746 3624 842 3695 τὴν
871 3623 1082 3694 χρῆσιν·
1126 3623 1222 3677 καὶ
1253 3623 1329 3693 τῷ
1357 3625 1455 3694 μὲν
1479 3623 1622 3694 λόγῳ
1640 3625 1771 3693 πρὸς
1805 3625 2003 3693 ἀρετῆς

441 3717 653 3784 γένεσιν
706 3715 910 3769 τούτων
943 3717 1116 3780 διδοὺς
1157 3717 1253 3787 τὴν
1289 3717 1624 3788 ὑπηρεσίαν·
1668 3717 1764 3786 τῆς
1818 3715 2006 3784 αἰσθή-

442 3824 576 3872 σεως
603 3808 658 3861 δὲ
713 3808 931 3871 τελείως
979 3808 1077 3879 τὴν
1107 3808 1312 3862 τούτων
1356 3808 1657 3862 συστέλλων
1705 3807 2002 3876 ἐνέργειαν.

441 3899 550 3954 Καὶ
583 3898 670 3951 διὰ
707 3898 864 3952 τοῦτο
887 3898 1027 3953 κατὰ
1080 3900 1175 3970 μὲν
1206 3899 1297 3952 τὸν
1326 3899 1470 3962 νοῦν,
1513 3898 1648 3968 πρὸς
1675 3897 1805 3950 Θεὸν
1835 3896 2005 3950 ἀεικί-

439 4007 596 4060 νητος
628 3987 722 4043 ῶν·
755 3990 897 4043 κατὰ
934 3990 988 4042 δὲ
1034 3991 1132 4061 τὴν
1172 3990 1442 4058 αἴσθησιν,
1472 3988 1592 4041 οὐδὲ
1626 3988 1839 4041 πάντων
1868 3985 2002 4058 ὁμοῦ

439 4077 546 4133 τῶν
593 4078 730 4146 πρὸς
778 4077 936 4147 σῶμα
971 4077 1226 4148 λυπηρῶν
1261 4078 1454 4146 πεῖραν
1482 4075 1774 4145 λαμϐάνων
1813 4092 2002 4128 παντε-

441 4169 547 4232 λῶς
576 4169 910 4239 κινούμενος,
954 4168 1190 4239 ἢλύπης
1236 4167 1380 4238 ἴχνος
1433 4166 1678 4220 ὲντυπῶν
1710 4169 1774 4237 τῇ
1836 4167 2000 4237 ψυχῇ,

445 4261 579 4330 πρὸς
618 4259 975 4330 παραλλαγὴν
1018 4258 1118 4329 τῆς
1176 4260 1232 4312 ὲν
1297 4259 1435 4328 αὐτῇ
1491 4257 1784 4328 χαροποιοῦ
1827 4258 2004 4312 διαθέ-

444 4366 580 4412 σεως
610 4350 724 4420 (111)·
748 4349 807 4402 ού
843 4348 1178 4419 γὰρὴγεῖται
1213 4347 1465 4417 στέρησιν
1495 4347 1690 4417 ἡδονῆς
1715 4347 2000 4419 ὑπάρχειν,

2101 1909 2208 1954 tem
2228 1897 2554 1968 (secundum
2583 1894 2865 1950 Christum
2891 1891 3124 1958 scilicet)
3157 1902 3295 1943 voco
3341 1899 3539 1940 novam
3577 1899 3671 1937 ve-

2101 1990 2280 2044 ritatis
2317 1986 2797 2057 prtedicationem;
2871 1985 2926 2038 in
2962 1998 3068 2054 qua
3129 1998 3233 2035 non
3292 1988 3366 2034 est
3411 1974 3672 2032 masculus

2100 2096 2265 2151 neque
2288 2080 2518 2149 femina;
2547 2078 2699 2150 signa
2734 2077 2997 2133 nimirum
3041 2093 3104 2131 ac
3126 2058 3410 2147 passiones
3469 2088 3564 2127 seu
3595 2070 3676 2123 af-

2101 2173 2276 2229 fectus
2302 2179 2510 2229 natura:
2533 2171 2840 2226 interitioni
2891 2171 3149 2239 ortuique
3206 2165 3492 2228 obnoxia;
3564 2178 3670 2214 non

2101 2269 2312 2324 ercus
2337 2265 2624 2319 etJudwus
2665 2280 2683 2315 :
2726 2262 3018 2317 contrariae
3072 2260 3284 2314 scilicet
3341 2257 3408 2311 de
3460 2256 3672 2309 Deitatc

2099 2356 2386 2413 sententiae
2413 2355 2707 2424 opiniones
2732 2371 2746 2418 ;
2775 2369 2877 2406 non
2905 2351 3230 2406 circumcisio
3271 2363 3436 2417 neque
3459 2361 3671 2415 prwpu-

2101 2450 2232 2501 tium
2264 2463 2281 2500 :
2305 2448 2488 2501 cultus
2507 2446 2770 2500 nimirum
2797 2445 3020 2513 utrique
3054 2451 3216 2497 sectae
3243 2438 3633 2495 convenientes
3658 2453 3669 2488 :

2102 2553 2336 2609 quarum
2370 2539 2564 2600 altera,
2598 2537 2671 2591 ob
2701 2536 2838 2606 legis
2869 2535 3136 2607 symbola,
3159 2541 3467 2588 creaturam
3499 2530 3675 2584 oculis

2102 2631 2492 2702 aspectabilem
2539 2630 2821 2700 sugillans,
2884 2630 3082 2698 ipsum,
3140 2640 3251 2696 quo
3310 2625 3399 2678 illa
3447 2632 3675 2677 auctore

2103 2723 2326 2779 condita
2351 2732 2456 2787 est,
2490 2731 2750 2791 tanquam
2777 2721 3044 2775 malorum
3071 2726 3353 2773 auctorem
3385 2715 3439 2768 in
3467 2714 3673 2768 crimen

2102 2826 2263 2872 vocat
2292 2817 2499 2883 ;altera
2531 2830 2685 2877 vero,
2712 2829 2821 2884 prae
2848 2811 3078 2866 libidine
3116 2817 3171 2864 et
3207 2823 3315 2877 qua
3357 2805 3505 2860 vitiis
3549 2820 3672 2873 pro-

2105 2910 2301 2965 clivior
2321 2917 2426 2973 est,
2457 2922 2576 2962 eam
2601 2906 2806 2960 deitate
2854 2904 3088 2967 donans,
3137 2899 3404 2954 adversus
3453 2895 3680 2950 Creato-

2106 3015 2220 3056 rem
2255 2997 2572 3062 committit,
2594 2997 2742 3067 quod
2765 2996 2860 3050 illo
2887 3001 3113 3048 auctore
3137 2990 3348 3045 editum
3363 2998 3446 3043 est
3470 3005 3483 3053 ;
3512 2987 3678 3056 inque

2029 3121 2072 3178 ο
2110 3093 2312 3146 malum
2335 3090 2540 3159 aequale
2561 3088 2679 3158 (Dei
2707 3087 2897 3156 utique
2925 3079 3338 3152 contumeliam)
3372 3081 3536 3135 ambo
3579 3093 3679 3148 pa-

2108 3184 2244 3238 riter
2261 3182 2490 3236 ducunt.
2531 3179 2649 3234 Non
2679 3178 2938 3232 barbarus
2968 3193 3030 3228 ac
3060 3173 3254 3246 Scytha
3289 3189 3308 3226 :
3333 3180 3544 3226 naturas
3568 3168 3679 3224 sci-

2105 3275 2258 3339 licet,
2296 3290 2418 3343 qua:
2454 3288 2564 3326 una
2600 3271 2693 3336 sit,
2730 3285 2919 3326 secum
2945 3268 3120 3338 ipsius
3148 3263 3470 3321 dissidentis
3507 3260 3678 3315 animi

2105 3365 2378 3422 sententia
2410 3380 2474 3418 ac
2500 3363 2786 3417 voluntate
2815 3359 3156 3423 divortium;
3193 3371 3303 3426 quo
3358 3365 3677 3410 mutuarum

2105 3454 2339 3509 caedium
2370 3451 2669 3506 adversans
2702 3456 2913 3502 natura:
2939 3447 3025 3501 lex
3059 3443 3377 3499 hominibus
3430 3439 3676 3495 inolevit.

2104 3543 2222 3596 Non
2252 3557 2431 3595 servus
2459 3549 2506 3593 et
2537 3539 2709 3592 liber:
2743 3535 2991 3607 ejusdem
3023 3533 3281 3588 nimirum
3321 3539 3552 3595 natura,
3591 3528 3679 3582 in-

2107 3631 2482 3688 vitisinducta
2510 3631 2746 3692 divisio;
2783 3627 2990 3682 honore
3039 3623 3282 3693 spolians
3335 3637 3398 3676 ac
3439 3621 3682 3676 dehone-

2108 3733 2284 3787 stans,
2308 3737 2456 3785 eum,
2483 3721 2578 3790 qui
2612 3719 2732 3789 pari
2777 3726 2972 3772 natura
3013 3715 3223 3769 honore
3267 3711 3531 3783 praeditus
3583 3709 3677 3773 sit,

2107 3827 2302 3880 nempe
2335 3809 2726 3880 suﬁ‘ragantem
2756 3807 2931 3877 legem
2977 3803 3205 3867 habens,
3236 3817 3358 3872 qua:
3397 3798 3680 3871 tyrannice

2105 3903 2400 3973 opprimat,
2432 3916 2541 3970 qna
2567 3897 2776 3954 conditi
2802 3912 3014 3960 sumus,
3051 3893 3306 3964 imaginis
3331 3889 3678 3962 dignitatem,

2103 3992 2265 4063 357
2315 3989 2722 4046 dominantium
2779 3988 3022 4042 animum
3059 4001 3123 4040 ac
3169 3984 3532 4038 voluntatem.
3577 3978 3682 4034 Sed

2105 4085 2306 4147 omnia,
2341 4090 2390 4135 et
2424 4083 2480 4134 in
2512 4079 2750 4134 omnibus
2773 4078 3054 4134 Christus:
3081 4076 3174 4146 qui
3204 4090 3300 4146 per
3319 4089 3404 4140 ea,
3441 4087 3563 4142 quae
3585 4087 3683 4124 na-

2107 4182 2245 4228 tura:
2271 4173 2520 4244 legisque
2550 4171 2858 4226 rationibus
2879 4170 3149 4233 eminent,
3174 4167 3364 4222 aeterni
3393 4165 3448 4218 in
3484 4163 3678 4233 spiritu

2103 4266 2258 4336 regni
2285 4265 2523 4336 speciem
2548 4263 2892 4331 formamque
2917 4271 3101 4327 creat;
3125 4261 3288 4330 cujus
3329 4258 3682 4313 characteres

2103 4365 2358 4426 notaeque
2387 4355 2769 4426 insignientes,
2811 4353 2892 4408 uti
2925 4353 3215 4422 probatum
3241 4357 3346 4415 est,
3401 4347 3683 4402 humilitas

441 4439 498 4491 τὸ
525 4441 641 4492 κατ’
678 4438 927 4509 αἴσθησιν
957 4438 1220 4506 ἀλγεινόν.
1261 4437 1480 4510 Ἡδονὴν
1502 4440 1610 4510 γὰρ
1643 4437 1769 4508 μίαν
1782 4439 1999 4493 ἐπίσταμ-

2105 4447 2292 4502 cordis
2323 4455 2382 4502 et
2431 4445 2798 4500 mansuetudo
2841 4459 2962 4498 esse
3016 4455 3354 4498 consuevere
3390 4456 3403 4492 :
3447 4451 3682 4507 quarum

439 4540 546 4589 ται,
571 4523 667 4594 τὴν
687 4525 784 4594 τῆς
811 4525 987 4594 ψυχῆς
1027 4525 1163 4595 πρὸς
1195 4525 1284 4579 τὸν
1324 4525 1478 4594 λόγον
1513 4523 1916 4598 συμϐίωσιν,ἦς
1963 4531 1996 4598 ἡ

440 4617 695 4688 στέρησις
750 4619 969 4681 κόλασίς
999 4621 1144 4673 ἐστιν
1191 4619 1563 4688 ἀτελεύτητος,
1593 4620 1805 4683 πάντας
1833 4637 1997 4689 φυσι-

439 4707 549 4770 κῶς
579 4708 989 4779 περιγράφουσα
1018 4710 1144 4771 τοὺς
1171 4709 1390 4774 αἰῶνας.
1428 4711 1536 4762 Kal.
1584 4710 1669 4762 διά
1717 4709 1893 4772 τοῦτο,
1927 4707 2001 4761 τό

438 4813 496 4850 τε
526 4798 704 4869 σῶμα,
764 4801 855 4852 καὶ
894 4802 1069 4853 πάντα
1110 4801 1176 4852 τὰ
1218 4799 1308 4852 τοῦ
1367 4800 1612 4871 σώματος
1641 4802 1837 4870 ἀφεὶς,
1866 4802 2001 4872 πρὸς

438 4889 536 4958 τὴν
565 4889 714 4943 Θείαν
748 4891 974 4961 φέρεται
997 4891 1244 4954 σύντονος
1272 4893 1573 4963 συμϐίωσιν
1602 4911 1614 4922 ·
1649 4894 1778 4962 μίαν
1799 4893 2001 4964 ζημίαν

439 4979 754 5049 ἡγούμενος,
797 4982 899 5034 κᾶν
932 4983 1148 5037 πάντων
1174 4983 1410 5055 δεσπόζῃ
1441 4984 1548 5036 τῶν
1599 4985 1692 5036 ἐπὶ
1745 4985 1868 5052 γῆς,
1903 4983 2002 5055 τὴν

436 5071 534 5140 τῆς
581 5073 1035 5145 προσδοκωμένης
1095 5076 1234 5129 κατά
1303 5076 1458 5147 χάριν
1507 5075 1752 5139 Οεώσεως
1800 5078 2006 5130 ἀποτυ-

438 5180 581 5232 χιαν.

2105 4554 2428 4603 concursus,
2459 4554 2608 4605 eum,
2649 4537 2746 4608 qui
2786 4535 3090 4591 secundum
3147 4533 3428 4589 Christum
3464 4537 3683 4585 creatus

2099 4639 2207 4694 est,
2257 4631 2563 4700 perfectum
2605 4630 2882 4684 hominem
2920 4635 3071 4682 certo
3129 4625 3373 4681 exhibet.
3423 4620 3683 4689 Quisquis

2103 4722 2255 4777 enim
2289 4722 2475 4776 animo
2505 4722 2732 4776 humilis
2770 4734 3048 4789 sensuque
3098 4716 3384 4770 modestus
3425 4721 3529 4776 est,
3565 4727 3682 4765 om-

2100 4811 2409 4867 ninoetiam
2430 4812 2570 4867 lenis
2591 4825 2648 4866 et
2671 4821 2992 4866 mansuetus
3012 4819 3130 4875 est;
3151 4806 3503 4874 vicissimque
3533 4803 3681 4872 quis-

2103 4901 2230 4971 quis
2250 4902 2394 4956 lenis
2427 4911 2512 4957 est
2540 4912 2597 4957 et
2623 4910 2971 4964 mansuetus,
3003 4913 3233 4970 prorsus
3264 4897 3431 4951 etiam
3494 4894 3681 4947 animo

2105 4991 2339 5048 humilis
2373 5008 2650 5062 sensuque
2713 4991 2998 5046 modestus
3056 4999 3162 5044 est.
3196 4988 3395 5044 Animo
3457 4985 3683 5055 quidem

2107 5081 2334 5136 humilis
2360 5098 2425 5136 ac
2453 5098 2618 5138 sensu
2676 5081 2978 5144 modestus,
3023 5078 3172 5148 quod
3218 5091 3278 5131 se
3327 5073 3576 5146 precario
3620 5089 3684 5128 ac

2110 5171 2454 5227 commodato
2480 5173 2684 5226 habere
2712 5177 2991 5241 agnoscat,
3023 5167 3170 5237 quod
3202 5181 3322 5221 esse
3345 5172 3542 5219 nactus
3562 5169 3680 5227 est;

440 5258 582 5313 lenis
615 5275 746 5314 vero
780 5274 844 5313 ac
885 5268 1224 5321 mansuetus,
1257 5257 1432 5328 utqui
1468 5258 1670 5312 virium
1707 5259 1760 5312 ei
1811 5265 2008 5312 natura
2043 5272 2427 5317 concessarum
2452 5279 2613 5317 usum
2669 5279 2782 5317 non
2842 5259 3072 5324 nesciat,
3119 5267 3285 5328 atque
3330 5257 3429 5311 has
3457 5253 3682 5325 quidem

441 5349 670 5440 rationis
699 5348 964 5416 obsequio
988 5349 1054 5403 ad
1083 5348 1314 5405 virtutes
1362 5347 1766 5419 progignendas
1822 5349 2060 5413 addicat,
2100 5367 2130 5405 a
2161 5367 2324 5408 sensu
2353 5368 2484 5407 vero
2513 5368 2705 5407 earum
2735 5365 2964 5420 prorsus
2983 5349 3363 5419 operationem
3415 5345 3679 5401 retrahat~

443 5436 689 5510 Hinc-que
715 5440 852 5493 adeo
870 5447 975 5502 est,
1003 5446 1064 5491 ut
1108 5445 1292 5492 mente
1321 5437 1564 5507 quidem,
1605 5439 1719 5512 jugi
1747 5439 1803 5493 in
1841 5441 2013 5495 Deum
2045 5451 2196 5496 motu
2230 5442 2526 5508 tneitetur;
2565 5458 2728 5496 sensu
2765 5457 2917 5508 vero,
2983 5457 3084 5496 nec
3143 5439 3189 5495 si
3233 5438 3440 5505 omnia,
3483 5436 3688 5508 quibus

509 5595 605 5666 (m)
625 5593 1488 5676 XaporreroddlaﬂéqtsgpAlter
1508 5595 1785 5676 Reg._cod.
1802 5596 2005 5676 χάριτι·

440 5663 555 5748 qua:
582 5663 1005 5748 per‘grntiamj‘n
1027 5680 1087 5716 ea
1112 5673 1206 5716 est.
1233 5663 1372 5743 Quid
1391 5663 1676 5748 veriqvelit
1707 5663 2008 5735 τὸάαρτῆς

446 5733 633 5795 Venet.
661 5733 795 5790 Cod.
835 5745 889 5788 ct
943 5734 1027 5788 Fr.
1067 5750 1174 5788 non
1200 5733 1398 5802 capio;
1439 5735 1544 5787 nisi
1603 5733 2006 5790 hrcvintionctu

2113 5598 2254 5721 Iqale
2283 5598 2642 5722 intellectam,
2673 5597 2754 5654 sic
2786 5597 3042 5670 imperite
3079 5593 3375 5669 antiquarii
3399 5593 3563 5654 ambo
3594 5608 3687 5652 ex-

2116 5685 2148 5722 D
2177 5685 2362 5722 llfal'llll
2397 5709 2409 5722 .

2116 5685 2409 5738 pncarunt.
