4134 6192
522 320 627 381 895
1585 391 1590 396 ⁷
1678 317 1737 374 S.
1779 316 2061 375 ΜΑΧΙΜΙ
2097 315 2606 377 CONFESSORIS
3663 315 3770 376 896

520 448 721 502 corpus
780 432 1023 485 mutestia
1083 429 1219 483 allici
1293 429 1448 492 solet,
1501 429 1662 483 simul
1741 430 2018 500 ingruant,
2074 444 2380 498 eorumque
2413 428 2719 497 periculum
2786 413 2971 490 faciat,
3023 427 3322 497 quidquam
3377 426 3600 496 penitus
3646 443 3768 478 mu-

522 533 729 586 veatur,
765 522 940 576 ullove
966 520 1201 574 tristitia:
1231 519 1461 589 vestigio
1519 522 1703 574 animo
1752 520 2096 583 informetur,
2172 519 2384 572 uthinc
2423 517 2606 588 gaudii
2654 517 2814 586 plena
2884 515 3102 570 aﬂectio
3147 533 3210 570 ac
3262 517 3552 586 dispositio
3583 517 3638 574 in
3698 533 3769 572 eo

523 618 862 669 immutctur.
901 609 1016 664 Non
1073 611 1220 665 enim
1277 611 1543 674 dolorem,
1573 613 1665 681 qui
1704 626 1924 667 sensum
1973 610 2274 671 excruciat,
2309 609 2605 678 voluptatis
2667 608 2969 664 carentiam
3019 608 3340 662 arbitratur.
3407 608 3761 678 Voluptatem

517 719 699 764 autem
729 722 890 760 unam
913 706 1083 767 novit,
1116 705 1283 758 animi
1321 721 1444 758 cum
1505 707 1716 760 ratione
1763 704 2117 768 convictum;
2159 703 2315 773 cujus
2358 701 2615 771 privatio,
2656 700 2963 755 immortale
3033 701 3361 770 supplicium
3407 709 3512 765 est,
3567 710 3768 756 cuncta

518 799 840 856 naturaliter
901 797 1097 850 secula
1137 795 1347 850 ambitu
1401 796 1794 866 complectens.
1845 793 2076 858 Idcirco,
2119 801 2231 846 tum
2256 789 2524 860 corporis,
2560 799 2674 844 tum
2713 807 2836 861 qua:
2894 798 3024 843 sunt
3052 788 3318 858 corporis,
3381 790 3640 845 omnibus
3669 808 3768 846 va-

517 895 627 947 lere
647 890 836 963 jussis,
875 888 939 942 ad
964 887 1208 941 divinum
1226 887 1385 941 enixe
1418 886 1721 940 connititur
1775 883 2117 948 convictum;
2158 897 2324 936 unam
2385 881 2608 935 demum
2655 882 2927 952 iacturam
2961 888 3244 949 reputans,
3295 881 3379 935 vel
3411 879 3457 934 si
3519 889 3768 937 terreno-

519 999 636 1036 rum
670 980 918 1037 omnium
977 978 1222 1054 dominio
1285 980 1509 1049 polleat,
1540 979 1679 1050 ejus,
1746 992 1866 1046 quae
1923 991 2019 1046 per
2073 975 2302 1045 gratiam
2328 973 2634 1045 praastanda
2663 982 3035 1044 exspectatur,
3094 971 3460 1027 deilicationis
3504 971 3764 1029 frustrata

516 1084 637 1128 γοιο
667 1089 729 1127 {lC
748 1088 898 1142 spem
929 1087 1161 1126 cassam.

587 1167 772 1234 Itaque
803 1165 1167 1219 cmundcmus
1203 1179 1304 1218 nos
1338 1165 1484 1234 ipsos
1505 1165 1574 1218 ab
1621 1165 1767 1218 omni
1831 1163 2088 1234 inquina-
2119 1167 2164 1222 Α

517 1264 704 1311 mento
738 1256 919 1310 carnis
977 1271 1040 1311 ac
1102 1257 1330 1326 spiritus
1357 1257 1423 1321 ",
1489 1267 1551 1310 ut
1593 1257 1951 1326 cupiditatem
2006 1257 2060 1310 in

515 1349 716 1402 decore
746 1347 1428 1402 aifcctibuslascivientcm
1464 1349 1899 1418 exstinguentes,
1943 1349 2084 1403 divi-

516 1455 647 1493 num
689 1455 889 1492 nomen
951 1439 1374 1504 sanctiﬁcemus,
1433 1439 1677 1508 iramque
1732 1448 1901 1494 (nstro
1952 1455 2089 1508 quo-

515 1532 638 1585 dam
669 1531 1028 1600 incomposite
1065 1530 1440 1599 voluptatibus
1489 1529 1791 1584 inhiantem
1835 1545 2086 1598 compes-

515 1638 740 1687 camus;
784 1631 864 1686 ut,
889 1621 1032 1691 quod
1059 1637 1156 1690 per
1187 1621 1662 1676 mansuetudinem
1714 1621 1937 1675 advenit
1996 1635 2085 1676 rc-

514 1730 680 1783 gnum
728 1714 818 1768 Dei
850 1729 913 1767 ac
946 1713 1140 1775 Patris,
1186 1713 1566 1782 suscipiamus.
1625 1713 1894 1781 Deinceps
1956 1726 2086 1764 vero

516 1807 836 1867 sequentem
883 1797 1150 1852 orationis
1213 1805 1440 1863 textura,
1490 1798 1575 1853 his
1631 1813 1752 1867 qua:
1809 1797 2086 1852 anteriora

515 1897 664 1950 sunt,
691 1888 1073 1958 adjungamus.

649 2001 768 2056 Fiat
794 2003 1035 2056 voluntas
1060 2011 1175 2069 tua,
1201 2004 1331 2057 sicut
1355 2003 1408 2057 in
1446 2010 1594 2068 cwto,
1623 2013 1669 2056 et
1696 2004 1748 2057 in
1777 2012 1940 2056 terra.

588 2199 691 2264 Qui
731 2200 847 2254 sola
882 2201 1110 2256 rationis
1139 2203 1192 2257 vi
1237 2219 1266 2256 a
1315 2204 1619 2272 cupiditate
1659 2213 1824 2274 atque
1867 2205 1948 2259 ira
1998 2221 2085 2260 se-

512 2297 681 2352 creta,
718 2291 944 2361 mystice
971 2292 1083 2346 Deo
1142 2293 1350 2347 cultum
1399 2293 1565 2363 358
1630 2295 1875 2358 adhibet,
1931 2294 1978 2350 is
2027 2295 2083 2350 in

514 2388 679 2445 terra,
705 2397 832 2436 eum
869 2383 923 2436 in
957 2384 1179 2438 modum
1201 2401 1311 2454 quo
1335 2385 1390 2438 in
1445 2387 1584 2442 caalo
1644 2387 1876 2456 angelici
1929 2387 2082 2441 ordi-

514 2486 631 2538 nes,
656 2472 896 2528 divinam
921 2475 1256 2530 voluntatem
1285 2477 1561 2546 implevit;
1589 2493 1687 2546 per
1728 2479 1910 2532 omnia
1927 2477 2083 2532 simi-
2113 2499 2154 2552 Β

513 2565 582 2619 l-is
599 2567 808 2637 angelis
829 2567 1106 2633 adorator,
1133 2569 1307 2639 iisque
1351 2571 1778 2634 contubernalis,
1815 2571 2081 2641 quemad-

512 2656 733 2713 modum
761 2659 998 2729 quodam
1039 2661 1159 2716 loco
1210 2677 1438 2732 magnus
1479 2662 1772 2732 Apostolus
1815 2663 1892 2717 ait
1925 2679 1939 2715 :
1970 2661 2080 2716 Νο-

509 2761 621 2804 stra
649 2758 824 2804 autem
844 2753 1164 2805 conversatio
1183 2753 1238 2806 in
1266 2754 1406 2807 εωιὶε
1433 2764 1508 2807 est
1533 2755 1613 2819 ³²;
1643 2756 1786 2824 apud
1813 2770 1951 2824 quos
1971 2771 2081 2808 non

509 2849 597 2896 est
621 2840 910 2910 cupiditas,
941 2857 1062 2911 qua:
1099 2842 1439 2911 voluptatum
1496 2845 1547 2897 vi
1597 2845 1839 2915 vigorem
1883 2846 2084 2900 mentis

513 2930 780 2986 dissolvat
809 2949 821 2984 :
849 2948 958 2986 non
986 2932 1068 2987 ira
1097 2933 1304 2999 furens,
1352 2934 1754 3004 adversumque
1800 2945 2080 3005 cognatos,

512 3038 578 3076 ac
618 3038 758 3092 quos
806 3024 972 3078 unius
1003 3026 1221 3095 generis
1292 3026 1527 3081 societas
1579 3035 1781 3092 teneat,
1827 3035 2082 3097 proterve

515 3113 818 3179 oblatrans,
847 3117 942 3170 sed
977 3115 1406 3187 singularissima
1428 3119 1588 3181 ratio,
1619 3118 1686 3173 ad
1717 3119 1950 3188 primam
1998 3135 2084 3173 ra-

516 3204 744 3271 tionem,
779 3222 876 3261 eos
927 3208 1021 3275 qui
1079 3207 1290 3261 ratione
1325 3216 1568 3269 utantur,
1605 3217 1803 3269 natura
1837 3208 2080 3274 ducens;

513 3314 623 3367 qua
659 3299 773 3352 sola
806 3298 1005 3368 gaudet
1037 3298 1200 3363 Deus,
1232 3308 1288 3354 et
1321 3315 1352 3352 a
1378 3299 1538 3354 nobis
1568 3299 1742 3354 servis
1765 3301 1879 3354 suis
1930 3300 2082 3355 eilia-

512 3389 669 3460 gitat.
693 3389 859 3458 quue
889 3389 1180 3460 signiﬁcat,
1216 3405 1340 3444 cum
1376 3391 1431 3446 in
1483 3391 1598 3445 hzec
1631 3390 1797 3445 verba
1827 3407 2083 3461 magnum

513 3479 776 3534 Davidem
817 3481 1116 3549 alloquitur
1145 3499 1158 3534 :
1214 3480 1352 3546 Quid
1378 3483 1516 3536 enim
1549 3484 1677 3536 mihi
1725 3491 1800 3536 est
1829 3483 1883 3535 in
1933 3481 2080 3546 carlo,

512 3584 563 3627 et
594 3593 626 3629 a
652 3584 702 3628 te
730 3575 856 3645 quid
884 3574 1026 3628 votui
1048 3591 1206 3645 super
1234 3583 1434 3628 terram
1470 3575 1554 3628 ³³2
1584 3574 1732 3628 Nihil
1785 3583 1968 3628 autem
2027 3575 2082 3628 in

513 3667 668 3722 caalis
692 3667 867 3721 sancti
908 3667 1084 3737 angeli
1120 3669 1230 3722 Deo
1270 3667 1531 3732 oli‘erunt,
1583 3676 1784 3736 praeter
1845 3667 2086 3721 rationa-

513 3759 620 3813 lem
645 3759 892 3823 cultum;
922 3774 1086 3828 quem
1133 3759 1310 3827 ipsum
1354 3775 1382 3811 a
1438 3759 1598 3813 nobis
1644 3760 1894 3830 exigens,
1941 3764 2085 3814 inter

2276 1159 2611 1229 Ἀγνίσωμεν
2638 1153 2732 1212 οὖν
2781 1159 3010 1220 ἑαυτοὺς
3055 1158 3256 1222 παντὸς
3305 1159 3584 1230 μολυσμοῦ
3623 1177 3760 1231 σαρο

2188 1247 2281 1310 κδς
2310 1249 2402 1301 καὶ⁹
2437 1247 2766 1318 πνεύματος,
2818 1250 2905 1301 ἵνα
2938 1249 2996 1301 τὸ
3027 1248 3169 1302 θεῖον
3202 1250 3529 1320 ἀγιάσωμεν
3559 1250 3756 1321 ὄνομα.

2187 1337 2557 1406 ἁκκιζομένην
2591 1340 2708 1399 τοῖς
2747 1339 2977 1391 πάθεσιν
3011 1339 3278 1410 ἀπρεπῶς
3316 1341 3416 1410 τὴν
3463 1340 3764 1410 ἐπιθυμίαν

2188 1428 2628 1492 κατασϐέσαντες
2653 1446 2665 1459 °
2704 1429 2799 1482 καὶ
2851 1429 2992 1500 λόγῳ
3019 1471 3034 1495 ,
3086 1432 3205 1493 ταῖς
3257 1431 3475 1500 ⁴ἡδοναῖς
3508 1430 3762 1495 ἀτάκτως

2187 1520 2607 1590 ἐπιμαινόμενον
2633 1523 2722 1576 ⁴ιὺν
2751 1521 2939 1591 θυμὸν,
2970 1522 3365 1592 καταδήσωμεν
3389 1533 3404 1549 ⁹
3433 1521 3523 1574 ἵνα
3553 1521 3640 1574 διὰ
3665 1522 3762 1591 τῆς

2188 1612 2493 1682 πραότητος
2555 1614 3002 1684 παραγινομένην
3059 1611 3445 1682 ὑποδεξώμεθα
3502 1613 3603 1682 τὴν
3664 1613 3757 1666 τοῦ

2186 1701 2320 1755 Θεοῦ
2357 1705 2450 1756 καὶ
2491 1706 2703 1776 Πατρδς
2755 1705 3051 1775 βασιλείαν.
3113 1705 3220 1757 Καὶ
3252 1704 3343 1757 τὸν
3373 1705 3574 1775 ἐφεξῆς
3605 1704 3760 1772 λόγον

2185 1796 2284 1864 τῆς
2362 1800 2670 1866 προσευχῆς
2716 1801 2828 1860 τοῖς
2896 1797 3181 1868 προτέροις
3246 1797 3612 1868 ἁρμόσωμεν,
3677 1797 3760 1849 λέ-

2186 1902 2371 1953 γοντες
2404 1904 2417 1918 ⁹

2254 1998 2572 2066 Γενηθήτω
2609 1998 2673 2052 τὸ
2704 2000 2934 2069 θέλημά
2961 2017 3096 2067 σου,
3136 2003 3217 2070 ὡς
3243 2005 3313 2059 ἐν
3342 2003 3614 2070 οἰφανῷε
3663 2001 3761 2056 καὶ

2182 2089 2279 2142 ἐπὶ
2317 2089 2428 2157 τῆς
2457 2089 2591 2158 γῆς.

2266 2203 2321 2255 '0
2358 2203 2497 2256 κατὰ
2539 2205 2708 2275 μόνην
2743 2205 2841 2274 τὴν
2886 2205 3112 2276 λογικὴν
3149 2205 3380 2276 δύναμιν
3402 2249 3416 2272 ,
3459 2208 3759 2278 ἐπιθυμίας

2183 2311 2241 2348 τε
2272 2296 2366 2347 καὶ
2402 2295 2572 2366 θυμοῦ
2601 2297 3012 2367 κεχωρισμένην
3045 2299 3321 2366 μυστικῶς
3343 2300 3642 2370 προσάγων
3678 2300 3758 2370 τῷ

2181 2386 2302 2455 Θεῴ
2335 2387 2434 2456 τὴν
2481 2387 2771 2458 λατρείαν,
2807 2384 2962 2453 οὗτος
3002 2391 3097 2442 ἐπὶ
3131 2389 3267 2459 γῆς,
3317 2391 3394 2454 ὡς
3441 2394 3499 2446 ἐν
3544 2392 3759 2462 οὐρανῷ

2182 2476 2290 2527 τῶν
2349 2476 2594 2544 ἀγγέλων
2628 2481 2683 2530 αἱ
2744 2479 2961 2545 τάξεις,
3013 2480 3074 2532 τὸ
3117 2478 3258 2534 Θεῖον
3298 2483 3630 2552 πεπλήρωκε
3667 2481 3761 2534 θέ-

2183 2565 2359 2634 λημα·
2409 2567 2496 2620 διὰ
2529 2568 2750 2620 πάντων
2792 2571 2904 2631 τοῖς
2966 2569 3222 2638 ἀγγέλοις
3257 2573 3574 2643 όμολάτρης
3606 2572 3762 2641 γενό-

2186 2672 2346 2724 μενος
2404 2657 2498 2710 καὶ
2551 2658 2896 2727 ὁμοδίαιτος,
2949 2661 3095 2714 καθά
3132 2661 3234 2714 πού
3288 2680 3453 2732 φησιν
3502 2666 3530 2716 ό
3585 2663 3759 2734 μέγας

2195 2746 2532 2813 Ἀπόστολος,
2577 2748 2762 2817 Ἡμῶν
2789 2749 2857 2802 δὲ
2899 2750 2964 2804 τὸ
2997 2752 3334 2821 πολίτευμα
3363 2753 3432 2806 ἐν
3476 2753 3758 2822 οὐρανοῖς

2182 2837 2438 2905 ὑπάρχει
2463 2855 2476 2868 ο
2516 2841 2645 2908 παρ’
2679 2834 2762 2902 οἷς
2802 2841 2900 2893 οὐκ
2933 2840 3084 2894 ἔστιν
3129 2843 3417 2914 ἐπιθυμία,
3463 2845 3533 2898 δι’
3561 2845 3759 2914 ἡδονῆς

2182 2929 2306 2990 τοὺς
2370 2932 2586 3000 νοεροὺς
2659 2933 3016 3002 παραλύουσα
3076 2935 3262 2998 τόνους
3290 2952 3304 2966 ο
3333 2941 3348 2957 ⁸
3403 2935 3526 2989 οὔτε
3583 2937 3758 3007 θυμὸς

2183 3017 2427 3084 λυσσῶν,
2480 3023 2576 3074 καὶ
2627 3022 2688 3074 τὸ
2743 3025 3005 3092 συγγενὲς
3053 3026 3304 3096 ἀσέμνως
3356 3027 3754 3080 καθυλακτῶνο

2184 3111 2320 3166 ἀλλὰ
2374 3112 2529 3181 λόγος
2588 3114 2927 3183 μονώτατος,
3006 3117 3140 3188 πρὸς
3191 3119 3282 3171 τὸν
3334 3120 3550 3190 πρῶτον
3599 3119 3758 3188 λόγον

2185 3203 2427 3270 φυσικῶς
2510 3205 2658 3273 ἄγων
2730 3207 2857 3270 τοὺς
2915 3207 3163 3274 λογικούς
3189 3226 3200 3239 ·
3252 3203 3296 3276 ᾧ
3369 3211 3515 3280 μόνῳ
3576 3211 3758 3282 χαίρει

2185 3295 2339 3360 Θεὸς,
2384 3295 2480 3348 καὶ
2514 3298 2643 3368 παρ’
2674 3297 2832 3368 ήμῶν
2861 3300 3002 3352 aitet
3031 3298 3140 3351 τῶν
3175 3299 3339 3352 αὑτοῦ
3375 3300 3599 3354 δούλων.
3646 3304 3759 3356 Καὶ

2184 3391 2344 3444 τοῦτο
2370 3391 2520 3460 δηλοῖ
2556 3392 2690 3462 πρὸς
2723 3393 2814 3446 τὸν
2848 3393 3022 3463 μέγαν
3055 3393 3280 3463 φάσκων
3321 3395 3514 3450 Δαϐίδ·
3551 3397 3615 3450 Τί
3646 3396 3756 3466 γάρ

2179 3499 2280 3550 μοι
2306 3482 2559 3550 ὑπάρχει
2583 3485 2652 3536 ἐν
2678 3483 2759 3548 τῷ
2791 3485 3044 3552 οὐρανῷ,
3079 3487 3175 3539 καὶ
3206 3487 3366 3555 παρὰ
3397 3487 3514 3542 σοῦ
3541 3490 3596 3541 τί
3625 3490 3758 3555 riae-

2185 3577 2353 3642 λησα
2383 3574 2478 3627 ἐπὶ
2520 3573 2632 3643 τῆς
2666 3574 2780 3644 τῆς
2807 3593 2828 3639 ;
2896 3578 3160 3648 ’Υπάρχει
3199 3577 3256 3630 δὲ
3297 3577 3372 3647 τῷ
3407 3577 3528 3648 Θεῷ
3567 3579 3626 3631 ἐν
3663 3579 3757 3630 οὒ·-

2187 3665 2372 3734 ρανοίς
2427 3664 2837 3734 προσαγόμενον
2896 3667 3045 3736 παρὰ
3108 3668 3217 3719 τῶν
3268 3668 3438 3735 ἁγίων
3485 3669 3754 3736 ἀγγέλων,

2187 3751 2326 3821 πλὴν
2347 3752 2445 3822 τῆς
2471 3752 2691 3823 λογικῆς
2719 3752 2972 3825 λατρείας
3000 3755 3151 3808 οὐδέν
3176 3772 3189 3784 ·
3218 3757 3284 3826 ἢν
3318 3759 3410 3810 καὶ
3437 3760 3570 3827 παρ’
3599 3758 3756 3828 ἡμῶν

512 3851 780 3906 orandum
819 3850 1004 3906 dicere
1033 3851 1260 3905 docuit:
1288 3850 1406 3904 Fiat
1430 3851 1674 3905 voluntas
1698 3828 1811 3916 tua,
1869 3854 2000 3906 sicut
2027 3853 2080 3905 in

2184 3843 2477 3912 ἐπιζητῶν,
2515 3846 2987 3916 προσευχομένους
3033 3846 3210 3915 λέγειν
3272 3848 3479 3914 ἐδίδαξε
3505 3867 3520 3879 ο
3560 3853 3756 3917 Γενη-

510 3944 658 4010 εωίο,
677 3952 726 3998 et
747 3945 803 3998 in
833 3952 1000 3997 terra.

581 4117 949 4187 lgiturnostra
973 4131 1194 4186 quoque
1223 4115 1292 4170 ad
1319 4117 1489 4171 Deum
1521 4118 1912 4188 inquirendum
1940 4118 2082 4175 ratio

510 4218 816 4272 moveatur,
842 4208 1036 4276 visque
1069 4207 1384 4276 cupiditatis
1407 4209 1684 4264 desiderio
1707 4211 1762 4264 in
1811 4225 1938 4266 eum
1989 4223 2082 4265 ra-

513 4300 730 4368 piatur;
769 4299 862 4352 ine
885 4299 1121 4367 denique
1180 4299 1431 4364 facultas,
1477 4303 1597 4372 ejus
1648 4303 2084 4357 conservationis

510 4393 707 4445 ardore
742 4405 920 4460 pugna
963 4391 1270 4445 concitetur
1301 4410 1313 4445 :
1341 4393 1447 4457 vel,
1478 4402 1539 4448 ut
1570 4395 1758 4450 verius
1805 4410 1870 4448 ac
1912 4395 2083 4463 magis

513 4485 733 4550 proprie
754 4480 968 4549 loquar,
988 4495 1142 4534 mens
1158 4489 1268 4535 tota
1294 4482 1348 4535 in
1370 4483 1538 4536 Deum
1563 4483 1900 4547 intendatur,
1919 4499 2082 4553 quam

515 4587 644 4628 tono
679 4571 914 4641 quodam
943 4571 1190 4628 iracundi
1212 4589 1394 4628 mores
1428 4574 1809 4639 corroborent,
1839 4591 2079 4629 summa-

509 4679 617 4732 que
647 4661 908 4716 desiderii
938 4663 988 4716 vi
1009 4663 1245 4732 cupidus
1267 4680 1421 4718 amor
1453 4665 1735 4719 accendat.
1790 4663 1880 4718 Sic
1933 4665 2081 4719 enim

510 4755 828 4825 angelorum
863 4754 918 4807 in
946 4755 1088 4809 cmlo
1112 4755 1434 4819 imitatione,
1459 4756 1553 4811 Dei
1583 4771 1680 4825 per
1705 4756 1888 4810 omnia
1907 4757 2084 4810 culto-

512 4861 599 4900 res
627 4845 1010 4911 inveniemur;
1034 4845 1128 4915 qui
1159 4846 1421 4900 nimirum
1453 4846 1706 4900 eamdem
1736 4861 1861 4900 cum
1917 4862 2083 4917 ange-

511 4939 578 5004 lis
610 4939 735 4993 vita:
763 4938 1027 4992 rationem
1062 4939 1118 4992 in
1153 4947 1295 4993 terra
1343 4937 1730 5002 exhibeamus;
1761 4937 1842 4992 sic
1887 4952 2082 5006 nempe

509 5031 828 5097 comparati,
853 5038 912 5084 ut
941 5029 1169 5098 perinde
1201 5043 1266 5082 ac
1299 5028 1398 5091 illi,
1435 5027 1650 5082 innulla
1675 5041 1888 5091 eorum,
1912 5043 2034 5096 qua:
2052 5042 2082 5080 a

509 5120 622 5172 Deo
647 5119 887 5174 secunda
916 5126 1066 5183 sunt,
1090 5119 1273 5172 animo
1295 5134 1520 5188 prorsus
1553 5133 1890 5173 moveamur.
1922 5118 2082 5173 Acci-

510 5209 726 5280 piemus
750 5208 899 5263 enim
923 5224 993 5263 ex
1019 5218 1270 5264 votorum
1306 5209 1537 5272 ratione,
1591 5209 1669 5263 sic
1709 5208 1878 5263 vitam
1918 5209 2078 5263 insti-

511 5305 751 5361 tuentes,
779 5297 930 5352 velut
962 5313 1180 5366 panem,
1205 5297 1478 5350 ἐπιούσιον
1502 5297 1854 5367 vitalemque,
1894 5298 1947 5351 in
1977 5298 2079 5352 ali-

511 5387 751 5456 moniam
780 5387 1088 5442 animarum
1111 5395 1448 5451 nostrarum,
1483 5396 1540 5441 et
1565 5397 1625 5441 ut
1659 5397 1850 5460 vegeta
1912 5389 2079 5444 bene-

583 5544 624 5574 "
655 5542 698 5597 ll
729 5541 857 5599 Cor.
889 5558 980 5609 vu,
1007 5539 1058 5596 1.

583 5704 599 5733 '
634 5699 757 5762 llaec
793 5698 1034 5755 breviter
1069 5697 1330 5754 deﬂorata
1359 5693 1415 5750 in
1447 5707 1650 5752 catena.

2181 3932 2337 4000 θήτω
2363 3936 2426 3988 τὸ
2457 3935 2686 4004 θέλημά
2713 3952 2851 4001 σου,
2897 3939 2976 4002 ὡς
3000 3939 3071 3992 ἐν
3094 3937 3342 4008 οὐρανῷ,
3373 3940 3471 3992 καὶ
3515 3941 3617 3993 ἐπὶ
3645 3942 3756 4009 τῆς

2180 4041 2313 4093 τηςο

2253 4114 2464 4168 οὐκοῦν
2511 4118 2767 4172 κινείσθω
2811 4119 2906 4172 καὶ
2951 4119 3108 4189 ἡμῶν
3146 4118 3278 4189 πρὸς
3327 4119 3427 4185 τὴν
3473 4115 3567 4170 τοῦ
3608 4119 3752 4172 Θεοῦ

2183 4206 2408 4278 ζήτησιν
2445 4211 2473 4262 ὁ
2524 4210 2716 4278 λόγος,
2768 4213 2904 4280 πρός
2938 4229 2998 4264 τε
3039 4212 3130 4263 τὸν
3168 4209 3330 4264 αὑτοῦ
3369 4209 3532 4262 πόθον
3563 4213 3599 4280 ἠ
3633 4214 3754 4265 κατ’

2183 4295 2477 4366 ἐπιθυμίαν
2507 4298 2771 4368 δύναμις,
2823 4302 2918 4352 καὶ
2971 4300 3108 4369 πρὸς
3149 4302 3244 4368 τὴν
3294 4299 3458 4353 αὑτοῦ
3502 4300 3755 4372 φυλακὴν

2184 4388 2534 4455 ἁγωνιζέσθω
2587 4391 2660 4443 τὸ
2703 4391 2932 4461 θυμικόν
2960 4408 2973 4421 ο
3043 4391 3245 4462 μᾶλλον
3307 4393 3362 4445 δὲ
3414 4393 3756 4464 κυριώτερον

2183 4478 2378 4540 εἰπεῖν,
2413 4479 2442 4530 ό
2480 4479 2578 4548 μὲν
2613 4478 2740 4542 νοῦς
2771 4479 3018 4534 τετάσθω
3049 4481 3158 4543 πᾶς
3190 4481 3328 4550 πρὸς
3367 4480 3500 4533 Θεόν
3527 4499 3543 4512 ο
3591 4484 3758 4534 οἱονεὶ

2181 4568 2320 4638 τόνῳ
2372 4570 2478 4639 τιν)
2535 4571 2614 4640 τῷ
2669 4571 2888 4641 θυμικῷ
2954 4572 3140 4642 τρόπῳ
3198 4571 3601 4642 νευρούμενος,
3662 4577 3758 4627 καὶ

2184 4657 2334 4728 πόθῳ
2373 4663 2436 4729 τῇ
2470 4662 2590 4712 κατ’
2631 4661 2799 4731 ἄκρον
2849 4661 3034 4728 ἐφέσει
3073 4661 3170 4730 τῆς
3211 4661 3512 4731 ἐπιθυμίας
3550 4662 3756 4732 πυρού-

2187 4767 2366 4819 μενος.
2405 4751 2560 4804 Οὖτω
2585 4752 2694 4822 γὰρ
2730 4751 2857 4814 τοὺς
2892 4753 3015 4804 κατ’
3061 4752 3290 4822 οὐρανὸν
3362 4753 3629 4820 ἀγγέλους
3663 4770 3758 4822 μι-

2188 4842 2468 4913 μούμενοι,
2499 4842 2580 4913 τῷ
2609 4843 2731 4914 Θεῷ
2763 4843 2851 4896 διὰ
2885 4844 3103 4897 πάντων
3140 4843 3494 4913 λατρεύοντες
3523 4845 3754 4916 εὑρεθη-

2185 4934 2425 5004 σόμεθα·
2483 4934 2582 5005 τὴν
2636 4934 2806 5006 αὐτὴν
2865 4937 2979 4998 τοῖς
3066 4935 3323 5003 ἀγγέλοις
3373 4936 3467 4988 ἐπὶ
3515 4935 3614 5004 τῆς
3649 4935 3756 5004 γῆς

2185 5025 2462 5078 πολιτείαν
2518 5027 2986 5097 ἐπιδεικνύμενον
3051 5029 3187 5098 πρὸς
3235 5027 3388 5081 οὐδὲν
3445 5027 3552 5080 τῶν
3615 5027 3755 5096 μετὰ

2183 5118 2317 5170 Θεὸν
2375 5116 2506 5180 ἴσως
2551 5117 2779 5180 ἐκείνοις
2824 5117 3041 5187 ἔχοντες
3087 5117 3176 5170 τὸν
3213 5116 3339 5170 νοῦν
3380 5115 3439 5169 τὸ
3491 5116 3750 5185 παράπαν

2184 5207 2522 5276 κινούμενον.
2575 5207 2850 5277 Δεξόμεθα
2901 5208 3010 5278 γὰρ
3048 5207 3166 5260 κατ’
3210 5205 3375 5276 εὐχὰς
3425 5205 3564 5259 οὔτω
3600 5205 3743 5254 πολι-

2182 5299 2492 5370 τευόμενοι,
2535 5299 2788 5370 καθάπερ
2823 5300 2988 5370 ἄρτον
3028 5299 3304 5352 ἐπιούσιον
3350 5315 3409 5350 τε
3461 5295 3552 5350 καὶ
3591 5293 3748 5355 (tut:-

2183 5389 2280 5442 κδν
2324 5392 2403 5455 είς
2433 5389 2749 5465 ἀποτροφὴν
2779 5390 2890 5445 τῶν
2936 5389 3226 5462 ἡμετέρων
3255 5388 3463 5461 ψυχῶν,
3496 5387 3587 5441 καὶ
3619 5400 3744 5439 συν-ν

1135 5539 1201 5572 ⁸⁸⁸
1227 5540 1463 5611 Philipp.
1492 5557 1569 5605 Ill,
1597 5541 1683 5594 20.
1761 5543 1804 5573 ³³
1833 5542 1972 5596 Psal.
2012 5557 2170 5606 vau,
2201 5541 2290 5596 25.
