4134 6192
449 256 552 319 897

1448 265 1846 327 EXPOSITlO
1883 266 2214 325 ORATlON'
2226 267 2295 324 IS
2336 266 2721 327 DOMINICAS

3575 278 3680 340 808

454 376 687 446 τήρησιν
720 379 818 450 τῆς
843 379 950 433 τῶν
981 383 1351 452 χαρισθέντων
1377 385 1509 456 ἡμῖν
1539 385 1758 454 ἀγαθῶν
1782 383 2016 448 εὐεξίας.

2123 399 2226 452 quc
2255 384 2510 439 habentia
2569 400 2827 440 concessa
2879 386 3038 441 nobis
3080 387 3221 442 dona
3265 401 3680 458 conservcnwr,

453 469 540 522 ’δν
570 473 790 525 εἰπόντα
819 475 988 542 Λόγον
1010 494 1023 507 ·
1071 477 1218 547 Ἐγώ
1259 480 1374 546 εἰμι
1406 481 1438 532 ὁ
1466 480 1664 546 ἄρτος.
1719 479 1750 530 ό
1802 478 1870 531 ἐκ
1909 477 2016 531 τοῦ

453 563 715 628 οὐρανοῦ
748 567 1039 634 καταϐὰς,
1087 569 1186 622 καὶ
1218 567 1372 636 ζωὴν
1407 568 1612 634 διδοὺς
1653 567 1732 633 τῷ
1775 569 1979 636 κόσμῳ
2001 584 2015 599 ο

455 655 731 724 ἀναλόγως
758 659 890 728 ἡμῖν
921 662 1034 724 τοῖς
1065 661 1422 732 τρεφομένοις
1467 660 1534 713 δι’
1567 661 1766 730 ἀρετῆς
1797 660 1888 712 xal.
1927 675 2013 711 σο-

457 741 603 810 φίας,
640 746 816 799 πάντα
849 747 1129 817 γινόμενον
1171 765 1185 780 ο
1217 749 1311 802 καὶ
1348 749 1417 801 δι’
1451 749 1678 800 ἑκάστου
1705 747 1812 800 τῶν
1848 746 2019 810 σωζο-

460 837 634 904 μένων
705 840 999 905 ποικίλως,
1059 843 1133 905 ὠς
1191 839 1330 897 οἶδεν
1399 843 1594 906 αὐτὸς,
1663 841 2020 910 σωματούμε-

456 943 576 980 νον·
644 928 725 981 ἔτι
797 933 936 985 κατὰ
994 932 1085 985 τὸν
1146 934 1318 987 αἰῶνα
1388 934 1574 986 τοῦτον
1660 932 2018 1001 ὑπάρχοντες,

457 1020 598 1072 κατὰ
649 1023 750 1091 τὴν
800 1023 893 1076 τοῦ
944 1025 1108 1094 ῥητοῦ
1155 1027 1252 1096 τῆς
1305 1025 1614 1096 προσευχῆς
1665 1024 1894 1091 δύναμιν
1926 1023 2018 1078 τοῦ

457 1108 702 1175 λέγοντος

532 1304 641 1357 Τὸν
671 1303 853 1371 ἄρτον
893 1304 1059 1373 ἡμῶν
1106 1306 1210 1358 τὸν
1238 1307 1551 1360 ἐπιούσιον
1596 1307 1697 1373 δὸς
1734 1307 1874 1378 ἡμῖν
1908 1307 2020 1375 σή-

457 1413 656 1463 μερον.

526 1485 728 1538 Τοῦτον
767 1483 876 1555 γὰρ
922 1481 1074 1554 οἶμαι
1121 1485 1408 1556 δηλοῦσθαι
1442 1488 1533 1541 τὸν
1584 1489 1753 1543 αἰῶνα
1805 1489 1892 1543 διὰ
1924 1489 2019 1545 τοῦ

458 1577 752 1645 σήμερονο
783 1575 857 1639 ῶς
887 1578 1043 1639 εἴτις
1075 1578 1166 1630 ἐπὶ
1195 1578 1253 1631 τὸ
1279 1579 1608 1651 σαφέστερον
1642 1580 1902 1646 ἐκλαϐὼν,
1941 1581 2021 1634 εἴ·

459 1685 567 1733 ποι,
606 1668 696 1721 τὸν
736 1670 899 1722 τόπον
937 1669 1036 1738 τῆς
1091 1672 1420 1742 προσευχῆς,
1467 1674 1576 1726 Τὸν
1614 1673 1795 1740 ἄρτον
1829 1671 2017 1741 ἡμῶν,

458 1758 514 1810 ὃν
561 1761 840 1829 καταρχὰς
873 1761 958 1812 ἐπ’
1006 1759 1274 1831 ἀθανασίᾳ
1306 1761 1404 1831 τῆς
1448 1762 1661 1830 φύσεως
1697 1763 2018 1834 ἡτοίμασας,

459 1849 563 1915 δὸς
596 1850 739 1920 ἡμῖν
764 1853 1051 1920 σήμερον,
1089 1851 1228 1905 κατὰ
1263 1854 1360 1922 τῆν
1397 1854 1673 1923 παροῦσαν
1704 1855 1847 1925 ζωὴν
1872 1851 2021 1908 οὖσιν

459 1943 557 2011 τῆς
613 1942 1057 2013 θνητότητος(η)
1087 1961 1100 1973 ·
1153 1944 1238 1996 ἵνα
1283 1946 1479 2016 νικήσῃ
1522 1945 1611 1998 τὸν
1653 1945 1882 1999 Θάνατον
1923 1945 2024 2016 τῆς

461 2033 768 2105 ἁμαρτίας,
807 2035 841 2104 ἡ
893 2034 1067 2105 τροφὴ
1101 2034 1192 2087 τοῦ
1239 2035 1412 2120 ρρτου
1461 2038 1560 2107 τῆς
1609 2037 1750 2106 ζωῆς
1803 2039 2024 2107 καὶτῆς

461 2124 842 2193 ἐπιγνώσεως·
891 2123 958 2198 ἧς
991 2127 1216 2198 μέτοχον
1255 2129 1507 2196 γενέσθαι
1561 2130 1650 2182 τὸν
1692 2131 1906 2199 πρῶτον
1933 2128 2044 2182 ἄνα-⁸

463 2218 714 2289 Θρωπον,
767 2220 798 2290 ἠ
858 2219 1170 2290 παράϐασις
1211 2220 1312 2290 τῆς
1348 2220 1496 2284 θείας
1545 2221 1766 2290 ἐντολῆς
1802 2223 1860 2274 οὐ
1896 2238 2024 2274 συν-

461 2310 760 2381 εχώρησεν.
808 2311 894 2373 Ὠς
941 2313 1056 2379 εἴγε
1116 2311 1317 2385 ταύτης
1370 2312 1672 2383 ὲνειρορήθη
1719 2313 1819 2382 τῆς
1876 2313 2026 2378 θείας

409 2398 416 2404 ’
462 2403 692 2473 τροφῆς,
752 2403 850 2456 οὐκ
909 2402 974 2456 ἂν
1031 2403 1109 2473 τῷ
1163 2403 1380 2474 θανάτῳ
1433 2405 1534 2474 τῆς
1587 2403 1861 2476 ἁμαρτίας
1907 2403 2024 2476 ῆλί-

465 2514 640 2550 σκετο.

533 2589 675 2658 Πλὴν
720 2591 747 2642 ὁ
789 2589 880 2641 τὸν
933 2588 1098 2658 ἄρτον
1133 2585 1316 2641 τοῦτον
1370 2587 1554 2642 λαϐεῖν
1601 2588 1894 2658 εὐχόμενος
1936 2587 2026 2642 τὸν

465 2680 755 2744 ἐπιούσιον,
799 2679 860 2732 οὐ
906 2679 1121 2743 πάντως
1170 2679 1289 2732 ὅλον
1336 2679 1548 2750 δέχεται
1583 2678 1764 2742 καθὼς
1805 2679 1968 2742 αὐτὸς
1998 2679 2026 2732 ὁ

465 2775 623 2842 ἄρτος
673 2771 817 2823 ἐστίν
840 2787 852 2799 ·
913 2770 1044 2823 ἀλλᾶ
1077 2769 1257 2833 καθὼς
1303 2770 1463 2831 αὐτὸς
1497 2773 1524 2823 ὁ
1553 2771 1839 2841 δεχόμενος
1867 2771 2026 2824 δύνα-

463 2878 566 2913 ται.
596 2860 737 2912 Πᾶσι
767 2860 867 2929 μὲν
896 2859 1004 2930 γὰρ
1028 2859 1220 2911 ἑαυτὸν
1254 2858 1433 2912 δίδωσι
1459 2862 1571 2922 τοῖς
1606 2859 1847 2914 αίτοῦσιν
1874 2863 1901 2913 ὁ
1924 2863 2024 2931 τῆς

464 2950 606 3020 ζωῆς
639 2951 802 3021 ἄρτος
824 2993 838 3014 ,
882 2952 956 3013 ὡς
999 2951 1410 3022 φιλάνθρωπος,
1443 2951 1502 3003 οὐ
1546 2951 1684 3006 κατὰ
1718 2952 1779 3006 τὸ
1809 2941 1937 3006 αὑτὸ
1967 2955 2024 3007 δὲ

2119 475 2298 543 ipsum
2333 475 2593 534 Verbum.
2621 477 2766 545 quod
2797 477 2874 531 ait
2905 495 2918 530 ι
2948 477 3062 548 Ego
3109 496 3227 532 sum
3277 483 3452 550 panis,
3487 484 3577 551 qui
3616 488 3678 538 de

2118 565 2244 618 coelo
2304 566 2562 629 descendi,
2633 578 2682 621 et
2709 569 2774 622 do
2817 572 2978 623 vitam
3009 573 3200 626 mundo
3240 574 3284 605 “
3316 575 3483 644 (quod
3524 578 3688 632 nimi-

2119 670 2239 709 rum
2290 671 2390 725 pro
2440 657 2603 710 modo
2652 668 2922 728 captuque
2974 671 3184 726 nostro,
3238 665 3332 733 qui
3388 667 3685 732 nutrimur,

2119 749 2299 801 omnia
2327 748 2482 802 nobis
2517 764 2616 818 per
2672 751 2930 806 virtutem
2960 768 3022 806 ac
3064 755 3387 822 sapientiam
3446 756 3557 823 ﬁat,
3595 775 3690 813 va-

2120 836 2307 906 rieque
2332 853 2430 906 per
2470 839 2744 907 quoslibet
2768 857 3002 910 quorum
3028 845 3190 898 saluti
3214 847 3528 902 consultum
3587 849 3680 913 sit,

2119 943 2226 996 qua
2269 930 2446 997 ipsum
2481 931 2634 984 novit
2670 933 2901 996 ratione,
2933 937 3304 1003 carperetur),
3342 937 3506 1007 idque
3526 941 3684 1005 adeo,

2121 1016 2248 1068 dum
2283 1025 2338 1069 et
2365 1017 2545 1072 adhuc
2569 1019 2622 1072 in
2654 1021 2908 1088 prmsenti
2931 1023 3128 1076 sacculo
3162 1025 3446 1079 constituti
3477 1043 3686 1094 sumus,

2116 1107 2270 1177 juxta
2303 1109 2412 1161 vim
2439 1111 2725 1165 sententia:
2754 1121 3042 1182 textusque
3102 1116 3388 1183 orationis,
3446 1119 3543 1187 qui
3602 1119 3686 1173 sic

2121 1199 2288 1253 habet
2317 1217 2331 1252 :

2190 1310 2395 1365 Panem
2431 1323 2671 1368 nostrum
2699 1315 3064 1384 quotidianum
3094 1317 3160 1370 da
3180 1319 3323 1373 nobis
3350 1321 3520 1376 hodie.

2191 1483 2444 1540 Arbitror
2460 1487 2628 1550 enim,
2653 1487 2799 1556 quod
2827 1487 3048 1554 dicitur,
3068 1491 3240 1556 hodie,
3269 1491 3430 1562 359
3455 1509 3692 1563 praesens

2122 1578 2379 1630 smculum
2416 1579 2741 1648 designare;
2785 1595 2850 1633 ac
2924 1581 2970 1635 si
3032 1583 3156 1651 quis
3207 1583 3384 1638 locum
3430 1585 3693 1640 orationis

2121 1668 2365 1737 apertius
2388 1684 2687 1738 exponens,
2735 1673 2900 1736 dicat,
2952 1671 3153 1725 Panem
3207 1683 3464 1738 nostrum,
3525 1690 3688 1744 quem

2124 1759 2193 1812 ab
2219 1760 2396 1824 initio,
2423 1760 2489 1814 ad
2542 1761 3007 1816 immortalitatem
3063 1771 3274 1818 natura:
3325 1765 3696 1834 praestandam-

2123 1853 2351 1921 parasti,
2395 1853 2461 1906 da
2487 1853 2632 1906 nobis
2655 1854 2824 1918 hodie,
2855 1854 3096 1923 quandiu
3117 1855 3171 1908 in
3201 1856 3419 1909 mortali
3443 1857 3548 1912 hac
3581 1859 3691 1911 vita

2122 1958 2440 2008 versamur;
2468 1959 2578 2012 quo
2600 1945 2855 1998 nimirum
2886 1947 3043 2015 panis
3063 1946 3186 2001 vita:
3210 1963 3275 2002 ac
3311 1949 3556 2003 scientia:
3596 1949 3697 2002 ali-

2122 2034 2814 2103 monia,peccatimortcm
2862 2037 3046 2088 vincat
3091 2054 3103 2088 :
3150 2037 3306 2105 cujus
3347 2053 3414 2090 ne
3469 2052 3703 2107 compos-

2125 2123 2278 2178 ﬁcrct
2302 2124 2514 2193 primus
2545 2125 2732 2187 homo,
2765 2123 2938 2178 divini
2975 2125 3187 2179 obstitit
3223 2126 3463 2179 mandati
3519 2136 3698 2180 trans-

2123 2215 2350 2285 gressio.
2402 2215 2632 2284 Itaque,
2715 2216 2760 2269 si
2827 2215 3012 2269 divina
3060 2217 3164 2270 hac
3230 2232 3353 2271 esca
3414 2224 3704 2271 saturatas

2123 2307 2336 2374 fuisset,
2361 2325 2643 2380 nunquam
2672 2310 2880 2380 peccati
2910 2322 3084 2366 morte
3109 2320 3302 2381 captus
3329 2321 3494 2368 esset.

2193 2586 2484 2649 Czeterum,
2505 2587 2594 2658 qui
2625 2605 2820 2659 panem
2845 2591 2992 2647 hunc
3014 2592 3392 2650 substantialis
3417 2596 3703 2652 alimonia:-

2125 2686 2279 2746 optat
2334 2693 2574 2743 sumere,
2609 2695 2718 2733 non
2771 2696 2996 2750 prorsus
3047 2691 3222 2738 totum
3266 2687 3485 2756 accipit,
3551 2690 3702 2745 sicut.

2126 2768 2240 2837 ipse
2267 2769 2421 2837 panis
2447 2778 2562 2835 est;
2598 2770 2691 2824 sed
2723 2781 2923 2839 quanta
2959 2777 3078 2843 ejus
3100 2775 3190 2843 qui
3225 2777 3424 2845 accipit
3467 2778 3697 2835 lacultas

2123 2867 2227 2913 est.
2257 2860 2482 2915 Cunctis
2514 2851 3008 2930 enim‘petentibus
3060 2881 3116 2919 se
3171 2867 3377 2936 prtebet
3434 2877 3695 2940 tanquam

2125 2950 2463 3006 humanitate
2487 2955 2947 3022 propensissimus
2975 2957 3132 3025 panis
3165 2959 3307 3024 vitae,
3347 2976 3457 3014 non
3511 2969 3695 3018 alitem

465 3044 667 3096 πᾶσιν·
722 3041 859 3094 ἀλλὰ
906 3045 1018 3104 τοῖς
1073 3043 1170 3112 μὲν
1226 3042 1437 3112 μεγάλα
1489 3042 1622 3112 ἔργα
1677 3044 2023 3114 πεποιηκόσι,

2128 3043 2359 3111 perinde
2391 3044 2649 3099 omnibus
2678 3062 2692 3111 ;
2722 3047 2815 3100 sed
2848 3047 2934 3113 iis,
2971 3049 3063 3118 qui
3086 3052 3290 3120 majora
3316 3054 3696 3120 praestiterint,

464 3131 757 3192 πλειόνως’
815 3132 927 3193 τοῖς
969 3131 1026 3182 δὲ
1069 3131 1273 3183 τούτων
1313 3132 1533 3200 ῆττοσι,
1570 3131 1808 3200 ἡττόνως
1837 3149 1851 3162 °
1898 3134 2024 3187 ἐκά-

464 3240 574 3291 στῳ
610 3221 706 3292 μὲν
748 3217 842 3275 οὗν
871 3219 1048 3284 καθὼς
1080 3223 1111 3292 ἡ
1154 3222 1297 3274 κατὰ
1333 3222 1454 3276 νοῦν
1486 3222 1611 3288 ἀξία
1654 3222 1906 3289 δέξασθαι
1937 3223 2025 3276 δῦ-

463 3331 638 3366 ναται.

532 3405 672 3473 Πῴς
701 3402 904 3472 ταύτην
933 3402 989 3455 δέ
1025 3420 1092 3472 με
1123 3403 1214 3456 τοῦ
1263 3403 1531 3474 παρόντος
1582 3405 1746 3475 ῥητοῦ
1799 3405 1897 3475 τὴν
1942 3404 2025 3457 ἔν-

463 3514 607 3549 νοιαν
633 3497 836 3567 ἤγαγεν
866 3497 894 3547 ὁ
935 3495 1142 3566 Σωτὴρ,
1177 3497 1535 3565 προστάσσων
1578 3496 1880 3567 διαρρήδην
1915 3499 2026 3560 τοῖς

471 3587 742 3658 μαθηταῖς
786 3587 990 3658 τροφῆς
1040 3587 1303 3657 αἰσθητῆς
1336 3586 1615 3649 παντελῶς
1653 3589 1726 3657 μὴ
1757 3588 2024 3641 ποιεῖσθαι

462 3680 634 3748 λόγον,
680 3678 870 3739 εἰπὼν,
917 3676 1008 3744 Μὴ
1051 3675 1370 3745 μεριμνᾶτε
1417 3673 1492 3743 τῇ
1542 3674 1715 3745 ψυχῇ
1753 3677 1920 3745 ὑμῶν
1971 3677 2028 3730 τι

463 3774 706 3841 φάγητε,
745 3770 784 3839 ἦ
828 3769 886 3822 τί
918 3769 1091 3836 πίητε
1115 3784 1128 3797 ·
1171 3768 1324 3836 μήτε
1361 3767 1438 3834 τῷ
1477 3768 1702 3836 σώματι
1753 3769 1921 3838 ὑμῶν
1969 3769 2028 3822 τι

464 3861 868 3928 περιϐάλησθε
894 3873 906 3888 ⁸
958 3858 1145 3913 ταῦτα
1190 3863 1301 3927 γὰρ
1355 3860 1551 3912 πάντα
1603 3860 1672 3912 τὰ
1727 3861 1870 3928 ἔθνη
1919 3861 2026 3917 τοῦ

463 3956 694 4021 κόσμου
741 3949 1126 4017 ἐπιζητοῦσιν
1151 3966 1166 3982 ο
1208 3949 1366 4004 ἀλλὰ
1397 3947 1613 4015 ζητεῖτε
1646 3948 1882 4017 πρῶτον
1913 3948 2028 4017 τὴν

463 4044 785 4112 βασιλείαν
807 4043 914 4096 τοῦ
945 4041 1111 4105 Θεοῦ,
1137 4042 1231 4093 καί
1261 4039 1375 4107 τὴν
1395 4039 1788 4108 δικαιοσύνην
1816 4042 2024 4108 αὐτοῦ,

463 4137 559 4190 καί
597 4137 782 4190 ταῦτα
836 4133 1033 4187 πάντα
1069 4131 1541 4200 προστεθήσεται
1584 4133 1743 4203 ὑμῖν.
1776 4133 1900 4196 Πῶς
1933 4129 2026 4187 οὖν

463 4229 699 4282 διδάσκει
741 4227 1135 4298 προσεύχεσθαι
1164 4266 1178 4287 ,
1217 4228 1348 4296 περὶ
1383 4219 1458 4280 ὧν
1505 4226 1577 4297 μὴ
1613 4226 1792 4298 ζητεῖν
1826 4227 2026 4298 προλα-

464 4320 571 4372 ϐὼν
594 4321 942 4386 ἐνετείλατο;
969 4320 1126 4390 δῆλον
1153 4319 1260 4389 γὰρ
1289 4319 1370 4372 ὅτι
1397 4320 1483 4372 διὰ
1526 4321 1832 4390 προσευχῆς
1856 4322 2026 4373 αἰτεῖν

2124 3135 2412 3191 liberalius
2440 3155 2452 3190 :
2489 3137 2574 3191 his
2606 3154 2736 3193 vero
2752 3139 2846 3208 qui
2876 3142 3110 3206 minora,
3160 3145 3417 3212 parcius;
3471 3147 3692 3202 unicui-

2125 3243 2231 3298 que
2252 3237 2452 3295 tamen,
2481 3239 2745 3299 quantum
2772 3247 2870 3301 pro
2902 3233 3072 3287 animi
3126 3233 3391 3305 dignitate
3441 3239 3695 3308 accipere

2126 3318 2344 3373 sutlicit.

2196 3411 2400 3466 Textus
2437 3412 2601 3483 hujus
2659 3415 2983 3470 sententiam
3034 3425 3095 3470 ut
3152 3416 3235 3472 sic
3272 3419 3578 3488 acciperem
3633 3436 3696 3474 ac

2125 3515 2478 3570 exponerem,
2498 3502 2744 3558 Salvator
2773 3506 3010 3575 impulit,
3042 3507 3136 3575 qui
3193 3507 3397 3562 diserte
3458 3509 3699 3579 discrpu-

2124 3591 2419 3663 lisjubeat,
2446 3611 2513 3648 ne
2545 3595 2706 3650 ullam
2757 3613 2982 3666 prorsus
3013 3600 3278 3655 rationem
3303 3601 3539 3656 habeant
3581 3603 3700 3674 ejus

2127 3688 2257 3752 cibi,
2283 3690 2377 3758 qui
2400 3706 2562 3744 sensu
2592 3692 2914 3762 percipitur,
2939 3694 3127 3748 dicens
3147 3741 3162 3756 ,
3207 3695 3284 3748 Ne
3316 3695 3527 3750 solliciti
3583 3697 3700 3750 sitis

2127 3779 2316 3832 anima:
2344 3787 2527 3833 vestra:
2555 3784 2682 3850 quid
2705 3784 3049 3848 manducetis,
3085 3795 3175 3838 aut
3210 3788 3332 3855 quid
3364 3787 3586 3852 bibatis;
3609 3803 3701 3840 ne-

2126 3887 2225 3940 que
2254 3872 2460 3941 corpori
2492 3883 2657 3926 vestro
2679 3876 2804 3944 quid
2833 3877 3147 3932 induamini.
3183 3879 3305 3932 Παῖς
3331 3881 3470 3932 enim
3519 3881 3697 3935 omnia

2127 3957 2311 4010 mundi
2339 3967 2511 4028 gentes
2559 3961 2855 4030 inquirunt.
2889 3961 2992 4017 Sed
3063 3966 3278 4034 quwrile
3335 3966 3564 4036 primum
3619 3983 3702 4018 rc-

2126 4064 2287 4120 gnum
2313 4048 2406 4101 Dei
2438 4059 2484 4102 et
2503 4051 2769 4120 justitiam
2803 4054 2935 4123 ejus,
2963 4061 3010 4106 et
3040 4055 3146 4108 hare
3175 4071 3349 4107 omnia
3375 4056 3703 4124 adjiciantur

2126 4140 2266 4193 vobis
2301 4140 2366 4192 ³⁵.
2399 4139 2684 4206 Quomodo
2705 4143 2869 4215 igitur
2905 4146 2958 4198 in
2990 4145 3235 4199 oratione
3259 4145 3491 4214 petenda
3517 4147 3704 4212 docet,

2126 4248 2248 4301 qum
2277 4249 2386 4286 non
2415 4235 2707 4303 qumrenda
2734 4237 2885 4308 prius
2915 4237 3303 4290 mandaverat?
3333 4237 3531 4306 Liquet
3553 4238 3704 4292 enim

2127 4323 2313 4378 verbis
2342 4325 2604 4378 orationis
2629 4342 2740 4379 non
2768 4327 3093 4396 praecepisse
3125 4327 3381 4396 petenda,
3435 4343 3556 4396 qua:
3603 4342 3708 4397 per

460 4414 522 4465 οὐ
578 4413 975 4483 προσέταττεν,
1015 4414 1157 4483 ἅπερ
1202 4412 1272 4464 δι’
1314 4411 1532 4480 ἐντολῆς
1564 4411 1745 4482 ζητεῖν
1785 4413 1844 4464 οὐ
1881 4431 2023 4483 παρ-

2132 4412 2444 4467 mandatum
2469 4415 2759 4483 quzerenda
2785 4431 2893 4470 non
2933 4415 3238 4470 admonuit.
3292 4415 3349 4468 ld
3403 4416 3550 4469 enim
3613 4433 3708 4470 so-

461 4503 641 4575 ῄνεσε.
678 4505 776 4557 Διὰ
825 4505 1135 4576 προσευχῆς
1164 4503 1273 4573 γὰρ
1307 4504 1468 4572 μόνον
1499 4503 1645 4556 ἐστὶν
1679 4504 1917 4575 αἰτητον,
1965 4503 2026 4557 τὸ

463 4598 580 4648 κατ’
613 4596 832 4665 ἐντολὴν
866 4595 1116 4666 ζητῆτόν.
1159 4597 1336 4665 Ὅπερ
1362 4593 1455 4648 οὖν
1494 4593 1677 4666 ζητεῖν
1703 4594 1770 4646 δι’
1809 4595 2026 4664 ἐντολῆς

459 4687 559 4741 υἰοκ
615 4687 1048 4756 ὲπετράπημεν,
1107 4685 1193 4740 διὰ
1255 4689 1562 4756 προσευχῆς
1603 4688 1806 4751 αἰτεῖν,
1865 4687 2025 4756 τυχὸν

462 4776 681 4846 θεμιτὸν
730 4777 790 4829 οὐ
842 4777 1200 4847 καθέστηκεν.
1263 4775 1324 4828 Εἰ
1374 4776 1430 4828 δὲ
1484 4777 1653 4847 μόνην
1692 4779 1876 4848 ζητεῖν
1928 4777 2024 4847 τὴν

463 4867 740 4936 βασιλείαν
769 4871 862 4922 τοῦ
889 4869 1022 4922 Θεοῦ
1050 4912 1065 4934 ,
1089 4870 1205 4921 ’καὶ
1239 4869 1344 4940 τῆν
1385 4870 1733 4939 δικαιοσύνην
1776 4871 1802 4920 ὁ
1831 4869 2021 4938 Σωτὴρ

461 4959 761 5011 ἐνετείλατο
787 4975 801 4988 ·
842 4958 1043 5030 ταύτην
1073 4959 1298 5022 εἰκότως
1345 4959 1440 5012 καὶ
1486 4959 1572 5010 διὰ
1605 4959 1911 5029 προσευχῆς
1937 4960 2020 5010 αἰ-

460 5052 588 5114 τεῖν,
627 5049 752 5112 τοὺς
791 5049 896 5102 τῶν
940 5050 1098 5103 θείων
1139 5050 1460 5120 ἐφιεμένους
1493 5049 1681 5120 δώρων
1710 5050 1974 5118 ἐνήγαγεν
2001 5063 2015 5076 ·

529 5180 574 5212 ³⁵
601 5181 757 5236 Joan.
790 5196 862 5243 v1,
887 5180 975 5234 55.
1053 5181 1096 5212 ³⁵
1127 5179 1318 5234 Matth.
1348 5196 1421 5243 vr,
1453 5179 1542 5234 25.
1568 5178 1658 5237 26.

534 5297 610 5363 (nl
646 5296 754 5363 Γῆς
783 5297 1162 5361 θνητότητος.
1190 5293 1368 5346 Vitam
1403 5293 1710 5353 mortalem,
1733 5308 1894 5361 quam
1921 5292 2022 5345 ho-

457 5368 566 5431 die,
595 5366 648 5419 id
686 5376 907 5432 (λείψει-
931 5365 1034 5417 hoc
1066 5363 1325 5417 saeculum
1359 5365 1572 5432 agimus
1598 5363 1804 5430 peccati
1831 5373 1984 5416 reatu
2005 5403 2019 5426 ,

459 5439 562 5492 r'te
598 5437 810 5502 accepit
831 5435 1100 5486 Maximus
1129 5451 1142 5484 :
1175 5440 1232 5485 at
1256 5447 1340 5485 nte
1392 5433 1525 5486 scite
1550 5432 1714 5486 Cord.
1773 5432 2024 5500 θεότητος

456 5506 730 5575 reposuit,
771 5503 1120 5575 reddirlitque
1145 5542 1158 5564 ,
1226 5512 1534 5575 promentem
1591 5503 1802 5575 deitatis
1841 5504 2025 5575 vitam.

457 5571 753 5645 sequentia
805 5574 873 5645 ah
925 5574 1014 5645 illa
1043 5585 1196 5645 voce,
1225 5571 1363 5641 πλὴν
1393 5575 1421 5624 ὁ
1464 5573 1562 5645 τὸνΔ
1609 5573 1773 5645 άρτον
1817 5573 2025 5645 τοῦτον,

462 5641 634 5715 usque
679 5645 744 5698 ad
773 5643 1018 5708 δέξασθαι
1078 5641 1321 5705 δύναται,
1365 5659 1488 5712 qua:
1533 5641 1847 5696 desiderant
1895 5643 2026 5710 Reg.

2122 4501 2403 4559 lummudo
2429 4521 2526 4574 per
2575 4507 2883 4561 oralionem
2935 4517 3183 4576 petamus
3239 4521 3418 4575 operae
3463 4507 3703 4574 pretium

2122 4606 2227 4660 est,
2259 4599 2415 4667 cujus
2479 4599 2757 4666 quaerendi
2813 4599 3018 4652 indicta
3083 4597 3338 4652 mandato
3406 4613 3534 4650 cura
3593 4609 3706 4652 est.

2124 4687 2279 4755 Quod
2309 4689 2476 4758 igitur
2511 4700 2898 4758 utquacramus
2960 4692 3215 4744 mandato
3272 4690 3523 4744 hortatus
3583 4705 3701 4742 non

2123 4790 2227 4844 cst,
2261 4781 2313 4833 id
2341 4780 2480 4835 forte
2513 4781 2696 4835 verbis
2722 4780 2989 4836 orationis
3042 4791 3099 4835 ut
3149 4791 3399 4850 petamus
3453 4780 3534 4833 fas
3585 4795 3698 4832 non

2128 4877 2231 4924 est.
2262 4869 2355 4924 Sin
2379 4879 2560 4924 autem
2595 4871 2768 4925 solum
2800 4887 3028 4941 regnum
3058 4872 3151 4924 Dei
3207 4880 3262 4924 et
3289 4869 3555 4940 justitiam
3583 4870 3709 4939 ejus-

2127 4961 2417 5029 qumrcmla
2445 4961 2900 5032 Salvatorjussit,
2939 4961 3005 5015 ad
3061 4961 3177 5014 lucc
3226 4960 3423 5014 merito
3474 4975 3706 5028 quoquc-

2124 5063 2224 5117 per
2256 5050 2560 5105 orationem
2595 5052 2849 5117 petenda,
2883 5067 2995 5113 cos,
3035 5051 3127 5120 qui
3173 5050 3486 5103 divinorum
3525 5050 3708 5104 donov

2116 5293 2252 5347 Ven.
2301 5293 2415 5354 Fr.,
2449 5307 2514 5346 ex
2541 5301 2730 5347 catena
2763 5301 3116 5351 mutuamur:
3147 5309 3249 5347 nec
3284 5295 3418 5348 forte.
3448 5296 3556 5348 sint
3587 5294 3710 5348 Μαί

2121 5363 2252 5416 ximi
2283 5371 2485 5422 textus.
2539 5364 2637 5415 sed
2674 5363 2757 5415 vel
2811 5363 3038 5433 alterius
3086 5365 3344 5426 auctoris,
3387 5367 3470 5419 vel
3529 5365 3712 5433 ipsius-

2121 5432 2336 5504 Maximi
2378 5432 2633 5504 usitatqu
2696 5432 2967 5504 scholium
2999 5473 3019 5504 ,ί
3061 5450 3171 5502 quo
3224 5435 3488 5502 spiritalis
3535 5432 3702 5504 hujus

2123 5502 2284 5582 panis
2329 5502 2648 5582 qualitatem
2680 5502 2959 5582 exponit,
3011 5503 3066 5557 id
3101 5515 3206 5582 est,
3240 5505 3469 5563 Christi.
3496 5502 3699 5582 qui—se

2126 5569 2241 5639 ipse
2279 5569 2624 5640 sumentibus
2680 5569 2960 5639 indulgeat
3001 5589 3097 5640 pro
3145 5574 3365 5628 illorum
3414 5569 3612 5629 merito
3643 5581 3705 5626 et

2129 5641 2256 5706 ﬁde,
2289 5656 2382 5695 seu
2409 5639 2652 5710 subjecta
2685 5639 3070 5711 dispositione.
