4134 6192
462 260 569 322 839

1631 258 1688 317 S.
1730 256 2015 317 ΜΑΧΙΜΙ
2055 256 2559 317 CONFESSORIS

3614 254 3719 321 900

456 383 575 421 rum
603 364 879 422 desiderio
934 374 1246 430 teneantur,
1306 365 1569 432 induxit;
1614 382 1726 435 quo
1770 366 2020 420 nimirum

2137 364 2223 418 ἵνα
2263 365 2373 417 τῶν
2415 364 2569 434 φύσει
2621 362 2872 435 ζητητῶν
2908 362 2994 416 διά
3055 362 3367 432 προσευχῆς
3413 362 3512 432 τὴν
3552 363 3713 433 χάριν

451 473 644 513 eorum
661 474 783 527 qua:
813 456 1081 513 orationis
1114 456 1379 511 instantia
1408 465 1607 510 natura
1639 456 1874 526 petenda
1896 465 2026 511 sunt

452 550 682 619 gratiam
709 548 982 610 sanciens,
1007 545 1315 616 petentium
1355 547 1625 613 animum,
1668 548 1842 618 ipsius
1888 563 2027 617 prte-

453 638 635 692 bentis
675 636 881 691 donum
921 635 1194 690 voluntati
1255 637 1499 707 copulet,
1546 637 1779 694 atl'ectus
1817 638 2026 693 unione

452 741 621 780 unum
649 739 776 779 cum
805 725 924 795 ipso
952 724 1233 787 effectum.

529 817 626 871 Sin
651 826 836 871 autem
863 818 1030 872 etiam
1062 833 1260 887 panem
1293 819 1702 888 quotidianum,
1741 834 1853 889 quo
1888 837 2029 891 prae-

450 923 577 963 sens
604 906 719 961 vita
760 917 950 961 nostra
1007 914 1350 963 sustentatur
1395 925 1458 964 ac
1497 919 1883 973 conservatur,
1928 923 2028 978 per

449 998 754 1053 orationem
777 1007 967 1067 petere
994 999 1276 1068 jubemur,
1312 1016 1382 1054 ne
1435 1000 1703 1055 orationis
1763 1000 2029 1054 terminos

447 1088 611 1159 360
641 1089 1035 1155 transiliamus,
1061 1091 1263 1143 multas
1291 1091 1453 1145 nobis
1510 1107 1783 1146 annorum
1838 1090 2025 1160 perio-

346 1170 350 1175 ’
448 1180 548 1234 dos
575 1196 739 1235 avaro
768 1179 952 1233 animo
982 1189 1374 1250 proponentes,
1433 1196 1497 1236 ac
1550 1181 1707 1235 obliti
1759 1195 1863 1235 nos
1904 1194 2026 1235 esse

451 1272 734 1334 mortales,
766 1272 995 1340 ejusque
1022 1272 1242 1342 generis
1267 1271 1380 1325 vita
1418 1271 1701 1341 prreditos,
1732 1286 1855 1339 qua:
1906 1284 2029 1323 um-

448 1360 559 1414 brae
586 1360 760 1414 instar
788 1368 1057 1426 transeat;
1086 1359 1180 1414 sed
1208 1375 1403 1429 panem
1448 1360 1543 1429 qui
1571 1360 1626 1413 in
1679 1359 1827 1413 diem
1876 1356 2028 1413 suili-

448 1450 558 1506 ciat
590 1451 742 1505 nulla
766 1451 1138 1507 sollicitudine
1165 1451 1373 1506 orando
1398 1450 1707 1522 ﬂagitemus
1732 1468 1746 1516 ;
1782 1451 2026 1518 talesque

446 1558 550 1597 nos
585 1559 654 1598 ex
706 1541 1035 1598 Christianae
1079 1539 1445 1612 pltilOSOph‘ne
1504 1556 1699 1595 norma
1754 1539 2025 1595 exhibea-

447 1652 592 1700 mus,
641 1637 734 1703 qui
781 1637 951 1691 vitam
996 1637 1189 1691 mortis
1248 1635 1665 1695 meditationem
1732 1634 2022 1700 faciamus,

2128 453 2480 526 ἐπικυρώσας
2504 494 2519 517 ,
2555 454 2653 524 τὴν
2686 452 2795 506 τῶν
2841 453 3135 507 αἰτούντων
3180 451 3406 524 γνώμην
3429 494 3444 517 ,
3489 452 3568 523 τῷ
3614 453 3710 507 τοῦ

2132 546 2507 616 παρεχομένου
2530 544 2628 615 τὴν
2644 546 2805 617 χάριν
2828 545 3039 617 συνάψῃ
3060 545 3347 619 θελήματι,
3369 545 3436 599 δι’
3463 545 3711 609 ὲνὼσεως

2130 636 2391 707 σχετικῆς
2420 638 2588 690 ταυτὸ
2616 637 2967 708 ποιουμένην

2199 812 2261 864 Εἰ
2309 811 2367 865 δὲ
2420 811 2517 864 καὶ
2567 811 2656 865 τὸν
2709 811 2988 882 ἐφήμερον
3024 811 3096 881 (ο)
3157 810 3342 901 ἄρτον,
3385 807 3429 882 ᾧ
3464 831 3713 886 συγκρα-

2128 901 2341 956 τεῖσθαι
2395 903 2637 971 πέφυκεν
2681 902 2903 974 ἡμῶνή
2948 903 3198 971 παροῦσα
3237 905 3371 976 ζωὴ,
3404 906 3493 959 διά
3540 924 3710 978 προσ-

2129 992 2295 1062 ευχῆς
2321 995 2491 1046 αίτεῖν
2521 993 2879 1063 κελευόμεθα.
2905 993 2979 1064 μὴ
3004 994 3363 1065 παρέλθωμεν
3389 997 3515 1060 τοὺς
3545 997 3705 1068 ὄρους

2129 1082 2230 1150 τῆς
2263 1084 2607 1153 προσευχῆς,
2662 1083 2861 1146 πολλὰς
2893 1084 3031 1137 ὲτῶν
3079 1086 3358 1155 περιόδους
3394 1087 3706 1148 πλεονεκτι-

2130 1172 2242 1235 κῶς
2278 1172 2761 1244 περισκοποῦντες,
2788 1174 2879 1227 καὶ
2904 1174 3159 1246 λάθωμεν
3184 1175 3335 1239 ὄντες
3368 1176 3575 1250 θνητοὶ,
3613 1182 3708 1234 καὶ

2130 1266 2288 1328 σκιᾶς
2326 1264 2482 1333 δίκην
2528 1265 2629 1335 τὴν
2664 1266 2809 1337 ζωὴν
2844 1267 3251 1335 παροδεύουσαν
3277 1268 3492 1339 ἔχοντες
3520 1288 3534 1302 ·
3567 1270 3709 1324 ἀλλὰ

2127 1355 2219 1408 τὸν
2247 1356 2380 1423 πρὸς
2414 1356 2630 1427 ἡμέραν
2664 1357 3114 1429 ἀπεριμερίμνως
3142 1359 3230 1413 διὰ
3265 1360 3363 1430 τῆς
3398 1366 3707 1434 προσευχῆς

2128 1448 2440 1518 αἰτήσωμεν
2477 1449 2640 1519 ἄρτον
2660 1465 2674 1479 ·
2698 1452 2792 1503 καὶ
2813 1451 3078 1521 δείξωμεν
3113 1452 3196 1504 ὅτι
3226 1452 3531 1522 φιλοσόφως
3562 1454 3706 1509 κατὰ

2128 1539 2364 1612 Χριστὸν
2401 1541 2633 1614 μελέτην
2665 1542 2897 1597 θανάτου
2945 1543 3036 1596 τὸν
3088 1543 3203 1614 βίον
3249 1545 3582 1615 ποιούμεθα,
3632 1551 3700 1619 τῇ

2129 1632 2324 1706 γνώμῃ
2352 1632 2645 1701 φθάνοντες
2674 1634 2773 1705 τὴν
2800 1634 2981 1704 φύσιν,
3017 1634 3114 1687 καὶ
3145 1637 3274 1706 πρῖν
3304 1636 3589 1708 ἐπιστῆναι
3612 1638 3703 1691 τὸν

446 1729 629 1782 animo
655 1728 964 1798 mentisque
1016 1727 1291 1783 sententia
1350 1734 1688 1796 occupantes
1732 1734 2020 1791 naturam;

2132 1721 2361 1777 θάνατον
2381 1764 2395 1789 ,
2440 1724 2541 1793 τῆς
2572 1726 2681 1778 τῶν
2727 1726 3056 1796 σωματικῶν
3101 1728 3369 1799 μερίμνης
3400 1728 3497 1800 τὴν
3527 1728 3703 1801 ψυχὴν

444 1834 510 1874 ac
540 1819 859 1888 priusquam
892 1833 1040 1872 mors
1072 1817 1346 1881 adveniat,
1386 1831 1417 1869 a
1445 1815 1592 1871 curis
1642 1815 2026 1884 corporalibus

445 1909 691 1971 animum
719 1908 1121 1971 abscindentes,
1144 1923 1213 1961 ne
1242 1907 1331 1961 ille
1363 1907 1529 1961 rebus
1577 1921 1697 1975 quae
1750 1906 2027 1960 intereunt

447 1998 792 2063 inluerescat,
831 1997 1097 2053 naturalis
1126 2012 1286 2053 usum
1319 1995 1637 2065 cupiditatis
1678 2004 2039 2075 terrenarum.

445 2089 723 2144 desiderio
799 2095 1178 2153 commutatis;
1239 2086 1635 2154 avaritiamque
1701 2082 2021 2145 condiscat,

445 2196 553 2251 qua
602 2180 915 2234 divinorum
943 2179 1101 2233 nobis
1126 2178 1393 2233 bonorum
1430 2175 1707 2231 ailluentia
1747 2174 2020 2229 dematur.

517 2283 813 2353 Fugiamus
868 2296 1020 2352 ergo,
1079 2291 1283 2351 quanta
1327 2279 1489 2335 nobis
1543 2279 1790 2343 facultas,
1840 2291 2022 2332 rerum

448 2383 796 2431 terrenarum
821 2388 1088 2435 amorem,
1115 2388 1414 2441 earumque
1450 2372 1838 2441 procliviorem
1891 2368 2023 2423 affe-

445 2476 595 2520 ctum
620 2465 793 2518 instar
827 2462 1072 2533 pulveris
1097 2462 1165 2516 ab
1186 2461 1355 2516 animi
1395 2463 1572 2516 oculis
1598 2461 1978 2530 abstergamus
2002 2475 2018 2525 ;

444 2558 610 2625 atque
633 2555 701 2610 iis
721 2553 851 2610 solis
874 2553 1119 2611 contenti
1146 2554 1340 2617 simus,
1372 2569 1492 2622 quae
1530 2561 1858 2623 praesentem
1874 2567 2017 2606 sus-

450 2655 665 2702 tentant
715 2646 903 2707 vitam,
936 2659 1045 2701 non
1068 2644 1274 2713 quibus
1327 2644 1418 2697 illa
1451 2643 1519 2698 ad
1554 2643 1826 2698 luxuriam
1874 2641 2022 2696 dele-

442 2747 657 2803 ctatur;
679 2752 781 2806 pro
797 2735 1090 2807 ejusmodi,
1118 2736 1193 2789 ita
1213 2744 1270 2790 ut
1295 2735 1441 2789 docti
1469 2751 1678 2799 sumus,
1698 2736 1869 2791 Deum
1899 2719 2045 2791 ore-.

445 2844 586 2891 mus,
618 2842 728 2896 quo
760 2825 994 2879 liberum
1021 2825 1217 2894 suique
1238 2824 1464 2880 omnino
1494 2825 1655 2896 juris,
1689 2825 1824 2881 nulli
1862 2841 2021 2896 pror-

443 2936 538 2975 sus
568 2920 644 2974 rei
684 2918 1009 2989 aspectabili
1040 2918 1288 2987 corporis
1315 2918 1621 2973 sollicitiori
1648 2933 1781 2973 cura
1823 2917 2017 2973 devin-

443 3021 592 3066 ctum
620 3025 683 3065 ac
710 3010 1101 3079 mancipatum,
1128 3009 1374 3063 animum
1422 3024 1645 3064 servare
1688 3008 1963 3079 possimus
1997 3028 2013 3064 :
2041 3030 2084 3089 ρ

444 3101 852 3172 ριοοόεῐηυηιιιε
880 3115 947 3155 eo
977 3099 1144 3155 edere
1171 3107 1231 3154 ut
1258 3099 1527 3163 vivamus,
1554 3115 1667 3153 non
1692 3107 1753 3152 ut
1785 3098 2016 3154 edamus

442 3191 625 3245 vivere
655 3203 947 3260 arguamur
983 3205 998 3242 :
1029 3187 1263 3242 alterum
1288 3202 1526 3258 namque
1547 3188 1668 3259 ejus
1698 3194 1911 3242 natura:
1934 3194 2019 3242 est

440 3291 605 3353 atque
631 3281 735 3345 vis,
756 3296 877 3350 quae
906 3280 1120 3336 ratione
1142 3281 1385 3351 regitur;
1408 3280 1645 3334 alterum
1666 3279 1786 3349 ejus
1806 3277 2019 3348 perspi-

441 3392 544 3432 cue
568 3374 854 3444 proprium
875 3381 981 3439 est,
1000 3388 1121 3443 qua:
1140 3371 1352 3426 nullum
1372 3368 1602 3424 rationis
1629 3374 1887 3439 agnoscat
1917 3366 2020 3420 im—

440 3467 675 3539 perium.
691 3466 983 3536 Simusquo
997 3464 1263 3520 orationis
1279 3462 1569 3534 diligentes
1587 3459 1864 3524 custodes,
1886 3458 2019 3529 ipsis

442 3560 739 3631 prodentes
752 3558 1034 3629 operibus,
1053 3571 1216 3611 unam
1242 3570 1343 3610 nos
1360 3571 1425 3610 ac
1447 3555 1617 3609 solam
1647 3553 1893 3607 tenacius
1904 3567 2020 3607 am-

443 3651 606 3722 plecti
626 3651 816 3715 vitam,
868 3663 988 3719 qua:
1031 3648 1087 3702 in
1132 3647 1331 3718 spiritu
1359 3645 1576 3717 agitur;
1622 3644 1834 3714 hacque
1877 3643 2017 3698 adeo

442 3743 576 3815 (vita
615 3740 845 3812 scilicet)
876 3740 1088 3810 aevique
1115 3739 1300 3811 hujus,
1329 3737 1435 3802 uti,
1464 3746 1527 3792 ut
1562 3736 1711 3792 illam
1734 3751 2018 3805 compare-

441 3848 599 3899 mus;
623 3836 783 3905 cujus
805 3831 998 3902 gratia,
1028 3830 1177 3885 illius
1212 3830 1482 3885 hactenus
1513 3827 1837 3883 adamamus
1885 3842 2019 3881 usu-

441 3908 579 3989 ram’,
611 3933 672 3978 ut
694 3924 812 3979 solo
836 3937 957 3981 eam
981 3937 1120 3992 pane
1151 3930 1462 3977 sustentare
1509 3934 1622 3973 non
1670 3932 2012 3983 recusemus,

439 4019 495 4065 ct
525 4019 586 4064 ut
611 4011 784 4080 ipsius
820 4010 1044 4064 illaesam
1088 4008 1484 4071 valetudinem,
1536 4015 1802 4077 quantum
1851 4007 2017 4061 licue-

440 4102 513 4156 rit
534 4116 848 4168 servemus;
866 4112 977 4155 non
1014 4110 1073 4155 ut
1094 4102 1363 4165 vivamus,
1387 4099 1481 4154 sed
1513 4108 1573 4153 ut
1596 4100 1709 4154 Deo
1729 4098 2012 4165 vivamus;

438 4209 641 4264 corpus
660 4194 947 4257 nimirum,
983 4192 1206 4247 virtutis
1246 4191 1421 4262 probe
1447 4191 1754 4245 rationibus
1791 4190 2013 4245 institu-

2128 1814 2532 1884 ἀποτέμνοντες
2558 1831 2571 1844 ’
2608 1816 2696 1869 ἵνα
2743 1816 2819 1887 μὴ
2868 1817 3195 1890 προσηλωθῇ
3242 1822 3355 1880 τοῖς
3409 1819 3701 1892 φθειρομέ-

2129 1923 2260 1970 νοις,
2288 1907 2570 1977 ἀμείψασα
2606 1909 2742 1977 πρὸς
2773 1908 2869 1980 τὴν
2909 1908 3042 1979 ὕλην
3075 1910 3173 1982 τὴν
3208 1911 3405 1985 χρῆσιν
3434 1915 3533 1984 τῆς
3561 1913 3701 1968 κατά

2128 1998 2290 2067 φύσιν
2326 1999 2588 2068 ἐφέσεως,
2620 2000 2715 2053 καὶ
2766 2001 2912 2073 μάθῃ
2945 2001 3259 2070 πλεονεξίαν
3280 2004 3379 2075 τῆς
3405 2005 3513 2058 τῶν
3540 2004 3702 2060 θείων

2107 2088 2348 2157 ,ἀγαθῶν
2377 2092 2694 2162 περιουσίας
2740 2096 3088 2167 στερητικήν.

2195 2266 2463 2337 Φὺγωμεν
2487 2261 2600 2328 οὖν,
2638 2264 2738 2338 ὅση
2771 2266 3021 2339 δύναμις,
3049 2269 3149 2341 τὴν
3191 2269 3373 2339 φιλίαν
3411 2272 3511 2339 τῆς
3540 2270 3692 2342 ὕλης,

2128 2356 2224 2411 κα).
2245 2357 2344 2429 τὴν
2374 2355 2545 2425 αὐτῆς
2572 2358 2756 2427 σχέσιν
2783 2357 3033 2432 καθάπερ
3058 2364 3333 2433 κονιορτὸν
3356 2362 3466 2416 τῶν
3493 2382 3576 2418 νοε
3587 2365 3694 2435 ρῶν

2123 2449 2390 2519 ὀμμάτων
2442 2446 2873 2520 ἀπονιψώμεθω
2944 2452 3040 2529 καὶ
3102 2453 3283 2522 μόνοις
3338 2454 3694 2525 ἀρκεσθῶμεν

2122 2543 2236 2605 τοῖς
2264 2540 2608 2606 συνιστῶσιν,
2654 2542 2788 2607 ἀλλά
2820 2543 2895 2614 μὴ
2924 2547 3039 2608 τοῖς
3085 2544 3366 2615 ὴδόνουσιν
3407 2546 3563 2618 ἡμῶν
3593 2545 3690 2619 τὴν

2123 2629 2402 2700 παροῦσαν
2433 2627 2609 2702 ζωήν·
2653 2633 2749 2684 καὶ
2784 2632 2927 2704 ὑπὲρ
2964 2634 3145 2687 αὐτῶν
3176 2636 3267 2690 τὸν
3291 2635 3445 2701 Θεὸν,
3480 2638 3555 2700 ὡς
3585 2638 3694 2691 ὲδι·

2120 2719 2432 2792 δάχθημεν,
2486 2723 2848 2797 ἀξιώσωμεν,
2901 2728 2990 2782 ἵνα
3042 2726 3357 2801 δυνηθῶμεν
3389 2730 3688 2785 ἀδούλωτον

2122 2811 2352 2880 φυλάξαι
2386 2814 2482 2886 τὴν
2529 2815 2710 2887 ψυχὴν
2733 2857 2748 2882 ,
2799 2818 2991 2889 μηδενὶ
3023 2819 3132 2873 τῶν
3178 2821 3471 2894 ὁρωμένων
3502 2824 3589 2878 διὰ
3628 2823 3691 2878 es

2123 2904 2280 2975 σῶμα
2321 2907 2600 2970 παντελῶς
2630 2911 3041 2982 κρατουμένην
3094 2916 3189 2966 καὶ
3238 2914 3331 2968 τοῦ
3360 2915 3458 2988 ζῇν
3504 2917 3689 2970 ἕνεκεν

2120 2998 2420 3070 δειχθῶμεν
2458 3000 2765 3068 ἐσθίοντες,
2820 3004 2956 3058 ἀλλά
3001 3006 3076 3076 μὴ
3134 3005 3228 3061 τοῦ
3275 3007 3475 3063 ὲσθίειν
3529 3012 3689 3082 χάριν

2121 3089 2326 3156 ζῶντες
2357 3092 2724 3165 ἐλεγχθῶμεν.
2764 3096 2837 3149 Τὸ
2874 3098 2973 3168 μὲν
3002 3098 3111 3170 γάρ
3137 3098 3385 3170 λογικῆς,
3412 3101 3474 3155 τὸ
3507 3102 3563 3155 δὲ
3591 3104 3692 3172 τῆς

2121 3181 2320 3250 ἀλόγου
2353 3183 2541 3251 σαφῶς
2575 3184 2704 3239 ίδιον
2754 3187 3059 3260 καθέστηκε
3102 3190 3335 3259 φύσεως.
3381 3193 3490 3245 Καὶ
3518 3193 3690 3261 φύλα-

2122 3288 2215 3334 κες
2261 3265 2413 3342 ὦμεν
2452 3274 2552 3344 τῆς
2589 3278 2897 3348 προσευχῆς
2934 3280 3219 3349 ἀκριϐεῖς,
3256 3282 3324 3336 δι’
3353 3284 3533 3337 αὐτῶν
3576 3285 3688 3339 δει-

2120 3363 2378 3432 κνύμενοι
2400 3364 2514 3419 τῶν
2540 3368 2904 3438 πραγμάτων,
2935 3371 3016 3425 ὅτι
3048 3374 3177 3442 μιᾶς
3204 3375 3298 3429 καὶ
3325 3376 3492 3446 μόνης
3521 3378 3689 3448 ἀπρῖξ

2118 3453 2456 3526 ἀντεχόμεθα
2485 3457 2588 3528 τῆς
2634 3461 2691 3514 ὲν
2736 3461 3009 3533 πνεύματι
3054 3464 3239 3537 ζωῆς,
3291 3469 3386 3520 καὶ
3426 3470 3559 3541 πρὸς
3592 3470 3690 3542 τὴν

2118 3545 2289 3618 αὑτὴν
2320 3548 2515 3618 κτῆσιν
2541 3550 2641 3619 τῆς
2682 3552 2962 3624 παρούσης
2995 3555 3197 3627 [marg.
3241 3556 3387 3628 ζωῆς
3410 3559 3685 3633 δηλονότι]

2118 3636 2217 3707 τὴν
2253 3639 2450 3710 χρῆσιν
2480 3641 2783 3713 ποιούμεθα
2809 3660 2822 3671 ·
2856 3645 2926 3698 δι’
2968 3647 3035 3717 ἢν
3063 3648 3318 3703 τοσοῦτον
3361 3651 3459 3722 τὴν
3485 3652 3688 3724 ταύτης

2120 3729 2421 3800 στέργομεν
2464 3734 2679 3802 χρῆσιν,
2724 3736 2848 3789 ὅσον
2886 3737 3036 3809 ἄρτῳ
3065 3740 3268 3812 ταύτην
3304 3744 3451 3814 μόνῳ
3494 3749 3687 3817 στηρί-
3732 3732 3747 3751 ¹

2118 3816 2234 3881 ζειν
2290 3820 2366 3893 μὴ
2427 3825 2856 3894 παραιτεῖσθαι,
2908 3831 3004 3884 καὶ
3067 3832 3165 3903 τὴν
3213 3833 3385 3902 αὐτῆς
3449 3836 3686 3908 φυσικὴν

2117 3908 2328 3974 εὐεξίαν
2379 3913 2669 3981 φυλάττειν
2721 3917 2846 3970 ὅσον
2897 3918 2958 3972 τὸ
3005 3920 3091 3991 ἐφ’
3146 3924 3274 3994 ἡμῖν
3325 3924 3682 3997 ἀδιάφθορον·

2117 4002 2216 4072 οὐχ
2245 4004 2330 4056 ἵνα
2376 4004 2558 4074 ζῶμεν
2578 4048 2592 4071 ,
2635 4007 2752 4061 ἀλλ’
2779 4010 2865 4063 ἵνα
2903 4011 3022 4082 Θεῷ
3055 4013 3235 4086 ζῶμεν
3256 4030 3271 4046 ’
3303 4016 3481 4088 ψυχῆς
3510 4017 3677 4084 ἀγγε-

2116 4090 2207 4146 λον
2231 4094 2293 4147 τὸ
2319 4093 2479 4165 σῶμα
2504 4097 2872 4164 καθιστῶντες
2894 4100 3273 4176 λελογισμένον
3294 4111 3412 4171 ταῖς
3435 4109 3678 4178 ἀρεταῖς,

2110 4183 2210 4236 καὶ
2236 4183 2438 4256 ταύτην
2459 4188 2594 4240 Θεοῦ
2625 4189 2845 4261 κήρυκα
2876 4191 3157 4260 ποιοῦντες
3183 4199 3248 4268 τῇ
3279 4199 3405 4268 περὶ
3432 4198 3494 4252 τδ
3519 4200 3684 4253 καλὸν

442 4299 577 4351 ιιιηι,
610 4287 805 4341 animae
832 4286 1089 4340 nuntium
1142 4283 1471 4351 elﬁcientes;
1508 4284 1855 4354 animamque
1914 4283 2016 4338 lio—

2121 4278 2405 4348 παγιότητι
2450 4281 2877 4354 πεποιωμένηΨ
2914 4286 3007 4338 καὶ
3053 4286 3241 4341 τοῦτον
3289 4292 3388 4361 μιᾷ
3439 4291 3683 4359 φυσικῶς

438 4380 578 4433 nesti
615 4378 922 4433 constantia
950 4377 1236 4441 imbutam,
1265 4376 1360 4431 Dei
1396 4391 1700 4446 praeconem
1746 4384 2010 4446 praestanv

2121 4370 2299 4441 ἡμέρᾳ
2354 4371 2757 4442 περικλείοντες
2799 4374 2890 4427 τὸν
2934 4376 3137 4447 ἄρτονο
3191 4379 3328 4451 ὑπὲρ
3385 4382 3550 4435 αὐτοῦ
3607 4384 3680 4455 μὴ

440 4477 526 4523 tcs
551 4485 563 4520 :
592 4474 756 4535 atque
789 4466 937 4520 hunc
972 4466 1136 4520 unico
1165 4465 1255 4519 die
1283 4480 1484 4535 panem
1536 4474 1734 4520 natura
1789 4464 2014 4519 conclu-

437 4558 669 4622 dentes;
699 4557 841 4627 ejus,
880 4557 976 4627 qui
1005 4557 1312 4611 orationem
1362 4556 1590 4611 tradidit
1641 4556 1853 4626 pudore
1913 4555 2013 4610 de-

440 4645 638 4710 territi,
664 4662 732 4700 ne
769 4646 824 4700 in
849 4646 1082 4700 alterum
1115 4646 1259 4700 diem
1306 4646 1764 4715 supplicationem
1822 4651 2015 4698 exten-

435 4738 649 4793 damus.
679 4736 770 4792 Sic
793 4736 941 4792 enim
960 4737 1164 4806 reipsa,
1201 4752 1302 4807 pro
1329 4752 1395 4792 eo
1416 4753 1481 4791 ac
1519 4734 1790 4791 orationis
1834 4735 2013 4789 virtus

437 4828 606 4899 exigit
651 4845 751 4884 nos
804 4829 953 4899 ipsos
1015 4828 1394 4897 disponendo,
1456 4828 1524 4882 ad
1550 4828 1790 4897 reliquas
1844 4825 2012 4899 etiam

439 4921 584 4974 clare
625 4920 931 4975 sententias
1005 4920 1196 4975 licebit
1234 4920 1556 4989 procedere,
1616 4928 1678 4973 ut
1708 4916 1958 4972 dicamus
1993 4935 2007 4972 :

506 5010 663 5085 361
702 5010 770 5064 Et
803 5012 1005 5065 dimitte
1038 5010 1180 5065 nobis
1215 5010 1388 5065 debita
1424 5018 1604 5064 nostra
1625 5050 1639 5075 ,
1668 5010 1801 5063 sicut
1833 5016 1881 5061 et
1915 5022 2010 5063 nos

437 5102 743 5157 dimittimus
775 5103 1087 5156 debitoribus
1116 5104 1329 5156 nostris.

505 5193 607 5260 Qui
649 5194 801 5264 juxta
846 5194 1083 5264 priorem
1127 5193 1426 5264 superioris
1465 5192 1752 5248 sententiae
1784 5206 2006 5246 sensum

507 5368 578 5440 (ο)
609 5371 716 5422 Καὶ
752 5371 859 5423 τὸν
899 5370 1216 5440 ἐφήμερον.
1279 5371 1463 5426 Altera
1494 5369 1786 5440 expositio,
1822 5377 1883 5423 ut
1933 5369 2005 5423 sit

437 5440 603 5493 etiam
649 5440 843 5509 petilio
890 5442 1068 5510 panis,
1099 5457 1206 5510 quo
1255 5449 1596 5510 sustentatur
1642 5440 2005 5509 corporaliter

434 5509 541 5580 vita
580 5508 856 5575 mortalis;
888 5508 980 5564 sed
1008 5508 1398 5580 itajduntaxat,
1430 5521 1489 5566 ut
1517 5508 1584 5565 sit
1624 5508 1957 5580 quotiaianm
1987 5525 2004 5576 ;

437 5576 488 5629 id
513 5586 631 5651 est,
660 5588 737 5651 ut
754 5596 854 5651 nos
872 5596 980 5651 non
1002 5578 1181 5634 trahat
1198 5580 1253 5634 in
1275 5582 1434 5649 longa
1460 5576 1704 5650 tempora
1715 5582 1836 5651 ejus
1847 5594 2002 5641 cura,

433 5645 526 5701 sed
553 5649 799 5716 quotidie
827 5650 919 5704 illo
940 5651 1104 5705 obvio
1137 5645 1601 5715 contenti'simus',
1643 5645 2001 5719 qui‘mortem

2112 4461 2418 4532 τολμῶντες
2464 4464 2545 4527 εἰς
2582 4464 2841 4536 δευτέραν
2873 4467 3086 4538 ἡμέραν
3110 4469 3198 4523 διὰ
3230 4472 3319 4525 τὸν
3357 4473 3559 4542 δοτῆρα
3582 4475 3682 4546 τῆς

2114 4555 2424 4626 προσευχῆς
2477 4556 2787 4610 ἐπεκτεῖναι
2836 4557 2936 4629 τὴν
2983 4558 3187 4631 δέησιν.
3251 4562 3406 4616 Οὕτω
3460 4565 3569 4636 γάρ
3619 4566 3684 4620 ἄν

2116 4645 2517 4717 πραγματικῶς
2568 4647 2714 4701 κατὰ
2766 4648 2865 4720 τὴν
2924 4649 3152 4721 δύναμιν
3205 4652 3308 4722 τῆς
3373 4656 3686 4728 προσευχῆς

2114 4737 2339 4801 ἑαυτοὺς
2368 4739 2666 4804 διαθέντες,
2686 4740 3047 4814 δυνηθείημεν
3076 4744 3171 4797 καὶ
3200 4748 3314 4809 τοῖς
3342 4746 3687 4819 λειπομένοις

2116 4829 2367 4902 καθαρῶς
2395 4831 2699 4902 προσϐῆναι
2729 4834 2934 4903 ῥητοῖς,
2966 4834 3296 4903 φάσκοντες·

2185 5005 2295 5060 Καὶ
2332 5003 2482 5073 ἄφες
2518 5003 2663 5074 ἡμῖν
2707 5005 2780 5059 τὰ
2808 5007 3180 5076 ὀφειλήματα
3213 5007 3408 5079 ἡμῶν,
3457 5010 3540 5076 ὡς
3589 5011 3687 5067 καί

2115 5096 2288 5166 ἡμεῖς
2313 5096 2564 5164 ἀφίεμεν
2592 5095 2717 5161 τοῖς
2747 5095 3080 5164 ὀφειλέταις
3109 5095 3298 5167 ἡμῶν.

2139 5230 2143 5234 .
2196 5189 2255 5242 '0
2282 5186 2425 5241 κατά
2455 5185 2554 5240 τὴν
2608 5185 2833 5258 πρώτην
2871 5188 2975 5258 τῆς
2999 5188 3093 5241 τοῦ
3126 5189 3487 5261 προλαϐόντος
3516 5189 3680 5263 ρητοῦ

2108 5366 2314 5438 iugiter
2337 5365 2691 5441 meditemur.
2719 5364 2840 5441 Cat.
2887 5368 3157 5441 mendose
3188 5369 3413 5441 adjecta,
3432 5366 3680 5441 negativa

2111 5436 2335 5509 sensum
2368 5436 2588 5506 penitus
2618 5436 2873 5502 destruit,
2904 5454 2978 5509 ac
3000 5440 3159 5508 quasi
3208 5436 3371 5509 neget
3397 5436 3680 5509 Maximus,

2111 5507 2278 5579 etiam
2302 5521 2430 5579 eum
2460 5521 2680 5579 panem,
2709 5521 2777 5561 ea
2791 5506 3170 5579 moderatione
3198 5521 3256 5564 et
3288 5506 3634 5579 philosophia
3658 5545 3676 5569 ,

2113 5577 2166 5699 illi
2197 5576 2446 5700 ogatione
2480 5576 2777 5647 petendum
2803 5594 2818 5631 :
2845 5578 2990 5647 quod
3023 5594 3187 5632 nemo
3218 5576 3386 5633 sanus
3415 5580 3578 5642 dicat,
3614 5590 3683 5631 ac

2157 5660 2242 5699 reo
2263 5661 2418 5700 oens.

2113 5655 2418 5716 theologus.
