4134 6192
421 166 520 233 ιλιι

420 277 653 348 θεωρίας
702 277 981 351 ἐπιδοίην,
1012 287 1152 333 κατὰ
1188 277 1277 330 τὸν
1309 277 1480 330 αἰῶνα
1510 277 1719 340 τοῦτον,
1749 272 1811 330 οὗ
1843 277 1982 346 σύμ-

2087 290 2151 330 ac
2188 278 2615 351 expositionem,
2652 282 2707 334 in
2752 281 2951 337 sae-culo
2995 282 3127 347 hoc,
3165 283 3323 355 cujus
3359 287 3664 359 symbolum
3766 310 3767 313 η

419 367 575 422 ϐολον
603 364 742 423 εἶναι
772 370 832 422 τὸ
865 371 1103 441 σήμερον
1133 369 1366 441 ἐςαμεν,
1396 369 1489 421 τὸν
1519 368 1796 439 ἄφθαρτον
1828 368 1992 439 ἀρτον

418 465 517 530 τῆς
551 461 761 530 σοφίας,
809 457 871 516 οἵ)
904 460 1184 533 καταρχὰς
1216 460 1531 530 διετείχισεν
1575 461 1722 529 ἡμᾶς
1748 461 1781 529 ἡ
1816 459 1994 530 παρά-

416 551 596 617 ϐασις,
622 552 709 607 διὰ
742 555 1047 623 προσευχῆς
1079 551 1373 624 ἐπιζητῶν,
1405 551 1499 605 an
1532 552 1596 621 δὴ
1641 552 1770 622 μίαν
1798 551 1993 623 ήδονὴν

418 643 782 713 ἐπιστάμενος
813 643 909 713 τὴν
935 642 1044 695 τῶν
1070 641 1232 695 θείων
1261 641 1570 711 ἐπιτυχίαν,
1600 636 1666 714 ἦς
1700 640 1864 711 δοτὴρ
1892 640 1991 711 μὲν

417 734 560 790 κατά
589 735 751 803 φύσιν
792 734 939 788 ἐστὶν
968 736 996 787 ὁ
1022 732 1153 798 Θεός
1178 749 1193 764 ο
1229 729 1407 803 φύλαξ
1432 732 1489 786 δὲ
1533 732 1673 786 κατά
1711 731 1930 801 θέλησιν
1956 734 1990 804 ἡ

418 825 513 879 τοῦ
560 824 820 889 λαϐόντος
862 825 1218 897 προαίρεσις·
1264 824 1357 877 καλ⁵
1410 824 1538 894 μίαν
1581 822 1776 892 ὀδύνην
1812 822 1988 886 είδὼς,

417 917 515 989 τὴν
554 916 762 971 τούτων
817 917 1150 987 ἀποτυχίαν,
1205 910 1274 986 ἦς
1314 914 1616 977 ὑποϐολεὺς
1650 915 1751 985 μέν
1784 916 1934 968 ἐστιν
1962 916 1990 968 ὁ

417 1007 659 1072 διάϐολος
679 1025 694 1038 ⁸
720 1008 1022 1079 αὐτουργὸς
1047 1007 1123 1071 δὲ,
1150 1010 1259 1072 πᾶς
1284 1008 1312 1060 ὁ
1340 1006 1448 1060 τῶν
1475 1006 1633 1060 θείων
1672 1005 1739 1059 δι’
1771 1006 1989 1060 ἀτονίαν

417 1099 640 1170 γνώμης
663 1100 1114 1170 ἀποκαμνόμενος
1138 1097 1301 1171 [γεη.
1321 1109 1368 1154 et
1388 1097 1477 1151 Fr.
1504 1096 1985 1170 ἀποκναιόμενος]’

422 1189 497 1263 μὴ
532 1189 815 1259 φυλάττων
857 1189 917 1242 τὸ
944 1189 1125 1260 τίμιον
1153 1190 1379 1265 γνώμης
1419 1189 1655 1243 διαθέσει
1690 1192 1990 1261 στεργόμε-

418 1298 544 1336 νονο
588 1281 725 1351 πρὸς
769 1279 921 1334 οὐδὲν
964 1279 1101 1351 ἔχων
1137 1279 1247 1332 τῶν
1301 1279 1592 1351 ὁρωμένων
1622 1278 1895 1349 ῥέπουσαν
1928 1278 1988 1332 τὸ

422 1371 639 1426 σύνολεν
666 1370 765 1442 τὴν
793 1370 1114 1441 προαίρεσιν
1140 1410 1155 1435 ,
1194 1371 1295 1423 καὶ
1335 1368 1422 1421 διὰ
1472 1367 1631 1421 τοῦτο
1658 1370 1769 1431 τοῖς
1802 1384 1988 1439 σωμα-

417 1462 584 1527 τικῶς
634 1454 782 1533 αὐτῷ
829 1461 1188 1532 συμϐαίνουσι
1243 1460 1507 1531 λυπηροῖς
1560 1460 1658 1530 οὐχ
1707 1459 1988 1528 ὑπαγόμε-

422 1570 507 1617 νος
530 1551 604 1623 (ϐ)
626 1568 642 1583 ο
674 1544 828 1615 οὗτος
870 1551 946 1615 ώς
985 1548 1202 1621 άληθῶς
1224 1591 1239 1615 ,
1271 1548 1498 1612 ἀπαθῶς
1528 1550 1720 1622 ἀφίησι
1753 1553 1864 1613 τοῖς
1906 1551 1986 1613 είς

415 1644 581 1701 αὑτὸν
614 1642 1019 1721 ἁμαρτάνουσιν
1042 1657 1057 1677 ⁸
1095 1642 1178 1700 ότι
1211 1640 1345 1717 μηδὲ
1372 1641 1433 1694 τὸ
1466 1640 1587 1697 κατ’
1622 1641 1808 1713 ἔφεσιν
1833 1640 1982 1712 αὐτῷ

419 1737 856 1810 σπουδαζόμενον
895 1722 1117 1792 δύναταί
1144 1754 1229 1801 τις
1258 1737 1319 1790 τὸ
1362 1737 1622 1809 παράπαν
1669 1733 1983 1806 χειροῦσθαι

418 1830 624 1895 καλὸν,
681 1829 955 1883 ἀνάλωτον
1006 1827 1149 1883 κατά
1183 1827 1345 1897 φύσιν
1390 1828 1984 1898 ὑπάρχειν-πεπιστευ-

425 1922 604 1991 μένον.
653 1923 761 1976 Kal
790 1921 867 1994 τῷ
894 1921 1013 1991 Θεῷ
1058 1920 1379 1991 καθίστησιν
1425 1919 1616 1974 ἑαυτὸν
1656 1920 1857 1990 ἀρετῆς
1899 1917 1985 1984 ἐξ·

426 2002 767 2083 εμπλάριον,
824 2012 872 2063 εἰ
918 2010 1078 2064 τοῦτο
1112 2009 1269 2079 θέμις
1310 2012 1518 2072 εἰπεῖν,
1568 2010 1704 2080 πρὸς
1751 2009 1984 2080 μίμησιν

426 2103 616 2156 ἑαυτοῦ
650 2101 740 2155 τὸν
769 2101 1044 2173 ἀμίμητον
1089 2101 1263 2155 ἐλθεῖν
1292 2102 1740 2173 ἐγκελευόμενος,
1787 2101 1980 2165 λέγων·

424 2196 607 2262 Ἄφες
630 2192 775 2263 ἡμῖν
800 2196 872 2246 τὰ
916 2192 1282 2263 ὀφειλήματα
1324 2190 1493 2260 ἡμῶν
1516 2232 1531 2256 ,
1573 2193 1653 2257 ὡς
1680 2190 1777 2245 καὶ
1814 2190 1985 2261 ἡμεῖς

420 2284 673 2353 ἀφίεμεν
720 2286 845 2350 τοῖς
882 2282 1216 2351 ὀφειλέταις
1251 2285 1454 2353 ἠμῶν-
1511 2284 1607 2337 κα)⁵
1663 2280 1775 2346 οἷος
1821 2285 1986 2347 αὐτὸς

422 2370 612 2440 γέγονε
634 2373 745 2433 τοῖς
772 2370 963 2434 πέλας,
993 2364 1052 2424 οἷ
1072 2369 1325 2439 γενέσθαι
1354 2370 1695 2443 παρακαλῶν
1718 2373 1808 2424 τὸν
1828 2370 1981 2426 Θεόν.

423 2463 487 2516 Et
513 2462 623 2535 γὰρ
648 2462 721 2526 ὡς
748 2461 910 2525 αὐτὸς
926 2462 1107 2533 ἀφῆκε
1133 2461 1202 2515 τὰ
1221 2462 1565 2533 ὀφειλήματα
1585 2465 1697 2527 τοῖς
1722 2464 1800 2526 είς
1824 2463 1985 2517 αὑτὸν

421 2556 803 2627 ἡμαρτηκόσι,
861 2552 1112 2624 βούλεται
1178 2555 1274 2608 καὶ¹
1325 2554 1475 2625 αὐτῷ
1517 2554 1783 2625 ἀφεθῆναι
1836 2552 1987 2625 παρὰ

422 2645 555 2699 Θεοῦ
578 2685 593 2710 ,
626 2644 870 2717 δηλονότι
914 2644 1105 2715 ῶσπερ
1133 2645 1160 2697 δ
1195 2643 1328 2707 Θεὸς
1377 2643 1603 2706 ἀπαθῶς
1640 2643 1863 2715 ἀφίησιν
1906 2638 1987 2707 οἷς

424 2734 647 2804 ἀφίησιν
666 2773 683 2796 ,
709 2733 881 2798 οὕτως
923 2735 1018 2787 καὶ
1046 2733 1206 2797 αὐτὸς
1246 2733 1461 2805 ἀπαθὴς
1490 2735 1582 2788 ἐπὶ
1606 2736 1720 2798 τοῖς
1750 2733 1986 2804 συμϐαί-

424 2844 573 2881 νουσι
622 2827 913 2898 διαμένων,
958 2826 1152 2896 ἀφίησι
1209 2830 1321 2890 τοῖς
1391 2827 1856 2898 πλημμελήσασιο
1914 2826 1988 2897 μὴ

1416 162 1822 227 EXPOSITIO
1857 162 2270 224 ORATIONIS
2301 165 2714 227 ΒΟΜιΝΙρίΕ.

3560 176 3668 241 902

2091 381 2211 422 esse
2239 368 2476 424 diximus
2499 370 2825 425 hodiernum
2854 372 3018 439 diem,
3047 375 3421 446 incorruptum
3453 381 3669 448 sapien-

2091 458 2180 512 tiae
2213 473 2439 528 panem,
2477 476 2507 514 a
2539 477 2649 530 quo
2683 478 2783 517 nos
2817 464 2978 532 primi
3015 468 3274 535 temporis
3309 474 3667 541 transgressio

2093 548 2349 613 exclusit,
2382 551 2647 606 orationis
2676 554 2932 624 suﬂragio
2962 556 3193 625 inquirit
3218 557 3300 629 {at
3325 559 3416 630 qui
3448 565 3667 620 unicam
3732 586 3739 594 ί

2092 637 2235 693 hanc
2269 640 2601 709 voluptatem
2637 644 2877 706 noverit,
2905 661 3025 714 quae
3055 646 3365 703 divinorum
3404 667 3668 707 consecu-

2089 728 2237 782 tione
2279 731 2568 796 consistit;
2607 733 2764 802 cujus
2795 735 3015 804 quidem
3052 736 3243 792 dandae
3280 740 3423 794 Deus
3458 742 3665 797 arbiter

2089 827 2287 873 natura
2309 820 2559 887 exsistit;
2589 834 2775 878 custos
2804 836 2986 880 autem
3016 827 3194 882 libero
3220 830 3514 886 voluntatis
3539 849 3666 902 pro-

2086 909 2303 978 posito,
2346 910 2460 980 ipso
2510 922 2632 977 est,
2675 916 2769 984 qui
2816 919 3027 987 accepit
3075 936 3088 971 :
3136 920 3391 989 [tuncque
3443 923 3664 977 unicum

2087 998 2335 1054 dolorem
2389 1002 2687 1074 intelligat,
2728 1007 2872 1075 quod
2926 1018 3010 1062 est
3056 1008 3123 1062 iis
3168 1009 3455 1076 frustrari;
3509 1013 3665 1083 cujus

2087 1089 2274 1144 damni
2302 1096 2587 1163 sug’gestor
2612 1095 2832 1165 quidem
2862 1098 3114 1153 diabolus
3143 1110 3254 1165 est;
3288 1110 3482 1156 auctor
3507 1118 3660 1167 vero,

2087 1182 2341 1252 quisquis
2376 1200 2474 1254 per
2508 1186 2674 1240 animi
2713 1187 3014 1258 ignaviam,
3049 1206 3112 1245 ac
3152 1192 3437 1246 mollitiem
3479 1192 3665 1247 divina

2087 1275 2454 1328 consectando
2492 1274 2718 1347 fatiscit)
2763 1277 2814 1330 id
2854 1279 3200 1344 custodiens,
3236 1269 3505 1351 enixeque
3542 1298 3662 1337 ser-

2086 1380 2245 1429 vans,
2266 1366 2412 1435 quod
2442 1367 2609 1421 animi
2643 1369 2845 1423 atfectu
2876 1370 3259 1427 cbarissimuin
3291 1374 3469 1443 ducit;
3506 1377 3671 1446 cujus

2086 1457 2341 1512 voluntas
2375 1458 2508 1513 nulli
2545 1476 2803 1530 prorsus,
2837 1461 2901 1516 iis
2936 1477 3001 1516 ex
3036 1463 3199 1519 rebus
3231 1480 3353 1534 quae
3384 1467 3439 1519 in
3472 1468 3661 1521 oculos

2088 1547 2401 1613 incurrunt,
2426 1552 2725 1621 proclivior
2749 1553 2985 1620 haereat;
3009 1555 3213 1625 quique
3241 1557 3379 1612 adeo
3411 1559 3484 1613 ita
3512 1575 3662 1613 com-

2085 1649 2309 1711 paratus
2348 1642 2438 1708 sit,
2475 1652 2535 1698 ut
2576 1643 2778 1712 quibus
2815 1660 3018 1714 corpus
3059 1648 3304 1701 molestis
3343 1648 3595 1714 adicitur,
3629 1667 3666 1706 ιι

2083 1733 2220 1788 recti
2250 1734 2468 1789 tramite
2495 1734 2720 1787 minime
2747 1733 3077 1800 abducatur;
3112 1736 3158 1790 is
3184 1737 3341 1805 plane
3370 1740 3661 1808 tranquillo

2084 1824 2289 1891 animo,
2323 1825 2597 1894 nullisque
2636 1835 2958 1895 exasperato
2999 1825 3309 1891 aﬂ‘cctibus,
3345 1828 3433 1893 iis,
3467 1830 3560 1898 qui
3605 1829 3663 1885 in

2085 1913 2262 1985 ipsum
2303 1924 2562 1985 peccant,
2599 1916 2858 1981 dimittit;
2904 1916 3048 1986 quod
3089 1932 3319 1988 nempe,
3355 1919 3501 1987 quod
3545 1920 3667 1990 ipse

2084 2004 2289 2060 donum
2346 2006 2624 2062 desiderio
2684 2007 2848 2071 colit,
2903 2023 3065 2062 neruo
3118 2023 3345 2078 prorsus
3408 2009 3669 2081 subigere

2084 2096 2278 2167 possit,
2310 2106 2521 2151 tantum
2559 2096 2694 2151 illud
2732 2112 2795 2151 ac
2828 2097 2955 2159 tale,
2987 2106 3048 2150 ut
3078 2097 3198 2166 ejus
3231 2099 3453 2152 omnino
3492 2101 3671 2155 robur

2089 2195 2284 2240 natura
2316 2186 2739 2255 inexpugnabile
2763 2186 3128 2241 existimetur.
3150 2185 3291 2253 Quin
3324 2204 3381 2242 sc
3412 2189 3526 2258 ipse
3549 2178 3669 2246 Deo

2090 2276 2258 2348 (absit
2291 2275 2461 2330 verbo
2497 2275 2722 2345 invidia)
2756 2275 2978 2329 virtutis
3011 2276 3300 2331 constituit
3329 2278 3659 2348 exemplum,

2086 2368 2154 2422 ad
2181 2368 2265 2422 sui
2296 2367 2654 2423 imitationem
2698 2368 2962 2437 eum,qui
2988 2369 3135 2423 omni
3160 2370 3334 2440 major
3356 2370 3662 2427 imitatione

2086 2468 2199 2527 est,
2227 2460 2379 2514 bisce
2413 2460 2599 2515 verbis
2633 2461 3277 2532 compcllans,.velutque
3312 2462 3610 2518 adhortans
3644 2481 3659 2518 :

2086 2549 2306 2605 Dimitte
2348 2552 2491 2606 nobis
2524 2551 2696 2605 debita
2733 2560 2944 2618 nostra,
2979 2553 3112 2606 sicut
3145 2562 3193 2607 et
3227 2570 3319 2607 nos
3352 2554 3671 2610 dimittimus

2087 2641 2399 2696 debitoribus
2426 2644 2647 2707 nostris;
2679 2643 2839 2697 talem
2870 2644 3168 2699 obsecrans
3194 2644 3297 2699 sibi
3328 2644 3442 2699 fore
3466 2646 3659 2712 Deum,

2090 2732 2433 2811 qualisipsc
2474 2733 2738 2802 proximis
2778 2733 2901 2788 fuit.
2934 2735 3068 2789 Nam
3110 2736 3156 2789 si
3195 2751 3257 2789 ea
3297 2736 3528 2801 ratione,
3555 2754 3664 2807 qua

2091 2824 2207 2894 ipse
2234 2825 2298 2877 'in
2330 2840 2455 2878 eum
2487 2826 2846 2894 peccantibus
2868 2825 3095 2890 dimisit,
3123 2826 3292 2881 Deum
3317 2842 3534 2897 quoque
3559 2827 3662 2898 ipsi

425 2918 716 2989 συγχωρῶν
748 2919 941 2990 μνήμῃ
967 2916 1089 2990 [Fr.
1123 2917 1366 2989 μνήμην]
1396 2918 1502 2973 τιν¹ί⁵
1542 2918 1647 2971 τῶν
1671 2918 1986 2986 φθασάντων

2091 2915 2368 2969 dimittere
2424 2916 2613 2985 cupit;
2666 2916 2825 2986 plano
2881 2917 3023 2972 sicut
3067 2917 3211 2971 Deus
3260 2917 3465 2989 absque
3512 2918 3664 2973 οιηοί

422 3009 678 3081 λυπηρῶν
720 3008 1019 3063 τυποῦσθαι
1066 3010 1159 3063 τὸν
1201 3009 1325 3063 νοῦν
1350 3051 1366 3076 ,
1410 3009 1497 3063 ἵνα
1540 3010 1614 3082 μὴ
1659 3010 1872 3082 τέμνων
1917 3012 1984 3085 τῇ

423 3099 614 3171 γνώμῃ
658 3100 756 3171 τὴν
791 3099 951 3170 φύσιν
981 3101 1290 3173 ἐλέγχηται,
1324 3101 1460 3173 πρός
1492 3118 1613 3155 τινα
1644 3100 1750 3153 τῶν
1779 3101 1988 3170 ἀνθρώ-

425 3208 541 3243 πων
577 3190 896 3259 διεστηκώς,
935 3191 1216 3262 ἄνθρωπος
1255 3190 1350 3245 ῶν.
1400 3190 1561 3245 Οὕτω
1608 3191 1718 3264 γὰρ
1761 3191 1827 3245 ἂν
1858 3194 1988 3245 ἑνω-

425 3279 612 3350 θεί;ης
666 3282 764 3351 τῆς
806 3281 1032 3351 γνώμης
1082 3281 1160 3351 τῷ
1211 3281 1356 3352 λόγῳ
1413 3285 1514 3352 τῆς
1546 3281 1784 3352 φύσεως,
1827 3286 1863 3354 η
1893 3281 1987 3336 τοῦ

425 3369 575 3439 Θεοῦ,
613 3371 747 3441 πρὸς
777 3372 875 3443 τὴν
903 3372 1064 3442 φύσιν
1092 3373 1405 3443 καταλλαγὴ
1450 3374 1693 3442 γίνεσθαι
1728 3376 1988 3444 πέφυκεν,

425 3464 507 3516 ὃτι
576 3465 712 3538 μήτε
743 3464 970 3520 δυνατὸν
1012 3465 1212 3538 ἑτέρως
1257 3464 1399 3520 κατὰ
1439 3466 1538 3539 τὴν
1581 3466 1806 3541 γνώμην
1853 3468 1990 3538 πρὸς

426 3557 621 3628 ἑαυτὴν
657 3560 1056 3623 στασιάζουσαν
1084 3558 1182 3628 τὴν
1220 3558 1403 3627 φύσιν,
1436 3558 1535 3631 τὴν
1566 3560 1722 3612 θείαν
1772 3561 1865 3616 καὶ
1896 3561 1990 3615 ἀν-

425 3649 718 3715 εκλάλητον
766 3649 1128 3713 ὐποδέξασθαι
1197 3650 1627 3718 συγκατάϐασιν.
1663 3653 1771 3705 Kal.
1823 3653 1987 3722 τυχὸν

424 3739 512 3795 sta
541 3740 702 3793 τοῦτο
744 3743 1006 3814 πρότερον
1051 3743 1196 3812 ἡμᾶς
1230 3741 1478 3812 βούλεται
1511 3745 1609 3807 τὰς
1655 3745 1790 3815 πρὸς
1823 3745 1986 3817 ἀλλή-

424 3831 547 3897 λους
587 3831 856 3887 ποιεῖσθαι
908 3835 1252 3903 καταλλαγάς
1280 3837 1316 3901 ,ό
1354 3836 1526 3901 Θεὸς,
1572 3837 1669 3907 οὐχ
1718 3838 1804 3891 ἵνα
1857 3839 1984 3909 παρ’

422 3922 579 3995 ⁴ημῶν
614 3923 758 3995 μάθῃ
807 3925 1270 3991 καταλλάττεσθαι
1316 3929 1427 3990 τοῖς
1465 3927 1860 3999 ἁμαρτάνουσι,
1892 3929 1987 3982 καὶ

423 4013 531 4066 τῶν
580 4014 789 4068 πολλῶν
826 4019 1129 4087 συγχωρεῖν
1181 4019 1275 4070 καὶ
1328 4002 1573 4091 φοϐερῶν
1624 4020 1986 4091 ἐγκλημάτων

421 4105 517 4177 τὴν
544 4105 773 4171 ἔκτισιν,
799 4107 918 4161 ἀλλ’
945 4108 1031 4160 ἵνα
1059 4110 1203 4179 ἡμᾶς
1232 4109 1448 4181 καθάρῃ
1476 4112 1683 4177 παθῶν,
1718 4114 1810 4167 καὶ
1837 4112 1986 4188 δείξῃ

421 4198 823 4269 συμϐαίνουσαν
852 4202 925 4270 τῇ
968 4199 1151 4269 σχέσει
1189 4202 1290 4270 τῆς
1322 4201 1541 4271 χάριτος
1586 4202 1684 4272 τὴν
1719 4202 1828 4255 τῶν
1857 4220 1987 4272 συγ-

2091 3005 2507 3075 perturbatione
2555 3006 2818 3072 dimittit,
2862 3007 3064 3078 quibus
3112 3007 3376 3072 dimittit,
3416 3008 3497 3063 sic
3546 3008 3665 3078 ipse

2091 3113 2309 3167 quoque
2335 3097 2389 3151 in
2417 3097 2485 3152 iis
2507 3114 2628 3168 quze
2655 3099 2931 3166 accidunt,
2956 3100 3390 3170 imperturbatus
3429 3110 3669 3169 ac,tran-

2090 3188 2273 3259 quilla
2308 3190 2507 3243 mentis
2541 3204 2789 3255 manens,
2823 3191 2968 3261 quod
3002 3191 3244 3246 oﬂensus
3275 3200 3378 3256 est,
3412 3191 3665 3257 dimittit,

2091 3275 2264 3329 nullis
2294 3291 2485 3330 eorum
2512 3293 2633 3347 quae
2663 3278 2839 3333 tristia
2872 3280 2927 3333 in
2958 3296 3084 3335 eum
3118 3292 3515 3351 praecesserunt
3540 3283 3663 3337 ani-

2090 3382 2240 3420 mum
2284 3367 2569 3422 informari
2602 3369 2819 3435 sincns,
2853 3371 3175 3441 nequando,
3208 3372 3303 3442 qui
3344 3372 3459 3442 ipse
3498 3370 3671 3427 homo

2089 3460 2187 3524 sit,
2205 3461 2289 3515 vel
2317 3460 2386 3515 ab
2414 3476 2522 3516 uno
2546 3461 2730 3531 aliquo
2758 3463 3040 3517 hominum
3068 3464 3359 3529 dissidens,
3383 3465 3665 3519 voluntate

2090 3551 2369 3621 animique
2404 3552 2678 3607 sententia
2714 3562 2964 3608 naturam
2998 3553 3250 3611 scindere
3284 3554 3667 3610 convincatur.

2088 3639 2180 3695 Sic
2218 3658 2454 3711 namque
2490 3644 2771 3697 voluntate
2811 3658 2937 3698 cum
2988 3653 3197 3698 natura:
3236 3645 3447 3698 ratione
3488 3643 3666 3710 unita,

2088 3742 2491 3803 comparatum,
2514 3742 2576 3788 ut
2607 3734 2704 3789 Dei
2738 3750 2863 3789 cum
2897 3743 3095 3789 natura
3120 3735 3496 3791 reconciliatio
3526 3750 3665 3805 prte-

2089 3844 2285 3891 stetur.
2315 3836 2531 3907 Alioqui
2560 3838 2707 3892 enim
2739 3838 2965 3894 minime
2999 3839 3119 3893 ﬁeri
3152 3848 3358 3909 potest,
3388 3849 3449 3894 ut
3475 3836 3570 3895 Dei
3604 3854 3667 3895 se

2087 3928 2280 3993 nobis,
2329 3929 2495 3998 inque
2546 3929 2769 3984 modum
2812 3940 3060 3984 nostrum
3108 3930 3453 3995 inclinantis,
3497 3930 3672 3985 nullis

2089 4022 2277 4076 verbis
2324 4022 2707 4091 explicabilem
2752 4022 2912 4093 362
2960 4022 3328 4093 dignationem
3378 4022 3666 4092 suscipiat.

2089 4111 2257 4181 quue
2297 4112 2526 4167 forsitan
2577 4114 2632 4167 in
2679 4128 2842 4168 causa
2893 4113 2985 4177 sit,
3022 4129 3121 4168 cur
3164 4128 3262 4167 nos
3310 4113 3457 4183 ipsos
3494 4113 3667 4176 Deus,

2088 4203 2247 4272 prius
2273 4203 2413 4258 alios
2441 4203 2561 4258 aliis
2592 4205 2935 4260 reconciliari
2965 4205 3117 4271 velit,
3150 4220 3213 4260 ac
3243 4221 3365 4275 quae
3396 4203 3537 4259 inter
3561 4220 3672 4258 nos

421 4289 783 4359 χωρουμένων
812 4288 1051 4341 διάθεσιν
1074 4289 1173 4358 (Ἰ).
1220 4289 1412 4359 Σαφῶς
1456 4291 1511 4343 δὲ
1558 4293 1864 4362 καθέστηκε
1891 4295 1983 4365 δῆο

2090 4293 2399 4350 simultates
2423 4295 2629 4366 vigent,
2655 4297 2881 4352 omnino
2908 4314 3262 4367 componere,
3284 4314 3394 4353 non
3420 4306 3483 4352 ut
3505 4297 3665 4368 quasi

418 4378 529 4442 λον,
553 4380 635 4433 ὅτι
658 4382 755 4450 τῆς
778 4379 1003 4451 γνώμης
1033 4380 1329 4450 ἔνωθείσης
1355 4381 1431 4452 τῷ
1458 4382 1599 4454 λόγῳ
1621 4385 1718 4454 τῆς
1747 4385 1982 4453 φύσεως,

419 4472 779 4535 ἀστασίαστος
833 4471 991 4525 ἔσται
1044 4471 1179 4543 πρὸς
1223 4473 1316 4525 τὸν
1369 4473 1503 4526 Θεὸν
1566 4476 1599 4545 ὴ
1678 4474 1785 4529 τῶν
1824 4476 1988 4545 τοῦτο

420 4563 861 4633 κατωρθωκότων
920 4564 1241 4636 προαίρεσις
1268 4583 1281 4596 ·
1342 4565 1502 4638 εἴπερ
1553 4566 1705 4621 οὐδὲν
1744 4569 1986 4640 πέφυκεν

421 4652 801 4727 ἐνθεωρεῖσθαι
832 4655 1142 4726 παράλογον
1189 4657 1267 4728 τῷ
1314 4656 1458 4729 λόγῳ
1494 4660 1593 4729 τῆς
1630 4658 1842 4727 φύσεως
1868 4703 1882 4725 ,
1926 4659 1987 4725 ὃς

419 4746 511 4799 καὶ
543 4747 705 4816 νόμος
745 4746 863 4799 ἐστὶ
893 4748 1119 4815 φυσικός
1166 4766 1225 4801 τε
1272 4750 1365 4801 καὶ
1401 4748 1540 4813 θεῖος
1570 4749 1668 4822 (8),
1702 4752 1829 4805 ὃταν
1861 4751 1986 4806 καθ’

418 4839 608 4892 ἑαυτὸν
637 4841 1035 4911 ἐνεργουμένην
1063 4841 1204 4915 λάϐῃ
1233 4845 1331 4914 τῆς
1361 4842 1587 4914 γνώμης
1619 4844 1718 4916 τὴν
1747 4845 1983 4918 κίνησιν.

421 4931 481 4983 Et
509 4930 565 4984 δὲ
599 4932 908 5002 παράλογον
949 4932 1102 4986 οὐδέν
1146 4935 1292 4988 ἐστιν
1326 4935 1383 4987 ὲν
1434 4934 1512 5004 τῷ
1566 4935 1710 5007 λόγῳ
1754 4938 1853 5007 τῆς
1883 4934 1985 5004 φύ-

423 5037 576 5085 τεως,
622 5022 845 5085 εἰκότως
877 5022 921 5092 ’1)⁸
948 5021 1140 5091 γνώμη
1176 5024 1317 5077 κατά
1355 5023 1445 5076 τὸν
1482 5024 1638 5093 λόγον
1686 5024 1980 5096 κινουμένη

414 5114 510 5183 ῆς
545 5115 780 5181 φύσεως,
817 5112 1218 5183 συμϐαίνουσαν
1246 5114 1357 5178 ἕξει
1399 5114 1488 5168 διὰ
1517 5114 1734 5170 πάντων
1761 5117 1837 5188 τῷ
1864 5116 1984 5187 Θεῴ

414 5207 514 5275 τὴν
543 5204 825 5275 ἐνέργειαν
854 5220 866 5233 ·
903 5205 1025 5274 ἣτις
1056 5204 1173 5256 ἐστὶ
1204 5202 1329 5275 [Fr.
1362 5205 1487 5275 ἦτις
1523 5204 1721 5278 Eant}
1743 5206 1984 5270 διάθεσις

416 5295 755 5366 ἔμπρακτος,
782 5297 848 5367 τῇ
878 5296 1061 5366 χάριτι
1091 5295 1185 5348 τοῦ
1212 5295 1373 5365 φύσει
1403 5296 1571 5350 καλοῦ
1612 5298 1747 5369 πρὸς
1779 5299 1982 5372 ἀρετῆς

413 5387 628 5455 γένεσιν
660 5386 1037 5458 πεποιωμένη.
1148 5372 1155 5379 ’

2087 4386 2265 4441 nostri
2297 4387 2576 4458 ρτωιυάἰο,
2594 4388 2709 4458 ipse
2739 4390 3120 4459 peccatoribus
3153 4390 3497 4446 reconciliari
3532 4405 3671 4446 con-

2087 4475 2284 4541 discat,
2303 4477 2710 4548 multorumque
2729 4495 2793 4534 ac
2811 4480 3130 4535 immanium
3152 4482 3419 4536 scelerum
3442 4496 3670 4549 pinnam:

2088 4565 2443 4632 condonare;
2462 4566 2556 4621 sed
2588 4575 2647 4620 ut
2674 4583 2775 4625 nos
2803 4584 2833 4623 a
2866 4570 3381 4639 perturbationibus
3402 4569 3672 4639 vitiisque

2087 4656 2371 4722 emundet,
2404 4673 2729 4729 eorumque,
2758 4660 2962 4730 quibus
2989 4661 3147 4715 venia
3182 4660 3515 4731 indulgetur,
3543 4660 3671 4717 ani.

2087 4766 2237 4804 mum
2272 4750 2416 4806 haud
2445 4750 2746 4808 abhorrere
2771 4769 2800 4807 a
2830 4753 3238 4809 necessitudine
3265 4751 3450 4823 gratia:
3477 4761 3670 4807 osten-

2088 4841 2204 4896 dat.
2230 4842 2414 4897 Palam
2450 4844 2597 4897 enim
2635 4844 2986 4914 perspicuum
3016 4853 3123 4909 est,
3154 4845 3433 4898 voluntate
3467 4842 3671 4897 animi-

2088 4949 2196 5003 que
2239 4935 2511 4990 sententia
2554 4952 2679 4992 cum
2720 4946 2931 4991 natura:
2988 4936 3200 4992 ratione
3245 4936 3418 4997 unita,
3455 4934 3571 4988 fore
3600 4943 3671 4987 ut

2090 5034 2296 5107 quibus
2329 5037 2383 5092 id
2418 5037 2639 5093 demum
2673 5039 2964 5111 obtigerit,
2999 5037 3135 5092 nihil
3174 5054 3203 5093 a
3238 5037 3349 5092 Deo
3382 5037 3672 5091 voluntate

2089 5126 2399 5196 animisque
2430 5126 2764 5195 dissideant;
2797 5127 3000 5198 quippe
3029 5143 3153 5181 cum
3187 5126 3324 5180 nihil
3354 5126 3675 5181 abhorrens»

2088 5233 2121 5272 a
2166 5218 2379 5274 ratione
2420 5228 2587 5290 atque
2626 5220 2896 5275 absonum
2938 5218 2993 5273 in
3039 5227 3248 5272 naturae
3289 5218 3403 5287 ipsa
3448 5217 3673 5271 ratione

2088 5309 2323 5379 intelligi
2350 5318 2544 5379 queat,
2568 5326 2690 5380 quae
2717 5320 2771 5367 et
2800 5310 2882 5364 lex
2920 5310 3183 5365 naturalis
3210 5317 3268 5363 et
3299 5308 3491 5362 divina
3514 5306 3696 5365 cxsiw.

2084 5406 2212 5463 stat,
2244 5414 2368 5454 cum
2406 5407 2615 5455 motum
2640 5400 2938 5457 voluntatis
2967 5416 3033 5455 ex
3062 5401 3176 5455 suis
3207 5400 3322 5470 ipsa
3351 5399 3671 5453 rationibus

413 5481 750 5548 exercitum,
797 5489 1333 5553 consentaneumque
1381 5487 1677 5555 acceperit.
1725 5488 1883 5555 Quod
1934 5492 1978 5547 si
2016 5493 2156 5547 nihil
2222 5494 2529 5550 abhorrens
2553 5510 2583 5549 a
2609 5495 2821 5549 ratione
2849 5503 3009 5565 atque
3072 5496 3338 5548 absonum
3370 5493 3421 5546 in
3452 5500 3673 5548 natum

418 5575 629 5631 ratione
663 5574 901 5636 exsistit.
937 5576 1134 5645 merito
1202 5576 1456 5632 voluntas
1517 5595 1637 5650 quze
1672 5595 1957 5639 moveatur
1990 5595 2053 5641 ut
2088 5595 2299 5643 natura:
2344 5589 2547 5644 rationi
2588 5597 2965 5658 comparatum
3017 5598 3135 5654 est,
3174 5586 3566 5658 operationem
3610 5582 3675 5636 i-
