4134 6192
492 263 597 327 933

1650 251 1711 311 S.
1748 247 2034 309 MAXIM!
2072 246 2207 308 (ἒοΝ
2220 243 2575 306 FESSORIS

3626 244 3733 310 Si“

493 370 749 430 omnibus
809 368 923 422 Deo
951 354 1711 423 consentientem'habebit;
1777 356 2050 412 etlicaeem
2117 355 2377 409 nimirum
2432 362 2593 422 atque
2642 351 2921 406 robustam
2973 350 3138 406 animi
3192 334 3573 419 aﬂectioncm,
3619 358 3739 427 ejus

495 466 638 538 quod
669 470 864 519 natura
899 461 1102 514 bonum
1134 466 1219 512 est
1248 455 1419 527 gratia
1455 453 1748 517 imbutam,
1773 451 1840 505 ad
1875 450 2304 523 progignendam
2328 449 2610 502 virtutem.

565 557 655 611 Sic
686 555 854 623 igitur
884 553 941 605 in
970 549 1216 604 oratione
1249 547 1479 603 affectus
1510 557 1613 613 est,
1641 548 1734 618 qui
1768 548 2069 618 spiritalem

2244 546 2401 599 Οὕτω
2434 545 2531 615 μὲν
2552 540 2667 611 οὖν,
2706 548 2735 599 6
2766 546 2858 598 τὸν
2886 545 3186 613 γνωστικδν
3226 545 3390 616 ἄρτον
3424 547 3593 605 αἰτῶν
3621 547 3737 602 διὰ-

494 663 560 703 ac
588 642 871 715 sapientia:
894 655 1088 711 panem
1112 638 1285 708 petit;
1315 647 1441 708 post
1462 653 1627 709 quem
1651 638 1817 693 etiam
1843 637 1954 701 ille,
1976 635 2071 704 qui

496 739 567 791 ob
609 744 820 789 natura:
860 732 971 785 vim
1018 731 1247 801 ejusque
1291 727 1621 782 necessitate
1684 726 2069 797 quotidianum

495 827 763 880 duntaxat
809 835 1006 891 panem
1063 820 1185 889 (qui
1238 818 1449 872 scilicet
1495 816 1552 871 in
1601 816 1749 870 diem
1809 813 2072 884 suiliciat)

497 916 711 989 quaerit,
738 913 1012 969 consimili
1045 911 1207 965 modo
1235 910 1534 975 aiiicietur;
1567 924 1763 979 nempe
1791 906 2075 962 dimittens

498 1009 847 1065 debitoribus
874 1005 1080 1065 debita,
1111 1013 1169 1057 ut
1198 1003 1291 1072 qui
1327 1017 1385 1056 se
1418 1010 1613 1054 natura
1645 1000 1928 1053 mortalem
1963 1013 2074 1051 non

501 1102 737 1163 nesciat;
770 1098 974 1166 quique
1000 1096 1111 1165 jam
1136 1093 1383 1163 quotidie
1407 1090 1554 1162 quod
1579 1099 1771 1144 natura
1795 1103 2077 1157 compara-

504 1201 619 1245 tum
661 1196 773 1252 est,
811 1202 922 1257 pra:
967 1186 1090 1254 ejus
1133 1184 1375 1245 incerto,
1412 1189 1763 1251 exspectans,
1796 1179 2076 1233 voluntate

501 1294 665 1354 atque
684 1280 869 1336 animo
887 1278 1184 1334 antevertit
1200 1284 1474 1341 naturam,
1495 1281 1688 1345 sponte
1710 1273 1914 1328 mundo
1936 1289 2079 1327 mor-

509 1381 655 1436 tuus,
682 1371 760 1425 uti
794 1370 983 1424 divino
1015 1382 1335 1437 expressum
1371 1366 1594 1420 oraculo
1626 1374 1712 1419 est
1738 1382 1750 1417 :
1784 1364 2005 1435 Propter
2028 1374 2079 1418 te

507 1462 887 1531 mortiﬁcamur
924 1469 1031 1513 tota
1071 1460 1153 1512 die
1177 1458 1253 1523 ";
1292 1459 1538 1513 wstimati
1577 1474 1757 1511 sumus
1792 1458 1924 1511 sicut
1961 1473 2078 1510 oves

504 1554 776 1609 occisionis
799 1553 875 1618 '1;
905 1551 1111 1620 quique
1139 1550 1277 1604 adeo
1306 1548 1477 1603 amice
1508 1549 1763 1603 omnibus
1794 1548 2078 1602 consocie-

508 1655 617 1710 tur,
648 1661 713 1700 ne
742 1659 905 1713 quam
936 1643 1101 1713 hujus
1132 1640 1319 1695 saeculi
1354 1639 1638 1709 pravitatis
1672 1646 1854 1693 notam
1891 1653 2079 1693 secum

507 1738 725 1799 inferat,
751 1750 874 1789 cum
905 1733 971 1787 ad
1008 1733 1154 1786 illam
1183 1730 1319 1785 senii
1349 1737 1628 1799 expertem
1653 1729 1821 1782 vitam
1853 1728 2080 1783 commi-

509 1827 774 1895 grandum
799 1825 935 1890 erit;
964 1839 1259 1894 paremque
1290 1823 1416 1878 inde
1445 1824 1512 1877 ab
1538 1822 1779 1876 omnium
1801 1821 1991 1876 Iudice
2016 1835 2081 1876 ac

508 1920 817 1982 Salvatore,
848 1930 947 1986 pro
983 1931 1050 1970 eo
1081 1915 1225 1986 quod
1256 1915 1364 1968 vita
1401 1914 1501 1969 hac
1536 1914 1740 1968 abusus
1769 1920 1882 1977 est,
1906 1912 2083 1967 vicem

513 2010 759 2080 recipiat.
786 2008 1045 2078 Utrisque
1076 2020 1310 2075 namque
1340 2020 1406 2059 ex
1438 2020 1628 2059 eorum
1664 2002 1989 2066 rationibus,
2019 2017 2084 2057 ac

509 2101 656 2172 quod
699 2100 973 2156 conducat
1015 2097 1322 2152 necessaria
1364 2104 1479 2159 est,
1514 2094 1717 2149 munda
1760 2093 1816 2147 in
1857 2107 1954 2148 eos
1988 2091 2084 2162 qui

513 2191 724 2264 injuria:
740 2191 948 2261 aliquid
966 2189 1217 2263 fecerint,
1232 2187 1395 2242 animi
1414 2187 1666 2252 affectio;
1692 2201 1816 2241 cum
1838 2185 2085 2240 omnium

513 2285 704 2355 gratia,
724 2290 839 2337 tum
868 2282 1100 2337 maxime
1128 2280 1199 2335 ob
1224 2280 1556 2350 reliquarum
1587 2277 1641 2332 in
1665 2276 1930 2332 orationis
1955 2292 2086 2331 con-

512 2385 663 2432 textu
696 2374 1089 2430 sententiarum
1121 2372 1264 2434 vim,
1290 2386 1411 2441 qua:
1444 2371 1559 2441 ipsa
1594 2369 1647 2424 iu
1681 2371 1830 2425 hunc
1860 2371 2084 2425 modum

510 2485 569 2524 se
596 2467 760 2523 habet
789 2485 802 2521 :

581 2560 740 2632 363
774 2559 843 2614 Et
871 2575 935 2612 ne
963 2574 1056 2612 nos
1084 2556 1281 2626 inferas
1310 2558 1363 2611 in
1393 2557 1765 2622 tentationem;
1795 2556 1887 2610 sed
1920 2555 2085 2611 libera

515 2669 606 2705 nos
638 2671 669 2704 a
698 2649 858 2705 malo.

584 2739 679 2794 His
715 2740 862 2793 enim
901 2738 1182 2809 Scriptura
1219 2737 1523 2808 signiﬁcat,
1562 2737 1675 2793 fore
1721 2748 1783 2794 ut
1818 2738 1923 2795 nisi
1962 2740 2088 2811 quis

513 2830 614 2895 iis.
657 2846 687 2886 a
736 2831 938 2901 quibus
979 2829 1201 2885 offensae
1244 2828 1450 2899 aliquid
1502 2830 1805 2899 acceperit,
1845 2830 2087 2901 perfecte

518 2923 813 2993 indulgeat,
842 2922 1213 2991 mundumque
1242 2938 1272 2977 a
1299 2937 1525 2976 rancore
1552 2920 1818 2985 animum,
1845 2921 2119 2977 reconci-.

514 3014 760 3069 liationis
788 3030 910 3069 cum
940 3012 1188 3084 proximo
1216 3013 1337 3067 luce
1366 3013 1768 3081 przeniteutem,
1797 3013 1905 3068 Deo
1936 3012 2091 3067 exhi-

519 3105 663 3168 beat,
691 3122 719 3159 a
752 3105 1019 3159 bonorum
1048 3120 1169 3173 qua:
1192 3112 1412 3172 exoptat
1437 3102 1685 3173 votisque
1714 3102 2084 3173 prosequitur,

2173 654 2353 691 κειται
2384 637 2837 708 προσευχόμενος,
2869 636 2988 706 μεθ’
3014 636 3073 688 ὃν
3115 639 3367 699 κακεῖνος
3404 640 3433 691 ὀ
3462 638 3624 702 μόνον
3649 640 3739 693 th:

2172 729 2451 798 ἐφήμερον
2480 729 2643 799 ἀρτον
2666 727 2939 799 ἐπιζητῶν
2967 727 3055 780 διὰ
3081 726 3182 797 τὴν
3209 726 3332 796 βίαν
3363 731 3463 799 τῆς
3497 734 3737 799 φύσεως.

2171 819 2314 873 κατὰ
2367 818 2460 871 τὸν
2512 819 2672 872 αὑτὸν
2712 818 3084 890 διατεθήσεται
3134 820 3368 890 τρόπον·
3417 824 3575 889 ἀφεὶς
3627 827 3738 889 τοῖς

2173 909 2478 978 ὀφειλέταις
2516 911 2585 964 τὰ
2629 909 2972 980 ὀφειλήματα
2992 950 3006 973 ,
3040 905 3128 964 οἷα
3160 909 3225 980 δὴ
3256 911 3449 978 γνοὺς,
3485 915 3566 966 ὅτι
3600 916 3739 969 κατα

2175 999 2337 1069 φύσιν
2387 1002 2621 1072 ὑπάρχει
2679 1000 2907 1071 θνητὸς,
2950 1002 3045 1054 καὶ
3095 1001 3281 1055 λοιπὸν
3328 1004 3450 1056 καθ’
3501 1005 3740 1074 ἑκάστην

2176 1093 2392 1164 ἡμέραν
2439 1093 2528 1145 διὰ
2563 1093 2662 1163 τὴν
2710 1093 2933 1164 ἀδηλίαν
2960 1093 3021 1146 τὸ
3052 1094 3211 1162 φύσει
3250 1096 3494 1163 πεφυκὸς
3524 1097 3732 1167 ἐκδεχὶο

2180 1202 2340 1255 μενος
2359 1225 2373 1245 ,
2420 1183 2797 1255 προλαμϐάνει
2838 1185 2940 1255 τὴν
2983 1183 3145 1254 φύσιν
3177 1185 3317 1238 κατᾶ
3345 1186 3444 1254 τὴν
3475 1185 3701 1257 γπὼμην
3725 1201 3739 1215 ·

2178 1276 2496 1346 αὐθαίρετος
2520 1276 2713 1346 νεκρὸς
2743 1276 2881 1347 πρὸς
2912 1275 3002 1330 τὸν
3028 1276 3232 1346 κόσμον
3270 1277 3573 1348 γινόμενος,
3602 1279 3746 1332 κατά

2176 1370 2237 1423 τὸ
2273 1369 2478 1439 φάσκον
2531 1368 2731 1437 λόγιον,
2788 1370 2868 1421 ὅτι
2904 1369 3153 1422 Ἕνεκεν
3190 1370 3307 1424 σοῦ
3340 1372 3747 1438 θανατούμεθα

2178 1461 2335 1546 ὅλην
2400 1460 2516 1529 τὴν
2562 1460 2790 1531 ἡμέραν
2819 1479 2832 1492 ο
2895 1462 3297 1532 ἐλογίσθημεν
3349 1464 3433 1529 ὡς
3480 1465 3745 1527 πρόϐατα

2178 1553 2455 1624 σφαγῆς·
2505 1553 2598 1608 καὶ
2639 1552 2729 1607 διά
2776 1555 2934 1608 τοῦτο
2981 1555 3339 1626 σπενδόμενος
3386 1555 3624 1619 ἅπασιν,
3657 1557 3743 1609 ἵνα

2184 1646 2349 1716 μηδὲν
2375 1645 2549 1715 ἑαυτῷ
2573 1645 3067 1716 συνεπικομίζηται
3096 1645 3384 1717 γνώρισμα
3424 1649 3521 1718 τῆς
3548 1646 3745 1717 μοχθηο

2184 1737 2303 1808 ρίας
2331 1736 2424 1790 τοῦ
2451 1735 2544 1789 νῦν
2576 1736 2793 1800 αἰῶνος,
2821 1736 2956 1807 πρὸς
2981 1736 3081 1808 τὴν
3102 1738 3295 1808 ἀγήρω
3321 1736 3467 1808 ζωὴν
3493 1738 3747 1807 μεθιστάο

2187 1844 2347 1897 μενος
2375 1842 2388 1856 ·
2421 1828 2511 1879 καὶ
2544 1825 2685 1900 λάὀῃ
2713 1829 2865 1895 παρά
2889 1825 2983 1879 τοῦ
3014 1820 3203 1897 κριτοῦ
3234 1827 3329 1880 καὶ
3357 1827 3608 1897 Σωτῆρος
3638 1826 3745 1879 τῶν

2114 1899 2155 1953 Β
2184 1917 2341 1979 ὅλων,
2374 1911 2449 1971 ὧν
2490 1917 2721 1971 ἐνταῦθα
2758 1917 3105 1989 προκέχρηκε
3145 1917 3243 1990 τῂν
3296 1919 3419 1989 ῐσην
3456 1917 3746 1973 ἀντίδοσιν.

2198 2007 2496 2076 Ἀναγκαία
2517 2008 2627 2079 γὰρ
2660 2008 2989 2079 ἀμφοτέροις
3035 2008 3171 2077 πρὸς
3225 2008 3325 2079 τὴν
3368 2008 3519 2078 σφῶν
3569 2009 3751 2062 αὐτῶν

2184 2098 2522 2153 λυσιτέλειαν
2550 2100 2893 2173 καθέστηκεν
2934 2101 2967 2171 ὴ
3009 2099 3227 2172 καθαρά
3266 2100 3403 2171 πρὸς
3430 2101 3559 2164 τοὺς
3587 2100 3745 2153 λελυ-

2186 2191 2434 2262 πηκότας
2466 2189 2706 2253 διάθεσις
2735 2209 2748 2221 ·
2788 2190 3007 2245 πάντων
3044 2194 3141 2263 μὲν
3182 2191 3373 2245 ἕνεκεν
3394 2232 3409 2257 ,
3437 2191 3743 2262 οὖχῆκιστα

2184 2282 2242 2335 δὲ
2266 2281 2355 2335 διά
2382 2280 2493 2334 τῶν
2527 2282 2864 2351 λειπομένων
2889 2280 3069 2353 ῥητῶν
3102 2280 3350 2354 δύναμιν,
3380 2281 3571 2335 τοῦτον
3597 2279 3752 2351 ἔχου-

2182 2387 2289 2424 σαν
2317 2371 2410 2425 τὸν
2440 2371 2661 2443 τρόπον,

2255 2550 2364 2603 Kal
2405 2547 2492 2618 μὴ
2542 2546 2889 2617 εισενέτκῃς
2912 2545 3067 2616 ἡμᾶς
3089 2548 3175 2614 είς
3198 2547 3547 2616 πειρασμὸν,
3597 2546 3756 2602 ἀλλὰ

2178 2639 2367 2711 ῥῦσαι
2394 2639 2551 2710 ἡμᾶς
2574 2640 2692 2695 ἀπὸ
2718 2639 2824 2694 τοῦ
2846 2638 3132 2707 πονηροῦ.

2256 2735 2417 2804 Δηλοί
2444 2732 2553 2809 γὰρ
2586 2734 2643 2787 ὲν
2668 2734 2875 2797 τούτοις
2906 2735 2933 2784 ὀ
2958 2733 3113 2799 λόγος
3132 2772 3147 2795 ,
3202 2732 3277 2796 ὼς
3303 2734 3330 2787 ὀ
3363 2734 3437 2804 μὴ
3470 2735 3754 2805 συγχωρή-

2188 2844 2287 2891 σας
2311 2827 2532 2890 τελείως
2560 2828 2674 2890 τοῖς
2704 2822 2977 2893 πταίουσι,
3008 2826 3101 2877 καὶ
3126 2824 3371 2896 καθαρὰν
3397 2825 3573 2893 λύπης
3589 2842 3756 2897 παρα-

2190 2921 2395 2991 στήσας
2457 2917 2533 2989 τῷ
2578 2918 2697 2989 Θεῷ
2757 2918 2855 2987 τὴν
2912 2917 3135 2990 καρδίαν
3166 2959 3180 2983 ,
3259 2916 3754 2988 λελαμπρυσμένην

2186 3009 2265 3083 τῷ
2320 3010 2458 3081 φωτὶ
2508 3012 2607 3091 τῆς
2645 3008 2779 3083 πρὸς
2807 3009 2898 3061 τὸν
2923 3008 3090 3071 πέλας
3116 3006 3489 3078 καταλλαγῆς,
3524 3008 3619 3078 τῆς
3652 3006 3757 3059 τῶν

2188 3103 2477 3174 ηὒγμένων
2523 3100 2704 3155 καλῶν
2738 3100 3091 3166 ἀποτεύξεται
3115 3100 3334 3170 χάριτος
3353 3116 3365 3128 ·
3422 3100 3515 3152 καὶ
3545 3099 3622 3169 τῷ
3651 3116 3761 3153 τει-

519 3199 687 3271 gratia
723 3198 967 3261 excidat;
998 3197 1255 3268 justoque
1284 3194 1495 3265 judicio
1530 3193 1815 3249 tentationi
1850 3210 1913 3249 ac
1945 3194 2089 3248 malo

2193 3191 2386 3267 ρασμῷ
2408 3233 2423 3257 ,
2484 3193 2576 3247 καὶ
2621 3192 2698 3263 τῷ
2729 3191 2951 3263 πονηρῷ
2997 3192 3140 3245 κατά
3166 3190 3381 3244 δικαίαν
3412 3190 3760 3261 ἑκδοθήσεται

514 3292 789 3347 obnoxius
825 3289 943 3352 ﬁat,
981 3301 1041 3343 ut
1073 3287 1287 3342 scilicet
1317 3286 1606 3343 emundari
1642 3285 1858 3341 delictis
1888 3283 2089 3339 docea-

523 3398 628 3445 tur,
662 3397 690 3435 a
726 3396 784 3435 se
818 3389 1105 3449 amputans
1135 3394 1199 3432 ac
1229 3376 1525 3440 amoliens,
1553 3375 1697 3445 quod
1733 3375 1870 3429 alios
1902 3373 2091 3429 crimi-

523 3483 699 3526 natur.
723 3469 1103 3525 Tentationem
1128 3477 1309 3523 autem
1339 3467 1431 3523 hic
1454 3475 1614 3521 vocat
1659 3466 1865 3536 peccati
1894 3467 2091 3536 legem,

519 3579 552 3618 a
584 3579 690 3634 qua
725 3561 984 3616 immunis
1016 3558 1199 3615 editus
1236 3558 1451 3629 primus
1485 3573 1704 3627 parens.
1735 3556 1932 3610 Malum
1963 3571 2093 3610 vero

520 3652 683 3717 dicit,
727 3666 921 3721 nempe
964 3650 1279 3713 diabolum,
1324 3662 1423 3719 per
1467 3661 1631 3717 quem
1680 3647 1798 3702 haec
1842 3646 2095 3702 humanm

521 3752 727 3798 natura:
764 3741 1010 3805 inolevit,
1042 3755 1107 3794 ac
1134 3755 1244 3809 quo
1270 3748 1494 3793 auctore
1527 3736 1788 3792 seductus
1819 3737 2003 3799 homo,
2037 3746 2097 3791 ut

522 3835 591 3889 ab
625 3848 691 3887 eo
720 3831 864 3901 quod
898 3831 948 3885 ei
982 3844 1306 3885 concessum
1350 3837 1499 3892 erat,
1534 3827 1601 3882 ad
1637 3828 1692 3881 id
1726 3842 1836 3896 quo
1870 3827 1944 3880 illi
1979 3835 2097 3880 erat

524 3925 872 3983 interdictum
918 3922 1083 3981 animi
1135 3919 1495 3991 cupiditatem
1544 3919 1894 3983 transferret,
1928 3928 1984 3973 et
2028 3918 2095 3973 ad

524 4016 762 4071 mandati
788 4015 1247 4085 trangressionem
1267 4021 1608 4076 verteretur;
1634 4025 1741 4079 qua
1767 4009 2094 4073 temeritate,

525 4110 662 4180 ejus,
698 4123 858 4178 quam
901 4122 998 4175 per
1036 4105 1264 4176 gratiam
1310 4118 1626 4159 concessam
1669 4109 1974 4171 acceperat,
2010 4100 2096 4154 in-

523 4197 896 4269 corruptionis
920 4198 1192 4274 iacturam
1221 4196 1371 4251 fecit.

594 4306 703 4356 Aut
728 4313 945 4362 rursus,
978 4298 1332 4353 tentationem
1364 4296 1585 4366 quidem
1624 4295 1864 4367 appellat
1910 4295 2103 4349 volun-

490 4418 493 4421 -
527 4390 727 4444 tarium
760 4386 928 4442 animi
969 4387 1024 4441 in
1060 4386 1244 4441 carnis
1282 4385 1564 4455 passiones
1599 4395 1763 4455 atque
1797 4386 1928 4439 vitia
1963 4402 2098 4440 con-

526 4495 783 4546 sensum;
817 4480 1018 4533 malum
1048 4493 1199 4541 vero,
1232 4477 1451 4530 modum
1484 4491 1593 4546 quo
1620 4476 1815 4530 vitiosa
1848 4475 2101 4531 libidino-

2190 3286 2373 3355 κρίσιν
2400 3301 2415 3315 ·
2492 3285 2580 3338 ἵνα
2632 3283 2777 3355 μάθῃ
2829 3281 3182 3351 καθαίρεσθαι
3228 3281 3602 3354 πλημμελῶν,
3663 3282 3760 3346 τάς

2191 3376 2310 3430 κατ’
2348 3375 2521 3429 ἀλλων
2572 3374 2767 3429 ἑαυτοῦ
2815 3375 3038 3447 μομφὰς
3080 3373 3499 3446 ἀφαιρούμενος.
3560 3376 3759 3447 lleth-

2195 3468 2331 3538 σμόν
2383 3466 2439 3520 δὲ
2469 3466 2616 3535 λέγει
2644 3467 2738 3520 νῦν
2773 3467 2864 3520 τὸν
2893 3469 2992 3537 τῆς
3021 3467 3294 3537 ἁμαρτίας
3321 3468 3486 3537 νόμον
3506 3483 3523 3499 ⁶
3580 3468 3640 3520 ὃν
3664 3468 3764 3521 οὐκ

2194 3559 2331 3629 ἔχων
2371 3560 2400 3612 6
2441 3558 2656 3632 πρῶτος
2686 3558 2969 3629 ἄνθρωπος
2997 3553 3159 3630 ἦλθεν
3187 3559 3270 3621 είς
3292 3558 3504 3626 γένεσιν
3523 3575 3538 3590 ·
3595 3575 3761 3629 πονη-

2199 3648 2288 3718 ρὸν
2315 3647 2371 3699 δὲ
2400 3648 2542 3715 ,στὸν
2567 3644 2752 3699 τοῦτον
2781 3647 3104 3717 ὲμφύραντα
3132 3647 3196 3715 τῇ
3229 3645 3389 3714 φύσει
3420 3643 3528 3697 τῶν
3555 3642 3764 3712 ἀνθρώ-

2194 3756 2311 3793 πων
2340 3738 2584 3792 διάδολον
2606 3776 2621 3801 ,
2662 3722 2781 3791 ’καὶ
2821 3737 3085 3791 πείσαντα
3113 3736 3180 3788 δι’
3198 3736 3410 3803 ἀπάτης
3443 3736 3533 3789 τδν
3559 3735 3764 3804 ἄνθρω-

2195 3846 2317 3894 πον,
2350 3829 2459 3883 ἀπὸ
2485 3829 2577 3882 τοῦ
2614 3845 2937 3899 συγκεχωρη
2948 3828 3108 3897 μένου
3138 3826 3275 3897 πρὸς
3300 3826 3361 3880 τὸ
3387 3825 3765 3893 κεκωλυμένον

2194 3923 2294 3992 τῆς
2339 3922 2519 3991 ψυχῆς
2570 3921 2891 3991 μετενέγκαι
2940 3919 3039 3990 τὴν
3086 3918 3306 3988 ἔφεσιν,
3365 3918 3459 3971 καὶ
3500 3919 3633 3987 πρὸς
3664 3918 3765 3987 τὴν

2197 4016 2296 4083 τῆς
2344 4011 2495 4076 θείας
2558 4012 2777 4082 ἐντολῆς
2809 4013 3083 4083 τραπῆναι
3118 4008 3457 4077 παράϐασιν·
3513 4006 3580 4080 ἧς
3603 4007 3763 4078 ἔργον

2196 4105 2421 4173 γέγονεν
2473 4106 2506 4174 ή
2583 4105 2685 4175 τῆς
2746 4104 2991 4174 δοθείσης
3045 4103 3186 4157 κατά
3239 4101 3397 4173 χάριν
3457 4100 3766 4170 ἀφθαρσίας

2197 4196 2475 4257 ἀπόθεσις.
2746 4220 2754 4228 ’

2270 4286 2343 4340 Ἦ
2374 4285 2568 4348 πάλιν,
2629 4282 2933 4355 πειρασμὸν
2981 4283 3079 4353 μέν
3124 4299 3255 4353 φησι
3320 4281 3420 4353 τὴν
3449 4281 3546 4351 τῆς
3595 4280 3767 4352 ψυχῆς

2200 4379 2447 4431 ἑκούσιον
2507 4376 2644 4447 πρὸς
2688 4376 2759 4430 τὰ
2806 4376 2953 4446 πάθη
3004 4376 3103 4446 τῆς
3150 4375 3349 4444 σαρκὸς
3401 4374 3767 4428 συνδιάθεσιν·

2202 4470 2437 4540 πονηρὸν
2477 4469 2532 4522 δὲ
2554 4509 2569 4533 ,
2628 4469 2719 4523 τὸν
2751 4470 2865 4522 κατ’
2889 4468 3168 4539 ἐνέργειαν
3191 4466 3645 4537 συμπληρωτικὸν
3674 4466 3772 4536 τῆς

528 4589 697 4643 saquc
740 4571 959 4627 atl‘ectio
1004 4585 1098 4625 seu
1138 4566 1425 4637 dispositio
1469 4566 1524 4619 in
1567 4575 1691 4622 actu
1739 4566 2045 4635 completur
2087 4583 2089 4615 :

2207 4559 2490 4631 ὲμπαθοῦς
2532 4559 2824 4623 διαθέσεως
2867 4559 3098 4631 τρόπον’
3162 4552 3236 4611 ὧν
3277 4559 3485 4620 οὐδενὸς
3517 4559 3546 4610 ὀ
3570 4556 3772 4619 δίκαιος

528 4676 832 4734 ueutroque
855 4664 1051 4717 horum
1084 4657 1414 4714 liberabitur
1433 4658 1566 4730 justi
1588 4657 1790 4729 judicis
1811 4657 2102 4723 sententia,

525 4755 624 4826 qui
662 4770 773 4809 non
814 4752 1089 4807 dimiserit
1128 4748 1474 4804 debitoribus
1520 4747 1731 4813 debita;
1776 4746 1993 4801 tametsi
2035 4746 2103 4812 is,

529 4846 679 4900 nudo
712 4844 863 4899 vocis
895 4858 1031 4897 sono
1070 4842 1126 4897 in
1164 4841 1413 4896 oratione
1448 4839 1502 4894 id
1536 4839 1795 4910 etllagitet
1829 4855 1842 4890 :
1879 4837 2012 4908 quin
2048 4846 2108 4893 et

529 4954 656 4992 eum
704 4937 798 5007 qui
846 4953 911 4990 ea
958 4935 1029 4990 sit
1076 4933 1290 4998 indole,
1331 4932 1543 5004 peccati
1593 4931 1710 5001 lege
1758 4929 2105 4999 coinquinari

532 5031 707 5093 siuet,
738 5046 801 5083 ac
847 5028 942 5098 qui
987 5027 1161 5081 durus
1204 5024 1389 5080 animo
1437 5024 1510 5078 sit
1544 5023 1801 5094 justoque
1843 5020 2101 5091 rigidior,

534 5121 675 5173 man
714 5116 1133 5187 maucipandum
1168 5114 1414 5178 deseret;
1449 5114 1544 5182 qui
1577 5126 1774 5180 nempe
1812 5108 2104 5178 perturba-

537 5217 744 5269 tionum
789 5211 1013 5281 probra,
1046 5218 1231 5263 satore
1265 5205 1504 5269 diabolo,
1534 5212 1744 5258 naturae
1780 5201 2102 5272 prartulerit,

536 5307 692 5373 cujus
738 5306 881 5359 Deus
930 5301 1184 5357 conditor
1231 5306 1335 5353 est.
1378 5297 1447 5351 At
1497 5310 1676 5364 neque
1728 5292 1909 5347 carnis
1959 5293 2103 5345 ultro

536 5396 859 5449 libidinibus
884 5393 1141 5462 vitiisque
1169 5405 1289 5445 sese
1313 5388 1513 5444 dedere
1540 5385 1877 5457 prohibebit,
1905 5399 2006 5439 nec
2035 5383 2103 5437 ab

537 5490 653 5558 ejus
699 5484 1072 5560 dispositionis
1124 5481 1286 5536 modo
1336 5478 1603 5541 redimet,
1645 5492 1756 5547 quo
1809 5475 1926 5531 lucc
1977 5483 2100 5530 actu

611 5665 657 5696 ⁸³⁵
680 5665 816 5719 Psal.
850 5680 995 5727 xuu,
1023 5664 1113 5718 22.
1192 5664 1237 5695 ⁸⁷
1263 5662 1423 5716 Rom.
1449 5675 1564 5724 vm,
1592 5658 1681 5710 56.

2208 4651 2505 4722 ἐξαιρεῖται
2555 4651 2767 4722 κριτὴς,
2818 4650 2909 4704 τὸν
2960 4642 3034 4721 μὴ
3070 4652 3181 4713 τοῖς
3213 4648 3517 4717 ὀφειλέταις
3547 4649 3773 4718 ἀφιέντα

2204 4741 2276 4795 τὰ
2301 4740 2641 4813 ὀφειλήματα
2661 4756 2675 4770 ’
2724 4739 2825 4794 κᾶν
2852 4739 3010 4793 τοῦτο
3030 4739 3201 4809 ψιλῶς
3225 4739 3311 4793 διὰ
3340 4739 3433 4809 τῆς
3467 4740 3768 4811 προσευχῆς

2208 4832 2522 4902 ὲξαιτῆται·
2584 4830 2720 4885 ἀλλά
2764 4833 2857 4884 καὶ
2904 4830 2983 4902 τῷ
3022 4831 3172 4901 νόμῳ
3215 4833 3313 4902 τῆς
3342 4830 3617 4901 ἁμαρτίας
3643 4847 3771 4897 συγ-

2210 4926 2380 4995 χωρεῖ
2408 4921 2728 4993 μολύνεσθαι
2760 4922 2850 4976 τόν
2872 4920 3130 4986 τοιοῦτον,
3167 4922 3261 4975 καὶ
3287 4921 3391 4974 ὑπὸ
3416 4920 3509 4974 τοῦ
3538 4920 3771 4990 πονηροῦ

2210 5013 2558 5085 κυριεύεσθαι
2591 5014 2684 5067 τὸν
2718 5013 2953 5085 σκληρὸν
2996 5013 3090 5067 καὶ
3123 5013 3397 5080 ἀπότομον
3429 5014 3526 5085 τὴν
3552 5011 3773 5083 γνώμην

2211 5106 2711 5177 ὲγκαταλιμπάνειο
2770 5101 2857 5159 οἷα
2899 5104 2963 5176 δὴ
3014 5106 3082 5159 τά
3125 5105 3271 5176 πάθη
3318 5104 3417 5175 τῆς
3449 5105 3670 5176 ἀτιμίας
3699 5096 3771 5157 ῶν

2212 5196 2449 5268 σπορεύς
2482 5199 2629 5250 ἐστιν
2660 5200 2688 5251 ὀ
2717 5196 2957 5260 διάϐολος
2980 5236 2996 5261 ,
3055 5196 3495 5268 προτετιμηκότα
3537 5195 3633 5265 τῆς
3667 5190 3764 5261 φῦ·

2212 5306 2367 5352 σεως,
2404 5283 2468 5359 ἧς
2500 5289 2614 5340 ἐστι
2646 5288 2972 5359 δημιουργὸς
3004 5290 3031 5341 ὀ
3056 5287 3207 5353 Θεός.
3246 5289 3354 5342 Και
3387 5288 3494 5360 μὴν
3521 5287 3613 5341 καὶ
3639 5285 3768 5355 πρ’›ς

2208 5382 2275 5435 τὰ
2298 5380 2442 5449 πάθη
2472 5379 2572 5450 τῆς
2596 5381 2791 5451 σαρκδς
2814 5382 3073 5445 ἑκουσίως
3100 5360 3643 5451 συνδιατιθέμενονόὒ
3665 5395 3773 5429 κω-

2208 5472 2345 5535 λύει,
2397 5472 2489 5524 καὶ
2521 5472 2613 5527 τοῖ
2642 5472 2760 5526 κατ’
2780 5472 3061 5543 ἐνέργειαν
3089 5470 3545 5545 συμπληρωτικοῦ
3572 5468 3774 5541 τρόπου
