4036 6210
269 289 380 352 905

1237 296 1638 357 EXPOSITIO
1675 296 2088 358 ORATIO-N18
2129 296 2544 358 DOMINIC/E.

3416 305 3524 367 9'36

264 401 368 469 τῆς
421 398 542 450 κατ’
578 397 720 452 αὐτά
759 398 1049 466 διαθέσεως
1082 403 1142 456 οὐ
1171 404 1463 475 λυτροῦται
1484 421 1496 433 ·
1552 408 1634 472 ὅτι
1665 403 1852 458 παθῶν

1954 407 2364 476 compleantur;
2387 409 2532 478 quod
2551 407 2813 463 nimirum
2834 408 3346 478 perturbationibus
3363 430 3383 467 ι
3400 415 3530 470 iliis-

265 491 658 544 ἀνυποστάτων
721 493 919 561 ἥττονα
974 496 1074 566 τὴν
1127 496 1289 565 φύσιν
1338 498 1723 568 ἡγησάμενος,
1785 499 1851 568 τῇ

263 582 396 652 περὶ
453 580 627 634 ταῦτα
676 583 921 653 σπουδῇ,
982 585 1072 637 τὸν
1117 586 1321 658 ταύτης
1368 588 1524 655 λόγον
1571 587 1806 658 ἠγνόησε
1835 603 1847 616 ·

263 673 389 728 καθ’
413 673 472 726 ὃν
500 673 604 725 ἔδει
634 674 922 744 κινηθέντα
951 676 1152 744 γνῶναι
1185 680 1268 742 τίς
1294 679 1392 749 μὲν
1419 678 1634 747 φύσεως
1663 678 1850 749 νόμος,

261 765 350 827 τίς
393 765 452 817 δὲ
493 764 680 818 παθῶν
720 769 751 836 ἠ
794 767 912 820 καθ’
936 769 1145 839 αἵρεσιν
1170 771 1501 841 γνωμικῶς,
1534 771 1723 824 ἀλλὀὐ
1757 787 1852 840 φυ-

265 855 435 919 σικῶς
463 856 936 927 ἐπισυμὸαίνουσα
962 861 1200 930 κατέστη
1223 862 1494 932 τυραννίς·
1527 862 1621 915 καὶ
1641 862 1730 915 τὸν
1753 862 1852 932 μὲν

262 948 729 1018 περιποιήσασθαι
778 952 899 1013 ταῖς
940 956 1198 1020 φυσικαῖς
1240 953 1675 1025 συντηρούμενον
1703 956 1852 1024 ἐνερ-

261 1039 478 1107 γείαις,
510 1039 607 1110 τὴν
632 1040 688 1094 δὲ
731 1042 829 1110 τῆς
877 1043 1102 1116 γνώμης
1130 1045 1404 1100 ἀπελάσαι
1438 1046 1658 1118 μακρὰν
1684 1086 1699 1111 ,
1759 1049 1852 1100 καὶ

259 1129 340 1201 τῷ
364 1131 508 1200 λόγῳ
537 1131 868 1203 διατηρῆσαι
894 1134 992 1205 τὴν
1019 1135 1180 1205 φύσιν
1203 1176 1217 1199 ,
1274 1137 1357 1205 ἐφ’
1377 1138 1574 1207 ἑαυτῆς
1606 1136 1850 1190 ἑστῶσαν

261 1223 514 1291 καθαρὰν
548 1225 642 1277 καὶ
673 1225 976 1296 ἀμώμητον
1009 1226 1310 1300 [ἄμωμον],
1341 1229 1509 1301 χωρὶς
1539 1229 1731 1300 μίσους
1758 1232 1852 1283 καὶ

259 1313 629 1378 διαστάσεωςο
683 1319 778 1370 καὶ
828 1321 893 1389 τῇ
941 1318 1102 1388 φύσει
1157 1320 1318 1374 πάλιν
1366 1321 1707 1391 καταστῆσαι
1752 1321 1849 1392 τὴν

259 1404 490 1475 γνώμην
519 1407 880 1479 συνέμπορον,
914 1411 1082 1482 μηδὲν
1107 1413 1387 1476 παντελῶς
1419 1413 1847 1485 ἐπιφερομένην,

255 1494 336 1553 ὧν
363 1501 392 1553 ὁ
416 1504 512 1572 τῆς
538 1501 753 1571 φύσεως
782 1505 884 1558 οὐκ
908 1501 1189 1560 ἐπιδίδωσι
1212 1506 1368 1575 λόγος
1385 1522 1399 1535 '
1455 1507 1550 1560 καὶ
1573 1505 1662 1559 διὰ
1692 1506 1850 1560 τοῦτο

261 1595 424 1662 μῖσος
472 1594 618 1648 ἆπαν
641 1633 658 1658 ,
719 1597 810 1649 καὶ
855 1599 1038 1652 πᾶσαν
1068 1599 1162 1652 τοῦ
1196 1599 1338 1652 κατά
1365 1599 1526 1668 φύσιν
1555 1597 1849 1668 συγγενοῦς

258 1685 571 1756 ἀποστῆσαι
599 1687 908 1755 διάστασιν,
945 1691 1030 1744 ἵνα
1055 1692 1263 1763 ταύτην
1284 1693 1456 1762 λέγων
1487 1693 1586 1764 τὴν
1614 1710 1848 1764 προσευ-

260 1777 366 1847 χὴν
417 1780 788 1850 είσακούηται,
843 1784 937 1836 καὶ
983 1783 1176 1855 διπλῆν
1222 1784 1338 1839 ἀνθ’
1363 1785 1543 1855 ἁπλῆς
1571 1785 1722 1856 παρά
1753 1784 1848 1839 τοῦ

259 1869 399 1922 θεοῦ
435 1871 656 1941 δέχηται
683 1873 844 1945 χάριν
867 1917 882 1940 ,
947 1877 1049 1947 τήν
1077 1894 1137 1930 τε
1165 1878 1275 1932 τῶν
1307 1877 1633 1948 φθασάντων
1664 1876 1850 1948 πλημ-

262 1959 597 2029 μελημάτων
626 1963 995 2036 συγχώρησιν,
1033 1968 1128 2022 καὶ
1153 1968 1254 2039 τὴν
1297 1968 1392 2022 ἐπὶ
1434 1969 1548 2030 τοῖς
1595 1965 1849 2037 μέλλουσι

263 2050 474 2121 σκέπην
533 2055 626 2108 καὶ
675 2055 983 2127 λύτρωσιν’
1070 2060 1148 2122 εἷς
1198 2077 1258 2113 τε
1319 2057 1624 2130 πειρασμὸν
1676 2057 1850 2111 ἐλθεῖν

266 2141 343 2212 μὴ
394 2147 846 2218 συγχωρούμενος
872 2190 887 2216 ,
971 2152 1066 2205 καὶ
1117 2151 1197 2223 τῷ
1245 2151 1468 2222 πονηρῷ
1517 2149 1850 2222 δουλωθῆναι

263 2235 340 2304 μὴ
381 2236 704 2306 ἀφιέμενος,
738 2241 879 2314 ὑπὲρ
923 2243 1064 2310 ἐνὸς,
1115 2245 1207 2298 τοῦ
1245 2246 1358 2308 τοῖς
1404 2244 1571 2306 πέλας
1614 2243 1847 2314 ἑτοίμως

260 2325 480 2394 ἀφιέναι
509 2330 579 2383 τά
605 2331 970 2403 ὀφειλήματα.
1022 2333 1024 2335 ’

1955 515 2083 566 quc,
2111 515 2232 570 qua:
2260 516 2364 556 nec
2392 499 2503 555 sint
2525 499 2770 570 quidem,
2799 515 2862 556 ac
2890 501 3026 556 nihil
3059 502 3189 565 sint,
3217 505 3528 572 posthabita

1955 599 2174 654 natura,
2205 606 2316 659 quo
2348 606 2407 645 se
2441 590 2552 644 illis
2585 589 2770 644 studio
2802 589 3031 654 addixit,
3065 591 3228 661 hujus
3259 593 3528 650 rationem

1955 684 2262 753 ignoravit;
2318 700 2422 753 qua
2472 692 2682 736 motum
2733 693 2898 753 atque
2952 683 3307 750 instinctum,
3354 688 3527 759 legem

1953 782 2185 838 naturae,
2213 791 2460 846 quaenam
2493 775 2584 839 sit,
2619 791 2779 830 nosse
2809 791 2935 829 eum
2971 778 3242 845 oportuit;
3280 794 3528 848 quianam

1957 866 2089 919 item
2125 866 2605 936 perturbationum
2639 866 3014 935 vitiorumque
3045 867 3127 920 vis
3163 883 3225 921 ac
3260 871 3527 939 tyrannis,

1954 973 2075 1027 qua:
2102 975 2213 1012 non
2241 967 2459 1021 natura,
2489 957 2585 1014 sed
2613 958 2894 1013 voluntate
2927 973 2991 1012 ac
3020 957 3251 1012 arbitrio
3280 961 3332 1015 ei
3359 961 3532 1017 inole-

1952 1050 2031 1104 vit
2071 1068 2084 1103 :
2125 1065 2191 1104 ac
2231 1049 2641 1120 illam‘quidcm
2683 1049 2901 1120 (nempe
2942 1060 3152 1105 natura:
3187 1052 3381 1122 legem)
3424 1055 3530 1109 sibi

1953 1142 2245 1205 asciscere,
2277 1156 2442 1210 quam
2473 1141 2755 1195 naturales
2787 1141 3135 1210 operationes
3168 1155 3527 1211 conservant;

1954 1233 2095 1287 hanc
2116 1247 2247 1286 vero
2272 1232 2402 1302 (vim
2426 1232 2636 1287 scilicet
2657 1247 2722 1286 ac
2745 1231 3111 1302 tyrannidem)
3137 1235 3326 1303 procul
3349 1235 3531 1290 animo

1923 1380 1928 1386 ,
1953 1325 2228 1395 ablegare,
2257 1335 2422 1394 atque
2446 1324 2659 1379 ratione
2691 1325 2979 1379 continere
3012 1336 3289 1388 naturam,
3319 1343 3442 1396 quae
3476 1328 3529 1382 in

1954 1434 2012 1474 se
2036 1419 2241 1473 munda
2264 1434 2329 1473 ac
2350 1417 2516 1489 364
2538 1418 2678 1473 labis
2704 1433 2862 1487 pura,
2887 1418 3006 1473 sine
3029 1418 3157 1472 odio
3180 1419 3532 1490 divortioque

1953 1511 2248 1576 consistat;
2286 1525 2589 1579 rursusque
2623 1520 2835 1566 natura:
2857 1510 3192 1566 voluntatem
3227 1528 3334 1566 una
3361 1514 3532 1567 comi-

1952 1609 2062 1656 tem
2094 1601 2329 1664 sociare,
2355 1615 2476 1669 qua:
2510 1599 2647 1654 nihil
2680 1615 2906 1669 prorsus
2939 1600 3156 1665 inferat,
3188 1617 3352 1670 quam
3382 1603 3530 1672 quod

1952 1700 2162 1746 natura:
2203 1690 2342 1745 ratio
2383 1690 2607 1756 tribuit;
2651 1705 2716 1745 ac
2753 1691 2984 1760 proinde
3022 1705 3185 1745 omne
3227 1691 3434 1754 odium,
3467 1708 3532 1748 ac

1952 1781 2222 1852 quidquid
2255 1779 2470 1836 dissidii
2509 1789 2614 1845 est,
2644 1781 2713 1835 ab
2753 1781 2823 1835 iis
2859 1796 2998 1850 quos
3037 1781 3285 1852 ejusdem
3321 1790 3534 1840 natura:

1947 1873 2303 1930 necessitudo
2331 1872 2634 1936 consociat,
2659 1872 3012 1938 submovere,
3039 1883 3098 1928 ut
3123 1873 3263 1927 hanc
3293 1874 3535 1929 I‘CCilallS

1949 1967 2257 2022 orationem
2288 1965 2635 2029 exaudiatur,
2663 1965 3051 2034 duplicemque
3077 1979 3107 2019 a
3136 1965 3247 2020 Deo
3276 1980 3376 2034 pro
3404 1965 3537 2020 sim-

1951 2059 2080 2128 plici
2113 2057 2344 2128 gratiam
2376 2064 2778 2126 consequatur;
2815 2065 2931 2110 tum
2971 2056 3184 2111 scilicet
3215 2065 3277 2111 ut
3308 2066 3535 2126 prater-

1952 2154 2154 2208 itorum
2182 2150 2341 2207 venia
2369 2149 2696 2204 delictorum
2728 2148 2986 2212 donetur,
3021 2158 3134 2202 tum
3173 2157 3234 2202 ut
3267 2148 3536 2225 adversus

1951 2243 2139 2297 futura
2187 2240 2284 2296 Dei
2337 2238 2593 2320 prmsjdio
2643 2246 2794 2293 tutus
2845 2238 2918 2292 sit
2969 2238 3146 2308 iisque
3197 2239 3468 2294 liberetur
3516 2256 3530 2292 :

1952 2343 2118 2403 atque
2161 2341 2222 2386 ut
2267 2346 2378 2384 non
2421 2329 2773 2400 permittatur
2809 2329 2999 2383 venire
3046 2329 3101 2382 in
3145 2329 3532 2394 tentationem,

257 2433 366 2475 nec
396 2423 796 2494 mancipandus
826 2429 969 2498 malo
995 2428 1314 2497 deseratur;
1346 2446 1459 2487 uno
1488 2433 1596 2487 hoc
1625 2432 1850 2487 nomine
1887 2445 1952 2486 ac
1982 2428 2161 2492 titulo,
2227 2425 2374 2496 quod
2440 2433 2698 2494 prompto
2727 2426 2919 2479 animo
2941 2423 3204 2494 proximis
3233 2425 3419 2480 debita
3447 2439 3534 2479 rc-

259 2510 467 2567 mittat.

331 2605 633 2676 Τοιγαροῦν
663 2609 756 2661 καὶ
785 2611 965 2680 ἡμεῖς,
1027 2611 1116 2666 ἵνα
1147 2614 1339 2685 μικρὸν
1363 2615 1702 2679 ἀναποδίζων
1732 2617 1853 2669 ἐπι-

259 2697 444 2766 τὸμως
491 2699 701 2755 ἐπέλθω
752 2702 858 2755 τῶν
899 2704 1208 2774 εἰρημένων
1253 2708 1353 2777 τὴν
1382 2707 1632 2780 δύναμιν,
1696 2707 1854 2780 εἴπερ

260 2787 358 2841 τοῦ
385 2792 624 2861 πονηροῦ
659 2793 925 2866 ρυσθῆναι
948 2835 963 2860 ,
1022 2796 1117 2849 καὶ
1151 2799 1230 2860 εἰς
1260 2800 1568 2871 πειρασμὸν
1591 2799 1853 2853 εἰσελθεῖν

259 2879 324 2931 οὐ
370 2878 708 2951 βουλόμεθα,
758 2885 1141 2956 πιστεύσωμεν
1183 2886 1261 2957 τῷ
1293 2887 1430 2958 Θεῷ,
1486 2891 1582 2941 καὶ
1623 2888 1852 2959 ἀφῶμεν

258 2969 332 3021 τὰ
379 2971 722 3080 ρφειλήματα
772 2979 884 3039 τοῖς
935 2976 1240 3045 ὀφειλέταις
1287 2978 1446 3048 ἡμῶν
1472 2995 1484 3009 ·
1534 2979 1676 3033 Ἐὰν
1717 2981 1846 3048 γὰρ,
1877 3019 1921 3080 C

262 3063 433 3133 φησὶ,
483 3064 569 3132 μὴ
611 3065 803 3134 ἀφῆτε
854 3067 978 3133 τοῖς
1001 3068 1338 3137 ἀνθρώποις
1364 3071 1436 3124 τὰ
1464 3064 1852 3140 ἁμαρτήματα

260 3155 480 3219 αὐτῶν,
536 3158 674 3210 οὔτε
724 3161 758 3212 ὁ
807 3159 1008 3228 Πατὴρ
1047 3161 1213 3230 ὑμῶν
1259 3165 1292 3216 ό
1325 3161 1604 3231 οὐράνιος
1628 3162 1851 3232 ἀφήσει

259 3247 434 3316 ὑμῖν-⁸
491 3248 578 3300 ἵνα
633 3248 707 3321 μὴ
755 3250 914 3320 μόνον
961 3251 1154 3320 ἄφεσιν
1196 3252 1452 3323 λάϐωμεν
1494 3246 1568 3306 ὧν
1596 3253 1850 3324 πεπλημ-

265 3339 609 3411 μεληκαμεν,
642 3340 778 3394 ἀλλά
800 3343 895 3394 καὶ
916 3341 1009 3395 τὸν
1033 3344 1194 3414 νόμον
1219 3345 1534 3415 νικήσωμεν
1557 3347 1656 3414 τῆς
1680 3346 1853 3416 ἁμαρ·

259 3429 405 3494 τίας,
466 3433 546 3494 είς
587 3431 686 3504 τὴν
728 3431 894 3488 αὑτοῦ
939 3436 1137 3505 πεῖραν
1184 3435 1447 3490 εἰσελθεῖν
1493 3437 1592 3490 οὐκ
1617 3439 1850 3506 ἐγκατα-

261 3521 618 3592 λειπόμενοι·
683 3525 778 3579 καὶ
828 3525 919 3579 τὸν
992 3527 1183 3581 τούτου
1252 3530 1554 3601 γεννήτορά
1616 3529 1850 3603 πονηρὸν

263 3615 599 3684 πατήσωμεν
642 3615 786 3686 ὅφιν,
841 3616 935 3685 ἀφ’
961 3612 1024 3672 οὗ
1070 3618 1336 3689 ρυσθῆναι
1382 3619 1850 3691 παρακαλοῦμενο

266 3706 700 3776 στρατηγοῦντος
754 3709 885 3778 ἡμῖν
956 3709 1052 3763 τοῦ
1127 3709 1220 3762 τὸν
1277 3709 1480 3781 κόσμον
1532 3711 1852 3782 νικήσαντος

262 3797 524 3868 Χριστοῦ,
552 3799 646 3852 καὶ
673 3801 787 3862 τοῖς
813 3800 999 3871 νόμοις
1019 3800 1130 3854 τῶν
1153 3801 1384 3855 ἐντολῶν
1411 3801 1848 3867 καθοπλίζοντος,

264 3890 363 3942 καὶ
399 3890 643 3960 νομίμως
675 3893 742 3962 τῇ
772 3891 882 3945 τῶν
909 3891 1098 3947 παθῶν
1133 3893 1426 3958 ἀποθέσει,
1483 3893 1621 3965 πρὸς
1652 3895 1853 3966 ἑαυτὴν

262 3982 331 4035 δι’
356 3983 579 4052 ἀγάπης
631 3984 730 4055 τὴν
773 3982 936 4053 φύσιν
969 3985 1274 4050 συνδέοντος
1298 4001 1313 4016 ο
1375 3984 1469 4038 καὶ
1500 3984 1636 4055 πρὸς
1663 3984 1853 4039 ἑαυτὸν

264 4077 428 4146 ἄρτον
453 4076 580 4130 tm
611 4075 780 4146 ζωῆς,
803 4077 996 4145 σοφίας
1021 4094 1078 4130 τε
1108 4076 1202 4130 καὶ
1227 4075 1482 4145 γνώσεως
1520 4078 1612 4130 καὶ
1643 4077 1851 4130 δικαιο-

269 4168 455 4238 σύνης,
504 4167 778 4231 κινοῦντος
826 4169 982 4239 ἡμῶν
1030 4167 1347 4238 ἀκορέστως
1377 4168 1477 4238 τὴν
1506 4169 1720 4239 ὄρεξιν·
1757 4167 1853 4220 καὶ

265 4261 332 4329 τῇ
366 4258 645 4328 πληρώσει
674 4259 770 4312 τοῦ
800 4259 1077 4331 Πατρικοῦ
1110 4259 1416 4331 θελήματος
1449 4262 1564 4324 τοῖς
1597 4260 1852 4329 ἀγγέλοις

270 4352 578 4423 ὀμολάτρας
633 4353 786 4422 ἡμᾶς
840 4351 1249 4418 καθιστῶντος,
1295 4355 1363 4423 τῇ
1407 4352 1549 4406 κατὰ
1596 4352 1687 4404 τὸν
1737 4352 1850 4424 βίον
1881 4376 1928 4434 ι)

265 4445 457 4515 ἀγωγῇ
505 4445 604 4515 τὴν
650 4445 970 4516 ἐπουράνιον
1013 4445 1332 4516 εὐμιμήτως
1365 4444 1730 4514 ἐμφαίνοντας
1754 4445 1847 4498 εὐ-

264 4536 560 4606 αρέστησιν
582 4552 596 4566 ·
655 4536 912 4590 κάκεῖθεν
959 4537 1122 4590 πάλιν
1165 4537 1256 4589 ἐπὶ
1282 4534 1381 4607 τὴν
1406 4536 1714 4608 ἀκροτάτην
1740 4537 1850 4591 τῶν

263 4629 426 4682 θείων
457 4630 721 4683 ἀνάϐασιν
751 4630 887 4701 πρὸς
915 4629 1006 4684 τὸν
1035 4630 1255 4701 Πατέρα
1282 4629 1392 4684 τῶν
1417 4628 1611 4698 φώτων
1639 4630 1852 4698 ἐνάγον-

260 4737 396 4785 τος,
462 4721 556 4773 καὶ
607 4720 759 4784 θείας
805 4721 1256 4793 ἀπεργαζομένου
1296 4720 1510 4791 φύσεως
1541 4722 1849 4787 κοινωνοὺς,

258 4820 330 4888 τῇ
388 4817 530 4869 κατά
581 4818 742 4889 χάριν
804 4818 1016 4889 μεθέξει
1075 4816 1167 4871 τοῦ
1213 4815 1567 4887 Πνεύματος,
1628 4813 1749 4869 καθ’
1785 4813 1850 4886 ἢν

256 4909 432 4962 τέκνα
474 4907 608 4961 Θεοῦ
661 4907 1116 4980 χρηματίσωμεν,
1172 4907 1334 4961 αὑτὸν
1376 4906 1468 4959 τὸν
1512 4904 1724 4977 [marg.
1749 4901 1844 4958 Fr.

261 5001 494 5063 ’Λκουε,
524 5000 706 5074 Νεῖλε]
758 5001 964 5071 ταύτης
1010 4999 1309 5069 αὐτουργὸν
1353 4999 1452 5069 τῆς
1481 4997 1722 5068 χάριτος,
1756 4996 1850 5051 καὶ

257 5093 406 5146 κατά
435 5092 596 5162 φύσιν
625 5093 718 5146 τοῦ
745 5093 958 5161 Πατρὸς
978 5092 1127 5156 Υίὸν,
1151 5091 1269 5145 ὅλον
1298 5090 1406 5143 ὅλοι
1435 5090 1557 5161 δίχα
1583 5106 1850 5160 περιγρα-

260 5181 373 5251 φῆς
406 5182 691 5253 ἀχράντως
719 5181 1171 5252 περικομξζοντες
1190 5199 1203 5211 ο
1241 5181 1301 5245 ἐξ
1331 5173 1412 5245 οὗ,
1445 5181 1539 5233 καὶ
1568 5176 1732 5241 διὀὗ.
1759 5179 1852 5233 καὶ

256 5273 316 5328 ἐν
365 5265 412 5341 ᾧ
457 5273 518 5326 τὸ
553 5270 690 5328 εἷναί
719 5292 778 5327 τε
812 5275 905 5328 καὶ
935 5273 1236 5337 κινεῖσθαι,
1304 5273 1400 5326 καὶ
1442 5271 1541 5345 ζῇν
1570 5271 1765 5343 ἔχομέν
1793 5289 1852 5325 τε

256 5365 359 5419 καὶ
391 5364 610 5435 ἕξομεν.

334 5458 484 5528 Πρὸς
529 5457 688 5509 τοῦτο
718 5457 774 5510 δὲ
819 5458 917 5526 τῆς
948 5455 1198 5518 θεώσεως
1229 5455 1288 5508 τὸ
1318 5456 1616 5525 μυστήριον
1643 5455 1854 5524 βλέπων

256 5550 394 5619 ἡμῖν
445 5547 589 5602 ἔστω
632 5551 731 5619 τῆς
776 5547 1086 5620 προσευχῆς
1133 5548 1162 5598 ὁ
1205 5547 1437 5610 σκοπὸς,
1499 5547 1585 5599 ἴνα
1615 5547 1854 5617 γνῶμεν,

328 5692 378 5724 ³⁸
413 5689 607 5745 Matth.
635 5704 706 5753 vt,
744 5689 829 5742 Η.
945 5688 988 5719 ³³
1017 5685 1154 5741 Gen.
1188 5703 1265 5751 Ill,
1303 5687 1367 5756 1.,

630 5777 902 5837 ΡΑΤιιοι..
948 5776 1061 5836 Gn.
1107 5776 1236 5861 _XC.

1465 5685 1511 5718 ⁸ο
1537 5686 1696 5742 Joan.
1727 5702 1837 5751 xvr,
1874 5685 1943 5742 35
2041 5689 2083 5720 ”
2121 5687 2236 5745 Jac.
2273 5690 2424 5756 ι,1¹Ι.

2025 2614 2170 2684 Ergo
2199 2627 2298 2666 nos
2328 2626 2572 2681 quoque,
2598 2619 2679 2678 ut,
2711 2612 2982 2682 tantisper
3005 2611 3231 2667 reducta
3259 2614 3530 2679 oratione,

1952 2704 2227 2760 dictorum
2273 2703 2383 2757 vim
2443 2703 2772 2774 compendio
2822 2715 3127 2772 exponam,
3179 2702 3451 2772 siquidem
3501 2720 3534 2759 a

1950 2799 2096 2852 malo
2143 2795 2370 2852 liberari
2408 2796 2695 2859 volumus,
2736 2796 2850 2849 Deo
2895 2808 3104 2848 morem
3145 2809 3425 2864 geramus,
3469 2811 3535 2851 ac

1951 2888 2302 2944 debitoribus
2328 2887 2534 2941 nostris
2558 2885 2744 2942 debita
2773 2885 3116 2940 dimittamus
3140 2903 3152 2938 :
3185 2883 3242 2939 Si
3265 2887 3402 2939 enim
3430 2902 3535 2940 non

1950 2981 2283 3044 dimiseritis,
2329 2978 2542 3048 inquit,
2583 2977 2876 3032 hominibus
2923 2983 3135 3048 peccata
3185 2993 3397 3044 eorum,
3433 2994 3536 3032 nec

1953 3071 2116 3126 Pater
2141 3078 2309 3124 vester
2335 3069 2554 3123 cwlestis
2588 3069 2813 3122 dimittet
2849 3068 2986 3122 vobis
3007 3069 3082 3133 ‘3;
3122 3078 3182 3122 ut
3211 3084 3324 3122 non
3358 3070 3534 3124 solum

1954 3163 2282 3218 delictorum
2307 3162 2524 3217 veniam
2551 3176 2977 3229 consequamur,
3001 3175 3192 3215 verum
3215 3161 3381 3215 etiam
3411 3177 3538 3231 pec-

1954 3255 2062 3309 cati
2094 3255 2269 3326 legem
2301 3255 2609 3318 vincamus,
2641 3267 2782 3323 quos
2811 3253 2957 3307 Deus
2989 3267 3101 3307 non
3133 3251 3354 3307 deserat
3385 3264 3446 3306 ut
3481 3253 3536 3306 in

1953 3346 2102 3402 illius
2142 3347 2500 3402 tentationem
2535 3346 2837 3410 intremus;
2877 3345 3107 3416 ejusque
3136 3345 3537 3415 nequissimum

1953 3445 2241 3509 parentem
2276 3440 2609 3510 (serpentem
2645 3437 2856 3492 scilicet
2876 3437 2941 3502 ³⁹,
2970 3451 3001 3490 a
3030 3451 3141 3506 quo
3174 3448 3278 3491 nos
3310 3435 3537 3490 liberari

1954 3530 2230 3600 rogamus)
2253 3537 2632 3598 proteramus;
2653 3527 2893 3592 Christo,
2912 3528 3008 3597 qui
3031 3528 3294 3582 mundum
3317 3527 3450 3582 vicit
3469 3528 3537 3593 δυ,

1952 3621 2116 3676 nobis
2167 3621 2306 3676 duce
2357 3636 2422 3676 ac
2476 3621 2843 3690 imperatore,
2885 3634 3102 3674 necnon
3153 3619 3536 3674 mandatorum

1954 3712 2110 3767 scitis
2143 3712 2300 3782 quasi
2337 3711 2507 3766 armis
2538 3711 2881 3774 instruente;
2920 3709 3272 3781 legitimeque
3308 3709 3538 3780 abjectis

1953 3801 2469 3872 perturbationibus
2512 3809 2678 3870 atque
2721 3798 2902 3863 vitiis,
2943 3799 3257 3854 dilectionis
3302 3799 3537 3852 vinculis

1953 3901 2209 3947 naturam
2257 3892 2365 3947 sibi
2408 3891 2767 3962 astringente,
2805 3900 2969 3960 atque
3014 3890 3083 3944 ad
3130 3904 3208 3955 se,
3242 3889 3337 3958 qui
3381 3890 3539 3959 panis

1954 3982 2100 4047 vitae,
2126 3982 2521 4051 sapientiaque
2550 3989 2607 4036 et
2637 3981 2883 4036 scientia:
2910 3995 2976 4034 ac
3005 3979 3233 4050 justitize
3266 3980 3358 4044 sit,
3389 3980 3537 4034 insa-

1955 4073 2134 4128 tiabili
2166 4073 2446 4128 desiderio
2479 4072 2780 4143 appetitum
2815 4081 3066 4128 nostrum
3101 4072 3402 4138 illiciente;
3439 4088 3537 4136 ac,

1955 4164 2051 4234 qui
2086 4163 2267 4218 Patris
2297 4164 2636 4240 voluntatem
2671 4162 3104 4233 adimpleamus,
3138 4177 3299 4232 pares
3332 4163 3540 4233 angelis

1956 4255 2201 4310 cultores
2229 4270 2296 4309 ac
2326 4254 2649 4309 adoratores
2679 4253 2970 4320 reddente,
3002 4253 3271 4309 institutis
3294 4255 3418 4309 vita:
3449 4269 3539 4308 ra-

1957 4346 2203 4402 tionibus
2225 4361 2551 4426 morumque
2573 4345 2888 4417 disciplina,
2911 4362 3019 4416 qua
3048 4345 3127 4401 illi
3151 4345 3361 4416 accepti
3390 4355 3538 4411 sunt,

1955 4438 2236 4495 caelestem
2262 4438 2390 4494 vita:
2423 4439 2692 4493 rationem
2727 4439 2989 4508 praeclare
3020 4440 3343 4494 aemulantes
3376 4451 3541 4509 atque

1957 4531 2264 4587 imitatione
2290 4531 2614 4598 reddentes;
2646 4531 2887 4602 indeque
2913 4547 3105 4586 rursus
3127 4531 3194 4584 ad
3222 4546 3539 4600 supremum

1923 4677 1927 4682 .
1959 4622 2274 4678 divinorum
2305 4637 2597 4678 ascensum
2629 4623 2882 4694 (Patrem
2915 4623 3129 4678 scilicet
3159 4621 3434 4674 luminum
3459 4621 3537 4690 Μ)

1960 4711 2278 4779 inducente,
2309 4728 2374 4768 ac
2413 4712 2613 4768 divinm
2652 4721 2937 4768 consortes
2980 4720 3188 4766 naturte
3207 4710 3274 4775 ",
3306 4709 3540 4779 Spiritus

1957 4806 2148 4876 gratia:
2190 4805 2593 4876 impartitione,
2633 4805 2934 4871 reddente;
2985 4819 3094 4873 qua
3142 4802 3402 4856 nimirum
3443 4803 3538 4856 Dei

1959 4897 2057 4952 ﬁlii
2094 4913 2314 4964 sumus,
2346 4899 2522 4970 ipsum
2567 4900 2686 4970 ejus
2725 4897 2856 4952 doni
2904 4904 3220 4959 auctorem,
3252 4895 3538 4963 Patrisque

1959 4996 2154 5044 natura
2183 4990 2380 5044 Filium
2416 4999 2592 5045 totum
2627 4989 2726 5045 toti
2759 4990 2896 5044 citra
2931 5003 3152 5043 omnem
3190 4987 3540 5042 circumscri-

1959 5083 2206 5152 ptionem
2237 5083 2563 5137 intemerato
2589 5081 3076 5146 circumferentes;
3109 5095 3175 5134 ex
3201 5095 3332 5148 quo,
3358 5087 3414 5131 et
3442 5092 3540 5146 per

1961 5189 2145 5244 quem,
2168 5183 2226 5230 et
2255 5174 2311 5228 in
2335 5189 2466 5244 quo,
2491 5182 2552 5229 ut
2579 5173 2751 5228 simus
2776 5180 2832 5227 et
2854 5186 3174 5224 moveamur
3205 5177 3367 5238 atque
3390 5169 3540 5222 viva-

1961 5281 2085 5320 mus
2103 5266 2150 5298 ”
2175 5275 2231 5321 et
2259 5267 2526 5321 habemus
2555 5275 2612 5320 et
2635 5263 2878 5321 habituri
2910 5278 3120 5316 sumus.

2033 5456 2114 5510 Ad
2147 5457 2252 5511 hoc
2278 5465 2462 5510 autem
2493 5455 2654 5510 nobis
2679 5453 3041 5509 deiﬁcationis
3068 5451 3386 5523 mysterium
3421 5464 3540 5516 spe-

1967 5556 2078 5602 ctet
2104 5547 2374 5602 orationis
2392 5563 2611 5617 scapus,
2638 5557 2700 5603 ut
2728 5546 3049 5601 noverimus
3076 5543 3236 5616 365
3260 5543 3447 5613 quales
3475 5557 3540 5596 ex

2523 5690 2569 5769 δέ
2598 5689 2644 5746 ll
2674 5689 2822 5744 Petr.
2850 5704 2890 5752 ι,
2918 5688 2970 5743 4.
3049 5687 3095 5720 ”
3117 5686 3239 5741 Act.
3275 5700 3402 5751 xvii,
3441 5683 3538 5738 98.

3120 5779 3196 5842 29
