4036 6210
528 302 633 356 907

1696 295 1757 354 S.
1798 291 2085 354 MAXIMI
2123 286 2636 356 CONFESSORIS

3703 268 3807 350 903

523 405 732 475 quibus
760 401 1039 473 Unigeniti
1076 415 1178 455 nos
1207 414 1307 472 per
1339 414 1564 457 carnem
1592 399 1899 455 exinanitio
1927 397 2112 455 reddi-

2217 396 2334 452 άνθ*
2359 397 2523 460 οἴων,
2578 395 2724 459 οἴους
2776 396 2926 465 ἡμᾶς
2975 397 3009 468 ἡ
3051 394 3140 450 διὰ
3185 394 3385 467 σαρκδς
3426 394 3665 459 κένωσις
3709 394 3804 448 τοῦ

524 497 700 560 derit,
732 512 796 552 ac
821 494 988 558 unde,
1012 508 1122 563 quo
1155 491 1272 563 (qui
1302 492 1545 547 infimam
1575 507 1763 548 rerum
1789 491 1955 562 hujus
1985 491 2110 546 uni-

527 588 673 644 versi
708 586 929 651 sedem,
955 578 1109 657 gravi
1140 600 1243 641 nos
1280 585 1490 656 peccati
1531 600 1700 642 onere
1732 584 2109 654 deprimente,

524 679 937 751 receperamus)
986 676 1398 747 benignissima;
1444 691 1546 731 nos
1588 676 1827 731 dextera:
1866 673 2113 745 polentia

525 773 805 835 cvexerit,
844 769 1258 840 impensiusque
1299 783 1428 823 eum
1472 767 1797 837 diligamus,
1834 766 1928 836 qui
1970 767 2113 820 hanc

526 863 691 920 nobis
745 862 978 918 salutem
1034 861 1270 931 sapienti
1326 859 1466 914 adeo
1517 859 1751 915 consilio
1809 857 2108 925 struxerit;

524 956 842 1026 nostrisque
875 954 1015 1010 adeo
1044 953 1147 1024 ipsi
1183 953 1515 1018 actionibus,
1547 953 1771 1023 plenum
1804 950 2110 1006 orationem

525 1051 786 1107 effectum
818 1055 1195 1111 consecutam,
1222 1054 1616 1109 monstremus,
1645 1055 1811 1114 atque
1841 1058 1990 1108 eum,
2015 1041 2111 1111 qui

525 1158 657 1197 vere
694 1155 795 1211 per
828 1137 1060 1211 gratiam
1092 1137 1256 1191 Pater
1289 1142 1403 1202 est,
1436 1135 1610 1191 Deum
1641 1129 1745 1191 nos
1776 1134 2108 1205 praedicare,

526 1233 738 1305 liquido
776 1229 1164 1294 ostendamus;
1207 1243 1318 1283 non
1358 1242 1493 1283 vero
1527 1242 1678 1291 eum,
1708 1227 1806 1297 qui
1846 1241 1946 1297 per
1978 1241 2111 1296 pro~

527 1327 883 1384 brosissimos
928 1323 1161 1387 aﬂectus
1201 1322 1478 1392 vitiaque,
1524 1329 1781 1376 naturam
1824 1318 2111 1391 tyrannice

527 1428 762 1477 conatur
785 1417 1097 1489 opprimere
1123 1429 1187 1470 ae
1207 1414 1314 1470 sibi
1340 1413 1597 1469 addicere
1627 1412 1853 1485 (malum
1877 1411 2108 1483 scilicet)

530 1514 659 1568 vitae
690 1526 795 1566 nos
825 1517 1109 1581 parentem
1139 1506 1346 1563 habere
1377 1504 1667 1560 manifeste
1698 1503 2020 1575 prodamur,
2047 1518 2112 1560 ac

532 1602 937 1674 imprudentes,
967 1600 1135 1654 vitam
1166 1606 1347 1653 morte
1370 1602 1806 1661 commutemus;
1839 1592 2110 1664 siquidem

531 1696 606 1755 ita
643 1702 1043 1762 comparatum,
1077 1698 1138 1744 ut
1172 1698 1406 1759 uterque
1441 1687 1673 1743 clientes
1705 1699 1837 1740 suos
1868 1684 1957 1740 his
1988 1700 2112 1755 quae

2212 485 2493 553 Μονογενο
2526 500 2555 546 ς
2593 486 2997 556 άπειργάσατο’
3034 485 3129 539 καὶ
3155 484 3352 549 πόθεν,
3405 484 3546 550 ποῦ,
3581 486 3716 550 τοὺς
3738 487 3803 540 τὸ

2213 574 2525 630 κατώτατον
2566 576 2660 630 τοῦ
2702 575 2903 640 παντὸς
2934 577 3223 648 εἰληφότας
3263 578 3498 649 χωρίον,
3555 580 3639 642 εἰς
3664 575 3805 651 ὅπερ

2213 671 2360 740 ἡμᾶς
2391 670 2455 723 τὸ
2482 671 2581 744 τῆς
2609 670 2886 741 ἁμαρτίας
2915 672 3081 743 βάρος
3110 672 3387 734 κατέωσε,
3417 672 3655 742 δυνάμει
3682 672 3803 742 φιλ-

2212 759 2506 834 άνθρωπου
2539 763 2724 834 χειρὸς
2751 761 3062 817 ἀνεϐίϐασε·
3100 765 3200 816 καὶ
3230 763 3396 817 πλέον
3420 764 3803 835 ἀγαπήσωμεν

2209 851 2303 906 τὸν
2333 852 2537 924 ταύτην
2562 851 2705 906 οῦτω
2731 852 2912 921 σοφῶς
2932 854 3068 923 ἡμῖν
3091 853 3192 925 τὴν
3214 853 3492 925 σωτηρίαν
3514 855 3805 924 ἑτοιμασά-

2216 962 2377 1016 μενον
2398 963 2411 977 ·
2472 945 2567 999 καὶ
2607 945 2676 998 δι’
2695 938 2772 999 ὧν
2801 945 3115 1016 πράττομεν
3140 984 3154 1008 ,
3209 944 3475 1016 δείξωμεν
3502 946 3607 1015 τὴν
3634 964 3806 1016 προσ-

2202 1037 2380 1108 ευχὴν
2433 1035 2821 1107 πληρουμένην
2841 1075 2856 1100 ,
2915 1035 3012 1088 καλ⁸
3052 1033 3143 1087 τὸν
3192 1034 3408 1106 άληθῶς
3457 1036 3603 1090 κατά
3645 1036 3804 1107 χάριν

2212 1128 2436 1200 Πατέρα
2480 1127 2614 1181 Θεὸν
2660 1127 2920 1197 φανῶμεν
2964 1128 3361 1197 κηρύττω-τερ
3415 1127 3557 1181 ἀλλὰ
3605 1129 3682 1198 μὴ
3716 1128 3804 1181 διά

2211 1220 2320 1273 τῶν
2351 1219 2541 1274 παθῶν
2570 1221 2673 1291 τῆς
2696 1219 2952 1290 ἀτιμίας,
3003 1220 3095 1273 τὸν
3123 1221 3211 1274 ἀεὶ
3235 1220 3579 1291 τυραννικῶς
3606 1221 3805 1273 δεσπό-

2213 1312 2328 1376 ζειν
2393 1310 2776 1383 ἐπιχειροῦντα
2841 1312 2942 1383 τῆς
2990 1312 3207 1381 φύσεως
3252 1312 3528 1384 πονηρὸν,
3586 1313 3804 1383 ἔχοντες

2210 1402 2305 1456 τοῦ
2338 1402 2696 1474 βίου’πατέρα
2729 1403 2916 1472 σαφῶς
2945 1404 3374 1475 ἀποδειχθῶμεν,
3427 1406 3520 1458 καὶ
3551 1405 3804 1476 λάθωμεν

2212 1492 2360 1565 ζωῆς
2405 1489 2985 1561 ἀντικαταλλάττοντες
3031 1495 3293 1550 θάνατον’
3345 1498 3649 1570 ἐπειδήπερ
3693 1500 3805 1554 τῶν

2212 1584 2527 1652 προσόντων
2578 1586 2841 1658 ἑκάτερος
2898 1585 3109 1657 [marg.
3144 1588 3173 1641 6
3200 1587 3335 1649 Θεὸς
3366 1587 3648 1659 δηλονότι,
3704 1594 3799 1644 καὶ

2211 1679 2241 1731 6
2259 1676 2529 1750 διάϐολος]
2551 1681 2663 1742 τοῖς
2685 1678 3068 1751 προσχωροῦσι
3092 1679 3364 1733 ποιεῖσθαι
3392 1681 3683 1749 μετάδοσιν
3702 1682 3797 1735 πέ-

530 1793 832 1857 suppetunt
858 1781 1236 1854 impartiatur;
1270 1779 1351 1835 sic
1376 1777 1639 1833 nimirum
1672 1785 1734 1832 ut
1764 1776 1856 1832 ille
1885 1774 2111 1846 quidem

2213 1784 2403 1838 φυκεν⁶
2437 1771 2466 1822 6
2496 1769 2612 1839 μὲν,
2668 1769 2837 1823 ἀΐδιον
2860 1769 3005 1840 ζωὴν
3033 1771 3146 1832 τοῖς
3169 1769 3460 1837 ἀγαπῶσιν
3485 1771 3652 1825 αὑτὸν
3677 1789 3797 1841 χοιρ-

528 1881 703 1934 vitam
735 1886 1023 1939 aeternam,
1056 1872 1165 1937 his,
1201 1871 1295 1942 qui
1333 1871 1513 1941 ipsum
1546 1868 1805 1940 diligunt,
1837 1865 2111 1923 submini-

528 1976 691 2033 stret;
720 1965 811 2020 hic
836 1979 990 2026 vero,
1009 1962 1117 2027 his,
1138 1960 1234 2031 qui
1258 1959 1327 2015 ad
1354 1960 1534 2031 ipsum
1561 1957 1854 2021 accedunt,
1877 1963 2111 2012 mortem

527 2060 811 2130 importet,
836 2069 1027 2112 earum
1056 2052 1406 2124 suggestione
1435 2050 1827 2117 tentationum,
1850 2064 1974 2121 quae
1999 2062 2111 2105 non

528 2148 892 2221 illubeqtibus
921 2145 1086 2201 nobis
1118 2143 1467 2214 ingeruntur.

599 2238 811 2308 Duplex
856 2235 1004 2289 enim
1042 2243 1128 2288 est
1177 2233 1466 2303 (quantum
1516 2246 1583 2285 ex
1623 2230 1909 2301 Scriptura
1943 2229 2114 2286 disci-
2166 2280 2174 2286 .

529 2327 676 2400 mus)
732 2324 1053 2382 tentationis
1104 2338 1320 2395 genus:
1385 2336 1620 2391 quorum
1673 2323 1936 2384 alterum,
1983 2321 2113 2377 libi-

528 2421 718 2476 dinem
758 2416 964 2482 habet;
1026 2415 1285 2477 alterum,
1338 2412 1586 2467 dolorem
1643 2427 1708 2467 ac
1763 2412 2110 2477 cruciatum;

528 2523 693 2582 atque
725 2508 979 2571 alterum,
1030 2522 1061 2560 a
1108 2505 1281 2560 libera
1326 2504 1612 2559 voluntate
1663 2514 1790 2568 est;
1839 2504 2107 2568 alterum,

529 2602 720 2661 invitis
768 2598 1027 2655 infertur.
1067 2596 1143 2651 Ac
1192 2595 1327 2651 illud
1372 2595 1619 2667 quidem,
1649 2594 1861 2665 peccati
1910 2608 2110 2664 parens

528 2704 633 2761 est,
680 2694 735 2748 in
807 2689 956 2761 quod
994 2703 1155 2743 orare
1196 2686 1360 2742 nobis
1408 2694 1743 2757 praeceptum
1803 2693 1910 2748 est,
1952 2685 2110 2755 juxta

527 2784 747 2843 Domini
797 2781 1128 2845 doctrinam,
1176 2793 1246 2834 ne
1278 2778 1567 2844 intremus,
1608 2792 1733 2832 cum
1769 2778 1849 2832 ait
1883 2794 1898 2831 :
1950 2776 2018 2833 Et
2046 2793 2112 2832 ne

529 2897 623 2937 nos
663 2877 865 2948 inferas
918 2875 974 2930 in
1023 2872 1385 2928 tentationem.
1437 2871 1507 2938 Et
1549 2889 1562 2924 :
1597 2870 1841 2942 Vigilate,
1893 2879 1952 2924 ut
2006 2886 2113 2925 non

527 2968 735 3024 intretis
760 2968 817 3022 in
862 2966 1209 3021 tentationem
1234 2962 1310 3028 “;
1346 2961 1495 3017 istud
1524 2977 1679 3027 vero,
1719 2961 1928 3032 peccati
1964 2962 2112 3018 ultor

529 3066 636 3124 est,
687 3058 797 3122 his,
848 3072 989 3127 quos
1028 3055 1216 3111 invitis
1265 3054 1525 3110 inductos
1559 3053 1920 3121 sustinemus,
1949 3053 2108 3110 labo-

2210 1859 2384 1931 ηγῶν·
2416 1862 2444 1914 6
2468 1860 2544 1925 δὲ,
2576 1859 2806 1914 θάνατον
2830 1863 2895 1931 τῇ
2918 1860 3027 1914 τῶν
3052 1861 3317 1915 ἑκουσίων
3340 1862 3585 1934 ὑποϐολῇ
3611 1880 3796 1934 πειρα-

2216 1949 2370 2021 σμῶν
2395 1953 2508 2015 τοῖς
2538 1949 2848 2019 ἐγγίζουσιν
2869 1950 3131 2022 ἐμποιῶν.

2282 2221 2467 2286 Διττὸς
2523 2221 2632 2294 γὰρ
2710 2221 2853 2277 κατὰ
2899 2220 2997 2291 τὴν
3040 2221 3264 2293 Γραφὴν
3317 2222 3429 2276 τῶν
3473 2224 3803 2295 πειρασμῶν

2210 2315 2241 2369 6
2261 2315 2480 2385 τρόπος·
2517 2317 2545 2368 ὁ
2573 2314 2693 2385 μὲν,
2728 2315 2997 2385 ἡδονικὸς,
3024 2317 3051 2368 6
3077 2314 3153 2379 δὲ,
3183 2315 3461 2385 ὀδυνηρό,·
3494 2319 3593 2370 καὶ
3619 2318 3650 2370 6
3675 2318 3799 2387 μὲν,

2213 2404 2634 2476 προαιρετικὸς,
2670 2408 2700 2459 6
2747 2404 2833 2470 δὲ,
2882 2405 3266 2477 ἀπροαίρετος.
3323 2407 3434 2460 Καὶ⁵
3473 2409 3503 2460 6
3550 2411 3653 2478 μὲν
3700 2411 3805 2480 τῆς

2212 2496 2490 2566 ἁμαρτίας
2533 2499 2833 2566 γεννήτωρ,
2859 2496 2939 2558 είς
2983 2496 3041 2550 ὃν
3082 2496 3363 2564 εἰσελθεῖν,
3409 2499 3555 2553 κατά
3581 2501 3684 2569 τὴν
3706 2500 3803 2555 τοῦ

2211 2588 2418 2660 Κυρίου
2447 2587 2690 2658 διδαχὴν,
2717 2586 3053 2658 ἀπεύχεσθαι
3083 2589 3503 2660 προσετάγημεν
3520 2631 3538 2656 ,
3563 2594 3805 2660 φάσκονο

2210 2694 2323 2741 τος
2356 2679 2462 2733 Kal
2488 2678 2575 2748 μὴ
2598 2679 2951 2750 εἰσενέγκῃς
2976 2678 3136 2750 ἡμᾶς
3162 2683 3251 2748 εις
3275 2685 3633 2753 πειρασμόν.
3668 2686 3800 2751 Καὶ,

2210 2769 2599 2841 Γρηγορεῖτε,
2631 2770 2730 2825 καὶ
2766 2772 3201 2841 προσεύχεσθε,
3244 2774 3345 2827 Ira
3366 2773 3454 2843 μὴ
3483 2777 3808 2846 εἰσέλθητε

2209 2861 2299 2926 είς
2320 2861 2673 2931 πειρασμόν-ο
2708 2862 2737 2914 6
2761 2861 2840 2928 δὲ,
2882 2862 2985 2931 τῆς
3014 2862 3293 2934 ἁμαρτίας
3319 2866 3587 2937 τιμωρὸς,
3632 2868 3804 2921 ἀκου-

2213 2949 2350 3014 σίοις
2397 2948 2575 3002 πόνων
2612 2949 2902 3021 ἐπιφοραῖς
2934 2950 3032 3021 τὴν
3064 2951 3522 3024 φιλαμαρτὴμονα
3556 2956 3805 3020 κολάζων

2208 3038 2483 3094 διάθεσιν
2541 3039 2599 3093 ὃν
2628 3040 2683 3095 εί
2722 3057 2809 3105 τις
2856 3042 3161 3114 ὑπομείνῃ,
3198 3045 3291 3098 καὶ
3332 3046 3572 3117 μάλιστα
3599 3048 3806 3116 κακίας

531 3104 636 3124 νυν.
690 3104 797 3122 --ηι
851 3104 987 3127 an-
1269 3104 1522 3110 ψηνη
1560 3104 1920 3121 unum"--.
1951 3104 2071 3110 --υ

527 3150 708 3215 ribus,
733 3148 944 3219 peccati
970 3155 1244 3202 amantem
1273 3145 1519 3201 animum
1577 3144 1882 3216 castigans;
1913 3144 2105 3201 istius-

2210 3130 2361 3202 ἥλοις
2413 3131 2513 3184 οὐκ
2555 3104 3020 3203 ἐμπεπαρμένος,
3081 3104 3371 3191 ἀκούσεται
3414 3138 3511 3192 τοῦ
3558 3104 3805 3209 μεγάλοῦ

529 3241 678 3301 modi
727 3238 1084 3295 tentationem
1129 3237 1174 3293 si
1208 3237 1334 3308 quis
1378 3236 1706 3292 sustinuerit
1757 3237 1825 3308 (is
1873 3235 2110 3292 maxime

528 3332 623 3402 qui
668 3330 928 3385 vitiorum
961 3343 1026 3383 ac
1075 3326 1336 3397 nequitia}
1379 3324 1547 3380 clavis
1579 3324 1805 3379 minime
1859 3323 2150 3397 confixus.

530 3422 623 3493 sit)
653 3422 874 3477 beatum
899 3418 1165 3474 Jacobum
1202 3416 1408 3472 diserte
1447 3416 1775 3471 clamantem
1812 3414 2110 3470 auditurus

528 3523 659 3569 est:
702 3511 873 3566 Omne
932 3510 1187 3582 gaudium
1241 3509 1559 3576 existimate,
1613 3507 1828 3577 fratres,
1881 3523 2001 3561 cum
2054 3507 2111 3561 in

530 3606 843 3661 tentationes
902 3605 1081 3659 varias
1131 3602 1452 3667 incideritis;
1514 3601 1642 3671 quia
1697 3600 1938 3672 probatio
1984 3599 2112 3669 ﬁdei

528 3707 713 3754 vestra:
758 3697 1072 3768 patientiam
1116 3701 1404 3765 operatur;
1448 3692 1708 3765 patientia
1753 3700 1933 3746 autem
1982 3706 2110 3762 pro-

528 3792 830 3856 bationem;
861 3789 1098 3861 probatio
1143 3794 1320 3842 autem
1352 3802 1482 3857 opus
1520 3786 1807 3856 perfectum
1831 3784 2020 3839 habeat
2042 3783 2107 3837 “.

528 3885 836 3953 Utrumque
885 3889 1068 3937 autem
1108 3877 1484 3935 tentationum
1513 3890 1689 3947 genus
1733 3875 1872 3946 (tum
1899 3873 2112 3930 scilicet

528 3991 720 4032 earum
774 3988 897 4044 quae
938 3987 983 4027 .a
1031 3970 1316 4026 voluntate
1360 3976 1524 4034 sunt,
1558 3978 1675 4024 tum
1713 3982 1834 4037 qua?
1862 3964 2110 4021 exterius

530 4064 877 4138 ingeruntur)
917 4062 1154 4133 maligne
1188 4075 1479 4131 pravoque
1506 4057 1736 4125 consilio
1765 4057 1942 4112 malus
1976 4071 2109 4126 per-

531 4157 783 4229 sequitur
841 4153 1112 4221 enixeque
1177 4157 1366 4215 curat;
1397 4146 1653 4218 primum
1712 4144 1939 4215 quidem
1990 4144 2109 4214 ipse

531 4240 875 4305 seminando,
924 4236 1287 4308 corporisque
1315 4235 1661 4305 voluptatum
1693 4231 1954 4288 illecebra
1983 4229 2108 4286 επὶ-

529 4348 681 4388 nium
728 4328 1072 4402 proliciendo
1110 4342 1179 4382 ac
1227 4324 1517 4390 irritando,
1544 4332 1614 4379 .ut
1656 4339 1692 4379 a
1748 4322 1935 4378 divina
1965 4320 2107 4377 dile-

528 4422 713 4478 ctione
771 4418 1131 4490 cupiditatem
1179 4423 1409 4481 avocet;
1470 4415 1705 4470 alterum‘
1756 4426 1924 4477 vero,
1984 4418 2107 4466 astu

2207 3222 2502 3295 διαρρήδην
2551 3222 2781 3294 βοῶντος
2810 3223 3103 3279 Ἰακώϐου·
3156 3228 3371 3282 Πᾶσαν
3413 3232 3610 3299 χαρὰν
3653 3234 3810 3304 ἡγή-

2209 3317 2425 3376 σασθε,
2447 3312 2700 3383 ἀδελφοί
2716 3332 2857 3385 μου,
2887 3316 3032 3371 ὅταν
3058 3320 3409 3388 πειρασμοῖς
3439 3324 3809 3393 περιπέσητε

2210 3405 2539 3472 ποικίλοις,
2598 3404 2688 3461 ὅτι
2736 3406 2802 3461 τὸ
2848 3406 3121 3478 δοκίμιον
3164 3397 3334 3480 ὑμῶν·
3376 3411 3490 3479 τῆς
3535 3416 3811 3483 πίστεως

2210 3496 2535 3567 ὑπομονὴν
2562 3498 2972 3570 κατεργάζεται
2987 3517 3001 3531 υ
3032 3501 3073 3570 ἡ
3096 3499 3165 3554 δὲ
3184 3504 3482 3574 ὑπομονὴ.
3508 3505 3806 3578 δοκιμήν

2209 3588 2248 3655 ἠ
2274 3587 2343 3641 δὲ
2371 3589 2608 3659 δοκιμὴ,
2642 3593 2820 3660 ἔργον
2843 3592 3078 3646 τέλειον
3101 3592 3304 3663 ἐχέτω.
3348 3596 3723 3670 ’Δμφοτέρους
3745 3601 3812 3656 δὶ

2208 3680 2337 3745 τοὺς
2369 3683 2729 3752 πειρασμοὺς,
2775 3684 2866 3737 τὸν
2894 3684 3143 3741 ἑκούσιόν
3166 3704 3224 3741 τε
3272 3688 3486 3744 καὶτὸν
3516 3691 3806 3761 ἀκούσιον,

2210 3770 2465 3841 περιέπει
2510 3770 2837 3843 κακούργως
2875 3775 2904 3827 6
2945 3776 3210 3848 πονηρός·
3265 3777 3359 3831 τὸν
3386 3779 3508 3850 μὲν,
3558 3782 3812 3855 σπείρων

2211 3863 2308 3916 καὶ
2339 3862 2656 3933 διερεθίζων
2682 3862 2780 3935 τὴν
2806 3863 2987 3937 ψυχὴν
3010 3867 3223 3939 ἡδοναῖς
3245 3868 3519 3941 σώματος,
3553 3874 3810 3947 ἀποστῆ-

2212 3970 2304 4008 σαι
2356 3953 2455 4024 τῆς
2509 3953 2661 4019 θείας
2703 3956 2923 4026 ἀγάπης
2983 3958 3082 4028 τὴν
3129 3958 3313 4028 ἔφεσιν
3359 3964 3810 4033 μηχανώμενοςο

2209 4044 2301 4099 τδν
2327 4045 2386 4099 δὲ
2421 4046 2751 4115 σοφιστικῶς
2784 4045 3109 4115 ὲξαιτεῑται,
3145 4049 3212 4103 δι’
3229 4049 3421 4120 ὀδύνης
3450 4053 3677 4127 φθεῖραι
3707 4058 3813 4128 τὴν

2210 4135 2372 4206 φύσιν
2422 4135 2762 4208 βουλόμενος,
2821 4138 2907 4194 ἵνα
2956 4139 3213 4213 βιάσηται
3250 4143 3349 4214 τὴν
3378 4142 3582 4215 ψυχὴν,
3608 4148 3813 4221 ἀτονία

2209 4229 2389 4284 πόνων
2417 4229 2854 4300 καταϐληθεῖσαν
2873 4271 2889 4297 ,
2947 4233 3087 4305 πρὸς
3113 4235 3212 4308 τὴν
3238 4234 3334 4290 τοῦ
3363 4236 3653 4303 κτίσαντος
3681 4240 3811 4295 δια-

2211 4320 2376 4391 ϐολὴν
2409 4321 2629 4391 κινῆσαι
2657 4322 2784 4384 τοὺς
2811 4321 3127 4394 λογισμούς.

2178 4409 2346 4481 366
2387 4409 2695 4481 fraudeque
2784 4411 3164 4483 deposcendo,
3234 4416 3341 4472 hoc
3371 4394 3687 4491 satagens,
3745 4432 3807 4480 ut

530 4515 719 4575 dolore
762 4526 832 4567 ac
892 4509 1142 4566 cruciatu
1204 4507 1527 4564 labefactata
1556 4516 1775 4572 natura,
1817 4504 2059 4560 animum
2124 4504 2407 4560 laboribus
2472 4503 2817 4561 fatiscentem
2860 4505 2929 4561 ad
2987 4505 3265 4563 Creatoris
3306 4510 3571 4582 injuriam
3614 4529 3682 4570 ac
3710 4531 3805 4571 ca-

531 4606 800 4664 lumniam
857 4612 1033 4675 cogat.

598 4696 711 4752 Nos
762 4710 915 4760 vero,
961 4709 1102 4765 quos
1146 4708 1255 4748 non
1304 4691 1514 4746 lateant
1555 4691 1684 4746 mali
1734 4690 1985 4756 consilia,
2050 4691 2107 4747 id
2138 4707 2186 4767 ι)

529 4788 752 4859 quidem
798 4800 972 4856 genus
1009 4782 1330 4839 tentationis
1373 4782 1522 4852 quod
1558 4783 1842 4837 voluntate
1902 4782 2106 4839 comite

528 4889 635 4943 est,
658 4879 1044 4948 deprecemur,
1069 4891 1139 4931 ne
1171 4890 1202 4930 a
1229 4874 1415 4929 divina
1441 4873 1737 4930 dilectione
1768 4873 2107 4930 desiderium

529 4968 697 5024 animi
747 4966 1135 5022 abstrahamus
1171 4963 1365 5035 :quod
1409 4973 1599 5019 autem
1643 4962 1946 5019 violentum
1998 4972 2104 5030 est,

529 5072 653 5116 cum
720 5058 817 5114 Dei
875 5057 1148 5129 permissu
1202 5065 1451 5127 nutuque
1514 5056 1820 5122 advenerit,
1880 5066 2107 5113 strenue

526 5151 767 5221 fortique
798 5150 984 5206 animo
1021 5148 1430 5215 sustineamus,
1460 5156 1527 5202 ut
1564 5156 1775 5209 natura!
1808 5148 2105 5204 Auctorem

529 5243 635 5313 ipsi
689 5242 836 5297 clare
907 5249 1119 5296 natura:
1172 5254 1274 5294 nos
1334 5240 1646 5310 praetulisse
1708 5245 2104 5294 monstremur.

526 5331 748 5388 Utinam
786 5345 921 5386 vero
952 5344 1147 5385 omnes
1175 5328 1270 5398 qui
1296 5343 1496 5383 nomen
1526 5326 1745 5381 Domini
1773 5326 1949 5381 nostri
1974 5327 2102 5382 Jesu

525 5422 730 5478 Christi
771 5423 1110 5486 invocamus,
1145 5431 1264 5477 tum
1310 5436 1341 5475 a
1376 5420 1501 5475 vita:
1552 5419 1717 5491 hujus
1756 5416 2102 5475 delectabili-

530 5513 789 5584 bus,qute
816 5514 945 5569 mali
965 5512 1311 5585 suggestione
1325 5512 1674 5584 ingeruntur,
1703 5522 1817 5567 tum
1842 5527 1873 5566 a
1901 5510 2102 5569 futurae

598 5686 643 5717 "
669 5685 859 5743 Matth.
887 5704 1032 5753 xxvi,
1065 5689 1155 5743 41.
1233 5688 1278 5720 ⁸⁸
1311 5688 1426 5744 Jac.
1457 5702 1496 5751 ι,
1522 5687 1592 5754 2;
1628 5687 1785 5743 Rom.
1816 5701 1871 5752 ν,
1898 5686 1955 5741 4.

2294 4689 2434 4743 Ἀλλ’
2454 4689 2828 4758 ἐπεγνωκότες
2851 4691 3014 4762 ἡμεῖς
3040 4691 3135 4746 τοῦ
3167 4692 3404 4765 πονηροῦ
3434 4693 3506 4749 τά
3530 4699 3796 4768 νοήματα,

2204 4781 2297 4835 τὸν
2341 4780 2440 4852 μὲν
2487 4780 2735 4835 ἑκούσιον
2781 4780 3151 4854 ἀπευξώμεθα
3198 4786 3546 4857 πειρασμὸν,
3605 4790 3693 4842 ἵνα
3724 4792 3795 4861 μὴ

2204 4872 2306 4942 τῆς
2332 4872 2479 4935 θείας
2524 4873 2744 4942 ἀγάπης
2775 4872 2873 4944 τὴν
2896 4872 3086 4944 ἔφεσιν
3116 4875 3559 4957 ἀποστὴσωμεψ
3623 4882 3715 4935 τὸν
3740 4882 3793 4935 δὲ

2206 4963 2462 5018 ἀκούσιον
2522 4965 2887 5035 ἐπερχόμενον
2944 4967 3292 5039 συγχωρήσει
3337 4968 3479 5025 Θεοῦ
3527 4974 3788 5041 γενναίως

2206 5056 2610 5128 ὑπομείνωμεν,
2662 5059 2751 5112 ἴνα
2776 5057 3035 5129 φανῶμεν
3066 5062 3538 5132 προτετιμηκότες
3566 5066 3666 5135 τῆς
3689 5065 3782 5132 φύε

2207 5164 2379 5215 σεως,
2429 5148 2520 5202 τὸν
2559 5148 2782 5219 κτίστην
2821 5150 2921 5221 τῆς
2958 5149 3193 5219 φύσεως.
3254 5152 3477 5207 Γένοιτο
3503 5155 3562 5209 δὲ
3593 5158 3777 5218 πάντας

2205 5240 2353 5310 ἡμᾶς
2379 5240 2504 5303 τοὺς
2530 5240 2990 5312 ἐπικαλουμένους
3010 5241 3070 5295 τὸ
3094 5243 3268 5315 ὄνομα
3290 5245 3389 5298 τοῦ
3411 5246 3615 5314 Κυρίοι)
3636 5246 3776 5317 ἡμῶν

2219 5330 2394 5401 Ἰησοῦ
2426 5332 2663 5402 Χριστοῦ
2690 5374 2705 5399 ,
2761 5334 2870 5389 τῶν
2900 5351 2961 5388 τε
2988 5334 3083 5388 νῦν
3113 5335 3287 5406 ἡδέων
3314 5337 3408 5391 τοῦ
3434 5339 3662 5410 πονηροῦ
3684 5338 3774 5390 λυσ

2203 5424 2476 5497 τρωθῆναι
2497 5463 2512 5487 ,
2570 5426 2666 5503 καὶ
2702 5425 2814 5480 τῶν
2852 5426 3151 5497 μελλόντων
3188 5430 3458 5498 ἀλγεινῶν
3490 5429 3776 5501 ἐλευθερω-

2206 5513 2398 5586 θῇναι,
2461 5516 2526 5587 τῇ
2580 5515 2799 5588 μεθέξει
2845 5515 2946 5587 τῆς
2991 5517 3111 5573 κατ’
3140 5513 3281 5584 είδος
3332 5519 3445 5575 τῶν
3487 5519 3783 5591 μελλόντων
