4134 6192
415 267 522 333 909

1334 267 1735 328 EXPOSITIU
1793 267 2201 329 ORATIOle
2259 268 2667 331 DOMINIC.‘E.

3555 272 3660 336 910

415 385 635 450 ἀγαθων
658 376 1005 440 ὑποστάσεως
1022 418 1036 441 ,
1092 377 1419 451 ἐποφθείσης
1442 383 1574 451 ἡμῖν
1598 384 1654 433 ὲν
1682 381 1831 451 αὐτῷ
1856 383 1898 433 Χ
1908 400 1987 452 ρι-

2095 382 2345 437 tristibus
2370 398 2433 437 ac
2472 380 2861 437 cruciamentis
2902 395 3179 445 eruamur,
3224 379 3344 450 ipso
3397 395 3497 450 per
3535 396 3661 451 spe-

418 472 528 542 στῷ
558 470 635 540 τῷ
666 469 855 540 Κυρίῳ
882 469 1067 539 ἡμῶν,
1114 470 1192 541 τῷ
1225 469 1368 541 μόνῳ
1403 473 1499 525 σὺν
1527 473 1700 543 Πατρὶ
1732 473 1825 525 καὶ
1851 472 1991 543 ἁγίῳ

414 563 693 633 Πνεύματι
741 559 1081 631 δοξαζομένῳ
1159 562 1309 634 παρὰ
1365 563 1545 635 πάσης
1592 564 1695 635 τῆς
1738 565 1987 628 κτίσεως.

429 658 614 727 Ἀμήν-

1060 855 1333 911 ΣΧΟΛΙΑ.

481 945 550 1002 α’.
586 946 676 1001 Fr.
709 948 914 1002 Ταυτὸν
942 948 1033 1001 ἐπὶ
1062 947 1196 1000 Θεοῦ
1223 945 1384 1017 βουλὴ
1408 945 1501 999 καὶ
1527 944 1796 1016 βούλησις

486 1040 550 1110 β’.
600 1040 875 1103 Ἐπαίνου,
930 1042 1081 1110 φησὶ,
1133 1039 1225 1093 καὶ
1259 1038 1425 1108 ψόγου
1462 1039 1602 1092 κατὰ
1630 1036 1790 1105 φύσιν
1814 1037 1988 1109 ὑπάρ-

412 1151 522 1206 χων
556 1134 583 1186 ὁ
608 1133 765 1201 λόγος
791 1132 1074 1203 ἐλεύθερος
1097 1172 1110 1197 ,
1158 1130 1345 1201 ἀπαθῆ
1379 1132 1524 1184 ποιεῖ
1552 1129 1643 1181 τὸν
1678 1132 1821 1199 μόνῳ
1848 1128 1988 1199 λόγῳ

413 1229 511 1298 ζῇν
536 1223 986 1295 προαιρούμενονο
1022 1223 1274 1293 χωρίζειν
1300 1223 1499 1276 πείθων
1519 1221 1628 1275 τῶν
1652 1220 1988 1292 φθοροποιῶν

413 1317 510 1385 τῆς
556 1316 738 1386 ψυχῆς
787 1316 886 1387 τὴν
935 1316 1263 1385 ἐπιθυμίαν·
1326 1310 1395 1386 ἦς
1440 1313 1849 1385 ἀπογενομένης
1880 1312 1989 1366 τῶν

413 1409 611 1462 ὐλικῶν
632 1449 646 1473 ,
703 1409 824 1461 οῦτε
855 1409 963 1461 τῶν
988 1406 1379 1470 ἐπαινούντων,
1433 1404 1555 1460 οῦτε
1584 1406 1693 1460 τῶν
1714 1405 1988 1477 ψεγόντων

409 1502 483 1566 ὡς
507 1503 750 1571 πάσχων,
786 1503 814 1553 ὁ
843 1501 963 1553 καθ’
981 1499 1093 1565 ἕξιν
1118 1502 1288 1570 πρᾶος
1318 1498 1651 1563 αἰσθάνεται,

477 1781 511 1832 γ
533 1802 546 1815 .
585 1763 711 1817 Ven.
741 1770 790 1815 et
815 1761 909 1815 Fr.
958 1759 1199 1823 Ἀνίσους
1225 1758 1492 1820 διαθέσεις
1531 1757 1701 1824 λέγει,
1724 1755 1823 1818 τὰς
1852 1755 1988 1824 πρὸς

407 1855 611 1918 ἑαυτὰς
645 1856 742 1923 τὴν
770 1855 946 1925 ψυχὴν
980 1851 1315 1922 μορφούσας,
1368 1848 1461 1902 τοῦ
1486 1865 1544 1900 τε
1570 1846 1742 1917 θυμοῦ
1774 1848 1865 1899 καὶ
1891 1847 1989 1916 τῆς

407 1948 701 2017 ἐπιθυμίας
728 1949 999 2018 κινήσεις·
1040 1939 1113 1998 ὧν
1142 1942 1424 2013 ἐλεύθερον
1456 1936 1595 1993 εῖναι
1624 1940 1704 1992 δεῖ
1737 1938 1827 1991 τὸν
1849 1938 1989 2008 Χρι-

408 2037 533 2091 στοῦ
567 2037 836 2108 μαθητήν·
875 2039 1012 2108 μήτε
1044 2036 1197 2106 χύσει
1227 2034 1321 2087 τοῦ
1358 2034 1487 2103 περὶ
1510 2031 1735 2103 καρδίαν
1761 2030 1990 2099 αἵματος

407 2131 543 2201 πρὸς
570 2130 764 2199 ἡδονὰς
793 2129 1189 2193 ὀλισθαίνοντα,
1228 2127 1365 2195 μήτε
1398 2122 1547 2188 ζέσει
1578 2121 1672 2175 τοῦ
1706 2122 1833 2193 περὶ
1857 2138 1991 2191 καρ-

406 2223 522 2275 δίαν
557 2223 783 2291 αἴματος
815 2221 951 2290 πρὸς
970 2220 1138 2290 ὀργὰς
1169 2217 1583 2286 ὲκμαινόμενον.

475 2311 534 2365 δ’.
575 2310 664 2364 Fr.
701 2311 889 2378 Λόγων
920 2310 1165 2379 δηλονότι
1199 2306 1515 2377 Ἑλληνικοῦ
1551 2306 1643 2359 καὶ
1672 2302 1984 2357 Ἰουδαϊκοῦ·

406 2398 479 2458 ὧν
526 2406 585 2457 ὲν
630 2402 851 2474 Χριστῷ
905 2401 1182 2464 παντελῶς
1226 2400 1422 2462 οὐδείς.
1471 2397 1698 2467 Ἐπίσης
1731 2399 1840 2467 γὰρ
1888 2394 1989 2464 τῆς

406 2495 743 2565 πυλυαρχίας
766 2536 779 2560 ,
834 2495 929 2548 καὶ
962 2496 1058 2565 τῆς
1090 2494 1170 2546 ἑνὶ
1200 2491 1475 2563 προσώπῳ
1506 2488 1988 2561 περιγραφομένης

408 2591 723 2659 μοναρχίας,
764 2589 792 2639 ὁ
820 2586 912 2640 τοῦ
939 2586 1175 2659 Χριστοῦ
1208 2584 1506 2657 καθαρεύει
1536 2584 1715 2652 λόγος.

474 2778 535 2826 ε’.
566 2770 656 2824 Fr.
682 2769 756 2822 Οὐ
783 2769 891 2840 γὰρ
927 2767 1073 2821 κατὰ
1096 2765 1372 2837 γέννησιν,
1410 2766 1443 2836 ἢ
1473 2765 1719 2837 πρόοδον,
1752 2766 1871 2837 ῆτοι
1896 2766 1987 2819 ἕκ-

406 2881 619 2934 φανσιν.

478 2962 551 3021 ς’.
587 2954 677 3008 Fr.
715 2955 839 3017 Πῶς
880 2970 963 3017 τις
1010 2952 1233 3006 δύναται
1281 2952 1497 3021 ἀφιέναι
1543 2953 1653 3014 τοῖς
1685 2950 1987 3020 ὀφειλέταις

404 3048 471 3102 τὰ
497 3047 839 3117 ὀφειλήματα
858 3063 872 3111 ;

474 3141 537 3205 ζ’.
590 3139 680 3193 Fr.
730 3140 860 3202 Ταῖς
903 3138 1011 3192 τῶν
1039 3136 1224 3207 ψυχῶν
1264 3136 1423 3207 ἡμῶν
1470 3135 1770 3190 διαθέσεσιν
1802 3136 1836 3206 ἡ
1863 3133 1984 3188 θεία

402 3232 630 3294 δεόντως
661 3231 1032 3301 ὲφαρμόζεται
1057 3230 1395 3300 δικαιοσύνη,
1428 3228 1649 3299 τοιαύτη
1677 3230 1807 3298 ἡμῖν
1841 3245 1985 3297 γινο-

406 3324 565 3393 μένη,
584 3325 727 3386 οἴους
758 3324 1010 3395 ἀλλήλοις
1029 3324 1253 3385 ἑαυτοὺς
1276 3320 1623 3392 πεποιήμεθα
1644 3336 1657 3349 °
1687 3321 1780 3374 καὶ
1810 3321 1986 3373 τοιοῦ-

402 3433 493 3469 τον
523 3419 655 3486 ἡμῖν
681 3417 862 3479 αὐτοῖς
896 3416 988 3469 τὸν
1024 3416 1157 3469 Θεὸν
1194 3414 1530 3477 καθιστῶσα,
1566 3414 1710 3476 οἴους
1740 3412 1983 3482 φθάσαν-

406 3524 496 3570 τες
526 3509 637 3570 τοῖς
662 3504 1049 3575 ὁμοιοπαθέσιν
1081 3505 1305 3566 ἑαυτοὺς
1330 3501 1679 3573 διεθήκαμεν.
1756 3512 1771 3519 ’⁷

473 3684 544 3753 η’.
592 3684 650 3735 ὐ
686 3683 783 3753 τῆς
806 3681 1018 3751 φύσεως
1048 3680 1223 3749 λόγος,
1255 3680 1410 3751 φησὶ,
1460 3679 1552 3732 καὶ
1582 3677 1743 3748 νόμος
1776 3676 1980 3745 γίνεται

404 3776 639 3845 φύσεως,
676 3776 968 3847 λαμϐάνων
998 3772 1394 3844 συμφωνοῦσαν
1422 3771 1522 3842 τὴν
1548 3769 1773 3840 γνώμην
1800 3770 1876 3832 εἰς
1900 3769 1982 3821 ὲν-

402 3866 619 3939 έργειαν
651 3868 761 3920 τῶν
795 3866 934 3921 κατὰ
964 3866 1124 3935 φύσιν
1152 3865 1450 3935 δυνάμεων.

2094 474 2233 529 ciem
2265 474 2449 528 donati
2474 473 2792 529 substantizc
2827 472 3097 527 bonorum
3120 472 3473 532 commercio.
3507 484 3664 540 unus

2094 575 2313 635 aspectu
2363 566 2633 629 fruamur,
2689 565 2742 618 in
2776 565 2894 634 ipso
2922 562 3141 618 Christo
3190 563 3421 617 Domino
3449 570 3659 628 nostro,

2093 656 2187 725 qui
2240 657 2389 709 solus
2420 672 2544 710 cum
2573 656 2733 710 Patre
2774 664 2829 710 et
2880 655 3090 725 Spiritu
3140 664 3332 708 sancto
3381 669 3411 707 a
3462 654 3664 708 creatis

2093 746 2349 801 omnibus
2398 746 2668 801 laudatur.
2720 747 2907 801 Amen.

2743 853 3055 909 SCliOLIA.

2165 945 2214 998 1.
2256 945 2352 998 Dei
2386 945 2528 999 idem
2561 944 2854 999 consilium
2909 952 2991 998 est
3041 958 3105 997 ac
3152 943 3424 1000 voluntas.

2160 1036 2213 1089 2.
2255 1035 2392 1091 Cum
2426 1036 2573 1089 enim
2604 1036 2745 1089 ratio
2770 1045 2968 1089 natura
2993 1050 3023 1088 a
3056 1035 3217 1088 laude
3245 1044 3408 1105 atque
3449 1037 3665 1109 vitupe-

2093 1126 2175 1181 rio
2202 1126 2378 1181 libera
2400 1126 2503 1193 sit;
2530 1141 2655 1180 eum
2684 1127 2751 1180 ab
2772 1126 3059 1181 affectibus
3095 1127 3392 1181 immunem
3421 1138 3659 1199 praestat,

2091 1217 2185 1289 qui
2212 1227 2273 1273 ut
2299 1219 2413 1273 sola
2437 1218 2584 1271 vivat
2606 1217 2818 1272 ratione
2847 1218 2902 1271 in
2928 1218 3170 1272 animum
3198 1218 3439 1286 inducit;
3465 1236 3661 1292 nempe

2092 1309 2327 1365 suadens
2359 1318 2416 1364 ut
2444 1310 2613 1364 animi
2643 1308 2997 1378 cupiditatem
3026 1309 3095 1363 ab
3120 1310 3187 1363 iis
3215 1310 3515 1377 abstrahat,
3542 1331 3663 1384 qure

2091 1403 2498 1473 corruptionem
2538 1402 2828 1471 labemque
2861 1402 3147 1456 inducunt.
3192 1400 3327 1467 Qua,
3369 1417 3399 1455 a
3430 1407 3665 1460 terrenis

2089 1492 2368 1563 abjuncta,
2418 1491 2515 1560 qui
2571 1491 2763 1544 habitu
2810 1490 2962 1545 mitis
3005 1502 3109 1554 est,
3165 1507 3342 1561 neque
3377 1492 3665 1546 laudantes

2089 1583 2258 1638 sentit
2316 1596 2496 1650 neque
2548 1581 2943 1650 vituperantes,
3000 1582 3155 1651 quasi
3216 1584 3483 1637 alterutro
3552 1584 3667 1638 atii-

2091 1675 2289 1730 ciatur.

2160 1769 2214 1821 5.
2258 1766 2553 1837 inrequales
2600 1763 2922 1819 alrectiones
2966 1773 3146 1828 vocat,
3195 1764 3293 1818 irae
3343 1766 3552 1821 scilicet
3602 1782 3665 1821 ac

2091 1858 2411 1928 cupiditatis
2465 1867 2668 1923 motus,
2716 1871 2783 1909 ex
2825 1856 2911 1909 sui
2966 1855 3177 1909 ratione
3213 1856 3455 1909 animum
3497 1858 3657 1911 infor-

2090 1958 2324 2013 mantes,
2358 1965 2388 2002 a
2424 1948 2882 2017 quibusliberum
2907 1962 3027 2001 esse
3062 1956 3280 2015 Oportet
3324 1947 3529 2002 Christi
3577 1949 3656 2002 di-

2091 2039 2395 2107 scipulum;
2443 2046 2503 2091 ut
2526 2052 2704 2106 neque
2756 2036 3037 2105 sanguinis
3064 2037 3211 2090 circa
3244 2052 3337 2091 eor
3371 2038 3665 2094 diﬂ‘usione

2090 2128 2159 2181 ad
2188 2128 2445 2182 libidines
2474 2129 2812 2198 prolabatur,
2845 2142 3024 2195 neque
3075 2128 3357 2197 sanguinis
3391 2130 3537 2184 circa
3570 2146 3666 2184 cor

2090 2219 2412 2273 accensione
2460 2219 2551 2273 irae
2591 2219 2777 2271 furore
2811 2217 3136 2272 concitetur.

2160 2310 2212 2363 4.
2256 2308 2482 2372 Horum,
2530 2307 2824 2362 Graecanici
2858 2307 3065 2361 scilicet
3105 2323 3168 2361 ac
3201 2308 3416 2364 Iudaici
3448 2327 3657 2365 sermo-

2090 2399 2211 2463 nis,
2260 2407 2457 2454 neuter
2504 2415 2730 2469 prorsus
2766 2399 2820 2452 in
2858 2400 3079 2455 Christo
3116 2408 3219 2457 est.
3257 2402 3491 2458 Perinde
3518 2404 3664 2459 enim

2088 2491 2295 2548 Christi
2330 2507 2511 2546 sermo
2551 2506 2614 2546 ac
2655 2491 2905 2547 doctrina
2930 2508 2959 2547 a
2996 2493 3305 2563 principatu
3337 2494 3492 2550 abest
3517 2496 3665 2553 inter

2089 2586 2293 2640 multos
2323 2585 2522 2649 diviso,
2552 2585 2698 2640 etab
2737 2600 2825 2650 eo,
2868 2587 2961 2655 qui
2998 2586 3113 2656 ipse
3152 2603 3314 2655 unus,
3341 2589 3505 2644 unius
3535 2606 3665 2662 per-

2090 2688 2238 2727 sona:
2267 2673 2533 2743 angustiis
2582 2682 2846 2729 arctatur.

2160 2762 2212 2816 5.
2250 2762 2372 2817 Non
2407 2764 2554 2816 enim
2597 2764 2971 2833 generatione,
3015 2774 3111 2819 aut
3151 2767 3502 2835 processione
3546 2772 3663 2828 sive

2089 2862 2213 2908 ortu
2249 2868 2313 2908 ac
2361 2854 2507 2922 quod
2539 2853 2793 2909 eluxerit.

2162 2944 2214 2999 0.
2256 2944 2504 3011 Quonam
2556 2945 2721 3000 modo
2763 2953 2945 3015 potest
2990 2947 3115 3016 quis
3159 2948 3440 3008 dimittere
3477 2953 3663 3009 debita

2013 3049 2059 3109 ο
2091 3038 2472 3094 debitoribus?

2154 3130 2204 3183 7.
2247 3129 2441 3183 Divina
2478 3131 2875 3185 convenienter
2898 3133 3130 3202 justitia,
3170 3136 3335 3190 animi
3376 3138 3546 3191 nostri
3577 3139 3662 3194 af-

2083 3217 2319 3275 fectibus
2346 3228 2600 3288 aptatur;
2638 3221 2761 3274 talis
2783 3221 2998 3277 scilicet
3027 3223 3143 3293 ipsa
3176 3225 3336 3280 nobis
3367 3228 3660 3294 exsistens,

2083 3310 2274 3379 quales
2304 3310 2395 3364 alii
2423 3311 2547 3365 aliis
2566 3327 2665 3366 nos
2690 3312 2793 3381 ipsi
2815 3313 3162 3381 exsistimus;
3193 3316 3471 3388 Deumque
3498 3320 3661 3376 talem

2083 3402 2243 3456 nobis
2274 3403 2637 3468 constituens,
2674 3403 2864 3473 quales
2908 3420 3039 3476 erga
3079 3408 3330 3478 ejusdem
3364 3413 3530 3467 sortis
3554 3413 3659 3468 mi-

2083 3494 2249 3548 sellos
2291 3494 2543 3550 homines
2585 3506 2749 3565 atque
2801 3497 3060 3553 mortales
3107 3515 3211 3554 nos
3252 3500 3355 3571 ipsi
3401 3505 3658 3560 exhibui-

2084 3599 2224 3637 IDUS.
3458 3656 3461 3659 Ι

2152 3678 2204 3732 8.
2247 3680 2465 3736 Νιιῑιιτω
2497 3683 2635 3737 ratio
2670 3682 2723 3736 in
2749 3694 2957 3739 naturae
3002 3685 3173 3755 ipsam
3203 3686 3375 3757 legem
3404 3689 3657 3757 vertitur,

2081 3771 2420 3828 voluntatem
2453 3790 2743 3831 assumens
2785 3793 2907 3846 qua:
2957 3793 3240 3837 assensum
3286 3780 3526 3848 praebeat
3557 3798 3657 3836 na-

2082 3861 2342 3916 turalium
2383 3865 2692 3932 operationi
2735 3866 2937 3922 virium
2968 3883 3030 3922 ac
3066 3866 3405 3924 facultatum.

2748 4059 3069 4071 Ἢ

652 4072 719 4081 _
1062 4064 1161 4065 7W
2788 4064 3643 4095 ,m*,-_____=

1349 4207 1701 4268 MONITUM
1743 4207 1841 4267 AD
1880 4207 2175 4268 LIBRUM
2217 4207 2657 4271 ASCETICUM.

494 4360 744 4426 Maximi
817 4361 1037 4421 librum
1070 4358 1436 4439 Aasceticum
1484 4356 1587 4435 (id
1636 4364 1769 4439 est,
1818 4356 1900 4417 ad
1933 4357 2228 4439 pietatem
2269 4367 2686 4439 exercentem,
2735 4358 3006 4439 utdixit
3028 4359 3313 4439 Nobilius
3363 4362 3471 4439 qui
3516 4362 3655 4439 ipse

398 4444 613 4506 Latine
646 4436 1132 4519 repraesentavit,
1173 4444 1234 4497 et
1263 4434 1657 4519 Romarcum
1693 4434 2386 4519 aliquot_Chrysostomi
2424 4442 2485 4497 et
2525 4437 2766 4519 duabus
2804 4437 3012 4519 Basilii
3043 4438 3325 4519 epistolis
3363 4434 3467 4519 an.
3506 4434 3654 4501 1578

400 4522 615 4599 edidit)
668 4512 850 4599 nullo
893 4517 1015 4577 alio
1062 4515 1453 4599 commodius
1480 4514 1640 4599 _loc_o
1678 4512 1877 4574 visum
1926 4512 2097 4599 dare,
2140 4531 2330 4592 quam
2374 4515 2922 4599 ut_subnecteren_1
2967 4512 3242 4599 Orationi
3289 4518 3649 4599 Dominieaa,

400 4602 489 4662 sic
530 4592 653 4680 pie,
690 4597 1060 4668 luculenter,
1095 4602 1155 4680 et
1194 4594 1271 4680 ad
1322 4592 1639 4680 charitatis
1683 4608 1962 4680 sensum,
2002 4592 2080 4679 ab
2124 4608 2202 4653 eo
2246 4593 2590 4680 expositae:
2627 4611 2816 4680 quam
2859 4593 3221 4680 cbaritate_m
3257 4612 3327 4656 ac
3360 4596 3653 4680 dilectio-

399 4670 567 4752 neni,
597 4670 729 4737 toto
774 4684 999 4735 nostrae
1032 4672 1246 4733 salutis
1277 4672 1531 4752 negotio
1568 4671 1810 4752 cunctis
1846 4670 2187 4752 dominam,
2224 4676 2285 4732 et
2327 4670 2591 4752 Scopum
2635 4670 2706 4734 ac
2747 4674 2959 4752 finem,
2999 4674 3407 4751 omniumque
3447 4673 3651 4734 admi-

397 4747 653 4817 randam
687 4752 1215 4832 complexionem,
1249 4757 1309 4832 et
1338 4747 1677 4832 sanctitatis
1703 4766 1774 4811 ac
1805 4747 2210 4832 perfectionis
2248 4747 2477 4832 metam
2506 4751 2573 4832 in
2602 4765 2679 4832 eo
2710 4751 3011 4832 Maximus
3050 4747 3611 4832 mirificeilaudavit
3627 4770 3648 4825 ;

399 4836 761 4914 liquideque
811 4826 969 4914 adeo
1015 4829 1183 4914 nulla
1228 4829 1663 4914 allegoriarum
1705 4826 1991 4914 ambage,
2031 4832 2137 4887 aut
2178 4826 2322 4905 styli
2367 4829 3127 4914 productiorisanfraetu,
3160 4830 3447 4914 familiari
3486 4830 3647 4914 duo-_

397 4906 536 4996 ru‘m
569 4906 907 4996 colloquio
957 4926 1068 4996 sua
1116 4908 1215 4969 hic
1256 4907 1535 4996 digessit,
1568 4912 1637 4966 ut
1681 4906 1884 4996 nullas
1930 4913 2333 4996 measnotas
2358 4906 2633 4996 primum
2668 4907 3057 4996 adhibendas
3098 4908 3444 4996 putaverim
3482 4927 3497 4969 :
3534 4910 3651 4970 etsi

396 4992 533 5081 ipsa
567 4983 795 5053 Nobilii
827 4988 1376 5081 vers'i‘onunusque
1416 4985 1551 5081 fere
1595 4992 1701 5045 aut
1729 4985 1903 5081 ‘alter
1950 4983 2274 5081 scripturas
2320 4983 2551 5081 ldcus,_
2575 4991 2643 5075 ut
2678 5003 2758 5047 ne
2797 4986 3056 5081 omnino
3094 4983 3168 5081 iis
3208 4986 3504 5075 intactum
3545 5005 3648 5049 re-

397 5063 1022 5149 linquerem,_suasit.
1055 5068 1188 5127 Hoc
1221 5070 1389 5126 certe
1432 5063 1669 5149 audens
1706 5063 1913 5149 dicam
1956 5063 2021 5149 in
2068 5064 2337 5149 Patrum
2363 5064 2673 5137 asceticis,
2733 5082 2874 5149 quae
2914 5069 3079 5149 tanta
3108 5065 3645 5149 Graecis_exstant,

396 5166 467 5209 ac
512 5140 653 5221 quae
698 5146 901 5208 adhuc
951 5160 1175 5220 magna
1219 5149 1451 5219 segete,
1494 5142 1761 5202 necdum
1810 5141 2061 5221 vulgata
2106 5140 2348 5221 possint
2402 5140 2859 5220 repraesentari,
2901 5148 3301 5221 ascetamquc
3350 5144 3647 5218 formant,

396 5167 467 5209 8C
559 5167 653 5208 um
698 5167 901 5208 aunuc
951 5167 1175 5220 ΙΠδξςῐιᾶ
1219 5167 1451 5219 δυξςειθ,
1495 5167 1761 5202 ιιθυυυω
1814 5167 2055 5217 νυιὸαια
2110 5167 2348 5218 μυδδιιιι
2402 5167 2859 5220 repraesentari,
2901 5167 3301 5221 dSCCldUILlUC
3350 5167 3647 5218 ΙυΙΊΙΙίΙΠῐ,

396 5167 553 5310 nihil
598 5240 929 5287 occurrere
967 5223 1137 5310 quod
1167 5221 1360 5310 ineo
1398 5236 1629 5310 genere
1677 5220 1927 5310 majoris
1959 5219 2161 5310 videri
2198 5221 2418 5310 possit,
2454 5227 2567 5310 aut
2596 5221 2763 5300 quod
2804 5220 3040 5310 utilius,
3083 5222 3361 5310 omnium
3406 5223 3648 5310 virtutis

397 5304 684 5383 palaestra
740 5296 1113 5363 merentium
1161 5300 1278 5359 teri
1332 5296 1651 5383 manibus,
1702 5296 1897 5377 inque
1953 5296 2107 5371 illis,
2160 5296 2252 5359 vel
2305 5296 3029 5383 monasticesreligiosa
3084 5301 3502 5383 institutione,
3550 5301 3643 5383 vel

395 5376 717 5446 communi
764 5383 899 5459 ipsa
938 5385 1323 5459 augustaque
1367 5376 1707 5459 Christiana
1752 5376 1919 5439 serte
1959 5394 2030 5438 ac
2054 5378 2564 5459 nuncupatione,
2601 5378 2850 5459 assidue
2869 5376 3140 5459 versari.
3179 5380 3387 5440 Prodit
3418 5396 3494 5459 er
3530 5379 3647 5440 du-

396 5462 545 5540 plici
593 5464 729 5521 Em.
776 5454 1265 5540 ca_rd._Mazarini
1296 5455 1437 5515 cod.
1468 5455 1972 5540 membranaceo,
2013 5454 2209 5517 altero
2246 5454 2525 5533 antiquo,
2573 5456 2769 5518 altero
2823 5457 3042 5536 bomb)
3062 5458 3228 5532 cino,
3272 5458 3520 5521 emend.
3567 5474 3641 5520 ex

396 5534 655 5603 ineliore
705 5537 904 5617 Raph.
947 5534 1243 5609 Dufrenii,
1278 5550 1445 5597 nunc
1482 5534 1702 5613 Regio.
