  <div class='ocr_page' id='page_1' title='image "/cluster/home/n/w/nwhite01/storage/ocr_20150623/90/hvd.32044073502197/461.png"; bbox 0 0 4134 6192; ppageno 0'>
   <div class='ocr_carea' id='block_1_1' title="bbox 470 291 567 358">
    <p class='ocr_par' dir='ltr' id='par_1_1' title="bbox 470 291 567 358">
     <span class='ocr_line' id='line_1_1' title="bbox 470 291 567 358; baseline 0.01 -1"><span class='ocrx_word' id='word_1_1' title='bbox 470 291 567 358; x_wconf 75' lang='grc'>911</span> 
     </span>
    </p>
   </div>
   <div class='ocr_carea' id='block_1_2' title="bbox 1647 287 2578 350">
    <p class='ocr_par' dir='ltr' id='par_1_2' title="bbox 1647 287 2578 350">
     <span class='ocr_line' id='line_1_2' title="bbox 1647 287 2578 350; baseline 0 -1"><span class='ocrx_word' id='word_1_2' title='bbox 1647 290 1704 349; x_wconf 89' lang='lat' dir='ltr'>S.</span> <span class='ocrx_word' id='word_1_3' title='bbox 1748 289 2035 350; x_wconf 74' lang='lat' dir='ltr'>MAXIMI</span> <span class='ocrx_word' id='word_1_4' title='bbox 2070 287 2578 350; x_wconf 79' lang='lat' dir='ltr'>CONFESSORIS</span> 
     </span>
    </p>
   </div>
   <div class='ocr_carea' id='block_1_3' title="bbox 3647 287 3756 354">
    <p class='ocr_par' dir='ltr' id='par_1_3' title="bbox 3647 287 3756 354">
     <span class='ocr_line' id='line_1_3' title="bbox 3647 287 3756 354; baseline 0.018 -2"><span class='ocrx_word' id='word_1_5' title='bbox 3647 287 3756 354; x_wconf 76' lang='lat'>912</span> 
     </span>
    </p>
   </div>
   <div class='ocr_carea' id='block_1_4' title="bbox 2520 484 2867 498">
    <p class='ocr_par' dir='ltr' id='par_1_4' title="bbox 2520 484 2867 498">
     <span class='ocr_line' id='line_1_4' title="bbox 2520 484 2867 498; baseline 0 -1"><span class='ocrx_word' id='word_1_6' title='bbox 2520 484 2867 498; x_wconf 53' lang='grc' dir='ltr'>ψ</span> 
     </span>
    </p>
   </div>
   <div class='ocr_carea' id='block_1_5' title="bbox 3345 487 3663 502">
    <p class='ocr_par' dir='ltr' id='par_1_5' title="bbox 3345 487 3663 502">
     <span class='ocr_line' id='line_1_5' title="bbox 3345 487 3663 502; baseline 0.006 -2"><span class='ocrx_word' id='word_1_7' title='bbox 3345 487 3663 502; x_wconf 77' lang='lat'><em>__</em></span> 
     </span>
    </p>
   </div>
   <div class='ocr_carea' id='block_1_6' title="bbox 1539 623 2693 697">
    <p class='ocr_par' dir='ltr' id='par_1_6' title="bbox 1539 623 2693 697">
     <span class='ocr_line' id='line_1_6' title="bbox 1539 623 2693 697; baseline -0.001 -18"><span class='ocrx_word' id='word_1_8' title='bbox 1539 625 1678 680; x_wconf 83' lang='grc' dir='ltr'>ΤΟΥ</span> <span class='ocrx_word' id='word_1_9' title='bbox 1733 625 1825 678; x_wconf 85' lang='grc' dir='ltr'>ΕΝ</span> <span class='ocrx_word' id='word_1_10' title='bbox 1882 623 2110 697; x_wconf 78' lang='grc' dir='ltr'><strong>ΛΓΙΟῙΣ</strong></span> <span class='ocrx_word' id='word_1_11' title='bbox 2163 623 2436 679; x_wconf 76' lang='grc' dir='ltr'>ΠΑΤΡΟΣ</span> <span class='ocrx_word' id='word_1_12' title='bbox 2491 624 2693 682; x_wconf 85' lang='grc' dir='ltr'>ΗΜΩΝ</span> 
     </span>
    </p>
   </div>
   <div class='ocr_carea' id='block_1_7' title="bbox 995 779 3252 915">
    <p class='ocr_par' dir='ltr' id='par_1_7' title="bbox 995 779 3252 915">
     <span class='ocr_line' id='line_1_7' title="bbox 995 779 3252 915; baseline -0.003 0"><span class='ocrx_word' id='word_1_13' title='bbox 995 779 1727 915; x_wconf 84' lang='grc' dir='ltr'>ΜΑΞΙΜΟΥ</span> <span class='ocrx_word' id='word_1_14' title='bbox 1782 788 2085 906; x_wconf 91' lang='grc' dir='ltr'>ΤΟΥ</span> <span class='ocrx_word' id='word_1_15' title='bbox 2148 783 3252 910; x_wconf 88' lang='grc' dir='ltr'>ΟΜΟΛΟΓΗΤΟΥ</span> 
     </span>
    </p>
   </div>
   <div class='ocr_carea' id='block_1_8' title="bbox 1544 1008 2633 1101">
    <p class='ocr_par' dir='ltr' id='par_1_8' title="bbox 1544 1008 2633 1101">
     <span class='ocr_line' id='line_1_8' title="bbox 1544 1008 2633 1101; baseline 0.002 -2"><span class='ocrx_word' id='word_1_16' title='bbox 1544 1011 1912 1099; x_wconf 88' lang='grc' dir='ltr'><strong>ΛΟΓΟΣ</strong></span> <span class='ocrx_word' id='word_1_17' title='bbox 1989 1008 2633 1101; x_wconf 85' lang='grc' dir='ltr'>ΑΣΚΗΤΙΚΟΣ</span> 
     </span>
    </p>
   </div>
   <div class='ocr_carea' id='block_1_9' title="bbox 1669 1190 2576 1261">
    <p class='ocr_par' dir='ltr' id='par_1_9' title="bbox 1669 1190 2576 1261">
     <span class='ocr_line' id='line_1_9' title="bbox 1669 1190 2576 1261; baseline 0.001 -14"><span class='ocrx_word' id='word_1_18' title='bbox 1669 1195 1830 1247; x_wconf 84' lang='grc' dir='ltr'><em>Κατὰ</em></span> <span class='ocrx_word' id='word_1_19' title='bbox 1854 1191 2076 1247; x_wconf 78' lang='grc' dir='ltr'><em>πεῦσιν</em></span> <span class='ocrx_word' id='word_1_20' title='bbox 2104 1190 2203 1246; x_wconf 74' lang='grc' dir='ltr'>καὶ</span> <span class='ocrx_word' id='word_1_21' title='bbox 2229 1193 2576 1261; x_wconf 81' lang='grc' dir='ltr'>ἀπόκρισιν.</span> 
     </span>
    </p>
   </div>
   <div class='ocr_carea' id='block_1_10' title="bbox 872 1466 3342 1627">
    <p class='ocr_par' dir='ltr' id='par_1_10' title="bbox 872 1466 3342 1627">
     <span class='ocr_line' id='line_1_10' title="bbox 872 1466 3342 1627; baseline 0.001 -2"><span class='ocrx_word' id='word_1_22' title='bbox 872 1499 1000 1626; x_wconf 87' lang='lat' dir='ltr'>s.</span> <span class='ocrx_word' id='word_1_23' title='bbox 1103 1500 1236 1622; x_wconf 92' lang='lat' dir='ltr'>P.</span> <span class='ocrx_word' id='word_1_24' title='bbox 1334 1498 1482 1620; x_wconf 89' lang='lat' dir='ltr'>N.</span> <span class='ocrx_word' id='word_1_25' title='bbox 1579 1466 2184 1621; x_wconf 85' lang='lat' dir='ltr'>MAXIM]</span> <span class='ocrx_word' id='word_1_26' title='bbox 2277 1493 3342 1627; x_wconf 77' lang='lat' dir='ltr'>CONFESSORIS</span> 
     </span>
    </p>
   </div>
   <div class='ocr_carea' id='block_1_11' title="bbox 1465 1753 2772 1915">
    <p class='ocr_par' dir='ltr' id='par_1_11' title="bbox 1465 1753 2772 1915">
     <span class='ocr_line' id='line_1_11' title="bbox 1465 1753 2772 1915; baseline -0.001 -45"><span class='ocrx_word' id='word_1_27' title='bbox 1465 1757 1884 1870; x_wconf 83' lang='lat' dir='ltr'>LIBER</span> <span class='ocrx_word' id='word_1_28' title='bbox 1982 1753 2582 1915; x_wconf 21' lang='lat' dir='ltr'>AS‘CETIC</span> <span class='ocrx_word' id='word_1_29' title='bbox 2608 1755 2772 1871; x_wconf 89' lang='lat' dir='ltr'>US</span> 
     </span>
    </p>
   </div>
   <div class='ocr_carea' id='block_1_12' title="bbox 1604 1978 2635 2060">
    <p class='ocr_par' dir='ltr' id='par_1_12' title="bbox 1604 1978 2635 2060">
     <span class='ocr_line' id='line_1_12' title="bbox 1604 1978 2635 2060; baseline 0.001 -22"><span class='ocrx_word' id='word_1_30' title='bbox 1604 1978 1668 2059; x_wconf 77' lang='grc' dir='ltr'>(ι.</span> <span class='ocrx_word' id='word_1_31' title='bbox 1707 1997 1768 2038; x_wconf 75' lang='grc' dir='ltr'><strong>Ε.</strong></span> <span class='ocrx_word' id='word_1_32' title='bbox 1817 1995 1899 2038; x_wconf 77' lang='lat' dir='ltr'>AD</span> <span class='ocrx_word' id='word_1_33' title='bbox 1931 1996 2239 2042; x_wconf 65' lang='grc' dir='ltr'>νιετΑτΕΜ</span> <span class='ocrx_word' id='word_1_34' title='bbox 2285 1980 2635 2060; x_wconf 78' lang='lat' dir='ltr'><strong>EXERCENS)</strong></span> 
     </span>
    </p>
   </div>
   <div class='ocr_carea' id='block_1_13' title="bbox 1444 2142 2787 2223">
    <p class='ocr_par' dir='ltr' id='par_1_13' title="bbox 1444 2142 2787 2223">
     <span class='ocr_line' id='line_1_13' title="bbox 1444 2142 2787 2223; baseline 0.001 -19"><span class='ocrx_word' id='word_1_35' title='bbox 1444 2146 1563 2206; x_wconf 88' lang='lat' dir='ltr'>Per</span> <span class='ocrx_word' id='word_1_36' title='bbox 1587 2142 2151 2220; x_wconf 81' lang='lat' dir='ltr'>interrogationem</span> <span class='ocrx_word' id='word_1_37' title='bbox 2186 2153 2249 2206; x_wconf 88' lang='lat' dir='ltr'>et</span> <span class='ocrx_word' id='word_1_38' title='bbox 2282 2144 2787 2223; x_wconf 77' lang='lat' dir='ltr'>responsionem.</span> 
     </span>
    </p>
   </div>
   <div class='ocr_carea' id='block_1_14' title="bbox 859 2440 1672 2514">
    <p class='ocr_par' dir='ltr' id='par_1_14' title="bbox 859 2440 1672 2514">
     <span class='ocr_line' id='line_1_14' title="bbox 859 2440 1672 2514; baseline -0.011 -11"><span class='ocrx_word' id='word_1_39' title='bbox 859 2442 1020 2514; x_wconf 81' lang='lat'><strong>367</strong></span> <span class='ocrx_word' id='word_1_40' title='bbox 1085 2440 1387 2505; x_wconf 79' lang='lat' dir='ltr'><strong>FRATER,</strong></span> <span class='ocrx_word' id='word_1_41' title='bbox 1424 2440 1672 2496; x_wconf 80' lang='lat' dir='ltr'>SENEX.</span> 
     </span>
    </p>
   </div>
   <div class='ocr_carea' id='block_1_15' title="bbox 548 2533 2062 2606">
    <p class='ocr_par' dir='ltr' id='par_1_15' title="bbox 548 2533 2062 2606">
     <span class='ocr_line' id='line_1_15' title="bbox 548 2533 2062 2606; baseline -0.007 -8"><span class='ocrx_word' id='word_1_42' title='bbox 548 2543 601 2598; x_wconf 79' lang='grc'><strong>1.</strong></span> <span class='ocrx_word' id='word_1_43' title='bbox 640 2541 832 2596; x_wconf 86' lang='lat' dir='ltr'>Frater</span> <span class='ocrx_word' id='word_1_44' title='bbox 861 2535 1226 2606; x_wconf 80' lang='lat' dir='ltr'>interrogavit</span> <span class='ocrx_word' id='word_1_45' title='bbox 1249 2550 1437 2590; x_wconf 89' lang='lat' dir='ltr'>senem</span> <span class='ocrx_word' id='word_1_46' title='bbox 1464 2535 1554 2589; x_wconf 91' lang='lat' dir='ltr'>his</span> <span class='ocrx_word' id='word_1_47' title='bbox 1575 2534 1766 2590; x_wconf 78' lang='lat' dir='ltr'>verbis</span> <span class='ocrx_word' id='word_1_48' title='bbox 1802 2551 1816 2588; x_wconf 87' lang='lat'><strong>:</strong></span> <span class='ocrx_word' id='word_1_49' title='bbox 1846 2533 2062 2589; x_wconf 80' lang='lat' dir='ltr'>Amabo</span> 
     </span>
    </p>
   </div>
   <div class='ocr_carea' id='block_1_16' title="bbox 477 2627 2064 2698">
    <p class='ocr_par' dir='ltr' id='par_1_16' title="bbox 477 2627 2064 2698">
     <span class='ocr_line' id='line_1_16' title="bbox 477 2627 2064 2698; baseline -0.004 -8"><span class='ocrx_word' id='word_1_50' title='bbox 477 2640 552 2698; x_wconf 85' lang='lat' dir='ltr'>te,</span> <span class='ocrx_word' id='word_1_51' title='bbox 587 2633 663 2687; x_wconf 91' lang='lat' dir='ltr'>mi</span> <span class='ocrx_word' id='word_1_52' title='bbox 708 2632 892 2695; x_wconf 88' lang='lat' dir='ltr'>Pater,</span> <span class='ocrx_word' id='word_1_53' title='bbox 928 2629 1018 2684; x_wconf 92' lang='lat' dir='ltr'>dic</span> <span class='ocrx_word' id='word_1_54' title='bbox 1065 2627 1224 2691; x_wconf 89' lang='lat' dir='ltr'>mihi,</span> <span class='ocrx_word' id='word_1_55' title='bbox 1258 2643 1369 2698; x_wconf 88' lang='lat' dir='ltr'>quo</span> <span class='ocrx_word' id='word_1_56' title='bbox 1417 2636 1649 2698; x_wconf 85' lang='lat' dir='ltr'>spectet,</span> <span class='ocrx_word' id='word_1_57' title='bbox 1699 2627 1893 2697; x_wconf 87' lang='lat' dir='ltr'>quisve</span> <span class='ocrx_word' id='word_1_58' title='bbox 1943 2629 2064 2698; x_wconf 84' lang='lat' dir='ltr'>ejus</span> 
     </span>
    </p>
   </div>
   <div class='ocr_carea' id='block_1_17' title="bbox 476 2713 2064 2792">
    <p class='ocr_par' dir='ltr' id='par_1_17' title="bbox 476 2713 2064 2792">
     <span class='ocr_line' id='line_1_17' title="bbox 476 2713 2064 2792; baseline -0.008 -13"><span class='ocrx_word' id='word_1_59' title='bbox 476 2723 602 2778; x_wconf 86' lang='lat' dir='ltr'>ﬁnis</span> <span class='ocrx_word' id='word_1_60' title='bbox 648 2720 796 2792; x_wconf 89' lang='lat' dir='ltr'>quod</span> <span class='ocrx_word' id='word_1_61' title='bbox 833 2719 1100 2774; x_wconf 89' lang='lat' dir='ltr'>Dominus</span> <span class='ocrx_word' id='word_1_62' title='bbox 1129 2717 1297 2771; x_wconf 89' lang='lat' dir='ltr'>homo</span> <span class='ocrx_word' id='word_1_63' title='bbox 1336 2716 1515 2771; x_wconf 83' lang='lat' dir='ltr'>factus</span> <span class='ocrx_word' id='word_1_64' title='bbox 1552 2713 1805 2770; x_wconf 88' lang='lat' dir='ltr'>est?Cui</span> <span class='ocrx_word' id='word_1_65' title='bbox 1833 2730 2064 2785; x_wconf 85' lang='lat' dir='ltr'>respon-</span> 
     </span>
    </p>
   </div>
   <div class='ocr_carea' id='block_1_18' title="bbox 477 2806 2064 2878">
    <p class='ocr_par' dir='ltr' id='par_1_18' title="bbox 477 2806 2064 2878">
     <span class='ocr_line' id='line_1_18' title="bbox 477 2806 2064 2878; baseline -0.007 -7"><span class='ocrx_word' id='word_1_66' title='bbox 477 2811 560 2870; x_wconf 81' lang='lat' dir='ltr'>dit</span> <span class='ocrx_word' id='word_1_67' title='bbox 603 2828 772 2870; x_wconf 87' lang='lat' dir='ltr'>senex</span> <span class='ocrx_word' id='word_1_68' title='bbox 802 2829 814 2866; x_wconf 93' lang='lat'><strong>:</strong></span> <span class='ocrx_word' id='word_1_69' title='bbox 848 2811 1016 2866; x_wconf 84' lang='lat' dir='ltr'>Miror</span> <span class='ocrx_word' id='word_1_70' title='bbox 1053 2817 1128 2872; x_wconf 88' lang='lat' dir='ltr'>te,</span> <span class='ocrx_word' id='word_1_71' title='bbox 1164 2808 1354 2874; x_wconf 80' lang='lat' dir='ltr'>frater,</span> <span class='ocrx_word' id='word_1_72' title='bbox 1383 2807 1479 2878; x_wconf 87' lang='lat' dir='ltr'>qui</span> <span class='ocrx_word' id='word_1_73' title='bbox 1536 2806 1785 2878; x_wconf 85' lang='lat' dir='ltr'>quotidie</span> <span class='ocrx_word' id='word_1_74' title='bbox 1834 2806 2064 2878; x_wconf 81' lang='lat' dir='ltr'>Symbo-</span> 
     </span>
    </p>
   </div>
   <div class='ocr_carea' id='block_1_19' title="bbox 476 2892 2060 2970">
    <p class='ocr_par' dir='ltr' id='par_1_19' title="bbox 476 2892 2060 2970">
     <span class='ocr_line' id='line_1_19' title="bbox 476 2892 2060 2970; baseline -0.007 -12"><span class='ocrx_word' id='word_1_75' title='bbox 476 2903 592 2958; x_wconf 86' lang='lat' dir='ltr'>lum</span> <span class='ocrx_word' id='word_1_76' title='bbox 635 2900 759 2956; x_wconf 86' lang='lat' dir='ltr'>lidei</span> <span class='ocrx_word' id='word_1_77' title='bbox 810 2898 1022 2962; x_wconf 88' lang='lat' dir='ltr'>audias,</span> <span class='ocrx_word' id='word_1_78' title='bbox 1068 2895 1219 2970; x_wconf 90' lang='lat' dir='ltr'>quod</span> <span class='ocrx_word' id='word_1_79' title='bbox 1262 2910 1349 2949; x_wconf 91' lang='lat' dir='ltr'>me</span> <span class='ocrx_word' id='word_1_80' title='bbox 1407 2910 1470 2948; x_wconf 88' lang='lat' dir='ltr'>ea</span> <span class='ocrx_word' id='word_1_81' title='bbox 1517 2894 1586 2948; x_wconf 90' lang='lat' dir='ltr'>de</span> <span class='ocrx_word' id='word_1_82' title='bbox 1640 2909 1700 2947; x_wconf 89' lang='lat' dir='ltr'>re</span> <span class='ocrx_word' id='word_1_83' title='bbox 1733 2892 2060 2964; x_wconf 76' lang='lat' dir='ltr'>interrogas;</span> 
     </span>
    </p>
   </div>
   <div class='ocr_carea' id='block_1_20' title="bbox 476 2982 2064 3052">
    <p class='ocr_par' dir='ltr' id='par_1_20' title="bbox 476 2982 2064 3052">
     <span class='ocr_line' id='line_1_20' title="bbox 476 2982 2064 3052; baseline -0.004 -9"><span class='ocrx_word' id='word_1_84' title='bbox 476 2989 870 3045; x_wconf 88' lang='lat' dir='ltr'>Verumtamen</span> <span class='ocrx_word' id='word_1_85' title='bbox 923 2984 1071 3040; x_wconf 85' lang='lat' dir='ltr'>istud</span> <span class='ocrx_word' id='word_1_86' title='bbox 1124 2983 1348 3047; x_wconf 85' lang='lat' dir='ltr'>habeto,</span> <span class='ocrx_word' id='word_1_87' title='bbox 1399 2982 1547 3052; x_wconf 92' lang='lat' dir='ltr'>quod</span> <span class='ocrx_word' id='word_1_88' title='bbox 1578 2983 1848 3036; x_wconf 87' lang='lat' dir='ltr'>Dominus</span> <span class='ocrx_word' id='word_1_89' title='bbox 1897 2982 2064 3036; x_wconf 88' lang='lat' dir='ltr'>homo</span> 
     </span>
    </p>
   </div>
   <div class='ocr_carea' id='block_1_21' title="bbox 474 3073 2063 3147">
    <p class='ocr_par' dir='ltr' id='par_1_21' title="bbox 474 3073 2063 3147">
     <span class='ocr_line' id='line_1_21' title="bbox 474 3073 2063 3147; baseline -0.006 -9"><span class='ocrx_word' id='word_1_90' title='bbox 474 3083 654 3138; x_wconf 85' lang='lat' dir='ltr'>factus</span> <span class='ocrx_word' id='word_1_91' title='bbox 683 3081 774 3147; x_wconf 88' lang='lat' dir='ltr'>sit,</span> <span class='ocrx_word' id='word_1_92' title='bbox 808 3079 952 3142; x_wconf 80' lang='lat' dir='ltr'>linis,</span> <span class='ocrx_word' id='word_1_93' title='bbox 988 3086 1177 3131; x_wconf 87' lang='lat' dir='ltr'>nostra</span> <span class='ocrx_word' id='word_1_94' title='bbox 1221 3077 1371 3131; x_wconf 84' lang='lat' dir='ltr'>salus</span> <span class='ocrx_word' id='word_1_95' title='bbox 1407 3075 1534 3129; x_wconf 82' lang='lat' dir='ltr'>fuit.</span> <span class='ocrx_word' id='word_1_96' title='bbox 1566 3074 1648 3129; x_wconf 87' lang='lat' dir='ltr'>Ad</span> <span class='ocrx_word' id='word_1_97' title='bbox 1681 3090 1842 3144; x_wconf 83' lang='lat' dir='ltr'>quem</span> <span class='ocrx_word' id='word_1_98' title='bbox 1873 3073 2063 3141; x_wconf 84' lang='lat' dir='ltr'>frater,</span> 
     </span>
    </p>
   </div>
   <div class='ocr_carea' id='block_1_22' title="bbox 478 3164 2064 3241">
    <p class='ocr_par' dir='ltr' id='par_1_22' title="bbox 478 3164 2064 3241">
     <span class='ocr_line' id='line_1_22' title="bbox 478 3164 2064 3241; baseline -0.005 -13"><span class='ocrx_word' id='word_1_99' title='bbox 478 3173 704 3229; x_wconf 89' lang='lat' dir='ltr'>Modum</span> <span class='ocrx_word' id='word_1_100' title='bbox 765 3169 1000 3241; x_wconf 79' lang='lat' dir='ltr'>explica,</span> <span class='ocrx_word' id='word_1_101' title='bbox 1043 3169 1242 3224; x_wconf 82' lang='lat' dir='ltr'>&#39;Pater.</span> <span class='ocrx_word' id='word_1_102' title='bbox 1305 3165 1613 3238; x_wconf 81' lang='lat' dir='ltr'>Respondit</span> <span class='ocrx_word' id='word_1_103' title='bbox 1667 3181 1867 3221; x_wconf 84' lang='lat' dir='ltr'>senex:</span> <span class='ocrx_word' id='word_1_104' title='bbox 1907 3164 2064 3232; x_wconf 89' lang='lat' dir='ltr'>Quod</span> 
     </span>
    </p>
   </div>
   <div class='ocr_carea' id='block_1_23' title="bbox 473 3258 2068 3328">
    <p class='ocr_par' dir='ltr' id='par_1_23' title="bbox 473 3258 2068 3328">
     <span class='ocr_line' id='line_1_23' title="bbox 473 3258 2068 3328; baseline -0.006 -8"><span class='ocrx_word' id='word_1_105' title='bbox 473 3265 736 3321; x_wconf 85' lang='lat' dir='ltr'>nimirum</span> <span class='ocrx_word' id='word_1_106' title='bbox 781 3263 948 3316; x_wconf 91' lang='lat' dir='ltr'>homo</span> <span class='ocrx_word' id='word_1_107' title='bbox 991 3261 1058 3315; x_wconf 86' lang='lat' dir='ltr'>ab</span> <span class='ocrx_word' id='word_1_108' title='bbox 1087 3259 1249 3314; x_wconf 86' lang='lat' dir='ltr'>initio</span> <span class='ocrx_word' id='word_1_109' title='bbox 1278 3275 1310 3313; x_wconf 88' lang='lat' dir='ltr'>a</span> <span class='ocrx_word' id='word_1_110' title='bbox 1342 3259 1456 3314; x_wconf 88' lang='lat' dir='ltr'>Deo</span> <span class='ocrx_word' id='word_1_111' title='bbox 1500 3268 1741 3321; x_wconf 87' lang='lat' dir='ltr'>creatus,</span> <span class='ocrx_word' id='word_1_112' title='bbox 1791 3267 1847 3312; x_wconf 88' lang='lat' dir='ltr'>et</span> <span class='ocrx_word' id='word_1_113' title='bbox 1885 3258 1941 3311; x_wconf 93' lang='lat' dir='ltr'>in</span> <span class='ocrx_word' id='word_1_114' title='bbox 1970 3274 2068 3328; x_wconf 90' lang='lat' dir='ltr'>pa-</span> 
     </span>
    </p>
   </div>
   <div class='ocr_carea' id='block_1_24' title="bbox 476 3349 2068 3422">
    <p class='ocr_par' dir='ltr' id='par_1_24' title="bbox 476 3349 2068 3422">
     <span class='ocr_line' id='line_1_24' title="bbox 476 3349 2068 3422; baseline -0.006 -10"><span class='ocrx_word' id='word_1_115' title='bbox 476 3357 665 3412; x_wconf 86' lang='lat' dir='ltr'>radiso</span> <span class='ocrx_word' id='word_1_116' title='bbox 682 3355 1004 3419; x_wconf 86' lang='lat' dir='ltr'>collocatus,</span> <span class='ocrx_word' id='word_1_117' title='bbox 1037 3353 1158 3422; x_wconf 89' lang='lat' dir='ltr'>ejus</span> <span class='ocrx_word' id='word_1_118' title='bbox 1177 3351 1635 3422; x_wconf 82' lang='lat' dir='ltr'>transgressione,</span> <span class='ocrx_word' id='word_1_119' title='bbox 1661 3349 1807 3420; x_wconf 90' lang='lat' dir='ltr'>quod</span> <span class='ocrx_word' id='word_1_120' title='bbox 1837 3349 1890 3402; x_wconf 89' lang='lat' dir='ltr'>in</span> <span class='ocrx_word' id='word_1_121' title='bbox 1914 3366 2068 3403; x_wconf 89' lang='lat' dir='ltr'>man-</span> 
     </span>
    </p>
   </div>
   <div class='ocr_carea' id='block_1_25' title="bbox 476 3442 2068 3518">
    <p class='ocr_par' dir='ltr' id='par_1_25' title="bbox 476 3442 2068 3518">
     <span class='ocr_line' id='line_1_25' title="bbox 476 3442 2068 3518; baseline -0.005 -14"><span class='ocrx_word' id='word_1_122' title='bbox 476 3449 625 3504; x_wconf 87' lang='lat' dir='ltr'>datis</span> <span class='ocrx_word' id='word_1_123' title='bbox 656 3445 966 3518; x_wconf 81' lang='lat' dir='ltr'>a&#39;ceeperat,</span> <span class='ocrx_word' id='word_1_124' title='bbox 1017 3443 1323 3499; x_wconf 84' lang='lat' dir='ltr'>interitioni</span> <span class='ocrx_word' id='word_1_125' title='bbox 1361 3443 1638 3512; x_wconf 85' lang='lat' dir='ltr'>mortique</span> <span class='ocrx_word' id='word_1_126' title='bbox 1683 3442 1959 3496; x_wconf 78' lang='lat' dir='ltr'>obnoxius</span> <span class='ocrx_word' id='word_1_127' title='bbox 1989 3442 2068 3496; x_wconf 83' lang='lat' dir='ltr'>fa-</span> 
     </span>
    </p>
   </div>
   <div class='ocr_carea' id='block_1_26' title="bbox 477 3531 2067 3604">
    <p class='ocr_par' dir='ltr' id='par_1_26' title="bbox 477 3531 2067 3604">
     <span class='ocr_line' id='line_1_26' title="bbox 477 3531 2067 3604; baseline -0.005 -12"><span class='ocrx_word' id='word_1_128' title='bbox 477 3546 602 3592; x_wconf 89' lang='lat' dir='ltr'>ctus</span> <span class='ocrx_word' id='word_1_129' title='bbox 627 3543 782 3602; x_wconf 84' lang='lat' dir='ltr'>erat;</span> <span class='ocrx_word' id='word_1_130' title='bbox 820 3543 1047 3604; x_wconf 88' lang='lat' dir='ltr'>tumque</span> <span class='ocrx_word' id='word_1_131' title='bbox 1093 3533 1248 3588; x_wconf 88' lang='lat' dir='ltr'>varia</span> <span class='ocrx_word' id='word_1_132' title='bbox 1292 3533 1389 3587; x_wconf 88' lang='lat' dir='ltr'>Dei</span> <span class='ocrx_word' id='word_1_133' title='bbox 1431 3531 1782 3602; x_wconf 80' lang='lat' dir='ltr'>providentia</span> <span class='ocrx_word' id='word_1_134' title='bbox 1829 3548 1929 3602; x_wconf 90' lang='lat' dir='ltr'>per</span> <span class='ocrx_word' id='word_1_135' title='bbox 1956 3547 2067 3585; x_wconf 92' lang='lat' dir='ltr'>om-</span> 
     </span>
    </p>
   </div>
   <div class='ocr_carea' id='block_1_27' title="bbox 476 3634 2064 3706">
    <p class='ocr_par' dir='ltr' id='par_1_27' title="bbox 476 3634 2064 3706">
     <span class='ocr_line' id='line_1_27' title="bbox 476 3634 2064 3706; baseline -0.003 -13"><span class='ocrx_word' id='word_1_136' title='bbox 476 3653 578 3693; x_wconf 86' lang='lat' dir='ltr'>nes</span> <span class='ocrx_word' id='word_1_137' title='bbox 605 3645 796 3692; x_wconf 70' lang='lat' dir='ltr'>:etates</span> <span class='ocrx_word' id='word_1_138' title='bbox 843 3634 1220 3706; x_wconf 89' lang='lat' dir='ltr'>nequidquam</span> <span class='ocrx_word' id='word_1_139' title='bbox 1254 3634 1592 3704; x_wconf 81' lang='lat' dir='ltr'>gubernatus</span> <span class='ocrx_word' id='word_1_140' title='bbox 1631 3642 1795 3703; x_wconf 88' lang='lat' dir='ltr'>atque</span> <span class='ocrx_word' id='word_1_141' title='bbox 1821 3634 2064 3703; x_wconf 85' lang='lat' dir='ltr'>adjutus,</span> 
     </span>
    </p>
   </div>
   <div class='ocr_carea' id='block_1_28' title="bbox 479 3725 2062 3800">
    <p class='ocr_par' dir='ltr' id='par_1_28' title="bbox 479 3725 2062 3800">
     <span class='ocr_line' id='line_1_28' title="bbox 479 3725 2062 3800; baseline -0.002 -15"><span class='ocrx_word' id='word_1_142' title='bbox 479 3729 749 3800; x_wconf 88' lang='lat' dir='ltr'>nequiore</span> <span class='ocrx_word' id='word_1_143' title='bbox 771 3741 990 3798; x_wconf 88' lang='lat' dir='ltr'>semper</span> <span class='ocrx_word' id='word_1_144' title='bbox 1014 3734 1159 3781; x_wconf 85' lang='lat' dir='ltr'>statu</span> <span class='ocrx_word' id='word_1_145' title='bbox 1183 3725 1489 3796; x_wconf 71' lang='lat' dir='ltr'>maiorique</span> <span class='ocrx_word' id='word_1_146' title='bbox 1514 3726 1758 3796; x_wconf 90' lang='lat' dir='ltr'>nequitia</span> <span class='ocrx_word' id='word_1_147' title='bbox 1785 3727 2062 3794; x_wconf 88' lang='lat' dir='ltr'>manebat,</span> 
     </span>
    </p>
   </div>
   <div class='ocr_carea' id='block_1_29' title="bbox 478 3817 2066 3892">
    <p class='ocr_par' dir='ltr' id='par_1_29' title="bbox 478 3817 2066 3892">
     <span class='ocr_line' id='line_1_29' title="bbox 478 3817 2066 3892; baseline -0.003 -15"><span class='ocrx_word' id='word_1_148' title='bbox 478 3837 642 3892; x_wconf 85' lang='lat' dir='ltr'>quem</span> <span class='ocrx_word' id='word_1_149' title='bbox 689 3820 858 3874; x_wconf 66' lang='lat' dir='ltr'>variae</span> <span class='ocrx_word' id='word_1_150' title='bbox 903 3818 1086 3874; x_wconf 88' lang='lat' dir='ltr'>carnis</span> <span class='ocrx_word' id='word_1_151' title='bbox 1125 3817 1402 3872; x_wconf 76' lang='lat' dir='ltr'>illecebrae</span> <span class='ocrx_word' id='word_1_152' title='bbox 1461 3832 1527 3872; x_wconf 91' lang='lat' dir='ltr'>ac</span> <span class='ocrx_word' id='word_1_153' title='bbox 1569 3817 1833 3872; x_wconf 86' lang='lat' dir='ltr'>libidines</span> <span class='ocrx_word' id='word_1_154' title='bbox 1860 3817 1926 3872; x_wconf 88' lang='lat' dir='ltr'>ad</span> <span class='ocrx_word' id='word_1_155' title='bbox 1970 3818 2066 3874; x_wconf 91' lang='lat' dir='ltr'>de-</span> 
     </span>
    </p>
   </div>
   <div class='ocr_carea' id='block_1_30' title="bbox 2096 2319 2162 2332">
    <p class='ocr_par' dir='ltr' id='par_1_30' title="bbox 2096 2319 2162 2332">
     <span class='ocr_line' id='line_1_30' title="bbox 2096 2319 2162 2332; baseline 0 -3"><span class='ocrx_word' id='word_1_156' title='bbox 2096 2319 2162 2332; x_wconf 72' lang='grc' dir='ltr'>-ο</span> 
     </span>
    </p>
   </div>
   <div class='ocr_carea' id='block_1_31' title="bbox 2097 2449 2141 2504">
    <p class='ocr_par' dir='ltr' id='par_1_31' title="bbox 2097 2449 2141 2504">
     <span class='ocr_line' id='line_1_31' title="bbox 2097 2449 2141 2504; baseline 0 0"><span class='ocrx_word' id='word_1_157' title='bbox 2097 2449 2141 2504; x_wconf 83' lang='grc' dir='ltr'>Α</span> 
     </span>
    </p>
   </div>
   <div class='ocr_carea' id='block_1_32' title="bbox 2099 3800 2140 3860">
    <p class='ocr_par' dir='ltr' id='par_1_32' title="bbox 2099 3800 2140 3860">
     <span class='ocr_line' id='line_1_32' title="bbox 2099 3800 2140 3860; baseline 0 0"><span class='ocrx_word' id='word_1_158' title='bbox 2099 3800 2140 3860; x_wconf 88' lang='grc' dir='ltr'><strong>Β</strong></span> 
     </span>
    </p>
   </div>
   <div class='ocr_carea' id='block_1_33' title="bbox 477 3909 2104 3985">
    <p class='ocr_par' dir='ltr' id='par_1_33' title="bbox 477 3909 2104 3985">
     <span class='ocr_line' id='line_1_33' title="bbox 477 3909 2104 3985; baseline -0.004 -15"><span class='ocrx_word' id='word_1_159' title='bbox 477 3912 814 3985; x_wconf 83' lang='lat' dir='ltr'>sperationis</span> <span class='ocrx_word' id='word_1_160' title='bbox 855 3922 1137 3982; x_wconf 87' lang='lat' dir='ltr'>postremo</span> <span class='ocrx_word' id='word_1_161' title='bbox 1179 3909 1505 3964; x_wconf 85' lang='lat' dir='ltr'>barathrum</span> <span class='ocrx_word' id='word_1_162' title='bbox 1554 3909 1842 3980; x_wconf 87' lang='lat' dir='ltr'>adigercnt</span> <span class='ocrx_word' id='word_1_163' title='bbox 1885 3927 1898 3963; x_wconf 92' lang='lat'>:</span> <span class='ocrx_word' id='word_1_164' title='bbox 1941 3925 2064 3964; x_wconf 88' lang='lat' dir='ltr'>eam</span> <span class='ocrx_word' id='word_1_165' title='bbox 2099 3967 2104 3974; x_wconf 54' lang='grc'><em>,</em></span> 
     </span>
    </p>
   </div>
   <div class='ocr_carea' id='block_1_34' title="bbox 476 3999 2066 4072">
    <p class='ocr_par' dir='ltr' id='par_1_34' title="bbox 476 3999 2066 4072">
     <span class='ocr_line' id='line_1_34' title="bbox 476 3999 2066 4072; baseline -0.003 -13"><span class='ocrx_word' id='word_1_166' title='bbox 476 4004 549 4059; x_wconf 92' lang='lat' dir='ltr'>ob</span> <span class='ocrx_word' id='word_1_167' title='bbox 575 4019 715 4068; x_wconf 90' lang='lat' dir='ltr'>rem,</span> <span class='ocrx_word' id='word_1_168' title='bbox 767 4001 1086 4072; x_wconf 82' lang='lat' dir='ltr'>unigenitus</span> <span class='ocrx_word' id='word_1_169' title='bbox 1131 4000 1228 4054; x_wconf 87' lang='lat' dir='ltr'>Dei</span> <span class='ocrx_word' id='word_1_170' title='bbox 1286 3999 1478 4066; x_wconf 91' lang='lat' dir='ltr'>Filius,</span> <span class='ocrx_word' id='word_1_171' title='bbox 1524 4001 1740 4055; x_wconf 67' lang='lat' dir='ltr'>saaculis</span> <span class='ocrx_word' id='word_1_172' title='bbox 1783 4000 2066 4070; x_wconf 88' lang='lat' dir='ltr'>antiquius</span> 
     </span>
    </p>
   </div>
   <div class='ocr_carea' id='block_1_35' title="bbox 476 4091 2066 4158">
    <p class='ocr_par' dir='ltr' id='par_1_35' title="bbox 476 4091 2066 4158">
     <span class='ocr_line' id='line_1_35' title="bbox 476 4091 2066 4158; baseline -0.003 -6"><span class='ocrx_word' id='word_1_173' title='bbox 476 4097 720 4152; x_wconf 78' lang='lat' dir='ltr'>Verbum</span> <span class='ocrx_word' id='word_1_174' title='bbox 767 4110 835 4150; x_wconf 81' lang='lat' dir='ltr'>ex</span> <span class='ocrx_word' id='word_1_175' title='bbox 863 4095 976 4149; x_wconf 90' lang='lat' dir='ltr'>Deo</span> <span class='ocrx_word' id='word_1_176' title='bbox 1005 4095 1170 4148; x_wconf 84' lang='lat' dir='ltr'>Patre</span> <span class='ocrx_word' id='word_1_177' title='bbox 1217 4093 1513 4158; x_wconf 76' lang='lat' dir='ltr'>exsistens,</span> <span class='ocrx_word' id='word_1_178' title='bbox 1560 4091 1688 4147; x_wconf 75' lang='lat' dir='ltr'>fons</span> <span class='ocrx_word' id='word_1_179' title='bbox 1729 4092 1820 4147; x_wconf 90' lang='lat' dir='ltr'>ille</span> <span class='ocrx_word' id='word_1_180' title='bbox 1850 4093 1975 4147; x_wconf 70' lang='lat' dir='ltr'>vitae</span> <span class='ocrx_word' id='word_1_181' title='bbox 2001 4107 2066 4148; x_wconf 89' lang='lat' dir='ltr'>ac</span> 
     </span>
    </p>
   </div>
   <div class='ocr_carea' id='block_1_36' title="bbox 476 4183 2067 4254">
    <p class='ocr_par' dir='ltr' id='par_1_36' title="bbox 476 4183 2067 4254">
     <span class='ocr_line' id='line_1_36' title="bbox 476 4183 2067 4254; baseline -0.004 -8"><span class='ocrx_word' id='word_1_182' title='bbox 476 4187 929 4251; x_wconf 84' lang='lat' dir='ltr'>immortalitatis,</span> <span class='ocrx_word' id='word_1_183' title='bbox 977 4185 1142 4241; x_wconf 89' lang='lat' dir='ltr'>nobis</span> <span class='ocrx_word' id='word_1_184' title='bbox 1185 4184 1460 4254; x_wconf 88' lang='lat' dir='ltr'>apparuit,</span> <span class='ocrx_word' id='word_1_185' title='bbox 1515 4183 1608 4254; x_wconf 88' lang='lat' dir='ltr'>qui</span> <span class='ocrx_word' id='word_1_186' title='bbox 1642 4183 1972 4239; x_wconf 87' lang='lat' dir='ltr'>sedebamus</span> <span class='ocrx_word' id='word_1_187' title='bbox 2009 4184 2067 4239; x_wconf 89' lang='lat' dir='ltr'>in</span> 
     </span>
    </p>
   </div>
   <div class='ocr_carea' id='block_1_37' title="bbox 476 4273 2066 4344">
    <p class='ocr_par' dir='ltr' id='par_1_37' title="bbox 476 4273 2066 4344">
     <span class='ocr_line' id='line_1_37' title="bbox 476 4273 2066 4344; baseline -0.003 -10"><span class='ocrx_word' id='word_1_188' title='bbox 476 4277 723 4335; x_wconf 81' lang='lat' dir='ltr'>tenebris</span> <span class='ocrx_word' id='word_1_189' title='bbox 754 4287 811 4331; x_wconf 91' lang='lat' dir='ltr'>et</span> <span class='ocrx_word' id='word_1_190' title='bbox 839 4275 1031 4329; x_wconf 88' lang='lat' dir='ltr'>umbra</span> <span class='ocrx_word' id='word_1_191' title='bbox 1061 4273 1257 4328; x_wconf 85' lang='lat' dir='ltr'>mortis</span> <span class='ocrx_word' id='word_1_192' title='bbox 1293 4273 1343 4338; x_wconf 88' lang='grc'>¹;</span> <span class='ocrx_word' id='word_1_193' title='bbox 1385 4273 1703 4328; x_wconf 89' lang='lat' dir='ltr'>incarnatus</span> <span class='ocrx_word' id='word_1_194' title='bbox 1748 4274 1818 4329; x_wconf 90' lang='lat' dir='ltr'>de</span> <span class='ocrx_word' id='word_1_195' title='bbox 1857 4274 2066 4344; x_wconf 88' lang='lat' dir='ltr'>Spiritu</span> 
     </span>
    </p>
   </div>
   <div class='ocr_carea' id='block_1_38' title="bbox 426 4359 2069 4456">
    <p class='ocr_par' dir='ltr' id='par_1_38' title="bbox 426 4359 2069 4456">
     <span class='ocr_line' id='line_1_38' title="bbox 426 4359 2069 4456; baseline -0.002 -34"><span class='ocrx_word' id='word_1_196' title='bbox 426 4433 436 4456; x_wconf 31' lang='grc' dir='ltr'><strong>λ</strong></span> <span class='ocrx_word' id='word_1_197' title='bbox 476 4374 672 4422; x_wconf 87' lang='lat' dir='ltr'>sancto</span> <span class='ocrx_word' id='word_1_198' title='bbox 702 4377 880 4433; x_wconf 83' lang='lat' dir='ltr'>exque</span> <span class='ocrx_word' id='word_1_199' title='bbox 907 4370 1097 4418; x_wconf 86' lang='lat' dir='ltr'>sancta</span> <span class='ocrx_word' id='word_1_200' title='bbox 1118 4359 1366 4431; x_wconf 81' lang='lat' dir='ltr'>Virgine,</span> <span class='ocrx_word' id='word_1_201' title='bbox 1391 4359 1518 4416; x_wconf 69' lang='lat' dir='ltr'>vitae</span> <span class='ocrx_word' id='word_1_202' title='bbox 1546 4361 1708 4416; x_wconf 91' lang='lat' dir='ltr'>nobis</span> <span class='ocrx_word' id='word_1_203' title='bbox 1733 4361 1832 4416; x_wconf 89' lang='lat' dir='ltr'>Dei</span> <span class='ocrx_word' id='word_1_204' title='bbox 1856 4363 2069 4418; x_wconf 70' lang='lat' dir='ltr'>aemula:</span> 
     </span>
    </p>
   </div>
   <div class='ocr_carea' id='block_1_39' title="bbox 475 4452 2067 4523">
    <p class='ocr_par' dir='ltr' id='par_1_39' title="bbox 475 4452 2067 4523">
     <span class='ocr_line' id='line_1_39' title="bbox 475 4452 2067 4523; baseline -0.002 -11"><span class='ocrx_word' id='word_1_205' title='bbox 475 4457 748 4512; x_wconf 86' lang='lat' dir='ltr'>rationem</span> <span class='ocrx_word' id='word_1_206' title='bbox 812 4453 1094 4520; x_wconf 89' lang='lat' dir='ltr'>ostendit;</span> <span class='ocrx_word' id='word_1_207' title='bbox 1159 4452 1480 4523; x_wconf 85' lang='lat' dir='ltr'>sanctisque</span> <span class='ocrx_word' id='word_1_208' title='bbox 1537 4453 1814 4510; x_wconf 84' lang='lat' dir='ltr'>mandatis</span> <span class='ocrx_word' id='word_1_209' title='bbox 1843 4463 2067 4509; x_wconf 86' lang='lat' dir='ltr'>contra-</span> 
     </span>
    </p>
   </div>
   <div class='ocr_carea' id='block_1_40' title="bbox 477 4545 2064 4617">
    <p class='ocr_par' dir='ltr' id='par_1_40' title="bbox 477 4545 2064 4617">
     <span class='ocr_line' id='line_1_40' title="bbox 477 4545 2064 4617; baseline -0.001 -13"><span class='ocrx_word' id='word_1_210' title='bbox 477 4547 632 4612; x_wconf 81' lang='lat' dir='ltr'>ditis,</span> <span class='ocrx_word' id='word_1_211' title='bbox 699 4563 766 4604; x_wconf 87' lang='lat' dir='ltr'>ac</span> <span class='ocrx_word' id='word_1_212' title='bbox 819 4547 1096 4604; x_wconf 60' lang='lat' dir='ltr'>caelorum</span> <span class='ocrx_word' id='word_1_213' title='bbox 1162 4561 1395 4617; x_wconf 77' lang='lat' dir='ltr'>regnum</span> <span class='ocrx_word' id='word_1_214' title='bbox 1445 4545 1748 4617; x_wconf 86' lang='lat' dir='ltr'>pollicitus,</span> <span class='ocrx_word' id='word_1_215' title='bbox 1803 4546 1912 4612; x_wconf 85' lang='lat' dir='ltr'>his,</span> <span class='ocrx_word' id='word_1_216' title='bbox 1969 4547 2064 4617; x_wconf 89' lang='lat' dir='ltr'>qui</span> 
     </span>
    </p>
   </div>
   <div class='ocr_carea' id='block_1_41' title="bbox 476 4637 2067 4710">
    <p class='ocr_par' dir='ltr' id='par_1_41' title="bbox 476 4637 2067 4710">
     <span class='ocr_line' id='line_1_41' title="bbox 476 4637 2067 4710; baseline -0.003 -14"><span class='ocrx_word' id='word_1_217' title='bbox 476 4641 696 4696; x_wconf 89' lang='lat' dir='ltr'>illorum</span> <span class='ocrx_word' id='word_1_218' title='bbox 717 4639 1012 4710; x_wconf 79' lang='lat' dir='ltr'>disciplina</span> <span class='ocrx_word' id='word_1_219' title='bbox 1030 4637 1308 4704; x_wconf 85' lang='lat' dir='ltr'>viverent,</span> <span class='ocrx_word' id='word_1_220' title='bbox 1329 4647 1710 4708; x_wconf 62' lang='lat' dir='ltr'>aeternumque</span> <span class='ocrx_word' id='word_1_221' title='bbox 1734 4637 2067 4708; x_wconf 84' lang='lat' dir='ltr'>supplicium</span> 
     </span>
    </p>
   </div>
   <div class='ocr_carea' id='block_1_42' title="bbox 475 4729 2070 4801">
    <p class='ocr_par' dir='ltr' id='par_1_42' title="bbox 475 4729 2070 4801">
     <span class='ocr_line' id='line_1_42' title="bbox 475 4729 2070 4801; baseline -0.003 -12"><span class='ocrx_word' id='word_1_222' title='bbox 475 4749 671 4789; x_wconf 89' lang='lat' dir='ltr'>eorum</span> <span class='ocrx_word' id='word_1_223' title='bbox 714 4733 936 4788; x_wconf 79' lang='lat' dir='ltr'>violatae</span> <span class='ocrx_word' id='word_1_224' title='bbox 993 4729 1284 4801; x_wconf 84' lang='lat' dir='ltr'>religionis</span> <span class='ocrx_word' id='word_1_225' title='bbox 1332 4737 1491 4784; x_wconf 84' lang='lat' dir='ltr'>reatu</span> <span class='ocrx_word' id='word_1_226' title='bbox 1536 4729 1904 4785; x_wconf 88' lang='lat' dir='ltr'>comminatus</span> <span class='ocrx_word' id='word_1_227' title='bbox 1937 4746 1951 4782; x_wconf 87' lang='lat'>:</span> <span class='ocrx_word' id='word_1_228' title='bbox 1983 4743 2070 4784; x_wconf 85' lang='lat' dir='ltr'>sa-</span> 
     </span>
    </p>
   </div>
   <div class='ocr_carea' id='block_1_43' title="bbox 474 4821 2070 4894">
    <p class='ocr_par' dir='ltr' id='par_1_43' title="bbox 474 4821 2070 4894">
     <span class='ocr_line' id='line_1_43' title="bbox 474 4821 2070 4894; baseline -0.004 -13"><span class='ocrx_word' id='word_1_229' title='bbox 474 4825 644 4881; x_wconf 88' lang='lat' dir='ltr'>lutari</span> <span class='ocrx_word' id='word_1_230' title='bbox 685 4823 931 4894; x_wconf 88' lang='lat' dir='ltr'>denique</span> <span class='ocrx_word' id='word_1_231' title='bbox 981 4822 1318 4893; x_wconf 79' lang='lat' dir='ltr'>perfunctus</span> <span class='ocrx_word' id='word_1_232' title='bbox 1351 4821 1628 4894; x_wconf 86' lang='lat' dir='ltr'>passione,</span> <span class='ocrx_word' id='word_1_233' title='bbox 1683 4836 1860 4891; x_wconf 84' lang='lat' dir='ltr'>exque</span> <span class='ocrx_word' id='word_1_234' title='bbox 1921 4837 2070 4876; x_wconf 89' lang='lat' dir='ltr'>mor-</span> 
     </span>
    </p>
   </div>
   <div class='ocr_carea' id='block_1_44' title="bbox 479 4911 2068 4983">
    <p class='ocr_par' dir='ltr' id='par_1_44' title="bbox 479 4911 2068 4983">
     <span class='ocr_line' id='line_1_44' title="bbox 479 4911 2068 4983; baseline -0.002 -12"><span class='ocrx_word' id='word_1_235' title='bbox 479 4917 594 4973; x_wconf 86' lang='lat' dir='ltr'>tuis</span> <span class='ocrx_word' id='word_1_236' title='bbox 626 4917 950 4980; x_wconf 87' lang='lat' dir='ltr'>suscitatus,</span> <span class='ocrx_word' id='word_1_237' title='bbox 969 4913 1400 4970; x_wconf 89' lang='lat' dir='ltr'>resurrectionis</span> <span class='ocrx_word' id='word_1_238' title='bbox 1421 4923 1747 4982; x_wconf 73' lang='lat' dir='ltr'>aeternzeque</span> <span class='ocrx_word' id='word_1_239' title='bbox 1767 4911 1893 4968; x_wconf 84' lang='lat' dir='ltr'>vitae</span> <span class='ocrx_word' id='word_1_240' title='bbox 1914 4928 2068 4983; x_wconf 87' lang='lat' dir='ltr'>spem</span> 
     </span>
    </p>
   </div>
   <div class='ocr_carea' id='block_1_45' title="bbox 474 5004 2070 5076">
    <p class='ocr_par' dir='ltr' id='par_1_45' title="bbox 474 5004 2070 5076">
     <span class='ocr_line' id='line_1_45' title="bbox 474 5004 2070 5076; baseline -0.001 -13"><span class='ocrx_word' id='word_1_241' title='bbox 474 5009 638 5063; x_wconf 90' lang='lat' dir='ltr'>nobis</span> <span class='ocrx_word' id='word_1_242' title='bbox 653 5007 962 5063; x_wconf 88' lang='lat' dir='ltr'>liberaliter</span> <span class='ocrx_word' id='word_1_243' title='bbox 981 5004 1291 5072; x_wconf 87' lang='lat' dir='ltr'>concessit;</span> <span class='ocrx_word' id='word_1_244' title='bbox 1316 5005 1735 5075; x_wconf 75' lang='lat' dir='ltr'>progenitorum</span> <span class='ocrx_word' id='word_1_245' title='bbox 1765 5012 1867 5058; x_wconf 73' lang='lat' dir='ltr'>trai</span> <span class='ocrx_word' id='word_1_246' title='bbox 1889 5021 2070 5076; x_wconf 70' lang='lat' dir='ltr'>agres-</span> 
     </span>
    </p>
   </div>
   <div class='ocr_carea' id='block_1_46' title="bbox 2585 2441 3270 2505">
    <p class='ocr_par' dir='ltr' id='par_1_46' title="bbox 2585 2441 3270 2505">
     <span class='ocr_line' id='line_1_46' title="bbox 2585 2441 3270 2505; baseline -0.006 -6"><span class='ocrx_word' id='word_1_247' title='bbox 2585 2441 2917 2505; x_wconf 78' lang='grc' dir='ltr'>ΑΔΕΛΦΟΣ,</span> <span class='ocrx_word' id='word_1_248' title='bbox 2953 2443 2994 2494; x_wconf 91' lang='lat'>0</span> <span class='ocrx_word' id='word_1_249' title='bbox 3027 2441 3270 2496; x_wconf 81' lang='grc' dir='ltr'>ΓΕΡΩΝ.</span> 
     </span>
    </p>
   </div>
   <div class='ocr_carea' id='block_1_47' title="bbox 2235 2532 3752 2608">
    <p class='ocr_par' dir='ltr' id='par_1_47' title="bbox 2235 2532 3752 2608">
     <span class='ocr_line' id='line_1_47' title="bbox 2235 2532 3752 2608; baseline 0.002 -19"><span class='ocrx_word' id='word_1_250' title='bbox 2235 2542 2306 2589; x_wconf 82' lang='grc' dir='ltr'>α’.</span> <span class='ocrx_word' id='word_1_251' title='bbox 2351 2534 2608 2605; x_wconf 74' lang='grc' dir='ltr'>Ἀδελφὸς</span> <span class='ocrx_word' id='word_1_252' title='bbox 2639 2533 2895 2606; x_wconf 73' lang='grc' dir='ltr'>ἠρώτησε</span> <span class='ocrx_word' id='word_1_253' title='bbox 2929 2532 3184 2604; x_wconf 85' lang='grc' dir='ltr'>γέροντα,</span> <span class='ocrx_word' id='word_1_254' title='bbox 3203 2533 3378 2603; x_wconf 79' lang='grc' dir='ltr'>λέγων</span> <span class='ocrx_word' id='word_1_255' title='bbox 3401 2551 3414 2566; x_wconf 77' lang='grc'><em>’</em></span> <span class='ocrx_word' id='word_1_256' title='bbox 3433 2535 3752 2608; x_wconf 77' lang='grc' dir='ltr'>Παρακαλῶ</span> 
     </span>
    </p>
   </div>
   <div class='ocr_carea' id='block_1_48' title="bbox 2171 2622 3749 2703">
    <p class='ocr_par' dir='ltr' id='par_1_48' title="bbox 2171 2622 3749 2703">
     <span class='ocr_line' id='line_1_48' title="bbox 2171 2622 3749 2703; baseline 0.003 -22"><span class='ocrx_word' id='word_1_257' title='bbox 2171 2645 2248 2694; x_wconf 87' lang='grc' dir='ltr'>σε,</span> <span class='ocrx_word' id='word_1_258' title='bbox 2269 2630 2662 2701; x_wconf 78' lang='grc' dir='ltr'>Πάτερ,είπεῖν</span> <span class='ocrx_word' id='word_1_259' title='bbox 2681 2643 2792 2698; x_wconf 85' lang='grc' dir='ltr'>μοι,</span> <span class='ocrx_word' id='word_1_260' title='bbox 2815 2627 2898 2690; x_wconf 87' lang='grc' dir='ltr'>τίς</span> <span class='ocrx_word' id='word_1_261' title='bbox 2919 2629 2947 2680; x_wconf 99' lang='lat'>6</span> <span class='ocrx_word' id='word_1_262' title='bbox 2973 2626 3174 2690; x_wconf 77' lang='grc' dir='ltr'>σκοπὸς</span> <span class='ocrx_word' id='word_1_263' title='bbox 3199 2622 3268 2698; x_wconf 82' lang='grc' dir='ltr'>ἦν</span> <span class='ocrx_word' id='word_1_264' title='bbox 3297 2630 3397 2700; x_wconf 81' lang='grc' dir='ltr'>τῆς</span> <span class='ocrx_word' id='word_1_265' title='bbox 3423 2627 3516 2682; x_wconf 76' lang='grc' dir='ltr'>τοῦ</span> <span class='ocrx_word' id='word_1_266' title='bbox 3541 2631 3749 2703; x_wconf 82' lang='grc' dir='ltr'>Κυρίου</span> 
     </span>
    </p>
   </div>
   <div class='ocr_carea' id='block_1_49' title="bbox 2164 2716 3750 2792">
    <p class='ocr_par' dir='ltr' id='par_1_49' title="bbox 2164 2716 3750 2792">
     <span class='ocr_line' id='line_1_49' title="bbox 2164 2716 3750 2792; baseline 0.003 -20"><span class='ocrx_word' id='word_1_267' title='bbox 2164 2719 2664 2792; x_wconf 78' lang='grc' dir='ltr'>ἐνανθρωπήσεως;</span> <span class='ocrx_word' id='word_1_268' title='bbox 2684 2719 2795 2773; x_wconf 78' lang='grc' dir='ltr'>Καὶ</span> <span class='ocrx_word' id='word_1_269' title='bbox 2824 2721 2852 2772; x_wconf 94' lang='lat'>6</span> <span class='ocrx_word' id='word_1_270' title='bbox 2877 2718 3057 2788; x_wconf 82' lang='grc' dir='ltr'>γέρων</span> <span class='ocrx_word' id='word_1_271' title='bbox 3083 2719 3404 2791; x_wconf 76' lang='grc' dir='ltr'>ἀποκριθεὶς</span> <span class='ocrx_word' id='word_1_272' title='bbox 3442 2716 3586 2775; x_wconf 77' lang='grc' dir='ltr'>εἶπε·</span> <span class='ocrx_word' id='word_1_273' title='bbox 3609 2723 3750 2777; x_wconf 87' lang='grc' dir='ltr'>Θαυ-</span> 
     </span>
    </p>
   </div>
   <div class='ocr_carea' id='block_1_50' title="bbox 2167 2810 3749 2884">
    <p class='ocr_par' dir='ltr' id='par_1_50' title="bbox 2167 2810 3749 2884">
     <span class='ocr_line' id='line_1_50' title="bbox 2167 2810 3749 2884; baseline 0.003 -20"><span class='ocrx_word' id='word_1_274' title='bbox 2167 2810 2327 2882; x_wconf 77' lang='grc' dir='ltr'>μάζω</span> <span class='ocrx_word' id='word_1_275' title='bbox 2357 2829 2450 2876; x_wconf 88' lang='grc' dir='ltr'>σε,</span> <span class='ocrx_word' id='word_1_276' title='bbox 2490 2812 2712 2880; x_wconf 75' lang='grc' dir='ltr'>’Δδελφὲ</span> <span class='ocrx_word' id='word_1_277' title='bbox 2735 2853 2750 2877; x_wconf 93' lang='grc'>,</span> <span class='ocrx_word' id='word_1_278' title='bbox 2783 2813 2867 2865; x_wconf 82' lang='grc' dir='ltr'>ὅτι</span> <span class='ocrx_word' id='word_1_279' title='bbox 2917 2810 3040 2865; x_wconf 80' lang='grc' dir='ltr'>καθ’</span> <span class='ocrx_word' id='word_1_280' title='bbox 3067 2812 3280 2883; x_wconf 79' lang='grc' dir='ltr'>ἡμέραν</span> <span class='ocrx_word' id='word_1_281' title='bbox 3323 2811 3420 2866; x_wconf 77' lang='grc' dir='ltr'>τοῦ</span> <span class='ocrx_word' id='word_1_282' title='bbox 3477 2814 3749 2884; x_wconf 77' lang='grc' dir='ltr'>συμϐόλου</span> 
     </span>
    </p>
   </div>
   <div class='ocr_carea' id='block_1_51' title="bbox 2164 2903 3750 2978">
    <p class='ocr_par' dir='ltr' id='par_1_51' title="bbox 2164 2903 3750 2978">
     <span class='ocr_line' id='line_1_51' title="bbox 2164 2903 3750 2978; baseline 0 -20"><span class='ocrx_word' id='word_1_283' title='bbox 2164 2905 2380 2959; x_wconf 82' lang='grc' dir='ltr'>ἀκούων</span> <span class='ocrx_word' id='word_1_284' title='bbox 2414 2906 2514 2975; x_wconf 85' lang='grc' dir='ltr'>τῆς</span> <span class='ocrx_word' id='word_1_285' title='bbox 2544 2905 2804 2968; x_wconf 84' lang='grc' dir='ltr'>πίστεως,</span> <span class='ocrx_word' id='word_1_286' title='bbox 2843 2904 2972 2976; x_wconf 76' lang='grc' dir='ltr'>περὶ</span> <span class='ocrx_word' id='word_1_287' title='bbox 3001 2903 3193 2958; x_wconf 84' lang='grc' dir='ltr'>τούτου</span> <span class='ocrx_word' id='word_1_288' title='bbox 3227 2922 3293 2976; x_wconf 89' lang='grc' dir='ltr'>με</span> <span class='ocrx_word' id='word_1_289' title='bbox 3334 2907 3565 2977; x_wconf 76' lang='grc' dir='ltr'>ἐρωτᾷς.</span> <span class='ocrx_word' id='word_1_290' title='bbox 3601 2908 3750 2978; x_wconf 79' lang='grc' dir='ltr'>Πλὴν</span> 
     </span>
    </p>
   </div>
   <div class='ocr_carea' id='block_1_52' title="bbox 2164 2995 3748 3070">
    <p class='ocr_par' dir='ltr' id='par_1_52' title="bbox 2164 2995 3748 3070">
     <span class='ocr_line' id='line_1_52' title="bbox 2164 2995 3748 3070; baseline 0.002 -21"><span class='ocrx_word' id='word_1_291' title='bbox 2164 2996 2307 3065; x_wconf 81' lang='grc' dir='ltr'>λέγω</span> <span class='ocrx_word' id='word_1_292' title='bbox 2329 3013 2429 3060; x_wconf 88' lang='grc' dir='ltr'>σοι,</span> <span class='ocrx_word' id='word_1_293' title='bbox 2449 2997 2529 3050; x_wconf 77' lang='grc' dir='ltr'>ὅτι</span> <span class='ocrx_word' id='word_1_294' title='bbox 2549 2997 2578 3049; x_wconf 91' lang='lat'>6</span> <span class='ocrx_word' id='word_1_295' title='bbox 2599 2997 2796 3059; x_wconf 81' lang='grc' dir='ltr'>σκοπὸς</span> <span class='ocrx_word' id='word_1_296' title='bbox 2809 2995 2916 3066; x_wconf 77' lang='grc' dir='ltr'>τῆς</span> <span class='ocrx_word' id='word_1_297' title='bbox 2930 2995 3022 3050; x_wconf 78' lang='grc' dir='ltr'>τοῦ</span> <span class='ocrx_word' id='word_1_298' title='bbox 3040 2996 3246 3067; x_wconf 84' lang='grc' dir='ltr'>Κυρίου</span> <span class='ocrx_word' id='word_1_299' title='bbox 3265 2998 3748 3070; x_wconf 79' lang='grc' dir='ltr'>ἐνανθρωπήσεως,</span> 
     </span>
    </p>
   </div>
   <div class='ocr_carea' id='block_1_53' title="bbox 2166 3086 3752 3163">
    <p class='ocr_par' dir='ltr' id='par_1_53' title="bbox 2166 3086 3752 3163">
     <span class='ocr_line' id='line_1_53' title="bbox 2166 3086 3752 3163; baseline 0.001 -19"><span class='ocrx_word' id='word_1_300' title='bbox 2166 3093 2200 3162; x_wconf 83' lang='grc' dir='ltr'>ὴ</span> <span class='ocrx_word' id='word_1_301' title='bbox 2224 3091 2470 3163; x_wconf 80' lang='grc' dir='ltr'>ἡμετέρα</span> <span class='ocrx_word' id='word_1_302' title='bbox 2516 3086 2586 3162; x_wconf 81' lang='grc' dir='ltr'>ἦν</span> <span class='ocrx_word' id='word_1_303' title='bbox 2637 3091 2903 3160; x_wconf 82' lang='grc' dir='ltr'>σωτηρία.</span> <span class='ocrx_word' id='word_1_304' title='bbox 2945 3090 3057 3143; x_wconf 75' lang='grc' dir='ltr'>Καὶ</span> <span class='ocrx_word' id='word_1_305' title='bbox 3090 3092 3118 3143; x_wconf 92' lang='lat'>6</span> <span class='ocrx_word' id='word_1_306' title='bbox 3172 3091 3428 3160; x_wconf 70' lang='grc' dir='ltr'>Ἀδελφὸς</span> <span class='ocrx_word' id='word_1_307' title='bbox 3460 3088 3602 3146; x_wconf 76' lang='grc' dir='ltr'>εἷπε·</span> <span class='ocrx_word' id='word_1_308' title='bbox 3627 3094 3752 3156; x_wconf 70' lang='grc' dir='ltr'>Πῶς</span> 
     </span>
    </p>
   </div>
   <div class='ocr_carea' id='block_1_54' title="bbox 2164 3183 3754 3258">
    <p class='ocr_par' dir='ltr' id='par_1_54' title="bbox 2164 3183 3754 3258">
     <span class='ocr_line' id='line_1_54' title="bbox 2164 3183 3754 3258; baseline 0.002 -20"><span class='ocrx_word' id='word_1_309' title='bbox 2164 3184 2364 3253; x_wconf 83' lang='grc' dir='ltr'>λέγεις,</span> <span class='ocrx_word' id='word_1_310' title='bbox 2389 3184 2608 3255; x_wconf 84' lang='grc' dir='ltr'>Πάτερ;</span> <span class='ocrx_word' id='word_1_311' title='bbox 2640 3183 2754 3237; x_wconf 65' lang='grc' dir='ltr'>Καὶ</span> <span class='ocrx_word' id='word_1_312' title='bbox 2781 3183 3059 3253; x_wconf 79' lang='grc' dir='ltr'>ἀπεκρίθη</span> <span class='ocrx_word' id='word_1_313' title='bbox 3084 3185 3114 3235; x_wconf 88' lang='lat'>6</span> <span class='ocrx_word' id='word_1_314' title='bbox 3151 3183 3362 3254; x_wconf 74' lang='grc' dir='ltr'>γέρωνο</span> <span class='ocrx_word' id='word_1_315' title='bbox 3394 3185 3612 3257; x_wconf 68' lang='grc' dir='ltr'>Ἐπειδὴ</span> <span class='ocrx_word' id='word_1_316' title='bbox 3643 3190 3754 3258; x_wconf 71' lang='grc' dir='ltr'>γὰρ</span> 
     </span>
    </p>
   </div>
   <div class='ocr_carea' id='block_1_55' title="bbox 2163 3275 3754 3346">
    <p class='ocr_par' dir='ltr' id='par_1_55' title="bbox 2163 3275 3754 3346">
     <span class='ocr_line' id='line_1_55' title="bbox 2163 3275 3754 3346; baseline 0.004 -18"><span class='ocrx_word' id='word_1_317' title='bbox 2163 3277 2193 3331; x_wconf 93' lang='lat'>6</span> <span class='ocrx_word' id='word_1_318' title='bbox 2231 3276 2518 3346; x_wconf 76' lang='grc' dir='ltr'>ἄνθρωπος</span> <span class='ocrx_word' id='word_1_319' title='bbox 2542 3276 2829 3346; x_wconf 81' lang='grc' dir='ltr'>ἀπ’ὰρχῆς</span> <span class='ocrx_word' id='word_1_320' title='bbox 2856 3275 3095 3344; x_wconf 85' lang='grc' dir='ltr'>γεγονὼς</span> <span class='ocrx_word' id='word_1_321' title='bbox 3121 3277 3226 3330; x_wconf 77' lang='grc' dir='ltr'>ὑπὸ</span> <span class='ocrx_word' id='word_1_322' title='bbox 3251 3275 3347 3330; x_wconf 80' lang='grc' dir='ltr'>τοῦ</span> <span class='ocrx_word' id='word_1_323' title='bbox 3383 3277 3536 3340; x_wconf 81' lang='grc' dir='ltr'>Θεοῦ,</span> <span class='ocrx_word' id='word_1_324' title='bbox 3570 3281 3665 3333; x_wconf 70' lang='grc' dir='ltr'>καὶ</span> <span class='ocrx_word' id='word_1_325' title='bbox 3697 3283 3754 3333; x_wconf 81' lang='grc' dir='ltr'>ἐν</span> 
     </span>
    </p>
   </div>
   <div class='ocr_carea' id='block_1_56' title="bbox 2164 3364 3756 3442">
    <p class='ocr_par' dir='ltr' id='par_1_56' title="bbox 2164 3364 3756 3442">
     <span class='ocr_line' id='line_1_56' title="bbox 2164 3364 3756 3442; baseline 0.003 -23"><span class='ocrx_word' id='word_1_326' title='bbox 2164 3365 2243 3436; x_wconf 78' lang='grc' dir='ltr'>τῷ</span> <span class='ocrx_word' id='word_1_327' title='bbox 2264 3364 2576 3436; x_wconf 79' lang='grc' dir='ltr'>παραδείσῳ</span> <span class='ocrx_word' id='word_1_328' title='bbox 2601 3365 2796 3430; x_wconf 77' lang='grc' dir='ltr'>τεθεὶς,</span> <span class='ocrx_word' id='word_1_329' title='bbox 2819 3365 2916 3436; x_wconf 79' lang='grc' dir='ltr'>τὴν</span> <span class='ocrx_word' id='word_1_330' title='bbox 2939 3366 3157 3438; x_wconf 73' lang='grc' dir='ltr'>ἐντολὴν</span> <span class='ocrx_word' id='word_1_331' title='bbox 3175 3368 3452 3437; x_wconf 76' lang='grc' dir='ltr'>παραϐὰς,</span> <span class='ocrx_word' id='word_1_332' title='bbox 3481 3373 3546 3440; x_wconf 86' lang='grc' dir='ltr'>τῇ</span> <span class='ocrx_word' id='word_1_333' title='bbox 3581 3371 3756 3442; x_wconf 79' lang='grc' dir='ltr'>φθορᾷ</span> 
     </span>
    </p>
   </div>
   <div class='ocr_carea' id='block_1_57' title="bbox 2165 3454 3826 3532">
    <p class='ocr_par' dir='ltr' id='par_1_57' title="bbox 2165 3454 3826 3532">
     <span class='ocr_line' id='line_1_57' title="bbox 2165 3454 3826 3532; baseline 0.003 -20"><span class='ocrx_word' id='word_1_334' title='bbox 2165 3457 2262 3512; x_wconf 56' lang='grc' dir='ltr'>καί¹</span> <span class='ocrx_word' id='word_1_335' title='bbox 2294 3455 2372 3527; x_wconf 79' lang='grc' dir='ltr'>τῷ</span> <span class='ocrx_word' id='word_1_336' title='bbox 2403 3455 2617 3526; x_wconf 82' lang='grc' dir='ltr'>θανάτῳ</span> <span class='ocrx_word' id='word_1_337' title='bbox 2650 3457 2952 3510; x_wconf 76' lang='grc' dir='ltr'>ὑπέπεσεν·</span> <span class='ocrx_word' id='word_1_338' title='bbox 2985 3454 3102 3510; x_wconf 83' lang='grc' dir='ltr'>εἶτα</span> <span class='ocrx_word' id='word_1_339' title='bbox 3130 3461 3196 3530; x_wconf 82' lang='grc' dir='ltr'>τῇ</span> <span class='ocrx_word' id='word_1_340' title='bbox 3233 3459 3455 3532; x_wconf 80' lang='grc' dir='ltr'>ποικίλῃ</span> <span class='ocrx_word' id='word_1_341' title='bbox 3491 3463 3582 3516; x_wconf 73' lang='grc' dir='ltr'>τοῦ</span> <span class='ocrx_word' id='word_1_342' title='bbox 3618 3464 3753 3516; x_wconf 77' lang='grc' dir='ltr'>Θεοῦ</span> <span class='ocrx_word' id='word_1_343' title='bbox 3821 3484 3826 3486; x_wconf 90' lang='grc'>·</span> 
     </span>
    </p>
   </div>
   <div class='ocr_carea' id='block_1_58' title="bbox 2167 3546 3754 3626">
    <p class='ocr_par' dir='ltr' id='par_1_58' title="bbox 2167 3546 3754 3626">
     <span class='ocr_line' id='line_1_58' title="bbox 2167 3546 3754 3626; baseline 0.003 -23"><span class='ocrx_word' id='word_1_344' title='bbox 2167 3549 2398 3620; x_wconf 69' lang='grc' dir='ltr'>προνοίᾳ.</span> <span class='ocrx_word' id='word_1_345' title='bbox 2425 3546 2566 3601; x_wconf 86' lang='grc' dir='ltr'>κατὰ</span> <span class='ocrx_word' id='word_1_346' title='bbox 2595 3550 2777 3602; x_wconf 79' lang='grc' dir='ltr'>πᾶσαν</span> <span class='ocrx_word' id='word_1_347' title='bbox 2825 3549 3019 3617; x_wconf 82' lang='grc' dir='ltr'>γενεὰν</span> <span class='ocrx_word' id='word_1_348' title='bbox 3054 3553 3145 3604; x_wconf 74' lang='grc' dir='ltr'>καὶ</span> <span class='ocrx_word' id='word_1_349' title='bbox 3175 3553 3370 3620; x_wconf 80' lang='grc' dir='ltr'>γενεὰν</span> <span class='ocrx_word' id='word_1_350' title='bbox 3408 3554 3754 3626; x_wconf 74' lang='grc' dir='ltr'>κυϐερνώμεο</span> 
     </span>
    </p>
   </div>
   <div class='ocr_carea' id='block_1_59' title="bbox 2165 3639 3756 3713">
    <p class='ocr_par' dir='ltr' id='par_1_59' title="bbox 2165 3639 3756 3713">
     <span class='ocr_line' id='line_1_59' title="bbox 2165 3639 3756 3713; baseline 0.004 -19"><span class='ocrx_word' id='word_1_351' title='bbox 2165 3657 2291 3703; x_wconf 85' lang='grc' dir='ltr'>νος,</span> <span class='ocrx_word' id='word_1_352' title='bbox 2327 3639 2596 3711; x_wconf 78' lang='grc' dir='ltr'>ἐπέμενεν</span> <span class='ocrx_word' id='word_1_353' title='bbox 2637 3640 2731 3693; x_wconf 71' lang='grc' dir='ltr'>ἐπὶ</span> <span class='ocrx_word' id='word_1_354' title='bbox 2768 3642 2828 3694; x_wconf 82' lang='grc' dir='ltr'>τὸ</span> <span class='ocrx_word' id='word_1_355' title='bbox 2876 3645 3061 3712; x_wconf 90' lang='grc' dir='ltr'>χεῖρον</span> <span class='ocrx_word' id='word_1_356' title='bbox 3093 3645 3464 3713; x_wconf 75' lang='grc' dir='ltr'>προκόπτων,</span> <span class='ocrx_word' id='word_1_357' title='bbox 3496 3647 3601 3700; x_wconf 80' lang='grc' dir='ltr'>ὑπὸ</span> <span class='ocrx_word' id='word_1_358' title='bbox 3647 3648 3756 3701; x_wconf 81' lang='grc' dir='ltr'>τῶν</span> 
     </span>
    </p>
   </div>
   <div class='ocr_carea' id='block_1_60' title="bbox 2169 3731 3758 3810">
    <p class='ocr_par' dir='ltr' id='par_1_60' title="bbox 2169 3731 3758 3810">
     <span class='ocr_line' id='line_1_60' title="bbox 2169 3731 3758 3810; baseline 0.005 -25"><span class='ocrx_word' id='word_1_359' title='bbox 2169 3731 2431 3786; x_wconf 77' lang='grc' dir='ltr'>ποικίλων</span> <span class='ocrx_word' id='word_1_360' title='bbox 2452 3732 2556 3800; x_wconf 84' lang='grc' dir='ltr'>τῆς</span> <span class='ocrx_word' id='word_1_361' title='bbox 2616 3733 2818 3802; x_wconf 78' lang='grc' dir='ltr'>σαρκὸς</span> <span class='ocrx_word' id='word_1_362' title='bbox 2863 3734 3205 3805; x_wconf 82' lang='grc' dir='ltr'>παθημάτων</span> <span class='ocrx_word' id='word_1_363' title='bbox 3252 3737 3520 3807; x_wconf 82' lang='grc' dir='ltr'>ἀγόμενος</span> <span class='ocrx_word' id='word_1_364' title='bbox 3544 3739 3623 3810; x_wconf 84' lang='grc' dir='ltr'>τῷ</span> <span class='ocrx_word' id='word_1_365' title='bbox 3652 3741 3758 3793; x_wconf 75' lang='grc' dir='ltr'>ἀπ-</span> 
     </span>
    </p>
   </div>
   <div class='ocr_carea' id='block_1_61' title="bbox 2169 3823 3757 3902">
    <p class='ocr_par' dir='ltr' id='par_1_61' title="bbox 2169 3823 3757 3902">
     <span class='ocr_line' id='line_1_61' title="bbox 2169 3823 3757 3902; baseline 0.004 -25"><span class='ocrx_word' id='word_1_366' title='bbox 2169 3825 2422 3896; x_wconf 84' lang='grc' dir='ltr'>ελπισμῷ</span> <span class='ocrx_word' id='word_1_367' title='bbox 2464 3825 2565 3895; x_wconf 86' lang='grc' dir='ltr'>τῆς</span> <span class='ocrx_word' id='word_1_368' title='bbox 2622 3823 2800 3896; x_wconf 78' lang='grc' dir='ltr'>ζωῆς³</span> <span class='ocrx_word' id='word_1_369' title='bbox 2837 3826 3031 3880; x_wconf 81' lang='grc' dir='ltr'>τούτου</span> <span class='ocrx_word' id='word_1_370' title='bbox 3062 3829 3221 3899; x_wconf 78' lang='grc' dir='ltr'>χάριν</span> <span class='ocrx_word' id='word_1_371' title='bbox 3255 3831 3282 3882; x_wconf 88' lang='grc' dir='ltr'><strong>ὁ</strong></span> <span class='ocrx_word' id='word_1_372' title='bbox 3330 3831 3625 3902; x_wconf 80' lang='grc' dir='ltr'>μονογενὴς</span> <span class='ocrx_word' id='word_1_373' title='bbox 3661 3827 3757 3885; x_wconf 76' lang='grc' dir='ltr'>τοῦ</span> 
     </span>
    </p>
   </div>
   <div class='ocr_carea' id='block_1_62' title="bbox 2169 3917 3753 3991">
    <p class='ocr_par' dir='ltr' id='par_1_62' title="bbox 2169 3917 3753 3991">
     <span class='ocr_line' id='line_1_62' title="bbox 2169 3917 3753 3991; baseline 0.003 -21"><span class='ocrx_word' id='word_1_374' title='bbox 2169 3917 2304 3970; x_wconf 80' lang='grc' dir='ltr'>Θεοῦ</span> <span class='ocrx_word' id='word_1_375' title='bbox 2337 3918 2489 3980; x_wconf 83' lang='grc' dir='ltr'>Υἱὸς,</span> <span class='ocrx_word' id='word_1_376' title='bbox 2518 3919 2547 3971; x_wconf 94' lang='lat'>6</span> <span class='ocrx_word' id='word_1_377' title='bbox 2596 3917 2924 3990; x_wconf 85' lang='grc' dir='ltr'>προαιὼνιος</span> <span class='ocrx_word' id='word_1_378' title='bbox 2952 3919 3123 3987; x_wconf 80' lang='grc' dir='ltr'><strong>Λόγος</strong></span> <span class='ocrx_word' id='word_1_379' title='bbox 3171 3921 3199 3973; x_wconf 91' lang='lat'>6</span> <span class='ocrx_word' id='word_1_380' title='bbox 3237 3922 3300 3973; x_wconf 76' lang='grc' dir='ltr'>ἐκ</span> <span class='ocrx_word' id='word_1_381' title='bbox 3334 3920 3468 3974; x_wconf 75' lang='grc' dir='ltr'>Θεοῦ</span> <span class='ocrx_word' id='word_1_382' title='bbox 3513 3923 3753 3991; x_wconf 77' lang='grc' dir='ltr'>ΙΙατρδς,</span> 
     </span>
    </p>
   </div>
   <div class='ocr_carea' id='block_1_63' title="bbox 2168 4009 3754 4083">
    <p class='ocr_par' dir='ltr' id='par_1_63' title="bbox 2168 4009 3754 4083">
     <span class='ocr_line' id='line_1_63' title="bbox 2168 4009 3754 4083; baseline -0.011 -1"><span class='ocrx_word' id='word_1_383' title='bbox 2168 4013 2203 4082; x_wconf 68' lang='grc' dir='ltr'>ἦ</span> <span class='ocrx_word' id='word_1_384' title='bbox 2234 4009 2387 4081; x_wconf 80' lang='grc' dir='ltr'>πηγὴ</span> <span class='ocrx_word' id='word_1_385' title='bbox 2423 4013 2524 4081; x_wconf 84' lang='grc' dir='ltr'>τῆς</span> <span class='ocrx_word' id='word_1_386' title='bbox 2554 4010 2703 4080; x_wconf 79' lang='grc' dir='ltr'>ζωῆς</span> <span class='ocrx_word' id='word_1_387' title='bbox 2727 4010 2820 4065; x_wconf 75' lang='grc' dir='ltr'>καὶ</span> <span class='ocrx_word' id='word_1_388' title='bbox 2843 4014 2942 4082; x_wconf 78' lang='grc' dir='ltr'>τῆς</span> <span class='ocrx_word' id='word_1_389' title='bbox 2967 4011 3267 4075; x_wconf 84' lang='grc' dir='ltr'>ἀθανασίας</span> <span class='ocrx_word' id='word_1_390' title='bbox 3286 4052 3298 4074; x_wconf 96' lang='grc'>,</span> <span class='ocrx_word' id='word_1_391' title='bbox 3319 4010 3588 4080; x_wconf 78' lang='grc' dir='ltr'>ἐπέφανεν</span> <span class='ocrx_word' id='word_1_392' title='bbox 3620 4013 3754 4083; x_wconf 79' lang='grc' dir='ltr'>ἡμῖν</span> 
     </span>
    </p>
   </div>
   <div class='ocr_carea' id='block_1_64' title="bbox 2169 4103 3761 4175">
    <p class='ocr_par' dir='ltr' id='par_1_64' title="bbox 2169 4103 3761 4175">
     <span class='ocr_line' id='line_1_64' title="bbox 2169 4103 3761 4175; baseline 0.001 -18"><span class='ocrx_word' id='word_1_393' title='bbox 2169 4107 2280 4167; x_wconf 83' lang='grc' dir='ltr'>τοῖς</span> <span class='ocrx_word' id='word_1_394' title='bbox 2313 4106 2370 4157; x_wconf 82' lang='grc' dir='ltr'>ὲν</span> <span class='ocrx_word' id='word_1_395' title='bbox 2403 4104 2583 4156; x_wconf 83' lang='grc' dir='ltr'>σκότει</span> <span class='ocrx_word' id='word_1_396' title='bbox 2609 4103 2703 4157; x_wconf 72' lang='grc' dir='ltr'>καὶ</span> <span class='ocrx_word' id='word_1_397' title='bbox 2728 4105 2856 4174; x_wconf 83' lang='grc' dir='ltr'>σκιᾷ</span> <span class='ocrx_word' id='word_1_398' title='bbox 2886 4103 3120 4158; x_wconf 79' lang='grc' dir='ltr'>θανάτου</span> <span class='ocrx_word' id='word_1_399' title='bbox 3147 4103 3505 4175; x_wconf 79' lang='grc' dir='ltr'>καθημένοις·</span> <span class='ocrx_word' id='word_1_400' title='bbox 3539 4122 3761 4173; x_wconf 81' lang='grc' dir='ltr'>σαρκω-</span> 
     </span>
    </p>
   </div>
   <div class='ocr_carea' id='block_1_65' title="bbox 2169 4193 3756 4268">
    <p class='ocr_par' dir='ltr' id='par_1_65' title="bbox 2169 4193 3756 4268">
     <span class='ocr_line' id='line_1_65' title="bbox 2169 4193 3756 4268; baseline 0.003 -22"><span class='ocrx_word' id='word_1_401' title='bbox 2169 4193 2284 4257; x_wconf 80' lang='grc' dir='ltr'>θεὶς</span> <span class='ocrx_word' id='word_1_402' title='bbox 2315 4195 2382 4246; x_wconf 87' lang='grc' dir='ltr'>ὲκ</span> <span class='ocrx_word' id='word_1_403' title='bbox 2406 4194 2721 4265; x_wconf 80' lang='grc' dir='ltr'>Πνεύματος</span> <span class='ocrx_word' id='word_1_404' title='bbox 2759 4195 2941 4263; x_wconf 85' lang='grc' dir='ltr'>ἁγίου,</span> <span class='ocrx_word' id='word_1_405' title='bbox 2976 4196 3071 4249; x_wconf 73' lang='grc' dir='ltr'>καὶ</span> <span class='ocrx_word' id='word_1_406' title='bbox 3113 4197 3214 4265; x_wconf 82' lang='grc' dir='ltr'>τῆς</span> <span class='ocrx_word' id='word_1_407' title='bbox 3244 4197 3404 4264; x_wconf 84' lang='grc' dir='ltr'>ἁγίας</span> <span class='ocrx_word' id='word_1_408' title='bbox 3437 4198 3722 4268; x_wconf 81' lang='grc' dir='ltr'>Παρθένου</span> <span class='ocrx_word' id='word_1_409' title='bbox 3742 4215 3756 4230; x_wconf 75' lang='grc' dir='ltr'><strong>ο</strong></span> 
     </span>
    </p>
   </div>
   <div class='ocr_carea' id='block_1_66' title="bbox 2170 4282 3762 4357">
    <p class='ocr_par' dir='ltr' id='par_1_66' title="bbox 2170 4282 3762 4357">
     <span class='ocr_line' id='line_1_66' title="bbox 2170 4282 3762 4357; baseline 0.004 -22"><span class='ocrx_word' id='word_1_410' title='bbox 2170 4282 2264 4336; x_wconf 75' lang='grc' dir='ltr'>καὶ</span> <span class='ocrx_word' id='word_1_411' title='bbox 2292 4282 2570 4336; x_wconf 80' lang='grc' dir='ltr'>πολιτείαν</span> <span class='ocrx_word' id='word_1_412' title='bbox 2599 4285 2734 4353; x_wconf 85' lang='grc' dir='ltr'>ἡμῖν</span> <span class='ocrx_word' id='word_1_413' title='bbox 2763 4283 3032 4350; x_wconf 79' lang='grc' dir='ltr'>θεοειδοῦς</span> <span class='ocrx_word' id='word_1_414' title='bbox 3057 4287 3203 4357; x_wconf 83' lang='grc' dir='ltr'>ζωῆς</span> <span class='ocrx_word' id='word_1_415' title='bbox 3240 4287 3485 4352; x_wconf 73' lang='grc' dir='ltr'>ἐπέδειξε</span> <span class='ocrx_word' id='word_1_416' title='bbox 3507 4304 3522 4317; x_wconf 78' lang='lat'><strong><em>°</em></strong></span> <span class='ocrx_word' id='word_1_417' title='bbox 3554 4289 3646 4341; x_wconf 70' lang='grc' dir='ltr'>καὶ</span> <span class='ocrx_word' id='word_1_418' title='bbox 3676 4290 3762 4342; x_wconf 84' lang='grc' dir='ltr'>ὲν-</span> 
     </span>
    </p>
   </div>
   <div class='ocr_carea' id='block_1_67' title="bbox 2169 4372 3762 4450">
    <p class='ocr_par' dir='ltr' id='par_1_67' title="bbox 2169 4372 3762 4450">
     <span class='ocr_line' id='line_1_67' title="bbox 2169 4372 3762 4450; baseline 0.006 -26"><span class='ocrx_word' id='word_1_419' title='bbox 2169 4372 2332 4436; x_wconf 81' lang='grc' dir='ltr'>τολὰς</span> <span class='ocrx_word' id='word_1_420' title='bbox 2361 4373 2522 4441; x_wconf 81' lang='grc' dir='ltr'>ἁγίας</span> <span class='ocrx_word' id='word_1_421' title='bbox 2544 4373 2814 4438; x_wconf 85' lang='grc' dir='ltr'>δεδωκὼς,</span> <span class='ocrx_word' id='word_1_422' title='bbox 2841 4377 2940 4430; x_wconf 76' lang='grc' dir='ltr'>καὶ</span> <span class='ocrx_word' id='word_1_423' title='bbox 2991 4376 3271 4446; x_wconf 85' lang='grc' dir='ltr'>βασιλείαν</span> <span class='ocrx_word' id='word_1_424' title='bbox 3303 4378 3554 4450; x_wconf 80' lang='grc' dir='ltr'>οὐρανῶν</span> <span class='ocrx_word' id='word_1_425' title='bbox 3587 4381 3762 4447; x_wconf 77' lang='grc' dir='ltr'>ἐπαγ-</span> 
     </span>
    </p>
   </div>
   <div class='ocr_carea' id='block_1_68' title="bbox 2169 4461 3761 4536">
    <p class='ocr_par' dir='ltr' id='par_1_68' title="bbox 2169 4461 3761 4536">
     <span class='ocr_line' id='line_1_68' title="bbox 2169 4461 3761 4536; baseline 0.006 -22"><span class='ocrx_word' id='word_1_426' title='bbox 2169 4461 2490 4532; x_wconf 83' lang='grc' dir='ltr'>γειλάμενος</span> <span class='ocrx_word' id='word_1_427' title='bbox 2515 4465 2628 4524; x_wconf 85' lang='grc' dir='ltr'>τοῖς</span> <span class='ocrx_word' id='word_1_428' title='bbox 2653 4462 2774 4516; x_wconf 75' lang='grc' dir='ltr'>κατ’</span> <span class='ocrx_word' id='word_1_429' title='bbox 2810 4464 2979 4528; x_wconf 77' lang='grc' dir='ltr'>αὐτὰς</span> <span class='ocrx_word' id='word_1_430' title='bbox 3029 4467 3493 4536; x_wconf 77' lang='grc' dir='ltr'>πολιτευομένοις,</span> <span class='ocrx_word' id='word_1_431' title='bbox 3526 4471 3618 4522; x_wconf 82' lang='grc' dir='ltr'>καὶ</span> <span class='ocrx_word' id='word_1_432' title='bbox 3663 4470 3761 4523; x_wconf 78' lang='grc' dir='ltr'>κό-</span> 
     </span>
    </p>
   </div>
   <div class='ocr_carea' id='block_1_69' title="bbox 2167 4552 3761 4632">
    <p class='ocr_par' dir='ltr' id='par_1_69' title="bbox 2167 4552 3761 4632">
     <span class='ocr_line' id='line_1_69' title="bbox 2167 4552 3761 4632; baseline 0.007 -28"><span class='ocrx_word' id='word_1_433' title='bbox 2167 4552 2327 4606; x_wconf 86' lang='grc' dir='ltr'>λασιν</span> <span class='ocrx_word' id='word_1_434' title='bbox 2376 4552 2596 4608; x_wconf 81' lang='grc' dir='ltr'>αίὼνιον</span> <span class='ocrx_word' id='word_1_435' title='bbox 2649 4556 2764 4618; x_wconf 80' lang='grc' dir='ltr'>τοῖς</span> <span class='ocrx_word' id='word_1_436' title='bbox 2812 4556 3246 4627; x_wconf 80' lang='grc' dir='ltr'>παραϐαίνουσιν</span> <span class='ocrx_word' id='word_1_437' title='bbox 3292 4560 3592 4632; x_wconf 76' lang='grc' dir='ltr'>ἀπειλήσας</span> <span class='ocrx_word' id='word_1_438' title='bbox 3615 4581 3629 4592; x_wconf 85' lang='grc'>·</span> <span class='ocrx_word' id='word_1_439' title='bbox 3663 4563 3761 4615; x_wconf 74' lang='grc' dir='ltr'>καὶ</span> 
     </span>
    </p>
   </div>
   <div class='ocr_carea' id='block_1_70' title="bbox 2171 4641 3757 4719">
    <p class='ocr_par' dir='ltr' id='par_1_70' title="bbox 2171 4641 3757 4719">
     <span class='ocr_line' id='line_1_70' title="bbox 2171 4641 3757 4719; baseline 0.007 -24"><span class='ocrx_word' id='word_1_440' title='bbox 2171 4641 2364 4696; x_wconf 84' lang='grc' dir='ltr'>παθὼν</span> <span class='ocrx_word' id='word_1_441' title='bbox 2391 4643 2450 4695; x_wconf 84' lang='grc' dir='ltr'>τὸ</span> <span class='ocrx_word' id='word_1_442' title='bbox 2488 4643 2756 4715; x_wconf 79' lang='grc' dir='ltr'>σωτήριον</span> <span class='ocrx_word' id='word_1_443' title='bbox 2788 4645 2990 4711; x_wconf 82' lang='grc' dir='ltr'>πάθος,</span> <span class='ocrx_word' id='word_1_444' title='bbox 3029 4648 3124 4700; x_wconf 72' lang='grc' dir='ltr'>καὶ</span> <span class='ocrx_word' id='word_1_445' title='bbox 3161 4650 3225 4701; x_wconf 82' lang='grc' dir='ltr'>ὲκ</span> <span class='ocrx_word' id='word_1_446' title='bbox 3252 4651 3466 4719; x_wconf 77' lang='grc' dir='ltr'>νεκρῶν</span> <span class='ocrx_word' id='word_1_447' title='bbox 3495 4651 3757 4716; x_wconf 75' lang='grc' dir='ltr'>ἀναστὰς,</span> 
     </span>
    </p>
   </div>
   <div class='ocr_carea' id='block_1_71' title="bbox 2169 4735 3759 4814">
    <p class='ocr_par' dir='ltr' id='par_1_71' title="bbox 2169 4735 3759 4814">
     <span class='ocr_line' id='line_1_71' title="bbox 2169 4735 3759 4814; baseline 0.006 -26"><span class='ocrx_word' id='word_1_448' title='bbox 2169 4735 2268 4808; x_wconf 82' lang='grc' dir='ltr'>τὴν</span> <span class='ocrx_word' id='word_1_449' title='bbox 2301 4735 2493 4788; x_wconf 81' lang='grc' dir='ltr'>ἐλπίδα</span> <span class='ocrx_word' id='word_1_450' title='bbox 2537 4735 2642 4804; x_wconf 83' lang='grc' dir='ltr'>τῆς</span> <span class='ocrx_word' id='word_1_451' title='bbox 2685 4737 3038 4804; x_wconf 84' lang='grc' dir='ltr'>ἀναστάσεως</span> <span class='ocrx_word' id='word_1_452' title='bbox 3072 4740 3167 4793; x_wconf 73' lang='grc' dir='ltr'>καὶ</span> <span class='ocrx_word' id='word_1_453' title='bbox 3217 4743 3316 4811; x_wconf 80' lang='grc' dir='ltr'>τῆς</span> <span class='ocrx_word' id='word_1_454' title='bbox 3349 4744 3572 4796; x_wconf 78' lang='grc' dir='ltr'>αἰωνίου</span> <span class='ocrx_word' id='word_1_455' title='bbox 3611 4743 3759 4814; x_wconf 80' lang='grc' dir='ltr'>ζωῆς</span> 
     </span>
    </p>
   </div>
   <div class='ocr_carea' id='block_1_72' title="bbox 2170 4827 3758 4908">
    <p class='ocr_par' dir='ltr' id='par_1_72' title="bbox 2170 4827 3758 4908">
     <span class='ocr_line' id='line_1_72' title="bbox 2170 4827 3758 4908; baseline 0.004 -26"><span class='ocrx_word' id='word_1_456' title='bbox 2170 4829 2486 4901; x_wconf 69' lang='grc' dir='ltr'>ἐδωρήσατο</span> <span class='ocrx_word' id='word_1_457' title='bbox 2520 4829 2650 4898; x_wconf 84' lang='grc' dir='ltr'>ἡμῖν</span> <span class='ocrx_word' id='word_1_458' title='bbox 2679 4827 2800 4900; x_wconf 58' lang='lat' dir='ltr'>[F12</span> <span class='ocrx_word' id='word_1_459' title='bbox 2836 4831 3074 4902; x_wconf 77' lang='lat' dir='ltr'>alterque</span> <span class='ocrx_word' id='word_1_460' title='bbox 3122 4831 3200 4886; x_wconf 79' lang='grc' dir='ltr'>Μ.</span> <span class='ocrx_word' id='word_1_461' title='bbox 3244 4835 3374 4903; x_wconf 80' lang='grc' dir='ltr'>ἡμῖν</span> <span class='ocrx_word' id='word_1_462' title='bbox 3400 4835 3717 4908; x_wconf 76' lang='grc' dir='ltr'>ἐχαρίσατο]</span> <span class='ocrx_word' id='word_1_463' title='bbox 3739 4854 3758 4873; x_wconf 73' lang='grc' dir='ltr'><strong>θ</strong></span> 
     </span>
    </p>
   </div>
   <div class='ocr_carea' id='block_1_73' title="bbox 2170 4919 3760 4997">
    <p class='ocr_par' dir='ltr' id='par_1_73' title="bbox 2170 4919 3760 4997">
     <span class='ocr_line' id='line_1_73' title="bbox 2170 4919 3760 4997; baseline 0.003 -22"><span class='ocrx_word' id='word_1_464' title='bbox 2170 4922 2233 4976; x_wconf 85' lang='grc' dir='ltr'>τὸ</span> <span class='ocrx_word' id='word_1_465' title='bbox 2290 4919 2609 4990; x_wconf 85' lang='grc' dir='ltr'>κατάκριμα</span> <span class='ocrx_word' id='word_1_466' title='bbox 2641 4920 2706 4974; x_wconf 84' lang='grc' dir='ltr'>δι’</span> <span class='ocrx_word' id='word_1_467' title='bbox 2737 4921 2988 4992; x_wconf 81' lang='grc' dir='ltr'>ὑπακοῆς</span> <span class='ocrx_word' id='word_1_468' title='bbox 3041 4923 3209 4986; x_wconf 78' lang='grc' dir='ltr'>λύσας</span> <span class='ocrx_word' id='word_1_469' title='bbox 3265 4925 3364 4994; x_wconf 78' lang='grc' dir='ltr'>τῆς</span> <span class='ocrx_word' id='word_1_470' title='bbox 3428 4930 3760 4997; x_wconf 82' lang='grc' dir='ltr'>προγονικῆς</span> 
     </span>
    </p>
   </div>
   <div class='ocr_carea' id='block_1_74' title="bbox 2172 5013 3760 5092">
    <p class='ocr_par' dir='ltr' id='par_1_74' title="bbox 2172 5013 3760 5092">
     <span class='ocr_line' id='line_1_74' title="bbox 2172 5013 3760 5092; baseline 0.003 -22"><span class='ocrx_word' id='word_1_471' title='bbox 2172 5013 2450 5086; x_wconf 74' lang='grc' dir='ltr'>ἁμαρτίας</span> <span class='ocrx_word' id='word_1_472' title='bbox 2473 5029 2490 5046; x_wconf 76' lang='grc'><strong>⁸</strong></span> <span class='ocrx_word' id='word_1_473' title='bbox 2519 5015 2613 5067; x_wconf 72' lang='grc' dir='ltr'>καὶ</span> <span class='ocrx_word' id='word_1_474' title='bbox 2633 5013 2693 5067; x_wconf 81' lang='grc' dir='ltr'>τὸ</span> <span class='ocrx_word' id='word_1_475' title='bbox 2721 5015 2922 5086; x_wconf 76' lang='grc' dir='ltr'>κράτος</span> <span class='ocrx_word' id='word_1_476' title='bbox 2936 5016 3035 5069; x_wconf 75' lang='grc' dir='ltr'>τοῦ</span> <span class='ocrx_word' id='word_1_477' title='bbox 3051 5016 3287 5072; x_wconf 81' lang='grc' dir='ltr'>θανάτου</span> <span class='ocrx_word' id='word_1_478' title='bbox 3319 5017 3539 5089; x_wconf 79' lang='grc' dir='ltr'>θανάτῳ</span> <span class='ocrx_word' id='word_1_479' title='bbox 3558 5037 3760 5092; x_wconf 76' lang='grc' dir='ltr'>καταρ-</span> 
     </span>
    </p>
   </div>
   <div class='ocr_carea' id='block_1_75' title="bbox 475 5096 2067 5200">
    <p class='ocr_par' dir='ltr' id='par_1_75' title="bbox 475 5096 2067 5164">
     <span class='ocr_line' id='line_1_75' title="bbox 475 5096 2067 5164; baseline -0.003 -8"><span class='ocrx_word' id='word_1_480' title='bbox 475 5101 651 5156; x_wconf 90' lang='lat' dir='ltr'>sionis</span> <span class='ocrx_word' id='word_1_481' title='bbox 700 5110 936 5164; x_wconf 88' lang='lat' dir='ltr'>reatum,</span> <span class='ocrx_word' id='word_1_482' title='bbox 975 5096 1308 5154; x_wconf 84' lang='lat' dir='ltr'>obedientiae</span> <span class='ocrx_word' id='word_1_483' title='bbox 1355 5097 1576 5151; x_wconf 86' lang='lat' dir='ltr'>solvens</span> <span class='ocrx_word' id='word_1_484' title='bbox 1615 5112 1844 5152; x_wconf 89' lang='lat' dir='ltr'>munere</span> <span class='ocrx_word' id='word_1_485' title='bbox 1870 5136 1885 5161; x_wconf 90' lang='lat'>,</span> <span class='ocrx_word' id='word_1_486' title='bbox 1919 5113 2067 5152; x_wconf 90' lang='lat' dir='ltr'>mor-</span> 
     </span>
    </p>
   </div>
   <div class='ocr_carea' id='block_1_76' title="bbox 2167 5096 3757 5200">
    <p class='ocr_par' dir='ltr' id='par_1_76' title="bbox 2171 5108 3757 5184">
     <span class='ocr_line' id='line_1_76' title="bbox 2171 5108 3757 5184; baseline 0.006 -23"><span class='ocrx_word' id='word_1_487' title='bbox 2171 5111 2346 5181; x_wconf 87' lang='grc' dir='ltr'>γήσας</span> <span class='ocrx_word' id='word_1_488' title='bbox 2366 5125 2381 5140; x_wconf 74' lang='grc' dir='ltr'>ο</span> <span class='ocrx_word' id='word_1_489' title='bbox 2418 5109 2528 5173; x_wconf 84' lang='grc' dir='ltr'>ἵνα,</span> <span class='ocrx_word' id='word_1_490' title='bbox 2565 5108 2771 5181; x_wconf 79' lang='grc' dir='ltr'>ὥσπερ</span> <span class='ocrx_word' id='word_1_491' title='bbox 2803 5111 2876 5165; x_wconf 77' lang='grc' dir='ltr'>ἐν</span> <span class='ocrx_word' id='word_1_492' title='bbox 2901 5111 2982 5178; x_wconf 82' lang='grc' dir='ltr'>τῷ</span> <span class='ocrx_word' id='word_1_493' title='bbox 3024 5113 3207 5184; x_wconf 79' lang='grc' dir='ltr'>Ἀδὰμ</span> <span class='ocrx_word' id='word_1_494' title='bbox 3237 5115 3462 5182; x_wconf 79' lang='grc' dir='ltr'>πάντες</span> <span class='ocrx_word' id='word_1_495' title='bbox 3497 5114 3757 5180; x_wconf 77' lang='grc' dir='ltr'>ἀποθνή-</span> 
     </span>
    </p>
   </div>
   <div class='ocr_carea' id='block_1_77' title="bbox 477 5188 2067 5275">
    <p class='ocr_par' dir='ltr' id='par_1_77' title="bbox 477 5188 2064 5264">
     <span class='ocr_line' id='line_1_77' title="bbox 477 5188 2064 5264; baseline 0 -18"><span class='ocrx_word' id='word_1_496' title='bbox 477 5193 656 5264; x_wconf 88' lang='lat' dir='ltr'>tisque</span> <span class='ocrx_word' id='word_1_497' title='bbox 710 5191 1005 5263; x_wconf 89' lang='lat' dir='ltr'>imperium</span> <span class='ocrx_word' id='word_1_498' title='bbox 1042 5197 1221 5245; x_wconf 92' lang='lat' dir='ltr'>morte</span> <span class='ocrx_word' id='word_1_499' title='bbox 1279 5188 1572 5244; x_wconf 89' lang='lat' dir='ltr'>destruens</span> <span class='ocrx_word' id='word_1_500' title='bbox 1601 5190 1663 5258; x_wconf 82' lang='grc'>²;</span> <span class='ocrx_word' id='word_1_501' title='bbox 1697 5198 1776 5251; x_wconf 92' lang='lat' dir='ltr'>ut,</span> <span class='ocrx_word' id='word_1_502' title='bbox 1822 5191 1957 5245; x_wconf 78' lang='lat' dir='ltr'>sicut</span> <span class='ocrx_word' id='word_1_503' title='bbox 2008 5193 2064 5246; x_wconf 76' lang='lat' dir='ltr'>in</span> 
     </span>
    </p>
   </div>
   <div class='ocr_carea' id='block_1_78' title="bbox 2167 5188 3748 5275">
    <p class='ocr_par' dir='ltr' id='par_1_78' title="bbox 2170 5200 3748 5275">
     <span class='ocr_line' id='line_1_78' title="bbox 2170 5200 3748 5275; baseline 0.003 -21"><span class='ocrx_word' id='word_1_504' title='bbox 2170 5215 2455 5268; x_wconf 81' lang='grc' dir='ltr'>σκουσιν,</span> <span class='ocrx_word' id='word_1_505' title='bbox 2469 5200 2659 5268; x_wconf 80' lang='grc' dir='ltr'>οὕτως</span> <span class='ocrx_word' id='word_1_506' title='bbox 2673 5203 2744 5256; x_wconf 85' lang='grc' dir='ltr'>ἐν</span> <span class='ocrx_word' id='word_1_507' title='bbox 2763 5203 2921 5269; x_wconf 83' lang='grc' dir='ltr'>αὐτῷ</span> <span class='ocrx_word' id='word_1_508' title='bbox 2946 5203 3169 5272; x_wconf 78' lang='grc' dir='ltr'>πάντες</span> <span class='ocrx_word' id='word_1_509' title='bbox 3195 5205 3748 5275; x_wconf 53' lang='lat' dir='ltr'>(mariamaria-array</span> 
     </span>
    </p>
   </div>
   <div class='ocr_carea' id='block_1_79' title="bbox 475 5283 2066 5353">
    <p class='ocr_par' dir='ltr' id='par_1_79' title="bbox 475 5283 2066 5353">
     <span class='ocr_line' id='line_1_79' title="bbox 475 5283 2066 5353; baseline -0.001 -13"><span class='ocrx_word' id='word_1_510' title='bbox 475 5286 649 5341; x_wconf 80' lang='lat' dir='ltr'>Adam</span> <span class='ocrx_word' id='word_1_511' title='bbox 700 5301 878 5340; x_wconf 81' lang='lat' dir='ltr'>omnes</span> <span class='ocrx_word' id='word_1_512' title='bbox 930 5284 1249 5346; x_wconf 83' lang='lat' dir='ltr'>moriuntur,</span> <span class='ocrx_word' id='word_1_513' title='bbox 1295 5283 1371 5336; x_wconf 73' lang='lat' dir='ltr'>sic</span> <span class='ocrx_word' id='word_1_514' title='bbox 1406 5283 1462 5336; x_wconf 75' lang='lat' dir='ltr'>in</span> <span class='ocrx_word' id='word_1_515' title='bbox 1496 5299 1554 5336; x_wconf 89' lang='lat' dir='ltr'>eo</span> <span class='ocrx_word' id='word_1_516' title='bbox 1596 5300 1774 5338; x_wconf 86' lang='lat' dir='ltr'>omnes</span> <span class='ocrx_word' id='word_1_517' title='bbox 1804 5283 2066 5353; x_wconf 75' lang='lat' dir='ltr'>vivi/ieeu-</span> 
     </span>
    </p>
   </div>
   <div class='ocr_carea' id='block_1_80' title="bbox 2172 5292 3754 5371">
    <p class='ocr_par' dir='ltr' id='par_1_80' title="bbox 2172 5292 3754 5371">
     <span class='ocr_line' id='line_1_80' title="bbox 2172 5292 3754 5371; baseline 0.002 -25"><span class='ocrx_word' id='word_1_518' title='bbox 2172 5292 2268 5346; x_wconf 75' lang='grc' dir='ltr'>καὶ</span> <span class='ocrx_word' id='word_1_519' title='bbox 2297 5297 2377 5356; x_wconf 77' lang='grc' dir='ltr'>εἰς</span> <span class='ocrx_word' id='word_1_520' title='bbox 2405 5294 2671 5363; x_wconf 77' lang='grc' dir='ltr'>οὐρανοὺς</span> <span class='ocrx_word' id='word_1_521' title='bbox 2700 5294 2961 5361; x_wconf 86' lang='grc' dir='ltr'>ἀνελθὼν,</span> <span class='ocrx_word' id='word_1_522' title='bbox 2998 5297 3093 5350; x_wconf 71' lang='grc' dir='ltr'>καὶ</span> <span class='ocrx_word' id='word_1_523' title='bbox 3127 5299 3187 5352; x_wconf 84' lang='grc' dir='ltr'>ὲν</span> <span class='ocrx_word' id='word_1_524' title='bbox 3231 5297 3376 5371; x_wconf 79' lang='grc' dir='ltr'>δεξιᾷ</span> <span class='ocrx_word' id='word_1_525' title='bbox 3409 5299 3504 5351; x_wconf 80' lang='grc' dir='ltr'>τοῦ</span> <span class='ocrx_word' id='word_1_526' title='bbox 3543 5297 3754 5368; x_wconf 55' lang='lat' dir='ltr'>lla-:96;</span> 
     </span>
    </p>
   </div>
   <div class='ocr_carea' id='block_1_81' title="bbox 478 5375 2067 5460">
    <p class='ocr_par' dir='ltr' id='par_1_81' title="bbox 478 5375 2066 5450">
     <span class='ocr_line' id='line_1_81' title="bbox 478 5375 2066 5450; baseline 0.001 -19"><span class='ocrx_word' id='word_1_527' title='bbox 478 5386 566 5433; x_wconf 78' lang='lat' dir='ltr'>tur</span> <span class='ocrx_word' id='word_1_528' title='bbox 609 5379 668 5432; x_wconf 85' lang='grc'>³;</span> <span class='ocrx_word' id='word_1_529' title='bbox 702 5379 869 5450; x_wconf 73' lang='lat'>368</span> <span class='ocrx_word' id='word_1_530' title='bbox 921 5376 1336 5446; x_wconf 85' lang='lat' dir='ltr'>ascendensque</span> <span class='ocrx_word' id='word_1_531' title='bbox 1372 5375 1430 5432; x_wconf 92' lang='lat' dir='ltr'>in</span> <span class='ocrx_word' id='word_1_532' title='bbox 1473 5376 1643 5432; x_wconf 81' lang='lat' dir='ltr'>caelos</span> <span class='ocrx_word' id='word_1_533' title='bbox 1690 5386 1746 5432; x_wconf 84' lang='lat' dir='ltr'>et</span> <span class='ocrx_word' id='word_1_534' title='bbox 1777 5376 1844 5431; x_wconf 88' lang='lat' dir='ltr'>ad</span> <span class='ocrx_word' id='word_1_535' title='bbox 1887 5377 2066 5432; x_wconf 85' lang='lat' dir='ltr'>Patris</span> 
     </span>
    </p>
   </div>
   <div class='ocr_carea' id='block_1_82' title="bbox 2167 5375 3754 5460">
    <p class='ocr_par' dir='ltr' id='par_1_82' title="bbox 2171 5381 3754 5460">
     <span class='ocr_line' id='line_1_82' title="bbox 2171 5381 3754 5460; baseline 0.004 -25"><span class='ocrx_word' id='word_1_536' title='bbox 2171 5381 2482 5447; x_wconf 74' lang='grc' dir='ltr'>καθεσθεὶς,</span> <span class='ocrx_word' id='word_1_537' title='bbox 2518 5383 2580 5437; x_wconf 83' lang='grc' dir='ltr'>τὸ</span> <span class='ocrx_word' id='word_1_538' title='bbox 2618 5385 2843 5453; x_wconf 79' lang='grc' dir='ltr'>Πνεῦμα</span> <span class='ocrx_word' id='word_1_539' title='bbox 2864 5387 2925 5440; x_wconf 85' lang='grc' dir='ltr'>τὸ</span> <span class='ocrx_word' id='word_1_540' title='bbox 2966 5387 3122 5456; x_wconf 76' lang='grc' dir='ltr'>ἅγιον</span> <span class='ocrx_word' id='word_1_541' title='bbox 3162 5389 3515 5460; x_wconf 71' lang='grc' dir='ltr'>κατέπεμψεν</span> <span class='ocrx_word' id='word_1_542' title='bbox 3542 5390 3619 5451; x_wconf 89' lang='grc' dir='ltr'>είς</span> <span class='ocrx_word' id='word_1_543' title='bbox 3647 5390 3754 5459; x_wconf 71' lang='lat' dir='ltr'>dp-</span> 
     </span>
    </p>
   </div>
   <div class='ocr_carea' id='block_1_83' title="bbox 479 5469 2062 5542">
    <p class='ocr_par' dir='ltr' id='par_1_83' title="bbox 479 5469 2062 5542">
     <span class='ocr_line' id='line_1_83' title="bbox 479 5469 2062 5542; baseline -0.001 -16"><span class='ocrx_word' id='word_1_544' title='bbox 479 5471 761 5531; x_wconf 76' lang='lat' dir='ltr'>dexteram</span> <span class='ocrx_word' id='word_1_545' title='bbox 815 5471 1038 5535; x_wconf 89' lang='lat' dir='ltr'>sedens,</span> <span class='ocrx_word' id='word_1_546' title='bbox 1076 5469 1346 5542; x_wconf 89' lang='lat' dir='ltr'>Spiritum</span> <span class='ocrx_word' id='word_1_547' title='bbox 1396 5479 1647 5526; x_wconf 91' lang='lat' dir='ltr'>sanctum</span> <span class='ocrx_word' id='word_1_548' title='bbox 1694 5471 1747 5524; x_wconf 89' lang='lat' dir='ltr'>in</span> <span class='ocrx_word' id='word_1_549' title='bbox 1798 5471 1924 5526; x_wconf 71' lang='lat' dir='ltr'>vita:</span> <span class='ocrx_word' id='word_1_550' title='bbox 1971 5487 2062 5526; x_wconf 88' lang='lat' dir='ltr'>ar-</span> 
     </span>
    </p>
   </div>
   <div class='ocr_carea' id='block_1_84' title="bbox 477 5549 2062 5619">
    <p class='ocr_par' dir='ltr' id='par_1_84' title="bbox 477 5549 2062 5619">
     <span class='ocr_line' id='line_1_84' title="bbox 477 5549 2062 5619; baseline 0 -3"><span class='ocrx_word' id='word_1_551' title='bbox 477 5563 783 5619; x_wconf 80' lang='lat' dir='ltr'>rhabonem</span> <span class='ocrx_word' id='word_1_552' title='bbox 823 5562 975 5618; x_wconf 89' lang='lat' dir='ltr'>misit</span> <span class='ocrx_word' id='word_1_553' title='bbox 1044 5570 1105 5617; x_wconf 88' lang='lat' dir='ltr'>ut</span> <span class='ocrx_word' id='word_1_554' title='bbox 1136 5562 1341 5618; x_wconf 87' lang='lat' dir='ltr'>nostris</span> <span class='ocrx_word' id='word_1_555' title='bbox 1369 5562 1571 5617; x_wconf 86' lang='lat' dir='ltr'>animis</span> <span class='ocrx_word' id='word_1_556' title='bbox 1601 5549 2062 5618; x_wconf 84' lang='lat' dir='ltr'>illuminationem</span> 
     </span>
    </p>
   </div>
   <div class='ocr_carea' id='block_1_85' title="bbox 553 5704 1384 5774">
    <p class='ocr_par' dir='ltr' id='par_1_85' title="bbox 553 5704 1384 5774">
     <span class='ocr_line' id='line_1_85' title="bbox 553 5704 1384 5774; baseline -0.002 -14"><span class='ocrx_word' id='word_1_557' title='bbox 553 5707 572 5740; x_wconf 80' lang='lat'><strong>‘</strong></span> <span class='ocrx_word' id='word_1_558' title='bbox 601 5705 706 5760; x_wconf 86' lang='lat' dir='ltr'>lsa.</span> <span class='ocrx_word' id='word_1_559' title='bbox 738 5720 811 5774; x_wconf 80' lang='lat' dir='ltr'>Ix,</span> <span class='ocrx_word' id='word_1_560' title='bbox 847 5706 911 5773; x_wconf 75' lang='lat'>‘2;</span> <span class='ocrx_word' id='word_1_561' title='bbox 947 5705 1140 5761; x_wconf 79' lang='lat' dir='ltr'>Matth.</span> <span class='ocrx_word' id='word_1_562' title='bbox 1181 5722 1254 5771; x_wconf 82' lang='lat' dir='ltr'>IV,</span> <span class='ocrx_word' id='word_1_563' title='bbox 1300 5704 1384 5759; x_wconf 79' lang='grc'>16.</span> 
     </span>
    </p>
   </div>
   <div class='ocr_carea' id='block_1_86' title="bbox 2172 5471 3760 5550">
    <p class='ocr_par' dir='ltr' id='par_1_86' title="bbox 2172 5471 3760 5550">
     <span class='ocr_line' id='line_1_86' title="bbox 2172 5471 3760 5550; baseline 0.007 -27"><span class='ocrx_word' id='word_1_564' title='bbox 2172 5471 2394 5541; x_wconf 79' lang='grc' dir='ltr'>ραδῶνα</span> <span class='ocrx_word' id='word_1_565' title='bbox 2423 5473 2527 5542; x_wconf 85' lang='grc' dir='ltr'>τῆς</span> <span class='ocrx_word' id='word_1_566' title='bbox 2549 5473 2726 5543; x_wconf 77' lang='grc' dir='ltr'>ζωῆς·</span> <span class='ocrx_word' id='word_1_567' title='bbox 2758 5478 2854 5531; x_wconf 72' lang='grc' dir='ltr'>καὶ</span> <span class='ocrx_word' id='word_1_568' title='bbox 2903 5479 2984 5542; x_wconf 82' lang='grc' dir='ltr'>είς</span> <span class='ocrx_word' id='word_1_569' title='bbox 3037 5480 3316 5550; x_wconf 81' lang='grc' dir='ltr'>φωτισμὸν</span> <span class='ocrx_word' id='word_1_570' title='bbox 3359 5481 3451 5534; x_wconf 73' lang='grc' dir='ltr'>καὶ</span> <span class='ocrx_word' id='word_1_571' title='bbox 3484 5479 3760 5548; x_wconf 68' lang='grc' dir='ltr'>ἁγιασμδν</span> 
     </span>
    </p>
   </div>
   <div class='ocr_carea' id='block_1_87' title="bbox 2171 5563 3763 5642">
    <p class='ocr_par' dir='ltr' id='par_1_87' title="bbox 2171 5563 3763 5642">
     <span class='ocr_line' id='line_1_87' title="bbox 2171 5563 3763 5642; baseline 0.018 -28"><span class='ocrx_word' id='word_1_572' title='bbox 2171 5563 2278 5615; x_wconf 82' lang='grc' dir='ltr'>τῶν</span> <span class='ocrx_word' id='word_1_573' title='bbox 2307 5565 2594 5636; x_wconf 72' lang='grc' dir='ltr'>ἡμετέρων</span> <span class='ocrx_word' id='word_1_574' title='bbox 2623 5567 2844 5638; x_wconf 58' lang='grc' dir='ltr'>ψυχῶν</span> <span class='ocrx_word' id='word_1_575' title='bbox 2884 5571 2978 5625; x_wconf 66' lang='grc' dir='ltr'>καὶ</span> <span class='ocrx_word' id='word_1_576' title='bbox 3003 5572 3079 5635; x_wconf 77' lang='grc' dir='ltr'>είς</span> <span class='ocrx_word' id='word_1_577' title='bbox 3119 5570 3377 5642; x_wconf 81' lang='grc' dir='ltr'>βοήθειαν</span> <span class='ocrx_word' id='word_1_578' title='bbox 3407 5572 3511 5625; x_wconf 70' lang='grc' dir='ltr'>τῶν</span> <span class='ocrx_word' id='word_1_579' title='bbox 3553 5572 3763 5639; x_wconf 75' lang='grc' dir='ltr'>ἀγωνιο</span> 
     </span>
    </p>
   </div>
   <div class='ocr_carea' id='block_1_88' title="bbox 1465 5701 2442 5773">
    <p class='ocr_par' dir='ltr' id='par_1_88' title="bbox 1465 5701 2442 5773">
     <span class='ocr_line' id='line_1_88' title="bbox 1465 5701 2442 5773; baseline 0.001 -14"><span class='ocrx_word' id='word_1_580' title='bbox 1465 5705 1485 5733; x_wconf 80' lang='grc'>¹</span> <span class='ocrx_word' id='word_1_581' title='bbox 1521 5701 1690 5759; x_wconf 80' lang='lat' dir='ltr'>Hebr.</span> <span class='ocrx_word' id='word_1_582' title='bbox 1721 5720 1777 5770; x_wconf 87' lang='lat' dir='ltr'>ll,</span> <span class='ocrx_word' id='word_1_583' title='bbox 1810 5705 1894 5758; x_wconf 71' lang='lat'>11..</span> <span class='ocrx_word' id='word_1_584' title='bbox 1975 5705 1994 5736; x_wconf 88' lang='grc'>³</span> <span class='ocrx_word' id='word_1_585' title='bbox 2022 5705 2042 5758; x_wconf 91' lang='lat' dir='ltr'>l</span> <span class='ocrx_word' id='word_1_586' title='bbox 2075 5703 2200 5761; x_wconf 86' lang='lat' dir='ltr'>Cor.</span> <span class='ocrx_word' id='word_1_587' title='bbox 2237 5721 2324 5773; x_wconf 76' lang='lat' dir='ltr'>xv,</span> <span class='ocrx_word' id='word_1_588' title='bbox 2371 5706 2442 5760; x_wconf 67' lang='lat'>24</span> 
     </span>
    </p>
   </div>
  </div>
