4036 6210
412 240 518 303 913

1683 237 1915 298 LIBER
1950 234 2381 299 ASCETICUS.

3545 238 3651 305 9M

407 356 654 427 ζομένων
702 354 840 425 ὑπὲρ
884 354 983 423 τῆς
1026 352 1236 407 ἑαυτῶν
1290 352 1562 423 σωτηρίας
1602 326 1837 420 φυλάξαι
1885 349 1983 411 τὰς

2086 364 2147 403 ac
2173 347 2588 403 sanctimoniam
2632 340 2859 411 tribuat,
2888 353 3222 418 praestetque
3246 347 3510 402 auxilium
3546 352 3657 417 his,

405 448 629 509 ἐντολὰς
665 447 855 501 αὑτοῦ.
882 439 1050 509 Οὗτος
1093 440 1160 515 ἦν
1196 446 1225 499 6
1253 445 1455 507 σκοπὸς
1500 445 1599 514 τῆς
1641 441 1737 496 τοῦ
1773 440 1978 511 Κυρίου

403 539 897 610 ὲνανθρωπήσεως,
926 538 1002 601 ὡς
1031 538 1091 591 ὲν
1125 537 1375 607 συντόμῳ
1408 536 1604 588 εἰπεῖν.

480 720 545 789 β’.
573 719 682 772 Καὶ
703 720 730 771 6
769 716 1024 786 Ἀδελφὸς
1046 711 1199 770 εἶπεν
1234 715 1397 778 Ποίας
1425 709 1516 768 οὖν
1545 712 1760 775 ἐντολὰς
1783 711 1982 781 ὀφείλω

408 813 678 881 ποιῆσαι,
713 810 928 879 Πάτερ,
967 810 1054 861 ἵνα
1087 808 1153 860 δι’
1189 806 1371 860 αὐτῶν
1422 806 1601 871 σωθῶ,
1633 804 1823 877 ἤθελον
1860 822 1981 857 συνο

407 902 593 969 τόμως
644 899 894 952 ἀκοῦσαι.
943 898 1054 951 Kal
1097 897 1371 969 ἀπεκρίθη
1408 898 1437 950 6
1484 896 1662 967 γέρων
1700 910 1713 925 ·
1750 893 1922 956 Αὐτὸς
1954 895 1983 947 6

411 992 617 1061 Κύριος
654 985 776 1043 εἷπε
814 990 953 1061 μετὰ
984 990 1083 1059 τὴν
1128 990 1426 1042 ἀνάστασιν
1475 989 1587 1051 τοῖς
1640 986 1977 1049 ἀποστόλοις

409 1080 829 1147 Πορευθέντες,
876 1082 1294 1150 μαθητεύσατε
1329 1078 1527 1133 πάντα
1564 1076 1637 1131 τὰ
1678 1077 1984 1144 ἔθνη-βα-

412 1174 716 1239 πτίζοντες
738 1173 961 1239 αὐτοὺς
1005 1173 1091 1238 εἰς
1122 1173 1189 1226 τὸ
1231 1171 1419 1240 ὄνομα
1454 1170 1562 1225 τοῦ
1615 1169 1846 1236 Πατρός
1883 1167 1982 1222 καὶ

412 1265 519 1318 τοῦ
552 1264 687 1317 Υιοῦ
717 1263 813 1317 καὶ
840 1264 945 1317 τοῦ
982 1264 1155 1332 ἁγίου
1198 1262 1540 1331 Πνεύματος
1563 1256 1985 1323 ’διδάσκοντες

411 1355 634 1420 αὐτοὺς
654 1353 854 1422 τηρεῖν
868 1353 1062 1405 πάντα
1088 1353 1205 1407 ὅσα
1229 1350 1619 1420 ἐνετειλάμην
1637 1349 1799 1418 ὑμῖν.
1823 1347 1984 1399 Ὥστε

411 1442 506 1499 οὖν
526 1448 627 1499 ὅσα
658 1444 961 1499 ἐνετείλατο
993 1445 1074 1497 δεῖ
1114 1445 1299 1515 τηρεῖν
1322 1484 1335 1507 ,
1357 1444 1534 1498 πάντα
1574 1441 1861 1513 ἄνθρωπον
1890 1439 1985 1509 βα-

413 1538 709 1590 πτισθέντα
746 1538 825 1599 εἰς
856 1536 916 1589 τὸ
950 1537 1123 1607 ὄνομα
1146 1538 1245 1607 τῆς
1272 1535 1537 1600 ζωοποιοῠ
1569 1536 1662 1590 καὶ
1688 1535 1984 1607 θεαρχικῆς

415 1630 666 1701 Τριάδος.
690 1629 894 1682 Τούτου
920 1628 1029 1700 γὰρ
1055 1630 1217 1699 χάριν
1245 1632 1308 1700 τῇ
1343 1628 1476 1701 ὀρθῇ
1509 1628 1689 1682 πίστει
1722 1630 1751 1682 6
1782 1629 1984 1698 Κύριος

411 1723 516 1792 τὴν
547 1720 733 1775 πασῶν
762 1722 871 1774 τῶν
924 1721 1155 1774 ἐντολῶν
1206 1720 1491 1786 συνέζευξε
1524 1721 1786 1791 τήρησινο
1813 1720 1887 1783 ὡς
1910 1720 1986 1771 εί-

413 1810 540 1872 δὼς,
579 1809 660 1862 ὅτι
691 1810 970 1879 ἀμήχανον
997 1809 1096 1879 τὴν
1133 1810 1259 1881 μίαν
1291 1808 1699 1878 διαζευχθεϊσαν
1722 1806 1823 1878 τῆς
1857 1808 1986 1878 μιᾶς

416 1900 614 1963 σίζειν
655 1900 745 1952 τὸν
796 1901 1102 1969 ἄνθρωπον.
1142 1899 1241 1952 Διά
1281 1898 1441 1952 τοῦτο
1496 1899 1590 1951 καὶ
1633 1898 1661 1951 6
1697 1896 1860 1950 Aa6l6
1887 1895 1987 1967 τὴν

413 1993 581 2062 ὀρθὴν
650 1991 829 2043 πίστιν
876 1991 1012 2061 ἔχων
1038 2031 1053 2054 ,
1088 1990 1226 2061 πρὸς
1278 1990 1370 2044 τὸν
1413 1989 1545 2043 Θεὸν
1598 1988 1751 2058 ἔλεγε
1778 2004 1793 2020 ⁸
1832 1988 1987 2056 Πρὸς

413 2082 619 2149 πάσας
651 2083 760 2147 τὰς
800 2082 1054 2149 ἐντολάς
1095 2099 1213 2137 σου
1274 2083 1701 2152 κατιορθούμην
1724 2098 1737 2113 ⁸
1781 2079 1988 2136 πᾶσαν

414 2173 560 2227 ὁδὸν
585 2173 792 2227 ἄδικον
806 2173 1088 2242 ἐμίσησα.
1107 2173 1261 2225 Κατά
1293 2173 1398 2244 γὰρ
1426 2172 1605 2242 πάσης
1633 2171 1751 2225 ὁδοῦ
1778 2171 1985 2235 ἀδίκου,

414 2268 586 2319 πᾶσαι
615 2268 745 2336 ἡμῖν
773 2267 830 2318 ai
866 2264 1077 2318 ἐντολαὶ
1106 2265 1211 2318 ὑπὸ
1257 2264 1350 2318 τοῦ
1383 2265 1590 2335 Κυρίου
1621 2264 1950 2336 δεδώρηνται
1970 2283 1985 2296 θ

414 2360 509 2410 καὶ
549 2358 643 2410 ἐὰν
698 2357 1038 2429 παραλειφθῇ
1098 2356 1197 2428 μία
1224 2397 1239 2421 ,
1267 2358 1369 2426 τὴν
1416 2356 1797 2428 ἀντικειμένην
1846 2356 1985 2429 αὐτῇ

413 2450 533 2504 ὁδὸν
553 2449 652 2519 τῆς
671 2449 871 2511 κακίας
891 2448 1202 2517 ἀντεισάγει
1226 2448 1465 2512 πάντως.

1830 2549 2024 2732 ,ί

1604 2829 1641 2875 ις
1667 2852 1681 2875 ,
1868 2830 1915 2865 xc

1742 2900 1858 2969 φὸς’
1881 2902 1915 2954 κ

1446 3138 1548 3194 1

1318 3194 1395 3228 π.

1297 3194 1513 3371 ﬁ

489 2631 560 2692 γ’.
580 2624 688 2677 Kal
718 2621 871 2679 εἶπεν
894 2626 922 2678 6
964 2624 1237 2695 ’Λδελφός’
1270 2625 1379 2679 Kal
1411 2624 1493 2688 τίς
1516 2624 1758 2691 δύναται,
1782 2627 1826 2680 Π

412 2814 443 2863 6
477 2812 691 2881 γέρωνο
735 2810 791 2863 Ὀ
835 2811 927 2863 τὸν
976 2810 1178 2881 Κύριον
1235 2809 1641 2881 ἐκμιμούμενος
1667 2852 1681 2875 ,

416 2901 563 2970 ῐχνος
591 2900 741 2971 αύτῷ
767 2898 1167 2953 ἐπακολουθῶν.
1200 2899 1312 2953 Kal
1332 2894 1486 2952 εἶπεν
1518 2901 1547 2953 6
1589 2900 1604 2922 ‘

412 2993 496 3057 τίς
515 2990 761 3063 δύναται]
791 2993 881 3045 τὸν
912 2991 1116 3061 Κύριον
1161 2991 1533 3064 μιμήσασθαι;

409 3082 480 3157 ἦν
507 3084 662 3148 Θεὸς,
696 3084 745 3136 εί
766 3083 860 3137 καὶ
888 3082 1170 3154 ἄνθρωπος
1196 3082 1446 3151 γέγονεν·

412 3178 532 3247 εἰμι
565 3174 905 3246 ἁμαρτωλὸς,
928 3174 1022 3228 καὶ
1058 3175 1273 3244 μυρίοις
1318 3174 1395 3228 πά

411 3268 535 3329 πῶς
564 3262 656 3319 οὗν
682 3266 920 3335 δύναμαι
950 3264 1042 3317 τὸν
1093 3264 1297 3334 Κύριον

412 3358 609 3429 εκρίθη
644 3360 672 3410 6
702 3358 877 3428 γέρων
901 3374 915 3387 ·
951 3355 1071 3408 Τῶν
1102 3358 1168 3427 τῇ
1217 3355 1246 3407 ὖ

1614 3083 1670 3137 δὲ
1695 3084 1791 3139 ἄνθ
1801 3087 1985 3156 ρωπός

1550 3174 1943 3246 δεδουλωμένος
1968 3194 1981 3209 ο

1450 3266 1685 3334 ήσασθαι
1704 3283 1720 3333 ;
1745 3268 1852 3322 Kal
1881 3269 1985 3322 ἀπ-

1377 3354 1438 3408 οὖ
1481 3355 1685 3426 κόσμου
1726 3356 1984 3411 δεδουλωο

416 3450 615 3519 μένων,
651 3448 821 3510 οὐδεὶς
868 3446 1090 3500 δύναται
1140 3446 1481 3519 τὸμύριον
1536 3448 1903 3518 μιμήσασθαι·
1935 3449 1984 3500 οἱ

412 3542 471 3596 δὲ
497 3541 782 3611 δυνάμενοι
812 3539 990 3607 λέγειν
1009 3556 1023 3569 ο
1053 3537 1207 3611 Ἰδοῆ
1238 3538 1406 3607 ἡμεῖς
1436 3540 1753 3607 ἀφήκαμεν
1768 3538 1982 3605 πάντα,

414 3635 512 3687 καὶ
542 3631 1047 3701 ἠκολουθήσαμέν
1068 3646 1166 3684 σοι
1189 3630 1428 3683 έῖίκεῖνοι
1456 3630 1792 3701 λαμϐάνουσι
1835 3630 1987 3685 δύνα-

418 3744 511 3796 μιν
547 3723 641 3777 τοῦ
675 3741 734 3778 τε
778 3722 1124 3794 μιμήσασθαι
1161 3722 1345 3785 αὐτὸν,
1386 3723 1481 3776 καὶ
1512 3721 1605 3776 τοῦ
1640 3722 1775 3793 πρὸς
1808 3723 1987 3786 πάσας

413 3818 515 3880 τὰς
540 3816 756 3879 ἐντολὰς
786 3815 950 3869 αὐτοῦ
979 3814 1343 3880 κατορθῶσαι.
1370 3814 1479 3867 Καί
1503 3831 1666 3884 φησιν
1703 3814 1980 3883 Ἀδελφός·

414 3910 582 3962 Ποίαν
619 3908 890 3979 δύναμιν;
927 3907 1200 3978 ἀπεκρίθη
1239 3909 1268 3960 6
1301 3907 1500 3978 γέρων·
1549 3906 1723 3960 Αὐτοῦ
1754 3907 1986 3961 ἄκουσον

415 3999 665 4067 λέγοντος
710 4017 725 4031 ·
783 3998 939 4053 ἰδοὺ
983 3997 1212 4054 δέδωκα
1256 3997 1399 4067 ὑμῖν
1429 3997 1724 4059 ἐξουσίαν
1774 3998 1986 4052 πατεῖν

390 4090 619 4145 ἐπάνω
651 4092 843 4158 ὄφεων
870 4089 968 4142 καὶ
1001 4091 1335 4156 σκορπίων.
1377 4090 1476 4143 καὶ
1504 4090 1604 4144 ἐπὶ
1638 4091 1848 4147 πᾶσαν
1872 4089 1990 4151 τὴν

415 4162 682 4298 ἓιὲναῆιιν
745 4161 850 4215 τοῦ
896 4160 1155 4228 ἐχθροῦο
1208 4162 1308 4216 καί
1351 4160 1536 4216 οὐδὲν
1574 4162 1733 4230 ὑμᾶς
1783 4160 1856 4215 οὺ
1900 4160 1989 4229 μὴ

499 4249 556 4285 ne
602 4247 721 4289 σει.

1668 2992 1736 3061 ἀρ
1782 2994 1987 3064 Κύριος
2011 3024 2060 3087 C

2081 442 2176 511 qui
2210 458 2311 512 pro
2346 458 2445 497 sua
2500 443 2677 498 salute
2721 442 2978 497 mandata
3028 458 3251 497 servare
3293 445 3654 503 contendunt.

2081 532 2181 588 Hic
2230 534 2490 587 nimirum
2537 533 2685 599 ﬁnis,
2713 549 2893 603 eoque
2921 541 3154 603 spectat,
3205 534 3352 603 quod
3392 537 3660 595 Dominus

2081 626 2245 679 homo
2297 625 2495 691 factus,
2556 633 2618 678 ut
2680 625 2760 679 sic
2808 624 2999 694 paucis
3045 624 3247 679 dicam.

2149 717 2204 771 Ξ.
2241 717 2493 786 Dixitque
2548 715 2720 771 frater
2762 733 2775 769 :
2812 716 2990 771 Velim
3023 731 3091 770 ex
3122 725 3195 782 te,
3224 718 3404 780 Pater,
3456 719 3649 786 paucis

2082 807 2307 872 audire,
2365 822 2614 877 quaenam
2645 822 2732 861 me
2765 814 3019 877 oporteat
3072 807 3329 861 mandata
3364 809 3566 874 facere,
3600 819 3660 865 ut

2082 915 2181 969 per
2215 901 2306 954 illa
2355 916 2583 971 compos
2622 901 2815 977 salutis
2843 901 3068 957 etiiciar.
3114 902 3423 972 Respondit
3452 919 3657 960 senex:

2082 990 2203 1059 Ipse
2226 991 2509 1055 Dominus,
2542 1006 2669 1045 cum
2694 1007 2764 1047 ex
2803 992 3038 1046 mortuis
3074 992 3493 1058 resurrexisset,
3520 992 3658 1047 dixit

2083 1081 2402 1150 discipulis:
2426 1081 2648 1148 Euntes,
2677 1082 2855 1136 docete
2887 1098 3068 1136 omnes
3102 1090 3302 1154 gentes,
3335 1084 3657 1154 baptizantes

2084 1186 2169 1224 eos
2220 1172 2273 1224 in
2320 1173 2529 1225 nomine
2590 1172 2770 1227 Patris
2814 1181 2866 1227 et
2914 1172 3039 1228 Filii
3090 1184 3140 1228 et
3192 1173 3422 1245 Spiritus
3466 1176 3659 1241 sancti,

2084 1262 2321 1316 docentes
2367 1280 2451 1317 eos
2475 1280 2686 1319 servare
2714 1266 2915 1330 omnia,
2943 1281 3263 1336 quacunque
3290 1267 3536 1321 mandavi
3567 1283 3659 1320 vo-

2084 1355 2162 1408 bis
2192 1354 2233 1407 ⁸.
2257 1353 2623 1420 Quamobrem
2653 1356 2840 1411 omnia
2868 1372 3089 1413 servare
3123 1373 3349 1414 necesse
3379 1366 3482 1422 est,
3508 1374 3659 1428 qua:-

2085 1460 2303 1515 cunque
2351 1446 2650 1511 mandavit,
2700 1447 2952 1517 quisquis
2980 1449 3293 1504 mortalium
3339 1448 3394 1502 in
3435 1449 3659 1505 nomine

2085 1536 2313 1591 viviﬁcee
2358 1551 2422 1592 ac
2465 1538 2674 1593 deiﬁcze
2733 1537 3022 1593 Trinitatis
3076 1538 3386 1608 baptizatus
3425 1546 3528 1593 est.
3574 1538 3662 1593 ld-

2086 1626 2235 1681 circo
2270 1628 2418 1682 enim
2454 1628 2719 1685 Dominus
2757 1638 2919 1684 rectm
2946 1628 3073 1683 ﬁdei
3112 1630 3357 1684 omnium
3397 1629 3657 1683 observa-

2090 1719 2291 1773 tionem
2336 1720 2718 1775 mandatorum
2765 1719 3062 1788 copulavit,
3098 1719 3302 1789 quippe
3337 1721 3431 1789 qui
3470 1721 3657 1784 sciret,

2086 1811 2209 1866 lieri
2260 1826 2372 1876 non
2418 1827 2601 1881 posse,
2660 1820 2721 1866 ut
2778 1827 2951 1866 unum
2996 1812 3064 1866 ab
3098 1812 3272 1866 altero
3324 1812 3659 1881 disjunctum

2085 1900 2318 1956 salutem
2358 1901 2568 1957 homini
2604 1909 2911 1971 prmslaret.
2944 1901 3241 1971 Propterea
3270 1902 3433 1956 etiam
3464 1901 3656 1967 David,

2086 1991 2181 2061 qui
2228 2000 2381 2046 certa
2440 1992 2705 2062 prmditus
2750 1993 2857 2048 ﬁde
2898 2000 3066 2058 esset,
3126 1992 3195 2046 ad
3239 1992 3529 2046 Dominum
3572 1992 3660 2045 di-

2086 2081 2245 2136 cebat
2275 2098 2286 2133 :
2334 2080 2415 2135 Ad
2461 2083 2644 2135 omnia
2700 2081 2956 2134 mandata
2990 2088 3083 2135 tua
3116 2082 3380 2151 dirigebar
3408 2098 3426 2135 :
3453 2097 3659 2134 onmem

2090 2172 2233 2225 viam
2308 2172 2550 2241 iniquam
2622 2171 2740 2224 odio
2817 2170 3064 2225 habui".
3148 2170 3426 2224 Adversus
3506 2168 3656 2223 enim

2087 2276 2305 2317 omnem
2353 2262 2498 2316 viam
2538 2261 2868 2331 iniquitatis,
2903 2262 3086 2315 omnia
3122 2261 3281 2315 nobis
3341 2276 3374 2314 a
3425 2259 3659 2323 Domino

2087 2352 2345 2407 mandata
2390 2353 2591 2407 donata
2640 2362 2770 2407 sunt
2803 2369 2816 2405 :
2850 2368 2914 2407 ac
2954 2352 2998 2405 si
3042 2351 3126 2405 vel
3186 2366 3357 2405 unum
3396 2350 3655 2415 defuerit,

2089 2445 2352 2500 contrarii
2402 2446 2523 2501 vitii
2572 2444 2716 2499 viam
2775 2459 2840 2500 ac
2886 2442 3107 2499 malitia:
3150 2444 3375 2499 omnino
3416 2444 3659 2499 vicissim

2088 2536 2320 2593 inducit.

2157 2627 2210 2681 '5.
2239 2626 2495 2696 Dixitque
2560 2625 2730 2681 frater
2785 2626 3175 2697 :Ecquisnam,
3236 2626 3418 2690 Pater,
3476 2627 3657 2681 omnia

2089 2718 2364 2783 mandata,
2396 2732 2516 2787 qua:
2550 2725 2658 2772 tam
2698 2718 2871 2772 multa
2905 2718 3035 2781 sint,
3072 2717 3297 2788 exsequi
3329 2718 3549 2787 potest?
3575 2716 3658 2773 Ad

1974 2810 1988 2832 '
2089 2824 2249 2879 quem
2284 2825 2491 2864 senex:
2531 2808 2635 2874 Qui
2677 2809 2971 2863 Dominum
3011 2809 3281 2886 imitatur,
3312 2817 3477 2878 atque
3514 2808 3660 2862 illius

2088 2900 2319 2971 vestigia
2356 2900 2628 2971 sequitur.
2678 2899 2814 2954 Tum
2844 2900 3014 2955 frater
3056 2917 3069 2954 :
3102 2899 3364 2966 Quisnam
3394 2912 3525 2952 vero
3557 2898 3662 2951 Do-

2089 2991 2298 3046 minum
2329 2991 2531 3046 imitari
2571 2991 2788 3060 potest?
2838 2991 3105 3046 Dominus
3129 2992 3278 3045 enim
3322 2992 3469 3044 Deus
3518 2996 3657 3054 erat,

2089 3084 2306 3138 tametsi
2344 3083 2511 3138 homo
2558 3082 2739 3137 factus
2787 3090 2946 3138 erat:
2983 3098 3085 3155 ego
3114 3092 3298 3137 autem
3337 3082 3502 3136 homo
3531 3096 3659 3151 pec-

2086 3182 2239 3229 cator
2283 3187 2426 3238 sum,
2458 3171 2876 3245 innumerisque
2922 3172 3073 3228 vitiis
3101 3186 3165 3226 ac
3191 3171 3479 3226 ati‘ectibus
3503 3156 3661 3225 man--

2084 3266 2314 3335 cipatus.
2358 3263 2602 3330 Quanam
2646 3262 2815 3334 igitur
2853 3262 3065 3318 ratione
3112 3262 3402 3317 Dominum
3457 3260 3662 3315 imitari

2084 3356 2327 3428 possim?
2384 3356 2694 3427 Respondit
2750 3363 2934 3410 autem
2978 3368 3181 3408 senex:
3248 3353 3419 3407 Nemo
3467 3367 3661 3407 eorum

2084 3447 2179 3517 qui
2218 3449 2448 3503 terrenis
2481 3447 2665 3502 saeculi
2717 3447 2887 3501 rebus
2917 3445 3120 3499 addicti
3154 3444 3339 3498 animo
3377 3451 3523 3509 sunt,
3552 3444 3660 3497 Do-

2085 3540 2294 3595 minum
2324 3540 2527 3594 imitari
2572 3547 2780 3609 potest;
2829 3537 2924 3592 sed
2960 3537 3019 3601 ii,
3061 3536 3265 3606 quibus
3307 3534 3544 3589 liberum
3578 3541 3663 3588 est

2085 3630 2268 3685 dicere
2305 3648 2318 3682 :
2350 3629 2481 3684 Ecce
2503 3646 2596 3684 nos
2631 3628 2940 3698 reliquimus
2973 3628 3173 3689 omnia,
3212 3634 3261 3678 et
3284 3627 3446 3678 secuti
3481 3641 3661 3678 sumus

2088 3731 2136 3775 te
2188 3722 2240 3786 ⁸;
2282 3720 2359 3775 illi
2406 3720 2665 3774 virtutem
2700 3716 3001 3787 accipiunt,
3044 3724 3159 3769 tum
3210 3729 3337 3768 cum
3387 3714 3659 3778 imitandi,

2089 3819 2205 3865 tum
2257 3818 2316 3864 ut
2360 3810 2480 3877 ejus
2525 3807 2707 3861 omnia
2764 3806 3021 3861 mandata
3068 3804 3420 3874 adimpleant.
3465 3802 3663 3872 Aitque

2086 3898 2296 3953 frater:
2364 3896 2668 3963 Quamnam
2730 3893 3038 3949 virtutem?
3082 3892 3388 3961 Respondit
3447 3908 3657 3946 senex:

2086 3987 2226 4043 Audi
2249 4002 2375 4042 eum
2407 3985 2715 4040 dicentem:
2743 3985 2868 4038 Ecce
2894 3983 3011 4037 dedi
3035 3983 3173 4037 vobis
3200 3990 3516 4052 potestatem
3547 3981 3662 4034 cal-

2086 4077 2241 4130 candi
2267 4092 2426 4147 super
2455 4084 2719 4142 serpentes
2752 4081 2803 4127 et
2840 4074 3157 4144 scorpiones,
3192 4082 3241 4126 et
3269 4089 3428 4143 super
3457 4089 3662 4126 onmem

2086 4168 2330 4220 virtutem
2368 4166 2611 4221 inimici:
2650 4172 2699 4218 et
2729 4163 2862 4219 nihil
2911 4164 3047 4218 vobis
3099 4161 3294 4216 nocebit
3338 4156 3381 4215 ⁷.

485 4357 549 4412 6’.
589 4355 805 4428 Ταύτην
834 4355 934 4427 τὴν
961 4354 1191 4427 δύναμιν
1223 4357 1317 4410 καὶ
1346 4356 1448 4428 τὴν
1470 4355 1715 4423 ἐξουσίαν
1742 4355 1923 4411 λαϐὼν
1955 4361 1984 4413 6

2156 4359 2320 4431 369
2351 4361 2404 4415 4.
2429 4358 2541 4414 Hac
2564 4358 2769 4413 virtute
2795 4373 2860 4413 ac
2885 4364 3156 4429 potestate
3195 4362 3444 4426 accepta,
3480 4354 3664 4409 aiebat

418 4447 651 4512 Παῦλος,
678 4446 831 4515 ἔλεγε
849 4447 1138 4516 ’Μιμηταί
1156 4463 1276 4514 μου
1303 4446 1565 4515 γίνεσθε,
1598 4447 1792 4514 καθὼς
1823 4447 1987 4519 κάγὼ

416 4536 696 4606 Χριστοῦ.
723 4536 834 4590 Kal
877 4535 1072 4589 πάλιν·
1108 4535 1229 4587 οὐκ
1284 4533 1419 4588 ἔστι
1482 4534 1599 4589 νῦν
1657 4534 1987 4605 κατάκριμα

416 4627 543 4689 τοῖς
573 4628 643 4681 ἐν
692 4624 923 4695 Χριστῷ
960 4623 1199 4693 Ἰησοῦ,
1235 4623 1321 4693 μὴ
1370 4625 1520 4680 κατὰ
1574 4625 1771 4695 σάρκα
1826 4641 1988 4695 περι-

416 4718 736 4783 πατοῦσιν,
762 4716 925 4772 me
966 4716 1115 4772 κατὰ
1140 4716 1396 4785 πνεῦμα.
1444 4717 1552 4771 Kal
1604 4716 1793 4771 πάλιν·
1825 4721 1890 4772 Ol
1920 4717 1988 4771 δὲ

417 4809 524 4864 τοῦ
571 4806 830 4877 Χριστοῦ
851 4848 870 4873 ,
898 4807 1014 4874 τὴν
1037 4805 1235 4874 σάρκα
1269 4805 1665 4872 ἐσταύρωσαν
1711 4807 1834 4861 σὺν
1864 4806 1989 4872 τοῖς

417 4899 734 4968 παθήμασι
766 4898 865 4951 καὶ
910 4896 1039 4964 ταῖς
1071 4896 1429 4964 ἐπιθυμίαις.
1457 4897 1565 4949 Kal
1596 4896 1755 4951 πάλιν
1775 4915 1787 4928 °
1823 4898 1987 4968 Ἐμοὶ

417 4992 644 5059 κόσμος
666 4989 1036 5057 ἐσταύρωται
1053 5028 1068 5053 ,
1097 4985 1258 5056 κάγὼ
1286 4986 1365 5051 τῷ
1388 4988 1613 5056 κόσμῳ.

489 5083 703 5153 ε’.Περὶ
740 5082 943 5150 ταύτης
968 5080 1066 5149 τῆς
1092 5078 1342 5144 ἐξουσίας
1373 5081 1466 5131 καὶ
1496 5080 1748 5149 βοηθείας
1781 5098 1991 5152 προφη-

416 5172 591 5225 τεύων
616 5175 644 5224 ὁ
669 5172 850 5233 Δαόὶδ,
875 5170 1027 5237 ἔλεγε
1057 5187 1072 5203 ο
1140 5175 1181 5223 0
1212 5170 1504 5224 κατοικῶν
1531 5171 1601 5224 ἐν
1614 5172 1865 5240 βοηθείᾳ
1885 5174 1990 5227 τοῦ

428 5265 439 5279 '
460 5262 744 5328 Υψίστου,
779 5260 848 5312 ἐν
876 5260 1075 5328 σκέπῃ
1120 5260 1226 5313 τοῦ
1268 5260 1417 5314 Θεοῦ
1447 5260 1551 5315 τοῦ
1596 5261 1858 5329 οὐρανοῦ
1887 5264 1992 5317 αὐ-

414 5352 793 5419 λισθήσεται.
836 5353 996 5419 Ἐρεῖ
1047 5350 1127 5417 τῷ
1180 5352 1396 5420 Κυρίᾳν
1432 5353 1832 5422 Ἀντιλήπτωρ
1872 5374 1992 5424 μου

414 5441 491 5511 εἴ,
516 5444 616 5498 καὶ
658 5442 971 5513 καταφυγή
1019 5460 1161 5513 μου,
1197 5446 1230 5496 ό
1273 5444 1416 5508 Θεός
1458 5462 1580 5513 μου
1609 5485 1624 5509 ,
1658 5446 1755 5499 καὶ
1808 5446 1995 5500 ἑλπιῶ

488 5567 510 5598 ⁸
544 5565 736 5620 Matth.
773 5581 955 5629 xxvm,
988 5564 1076 5628 19,
1105 5564 1195 5619 20.
1304 5566 1325 5596 ⁸
1358 5564 1499 5619 Psal.
1537 5581 1716 5629 cxvm,
1789 5567 1907 5622 1‘29.

2022 5569 2043 5599 ⁸
2070 5568 2210 5621 Psal.
2253 5583 2377 5630 xv",
2414 5567 2504 5620 27.

2084 4452 2286 4507 Paulus
2321 4468 2334 4505 :
2375 4451 2672 4505 Imitatores
2702 4450 2805 4504 mei
2835 4456 3014 4515 estote,
3034 4434 3169 4503 sicut
3196 4454 3245 4500 et
3271 4462 3363 4517 ego
3392 4445 3587 4500 Christi
3612 4446 3657 4497 ⁸.

2085 4543 2154 4597 Et
2182 4543 2385 4596 iterum
2420 4559 2433 4595 :
2476 4541 2638 4596 Nulla
2669 4543 2792 4612 jam
2829 4541 3104 4594 damnatio
3146 4548 3221 4593 est
3258 4540 3370 4602 his,
3406 4538 3495 4607 qui
3541 4548 3663 4590 sunt

2086 4635 2141 4688 in
2172 4634 2374 4689 Christo
2405 4633 2565 4698 Iesu;
2600 4635 2688 4703 qui
2732 4649 2835 4687 non
2867 4632 3155 4687 secundum
3206 4645 3421 4684 carnem
3475 4628 3660 4681 ambu-

2089 4723 2241 4788 lant,
2298 4723 2391 4777 sed
2435 4723 2722 4776 secundum
2780 4723 3025 4793 spiritum
3051 4720 3197 4777 θ.Αο
3259 4733 3453 4773 rursus
3502 4733 3516 4770 :
3558 4715 3662 4781 Qui

2085 4824 2208 4870 sunt
2257 4813 2471 4880 Christi,
2505 4831 2721 4869 carnem
2765 4831 2921 4869 suam
2960 4811 3332 4880 cruciﬁxerunt
3360 4826 3479 4864 cum
3526 4810 3662 4863 vitiis

2088 4917 2137 4964 et
2163 4910 2593 4981 concupiscentiis
2611 4910 2677 4963 ¹⁰.
2703 4909 3019 4978 Iterumquc
3039 4925 3052 4960 :
3074 4906 3199 4961 Mihi
3228 4905 3452 4960 mundus
3489 4904 3661 4958 cruci-

2088 5002 2225 5071 ﬁxus
2254 5009 2350 5067 est,
2380 5011 2430 5055 et
2453 5018 2546 5072 ego
2576 5001 2771 5055 mundo
2792 5000 2856 5054 ¹¹.

2159 5092 2212 5147 5.
2252 5092 2330 5147 De
2361 5092 2466 5147 hac
2492 5099 2763 5162 potestate
2798 5098 2856 5146 et
2885 5088 3093 5144 auxilio
3122 5087 3430 5143 vaticinans
3465 5083 3657 5151 David,

2091 5182 2309 5237 aiebat:
2351 5180 2454 5247 Qui
2497 5181 2700 5235 habitat
2730 5181 2785 5233 in
2825 5179 3094 5249 adjutorio
3126 5177 3403 5240 Altissimi,
3440 5177 3495 5230 in
3534 5192 3658 5247 pro—

2092 5274 2311 5327 tectione
2332 5272 2428 5326 Dei
2452 5271 2565 5326 caeli
2595 5269 3023 5325 commorabitur.
3060 5268 3201 5322 Dicet
3247 5268 3472 5321 Domino
3501 5282 3519 5320 :
3550 5264 3662 5320 Ad-

2086 5363 2236 5432 jutor
2266 5377 2410 5414 meus
2443 5376 2494 5414 es
2523 5368 2599 5423 tu,
2625 5367 2673 5412 et
2708 5358 2968 5427 refugium
3003 5373 3192 5421 meum,
3238 5356 3378 5410 Deus
3418 5371 3582 5414 meus.
3613 5363 3662 5407 et

2093 5450 2314 5519 sperabo
2362 5449 2418 5502 in
2491 5448 2697 5501 cum“.
2744 5446 3051 5516 Paucisque
3114 5444 3451 5515 interjectis,
3494 5441 3663 5515 Super

2618 5567 2637 5598 ⁷
2662 5566 2795 5622 Luc.
2833 5578 2886 5633 Χ,
2936 5565 3020 5621 19.
3132 5565 3153 5596 ⁸
3188 5562 3420 5632 Philipp.
3462 5577 3543 5630 ιιι,
3574 5562 3661 5619 17.

414 5638 437 5669 ⁹
476 5636 635 5693 Rom.
674 5652 786 5701 vm,
820 5636 867 5691 1.
948 5635 991 5667 ¹⁰
1018 5634 1191 5690 Galat.
1227 5651 1279 5698 ν,
1303 5634 1393 5688 24.
1472 5636 1509 5665 “
1538 5635 1711 5690 Galat.
1748 5653 1819 5703 vi,
1859 5639 1943 5690 li.
2025 5639 2063 5670 ¹²
2097 5636 2238 5692 l‘sal.
2279 5652 2362 5701 xc,
2400 5637 2449 5699 1,
2494 5638 2546 5691 2.
