4134 6192
445 297 548 364 915

1621 299 1682 360 S.
1725 299 2009 362 MAXIMI
2047 301 2551 364 CONFESSORIS

3596 305 3702 374 916

447 410 685 480 aspidem
718 418 767 462 et
794 407 1093 463 basiliscum
1149 405 1438 469 mscemles,
1486 411 1532 457 et
1557 404 1884 459 conculcabis
1914 405 2020 460 leo—

2133 409 2212 461 ἐπ’
2237 410 2446 462 αὐτόν.
2493 407 2602 462 Καὶ
2632 409 2748 477 μετ’
2798 408 2986 476 όλίγαυ
3018 409 3142 462 Ἐπὶ
3183 409 3415 465 ἀσπίδα
3454 412 3551 466 καὶ
3583 415 3701 478 βα-

447 518 566 556 uem
594 509 644 555 et
673 501 955 555 draconem
984 516 1001 553 :
1037 499 1285 558 quoniam
1307 496 1506 568 angelis
1539 499 1646 552 suis
1669 498 1942 553 mandavit
1959 499 2023 552 de

447 600 518 655 te,
556 598 612 644 ut
631 590 933 642 custodiant
978 588 1106 641 tein
1138 587 1377 640 omnibus
1400 588 1494 640 viis
1523 587 1626 640 tuis
1647 586 1710 639 ¹³.
1741 585 1808 640 Hi
1837 595 2020 640 autem

447 681 542 750 qui
567 695 718 734 carm
743 677 926 731 animo
947 677 1151 732 addicti
1185 687 1335 740 sunt,
1367 691 1429 730 ac
1465 685 1808 730 terrenorum
1835 690 2022 730 amore

447 781 736 835 tenentur,
774 770 899 825 vide
924 785 991 824 ex
1039 769 1133 823 illo
1153 769 1285 839 quid
1318 768 1564 832 audiant,
1611 767 1713 832 Qui
1747 776 1892 822 amat
1927 785 2024 836 pa-

447 874 580 917 trem
606 869 700 915 aut
734 870 961 915 matrem
988 857 1267 929 plusquam
1309 873 1410 921 me,
1430 873 1535 910 non
1558 866 1633 910 est
1657 857 1935 926 medignus
1957 857 2020 908 ιδ.

445 953 754 1021 Paucisque
795 948 1100 1019 interjectis
1135 948 1246 1002 :Et
1287 949 1379 1018 qui
1423 964 1528 1001 non
1585 948 1770 1018 accipit
1817 962 2024 1000 crucem

444 1053 622 1108 suam,
660 1052 710 1097 et
745 1051 860 1114 post
894 1058 975 1096 me
1001 1043 1260 1111 sequitur,
1285 1058 1388 1094 non
1433 1051 1507 1094 est
1557 1055 1639 1094 me
1665 1040 1877 1109 dignus.
1929 1039 2021 1104 Et,

447 1134 554 1201 Qui
588 1151 693 1189 non
726 1133 992 1187 renuntiat
1020 1132 1259 1186 omnibus
1281 1171 1294 1194 ,
1337 1147 1456 1200 qua:
1486 1130 1736 1201 possidet,
1791 1145 1895 1182 non
1925 1144 2021 1198 po-

449 1234 548 1280 test
579 1241 724 1279 meus
756 1240 864 1278 esse
887 1221 1175 1292 discipulus
1201 1223 1262 1275 ‘5.
1302 1221 1405 1287 Qui
1430 1235 1562 1290 ergo
1597 1220 1747 1274 illius
1775 1217 2024 1286 discipu-

447 1314 538 1369 lus
572 1315 690 1370 fieri
730 1313 953 1384 cogitat,
1001 1313 1231 1382 ejusque
1273 1311 1473 1382 dignus
1503 1309 1774 1374 inveniri,
1807 1323 2025 1364 necnon

449 1407 520 1461 ab
547 1421 616 1462 eo
640 1407 902 1460 virtutem
933 1404 1184 1474 accipere
1223 1404 1516 1458 adversum
1556 1402 1786 1472 spiritus
1826 1399 2025 1470 nequi-

449 1499 560 1564 tiae,
591 1499 639 1553 is
687 1498 757 1554 ab
779 1498 928 1552 omni
959 1496 1165 1552 carnali
1207 1496 1498 1551 affectione
1531 1493 1796 1558 abscedit,
1823 1493 2025 1548 nudat-

451 1607 560 1663 que
611 1592 852 1662 seipsum
885 1589 1035 1644 omni
1089 1598 1437 1643 terrenorum
1486 1602 1706 1651 amore;
1756 1594 1920 1655 atque
1971 1584 2026 1638 in

450 1685 602 1740 hunc
633 1685 853 1738 modum
892 1683 1158 1737 adversus
1193 1680 1502 1734 invisibiles
1532 1679 1718 1734 hostes
1745 1685 2025 1734 certamen

451 1793 553 1848 pro
585 1778 732 1833 illius
762 1775 1033 1831 mandatis
1064 1775 1186 1839 init,
1218 1773 1364 1827 haud
1398 1773 1560 1828 aliter
1588 1788 1652 1828 ac
1687 1773 1802 1841 ipse
1837 1771 2024 1825 Domi-

450 1886 559 1926 nus
586 1886 645 1926 se
688 1869 852 1925 nobis
881 1867 1193 1937 exemplum
1225 1865 1515 1930 exhibuit,
1549 1875 1665 1919 tum
1716 1865 1772 1918 in
1803 1862 2026 1919 deserto

453 1963 523 2016 ab
556 1963 777 2017 illorum
817 1962 956 2019 duce
984 1970 1245 2029 tentatus,
1279 1971 1394 2017 tum
1447 1962 1504 2016 in
1531 1962 1756 2017 deserto
1801 1960 1870 2014 ab
1901 1959 2026 2014 illo-

450 2067 575 2106 rum
603 2051 742 2108 duce
793 2061 1054 2116 tentatus,
1087 2062 1222 2118 tum,
1257 2069 1382 2107 cum
1422 2068 1480 2107 se
1521 2052 1732 2107 mundo
1765 2051 2026 2116 dedisset,

451 2143 521 2198 ab
561 2143 649 2208 iis,
684 2143 780 2212 qui
814 2143 963 2198 illius
993 2144 1298 2212 agebantur
1324 2143 1530 2198 afﬂatu.

2125 501 2413 554 σιλίσκον
2432 499 2714 568 ἐπιϐήσῃ,
2752 497 2850 553 καί
2878 501 3324 566 καταπατήσεις
3357 501 3578 557 λέοντα
3599 505 3698 558 ναι

2123 592 2458 661 δράκονταο
2491 593 2582 645 ὅτι
2635 591 2761 657 τοῖς
2814 591 3094 660 ἀγγέλοις
3138 593 3326 648 αὐτοῦ
3374 595 3700 649 ἐντελεῖται

2124 683 2258 751 περὶ
2291 682 2408 736 σοῦ
2436 721 2450 746 ,
2483 681 2588 735 τοῦ
2625 681 2988 749 διαφυλάξαι
3039 696 3115 734 σε
3174 681 3243 734 ἐν
3294 681 3520 749 πάσαις
3567 684 3699 753 ταῖς

2125 776 2287 843 ὁδοῖς
2333 793 2469 830 σου.
2510 778 2574 829 Οἱ
2605 776 2662 829 δὲ
2690 777 2755 846 τῇ
2801 775 2964 844 σαρκὶ⁵
3011 776 3429 846 προσκείμενοι,
3473 781 3568 832 κα)⁸
3599 780 3698 852 τὴν

2127 865 2260 936 ῦλην
2293 865 2615 934 ἀγαπῶντες
2642 864 2733 918 τοῦ
2761 865 2991 933 κόσμου,
3027 865 3191 918 ἄκουε
3239 869 3366 918 ποῖα
3404 868 3534 936 παρ’
3559 867 3694 939 [Αιι.

2125 958 2356 1012 ἄκουσον
2392 959 2441 1012 τί
2481 959 2634 1029 παρ’.
2681 957 2778 1012 Fr.
2827 957 2989 1012 ἄκουε
3023 953 3132 1030 οἷα]
3164 959 3325 1012 αὐτοῦ
3368 961 3655 1014 ἀκούουσιν
3678 979 3696 996 ο

2136 1048 2200 1101 '0
2230 1047 2422 1117 φιλῶν
2472 1048 2695 1117 πατέρα
2721 1049 2758 1117 ἢ
2781 1047 3009 1118 μητέρα
3059 1049 3212 1119 ὑπὲρ
3244 1048 3381 1118 ἐμὲ,
3423 1054 3534 1105 οὐκ
3566 1052 3701 1106 ἔστι

2121 1158 2240 1210 μου
2267 1139 2455 1206 ἄξιος.
2489 1141 2598 1194 Kal
2638 1139 2755 1210 μετ’
2787 1139 2942 1208 ὀλίγα
2973 1157 2987 1171 ο
3021 1140 3132 1194 Καὶ
3181 1141 3250 1206 ὃς
3295 1143 3368 1195 οὑ
3411 1143 3700 1212 λαμϐάνει

2125 1231 2233 1285 τὸν
2260 1230 2526 1298 σταυρὸν
2578 1231 2764 1286 αὑτοῦ
2809 1232 2905 1285 καί
2947 1231 3274 1286 ἀκολουθεῖ
3321 1233 3514 1286 ὀπίσω
3555 1253 3698 1304 μου,

2127 1324 2239 1376 οὐκ
2272 1321 2404 1374 ἐστι
2430 1339 2549 1392 μου
2571 1321 2758 1388 ἄξιος.
2788 1323 2919 1385 Kal,
2940 1324 3140 1390 Ὅστις
3163 1325 3274 1378 οὐκ
3293 1325 3702 1381 ἀποτάσσεται

2127 1413 2279 1469 πᾶσι
2329 1413 2453 1480 τοῖς
2498 1413 2882 1483 ὑπάρχουσιν
2929 1415 3120 1480 αὐτῷ,
3174 1417 3247 1469 οὐ
3285 1415 3536 1470 δύναταί
3583 1437 3701 1487 μου

2127 1499 2279 1556 εἶναι
2303 1501 2594 1572 μαθητής.
2640 1503 2699 1556 ὐ
2726 1499 2818 1556 οῦν
2841 1503 3010 1556 θέλων
3045 1503 3302 1571 γενέσθαι
3332 1505 3497 1558 αὑτοῦ
3527 1506 3702 1577 μαθη-

2127 1594 2245 1665 τὴς,
2281 1596 2374 1647 καὶ
2407 1594 2555 1661 ἄξιος
2600 1595 2766 1650 αὐτοῦ
2816 1595 3104 1666 εὑρεθῆναι
3135 1611 3150 1625 ο
3189 1597 3281 1648 καὶ
3312 1595 3542 1667 δύναμιν
3570 1600 3700 1670 παρ’

2129 1686 2295 1740 αὑτοῦ
2344 1687 2529 1741 λαὸεῖν
2581 1689 2720 1741 κατὰ
2763 1687 2872 1742 τῶν
2922 1689 3250 1758 πνευμάτων
3278 1689 3378 1759 τῆς
3414 1691 3698 1761 πονηρίας,

2132 1777 2355 1849 χωρίζει
2385 1779 2578 1833 ἑαυτὸν
2595 1781 2773 1850 πάσης
2809 1781 3076 1852 σαρκικῆς
3094 1782 3328 1852 σχέσεως
3350 1799 3364 1812 ο
3387 1783 3480 1835 καὶ
3506 1783 3700 1853 γυμνοῖ

2133 1868 2326 1922 ἑαυτὸν
2359 1868 2538 1938 πάσης
2576 1869 2765 1939 ὑλικῆς
2794 1871 3202 1940 προσπαθείας·
3237 1872 3331 1925 καὶ
3358 1871 3529 1936 οὕτως
3566 1873 3703 1944 πρὸς

2134 1961 2260 2023 τοὺς
2307 1961 2572 2033 ἀοράτως
2625 1961 2852 2031 ἐχθροὺς
2901 1963 3042 2034 ὑπὲρ
3093 1965 3201 2017 τῶν
3265 1963 3495 2017 ἐντολῶν
3536 1963 3701 2018 αὐτοῦ

2134 2049 2460 2120 ἀγωνίζεται
2483 2068 2496 2081 ο
2526 2051 2601 2115 ὡς
2632 2051 2792 2114 αὐτὸς
2823 2053 2850 2105 ὁ
2888 2054 3095 2123 Κύριος
3121 2044 3332 2107 ’ἑαυτὸν
3375 2053 3544 2107 τύπον
3569 2056 3704 2124 ἡμῖν

2138 2142 2433 2212 παρέσχεν,
2467 2144 2524 2195 έν
2553 2160 2610 2195 τε
2643 2147 2710 2214 τῇ
2746 2145 2938 2216 ἐρήμῳ
2971 2145 3076 2199 ὑπὸ
3107 2145 3202 2199 τοῦ
3245 2146 3490 2219 ἀρχηγοῦ
3521 2145 3705 2200 αὐτῶν

451 2234 849 2306 πειραζόμενος
869 2251 882 2263 '
919 2237 1011 2288 καὶ
1038 2237 1096 2288 ἐν
1117 2237 1182 2306 τῇ
1224 2234 1514 2307 οἰκουμένῃ
1568 2234 1758 2300 ἐλθὼν,
1781 2233 1885 2288 ὑπὸ
1912 2233 2022 2287 τῶν
2061 2233 2154 2286 ὑπ’
2179 2232 2345 2286 αὐτοῦ
2376 2235 2801 2304 ἐνεργουμένων.

521 2328 574 2383 6.
599 2330 740 2384 Tum
781 2330 949 2384 frater
994 2349 1006 2383 :
1044 2331 1111 2384 At
1146 2330 1315 2399 multa
1359 2338 1509 2396 sunt,
1556 2329 1767 2400 inquit,
1804 2328 2021 2384 Domini

450 2419 738 2486 mandata;
771 2429 827 2475 et
855 2420 980 2490 quis
1009 2419 1192 2474 animo
1233 2434 1419 2474 coram
1465 2419 1649 2474 omnia
1679 2419 1884 2474 habere
1927 2434 2026 2490 po—

451 2521 580 2577 test,
617 2520 677 2566 ut
700 2527 801 2581 pro
823 2511 1082 2566 omnibus
1117 2511 1419 2566 certamine
1447 2511 1776 2578 contendat;
1813 2511 1900 2565 vel
1925 2526 2027 2582 ego

451 2604 714 2667 maxime,
749 2605 842 2673 qui
891 2603 1099 2674 fragilis
1128 2602 1411 2657 memoria:
1441 2617 1586 2666 sum,
1644 2616 1747 2656 nec
1776 2601 2024 2672 plurium

452 2709 679 2765 possum
732 2693 1282 2750 meminissc?Velim
1336 2692 1527 2748 audire
1574 2693 2026 2764 compendiosum

453 2801 786 2851 sermonem,
845 2795 903 2841 ut
931 2802 1055 2841 eum
1084 2794 1268 2841 mente
1292 2793 1508 2849 tenens,
1553 2784 1702 2840 illius
1738 2800 1841 2856 ope
1879 2799 2016 2840 mea:

454 2877 574 2945 ipse
631 2876 791 2931 saluti
850 2875 1215 2930 consulerem.
1267 2873 1571 2943 Respondit
1603 2888 1772 2928 senex
1813 2873 2024 2927 :Multa

456 2968 681 3039 quidem
716 2977 865 3030 sunt,
918 2966 992 3022 mi
1046 2965 1235 3030 frater,
1292 2965 1350 3019 in
1378 2979 1489 3018 uno
1539 2973 1722 3019 tamen
1770 2977 2025 3018 sermone

2201 2334 2273 2394 ς’.
2290 2328 2702 2398 ΚαὶόἋδελφὸς
2723 2323 2876 2384 εἶπεν
2893 2346 2908 2361 ·
2945 2331 3103 2384 Ἀλλά
3131 2333 3324 2386 πολλαί
3348 2333 3474 2396 είσι,
3499 2333 3702 2404 Πάτερ,

2129 2420 2186 2473 αἱ
2213 2419 2307 2473 τοῦ
2338 2420 2542 2491 Κυρίου
2576 2420 2815 2474 ὲντολαίο
2845 2422 2940 2475 καὶ
2971 2422 3055 2486 τίς
3088 2422 3310 2476 δύναται
3344 2424 3526 2488 πάσας
3561 2424 3705 2495 ἔχειν

2133 2508 2273 2561 κατά
2303 2507 2446 2574 νοῦν,
2471 2509 2559 2562 ἴνα
2586 2509 2725 2579 ὑπὲρ
2768 2511 2956 2564 πασῶν
2988 2512 3324 2583 ἀγωνίσηται
3346 2530 3360 2578 ;
3386 2514 3497 2583 ἐγὼ
3524 2515 3579 2568 δὲ
3609 2516 3709 2586 μά-

2128 2599 2306 2663 λιστα,
2345 2598 2622 2667 ὀλιγόνους
2675 2601 2972 2671 ὑπάρχων;
3022 2603 3286 2674 σύντομον
3327 2604 3484 2672 λόγον
3517 2605 3706 2676 ἧθελον

2131 2689 2383 2754 ἀκοῦσαι,
2417 2690 2504 2742 ἵνα
2535 2691 2698 2743 αὑτὸν
2725 2692 2964 2762 κρατῶν,
2985 2692 3054 2746 δι’
3075 2693 3240 2748 αὐτοῦ
3269 2695 3571 2765 ἐσωζόμην.
3598 2695 3707 2748 Kal

2121 2780 2393 2852 ἀπεκρίθη
2421 2783 2449 2835 6
2480 2781 2681 2852 γέρων·
2699 2783 2764 2836 El
2787 2785 2881 2837 καὶ
2906 2783 3095 2837 πολλαί
3123 2786 3280 2849 εἰσιν,
3319 2785 3560 2855 Ἀδελφὲ,
3592 2784 3704 2839 ἀλλ’

2133 2873 2214 2927 ἑνὶ
2267 2873 2411 2945 λόγῳ
2470 2874 3016 2943 ἀνακεφαλαιοῦνται,
3084 2876 3143 2928 ὲν
3177 2875 3288 2947 τῷ,
3345 2877 3707 2946 Ἀγαπήσεις

2134 2964 2358 3032 Κύριον
2389 2963 2498 3018 τὸν
2558 2965 2708 3020 Θεόν
2750 2979 2868 3020 σου
2913 2965 2984 3031 ἐξ
3029 2967 3179 3034 ὅλης
3211 2966 3321 3036 τῆς
3355 2968 3564 3034 ἰσχύος
3589 2983 3705 3021 σου

458 3076 672 3116 summa
699 3061 1068 3131 colliguntur;
1099 3057 1246 3129 quod
1296 3058 1508 3112 scilicet
1534 3056 1740 3110 dicitur
1773 3073 1791 3109 :
1825 3053 2025 3126 Diliges

2133 3055 2233 3110 καί
2261 3054 2331 3120 ἐξ
2360 3054 2503 3124 ὅλης
2531 3054 2641 3124 τῆς
2669 3055 2940 3124 διανοίας·
2964 3072 3080 3111 σου
3112 3073 3128 3090 ο
3157 3058 3253 3112 καί
3285 3057 3394 3112 τὸν
3438 3058 3708 3126 πλησίον

457 3153 738 3208 Dominum
773 3152 940 3207 Deum
989 3159 1135 3204 tuum
1174 3165 1236 3204 ea:
1267 3159 1375 3204 tota
1425 3149 1728 3219 fortitudine
1759 3155 1849 3200 tua
1879 3156 1926 3200 et
1965 3162 2030 3200 ea:

461 3252 570 3299 tota
608 3253 777 3298 mente
813 3251 932 3307 tua;
961 3250 1008 3296 et
1035 3243 1331 3313 proximum
1365 3249 1512 3293 tuum
1549 3241 1685 3292 sicut
1716 3237 2024 3309 teipsum":

460 3352 546 3400 ac,
583 3338 676 3406 qui
710 3350 880 3389 unum
927 3335 1075 3388 hunc
1123 3347 1434 3389 sermonem
1471 3345 1692 3386 servare
1721 3328 2026 3394 contendit,

461 3427 646 3481 omnia
692 3426 854 3481 simul
905 3424 1160 3480 mandata
1200 3424 1409 3493 implet.
1445 3423 1564 3478 Non
1604 3430 1786 3493 potest
1824 3429 2026 3486 autem,

462 3516 542 3570 uti
568 3517 679 3588 jam
706 3516 761 3570 in
795 3516 1176 3586 superioribus
1207 3514 1415 3569 dictum
1447 3523 1552 3578 est,
1593 3514 1688 3583 qui
1719 3528 1750 3566 a
1778 3520 2029 3569 terreno-

463 3625 585 3662 rum
616 3609 906 3663 affectione
933 3607 1176 3662 animum
1209 3622 1320 3661 non
1369 3604 1700 3676 abjunxerit,
1753 3612 1847 3659 aut
1870 3605 2034 3676 370

463 3701 635 3755 Deum
685 3715 816 3755 vere
861 3699 1089 3770 diligere
1141 3707 1236 3753 aut
1286 3697 1634 3768 proximum;
1669 3695 1815 3766 quod
1867 3695 2031 3750 simul

464 3788 706 3844 terrenis
734 3787 896 3854 allici,
950 3789 1236 3858 Deumque
1287 3787 1540 3857 diligere,
1597 3786 1742 3841 haud
1791 3802 2030 3856 unquam

464 3875 778 3946 contigerit.
833 3875 989 3942 Quod
1025 3876 1101 3930 ita
1137 3875 1400 3930 Dominus
1430 3873 1756 3946 designavit,
1785 3874 2030 3930 cumait:

461 3965 628 4022 Nemo
669 3975 834 4038 potest
866 3967 1062 4022 duobus
1103 3967 1327 4021 dominis
1376 3967 1571 4020 servire
1597 3967 1660 4020 "’.
1707 3967 1812 4022 Et:
1842 3967 2033 4022 Nullus

463 4067 628 4128 potest
677 4059 779 4118 Deo
816 4061 1008 4114 servire
1044 4070 1093 4114 et
1146 4075 1457 4114 mammona:
1480 4060 1544 4114 “'.
1575 4058 1851 4126 Quantum
1886 4058 2034 4113 enim

466 4162 624 4202 mens
647 4156 832 4202 nostra
856 4145 1056 4200 affectu
1085 4146 1322 4200 terrenis
1359 4145 1528 4201 rebus
1548 4145 1894 4210 adhrercscit,
1928 4145 2037 4200 illis

466 4238 836 4309 mancipatur,
886 4237 1205 4309 spernitque
1258 4238 1357 4293 Dei
1386 4236 1842 4309 transgrediendo
1879 4253 2037 4292 man-

468 4328 677 4384 datum.

2133 3160 2252 3201 σου
2279 3145 2360 3212 ὡς
2387 3145 2625 3201 ἑαυτόν.
2646 3147 2758 3200 Kal
2780 3149 2808 3200 6
2837 3145 3236 3217 ἀγωνιζόμενος
3260 3147 3450 3201 τοῦτον
3483 3149 3710 3218 κρατεῖν

2133 3237 2225 3290 τὸν
2253 3236 2410 3305 λόγον
2435 3277 2452 3300 ,
2486 3237 2666 3300 πάσας
2702 3235 2838 3308 ὁμοῦ
2895 3237 3010 3300 τὰς
3046 3237 3267 3301 ἐντολὰς
3309 3239 3583 3309 κατορθοῖ.
3631 3238 3708 3291 Οὐ

2132 3328 2355 3383 δύναται
2383 3327 2440 3382 δέ
2471 3345 2556 3390 τις
2603 3328 2678 3398 μὴ
2716 3329 2955 3400 χωρίσας
2987 3327 3176 3381 ἑαυτὸν
3197 3369 3211 3393 ,
3242 3327 3316 3391 ὡς
3362 3329 3707 3398 προείρηται,

2133 3419 2234 3490 τῆς
2261 3419 2368 3472 τῶν
2414 3419 2615 3473 ὑλικῶν
2668 3419 3065 3490 προσπαθείας,
3096 3419 3218 3473 οὔτε
3266 3419 3358 3472 τὸν
3396 3419 3551 3480 Θεὸν,
3581 3418 3708 3472 οὔτε

2133 3511 2226 3565 τὸν
2287 3511 2513 3582 πλησίον
2566 3512 2852 3582 ἀγαπῆσαι
2898 3510 3134 3582 γνησίως
3178 3523 3194 3539 ⁸
3225 3509 3413 3580 ἐπειδὴ
3462 3509 3596 3579 όμοῦ
3641 3511 3705 3578 τῇ

2135 3602 2238 3676 ὕλῃ
2268 3601 2623 3672 προσκεῖσθαι
2652 3640 2668 3666 ,
2697 3601 2792 3655 καὶ
2828 3601 2920 3654 τὸν
2970 3600 3101 3653 Θεὸν
3143 3599 3426 3669 ἀγαπῆσαι
3451 3638 3466 3662 ,
3495 3599 3709 3668 ἀμήχαο

2136 3711 2244 3746 νον.
2267 3695 2376 3748 Kal
2408 3692 2566 3747 τοῦτό
2601 3693 2749 3745 ἐστιν
2785 3691 2814 3744 ὃ
2838 3691 2986 3759 λέγει
3013 3692 3041 3744 6
3075 3689 3314 3760 Κύριος·
3356 3688 3564 3755 Οὐδεὶς
3605 3689 3708 3741 δύο

2134 3803 2308 3840 rarae
2341 3786 2484 3840 δυσὶ
2519 3783 2748 3852 κυρίοις
2772 3782 3103 3838 δουλεύειν.
3124 3781 3233 3835 Καί
3254 3797 3268 3812 ο
3301 3780 3510 3846 Οὐδεὶς
3534 3780 3710 3834 δύνα-

2135 3896 2230 3932 ται
2253 3877 2374 3943 Θεῷ
2401 3877 2716 3931 δουλεύειν
2743 3874 2841 3930 καί
2881 3872 3153 3944 μαμωνᾷ.
3186 3873 3353 3927 Ὅσον
3390 3873 3498 3944 γὰρ
3529 3875 3557 3925 6
3583 3873 3708 3936 νοῦς

2136 3969 2297 4040 ἡμῶν
2326 3969 2433 4021 τῶν
2455 3967 2549 4022 τοῦ
2580 3968 2785 4038 κόσμου
2813 3966 3096 4035 ἀντέχεται
3139 3966 3497 4034 πραγμάτων,
3528 3963 3704 4016 δεδού-

2137 4061 2304 4116 λωται
2329 4062 2546 4130 αὑτοῖςξ.
2582 4061 2676 4115 καὶ
2707 4061 3040 4129 καταφρονεῖ
3059 4057 3156 4128 τὴν
3187 4056 3399 4128 ἐντολὴν
3435 4055 3530 4108 τοῦ
3565 4054 3701 4108 Θεοῦ

2139 4152 2509 4224 παραϐαίνων.

577 4458 592 4472 .
631 4419 719 4473 Ait
766 4420 934 4473 frater
963 4437 976 4472 :
1005 4418 1216 4485 Quibus
1273 4419 1440 4474 rebus
1486 4419 1655 4486 dicis,
1705 4420 1905 4474 Pater?
1933 4419 2029 4473 Re-

2214 4427 2279 4492 ζ’.
2321 4427 2430 4480 Kal
2458 4429 2486 4480 6
2536 4425 2789 4496 Ἀδελφὸς
2822 4421 2977 4480 εἷπε⁹
3014 4424 3190 4479 Ποίων
3233 4423 3578 4494 πραγμάτων
3623 4422 3714 4477 λέ-

468 4507 693 4578 spondit
720 4522 886 4563 senex
913 4526 925 4561 :
957 4508 1128 4574 Cibis,
1153 4510 1425 4579 pecuniis,
1448 4509 1689 4579 przediis,
1716 4509 1910 4580 gloria,
1943 4524 2037 4564 co-

469 4599 652 4668 gnatis
679 4615 776 4654 seu
809 4599 1084 4665 afﬁnibus,
1115 4610 1170 4656 et
1214 4602 1506 4672 ejusmodi.
1529 4602 1610 4657 Ad
1638 4617 1803 4671 quem
1827 4601 2033 4657 frater:

469 4688 666 4756 Quaeso
697 4698 784 4755 te,
829 4690 1010 4755 Pater,
1041 4691 1290 4762 nunquid
1328 4708 1436 4748 non
1487 4709 1550 4748 ea
1581 4694 1726 4748 Deus
1771 4694 2038 4759 condidit,

471 4790 636 4851 atque
680 4782 998 4838 hominibus
1036 4784 1240 4840 utenda
1269 4785 1589 4840 concessit?
1618 4785 1922 4856 Respondit
1949 4801 2040 4842 se-

472 4887 576 4928 nex
601 4889 616 4927 :
654 4871 797 4928 Sane
825 4873 1000 4944 liquet
1024 4874 1196 4930 Deum
1221 4890 1285 4930 ea
1309 4877 1639 4942 condidisse,
1672 4886 1835 4947 atque
1860 4877 2040 4932 homi-

473 4963 640 5018 nibus
662 4964 864 5018 utenda
915 4964 1232 5021 tradidisse.
1265 4965 1460 5021 Omnia
1496 4967 1644 5022 enim
1686 4983 1716 5022 a
1752 4969 1864 5024 Deo
1898 4970 2043 5025 bona

473 5056 695 5111 condita
723 5059 932 5124 sunt",
970 5067 1032 5113 ut
1061 5058 1202 5114 bene
1239 5060 1348 5115 illis
1381 5061 1611 5128 utendo,
1648 5062 1762 5118 Deo
1796 5063 2042 5132 placere-

472 5161 616 5200 mus.
651 5145 762 5202 Nos
819 5147 1101 5204 enimvero
1131 5149 1226 5220 qui
1270 5149 1474 5205 infirmi
1516 5167 1581 5207 ac
1625 5153 1830 5207 terreni
1861 5153 2044 5207 animo

473 5235 668 5300 simus,
702 5253 795 5293 res
836 5247 1088 5294 terrenas
1119 5239 1434 5297 dilectionis
1483 5251 1761 5312 praecepto
1800 5245 2046 5312 praetuli-

473 5343 626 5393 mus;
665 5328 886 5398 illisque
915 5329 1122 5397 affecti,
1179 5331 1500 5388 hominibus
1553 5349 1890 5404 pugnamus;
1919 5351 2044 5390 cum

473 5435 573 5490 par
604 5427 770 5486 esset,
806 5431 868 5476 ut
888 5422 956 5478 iis
987 5422 1244 5480 omnibus
1275 5440 1397 5494 qua:
1427 5426 1482 5480 in
1512 5434 1793 5496 aspectum
1817 5426 2043 5492 cadunt,

2143 4535 2277 4587 γεις,
2314 4518 2542 4588 Πάτερ;
2585 4519 2695 4572 Kal
2726 4519 2755 4570 6
2797 4518 2976 4589 γέρων
3018 4515 3321 4587 ἀπεκρίθη·
3373 4515 3712 4586 Βρωμάτων,

2143 4609 2443 4680 χρημάτων
2464 4652 2478 4674 ,
2519 4610 2850 4680 κτημάτων,
2880 4609 3057 4676 δόξης,
3117 4605 3418 4675 συγγενῶν,
3475 4606 3571 4659 καὶ
3605 4605 3713 4660 τῶν

2142 4697 2289 4767 ἑξῆς.
2316 4696 2424 4749 Kal
2445 4699 2474 4750 6
2507 4696 2759 4766 Ἀδελφὸς
2779 4692 2950 4750 εἶπενο
2985 4696 3137 4759 Εἰπὲ,
3163 4695 3361 4765 Πάτερ,
3383 4692 3503 4764 οὐχὶ
3531 4697 3559 4746 6
3583 4693 3715 4754 Θεὸς

2143 4786 2284 4840 αὐτά
2319 4785 2522 4853 ἔκτισε,
2541 4787 2634 4840 καὶ
2671 4790 2783 4851 τοῖς
2807 4787 3116 4858 ἀνθρώποις
3144 4789 3222 4850 είς
3246 4789 3442 4857 χρῆσιν
3473 4786 3670 4838 δέδωκε
3697 4803 3712 4850 ;

2141 4881 2236 4934 καὶ
2281 4879 2397 4943 πῶς
2447 4877 2662 4933 κελεύει
2716 4880 2896 4934 αὐτῶν
2931 4879 3005 4950 μὴ
3037 4879 3356 4948 ἀντέχεσθαι
3389 4877 3510 4951 [alt.
3550 4878 3717 4932 ἅπτε-

2145 4971 2312 5044 σθαι];
2338 4971 2449 5024 Kal
2475 4970 2747 5042 ἀπεκρίθη
2776 4972 2804 5024 6
2835 4971 3011 5042 γέρων
3031 4987 3043 5001 ο
3064 4969 3231 5039 Δῆλον
3259 4970 3341 5022 ὅτι
3361 4970 3390 5021 6
3424 4969 3556 5032 Θεὸς
3578 4968 3716 5022 αὐτὰ

2143 5062 2345 5128 ἔκτισε,
2375 5062 2467 5115 καὶ
2497 5061 2730 5114 δέδωκεν
2750 5062 2829 5124 είς
2857 5063 3053 5132 χρῆσιν
3082 5063 3194 5122 τοῖς
3231 5057 3711 5130 ἀνθρώποις.·Καὶ,

2144 5154 2286 5208 καλὰ
2317 5149 2496 5206 ’πάντα
2531 5152 2599 5206 τά
2637 5151 2742 5206 ὑπὸ
2789 5151 2884 5204 τοῦ
2920 5152 3055 5206 Θεοῦ
3104 5151 3385 5220 γεγονότα,
3411 5136 3499 5203 ῖναί
3537 5149 3715 5211 καλῶς

2145 5246 2328 5306 αὐτοῖς
2385 5242 2752 5314 χρησάμενοι,
2785 5241 2864 5313 τῷ
2917 5242 3036 5312 Θεῷ
3081 5242 3571 5313 εὑαρεστήσωμενο
3601 5239 3712 5292 ἀλλ’

2144 5337 2308 5406 ἡμεῖς
2328 5334 2574 5398 ἀσθενεῖς
2601 5334 2773 5398 ὄντες,
2795 5335 2889 5387 καὶ
2911 5333 3085 5386 ὑλικοὶ
3109 5335 3173 5402 τῇ
3193 5333 3402 5403 διανοίᾳ
3427 5330 3589 5402 [ἄλλ.
3616 5329 3712 5396 τὴν

2148 5424 2455 5498 διάνοιαν
2494 5427 2944 5498 προετιμήσαμεν
2995 5425 3067 5479 τὰ
3125 5423 3286 5479 ὑλικά
3328 5424 3430 5493 τῆς
3501 5420 3712 5490 ἐντολῆς

551 5648 594 5680 ⁸⁸
624 5648 1080 5726 Psal.;c,_ll-15.
1115 5652 1201 5726 _f"
1237 5651 1503 5722 Matth.x,
1540 5655 1628 5710 37.
1709 5657 1751 5689 ¹⁸
1791 5665 1920 5712 Luc.
1957 5673 2029 5713 ιιι

2133 5657 2184 5725 5,
2215 5657 2306 5713 54.
2385 5659 2429 5692 η
2452 5657 2617 5713 Marc.
2649 5673 2744 5726 xu,
2771 5657 2860 5712 50.
2942 5659 2984 5691 ³⁷
3017 5655 3208 5713 Matth.
3245 5657 3431 5724 vl,24.
3507 5656 3550 5688 "
3578 5653 3716 5711 Luc.

479 5731 586 5784 xw,
630 5719 714 5775 15.
793 5723 834 5753 ¹⁹
868 5721 1004 5777 Gen.
1042 5737 1078 5788 ι,
1115 5721 1202 5777 51.
