4134 6192
401 276 505 343 917

1674 274 1907 335 LIBER
1944 274 2375 335 ASCETICUS.

3548 272 3656 338 9.18

394 390 494 457 τῆς
541 382 761 453 ἀγάπης
783 399 797 413 ’
830 381 923 436 καὶ
960 380 1137 435 αὐτῶν
1184 380 1567 452 ἀντεχόμενοι,
1601 385 1712 446 τοῖς
1762 382 1975 453 ἀνθρώ-

2086 382 2307 452 ipsoque
2353 396 2607 452 corpore,
2675 380 2916 453 cujusvis
2971 382 3259 437 hominum
3309 383 3661 440 dilectionem

398 493 521 539 ποις
563 473 849 545 μαχόμεθα
874 488 889 503 ⁸
921 473 1041 526 δέον
1100 473 1320 526 πάντων
1368 472 1476 525 τῶν
1519 474 1834 544 ὁρωμένων,
1877 473 1973 527 καὶ

397 566 564 621 αὑτοῦ
592 565 686 619 τοῦ
712 564 982 635 σώματος,
1009 564 1109 634 τὴν
1138 564 1341 627 παντὸς
1379 563 1668 635 ἀνθρώπου
1700 565 1973 634 προτιμῆ-

399 676 489 711 σαι
518 657 739 726 ἀγάπην
758 671 773 687 ο
804 656 926 725 ἣτις
954 654 1100 707 ἐστὶν
1125 652 1412 724 γνώρισμα
1434 655 1531 723 τῆς
1564 654 1642 716 είς
1672 654 1805 707 Θεὸν
1833 654 1974 722 ἀγά-

398 768 535 822 πης,
568 748 754 812 καθὼς
783 748 943 811 αὐτὸς
991 750 1020 802 6
1050 747 1250 817 Κύριος
1282 749 1341 800 ὲν
1373 746 1725 816 Εὑαγγελίοις
1767 745 1977 799 δείκνυ-

400 857 510 895 σιν·
550 841 602 893 '0
635 837 882 909 ἀγαπῶν
910 839 1015 908 ἐμὲ
1037 880 1052 905 ,
1088 840 1223 910 φησι
1246 880 1260 903 ,
1289 840 1397 903 τὰς
1437 838 1692 904 ἐντολάς
1724 855 1845 907 μου
1876 854 1977 904 τη-

393 933 593 1003 ρήσει.
620 933 728 984 Καὶ
761 931 844 995 τίς
873 933 1021 985 ἐστιν
1052 933 1085 1001 ἡ
1141 930 1328 1001 ἐντολὴ
1377 931 1444 1000 ἢν
1478 931 1841 1000 τηρήσαντες,
1874 930 1974 983 αύ-

399 1028 491 1080 τὺν
546 1025 949 1094 ἀγαπήσωμεν,
1002 1021 1167 1075 αὑτοῦ
1217 1022 1467 1084 ἄκουσον,
1494 1021 1780 1089 λέγοντος⁸
1817 1021 1977 1091 Αὕτη

400 1117 468 1170 δέ
488 1118 661 1171 ἐστιν
690 1118 728 1184 ἠ
758 1114 977 1182 ἐντολὴ
1002 1116 1039 1182 ἠ
1068 1114 1205 1184 ἐμὴ,
1227 1115 1328 1167 ἵνα
1353 1112 1619 1182 ἀγαπᾶτε
1640 1113 1973 1180 ἀλλήλους.

412 1215 573 1285 Ὁρᾷς
619 1213 702 1265 ὅτι
750 1213 779 1281 ἡ
831 1210 1078 1280 ἀλλήλων
1130 1206 1483 1279 ἀγάπη,τὴν
1526 1210 1606 1270 εἰς
1655 1208 1788 1261 Θεὸν
1840 1206 1980 1274 ἀγά-

401 1323 509 1375 πην
550 1303 1026 1374 συνίστησιν,ἥτις
1070 1303 1189 1355 ἐστὶ
1218 1303 1492 1373 πλήρωμα
1522 1301 1704 1370 πάσης
1736 1300 1871 1353 Θεοῦ
1890 1300 1981 1351 ὲν-

399 1396 591 1465 τολῆς;
619 1394 718 1446 Διά
749 1391 907 1444 τοῦτο
939 1385 1032 1444 οὖν
1061 1390 1278 1444 κελεύει
1305 1390 1485 1444 αὐτῶν
1516 1389 1590 1459 μὴ
1620 1386 1941 1459 ἀντέχεσθαι
1962 1402 1976 1415 ⁸

401 1488 536 1542 ἀλλά
568 1486 661 1540 καὶ
697 1483 1067 1550 ἀποτάξασθαι
1116 1485 1250 1537 πᾶσι
1282 1484 1394 1544 τοῖς
1436 1480 1773 1550 ὑπάρχουσιν
1807 1478 1977 1548 αὐτῷ,

402 1581 579 1634 πάντα
608 1578 702 1632 τὸν
736 1576 883 1648 αὐτῷ
929 1576 1260 1647 μαθητεύειν
1297 1572 1712 1645 ἐπιθυμητικῶς
1765 1571 1976 1642 ἔχοντα.

472 1678 543 1744 η’.
563 1673 673 1724 Καὶ
696 1674 723 1725 ό
759 1670 1011 1739 Ἀδελφὸς
1037 1664 1212 1722 εἶπεν·
1240 1668 1458 1738 Ἐπειδὴ
1481 1662 1652 1729 εἶπες,
1684 1664 1979 1734 Πάτερ,ὃτι

2082 476 2260 545 pluris
2310 465 2800 543 faceremus;quae
2832 474 3089 529 videlicet
3132 475 3337 545 indicio
3387 485 3474 530 est
3519 477 3667 532 illius

2087 565 2399 629 charitatis,
2430 580 2552 634 qua:
2581 565 2649 619 ad
2680 566 2852 619 Deum
2889 574 2994 628 est,
3025 567 3103 619 uti
3134 566 3252 636 ipse
3294 568 3557 621 Dominus
3608 568 3664 621 in

2083 656 2396 727 Evangeliis
2419 656 2692 711 ostendit:
2727 655 2829 721 Qui
2851 657 3022 727 diligit
3048 674 3148 723 me,
3173 658 3371 726 inquit,
3408 660 3665 714 mandata

2082 766 2200 804 mea
2229 750 2455 804 servabit
2473 752 2537 803 ²⁰.
2582 749 2867 816 Quodnam
2895 764 3025 803 vero
3053 750 3372 803 mandatum
3406 750 3497 814 sit,
3518 751 3665 820 quod

2084 842 2356 897 servando
2388 842 2565 911 ipsum
2607 841 3003 906 dilexerimus,
3038 842 3167 895 audi
3207 841 3388 910 ipsum
3431 841 3665 910 loquen-

2084 941 2237 990 tem:
2272 934 2383 987 Hoc
2435 941 2511 987 est
2555 942 2874 1004 pra’ceptum
2924 951 3120 999 meum,
3168 941 3224 987 ut
3255 933 3489 1003 diligatis
3535 936 3667 988 ξηυὶ-

2083 1042 2192 1079 cem
2215 1025 2281 1078 ".
2302 1024 2642 1094 Vides,quod
2668 1024 2762 1079 alii
2798 1025 2935 1079 alios
2957 1025 3250 1095 diligamus
3267 1065 3281 1089 ,
3306 1026 3665 1079 dilectionem

2085 1118 2142 1170 in
2176 1117 2347 1171 Deum
2392 1115 2631 1170 conﬂare
2683 1131 2746 1170 ac
2800 1118 3208 1180 commendare,
3239 1133 3362 1186 quae
3414 1118 3663 1171 omnium

2086 1209 2182 1263 Dei
2212 1216 2613 1278 pmceptorum
2645 1209 2934 1278 plenitudo
2976 1210 3121 1264 est“
3144 1210 3167 1262 ?
3193 1210 3250 1263 Id
3295 1210 3462 1279 igitur
3485 1225 3666 1263 causa:

2084 1309 2169 1355 est
2196 1301 2508 1370 curjubeat
2542 1299 2629 1354 his
2665 1316 2774 1353 non
2808 1300 3226 1366 adhaerescere;
3256 1300 3350 1355 sed
3383 1310 3442 1355 ut
3466 1302 3531 1365 is,
3567 1301 3663 1369 qui

2084 1392 2204 1462 ejus
2225 1393 2376 1462 cupit
2406 1407 2526 1447 esse
2562 1392 2867 1461 discipulus
2888 1434 2902 1458 ,
2944 1395 3226 1449 renuntiet
3258 1395 3516 1450 omnibus
3543 1412 3665 1463 qua:

2086 1481 2357 1551 possidet.

2158 1657 2212 1712 8.
2262 1657 2418 1712 ‘Tum
2471 1658 2641 1714 frater
2684 1658 3188 1732 :Quaudoquidem
3224 1663 3434 1725 dixisti,
3478 1664 3660 1725 Pater,

400 1764 519 1816 δέον
542 1763 757 1815 πάντων
784 1760 895 1813 τῶν
926 1758 1241 1830 ὁρωμένων,
1258 1757 1353 1811 καὶ
1381 1755 1547 1811 αὐτοῦ
1584 1755 1679 1809 τοῦ
1707 1754 1980 1823 σώματος,

2088 1766 2186 1820 par
2213 1764 2369 1816 esse,
2421 1758 2484 1804 ut
2526 1751 2695 1806 rebus
2736 1754 3030 1819 omnibus,
3066 1771 3189 1823 qua:
3234 1756 3337 1809 sub
3380 1765 3663 1825 aspectum

401 1854 498 1922 τὴν
533 1850 735 1914 παντὸς
773 1850 1063 1919 ἀνθρώπου
1112 1846 1449 1919 προτιμῆσαι
1472 1846 1714 1915 ἀγάπην,
1746 1844 1864 1906 πῶς
1897 1842 1982 1896 δύ-

402 1962 573 2015 ναμαι
622 1943 713 1996 τὸν
753 1942 1015 2013 μισοῦντά
1061 1957 1126 2011 με
1166 1939 1262 1993 καὶ
1314 1938 1795 2010 ἀποστρεφόμενον
1841 1936 1980 2004 ἀγα-

404 2037 597 2105 πῆσαις
628 2037 689 2088 Εἰ
715 2036 771 2088 δὲ
814 2034 907 2087 καὶ
960 2033 1144 2102 φθονεῖ
1196 2049 1307 2101 μοι,
1342 2030 1438 2085 καὶ
1477 2029 1766 2100 λοιδορίαις
1814 2044 1983 2081 κατα·

402 2127 631 2194 τοξεύει,
665 2128 759 2180 καὶ
790 2126 975 2188 δόλους
1000 2123 1402 2187 κατασκευάζει
1429 2162 1443 2185 ,
1473 2120 1570 2175 καὶ
1608 2119 1982 2174 ἐπιϐουλεύειν

403 2221 692 2290 ἐπιχειρεῖ,
720 2217 838 2281 πῶς
874 2216 1111 2285 δύναμαι
1145 2214 1306 2268 αὑτὸν
1338 2213 1652 2283 άγαπῆσαι;
1676 2210 1840 2264 Φύσει
1866 2228 1979 2281 μοι,

404 2313 608 2381 Πάτερ,
650 2309 900 2379 φαίνεται
964 2307 1121 2361 τοῦτο
1171 2305 1455 2370 ἀδύνατον,
1499 2304 1595 2357 τοῦ
1643 2302 1848 2364 πάθους
1882 2301 1981 2372 τῆς

405 2406 581 2474 λύπης
608 2401 854 2473 φυσικῶς
882 2400 973 2453 τὸν
1006 2399 1321 2469 λυπήσαντα
1346 2394 1786 2465 ἀποστρέφεσθαι
1817 2394 1984 2460 ἀναγ-

404 2493 684 2555 κάζοντος.
721 2490 829 2543 Καὶ
854 2487 1126 2559 ἀπεκρίθη
1157 2488 1185 2539 6
1218 2487 1416 2556 γέρων·
1467 2485 1590 2537 Ἐπὶ
1623 2483 1720 2555 μὲν
1744 2482 1854 2535 τῶν
1886 2484 1977 2553 ἑρ-

406 2585 581 2638 πετῶν
615 2584 711 2637 καὶ
745 2580 853 2635 τῶν
884 2579 1088 2651 θηρίων
1123 2578 1231 2632 τῶν
1276 2576 1380 2631 ὑπὸ
1427 2576 1641 2645 φύσεως
1674 2574 1979 2644 ἀγομένων,

404 2676 482 2747 τῷ
499 2676 613 2730 ὄντι
644 2674 903 2727 ἀδύνατον
942 2671 1015 2741 μὴ
1055 2669 1275 2731 πάντως
1322 2666 1631 2738 ἀμύνασθαι
1664 2666 1787 2719 ὅσον
1823 2664 1983 2718 δύνα-

404 2787 495 2823 ται
549 2767 611 2819 τὸ
649 2763 991 2820 καταπονοῦν
1021 2779 1035 2793 ο
1065 2762 1159 2815 ἐπὶ
1201 2761 1258 2814 δὲ
1291 2761 1400 2815 τῶν
1451 2760 1571 2814 κατ’
1617 2757 1802 2813 εἰκόνα
1845 2756 1981 2810 Θεοῦ

408 2859 755 2921 κτισθέντων,
788 2856 883 2909 καὶ
912 2855 1056 2925 λόγῳ
1088 2853 1372 2925 ἀγομένων
1391 2870 1405 2885 ·
1430 2852 1527 2905 καὶ
1556 2850 1809 2919 γνώσεως
1845 2850 1981 2904 Θεοῦ

407 2948 871 3016 καταξιωθέντων,
909 2948 1005 3000 καὶ
1042 2947 1207 3016 νόμον
1255 2944 1384 3016 παρ’
1437 2944 1604 2999 αὑτοῦ
1650 2942 1981 3013 δεξαμένων,

406 3042 635 3097 δυνατὸν
663 3041 787 3104 τοὺς
811 3038 1118 3102 λυποῦντας
1146 3037 1222 3109 μὴ
1251 3035 1709 3113 ἀποστρέφεσθαι,
1741 3036 1835 3088 καὶ
1859 3035 1986 3099 τοὺς

2088 1842 2313 1909 cadunt,
2356 1844 2584 1914 ipsoque
2630 1859 2881 1914 corpore,
2921 1847 3166 1917 cujusvis
3204 1848 3488 1902 hominum
3529 1848 3668 1903 dile-

2086 1940 2327 1991 ctionem
2364 1938 2543 2006 pluris
2597 1936 2891 2004 faciamus;
2930 1940 3152 2007 quinam
3210 1941 3329 1995 fieri
3374 1952 3556 2011 potest
3605 1951 3668 1997 ut

2087 2044 2212 2083 eum
2228 2029 2452 2100 diligam
2472 2030 2567 2099 qui
2586 2046 2673 2084 me
2690 2031 2856 2084 habet
2873 2030 3000 2086 odio
3017 2040 3074 2086 et
3094 2042 3382 2087 aversatur
3399 2032 3592 2100 ?Quod
3618 2035 3666 2089 si

2086 2120 2256 2175 etiam
2313 2121 2521 2175 invidia
2588 2122 2789 2191 agitur,
2841 2123 3090 2192 petitque
3124 2126 3382 2180 convitiis
3411 2135 3468 2180 et
3508 2128 3668 2181 dolos

2088 2213 2254 2267 struit
2286 2228 2351 2267 ac
2378 2213 2607 2291 insidias
2634 2213 2985 2269 machinatur
3016 2216 3199 2271 :hunc
3222 2219 3501 2287 quomodo
3532 2220 3663 2273 dili—

2087 2321 2216 2377 gere
2240 2322 2465 2375 possum
2487 2308 2784 2371 ?Videtur,
2811 2308 2998 2371 Pater,
3033 2308 3139 2363 hoc
3168 2309 3223 2362 in
3255 2311 3339 2364 eis
3372 2326 3663 2366 numeran-

2088 2397 2387 2467 dum,qu:e
2437 2408 2633 2453 natura
2680 2399 2795 2453 ﬁeri
2840 2415 2951 2453 non
2986 2410 3237 2468 possunt,
3285 2401 3432 2470 quod
3467 2417 3664 2471 nempe

2087 2490 2363 2558 passionis
2419 2490 2578 2544 dolor
2624 2491 2897 2559 illatacque
2951 2506 3147 2545 sensus
3198 2491 3411 2562 injuria-2
3465 2500 3665 2545 natura

2088 2586 2265 2649 cogat,
2299 2588 2358 2633 ut
2402 2579 2618 2635 infenso
2651 2580 2835 2634 animo
2874 2580 2931 2635 in
2967 2596 3093 2636 cum
3130 2583 3303 2637 simus
3325 2623 3340 2647 ,
3374 2582 3469 2652 qui
3516 2582 3665 2636 illius

2087 2678 2283 2724 auctor
2311 2670 2556 2725 exsistat.
2588 2671 3008 2743 Responditque
3059 2687 3227 2727 senex
3261 2673 3359 2727 :ln
3393 2673 3667 2743 serpenti-

2087 2760 2195 2815 bus
2223 2761 2449 2831 quidem
2480 2772 2537 2817 et
2573 2762 2791 2829 bestiis,
2827 2780 2949 2835 qua:
2975 2773 3171 2819 natura
3202 2776 3442 2835 aguntur
3467 2805 3481 2831 ,
3515 2765 3663 2821 haud

2088 2852 2250 2922 plane
2283 2852 2403 2908 ﬁeri
2443 2855 2637 2924 possit,
2679 2865 2741 2911 ut
2768 2856 2927 2927 3'71
2955 2872 3065 2911 non
3097 2859 3345 2923 omnino,
3378 2857 3560 2927 quoad
3594 2858 3663 2911 li-

2090 2952 2233 3012 ceat,
2281 2945 2639 3014 ulciscantur,
2667 2948 2816 3017 quod
2842 2950 3149 3005 molestiam
3183 2950 3316 3005 facit
3343 2970 3355 3004 :
3382 2949 3438 3003 in
3473 2950 3542 3004 iis
3563 2964 3663 3002 au-

2091 3039 2345 3108 tem,qui
2371 3039 2439 3095 ad
2460 3040 2559 3095 Dei
2601 3040 2893 3111 imaginem
2949 3043 3156 3097 conditi
3201 3051 3329 3099 sunt
3360 3054 3416 3099 et
3454 3042 3665 3097 ratione

410 3133 702 3203 μισοῦντας
752 3131 993 3202 ἀγαπᾷν.
1048 3129 1141 3182 Διὸ
1178 3130 1272 3183 καὶ
1322 3131 1351 3182 6
1391 3128 1632 3199 Κύριος,
1676 3124 1983 3196 Ἀταπᾶτε,

2095 3127 2398 3197 ducuntur,
2444 3130 2654 3201 Deique
2688 3132 2919 3187 scientia
2963 3133 3173 3204 dignati
3221 3144 3369 3199 sunt,
3414 3143 3471 3189 et
3500 3134 3570 3187 ab
3598 3148 3665 3187 eo

407 3223 602 3294 λέγων,
634 3221 777 3286 τοὺς
804 3219 1060 3289 ἐχθροὺς
1113 3218 1284 3289 ὑμῶν
1309 3236 1324 3250 ·
1358 3219 1559 3285 καλῶς
1593 3217 1835 3283 ποιεῖτε,
1861 3216 1986 3284 τοῖς

402 3315 698 3388 μισοῦσιν
720 3312 1004 3383 ὑμᾶς-,καὶ
1036 3313 1107 3365 τὰ
1133 3311 1281 3381 ἑξῆς,
1308 3312 1408 3382 οὐχ
1440 3311 1516 3374 ὼς
1540 3310 1777 3365 ἀδύνατα
1808 3310 1989 3364 ὲντέλ-

409 3408 582 3474 λεται,
606 3406 721 3460 ἀλλ’
743 3405 817 3468 ὡς
844 3404 1048 3457 δυνατά
1076 3403 1319 3475 δηλονότι
1339 3420 1351 3435 ·
1376 3403 1500 3456 ἐπεὶ
1526 3404 1628 3457 οῦκ
1670 3404 1736 3457 ἂν
1760 3402 1986 3456 ἐκόλασε

413 3501 501 3553 τὸν
529 3497 955 3568 παραϐαίνοντα.
980 3496 1142 3565 Δηλοῖ
1174 3497 1229 3549 δὲ
1258 3495 1416 3559 αὐτὸς
1447 3497 1475 3548 6
1508 3495 1745 3567 Κύριος,
1801 3495 1987 3556 αὐτοῖς

410 3593 521 3652 τοῖς
551 3589 731 3659 ἔργοις
758 3588 890 3656 ἡμῖν
910 3586 1119 3650 δείξας’
1159 3585 1251 3638 καὶ
1274 3586 1321 3637 οἱ
1366 3585 1610 3654 μαθητιύ⁹
1644 3583 1809 3637 αὐτοῦ
1848 3583 1986 3637 πάν-

411 3698 503 3743 τες
524 3679 664 3749 ὑπὲρ
688 3679 788 3748 τῆς
821 3679 901 3740 είς
931 3677 1022 3730 τὸν
1058 3676 1284 3746 πλησίον
1320 3677 1540 3746 ἀγάπης
1565 3675 1726 3746 μέχρι
1754 3675 1986 3728 θανάτου

414 3771 835 3841 ἀγωνισάμενοι,
867 3770 960 3824 καὶ
992 3770 1132 3839 ὑπὲρ
1161 3770 1270 3823 τῶν
1306 3769 1745 3823 ἀποκτεινάντων
1768 3765 1987 3837 θερμῶς

415 3866 865 3937 προσευξάμενοι.
919 3862 1059 3915 Ἀλλ’
1109 3863 1299 3933 ἐπειδὴ
1333 3864 1493 3932 ἡμεῖς
1543 3860 1709 3931 ἐσμὲν
1748 3858 1989 3928 φιλόῦλοι

414 3958 510 4011 καὶ
544 3957 837 4028 φιλήδονοι,
870 3955 966 4010 καὶ
998 3954 1175 4009 ταῦτα
1227 3955 1326 4024 τῆς
1361 3953 1581 4023 ἐντολῆς
1625 3952 1824 4019 μᾶλλον
1851 3966 1987 4021 προσ

413 4046 707 4115 τιμῶντες,
729 4046 817 4099 διὰ
866 4045 1028 4098 τοῦτο
1072 4046 1199 4107 τοὺς
1256 4043 1551 4114 μισοῦντας
1598 4042 1883 4111 ἀγαπῆσαι
1924 4042 1986 4094 ού

414 4135 720 4205 δυνάμεθα’
746 4133 881 4187 ἀλλά
910 4133 1004 4186 καὶ
1031 4132 1154 4194 τοὺς
1180 4130 1508 4199 ἀγαπῶντας
1541 4129 1628 4182 διὰ
1660 4128 1833 4182 ταῦτα
1864 4127 1991 4180 πολ-

413 4225 573 4289 λάκις
628 4221 1105 4293 ἀποστρεφόμεθα,
1139 4219 1342 4287 θηρίων
1377 4220 1470 4272 καὶ
1522 4216 1767 4289 ἑρπετῶν
1812 4218 1990 4287 χεῖρον

414 4317 750 4387 διακείμενοι
780 4330 793 4345 ⁸
827 4314 921 4367 καὶ
969 4312 1056 4365 διὰ
1108 4311 1264 4364 τοῦτο
1323 4312 1433 4375 τοῖς
1485 4310 1655 4379 ἴχνεσι
1710 4308 1805 4362 τοῦ
1853 4308 1989 4361 Θεοῦ

415 4407 780 4477 ἀκολουθῆσαι
843 4403 917 4475 μὴ
966 4402 1276 4472 δυνάμενοι,
1304 4402 1426 4455 οὐδὲ
1467 4401 1558 4455 τὸν
1596 4400 1798 4454 σκοπὸν
1822 4400 1988 4453 αὐτοῦ

416 4501 619 4568 γνῶναι
649 4497 949 4568 δυνάμεθα,
970 4496 1058 4548 ἵνα
1097 4494 1353 4563 λάϐωμεν
1386 4494 1634 4564 δύναμιν.

2087 3219 2265 3291 legem
2299 3229 2655 3291 acceperunt,
2685 3223 2873 3293 utique
2910 3223 3026 3279 fieri
3051 3234 3256 3295 potest,
3304 3234 3366 3279 ut
3403 3224 3543 3279 nihil
3578 3225 3663 3278 in-

2088 3312 2245 3368 fenso
2273 3314 2459 3369 animo
2482 3314 2593 3369 sint
2612 3314 2669 3369 iu
2689 3330 2808 3382 eos,
2830 3316 2926 3385 qui
2968 3316 3183 3387 injuria:
3216 3326 3473 3372 auctores
3497 3324 3662 3381 sunt,

2086 3411 2144 3459 et
2170 3412 2231 3458 ul;
2263 3420 2360 3461 eos
2389 3404 2635 3476 diligant,
2659 3405 2755 3475 qui
2787 3406 3046 3461 oderunt.
3082 3406 3450 3473 Quamobrem
3497 3407 3664 3461 etiam

2087 3493 2376 3560 Dominus,
2419 3496 2549 3551 dum
2592 3497 2671 3550 ait
2714 3514 2727 3549 :
2766 3496 2983 3567 Diligite
3012 3500 3250 3553 inimicos
3292 3508 3487 3552 vestros
3526 3516 3544 3553 :
3576 3499 3664 3553 be-

2089 3586 2314 3655 nefacite
2351 3587 2436 3652 iis,
2472 3589 2560 3657 qui
2584 3587 2804 3641 oderunt
2855 3589 3030 3653 vos",
3063 3597 3119 3643 ct
3172 3606 3293 3658 quae
3333 3600 3663 3660 sequuntur,

2088 3692 2199 3731 non
2230 3678 2347 3733 hazc
2396 3686 2655 3748 tanquam
2708 3680 3067 3749 impossibilia
3093 3682 3271 3751 jubet,
3302 3683 3397 3737 sed
3445 3692 3507 3738 ut
3548 3700 3666 3752 quae

2088 3769 2348 3824 nimirum
2379 3770 2495 3824 fieri
2528 3771 2759 3840 possint.
2806 3772 3099 3842 Palamque
3145 3773 3275 3828 facit
3315 3774 3429 3843 ipse
3476 3775 3664 3828 Domi-

2088 3874 2213 3925 nus,
2245 3861 2363 3931 ejus
2385 3859 2548 3914 nobis
2573 3860 2888 3916 dilectionis
2914 3863 3080 3917 rebus
3102 3863 3232 3933 ipsis
3270 3863 3611 3918 luculentum
3635 3880 3665 3919 a

2088 3963 2148 4003 se
2190 3948 2467 4018 specimen
2508 3949 2716 4017 factus;
2748 3952 2868 4021 ejus
2896 3968 3117 4023 quoque
3159 3967 3351 4007 omnes
3381 3953 3661 4024 discipuli,

2093 4039 2227 4094 dum
2275 4040 2345 4095 ad
2400 4052 2636 4097 mortem
2680 4059 2853 4112 usque
2887 4044 3201 4099 dilectionis
3234 4045 3468 4115 proximi
3501 4061 3664 4100 causa

2090 4130 2462 4198 decertarunt,
2492 4142 2549 4188 et
2574 4148 2672 4203 pro
2697 4134 2786 4189 his
2831 4135 2927 4205 qui
2970 4135 3298 4189 occiderunt
3349 4135 3518 4189 animi
3552 4135 3664 4189 fer-

2088 4236 2223 4276 vere
2254 4231 2573 4277 oraverunt.
2625 4223 2781 4289 Quod
2805 4225 3090 4278 enimvero
3126 4226 3362 4279 terrenis
3404 4226 3571 4280 rebus
3602 4241 3667 4280 ac

2089 4311 2359 4381 voluptati
2405 4329 2595 4368 amore
2626 4312 2858 4382 impcnsi
2903 4329 3114 4380 sumus,
3148 4315 3374 4385 haecque
3408 4315 3666 4369 mandato

2091 4401 2268 4471 pluris
2291 4401 2555 4467 facimus,
2600 4402 2806 4457 idcirco
2835 4419 2931 4458 eos
2979 4403 3075 4473 qui
3104 4419 3207 4458 nos
3246 4404 3486 4458 oderunt
3518 4404 3665 4457 haud

2020 4486 2065 4541 D
2094 4492 2326 4563 diligere
2358 4507 2688 4561 possumus;
2718 4493 2852 4561 quin
2877 4502 2935 4548 et
2968 4509 3160 4548 eorum
3185 4509 3351 4549 causa
3380 4495 3435 4548 in
3454 4510 3549 4549 eos
3570 4494 3665 4563 qui

416 4592 668 4662 diligant,
715 4589 863 4645 haud
930 4603 1078 4653 raro,
1145 4587 1341 4642 bestiis
1407 4602 1471 4641 ac
1536 4585 1889 4656 serpentibus
1937 4584 2181 4641 deterius
2236 4586 2440 4650 affecti,
2504 4586 2719 4642 infenso
2772 4587 2958 4642 animo
3012 4603 3248 4642 sumus:
3309 4587 3666 4656 quamobrem

416 4684 581 4739 etiam
646 4683 742 4736 Dei
777 4681 1004 4751 vestigia
1054 4678 1210 4748 sequi
1275 4694 1383 4733 non
1417 4678 1686 4744 valentes,
1756 4694 1827 4734 ne
1858 4680 1979 4750 ejus
2000 4679 2224 4748 quidem
2261 4695 2510 4750 sc0pum,
2570 4696 2635 4736 ac
2679 4680 2804 4750 quis
2834 4682 2910 4736 illi
2946 4680 3071 4736 ﬁnis
3103 4681 3193 4748 sit,
3246 4696 3442 4750 capere
3476 4695 3668 4749 possu-

416 4792 562 4844 mus,
590 4784 652 4830 ιιι
680 4775 944 4829 virtutem
983 4773 1269 4842 roburque
1302 4772 1659 4841 accipiamus.

488 4871 551 4925 θ’.
577 4871 689 4924 Καὶ
720 4872 748 4923 6
793 4869 1045 4938 Ἀδελφὸς
1072 4865 1244 4922 εἶπενο
1264 4868 1419 4933 Ἰδοὺ,
1449 4868 1654 4939 Πάτερ,
1698 4868 1992 4923 κατέλιπον

419 4964 619 5026 πάντα,
654 4962 995 5031 συγγένειαν,
1031 4958 1301 5031 ὓπαρξιν,
1336 4960 1570 5032 τρυφὴν,
1610 4962 1705 5014 καὶ
1760 4960 1861 5032 τὴν
1907 4960 1995 5014 δό-

418 5056 518 5123 ξαν
542 5054 637 5107 τοῦ
669 5055 898 5124 κόσμου,
932 5054 1028 5107 καὶ
1053 5053 1207 5107 οὐδὲν
1232 5052 1507 5122 κέκτημαι
1532 5051 1589 5105 ὲν
1613 5050 1691 5122 τῷ
1723 5050 1823 5123 βίῳ
1852 5052 1992 5123 πλὴν

416 5146 513 5199 τοῦ
542 5145 792 5216 σώματος
813 5160 827 5176 ο
861 5145 955 5198 καὶ
984 5144 1075 5198 τὸν
1095 5143 1322 5212 ἀδελφὺν
1355 5142 1619 5214 μισοῦντά
1643 5160 1709 5213 με
1740 5143 1835 5196 καὶ
1856 5144 1991 5197 ἀπο-

422 5238 786 5308 στρεφόμενον
817 5235 1098 5305 ἀγαπῆσαι
1125 5235 1187 5287 οὐ
1214 5234 1452 5304 δύναμαι
1475 5248 1488 5262 ⁸
1513 5234 1562 5285 εί
1612 5233 1705 5287 καὶ
1736 5233 1991 5305 βιάζομαι

420 5328 591 5383 κακὸν
624 5328 743 5381 ἀντὶ
793 5326 963 5379 κακοῦ
991 5324 1112 5377 κατ’
1144 5325 1426 5393 ἐνέργειαν
1462 5323 1536 5394 μὴ
1580 5324 1991 5379 ἀνταποδοῦναι.

420 5415 553 5473 Εῐπε
582 5414 674 5471 οὖν
724 5417 777 5469 τί
818 5416 1017 5484 ὀφείλω
1058 5417 1315 5486 ποιῆσαι,
1344 5415 1431 5468 ἵνα
1479 5415 1691 5487 δυνηθῶ
1723 5417 1886 5470 αὐτὸν
1924 5418 1991 5470 ὲκ

420 5508 647 5580 καρδίας
679 5508 1039 5579 ἀγαπῆσαι,ἢ
1081 5509 1173 5561 καὶ¹
1213 5507 1304 5560 τὸν
1348 5508 1763 5579 καθοιονδήποτε
1791 5510 1991 5581 τρόπον

425 5601 674 5655 θλίϐοντά
708 5598 802 5653 καὶ
832 5599 1268 5652 ἐπιϐουλεύοντα.

495 5713 540 5745 ’⁸
571 5711 726 5768 Joan.
760 5728 867 5781 xxv,
899 5712 983 5768 l5.

2169 4869 2221 4923 9.
2277 4869 2532 4939 Dixitque
2582 4869 2751 4924 frater
2780 4888 2791 4923 :
2822 4870 2961 4924 Ecce
2981 4911 2994 4933 ,
3022 4870 3202 4933 Pater,
3236 4868 3431 4938 reliqui
3459 4867 3663 4930 omnia,

2098 4960 2496 5030 cognationem,
2522 4960 2904 5024 substantiam,
2927 4954 3172 5024 delicias,
3208 4957 3396 5012 mundi
3415 4956 3665 5027 gloriam,

2097 5068 2201 5107 nec
2229 5063 2427 5123 praeter
2454 5069 2573 5123 corp
2591 5069 2654 5107 us
2689 5053 2744 5107 in
2766 5053 2877 5107 vita
2906 5052 3112 5122 aliquid
3144 5052 3421 5121 possideo,
3448 5066 3550 5105 nec
3582 5058 3665 5105 ta-

2097 5159 2221 5199 men
2258 5143 2477 5199 fratrem
2501 5144 2596 5214 qui
2622 5144 2750 5199 odio
2782 5143 2979 5197 habeat
3005 5159 3068 5197 ac
3104 5150 3409 5207 aversetur,
3442 5141 3666 5211 diligere

2096 5237 2284 5303 valeo;
2320 5252 2631 5305 quanquam
2660 5250 2730 5290 ne
2773 5235 2953 5303 reipsa
2983 5234 3184 5287 malum
3218 5248 3317 5302 pro
3359 5234 3500 5286 malo
3539 5230 3666 5285 red-

2096 5328 2244 5391 dam,
2275 5344 2362 5382 me
2393 5328 2509 5397 ipse
2542 5327 2775 5382 cohibeo
2800 5335 2966 5394 atque
2996 5341 3182 5381 caveo.
3218 5325 3315 5379 Dic
3342 5340 3491 5394 ergo,
3533 5323 3668 5394 quid

2096 5419 2232 5472 mihi
2272 5419 2413 5473 facto
2441 5434 2600 5487 opus,
2627 5426 2689 5470 ut
2716 5434 2782 5473 ex
2820 5416 3007 5471 animo
3044 5416 3269 5486 diligere
3299 5417 3529 5478 valeam,
3554 5415 3669 5470 sive

2096 5509 2261 5562 etiam
2287 5508 2380 5576 qui
2425 5508 2536 5561 ullo
2565 5506 2728 5562 modo
2761 5508 3067 5563 molestiam
3103 5507 3267 5563 faciat
3299 5515 3354 5561 et
3378 5506 3576 5577 atlligat
3606 5521 3669 5561 ac

2099 5600 2258 5654 ‘usidt
2276 5616 2324 5653 rs
2350 5607 2543 5653 struat.

1060 5713 1103 5744 ”
1134 5711 1288 5768 Joan.
1322 5727 1406 5779 xv,
1437 5710 1523 5766 η.
1602 5711 1643 5743 ⁸⁸
1672 5711 1829 5766 Rom.
1864 5726 1974 5775 xui,
2012 5710 2093 5765 10.
2172 5711 2214 5743 ²³
2249 5710 2436 5767 Matth.
2472 5727 2524 5779 ν,
2552 5712 2653 5781 ll;
2684 5712 2815 5769 Luc.
2850 5729 2924 5783 vx,
2947 5714 3037 5769 ‘27.
