4134 6192
468 285 572 348 919

1659 283 1716 342 S.
1761 279 2046 342 MAXIM!
2085 279 2593 343 CONFESSORIS

3626 280 3734 345 929

542 392 848 463 Respondit
899 407 1063 447 senex
1094 409 1106 445 :
1134 391 1278 446 Fieri
1311 407 1420 446 non
1464 398 1644 462 potest
1684 401 1746 445 ut
1790 406 1917 445 eum
1955 388 2050 460 qui

2227 391 2339 444 Kal
2369 390 2643 461 ἀπεκρίθη
2670 391 2698 443 6
2727 389 2924 460 γέρων⁶
2968 387 3257 443 Ἀδύνατόν
3292 405 3416 442 τινα
3442 388 3726 460 ἀγαπῆσαι

467 486 657 557 afﬂigit
685 494 987 554 auctorque
1035 484 1299 546 molestia:
1331 493 1434 549 est,
1472 483 1600 554 quis
1632 484 1841 556 diligat,
1872 498 2050 553 quan-

469 577 672 632 tumvis
699 575 934 630 terrenis
962 575 1146 629 δεκουιί
1181 575 1350 630 rebus
1373 576 1626 629 nuntium
1660 573 1935 629 remisisse
1966 573 2052 628 vi-

469 671 661 726 detur.
694 667 801 721 nisi
835 666 1055 720 Domini
1096 683 1324 738 scopum
1369 683 1501 723 vere
1556 666 1900 737 cognoverit.
1954 665 2049 720 Sin

469 770 654 816 autem
704 759 799 814 illo
847 758 1086 814 donante
1121 775 1283 814 nosse
1317 759 1593 830 potuerit,
1627 759 1953 829 studeatque
1984 775 2050 812 ex

468 855 589 924 ejus
610 851 824 906 ratione
864 851 1166 916 ambulare,
1190 867 1317 906 eum
1338 852 1430 921 qui
1455 851 1588 906 odio
1602 851 1800 906 habeat
1826 860 1883 906 et
1910 850 2050 904 affli-

469 951 583 1015 gat,
609 959 676 998 ex
707 945 894 1007 animo
915 943 1146 1012 diligere
1180 944 1403 1013 poterit,
1436 952 1575 998 utet
1597 942 1831 1013 apostoli
1857 942 2051 1012 dilige-

470 1037 627 1098 bant,
660 1033 753 1103 qui
779 1034 932 1087 illum
969 1034 1374 1104 cognovissent.

542 1126 631 1179 10.
668 1125 808 1180 Tum
851 1125 1021 1179 frater
1056 1143 1069 1178 :
1103 1126 1254 1196 Rogo
1280 1136 1355 1190 te,
1391 1127 1573 1193 Pater,
1614 1126 1757 1182 scire
1794 1127 2049 1196 quisnam

471 1218 690 1273 Domini
727 1233 927 1287 scapus
971 1217 1265 1273 exstiterit.
1307 1219 1388 1274 Ad
1415 1234 1581 1288 quem
1615 1233 1822 1272 senex:
1855 1218 1911 1272 Si
1938 1218 2048 1272 Do-

469 1311 604 1364 mini
640 1325 869 1379 scopum
903 1324 1064 1364 nosse
1091 1310 1195 1375 vis,
1228 1314 1462 1365 solerter
1484 1309 1634 1364 audi.
1657 1308 1829 1379 Igitur
1859 1307 2048 1362 Domi-

469 1417 578 1456 nus
610 1409 801 1456 noster
826 1401 986 1456 Jesus
1009 1400 1285 1463 Christus,
1311 1416 1436 1456 cum
1467 1402 1612 1456 Deus
1647 1408 1843 1454 natura
1879 1407 2046 1462 esset,

470 1510 535 1550 ac
573 1509 672 1564 per
710 1508 980 1548 summam
1026 1493 1376 1548 clementiam
1411 1493 1810 1562 hominumque
1856 1507 2047 1546 amore

469 1587 638 1640 homo
669 1585 788 1638 fieri
816 1585 1074 1654 dignatus
1113 1584 1275 1654 372
1308 1593 1474 1648 esset,
1510 1591 1673 1638 natus
1701 1597 1768 1636 ex
1793 1583 2044 1641 muliere,

471 1677 577 1732 sub
627 1677 747 1747 lege
783 1676 960 1731 factus
1005 1686 1112 1740 est,
1161 1683 1221 1729 ut
1261 1685 1455 1730 auctor
1492 1675 1714 1730 divinus
1753 1673 2048 1744 Apostolus

469 1777 555 1822 est
577 1769 656 1832 “;
686 1782 796 1836 quo
849 1767 1112 1820 nimirum
1149 1775 1209 1820 ut
1266 1766 1466 1830 homo,
1519 1765 1758 1820 mandati
1793 1767 2051 1821 observa-

469 1857 644 1920 tione,
710 1865 953 1912 veterem
1009 1856 1202 1910 Adami
1242 1856 1684 1912 maledictionem
1742 1871 2051 1926 noxamque

471 1957 765 2003 everteret.
791 1948 926 2003 Cum
972 1949 1154 2017 itaque
1190 1947 1267 2002 illi
1299 1949 1642 2018 exploratum
1666 1955 1845 2012 esset,
1881 1956 2048 2002 totam

470 2038 649 2110 legem
679 2054 743 2093 ac
770 2039 1064 2108 prOphetas
1106 2040 1161 2093 in
1195 2039 1414 2094 duobus
1445 2039 1581 2110 legis
1608 2037 1879 2092 mandatis
1910 2054 2049 2107 pen-

472 2129 638 2194 dere;
677 2129 806 2184 hinc
836 2131 1130 2185 nimirum:
1167 2131 1364 2202 Diliges
1402 2131 1683 2184 Dominum
1712 2130 1878 2184 Deum
1903 2139 2050 2184 tuum

474 2237 539 2275 ea:
567 2229 673 2274 toto
695 2222 851 2275 corde
879 2232 989 2287 tuo,
1007 2232 1055 2276 et
1081 2225 1385 2294 proximum
1421 2225 1553 2278 sicut
1581 2222 1840 2287 teipsum;
1871 2221 1988 2276 haec
2019 2237 2050 2276 a

473 2311 750 2381 principio
775 2321 830 2366 et
864 2313 918 2366 in
962 2312 1124 2367 ﬁnem
1155 2329 1328 2382 usque
1359 2329 1427 2368 ex
1460 2313 1702 2367 humana
1728 2314 1941 2370 studuit
1963 2329 2053 2368 ra-

479 2405 630 2458 tione
663 2419 904 2459 servare.
947 2404 1051 2471 Qui
1080 2416 1261 2460 autem
1298 2421 1328 2459 a
1365 2405 1638 2476 principio
1663 2406 1938 2461 hominem
1967 2422 2053 2462 se-

473 2497 654 2561 duxit,
702 2498 932 2567 ejusque
985 2498 1216 2552 victoria
1271 2499 1466 2553 mortis
1498 2499 1789 2568 imperium
1831 2487 2052 2570 (nempe

473 2587 744 2657 diabolus)
783 2588 1013 2658 accepit,
1037 2604 1161 2643 cum
1199 2588 1444 2654 vidisset,
1473 2605 1584 2659 quo
1612 2597 1856 2660 tempore
1874 2591 2054 2660 bapti-

473 2696 594 2736 smo
618 2681 821 2736 tinctus
848 2689 952 2746 est,
990 2682 1170 2738 Patris
1212 2683 1526 2738 testimonio
1553 2684 1910 2749 celebratum,
1954 2699 2050 2739 co-

474 2780 812 2842 gnatumque
856 2773 1125 2843 Spiritum
1173 2782 1458 2840 sanctum,
1501 2790 1610 2844 qua
1648 2775 1816 2830 homo
1842 2783 1981 2842 erat,
2021 2792 2052 2831 e

474 2864 631 2918 caelis
659 2865 956 2933 accepisse,
989 2874 1153 2934 atque
1199 2867 1254 2920 in
1283 2866 1561 2921 desertum
1589 2877 1650 2924 ut
1689 2869 1758 2923 ab
1781 2884 1847 2923 eo
1874 2877 2052 2923 tenta-

474 2965 630 3010 retur
650 2957 888 3021 venisse,
915 2971 1132 3011 omnem
1159 2957 1214 3010 in
1238 2972 1363 3012 eum
1394 2957 1522 3013 belli
1545 2960 1742 3014 molem
1759 2959 2049 3025 convertit,

2152 482 2244 534 τὸν
2294 481 2545 536 θλίϐοντα
2565 520 2582 544 ,
2613 481 2718 536 κᾶν
2769 485 2836 553 τῇ
2869 481 2968 552 ὕλῃ
3000 480 3097 534 τοῦ
3134 481 3341 551 κόσμου
3369 481 3548 548 ἔδοξεν
3595 483 3730 536 ἀπο-

2152 572 2437 638 τάξασθαι,
2468 573 2564 628 ἐάν
2601 572 2676 644 μὴ
2728 573 2820 626 τὸν
2875 573 3078 626 σκοπὸν
3117 571 3214 625 τοῦ
3263 572 3470 641 Κυρίου
3506 573 3564 625 ἐν
3594 573 3730 643 άληο

2154 665 2274 737 θεια
2301 665 2580 736 γινώσκῃ’
2615 665 2712 718 ἐὰν
2743 665 2801 719 δέ
2847 664 2943 717 τοῦ
2997 665 3204 735 Κυρίου
3244 663 3392 735 αὐτῷ
3431 665 3731 735 χαριζομέ-

2151 775 2243 810 νου
2277 756 2476 828 δυνηθῇ
2527 755 2764 825 γνῶναι,
2792 757 2888 810 καὶ
2941 757 3146 828 σπεύδῃ
3185 760 3303 812 κατ’
3353 758 3515 811 αὑτὸν
3569 775 3730 828 περι-

2153 852 2364 912 πατεῖν,
2390 849 2613 903 δύναται
2661 852 2724 903 ἐκ
2757 850 2987 921 καρδίας
3027 851 3312 920 ἀγαπῆσαι
3348 850 3438 903 τὸν
3467 851 3730 920 μισοῦντα

2151 942 2247 995 καὶ
2280 941 2552 1008 θλίϐοντα,
2580 941 2772 1013 ὥσπερ
2831 942 2927 996 καὶ
2983 943 3032 995 οἱ
3085 942 3378 996 ἀπόστολοι
3427 943 3730 1010 ἐγνωκότες

2149 1034 2401 1104 ἠγάπων.

2223 1131 2274 1178 ι’.
2318 1125 2427 1177 Kal
2473 1118 2625 1178 εἶπεν
2664 1124 2693 1177 6
2736 1123 3023 1192 Ἀδελφός·
3054 1122 3164 1176 Καὶ
3207 1123 3291 1187 τίς
3322 1123 3350 1176 6
3391 1125 3594 1187 σκοπὶς
3631 1123 3727 1176 τοῦ

2151 1215 2355 1285 Κυρίου
2386 1210 2476 1284 ἦν,
2515 1212 2821 1284 παρακαλῶ
2855 1213 3090 1282 γνῶναι,
3127 1213 3330 1284 Πάτερ.
3369 1211 3480 1265 Καὶ
3509 1207 3665 1266 εἶπεν
3700 1213 3730 1266 6

2149 1308 2346 1380 γέρων’
2388 1307 2513 1360 Ἐὰν
2544 1307 2635 1360 τὸν
2675 1305 2877 1360 σκοπὸν
2912 1306 3006 1359 τοῦ
3037 1306 3242 1376 Κυρίου
3289 1306 3495 1374 γνῶναι
3543 1305 3727 1376 θέλῃς,

2151 1399 2386 1462 συνετῶς
2412 1399 2663 1453 ἄκουσον.
2696 1398 2756 1450 Ὀ
2799 1393 2892 1451 οὖν
2922 1399 3128 1468 Κύριος
3163 1397 3319 1469 ήμῶν
3356 1396 3562 1467 Ἰησοῦς
3590 1398 3729 1467 Χρι-

2151 1492 2294 1556 στὸς,
2335 1490 2493 1561 φύσει
2541 1489 2673 1554 Θεὸς
2714 1489 2810 1562 ῶν.
2850 1489 2946 1542 καλ.
2977 1487 3265 1558 ἄνθρωπος
3303 1488 3390 1540 διὰ
3426 1486 3729 1556 φιλανθρω-

2149 1582 2280 1635 πίαν
2309 1580 2564 1648 γενέσθαι
2585 1577 2950 1643 καταξιώσας,
2982 1579 3045 1630 ἐκ
3065 1577 3326 1646 γυναικὸς
3362 1576 3574 1646 τεχθεὶς
3600 1567 3725 1646 [Fu

2150 1674 2384 1743 alterque
2413 1669 2491 1724 M.
2520 1668 2848 1741 γεννηθε“ις],
2869 1669 2974 1722 ὑπὸ
3008 1668 3171 1738 νόμον
3201 1668 3442 1736 ἐγένετο,
3467 1666 3609 1720 κατά
3637 1667 3727 1720 τὸν

2151 1770 2296 1822 Θεῖον
2341 1763 2660 1818 Ἀνπόστολον
2698 1778 2711 1790 ⁸
2746 1763 2834 1816 ἵνα
2889 1761 2964 1824 ὠς
3018 1761 3305 1832 ἅνθρωπος
3357 1760 3456 1830 τὴν
3511 1758 3726 1829 ἐντολὴν

2153 1857 2415 1929 φυλάξας,
2449 1854 2546 1926 τὴν
2567 1853 2802 1925 ἀρχαίαν
2820 1853 2914 1906 τοῦ
2958 1851 3129 1922 Ἀδάμ
3153 1851 3434 1921 ἀνατρέψῃ
3458 1850 3722 1919 κατάραν.

2152 1952 2329 2016 Είδὼς
2351 1948 2444 2005 οὖν
2473 1952 2501 2003 6
2539 1948 2765 2018 Κύριος,
2790 1947 2874 2001 ὃτι
2902 1946 3022 2009 ὃ)ος
3044 1948 3072 2000 6
3100 1945 3264 2015 νόμος
3300 1946 3394 1997 καὶ
3431 1945 3480 1998 οί
3511 1943 3727 2013 προφῆ-

2151 2062 2239 2099 ται
2263 2046 2320 2097 ἐν
2354 2045 2474 2107 ταῖς
2505 2042 2628 2096 δυσὶ
2673 2040 2766 2094 τοῦ
2817 2041 2983 2110 νόμου
3027 2038 3330 2108 κρέμανται
3379 2036 3638 2100 ἐντολαῖς,
3669 2037 3730 2088 ἐν

2151 2139 2264 2210 τῷ,
2303 2137 2664 2207 Ἀγαπήσεις
2717 2135 2942 2202 Κύριον
2971 2133 3078 2186 τόν
3127 2131 3274 2186 Θεόν
3297 2143 3414 2184 σου
3461 2131 3530 2194 ἐξ
3579 2129 3731 2196 ὅλης

2152 2231 2263 2299 τῆς
2311 2229 2559 2298 καρδίας
2613 2243 2752 2290 σου,
2777 2225 2875 2279 καὶ
2923 2224 3032 2279 τόν
3057 2225 3326 2290 πλησίον
3350 2224 3432 2288 ὡς
3475 2223 3724 2277 ἑαυτόνο

2150 2323 2324 2379 ταῦτα
2351 2323 2446 2376 ἀπ’
2497 2321 2672 2392 ἀρχῆς
2711 2321 2806 2373 καὶ⁹
2835 2319 2994 2390 μέχρι
3031 2317 3217 2380 τέλους
3265 2315 3494 2384 φυλάξαι
3525 2315 3731 2386 ἀνθρω-

2153 2416 2452 2485 ποπρεπῶς
2483 2414 2765 2467 ἔσπευσεν.
2810 2413 2867 2466 '0
2896 2412 2951 2465 δὲ
2985 2411 3080 2465 ἀπ’
3105 2408 3279 2482 ἀρχῆς
3321 2410 3607 2478 ἀπατήσας
3633 2407 3730 2459 τὸν

2152 2507 2456 2578 ἄνθρωπον,
2485 2506 2578 2558 καὶ
2605 2503 2693 2558 διὰ
2726 2503 2886 2557 τοῦτο
2913 2503 3114 2572 κράτος
3147 2499 3395 2570 ἐσχηκὼς
3431 2498 3526 2552 τοῦ
3557 2497 3727 2551 θανά-

2151 2617 2267 2664 του,
2302 2598 2566 2664 διάϐολος,
2592 2596 2716 2652 ἰδὼν
2766 2596 2926 2650 αὐτὸν
2953 2597 3047 2649 ἐπὶ
3091 2595 3184 2648 τοῦ
3215 2593 3590 2665 βαπτίσματος
3623 2591 3729 2645 ὑπὸ

2153 2689 2245 2745 τοῦ
2279 2691 2490 2762 Πατρός
2537 2687 3006 2760 μαρτυρούμενον,
3041 2685 3136 2740 καὶ
3179 2686 3240 2739 :6
3281 2684 3542 2753 συγγενὲς
3572 2683 3728 2752 ἅγιον

2155 2782 2377 2853 Πνεῦμα
2417 2783 2494 2845 ὼς
2523 2783 2807 2852 ἄνθρωπον
2855 2779 2950 2833 ἀπ’
2986 2779 3230 2848 οὐρανῶν
3275 2777 3597 2848 δεχόμενον,
3630 2776 3729 2829 καὶ

2154 2877 2234 2940 είς
2254 2874 2351 2946 τὴν
2376 2875 2580 2946 ἔρημον
2605 2874 2738 2944 πρὸς
2754 2872 2814 2925 τὸ
2825 2871 3201 2940 ,πειρασθῆναι
3227 2870 3317 2922 ὑπ’
3352 2868 3516 2922 αὑτοῦ
3539 2866 3726 2936 ἐληλυο

2156 2965 2306 3019 θότα·
2326 2965 2444 3018 ὅλον
2469 2963 2632 3017 αὐτοῦ
2663 2963 2751 3017 τὸν
2780 2964 3014 3032 πόλεμον
3045 2964 3166 3016 κατ’
3196 2959 3362 3016 αὑτοῦ
3387 2959 3724 3030 συνεκρότει,

475 3047 523 3100 si
553 3046 696 3101 forte
730 3047 877 3103 hunc
906 3064 1124 3119 quoque
1175 3050 1439 3106 inducere
1479 3059 1693 3120 posset,
1719 3060 1780 3106 ut
1831 3059 2049 3106 terrena

2157 3055 2210 3108 εί
2237 3073 2352 3119 πως
2381 3052 2580 3126 δυνηθῇ
2630 3054 2724 3121 καὶ
2761 3053 2921 3107 αὐτὸν
2969 3055 3192 3117 ποιῆσαι
3231 3052 3329 3122 τὴν
3379 3051 3474 3104 τοῦ
3519 3050 3725 3118 κόσμου

475 3138 669 3192 mundi
703 3139 905 3208 divinae
949 3139 1230 3196 dilectioni
1277 3143 1594 3199 anteferret.
1643 3145 1835 3201 Sciens
1864 3145 2050 3215 itaque

477 3227 734 3284 diabolus
763 3231 864 3286 tria
899 3231 1014 3286 haec
1059 3248 1201 3298 esse,
1247 3234 1302 3287 in
1339 3236 1542 3304 quibus
1577 3237 1814 3291 humana
1854 3246 2052 3293 cuncta

474 3329 790 3388 vertuntur,
819 3323 974 3379 cibos
1001 3324 1283 3391 nimirum,
1319 3328 1582 3396 pecunias
1618 3329 1854 3398 vitaeque
1888 3328 2054 3382 clari-

477 3417 669 3476 tatem,
717 3413 922 3482 quibus
973 3414 1140 3468 etiam
1193 3432 1475 3486 nunquam
1529 3431 1641 3472 non
1677 3417 1958 3473 hominem
1993 3418 2052 3473 in

476 3503 809 3574 perditionis
837 3506 1153 3562 barathrum
1195 3509 1335 3564 solet
1369 3509 1685 3577 detrudere,
1718 3510 1922 3580 triplici
1948 3511 2054 3566 hoc

478 3612 658 3652 cuneo
681 3613 808 3652 eum
839 3599 895 3653 in
922 3599 1142 3655 deserto
1181 3600 1412 3656 adortus
1435 3608 1522 3657 est
1550 3618 1565 3655 :
1601 3617 1836 3672 quorum
1867 3603 2054 3658 Domi-

477 3703 584 3743 nus
613 3688 789 3744 victor
820 3690 1072 3757 efl‘ectus,
1105 3691 1387 3746 diabolum
1416 3694 1747 3764 retrojussit
1767 3693 1943 3748 abire.

548 3973 637 4026 Μ.
674 3971 789 4028 Hoc
812 3973 981 4044 igitur
1007 3973 1103 4028 Dei
1126 3974 1439 4032 dilectionis
1461 3975 1694 4048 insigne,
1730 3978 1886 4048 cujus
1911 3994 2052 4048 prrs-

477 4073 699 4133 ceptum
732 4063 1307 4134 uttransgrederetur,
1336 4079 1463 4120 cum
1488 4066 2051 4136 nulla‘promissorum

476 4156 529 4210 vi
555 4154 806 4210 obtinere
839 4156 908 4210 ab
963 4171 1030 4211 eo
1057 4163 1299 4211 tentator
1342 4159 1642 4227 potuisset;
1670 4167 1732 4213 ut
1766 4160 1876 4231 jam
1919 4159 2055 4216 dile-

477 4247 681 4302 ctionis
725 4247 960 4317 proximi
1008 4258 1344 4318 praeceptum
1391 4247 1625 4304 violaret
1668 4250 1723 4303 in
1766 4251 2053 4305 hominum

475 4336 845 4405 frequentiam
904 4337 1134 4392 veniens
1153 4379 1168 4403 ,
1200 4337 1715 4393 scelestissimorum
1739 4338 2052 4395 Judmorum

477 4441 614 4480 usus
643 4441 845 4494 Opera,
883 4428 1100 4481 cunctis
1150 4426 1366 4482 artibus
1415 4428 1648 4485 adnixus
1689 4438 1793 4485 est.
1839 4429 2052 4485 Idcirco
2085 4409 2130 4466 θ

479 4517 648 4588 igitur
693 4517 915 4573 interim
960 4518 1092 4574 dum
1117 4519 1232 4576 vias
1264 4520 1390 4577 vitae
1411 4521 1655 4587 doceret,
1703 4537 1768 4577 ac
1816 4523 2056 4579 ccelestis

475 4611 606 4665 vita:
629 4610 977 4680 disciplinam
1006 4621 1172 4682 opere
1206 4621 1558 4679 monstraret,
1603 4614 2054 4670 resurrectionis-

477 4715 586 4769 que
629 4710 975 4756 mortuorum
1006 4717 1205 4771 praeco,
1253 4703 1420 4757 vitam
1469 4711 1728 4758 aeternam
1779 4719 1845 4758 ac
1884 4704 2053 4759 coelo-

479 4807 603 4845 rum
636 4807 867 4863 regnum
903 4791 1159 4848 ﬁdelibus
1190 4793 1558 4864 promitteret,
1592 4803 1905 4863 aeternaque
1926 4811 2056 4865 sup-

477 4882 644 4952 plicia
673 4883 975 4938 incredulis
1007 4883 1152 4939 serio
1194 4885 1512 4949 intentaret,
1539 4892 1706 4954 atque
1739 4885 1803 4939 ad
1839 4884 2050 4940 certam

478 4973 743 5029 doctrina:
777 4974 962 5039 ﬁdem,
987 4973 1257 5043 stupenda
1285 4989 1349 5028 ac
1403 4973 1648 5028 inaudita
1675 4973 1861 5028 divina
1899 4974 2053 5045 signa

477 5062 692 5128 ederet,
724 5078 789 5117 ac
824 5064 1016 5118 turbas
1061 5063 1129 5118 ad
1173 5063 1336 5118 fidem
1368 5063 1648 5129 invitaret,
1683 5065 2052 5135 nequissimos

478 5155 768 5209 hominum
799 5155 1105 5210 Pharisaeos
1149 5170 1214 5209 ac
1246 5153 1486 5220 Scri’bas,
1523 5155 1592 5210 ad
1626 5156 1806 5211 varias
1841 5157 1897 5211 in
1920 5171 2045 5211 eum

477 5247 770 5302 struendas
812 5247 1074 5312 insidias,
1127 5247 1439 5303 concitabat
1482 5265 1496 5302 :
1533 5263 1643 5320 quo
1687 5249 1899 5305 scilicet
1944 5250 2056 5304 vim

476 5353 600 5391 eam
631 5337 996 5392 tentationum
1021 5337 1165 5392 ferre
1200 5353 1310 5392 non
1334 5339 1546 5406 valens,
1571 5347 1632 5394 ut
1664 5339 1888 5411 quidem
1910 5340 2058 5397 vide-

478 5428 661 5492 batur,
695 5428 751 5497 in
766 5443 958 5482 eorum
982 5427 1076 5497 qui
1101 5427 1182 5483 sic
1205 5443 1299 5483 eas
1328 5437 1632 5495 necterent,
1663 5431 1850 5485 odium
1880 5441 2058 5488 verte-

478 5529 583 5588 ret,
620 5530 784 5589 atque
819 5519 876 5573 in
911 5535 1038 5575 eum
1067 5519 1291 5574 modum
1326 5521 1596 5576 intentum
1648 5522 1811 5579 ﬁnem
1875 5525 2052 5580 scele-

556 5698 601 5729 "
633 5700 808 5754 Galat.
839 5717 910 5767 tv,
947 5702 999 5754 4.
1077 5702 1119 5734 ’³
1156 5697 1344 5753 Matth.
1379 5712 1468 5764 xx,
1508 5698 1594 5752 57,

2155 3144 2497 3218 προτιμῆσαι
2531 3143 2666 3213 ὓλην
2709 3143 2806 3212 τῆς
2839 3143 2921 3206 εις
2963 3142 3096 3194 Θεὸν
3141 3143 3382 3212 ἀγάπης.
3418 3138 3585 3203 Εἰδὼς
3631 3135 3727 3192 οὖν

2151 3241 2180 3293 6
2207 3237 2452 3300 διάϐολος
2499 3237 2580 3290 ὅτι
2631 3236 2699 3289 τά
2744 3235 2874 3305 τρία
2905 3234 3081 3288 ταῦτά
3115 3235 3287 3298 εἰσιν,
3325 3235 3382 3286 ἐν
3415 3230 3498 3296 οἷς
3547 3232 3728 3287 πάντα

2149 3330 2376 3383 δονεῖται
2407 3327 2474 3381 τά
2497 3324 2812 3396 ἀνθρώπινα
2831 3325 2928 3398 [αι.
2955 3327 3062 3379 πᾶν
3095 3329 3157 3378 τὸ
3177 3324 3563 3397 ἀνθρώπινον].
3585 3324 3729 3397 βρώ-

2155 3437 2333 3492 ματα,
2361 3419 2526 3488 λέγω,
2555 3421 2648 3472 καὶ
2681 3419 2963 3490 χρήματα,
2989 3418 3085 3470 καὶ
3113 3417 3239 3480 δόξα
3259 3455 3274 3480 ,
3300 3416 3367 3470 δι’
3405 3410 3481 3470 ὧν
3513 3416 3606 3470 καὶ
3645 3416 3727 3478 είς

2151 3511 2212 3566 :6
2247 3511 2519 3582 βάραθρον
2562 3509 2661 3580 τῆς
2711 3508 2985 3572 ἀπωλείας
3013 3508 3102 3561 ἀεὶ
3147 3509 3430 3577 κατήγαγε
3457 3506 3556 3573 [σί.
3591 3524 3726 3560 κατ-

2153 3605 2294 3673 άγει.
2330 3603 2427 3659 Fr.
2455 3601 2686 3674 κατῆγε]
2709 3603 2800 3656 τὸν
2830 3601 3116 3670 ἄνθρωπον
3139 3617 3152 3629 ο
3178 3601 3258 3664 είς
3295 3601 3472 3654 ταῦτα
3491 3601 3560 3654 τά
3598 3599 3726 3671 τρία

2153 3696 2317 3750 αὑτὸν
2345 3697 2404 3750 ἐν
2434 3697 2501 3766 τῇ
2551 3696 2743 3766 ἐρήμῳ
2793 3693 3089 3762 ἐπείρασεν
3109 3729 3123 3752 ,
3150 3685 3225 3745 ὧν
3273 3692 3300 3744 ό
3338 3691 3542 3761 Κύριος
3568 3690 3726 3761 ἡμῶν

2153 3789 2415 3861 κρείττων
2457 3790 2684 3857 φανεὶς,
2721 3789 2802 3851 εἰς
2855 3786 3098 3840 τούπίσω
3130 3786 3330 3858 χωρεῖν
3380 3784 3457 3855 τῷ
3491 3783 3726 3853 διαϐόλῳ

2155 3879 2251 3952 lat.
2275 3881 2367 3934 τὸν
2402 3877 2671 3950 διάϐολονι
2696 3878 3049 3950 προσέταττε.
3076 3931 3083 3942 ,

2226 3979 2313 4028 ια’.
2354 3971 2524 4026 Τοῦτο
2558 3966 2652 4026 οὖν
2676 3972 2736 4025 :6
2764 3970 3051 4042 γνώρισμα
3080 3973 3178 4041 τῆς
3205 3970 3281 4032 είς
3301 3968 3431 4021 Θεὸν
3467 3968 3718 4038 ἀγάπης,

2150 4060 2220 4136 ἧς
2251 4066 2350 4135 τὴν
2379 4062 2596 4134 ἐντολὴν
2625 4056 2782 4118 δι’ὧν
2811 4061 3120 4133 ἐπήγγελτο
3149 4062 3330 4113 πεῖσαι
3350 4057 3510 4112 αὐτὸν
3545 4073 3722 4128 παρα-

2154 4156 2315 4226 ϐῆναι
2349 4156 2424 4226 μὴ
2447 4154 2713 4226 δυνηθεὶς,
2748 4157 2848 4227 τῆς
2869 4155 2949 4218 είς
2979 4153 3069 4208 τὸν
3102 4152 3327 4224 πλησίον
3352 4151 3536 4204 λοιπδν
3584 4151 3726 4219 ἀγά-

2154 4260 2263 4314 πης
2290 4243 2391 4314 τὴν
2435 4243 2674 4314 ἐντολὴν,
2723 4244 2803 4306 είς
2838 4241 2933 4313 τὴν
2985 4240 3311 4312 οἰκουμένην
3353 4239 3598 4304 ἐλθόντα,
3637 4238 3728 4292 διὰ

2153 4335 2262 4390 τῶν
2314 4336 2644 4407 παρανόμων
2708 4334 2980 4389 Ἰουδαίων
3053 4328 3294 4402 ἐνεργῶν
3317 4373 3333 4400 ,
3365 4330 3730 4403 παραϐαίνειν

2157 4428 2320 4483 αὑτὸν
2365 4428 2432 4482 δι’
2488 4422 2564 4484 ὧν
2597 4428 2911 4499 ἐμηχανᾶτο
2960 4427 3274 4497 ἠγωνίζετο.
3322 4424 3526 4479 Τούτου
3567 4423 3729 4495 χάριν

2155 4519 2476 4573 διδάσκοντα
2522 4518 2685 4571 αὑτὸν
2723 4519 2822 4582 τὰς
2867 4517 3019 4580 ὁδοὺς
3064 4515 3166 4586 τῆς
3222 4514 3398 4584 ζωῆς,
3440 4514 3537 4566 καὶ
3582 4513 3728 4582 ἔργῳ

2156 4610 2576 4664 ὑποδεικνύοντα
2610 4607 2710 4680 τὴν
2749 4608 2997 4680 οὐράνιον
3038 4606 3334 4668 πολιτείαν,
3365 4604 3460 4657 καὶ
3493 4604 3730 4658 ἀνάστα-

2156 4718 2242 4756 σιν
2269 4701 2480 4773 νεκρῶν
2529 4700 2968 4769 καταγγέλλοντα
2993 4738 3008 4762 ,
3042 4698 3136 4751 καὶ
3189 4695 3333 4766 ζωὴν
3387 4695 3605 4749 αἰώνιον
3633 4694 3728 4747 καὶ

2155 4791 2435 4863 βασιλείαν
2459 4791 2705 4862 οὐρανῶν
2727 4793 2839 4854 τοῖς
2862 4788 3209 4844 πιστεύουσιν
3235 4785 3726 4854 ἐπαγγελλόμενον

2153 4888 2264 4948 τοῖς
2311 4882 2367 4937 δὲ
2411 4883 2660 4946 ἀπίστοις
2712 4881 2933 4936 κόλασιν
2979 4879 3194 4935 αἰώνιον
3243 4876 3591 4940 ἀπειλοῦντα,
3633 4875 3728 4928 καὶ

2153 4977 2290 5048 πρὸς
2326 4975 2618 5047 βεϐαίωσιν
2649 4974 2756 5027 τῶν
2791 4973 3100 5043 λεγομένων
3123 4971 3221 5033 τὰς
3242 4968 3578 5039 παραδόξους
3608 4965 3729 5019 θεο-

2159 5070 2360 5140 σημίας
2396 5067 2854 5138 ἐπιδεικνύμενον,
2880 5064 2974 5117 καὶ
3023 5064 3104 5127 εἰς
3151 5061 3333 5115 πίστιν
3360 5060 3488 5122 τοὺς
3538 5057 3728 5129 δχλους

2159 5159 2634 5233 προσκαλούμενον
2659 5199 2674 5225 ,
2710 5157 2976 5212 συνεκίνει
3017 5156 3144 5218 τοὺς
3188 5151 3539 5224 παρανόμους
3567 5151 3726 5217 Φαρι⁹

2155 5251 2342 5314 σαίους
2365 5250 2460 5304 καὶ
2488 5249 2870 5320 Γραμματεῖς,
2901 5247 2984 5308 είς
3011 5245 3109 5308 τὰς
3140 5243 3262 5298 κατ’
3290 5239 3456 5295 αὑτοῦ
3478 5237 3723 5296 ποικίλας

2151 5341 2441 5406 ἐπιϐουλάς
2456 5357 2470 5371 ·
2488 5342 2575 5394 ἵνα
2595 5342 2721 5404 τοὺς
2752 5337 3090 5410 πειρασμοὺς
3111 5334 3454 5402 ὑπενεγκεῖν,
3472 5331 3545 5394 ὡς
3567 5327 3722 5399 ᾤετο.

2155 5430 2229 5504 μὴ
2249 5431 2561 5500 δυνάμενος,
2603 5431 2682 5495 εἰς
2723 5432 2877 5501 μῖσος
2908 5427 3020 5483 τῶν
3065 5424 3518 5480 ἐπιϐουλευόντων
3547 5433 3725 5490 παρα-

2152 5526 2368 5596 τραπῇο
2401 5524 2493 5578 καὶ
2535 5522 2709 5587 οὕτως
2738 5523 2831 5577 τοῦ
2881 5520 3086 5576 σκοποῦ
3119 5521 3148 5574 6
3175 5519 3429 5588 ἀλάστωρ
3475 5510 3729 5583 ὲπιτύχη,
