4134 6192
408 287 508 355 9‘21
1669 296 1899 356 LIBER
1935 294 2355 357 ASCETICUS.
3536 296 3644 361 922

410 396 738 469 παραϐάτην
768 400 868 470 τῆς
894 400 1113 472 ἐντολῆς
1146 402 1245 472 τῆς
1278 404 1355 467 εἰς
1388 404 1477 457 τὸν
1510 404 1733 475 πλησίον
1756 406 1975 475 ἀγάπης
2002 410 2042 465 Α

2013 410 2049 465 Α
2077 405 2348 460 stissimus
2373 405 2670 469 obtineret,
2694 405 2787 474 qui
2823 403 3137 460 dilectionis
3168 402 3405 474 proximi
3437 405 3645 461 violata:

410 492 713 561 ἀποφήνας.

2077 511 2233 549 reum
2266 497 2482 551 tandem
2517 497 2811 551 effecisset.

484 584 571 655 ιβ’.
598 585 656 636 ’0
682 584 737 637 δὲ
760 584 983 655 Κύριος,
1010 584 1105 638 an
1118 585 1267 649 Θεὸς,
1287 585 1439 649 εξὸὼς
1456 587 1617 640 αὐτοῦ
1640 588 1709 640 τὰ
1726 586 1974 657 ἐνθύμια,

2150 587 2235 641 12.
2268 588 2531 642 Dominus
2551 596 2755 652 autem,
2782 589 2874 657 qui
2907 598 2967 642 ut
2990 590 3133 642 Deus
3182 587 3328 640 illius
3377 586 3646 656 cogitatus

411 677 473 730 οὐ
496 676 622 738 τοὺς
646 674 912 729 ὑπἀὐτοῦ
944 676 1366 746 ἐνεργουμένους
1383 678 1612 746 ἐμίσησε
1653 678 1977 747 Φαρισαίους

2074 693 2137 732 ac
2170 679 2395 732 consilia
2437 695 2546 733 non
2580 681 2840 742 nesciret,
2885 679 3045 748 373
3081 678 3290 731 aﬂlatos
3313 676 3380 729 ab
3409 692 3474 729 eo
3504 677 3647 730 Pliao

416 767 555 838 (πῶς
576 768 683 837 γὰρ
714 767 872 835 φύσει
900 767 1101 835 ἀγαθὸς
1127 766 1271 838 (im),
1296 768 1429 822 ἀλλά
1446 768 1535 822 διὰ
1560 769 1657 838 τῆς
1685 772 1763 832 είς
1783 769 1979 831 αὐτοὺς

2075 769 2264 823 riszeos
2307 769 2447 822 nihil
2499 769 2629 823 odio
2679 779 3004 839 prosecutus
3033 777 3115 822 est
3150 785 3162 821 :
3193 767 3469 837 quomodo
3497 768 3644 820 enim

411 858 789 927 ἀγάπης,τδν
844 858 1171 927 ἐνεργοῦντα
1222 859 1460 927 ἠμύνετο
1494 872 1507 886 ⁶
1544 859 1638 912 καὶ
1698 860 1823 922 τοὺς
1877 860 1975 929 μὲν

2073 858 2165 927 qui
2192 866 2386 912 natura
2414 860 2591 913 bonus
2612 860 2793 912 esset?
2814 860 2930 924 sed,
2963 874 3068 928 qua
3085 874 3180 912 eos
3202 858 3496 911 dilectione
3520 872 3646 925 pro-

412 949 875 1017 ἐνεργουμένους,
916 950 1012 1002 ἆτε
1078 948 1406 1017 δυναμένους
1459 950 1533 1019 μὴ
1588 950 1925 1021 ἐνεργεῖσθαι
1956 964 1970 979 ⁸

2073 949 2427 1017 sequebatur,
2465 948 2735 1001 amantem
2763 963 2857 1001 eos
2882 947 3271 1001 ulciscebatur.
3305 947 3380 999 Ac
3417 945 3640 1013 quidem

411 1039 672 1099 ἑκουσίως
699 1039 753 1091 δὲ
782 1038 875 1091 τοῦ
911 1038 1258 1109 ἐνεργοῦντος
1290 1040 1377 1092 διὰ
1410 1040 1676 1111 ρᾳθυμίαν
1710 1042 1974 1111 ἀνεχομέ-

2073 1038 2398 1106 recipientes
2435 1037 2695 1100 atllatum,
2744 1047 2805 1090 ut
2830 1038 3032 1107 quibus
3064 1036 3299 1089 liberum
3333 1042 3479 1088 esset
3532 1050 3642 1087 non

410 1148 554 1193 νους,
591 1131 879 1194 ἐνουθέτει,
914 1130 1161 1201 ἤλεγχεν,
1192 1131 1486 1195 ὠνείδιζεν,
1522 1133 1852 1198 ἐταλάνιζεν,
1882 1135 1973 1186 εύ-

2072 1127 2342 1195 reeipere,
2379 1136 2685 1197 sponteque
2720 1143 2814 1181 sua
2870 1144 2968 1197 per
3008 1126 3336 1189 socordiam,
3376 1124 3645 1178 aﬂlantem

409 1237 431 1272 ε
441 1221 645 1290 ργετῶν
670 1222 769 1273 οὐκ
801 1222 1051 1283 ἐπαύετο,
1071 1222 1553 1293 βλασφημούμενος
1582 1224 1973 1295 ἐμακροθύμει,

2072 1220 2447 1283 sustinerent,
2495 1220 2851 1288 corripiebat,
2894 1220 3182 1290 arguebat,
3239 1217 3642 1286 exprobrabat,

411 1310 633 1379 πάσχων
664 1311 923 1379 ὑπέμενε,
957 1312 1133 1365 πάντα
1184 1312 1253 1365 τὰ
1297 1314 1396 1382 τῆς
1447 1315 1668 1383 ἀγάπης
1710 1314 1846 1384 ἔργα
1896 1317 1974 1377 είς

2070 1311 2409 1380 deplorabat,
2436 1311 2755 1365 demerendi
2786 1312 2995 1364 nullum
3028 1309 3190 1363 tinem
3218 1308 3455 1363 faciebat
3483 1325 3493 1358 :
3534 1322 3646 1359 ma-

410 1397 605 1460 αύτοὺς
639 1400 972 1453 ἐνεδείκνυτο
996 1418 1009 1431 ·
1029 1402 1121 1454 τὸν
1175 1403 1231 1455 δὲ
1264 1403 1608 1473 ἐνεργοῦντα,
1636 1407 1701 1475 τῇ
1733 1407 1811 1468 είς
1848 1407 1973 1469 τοὺς

2068 1398 2287 1454 ledictis
2315 1401 2609 1469 appetitus,
2644 1400 2838 1454 leviter
2875 1399 3105 1461 ferebat,
3133 1398 3368 1467 irrogata
3407 1396 3646 1451 sustine-

411 1488 832 1561 ἐνεργουμένους
881 1491 1261 1564 φιλανθρωπίᾳ
1289 1494 1557 1563 ἠμύνετο·
1589 1494 1635 1547 ὣ
1670 1496 1969 1566 παραδόξου

2070 1486 2163 1557 bat
2216 1490 2377 1551 mala,
2411 1490 2559 1542 nulla
2591 1504 2698 1541 non
2731 1488 3045 1543 dilectionis
3071 1503 3236 1556 opera
3275 1488 3327 1539 in
3362 1502 3456 1540 eos
3493 1484 3646 1538 exhi-

412 1578 674 1647 wolépoul
717 1581 837 1634 ἀντὶ
866 1582 959 1635 τοῦ
1002 1584 1224 1664 μίσους,
1264 1585 1362 1656 τὴν
1415 1588 1635 1657 ἀγάπην
1671 1588 1973 1642 ἐπιδεικνύ-

2069 1578 2233 1633 bebat
2271 1597 2283 1631 :
2315 1580 2369 1633 in
2402 1579 2698 1641 atilantem,
2728 1579 3056 1632 humaniore
3084 1592 3248 1631 sensu
3280 1576 3333 1629 in
3376 1590 3472 1628 eos
3507 1587 3646 1643 quos

413 1684 590 1735 μενος,
613 1674 705 1724 καὶ
734 1674 1029 1745 ἀγαθότητι
1052 1674 1258 1744 βάλλων
1278 1677 1369 1730 τὸν
1397 1679 1497 1748 τῆς
1520 1680 1717 1743 κακίας
1738 1681 1968 1751 πατέρα.
2007 1750 2031 1751 ρ

2068 1669 2297 1734 aﬂlaret,
2338 1671 2485 1725 ultor
2537 1671 2793 1725 satviebat
2845 1671 2913 1741 (ο
2951 1670 3249 1723 inauditam
3305 1667 3435 1721 belli
3479 1667 3646 1719 ratio-

411 1758 611 1813 Τούτου
660 1763 818 1832 χάριν
868 1766 937 1818 τὰ
982 1767 1216 1820 τοσαῦτα
1261 1770 1405 1824 κακά
1449 1770 1579 1840 παρ’
1618 1772 1796 1824 αὐτῶν
1839 1774 1972 1826 ὑπο-
2006 1750 2043 1802 Β

2010 1750 2046 1802 Β
2073 1776 2195 1815 nem
2223 1761 2282 1827 !),
2325 1761 2418 1829 qui
2448 1776 2644 1830 nempe
2670 1759 2779 1813 odii
2806 1760 2925 1812 loco
2957 1758 3307 1813 dilectionem
3337 1753 3642 1819 exhiberet,

415 1852 621 1919 μείνας,
675 1856 871 1924 μᾶλλον
909 1858 965 1912 δέ
1012 1860 1373 1931 ἀληθέστερον
1422 1864 1596 1915 εἰπεῖν
1620 1903 1634 1926 ,
1665 1863 1731 1917 δι’
1757 1865 1971 1928 αὐτοὺς,

2073 1850 2300 1919 vitilque
2358 1858 2638 1920 parentem
2688 1865 2751 1903 ac
2803 1849 3043 1912 malitiae,
3092 1848 3333 1903 bonitate
3388 1847 3641 1900 czederct.

414 1941 573 2011 μέχρι
595 1943 827 1999 θανάτου
854 1949 993 2019 ὑπὲρ
1023 1951 1121 2020 τῆς
1155 1950 1371 2021 ἐντολῆς
1402 1954 1501 2023 τῆς
1528 1954 1747 2024 ἀγάπης
1771 1955 1975 2024 ἀνθρω·

2073 1940 2284 1995 Idcirco
2325 1951 2470 1995 tanta
2519 1942 2586 1994 ab
2620 1942 2720 2003 eis,
2755 1940 2868 1994 sive
2905 1940 2987 2009 (ut
3017 1939 3203 1993 verius
3251 1939 3468 2007 loquar)
3523 1936 3646 1988 illo-

409 2038 705 2105 ποπρεπῷς
757 2040 1091 2109 ἠγωνίσατο·
1118 2044 1212 2096 καὶ
1254 2044 1354 2115 τήν
1394 2046 1602 2099 τελείαν
1628 2048 1783 2119 νίκην
1829 2051 1971 2104 κατὰ
2006 2086 2007 2089 η

2073 2048 2194 2085 rum
2231 2046 2416 2096 causa,
2451 2047 2744 2100 perpessus
2778 2031 2938 2095 mala,
2972 2031 3037 2084 ad
3073 2039 3305 2084 mortem
3337 2044 3507 2098 usque
3543 2043 3643 2097 pro

403 2126 495 2177 τοῦ
522 2128 766 2183 διαϐόλου
801 2132 1090 2203 ἀράμενος,
1108 2136 1200 2187 τὸν
1231 2137 1487 2204 στέφανον
1506 2138 1603 2207 τῆς
1627 2118 1972 2202 ἀναστάσεως

2071 2119 2383 2173 dilectionis
2436 2119 2694 2173 mandato
2756 2120 3135 2182 concertavit,
3174 2119 3523 2189 perfectaque
3573 2118 3640 2171 de

405 2215 544 2287 ὑπὲρ
580 2220 733 2289 ἡμῶν
767 2223 1064 2294 ἀνεδήσατο
1085 2244 1098 2257 ·
1136 2226 1231 2281 καὶ
1256 2226 1427 2291 οὕτως
1453 2229 1481 2281 ὁ
1508 2228 1625 2293 νέος
1663 2230 1851 2299 Ἀδὰμ,
1880 2229 1969 2282 τὸν

2071 2210 2292 2264 diabolo
2342 2220 2498 2280 parta
2545 2210 2797 2273 victoria,
2829 2212 3002 2264 nostri
3033 2225 3259 2264 munere
3282 2209 3642 2263 resurrectio—

403 2308 632 2362 παλαιὸν
656 2311 1009 2369 ἀνενεώσατο.
1035 2318 1144 2370 Καὶ
1165 2316 1319 2371 τοῦτό
1353 2322 1499 2373 ἐστιν
1526 2320 1555 2373 ὃ
1591 2320 1736 2387 λέγει
1764 2298 1801 2373 ὀί
1831 2320 1969 2385 θεῖος

2069 2299 2155 2354 nis
2177 2308 2433 2353 coronam
2462 2301 2762 2369 reportavit
2793 2317 2806 2352 :
2839 2299 3002 2367 idque
3034 2314 3157 2353 eum
3183 2298 3425 2362 modum,
3468 2313 3641 2351 novus

415 2398 731 2465 ’Λπόστολος
756 2419 774 2436 ·
809 2406 988 2461 Τοῦτο
1012 2410 1343 2475 φρονείσθω
1380 2411 1451 2465 ἐν
1494 2411 1716 2480 ὑμῖν,ὃ
1755 2412 1852 2464 καὶ
1900 2412 1969 2465 ἐν

2067 2391 2264 2454 Adam,
2294 2398 2537 2444 veterem
2580 2390 2873 2459 reparavit.
2921 2390 3087 2459 [dque
3114 2397 3198 2443 est
3225 2388 3371 2458 quod
3396 2388 3474 2442 ait
3501 2387 3642 2441 divi-

400 2491 632 2557 Χριστῷ
662 2494 855 2561 Ἰησοῦ
898 2514 951 2551 κ.
989 2515 1040 2551 τ.
1071 2499 1148 2563 ἐξ.

2066 2497 2173 2536 nus
2217 2481 2514 2551 Apostolus
2557 2499 2569 2533 :
2606 2480 2712 2534 Hoc
2769 2482 2955 2534 sentite
2996 2482 3049 2534 in
3106 2482 3269 2542 vobis,
3297 2480 3434 2550 quod
3494 2488 3542 2532 et
3585 2480 3639 2533 in

2067 2572 2273 2629 Christo
2299 2572 2423 2626 Jcsu
2442 2574 2507 2633 “,
2542 2580 2598 2626 ct
2618 2587 2739 2641 quae
2765 2581 3090 2640 sequuntur.

474 2677 559 2738 ιγ’.
588 2667 753 2735 Οὗτος
772 2671 865 2727 οῦν
887 2671 955 2746 ἦν
980 2676 1009 2728 ὁ
1038 2676 1238 2740 σκοπὸς
1262 2676 1356 2730 τοῦ
1381 2679 1609 2749 Κυρίου,
1650 2679 1737 2733 ἵνα
1762 2679 1840 2749 τῷ
1866 2680 1965 2750 μὲν

2138 2665 2223 2719 15.
2261 2663 2415 2717 llunc
2448 2679 2577 2732 ergo
2604 2662 2865 2717 Dominus
2894 2678 3116 2731 scopum
3144 2661 3245 2715 sibi
3281 2661 3638 2716 constitutum

401 2760 574 2826 Πατρὶ
604 2763 886 2837 ὑπακούσῃ
938 2766 1097 2836 μέχρι
1134 2766 1361 2821 Θανάτου
1398 2766 1473 2831 ὡς
1503 2769 1785 2839 ἄνθρωπος
1826 2770 1965 2839 ὑπὲρ

2065 2755 2257 2819 voluit,
2289 2764 2352 2808 ut
2379 2754 2525 2808 Patri
2559 2750 2780 2824 quidem
2813 2755 2878 2808 ad
2913 2762 3141 2808 mortem
3174 2768 3346 2822 usque
3384 2761 3442 2805 ut
3476 2752 3639 2807 homo

400 2852 575 2919 ἡμῶν,
618 2854 900 2923 φυλάττων
958 2857 1057 2927 τὴν
1095 2858 1313 2927 ἐντολὴν
1365 2859 1463 2925 τῆς
1489 2860 1744 2929 ἀγάπης·
1776 2860 1865 2912 τὸν
1909 2860 1965 2911 δὲ

2064 2862 2163 2915 pro
2192 2846 2351 2900 nobis
2378 2847 2639 2900 obediens
2675 2844 3135 2909 foret,'servando
3167 2844 3474 2897 dilectionis
3503 2860 3638 2912 pra:-

399 2940 641 2996 διάϐολον
690 2946 964 3015 ἀμύνηται
997 2947 1075 3018 τῷ
1117 2949 1346 3019 πάσχειν
1394 2949 1485 3001 ὑπ’
1514 2949 1701 3011 αὐτοῦ,
1737 2950 1826 3002 διὰ
1857 2950 1964 3003 τῶν

2064 2944 2316 3007 ceptum;
2356 2938 2634 2991 diabolum
2679 2953 2811 2991 vero
2846 2937 3226 2998 ulcisceretur,
3271 2936 3339 2989 ab
3385 2951 3450 2989 eo
3498 2936 3637 2989 mala

401 3031 490 3138 ὑπ’
512 3032 676 3138 αῦτοῦ
705 3036 1108 3138 ἐνεργουμένων
1128 3038 1498 3109 Γραμματέων
1520 3040 1612 3093 καὶ
1630 3040 1957 3111 Φαρισαίων·
1987 3077 2031 3138 c

2004 3077 2030 3097 η
2060 3020 2441 3097 perpetiendo,
2476 3028 2694 3082 illorum
2725 3043 2911 3096 opera,
2938 3026 3029 3096 rlui
3056 3027 3174 3096 ejus
3202 3026 3382 3079 aﬂlatu
3407 3042 3636 3096 ageren-

2004 3114 2031 3138 J
2065 3128 2148 3138 ,μμ
2185 3119 2508 3138 [σμμςι-μκ-νυ
2564 3119 2762 3138 __!I!--.
2803 3116 3286 3138 -ι1’ὶ1.-..3-μ-..--...Χ
3325 3134 3336 3138 -
3378 3126 3534 3138 -.__--
3565 3118 3632 3138 :4-

399 3125 489 3176 καὶ
520 3125 693 3189 οὕτως
721 3127 940 3198 ἐνίκησε
974 3128 1052 3199 τῷ
1075 3130 1325 3183 νικᾶσθαι
1370 3130 1651 3194 ἐκουσίως,
1692 3130 1783 3183 τὸν
1807 3132 1961 3201 νικᾷν
1988 3116 2031 3138 ν

2004 3116 2031 3138 ’³
2065 3128 2152 3173 tur
2182 3119 2517 3190 (Scribarum
2559 3119 2767 3173 scilicet
2796 3126 2851 3173 et
2869 3116 3287 3184 Pbarismorum)
3324 3134 3336 3169 :
3375 3126 3538 3185 atque
3565 3118 3636 3171 ita

398 3214 711 3279 ἐλπίσαντα,
742 3215 944 3271 καὶτὸν
964 3219 1167 3287 κόσμον
1200 3218 1467 3290 ἐρρύσατο
1494 3220 1589 3287 τῆς
1613 3221 1775 3273 αὑτοῦ
1800 3221 1961 3274 δυναο

2061 3226 2167 3280 qua
2212 3219 2406 3280 sponte
2450 3211 2783 3274 vinceretur,
2820 3209 3167 3278 pollicentem
3211 3208 3317 3261 sibi
3350 3208 3635 3262 victoriam

400 3304 601 3368 στείας.
657 3307 857 3361 Τοῦτον
903 3309 995 3362 τὸν
1030 3310 1229 3381 τρόπον
1284 3312 1313 3364 ὁ
1338 3310 1567 3380 Χριστὸς
1591 3310 1650 3375 ἐξ
1680 3310 1963 3374 ἀσθενείας

2062 3302 2215 3367 vicit,
2258 3318 2434 3372 exque
2470 3302 2618 3356 illius
2660 3302 2903 3370 potentia
2947 3300 3210 3354 mundum
3259 3300 3530 3353 liberavit.
3579 3300 3634 3353 In

398 3397 745 3470 ἐσταυρώθη·
777 3400 843 3453 δι’
877 3396 943 3473 ἧς
970 3402 1254 3465 ἀσθενείας
1282 3402 1373 3455 τὸν
1406 3401 1632 3456 θάνατον
1668 3403 1959 3474 ἐνέκρωσε,

2061 3394 2208 3450 hunc
2235 3396 2458 3450 modum
2484 3394 2731 3451 Christus
2755 3411 2819 3449 ex
2851 3393 3163 3449 inﬁrmitate
3189 3392 3243 3445 in
3260 3407 3478 3446 crucem
3502 3391 3633 3444 sub-

342 3527 350 3536 .
396 3491 607 3543 καὶτὸν
639 3493 699 3544 τὸ
746 3493 946 3563 κράτος
992 3492 1181 3563 ἔχοντα
1230 3492 1321 3545 τοῦ
1351 3492 1580 3546 θανάτου
1623 3496 1959 3564 κατήργησε.

2056 3485 2201 3541 latus
2254 3496 2337 3540 est
2368 3488 2444 3551 ’7;
2476 3501 2649 3555 eaque
2682 3484 2995 3538 inﬁrmitate
3018 3491 3246 3537 mortem
3271 3482 3548 3545 exstinxit,
3574 3497 3633 3537 ac

398 3578 597 3635 Τοῦτον
625 3582 715 3637 τὸν
748 3585 945 3653 τρόπον
977 3586 1069 3637 καὶ
1093 3586 1121 3637 ὁ
1151 3584 1357 3646 Παῦλος
1398 3586 1454 3636 ἐν
1500 3584 1677 3654 ἐαυτῷ
1722 3584 1958 3655 ἠσθένει,

2058 3591 2205 3640 eum,
2230 3578 2322 3647 qui
2350 3578 2542 3632 mortis
2568 3575 2805 3630 habebat
2840 3575 3149 3644 imperium,
3182 3574 3459 3629 dextruxit
3485 3574 3551 3625 ³⁸.
3578 3573 3634 3625 1η

397 3672 492 3725 καὶ
523 3674 792 3744 ἐκαυχᾶτο
822 3679 877 3729 ἐν
900 3680 1019 3739 ταῖς
1045 3676 1368 3741 ἀσθενείαις,
1395 3677 1481 3731 ἵνα
1519 3677 1867 3749 ἐπισκηνώσῃ
1902 3681 1959 3731 ἐν

2059 3668 2206 3722 hunc
2239 3668 2461 3722 modum
2490 3678 2545 3724 et
2576 3669 2776 3723 Paulus
2807 3668 2861 3720 in
2896 3683 2952 3721 se
2979 3666 3094 3735 ipse
3130 3666 3398 3728 inﬁrmus,
3430 3665 3633 3735 gloria-

396 3762 541 3832 αὐτῷ
571 3765 603 3832 ἠ
634 3763 862 3835 δύναμις
893 3765 987 3818 τοῦ
1019 3765 1275 3837 Χριστοῦ.

2058 3758 2221 3812 batur
2254 3759 2309 3812 in
2341 3758 2768 3823 inﬁrmitatibus,
2801 3767 2860 3812 ut
2892 3756 3225 3810 inhabitaret
3256 3756 3311 3809 in
3349 3769 3415 3809 eo
3460 3754 3633 3809 virtus

554 3846 567 3863 ⁹
2054 3848 2260 3904 Christi
2302 3850 2368 3902 ’9.

467 3935 545 3988 ιδ’.
588 3934 801 4007 Ταύτης
819 3937 918 4007 τῆς
946 3939 1100 4011 νίκης
1137 3940 1226 3994 τὸν
1269 3941 1469 4013 τρόπον
1511 3938 1732 4011 μαθὼν,
1773 3939 1957 4009 ἔλεγεν

2130 3943 2216 3996 14.
2254 3941 2428 4011 Hujus
2472 3941 2715 3995 victoriae
2758 3939 2982 3994 modum
3015 3938 3353 4006 exploratum
3388 3936 3630 4000 habens,

408 4026 670 4093 Ἐφεσίοις
701 4028 957 4096 γράφων·
990 4032 1109 4082 Οὐκ
1142 4030 1313 4085 ἔστιν
1338 4029 1476 4099 ὑμῖν
1520 4030 1559 4098 ἡ
1600 4028 1763 4097 πάλη
1809 4031 1958 4097 πρὸς

2054 4034 2113 4088 ἱη
2142 4034 2258 4088 hzec
2289 4034 2451 4086 verba
2482 4032 2549 4086 ad
2582 4032 2848 4101 Ephesios
2878 4030 3153 4086 scribebat
3186 4046 3197 4081 :
3230 4028 3346 4081 Non
3383 4036 3457 4081 est
3489 4026 3632 4081 nobis

394 4114 534 4187 αἷμα
558 4119 654 4172 καί
685 4119 878 4187 σάρκα
908 4137 919 4149 ·
957 4122 1116 4175 ἀλλὰ
1148 4120 1297 4191 πρὸς
1322 4124 1426 4189 τὰς
1447 4122 1654 4192 ἀρχὰς,
1684 4122 1832 4190 πρὸς
1850 4124 1956 4190 τὰς

2055 4124 2356 4179 colluctatio
2401 4124 2647 4176 adversus
2676 4140 2891 4176 carnem
2937 4130 2984 4174 et
3026 4121 3359 4191 sanguinem,
3408 4119 3499 4172 sed
3541 4118 3623 4171 ad-

393 4211 696 4275 ἐξουσίας,
729 4211 822 4263 καὶ
856 4211 924 4265 τά
956 4211 1100 4281 ἑξῆς.
1137 4214 1239 4267 Τόν
1263 4230 1322 4266 τε
1352 4213 1575 4284 θώρακα
1603 4214 1699 4284 τῆς
1748 4214 1954 4268 δικαιο-

2054 4232 2231 4269 versus
2273 4215 2596 4285 principatus
2645 4222 2693 4265 et
2724 4222 3003 4283 potestates
3040 4212 3105 4277 ³⁰,
3154 4219 3210 4265 et
3241 4226 3362 4279 qum
3394 4225 3629 4278 sequun-

396 4301 558 4371 σύνης
611 4301 897 4356 ἀναλαϐεῖν
942 4320 1094 4374 φησι,
1132 4306 1226 4357 καὶ
1264 4306 1363 4374 τὴν
1407 4305 1832 4377 περικεφαλαίαν
1866 4306 1954 4358 ὲλ-

2056 4315 2168 4373 tur;
2194 4306 2458 4377 jubetque
2491 4315 2550 4359 ut
2587 4306 2815 4375 iustitiae
2860 4305 3137 4359 thoracem
3172 4311 3474 4365 assumant,
3519 4300 3632 4370 spei

394 4392 564 4455 πίδος,
594 4393 685 4445 καὶ
706 4393 795 4446 τὸν
820 4394 1007 4464 θυρεὸν
1032 4395 1130 4465 τῆς
1154 4395 1404 4461 πίστεως,
1437 4397 1529 4451 καὶ
1554 4395 1650 4468 τὴν
1682 4397 1953 4469 μάχαιραν
1985 4424 2026 4481 υ

2000 4424 2033 4481 D
2056 4399 2284 4468 galeam,
2314 4405 2531 4451 scutum
2562 4397 2708 4462 ﬁdei,
2736 4396 2975 4467 gladium
3007 4395 3238 4465 spiritus
3265 4395 3331 4459 ",
3360 4404 3420 4448 ut
3449 4394 3632 4447 omnia

392 4483 485 4536 τοῦ
512 4483 844 4554 πνεύματος,
877 4486 964 4540 ἵνα
991 4487 1258 4557 δυνηθῶσι
1290 4490 1463 4543 πάντα
1485 4489 1553 4543 τά
1580 4489 1708 4561 βέλη
1732 4488 1825 4543 τοῦ
1854 4508 1951 4543 πο-

2056 4490 2163 4545 tela
2207 4488 2529 4559 nequissimi
2578 4491 2737 4560 ignea
2781 4489 3133 4559 exstinguere
3165 4490 3401 4551 valeant,
3434 4487 3633 4557 quibus

391 4574 553 4643 νηροῦ
579 4575 645 4628 τά
661 4577 1029 4647 πεπυρωμένα
1052 4578 1259 4643 σϐέσαι,
1289 4581 1337 4632 οἱ
1367 4579 1502 4650 πρὸς
1533 4582 1659 4644 τοὺς
1687 4582 1953 4651 ἀοράτους

2055 4581 2317 4635 adversus
2345 4581 2532 4636 hostes
2572 4580 2879 4635 invisibiles
2922 4580 3125 4633 bellum
3158 4579 3303 4634 istud
3342 4577 3631 4632 incumbit.

390 4666 614 4736 ἐχθροὺς
643 4667 733 4719 τὸν
756 4667 986 4737 πόλεμον
1014 4669 1225 4739 ἔχοντες
1254 4689 1267 4702 ·
1296 4671 1441 4741 ἔργῳ
1468 4670 1589 4744 [Fr.
1613 4674 1684 4726 al.
1708 4676 1783 4727 Μ.
1805 4673 1947 4728 Nob.

2054 4672 2238 4726 Rebus
2262 4683 2442 4726 autem
2474 4672 2635 4727 luela:
2666 4672 2885 4725 modum
2923 4670 3240 4728 ostendens.
3266 4669 3445 4722 aiebat
3477 4685 3488 4719 :
3519 4666 3633 4736 Ego

388 4756 592 4828 ἔργοις]
647 4758 702 4811 δὲ
760 4759 849 4810 τὸν
880 4759 1081 4828 τρόπον
1116 4763 1213 4830 τῆς
1246 4763 1424 4832 πάλης
1472 4764 1948 4834 ἐπιδεικνύμενος,

2051 4763 2215 4831 igitur
2237 4764 2310 4815 sic
2335 4778 2507 4826 curro,
2531 4780 2631 4815 non
2651 4764 2803 4833 quasi
2829 4764 2882 4815 in
2912 4763 3167 4814 incertum
3188 4777 3204 4814 :
3225 4761 3298 4813 sic
3315 4773 3508 4828 pugno,
3528 4773 3631 4809 non

388 4845 599 4913 ἔλεγεν·
644 4847 790 4915 Ἐγὼ
822 4842 935 4901 οὖν
963 4847 1151 4913 οὕτως
1184 4848 1390 4917 τρέχω,
1427 4850 1504 4912 ὡς
1542 4852 1651 4903 οὐκ
1672 4849 1911 4915 ἀδήλως
1931 4868 1944 4882 ·

2052 4852 2206 4921 quasi
2250 4851 2413 4922 374
2464 4867 2639 4904 aerem
2689 4851 3024 4904 verberans:
3067 4848 3158 4901 sed
3196 4846 3391 4915 castigo
3443 4860 3631 4913 corpus

387 4937 573 5002 οὕτως
612 4941 903 4997 πυκτεύω.
936 4938 1016 5003 ὡς
1052 4942 1162 4992 οὐκ
1188 4939 1333 5006 ἀέρα
1361 4940 1583 5008 δαίρων
1604 4958 1617 4971 ·
1648 4941 1948 4995 ἁλλ’ὺπο-

2054 4960 2223 4995 meum
2245 4952 2290 4995 et
2318 4943 2369 4995 in
2394 4944 2696 4995 servitutem
2728 4942 2925 5010 redigo,
2956 4956 3018 4992 ne
3042 4939 3175 5007 forte
3205 4955 3321 4989 cum
3347 4937 3463 4989 aliis
3490 4950 3627 5004 prm-

385 5025 564 5085 παίζω
591 5044 710 5095 μου
740 5028 807 5081 τὸ
834 5027 1006 5097 σῶμα
1043 5029 1142 5082 καὶ
1174 5029 1531 5099 δουλαγωγῶ
1552 5072 1566 5096 ,
1598 5032 1811 5101 μήπως
1839 5034 1944 5086 ἂλ-

2044 5031 2365 5095 dicaverim,
2422 5035 2532 5103 ipse
2591 5032 2841 5102 reprobus
2891 5032 3083 5099 e/ﬁcinr
3141 5031 3203 5081 δ’.
3256 5028 3322 5080 Et
3374 5027 3624 5080 iterum:

384 5117 519 5179 λοις
545 5115 830 5182 κηρύξας,
864 5116 1046 5182 αὐτὸς
1074 5117 1357 5187 ἀδόκιμος
1382 5118 1654 5188 γένωμαι.
1690 5120 1800 5174 Καὶ
1845 5122 1949 5175 πά-

2050 5120 2220 5190 Usque
2255 5120 2309 5173 in
2344 5123 2480 5175 hanc
2519 5122 2704 5174 horam
2735 5130 2783 5173 et
2814 5120 3067 5173 esurimus
3104 5129 3151 5171 et
3181 5119 3386 5171 sitimus
3421 5124 3467 5169 ct
3503 5114 3628 5168 nudi

385 5204 499 5257 λιν·
545 5206 705 5274 Ἄχρι
738 5206 845 5273 τῆς
879 5206 1007 5274 ἄρτι
1029 5206 1182 5273 ὥρας
1204 5208 1301 5260 καὶ
1327 5208 1621 5277 πεινῶμεν
1648 5210 1744 5263 καί
1774 5209 1951 5279 διψῶ-

2044 5225 2245 5273 sumus,
2290 5218 2338 5261 et
2379 5208 2613 5279 colaphis
2648 5209 2900 5262 cwdimur
2945 5208 3009 5259 ³⁸.
3045 5208 3364 5274 Rursusque
3399 5223 3411 5258 :
3446 5205 3509 5257 In
3548 5204 3627 5257 la-

378 5314 495 5366 μεν
541 5299 637 5350 καί
686 5298 1152 5365 γυμνητεύομεν,
1207 5298 1305 5351 καὶ
1360 5299 1807 5369 κολαφιζόμεθα.
1840 5302 1950 5355 Καὶ

2048 5304 2169 5356 bore
2202 5310 2250 5355 et
2280 5318 2554 5365 azrumna;
2582 5302 2637 5353 in
2674 5300 2862 5369 vigiliis
2910 5298 3106 5359 multis,
3138 5301 3192 5350 in
3222 5298 3416 5366 frigore
3445 5304 3492 5348 et
3524 5312 3623 5348 uu-

358 5388 546 5442 ·πάλιν
568 5404 581 5417 ·
634 5389 733 5442 Ἐν
757 5388 920 5454 κόπῳ
949 5391 1042 5441 καί
1071 5389 1276 5457 μόχθῳ
1295 5405 1308 5419 ·
1328 5388 1396 5441 ἐν
1420 5391 1775 5458 ἀγρυπνίαις
1801 5395 1950 5445 πολ-

1714 5406 1775 5456 τις
1801 5395 1950 5445 πολ·
2047 5396 2247 5459 ditate;
2279 5402 2471 5464 prwter
2503 5392 2599 5445 illa
2635 5408 2751 5462 (μίαν
2780 5399 2901 5445 sunt
2934 5391 3247 5443 extrinsecus
3282 5391 3346 5436 ³⁵-

380 5480 576 5547 λάλίις,
618 5481 887 5549 ἐνψύχει
923 5480 1021 5533 καί
1053 5482 1400 5550 γυμνότητι,
1436 5482 1613 5550 χωρίς
1648 5482 1767 5537 τῶν
1794 5486 2109 5553 παρεκτός.

452 5595 495 5625 ’⁸
525 5594 758 5668 Philipp.
795 5609 854 5659 tt,
887 5594 952 5668 5._
976 5595 1066 5668 _"'{
1082 5595 1135 5668 ll
1166 5593 1297 5668 cor.
1322 5612 1435 5668 x_m,
1464 5597 1517 5651 4.
1594 5598 1639 5628 ’⁸
1669 5599 1833 5654 Hebr.
1860 5615 1916 5666 η,
1951 5601 2036 5655 14.

1987 5602 2036 5655 4.
2113 5601 2157 5631 ’³
2184 5601 2225 5654 ll
2251 5599 2374 5656 Cor.
2406 5615 2500 5668 xu,
2530 5598 2585 5653 9.
2698 5598 2742 5631 ³⁸
2767 5597 2966 5668 Ephcs.
2997 5614 3070 5664 vi,
3106 5594 3193 5649 12.
3295 5592 3336 5625 "
3370 5589 3506 5645 ibid.
3532 5589 3619 5655 Η»

386 5664 470 5718 15.
547 5668 589 5697 ³³
625 5665 793 5721 lCor.
822 5679 893 5723 Ix.
926 5665 1015 5725 26.
1043 5665 1131 5720 27.
1206 5665 1249 5698 ³³
1278 5666 1448 5721 lCor.
1484 5683 1555 5730 tv,
1596 5669 1677 5723 ll.
1754 5670 1797 5702 "
1832 5670 1876 5724 ll
1905 5664 2014 5727 Cor

1388 5682 1448 5720 ll‘.
1484 5683 1555 5730 tv,
1596 5669 1677 5723 ll.
1754 5670 1797 5702 "
1832 5670 1876 5724 ll
1905 5664 2031 5727 Cor.
2069 5686 2141 5735 χι,
2172 5671 2259 5725 9.7.
2486 5664 2494 5668 ⁷
2813 5664 2830 5668 ’
3012 5688 3020 5697 ·
