4134 6192
532 265 640 332 99.3

1691 274 1751 337 S.
1796 272 2081 336 ΜΑΧΙΜῘ
2119 269 2628 333 CONFESSORIS

3688 270 3790 337 924

558 362 567 383 \
609 382 692 439 15.
727 381 906 454 Atque
951 383 1093 438 hanc
1137 384 1360 453 quidem
1405 385 1608 441 luctam
1656 388 1983 443 colluctatus
2028 402 2089 443 es

2285 393 2362 441 tE'.
2396 386 2505 441 Καὶ
2532 385 2737 457 ταύτην
2769 385 2869 457 μὲν
2915 383 3013 456 τὴν
3037 385 3235 457 πάλην,
3264 383 3403 455 πρὸς
3428 384 3555 448 τοῦς
3596 386 3789 456 ἡδονὰς

533 473 796 528 adversus
824 474 1101 529 dmmoncs
1125 476 1466 546 voluptatum
1493 478 1550 531 in
1580 493 1745 533 carne
1781 479 2109 545 incentores,

533 567 744 637 objecta
780 567 867 621 sui
901 570 1146 638 corporis
1172 569 1489 626 inﬁrmitate
1520 587 1617 627 eos
1647 572 1840 644 fugans
1872 592 1884 627 :
1912 574 2113 629 adver—

533 673 628 711 sus
658 667 840 713 autem
869 675 966 714 eos
993 661 1085 731 qui
1115 678 1309 733 pugnae
1337 679 1465 719 arce
1493 673 1747 734 suscepta
1775 665 1900 720 odia
1934 666 2112 721 susei-

533 757 673 814 tant,
705 756 951 821 eamque‘
983 754 1054 808 ob
1105 768 1241 819 rem,
1276 755 1371 825 qui
1415 756 1697 827 segniores
1736 759 1936 814 animis
1977 760 2108 828 sint,

530 840 795 898 adversus
830 844 951 914 pios
980 844 1232 902 homines
1268 848 1577 911 concitant;
1615 858 1676 904 ut
1711 849 1819 905 illis
1849 853 2111 907 te‘ntanti-

531 932 635 987 bus
671 935 871 991 animis
895 936 1212 993 fatiscentes
1243 938 1392 1009 ipsos
1424 941 1550 995 odio
1581 940 1841 1008 habeant,
1870 943 2109 1015 indeque

529 1022 609 1076 rei
638 1023 827 1078 violati
862 1025 1176 1081 dilectionis
1220 1028 1466 1083 mandati
1507 1028 1671 1096 fiant;
1710 1030 1956 1091 victoria:
1987 1049 2108 1089 mo-

528 1111 659 1166 dum
700 1115 868 1170 rebus
913 1116 1046 1187 ipsis
1085 1126 1418 1185 monstrans,
1466 1120 1650 1175 aiebat
1678 1138 1691 1175 :
1718 1120 2104 1191 Maledicimur,

527 1212 577 1255 et
617 1204 998 1272 benedicimus;
1033 1211 1446 1279 persecutionem
1487 1213 1741 1282 patimur,
1786 1222 1833 1267 et
1876 1216 2106 1270 sustine-

526 1310 676 1362 mus;
705 1296 1154 1368 blasphemamur,
1197 1309 1246 1355 ct
1278 1303 1607 1358 obsecramus
1640 1321 1658 1359 :
1687 1313 1945 1377 tanquam
1985 1310 2105 1378 pia-

524 1383 643 1440 cula
694 1389 879 1443 mundi
932 1390 1061 1458 facti
1115 1409 1330 1458 sumus,
1388 1396 1622 1450 omnium
1672 1397 2104 1467 rejectamentum

521 1494 685 1549 usque
720 1480 775 1534 in
808 1483 944 1534 hunc
982 1483 1118 1536 diem
1149 1484 1213 1538 ³⁸.
1250 1484 1387 1539 Nam
1427 1484 1703 1543 dzemones
1735 1488 1980 1559 quidem,
2014 1491 2102 1546 id-

520 1572 670 1627 eirco
700 1571 992 1629 dicacitate
1034 1576 1309 1644 mordere,
1351 1578 1619 1635 conviciis
1659 1590 1869 1650 petere,
1914 1598 2103 1653 perse-

520 1663 615 1731 qui
652 1664 977 1733 suadebant,
1007 1675 1070 1722 nt
1102 1667 1156 1722 in
1197 1670 1522 1736 mordentis,
1565 1671 1944 1741 conviciantis,
1976 1691 2103 1746 per-

518 1755 803 1823 sequentis
825 1756 1034 1823 odium,
1061 1760 1421 1828 apostolicum
1450 1772 1643 1831 peetus
1672 1762 1993 1834 incitarent;
2031 1783 2098 1823 eo
2129 1737 2173 1794 Β

517 1845 779 1901 nimirum
810 1848 935 1915 fine,
973 1858 1032 1903 ut
1062 1851 1249 1906 violati
1293 1852 1605 1909 dilectionis
1650 1856 1894 1912 mandati
1941 1875 2099 1914 reum

516 1947 871 2008 peragerent;
914 1939 1206 2010 Apostolus
1255 1960 1388 1999 vero
1438 1962 1549 2016 quo
1598 1946 1818 2001 illorum
1870 1950 2101 2007 consilia

514 2039 827 2101 spectarent
870 2048 979 2086 non
1029 2032 1306 2104 ignorans,
1348 2035 1651 2102 dicacibus,
1696 2039 2115 2111 benedictionis,

515 2122 680 2177 verba
725 2126 1091 2194 rependcbat;
1147 2140 1542 2200 persequentes
1582 2134 1925 2203 sustinebat;
1969 2154 2103 2194 con-

512 2213 673 2269 viciis
699 2224 949 2285 petentes
998 2219 1356 2289 obsecrabat;
1388 2231 1448 2278 ut
1477 2224 1740 2281 nimirum
1770 2245 1800 2284 a
1829 2229 2097 2288 daemoni-

512 2304 635 2372 bus,
665 2308 759 2378 qui
808 2310 996 2364 talium
1045 2322 1282 2379 actores,
1311 2326 1517 2383 essent,
1561 2335 1681 2375 sese
1711 2322 2117 2395 abjungerent,.

511 2411 577 2452 ac
606 2413 734 2453 cum
766 2399 1156 2472 benignissimo
1197 2406 1309 2462 Deo
1340 2411 1804 2468 necessitudinem
1841 2415 2044 2472 inirent
2079 2435 2093 2472 :

512 2486 819 2560 horumque
854 2491 1165 2550 incentores
1210 2497 1487 2555 daemones
1535 2501 1695 2558 luctre
1743 2503 1850 2561 hoc
1895 2522 2096 2577 genere

509 2579 825 2649 eollidebat,
869 2585 1074 2641 malum
1114 2587 1171 2642 in
1211 2588 1358 2646 bono
1388 2592 1454 2658 ³⁸,
1484 2592 1785 2653 Salvatoris
1820 2601 2092 2671 exemplo,

508 2685 726 2741 semper
769 2674 1015 2732 vincens.
1048 2678 1219 2750 Inque
1263 2681 1411 2739 hunc
1452 2686 1675 2741 modum
1727 2688 1842 2759 ipse
1890 2692 2096 2761 pariter

507 2777 573 2818 ac
607 2765 806 2835 reliqui
851 2770 1084 2838 apostoli
1131 2779 1308 2828 totum
1360 2776 1629 2833 mundum
1678 2796 1710 2836 a
1752 2781 2094 2841 daemonibus

504 2856 848 2927 abjunctunt,
893 2861 1007 2917 Deo
1040 2865 1440 2934 conciliarunt;
1491 2885 1593 2926 suo
1625 2871 1733 2943 ipsi
1779 2890 1977 2932 occasu
2027 2892 2094 2934 ac

504 2950 682 3015 clade,
714 2951 933 3009 illorum
958 2956 1220 3024 victores,
1239 2961 1333 3031 qui
1357 2972 1510 3019 certa
1535 2965 1643 3021 sibi
1671 2981 1768 3038 spe
1800 2968 2088 3026 victoriam

2214 480 2273 533 ἐν
2304 481 2371 551 τῇ
2408 479 2572 551 σαρκὶ
2602 478 2959 549 ἐνεργοῦντας
2993 478 3222 531 ἔπάλαιε
3256 476 3518 547 δαίμονας
3555 476 3643 531 διὰ
3686 477 3791 547 τῆς

2213 571 2497 635 ἀσθενείας
2544 570 2640 624 τοῦ
2693 571 2826 625 ίδίου
2885 570 3137 641 σώματος
3195 568 3394 632 αὐτοὺς
3437 566 3786 622 ἐπελαύνων·

2212 663 2352 734 πρὸς
2378 662 2436 716 δὲ
2461 662 2588 725 τοῦς
2618 662 2700 727 είς
2730 664 2889 732 μῖσος
2930 658 3325 730 πολεμοῦντας,
3357 659 3454 712 καὶ
3510 658 3601 713 διὰ
3630 659 3792 713 τοῦτο

2210 758 2338 820 τοὺς
2356 757 2465 811 τῶν
2493 752 2799 826 ἀνθρώπων
2826 750 3223 824 ἀμελεστέρους
3247 751 3391 808 κατά
3411 751 3523 804 τῶν
3545 751 3791 805 εὐσεϐῶν

2210 850 2515 913 κινοῦντας,
2547 848 2635 902 ἵνα
2667 847 2735 901 δι’
2781 845 2964 900 αὐτῶν
2999 843 3387 915 πειραζόμενοι
3409 883 3425 909 ,
3461 843 3661 906 αὐτοὺς
3694 861 3789 913 μι-

2210 943 2438 1013 σήσωσι,
2463 941 2557 995 καὶ
2578 939 2675 1012 τὴν
2707 938 2926 1010 ἐντολὴν
2958 937 3057 1008 τῆς
3080 936 3300 1006 ἀγάπης
3320 935 3612 1006 παραδῶσι
3635 950 3648 963 ·
3682 935 3792 989 πά-

2207 1031 2290 1084 λιν
2319 1031 2411 1084 τὺν
2436 1029 2639 1101 τρόπον
2666 1030 2766 1101 τῆς
2793 1028 2951 1096 νίκης
2977 1026 3161 1097 ἔργοις
3210 1027 3342 1097 ἡμῖν
3376 1024 3749 1079 ὑποδεικνύων
3767 1067 3787 1091 ,

2208 1121 2395 1192 ἔλεγεν
2416 1137 2430 1152 ·
2466 1120 2948 1189 Λοιδορούμενοι,
2967 1117 3369 1187 εὐλογοῦμεν-⁸
3415 1114 3787 1185 διωκόμενοι,

2206 1212 2542 1282 ἀνεχόμεθα
2566 1225 2579 1239 ·
2646 1208 3215 1277 βλασφημούμενοι,
3278 1206 3749 1275 παρακαλοῦμεν
3769 1224 3783 1236 ·

2204 1299 2462 1369 ὡσπερεὶ
2487 1296 2833 1369 καθάρματα
2846 1296 2953 1352 τοῦ
2971 1297 3206 1365 κόσμου
3225 1294 3615 1365 ἐγενήθημεν,
3634 1296 3789 1348 πάν-

2203 1411 2323 1449 των
2341 1393 2651 1462 περίψημα
2681 1390 2793 1458 ἕως
2827 1389 2980 1460 ἄρτι.
3014 1390 3078 1443 Oi
3113 1388 3215 1459 μὲν
3244 1386 3356 1459 γὰρ
3385 1387 3655 1458 δαίμονες,
3696 1388 3787 1442 διὰ

2203 1487 2360 1542 τοῦτο
2381 1486 2642 1558 λοιδορεῖν
2666 1484 2760 1538 καὶ
2788 1482 3130 1556 βλασφημεῖν
3159 1483 3256 1536 καὶ
3287 1482 3503 1541 διώκειν
3544 1482 3785 1536 ὑπέϐαλ-

2200 1580 2313 1644 λον,
2352 1580 2441 1633 ἵνα
2472 1578 2552 1642 εἰς
2574 1578 2731 1648 μῖσος
2755 1574 2852 1629 τοῦ
2877 1572 3242 1645 λοιδοροῦντος
3278 1573 3372 1626 καὶ
3398 1572 3783 1643 βλαστημοῦνο

2200 1689 2295 1736 τος
2321 1671 2417 1725 καὶ
2460 1669 2750 1733 διώκοντος
2799 1667 2964 1722 αὑτὸν
3011 1668 3311 1738 κινήσωσι*
3340 1666 3434 1719 τὸν
3471 1667 3674 1722 σκοπὸν
3700 1669 3779 1732 είς

2200 1762 2299 1834 τὴν
2350 1761 2664 1833 παράϐασιν
2691 1761 2794 1831 τῆς
2822 1758 3043 1831 ἐντολῆς
3077 1760 3176 1831 τῆς
3198 1760 3421 1829 ἀγάπης
3444 1759 3678 1830 ἔχοντες.
3721 1763 3778 1815 '0

2199 1854 2257 1909 δὲ
2298 1853 2621 1917 ,Απόστολος
2654 1852 2730 1923 μὴ
2768 1851 2978 1922 ἀγνοῶν
3023 1850 3093 1905 τὰ
3128 1851 3377 1922 νοήματα
3398 1850 3600 1915 αὐτῶν,
3652 1852 3778 1916 τοῦς

2200 1945 2578 2015 λοιδοροῦντας
2623 1943 2862 2015 ηὐλόγει,
2896 1943 2991 1997 καὶ
3021 1942 3131 1995 τῶν
3172 1942 3476 1997 διωκόντων
3508 1943 3775 2014 ἠνείχετο.

2199 2038 2294 2093 καὶ
2316 2038 2445 2101 τοὺς
2475 2035 2932 2108 βλασφημοῦντας
2984 2034 3305 2106 παρεκάλει,
3336 2034 3447 2089 τῶν
3479 2036 3577 2105 μὲν
3605 2034 3778 2090 ταῦτα

2200 2128 2567 2199 ἐνεργούντων
2603 2126 2912 2196 ἀποστῆναι
2951 2124 3242 2195 δαιμόνων,
3293 2124 3370 2194 τῷ
3399 2124 3455 2177 δὲ
3485 2124 3677 2195 ἀγαθῷ
3700 2126 3781 2178 ol-

2198 2216 2492 2286 κειωθῆναι
2510 2214 2649 2286 Θεῷ*
2674 2214 2805 2277 τοῦς
2833 2212 2890 2266 δὲ
2912 2212 3090 2267 ταῦτα
3116 2212 3474 2286 ἐνεργοῦντας
3494 2213 3778 2284 δαίμονας,

2196 2308 2374 2380 τούτῳ
2401 2307 2479 2379 τῷ
2509 2307 2698 2378 τρόπῳ
2735 2307 2835 2377 τῆς
2866 2305 3044 2376 πάλης
3078 2306 3334 2377 ἠμύνετο,
3366 2308 3426 2361 ὲν
3475 2307 3554 2379 τῷ
3586 2308 3780 2381 ἀγαθῷ

2196 2403 2286 2457 ἀεὶ
2318 2402 2483 2457 νικῶν
2516 2400 2577 2455 τό
2604 2400 2795 2465 κακὸν,
2821 2400 2963 2454 κατὰ
2994 2401 3093 2470 τὴν
3123 2401 3355 2472 μίμησιν
3377 2402 3470 2455 τοῦ
3498 2402 3778 2475 Σωτῆρος,

2196 2496 2292 2549 καὶ
2318 2494 2488 2557 οὕτως
2512 2492 2634 2546 ὅλον
2663 2492 2753 2545 τὸν
2778 2491 2982 2562 κόσμον
3002 2491 3110 2546 τῶν
3135 2491 3406 2562 δαιμόνων
3432 2495 3783 2563 amat-ﬁcu-

2195 2605 2286 2652 τες
2316 2586 2394 2658 τῷ
2425 2585 2544 2658 Θεῷ
2571 2584 2875 2658 ᾠκείωσαν,
2918 2583 3081 2648 αὐτός
3119 2601 3180 2637 τε
3209 2580 3306 2638 καὶ¹
3333 2585 3383 2638 οἱ
3416 2584 3593 2639 λοιποὶ
3639 2587 3781 2640 ἁπό-

2198 2681 2397 2745 στολοι,
2428 2678 2516 2733 διὰ
2547 2678 2718 2750 ἥττης
2743 2679 3066 2749 νικήσαντες
3103 2679 3229 2743 τοὺς
3262 2679 3420 2749 νικᾷν
3446 2678 3784 2744 ἐλπίσαντας

2194 2772 2295 2845 [αι.
2332 2773 2424 2826 καὶ
2470 2771 2868 2843 κρατήσαντες,
2901 2771 3029 2833 τοὺς
3060 2771 3285 2841 κρατεῖν
3317 2769 3440 2824 ὲλπ.
3477 2767 3577 2825 Fr.
3616 2775 3780 2842 νική-

2196 2883 2410 2929 σαντες,
2446 2864 2573 2927 τοῦς
2617 2866 2843 2935 κρατεῖν
2895 2861 3226 2936 ὲθέλοντας].
3283 2863 3411 2916 Ἐὰν
3435 2858 3530 2917 οῦν
3558 2865 3654 2917 καὶ
3684 2864 3779 2930 σὺ,

2203 2955 2455 3027 Ἀδελφὲ,
2489 2955 2679 3010 τοῦτον
2720 2956 3005 3027 κρατήσῃς
3040 2954 3132 3010 τὸν
3176 2955 3399 3020 σκοπὸν,
3429 2952 3655 3009 δύνασαι
3681 2958 3780 3011 καὶ

502 3040 897 3099 ariolahantur.
932 3046 1075 3117 Ergo
1103 3056 1158 3103 tu
1190 3066 1432 3123 quoque,
1464 3054 1657 3125 frater,
1688 3058 1835 3115 hunc
1860 3077 2086 3132 scopum

502 3132 546 3166 ei
591 3137 834 3166 ίηηιιηκςο
906 3140 1110 3166 ..ΜΛ-ε..
1146 3151 1195 3166 ,..
1235 3142 1345 3166 ε---
1384 3145 1628 3166 εμεμ-εμμ
1700 3150 1779 3166 ι...
2027 3154 2040 3166 .

2193 3048 2257 3102 σὺ
2289 3049 2417 3112 τοὺς
2453 3046 2742 3119 μισοῦντας
2765 3046 3014 3117 ἀγαπᾷν·
3046 3045 3172 3099 εἰδὲ
3203 3046 3277 3118 μή
3308 3061 3394 3115 γε,
3425 3045 3600 3110 ἄλλως
3624 3047 3778 3118 ἀμήο

500 3132 546 3186 si
591 3137 856 3201 tenueris,
906 3140 1113 3207 poteris
1142 3151 1197 3196 et
1234 3142 1348 3213 ipse
1384 3145 1639 3204 inimicos
1683 3150 1946 3223 diligere;
1994 3154 2084 3210 sin

500 3232 683 3280 autem
725 3243 854 3295 non,
884 3230 1033 3285 nulla
1068 3232 1123 3286 id
1152 3234 1363 3290 ratione
1394 3248 1654 3307 praestare
1682 3244 1912 3312 poteris.

571 3318 658 3372 16.
700 3317 898 3390 Ajtque
943 3322 1113 3378 frater
1140 3342 1153 3377 :
1182 3323 1273 3381 Sic
1305 3343 1499 3383 revera
1533 3341 1637 3398 est,
1668 3333 1851 3401 Pater,
1885 3347 1941 3393 et
1970 3354 2081 3395 non

499 3409 680 3473 aliter,
705 3427 770 3467 ac
795 3412 1012 3469 locutus
1036 3429 1097 3470 es
1122 3433 1136 3470 :
1162 3432 1393 3488 eamque
1418 3421 1489 3475 ob
1514 3438 1629 3477 rem
1665 3425 1929 3483 Dominus
1955 3445 2081 3486 cum

498 3518 530 3556 a
554 3502 759 3560 ludatis
788 3506 1098 3563 maledictis
1137 3517 1439 3578 peteretur,
1476 3516 1725 3585 colaphis
1750 3519 2078 3591 caederetur,

497 3599 662 3662 atque
706 3594 810 3649 alia
844 3596 913 3651 ab
945 3597 1028 3653 eis
1064 3607 1369 3669 pateretur,
1408 3605 1733 3674 sustinebat,
1771 3610 2079 3670 miseratio-

496 3683 586 3740 nis
612 3685 811 3740 affcctu
849 3686 903 3742 in
937 3703 1033 3744 eos
1066 3699 1269 3757 motus,
1300 3694 1451 3748 velut
1475 3697 1570 3766 qui
1599 3698 2080 3777 imprudentesJa-

496 3787 685 3833 cercnt
728 3794 791 3834 ac
815 3795 1004 3836 errore
1036 3783 1245 3838 seducti
1293 3797 1497 3846 essent.
1535 3789 1691 3845 Unde
1733 3803 1789 3847 et
1824 3795 1881 3850 in
1912 3813 2078 3855 cruce

496 3868 715 3927 dicebat
748 3890 761 3925 :
794 3872 977 3940 Pater,
1006 3877 1210 3932 dimitte
1235 3878 1342 3934 illis
1361 3921 1375 3945 ,
1406 3883 1532 3952 quia
1569 3887 1803 3942 nesciunt
1839 3891 1967 3959 quid
1991 3893 2075 3962 [a-

494 3961 638 4016 eiunt
675 3964 719 3997 ⁸⁷
756 3982 770 4018 :
816 3964 978 4037 375
1010 3967 1216 4024 diaboli
1265 3980 1449 4027 autem
1497 3983 1553 4029 et
1600 3977 1912 4049 principum
1957 3961 2077 4053 ejus

496 4054 843 4113 vaferrimam
887 4069 1125 4118 mentem
1170 4063 1530 4137 fraudemque
1570 4067 1626 4122 in
1674 4085 1838 4125 cruce
1880 4071 2074 4127 trium-

494 4147 704 4217 phans:
731 4167 831 4221 pro
857 4152 1168 4211 dilectionis
1197 4158 1478 4224 mandato,
1509 4160 1589 4215 uti
1607 4160 1814 4229 dixisti,
1838 4164 1906 4218 ad
1931 4181 2076 4219 mor-

495 4246 605 4293 tem
634 4256 807 4311 usque
832 4244 1097 4301 adversus
1124 4247 1247 4303 illos
1268 4256 1506 4316 certans,
1527 4252 1797 4324 nobisque
1826 4255 2075 4312 tribuens

493 4331 563 4387 de
584 4332 694 4388 illis
715 4335 1020 4401 victoriam,
1037 4354 1102 4393 ac
1127 4341 1320 4398 mortis
1338 4342 1622 4401 destructo
1644 4345 1898 4417 imperio,
1915 4364 2070 4404 suam

2190 3157 2373 3211 χανον.

2262 3317 2359 3383 ις’.
2384 3316 2496 3369 Καὶ
2513 3318 2541 3371 ό
2564 3314 2790 3383 ἀδελφὸς
2812 3312 2984 3369 εἶπεν·
3015 3315 3131 3369 Ἐπ’
3155 3315 3431 3387 ἀληθείας,
3458 3315 3664 3386 Πάτερ,
3684 3318 3775 3371 οῦ-

2186 3427 2296 3473 τως
2317 3409 2433 3463 ἐστὶ
2457 3408 2551 3462 καὶ
2568 3410 2669 3462 οὐκ
2692 3407 2897 3471 ἄλλους’
2926 3408 3019 3461 καὶ
3038 3408 3127 3461 διὰ
3148 3408 3307 3462 τοῦτο
3328 3409 3358 3461 ό
3380 3408 3583 3480 Κύριος
3606 3409 3778 3479 βλασ-

2188 3502 2539 3572 φημούμενος
2563 3501 2659 3555 καὶ
2688 3500 3134 3571 κολαφιζόμενος,
3162 3501 3258 3555 καὶ
3278 3500 3348 3554 τά
3361 3500 3495 3554 ἀλλα
3518 3502 3775 3573 πάσχων,
3852 3536 3862 3543 .

2187 3593 2330 3665 ἆπερ
2360 3591 2561 3646 ἔπαθεν
2609 3591 2714 3644 ὑπὸ
2742 3590 2851 3644 τῶν
2908 3590 3194 3655 Ἰουδαίων,
3233 3592 3503 3662 ἠνείχετο,
3538 3592 3776 3659 ἐκείνοις

2189 3685 2290 3755 μὲν
2324 3685 2664 3755 συμπάσχων
2700 3684 2777 3747 ὡς
2828 3682 3084 3752 ἀγνοοῦσι
3138 3685 3235 3737 καὶ
3284 3684 3728 3757 πεπλανημένοις
3757 3704 3773 3718 ο

2185 3778 2267 3832 διὸ
2295 3779 2388 3831 καὶ
2417 3777 2601 3846 ἔλεγεν
2623 3778 2717 3830 ἐπὶ
2733 3775 2828 3830 τοῦ
2852 3776 3106 3849 σταυροῦ
3129 3776 3343 3847 Πάτερ,
3362 3778 3511 3847 ἄφες
3536 3779 3771 3849 αὐτοῖς,

2182 3872 2264 3926 ὅτι
2296 3872 2397 3925 οῦκ
2430 3844 2529 3942 [ali
2569 3870 2630 3923 ού
2665 3867 2797 3941 γὰρ]
2849 3844 3024 3922 οἴδασι
3074 3871 3129 3922 τί
3155 3844 3367 3923 ποιοῦσι
3390 3844 3417 3900 ’⁷
3431 3869 3524 3922 τοῦ
3556 3844 3613 3923 δὲ
3644 3844 3773 3924 sui;

2183 3963 2339 4018 δόλου
2366 3965 2458 4018 καὶ
2488 3962 2598 4017 τῶν
2623 3961 2900 4032 ἀρχόντων
2930 3959 3099 4013 αὐτοῦ
3122 3958 3465 4032 Θριαμϐεύων
3492 3961 3590 4031 τὴν
3622 3979 3773 4015 παν-

2181 4054 2406 4128 ουργίαν
2432 4055 2525 4109 καὶ
2550 4055 2648 4126 τὴν
2678 4054 2897 4125 ἀπάτην
2926 4054 3019 4107 ἐπὶ
3042 4054 3137 4108 τοῦ
3183 4052 3408 4126 σταυροῦ
3429 4068 3443 4081 ⁸
3475 4053 3615 4125 ὑπὲρ
3653 4053 3783 4124 τ’ἡς⁴

2181 4149 2401 4220 ἐντολῆς
2454 4149 2554 4218 τῆς
2606 4148 2848 4219 ἀγάπης,
2883 4147 3063 4212 καθὼς
3102 4142 3282 4212 εἶπας,
3314 4146 3473 4217 μέχρι
3523 4144 3771 4201 ῦανάτου

2182 4240 2320 4313 πρὸς
2344 4242 2542 4304 αὐτοὺς
2564 4240 2995 4310 ἀγωνισάμενος,
3021 4239 3114 4293 καὶ
3134 4240 3232 4311 τὴν
3255 4239 3375 4294 κατ’
3399 4238 3576 4292 αὐτῶν
3601 4240 3773 4311 νίκην

2180 4333 2311 4404 ἡμῖν
2362 4332 2759 4403 χαρισάμενος·
2798 4332 2893 4384 καὶ
2942 4329 3034 4384 τοῦ
3079 4329 3309 4384 Θανάτου
3361 4329 3676 4394 καταλύσας
3707 4331 3772 4384 τὸ

495 4420 552 4475 in
600 4423 727 4479 vitae
778 4441 979 4483 munus
1025 4433 1486 4490 resurrectionem
1537 4436 1762 4494 donavit
1814 4440 2075 4495 universo

2192 4424 2400 4494 κράτος,
2434 4423 2535 4494 τὴν
2555 4423 2852 4478 ἀνάστασιν
2876 4420 3038 4476 αύτδῦ
3079 4422 3160 4485 είς
3191 4421 3336 4493 ζωὴν
3368 4422 3532 4476 παντὶ
3559 4421 3641 4492 τῷ
3671 4423 3769 4476 κό-

492 4512 719 4568 mundo.
753 4515 954 4571 Verum
991 4534 1086 4574 ora
1117 4536 1217 4591 pro
1239 4538 1347 4588 me,
1379 4525 1563 4592 Pater,
1597 4537 1659 4583 ut
1684 4528 1926 4599 perfecte
1956 4530 2067 4585 Do-

491 4602 625 4658 mini
671 4619 896 4676 scopum
931 4610 1161 4681 ejusque
1197 4616 1572 4684 apbstolorum
1617 4619 1926 4692 intelligere
1973 4639 2070 4679 va-

487 4693 664 4761 leam;
697 4698 1011 4769 possimque
1043 4702 1194 4774 vigili
1225 4720 1289 4761 ac
1317 4707 1506 4763 sobrio
1543 4724 1666 4765 esse
1703 4711 1910 4777 animo,
1943 4729 2069 4770 cum

489 4788 825 4844 tantationes
851 4793 1183 4862 appetierint
1206 4837 1222 4861 ,
1248 4813 1352 4854 nec
1386 4798 1588 4856 diaboli
1613 4801 1843 4873 ejusque
1868 4805 2071 4863 daemo-

486 4891 619 4932 num
652 4882 867 4943 nescire
901 4884 1152 4940 consilia.
1514 4890 1520 4896 ’

563 4969 645 5025 l7.
678 4972 981 5044 Respondit
1003 4992 1171 5033 senex
1198 4996 1212 5032 :
1245 4978 1301 5034 Si
1322 4996 1387 5035 ea
1409 4997 1531 5050 qum
1554 4980 1701 5041 dicta
1730 4994 1859 5042 sunt
1885 4994 2067 5044 tecum

485 5059 671 5116 animo
696 5062 898 5133 jugiter
939 5067 1167 5133 recolas,
1209 5069 1417 5138 poteris
1449 5086 1556 5126 non
1590 5072 1807 5129 nescire
1834 5090 1848 5128 :
1880 5075 1976 5130 sed
2010 5085 2068 5132 et

484 5154 530 5209 si
564 5154 854 5227 intelligas,
898 5173 1006 5227 qua
1038 5159 1154 5230 ipse
1198 5162 1411 5218 ratione
1443 5165 1691 5232 tentaris,
1737 5182 1801 5221 ea
1844 5184 2066 5240 quoque

485 5247 685 5301 tentari
732 5248 955 5304 fratrem
1000 5259 1190 5319 tuum;
1224 5261 1389 5324 atque
1432 5255 1484 5309 ei
1521 5256 1743 5326 quidem
1792 5260 2066 5330 ignoscas,

484 5337 578 5421 qui
621 5346 866 5395 tentetur
892 5358 907 5395 :
933 5345 1190 5399 tentatori
1219 5355 1425 5412 autem,
1449 5348 1543 5418 qui
1579 5348 1634 5404 in
1668 5351 1788 5420 ejus
1817 5352 1912 5422 qui
1942 5361 2067 5408 ten-

2182 4534 2304 4586 σμῳ
2336 4515 2832 4587 ὲδωρήσατο.⁹Αλλ’
2870 4513 3029 4586 εὔχου
3057 4514 3199 4586 ὑπὲρ
3236 4513 3397 4584 ἐμοῦ,
3430 4514 3635 4585 Πάτερ,
3675 4512 3766 4567 ἵνα

2171 4603 2389 4667 τελεῑως
2420 4602 2689 4671 ὲξισχύσω
2741 4604 2945 4674 γνῶναι
2994 4605 3089 4657 τὸν
3128 4603 3333 4656 σκοπὸν
3381 4602 3476 4657 τοῦ
3516 4603 3758 4674 Κυρίου,

2171 4698 2265 4750 καὶ
2315 4696 2425 4750 τῶν
2469 4695 2779 4751 ἀποστόλων
2840 4696 3043 4750 αὐτοῦ’
3075 4696 3172 4750 καὶ
3214 4695 3432 4767 δυνηθῶ
3466 4697 3663 4766 νήφειν
3701 4699 3761 4751 ἐν

2168 4793 2280 4854 τοῖς
2304 4791 2517 4860 καιροῖς
2541 4788 2650 4842 τῶν
2684 4788 3029 4861 πειρασμῶν,
3062 4788 3158 4842 καὶ
3187 4787 3262 4859 μὴ
3292 4789 3511 4857 ἀγνοεῖν
3540 4789 3606 4843 τὰ
3630 4792 3759 4861 νοή-

2173 4898 2320 4952 ματα
2348 4879 2444 4934 τοῦ
2473 4879 2725 4933 διαϐόλου
2760 4879 2857 4933 καὶ
2886 4878 2993 4933 τῶν
3021 4879 3296 4951 δαιμόνων
3328 4880 3517 4934 αὑτοῦ.

2242 4988 2327 5053 ιζ’.
2358 4986 2469 5039 Καὶ
2488 4988 2517 5040 ὁ
2539 4987 2720 5059 γέρων
2743 4985 3084 5057 ἀποκριθεὶς,
3116 4980 3291 5038 εἶπεν·
3330 4984 3456 5038 Ἐὰν
3477 4987 3585 5038 τῶν
3614 5002 3754 5055 προ-

2168 5075 2472 5148 ειρημένων
2497 5076 2641 5148 ἔχεις
2667 5077 2756 5131 ἀεὶ
2777 5078 2878 5147 τὴν
2897 5076 3148 5148 μελέτην,
3166 5075 3393 5130 δύνασαι
3414 5078 3488 5147 μὴ
3512 5077 3746 5144 ἀγνοεῖν.

2176 5167 2339 5221 Ἀλλὰ
2371 5169 2468 5222 καὶ⁵
2493 5169 2589 5222 ἐὰν
2622 5170 2832 5239 συνιῇς,
2865 5168 2948 5221 ὅτι
2974 5167 3163 5239 ὥσπερ
3191 5166 3256 5219 σὺ
3286 5166 3542 5237 πειράζῃ,
3572 5162 3747 5227 οὕτως

2163 5261 2259 5313 καὶ
2287 5261 2315 5313 ὁ
2343 5259 2570 5328 ἀδελφός
2604 5276 2699 5313 σου
2723 5256 3078 5331 πειράζεται·
3117 5260 3210 5313 καὶ
3243 5257 3321 5329 τῷ
3366 5257 3465 5329 μὲν
3490 5252 3745 5321 πειραζο-

2166 5354 2312 5424 μένῳ
2343 5353 2766 5423 συγγινώσκεις,
2802 5352 2882 5421 τῷ
2913 5351 2971 5405 δὲ
3001 5352 3317 5423 πειράζοντι
3345 5348 3544 5404 (θέλοντί
3570 5362 3629 5398 σε
3659 5346 3750 5413 εις

488 5434 635 5484 tatur
677 5432 863 5487 odium
895 5434 1203 5504 propellere
1246 5439 1384 5505 vult,
1425 5441 1667 5505 resistas,
1709 5459 1814 5497 nec
1844 5427 2072 5499 fraudu-

2192 5448 2321 5507 ιῖσος
2349 5446 2576 5515 ἀγαγεῖν
2617 5444 2713 5498 τοῦ
2752 5442 3155 5514 πειραζομένου
3210 5444 3487 5512 ἀντιστῇς,
3524 5436 3594 5510 μὴ
3630 5437 3750 5491 ῦπ-

485 5518 637 5577 lento
675 5525 797 5596 ejus
822 5527 1055 5583 consilio
1097 5545 1306 5587 morem
1342 5532 1578 5603 gesseris
1640 5533 1753 5590 lIoc
1794 5537 1941 5603 enim
1982 5544 2068 5592 est

2192 5536 2377 5591 ικούων
2429 5536 2597 5593 αὐτοῦ
2647 5537 2727 5609 τῷ
2769 5540 3145 5611 μηχανήματι.
3182 5536 3298 5592 Καὶ
3336 5533 3490 5588 τοῦτό
3532 5532 3693 5587 ἐστιν
3719 5529 3756 5584 ὃ

559 5697 602 5729 ³³³
636 5698 655 5754 l
686 5700 810 5755 Cor.
847 5718 919 5772 tv,
960 5704 1041 5771 1‘2,
1080 5706 1160 5760 15.
1250 5710 1291 5740 ³⁸³
1329 5709 1486 5763 Rom.
1534 5727 1622 5776 xu,
1655 5710 1741 5765 2|.
1826 5713 1866 5744 ³⁷
1898 5713 2027 5769 Luc.
2064 5730 2209 5781 xxnt,
2242 5714 2329 5770 54.
