  <div class='ocr_page' id='page_1' title='image "/cluster/home/n/w/nwhite01/storage/ocr_20150623/90/hvd.32044073502197/468.png"; bbox 0 0 4134 6192; ppageno 0'>
   <div class='ocr_carea' id='block_1_1' title="bbox 284 306 396 372">
    <p class='ocr_par' dir='ltr' id='par_1_1' title="bbox 284 306 396 372">
     <span class='ocr_line' id='line_1_1' title="bbox 284 306 396 372; baseline -0.018 1"><span class='ocrx_word' id='word_1_1' title='bbox 284 306 396 372; x_wconf 72' lang='grc'><strong>925</strong></span> 
     </span>
    </p>
   </div>
   <div class='ocr_carea' id='block_1_2' title="bbox 1576 310 2281 379">
    <p class='ocr_par' dir='ltr' id='par_1_2' title="bbox 1576 310 2281 379">
     <span class='ocr_line' id='line_1_2' title="bbox 1576 310 2281 379; baseline 0.006 -6"><span class='ocrx_word' id='word_1_2' title='bbox 1576 311 1810 373; x_wconf 82' lang='lat' dir='ltr'><strong>LIBER</strong></span> <span class='ocrx_word' id='word_1_3' title='bbox 1846 310 2281 379; x_wconf 87' lang='lat' dir='ltr'><strong>ASCETICUS.</strong></span> 
     </span>
    </p>
   </div>
   <div class='ocr_carea' id='block_1_3' title="bbox 3461 319 3568 383">
    <p class='ocr_par' dir='ltr' id='par_1_3' title="bbox 3461 319 3568 383">
     <span class='ocr_line' id='line_1_3' title="bbox 3461 319 3568 383; baseline 0.019 -2"><span class='ocrx_word' id='word_1_4' title='bbox 3461 319 3568 383; x_wconf 71' lang='lat'><strong>926</strong></span> 
     </span>
    </p>
   </div>
   <div class='ocr_carea' id='block_1_4' title="bbox 274 418 1883 501">
    <p class='ocr_par' dir='ltr' id='par_1_4' title="bbox 274 418 1861 492">
     <span class='ocr_line' id='line_1_4' title="bbox 274 418 1861 492; baseline 0.001 -14"><span class='ocrx_word' id='word_1_5' title='bbox 274 422 426 491; x_wconf 81' lang='grc' dir='ltr'>λέγει</span> <span class='ocrx_word' id='word_1_6' title='bbox 472 421 501 475; x_wconf 98' lang='lat'><strong>6</strong></span> <span class='ocrx_word' id='word_1_7' title='bbox 542 418 863 490; x_wconf 75' lang='grc' dir='ltr'>ἀδελφόθεος</span> <span class='ocrx_word' id='word_1_8' title='bbox 926 419 1182 487; x_wconf 78' lang='grc' dir='ltr'>Ἰάκωϐος</span> <span class='ocrx_word' id='word_1_9' title='bbox 1223 422 1282 479; x_wconf 79' lang='grc' dir='ltr'>ἐν</span> <span class='ocrx_word' id='word_1_10' title='bbox 1338 425 1459 489; x_wconf 85' lang='grc' dir='ltr'>ταῖς</span> <span class='ocrx_word' id='word_1_11' title='bbox 1492 425 1861 492; x_wconf 78' lang='grc' dir='ltr'>Καθολικαίς·</span> 
     </span>
    </p>
   </div>
   <div class='ocr_carea' id='block_1_5' title="bbox 1981 418 3563 501">
    <p class='ocr_par' dir='ltr' id='par_1_5' title="bbox 1981 425 3563 501">
     <span class='ocr_line' id='line_1_5' title="bbox 1981 425 3563 501; baseline -0.001 -17"><span class='ocrx_word' id='word_1_12' title='bbox 1981 429 2116 501; x_wconf 74' lang='grc' dir='ltr'><strong>μιοά</strong></span> <span class='ocrx_word' id='word_1_13' title='bbox 2149 429 2388 487; x_wconf 75' lang='lat' dir='ltr'><strong>Iacobus</strong></span> <span class='ocrx_word' id='word_1_14' title='bbox 2411 430 2510 486; x_wconf 81' lang='lat' dir='ltr'><strong>Dei</strong></span> <span class='ocrx_word' id='word_1_15' title='bbox 2551 428 2722 485; x_wconf 86' lang='lat' dir='ltr'><strong>frater</strong></span> <span class='ocrx_word' id='word_1_16' title='bbox 2754 427 2831 484; x_wconf 90' lang='lat' dir='ltr'><strong>ait</strong></span> <span class='ocrx_word' id='word_1_17' title='bbox 2866 428 2923 482; x_wconf 92' lang='lat' dir='ltr'><strong>in</strong></span> <span class='ocrx_word' id='word_1_18' title='bbox 2957 425 3260 483; x_wconf 87' lang='lat' dir='ltr'><strong>Catholieis</strong></span> <span class='ocrx_word' id='word_1_19' title='bbox 3301 442 3317 483; x_wconf 89' lang='lat'>:</span> <span class='ocrx_word' id='word_1_20' title='bbox 3356 425 3563 483; x_wconf 85' lang='lat' dir='ltr'><strong>Subditi</strong></span> 
     </span>
    </p>
   </div>
   <div class='ocr_carea' id='block_1_6' title="bbox 288 511 1861 587">
    <p class='ocr_par' dir='ltr' id='par_1_6' title="bbox 288 511 1861 587">
     <span class='ocr_line' id='line_1_6' title="bbox 288 511 1861 587; baseline 0.003 -19"><span class='ocrx_word' id='word_1_21' title='bbox 288 512 661 583; x_wconf 74' lang='grc' dir='ltr'>’Υποτάτητε</span> <span class='ocrx_word' id='word_1_22' title='bbox 711 511 793 578; x_wconf 85' lang='grc' dir='ltr'>τῷ</span> <span class='ocrx_word' id='word_1_23' title='bbox 838 512 987 578; x_wconf 82' lang='grc' dir='ltr'>Θεῷ·</span> <span class='ocrx_word' id='word_1_24' title='bbox 1016 514 1340 581; x_wconf 80' lang='grc' dir='ltr'><em>ἀντίστητε</em></span> <span class='ocrx_word' id='word_1_25' title='bbox 1362 516 1430 571; x_wconf 77' lang='grc' dir='ltr'>δὲ</span> <span class='ocrx_word' id='word_1_26' title='bbox 1464 516 1547 584; x_wconf 83' lang='grc' dir='ltr'>τῷ</span> <span class='ocrx_word' id='word_1_27' title='bbox 1582 518 1861 587; x_wconf 78' lang='grc' dir='ltr'>διαϐόλῳ,</span> 
     </span>
    </p>
   </div>
   <div class='ocr_carea' id='block_1_7' title="bbox 275 603 1865 681">
    <p class='ocr_par' dir='ltr' id='par_1_7' title="bbox 275 603 1865 681">
     <span class='ocr_line' id='line_1_7' title="bbox 275 603 1865 681; baseline 0.001 -19"><span class='ocrx_word' id='word_1_28' title='bbox 275 606 374 662; x_wconf 80' lang='grc' dir='ltr'><strong>καί</strong></span> <span class='ocrx_word' id='word_1_29' title='bbox 404 605 687 677; x_wconf 73' lang='grc' dir='ltr'>φεύξεται</span> <span class='ocrx_word' id='word_1_30' title='bbox 715 605 815 675; x_wconf 69' lang='grc' dir='ltr'><strong>ἀφ’</strong></span> <span class='ocrx_word' id='word_1_31' title='bbox 839 605 1027 675; x_wconf 79' lang='grc' dir='ltr'>ὑμῶν.</span> <span class='ocrx_word' id='word_1_32' title='bbox 1070 606 1197 662; x_wconf 79' lang='grc' dir='ltr'>Ἐάν</span> <span class='ocrx_word' id='word_1_33' title='bbox 1231 603 1338 672; x_wconf 67' lang='grc' dir='ltr'>λῦν,</span> <span class='ocrx_word' id='word_1_34' title='bbox 1364 608 1439 673; x_wconf 81' lang='grc' dir='ltr'>ὡς</span> <span class='ocrx_word' id='word_1_35' title='bbox 1462 608 1696 681; x_wconf 74' lang='grc' dir='ltr'>εἴρηται,</span> <span class='ocrx_word' id='word_1_36' title='bbox 1723 609 1865 680; x_wconf 82' lang='grc' dir='ltr'><strong>ἔχεις</strong></span> 
     </span>
    </p>
   </div>
   <div class='ocr_carea' id='block_1_8' title="bbox 274 697 1866 772">
    <p class='ocr_par' dir='ltr' id='par_1_8' title="bbox 274 697 1866 772">
     <span class='ocr_line' id='line_1_8' title="bbox 274 697 1866 772; baseline 0.001 -19"><span class='ocrx_word' id='word_1_37' title='bbox 274 698 558 771; x_wconf 81' lang='grc' dir='ltr'>νηφόντως</span> <span class='ocrx_word' id='word_1_38' title='bbox 585 697 685 770; x_wconf 79' lang='grc' dir='ltr'>τὴν</span> <span class='ocrx_word' id='word_1_39' title='bbox 708 697 817 750; x_wconf 84' lang='grc' dir='ltr'>τῶν</span> <span class='ocrx_word' id='word_1_40' title='bbox 849 706 1266 771; x_wconf 81' lang='grc' dir='ltr'><strong>προειρημένων</strong></span> <span class='ocrx_word' id='word_1_41' title='bbox 1305 700 1668 765; x_wconf 78' lang='grc' dir='ltr'><strong>ἀδιαλείπτως</strong></span> <span class='ocrx_word' id='word_1_42' title='bbox 1706 702 1866 772; x_wconf 83' lang='grc' dir='ltr'>μελέ-</span> 
     </span>
    </p>
   </div>
   <div class='ocr_carea' id='block_1_9' title="bbox 275 788 1866 862">
    <p class='ocr_par' dir='ltr' id='par_1_9' title="bbox 275 788 1866 862">
     <span class='ocr_line' id='line_1_9' title="bbox 275 788 1866 862; baseline 0.004 -22"><span class='ocrx_word' id='word_1_43' title='bbox 275 807 399 861; x_wconf 82' lang='grc' dir='ltr'>την,</span> <span class='ocrx_word' id='word_1_44' title='bbox 425 789 651 844; x_wconf 80' lang='grc' dir='ltr'>δύνασαι</span> <span class='ocrx_word' id='word_1_45' title='bbox 682 788 884 857; x_wconf 81' lang='grc' dir='ltr'>γνῶναι</span> <span class='ocrx_word' id='word_1_46' title='bbox 911 788 1002 843; x_wconf 83' lang='grc' dir='ltr'><strong>τὸν</strong></span> <span class='ocrx_word' id='word_1_47' title='bbox 1026 789 1228 843; x_wconf 77' lang='grc' dir='ltr'>σκοπὸν</span> <span class='ocrx_word' id='word_1_48' title='bbox 1246 789 1342 843; x_wconf 88' lang='grc' dir='ltr'><strong>τοῦ</strong></span> <span class='ocrx_word' id='word_1_49' title='bbox 1378 791 1610 862; x_wconf 81' lang='grc' dir='ltr'><strong>Κυρίου,</strong></span> <span class='ocrx_word' id='word_1_50' title='bbox 1643 792 1738 844; x_wconf 60' lang='grc' dir='ltr'><strong>καὶ⁸</strong></span> <span class='ocrx_word' id='word_1_51' title='bbox 1756 791 1866 846; x_wconf 83' lang='grc' dir='ltr'><strong>τῶν</strong></span> 
     </span>
    </p>
   </div>
   <div class='ocr_carea' id='block_1_10' title="bbox 277 880 1862 954">
    <p class='ocr_par' dir='ltr' id='par_1_10' title="bbox 277 880 1862 954">
     <span class='ocr_line' id='line_1_10' title="bbox 277 880 1862 954; baseline -0.002 -15"><span class='ocrx_word' id='word_1_52' title='bbox 277 882 596 940; x_wconf 70' lang='grc' dir='ltr'><strong>ἀποστόλων</strong></span> <span class='ocrx_word' id='word_1_53' title='bbox 616 881 781 935; x_wconf 83' lang='grc' dir='ltr'>αὐτοῦ</span> <span class='ocrx_word' id='word_1_54' title='bbox 803 897 815 911; x_wconf 95' lang='grc'><strong>·</strong></span> <span class='ocrx_word' id='word_1_55' title='bbox 847 880 941 934; x_wconf 72' lang='grc' dir='ltr'><strong>καὶ</strong></span> <span class='ocrx_word' id='word_1_56' title='bbox 969 881 1096 945; x_wconf 83' lang='grc' dir='ltr'>τοὺς</span> <span class='ocrx_word' id='word_1_57' title='bbox 1128 880 1226 952; x_wconf 81' lang='grc' dir='ltr'>μὲν</span> <span class='ocrx_word' id='word_1_58' title='bbox 1265 880 1592 953; x_wconf 80' lang='grc' dir='ltr'><strong>ἀνθρώπους</strong></span> <span class='ocrx_word' id='word_1_59' title='bbox 1619 882 1862 954; x_wconf 82' lang='grc' dir='ltr'>ἀγαπᾷν,</span> 
     </span>
    </p>
   </div>
   <div class='ocr_carea' id='block_1_11' title="bbox 279 973 1867 1046">
    <p class='ocr_par' dir='ltr' id='par_1_11' title="bbox 279 973 1867 1046">
     <span class='ocr_line' id='line_1_11' title="bbox 279 973 1867 1046; baseline -0.001 -17"><span class='ocrx_word' id='word_1_60' title='bbox 279 975 377 1029; x_wconf 73' lang='grc' dir='ltr'><strong>καὶ</strong></span> <span class='ocrx_word' id='word_1_61' title='bbox 410 975 756 1045; x_wconf 81' lang='grc' dir='ltr'><strong>συμπάσχειν</strong></span> <span class='ocrx_word' id='word_1_62' title='bbox 811 974 996 1038; x_wconf 80' lang='grc' dir='ltr'>αὐτοῖς</span> <span class='ocrx_word' id='word_1_63' title='bbox 1026 973 1316 1027; x_wconf 85' lang='grc' dir='ltr'>πταίουσι·</span> <span class='ocrx_word' id='word_1_64' title='bbox 1360 974 1473 1038; x_wconf 88' lang='grc' dir='ltr'>τοῖς</span> <span class='ocrx_word' id='word_1_65' title='bbox 1502 974 1559 1028; x_wconf 76' lang='grc' dir='ltr'>δὲ</span> <span class='ocrx_word' id='word_1_66' title='bbox 1607 978 1867 1046; x_wconf 83' lang='grc' dir='ltr'>πονηροῖς</span> 
     </span>
    </p>
   </div>
   <div class='ocr_carea' id='block_1_12' title="bbox 277 1064 1867 1138">
    <p class='ocr_par' dir='ltr' id='par_1_12' title="bbox 277 1064 1867 1138">
     <span class='ocr_line' id='line_1_12' title="bbox 277 1064 1867 1138; baseline 0 -17"><span class='ocrx_word' id='word_1_67' title='bbox 277 1069 530 1138; x_wconf 84' lang='grc' dir='ltr'><strong>δαίμοσιν</strong></span> <span class='ocrx_word' id='word_1_68' title='bbox 553 1066 917 1129; x_wconf 79' lang='grc' dir='ltr'><strong>ἀδιαλείπτως</strong></span> <span class='ocrx_word' id='word_1_69' title='bbox 945 1064 1033 1119; x_wconf 74' lang='grc' dir='ltr'>διὰ</span> <span class='ocrx_word' id='word_1_70' title='bbox 1056 1066 1154 1137; x_wconf 84' lang='grc' dir='ltr'>τῆς</span> <span class='ocrx_word' id='word_1_71' title='bbox 1179 1065 1402 1137; x_wconf 78' lang='grc' dir='ltr'><strong>ἀγάπης</strong></span> <span class='ocrx_word' id='word_1_72' title='bbox 1425 1066 1701 1138; x_wconf 82' lang='grc' dir='ltr'>πολεμεῖν.</span> <span class='ocrx_word' id='word_1_73' title='bbox 1724 1066 1787 1120; x_wconf 81' lang='lat' dir='ltr'><strong>El</strong></span> <span class='ocrx_word' id='word_1_74' title='bbox 1807 1067 1867 1121; x_wconf 83' lang='grc' dir='ltr'>δὲ</span> 
     </span>
    </p>
   </div>
   <div class='ocr_carea' id='block_1_13' title="bbox 280 1157 1866 1232">
    <p class='ocr_par' dir='ltr' id='par_1_13' title="bbox 280 1157 1866 1232">
     <span class='ocr_line' id='line_1_13' title="bbox 280 1157 1866 1232; baseline 0 -19"><span class='ocrx_word' id='word_1_75' title='bbox 280 1160 448 1230; x_wconf 75' lang='grc' dir='ltr'>ἐσμὲν</span> <span class='ocrx_word' id='word_1_76' title='bbox 471 1157 661 1231; x_wconf 87' lang='grc' dir='ltr'>χαῦνοι</span> <span class='ocrx_word' id='word_1_77' title='bbox 690 1158 785 1211; x_wconf 76' lang='grc' dir='ltr'>καὶ</span> <span class='ocrx_word' id='word_1_78' title='bbox 808 1157 1031 1229; x_wconf 80' lang='grc' dir='ltr'>ἀμελεῖς</span> <span class='ocrx_word' id='word_1_79' title='bbox 1057 1159 1150 1211; x_wconf 67' lang='grc' dir='ltr'><strong>καὶ</strong></span> <span class='ocrx_word' id='word_1_80' title='bbox 1178 1158 1433 1232; x_wconf 80' lang='grc' dir='ltr'>ρᾴθυμοι,</span> <span class='ocrx_word' id='word_1_81' title='bbox 1462 1160 1706 1230; x_wconf 76' lang='grc' dir='ltr'>καὶ,ταῖς</span> <span class='ocrx_word' id='word_1_82' title='bbox 1734 1178 1866 1232; x_wconf 86' lang='grc' dir='ltr'>σαρ-</span> 
     </span>
    </p>
   </div>
   <div class='ocr_carea' id='block_1_14' title="bbox 281 1249 1867 1322">
    <p class='ocr_par' dir='ltr' id='par_1_14' title="bbox 281 1249 1867 1322">
     <span class='ocr_line' id='line_1_14' title="bbox 281 1249 1867 1322; baseline 0.001 -18"><span class='ocrx_word' id='word_1_83' title='bbox 281 1253 467 1315; x_wconf 81' lang='grc' dir='ltr'>κικαῖς</span> <span class='ocrx_word' id='word_1_84' title='bbox 492 1250 710 1319; x_wconf 81' lang='grc' dir='ltr'>ἡδοναῖς</span> <span class='ocrx_word' id='word_1_85' title='bbox 742 1251 833 1302; x_wconf 78' lang='grc' dir='ltr'><strong>τὸν</strong></span> <span class='ocrx_word' id='word_1_86' title='bbox 866 1250 1126 1319; x_wconf 81' lang='grc' dir='ltr'>λογισμὸν</span> <span class='ocrx_word' id='word_1_87' title='bbox 1169 1249 1492 1322; x_wconf 81' lang='grc' dir='ltr'>ὲμφύρομεν</span> <span class='ocrx_word' id='word_1_88' title='bbox 1514 1291 1530 1315; x_wconf 89' lang='grc'><strong>,</strong></span> <span class='ocrx_word' id='word_1_89' title='bbox 1580 1252 1703 1322; x_wconf 71' lang='grc' dir='ltr'>οὐχὶ</span> <span class='ocrx_word' id='word_1_90' title='bbox 1740 1253 1867 1316; x_wconf 81' lang='grc' dir='ltr'>τοὺς</span> 
     </span>
    </p>
   </div>
   <div class='ocr_carea' id='block_1_15' title="bbox 277 1342 1869 1415">
    <p class='ocr_par' dir='ltr' id='par_1_15' title="bbox 277 1342 1869 1415">
     <span class='ocr_line' id='line_1_15' title="bbox 277 1342 1869 1415; baseline 0 -17"><span class='ocrx_word' id='word_1_91' title='bbox 277 1345 562 1415; x_wconf 87' lang='grc' dir='ltr'>δαίμονας,</span> <span class='ocrx_word' id='word_1_92' title='bbox 584 1343 699 1400; x_wconf 80' lang='grc' dir='ltr'>ἀλλ’</span> <span class='ocrx_word' id='word_1_93' title='bbox 726 1343 955 1407; x_wconf 76' lang='grc' dir='ltr'>ἑαυτοὺς</span> <span class='ocrx_word' id='word_1_94' title='bbox 997 1342 1092 1396; x_wconf 76' lang='grc' dir='ltr'>καὶ</span> <span class='ocrx_word' id='word_1_95' title='bbox 1134 1343 1261 1406; x_wconf 81' lang='grc' dir='ltr'>τοὺς</span> <span class='ocrx_word' id='word_1_96' title='bbox 1298 1342 1563 1412; x_wconf 69' lang='grc' dir='ltr'>ἀδελφοὺς</span> <span class='ocrx_word' id='word_1_97' title='bbox 1599 1343 1869 1415; x_wconf 84' lang='grc' dir='ltr'>πολεμοῦ-</span> 
     </span>
    </p>
   </div>
   <div class='ocr_carea' id='block_1_16' title="bbox 283 1434 1869 1507">
    <p class='ocr_par' dir='ltr' id='par_1_16' title="bbox 283 1434 1869 1507">
     <span class='ocr_line' id='line_1_16' title="bbox 283 1434 1869 1507; baseline 0.001 -18"><span class='ocrx_word' id='word_1_98' title='bbox 283 1450 422 1507; x_wconf 86' lang='grc' dir='ltr'>μεν·</span> <span class='ocrx_word' id='word_1_99' title='bbox 475 1436 604 1500; x_wconf 81' lang='grc' dir='ltr'>τοὺς</span> <span class='ocrx_word' id='word_1_100' title='bbox 632 1435 687 1489; x_wconf 80' lang='grc' dir='ltr'>δὲ</span> <span class='ocrx_word' id='word_1_101' title='bbox 727 1434 989 1505; x_wconf 80' lang='grc' dir='ltr'>δαίμονας</span> <span class='ocrx_word' id='word_1_102' title='bbox 1030 1435 1232 1506; x_wconf 84' lang='grc' dir='ltr'>μᾶλλον</span> <span class='ocrx_word' id='word_1_103' title='bbox 1261 1434 1329 1489; x_wconf 83' lang='grc' dir='ltr'>δι’</span> <span class='ocrx_word' id='word_1_104' title='bbox 1351 1434 1531 1490; x_wconf 82' lang='grc' dir='ltr'>αὐτῶν</span> <span class='ocrx_word' id='word_1_105' title='bbox 1570 1435 1869 1507; x_wconf 85' lang='grc' dir='ltr'>θεραπεύο-</span> 
     </span>
    </p>
   </div>
   <div class='ocr_carea' id='block_1_17' title="bbox 285 1528 1625 1608">
    <p class='ocr_par' dir='ltr' id='par_1_17' title="bbox 285 1528 1625 1608">
     <span class='ocr_line' id='line_1_17' title="bbox 285 1528 1625 1608; baseline -0.001 -24"><span class='ocrx_word' id='word_1_106' title='bbox 285 1547 409 1600; x_wconf 87' lang='grc' dir='ltr'>μεν,</span> <span class='ocrx_word' id='word_1_107' title='bbox 440 1528 579 1600; x_wconf 80' lang='grc' dir='ltr'>ὑπὲρ</span> <span class='ocrx_word' id='word_1_108' title='bbox 611 1529 791 1582; x_wconf 83' lang='grc' dir='ltr'>αὐτῶν</span> <span class='ocrx_word' id='word_1_109' title='bbox 818 1531 932 1592; x_wconf 91' lang='grc' dir='ltr'>τοῖς</span> <span class='ocrx_word' id='word_1_110' title='bbox 960 1528 1270 1608; x_wconf 80' lang='grc' dir='ltr'>ἀνθρώποις</span> <span class='ocrx_word' id='word_1_111' title='bbox 1302 1528 1625 1601; x_wconf 84' lang='grc' dir='ltr'>μαχόμενοι.</span> 
     </span>
    </p>
   </div>
   <div class='ocr_carea' id='block_1_18' title="bbox 359 1616 1867 1695">
    <p class='ocr_par' dir='ltr' id='par_1_18' title="bbox 359 1616 1867 1695">
     <span class='ocr_line' id='line_1_18' title="bbox 359 1616 1867 1695; baseline -0.001 -19"><span class='ocrx_word' id='word_1_112' title='bbox 359 1629 448 1694; x_wconf 84' lang='grc' dir='ltr'>ιη’.</span> <span class='ocrx_word' id='word_1_113' title='bbox 476 1622 584 1676; x_wconf 76' lang='grc' dir='ltr'>Καὶ</span> <span class='ocrx_word' id='word_1_114' title='bbox 604 1624 632 1675; x_wconf 97' lang='lat'><strong>6</strong></span> <span class='ocrx_word' id='word_1_115' title='bbox 663 1620 889 1692; x_wconf 67' lang='grc' dir='ltr'>ἀδελφὸς</span> <span class='ocrx_word' id='word_1_116' title='bbox 917 1616 1073 1677; x_wconf 76' lang='grc' dir='ltr'>εἷπεν</span> <span class='ocrx_word' id='word_1_117' title='bbox 1097 1638 1113 1653; x_wconf 91' lang='grc'><strong>·</strong></span> <span class='ocrx_word' id='word_1_118' title='bbox 1149 1620 1337 1687; x_wconf 87' lang='grc' dir='ltr'>Οῦτως</span> <span class='ocrx_word' id='word_1_119' title='bbox 1363 1622 1501 1692; x_wconf 82' lang='grc' dir='ltr'>ἔχει,</span> <span class='ocrx_word' id='word_1_120' title='bbox 1524 1622 1710 1695; x_wconf 86' lang='grc' dir='ltr'>Πάτερ</span> <span class='ocrx_word' id='word_1_121' title='bbox 1735 1638 1751 1656; x_wconf 89' lang='grc'><strong>·</strong></span> <span class='ocrx_word' id='word_1_122' title='bbox 1772 1623 1867 1678; x_wconf 82' lang='grc' dir='ltr'>καὶ</span> 
     </span>
    </p>
   </div>
   <div class='ocr_carea' id='block_1_19' title="bbox 1969 519 3566 590">
    <p class='ocr_par' dir='ltr' id='par_1_19' title="bbox 1969 519 3566 590">
     <span class='ocr_line' id='line_1_19' title="bbox 1969 519 3566 590; baseline -0.001 -15"><span class='ocrx_word' id='word_1_123' title='bbox 1969 529 2131 575; x_wconf 81' lang='lat' dir='ltr'><strong>estote</strong></span> <span class='ocrx_word' id='word_1_124' title='bbox 2153 521 2260 576; x_wconf 89' lang='lat' dir='ltr'><strong>Deo</strong></span> <span class='ocrx_word' id='word_1_125' title='bbox 2278 539 2296 587; x_wconf 88' lang='lat'><strong>;</strong></span> <span class='ocrx_word' id='word_1_126' title='bbox 2316 522 2542 576; x_wconf 73' lang='lat' dir='ltr'><strong>resistite</strong></span> <span class='ocrx_word' id='word_1_127' title='bbox 2566 530 2745 576; x_wconf 87' lang='lat' dir='ltr'><strong>autem</strong></span> <span class='ocrx_word' id='word_1_128' title='bbox 2768 519 2999 586; x_wconf 80' lang='lat' dir='ltr'><strong>diabolo,</strong></span> <span class='ocrx_word' id='word_1_129' title='bbox 3027 527 3076 574; x_wconf 90' lang='lat' dir='ltr'><strong>et</strong></span> <span class='ocrx_word' id='word_1_130' title='bbox 3102 520 3266 590; x_wconf 78' lang='lat' dir='ltr'><strong>fugiet</strong></span> <span class='ocrx_word' id='word_1_131' title='bbox 3287 537 3318 573; x_wconf 89' lang='lat' dir='ltr'><strong>a</strong></span> <span class='ocrx_word' id='word_1_132' title='bbox 3340 520 3479 574; x_wconf 83' lang='lat' dir='ltr'><strong>vobis</strong></span> <span class='ocrx_word' id='word_1_133' title='bbox 3502 520 3566 556; x_wconf 79' lang='lat'><strong>&quot;&#39;-</strong></span> 
     </span>
    </p>
   </div>
   <div class='ocr_carea' id='block_1_20' title="bbox 1971 611 3569 685">
    <p class='ocr_par' dir='ltr' id='par_1_20' title="bbox 1971 611 3569 685">
     <span class='ocr_line' id='line_1_20' title="bbox 1971 611 3569 685; baseline -0.001 -16"><span class='ocrx_word' id='word_1_134' title='bbox 1971 611 2256 684; x_wconf 90' lang='lat' dir='ltr'><strong>Siquidem</strong></span> <span class='ocrx_word' id='word_1_135' title='bbox 2285 613 2474 685; x_wconf 88' lang='lat' dir='ltr'><strong>igitur,</strong></span> <span class='ocrx_word' id='word_1_136' title='bbox 2511 613 2591 668; x_wconf 92' lang='lat' dir='ltr'><strong>uti</strong></span> <span class='ocrx_word' id='word_1_137' title='bbox 2635 614 2845 669; x_wconf 86' lang='lat' dir='ltr'><strong>dictum</strong></span> <span class='ocrx_word' id='word_1_138' title='bbox 2878 620 2982 679; x_wconf 91' lang='lat' dir='ltr'><strong>est,</strong></span> <span class='ocrx_word' id='word_1_139' title='bbox 3014 628 3206 668; x_wconf 86' lang='lat' dir='ltr'><strong>eorum</strong></span> <span class='ocrx_word' id='word_1_140' title='bbox 3254 628 3377 681; x_wconf 66' lang='lat' dir='ltr'><strong>qua:</strong></span> <span class='ocrx_word' id='word_1_141' title='bbox 3420 611 3569 667; x_wconf 89' lang='lat' dir='ltr'><strong>dicta</strong></span> 
     </span>
    </p>
   </div>
   <div class='ocr_carea' id='block_1_21' title="bbox 1970 692 3572 778">
    <p class='ocr_par' dir='ltr' id='par_1_21' title="bbox 1970 692 3572 778">
     <span class='ocr_line' id='line_1_21' title="bbox 1970 692 3572 778; baseline -0.002 -16"><span class='ocrx_word' id='word_1_142' title='bbox 1970 714 2101 762; x_wconf 88' lang='lat' dir='ltr'><strong>sunt</strong></span> <span class='ocrx_word' id='word_1_143' title='bbox 2128 692 2451 762; x_wconf 79' lang='lat' dir='ltr'><strong>memoriam</strong></span> <span class='ocrx_word' id='word_1_144' title='bbox 2480 707 2734 778; x_wconf 79' lang='lat' dir='ltr'><strong>pervigili</strong></span> <span class='ocrx_word' id='word_1_145' title='bbox 2767 707 2951 761; x_wconf 89' lang='lat' dir='ltr'><strong>animo</strong></span> <span class='ocrx_word' id='word_1_146' title='bbox 2977 707 3167 778; x_wconf 85' lang='lat' dir='ltr'><strong>ju&#39;gem</strong></span> <span class='ocrx_word' id='word_1_147' title='bbox 3196 714 3378 759; x_wconf 82' lang='lat' dir='ltr'><strong>tecum</strong></span> <span class='ocrx_word' id='word_1_148' title='bbox 3421 705 3572 776; x_wconf 81' lang='lat' dir='ltr'><strong>cogi-</strong></span> 
     </span>
    </p>
   </div>
   <div class='ocr_carea' id='block_1_22' title="bbox 1972 798 3567 870">
    <p class='ocr_par' dir='ltr' id='par_1_22' title="bbox 1972 798 3567 870">
     <span class='ocr_line' id='line_1_22' title="bbox 1972 798 3567 870; baseline -0.001 -17"><span class='ocrx_word' id='word_1_149' title='bbox 1972 798 2346 870; x_wconf 89' lang='lat' dir='ltr'><strong>tationemque</strong></span> <span class='ocrx_word' id='word_1_150' title='bbox 2369 798 2653 863; x_wconf 81' lang='lat' dir='ltr'><strong>habueris,</strong></span> <span class='ocrx_word' id='word_1_151' title='bbox 2677 798 2893 853; x_wconf 87' lang='lat' dir='ltr'><strong>Domini</strong></span> <span class='ocrx_word' id='word_1_152' title='bbox 2922 813 3151 868; x_wconf 89' lang='lat' dir='ltr'><strong>scopum</strong></span> <span class='ocrx_word' id='word_1_153' title='bbox 3176 798 3407 868; x_wconf 84' lang='lat' dir='ltr'><strong>ejusque</strong></span> <span class='ocrx_word' id='word_1_154' title='bbox 3433 813 3567 867; x_wconf 85' lang='lat' dir='ltr'><strong>apo-</strong></span> 
     </span>
    </p>
   </div>
   <div class='ocr_carea' id='block_1_23' title="bbox 1969 888 3566 960">
    <p class='ocr_par' dir='ltr' id='par_1_23' title="bbox 1969 888 3566 960">
     <span class='ocr_line' id='line_1_23' title="bbox 1969 888 3566 960; baseline -0.002 -15"><span class='ocrx_word' id='word_1_155' title='bbox 1969 889 2238 945; x_wconf 86' lang='lat' dir='ltr'><strong>stolorum</strong></span> <span class='ocrx_word' id='word_1_156' title='bbox 2279 904 2443 945; x_wconf 90' lang='lat' dir='ltr'><strong>nosse</strong></span> <span class='ocrx_word' id='word_1_157' title='bbox 2486 889 2726 960; x_wconf 89' lang='lat' dir='ltr'><strong>poteris;</strong></span> <span class='ocrx_word' id='word_1_158' title='bbox 2764 906 2829 945; x_wconf 85' lang='lat' dir='ltr'><strong>ac</strong></span> <span class='ocrx_word' id='word_1_159' title='bbox 2870 889 3125 943; x_wconf 84' lang='lat' dir='ltr'><strong>homines</strong></span> <span class='ocrx_word' id='word_1_160' title='bbox 3169 888 3394 959; x_wconf 87' lang='lat' dir='ltr'><strong>quidem</strong></span> <span class='ocrx_word' id='word_1_161' title='bbox 3438 888 3566 942; x_wconf 79' lang='lat' dir='ltr'><strong>dili-</strong></span> 
     </span>
    </p>
   </div>
   <div class='ocr_carea' id='block_1_24' title="bbox 1969 981 3569 1054">
    <p class='ocr_par' dir='ltr' id='par_1_24' title="bbox 1969 981 3569 1054">
     <span class='ocr_line' id='line_1_24' title="bbox 1969 981 3569 1054; baseline -0.003 -16"><span class='ocrx_word' id='word_1_162' title='bbox 1969 998 2134 1054; x_wconf 82' lang='lat' dir='ltr'><strong>gere,</strong></span> <span class='ocrx_word' id='word_1_163' title='bbox 2184 998 2492 1053; x_wconf 84' lang='lat' dir='ltr'><strong>eorumque</strong></span> <span class='ocrx_word' id='word_1_164' title='bbox 2525 981 2750 1036; x_wconf 65' lang='lat' dir='ltr'><strong>oii&#39;cnsae</strong></span> <span class='ocrx_word' id='word_1_165' title='bbox 2793 983 3084 1048; x_wconf 83' lang='lat' dir='ltr'><strong>misereri,</strong></span> <span class='ocrx_word' id='word_1_166' title='bbox 3135 982 3411 1051; x_wconf 80' lang='lat' dir='ltr'><strong>simulque</strong></span> <span class='ocrx_word' id='word_1_167' title='bbox 3436 996 3569 1035; x_wconf 86' lang='lat' dir='ltr'><strong>vero</strong></span> 
     </span>
    </p>
   </div>
   <div class='ocr_carea' id='block_1_25' title="bbox 1969 1072 3565 1146">
    <p class='ocr_par' dir='ltr' id='par_1_25' title="bbox 1969 1072 3565 1146">
     <span class='ocr_line' id='line_1_25' title="bbox 1969 1072 3565 1146; baseline -0.003 -16"><span class='ocrx_word' id='word_1_168' title='bbox 1969 1074 2248 1130; x_wconf 60' lang='lat' dir='ltr'><strong>daemones</strong></span> <span class='ocrx_word' id='word_1_169' title='bbox 2271 1074 2561 1131; x_wconf 87' lang='lat' dir='ltr'><strong>charitatis</strong></span> <span class='ocrx_word' id='word_1_170' title='bbox 2591 1083 2728 1128; x_wconf 91' lang='lat' dir='ltr'><strong>nutu</strong></span> <span class='ocrx_word' id='word_1_171' title='bbox 2759 1076 2964 1146; x_wconf 88' lang='lat' dir='ltr'><strong>jugiter</strong></span> <span class='ocrx_word' id='word_1_172' title='bbox 2991 1075 3313 1145; x_wconf 78' lang='lat' dir='ltr'><strong>impugnare</strong></span> <span class='ocrx_word' id='word_1_173' title='bbox 3352 1072 3565 1128; x_wconf 84' lang='lat' dir='ltr'><strong>licebit.</strong></span> 
     </span>
    </p>
   </div>
   <div class='ocr_carea' id='block_1_26' title="bbox 1969 1165 3555 1237">
    <p class='ocr_par' dir='ltr' id='par_1_26' title="bbox 1969 1165 3555 1237">
     <span class='ocr_line' id='line_1_26' title="bbox 1969 1165 3555 1237; baseline -0.003 -15"><span class='ocrx_word' id='word_1_174' title='bbox 1969 1165 2066 1222; x_wconf 86' lang='lat' dir='ltr'><strong>Sin</strong></span> <span class='ocrx_word' id='word_1_175' title='bbox 2094 1174 2277 1221; x_wconf 91' lang='lat' dir='ltr'><strong>autem</strong></span> <span class='ocrx_word' id='word_1_176' title='bbox 2317 1166 2509 1222; x_wconf 83' lang='lat' dir='ltr'><strong>molles</strong></span> <span class='ocrx_word' id='word_1_177' title='bbox 2538 1182 2601 1221; x_wconf 92' lang='lat' dir='ltr'><strong>ac</strong></span> <span class='ocrx_word' id='word_1_178' title='bbox 2630 1167 2970 1237; x_wconf 83' lang='lat' dir='ltr'><strong>negligentes</strong></span> <span class='ocrx_word' id='word_1_179' title='bbox 3000 1179 3306 1236; x_wconf 81' lang='lat' dir='ltr'><strong>segnesque</strong></span> <span class='ocrx_word' id='word_1_180' title='bbox 3342 1179 3555 1226; x_wconf 90' lang='lat' dir='ltr'><strong>sumus,</strong></span> 
     </span>
    </p>
   </div>
   <div class='ocr_carea' id='block_1_27' title="bbox 1969 1258 3563 1331">
    <p class='ocr_par' dir='ltr' id='par_1_27' title="bbox 1969 1258 3563 1331">
     <span class='ocr_line' id='line_1_27' title="bbox 1969 1258 3563 1331; baseline -0.003 -17"><span class='ocrx_word' id='word_1_181' title='bbox 1969 1259 2396 1330; x_wconf 87' lang='lat' dir='ltr'><strong>carnalibusque</strong></span> <span class='ocrx_word' id='word_1_182' title='bbox 2443 1260 2819 1331; x_wconf 86' lang='lat' dir='ltr'><strong>voluptatibus</strong></span> <span class='ocrx_word' id='word_1_183' title='bbox 2863 1259 3109 1313; x_wconf 86' lang='lat' dir='ltr'><strong>animum</strong></span> <span class='ocrx_word' id='word_1_184' title='bbox 3162 1258 3563 1328; x_wconf 85' lang='lat' dir='ltr'><strong>immergimus,</strong></span> 
     </span>
    </p>
   </div>
   <div class='ocr_carea' id='block_1_28' title="bbox 1968 1347 3566 1421">
    <p class='ocr_par' dir='ltr' id='par_1_28' title="bbox 1968 1347 3566 1421">
     <span class='ocr_line' id='line_1_28' title="bbox 1968 1347 3566 1421; baseline -0.003 -17"><span class='ocrx_word' id='word_1_185' title='bbox 1968 1364 2081 1404; x_wconf 91' lang='lat' dir='ltr'><strong>non</strong></span> <span class='ocrx_word' id='word_1_186' title='bbox 2106 1350 2218 1421; x_wconf 88' lang='lat' dir='ltr'><strong>jam</strong></span> <span class='ocrx_word' id='word_1_187' title='bbox 2253 1349 2566 1415; x_wconf 62' lang='lat' dir='ltr'><strong>daamones,</strong></span> <span class='ocrx_word' id='word_1_188' title='bbox 2604 1349 2700 1405; x_wconf 89' lang='lat' dir='ltr'><strong>sed</strong></span> <span class='ocrx_word' id='word_1_189' title='bbox 2750 1350 2853 1420; x_wconf 88' lang='lat' dir='ltr'><strong>ipsi</strong></span> <span class='ocrx_word' id='word_1_190' title='bbox 2904 1365 3005 1404; x_wconf 85' lang='lat' dir='ltr'><strong>nos</strong></span> <span class='ocrx_word' id='word_1_191' title='bbox 3048 1348 3357 1418; x_wconf 82' lang='lat' dir='ltr'><strong>fratresque</strong></span> <span class='ocrx_word' id='word_1_192' title='bbox 3386 1347 3566 1417; x_wconf 90' lang='lat' dir='ltr'><strong>impu-</strong></span> 
     </span>
    </p>
   </div>
   <div class='ocr_carea' id='block_1_29' title="bbox 1969 1439 3571 1522">
    <p class='ocr_par' dir='ltr' id='par_1_29' title="bbox 1969 1439 3571 1522">
     <span class='ocr_line' id='line_1_29' title="bbox 1969 1439 3571 1522; baseline -0.002 -26"><span class='ocrx_word' id='word_1_193' title='bbox 1969 1457 2201 1513; x_wconf 88' lang='lat' dir='ltr'><strong>gnamus</strong></span> <span class='ocrx_word' id='word_1_194' title='bbox 2227 1459 2240 1496; x_wconf 91' lang='lat'>:</span> <span class='ocrx_word' id='word_1_195' title='bbox 2269 1451 2432 1513; x_wconf 89' lang='lat' dir='ltr'><strong>atque</strong></span> <span class='ocrx_word' id='word_1_196' title='bbox 2456 1441 2545 1498; x_wconf 90' lang='lat' dir='ltr'><strong>his</strong></span> <span class='ocrx_word' id='word_1_197' title='bbox 2573 1442 2747 1514; x_wconf 88' lang='lat' dir='ltr'><strong>magis</strong></span> <span class='ocrx_word' id='word_1_198' title='bbox 2771 1442 3005 1497; x_wconf 91' lang='lat' dir='ltr'><strong>colimus</strong></span> <span class='ocrx_word' id='word_1_199' title='bbox 3029 1440 3325 1504; x_wconf 65' lang='lat' dir='ltr'><strong>daemones,</strong></span> <span class='ocrx_word' id='word_1_200' title='bbox 3353 1439 3409 1494; x_wconf 89' lang='lat' dir='ltr'><strong>in</strong></span> <span class='ocrx_word' id='word_1_201' title='bbox 3431 1453 3571 1522; x_wconf 79' lang='lat' dir='ltr'><strong>quo-</strong></span> 
     </span>
    </p>
   </div>
   <div class='ocr_carea' id='block_1_30' title="bbox 1971 1531 3100 1603">
    <p class='ocr_par' dir='ltr' id='par_1_30' title="bbox 1971 1531 3100 1603">
     <span class='ocr_line' id='line_1_30' title="bbox 1971 1531 3100 1603; baseline -0.004 -17"><span class='ocrx_word' id='word_1_202' title='bbox 1971 1547 2095 1586; x_wconf 92' lang='lat' dir='ltr'><strong>rum</strong></span> <span class='ocrx_word' id='word_1_203' title='bbox 2126 1532 2357 1603; x_wconf 84' lang='lat' dir='ltr'><strong>gratiam</strong></span> <span class='ocrx_word' id='word_1_204' title='bbox 2394 1532 2449 1585; x_wconf 90' lang='lat' dir='ltr'><strong>in</strong></span> <span class='ocrx_word' id='word_1_205' title='bbox 2479 1531 2735 1586; x_wconf 86' lang='lat' dir='ltr'><strong>homines</strong></span> <span class='ocrx_word' id='word_1_206' title='bbox 2766 1544 3100 1602; x_wconf 81' lang='lat' dir='ltr'><strong>grassamus.</strong></span> 
     </span>
    </p>
   </div>
   <div class='ocr_carea' id='block_1_31' title="bbox 2044 1618 3564 1685">
    <p class='ocr_par' dir='ltr' id='par_1_31' title="bbox 2044 1618 3564 1685">
     <span class='ocr_line' id='line_1_31' title="bbox 2044 1618 3564 1685; baseline -0.004 -10"><span class='ocrx_word' id='word_1_207' title='bbox 2044 1621 2130 1677; x_wconf 76' lang='grc'><strong>18.</strong></span> <span class='ocrx_word' id='word_1_208' title='bbox 2159 1621 2250 1676; x_wconf 84' lang='lat' dir='ltr'><strong>Ait</strong></span> <span class='ocrx_word' id='word_1_209' title='bbox 2275 1620 2446 1676; x_wconf 83' lang='lat' dir='ltr'><strong>frater</strong></span> <span class='ocrx_word' id='word_1_210' title='bbox 2476 1638 2489 1675; x_wconf 89' lang='lat'><strong>:</strong></span> <span class='ocrx_word' id='word_1_211' title='bbox 2516 1621 2594 1675; x_wconf 87' lang='lat' dir='ltr'><strong>Ita</strong></span> <span class='ocrx_word' id='word_1_212' title='bbox 2620 1637 2678 1676; x_wconf 90' lang='lat' dir='ltr'><strong>se</strong></span> <span class='ocrx_word' id='word_1_213' title='bbox 2707 1620 2823 1675; x_wconf 88' lang='lat' dir='ltr'><strong>fere</strong></span> <span class='ocrx_word' id='word_1_214' title='bbox 2849 1636 2941 1675; x_wconf 89' lang='lat' dir='ltr'><strong>res</strong></span> <span class='ocrx_word' id='word_1_215' title='bbox 2964 1619 3155 1685; x_wconf 86' lang='lat' dir='ltr'><strong>habet,</strong></span> <span class='ocrx_word' id='word_1_216' title='bbox 3183 1618 3346 1673; x_wconf 86' lang='lat' dir='ltr'><strong>Pater</strong></span> <span class='ocrx_word' id='word_1_217' title='bbox 3374 1634 3386 1670; x_wconf 91' lang='lat'><strong>:</strong></span> <span class='ocrx_word' id='word_1_218' title='bbox 3414 1631 3564 1672; x_wconf 91' lang='lat' dir='ltr'><strong>scm-</strong></span> 
     </span>
    </p>
   </div>
   <div class='ocr_carea' id='block_1_32' title="bbox 283 1708 1883 1787">
    <p class='ocr_par' dir='ltr' id='par_1_32' title="bbox 283 1714 1871 1787">
     <span class='ocr_line' id='line_1_32' title="bbox 283 1714 1871 1787; baseline 0 -19"><span class='ocrx_word' id='word_1_219' title='bbox 283 1716 395 1787; x_wconf 87' lang='grc' dir='ltr'><strong>γάρ</strong></span> <span class='ocrx_word' id='word_1_220' title='bbox 423 1716 488 1768; x_wconf 81' lang='grc' dir='ltr'><strong>ὲκ</strong></span> <span class='ocrx_word' id='word_1_221' title='bbox 506 1715 607 1784; x_wconf 83' lang='grc' dir='ltr'>τῆς</span> <span class='ocrx_word' id='word_1_222' title='bbox 633 1714 893 1783; x_wconf 81' lang='grc' dir='ltr'>ἀμελείας</span> <span class='ocrx_word' id='word_1_223' title='bbox 924 1732 1027 1784; x_wconf 87' lang='grc' dir='ltr'><strong>μου</strong></span> <span class='ocrx_word' id='word_1_224' title='bbox 1062 1715 1149 1769; x_wconf 79' lang='grc' dir='ltr'>ἀεὶ</span> <span class='ocrx_word' id='word_1_225' title='bbox 1202 1714 1571 1785; x_wconf 87' lang='grc' dir='ltr'>λαμϐάνουσιν</span> <span class='ocrx_word' id='word_1_226' title='bbox 1615 1714 1871 1786; x_wconf 83' lang='grc' dir='ltr'>ἀφορμὰς</span> 
     </span>
    </p>
   </div>
   <div class='ocr_carea' id='block_1_33' title="bbox 1981 1708 3569 1787">
    <p class='ocr_par' dir='ltr' id='par_1_33' title="bbox 1981 1708 3569 1785">
     <span class='ocr_line' id='line_1_33' title="bbox 1981 1708 3569 1785; baseline -0.005 -17"><span class='ocrx_word' id='word_1_227' title='bbox 1981 1728 2074 1785; x_wconf 81' lang='grc' dir='ltr'>ρει·</span> <span class='ocrx_word' id='word_1_228' title='bbox 2105 1712 2255 1768; x_wconf 90' lang='lat' dir='ltr'><strong>enim</strong></span> <span class='ocrx_word' id='word_1_229' title='bbox 2302 1728 2372 1767; x_wconf 84' lang='lat' dir='ltr'><strong>ex</strong></span> <span class='ocrx_word' id='word_1_230' title='bbox 2416 1728 2538 1768; x_wconf 89' lang='lat' dir='ltr'><strong>mea</strong></span> <span class='ocrx_word' id='word_1_231' title='bbox 2579 1712 2909 1782; x_wconf 79' lang='lat' dir='ltr'><strong>negligentia</strong></span> <span class='ocrx_word' id='word_1_232' title='bbox 2945 1711 3226 1765; x_wconf 64' lang='lat' dir='ltr'><strong>diemones</strong></span> <span class='ocrx_word' id='word_1_233' title='bbox 3274 1708 3569 1763; x_wconf 87' lang='lat' dir='ltr'><strong>adversum</strong></span> 
     </span>
    </p>
   </div>
   <div class='ocr_carea' id='block_1_34' title="bbox 287 1783 1883 1879">
    <p class='ocr_par' dir='ltr' id='par_1_34' title="bbox 287 1783 1871 1879">
     <span class='ocr_line' id='line_1_34' title="bbox 287 1783 1871 1879; baseline 0 -19"><span class='ocrx_word' id='word_1_234' title='bbox 287 1783 411 1861; x_wconf 80' lang='grc' dir='ltr'>κατ’</span> <span class='ocrx_word' id='word_1_235' title='bbox 444 1783 580 1878; x_wconf 77' lang='grc' dir='ltr'>ἐμοῦ</span> <span class='ocrx_word' id='word_1_236' title='bbox 615 1807 665 1860; x_wconf 87' lang='grc' dir='ltr'><strong>οί</strong></span> <span class='ocrx_word' id='word_1_237' title='bbox 693 1783 992 1876; x_wconf 84' lang='grc' dir='ltr'>δαίμονες·</span> <span class='ocrx_word' id='word_1_238' title='bbox 1041 1806 1180 1861; x_wconf 81' lang='grc' dir='ltr'>ἀλλὰ</span> <span class='ocrx_word' id='word_1_239' title='bbox 1216 1783 1524 1878; x_wconf 83' lang='grc' dir='ltr'>παρακαλῶ</span> <span class='ocrx_word' id='word_1_240' title='bbox 1555 1824 1636 1869; x_wconf 89' lang='grc' dir='ltr'><strong>σε,</strong></span> <span class='ocrx_word' id='word_1_241' title='bbox 1668 1783 1871 1879; x_wconf 83' lang='grc' dir='ltr'>Πάτερ,</span> 
     </span>
    </p>
   </div>
   <div class='ocr_carea' id='block_1_35' title="bbox 1981 1783 3567 1879">
    <p class='ocr_par' dir='ltr' id='par_1_35' title="bbox 1981 1799 3567 1865">
     <span class='ocr_line' id='line_1_35' title="bbox 1981 1799 3567 1865; baseline -0.003 -7"><span class='ocrx_word' id='word_1_242' title='bbox 1981 1818 2065 1858; x_wconf 88' lang='lat' dir='ltr'><strong>me</strong></span> <span class='ocrx_word' id='word_1_243' title='bbox 2093 1810 2322 1858; x_wconf 90' lang='lat' dir='ltr'><strong>sumunt</strong></span> <span class='ocrx_word' id='word_1_244' title='bbox 2342 1803 2681 1859; x_wconf 81' lang='lat' dir='ltr'><strong>occasiones.</strong></span> <span class='ocrx_word' id='word_1_245' title='bbox 2706 1802 2813 1857; x_wconf 89' lang='lat' dir='ltr'><strong>Sed</strong></span> <span class='ocrx_word' id='word_1_246' title='bbox 2838 1801 3035 1856; x_wconf 88' lang='lat' dir='ltr'><strong>amabo</strong></span> <span class='ocrx_word' id='word_1_247' title='bbox 3063 1810 3136 1865; x_wconf 88' lang='lat' dir='ltr'><strong>te,</strong></span> <span class='ocrx_word' id='word_1_248' title='bbox 3161 1799 3355 1863; x_wconf 89' lang='lat' dir='ltr'><strong>dicito,</strong></span> <span class='ocrx_word' id='word_1_249' title='bbox 3379 1800 3567 1865; x_wconf 83' lang='lat' dir='ltr'><strong>Pater,</strong></span> 
     </span>
    </p>
   </div>
   <div class='ocr_carea' id='block_1_36' title="bbox 285 1895 1878 1969">
    <p class='ocr_par' dir='ltr' id='par_1_36' title="bbox 285 1895 1878 1969">
     <span class='ocr_line' id='line_1_36' title="bbox 285 1895 1878 1969; baseline 0.001 -21"><span class='ocrx_word' id='word_1_250' title='bbox 285 1897 464 1949; x_wconf 72' lang='grc' dir='ltr'>εἰπεῖν</span> <span class='ocrx_word' id='word_1_251' title='bbox 497 1912 611 1967; x_wconf 89' lang='grc' dir='ltr'>μοι,</span> <span class='ocrx_word' id='word_1_252' title='bbox 652 1895 771 1960; x_wconf 85' lang='grc' dir='ltr'>πῶς</span> <span class='ocrx_word' id='word_1_253' title='bbox 798 1896 999 1965; x_wconf 74' lang='grc' dir='ltr'>ὀφείλω</span> <span class='ocrx_word' id='word_1_254' title='bbox 1039 1896 1349 1968; x_wconf 85' lang='grc' dir='ltr'>κτήσασθαι</span> <span class='ocrx_word' id='word_1_255' title='bbox 1392 1897 1575 1969; x_wconf 69' lang='grc' dir='ltr'>νῆψιν.</span> <span class='ocrx_word' id='word_1_256' title='bbox 1624 1898 1732 1951; x_wconf 83' lang='lat' dir='ltr'><strong>Kal.</strong></span> <span class='ocrx_word' id='word_1_257' title='bbox 1771 1900 1878 1951; x_wconf 86' lang='grc' dir='ltr'>ἀπ-</span> 
     </span>
    </p>
   </div>
   <div class='ocr_carea' id='block_1_37' title="bbox 287 1986 1876 2063">
    <p class='ocr_par' dir='ltr' id='par_1_37' title="bbox 287 1986 1876 2063">
     <span class='ocr_line' id='line_1_37' title="bbox 287 1986 1876 2063; baseline 0.001 -21"><span class='ocrx_word' id='word_1_258' title='bbox 287 1986 482 2059; x_wconf 82' lang='grc' dir='ltr'>εκρίθη</span> <span class='ocrx_word' id='word_1_259' title='bbox 507 1988 535 2040; x_wconf 91' lang='lat'><strong>6</strong></span> <span class='ocrx_word' id='word_1_260' title='bbox 556 1987 758 2059; x_wconf 85' lang='grc' dir='ltr'>γέρων·</span> <span class='ocrx_word' id='word_1_261' title='bbox 792 1988 860 2041; x_wconf 83' lang='grc' dir='ltr'><strong>ἸΙ</strong></span> <span class='ocrx_word' id='word_1_262' title='bbox 886 1988 1155 2058; x_wconf 83' lang='grc' dir='ltr'>παντελὴς</span> <span class='ocrx_word' id='word_1_263' title='bbox 1177 1990 1286 2043; x_wconf 81' lang='grc' dir='ltr'>τῶν</span> <span class='ocrx_word' id='word_1_264' title='bbox 1315 1990 1522 2061; x_wconf 85' lang='grc' dir='ltr'>γηΐνων</span> <span class='ocrx_word' id='word_1_265' title='bbox 1551 1990 1876 2063; x_wconf 82' lang='grc' dir='ltr'>ἀμεριμνία,</span> 
     </span>
    </p>
   </div>
   <div class='ocr_carea' id='block_1_38' title="bbox 288 2077 1878 2154">
    <p class='ocr_par' dir='ltr' id='par_1_38' title="bbox 288 2077 1878 2154">
     <span class='ocr_line' id='line_1_38' title="bbox 288 2077 1878 2154; baseline 0.004 -22"><span class='ocrx_word' id='word_1_266' title='bbox 288 2079 386 2134; x_wconf 78' lang='grc' dir='ltr'><strong>καὶ</strong></span> <span class='ocrx_word' id='word_1_267' title='bbox 416 2081 450 2151; x_wconf 76' lang='grc' dir='ltr'>ἡ</span> <span class='ocrx_word' id='word_1_268' title='bbox 482 2079 712 2150; x_wconf 82' lang='grc' dir='ltr'>συνεχὴς</span> <span class='ocrx_word' id='word_1_269' title='bbox 751 2077 875 2151; x_wconf 59' lang='grc' dir='ltr'>[ίθν.</span> <span class='ocrx_word' id='word_1_270' title='bbox 906 2080 1141 2150; x_wconf 82' lang='lat' dir='ltr'><strong>alterque</strong></span> <span class='ocrx_word' id='word_1_271' title='bbox 1175 2078 1233 2134; x_wconf 84' lang='grc' dir='ltr'><em>Μ</em></span> <span class='ocrx_word' id='word_1_272' title='bbox 1240 2120 1254 2135; x_wconf 93' lang='grc'><strong>.</strong></span> <span class='ocrx_word' id='word_1_273' title='bbox 1306 2080 1498 2154; x_wconf 83' lang='grc' dir='ltr'>συχνὴ]</span> <span class='ocrx_word' id='word_1_274' title='bbox 1550 2083 1750 2154; x_wconf 82' lang='grc' dir='ltr'>μελέτη</span> <span class='ocrx_word' id='word_1_275' title='bbox 1778 2083 1878 2154; x_wconf 83' lang='grc' dir='ltr'>τῆς</span> 
     </span>
    </p>
   </div>
   <div class='ocr_carea' id='block_1_39' title="bbox 291 2171 1879 2244">
    <p class='ocr_par' dir='ltr' id='par_1_39' title="bbox 291 2171 1879 2244">
     <span class='ocr_line' id='line_1_39' title="bbox 291 2171 1879 2244; baseline 0.002 -18"><span class='ocrx_word' id='word_1_276' title='bbox 291 2172 441 2237; x_wconf 80' lang='grc' dir='ltr'>Θείας</span> <span class='ocrx_word' id='word_1_277' title='bbox 482 2172 708 2243; x_wconf 81' lang='grc' dir='ltr'>Γραφῆς</span> <span class='ocrx_word' id='word_1_278' title='bbox 745 2173 903 2243; x_wconf 75' lang='grc' dir='ltr'>φέρει</span> <span class='ocrx_word' id='word_1_279' title='bbox 934 2171 1031 2244; x_wconf 84' lang='grc' dir='ltr'>τὴν</span> <span class='ocrx_word' id='word_1_280' title='bbox 1074 2172 1251 2244; x_wconf 74' lang='grc' dir='ltr'>ψυχὴν</span> <span class='ocrx_word' id='word_1_281' title='bbox 1281 2174 1361 2238; x_wconf 87' lang='grc' dir='ltr'><strong>είς</strong></span> <span class='ocrx_word' id='word_1_282' title='bbox 1394 2174 1558 2241; x_wconf 80' lang='grc' dir='ltr'>φόϐον</span> <span class='ocrx_word' id='word_1_283' title='bbox 1586 2175 1752 2229; x_wconf 89' lang='grc' dir='ltr'>Θεοῦ·</span> <span class='ocrx_word' id='word_1_284' title='bbox 1787 2175 1879 2229; x_wconf 82' lang='grc' dir='ltr'>καὶ</span> 
     </span>
    </p>
   </div>
   <div class='ocr_carea' id='block_1_40' title="bbox 292 2263 1881 2339">
    <p class='ocr_par' dir='ltr' id='par_1_40' title="bbox 292 2263 1881 2339">
     <span class='ocr_line' id='line_1_40' title="bbox 292 2263 1881 2339; baseline 0.001 -21"><span class='ocrx_word' id='word_1_285' title='bbox 292 2267 321 2318; x_wconf 87' lang='lat'><strong>6</strong></span> <span class='ocrx_word' id='word_1_286' title='bbox 347 2263 443 2318; x_wconf 84' lang='grc' dir='ltr'><strong>τοῦ</strong></span> <span class='ocrx_word' id='word_1_287' title='bbox 486 2263 621 2318; x_wconf 86' lang='grc' dir='ltr'>Θεοῦ</span> <span class='ocrx_word' id='word_1_288' title='bbox 652 2264 815 2334; x_wconf 79' lang='grc' dir='ltr'>φόϐος</span> <span class='ocrx_word' id='word_1_289' title='bbox 854 2264 1009 2334; x_wconf 81' lang='grc' dir='ltr'>φέρει</span> <span class='ocrx_word' id='word_1_290' title='bbox 1046 2265 1145 2336; x_wconf 78' lang='grc' dir='ltr'>τὴν</span> <span class='ocrx_word' id='word_1_291' title='bbox 1179 2264 1342 2336; x_wconf 76' lang='grc' dir='ltr'>νῆψιν</span> <span class='ocrx_word' id='word_1_292' title='bbox 1364 2282 1377 2297; x_wconf 93' lang='grc'><strong>·</strong></span> <span class='ocrx_word' id='word_1_293' title='bbox 1403 2268 1497 2320; x_wconf 76' lang='grc' dir='ltr'>καὶ</span> <span class='ocrx_word' id='word_1_294' title='bbox 1522 2267 1641 2321; x_wconf 83' lang='grc' dir='ltr'>τότε</span> <span class='ocrx_word' id='word_1_295' title='bbox 1671 2270 1703 2338; x_wconf 85' lang='grc' dir='ltr'><strong>ἠ</strong></span> <span class='ocrx_word' id='word_1_296' title='bbox 1733 2266 1881 2339; x_wconf 76' lang='grc' dir='ltr'>ψυχὴ</span> 
     </span>
    </p>
   </div>
   <div class='ocr_carea' id='block_1_41' title="bbox 246 2350 1880 2427">
    <p class='ocr_par' dir='ltr' id='par_1_41' title="bbox 246 2350 1880 2427">
     <span class='ocr_line' id='line_1_41' title="bbox 246 2350 1880 2427; baseline -0.001 -18"><span class='ocrx_word' id='word_1_297' title='bbox 246 2350 255 2358; x_wconf 78' lang='grc'><em>’</em></span> <span class='ocrx_word' id='word_1_298' title='bbox 297 2353 523 2426; x_wconf 69' lang='grc' dir='ltr'>ἄρχεται</span> <span class='ocrx_word' id='word_1_299' title='bbox 551 2353 774 2424; x_wconf 80' lang='grc' dir='ltr'>βλέπειν</span> <span class='ocrx_word' id='word_1_300' title='bbox 801 2354 926 2418; x_wconf 74' lang='grc' dir='ltr'>τοὺς</span> <span class='ocrx_word' id='word_1_301' title='bbox 949 2354 1035 2407; x_wconf 85' lang='grc' dir='ltr'><strong>διά</strong></span> <span class='ocrx_word' id='word_1_302' title='bbox 1056 2354 1163 2407; x_wconf 85' lang='grc' dir='ltr'><strong>τῶν</strong></span> <span class='ocrx_word' id='word_1_303' title='bbox 1191 2355 1469 2427; x_wconf 79' lang='grc' dir='ltr'>λογισμῶν</span> <span class='ocrx_word' id='word_1_304' title='bbox 1509 2355 1880 2427; x_wconf 80' lang='grc' dir='ltr'>πολεμοῦντας</span> 
     </span>
    </p>
   </div>
   <div class='ocr_carea' id='block_1_42' title="bbox 299 2430 1882 2517">
    <p class='ocr_par' dir='ltr' id='par_1_42' title="bbox 299 2430 1882 2517">
     <span class='ocr_line' id='line_1_42' title="bbox 299 2430 1882 2517; baseline 0.001 -17"><span class='ocrx_word' id='word_1_305' title='bbox 299 2445 469 2517; x_wconf 78' lang='grc' dir='ltr'>αὐτὴν</span> <span class='ocrx_word' id='word_1_306' title='bbox 520 2430 798 2516; x_wconf 84' lang='grc' dir='ltr'>δαίμονας,</span> <span class='ocrx_word' id='word_1_307' title='bbox 853 2445 945 2498; x_wconf 71' lang='grc' dir='ltr'>καὶ</span> <span class='ocrx_word' id='word_1_308' title='bbox 1001 2445 1347 2517; x_wconf 80' lang='grc' dir='ltr'>ἀμύνασθαι·</span> <span class='ocrx_word' id='word_1_309' title='bbox 1385 2447 1512 2515; x_wconf 72' lang='grc' dir='ltr'>περὶ</span> <span class='ocrx_word' id='word_1_310' title='bbox 1555 2441 1629 2501; x_wconf 79' lang='grc' dir='ltr'>ὧν</span> <span class='ocrx_word' id='word_1_311' title='bbox 1660 2449 1688 2501; x_wconf 88' lang='grc' dir='ltr'><strong>ὁ</strong></span> <span class='ocrx_word' id='word_1_312' title='bbox 1718 2447 1882 2501; x_wconf 75' lang='grc' dir='ltr'>Δαϐὶδ</span> 
     </span>
    </p>
   </div>
   <div class='ocr_carea' id='block_1_43' title="bbox 300 2538 1882 2610">
    <p class='ocr_par' dir='ltr' id='par_1_43' title="bbox 300 2538 1882 2610">
     <span class='ocr_line' id='line_1_43' title="bbox 300 2538 1882 2610; baseline -0.001 -17"><span class='ocrx_word' id='word_1_313' title='bbox 300 2538 522 2608; x_wconf 77' lang='grc' dir='ltr'>ἔλεγεν·</span> <span class='ocrx_word' id='word_1_314' title='bbox 580 2538 691 2594; x_wconf 83' lang='lat' dir='ltr'><strong>Kal</strong></span> <span class='ocrx_word' id='word_1_315' title='bbox 740 2539 978 2593; x_wconf 78' lang='grc' dir='ltr'>ἐπεῖδεν</span> <span class='ocrx_word' id='word_1_316' title='bbox 1034 2540 1431 2610; x_wconf 49' lang='grc' dir='ltr'>όλόφθιιλμός</span> <span class='ocrx_word' id='word_1_317' title='bbox 1479 2557 1601 2610; x_wconf 84' lang='grc' dir='ltr'><strong>μου</strong></span> <span class='ocrx_word' id='word_1_318' title='bbox 1642 2539 1714 2593; x_wconf 84' lang='grc' dir='ltr'>ἐν</span> <span class='ocrx_word' id='word_1_319' title='bbox 1758 2538 1882 2607; x_wconf 82' lang='grc' dir='ltr'>τοῖς</span> 
     </span>
    </p>
   </div>
   <div class='ocr_carea' id='block_1_44' title="bbox 299 2628 1883 2702">
    <p class='ocr_par' dir='ltr' id='par_1_44' title="bbox 299 2628 1883 2702">
     <span class='ocr_line' id='line_1_44' title="bbox 299 2628 1883 2702; baseline 0.001 -19"><span class='ocrx_word' id='word_1_320' title='bbox 299 2628 535 2700; x_wconf 77' lang='grc' dir='ltr'>ἐχθροῖς</span> <span class='ocrx_word' id='word_1_321' title='bbox 569 2647 709 2699; x_wconf 83' lang='grc' dir='ltr'>μου.</span> <span class='ocrx_word' id='word_1_322' title='bbox 744 2628 887 2702; x_wconf 77' lang='grc' dir='ltr'>Πρὸς</span> <span class='ocrx_word' id='word_1_323' title='bbox 920 2628 1126 2702; x_wconf 83' lang='grc' dir='ltr'>ταύτην</span> <span class='ocrx_word' id='word_1_324' title='bbox 1175 2631 1276 2701; x_wconf 79' lang='grc' dir='ltr'><strong>τὴν</strong></span> <span class='ocrx_word' id='word_1_325' title='bbox 1310 2631 1488 2701; x_wconf 81' lang='grc' dir='ltr'>πάλην</span> <span class='ocrx_word' id='word_1_326' title='bbox 1519 2630 1611 2685; x_wconf 68' lang='grc' dir='ltr'>καὶ</span> <span class='ocrx_word' id='word_1_327' title='bbox 1654 2632 1683 2685; x_wconf 91' lang='lat'><strong>6</strong></span> <span class='ocrx_word' id='word_1_328' title='bbox 1715 2648 1883 2701; x_wconf 87' lang='grc' dir='ltr'>κορυ-</span> 
     </span>
    </p>
   </div>
   <div class='ocr_carea' id='block_1_45' title="bbox 301 2718 1883 2793">
    <p class='ocr_par' dir='ltr' id='par_1_45' title="bbox 301 2718 1883 2793">
     <span class='ocr_line' id='line_1_45' title="bbox 301 2718 1883 2793; baseline -0.001 -20"><span class='ocrx_word' id='word_1_329' title='bbox 301 2720 461 2788; x_wconf 80' lang='grc' dir='ltr'>φαῖος</span> <span class='ocrx_word' id='word_1_330' title='bbox 485 2719 592 2772; x_wconf 83' lang='grc' dir='ltr'><strong>τῶν</strong></span> <span class='ocrx_word' id='word_1_331' title='bbox 628 2718 945 2779; x_wconf 84' lang='grc' dir='ltr'>ἀποστόλων</span> <span class='ocrx_word' id='word_1_332' title='bbox 972 2720 1177 2791; x_wconf 78' lang='grc' dir='ltr'>Πέτρος</span> <span class='ocrx_word' id='word_1_333' title='bbox 1207 2720 1490 2793; x_wconf 87' lang='grc' dir='ltr'>διεγείρων</span> <span class='ocrx_word' id='word_1_334' title='bbox 1536 2721 1663 2784; x_wconf 82' lang='grc' dir='ltr'>τοὺς</span> <span class='ocrx_word' id='word_1_335' title='bbox 1708 2718 1883 2791; x_wconf 82' lang='grc' dir='ltr'>μαθη-</span> 
     </span>
    </p>
   </div>
   <div class='ocr_carea' id='block_1_46' title="bbox 296 2808 1882 2882">
    <p class='ocr_par' dir='ltr' id='par_1_46' title="bbox 296 2808 1882 2882">
     <span class='ocr_line' id='line_1_46' title="bbox 296 2808 1882 2882; baseline 0 -19"><span class='ocrx_word' id='word_1_336' title='bbox 296 2809 416 2877; x_wconf 84' lang='grc' dir='ltr'>τάς,</span> <span class='ocrx_word' id='word_1_337' title='bbox 449 2810 601 2878; x_wconf 74' lang='grc' dir='ltr'>ἔλεγε</span> <span class='ocrx_word' id='word_1_338' title='bbox 622 2825 637 2840; x_wconf 97' lang='grc'><strong>·</strong></span> <span class='ocrx_word' id='word_1_339' title='bbox 666 2808 936 2878; x_wconf 75' lang='grc' dir='ltr'>Νήψατε,</span> <span class='ocrx_word' id='word_1_340' title='bbox 971 2810 1403 2882; x_wconf 73' lang='grc' dir='ltr'>γρηγορήσατε,</span> <span class='ocrx_word' id='word_1_341' title='bbox 1439 2810 1531 2865; x_wconf 88' lang='grc' dir='ltr'>ὅτι</span> <span class='ocrx_word' id='word_1_342' title='bbox 1583 2813 1616 2866; x_wconf 83' lang='grc' dir='ltr'><strong><em>ό</em></strong></span> <span class='ocrx_word' id='word_1_343' title='bbox 1657 2809 1882 2865; x_wconf 85' lang='grc' dir='ltr'>ἀντίδι-</span> 
     </span>
    </p>
   </div>
   <div class='ocr_carea' id='block_1_47' title="bbox 299 2898 1885 2972">
    <p class='ocr_par' dir='ltr' id='par_1_47' title="bbox 299 2898 1885 2972">
     <span class='ocr_line' id='line_1_47' title="bbox 299 2898 1885 2972; baseline 0.001 -18"><span class='ocrx_word' id='word_1_344' title='bbox 299 2918 408 2966; x_wconf 75' lang='grc' dir='ltr'>κος</span> <span class='ocrx_word' id='word_1_345' title='bbox 440 2898 609 2969; x_wconf 82' lang='grc' dir='ltr'>ὑμῶν</span> <span class='ocrx_word' id='word_1_346' title='bbox 637 2898 942 2967; x_wconf 79' lang='grc' dir='ltr'>διάϐολος,</span> <span class='ocrx_word' id='word_1_347' title='bbox 977 2901 1058 2967; x_wconf 87' lang='grc' dir='ltr'>ὡς</span> <span class='ocrx_word' id='word_1_348' title='bbox 1084 2900 1243 2955; x_wconf 69' lang='grc' dir='ltr'>λέων</span> <span class='ocrx_word' id='word_1_349' title='bbox 1268 2899 1609 2972; x_wconf 81' lang='grc' dir='ltr'>ὠρυόμενυς</span> <span class='ocrx_word' id='word_1_350' title='bbox 1637 2916 1885 2970; x_wconf 76' lang='grc' dir='ltr'>περιπα-</span> 
     </span>
    </p>
   </div>
   <div class='ocr_carea' id='block_1_48' title="bbox 296 2987 1875 3063">
    <p class='ocr_par' dir='ltr' id='par_1_48' title="bbox 296 2987 1875 3063">
     <span class='ocr_line' id='line_1_48' title="bbox 296 2987 1875 3063; baseline 0.001 -16"><span class='ocrx_word' id='word_1_351' title='bbox 296 2992 404 3054; x_wconf 87' lang='grc' dir='ltr'>τεῖ,</span> <span class='ocrx_word' id='word_1_352' title='bbox 431 2992 621 3061; x_wconf 68' lang='grc' dir='ltr'>ζητῶν</span> <span class='ocrx_word' id='word_1_353' title='bbox 683 2993 818 3047; x_wconf 86' lang='grc' dir='ltr'>τίνα</span> <span class='ocrx_word' id='word_1_354' title='bbox 846 2993 1107 3061; x_wconf 77' lang='grc' dir='ltr'>καταπίῃ</span> <span class='ocrx_word' id='word_1_355' title='bbox 1127 3009 1141 3023; x_wconf 94' lang='grc'><strong>·</strong></span> <span class='ocrx_word' id='word_1_356' title='bbox 1184 2987 1233 3061; x_wconf 81' lang='grc' dir='ltr'>ᾧ</span> <span class='ocrx_word' id='word_1_357' title='bbox 1262 2994 1588 3063; x_wconf 77' lang='grc' dir='ltr'>ἀντίστητε</span> <span class='ocrx_word' id='word_1_358' title='bbox 1637 2994 1875 3063; x_wconf 79' lang='grc' dir='ltr'>στερεοί</span> 
     </span>
    </p>
   </div>
   <div class='ocr_carea' id='block_1_49' title="bbox 297 3082 1952 3185">
    <p class='ocr_par' dir='ltr' id='par_1_49' title="bbox 297 3082 1952 3185">
     <span class='ocr_line' id='line_1_49' title="bbox 297 3082 1952 3185; baseline 0.003 -48"><span class='ocrx_word' id='word_1_359' title='bbox 297 3082 374 3153; x_wconf 77' lang='grc' dir='ltr'>τῇ</span> <span class='ocrx_word' id='word_1_360' title='bbox 391 3085 613 3138; x_wconf 78' lang='grc' dir='ltr'>πίστει·</span> <span class='ocrx_word' id='word_1_361' title='bbox 643 3084 736 3139; x_wconf 70' lang='grc' dir='ltr'><strong>καὶ</strong></span> <span class='ocrx_word' id='word_1_362' title='bbox 763 3086 789 3138; x_wconf 89' lang='lat'><strong>6</strong></span> <span class='ocrx_word' id='word_1_363' title='bbox 806 3082 1010 3155; x_wconf 81' lang='grc' dir='ltr'>Κύριος</span> <span class='ocrx_word' id='word_1_364' title='bbox 1036 3084 1094 3137; x_wconf 78' lang='grc' dir='ltr'>δέ</span> <span class='ocrx_word' id='word_1_365' title='bbox 1113 3100 1128 3115; x_wconf 96' lang='grc'><strong>·</strong></span> <span class='ocrx_word' id='word_1_366' title='bbox 1161 3085 1522 3154; x_wconf 81' lang='grc' dir='ltr'>Γρηγορεῖτε</span> <span class='ocrx_word' id='word_1_367' title='bbox 1567 3085 1662 3140; x_wconf 77' lang='grc' dir='ltr'><strong>καί</strong></span> <span class='ocrx_word' id='word_1_368' title='bbox 1690 3101 1880 3156; x_wconf 84' lang='grc' dir='ltr'>προσ·</span> <span class='ocrx_word' id='word_1_369' title='bbox 1910 3126 1952 3185; x_wconf 73' lang='lat' dir='ltr'><strong><em>C</em></strong></span> 
     </span>
    </p>
   </div>
   <div class='ocr_carea' id='block_1_50' title="bbox 297 3175 1881 3246">
    <p class='ocr_par' dir='ltr' id='par_1_50' title="bbox 297 3175 1881 3246">
     <span class='ocr_line' id='line_1_50' title="bbox 297 3175 1881 3246; baseline 0.001 -17"><span class='ocrx_word' id='word_1_370' title='bbox 297 3176 570 3243; x_wconf 82' lang='grc' dir='ltr'>εὐχεσθε,</span> <span class='ocrx_word' id='word_1_371' title='bbox 608 3176 709 3228; x_wconf 79' lang='grc' dir='ltr'>ἵνα</span> <span class='ocrx_word' id='word_1_372' title='bbox 734 3175 820 3245; x_wconf 80' lang='grc' dir='ltr'>μὴ</span> <span class='ocrx_word' id='word_1_373' title='bbox 847 3175 1163 3243; x_wconf 72' lang='grc' dir='ltr'>εἰσέλθητε</span> <span class='ocrx_word' id='word_1_374' title='bbox 1199 3177 1287 3242; x_wconf 86' lang='grc' dir='ltr'><strong>είς</strong></span> <span class='ocrx_word' id='word_1_375' title='bbox 1331 3177 1690 3246; x_wconf 83' lang='grc' dir='ltr'>πειρασμόν.</span> <span class='ocrx_word' id='word_1_376' title='bbox 1733 3176 1791 3230; x_wconf 91' lang='lat'><strong>&#39;0</strong></span> <span class='ocrx_word' id='word_1_377' title='bbox 1825 3177 1881 3231; x_wconf 85' lang='grc' dir='ltr'>δὲ</span> 
     </span>
    </p>
   </div>
   <div class='ocr_carea' id='block_1_51' title="bbox 311 3267 1882 3339">
    <p class='ocr_par' dir='ltr' id='par_1_51' title="bbox 311 3267 1882 3339">
     <span class='ocr_line' id='line_1_51' title="bbox 311 3267 1882 3339; baseline 0.001 -17"><span class='ocrx_word' id='word_1_378' title='bbox 311 3267 738 3339; x_wconf 81' lang='grc' dir='ltr'>Ἐκκλησιαστής</span> <span class='ocrx_word' id='word_1_379' title='bbox 796 3283 979 3338; x_wconf 69' lang='grc' dir='ltr'>φησιν·</span> <span class='ocrx_word' id='word_1_380' title='bbox 1042 3267 1186 3322; x_wconf 83' lang='grc' dir='ltr'><strong>Ἐὰν</strong></span> <span class='ocrx_word' id='word_1_381' title='bbox 1205 3269 1443 3338; x_wconf 86' lang='grc' dir='ltr'>πνεῦμα</span> <span class='ocrx_word' id='word_1_382' title='bbox 1470 3269 1578 3324; x_wconf 90' lang='grc' dir='ltr'><strong>τοῦ</strong></span> <span class='ocrx_word' id='word_1_383' title='bbox 1600 3268 1882 3334; x_wconf 76' lang='grc' dir='ltr'>ἐξουσιά-</span> 
     </span>
    </p>
   </div>
   <div class='ocr_carea' id='block_1_52' title="bbox 301 3356 1878 3434">
    <p class='ocr_par' dir='ltr' id='par_1_52' title="bbox 301 3356 1878 3434">
     <span class='ocr_line' id='line_1_52' title="bbox 301 3356 1878 3434; baseline 0.002 -21"><span class='ocrx_word' id='word_1_384' title='bbox 301 3356 502 3427; x_wconf 80' lang='grc' dir='ltr'>ζοντος</span> <span class='ocrx_word' id='word_1_385' title='bbox 559 3359 751 3429; x_wconf 76' lang='grc' dir='ltr'>ἀναϐῇ</span> <span class='ocrx_word' id='word_1_386' title='bbox 785 3359 883 3413; x_wconf 75' lang='grc' dir='ltr'><strong>ἐπὶ</strong></span> <span class='ocrx_word' id='word_1_387' title='bbox 939 3359 1035 3425; x_wconf 86' lang='grc' dir='ltr'>σὲ,</span> <span class='ocrx_word' id='word_1_388' title='bbox 1076 3361 1266 3415; x_wconf 84' lang='grc' dir='ltr'>τόπον</span> <span class='ocrx_word' id='word_1_389' title='bbox 1316 3375 1435 3415; x_wconf 89' lang='grc' dir='ltr'><strong>σου</strong></span> <span class='ocrx_word' id='word_1_390' title='bbox 1459 3361 1547 3431; x_wconf 80' lang='grc' dir='ltr'><strong>μὴ</strong></span> <span class='ocrx_word' id='word_1_391' title='bbox 1575 3360 1738 3432; x_wconf 68' lang='grc' dir='ltr'>ἀφῇς</span> <span class='ocrx_word' id='word_1_392' title='bbox 1779 3359 1878 3434; x_wconf 84' lang='lat' dir='ltr'><strong>[aL</strong></span> 
     </span>
    </p>
   </div>
   <div class='ocr_carea' id='block_1_53' title="bbox 299 3452 1908 3528">
    <p class='ocr_par' dir='ltr' id='par_1_53' title="bbox 299 3452 1908 3528">
     <span class='ocr_line' id='line_1_53' title="bbox 299 3452 1908 3528; baseline 0.001 -21"><span class='ocrx_word' id='word_1_393' title='bbox 299 3452 497 3527; x_wconf 81' lang='grc' dir='ltr'>εῦροι].</span> <span class='ocrx_word' id='word_1_394' title='bbox 528 3454 704 3518; x_wconf 86' lang='grc' dir='ltr'>Τόπος</span> <span class='ocrx_word' id='word_1_395' title='bbox 733 3453 790 3507; x_wconf 77' lang='grc' dir='ltr'>δὲ</span> <span class='ocrx_word' id='word_1_396' title='bbox 819 3454 914 3508; x_wconf 87' lang='grc' dir='ltr'><strong>τοῦ</strong></span> <span class='ocrx_word' id='word_1_397' title='bbox 954 3454 1047 3509; x_wconf 87' lang='grc' dir='ltr'><strong>νοῦ</strong></span> <span class='ocrx_word' id='word_1_398' title='bbox 1082 3456 1286 3525; x_wconf 74' lang='grc' dir='ltr'>ἐστινὴ</span> <span class='ocrx_word' id='word_1_399' title='bbox 1328 3455 1519 3528; x_wconf 85' lang='grc' dir='ltr'>ἀρετὴ,</span> <span class='ocrx_word' id='word_1_400' title='bbox 1551 3456 1647 3525; x_wconf 62' lang='grc' dir='ltr'><strong>καὶ</strong></span> <span class='ocrx_word' id='word_1_401' title='bbox 1674 3457 1708 3527; x_wconf 81' lang='grc' dir='ltr'><strong>ἡ</strong></span> <span class='ocrx_word' id='word_1_402' title='bbox 1741 3456 1908 3525; x_wconf 78' lang='grc' dir='ltr'>γνῶ--</span> 
     </span>
    </p>
   </div>
   <div class='ocr_carea' id='block_1_54' title="bbox 302 3543 1882 3614">
    <p class='ocr_par' dir='ltr' id='par_1_54' title="bbox 302 3543 1882 3614">
     <span class='ocr_line' id='line_1_54' title="bbox 302 3543 1882 3614; baseline -0.001 -15"><span class='ocrx_word' id='word_1_403' title='bbox 302 3559 407 3610; x_wconf 82' lang='grc' dir='ltr'>σις,</span> <span class='ocrx_word' id='word_1_404' title='bbox 447 3546 544 3598; x_wconf 70' lang='grc' dir='ltr'>καὶ</span> <span class='ocrx_word' id='word_1_405' title='bbox 579 3545 608 3597; x_wconf 88' lang='lat'><strong>6</strong></span> <span class='ocrx_word' id='word_1_406' title='bbox 641 3544 806 3613; x_wconf 82' lang='grc' dir='ltr'>φόϐος</span> <span class='ocrx_word' id='word_1_407' title='bbox 835 3543 929 3597; x_wconf 85' lang='grc' dir='ltr'><strong>τοῦ</strong></span> <span class='ocrx_word' id='word_1_408' title='bbox 955 3543 1114 3598; x_wconf 86' lang='grc' dir='ltr'>Θεοῦ.</span> <span class='ocrx_word' id='word_1_409' title='bbox 1155 3544 1214 3598; x_wconf 82' lang='grc' dir='ltr'>Ὀ</span> <span class='ocrx_word' id='word_1_410' title='bbox 1237 3544 1297 3598; x_wconf 79' lang='grc' dir='ltr'>δὲ</span> <span class='ocrx_word' id='word_1_411' title='bbox 1348 3543 1664 3614; x_wconf 82' lang='grc' dir='ltr'>Θαυμαστὸς</span> <span class='ocrx_word' id='word_1_412' title='bbox 1724 3545 1882 3597; x_wconf 81' lang='grc' dir='ltr'><strong>Ἀπό-</strong></span> 
     </span>
    </p>
   </div>
   <div class='ocr_carea' id='block_1_55' title="bbox 303 3635 1882 3709">
    <p class='ocr_par' dir='ltr' id='par_1_55' title="bbox 303 3635 1882 3709">
     <span class='ocr_line' id='line_1_55' title="bbox 303 3635 1882 3709; baseline 0 -19"><span class='ocrx_word' id='word_1_413' title='bbox 303 3635 486 3701; x_wconf 85' lang='grc' dir='ltr'>στολος</span> <span class='ocrx_word' id='word_1_414' title='bbox 522 3635 726 3708; x_wconf 70' lang='grc' dir='ltr'>σφόδρα</span> <span class='ocrx_word' id='word_1_415' title='bbox 757 3636 1036 3707; x_wconf 84' lang='grc' dir='ltr'>νηφόντως</span> <span class='ocrx_word' id='word_1_416' title='bbox 1060 3637 1156 3690; x_wconf 58' lang='grc' dir='ltr'><strong>καὶ¹</strong></span> <span class='ocrx_word' id='word_1_417' title='bbox 1188 3635 1456 3706; x_wconf 87' lang='grc' dir='ltr'>γενναίως</span> <span class='ocrx_word' id='word_1_418' title='bbox 1481 3637 1882 3709; x_wconf 78' lang='grc' dir='ltr'>ἀγωνιζόμενος</span> 
     </span>
    </p>
   </div>
   <div class='ocr_carea' id='block_1_56' title="bbox 302 3726 1884 3799">
    <p class='ocr_par' dir='ltr' id='par_1_56' title="bbox 302 3726 1884 3799">
     <span class='ocr_line' id='line_1_56' title="bbox 302 3726 1884 3799; baseline 0.003 -19"><span class='ocrx_word' id='word_1_419' title='bbox 302 3726 520 3797; x_wconf 69' lang='grc' dir='ltr'>ἔλεγεν·</span> <span class='ocrx_word' id='word_1_420' title='bbox 568 3729 672 3783; x_wconf 83' lang='grc' dir='ltr'>Ἐν</span> <span class='ocrx_word' id='word_1_421' title='bbox 711 3729 890 3797; x_wconf 79' lang='grc' dir='ltr'>σαρκὶ</span> <span class='ocrx_word' id='word_1_422' title='bbox 940 3730 1053 3799; x_wconf 82' lang='grc' dir='ltr'>γὰρ</span> <span class='ocrx_word' id='word_1_423' title='bbox 1086 3728 1592 3797; x_wconf 76' lang='grc' dir='ltr'>περιπατοῦντες,</span> <span class='ocrx_word' id='word_1_424' title='bbox 1630 3731 1701 3783; x_wconf 82' lang='grc' dir='ltr'>οὐ</span> <span class='ocrx_word' id='word_1_425' title='bbox 1733 3730 1884 3784; x_wconf 85' lang='grc' dir='ltr'>κατὰ</span> 
     </span>
    </p>
   </div>
   <div class='ocr_carea' id='block_1_57' title="bbox 302 3819 1885 3892">
    <p class='ocr_par' dir='ltr' id='par_1_57' title="bbox 302 3819 1885 3892">
     <span class='ocr_line' id='line_1_57' title="bbox 302 3819 1885 3892; baseline -0.002 -16"><span class='ocrx_word' id='word_1_426' title='bbox 302 3819 498 3890; x_wconf 73' lang='grc' dir='ltr'>σάρκα</span> <span class='ocrx_word' id='word_1_427' title='bbox 523 3822 985 3890; x_wconf 83' lang='grc' dir='ltr'>στρατευόμεθα.</span> <span class='ocrx_word' id='word_1_428' title='bbox 1025 3822 1099 3877; x_wconf 82' lang='grc' dir='ltr'><em>Τὰ</em></span> <span class='ocrx_word' id='word_1_429' title='bbox 1120 3823 1228 3892; x_wconf 79' lang='grc' dir='ltr'>γὰρ</span> <span class='ocrx_word' id='word_1_430' title='bbox 1253 3821 1415 3876; x_wconf 81' lang='grc' dir='ltr'>ὅπλα</span> <span class='ocrx_word' id='word_1_431' title='bbox 1441 3820 1550 3889; x_wconf 85' lang='grc' dir='ltr'>τῆς</span> <span class='ocrx_word' id='word_1_432' title='bbox 1568 3822 1885 3889; x_wconf 85' lang='grc' dir='ltr'>στρατείας</span> 
     </span>
    </p>
   </div>
   <div class='ocr_carea' id='block_1_58' title="bbox 301 3913 1884 3983">
    <p class='ocr_par' dir='ltr' id='par_1_58' title="bbox 301 3913 1884 3983">
     <span class='ocr_line' id='line_1_58' title="bbox 301 3913 1884 3983; baseline 0 -15"><span class='ocrx_word' id='word_1_433' title='bbox 301 3913 469 3983; x_wconf 70' lang='grc' dir='ltr'>ἡμῶν</span> <span class='ocrx_word' id='word_1_434' title='bbox 532 3916 604 3968; x_wconf 88' lang='grc' dir='ltr'>οὐ</span> <span class='ocrx_word' id='word_1_435' title='bbox 652 3914 939 3983; x_wconf 80' lang='grc' dir='ltr'>σαρκικὰ,</span> <span class='ocrx_word' id='word_1_436' title='bbox 985 3914 1147 3970; x_wconf 69' lang='grc' dir='ltr'>ἀλλὰ</span> <span class='ocrx_word' id='word_1_437' title='bbox 1193 3914 1425 3970; x_wconf 83' lang='grc' dir='ltr'>δυνατὰ</span> <span class='ocrx_word' id='word_1_438' title='bbox 1455 3913 1535 3981; x_wconf 82' lang='grc' dir='ltr'>τῷ</span> <span class='ocrx_word' id='word_1_439' title='bbox 1567 3913 1690 3980; x_wconf 87' lang='grc' dir='ltr'><strong>Θεῷ</strong></span> <span class='ocrx_word' id='word_1_440' title='bbox 1733 3914 1884 3983; x_wconf 83' lang='grc' dir='ltr'>πρὸς</span> 
     </span>
    </p>
   </div>
   <div class='ocr_carea' id='block_1_59' title="bbox 302 4004 1886 4077">
    <p class='ocr_par' dir='ltr' id='par_1_59' title="bbox 302 4004 1886 4077">
     <span class='ocr_line' id='line_1_59' title="bbox 302 4004 1886 4077; baseline 0.001 -18"><span class='ocrx_word' id='word_1_441' title='bbox 302 4005 652 4073; x_wconf 81' lang='grc' dir='ltr'>καθαίρεσιν</span> <span class='ocrx_word' id='word_1_442' title='bbox 689 4004 1119 4074; x_wconf 80' lang='grc' dir='ltr'>ὀχυρωμάτων·</span> <span class='ocrx_word' id='word_1_443' title='bbox 1160 4005 1493 4076; x_wconf 76' lang='grc' dir='ltr'>λογισμοὺς</span> <span class='ocrx_word' id='word_1_444' title='bbox 1534 4006 1886 4077; x_wconf 78' lang='grc' dir='ltr'><strong>καθαιροῦν⁶</strong></span> 
     </span>
    </p>
   </div>
   <div class='ocr_carea' id='block_1_60' title="bbox 303 4094 1882 4169">
    <p class='ocr_par' dir='ltr' id='par_1_60' title="bbox 303 4094 1882 4169">
     <span class='ocr_line' id='line_1_60' title="bbox 303 4094 1882 4169; baseline 0.001 -19"><span class='ocrx_word' id='word_1_445' title='bbox 303 4112 421 4163; x_wconf 82' lang='grc' dir='ltr'>τες,</span> <span class='ocrx_word' id='word_1_446' title='bbox 455 4094 553 4149; x_wconf 80' lang='grc' dir='ltr'><strong>καὶ</strong></span> <span class='ocrx_word' id='word_1_447' title='bbox 583 4094 706 4151; x_wconf 84' lang='grc' dir='ltr'>πᾶν</span> <span class='ocrx_word' id='word_1_448' title='bbox 730 4097 947 4165; x_wconf 73' lang='grc' dir='ltr'>ὕψωμα</span> <span class='ocrx_word' id='word_1_449' title='bbox 980 4097 1378 4167; x_wconf 77' lang='grc' dir='ltr'>ἐπαιρόμενον</span> <span class='ocrx_word' id='word_1_450' title='bbox 1404 4097 1554 4152; x_wconf 83' lang='grc' dir='ltr'>κατὰ</span> <span class='ocrx_word' id='word_1_451' title='bbox 1583 4097 1694 4166; x_wconf 85' lang='grc' dir='ltr'>τῆς</span> <span class='ocrx_word' id='word_1_452' title='bbox 1734 4096 1882 4169; x_wconf 74' lang='grc' dir='ltr'>γνώ-</span> 
     </span>
    </p>
   </div>
   <div class='ocr_carea' id='block_1_61' title="bbox 304 4187 1888 4261">
    <p class='ocr_par' dir='ltr' id='par_1_61' title="bbox 304 4187 1888 4261">
     <span class='ocr_line' id='line_1_61' title="bbox 304 4187 1888 4261; baseline 0.002 -19"><span class='ocrx_word' id='word_1_453' title='bbox 304 4201 457 4254; x_wconf 88' lang='grc' dir='ltr'>σεως</span> <span class='ocrx_word' id='word_1_454' title='bbox 486 4188 593 4243; x_wconf 87' lang='grc' dir='ltr'><strong>τοῦ</strong></span> <span class='ocrx_word' id='word_1_455' title='bbox 623 4187 802 4243; x_wconf 86' lang='grc' dir='ltr'>Θεοῦ·</span> <span class='ocrx_word' id='word_1_456' title='bbox 848 4189 947 4242; x_wconf 74' lang='grc' dir='ltr'>καί</span> <span class='ocrx_word' id='word_1_457' title='bbox 979 4187 1518 4257; x_wconf 71' lang='grc' dir='ltr'>αἰχμαλωτίζοντες</span> <span class='ocrx_word' id='word_1_458' title='bbox 1540 4189 1664 4245; x_wconf 83' lang='grc' dir='ltr'>πᾶν</span> <span class='ocrx_word' id='word_1_459' title='bbox 1690 4192 1888 4261; x_wconf 81' lang='grc' dir='ltr'>νόημα</span> 
     </span>
    </p>
   </div>
   <div class='ocr_carea' id='block_1_62' title="bbox 304 4279 1889 4352">
    <p class='ocr_par' dir='ltr' id='par_1_62' title="bbox 304 4279 1889 4352">
     <span class='ocr_line' id='line_1_62' title="bbox 304 4279 1889 4352; baseline 0.001 -17"><span class='ocrx_word' id='word_1_460' title='bbox 304 4282 391 4346; x_wconf 82' lang='grc' dir='ltr'>εὶς</span> <span class='ocrx_word' id='word_1_461' title='bbox 421 4279 536 4349; x_wconf 81' lang='grc' dir='ltr'>τὴν</span> <span class='ocrx_word' id='word_1_462' title='bbox 562 4279 847 4348; x_wconf 81' lang='grc' dir='ltr'>ὑπακοὴν</span> <span class='ocrx_word' id='word_1_463' title='bbox 895 4280 1005 4335; x_wconf 90' lang='grc' dir='ltr'><strong>τοῦ</strong></span> <span class='ocrx_word' id='word_1_464' title='bbox 1046 4280 1308 4349; x_wconf 85' lang='grc' dir='ltr'>Χριστοῦ</span> <span class='ocrx_word' id='word_1_465' title='bbox 1334 4296 1348 4309; x_wconf 91' lang='grc'><strong>·</strong></span> <span class='ocrx_word' id='word_1_466' title='bbox 1403 4280 1505 4335; x_wconf 80' lang='grc' dir='ltr'><strong>καὶ</strong></span> <span class='ocrx_word' id='word_1_467' title='bbox 1556 4282 1627 4336; x_wconf 79' lang='grc' dir='ltr'>ἐν</span> <span class='ocrx_word' id='word_1_468' title='bbox 1674 4282 1889 4352; x_wconf 76' lang='grc' dir='ltr'>ἑτοίμῳ</span> 
     </span>
    </p>
   </div>
   <div class='ocr_carea' id='block_1_63' title="bbox 304 4369 1889 4442">
    <p class='ocr_par' dir='ltr' id='par_1_63' title="bbox 304 4369 1889 4442">
     <span class='ocr_line' id='line_1_63' title="bbox 304 4369 1889 4442; baseline 0.001 -16"><span class='ocrx_word' id='word_1_469' title='bbox 304 4371 550 4442; x_wconf 82' lang='grc' dir='ltr'>ἔχοντες</span> <span class='ocrx_word' id='word_1_470' title='bbox 581 4371 898 4441; x_wconf 80' lang='grc' dir='ltr'><strong>ἐκδικῆσαι</strong></span> <span class='ocrx_word' id='word_1_471' title='bbox 923 4371 1131 4427; x_wconf 87' lang='grc' dir='ltr'>πᾶσαν</span> <span class='ocrx_word' id='word_1_472' title='bbox 1157 4372 1491 4441; x_wconf 83' lang='grc' dir='ltr'>παρακοήν.</span> <span class='ocrx_word' id='word_1_473' title='bbox 1523 4374 1649 4427; x_wconf 85' lang='grc' dir='ltr'><strong>Ἑάν</strong></span> <span class='ocrx_word' id='word_1_474' title='bbox 1673 4369 1765 4428; x_wconf 84' lang='grc' dir='ltr'><strong>οῦν</strong></span> <span class='ocrx_word' id='word_1_475' title='bbox 1795 4374 1889 4429; x_wconf 78' lang='grc' dir='ltr'>καὶ</span> 
     </span>
    </p>
   </div>
   <div class='ocr_carea' id='block_1_64' title="bbox 307 4464 1970 4540">
    <p class='ocr_par' dir='ltr' id='par_1_64' title="bbox 307 4464 1970 4540">
     <span class='ocr_line' id='line_1_64' title="bbox 307 4464 1970 4540; baseline 0.002 -23"><span class='ocrx_word' id='word_1_476' title='bbox 307 4464 372 4517; x_wconf 79' lang='grc' dir='ltr'><strong>σὺ</strong></span> <span class='ocrx_word' id='word_1_477' title='bbox 404 4465 617 4536; x_wconf 81' lang='grc' dir='ltr'>μιμήσῃ</span> <span class='ocrx_word' id='word_1_478' title='bbox 666 4465 793 4529; x_wconf 79' lang='grc' dir='ltr'>τοὺς</span> <span class='ocrx_word' id='word_1_479' title='bbox 834 4465 1045 4535; x_wconf 84' lang='grc' dir='ltr'>ἁγίους,</span> <span class='ocrx_word' id='word_1_480' title='bbox 1084 4466 1178 4520; x_wconf 72' lang='grc' dir='ltr'><strong>καὶ</strong></span> <span class='ocrx_word' id='word_1_481' title='bbox 1214 4465 1467 4537; x_wconf 76' lang='grc' dir='ltr'>ἐμπόνως</span> <span class='ocrx_word' id='word_1_482' title='bbox 1499 4466 1769 4540; x_wconf 74' lang='grc' dir='ltr'>σχολάσῃς</span> <span class='ocrx_word' id='word_1_483' title='bbox 1813 4467 1891 4539; x_wconf 86' lang='grc' dir='ltr'>τῷ</span> <span class='ocrx_word' id='word_1_484' title='bbox 1921 4470 1970 4530; x_wconf 90' lang='lat' dir='ltr'><strong>D</strong></span> 
     </span>
    </p>
   </div>
   <div class='ocr_carea' id='block_1_65' title="bbox 306 4554 956 4630">
    <p class='ocr_par' dir='ltr' id='par_1_65' title="bbox 306 4554 956 4630">
     <span class='ocr_line' id='line_1_65' title="bbox 306 4554 956 4630; baseline 0.006 -23"><span class='ocrx_word' id='word_1_485' title='bbox 306 4554 446 4626; x_wconf 82' lang='grc' dir='ltr'>Θεῷ,</span> <span class='ocrx_word' id='word_1_486' title='bbox 482 4556 582 4630; x_wconf 76' lang='grc' dir='ltr'><strong>ἔσῃ</strong></span> <span class='ocrx_word' id='word_1_487' title='bbox 602 4557 956 4627; x_wconf 75' lang='grc' dir='ltr'>νηφόμενος.ι</span> 
     </span>
    </p>
   </div>
   <div class='ocr_carea' id='block_1_66' title="bbox 380 4645 1889 4721">
    <p class='ocr_par' dir='ltr' id='par_1_66' title="bbox 380 4645 1889 4721">
     <span class='ocr_line' id='line_1_66' title="bbox 380 4645 1889 4721; baseline 0.003 -21"><span class='ocrx_word' id='word_1_488' title='bbox 380 4646 465 4701; x_wconf 77' lang='grc' dir='ltr'>ιϐ’.</span> <span class='ocrx_word' id='word_1_489' title='bbox 494 4648 604 4702; x_wconf 75' lang='grc' dir='ltr'>Καὶ</span> <span class='ocrx_word' id='word_1_490' title='bbox 624 4649 654 4702; x_wconf 91' lang='lat'><strong>6</strong></span> <span class='ocrx_word' id='word_1_491' title='bbox 695 4649 946 4719; x_wconf 79' lang='grc' dir='ltr'>’Δδελφδς</span> <span class='ocrx_word' id='word_1_492' title='bbox 970 4645 1092 4704; x_wconf 85' lang='grc' dir='ltr'>εἷπε</span> <span class='ocrx_word' id='word_1_493' title='bbox 1115 4667 1129 4681; x_wconf 94' lang='grc'><strong>·</strong></span> <span class='ocrx_word' id='word_1_494' title='bbox 1160 4651 1269 4704; x_wconf 73' lang='grc' dir='ltr'>Καὶ</span> <span class='ocrx_word' id='word_1_495' title='bbox 1294 4651 1349 4704; x_wconf 84' lang='grc' dir='ltr'><strong>τί</strong></span> <span class='ocrx_word' id='word_1_496' title='bbox 1365 4649 1564 4719; x_wconf 79' lang='grc' dir='ltr'>ὤφειλὲ</span> <span class='ocrx_word' id='word_1_497' title='bbox 1591 4668 1674 4715; x_wconf 82' lang='grc' dir='ltr'><strong>τις</strong></span> <span class='ocrx_word' id='word_1_498' title='bbox 1693 4655 1889 4721; x_wconf 85' lang='grc' dir='ltr'>ποιεῖν,</span> 
     </span>
    </p>
   </div>
   <div class='ocr_carea' id='block_1_67' title="bbox 304 4740 1890 4816">
    <p class='ocr_par' dir='ltr' id='par_1_67' title="bbox 304 4740 1890 4816">
     <span class='ocr_line' id='line_1_67' title="bbox 304 4740 1890 4816; baseline 0.004 -23"><span class='ocrx_word' id='word_1_499' title='bbox 304 4740 510 4812; x_wconf 85' lang='grc' dir='ltr'>Πάτερ,</span> <span class='ocrx_word' id='word_1_500' title='bbox 547 4742 638 4796; x_wconf 86' lang='grc' dir='ltr'><strong>ἴνα</strong></span> <span class='ocrx_word' id='word_1_501' title='bbox 667 4741 1034 4806; x_wconf 84' lang='grc' dir='ltr'>ἀδιαλείπτως</span> <span class='ocrx_word' id='word_1_502' title='bbox 1060 4743 1265 4815; x_wconf 74' lang='grc' dir='ltr'>δυνηθῇ</span> <span class='ocrx_word' id='word_1_503' title='bbox 1300 4743 1585 4815; x_wconf 75' lang='grc' dir='ltr'>σχολάζειν</span> <span class='ocrx_word' id='word_1_504' title='bbox 1627 4744 1705 4815; x_wconf 81' lang='grc' dir='ltr'><strong>τῷ</strong></span> <span class='ocrx_word' id='word_1_505' title='bbox 1732 4745 1890 4816; x_wconf 84' lang='grc' dir='ltr'>Θεῷ;</span> 
     </span>
    </p>
   </div>
   <div class='ocr_carea' id='block_1_68' title="bbox 308 4833 1892 4906">
    <p class='ocr_par' dir='ltr' id='par_1_68' title="bbox 308 4833 1892 4906">
     <span class='ocr_line' id='line_1_68' title="bbox 308 4833 1892 4906; baseline 0.003 -19"><span class='ocrx_word' id='word_1_506' title='bbox 308 4833 417 4887; x_wconf 75' lang='grc' dir='ltr'><strong>Καὶ</strong></span> <span class='ocrx_word' id='word_1_507' title='bbox 467 4833 738 4905; x_wconf 85' lang='grc' dir='ltr'>ἀπεκρίθη</span> <span class='ocrx_word' id='word_1_508' title='bbox 787 4837 815 4888; x_wconf 92' lang='lat'><strong>6</strong></span> <span class='ocrx_word' id='word_1_509' title='bbox 855 4834 1054 4906; x_wconf 80' lang='grc' dir='ltr'>γέρων·</span> <span class='ocrx_word' id='word_1_510' title='bbox 1114 4835 1404 4889; x_wconf 81' lang='grc' dir='ltr'>Ἀδύνατον</span> <span class='ocrx_word' id='word_1_511' title='bbox 1434 4836 1497 4890; x_wconf 85' lang='grc' dir='ltr'>τὸ</span> <span class='ocrx_word' id='word_1_512' title='bbox 1519 4837 1645 4891; x_wconf 89' lang='grc' dir='ltr'>νοῦν</span> <span class='ocrx_word' id='word_1_513' title='bbox 1669 4838 1892 4903; x_wconf 85' lang='grc' dir='ltr'>τελείως</span> 
     </span>
    </p>
   </div>
   <div class='ocr_carea' id='block_1_69' title="bbox 312 4923 1892 5002">
    <p class='ocr_par' dir='ltr' id='par_1_69' title="bbox 312 4923 1892 5002">
     <span class='ocr_line' id='line_1_69' title="bbox 312 4923 1892 5002; baseline 0.005 -25"><span class='ocrx_word' id='word_1_514' title='bbox 312 4924 573 4995; x_wconf 84' lang='grc' dir='ltr'>σχολάσαι</span> <span class='ocrx_word' id='word_1_515' title='bbox 592 4923 670 4995; x_wconf 81' lang='grc' dir='ltr'>τῷ</span> <span class='ocrx_word' id='word_1_516' title='bbox 703 4924 845 4996; x_wconf 82' lang='grc' dir='ltr'>Θεῷ,</span> <span class='ocrx_word' id='word_1_517' title='bbox 869 4924 964 4979; x_wconf 72' lang='grc' dir='ltr'>ἐάν</span> <span class='ocrx_word' id='word_1_518' title='bbox 996 4925 1071 4996; x_wconf 80' lang='grc' dir='ltr'><strong>μὴ</strong></span> <span class='ocrx_word' id='word_1_519' title='bbox 1103 4927 1201 4990; x_wconf 85' lang='grc' dir='ltr'><strong>τάς</strong></span> <span class='ocrx_word' id='word_1_520' title='bbox 1224 4930 1376 4998; x_wconf 82' lang='grc' dir='ltr'>τρεῖς</span> <span class='ocrx_word' id='word_1_521' title='bbox 1394 4927 1600 4992; x_wconf 83' lang='grc' dir='ltr'>ταύτας</span> <span class='ocrx_word' id='word_1_522' title='bbox 1621 4930 1892 5002; x_wconf 78' lang='grc' dir='ltr'>κτήσηται</span> 
     </span>
    </p>
   </div>
   <div class='ocr_carea' id='block_1_70' title="bbox 309 5016 1893 5094">
    <p class='ocr_par' dir='ltr' id='par_1_70' title="bbox 309 5016 1893 5094">
     <span class='ocr_line' id='line_1_70' title="bbox 309 5016 1893 5094; baseline 0.004 -23"><span class='ocrx_word' id='word_1_523' title='bbox 309 5016 512 5088; x_wconf 82' lang='grc' dir='ltr'>ἀρετάς</span> <span class='ocrx_word' id='word_1_524' title='bbox 537 5032 551 5047; x_wconf 96' lang='grc'><strong>·</strong></span> <span class='ocrx_word' id='word_1_525' title='bbox 585 5016 684 5088; x_wconf 83' lang='grc' dir='ltr'>τὴν</span> <span class='ocrx_word' id='word_1_526' title='bbox 720 5017 939 5089; x_wconf 85' lang='grc' dir='ltr'>ἀγάπην</span> <span class='ocrx_word' id='word_1_527' title='bbox 970 5018 1134 5087; x_wconf 82' lang='grc' dir='ltr'>λέγω,</span> <span class='ocrx_word' id='word_1_528' title='bbox 1176 5020 1270 5072; x_wconf 75' lang='grc' dir='ltr'><strong>καὶ</strong></span> <span class='ocrx_word' id='word_1_529' title='bbox 1298 5021 1398 5090; x_wconf 80' lang='grc' dir='ltr'><strong>τὴν</strong></span> <span class='ocrx_word' id='word_1_530' title='bbox 1422 5022 1750 5094; x_wconf 75' lang='grc' dir='ltr'>ἐγκράτειαν</span> <span class='ocrx_word' id='word_1_531' title='bbox 1797 5023 1893 5078; x_wconf 74' lang='grc' dir='ltr'>καὶ</span> 
     </span>
    </p>
   </div>
   <div class='ocr_carea' id='block_1_71' title="bbox 310 5109 1893 5185">
    <p class='ocr_par' dir='ltr' id='par_1_71' title="bbox 310 5109 1893 5185">
     <span class='ocr_line' id='line_1_71' title="bbox 310 5109 1893 5185; baseline 0.005 -23"><span class='ocrx_word' id='word_1_532' title='bbox 310 5110 409 5181; x_wconf 82' lang='grc' dir='ltr'><strong>τὴν</strong></span> <span class='ocrx_word' id='word_1_533' title='bbox 435 5110 768 5181; x_wconf 83' lang='grc' dir='ltr'>προσευχήν.</span> <span class='ocrx_word' id='word_1_534' title='bbox 812 5109 879 5163; x_wconf 81' lang='grc' dir='ltr'><strong>Ἦ</strong></span> <span class='ocrx_word' id='word_1_535' title='bbox 912 5110 1011 5180; x_wconf 84' lang='grc' dir='ltr'><strong>μὲν</strong></span> <span class='ocrx_word' id='word_1_536' title='bbox 1044 5112 1152 5183; x_wconf 82' lang='grc' dir='ltr'>γὰρ</span> <span class='ocrx_word' id='word_1_537' title='bbox 1178 5111 1391 5182; x_wconf 89' lang='grc' dir='ltr'>ἀγάπη,</span> <span class='ocrx_word' id='word_1_538' title='bbox 1438 5114 1638 5185; x_wconf 85' lang='grc' dir='ltr'>ήμεροῑ</span> <span class='ocrx_word' id='word_1_539' title='bbox 1668 5115 1758 5169; x_wconf 79' lang='grc' dir='ltr'><strong>τὸν</strong></span> <span class='ocrx_word' id='word_1_540' title='bbox 1798 5115 1893 5170; x_wconf 84' lang='grc' dir='ltr'><strong>θυ-</strong></span> 
     </span>
    </p>
   </div>
   <div class='ocr_carea' id='block_1_72' title="bbox 314 5193 1888 5280">
    <p class='ocr_par' dir='ltr' id='par_1_72' title="bbox 314 5193 1888 5280">
     <span class='ocr_line' id='line_1_72' title="bbox 314 5193 1888 5280; baseline 0.004 -25"><span class='ocrx_word' id='word_1_541' title='bbox 314 5202 415 5273; x_wconf 85' lang='grc' dir='ltr'>μόν</span> <span class='ocrx_word' id='word_1_542' title='bbox 433 5217 448 5233; x_wconf 95' lang='grc'><strong>·</strong></span> <span class='ocrx_word' id='word_1_543' title='bbox 482 5202 516 5271; x_wconf 80' lang='grc' dir='ltr'><strong>ἡ</strong></span> <span class='ocrx_word' id='word_1_544' title='bbox 537 5200 595 5254; x_wconf 78' lang='grc' dir='ltr'>δὲ</span> <span class='ocrx_word' id='word_1_545' title='bbox 620 5200 915 5272; x_wconf 73' lang='grc' dir='ltr'>ἐγκράτεια</span> <span class='ocrx_word' id='word_1_546' title='bbox 940 5193 1054 5273; x_wconf 82' lang='grc' dir='ltr'>(ο),’</span> <span class='ocrx_word' id='word_1_547' title='bbox 1075 5204 1327 5273; x_wconf 86' lang='grc' dir='ltr'>μαραίνει</span> <span class='ocrx_word' id='word_1_548' title='bbox 1352 5205 1449 5276; x_wconf 78' lang='grc' dir='ltr'>τὴν</span> <span class='ocrx_word' id='word_1_549' title='bbox 1484 5206 1783 5278; x_wconf 74' lang='grc' dir='ltr'>ἐπιθυμίαν</span> <span class='ocrx_word' id='word_1_550' title='bbox 1805 5225 1822 5240; x_wconf 96' lang='grc'><strong>·</strong></span> <span class='ocrx_word' id='word_1_551' title='bbox 1855 5210 1888 5280; x_wconf 86' lang='grc' dir='ltr'><strong>ή</strong></span> 
     </span>
    </p>
   </div>
   <div class='ocr_carea' id='block_1_73' title="bbox 314 5291 1890 5383">
    <p class='ocr_par' dir='ltr' id='par_1_73' title="bbox 314 5291 1890 5383">
     <span class='ocr_line' id='line_1_73' title="bbox 314 5291 1890 5383; baseline 0.006 -37"><span class='ocrx_word' id='word_1_552' title='bbox 314 5291 372 5347; x_wconf 77' lang='grc' dir='ltr'>δὲ</span> <span class='ocrx_word' id='word_1_553' title='bbox 404 5291 702 5365; x_wconf 79' lang='grc' dir='ltr'>προσευχὴ,</span> <span class='ocrx_word' id='word_1_554' title='bbox 743 5293 965 5383; x_wconf 60' lang='grc' dir='ltr'>χωρίζει</span> <span class='ocrx_word' id='word_1_555' title='bbox 991 5293 1083 5349; x_wconf 78' lang='grc' dir='ltr'><strong>τὸν</strong></span> <span class='ocrx_word' id='word_1_556' title='bbox 1115 5294 1241 5350; x_wconf 90' lang='grc' dir='ltr'>νοῦν</span> <span class='ocrx_word' id='word_1_557' title='bbox 1290 5296 1508 5351; x_wconf 90' lang='grc' dir='ltr'>πάντων</span> <span class='ocrx_word' id='word_1_558' title='bbox 1544 5298 1653 5352; x_wconf 84' lang='grc' dir='ltr'>τῶν</span> <span class='ocrx_word' id='word_1_559' title='bbox 1684 5301 1890 5371; x_wconf 81' lang='grc' dir='ltr'>νοημά-</span> 
     </span>
    </p>
   </div>
   <div class='ocr_carea' id='block_1_74' title="bbox 378 5432 1309 5499">
    <p class='ocr_par' dir='ltr' id='par_1_74' title="bbox 378 5432 1309 5499">
     <span class='ocr_line' id='line_1_74' title="bbox 378 5432 1309 5499; baseline -0.001 -10"><span class='ocrx_word' id='word_1_560' title='bbox 378 5433 429 5467; x_wconf 77' lang='grc'><strong>³³</strong></span> <span class='ocrx_word' id='word_1_561' title='bbox 451 5432 563 5489; x_wconf 79' lang='lat' dir='ltr'><strong>lac.</strong></span> <span class='ocrx_word' id='word_1_562' title='bbox 598 5449 671 5498; x_wconf 81' lang='lat' dir='ltr'><strong>iv,</strong></span> <span class='ocrx_word' id='word_1_563' title='bbox 705 5433 758 5487; x_wconf 84' lang='lat'><strong>7.</strong></span> <span class='ocrx_word' id='word_1_564' title='bbox 864 5432 909 5465; x_wconf 75' lang='grc'><strong>³⁸</strong></span> <span class='ocrx_word' id='word_1_565' title='bbox 935 5433 1081 5488; x_wconf 87' lang='lat' dir='ltr'><strong>Psal.</strong></span> <span class='ocrx_word' id='word_1_566' title='bbox 1112 5448 1223 5499; x_wconf 81' lang='lat' dir='ltr'><strong>Lm,</strong></span> <span class='ocrx_word' id='word_1_567' title='bbox 1255 5435 1309 5491; x_wconf 90' lang='lat'><strong>9.</strong></span> 
     </span>
    </p>
   </div>
   <div class='ocr_carea' id='block_1_75' title="bbox 303 5498 433 5561">
    <p class='ocr_par' dir='ltr' id='par_1_75' title="bbox 303 5498 433 5561">
     <span class='ocr_line' id='line_1_75' title="bbox 303 5498 433 5561; baseline 0 -1"><span class='ocrx_word' id='word_1_568' title='bbox 303 5498 433 5561; x_wconf 44' lang='lat'><strong>3.6.</strong></span> 
     </span>
    </p>
   </div>
   <div class='ocr_carea' id='block_1_76' title="bbox 389 5616 1896 5693">
    <p class='ocr_par' dir='ltr' id='par_1_76' title="bbox 389 5616 1896 5693">
     <span class='ocr_line' id='line_1_76' title="bbox 389 5616 1896 5693; baseline 0.005 -20"><span class='ocrx_word' id='word_1_569' title='bbox 389 5617 469 5690; x_wconf 84' lang='grc' dir='ltr'><strong>(α)</strong></span> <span class='ocrx_word' id='word_1_570' title='bbox 518 5617 682 5693; x_wconf 76' lang='lat' dir='ltr'><strong>Quod</strong></span> <span class='ocrx_word' id='word_1_571' title='bbox 705 5617 798 5672; x_wconf 91' lang='lat' dir='ltr'><strong>hic</strong></span> <span class='ocrx_word' id='word_1_572' title='bbox 830 5616 1124 5693; x_wconf 82' lang='lat' dir='ltr'><strong>peculiaris</strong></span> <span class='ocrx_word' id='word_1_573' title='bbox 1146 5617 1325 5674; x_wconf 85' lang='lat' dir='ltr'><strong>virtus</strong></span> <span class='ocrx_word' id='word_1_574' title='bbox 1352 5618 1579 5687; x_wconf 87' lang='lat' dir='ltr'><strong>dicitur,</strong></span> <span class='ocrx_word' id='word_1_575' title='bbox 1602 5623 1720 5693; x_wconf 88' lang='lat' dir='ltr'><strong>ipsa</strong></span> <span class='ocrx_word' id='word_1_576' title='bbox 1750 5640 1896 5680; x_wconf 88' lang='lat' dir='ltr'><strong>mar-</strong></span> 
     </span>
    </p>
   </div>
   <div class='ocr_carea' id='block_1_77' title="bbox 319 5687 1892 5758">
    <p class='ocr_par' dir='ltr' id='par_1_77' title="bbox 319 5687 1892 5758">
     <span class='ocr_line' id='line_1_77' title="bbox 319 5687 1892 5758; baseline 0.003 -13"><span class='ocrx_word' id='word_1_577' title='bbox 319 5687 540 5745; x_wconf 70' lang='lat' dir='ltr'><strong>eeSeere</strong></span> <span class='ocrx_word' id='word_1_578' title='bbox 581 5687 810 5752; x_wconf 83' lang='lat' dir='ltr'><strong>faciens,</strong></span> <span class='ocrx_word' id='word_1_579' title='bbox 852 5687 1225 5758; x_wconf 89' lang='lat' dir='ltr'><strong>edomansque</strong></span> <span class='ocrx_word' id='word_1_580' title='bbox 1249 5703 1314 5744; x_wconf 91' lang='lat' dir='ltr'><strong>ae</strong></span> <span class='ocrx_word' id='word_1_581' title='bbox 1344 5687 1641 5747; x_wconf 78' lang='lat' dir='ltr'><strong>macerans</strong></span> <span class='ocrx_word' id='word_1_582' title='bbox 1682 5709 1892 5750; x_wconf 90' lang='lat' dir='ltr'><strong>concu-</strong></span> 
     </span>
    </p>
   </div>
   <div class='ocr_carea' id='block_1_78' title="bbox 331 5757 1891 5832">
    <p class='ocr_par' dir='ltr' id='par_1_78' title="bbox 331 5757 1891 5832">
     <span class='ocr_line' id='line_1_78' title="bbox 331 5757 1891 5832; baseline 0.002 -15"><span class='ocrx_word' id='word_1_583' title='bbox 331 5758 670 5828; x_wconf 76' lang='lat' dir='ltr'><strong>piscentiam,</strong></span> <span class='ocrx_word' id='word_1_584' title='bbox 729 5758 865 5816; x_wconf 91' lang='lat' dir='ltr'><strong>nihil</strong></span> <span class='ocrx_word' id='word_1_585' title='bbox 936 5757 1086 5815; x_wconf 88' lang='lat' dir='ltr'><strong>aliud</strong></span> <span class='ocrx_word' id='word_1_586' title='bbox 1136 5757 1219 5816; x_wconf 78' lang='lat' dir='ltr'><strong>est</strong></span> <span class='ocrx_word' id='word_1_587' title='bbox 1288 5775 1452 5831; x_wconf 89' lang='lat' dir='ltr'><strong>quam</strong></span> <span class='ocrx_word' id='word_1_588' title='bbox 1500 5762 1770 5832; x_wconf 80' lang='lat' dir='ltr'><strong>ieiunium</strong></span> <span class='ocrx_word' id='word_1_589' title='bbox 1836 5775 1891 5820; x_wconf 86' lang='lat' dir='ltr'><strong>et</strong></span> 
     </span>
    </p>
   </div>
   <div class='ocr_carea' id='block_1_79' title="bbox 1408 5435 1866 5506">
    <p class='ocr_par' dir='ltr' id='par_1_79' title="bbox 1408 5435 1866 5506">
     <span class='ocr_line' id='line_1_79' title="bbox 1408 5435 1866 5506; baseline 0.011 -14"><span class='ocrx_word' id='word_1_590' title='bbox 1408 5435 1455 5467; x_wconf 73' lang='lat'>”</span> <span class='ocrx_word' id='word_1_591' title='bbox 1490 5437 1512 5491; x_wconf 85' lang='grc' dir='ltr'>Ι</span> <span class='ocrx_word' id='word_1_592' title='bbox 1543 5437 1692 5493; x_wconf 89' lang='lat' dir='ltr'><strong>Petr.</strong></span> <span class='ocrx_word' id='word_1_593' title='bbox 1719 5456 1774 5506; x_wconf 87' lang='lat' dir='ltr'><strong>v,</strong></span> <span class='ocrx_word' id='word_1_594' title='bbox 1814 5441 1866 5497; x_wconf 87' lang='grc'>8.</span> 
     </span>
    </p>
   </div>
   <div class='ocr_carea' id='block_1_80' title="bbox 1966 5440 2568 5511">
    <p class='ocr_par' dir='ltr' id='par_1_80' title="bbox 1966 5440 2568 5511">
     <span class='ocr_line' id='line_1_80' title="bbox 1966 5440 2568 5511; baseline -0.003 -13"><span class='ocrx_word' id='word_1_595' title='bbox 1966 5440 2011 5473; x_wconf 76' lang='grc'><strong>⁸¹</strong></span> <span class='ocrx_word' id='word_1_596' title='bbox 2060 5441 2254 5497; x_wconf 85' lang='lat' dir='ltr'><strong>Matth.</strong></span> <span class='ocrx_word' id='word_1_597' title='bbox 2286 5444 2435 5511; x_wconf 67' lang='lat' dir='ltr'><strong>xxvi,</strong></span> <span class='ocrx_word' id='word_1_598' title='bbox 2479 5440 2568 5496; x_wconf 75' lang='grc'><strong>41.</strong></span> 
     </span>
    </p>
   </div>
   <div class='ocr_carea' id='block_1_81' title="bbox 1977 1890 3569 1967">
    <p class='ocr_par' dir='ltr' id='par_1_81' title="bbox 1977 1890 3569 1967">
     <span class='ocr_line' id='line_1_81' title="bbox 1977 1890 3569 1967; baseline -0.004 -17"><span class='ocrx_word' id='word_1_599' title='bbox 1977 1912 2085 1967; x_wconf 90' lang='lat' dir='ltr'><strong>qua</strong></span> <span class='ocrx_word' id='word_1_600' title='bbox 2109 1896 2322 1950; x_wconf 87' lang='lat' dir='ltr'><strong>ratione</strong></span> <span class='ocrx_word' id='word_1_601' title='bbox 2354 1894 2618 1964; x_wconf 89' lang='lat' dir='ltr'><strong>consequi</strong></span> <span class='ocrx_word' id='word_1_602' title='bbox 2642 1894 2805 1949; x_wconf 89' lang='lat' dir='ltr'><strong>liceat</strong></span> <span class='ocrx_word' id='word_1_603' title='bbox 2830 1900 3071 1947; x_wconf 86' lang='lat' dir='ltr'><strong>mentem</strong></span> <span class='ocrx_word' id='word_1_604' title='bbox 3095 1890 3333 1945; x_wconf 90' lang='lat' dir='ltr'><strong>sobriam</strong></span> <span class='ocrx_word' id='word_1_605' title='bbox 3355 1906 3419 1944; x_wconf 89' lang='lat' dir='ltr'><strong>ac</strong></span> <span class='ocrx_word' id='word_1_606' title='bbox 3440 1906 3569 1960; x_wconf 91' lang='lat' dir='ltr'><strong>per-</strong></span> 
     </span>
    </p>
   </div>
   <div class='ocr_carea' id='block_1_82' title="bbox 1976 1981 3570 2057">
    <p class='ocr_par' dir='ltr' id='par_1_82' title="bbox 1976 1981 3570 2057">
     <span class='ocr_line' id='line_1_82' title="bbox 1976 1981 3570 2057; baseline -0.004 -16"><span class='ocrx_word' id='word_1_607' title='bbox 1976 1987 2219 2057; x_wconf 80' lang='lat' dir='ltr'><strong>vigilem.</strong></span> <span class='ocrx_word' id='word_1_608' title='bbox 2267 1985 2348 2040; x_wconf 83' lang='lat' dir='ltr'><strong>Ad</strong></span> <span class='ocrx_word' id='word_1_609' title='bbox 2390 2002 2552 2055; x_wconf 88' lang='lat' dir='ltr'><strong>quem</strong></span> <span class='ocrx_word' id='word_1_610' title='bbox 2605 2000 2808 2049; x_wconf 84' lang='lat' dir='ltr'><strong>senex,</strong></span> <span class='ocrx_word' id='word_1_611' title='bbox 2855 1984 3135 2054; x_wconf 81' lang='lat' dir='ltr'><strong>Abnegata</strong></span> <span class='ocrx_word' id='word_1_612' title='bbox 3182 1981 3365 2037; x_wconf 91' lang='lat' dir='ltr'><strong>omnis</strong></span> <span class='ocrx_word' id='word_1_613' title='bbox 3409 1983 3570 2051; x_wconf 88' lang='lat' dir='ltr'><strong>plane</strong></span> 
     </span>
    </p>
   </div>
   <div class='ocr_carea' id='block_1_83' title="bbox 1977 2072 3571 2148">
    <p class='ocr_par' dir='ltr' id='par_1_83' title="bbox 1977 2072 3571 2148">
     <span class='ocr_line' id='line_1_83' title="bbox 1977 2072 3571 2148; baseline -0.004 -16"><span class='ocrx_word' id='word_1_614' title='bbox 1977 2085 2328 2133; x_wconf 88' lang='lat' dir='ltr'><strong>terrenorum</strong></span> <span class='ocrx_word' id='word_1_615' title='bbox 2362 2092 2513 2143; x_wconf 89' lang='lat' dir='ltr'><strong>cura,</strong></span> <span class='ocrx_word' id='word_1_616' title='bbox 2541 2076 2799 2148; x_wconf 85' lang='lat' dir='ltr'><strong>jugisque</strong></span> <span class='ocrx_word' id='word_1_617' title='bbox 2829 2075 3029 2130; x_wconf 74' lang='lat' dir='ltr'><strong>divina:</strong></span> <span class='ocrx_word' id='word_1_618' title='bbox 3059 2074 3358 2144; x_wconf 70' lang='lat' dir='ltr'><strong>Scriptura:</strong></span> <span class='ocrx_word' id='word_1_619' title='bbox 3389 2072 3571 2127; x_wconf 81' lang='lat' dir='ltr'><strong>medi-</strong></span> 
     </span>
    </p>
   </div>
   <div class='ocr_carea' id='block_1_84' title="bbox 1978 2164 3567 2235">
    <p class='ocr_par' dir='ltr' id='par_1_84' title="bbox 1978 2164 3567 2235">
     <span class='ocr_line' id='line_1_84' title="bbox 1978 2164 3567 2235; baseline -0.006 -9"><span class='ocrx_word' id='word_1_620' title='bbox 1978 2170 2137 2234; x_wconf 89' lang='lat' dir='ltr'><strong>tatio,</strong></span> <span class='ocrx_word' id='word_1_621' title='bbox 2166 2170 2220 2224; x_wconf 90' lang='lat' dir='ltr'><strong>in</strong></span> <span class='ocrx_word' id='word_1_622' title='bbox 2245 2169 2342 2225; x_wconf 89' lang='lat' dir='ltr'><strong>Dei</strong></span> <span class='ocrx_word' id='word_1_623' title='bbox 2373 2170 2625 2224; x_wconf 90' lang='lat' dir='ltr'><strong>timorem</strong></span> <span class='ocrx_word' id='word_1_624' title='bbox 2655 2168 2874 2233; x_wconf 87' lang='lat' dir='ltr'><strong>ferunt;</strong></span> <span class='ocrx_word' id='word_1_625' title='bbox 2902 2167 3112 2235; x_wconf 88' lang='lat' dir='ltr'><strong>Deique</strong></span> <span class='ocrx_word' id='word_1_626' title='bbox 3147 2166 3313 2220; x_wconf 89' lang='lat' dir='ltr'><strong>timor</strong></span> <span class='ocrx_word' id='word_1_627' title='bbox 3345 2164 3567 2233; x_wconf 82' lang='lat' dir='ltr'><strong>vigilem</strong></span> 
     </span>
    </p>
   </div>
   <div class='ocr_carea' id='block_1_85' title="bbox 1979 2256 3569 2335">
    <p class='ocr_par' dir='ltr' id='par_1_85' title="bbox 1979 2256 3569 2335">
     <span class='ocr_line' id='line_1_85' title="bbox 1979 2256 3569 2335; baseline -0.008 -15"><span class='ocrx_word' id='word_1_628' title='bbox 1979 2274 2144 2335; x_wconf 88' lang='lat' dir='ltr'><strong>atque</strong></span> <span class='ocrx_word' id='word_1_629' title='bbox 2176 2262 2423 2319; x_wconf 89' lang='lat' dir='ltr'><strong>sobrium</strong></span> <span class='ocrx_word' id='word_1_630' title='bbox 2453 2267 2671 2331; x_wconf 74' lang='lat' dir='ltr'><strong>praestat</strong></span> <span class='ocrx_word' id='word_1_631' title='bbox 2704 2258 2948 2314; x_wconf 88' lang='lat' dir='ltr'><strong>animum</strong></span> <span class='ocrx_word' id='word_1_632' title='bbox 2976 2275 2989 2311; x_wconf 90' lang='lat'><strong>:</strong></span> <span class='ocrx_word' id='word_1_633' title='bbox 3030 2258 3225 2327; x_wconf 87' lang='lat' dir='ltr'><strong>hisque</strong></span> <span class='ocrx_word' id='word_1_634' title='bbox 3249 2256 3338 2310; x_wconf 88' lang='lat' dir='ltr'><strong>ille</strong></span> <span class='ocrx_word' id='word_1_635' title='bbox 3374 2256 3569 2320; x_wconf 86' lang='lat' dir='ltr'><strong>fultus,</strong></span> 
     </span>
    </p>
   </div>
   <div class='ocr_carea' id='block_1_86' title="bbox 1979 2347 3570 2430">
    <p class='ocr_par' dir='ltr' id='par_1_86' title="bbox 1979 2347 3570 2430">
     <span class='ocr_line' id='line_1_86' title="bbox 1979 2347 3570 2430; baseline -0.008 -14"><span class='ocrx_word' id='word_1_636' title='bbox 1979 2362 2168 2417; x_wconf 86' lang='lat' dir='ltr'><strong>videre</strong></span> <span class='ocrx_word' id='word_1_637' title='bbox 2201 2360 2396 2430; x_wconf 89' lang='lat' dir='ltr'><strong>incipit</strong></span> <span class='ocrx_word' id='word_1_638' title='bbox 2420 2358 2696 2413; x_wconf 67' lang='lat' dir='ltr'><strong>daemones</strong></span> <span class='ocrx_word' id='word_1_639' title='bbox 2731 2355 3130 2425; x_wconf 88' lang='lat' dir='ltr'><strong>cogitationum</strong></span> <span class='ocrx_word' id='word_1_640' title='bbox 3165 2352 3281 2407; x_wconf 86' lang='lat' dir='ltr'><strong>acie</strong></span> <span class='ocrx_word' id='word_1_641' title='bbox 3306 2350 3452 2405; x_wconf 91' lang='lat' dir='ltr'><strong>bello</strong></span> <span class='ocrx_word' id='word_1_642' title='bbox 3487 2347 3570 2404; x_wconf 88' lang='lat' dir='ltr'><strong>fa-</strong></span> 
     </span>
    </p>
   </div>
   <div class='ocr_carea' id='block_1_87' title="bbox 1982 2441 3567 2525">
    <p class='ocr_par' dir='ltr' id='par_1_87' title="bbox 1982 2441 3567 2525">
     <span class='ocr_line' id='line_1_87' title="bbox 1982 2441 3567 2525; baseline -0.01 -15"><span class='ocrx_word' id='word_1_643' title='bbox 1982 2455 2238 2525; x_wconf 88' lang='lat' dir='ltr'><strong>tigantes,</strong></span> <span class='ocrx_word' id='word_1_644' title='bbox 2265 2461 2429 2521; x_wconf 88' lang='lat' dir='ltr'><strong>atque</strong></span> <span class='ocrx_word' id='word_1_645' title='bbox 2456 2464 2552 2505; x_wconf 90' lang='lat' dir='ltr'><strong>eos</strong></span> <span class='ocrx_word' id='word_1_646' title='bbox 2574 2447 2796 2513; x_wconf 87' lang='lat' dir='ltr'><strong>ulcisci;</strong></span> <span class='ocrx_word' id='word_1_647' title='bbox 2826 2446 2893 2501; x_wconf 86' lang='lat' dir='ltr'><strong>de</strong></span> <span class='ocrx_word' id='word_1_648' title='bbox 2915 2444 3118 2516; x_wconf 88' lang='lat' dir='ltr'><strong>quibus</strong></span> <span class='ocrx_word' id='word_1_649' title='bbox 3143 2442 3328 2498; x_wconf 90' lang='lat' dir='ltr'><strong>aiebat</strong></span> <span class='ocrx_word' id='word_1_650' title='bbox 3355 2441 3527 2497; x_wconf 83' lang='lat' dir='ltr'><strong>David</strong></span> <span class='ocrx_word' id='word_1_651' title='bbox 3553 2457 3567 2494; x_wconf 93' lang='lat'><strong>:</strong></span> 
     </span>
    </p>
   </div>
   <div class='ocr_carea' id='block_1_88' title="bbox 1982 2531 3573 2617">
    <p class='ocr_par' dir='ltr' id='par_1_88' title="bbox 1982 2531 3573 2617">
     <span class='ocr_line' id='line_1_88' title="bbox 1982 2531 3573 2617; baseline -0.008 -17"><span class='ocrx_word' id='word_1_652' title='bbox 1982 2547 2051 2601; x_wconf 87' lang='lat' dir='ltr'><strong>Et</strong></span> <span class='ocrx_word' id='word_1_653' title='bbox 2080 2561 2241 2617; x_wconf 87' lang='lat' dir='ltr'><strong>super</strong></span> <span class='ocrx_word' id='word_1_654' title='bbox 2266 2545 2504 2599; x_wconf 86' lang='lat' dir='ltr'><strong>inimicos</strong></span> <span class='ocrx_word' id='word_1_655' title='bbox 2550 2559 2687 2597; x_wconf 85' lang='lat' dir='ltr'><strong>meos</strong></span> <span class='ocrx_word' id='word_1_656' title='bbox 2727 2539 2957 2610; x_wconf 76' lang='lat' dir='ltr'><strong>inspexit</strong></span> <span class='ocrx_word' id='word_1_657' title='bbox 2988 2534 3168 2590; x_wconf 78' lang='lat' dir='ltr'><strong>oculus</strong></span> <span class='ocrx_word' id='word_1_658' title='bbox 3205 2551 3350 2589; x_wconf 87' lang='lat' dir='ltr'><strong>meus</strong></span> <span class='ocrx_word' id='word_1_659' title='bbox 3392 2534 3457 2587; x_wconf 79' lang='lat'><strong>”.</strong></span> <span class='ocrx_word' id='word_1_660' title='bbox 3489 2531 3573 2588; x_wconf 83' lang='lat' dir='ltr'><strong>Ad</strong></span> 
     </span>
    </p>
   </div>
   <div class='ocr_carea' id='block_1_89' title="bbox 1981 2624 3570 2706">
    <p class='ocr_par' dir='ltr' id='par_1_89' title="bbox 1981 2624 3570 2706">
     <span class='ocr_line' id='line_1_89' title="bbox 1981 2624 3570 2706; baseline -0.009 -15"><span class='ocrx_word' id='word_1_661' title='bbox 1981 2637 2126 2691; x_wconf 89' lang='lat' dir='ltr'><strong>hanc</strong></span> <span class='ocrx_word' id='word_1_662' title='bbox 2159 2649 2380 2706; x_wconf 89' lang='lat' dir='ltr'><strong>quoque</strong></span> <span class='ocrx_word' id='word_1_663' title='bbox 2415 2635 2616 2688; x_wconf 87' lang='lat' dir='ltr'><strong>luctam</strong></span> <span class='ocrx_word' id='word_1_664' title='bbox 2651 2632 2849 2686; x_wconf 86' lang='lat' dir='ltr'><strong>Petrus</strong></span> <span class='ocrx_word' id='word_1_665' title='bbox 2892 2629 3152 2698; x_wconf 87' lang='lat' dir='ltr'><strong>princeps</strong></span> <span class='ocrx_word' id='word_1_666' title='bbox 3197 2624 3570 2695; x_wconf 88' lang='lat' dir='ltr'><strong>apostolorum</strong></span> 
     </span>
    </p>
   </div>
   <div class='ocr_carea' id='block_1_90' title="bbox 1982 2716 3574 2797">
    <p class='ocr_par' dir='ltr' id='par_1_90' title="bbox 1982 2716 3574 2797">
     <span class='ocr_line' id='line_1_90' title="bbox 1982 2716 3574 2797; baseline -0.009 -14"><span class='ocrx_word' id='word_1_667' title='bbox 1982 2727 2285 2797; x_wconf 89' lang='lat' dir='ltr'><strong>discipulos</strong></span> <span class='ocrx_word' id='word_1_668' title='bbox 2305 2725 2572 2789; x_wconf 79' lang='lat' dir='ltr'><strong>excitans,</strong></span> <span class='ocrx_word' id='word_1_669' title='bbox 2593 2724 2775 2795; x_wconf 88' lang='lat' dir='ltr'><strong>ajebat</strong></span> <span class='ocrx_word' id='word_1_670' title='bbox 2802 2740 2814 2776; x_wconf 94' lang='lat'>:</span> <span class='ocrx_word' id='word_1_671' title='bbox 2845 2720 3017 2776; x_wconf 87' lang='lat' dir='ltr'><strong>Sobrii</strong></span> <span class='ocrx_word' id='word_1_672' title='bbox 3043 2727 3224 2783; x_wconf 87' lang='lat' dir='ltr'><strong>estote,</strong></span> <span class='ocrx_word' id='word_1_673' title='bbox 3251 2726 3301 2771; x_wconf 86' lang='lat' dir='ltr'><strong>et</strong></span> <span class='ocrx_word' id='word_1_674' title='bbox 3326 2716 3574 2788; x_wconf 84' lang='lat' dir='ltr'><strong>vigilate;</strong></span> 
     </span>
    </p>
   </div>
   <div class='ocr_carea' id='block_1_91' title="bbox 1983 2808 3574 2888">
    <p class='ocr_par' dir='ltr' id='par_1_91' title="bbox 1983 2808 3574 2888">
     <span class='ocr_line' id='line_1_91' title="bbox 1983 2808 3574 2888; baseline -0.004 -18"><span class='ocrx_word' id='word_1_675' title='bbox 1983 2818 2108 2888; x_wconf 88' lang='lat' dir='ltr'><strong>quia</strong></span> <span class='ocrx_word' id='word_1_676' title='bbox 2141 2817 2476 2871; x_wconf 82' lang='lat' dir='ltr'><strong>adversarius</strong></span> <span class='ocrx_word' id='word_1_677' title='bbox 2510 2822 2679 2869; x_wconf 81' lang='lat' dir='ltr'><strong>vester</strong></span> <span class='ocrx_word' id='word_1_678' title='bbox 2710 2812 2973 2876; x_wconf 77' lang='lat' dir='ltr'><strong>diabolus,</strong></span> <span class='ocrx_word' id='word_1_679' title='bbox 2998 2812 3163 2882; x_wconf 77' lang='lat'><strong>376</strong></span> <span class='ocrx_word' id='word_1_680' title='bbox 3200 2820 3457 2880; x_wconf 87' lang='lat' dir='ltr'><strong>tanquam</strong></span> <span class='ocrx_word' id='word_1_681' title='bbox 3494 2808 3574 2863; x_wconf 91' lang='lat' dir='ltr'><strong>leo</strong></span> 
     </span>
    </p>
   </div>
   <div class='ocr_carea' id='block_1_92' title="bbox 1983 2903 3576 2980">
    <p class='ocr_par' dir='ltr' id='par_1_92' title="bbox 1983 2903 3576 2980">
     <span class='ocr_line' id='line_1_92' title="bbox 1983 2903 3576 2980; baseline -0.005 -16"><span class='ocrx_word' id='word_1_682' title='bbox 1983 2909 2219 2980; x_wconf 81' lang='lat' dir='ltr'><strong>rugiens,</strong></span> <span class='ocrx_word' id='word_1_683' title='bbox 2258 2909 2441 2962; x_wconf 82' lang='lat' dir='ltr'><strong>circuit</strong></span> <span class='ocrx_word' id='word_1_684' title='bbox 2488 2922 2729 2978; x_wconf 63' lang='lat' dir='ltr'><strong>quaerens</strong></span> <span class='ocrx_word' id='word_1_685' title='bbox 2772 2921 2931 2977; x_wconf 84' lang='lat' dir='ltr'><strong>quem</strong></span> <span class='ocrx_word' id='word_1_686' title='bbox 2964 2904 3193 2969; x_wconf 84' lang='lat' dir='ltr'><strong>devoret,</strong></span> <span class='ocrx_word' id='word_1_687' title='bbox 3231 2903 3315 2956; x_wconf 85' lang='lat' dir='ltr'><strong>cui</strong></span> <span class='ocrx_word' id='word_1_688' title='bbox 3351 2903 3576 2956; x_wconf 83' lang='lat' dir='ltr'><strong>resistite</strong></span> 
     </span>
    </p>
   </div>
   <div class='ocr_carea' id='block_1_93' title="bbox 1984 2994 3577 3073">
    <p class='ocr_par' dir='ltr' id='par_1_93' title="bbox 1984 2994 3577 3073">
     <span class='ocr_line' id='line_1_93' title="bbox 1984 2994 3577 3073; baseline -0.006 -17"><span class='ocrx_word' id='word_1_689' title='bbox 1984 3001 2144 3073; x_wconf 79' lang='lat' dir='ltr'><strong>fortes</strong></span> <span class='ocrx_word' id='word_1_690' title='bbox 2179 3002 2236 3056; x_wconf 87' lang='lat' dir='ltr'><strong>in</strong></span> <span class='ocrx_word' id='word_1_691' title='bbox 2276 2999 2382 3069; x_wconf 80' lang='lat' dir='ltr'><strong>ﬁde</strong></span> <span class='ocrx_word' id='word_1_692' title='bbox 2415 3000 2481 3053; x_wconf 72' lang='grc'><strong>⁸⁸.</strong></span> <span class='ocrx_word' id='word_1_693' title='bbox 2517 2998 2661 3065; x_wconf 86' lang='lat' dir='ltr'><strong>Quin</strong></span> <span class='ocrx_word' id='word_1_694' title='bbox 2696 2998 2864 3053; x_wconf 87' lang='lat' dir='ltr'><strong>etiam</strong></span> <span class='ocrx_word' id='word_1_695' title='bbox 2904 2996 3214 3051; x_wconf 88' lang='lat' dir='ltr'><strong>Dominus:</strong></span> <span class='ocrx_word' id='word_1_696' title='bbox 3246 2994 3491 3066; x_wconf 85' lang='lat' dir='ltr'><strong>Vigilate,</strong></span> <span class='ocrx_word' id='word_1_697' title='bbox 3526 3002 3577 3047; x_wconf 87' lang='lat' dir='ltr'><strong>et</strong></span> 
     </span>
    </p>
   </div>
   <div class='ocr_carea' id='block_1_94' title="bbox 1985 3086 3575 3160">
    <p class='ocr_par' dir='ltr' id='par_1_94' title="bbox 1985 3086 3575 3160">
     <span class='ocr_line' id='line_1_94' title="bbox 1985 3086 3575 3160; baseline -0.006 -10"><span class='ocrx_word' id='word_1_698' title='bbox 1985 3102 2154 3160; x_wconf 89' lang='lat' dir='ltr'><strong>orate,</strong></span> <span class='ocrx_word' id='word_1_699' title='bbox 2182 3102 2240 3149; x_wconf 89' lang='lat' dir='ltr'><strong>ut</strong></span> <span class='ocrx_word' id='word_1_700' title='bbox 2263 3109 2368 3148; x_wconf 87' lang='lat' dir='ltr'><strong>non</strong></span> <span class='ocrx_word' id='word_1_701' title='bbox 2389 3092 2599 3147; x_wconf 78' lang='lat' dir='ltr'><strong>intretis</strong></span> <span class='ocrx_word' id='word_1_702' title='bbox 2622 3091 3047 3146; x_wconf 88' lang='lat' dir='ltr'><strong>intentationem</strong></span> <span class='ocrx_word' id='word_1_703' title='bbox 3072 3089 3142 3141; x_wconf 72' lang='lat'><strong>“.</strong></span> <span class='ocrx_word' id='word_1_704' title='bbox 3165 3087 3270 3143; x_wconf 86' lang='lat' dir='ltr'><strong>Sed</strong></span> <span class='ocrx_word' id='word_1_705' title='bbox 3293 3096 3349 3143; x_wconf 92' lang='lat' dir='ltr'><strong>ct</strong></span> <span class='ocrx_word' id='word_1_706' title='bbox 3380 3086 3575 3141; x_wconf 84' lang='lat' dir='ltr'><strong>Eccle-</strong></span> 
     </span>
    </p>
   </div>
   <div class='ocr_carea' id='block_1_95' title="bbox 1986 3178 3577 3255">
    <p class='ocr_par' dir='ltr' id='par_1_95' title="bbox 1986 3178 3577 3255">
     <span class='ocr_line' id='line_1_95' title="bbox 1986 3178 3577 3255; baseline -0.007 -14"><span class='ocrx_word' id='word_1_707' title='bbox 1986 3186 2182 3242; x_wconf 88' lang='lat' dir='ltr'><strong>siastes</strong></span> <span class='ocrx_word' id='word_1_708' title='bbox 2208 3186 2288 3240; x_wconf 87' lang='lat' dir='ltr'><strong>ait</strong></span> <span class='ocrx_word' id='word_1_709' title='bbox 2315 3202 2329 3239; x_wconf 88' lang='lat'><strong>:</strong></span> <span class='ocrx_word' id='word_1_710' title='bbox 2358 3182 2416 3238; x_wconf 90' lang='lat' dir='ltr'><strong>Si</strong></span> <span class='ocrx_word' id='word_1_711' title='bbox 2436 3184 2653 3255; x_wconf 87' lang='lat' dir='ltr'><strong>spiritus</strong></span> <span class='ocrx_word' id='word_1_712' title='bbox 2680 3189 2992 3254; x_wconf 86' lang='lat' dir='ltr'><strong>potestatem</strong></span> <span class='ocrx_word' id='word_1_713' title='bbox 3015 3180 3252 3234; x_wconf 84' lang='lat' dir='ltr'><strong>habentis</strong></span> <span class='ocrx_word' id='word_1_714' title='bbox 3278 3178 3577 3233; x_wconf 79' lang='lat' dir='ltr'><strong>ascenderit</strong></span> 
     </span>
    </p>
   </div>
   <div class='ocr_carea' id='block_1_96' title="bbox 1982 3268 3578 3350">
    <p class='ocr_par' dir='ltr' id='par_1_96' title="bbox 1982 3268 3578 3350">
     <span class='ocr_line' id='line_1_96' title="bbox 1982 3268 3578 3350; baseline -0.006 -17"><span class='ocrx_word' id='word_1_715' title='bbox 1982 3294 2142 3350; x_wconf 85' lang='lat' dir='ltr'><strong>super</strong></span> <span class='ocrx_word' id='word_1_716' title='bbox 2173 3285 2242 3344; x_wconf 89' lang='lat' dir='ltr'><strong>te,</strong></span> <span class='ocrx_word' id='word_1_717' title='bbox 2274 3277 2446 3331; x_wconf 87' lang='lat' dir='ltr'><strong>locum</strong></span> <span class='ocrx_word' id='word_1_718' title='bbox 2475 3285 2626 3330; x_wconf 87' lang='lat' dir='ltr'><strong>tuum</strong></span> <span class='ocrx_word' id='word_1_719' title='bbox 2672 3291 2736 3328; x_wconf 88' lang='lat' dir='ltr'><strong>ne</strong></span> <span class='ocrx_word' id='word_1_720' title='bbox 2778 3274 3036 3327; x_wconf 88' lang='lat' dir='ltr'><strong>dimiseris</strong></span> <span class='ocrx_word' id='word_1_721' title='bbox 3072 3272 3137 3326; x_wconf 76' lang='lat'><strong>“.</strong></span> <span class='ocrx_word' id='word_1_722' title='bbox 3188 3271 3361 3326; x_wconf 88' lang='lat' dir='ltr'><strong>Porro</strong></span> <span class='ocrx_word' id='word_1_723' title='bbox 3405 3268 3578 3324; x_wconf 88' lang='lat' dir='ltr'><strong>animi</strong></span> 
     </span>
    </p>
   </div>
   <div class='ocr_carea' id='block_1_97' title="bbox 1983 3359 3578 3435">
    <p class='ocr_par' dir='ltr' id='par_1_97' title="bbox 1983 3359 3578 3435">
     <span class='ocr_line' id='line_1_97' title="bbox 1983 3359 3578 3435; baseline -0.008 -9"><span class='ocrx_word' id='word_1_724' title='bbox 1983 3371 2160 3435; x_wconf 89' lang='lat' dir='ltr'><strong>locus,</strong></span> <span class='ocrx_word' id='word_1_725' title='bbox 2186 3371 2368 3425; x_wconf 91' lang='lat' dir='ltr'><strong>virtus</strong></span> <span class='ocrx_word' id='word_1_726' title='bbox 2402 3376 2486 3425; x_wconf 90' lang='lat' dir='ltr'><strong>est</strong></span> <span class='ocrx_word' id='word_1_727' title='bbox 2529 3376 2585 3424; x_wconf 90' lang='lat' dir='ltr'><strong>et</strong></span> <span class='ocrx_word' id='word_1_728' title='bbox 2614 3365 2869 3429; x_wconf 87' lang='lat' dir='ltr'><strong>scientia,</strong></span> <span class='ocrx_word' id='word_1_729' title='bbox 2906 3381 2969 3419; x_wconf 87' lang='lat' dir='ltr'><strong>ac</strong></span> <span class='ocrx_word' id='word_1_730' title='bbox 3015 3365 3179 3419; x_wconf 89' lang='lat' dir='ltr'><strong>timor</strong></span> <span class='ocrx_word' id='word_1_731' title='bbox 3221 3362 3339 3417; x_wconf 88' lang='lat' dir='ltr'><strong>Dei.</strong></span> <span class='ocrx_word' id='word_1_732' title='bbox 3388 3359 3578 3416; x_wconf 64' lang='lat' dir='ltr'><strong>AdmL</strong></span> 
     </span>
    </p>
   </div>
   <div class='ocr_carea' id='block_1_98' title="bbox 1984 3454 3577 3530">
    <p class='ocr_par' dir='ltr' id='par_1_98' title="bbox 1984 3454 3577 3530">
     <span class='ocr_line' id='line_1_98' title="bbox 1984 3454 3577 3530; baseline -0.007 -12"><span class='ocrx_word' id='word_1_733' title='bbox 1984 3462 2193 3518; x_wconf 88' lang='lat' dir='ltr'><strong>randus</strong></span> <span class='ocrx_word' id='word_1_734' title='bbox 2221 3469 2405 3517; x_wconf 85' lang='lat' dir='ltr'><strong>autem</strong></span> <span class='ocrx_word' id='word_1_735' title='bbox 2439 3458 2755 3530; x_wconf 83' lang='lat' dir='ltr'><strong>Apostolus,</strong></span> <span class='ocrx_word' id='word_1_736' title='bbox 2777 3457 2960 3513; x_wconf 89' lang='lat' dir='ltr'><strong>sobrie</strong></span> <span class='ocrx_word' id='word_1_737' title='bbox 2991 3454 3285 3511; x_wconf 90' lang='lat' dir='ltr'><strong>admodum</strong></span> <span class='ocrx_word' id='word_1_738' title='bbox 3321 3463 3577 3509; x_wconf 90' lang='lat' dir='ltr'><strong>strenue-</strong></span> 
     </span>
    </p>
   </div>
   <div class='ocr_carea' id='block_1_99' title="bbox 1984 3545 3576 3624">
    <p class='ocr_par' dir='ltr' id='par_1_99' title="bbox 1984 3545 3576 3624">
     <span class='ocr_line' id='line_1_99' title="bbox 1984 3545 3576 3624; baseline -0.007 -15"><span class='ocrx_word' id='word_1_739' title='bbox 1984 3567 2093 3624; x_wconf 88' lang='lat' dir='ltr'><strong>que</strong></span> <span class='ocrx_word' id='word_1_740' title='bbox 2138 3553 2451 3617; x_wconf 86' lang='lat' dir='ltr'><strong>decertans,</strong></span> <span class='ocrx_word' id='word_1_741' title='bbox 2499 3551 2681 3605; x_wconf 84' lang='lat' dir='ltr'><strong>aiebat</strong></span> <span class='ocrx_word' id='word_1_742' title='bbox 2709 3568 2723 3604; x_wconf 88' lang='lat'><strong>:</strong></span> <span class='ocrx_word' id='word_1_743' title='bbox 2748 3549 2813 3603; x_wconf 83' lang='lat' dir='ltr'><strong>In</strong></span> <span class='ocrx_word' id='word_1_744' title='bbox 2852 3564 3012 3602; x_wconf 90' lang='lat' dir='ltr'><strong>carne</strong></span> <span class='ocrx_word' id='word_1_745' title='bbox 3042 3548 3179 3601; x_wconf 88' lang='lat' dir='ltr'><strong>enim</strong></span> <span class='ocrx_word' id='word_1_746' title='bbox 3222 3545 3576 3612; x_wconf 85' lang='lat' dir='ltr'><strong>ambulantes,</strong></span> 
     </span>
    </p>
   </div>
   <div class='ocr_carea' id='block_1_100' title="bbox 1985 3636 3579 3699">
    <p class='ocr_par' dir='ltr' id='par_1_100' title="bbox 1985 3636 3579 3699">
     <span class='ocr_line' id='line_1_100' title="bbox 1985 3636 3579 3699; baseline -0.005 -1"><span class='ocrx_word' id='word_1_747' title='bbox 1985 3661 2090 3699; x_wconf 86' lang='lat' dir='ltr'><strong>non</strong></span> <span class='ocrx_word' id='word_1_748' title='bbox 2119 3643 2406 3697; x_wconf 86' lang='lat' dir='ltr'><strong>secundum</strong></span> <span class='ocrx_word' id='word_1_749' title='bbox 2430 3658 2646 3696; x_wconf 85' lang='lat' dir='ltr'><strong>carnem</strong></span> <span class='ocrx_word' id='word_1_750' title='bbox 2684 3640 2992 3694; x_wconf 89' lang='lat' dir='ltr'><strong>militamus.</strong></span> <span class='ocrx_word' id='word_1_751' title='bbox 3022 3638 3161 3692; x_wconf 84' lang='lat' dir='ltr'><strong>Nam</strong></span> <span class='ocrx_word' id='word_1_752' title='bbox 3192 3654 3345 3691; x_wconf 91' lang='lat' dir='ltr'><strong>arma</strong></span> <span class='ocrx_word' id='word_1_753' title='bbox 3374 3636 3579 3691; x_wconf 79' lang='lat' dir='ltr'><strong>militia:</strong></span> 
     </span>
    </p>
   </div>
   <div class='ocr_carea' id='block_1_101' title="bbox 1985 3725 3577 3798">
    <p class='ocr_par' dir='ltr' id='par_1_101' title="bbox 1985 3725 3577 3798">
     <span class='ocr_line' id='line_1_101' title="bbox 1985 3725 3577 3798; baseline -0.007 -10"><span class='ocrx_word' id='word_1_754' title='bbox 1985 3741 2180 3789; x_wconf 77' lang='lat' dir='ltr'><strong>nostra:</strong></span> <span class='ocrx_word' id='word_1_755' title='bbox 2223 3749 2327 3785; x_wconf 87' lang='lat' dir='ltr'><strong>non</strong></span> <span class='ocrx_word' id='word_1_756' title='bbox 2360 3730 2603 3784; x_wconf 85' lang='lat' dir='ltr'><strong>carnalia</strong></span> <span class='ocrx_word' id='word_1_757' title='bbox 2636 3739 2783 3793; x_wconf 88' lang='lat' dir='ltr'><strong>sunt,</strong></span> <span class='ocrx_word' id='word_1_758' title='bbox 2813 3728 2905 3783; x_wconf 88' lang='lat' dir='ltr'><strong>sed</strong></span> <span class='ocrx_word' id='word_1_759' title='bbox 2942 3728 3178 3798; x_wconf 87' lang='lat' dir='ltr'><strong>potentia</strong></span> <span class='ocrx_word' id='word_1_760' title='bbox 3210 3725 3318 3779; x_wconf 88' lang='lat' dir='ltr'><strong>Deo</strong></span> <span class='ocrx_word' id='word_1_761' title='bbox 3362 3726 3433 3779; x_wconf 92' lang='lat' dir='ltr'><strong>ad</strong></span> <span class='ocrx_word' id='word_1_762' title='bbox 3483 3725 3577 3777; x_wconf 87' lang='lat' dir='ltr'><strong>de-</strong></span> 
     </span>
    </p>
   </div>
   <div class='ocr_carea' id='block_1_102' title="bbox 1982 3817 3580 3883">
    <p class='ocr_par' dir='ltr' id='par_1_102' title="bbox 1982 3817 3580 3883">
     <span class='ocr_line' id='line_1_102' title="bbox 1982 3817 3580 3883; baseline -0.008 -2"><span class='ocrx_word' id='word_1_763' title='bbox 1982 3824 2325 3881; x_wconf 81' lang='lat' dir='ltr'><strong>structionem</strong></span> <span class='ocrx_word' id='word_1_764' title='bbox 2356 3822 2742 3883; x_wconf 88' lang='lat' dir='ltr'><strong>munitionum;</strong></span> <span class='ocrx_word' id='word_1_765' title='bbox 2769 3817 2989 3871; x_wconf 87' lang='lat' dir='ltr'><strong>consilia</strong></span> <span class='ocrx_word' id='word_1_766' title='bbox 3017 3817 3360 3879; x_wconf 80' lang='lat' dir='ltr'><strong>destruentes,</strong></span> <span class='ocrx_word' id='word_1_767' title='bbox 3394 3823 3442 3868; x_wconf 88' lang='lat' dir='ltr'><strong>et</strong></span> <span class='ocrx_word' id='word_1_768' title='bbox 3466 3831 3580 3868; x_wconf 88' lang='lat' dir='ltr'><strong>om-</strong></span> 
     </span>
    </p>
   </div>
   <div class='ocr_carea' id='block_1_103' title="bbox 1985 3906 3579 3972">
    <p class='ocr_par' dir='ltr' id='par_1_103' title="bbox 1985 3906 3579 3972">
     <span class='ocr_line' id='line_1_103' title="bbox 1985 3906 3579 3972; baseline -0.008 0"><span class='ocrx_word' id='word_1_769' title='bbox 1985 3932 2106 3972; x_wconf 89' lang='lat' dir='ltr'><strong>nem</strong></span> <span class='ocrx_word' id='word_1_770' title='bbox 2142 3912 2476 3969; x_wconf 89' lang='lat' dir='ltr'><strong>altitudinem</strong></span> <span class='ocrx_word' id='word_1_771' title='bbox 2523 3909 2860 3964; x_wconf 78' lang='lat' dir='ltr'><strong>extollentem</strong></span> <span class='ocrx_word' id='word_1_772' title='bbox 2909 3924 2964 3963; x_wconf 90' lang='lat' dir='ltr'><strong>se</strong></span> <span class='ocrx_word' id='word_1_773' title='bbox 3009 3908 3257 3961; x_wconf 85' lang='lat' dir='ltr'><strong>adversus</strong></span> <span class='ocrx_word' id='word_1_774' title='bbox 3302 3906 3579 3960; x_wconf 77' lang='lat' dir='ltr'><strong>scientiam</strong></span> 
     </span>
    </p>
   </div>
   <div class='ocr_carea' id='block_1_104' title="bbox 1984 3996 3578 4074">
    <p class='ocr_par' dir='ltr' id='par_1_104' title="bbox 1984 3996 3578 4074">
     <span class='ocr_line' id='line_1_104' title="bbox 1984 3996 3578 4074; baseline -0.009 -11"><span class='ocrx_word' id='word_1_775' title='bbox 1984 4006 2116 4072; x_wconf 89' lang='lat' dir='ltr'><strong>Dei;</strong></span> <span class='ocrx_word' id='word_1_776' title='bbox 2151 4014 2199 4059; x_wconf 85' lang='lat' dir='ltr'><strong>et</strong></span> <span class='ocrx_word' id='word_1_777' title='bbox 2224 4006 2277 4058; x_wconf 90' lang='lat' dir='ltr'><strong>in</strong></span> <span class='ocrx_word' id='word_1_778' title='bbox 2308 4002 2665 4074; x_wconf 77' lang='lat' dir='ltr'><strong>captivitatem</strong></span> <span class='ocrx_word' id='word_1_779' title='bbox 2698 4000 2988 4070; x_wconf 84' lang='lat' dir='ltr'><strong>redigentes</strong></span> <span class='ocrx_word' id='word_1_780' title='bbox 3019 4015 3224 4052; x_wconf 87' lang='lat' dir='ltr'><strong>omnem</strong></span> <span class='ocrx_word' id='word_1_781' title='bbox 3252 3996 3578 4051; x_wconf 72' lang='lat' dir='ltr'><strong>intellectum</strong></span> 
     </span>
    </p>
   </div>
   <div class='ocr_carea' id='block_1_105' title="bbox 1983 4082 3579 4167">
    <p class='ocr_par' dir='ltr' id='par_1_105' title="bbox 1983 4082 3579 4167">
     <span class='ocr_line' id='line_1_105' title="bbox 1983 4082 3579 4167; baseline -0.007 -14"><span class='ocrx_word' id='word_1_782' title='bbox 1983 4100 2040 4153; x_wconf 89' lang='lat' dir='ltr'><strong>in</strong></span> <span class='ocrx_word' id='word_1_783' title='bbox 2066 4082 2373 4167; x_wconf 19' lang='lat' dir='ltr'><strong>‘obsequium</strong></span> <span class='ocrx_word' id='word_1_784' title='bbox 2400 4092 2634 4148; x_wconf 79' lang='lat' dir='ltr'><strong>Christi:</strong></span> <span class='ocrx_word' id='word_1_785' title='bbox 2662 4101 2709 4144; x_wconf 85' lang='lat' dir='ltr'><strong>et</strong></span> <span class='ocrx_word' id='word_1_786' title='bbox 2750 4092 2805 4144; x_wconf 90' lang='lat' dir='ltr'><strong>in</strong></span> <span class='ocrx_word' id='word_1_787' title='bbox 2829 4098 3075 4161; x_wconf 86' lang='lat' dir='ltr'><strong>promptu</strong></span> <span class='ocrx_word' id='word_1_788' title='bbox 3112 4089 3357 4143; x_wconf 79' lang='lat' dir='ltr'><strong>habentes</strong></span> <span class='ocrx_word' id='word_1_789' title='bbox 3398 4086 3579 4142; x_wconf 84' lang='lat' dir='ltr'><strong>ulcisci</strong></span> 
     </span>
    </p>
   </div>
   <div class='ocr_carea' id='block_1_106' title="bbox 1987 4180 3581 4252">
    <p class='ocr_par' dir='ltr' id='par_1_106' title="bbox 1987 4180 3581 4252">
     <span class='ocr_line' id='line_1_106' title="bbox 1987 4180 3581 4252; baseline -0.007 -8"><span class='ocrx_word' id='word_1_790' title='bbox 1987 4205 2195 4243; x_wconf 88' lang='lat' dir='ltr'><strong>omnem</strong></span> <span class='ocrx_word' id='word_1_791' title='bbox 2220 4184 2625 4239; x_wconf 87' lang='lat' dir='ltr'><strong>inobedientiam</strong></span> <span class='ocrx_word' id='word_1_792' title='bbox 2649 4180 2714 4236; x_wconf 68' lang='lat'><strong>&quot;&#39;.</strong></span> <span class='ocrx_word' id='word_1_793' title='bbox 2739 4181 2796 4236; x_wconf 87' lang='lat' dir='ltr'><strong>Si</strong></span> <span class='ocrx_word' id='word_1_794' title='bbox 2827 4181 2992 4252; x_wconf 86' lang='lat' dir='ltr'><strong>igitur</strong></span> <span class='ocrx_word' id='word_1_795' title='bbox 3030 4190 3086 4234; x_wconf 90' lang='lat' dir='ltr'><strong>tu</strong></span> <span class='ocrx_word' id='word_1_796' title='bbox 3108 4196 3328 4250; x_wconf 87' lang='lat' dir='ltr'><strong>quoque</strong></span> <span class='ocrx_word' id='word_1_797' title='bbox 3360 4185 3581 4235; x_wconf 71' lang='lat' dir='ltr'><strong>sanctos</strong></span> 
     </span>
    </p>
   </div>
   <div class='ocr_carea' id='block_1_107' title="bbox 1988 4270 3579 4348">
    <p class='ocr_par' dir='ltr' id='par_1_107' title="bbox 1988 4270 3579 4348">
     <span class='ocr_line' id='line_1_107' title="bbox 1988 4270 3579 4348; baseline -0.008 -11"><span class='ocrx_word' id='word_1_798' title='bbox 1988 4282 2235 4337; x_wconf 88' lang='lat' dir='ltr'><strong>imitatus</strong></span> <span class='ocrx_word' id='word_1_799' title='bbox 2278 4278 2471 4344; x_wconf 89' lang='lat' dir='ltr'><strong>fueris,</strong></span> <span class='ocrx_word' id='word_1_800' title='bbox 2517 4276 2916 4348; x_wconf 88' lang='lat' dir='ltr'><strong>operosiusque</strong></span> <span class='ocrx_word' id='word_1_801' title='bbox 2965 4276 3079 4330; x_wconf 91' lang='lat' dir='ltr'><strong>Deo</strong></span> <span class='ocrx_word' id='word_1_802' title='bbox 3112 4272 3413 4339; x_wconf 87' lang='lat' dir='ltr'><strong>vacaveris,</strong></span> <span class='ocrx_word' id='word_1_803' title='bbox 3449 4270 3579 4343; x_wconf 87' lang='lat' dir='ltr'><strong>vigil</strong></span> 
     </span>
    </p>
   </div>
   <div class='ocr_carea' id='block_1_108' title="bbox 1988 4369 2569 4445">
    <p class='ocr_par' dir='ltr' id='par_1_108' title="bbox 1988 4369 2569 4445">
     <span class='ocr_line' id='line_1_108' title="bbox 1988 4369 2569 4445; baseline -0.005 -17"><span class='ocrx_word' id='word_1_804' title='bbox 1988 4381 2153 4445; x_wconf 88' lang='lat' dir='ltr'><strong>atque</strong></span> <span class='ocrx_word' id='word_1_805' title='bbox 2186 4371 2406 4427; x_wconf 89' lang='lat' dir='ltr'><strong>sobrius</strong></span> <span class='ocrx_word' id='word_1_806' title='bbox 2435 4369 2569 4426; x_wconf 88' lang='lat' dir='ltr'><strong>eris.</strong></span> 
     </span>
    </p>
   </div>
   <div class='ocr_carea' id='block_1_109' title="bbox 2064 4651 3585 4731">
    <p class='ocr_par' dir='ltr' id='par_1_109' title="bbox 2064 4651 3585 4731">
     <span class='ocr_line' id='line_1_109' title="bbox 2064 4651 3585 4731; baseline -0.005 -18"><span class='ocrx_word' id='word_1_807' title='bbox 2064 4659 2150 4716; x_wconf 85' lang='lat' dir='ltr'><strong>l9.</strong></span> <span class='ocrx_word' id='word_1_808' title='bbox 2181 4659 2382 4731; x_wconf 85' lang='lat' dir='ltr'><strong>Aitque</strong></span> <span class='ocrx_word' id='word_1_809' title='bbox 2423 4659 2595 4716; x_wconf 78' lang='lat' dir='ltr'><strong>frater</strong></span> <span class='ocrx_word' id='word_1_810' title='bbox 2621 4675 2635 4713; x_wconf 90' lang='lat'><strong>:</strong></span> <span class='ocrx_word' id='word_1_811' title='bbox 2667 4658 2943 4726; x_wconf 84' lang='lat' dir='ltr'><strong>Quidnam</strong></span> <span class='ocrx_word' id='word_1_812' title='bbox 2975 4670 3132 4721; x_wconf 88' lang='lat' dir='ltr'><strong>vero,</strong></span> <span class='ocrx_word' id='word_1_813' title='bbox 3157 4656 3339 4719; x_wconf 87' lang='lat' dir='ltr'><strong>Pater,</strong></span> <span class='ocrx_word' id='word_1_814' title='bbox 3384 4651 3585 4721; x_wconf 87' lang='lat' dir='ltr'><strong>aliquis</strong></span> 
     </span>
    </p>
   </div>
   <div class='ocr_carea' id='block_1_110' title="bbox 1993 4746 3583 4820">
    <p class='ocr_par' dir='ltr' id='par_1_110' title="bbox 1993 4746 3583 4820">
     <span class='ocr_line' id='line_1_110' title="bbox 1993 4746 3583 4820; baseline -0.006 -12"><span class='ocrx_word' id='word_1_815' title='bbox 1993 4753 2239 4809; x_wconf 88' lang='lat' dir='ltr'><strong>facturus</strong></span> <span class='ocrx_word' id='word_1_816' title='bbox 2260 4754 2351 4817; x_wconf 87' lang='lat' dir='ltr'><strong>sit,</strong></span> <span class='ocrx_word' id='word_1_817' title='bbox 2376 4762 2436 4808; x_wconf 90' lang='lat' dir='ltr'><strong>ut</strong></span> <span class='ocrx_word' id='word_1_818' title='bbox 2463 4752 2684 4809; x_wconf 88' lang='lat' dir='ltr'><strong>assidue</strong></span> <span class='ocrx_word' id='word_1_819' title='bbox 2707 4753 2820 4808; x_wconf 88' lang='lat' dir='ltr'><strong>Deo</strong></span> <span class='ocrx_word' id='word_1_820' title='bbox 2844 4765 3043 4807; x_wconf 86' lang='lat' dir='ltr'><strong>vacare</strong></span> <span class='ocrx_word' id='word_1_821' title='bbox 3073 4748 3285 4820; x_wconf 85' lang='lat' dir='ltr'><strong>possit?</strong></span> <span class='ocrx_word' id='word_1_822' title='bbox 3312 4746 3391 4802; x_wconf 81' lang='lat' dir='ltr'><strong>Ad</strong></span> <span class='ocrx_word' id='word_1_823' title='bbox 3419 4760 3583 4816; x_wconf 89' lang='lat' dir='ltr'><strong>quem</strong></span> 
     </span>
    </p>
   </div>
   <div class='ocr_carea' id='block_1_111' title="bbox 1993 4838 3586 4916">
    <p class='ocr_par' dir='ltr' id='par_1_111' title="bbox 1993 4838 3586 4916">
     <span class='ocr_line' id='line_1_111' title="bbox 1993 4838 3586 4916; baseline -0.006 -16"><span class='ocrx_word' id='word_1_824' title='bbox 1993 4860 2163 4900; x_wconf 76' lang='lat' dir='ltr'><strong>senex</strong></span> <span class='ocrx_word' id='word_1_825' title='bbox 2196 4845 2381 4899; x_wconf 82' lang='lat' dir='ltr'><strong>:Fieri</strong></span> <span class='ocrx_word' id='word_1_826' title='bbox 2429 4859 2542 4899; x_wconf 91' lang='lat' dir='ltr'><strong>non</strong></span> <span class='ocrx_word' id='word_1_827' title='bbox 2595 4852 2779 4916; x_wconf 87' lang='lat' dir='ltr'><strong>potest</strong></span> <span class='ocrx_word' id='word_1_828' title='bbox 2828 4851 2888 4898; x_wconf 90' lang='lat' dir='ltr'><strong>ut</strong></span> <span class='ocrx_word' id='word_1_829' title='bbox 2937 4841 3154 4911; x_wconf 81' lang='lat' dir='ltr'><strong>animus</strong></span> <span class='ocrx_word' id='word_1_830' title='bbox 3198 4839 3438 4911; x_wconf 87' lang='lat' dir='ltr'><strong>perfecte</strong></span> <span class='ocrx_word' id='word_1_831' title='bbox 3472 4838 3586 4891; x_wconf 86' lang='lat' dir='ltr'><strong>Deo</strong></span> 
     </span>
    </p>
   </div>
   <div class='ocr_carea' id='block_1_112' title="bbox 1992 4926 3587 5002">
    <p class='ocr_par' dir='ltr' id='par_1_112' title="bbox 1992 4926 3587 5002">
     <span class='ocr_line' id='line_1_112' title="bbox 1992 4926 3587 5002; baseline -0.007 -12"><span class='ocrx_word' id='word_1_832' title='bbox 1992 4942 2170 5001; x_wconf 89' lang='lat' dir='ltr'><strong>vacet,</strong></span> <span class='ocrx_word' id='word_1_833' title='bbox 2200 4934 2306 4989; x_wconf 88' lang='lat' dir='ltr'><strong>nisi</strong></span> <span class='ocrx_word' id='word_1_834' title='bbox 2338 4944 2450 4990; x_wconf 90' lang='lat' dir='ltr'><strong>tres</strong></span> <span class='ocrx_word' id='word_1_835' title='bbox 2482 4934 2615 4989; x_wconf 89' lang='lat' dir='ltr'><strong>istas</strong></span> <span class='ocrx_word' id='word_1_836' title='bbox 2644 4934 2880 4988; x_wconf 81' lang='lat' dir='ltr'><strong>virtutes</strong></span> <span class='ocrx_word' id='word_1_837' title='bbox 2910 4930 3222 5002; x_wconf 88' lang='lat' dir='ltr'><strong>paraverit;</strong></span> <span class='ocrx_word' id='word_1_838' title='bbox 3262 4942 3458 4998; x_wconf 88' lang='lat' dir='ltr'><strong>nempe</strong></span> <span class='ocrx_word' id='word_1_839' title='bbox 3497 4926 3587 4981; x_wconf 84' lang='lat' dir='ltr'><strong>di-</strong></span> 
     </span>
    </p>
   </div>
   <div class='ocr_carea' id='block_1_113' title="bbox 1991 5017 3586 5098">
    <p class='ocr_par' dir='ltr' id='par_1_113' title="bbox 1991 5017 3586 5098">
     <span class='ocr_line' id='line_1_113' title="bbox 1991 5017 3586 5098; baseline -0.006 -15"><span class='ocrx_word' id='word_1_840' title='bbox 1991 5025 2309 5093; x_wconf 88' lang='lat' dir='ltr'><strong>lectionem,</strong></span> <span class='ocrx_word' id='word_1_841' title='bbox 2340 5026 2730 5081; x_wconf 87' lang='lat' dir='ltr'><strong>abstinentiam</strong></span> <span class='ocrx_word' id='word_1_842' title='bbox 2775 5026 2894 5098; x_wconf 90' lang='lat' dir='ltr'><strong>(seu</strong></span> <span class='ocrx_word' id='word_1_843' title='bbox 2940 5022 3235 5096; x_wconf 79' lang='lat' dir='ltr'><strong>jejunium)</strong></span> <span class='ocrx_word' id='word_1_844' title='bbox 3279 5027 3335 5075; x_wconf 89' lang='lat' dir='ltr'><strong>et</strong></span> <span class='ocrx_word' id='word_1_845' title='bbox 3376 5017 3586 5075; x_wconf 82' lang='lat' dir='ltr'><strong>oratio-</strong></span> 
     </span>
    </p>
   </div>
   <div class='ocr_carea' id='block_1_114' title="bbox 1991 5109 3587 5185">
    <p class='ocr_par' dir='ltr' id='par_1_114' title="bbox 1991 5109 3587 5185">
     <span class='ocr_line' id='line_1_114' title="bbox 1991 5109 3587 5185; baseline -0.006 -12"><span class='ocrx_word' id='word_1_846' title='bbox 1991 5133 2141 5173; x_wconf 91' lang='lat' dir='ltr'><strong>nem.</strong></span> <span class='ocrx_word' id='word_1_847' title='bbox 2177 5116 2409 5173; x_wconf 88' lang='lat' dir='ltr'><strong>Dilectio</strong></span> <span class='ocrx_word' id='word_1_848' title='bbox 2439 5118 2588 5173; x_wconf 88' lang='lat' dir='ltr'><strong>enim</strong></span> <span class='ocrx_word' id='word_1_849' title='bbox 2634 5116 2774 5172; x_wconf 90' lang='lat' dir='ltr'><strong>iram</strong></span> <span class='ocrx_word' id='word_1_850' title='bbox 2818 5116 2976 5171; x_wconf 90' lang='lat' dir='ltr'><strong>lenit.</strong></span> <span class='ocrx_word' id='word_1_851' title='bbox 3023 5112 3303 5185; x_wconf 83' lang='lat' dir='ltr'><strong>Jejunium</strong></span> <span class='ocrx_word' id='word_1_852' title='bbox 3338 5109 3587 5167; x_wconf 78' lang='lat' dir='ltr'><strong>seuabs-</strong></span> 
     </span>
    </p>
   </div>
   <div class='ocr_carea' id='block_1_115' title="bbox 1996 5201 3588 5282">
    <p class='ocr_par' dir='ltr' id='par_1_115' title="bbox 1996 5201 3588 5282">
     <span class='ocr_line' id='line_1_115' title="bbox 1996 5201 3588 5282; baseline -0.006 -16"><span class='ocrx_word' id='word_1_853' title='bbox 1996 5209 2231 5267; x_wconf 90' lang='lat' dir='ltr'><strong>tinentia</strong></span> <span class='ocrx_word' id='word_1_854' title='bbox 2267 5210 2624 5282; x_wconf 89' lang='lat' dir='ltr'><strong>cupiditatem</strong></span> <span class='ocrx_word' id='word_1_855' title='bbox 2658 5209 2881 5266; x_wconf 89' lang='lat' dir='ltr'><strong>edomat</strong></span> <span class='ocrx_word' id='word_1_856' title='bbox 2919 5217 3083 5278; x_wconf 87' lang='lat' dir='ltr'><strong>atque</strong></span> <span class='ocrx_word' id='word_1_857' title='bbox 3110 5214 3378 5269; x_wconf 87' lang='lat' dir='ltr'><strong>macerat;</strong></span> <span class='ocrx_word' id='word_1_858' title='bbox 3412 5201 3588 5257; x_wconf 88' lang='lat' dir='ltr'><strong>oratio</strong></span> 
     </span>
    </p>
   </div>
   <div class='ocr_carea' id='block_1_116' title="bbox 1996 5294 3588 5374">
    <p class='ocr_par' dir='ltr' id='par_1_116' title="bbox 1996 5294 3588 5374">
     <span class='ocr_line' id='line_1_116' title="bbox 1996 5294 3588 5374; baseline -0.008 -15"><span class='ocrx_word' id='word_1_859' title='bbox 1996 5304 2067 5361; x_wconf 87' lang='lat' dir='ltr'><strong>ab</strong></span> <span class='ocrx_word' id='word_1_860' title='bbox 2104 5304 2366 5360; x_wconf 89' lang='lat' dir='ltr'><strong>omnibus</strong></span> <span class='ocrx_word' id='word_1_861' title='bbox 2408 5302 2680 5358; x_wconf 85' lang='lat' dir='ltr'><strong>abstrahit</strong></span> <span class='ocrx_word' id='word_1_862' title='bbox 2723 5298 3168 5374; x_wconf 89' lang='lat' dir='ltr'><strong>cogitationibus,</strong></span> <span class='ocrx_word' id='word_1_863' title='bbox 3219 5297 3431 5367; x_wconf 89' lang='lat' dir='ltr'><strong>ipsique</strong></span> <span class='ocrx_word' id='word_1_864' title='bbox 3477 5294 3588 5347; x_wconf 88' lang='lat' dir='ltr'><strong>Deo</strong></span> 
     </span>
    </p>
   </div>
   <div class='ocr_carea' id='block_1_117' title="bbox 2678 5431 3586 5504">
    <p class='ocr_par' dir='ltr' id='par_1_117' title="bbox 2678 5431 3586 5504">
     <span class='ocr_line' id='line_1_117' title="bbox 2678 5431 3586 5504; baseline -0.014 -8"><span class='ocrx_word' id='word_1_865' title='bbox 2678 5440 2725 5471; x_wconf 73' lang='grc' dir='ltr'><strong>δ’</strong></span> <span class='ocrx_word' id='word_1_866' title='bbox 2761 5437 2947 5496; x_wconf 86' lang='lat' dir='ltr'><strong>Eccle.</strong></span> <span class='ocrx_word' id='word_1_867' title='bbox 2978 5453 3033 5504; x_wconf 71' lang='grc' dir='ltr'>χ,</span> <span class='ocrx_word' id='word_1_868' title='bbox 3066 5435 3120 5490; x_wconf 74' lang='grc'>4.</span> <span class='ocrx_word' id='word_1_869' title='bbox 3223 5433 3268 5467; x_wconf 74' lang='grc'>⁸³</span> <span class='ocrx_word' id='word_1_870' title='bbox 3303 5432 3347 5487; x_wconf 88' lang='lat' dir='ltr'><strong>ll</strong></span> <span class='ocrx_word' id='word_1_871' title='bbox 3372 5431 3497 5487; x_wconf 86' lang='lat' dir='ltr'><strong>Cor.</strong></span> <span class='ocrx_word' id='word_1_872' title='bbox 3530 5446 3586 5496; x_wconf 67' lang='grc' dir='ltr'>χ,</span> 
     </span>
    </p>
   </div>
   <div class='ocr_carea' id='block_1_118' title="bbox 2002 5622 3590 5700">
    <p class='ocr_par' dir='ltr' id='par_1_118' title="bbox 2002 5622 3590 5700">
     <span class='ocr_line' id='line_1_118' title="bbox 2002 5622 3590 5700; baseline -0.004 -15"><span class='ocrx_word' id='word_1_873' title='bbox 2002 5629 2373 5697; x_wconf 85' lang='lat' dir='ltr'><strong>abstinentia;</strong></span> <span class='ocrx_word' id='word_1_874' title='bbox 2414 5643 2538 5700; x_wconf 82' lang='lat' dir='ltr'><strong>quae</strong></span> <span class='ocrx_word' id='word_1_875' title='bbox 2584 5626 2766 5700; x_wconf 79' lang='lat' dir='ltr'><strong>virtus</strong></span> <span class='ocrx_word' id='word_1_876' title='bbox 2812 5625 3171 5699; x_wconf 86' lang='lat' dir='ltr'><strong>potissimum</strong></span> <span class='ocrx_word' id='word_1_877' title='bbox 3218 5622 3438 5693; x_wconf 88' lang='lat' dir='ltr'><strong>corpori</strong></span> <span class='ocrx_word' id='word_1_878' title='bbox 3472 5636 3590 5679; x_wconf 84' lang='lat' dir='ltr'><strong>me-</strong></span> 
     </span>
    </p>
   </div>
   <div class='ocr_carea' id='block_1_119' title="bbox 1999 5698 3447 5768">
    <p class='ocr_par' dir='ltr' id='par_1_119' title="bbox 1999 5698 3447 5768">
     <span class='ocr_line' id='line_1_119' title="bbox 1999 5698 3447 5768; baseline -0.009 -12"><span class='ocrx_word' id='word_1_879' title='bbox 1999 5701 2183 5768; x_wconf 86' lang='lat' dir='ltr'><strong>detur,</strong></span> <span class='ocrx_word' id='word_1_880' title='bbox 2218 5710 2354 5759; x_wconf 89' lang='lat' dir='ltr'><strong>utet</strong></span> <span class='ocrx_word' id='word_1_881' title='bbox 2383 5698 2789 5758; x_wconf 75' lang='lat' dir='ltr'><strong>oratioauimo.</strong></span> <span class='ocrx_word' id='word_1_882' title='bbox 2826 5698 2829 5699; x_wconf 62' lang='grc'><strong><em>⁷</em></strong></span> <span class='ocrx_word' id='word_1_883' title='bbox 2906 5713 2910 5716; x_wconf 89' lang='grc'><strong>·</strong></span> <span class='ocrx_word' id='word_1_884' title='bbox 3440 5734 3447 5743; x_wconf 88' lang='grc'><strong>.</strong></span> 
     </span>
    </p>
   </div>
  </div>
