4134 6192
331 319 443 385 929

1492 319 1501 326 ’
1603 321 1836 382 LIBER
1875 321 2310 384 ASCETICUS.

3481 331 3586 393 9730

289 467 294 470 μ
327 433 444 494 τοῖς
505 425 812 498 ἀνθρώποις
859 426 1168 498 θυμομαχεῖ
1194 444 1207 458 ·
1262 426 1392 481 ποτὲ
1425 427 1502 491 δὲ,
1555 430 1634 492 είς
1665 428 1757 482 τὸν
1786 429 1914 483 Θεὸν

2022 445 2089 484 eo
2116 431 2261 499 quod
2287 445 2395 484 non
2430 413 2500 486 eo
2530 431 2692 486 modo
2719 447 2782 487 ac
2811 431 2904 488 ille
2938 432 3132 499 voluit,
3157 436 3339 502 venit;
3377 439 3470 492 sed
3497 457 3609 510 quo

329 519 668 591 βλασφημεῖ·
711 519 805 571 καὶ
854 518 955 588 μέν
991 535 1074 570 τοι
1122 517 1216 570 καὶ
1243 517 1341 586 τὴν
1385 517 1778 588 ἀγνωμοσύνην
1811 518 1920 572 δει-

328 613 504 686 κνύει,
529 612 621 664 καὶ
650 609 800 680 παρά
843 609 1036 679 ῥάϐδον
1064 609 1134 679 (c)
1161 610 1226 686 06,
1253 609 1543 679 λαμϐάνει.

327 709 552 768 aestuat;
598 715 662 755 ac
712 700 876 758 modo
921 700 1143 769 quidem
1195 701 1252 754 in
1293 700 1546 754 homines
1625 699 1708 755 ira
1781 701 2160 765 excandescit,

2027 520 2335 574 animorum
2385 522 2632 576 medicus
2674 522 2732 576 in
2783 538 2898 577 rem
2953 524 3200 580 conferre
3253 527 3607 586 existimavit.

2022 611 2391 678 Quamobrem
2455 613 2620 667 etiam
2679 613 2939 684 negligit,
2997 629 3061 668 ac
3125 631 3236 684 pra:
3298 619 3609 678 turbatione

2240 702 2404 756 modo
2449 711 2632 758 autem
2680 706 2738 758 in
2785 705 2958 759 Deum
3003 703 3171 759 verba
3256 705 3610 776 blasphemiae

324 795 478 864 jacit,
510 803 672 862 atque
705 794 843 848 adeo
889 793 1126 863 improbi
1168 795 1333 848 animi
1369 794 1545 849 labem
1576 795 1779 864 prodit,
1811 811 1915 850 nec
1950 805 2148 867 praeter
2171 797 2384 867 virgam
2409 798 2557 852 aliud
2588 799 2805 869 recipit.

401 896 511 956 κγ’.
541 890 650 943 Καὶ
691 891 721 942 6
763 888 1019 958 Ἀδελφὺς
1059 885 1214 941 εἷπε’
1253 890 1450 955 Καλῶς
1497 885 1678 953 εἴπας,
1710 891 1911 962 Πάτερ·

332 981 466 1034 ἀλλὰ
504 980 811 1051 παρακαλῶ
839 981 1015 1036 εἰπεῖν
1047 999 1136 1052 μοι
1164 981 1456 1048 καὶτοῦτο,
1494 982 1610 1046 πῶς
1646 984 1679 1054 ή
1710 984 1915 1053 ὲγκρά·

331 1089 451 1125 τεια
479 1072 732 1142 μαραίνει
751 1071 850 1142 τὴν
880 1071 1195 1143 ἐπιθυμίαν.
1221 1071 1331 1126 Καὶ
1359 1071 1630 1144 ἀπεκρίθη
1657 1075 1684 1126 6
1712 1073 1914 1143 γέρων·

345 1165 564 1236 Ἐπειδὴ
596 1163 898 1235 ἀπέχεσθαι
927 1167 1074 1218 ποιεῖ
1102 1163 1340 1230 πάντων,
1362 1163 1472 1218 τῶν
1502 1164 1580 1237 μὴ
1613 1165 1801 1236 χρείαν
1827 1167 1919 1218 ἐκ·

334 1259 710 1330 πληροῦντων,
742 1257 859 1312 ἀλλ’
892 1257 1085 1328 ἡδονὴν
1131 1257 1503 1327 ἐμποιούντων
1525 1275 1539 1290 ο
1572 1259 1669 1311 καὶ
1703 1257 1918 1321 οὐδενὸς

340 1351 585 1423 μετέχειν
625 1351 789 1413 ποιεῖ,
839 1348 979 1417 πλὴν
1014 1349 1148 1417 πρὸς
1175 1347 1235 1401 τὸ
1264 1347 1364 1418 ζῇν
1413 1347 1731 1416 ἀναγκαίων
1758 1363 1770 1376 ·
1795 1345 1916 1399 οὐδὲ

335 1442 405 1496 τὰ
439 1442 568 1514 ἡδέα
601 1439 837 1506 διώκειν,
876 1438 1012 1492 ἀλλά
1036 1441 1103 1492 τά
1133 1439 1388 1509 ὠφέλιμα
1410 1455 1424 1469 ο
1461 1441 1553 1492 καὶ
1577 1439 1915 1510 συμμετρεῖν

335 1535 391 1588 δὲ
421 1535 488 1605 τῇ
521 1533 679 1603 χρείᾳ
708 1531 774 1585 τὰ
801 1529 1062 1602 βρώματα
1086 1531 1178 1584 καὶ
1206 1530 1284 1590 τὰ,
1305 1529 1551 1598 πόματα·
1577 1530 1671 1581 καὶ
1697 1530 1797 1581 οὑκ
1821 1528 1916 1599 ὲᾷν

2093 890 2181 945 25.
2224 889 2294 946 Ει
2341 891 2480 946 dixit
2527 892 2744 947 frater:
2779 892 2954 958 Bene,
3005 893 3185 959 Pater,
3237 893 3457 961 dixisti;
3510 897 3604 951 sed

2021 982 2220 1036 amabo
2260 991 2334 1046 te,
2361 983 2466 1037 hoc
2499 998 2719 1052 quoque
2753 983 2948 1048 addas,
2981 999 3218 1054 quonam
3249 985 3413 1039 modo
3441 987 3604 1041 absti-

2021 1072 2211 1128 nentia
2235 1074 2735 1144 concupiscentiam
2765 1086 3005 1131 maceret
3029 1083 3192 1145 atque
3218 1076 3454 1130 edomct.
3496 1077 3598 1130 Re-

2022 1165 2249 1235 spondit
2289 1181 2459 1222 senex
2490 1183 2504 1220 :
2535 1166 2670 1233 Quia
2717 1167 2783 1221 iis
2829 1167 3086 1222 omnibus
3134 1168 3410 1222 abstinere
3452 1168 3603 1233 facit,

2022 1271 2146 1326 quae
2166 1272 2278 1311 non
2302 1265 2431 1311 sunt
2450 1256 2746 1312 necessarii
2771 1273 2922 1322 usus,
2951 1257 3047 1312 sed
3073 1257 3302 1312 delicias
3319 1257 3602 1328 praebent:

2021 1361 2125 1401 nec
2171 1346 2378 1416 aliquid
2424 1347 2556 1401 sinit
2596 1361 2837 1412 sumere,
2872 1363 3035 1417 quam
3078 1347 3223 1416 quod
3261 1363 3484 1402 necesse
3522 1356 3607 1403 est

2019 1436 2088 1490 ad
2122 1437 2288 1491 vitam
2321 1438 2733 1492 sustentandam
2769 1455 2783 1492 :
2811 1453 2913 1493 nec
2944 1438 3213 1507 permittit
3237 1454 3299 1492 ea
3328 1439 3603 1509 persequi,

2017 1515 2145 1596 quae
2195 1527 2374 1582 dulcia
2426 1537 2574 1592 sunt,
2605 1528 2700 1582 sed
2751 1543 2874 1597 qua:
2927 1527 3101 1591 utilia,
3133 1537 3187 1582 et
3229 1536 3292 1582 ut
3329 1531 3513 1585 cibum
3552 1539 3609 1584 et

336 1626 414 1697 τῷ
439 1624 562 1696 [Fr.
595 1624 668 1695 μὴ
717 1625 810 1694 ὲᾷν
841 1624 898 1677 ὲν
933 1621 1034 1693 τῷ]
1070 1621 1282 1692 σώματι
1314 1620 1576 1692 περιττήν
1602 1619 1876 1690 ὑγρότητα
1900 1633 1913 1646 ο

2018 1625 2211 1686 potum
2262 1619 2327 1672 ad
2369 1619 2531 1688 iusta:
2574 1619 2918 1674 necessitatis
2956 1619 3149 1673 modos
3192 1634 3604 1690 componamus,

337 1717 435 1771 καὶ
488 1717 654 1788 μόνην
704 1717 988 1787 συντηρεῖν
1020 1715 1120 1783 τὴν
1175 1712 1320 1784 ζωὴν
1369 1712 1464 1765 τοῦ
1521 1711 1793 1781 σώματος,
1825 1710 1921 1763 καὶ

329 1807 691 1877 ἀνενόχλητον
745 1805 876 1858 αὐτὸ
923 1803 1211 1874 φυλάττειν
1271 1805 1352 1866 είς
1399 1801 1576 1873 ὁρμὴν
1610 1799 1916 1862 συνουσίας.

336 1897 521 1960 Οὕτως
562 1892 654 1951 οὖν
683 1898 716 1967 ἡ
749 1895 1050 1966 ἐγκράτεια
1080 1894 1178 1965 τὴν
1213 1893 1506 1964 ἐπιθυμίαν
1544 1892 1826 1963 μαραίνειν
1881 1893 1915 1962 ή

333 1990 394 2042 δὲ
421 1989 603 2062 ἡδονὴ,
634 1991 727 2042 καὶ⁹
751 1987 1036 2060 πλησμονὴ
1058 1987 1165 2040 τῶν
1192 1986 1496 2058 βρωμάτων
1519 1987 1612 2039 καὶ
1633 1984 1916 2054 πομάτων,

335 2081 686 2153 ὲκθερμαίνει
713 2081 812 2152 τὴν
844 2080 1110 2150 γαστέρα,
1142 2079 1236 2132 καὶ
1268 2078 1564 2147 ἀναφλέγει
1593 2077 1690 2148 τὴν
1736 2075 1919 2148 ὄρεξιν

337 2176 472 2246 πρὸς
500 2175 730 2245 αἰσχρὰν
778 2173 1092 2244 ἐπιθυμίαν,
1127 2173 1222 2226 καὶ
1269 2172 1390 2226 ὅλον
1421 2171 1652 2224 συνωθεῖ
1685 2171 1744 2225 τὸ
1779 2171 1919 2236 ζῶον

337 2269 475 2340 πρὸς
494 2269 592 2338 τὴν
613 2268 811 2336 ἄνομον
833 2266 1048 2339 [ἄλογον
1066 2267 1191 2336 fort.
1228 2264 1326 2335 leg.
1355 2265 1408 2318 Ν
1411 2265 1535 2318 obil.
1560 2265 1699 2334 quod
1729 2280 1919 2318 anten-

336 2368 444 2414 tetn
478 2359 674 2431 reddit]
714 2359 880 2430 μίξιν.
909 2359 1040 2411 Τότε
1087 2359 1358 2429 ὀφθαλμοὶ
1391 2358 1648 2420 ἀναιδεῖς,
1680 2356 1774 2410 καὶ
1796 2355 1917 2426 χεὶρ

336 2448 688 2518 ἀχαλίνωτος,
719 2448 940 2516 γλῶσσα
968 2447 1205 2501 λαλοῧσα
1243 2447 1516 2520 θέλγητρα
1577 2445 1766 2514 ἀκοῆς,
1826 2444 1918 2497 καὶ

335 2534 429 2601 οὖς
459 2539 629 2607 ἀκοὴν
681 2537 914 2609 ματαίαν
963 2537 1428 2607 παραδεχόμενον·
1472 2535 1616 2598 νοῦς,
1657 2535 1750 2588 τοῦ
1782 2535 1917 2604 Θεοῦ

338 2630 689 2700 καταφρονῶν
708 2647 721 2662 ·
759 2629 1044 2700 καὶψυχὴ,
1090 2629 1232 2682 κατά
1264 2628 1504 2682 διάνοιαν
1549 2628 1794 2698 μοιχείαν
1824 2627 1917 2696 ὲρ-

331 2721 633 2792 γαζομένη,
688 2721 780 2773 καὶ
837 2720 897 2774 τὸ
951 2721 1108 2790 σῶμα
1147 2719 1283 2791 πρὸς
1334 2717 1431 2790 τὴν
1459 2716 1697 2788 ἄθεσμον
1721 2715 1917 2787 πρᾶξιν

339 2812 734 2883 ἐκκαλουμένη.

411 2905 510 2960 κδ’.
545 2906 711 2970 Καὶδ
749 2903 1001 2972 Ἀδελφδς
1035 2902 1170 2972 ἔφη·
1218 2901 1336 2954 Ἐπ’
1375 2902 1652 2971 ἀληθείας,
1711 2902 1915 2975 Πάτερ,

2017 1723 2125 1762 nec
2151 1708 2458 1778 superfluos
2475 1709 2690 1778 corpori
2718 1709 2979 1764 humores
3000 1725 3380 1778 congeramus,
3403 1712 3603 1765 solam-

2017 1814 2126 1868 que
2180 1799 2430 1869 corporis
2480 1799 2645 1854 vitam
2699 1813 2920 1854 servare
2976 1799 3316 1865 Studeamus,
3355 1809 3523 1870 atque
3576 1819 3608 1858 a

2019 1890 2275 1945 coitionis
2307 1891 2553 1961 appetitu
2602 1890 2839 1944 liberum
2873 1889 3268 1946 custodiamus.
3309 1889 3400 1945 Sic
3441 1891 3609 1961 igitur

2018 1981 2355 2036 abstinentia
2407 1979 2909 2050 concupiscentiam
2960 1988 3204 2034 macerat
3258 1988 3423 2050 atque
3478 1979 3610 2034 edo—

2017 2083 2176 2130 mat:
2212 2074 2468 2144 voluptas
2525 2087 2692 2136 vero,
2741 2069 2962 2140 cibique
3023 2087 3087 2126 ac
3138 2081 3300 2141 potus
3349 2073 3611 2128 saturitas

2018 2166 2198 2219 ventri
2241 2167 2479 2220 calorem
2512 2163 2791 2226 conciliat,
2818 2170 2875 2217 et
2913 2162 2981 2217 ad
3018 2163 3194 2232 turpis
3231 2164 3394 2232 378
3424 2161 3610 2215 libidi-

2017 2257 2106 2312 nis
2133 2257 2436 2326 appetitum
2465 2254 2736 2318 accendit,
2768 2263 3055 2323 totumque
3086 2253 3287 2307 animal
3322 2253 3389 2307 ad
3428 2252 3607 2321 illegi-

2020 2350 2168 2404 timae
2211 2349 2422 2419 copula:
2463 2348 2620 2402 devia
2660 2347 2963 2401 contrudit.
2998 2346 3153 2400 Tunc
3197 2345 3387 2401 lascivi
3435 2345 3604 2411 oculi,

2019 2439 2244 2494 effrenis
2269 2453 2482 2503 manus,
2503 2438 2688 2506 lingua
2710 2437 2944 2506 loquens
2967 2452 3086 2505 quae
3105 2451 3269 2490 aures
3292 2436 3604 2503 mulceant;

2019 2531 2169 2584 auris
2193 2531 2437 2584 inanium
2465 2529 2658 2594 avida;
2689 2542 2843 2582 mens
2869 2529 3039 2582 Deum
3064 2543 3364 2596 spernens;
3392 2527 3609 2581 animus

2019 2636 2204 2676 secum
2255 2621 2371 2690 ipse
2416 2618 2690 2690 cogitandi
2734 2627 2859 2673 actu
2903 2617 3232 2677 adulterium
3276 2627 3518 2687 patrans,
3551 2624 3608 2672 ct

2019 2715 2087 2768 ad
2119 2712 2354 2768 nefanda
2386 2711 2609 2767 sceleris
2639 2711 2759 2782 ipso
2785 2726 2950 2781 opere
2977 2725 3176 2780 corpus
3204 2725 3530 2780 provocans.

2088 2913 2177 2967 24.
2222 2913 2312 2968 Ait
2340 2913 2508 2968 frater
2539 2931 2552 2966 :
2582 2914 2722 2976 Vere
2755 2914 2828 2967 ita
2859 2929 2940 2978 se,
2983 2913 3163 2978 Pater,
3200 2927 3288 2967 res
3319 2912 3505 2977 habet,
3544 2921 3606 2990 ut

337 2994 512 3058 οὕτως
551 2994 696 3064 ἔχει’
733 2992 870 3048 ἀλλά
925 2990 1228 3064 παρακαλῷ
1281 2991 1472 3061 μαθεῖν
1517 2993 1612 3045 καὶ
1661 2993 1789 3063 περὶ
1817 2993 1914 3064 τῆς

2020 3004 2190 3069 dicis;
2233 3020 2424 3057 verum
2472 3019 2604 3074 rogo
2646 3013 2707 3058 ut
2749 3014 2806 3059 et
2847 3004 2916 3058 de
2958 3005 3206 3058 oratione
3244 3002 3463 3068 doceas,
3496 3020 3603 3073 qua

338 3087 662 3158 προσευχῆς,
691 3085 806 3148 πῶς
836 3084 1057 3156 χωρίζει
1079 3082 1168 3136 τὸν
1191 3081 1316 3136 νοῦν
1340 3084 1556 3138 πάντων
1581 3084 1689 3136 τῶν
1715 3085 1919 3155 νοημά-

338 3197 466 3233 των.
499 3180 611 3233 Καὶ
639 3177 910 3249 ἀπεκρίθη
937 3179 964 3229 ὁ
987 3175 1164 3247 γέρων
1185 3191 1201 3207 ο
1229 3175 1310 3228 Τά
1341 3177 1612 3246 νοήματα,
1645 3175 1756 3229 τῶν
1778 3194 1918 3248 πρα-

339 3271 562 3342 γμάτων
594 3272 699 3323 είσὶ
743 3271 988 3338 νοήματα
1012 3283 1026 3296 ⁸
1075 3267 1185 3320 τῶν
1212 3267 1267 3321 δὲ
1309 3268 1672 3338 πραγμάτων,
1719 3268 1788 3320 τὰ
1817 3269 1916 3339 μὲν

336 3363 474 3415 εἰσὶν
508 3361 760 3430 αίσθητάο
794 3358 862 3412 τὰ
912 3359 988 3424 δὲ,
1033 3359 1217 3430 νοητά.
1265 3359 1354 3410 Ἐν
1404 3359 1586 3422 αὐτοῖς
1614 3354 1706 3413 οὖν
1733 3361 1762 3413 6
1791 3360 1916 3424 νοῦς

332 3451 646 3522 διατρίϐων,
671 3450 737 3503 τά
769 3451 1016 3519 νοήματα
1041 3448 1222 3502 αὐτῶν
1255 3447 1544 3518 περιφέρει
1564 3467 1576 3479 ·
1611 3451 1643 3519 ἡ
1677 3450 1731 3502 δὲ
1756 3452 1916 3521 χάρις

344 3545 435 3611 τῆς
457 3540 784 3612 προσευχῆς,
845 3539 921 3609 τῷ
955 3538 1074 3608 Θεῷ
1103 3539 1360 3591 συνάπτει
1417 3535 1511 3591 τὸν
1563 3540 1718 3593 νοῦν·
1749 3539 1826 3610 τῷ
1859 3541 1915 3593 δὲ

337 3632 455 3703 Θεῷ
492 3633 857 3695 συνάπτουσα,
893 3629 1133 3700 χωρίζει.
1167 3630 1386 3682 πάντων
1437 3629 1546 3683 τῶν
1602 3630 1910 3701 νοημάτων.

339 3723 381 3774 Τ
385 3723 471 3775 ότε
501 3723 529 3774 6
549 3720 671 3783 νοῦς
698 3719 902 3790 γυμνὸς
941 3720 1090 3789 αὐτῷ
1123 3717 1219 3791 [αι.
1253 3719 1330 3790 τῷ
1359 3720 1499 3792 Θεῷ]
1542 3722 1911 3792 προσομιλῶν,

337 3811 576 3882 θεοειδὴς
596 3812 824 3878 γίνεται.
857 3811 1104 3874 Τοιοῦτος
1130 3811 1184 3864 δὲ
1207 3812 1506 3882 γινόμενος,
1538 3813 1606 3864 τὰ
1635 3813 1913 3882 πρέποντα

337 3905 465 3975 παρ’
494 3903 658 3956 αὐτοῦ
694 3905 854 3967 αἰτεῖ,
885 3903 979 3954 καὶ
1003 3902 1103 3972 τῆς
1128 3903 1364 3972 δεήσεως
1390 3902 1552 3956 αὑτοῦ
1585 3904 1645 3956 οὐ
1674 3904 1910 3975 διαμαρ-

337 3996 484 4049 τάνει
505 3995 653 4047 ποτέ.
688 3994 786 4046 Διά
813 3993 970 4048 τοῦτο
993 3987 1088 4046 οὖν
1115 3996 1142 4046 6
1174 3993 1493 4059 Ἀπὸστολος
1519 3979 1913 4061 ἀδιαλείπτως

2018 3095 2111 3149 illa
2167 3097 2381 3150 ratione
2436 3096 2505 3149 ab
2566 3095 2825 3150 omnibus
2876 3095 3302 3165 cogitationibus
3365 3105 3602 3149 mentem

2019 3189 2232 3243 avellat.
2298 3187 2603 3258 Respondit
2662 3203 2830 3243 senex
2881 3205 2894 3240 ε
2945 3187 3316 3258 Cogitationes
3377 3203 3442 3243 ac
3513 3204 3602 3242 ra-

2018 3277 2227 3338 tiones.
2279 3293 2465 3331 rerum
2509 3277 2872 3348 cogitationes
2918 3283 3083 3347 atque
3135 3278 3382 3332 rationes
3434 3286 3600 3344 sunt;

2017 3384 2203 3422 rerum
2249 3377 2429 3422 autem
2469 3368 2589 3422 alia:
2638 3353 2766 3422 sunt
2803 3384 2925 3438 qua:
2966 3369 3068 3423 sub
3110 3384 3332 3422 sensum
3371 3367 3598 3433 cadunt,

2017 3458 2137 3513 aliae
2166 3474 2286 3527 qua:
2329 3459 2512 3511 animo
2562 3458 2963 3528 intelliguntur.
2999 3460 3060 3513 In
3099 3460 3186 3513 his
3231 3460 3397 3530 igitur
3447 3477 3604 3516 mens

2018 3565 2225 3603 moram
2275 3549 2519 3614 trahens,
2554 3563 2743 3602 eorum
2779 3549 3139 3619 cogitationes
3179 3549 3495 3604 circumfert
3538 3566 3605 3604 ac

2016 3639 2288 3704 rationes;
2320 3639 2587 3694 orationis
2617 3649 2799 3694 autem
2836 3640 3030 3710 gratia,
3063 3648 3300 3694 mentem
3330 3641 3442 3694 Deo
3471 3658 3604 3695 con-

2011 3729 2220 3799 jungit;
2253 3743 2427 3798 eaque
2459 3730 2576 3798 ipsa
2615 3729 2829 3784 ratione
2863 3736 2918 3783 et
2950 3730 3095 3798 quod
3133 3729 3245 3782 Deo
3283 3730 3598 3797 conjungat,

2017 3835 2046 3873 a
2096 3819 2311 3874 cunctis
2362 3820 2791 3889 cogitationibus
2845 3835 2909 3874 ac
2965 3819 3276 3874 rationibus
3331 3820 3599 3889 ahjnngit.

2015 3907 2172 3961 Tunc
2202 3907 2461 3965 nimirum
2493 3925 2649 3964 mens
2678 3911 2824 3964 nuda
2862 3926 2985 3964 cum
3015 3911 3127 3964 Dco
3156 3925 3382 3964 versans
3413 3911 3601 3979 illique

2014 4011 2358 4060 assuescens,
2395 3997 2679 4053 deiformis
2709 3999 2932 4070 (divinis
2965 3999 3176 4053 scilicet
3224 4014 3451 4052 corusca
3498 3999 3599 4052 do—

339 4085 548 4139 κελεύει
585 4084 1005 4157 προσεύχεσθαι,
1032 4085 1119 4136 ἵνα
1144 4083 1236 4137 τὸν
1265 4083 1389 4136 νοῦν
1427 4085 1503 4155 τῷ
1527 4085 1645 4156 Θεῷ
1672 4087 1911 4156 συνεχῶς

341 4179 718 4238 συνάπτοντες,
772 4175 912 4229 κατὰ
967 4175 1162 4245 μικρὸν
1221 4174 1623 4246 ἀπορρήξωμεν
1677 4179 1774 4247 τῆς
1801 4176 1909 4230 τῶν

339 4268 537 4321 ὑλικῶν
570 4266 967 4338 προσπαθείας.

2012 4085 2199 4157 tibus)
2247 4087 2450 4141 evadit.
2502 4088 2622 4143 .lam
2672 4105 2804 4143 vero
2851 4105 2971 4158 qua:
3021 4090 3145 4143 talis
3188 4089 3444 4153 exsistat,
3479 4105 3600 4158 quae

2013 4179 2243 4234 honesta
2274 4181 2480 4260 sintne
2513 4181 2744 4234 deceant
2773 4181 2856 4262 ab
2876 4182 2969 4234 illo
3013 4181 3187 4250 petit,
3223 4196 3324 4234 nec
3354 4197 3596 4249 unquam

2011 4269 2312 4324 frustratur
2339 4271 2472 4340 quin
2511 4270 2763 4340 accipiat,
2801 4287 2923 4340 quae
2949 4273 3198 4325 oratione
3231 4271 3426 4324 oravit.
3461 4270 3600 4325 lliuc

337 4366 502 4438 igitur
532 4373 616 4420 est
651 4379 750 4418 cur
777 4363 1072 4433 Apostolus
1115 4363 1226 4415 sine
1273 4363 1660 4416 intermissione
1708 4379 1866 4421 orare
1899 4367 2127 4437 jusserit
2163 4367 2229 4432 ",
2261 4376 2323 4420 ut
2367 4382 2564 4437 nempe
2598 4366 2814 4422 assidue
2844 4367 2955 4422 Deo
2985 4374 3224 4420 mentem
3259 4365 3595 4434 copulantes,

336 4479 366 4517 a
403 4475 750 4516 terrenarum
784 4459 1044 4529 paulatim
1077 4458 1306 4512 libidine
1338 4458 1744 4528 abrumpamus.

407 4535 503 4609 κε’..
538 4555 646 4606 Καὶ
671 4557 699 4606 6
740 4551 993 4620 Ἀδελφδς
1025 4547 1166 4603 εἷπε·
1199 4553 1310 4604 Καὶ
1337 4553 1454 4616 πῶς
1481 4554 1508 4605 6
1530 4553 1655 4616 νοῦς
1683 4555 1906 4608 δύναται

2078 4556 2168 4610 25.
2209 4556 2301 4609 Ait
2337 4555 2506 4609 frater
2535 4571 2547 4607 :
2577 4554 2762 4622 Ecqua
2794 4568 2928 4607 vero
2956 4551 3170 4605 ratione
3203 4550 3314 4614 fiat,
3347 4558 3409 4603 ut
3443 4565 3598 4604 mens

337 4649 696 4710 ἀδιαλείπτως
726 4644 1157 4716 προσεύχεσθαι’
1207 4646 1303 4698 καὶ
1340 4645 1449 4717 γὰρ
1483 4646 1775 4714 ψάλλοντες
1824 4648 1914 4700 καὶ

2016 4648 2133 4701 sine
2180 4647 2588 4701 intermissione
2635 4645 2794 4699 oret?
2826 4644 3163 4698 Psalmorum
3219 4641 3362 4695 enim
3426 4656 3596 4709 penso

337 4739 798 4808 ἀναγινώσκοντες
827 4738 920 4790 καὶ
962 4736 1419 4806 συντυγχάνοντες
1461 4739 1557 4790 καὶ
1603 4737 1914 4792 διακονοῦν-

2016 4747 2070 4792 et
2096 4738 2354 4802 lectione,
2381 4745 2438 4791 et
2467 4751 2777 4791 sermonem
2806 4735 3087 4789 miscendo
3117 4748 3179 4785 ac
3212 4729 3593 4795 ministrando,

333 4850 446 4896 τες,
506 4833 586 4894 εἰς
622 4829 792 4884 πολλά
843 4829 1004 4882 αὐτὸν
1039 4827 1396 4898 περισπῶμεν
1429 4829 1679 4899 νοήματά
1726 4847 1784 4882 τε
1824 4829 1914 4882 καὶ

2016 4827 2073 4881 in
2123 4827 2326 4881 multos
2383 4842 2503 4880 eam
2566 4827 2837 4895 cogitatus
2895 4838 3160 4892 sensaque
3219 4820 3592 4875 distrahimus.

336 4924 692 4994 θεωρήματα.
728 4920 1136 4992 Καὶ-ἀπεκρίθη
1164 4921 1192 4972 6
1216 4920 1394 4989 γέρων
1418 4935 1432 4948 ·
1470 4920 1634 4973 Οὐδὲν
1657 4920 1764 4973 τῶν
1795 4921 1914 4974 ἁδυ-

2016 4918 2322 4988 Rcspondit
2360 4931 2529 4972 senex
2559 4933 2572 4968 :
2610 4915 2759 4974 Nihil
2797 4912 3066 4985 ejusmodi
3103 4911 3289 4965 divina
3315 4908 3595 4976 Scriptura

334 5017 510 5069 νάτων
538 5017 571 5086 ἡ
605 5013 725 5066 θεία
780 5012 973 5084 Γραφὴ
1008 5011 1378 5084 προστάσσει·
1414 5013 1538 5065 ἐπεὶ
1567 5013 1663 5066 καὶ
1703 5011 1864 5075 αὐτὸς
1892 5013 1914 5065 6

2018 5009 2284 5080 praecipit,
2325 5007 2472 5078 quod
2522 5006 2769 5076 praestari
2821 5021 2930 5059 non
2974 5004 3166 5074 possit.
3213 5002 3348 5055 Nam
3384 5009 3439 5054 et
3478 4999 3594 5068 ipse

402 5171 447 5203 "
480 5171 502 5225 Ι
537 5170 732 5226 Thess.
769 5187 825 5231 ν,
855 5171 940 5225 17.

2013 5300 2231 5370 prodat,
2252 5316 2356 5355 nec
2378 5300 2526 5355 levet
2549 5313 2724 5369 poena:
2749 5296 3126 5370 acerbitatem,
3149 5294 3244 5350 sed
3269 5295 3444 5370 magis
3469 5310 3594 5370 gra-

2013 5365 2124 5423 vet.
2152 5367 2468 5443 Quod_ali_is
2499 5365 2806 5443 subditum,
2855 5365 3222 5443 παράκλησιν,
3253 5365 3429 5443 palam
3456 5367 3594 5433 glos-

2012 5455 2159 5494 sema
2185 5450 2287 5494 est.
2321 5441 2500 5494 Nolim
2531 5438 2783 5508 pluribus
2816 5453 3050 5490 onerare
3085 5437 3362 5508 chartam;
3391 5437 3589 5508 ipsum,

407 5308 477 5380 (ε)
510 5308 614 5380 Kal
641 5307 802 5380 παρὰ
845 5306 1091 5380 ῥάϐδον.
1139 5303 1322 5380 Nobil.
1368 5296 1771 5380 πατρὶς-ἰείη,
1831 5301 1911 5355 sic

335 5372 531 5449 nempe
557 5372 802 5432 breviata
841 5372 1105 5449 dictione,
1155 5383 1212 5428 et
1259 5375 1451 5449 inqua
1484 5372 1649 5428 facile
1677 5372 1782 5426 fuit
1811 5387 1910 5449 e1}-

336 5442 599 5503 scribenti
627 5462 836 5501 errare.
867 5447 935 5500 Et
966 5458 1244 5517 paternam
1289 5445 1490 5511 virgam
1521 5453 1818 5517 aversatur.
1849 5442 1909 5495 ln

335 5532 470 5586 quo
502 5518 640 5572 nihil
696 5513 975 5582 acuminis
1016 5523 1129 5576 est,
1179 5522 1452 5586 ceraeque
1507 5513 1802 5566 antithesis
1842 5526 1906 5564 ex

335 5582 554 5642 Maximi
595 5587 756 5656 genio
794 5603 808 5638 :
849 5587 986 5656 bene
1024 5593 1206 5656 autem
1240 5583 1294 5634 in
1325 5582 1582 5656 lectione,
1617 5598 1783 5656 quam
1825 5597 1911 5656 sc-

337 5674 498 5727 quor.
528 5651 811 5726 Significat
843 5655 987 5727 enim
1022 5652 1159 5727 nihil
1207 5665 1392 5727 operae
1426 5651 1645 5727 facere,
1678 5652 1787 5727 _qui
1831 5651 1910 5704 sic

338 5721 564 5784 moleste
584 5721 769 5792 liabet,
794 5726 940 5796 quod
961 5724 1273 5795 castigatur,
1302 5721 1396 5791 qui
1417 5728 1473 5776 et
1498 5721 1905 5792 improbitatem

2009 5572 2207 5632 leviter
2235 5594 2302 5632 cx
2342 5572 2434 5632 illo
2484 5577 2550 5631 ad
2593 5577 2920 5631 charitatcm
2968 5585 3023 5629 et
3062 5572 3542 5642 compunctionem
3574 5613 3588 5635 ,

2008 5664 2130 5772 Eua;
2181 5649 2294 5705 duo
2333 5649 2495 5704 nobis
2521 5648 2759 5703 maxima
2797 5645 2852 5700 in
2900 5647 2988 5702 via
3017 5641 3316 5716 spirituali,
3353 5641 3590 5698 aadiftca-

2048 5732 2178 5772 ens.
3024 5771 3027 5772 ν
3085 5768 3092 5772 .

2048 5732 2178 5774 CI‘IS.

2009 5509 2206 5573 lector,
2267 5510 2310 5563 si
2365 5503 2558 5578 parato
2602 5508 2786 5578 animo
2840 5515 3124 5559 auctorem
3175 5504 3398 5578 adieris,
3444 5503 3591 5556 haud
3687 5510 3692 5512 ’
