4128 6210
574 278 677 345 931

1747 270 1807 335 S.
1848 272 2137 335 ΜΑΧΙΜΙ
2177 270 2691 334 CONFESSORIS

3751 274 3861 339 932

575 392 872 464 Apostolus
898 399 955 446 et
985 386 1250 460 psallebat
1278 394 1333 441 et
1358 385 1576 459 legebat
1611 394 1669 441 et
1706 385 2078 453 ministrabat,
2102 393 2159 441 et

2273 383 2596 447 Ἀπόστολος
2624 382 2720 437 καὶ
2734 380 2969 454 ἔψαλλεν
2989 379 3089 437 καὶ
3104 380 3444 448 ἀνεγίνωσκε
3479 379 3576 435 καὶ
3594 380 3859 453 διηκόνει,

577 491 762 540 tamen
796 483 915 537 sine
957 478 1370 534 intermissione
1408 478 1624 533 orabat.
1659 476 1817 534 Tunc
1854 478 2004 534 enim
2043 477 2170 549 quis

576 574 699 631 sine
739 569 1147 627 intermissione
1188 577 1328 635 orat,
1370 583 1497 623 cum
1541 568 1712 623 multa
1752 568 2065 625 reverentia
2105 583 2171 624 ac

576 679 787 729 amore,
820 664 933 718 Deo
964 670 1149 717 mente
1184 660 1450 727 adhaeret,
1482 668 1646 730 atque
1677 659 1748 714 ab
1790 660 1912 730 ejus
1949 674 2170 730 semper

575 771 672 825 spe
705 756 938 826 pendet;
984 762 1041 810 et
1071 754 1127 808 in
1164 753 1445 817 omnibus,
1491 751 1764 822 quidquid
1796 759 1974 823 gerat,
2001 751 2169 822 quid-

573 846 707 917 quid
738 847 968 913 accidat,
999 846 1054 900 in
1082 845 1177 901 illo
1204 844 1462 900 ﬁduciam
1490 844 1674 900 habet.
1704 844 1766 898 In
1785 858 1914 899 eum
1942 842 2167 898 modum

573 936 806 993 allectus
853 937 1171 1007 Apostolus,
1218 935 1401 990 aiebat
1442 952 1454 988 :
1493 934 1619 1001 Quis
1673 951 1766 989 nos
1815 933 2085 1005 separabit
2132 951 2167 988 a

573 1032 834 1086 charitate
870 1029 1104 1085 Christi?
1147 1026 1461 1092 tribulatio,
1506 1044 1577 1081 an
1623 1026 1927 1098 angustiaa?
1958 1033 2015 1080 et
2044 1040 2167 1096 quae

578 1132 894 1193 sequuntur
925 1120 993 1175 ⁸⁸.
1050 1122 1118 1176 Ει
1164 1130 1288 1191 post
1340 1136 1514 1190 pauca
1552 1136 1565 1174 ;
1600 1118 1786 1175 Certus
1835 1136 1954 1174 sum
2001 1119 2163 1185 enim,

575 1217 703 1287 quia
762 1231 928 1285 neque
992 1230 1167 1279 mors,
1220 1229 1384 1283 neque
1441 1214 1585 1277 vita,
1653 1228 1818 1283 neque
1888 1211 2064 1282 angeli
2097 1211 2161 1267 ⁸⁸.

574 1306 644 1361 Ει
696 1306 894 1359 iterum
944 1322 957 1358 :
1006 1304 1071 1359 In
1132 1304 1374 1357 onmibus
1433 1303 1833 1357 tribulationem
1891 1303 2163 1373 patimur,

573 1396 666 1449 sed
716 1413 820 1449 non
870 1397 1276 1465 angustiamur;
1339 1395 1676 1465 aporiamur,
1719 1392 1809 1446 sed
1844 1409 1951 1446 non
2001 1392 2163 1447 desti-

574 1490 809 1554 tuimur;
881 1489 1298 1558 persecutionem
1365 1487 1624 1556 patimur,
1685 1484 1776 1538 sed
1837 1500 1943 1538 non
2007 1484 2162 1537 dere-

575 1580 902 1651 linquimur;
969 1580 1285 1649 dejicimur,
1337 1579 1432 1633 sed
1487 1595 1591 1631 non
1644 1578 1896 1648 perimus.
1943 1574 2164 1646 Semper

573 1673 1035 1741 mortiﬁcationem
1073 1671 1239 1742 379
1278 1671 1490 1725 Domini
1527 1670 1651 1724 Iesu
1694 1671 1750 1723 in
1794 1682 2015 1740 corpore
2052 1669 2161 1722 cir-

2270 476 2368 529 καὶ
2387 474 2744 537 ἀδιαλείπτως
2791 472 3136 545 προσηύχετο
3200 471 3571 537 ’Δδιάλειπτος
3596 474 3704 545 γάρ
3740 476 3861 529 ἐστι

2270 565 2572 640 προσευχὴ,
2612 567 2675 621 τὸ
2700 566 2791 621 τὸν
2819 565 2945 621 νοῦν
2977 565 3124 636 ἔχειν
3150 567 3209 620 ὲν
3241 564 3499 637 εὐλαϐείᾳ
3532 565 3701 641 πολλῇ
3759 569 3862 622 καὶ

2270 656 2421 728 πόθῳ
2450 656 2846 729 προσκείμενον
2867 654 2946 728 τῷ
2984 655 3049 708 Θυ
3067 654 3125 723 Ii,
3157 655 3253 709 καὶ
3298 655 3397 727 τῆς
3446 656 3659 720 ἐλπίδος
3685 657 3858 712 αὑτοῦ

2269 749 2358 805 ἀεὶ
2410 747 2869 819 ἀποκρέμασθαι·
2908 750 3004 801 καὶ
3031 749 3113 811 εἰς
3144 746 3305 800 αὑτὸν
3350 747 3573 820 θαρῤἒῖν
3599 749 3658 803 ὲν
3690 750 3853 816 πᾶσι,

2267 843 2380 906 τοῖς
2416 858 2476 894 τε
2515 840 2699 912 ἔργοις
2730 840 2822 894 καὶ
2851 840 2962 903 τοῖς
3001 838 3410 910 συμϐαίνουσιν.
3436 838 3623 901 Οὕτως
3644 839 3858 894 διακεί-

2272 951 2434 1005 μενος
2463 932 2492 985 6
2543 931 2884 995 Ἀπόστολος,
2923 928 3077 998 ἔλεγε
3101 946 3115 961 ’
3158 931 3255 997 Τίς
3277 929 3437 999 ἡμᾶς
3463 929 3706 997 χωρίσει
3731 928 3858 984 ἀπὸ

2268 1023 2373 1093 τῆς
2398 1023 2637 1095 ἀγάπης
2666 1024 2773 1078 τοῦ
2792 1023 3054 1093 Χριστοῦ
3076 1038 3088 1050 ·
3114 1023 3357 1091 ϐλέψω
3388 1021 3426 1090 ἢ
3449 1022 3856 1091 στενοχωρία;

2267 1118 2363 1171 καὶ
2400 1117 2469 1172 τὰ
2507 1117 2654 1189 ἑξῆς.
2696 1118 2806 1171 Kal
2837 1119 2954 1188 μετ’
2990 1116 3181 1185 ὀλίγα·
3218 1115 3552 1184 Πέπεισμαι
3598 1114 3730 1185 γὰρ,
3761 1114 3856 1169 ὅτι

2264 1210 2403 1285 οὔτε
2425 1207 2705 1276 θάνατος,
2740 1210 2881 1265 οὔτε
2909 1207 3042 1278 ζωὴ,
3064 1209 3205 1263 οὔτε
3232 1208 3500 1278 ἄγγελοι.
3530 1208 3641 1261 Kal.
3663 1208 3851 1263 πάλιν·

2278 1302 2375 1354 Ἐν
2432 1300 2617 1355 παντὶ
2650 1302 3010 1371 θλιϐόμενοι,
3037 1299 3137 1355 καὶ
3165 1302 3238 1354 οὐ
3278 1300 3850 1369 στενοχωρούμενοι·

2263 1394 2683 1463 ἀπορούμενοι,
2722 1393 2820 1446 καὶ
2863 1394 2974 1447 οὐκ
3024 1391 3492 1460 ἐξαπορούμενοι
3517 1407 3530 1420 ·
3573 1390 3853 1461 διωκόμε-

2262 1499 2378 1546 νοι,
2417 1484 2557 1538 ἀλλ’
2609 1485 2681 1538 οὐ
2726 1486 3345 1553 καταλιμπανόμενον
3394 1483 3846 1552 καταϐαλλόμε-
3915 1535 3919 1538 .

2262 1594 2376 1643 νοι,
2406 1578 2545 1632 ἀλλ’
2582 1579 2693 1632 οὐκ
2715 1578 3144 1647 ἀπολλύμενοι.
3169 1576 3433 1631 Πάντοτε
3465 1576 3580 1645 τὴν
3625 1574 3847 1645 νέκρω-

2263 1687 2368 1724 σιν
2396 1670 2504 1725 τοῦ
2524 1671 2745 1739 Κυρίου
2793 1670 3000 1737 Ἰησοῦ
3027 1671 3098 1723 ἐν
3126 1668 3208 1735 τῷ
3229 1668 3456 1739 σώματι
3494 1667 3844 1738 περιφέρονο

571 1766 941 1833 cumfercntes,
968 1774 1027 1817 ut
1060 1774 1110 1818 et
1142 1764 1249 1817 vita
1291 1762 1416 1817 Iesu
1457 1763 1824 1833 manifestatur
1853 1764 1910 1817 in
1942 1762 2159 1817 mortali

2261 1779 2379 1829 τες,
2408 1763 2511 1816 ἵνα
2545 1761 2646 1816 καὶ
2679 1763 2718 1831 ἠ
2752 1760 2864 1831 [cui]
2906 1762 3012 1818 τοῦ
3055 1761 3260 1830 Ἰησοῦ
3293 1759 3608 1831 φανερωθῇ
3660 1760 3731 1815 ἐν
3770 1759 3846 1831 τῇ

570 1870 733 1908 carne
766 1862 949 1910 nostra
985 1854 1048 1907 ⁸ο.

640 1945 728 1999 26.
772 1945 828 1998 ιιι
874 1944 1023 1999 hunc
1072 1943 1239 2014 igitur
1290 1943 1514 1998 modum
1562 1942 1793 1999 allectus
1832 1943 2156 2015 Apostolus,

570 2038 690 2093 sine
732 2037 1144 2092 intermissione
1180 2036 1401 2102 orabat;
1445 2036 1539 2105 qui
1584 2037 1639 2091 in
1678 2037 1938 2092 omnibus
1970 2039 2158 2108 operi-

570 2128 695 2194 bus,
737 2130 813 2183 uti
850 2128 1059 2182 dictum
1108 2135 1214 2193 est,
1253 2142 1316 2181 ac
1349 2126 1619 2196 quidquid
1658 2127 1967 2194 accidisset,
1996 2143 2026 2182 ιι
2059 2129 2159 2184 Dei

568 2232 664 2286 spe
698 2218 986 2288 penderet.
1027 2217 1159 2271 Eam
1196 2215 1268 2270 ob
1309 2231 1425 2269 rem
1468 2215 1643 2271 sancti
1681 2232 1874 2273 omnes
1912 2217 2161 2274 aﬂlictio—

567 2307 734 2362 nibus
771 2316 939 2379 atque
981 2306 1245 2362 aerumnis
1276 2321 1493 2375 semper
1527 2306 1861 2377 gaudebant,
1896 2317 1958 2362 ut
1988 2309 2044 2363 in
2075 2309 2161 2364 di-

567 2399 709 2453 vina:
740 2399 1026 2453 eharitatis
1054 2396 1306 2451 habitum
1328 2412 1397 2451 ex
1424 2397 1531 2452 illis
1559 2398 1912 2469 proﬁcerent.
1944 2400 2158 2456 Idcirco

566 2490 752 2545 aiebat
799 2489 1095 2559 Apostolus
1128 2503 1143 2542 ;
1175 2486 1544 2542 Libentissime
1585 2490 1748 2559 igitur
1790 2490 2059 2560 gloriabor
2101 2492 2157 2545 in

566 2581 968 2650 inﬁrmitatibus
990 2582 1140 2646 meis,
1158 2587 1214 2634 ut
1236 2580 1491 2634 inhabitet
1508 2583 1563 2635 in
1585 2599 1665 2635 me
1682 2584 1848 2636 virtus
1874 2581 2070 2637 Christi
2086 2583 2154 2639 ".

568 2674 875 2744 Paucisque
920 2671 1224 2746 interiectis
1253 2686 1268 2723 :
1299 2669 1431 2729 Cum
1482 2673 1750 2742 inﬁrmor,
1798 2682 1924 2728 tunc
1972 2684 2156 2746 potem

566 2781 683 2818 sum
717 2765 781 2818 ".
824 2765 931 2819 Sed
976 2783 1055 2822 vae
1097 2768 1261 2824 nobis
1302 2768 1538 2832 miseris,
1568 2765 1714 2836 quod
1760 2766 1949 2820 relicta
1994 2766 2157 2823 nobis

567 2866 884 2911 sanctorum
909 2859 1133 2915 Patrum
1158 2863 1300 2927 vita;
1334 2860 1498 2931 idque
1524 2860 1577 2915 in
1602 2874 1765 2914 causa
1788 2866 1894 2925 est,
1920 2869 1982 2914 ut
2004 2860 2154 2915 omni

569 2948 801 3018 spiritali
836 2966 1002 3020 opere
1036 2950 1372 3007 deﬁciamur.

637 3040 728 3094 27.
770 3041 837 3094 Et
863 3041 1003 3137 dixit
1037 3043 1206 3099 frater
1244 3062 1267 3137 :7
1289 3042 1430 3110 Quid
1457 3058 1636 3137 causa:
1662 3050 1766 3107 est,
1795 3043 1977 3137 Dater,
2008 3043 2154 3113 quod
2181 3079 2224 3137 ο

569 3133 1050 3202 eompunctionem
1090 3151 1201 3191 non
1261 3136 1524 3207 habeam?
1578 3136 1885 3206 Respondit
1934 3152 2151 3192 senex:

567 3221 724 3288 Quod
757 3224 851 3278 Dei
886 3226 1141 3281 timorem
1172 3226 1243 3281 ob
1281 3228 1471 3283 oculos
1506 3243 1617 3282 non
1647 3228 1968 3283 habeamus.
1996 3228 2155 3297 Quod

568 3313 813 3367 omnium
845 3315 1113 3369 malorum
1155 3317 1369 3372 sentina
1408 3316 1536 3373 facti
1572 3334 1784 3385 sumus,
1820 3333 2053 3389 eamque
2082 3318 2155 3375 ob

570 3420 688 3459 rem
723 3406 1064 3460 tremendam
1096 3408 1194 3463 Dei
1228 3409 1494 3464 ultionem
1525 3409 1677 3464 velut
1709 3409 1913 3464 nudam
1950 3410 2158 3481 cogita-

569 3495 777 3550 tionem
815 3513 880 3551 ac
910 3498 1142 3553 rationis
1178 3500 1495 3570 ligmentum
1529 3501 1976 3569 centempsimus.
2006 3500 2152 3555 Alio-

568 3588 664 3657 qui
698 3588 823 3658 quis
862 3604 973 3643 non
1018 3591 1203 3646 animo
1248 3599 1668 3662 compungatur,
1698 3592 1791 3661 qui
1819 3591 2040 3664 Moysen
2086 3609 2158 3648 ex

568 3676 666 3732 Dei
711 3693 948 3749 persona
981 3680 1170 3736 audiat
1208 3681 1263 3735 in
1303 3690 1623 3751 peccatores
1651 3681 1927 3737 dicentem
1964 3682 2154 3754 :lgnis

569 3786 816 3825 accensus
849 3780 923 3826 est
953 3773 1008 3826 in
1039 3773 1219 3842 furore
1251 3789 1404 3826 meo:
1439 3773 1642 3827 ardebit
1676 3789 1839 3844 usque
1866 3774 1936 3827 ad
1960 3773 2156 3844 inferni

567 3864 874 3918 novissima.
900 3863 1178 3918 Devorabit
1201 3874 1401 3919 terram
1424 3874 1473 3919 et
1504 3865 1617 3936 ejus
1639 3866 1880 3936 germina
1908 3882 1927 3921 :
1957 3864 2152 3935 funda-

568 3961 745 4007 menta
800 3956 1057 4009 montium
1109 3956 1396 4010 comburet.
1451 3955 1790 4028 Congregabo
1844 3973 2007 4028 super
2066 3974 2152 4012 eos

567 4044 736 4107 mala,
785 4053 833 4099 et
872 4048 1099 4118 sagittas
1148 4064 1293 4103 meas
1329 4048 1595 4120 complebo
1630 4050 1684 4104 in
1719 4049 1792 4103 eis
1827 4048 1894 4103 ⁸³.
1934 4049 2003 4104 Ει
2034 4063 2154 4104 rur-

565 4151 687 4191 sum
723 4155 736 4191 :
773 4138 980 4194 Acuam
1023 4149 1079 4193 ut
1115 4142 1295 4213 fulgur
1327 4141 1576 4212 'gladium
1614 4158 1810 4207 meum,
1846 4151 1896 4196 et
1932 4143 2152 4213 arripiet

557 4226 819 4296 judicium
859 4246 1050 4284 manus
1086 4248 1238 4298 mea;
1269 4228 1317 4285 et
1352 4231 1569 4285 reddam
1605 4230 1858 4286 ultionem
1897 4233 2158 4298 hostibus,

565 4325 615 4369 et
653 4319 754 4383 his,
783 4320 875 4390 qui
919 4312 1167 4375 oderunt"
1191 4336 1293 4386 me,
1343 4319 1632 4376 retribuam
1671 4320 1737 4375 “.
1781 4322 1975 4377 Isaiam
2019 4336 2152 4377 vero

2258 1850 2449 1920 θνητῇ
2476 1852 2657 1921 σαρκὶ
2682 1851 2872 1921 ἡμῶν.

2331 1949 2444 2008 κς¹.
2480 1941 2669 2006 Οὕτως
2695 1939 2788 1996 οὖν
2816 1945 2845 1996 6
2877 1941 3202 2006 Ἀπόστολος
3224 1940 3586 2012 διακείμενος,
3617 1940 3846 1995 ἀδιαλεί-

2261 2052 2413 2098 πτως
2450 2034 2553 2106 [αι.
2589 2034 2859 2107 διηνεκῶς
2888 2033 2982 2088 καὶ
3011 2032 3209 2106 ὰδιαλ.]
3238 2034 3600 2105 προσηύχετο·
3626 2036 3685 2086 ἐν
3711 2035 3847 2087 πᾶσι

2259 2126 2366 2197 γὰρ
2404 2130 2516 2190 τοῖς
2548 2128 2755 2199 ἔργοις,
2806 2126 2882 2191 ὡς
2924 2126 3157 2198 εἴρηται,
3185 2126 3278 2179 καὶ
3311 2128 3423 2188 τοῖς
3453 2124 3849 2196 συμὸαίνουσιν

2259 2217 2430 2289 αὐτῷ,
2475 2219 2576 2290 τῆς
2611 2218 2824 2282 ἐλπίδος
2872 2217 2967 2272 τοῦ
2993 2216 3127 2271 Θεοῦ
3151 2217 3529 2287 ἀπεκρέματο.
3560 2216 3659 2269 Διὰ
3688 2216 3849 2269 τοῦτο

2256 2312 2379 2375 ταῖς
2435 2310 2682 2381 θλίψεσιν
2739 2311 2827 2364 ἀεὶ
2871 2311 3093 2382 ἔχαιρον
3141 2311 3343 2374 πάντες
3375 2312 3425 2363 οἱ
3456 2310 3621 2377 ἅγιοι,
3650 2310 3735 2362 ἵνα
3767 2308 3850 2370 είς

2257 2401 2370 2466 ἕξιν
2397 2401 2591 2456 ἔλθωσι
2612 2403 2709 2472 τῆς
2743 2400 2893 2465 θείας
2921 2384 3162 2472 ἀγάῖπης.
3208 2401 3319 2454 Kal
3351 2400 3439 2454 διὰ
3467 2399 3626 2453 τοῦτο
3659 2399 3849 2467 ἔλεγεν

2258 2495 2286 2547 6
2333 2491 2656 2555 Ἀπόστολος
2684 2490 2971 2546 ’Ἥδιστα
3009 2485 3124 2545 οὖν
3168 2487 3554 2557 καυχήσομαι
3602 2488 3673 2541 ἐν
3718 2486 3849 2553 ταῖς

2258 2582 2600 2647 ἀσθενείαις
2617 2599 2760 2651 μου,
2785 2583 2885 2635 ἵνα
2908 2580 3301 2648 ἐπισκηνώσῃ
3329 2581 3421 2646 ἐπ’
3448 2579 3553 2649 ἐμὲ
3581 2580 3620 2647 ή
3665 2578 3852 2633 δύνα-

2251 2693 2356 2745 μις
2381 2675 2487 2730 τοῦ
2531 2674 2812 2744 Χριστοῦ.
2864 2674 2974 2727 Καὶ
3010 2675 3125 2743 μετ’
3151 2672 3307 2741 ὀλίγα
3327 2688 3342 2703 ⁸
3374 2673 3563 2725 Ὅταν
3584 2668 3847 2736 ἀσθενῶ,

2257 2768 2393 2820 τότε
2413 2766 2671 2832 δυνατός
2701 2768 2839 2835 ειμι.
2874 2764 3015 2817 Ἀλλ’
3046 2765 3171 2818 οὐαὶ
3198 2765 3333 2836 ἡμῖν
3363 2766 3478 2827 τοῖς
3507 2762 3738 2827 ἀθλίοις,
3765 2762 3850 2816 ὅτι

2257 2857 2627 2928 κατελίπομεν
2676 2858 2776 2928 τὴν
2804 2857 2925 2911 ὁδὸν
2958 2856 3067 2909 τῶν
3106 2856 3277 2924 ἁγίων
3308 2853 3593 2927 Πατέρων,
3629 2854 3729 2908 καὶ
3761 2853 3850 2907 διὰ

2254 2949 2413 3003 τοῦτο
2440 2948 2638 3022 ἔρημοι
2666 2951 2831 3018 ἐσμεν
2864 2947 3063 3011 παντὸς
3091 2946 3253 3019 ἔργου
3301 2944 3705 3017 πνευματικοῦ,

2328 3043 2432 3109 κζ’.
2461 3044 2571 3097 Kal.
2594 3043 2622 3095 6
2650 3042 2881 3113 ἀδελφὸς
2923 3036 3046 3095 εἶπε
3067 3058 3082 3073 ο
3114 3040 3213 3094 Διὰ
3244 3040 3334 3104 τί,
3369 3040 3574 3110 Πάτερ,
3600 3039 3704 3093 οὐκ
3736 3038 3850 3110 ἔχω

2257 3134 2572 3201 κατάνυξιν;
2605 3134 2715 3186 Kal
2744 3132 3022 3206 ἀπεκρίθη
3050 3133 3080 3186 6
3106 3131 3305 3202 γέρων·
3344 3129 3564 3203 Ἐπειδὴ
3590 3132 3694 3185 οὐκ
3726 3131 3847 3187 ἔστι

2257 3226 2420 3295 φόϐος
2449 3225 2585 3280 Θεοῦ
2629 3225 2889 3279 ἀπέναντι
2921 3225 3030 3278 τῶν
3053 3224 3348 3295 ὀφθαλμῶν
3386 3223 3565 3295 ἡμῶν.
3624 3223 3849 3296 Ἐπειδὴ

2256 3317 2476 3371 πάντων
2504 3316 2615 3370 τῶν
2663 3316 2850 3371 κακῶν
2876 3316 3183 3387 γεγόναμεν
3227 3316 3594 3385 καταγώγιον,
3633 3316 3734 3370 καὶ
3758 3315 3849 3369 διὰ

2254 3407 2431 3472 τοῦτο,
2459 3407 2535 3471 ῶς
2556 3406 2715 3477 ψιλοῦ
2740 3408 3014 3478 νοήματος
3040 3408 3529 3479 κατεφρονήσαμεν
3550 3407 3652 3476 τῆς
3683 3407 3847 3476 φοϐε-

2258 3500 2359 3570 ρᾶς
2389 3498 2482 3553 τοῦ
2525 3498 2663 3552 Θεοῦ
2715 3500 3009 3563 κολάσεως.
3050 3500 3203 3553 Ἐπεὶ
3239 3499 3324 3563 τίς
3346 3500 3408 3553 οὐ
3437 3500 3844 3567 κατανύγεται,

2255 3590 2492 3653 ἁκούων,
2527 3587 2622 3642 τοῦ
2656 3589 2755 3658 μὲν
2783 3588 3061 3651 Μωῦςέως
3086 3588 3152 3641 ὲκ
3189 3587 3488 3659 προσώπου
3534 3588 3671 3642 Θεοῦ
3714 3589 3848 3660 περὶ

2248 3682 2364 3736 τῶν
2392 3679 2731 3753 ἁμαρτωλῶν
2764 3679 3018 3749 λέγοντος
3041 3717 3056 3743 ,
3096 3680 3179 3732 ὅτι
3207 3679 3334 3749 Πῦρ
3367 3680 3725 3735 ἐκκέκαυται
3772 3682 3847 3735 ἐκ

2253 3775 2362 3830 τοῦ
2392 3775 2583 3844 θυμοῦ
2601 3790 2721 3843 μου
2740 3788 2756 3804 ⁸
2780 3772 3150 3841 καυθήσεται
3168 3771 3280 3837 ἕως
3300 3771 3453 3839 ᾅδου
3474 3772 3776 3827 κατωτάτο
3785 3792 3841 3828 υ.

2254 3866 2669 3935 Καταφάγεται
2690 3863 2830 3934 γῆν,
2865 3863 3059 3917 καὶτὰ
3096 3862 3400 3933 γενήματα
3443 3863 3665 3933 αὐτῆς·
3693 3864 3846 3933 ερλέ-

2253 3958 2343 4023 ξει
2378 3957 2621 4026 θεμέλια
2653 3954 2856 4024 ὀρέων.
2878 3954 3130 4019 Συνάξω
3157 3956 3254 4030 εὶς.
3276 3955 3500 4019 αὐτοὺς
3528 3954 3704 4019 κακὰ,
3736 3957 3847 4010 καὶ

2254 4052 2326 4102 τὰ
2349 4049 2508 4116 βέλη
2532 4065 2653 4117 μου
2698 4047 3048 4101 συντελέσω
3089 4047 3177 4112 εἰς
3201 4046 3452 4112 αὐτούςς
3488 4046 3597 4099 Kal
3633 4046 3807 4101 πάλιν
3827 4062 3842 4076 ·

2257 4138 2579 4209 Παροξυνῶ
2603 4139 2683 4204 ὡς
2710 4136 3033 4207 ἀστραπὴν
3073 4136 3191 4204 τὴν
3221 4136 3520 4208 μάχαιράν
3543 4155 3690 4208 μου,
3737 4139 3847 4194 καὶ

2236 4231 2565 4296 ’ἀνθέξεται
2586 4231 2869 4300 κρίματος
2892 4231 2930 4299 ή
2961 4247 3092 4298 χείρ
3118 4247 3238 4299 μου
3258 4247 3272 4261 ·
3313 4229 3411 4284 καὶ
3429 4229 3844 4285 ἀνταποδώσω

2253 4323 2438 4393 δίκην
2458 4322 2585 4390 τοῖς
2617 4321 2876 4391 ἐχθροῖς,
2906 4322 3005 4375 καὶ
3040 4321 3168 4388 τοῖς
3186 4322 3447 4392 μισοῦσί
3470 4338 3547 4390 με
3570 4322 3840 4377 ἀνταπο-

565 4405 894 4462 clamantem
942 4410 1179 4479 accipiat
1215 4428 1228 4463 :
1271 4409 1400 4475 Quis
1450 4410 1787 4464 annuntiabit
1834 4411 1973 4464 vobis
2011 4426 2149 4481 quoa

2257 4413 2444 4469 δώσω.
2479 4413 2586 4466 Τοῦ
2607 4412 2664 4467 δὲ
2691 4410 2912 4490 Ἠσαίου
2946 4411 3198 4482 βοῶντος,
3224 4411 3320 4478 Τίς
3352 4412 3677 4482 ἀναγγελεῖ
3698 4415 3841 4484 ὑμῖν

563 4495 700 4566 ignis
755 4498 946 4553 ardet?
996 4499 1126 4565 Quis
1186 4502 1522 4556 annuntiabit
1577 4501 1718 4556 vobis
1773 4499 1943 4555 locum
2000 4508 2155 4558 αξιοι·-

2257 4504 2347 4559 ὅτι
2393 4506 2514 4573 πῦρ
2562 4482 2849 4571 καίεται;’
2872 4504 2964 4571 τίς
3003 4504 3328 4573 ἀναγγελεῖ
3347 4504 3493 4574 ὑμῖν
3522 4505 3629 4558 τὸν
3648 4507 3838 4560 τόπον

564 4602 693 4642 num
721 4588 796 4643 l"’?
824 4588 1108 4644 Ambulate
1142 4591 1196 4645 in
1234 4590 1347 4645 luce
1383 4592 1519 4663 ignis
1551 4590 1730 4657 vestri,
1761 4599 1811 4645 et
1834 4592 1888 4645 in
1906 4594 2151 4663 ﬂamma,

563 4694 724 4749 quam
768 4682 1108 4737 succendistis
1140 4683 1208 4738 ⁸⁸.
1273 4683 1342 4738 Ει
1395 4683 1596 4738 iterum
1638 4700 1653 4737 :
1693 4682 2066 4755 Egredientur,
2104 4694 2154 4739 et

562 4770 805 4825 uidebunt
831 4774 1093 4828 cadavera
1132 4775 1425 4842 hominum,
1462 4776 1554 4846 qui
1587 4777 1922 4846 pra'varicati
1947 4787 2069 4831 sunt
2095 4779 2152 4831 in

561 4879 662 4917 me.
706 4864 904 4919 Vermis
930 4867 1069 4920 enim
1093 4882 1275 4921 eorum
1300 4884 1405 4921 non
1436 4869 1710 4933 morietur,
1733 4876 1781 4922 et
1806 4870 1938 4939 ignis
1962 4885 2145 4925 eorum

560 4970 666 5009 non
697 4958 1057 5027 exstinguetur
1079 4975 1097 5013 :
1122 4969 1171 5013 et
1198 4969 1351 5013 erunt
1377 4960 1432 5013 in
1459 4960 1710 5014 visionem
1738 4961 1882 5014 omni
1901 4963 2053 5015 carni
2075 4962 2142 5018 ⁸⁷.

558 5047 850 5104 Jeremiam
882 5066 1105 5122 quoque
1131 5051 1405 5107 dicentem
1440 5070 1453 5105 :
1489 5052 1626 5107 Date
1662 5052 1889 5107 Domino
1915 5054 2024 5108 Deo
2060 5072 2146 5110 ve-

556 5148 668 5194 stro
698 5140 946 5212 gloriam,
981 5152 1269 5214 antequam
1303 5145 1744 5210 contenebrescat,
1773 5155 1822 5199 et
1856 5155 2145 5218 antequam

558 5230 825 5300 offendant
883 5232 1036 5303 pedes
1091 5235 1251 5288 vestri
1296 5233 1368 5287 ad
1412 5244 1615 5288 montes
1644 5234 1958 5305 caliginosos
1985 5237 2144 5292 ".Et

558 5336 752 5377 rursus
782 5340 795 5376 :
824 5323 1034 5390 Audite,
1060 5325 1287 5396 papulas
1322 5325 1517 5381 stultus
1556 5336 1605 5381 et
1621 5329 1735 5381 sine
1772 5328 1927 5381 corde
1957 5343 1975 5382 :
2006 5330 2145 5382 oculi

555 5415 650 5478 eis,
687 5422 737 5467 et
779 5432 881 5470 non
917 5416 1127 5483 vident;
1169 5434 1325 5473 aures
1365 5420 1459 5484 eis,
1492 5429 1540 5473 et
1576 5435 1680 5473 non
1707 5419 1950 5474 audiunt.
1994 5420 2146 5475 Nun-

554 5502 682 5565 quid
725 5520 807 5558 me
844 5522 948 5559 non
985 5506 1252 5574 timebitis,
1289 5508 1415 5563 dicit
1459 5508 1755 5565 Dominus?
1798 5517 1890 5564 aut
1935 5527 1967 5564 a
2010 5511 2144 5578 {acie

628 5622 860 5696 “Bom.
892 5641 1009 5689 vm,
1039 5626 1128 5682 35.
1205 5628 1250 5662 δ’
1281 5628 1416 5683 ibid.
1447 5629 1536 5685 58.
1614 5631 1661 5664 ³⁰
1693 5630 1737 5684 ll
1761 5628 1871 5686 Cor
1920 5646 1995 5693 ιν,
2027 5629 2114 5696 10,
2148 5629 2235 5685 ll.

2254 4596 2362 4651 τὸν
2380 4594 2624 4651 αἰώνιον
2641 4613 2659 4661 ;
2682 4598 3021 4666 Πορεύεσθε
3044 4596 3124 4661 τῷ
3143 4597 3289 4666 φωτὶ
3312 4596 3420 4652 τοῦ
3436 4596 3631 4666 πυρὸς
3647 4596 3831 4667 ὑμῶν,

2254 4689 2354 4744 καὶ
2391 4688 2464 4758 τῇ
2486 4690 2690 4760 φλογὶ,
2714 4684 2754 4761 ᾗ
2780 4690 3169 4755 ἐξεκαύσατε.
3196 4689 3305 4742 Kal
3334 4688 3496 4741 πάλιν
3521 4706 3534 4719 ·
3571 4691 3625 4741 Ἐ
3631 4671 3832 4754 55.1515-

2252 4795 2485 4841 σονται,
2521 4778 2618 4832 καὶ
2647 4777 2903 4847 ὄψονται
2925 4778 2999 4832 τὰ
3021 4776 3185 4831 κῶλα
3208 4774 3326 4830 τῶν
3347 4776 3697 4846 ἀνθρώπων,
3717 4775 3831 4829 τῶν

2253 4871 2751 4941 παραϐεϐηκότων
2771 4871 2839 4925 ἐν
2860 4870 3010 4940 ἐμοί.
3048 4869 3110 4923 '0
3136 4870 3246 4939 γὰρ
3272 4867 3522 4935 σκώληξ
3543 4868 3741 4923 αὐτῶν
3760 4869 3830 4919 οὐ

2253 4960 2628 5029 τελευτήσει,
2665 4960 2763 5014 καὶ
2806 4960 2869 5014 τὸ
2907 4960 3026 5029 πῦρ
3059 4958 3259 5014 αὐτῶν
3301 4961 3373 5014 οὐ
3403 4958 3826 5025 σϐεσθήσεται·

2251 5052 2351 5106 καὶ
2385 5053 2632 5107 ἔσονται
2653 5053 2742 5117 εις
2771 5051 2993 5120 ὄρασιν’
3012 5050 3181 5119 πάσῃ
3205 5049 3409 5119 σαρκί.
3440 5052 3547 5104 Τοῦ
3577 5051 3630 5103 δὲ
3671 5049 3825 5118 Ἱερε-

2254 5142 2378 5212 μίου
2404 5143 2657 5211 λέγοντος
2678 5162 2693 5176 ·
2723 5144 2867 5197 Δότε
2897 5142 2979 5209 τῷ
3027 5143 3226 5212 Κυρίῳ
3272 5140 3398 5215 [Fr.
3426 5143 3619 5212 Kvpitp
3636 5135 3819 5209 ὑμῶν]

2253 5233 2375 5300 Θεῷ
2403 5233 2574 5305 ὑμῶν
2596 5234 2787 5300 δόξαν
2811 5233 2925 5304 πρὸ
2970 5233 3076 5289 τοῦ
3098 5233 3419 5299 σκοτάσαι,
3454 5234 3551 5289 καὶ
3579 5230 3685 5301 πρὸ
3712 5228 3820 5284 τοῦ

2249 5328 2598 5396 προσκόψαι
2646 5326 2790 5393 τοὺς
2839 5326 3033 5394 πόδας
3052 5327 3221 5397 ὑμῶν
3251 5327 3346 5381 ἐπ’
3396 5327 3502 5397 ὄρη
3525 5321 3821 5381 σκοτεινά.

2250 5419 2363 5472 Kal.
2401 5419 2569 5474 πάλιν
2586 5436 2599 5450 ο
2645 5419 2972 5474 Ἀκούσατε
2996 5418 3150 5485 λαός
3170 5419 3372 5489 μωρὸς
3391 5419 3487 5474 καὶ
3513 5411 3827 5482 ἀκάρδιοςσ

2251 5510 2545 5582 ὀφθαλμοί
2582 5511 2809 5580 αὐτοῖς,
2842 5513 2938 5567 καί
2969 5514 3042 5567 οὐ
3058 5512 3408 5578 ,βλέπουσιν
3424 5527 3439 5542 ’
3463 5506 3575 5565 ὦτα
3591 5504 3835 5575 αὐτοῖς,

2336 5630 2381 5663 ⁸³
2416 5630 2461 5685 ll
2489 5630 2615 5686 Cor.
2644 5646 2740 5695 xu,
2772 5630 2824 5686 9.
2903 5631 2948 5662 ⁵²
2981 5629 3119 5685 ibid.
3196 5629 3282 5685 10.
3386 5631 3433 5663 ⁸³
3474 5629 3629 5686 Deut.
3660 5640 3843 5697 usu,

553 5690 645 5757 9.2,
676 5693 764 5748 25'.
840 5696 886 5728 ⁵³
922 5695 1057 5752 ibid.
1092 5697 1181 5753 ll.
1256 5699 1302 5732 "
1332 5699 1435 5754 lsa.
1470 5700 1754 5768 xxxm,M.
1831 5701 1878 5735 ⁵⁸
1904 5690 2007 5755 lsa.
2035 5690 2159 5771 ιη’ίτ

2282 5701 2327 5733 ⁸⁷
2358 5700 2463 5756 lsa.
2490 5716 2631 5769 ml,
2657 5690 2747 5757 24.
2823 5702 2871 5734 ⁸⁸
2899 5700 3105 5758 Jerem.
3139 5716 3255 5771 xui,
3281 5699 3367 5757 l6.
