4036 6210
288 307 396 371 933

1568 303 1801 366 LIBER
1838 304 2263 369 ASCETICUS.

3433 317 3544 382 9M

278 421 377 473 καὶ
408 420 520 472 οὐκ
549 416 903 471 ἁκούουσιν.
950 412 1087 483 Ἐμὲ
1116 415 1188 465 σὺ
1217 411 1662 482 φοϐηθήσεσθε,
1693 415 1857 482 λέγει

1964 431 2079 469 mea
2125 433 2230 470 non
2282 417 2627 473 vercbimini?
2667 422 2757 492 qui
2800 422 2951 492 posui
2995 437 3216 477 arenam
3265 433 3548 482 terminum

277 511 533 580 Κύριοςς
571 508 609 576 ἢ
641 506 762 561 ἀπὸ
793 505 899 558 τοῦ
937 502 1266 573 προσώπου
1297 521 1417 572 μου
1457 506 1569 559 οὐκ
1600 506 1860 571 εὐλιιεεῖη⁴

277 601 575 668 θήσεσθες
603 598 712 653 τὸν
753 596 1098 662 ποιήσαντα
1143 596 1309 665 ἔριον
1357 595 1608 665 ψάμμον
1641 594 1713 663 τῇ
1759 602 1864 649 θα-

272 692 513 759 λάσσῃ,
546 691 904 759 πρόσταγμα
937 688 1202 752 αἱώνιον,
1237 687 1335 741 καὶ
1383 689 1497 756 οὺχ
1530 687 1866 755 ὑπερϐήσε-

275 803 373 840 ται
401 802 419 849 ;
453 785 564 838 Καὶ
590 784 749 836 πάλιν
778 800 792 814 ⁸
830 782 1149 836 Παιδεύσει
1181 798 1253 836 σε
1272 782 1311 850 ἡ
1345 783 1691 836 ἀποστασία
1723 799 1861 846 σου,

274 877 377 929 καὶ
414 876 452 941 τι
484 876 663 928 κακία
698 890 817 927 σου
843 873 1073 942 ἐλέγξει
1128 889 1221 926 σε.
1254 873 1363 929 Καὶ
1393 869 1593 943 γνῶθι.
1623 873 1718 927 καὶ
1751 873 1861 930 ἴδε.

274 968 369 1021 ὅτι
400 970 615 1035 πικρόν
640 966 741 1019 σοί
766 965 897 1018 ἐστι
934 964 1000 1017 τὸ
1038 964 1397 1018 καταλιπεῖν
1437 978 1511 1018 σε
1538 964 1673 1034 ἐμὲ,
1704 964 1865 1033 λέγει

274 1056 516 1124 Κύριος,
554 1053 700 1121 Ἐγὼ
720 1053 1026 1121 ἐφύτευσα
1049 1052 1321 1121 ἄμπελον
1341 1055 1722 1121 καρποφόρον
1749 1051 1865 1104 πᾶ-

274 1164 404 1201 σαν
420 1144 737 1213 ἀληθινήν⁹
760 1145 886 1210 πῶς
911 1144 1220 1213 ἐστράφης
1242 1145 1331 1208 εἰς
1359 1143 1604 1211 πικρίαν
1618 1144 1656 1211 ὴ
1681 1143 1867 1212 ἅμπε·

277 1242 392 1304 λος
417 1239 454 1306 ἡ
482 1237 771 1304 ἀλλοτρία
789 1254 806 1300 ;
824 1237 933 1289 Καὶ
956 1236 1133 1288 πάλιν·
1162 1237 1282 1289 Οὐκ
1310 1234 1565 1288 ἐκάθισα
1588 1235 1732 1301 μετὰ
1757 1251 1868 1288 συ-

277 1329 521 1394 νεδρίου
548 1326 873 1387 παιζόντων
897 1326 1065 1398 [δὶωι.
1112 1325 1412 1393 συνεδρίῳ
1438 1325 1638 1380 αὐτῶν
1663 1323 1863 1397 παιζ.]⁶

277 1420 422 1475 ἀλλ’
463 1421 856 1487 ηὐλαϐούμην
919 1418 1040 1471 ἀπὸ
1099 1417 1423 1485 προσώπου
1473 1420 1672 1487 χειρός
1725 1434 1862 1472 σου.

280 1514 636 1580 Ῑιάταμόνας
662 1509 992 1579 ἐκαθήμην,
1034 1501 1124 1563 ὅτι
1181 1509 1420 1577 πικρίας
1451 1507 1863 1576 ἐνεπλήσθην.

277 1605 381 1667 Τίς
408 1604 462 1657 δὲ
494 1604 552 1656 οὐ
580 1602 794 1670 φρίσσει
824 1601 920 1653 τοῦ
979 1600 1241 1671 Ἰεςέκιὴλ
1286 1600 1521 1665 ἁκούων,
1579 1601 1863 1668 λέγοντος⁶
1910 1624 1914 1628 Α

1967 507 2136 571 mari;
2176 517 2492 577 prazceptum
2518 518 2795 576 wternum,
2818 522 2868 566 et
2901 530 3004 567 non
3025 518 3453 586 supergredietur
3478 523 3545 574 "'.

1963 594 2032 648 Et
2073 595 2273 650 iterum
2308 615 2320 650 :
2353 597 2614 669 Corripiet
2646 610 2695 653 te
2727 602 2943 670 defectio
2979 613 3092 669 tua,
3123 614 3172 658 et
3216 606 3422 663 malitia
3454 618 3547 665 tua

1965 697 2152 758 arguet
2190 698 2256 743 te.
2295 689 2364 743 Et
2404 693 2556 755 scito,
2591 700 2639 746 et
2672 694 2806 757 vide,
2841 696 2966 764 quia
3015 712 3262 751 amarum
3315 699 3406 753 tibi
3449 712 3545 769 est,

1964 780 2104 848 quod
2130 781 2406 852 reliqueris
2444 800 2545 847 me,
2575 785 2698 839 dicit
2728 786 2892 856 380
2922 787 3198 843 Dominus.
3248 790 3358 862 Ego
3391 793 3548 863 plan-

1965 872 2073 925 tavi
2126 873 2332 927 vineam
2381 875 2710 945 fructiferam
2766 894 2946 931 veram
2996 895 3244 946 omnem;
3291 886 3550 953 quomodo

1964 977 2116 1016 versa
2163 978 2215 1016 es
2258 965 2314 1017 in
2362 966 2796 1032 amaritudinem,
2842 968 2960 1021 vitis
2997 967 3175 1023 aliena
3204 971 3284 1024 °°?
3314 971 3550 1028 Iterum-

1964 1070 2073 1124 que
2105 1072 2118 1107 :
2145 1055 2266 1109 Non
2293 1057 2402 1110 sedi
2443 1074 2561 1111 cum
2610 1058 2830 1112 concilio
2858 1061 3188 1127 ludentium;
3213 1062 3304 1115 sed
3336 1064 3553 1119 verebar

1966 1161 1999 1197 ιι
2042 1143 2178 1212 facie
2218 1162 2409 1199 manus
2453 1154 2577 1201 tute.
2615 1147 2770 1201 Solus
2804 1150 3076 1216 sedebam,
3120 1153 3245 1222 quia
3294 1155 3554 1208 amaritu-

1966 1235 2088 1288 dine
2122 1235 2309 1305 plenus
2342 1255 2491 1291 eram
2514 1239 2578 1292 ".
2615 1239 2959 1295 Ezechielem
2982 1257 3110 1297 vero
3137 1244 3389 1310 audiens,
3425 1246 3553 1316 quis

1966 1341 2079 1379 non
2116 1326 2345 1382 horrore
2376 1330 2806 1385 contremiscat?
2836 1332 3139 1403 Effundam,
3176 1333 3373 1404 inquit,
3409 1337 3552 1390 iram

1967 1433 2140 1471 meam
2171 1434 2329 1489 super
2354 1427 2422 1487 te,
2465 1429 2513 1473 et
2537 1421 2801 1491 complebo
2828 1425 3057 1492 furorem
3094 1424 3266 1480 meum
3295 1427 3350 1479 in
3380 1436 3429 1481 te
3457 1445 3476 1483 :
3503 1438 3552 1482 ct

1956 1507 2209 1578 judicabo
2234 1520 2281 1565 te
2302 1513 2355 1565 in
2381 1514 2476 1567 viis
2505 1514 2630 1582 tuis,
2655 1525 2705 1570 et
2730 1517 2864 1570 dabo
2886 1534 3043 1588 super
3067 1526 3116 1572 te
3137 1536 3314 1574 omnes
3349 1522 3551 1576 abomi—

1967 1601 2205 1655 nationes
2230 1611 2349 1657 tuas
2375 1621 2392 1658 :
2420 1614 2467 1658 et
2495 1622 2597 1660 non
2636 1617 2814 1679 parcet
2849 1609 3032 1664 oculus
3066 1628 3231 1677 meus,
3263 1628 3427 1683 neque
3461 1616 3551 1668 mi-

291 1695 514 1767 Ἐκχεῶ
541 1697 655 1763 τὴν
682 1693 867 1764 ὀργήν
883 1712 1002 1764 μου
1026 1695 1124 1747 ἐπὶ
1147 1693 1242 1755 σὲ,
1265 1694 1361 1747 καὶ
1386 1693 1737 1747 συντελέσω
1760 1694 1861 1746 τὸν

1964 1692 2249 1757 serebitur;
2298 1702 2346 1747 et
2390 1705 2514 1750 tunc
2561 1714 2836 1768 cognosces
2884 1702 3008 1770 quia
3051 1718 3143 1772 ego
3194 1702 3449 1759 Dominus
3479 1707 3546 1760 θ’.

277 1754 477 1858 θυμόν
504 1754 622 1857 μου
652 1754 920 1840 έᾶιὰοῐ-
952 1784 1052 1839 καὶ
1092 1785 1274 1852 κρινῶ
1311 1800 1385 1838 σε
1424 1785 1494 1837 ἐν
1520 1783 1650 1849 ταῖς
1700 1783 1861 1849 ὁδοῖς

1964 1782 2099 1848 Quis
2145 1801 2275 1839 vero
2323 1801 2391 1841 ex
2444 1788 2688 1844 Dauiclis
2729 1791 2915 1846 verbis
2963 1808 3074 1846 non
3122 1806 3545 1866 compungatur,

273 1888 422 1945 σου,
457 1881 549 1935 καὶ
572 1880 745 1933 δώσω
766 1880 863 1933 ἐπὶ
896 1878 971 1933 σὲ·
999 1879 1193 1939 πάντα
1220 1877 1290 1930 τὰ
1305 1876 1696 1946 βδελύῃιιιτά
1720 1890 1858 1930 σουο

272 1974 384 2029 καὶ
408 1976 478 2029 οὐ
507 1975 774 2043 φείσεται
798 1977 830 2029 ό
850 1972 1157 2043 ὀφθαλμός
1173 1988 1314 2039 μου,
1333 1969 1459 2023 οὐδ’
1487 1971 1557 2023 οὐ
1572 1969 1657 2039 μὴ
1683 1967 1852 2037 ἐλεή-

274 2082 405 2120 σω·
439 2067 536 2119 καὶ
566 2067 698 2119 τότε
734 2062 1040 2133 ἐπιγνώσῃ
1102 2062 1191 2114 ὅτι
1253 2061 1367 2127 ἐγὼ
1403 2061 1636 2128 Κύριος.
1681 2059 1776 2122 Τίς
1804 2059 1861 2112 δὲ

272 2157 375 2210 τοῦ
428 2156 624 2226 Δανιὴλ
672 2154 884 2209 ἁκούων
933 2154 995 2206 οὐ
1043 2151 1439 2219 κατανύγεται·
1469 2150 1862 2223 διαγράφοντος

275 2247 577 2319 superam
607 2246 704 2317 τὴν
726 2245 938 2316 ἡμέραν
970 2244 1067 2314 τῆς
1105 2243 1342 2313 φοϐερᾶς
1376 2244 1644 2312 κρίσεως,
1696 2243 1755 2295 ὲν
1780 2236 1862 2305 οἷς

278 2355 470 2409 φησιν·
507 2338 656 2407 Ἐγὼ
680 2337 904 2406 Δανιὴλ
927 2335 1241 2403 ἐθεώρουν,
1275 2334 1386 2400 ἕως
1422 2330 1493 2389 οὗ
1522 2335 1725 2402 θρόνοι
1745 2332 1864 2386 ἐτέ-

277 2435 503 2500 θησαν.
536 2429 643 2483 Kal
674 2430 935 2495 Παλαιὸς
958 2425 1193 2498 ἡμερῶν
1228 2424 1547 2493 ἐκάθησεν.
1586 2427 1656 2479 Τὸ
1689 2424 1863 2479 ἐνδυ-

277 2539 362 2590 μα
381 2522 570 2576 αὐτοῦ
599 2521 828 2575 λευκὸν
856 2521 997 2579 ὡσεὶ
1039 2519 1187 2589 χιών
1208 2537 1222 2551 ο
1257 2519 1354 2573 καὶ
1382 2519 1418 2586 ἡ
1450 2518 1581 2586 θρὶξ
1617 2516 1727 2585 τῆς
1760 2533 1861 2570 κε-

277 2613 485 2685 φαλῆς
538 2613 726 2670 αὐτοῦ
764 2615 842 2680 ὡς
877 2615 1041 2682 ἔριον
1083 2612 1370 2680 καθαρόν.
1418 2611 1524 2664 Καὶ
1573 2612 1606 2664 ό
1647 2610 1862 2677 θρόνος

276 2708 470 2763 αὑτοῦ
502 2707 663 2777 φλὸξ
685 2706 876 2773 πυρός
902 2723 915 2736 ο
941 2708 996 2759 ol
1021 2704 1223 2773 τροχοὶ
1250 2701 1438 2757 αὐτοῦ
1459 2702 1581 2769 πῦρ
1610 2699 1858 2771 φλέγον.

279 2800 555 2869 Ποταμὸς
582 2799 772 2866 πυρός
789 2795 1013 2860 ellum,
1031 2796 1506 2865 ἐκπορευόμενος
1522 2794 1864 2863 ἔμπροσθεν

279 2886 493 2942 αὐτοῦ.
538 2888 736 2940 Χίλιαι
777 2885 1045 2955 χιλιάδες
1096 2884 1519 2950 ἐλειτούργουν
1549 2881 1731 2946 αὐτῷ,
1760 2880 1860 2934 καὶ

274 2980 483 3049 μύριαι
502 2976 788 3047 μυριάδες
820 2975 1333 3043 παρειστήκεισαν
1363 2974 1708 3041 ἔμπροσθεν
1748 2972 1860 3025 αὐ-

1963 1873 2097 1929 dum
2148 1879 2495 1932 tremendum
2543 1879 2736 1949 judicii
2783 1881 2930 1936 diem
2974 1882 3048 1937 ita
3096 1884 3400 1940 describit?
3436 1887 3550 1959 Ego

1964 1964 2156 2020 Daniel
2174 1968 2430 2033 videbam,
2454 1971 2619 2025 donec
2638 1974 2813 2027 throni
2832 1975 2990 2044 positi
3017 1986 3140 2029 sunt
3163 1993 3182 2030 :
3204 1986 3255 2031 et
3288 1977 3551 2047 Antiquus

1963 2058 2167 2112 dierum
2196 2062 2351 2115 sedit.
2386 2062 2763 2118 Vestimentum
2794 2068 2907 2133 eius
2936 2068 3217 2122 candidum
3242 2071 3395 2140 quasi
3421 2071 3551 2136 nix;

1963 2158 2013 2202 et
2034 2150 2260 2220 capillus
2290 2154 2477 2222 capitis
2508 2156 2622 2225 ejus
2647 2157 2800 2225 quasi
2829 2154 2958 2210 lana
2995 2157 3140 2212 alba.
3177 2159 3411 2213 Throuus
3436 2162 3551 2230 ejus

1961 2242 2181 2311 ﬂamma
2203 2244 2363 2312 ignis,
2390 2253 2437 2298 et
2472 2254 2602 2299 rota:
2625 2247 2738 2316 ejus
2760 2248 2897 2317 ignis
2926 2249 3138 2304 ardens.
3177 2250 3388 2305 Flavius
3414 2252 3548 2321 ignis

1963 2332 2226 2396 trahebat,
2260 2334 2529 2404 egrediens
2567 2337 2621 2389 in
2659 2347 2933 2407 conspectu
2977 2341 3110 2409 ejus.
3153 2340 3345 2395 Millies
3379 2341 3550 2398 millia

1963 2424 2338 2479 ministrabant
2364 2428 2431 2491 ei,
2467 2437 2515 2481 et
2550 2428 2739 2483 millies
2775 2434 2965 2487 centies
2999 2444 3215 2490 centena
3250 2437 3418 2491 millia
3459 2455 3549 2491 αδ-
3612 2497 3619 2503 ,

1960 2518 2214 2572 sistebant
2266 2534 2447 2574 coram
2491 2538 2571 2576 eo.
2613 2523 2881 2579 Iudicium
2920 2528 3071 2590 sedit,
3116 2535 3165 2580 et
3209 2528 3331 2584 libri
3377 2533 3552 2602 aperti

1961 2617 2085 2662 sunt
2119 2608 2163 2639 ⁸³
2200 2627 2214 2663 :
2251 2611 2685 2683 uniuscujusque
2734 2615 2945 2672 scilicet
2973 2626 3130 2673 actus
3170 2628 3223 2674 et
3259 2636 3446 2690 opera.
3481 2622 3551 2676 Et

1963 2700 2164 2755 iterum
2200 2719 2213 2755 :
2250 2702 2579 2772 Aspiciebam
2616 2706 2670 2759 in
2710 2708 2907 2762 visione
2946 2710 3142 2774 noctis;
3181 2719 3230 2763 et
3270 2727 3384 2765 ecce
3428 2730 3550 2767 cum

1962 2790 2182 2845 nubibus
2210 2790 2327 2844 caeli
2349 2794 2501 2862 quasi
2545 2792 2709 2848 Filiu’s
2746 2797 2969 2850 hominis
3002 2797 3261 2863 veniebat,
3290 2808 3339 2853 et
3381 2816 3550 2870 usque

1963 2879 2034 2932 ad
2059 2879 2349 2951 Antiquam
2395 2881 2599 2937 dierum
2629 2888 2884 2954 pervenit,
2933 2895 2980 2939 et
3020 2888 3074 2940 in
3119 2896 3393 2959 conspectu
3436 2891 3551 2961 ejus

1960 2971 2169 3026 oblatus
2209 2981 2286 3027 est
2318 2975 2393 3040 ei;
2435 2983 2485 3028 et
2522 2976 2679 3030 datus
2705 2987 2782 3031 est
2816 2979 2917 3049 ipsi
2941 2980 3269 3050 principatus
3301 2988 3350 3034 et
3384 2983 3552 3036 honor

279 3072 411 3125 τοῦ.
436 3069 753 3139 ιῴιτήριον
778 3067 1041 3129 ἐκάθισε,
1076 3067 1173 3121 καὶ
1197 3068 1404 3131 βίϐλοι
1434 3063 1856 3133 ἠνεῴχθησαν

1964 3071 2013 3116 et
2038 3080 2280 3134 regnum.
2315 3065 2387 3119 Et
2414 3058 2592 3121 omnes
2621 3068 2820 3139 populi,
2867 3069 3054 3133 tribus,
3081 3069 3275 3141 lingua:
3298 3072 3400 3141 ipsi
3438 3089 3552 3127 ser-

278 3159 351 3214 τὰ
373 3160 737 3232 πεπραγμένα
754 3159 985 3213 ἑκάστου
1012 3157 1170 3229 δῆλον
1187 3159 1288 3212 ὅτι.
1316 3158 1427 3210 Καὶ
1447 3155 1629 3210 πάλινο
1658 3153 1862 3210 Ἐθεώ-

273 3268 434 3321 ρουν
462 3252 534 3304 ἐν
569 3249 816 3320 ὁράματι
845 3247 953 3317 τῆς
989 3248 1230 3314 νυκτὸς,
1282 3248 1378 3302 καὶ
1412 3246 1543 3301 ἰδοὺ
1567 3245 1721 3315 μετὰ
1744 3243 1862 3298 τῶν

279 3341 558 3413 νεφελῶν
581 3342 685 3397 τοῦ
708 3343 991 3411 οὐρανοῦ,
1017 3342 1097 3407 ὠς
1124 3341 1256 3406 ΥΙὸς
1274 3337 1588 3407 ἀνθρώπου
1617 3336 1862 3406 ἐρχόμε-

278 3453 391 3500 νος
425 3432 535 3507 ἦν·
566 3435 663 3488 καὶ
700 3435 811 3500 ἕως
841 3434 947 3489 τοῦ
980 3431 1248 3488 Παλαιοῦ
1288 3428 1524 3499 ἡμερῶν
1547 3429 1815 3497 ἔφθασεν
1841 3443 1857 3460 ·

1969 3155 2109 3207 vient
2144 3171 2163 3207 :
2202 3164 2251 3208 et
2290 3158 2519 3226 potestas
2555 3158 2667 3228 ejus
2701 3168 2930 3229 potestas
2975 3168 3175 3214 (eterna
3194 3177 3214 3227 ;
3248 3168 3298 3214 et
3328 3177 3549 3233 regnum

1966 3245 2080 3314 ejus
2112 3263 2333 3317 regnum
2368 3263 2650 3303 meritum.
2695 3249 2913 3305 Ilurruit
2961 3252 3182 3322 spiritus
3229 3268 3410 3319 meus,
3456 3271 3549 3325 ego

1969 3335 2179 3402 Daniel,
2208 3337 2263 3390 in
2297 3338 2476 3391 habitu
2528 3355 2662 3405 meo,
2701 3347 2750 3392 et
2792 3341 3013 3395 visiones
3057 3342 3245 3412 capitis
3288 3345 3391 3398 mei
3431 3360 3551 3399 con-

1966 3428 2310 3482 turbaverunt
2343 3446 2424 3483 me
2450 3430 2517 3482 δι.

280 3530 382 3583 καὶ
409 3526 670 3583 ἐνώπιον
700 3529 887 3583 αὐτοῦ
934 3523 1326 3596 προσηνέχθη
1369 3520 1559 3587 αὐτῷ’
1597 3520 1695 3575 καὶ
1731 3517 1892 3585 αὐτῷ
1926 3519 2104 3587 ἐδόθη
2160 3520 2200 3587 ἡ
2245 3520 2401 3590 ἀρχὴ
2448 3522 2546 3576 καὶ
2598 3524 2636 3590 ἡ
2684 3523 2821 3592 τιμὴ
2863 3524 2962 3577 καὶ
3009 3526 3045 3593 ἡ
3082 3526 3393 3590 βασιλεία.
3428 3526 3539 3582 Kal

281 3622 510 3686 πάντες
534 3624 589 3674 nl
618 3619 777 3685 λαοὶ,
832 3619 1040 3689 φυλαὶ,
1090 3616 1361 3688 γλῶσσαι
1411 3613 1572 3679 αὐτῷ
1646 3611 2058 3668 δουλεύσουσι
2085 3626 2101 3643 ·
2135 3612 2233 3663 καὶ
2296 3614 2335 3680 ἡ
2400 3613 2655 3677 ἐξουσία
2719 3615 2926 3678 αὑτοῦ,
2968 3614 3221 3679 ἐξουσία
3272 3616 3508 3685 αἰώνιος
3533 3625 3546 3638 '

282 3716 385 3771 καὶ
410 3718 447 3783 ἡ
466 3716 756 3781 βασιλεία
780 3714 988 3779 αὑτοῦ,
1007 3712 1298 3778 βασιλεία
1341 3709 1597 3775 αιώνιος.
1639 3704 1887 3776 Ἐφριξε
1922 3705 1989 3759 τὸ
2014 3703 2250 3774 πνεῦμά
2274 3723 2425 3775 μου,
2451 3706 2567 3778 ἐγὼ
2611 3706 2859 3777 Δανιὴλ,
2898 3707 2969 3761 ἐν
3004 3708 3080 3778 τῇ
3108 3708 3231 3773 ἕξει
3252 3728 3395 3779 μου,
3447 3708 3545 3763 καὶ

280 3814 345 3866 at
376 3809 617 3878 ὁράσεις
645 3809 755 3880 τῆς
784 3806 1055 3877 κεφαλῆς
1068 3824 1189 3877 μου
1215 3802 1682 3871 συνετάρασσόν
1698 3817 1796 3870 με.

357 3910 468 3974 κη’.
504 3902 599 3965 Τίς
629 3901 686 3954 δὲ
717 3900 807 3954 τοῦ
840 3901 1004 3953 Δαὸὶδ
1042 3899 1254 3953 ἀκούων
1286 3896 1348 3948 οὐ
1377 3893 1643 3963 φοϐεῖται,
1675 3891 1855 3959 λέγον-

282 4013 379 4061 τος
401 4013 416 4026 ⁸
450 3994 639 4058 Ἀπαξ
668 3993 978 4059 ἐλάλησεν
1004 3996 1036 4047 ό
1064 3991 1230 4055 Θεὸς,
1254 3989 1363 4042 δύο
1396 3986 1581 4040 ταῦτα
1602 3984 1859 4052 ἥκουσα,

284 4086 378 4139 ὅτι
406 4084 473 4139 τὸ
502 4083 721 4153 κράτος
744 4082 851 4137 τοῦ
885 4082 1055 4143 Θεοῦ,
1074 4078 1332 4143 καῒσοῦ,
1360 4078 1558 4145 Κύριε,
1576 4074 1642 4128 τὸ
1662 4074 1856 4137 ἐλεος’

283 4177 379 4231 ὅτι
407 4177 488 4231 σὺ
514 4174 849 4239 ἀποδώσεις
897 4172 1133 4237 ἑκάστῳ
1154 4171 1304 4225 κατὰ
1352 4168 1423 4222 τὰ
1471 4168 1613 4236 ἔργα
1650 4164 1857 4220 αὐτοῦ.

279 4268 402 4322 Καὶ
458 4266 620 4321 πάλιν
697 4265 794 4319 τοῦ
867 4261 1297 4331 Ἐκκλησιασωῦ
1355 4258 1634 4327 λέγοντος·
1685 4254 1863 4320 Τέλος

275 4360 499 4427 λόγου,
557 4357 624 4411 τὸ
656 4356 781 4411 πᾶν
806 4353 1019 4408 duom-2°
1063 4353 1169 4407 τὸν
1209 4350 1357 4405 Θεὸν
1375 4347 1583 4419 φοϐοῦ,
1629 4344 1863 4409 καὶτὰς

2037 3889 2127 3946 28.
2167 3888 2302 3957 Quis
2328 3904 2459 3944 vero
2486 3889 2747 3945 Davidem
2783 3890 3016 3947 audiens
3044 3906 3152 3945 non
3179 3890 3384 3957 timeat,
3415 3891 3547 3946 dum

1966 3981 2046 4037 ait
2082 4000 2096 4035 :
2126 3980 2300 4036 Semel
2338 3981 2541 4035 locutus
2570 3990 2647 4034 est
2683 3981 2844 4047 Deus,
2877 3982 2978 4036 duo
3018 3984 3127 4037 haec
3167 3982 3343 4036 audivi
3371 4001 3389 4037 :
3420 3985 3546 4053 quia

1966 4081 2197 4145 potestas
2225 4072 2322 4126 Dei
2354 4080 2450 4136 est,
2491 4080 2541 4124 et
2585 4081 2697 4139 tua,
2726 4073 2971 4139 Domine,
2995 4075 3384 4140 misericordia;
3420 4079 3547 4147 quia

1965 4174 2022 4219 tu
2061 4164 2242 4218 reddes
2281 4165 2562 4234 unicuique
2590 4164 2752 4235 juxta
2790 4181 2950 4235 opera
2985 4181 3081 4218 sua
3115 4164 3179 4219 ⁸⁸.
3226 4166 3549 4237 Rursusque

1964 4253 2350 4309 Ecclesiastem
2392 4271 2405 4306 :
2439 4252 2582 4307 Finis
2627 4254 2904 4318 sermonis,
2952 4261 3119 4308 totum
3170 4255 3342 4310 audi:
3378 4256 3546 4311 Deum

1964 4346 2110 4409 time,
2149 4352 2197 4397 et
2243 4344 2501 4398 mandata
2547 4345 2659 4415 ejus
2703 4345 2940 4411 custodi;
2983 4346 3077 4399 hoc
3115 4347 3251 4400 enim
3294 4356 3370 4401 est
3409 4356 3546 4403 totus

275 4417 538 4516 ἐντολὰς
560 4448 747 4506 αὑτοῦ
763 4448 1068 4516 φύλασσε,
1088 4444 1175 4498 ὅτι
1195 4417 1507 4506 τοῦτονπᾶς
1534 4439 1861 4506 ἄνθρωπος·

1968 4438 2162 4491 Ιιοηιο;
2192 4437 2316 4506 quia
2348 4453 2501 4491 omne
2542 4436 2739 4507 factum
2771 4437 2992 4492 adducet
3021 4437 3161 4492 Deus
3188 4438 3241 4491 in
3259 4439 3544 4508 judicium,

275 4543 379 4596 ὅτι
406 4543 657 4610 σύμπαν
681 4543 746 4594 τὸ
788 4540 1016 4606 ποίημα
1054 4536 1183 4600 ἄξει
1221 4538 1253 4589 ό
1292 4533 1435 4599 Θεὸς
1470 4533 1541 4586 ἐν
1573 4531 1767 4598 κρίσει
1798 4530 1868 4584 ἐν

276 4635 466 4687 παντὶ
475 4632 938 4705 μαρεωραμένῳ,
965 4630 1073 4683 ἐὰν
1101 4626 1347 4696 ἀγαθὸν,
1394 4623 1493 4679 καὶ
1535 4623 1643 4678 ἐὰν
1678 4635 1866 4691 πονη-

308 4727 415 4780 ςόν.

281 4744 459 4872 ιοζέγ.
494 4817 592 4879 Τίς
634 4816 690 4868 δὲ
734 4815 802 4868 τὰ
827 4815 988 4883 ὅμοια
1018 4812 1236 4866 ἀκούων
1275 4810 1371 4864 τοῦ
1425 4809 1750 4863 ’Δποστόλου
1777 4807 1868 4861 λέ-

272 4924 494 4977 γοντος,
521 4906 582 4958 οὐ
603 4906 795 4977 τρέμει
818 4920 832 4935 ’
858 4902 958 4957 Δεῖ
978 4903 1087 4972 γὰρ
1112 4902 1341 4966 πάντας
1374 4897 1532 4969 ἡμᾶς
1557 4896 1864 4967 παραστῆ-

271 5011 387 5052 ναι
409 4994 490 5060 τῷ
505 4993 733 5064 βήματι
782 4993 890 5048 τοῦ
928 4992 1210 5061 Χριστοῦ,
1230 4992 1331 5045 ἵνα
1370 4992 1688 5060 κομίσηται
1721 4989 1859 5044 ἔκαε

272 5104 435 5154 στος
458 5087 626 5157 ἡμῶν
660 5087 733 5141 τὰ
755 5087 851 5141 διὰ
873 5086 979 5140 τοῦ
1006 5085 1300 5156 σώματος,
1324 5084 1445 5137 εἴτε
1474 5081 1717 5153 ἀγαθὸν,
1741 5081 1863 5136 εἴτε

274 5181 497 5237 κακόν.
519 5181 618 5244 Τίς
643 5177 738 5235 οὖν
766 5180 829 5233 οὐ
861 5179 1124 5250 θρηνήσει
1154 5180 1255 5248 τὴν
1276 5175 1531 5230 ἀπιστίαν
1559 5174 1736 5246 ἡμῶν,
1770 5173 1866 5228 καὶ

273 5275 387 5345 τὴν
410 5273 682 5343 τύφλωσιν
715 5273 816 5343 τῆς
843 5272 1022 5343 ψυχῆς
1070 5271 1228 5342 ἡμῶν
1248 5288 1260 5302 ι
1290 5268 1601 5324 ὅτιτούτων
1646 5269 1865 5323 πάντων

276 5366 596 5431 ἀκούοντες,
624 5366 686 5419 οὐ
719 5363 1108 5435 μετανοοῦμεν,
1133 5365 1227 5417 καὶ
1250 5360 1464 5433 πικρῶς
1486 5360 1746 5431 κλαίομεν
1770 5359 1864 5412 ἐπὶ

278 5464 351 5535 τῇ
379 5460 619 5535 τοσαύτῃ
641 5462 797 5533 ἡμῶν
821 5457 1053 5530 ἀμελείᾳ
1087 5454 1182 5510 καὶ
1215 5453 1490 5527 paenula;
1523 5452 1590 5523 ἢν
1620 5451 1864 5520 προθεω-

353 5672 401 5704 ”
432 5668 637 5724 Jerem.
668 5682 723 5729 ν,
753 5664 842 5728 21,
872 5662 962 5717 22.
1040 5660 1085 5693 ⁸ο
1127 5658 1340 5729 ,Ιειθειῐιἑ
1363 5671 1424 5723 ιι,
1447 5654 1649 5729 ,ιιι-ει..

1727 5656 1767 5686 ⁶¹
1800 5653 2007 5709 Jercm.
2038 5668 2127 5716 xv,
2158 5651 2244 5704 i7.
2322 5650 2366 5681 ⁶²
2410 5647 2612 5703 Ezech.
2642 5664 2737 5710 vu.
2770 5649 2824 5713 4,
2856 5650 2911 5705 9.

1962 4528 2019 4582 in
2053 4530 2196 4583 omni
2240 4528 2380 4599 quod
2418 4528 2712 4600 neglectum
2745 4538 2841 4596 est,
2873 4531 2981 4584 sive
3022 4528 3232 4594 bonum,
3278 4530 3385 4583 sive
3428 4548 3547 4585 ma-

1965 4619 2077 4674 lum
2106 4618 2173 4673 “.

2032 4808 2125 4865 29.
2150 4808 2287 4876 Quis
2316 4823 2449 4865 vero
2472 4808 2603 4865 dum
2629 4824 2696 4864 ex
2723 4807 2987 4879 Apostolo
3019 4808 3110 4864 bis
3138 4809 3336 4864 similia
3368 4811 3543 4878 audit,

1961 4916 2071 4955 non
2107 4900 2528 4955 contremiscat:
2562 4899 2777 4971 Oportet
2806 4901 2944 4954 enim
2984 4916 3077 4954 nos
3105 4917 3283 4955 omnes
3310 4902 3423 4956 sisti
3451 4904 3547 4956 tri-

1964 4991 2147 5046 bunali
2165 4989 2378 5055 Christi,
2393 5000 2451 5044 ut
2472 4991 2666 5061 referat
2684 4992 3041 5074 unusquisque
3058 5000 3440 5063 nostrum,qua:
3455 5010 3548 5063 per

1962 5102 2152 5155 corpus
2180 5084 2358 5154 gessit,
2395 5084 2501 5138 sive
2538 5084 2751 5147 bonum,
2779 5086 2887 5139 sive
2928 5084 3132 5138 malum
3157 5086 3222 5138 ⁸⁷.
3255 5085 3388 5151 Quis
3418 5101 3549 5156 ergo

1965 5192 2075 5230 non
2115 5176 2299 5246 lugeat
2328 5174 2769 5229 incredulitatem
2798 5183 3043 5228 nostram
3073 5190 3138 5230 ac
3168 5178 3368 5231 mentis
3392 5177 3536 5231 εεεοί-

1966 5276 2156 5333 tatem,
2188 5266 2333 5337 quod
2378 5265 2495 5321 haec
2536 5266 2718 5321 omnia
2752 5266 3039 5321 audientes
3066 5267 3391 5336 pmnitentia
3438 5284 3547 5324 non

1971 5358 2244 5421 ducimur,
2273 5372 2377 5412 nec
2417 5371 2519 5426 pro
2558 5363 2705 5411 tanta
2755 5365 2940 5412 nostra
2980 5357 3312 5429 negligentia
3344 5374 3408 5414 ac
3439 5367 3549 5413 tor-

1971 5466 2106 5521 pore
2130 5450 2289 5520 381
2319 5463 2505 5505 amare
2537 5448 2762 5503 ﬂemus?
2790 5447 2935 5503 Hanc
2952 5447 3221 5505 Jeremias
3251 5450 3443 5520 procul
3468 5453 3547 5506 vi-

3017 5649 3063 5719 “?
3093 5651 3226 5706 Dan.
3253 5666 3347 5719 vn,
3375 5650 3431 5719 9,
3460 5650 3527 5708 10

281 5742 327 5775 ⁸⁸
354 5718 721 5797 ἱὶιίιξίῖέέίείί
758 5718 992 5788 κήδεαι.
1022 5746 1129 5796 ιιι,
1160 5730 1248 5796 12,
1280 5727 1363 5783 15.
1412 5718 1693 5781 ἀθ-Εοοιιι.
1722 5739 1814 5790 xu,
1850 5725 1861 5775 l

1976 5723 2060 5777 14.
2135 5721 2176 5752 ⁸⁷
2207 5720 2249 5775 ll
2281 5719 2408 5775 Cor.
2444 5734 2494 5781 ιν,
2534 5718 2632 5780 Ml;
2666 5718 2825 5773 Rom.
2853 5734 2962 5787 xw,
2997 5718 3087 5777 10.
