4128 6210
498 258 608 318 9'55

1663 257 1722 318 S.
1758 257 2044 319 MAXIMI
2082 255 2590 320 CONFESSORIS

3648 259 3754 324 936

503 375 662 437 dens,
692 371 874 427 aiebat
913 410 927 423 .
963 367 1274 424 Haledictus
1314 366 1405 437 qui
1436 364 1562 435 facit
1594 380 1755 434 apcra
1786 364 1882 418 Dei
1914 362 2079 435 negli-

2197 364 2298 432 ρών
2351 362 2640 433 Ἱερεμίας,
2680 363 2898 431 ἔλεγεν
2964 358 3433 430 Ἐπικατάρατος
3479 363 3513 415 ό
3565 364 3759 419 ποιῶν

502 474 687 539 genter
714 464 779 517 ⁸⁸.
815 462 872 517 Si
904 460 1052 515 enim
1081 474 1182 515 nos
1210 459 1522 514 animorum
1552 457 1745 512 salutis
1772 472 1903 513 cura
1934 457 2079 513 serio

503 562 775 627 tangeret,
814 550 1031 607 Domini
1072 565 1382 606 sermonem
1428 558 1811 614 tremeremus,
1852 550 2081 619 ejusque

504 644 780 706 mandata,
828 639 1032 711 quibus
1075 647 1301 712 paratur
1342 639 1511 706 salus,
1556 638 1785 708 implere
1832 636 2084 693 studere-

504 751 647 789 mus.
685 733 1005 797 Enimvero,
1042 747 1169 787 cum
1217 731 1507 786 Dominum
1545 729 1853 792 audiamus.
1896 728 2085 784 dicen-

504 834 614 879 tem
649 841 663 877 :
693 822 902 879 Intrate
952 838 1045 894 per
1089 830 1372 893 angustam
1413 828 1643 892 portam,
1673 836 1791 891 qua:
1827 820 1970 875 ducit
2014 819 2085 873 ad

502 915 668 968 vitam
707 914 791 978 ⁶¹’;
838 913 1001 968 latam
1054 920 1111 967 et
1143 911 1467 982 spatiosam,
1512 926 1635 981 quae
1684 910 1752 965 ad
1798 908 2084 964 interitum

504 1007 679 1073 ducit,
709 1007 759 1062 ei
788 1006 1150 1077 praatulimus.
1184 1004 1553 1071 Quamobrem
1583 1001 1827 1057 audituri
1856 1015 2047 1057 sumus
2067 1039 2082 1064 ,

506 1112 634 1153 cum
663 1112 694 1152 e
726 1096 882 1151 ctelis
899 1094 1507 1165 adveneritjudicatum
1538 1092 1692 1147 vivos
1711 1101 1769 1147 et
1792 1099 2042 1145 mortuos
2066 1105 2083 1144 :

504 1190 586 1245 Ite
610 1207 644 1244 a
674 1205 776 1255 me,
808 1186 1096 1253 maledicti,
1128 1188 1183 1241 in
1217 1187 1391 1256 ignem
1432 1194 1709 1250 mternum,
1745 1183 1835 1253 qui
1864 1189 2086 1254 paratus

507 1291 584 1337 est
609 1281 818 1338 diabolo
848 1288 897 1335 et
932 1279 1135 1351 angelis
1166 1280 1278 1350 ejus
1302 1278 1367 1333 "°.

577 1556 669 1609 50.
712 1554 1094 1624 Futurumque
1117 1559 1204 1608 est
1230 1559 1292 1607 ut
1317 1550 1433 1606 haac
1462 1549 1777 1614 audiamus,
1802 1562 1913 1602 non
1929 1545 2090 1616 quasi

510 1646 651 1699 male
676 1645 971 1715 egerimus,
1000 1642 1097 1698 sed
1135 1657 1203 1696 eo
1229 1642 1451 1696 nomine
1475 1640 1623 1710 quod
1660 1640 1803 1694 bona
1846 1637 2091 1708 neglexi-

2178 451 2251 506 τὰ
2279 452 2423 521 ἔργα
2468 453 2691 521 Κυρίου
2719 451 2976 523 ἀμελῶς.
3018 451 3081 505 Ei
3111 452 3221 523 γὰρ
3248 451 3470 523 εἴχομεν
3502 455 3760 523 φροντίδα

2181 546 2309 612 περὶ
2339 542 2439 612 τῆς
2464 542 2737 613 σωτηρίας
2764 542 2872 596 τῶν
2898 541 3086 612 ψυχῶν
3122 540 3301 612 ἡμῶν,
3343 541 3648 614 ἑτρέμομεν
3690 544 3759 599 ἂν

2178 634 2273 689 τὸν
2307 633 2465 704 λόγον
2496 633 2592 686 τοῦ
2638 633 2868 704 Κυρίου,
2921 634 3016 688 καὶ
3052 633 3388 706 ἐσπεύδομεν
3412 635 3762 706 κατορθῶσαι

2180 725 2281 788 τὰς
2324 724 2546 789 ἐντολὰς
2598 724 2784 790 αὐτοῦ,
2835 725 2905 779 δι’
2938 717 3014 779 ὧν
3068 725 3163 778 καὶ
3214 723 3551 794 έσωζόμεθα.
3615 725 3761 779 Ἀλλ’

2182 818 2346 887 ἡμεῖς
2381 815 2671 880 ἀκούοντες
2727 815 2822 870 τοῦ
2862 816 3089 887 Κυρίου,
3126 817 3404 884 λέγοντος·
3434 817 3764 873 Εἱσέλθετε

2183 907 2284 963 διὰ
2306 906 2418 977 τῆς
2468 907 2694 977 στενῆς
2727 909 2953 975 πύλης,
2975 906 3089 976 τῆς
3112 909 3478 978 είσαγούσης
3526 911 3623 975 εἰς·
3646 909 3764 976 τὴν

2185 999 2338 1070 ζωήν
2358 1017 2373 1033 ο
2409 1000 2861 1072 προετιμήσαμεν
2886 1000 2986 1071 τὴν
3016 1000 3275 1053 πλατεῖαν
3304 1000 3398 1054 καὶ
3425 1001 3762 1074 εὐρύχωρον,

2184 1092 2282 1163 τὴν
2309 1091 2627 1162 ἀπάγουσαν
2656 1095 2735 1156 είς
2762 1093 2861 1164 τὴν
2890 1091 3190 1148 ἀπιὶιλειαν.
3233 1092 3334 1146 Διὰ
3375 1092 3534 1147 τοῦτο
3569 1094 3768 1149 ἀκούο-

2190 1202 2315 1256 μεν,
2358 1186 2528 1239 ’Ὀταν
2579 1187 2646 1240 ὲκ
2690 1185 2799 1240 τῶν
2845 1185 3097 1257 οὐρανῶν
3153 1186 3530 1256 παραγίνηται
3576 1189 3765 1257 κρῖναι

2187 1274 2397 1341 ζῶντας
2432 1275 2529 1330 καὶ
2571 1276 2830 1347 νεκρούς’
2874 1274 3151 1345 Ὑπάγετε
3181 1275 3283 1330 ἀπ’
3323 1274 3496 1344 ἐμοῦ,
3532 1277 3587 1330 οι
3621 1292 3768 1330 κατ-

2185 1369 2493 1439 ηραμένοι,
2521 1368 2610 1433 εἰς
2636 1366 2704 1422 τὸ
2734 1366 2856 1434 πῦρ
2880 1366 2946 1420 τὸ
2974 1366 3218 1421 αἰώνιον
3237 1406 3252 1430 ,
3292 1367 3358 1421 τὸ
3399 1366 3768 1437 ἡτοιμασμέ-

2188 1477 2300 1517 νον
2321 1459 2400 1525 τῷ
2418 1458 2676 1525 διαϐόλῳ
2700 1458 2800 1512 καὶ
2828 1459 2951 1523 τοῖς
2976 1458 3253 1528 ἀγγέλοις
3279 1458 3487 1513 αὐτοῦ.
3795 1478 3805 1485 ’

2260 1550 2326 1605 λ’.
2367 1551 2476 1606 Καὶ
2517 1549 2689 1605 ταῦτα
2721 1549 3012 1620 ἀκούομεν,
3042 1550 3140 1620 οὐχ
3171 1550 3248 1613 ὡς
3283 1550 3469 1614 κακῶς
3517 1550 3766 1621 πράξαν-

2190 1660 2302 1708 τες,
2334 1642 2450 1697 ἀλλ¹
2482 1642 2557 1706 ὡς
2599 1641 2708 1696 τῶν
2740 1640 2920 1696 καλῶν
2951 1641 3348 1713 ἀμελήσαντες,
3376 1643 3474 1696 uel
3508 1642 3601 1696 τὸν
3628 1642 3768 1710 πλη-

512 1752 655 1800 mus,
686 1743 742 1790 et
775 1735 1085 1805 proximum
1114 1749 1225 1788 non
1246 1733 1561 1788 dileximus.
1589 1732 1687 1788 Sin
1716 1740 1899 1786 autem
1925 1730 2091 1786 etiam

2197 1735 2308 1789 σίον
2336 1734 2410 1805 μὴ
2436 1734 2840 1805 ἀγαπήσαντες.
2859 1733 2922 1786 ΕΙ
2938 1734 2995 1787 δὲ
3009 1734 3105 1787 καὶ
3121 1734 3266 1788 κακὰ
3291 1733 3634 1806 ἐπράξαμεν,
3650 1734 3768 1798 πῶς

512 1830 653 1883 mala
683 1826 1143 1898 perpetravimus,
1181 1824 1463 1895 quomodo
1491 1825 1586 1894 qui
1631 1824 1710 1881 sic
1751 1824 2094 1894 negligenter

512 1919 693 1976 allecti
725 1919 917 1983 simus,
946 1916 1094 1972 diem
1143 1917 1301 1971 illum
1351 1916 1794 1972 sustinebimus?
1823 1916 2094 1973 Caeterum

513 2009 720 2063 dictum
743 2017 828 2062 est
846 2005 1091 2075 antiquis
1124 2020 1222 2074 per
1245 2006 1487 2077 Moysem
1525 2022 1538 2058 :
1580 2005 1700 2058 Non
1732 2004 2091 2071 mmchaberis,

510 2100 631 2154 Non
656 2099 856 2169 furtum
888 2098 1070 2167 facies,
1102 2096 1221 2152 Non
1258 2098 1458 2152 occides
1480 2098 1549 2163 ⁷¹,
1581 2106 1639 2152 el.
1679 2113 1802 2168 qua:
1849 2112 2095 2167 sequun-

514 2200 635 2257 tur;
686 2190 952 2244 Dominus
975 2198 1183 2252 autem,
1219 2189 1316 2259 qui
1364 2189 1484 2244 haec
1510 2188 1628 2243 sola
1668 2203 1892 2244 servare
1937 2188 2097 2244 Chri-

514 2286 714 2347 stiano,
739 2290 800 2338 ut
829 2283 902 2337 sit
931 2280 1232 2352 perfectus,
1270 2297 1380 2336 non
1404 2279 1655 2335 suﬂicere
1689 2280 1936 2343 noverit,
1983 2279 2099 2335 uie-.-

514 2378 609 2433 bat
636 2395 649 2430 :
687 2376 803 2431 Nisi
831 2375 1174 2429 abundaverit
1204 2375 1424 2443 justitia
1449 2383 1621 2428 uestra
1644 2372 1763 2442 plus
1776 2389 1935 2447 quam
1950 2368 2097 2425 Scri-

514 2470 699 2525 barum
723 2479 769 2523 et
797 2468 1215 2534 Pharisarorum,
1245 2483 1350 2520 non
1374 2465 1645 2520 intrabitis
1673 2466 1729 2518 in
1748 2479 1964 2534 regnum
1992 2478 2095 2517 cae-

516 2558 688 2621 lorum
706 2560 776 2613 τ’.
803 2559 935 2612 Eam
958 2559 1028 2614 ob
1061 2573 1176 2613 rem
1204 2573 1300 2614 sus
1325 2557 1505 2627 deque
1527 2557 1789 2625 omnique
1810 2555 2098 2611 occasione

514 2651 684 2705 animi
741 2648 1184 2715 sanctimoniam,
1224 2665 1333 2719 qua
1381 2657 1438 2704 et
1483 2662 1688 2718 corpus
1742 2646 2099 2703 sanctitatem

516 2744 814 2808 contrahit,
836 2758 1137 2813 veramque
1186 2741 1255 2797 ad
1296 2756 1459 2796 omne
1489 2740 1776 2796 hominum
1808 2754 1982 2810 genus
2009 2738 2097 2797 ἀίτ

515 2834 834 2897 lectionem,
872 2833 1204 2905 prsescrihit,
1237 2833 1440 2903 quibus
1488 2839 1545 2887 et
1575 2830 1644 2886 ad
1678 2846 1808 2887 eum
1845 2830 2101 2887 dilectio-

516 2938 647 2978 nem
682 2923 846 2977 liceat
879 2922 1126 2977 nancisci
1166 2938 1181 2975 :
1227 2936 1397 2991 seque
1428 2920 1547 2990 ipse
1574 2935 1639 2975 ac
1682 2918 1985 2990 discipulos
2029 2919 2099 2975 ad

2194 1827 2491 1897 ὑποίσομεν
2517 1825 2618 1897 τὴν
2642 1825 2856 1897 ἡμέραν
2887 1825 3127 1895 ἐκείνην,
3171 1825 3346 1890 οὓτως
3391 1825 3610 1896 ἀμελῶς
3650 1826 3768 1879 δια-

2194 1918 2457 1989 κείμενοι;
2501 1916 2649 1988 Πλὴν
2695 1917 2788 1983 τὸ,
2838 1918 2920 1971 Οὐ
2964 1918 3333 1987 μοιχεύσεις,
3391 1919 3464 1972 οὐ
3498 1917 3769 1986 κλέψεις,

2194 2012 2266 2066 οὐ
2304 2010 2652 2079 φονεύσεις,
2682 2013 2778 2062 καὶ
2831 2009 2897 2062 τὰ
2940 2008 3091 2079 ἑξῆς,
3123 2011 3235 2072 τοῖς
3277 2009 3525 2081 ἀρχαίοις
3567 2009 3772 2080 ετ)ρέοη

2193 2103 2284 2158 διὰ
2312 2102 2595 2166 Μωῦσέως
2613 2118 2628 2133 ·
2655 2100 2686 2153 ὁ
2711 2101 2766 2155 δὲ
2810 2100 3040 2171 Κύριος,
3072 2100 3230 2165 εἰδὼς
3257 2101 3339 2154 ὅτι
3369 2100 3468 2155 οὐκ
3501 2100 3663 2170 ἀρκεῖ
3693 2098 3774 2170 τῷ

2194 2193 2559 2265 Χριπιανῷὴ
2590 2194 2797 2247 τούτων
2826 2193 2988 2264 μόνον
3033 2192 3267 2265 τήρησις
3301 2190 3436 2261 πρὸς
3466 2190 3771 2256 τελείωσιν,

2193 2283 2413 2353 ἔλεγεν
2454 2282 2634 2353 Ἀμὴν
2668 2282 2825 2351 λέγω
2858 2282 3023 2353 ὑμῖν,
3059 2284 3141 2336 ὅτι
3175 2282 3310 2336 Ἐὰν
3328 2282 3415 2351 μὴ
3450 2282 3773 2350 περισσεύο

2194 2391 2279 2445 σῃ
2317 2373 2487 2446 ὑμῶν
2519 2377 2558 2444 η
2595 2375 2950 2442 δικαιοσύνη
2978 2372 3169 2428 πλέον
3215 2372 3335 2427 τῶν
3375 2373 3776 2442 Γραιιματέων

2197 2468 2301 2523 καὶ
2335 2468 2698 2537 Φαρισαίων,
2727 2469 2799 2522 οὐ
2838 2466 2927 2537 μὴ
2960 2466 3274 2533 εἰσέλθητε
3313 2468 3404 2531 εις
3446 2465 3562 2534 τὴν
3590 2466 3776 2530 βασι-

2195 2560 2371 2615 λείαν
2405 2557 2525 2614 τῶν
2553 2557 2848 2628 οὐρανῶν.
2881 2558 2979 2613 Διὰ
3016 2558 3175 2612 τοῦτο
3214 2558 3326 2611 ἄγω
3362 2559 3457 2612 καὶ
3487 2557 3640 2612 κάτω
3679 2558 3775 2611 τὸν

2197 2653 2297 2725 τῆς
2316 2652 2498 2724 ψυχῆς
2528 2650 2823 2722 ἀγιασμὸν,
2847 2651 2917 2705 δι’
2945 2651 3012 2723 ἢν
3051 2650 3147 2705 καὶ
3174 2650 3235 2704 τὸ
3265 2651 3424 2721 σῶμα
3453 2649 3775 2719 ἁγιάζεται,

2195 2746 2296 2800 καὶ
2322 2745 2422 2816 τὴν
2451 2744 2589 2816 πρὸς
2623 2744 2836 2808 πάντας
2879 2742 3201 2815 ἀνθρώπους
3254 2743 3522 2814 εἰλικρινῆ
3552 2741 3776 2810 ἀγάπην

2198 2836 2581 2908 ἐνομοθέτησε,
2602 2836 2672 2889 δι’
2703 2828 2779 2891 ὧν
2823 2835 2916 2889 καὶ
2946 2834 3045 2906 τὴν
3067 2836 3148 2898 εἰς
3180 2835 3343 2887 αὑτὸν
3386 2834 3609 2903 ἀγάπην
3640 2834 3779 2902 κτή-

2200 2926 2401 2981 σασθαι
2426 2925 2705 2996 δυνάμεθα
2723 2941 2738 2957 σ
2780 2925 2878 2978 καὶ
2908 2926 3099 2980 ἑαυτὸν
3124 2924 3293 2978 τύπον
3324 2924 3487 2995 μέχρι
3517 2922 3777 2992 Θανάτου,

520 3022 755 3067 mortem
786 3028 963 3083 usque
992 3014 1305 3083 exemplum
1336 3028 1400 3067 ac
1438 3027 1688 3067 normam
1722 3011 1898 3078 dedit,
1947 3011 2031 3067 uti
2060 3025 2094 3067 a

2204 3018 2302 3073 καὶ
2352 3018 2482 3081 τοὺς
2515 3016 2682 3072 αὑτοῦ
2716 3016 2966 3089 μαθητὰς
3009 3019 3142 3089 ἡμῖν
3192 3016 3497 3087 παρέσχεν,
3535 3016 3612 3079 ὡς
3649 3014 3777 3069 πολ-

518 3104 681 3159 nohis
705 3105 903 3174 saepius
924 3105 1133 3159 dictum
1157 3114 1264 3158 est.

589 3222 678 3276 51.
720 3221 893 3288 Quam
924 3236 1056 3292 ergo
1078 3222 1492 3276 excusationem
1543 3221 1600 3275 in
1629 3220 1719 3276 die
1744 3222 1838 3276 illo
1867 3220 2101 3275 habebi-

521 3328 665 3377 mus,
695 3313 788 3382 qui
843 3312 935 3366 tali
977 3314 1230 3382 exemplo
1261 3312 1383 3368 fulti
1412 3312 1492 3367 sic
1542 3311 1763 3366 desides
1795 3325 2101 3380 segnesque

522 3404 757 3459 sumus?
785 3403 1005 3473 Lugens
1038 3418 1140 3457 nos
1170 3402 1457 3467 Jeremias,
1497 3402 1593 3472 qui
1620 3411 1773 3456 tanta
1806 3402 1980 3472 gratia
2000 3402 2103 3457 do-

523 3496 662 3559 nati,
688 3510 863 3565 usque
890 3493 1029 3548 adeo
1076 3494 1408 3565 negligentia
1450 3502 1761 3564 torpemus;
1797 3508 1895 3548 seu
1917 3492 2106 3563 potius

524 3585 731 3640 malitia
766 3584 916 3639 omni
944 3584 1089 3654 pleni
1113 3600 1325 3650 sumus,
1362 3585 1582 3639 aiebat:
1607 3582 1737 3649 Quis
1770 3582 1916 3638 dabit
1943 3584 2107 3653 capiti

526 3692 640 3731 meo
672 3692 890 3747 aquam,
931 3686 979 3730 et
1009 3675 1175 3730 oculis
1208 3677 1334 3731 meis
1367 3676 1566 3746 fontem
1597 3675 1964 3747 lacrymarum
1990 3715 2005 3739 ,
2056 3685 2105 3728 et

524 3768 743 3839 plorabo
803 3767 1058 3839 populum
1109 3769 1246 3821 [tunc
1288 3768 1371 3821 die
1402 3784 1466 3821 ac
1517 3776 1664 3821 nocte
1689 3768 1784 3820 7'?
1830 3767 2009 3822 Audio
2052 3775 2109 3822 et

528 3857 767 3928 Moysem
802 3856 875 3910 de
900 3855 1064 3910 nobis
1110 3855 1431 3924 loquentem
1464 3872 1477 3908 :
1513 3855 1580 3909 Et
1610 3856 1832 3909 comedit
1861 3854 2024 3909 Iacob
2059 3862 2108 3909 et

523 3955 798 4003 saturatus
842 3956 950 4013 est;
979 3956 1029 4001 et
1060 3948 1415 4002 recalcitravit
1449 3947 1692 4002 dilectus.
1736 3947 2108 4018 Impinguatus

526 4048 624 4105 est,
649 4041 976 4094 incrassatus
1011 4048 1107 4106 est,
1140 4039 1399 4094 dilatatus
1431 4050 1530 4105 est,
1569 4047 1620 4093 et
1642 4038 1919 4109 dereliquit
1940 4038 2108 4093 Deum

528 4131 782 4201 factorem
805 4148 982 4196 suum,
1037 4141 1085 4185 et
1139 4132 1351 4185 recessit
1393 4148 1427 4184 a
1477 4130 1587 4185 Deo
1618 4130 1884 4185 salvatore
1915 4145 2009 4184 suo
2036 4129 2107 4184 ⁷⁸.

527 4221 812 4276 Michaeam
859 4236 1083 4291 quoque
1128 4223 1406 4293 lugentem
1444 4231 1610 4291 atque
1644 4221 1920 4277 dicentem
1960 4239 1973 4275 :
2024 4220 2110 4276 Vae

529 4314 658 4368 mihi
695 4315 897 4379 anima,
942 4316 1066 4384 quia
1094 4316 1249 4385 periit
1297 4316 1414 4385 pius
1457 4314 1522 4368 de
1550 4323 1715 4380 terra,
1765 4323 1815 4368 et
1851 4317 1940 4385 qui
1967 4313 2108 4369 colat

2206 3107 2361 3172 λάκις
2393 3104 2636 3179 εἰρηται.

2272 3221 2378 3276 λα’.
2414 3221 2582 3275 Ποίαν
2629 3215 2723 3276 οὗν
2771 3220 3068 3289 ἀπολογίαν
3114 3220 3310 3291 ἕξομεν
3359 3220 3418 3272 ἐν
3472 3222 3539 3290 τῇ
3592 3222 3782 3294 ἡμέρᾳ

2204 3314 2410 3385 ἐκείνῃ,
2445 3313 2686 3367 τοιοῦτον
2719 3313 3026 3383 ὑπόδειγμα
3057 3312 3293 3382 ἔχοντες,
3325 3312 3418 3365 καὶ
3450 3311 3622 3376 οὕτως
3646 3314 3783 3383 ἀμεο

2203 3404 2455 3472 λοῦντες;
2507 3406 2685 3476 Ἠμᾶς
2736 3403 2952 3475 θρηνῶν
3011 3403 3282 3474 Ἱερεμίας
3331 3404 3461 3468 τοὺς
3507 3404 3781 3474 τοσαύτης

2204 3497 2425 3569 χάριτος
2463 3495 2821 3563 ἀξιωθέντας,
2871 3496 2967 3550 καὶ
3021 3495 3194 3558 οὔτως
3247 3494 3465 3566 ἀμελῶς
3503 3495 3781 3565 διακειμέο

2205 3605 2358 3652 νους,
2423 3587 2622 3658 μᾶλλον
2658 3586 2738 3653 δὲ,
2795 3587 2981 3657 πάσης
3024 3576 3222 3649 κακίας
3271 3585 3738 3656 πεπληρωμένους
3763 3624 3781 3651 ,

2206 3677 2391 3747 ἔλεγεο
2430 3679 2525 3744 Τίς
2555 3675 2733 3732 δώσει
2764 3675 2841 3743 τῇ
2882 3674 3118 3745 κεφαλῇ
3142 3692 3261 3744 μου
3305 3674 3484 3744 ὕδωρ,
3512 3675 3611 3731 καί
3655 3674 3783 3741 τοῖς

2206 3771 2534 3841 ὀφθαλμοῖς
2560 3786 2681 3839 μου
2714 3769 2920 3838 πηγὴν
2949 3768 3245 3837 δακρύων,
3289 3769 3388 3823 καί
3436 3769 3783 3838 κλαύσομαι

2205 3862 2314 3916 τὸν
2339 3861 2495 3916 λαὸν
2525 3862 2741 3915 τοῦτον
2767 3859 2994 3929 ἡμέρας
3028 3859 3128 3913 καί
3166 3861 3425 3925 νυκτός;
3455 3860 3589 3931 Περὶ
3632 3862 3783 3931 ἡμᾶς

2206 3948 2332 4025 {Fr.
2363 3950 2493 4022 περὶ
2529 3948 2710 4022 ἡμῶν]
2762 3947 2875 4019 ἐγὼ
2914 3949 3099 4004 ἀκούω
3129 3951 3228 4004 καὶ
3256 3948 3349 4002 τοῦ
3377 3950 3656 4012 Μωῠσέως
3688 3950 3781 4001 λέ-

2207 4058 2398 4111 γοντος
2417 4057 2432 4072 ο
2464 4041 2574 4096 Καὶ
2602 4041 2832 4110 ἔφαγεν
2876 4040 3104 4102 Ἰακὼϐ.
3143 4039 3242 4095 καὶ
3266 4040 3610 4105 ἐνεπλήσθη
3631 4053 3646 4068 ⁸
3675 4040 3783 4094 καὶ

2208 4129 2615 4205 ἀπελάκτισεν
2644 4134 2678 4185 ό
2698 4131 3103 4199 ήγαπημένοςυ
3117 4129 3426 4201 amaret},
3441 4129 3781 4198 ἐπαχύνθη,

2207 4221 2551 4289 ἐπλαύνθη
2578 4262 2592 4286 ,
2622 4220 2719 4274 καὶ
2747 4222 3100 4290 ἐγκατέλιπε
3133 4221 3283 4276 Θεὸν
3307 4222 3412 4276 τὸν
3442 4220 3787 4289 ποιήσαντα

2210 4313 2417 4377 αὐτὸν,
2433 4311 2533 4368 καὶ
2562 4312 2798 4381 ἀπέστη
2817 4313 2939 4368 ἀπὸ
2971 4313 3120 4369 Θεοῦ
3146 4309 3419 4382 σωτῆρος
3439 4313 3645 4367 αὑτοῦ.
3673 4314 3788 4367 Καὶ

530 4405 775 4458 virtutem
794 4407 849 4458 in
877 4407 1169 4460 hominibus
1191 4423 1292 4461 non
1316 4416 1411 4461 est.
1437 4406 1798 4478 Unusquisque
1812 4407 2099 4476 proximum

2212 4402 2309 4456 τοῦ
2342 4402 2579 4473 Μιχαίου
2611 4401 2933 4475 Θρηνοῦντος
2958 4405 3054 4457 καὶ
3079 4403 3352 4472 λέγοντος·
3382 4404 3553 4473 Οἷμοι
3572 4400 3744 4472 ψυχή
3766 4404 3786 4456 !

530 4512 685 4553 suum
710 4496 952 4551 elidendo
987 4496 1139 4552 elidit
1162 4515 1180 4553 :
1212 4500 1268 4552 in
1296 4498 1499 4554 malum
1539 4516 1733 4553 manus
1752 4515 1875 4553 suas
1900 4513 2112 4569 praepa-

2209 4494 2301 4548 ὅτι
2323 4494 2644 4551 ἀπόλωλεν
2663 4494 2932 4561 εὐλαϐὴς
2956 4495 3078 4550 ἀπὸ
3107 4494 3216 4564 τῆς
3236 4494 3369 4565 γῆς,
3393 4494 3493 4548 καί
3517 4496 3551 4548 δ
3574 4509 3787 4560 κατορ-

534 4596 658 4642 rant
675 4588 745 4641 ⁷⁸.
774 4588 1043 4644 Similiter
1059 4590 1223 4660 382
1242 4606 1462 4660 quoque
1488 4590 1828 4645 Psalmistam
1861 4590 1929 4645 de
1953 4590 2099 4644 nobis

2208 4585 2330 4642 θῶν
2355 4586 2428 4640 ἐν
2463 4585 2799 4655 ἀνθρώποις
2842 4588 2957 4656 οὐχ
2998 4585 3273 4655 ὑπάρχει.
3314 4587 3619 4650 Ἕκαστος
3671 4583 3781 4636 τὸν

532 4676 809 4733 dicentem
839 4694 854 4729 :
878 4676 1100 4733 Salvum
1121 4695 1202 4733 me
1240 4680 1347 4750 fac,
1372 4679 1613 4746 Domine,
1642 4680 1893 4750 quoniam
1930 4678 2099 4749 defeci.

2210 4678 2483 4747 πλησίον
2505 4678 2692 4733 αὐτοῦ
2718 4678 3038 4733 θλίϐουσιν
3067 4673 3334 4745 ἐκθλιϐῇ·
3371 4676 3470 4729 ἐπὶ
3501 4676 3567 4728 τὸ
3597 4674 3788 4728 κακὸν

532 4779 787 4824 sanctus:
818 4771 1071 4841 quoniam
1101 4770 1376 4825 diminuta:
1411 4778 1535 4826 sunt
1557 4771 1851 4826 ueritatesa
1875 4768 2002 4840 ﬁliis
2014 4770 2115 4825 lto-

534 4857 739 4912 minum
757 4858 827 4925 ",
856 4866 914 4912 et
944 4873 1069 4928 qua:
1106 4868 1435 4930 sequuntur.

607 5132 698 5188 32.
737 5133 1029 5203 Propheta:
1060 5148 1282 5205 quoque
1320 5133 1509 5190 verbis
1540 5148 1643 5189 nos
1671 5133 1863 5205 lugens
1884 5133 2116 5204 Aposto-

538 5223 648 5286 lus,
678 5222 861 5278 aiebat
890 5240 904 5276 :
935 5224 1057 5278 Non
1088 5225 1270 5295 estqui
1297 5222 1462 5292 faciat
1490 5224 1703 5291 bonum,
1731 5241 1836 5279 non
1852 5234 1927 5279 est
1947 5241 2114 5295 usque

540 5314 611 5369 ad
647 5332 835 5370 unum.
880 5313 1193 5386 Sepulcrum
1228 5323 1413 5387 patens
1449 5326 1525 5372 est
1555 5324 1737 5388 guttur
1761 5333 1940 5371 eorum
1960 5334 1979 5382 ;
2012 5316 2120 5371 lin-

537 5407 657 5478 guis
692 5408 805 5463 suis
833 5406 1013 5463 dolose
1042 5409 1290 5479 agebant.
1323 5409 1591 5465 Venenum
1631 5408 1877 5480 aspidum
1909 5409 2002 5464 sub
2037 5408 2123 5462 la-

2206 4768 2322 4836 τάς
2345 4768 2552 4839 χεῖρας
2574 4769 2776 4825 αὐτῶν
2803 4768 3199 4840 ἑτοιμάζουσι.
3229 4768 3338 4822 Καὶ
3360 4767 3453 4820 τοῦ
3478 4765 3787 4836 Ψαλμῳδοῦ

2212 4858 2421 4932 ὁμοίως
2453 4862 2581 4933 περὶ
2604 4860 2762 4932 ἡμῶν
2790 4861 3069 4930 λέγοντος⁶
3111 4858 3321 4914 Σῶσόν
3336 4875 3435 4929 με,
3472 4859 3674 4925 Κύριε,
3700 4857 3791 4909 ὅτι

2215 4950 2573 5006 ἐκλέλοιπεν
2613 4951 2814 5018 ὅσιος’
2851 4950 2939 5006 ὅτι
2969 4950 3366 5020 ὠλιγώθησαν
3401 4951 3462 5002 αὶ
3514 4947 3790 5018 ἀλήθειαι

2216 5040 2337 5096 ἀπὸ
2366 5040 2486 5095 τῶν
2514 5040 2665 5095 υἱῶν
2689 5040 2809 5096 τῶν
2830 5040 3177 5109 ἀνθρώπων,
3211 5040 3306 5093 καὶ
3333 5039 3403 5091 τὰ
3428 5037 3612 5092 λοιπά.

2286 5132 2387 5203 λβ’.
2437 5133 2797 5204 Προφητικῶς
2826 5133 2921 5187 καὶ
2944 5134 2973 5185 ὁ
3019 5131 3341 5194 Ἀπόστολος
3370 5128 3583 5200 θρηνῶν
3619 5126 3782 5195 ἡμᾶς,

2219 5223 2440 5291 ἔλεγεν·
2471 5225 2594 5279 Οὐκ
2631 5224 2767 5278 ἐστι
2814 5223 3003 5277 ποιῶν
3029 5222 3434 5293 χρηστότητα,
3471 5220 3582 5274 οὐκ
3616 5216 3785 5270 ἐστιν

2216 5315 2329 5381 ἕως
2356 5315 2516 5382 ἑνός.
2567 5314 2759 5385 Τάφος
2800 5313 3177 5384 ἀνεῳγμένος
3207 5315 3240 5366 ό
3288 5309 3522 5380 λάρυγξ
3554 5302 3783 5361 αὐτῶν·

2210 5408 2351 5475 -ταῖς
2372 5407 2681 5479 γλώσσαις
2713 5406 2912 5463 αὐτῶν
2943 5405 3332 5462 ἐδολιοῦσαν.
3366 5404 3483 5469 ἰὀς
3513 5395 3791 5456 ἀσπίδων

482 5632 489 5639 ’
556 5666 563 5669 _
611 5608 658 5641 ⁸⁸
685 5609 891 5666 Jerem.
921 5624 1105 5673 xm",
1136 5609 1221 5663 to.
1297 5610 1341 5642 "
1369 5609 1560 5665 Matth.
1596 5626 1650 5675 v,
1678 5609 1770 5664 28.
1870 5609 1913 5640 "
1947 5608 2099 5663 Mattt

2197 5625 2298 5675 :xv,
2329 5611 2417 5666 ιι.
2520 5611 2565 5643 τι
2606 5564 3003 5678 hiatth.v,28.
3093 5608 3138 5640 η
3175 5605 3311 5664 ibid.
3348 5604 3441 5660 20.
3509 5598 3802 5660 “Jerem.

541 5697 602 5745 χ,
633 5677 685 5733 t.
763 5680 809 5713 ’δ
840 5681 1000 5735 Deut.
1029 5695 1196 5747 xxxii,
1225 5679 1314 5737 t5.
1389 5680 1434 5712 "
1465 5679 1629 5736 Mich.
1658 5694 1753 5743 vn,
1788 5678 1843 5732 2.
1921 5679 1965 5710 ⁷⁸
2001 5679 2143 5734 Psal.
2170 5695 2245 5740 χι.
2275 5680 2329 5735 2.
