4128 6210
419 270 519 332 937

1705 266 1937 326 LIBER
1977 262 2400 325 ASCETICUS.

3571 264 3675 329 938

422 352 542 412 ὑπὸ
577 353 648 408 τὰ
682 356 855 424 χειλη
883 353 1108 409 αὐτῶν·
1146 351 1320 412 ὧντὸ
1356 356 1549 420 στόμα
1583 356 1735 424 ἀρᾶς
1768 356 1867 409 καὶ
1904 370 1996 407 πι-

2098 355 2192 408 biis
2222 369 2407 407 eorum
2445 370 2462 406 :
2513 370 2735 423 quorum
2774 371 2828 408 os
2852 352 3218 409 maledictione
3243 362 3290 405 et
3315 356 3680 411 antaritndina

425 447 605 515 κρίας
641 446 823 516 γέμει.
854 448 1194 517 Σίνντριμμα
1236 449 1335 503 καὶ
1381 449 1750 517 ταλαιπωρία
1777 449 1847 501 ἐν
1867 448 1997 513 ταῖς

426 538 591 603 ὁδοῖς
641 537 861 604 αὐτῶν,
906 540 1005 593 καὶ
1053 541 1199 594 ὀδόν
1231 540 1478 609 εἰρήνης
1521 543 1631 595 οὐκ
1683 542 1992 610 ἔγνωσαν·

427 630 541 682 οὐκ
592 628 722 681 ἐστι
773 628 958 697 φόϐος
997 629 1148 683 Θεοῦ
1184 629 1475 699 ἀπέναντι
1514 630 1632 683 τῶν
1677 628 1999 698 ὀφθαλμῶν

422 718 743 779 αὐτῶν.Διὰ
762 719 922 773 τοῦτο
948 719 1109 774 πάλιν
1129 722 1452 792 προὸλέπων
1470 721 1539 775 τὰ
1566 721 1847 793 μέλλοντα,
1869 738 1936 773 πε
1946 720 2000 791 pl

423 813 522 881 τῆς
544 812 639 865 νῦν
669 811 826 882 ἡμῶν
861 813 1106 885 πονηρᾶς
1135 813 1413 883 διαγωγῆς
1444 812 1580 883 πρὸς
1610 814 1705 865 τὸν
1736 812 1999 882 Τιμόθεον

426 905 626 974 γράφει
649 920 663 934 ο
699 900 880 957 Τοῦτο
902 902 972 955 δὲ
992 903 1273 973 γίνωσκε,
1315 903 1403 957 ὅτι
1428 904 1498 957 ἑν
1530 903 1818 974 ἐσχάταις
1852 903 1998 972 ἠμέ-

416 1011 557 1063 ραις
598 993 1013 1062 ἐνστήσονται
1058 994 1249 1063 καιροὶ
1280 995 1575 1063 χαλεποί·
1614 995 1861 1049 ἔσονται
1888 993 1999 1063 γὰρ

426 1088 479 1138 οἰ
525 1084 823 1154 ἄνθρωποι
882 1086 1197 1154 φίλαυτοι,
1242 1085 1597 1157 φιλάργυροι
1618 1126 1634 1153 ,
1689 1084 1996 1156 ἀλαζόνες,

426 1178 830 1247 ὑπερήφανοι,
884 1177 1246 1246 βλάσφημοι
1266 1216 1282 1243 ,
1341 1178 1630 1246 γονεῦσιν
1699 1177 1995 1243 ἀπειθεῖς,

425 1269 761 1337 ἀχάριστοι,
809 1269 1066 1333 ἀνόσιοι,
1095 1269 1400 1339 ἄστοργοι,
1444 1268 1765 1333 ἄσπονδοι,
1798 1268 1998 1322 διάϐο-

426 1363 544 1423 λοι,
574 1358 877 1427 ἀκρατεῖς,
904 1359 1226 1430 ἀνήμεροι,
1260 1357 1650 1430 ἀφιλάγαθοι,
1692 1358 1996 1429 προδόται,

427 1450 762 1521 προπετεῖς,
787 1451 885 1505 καὶ
901 1451 970 1504 τὰ
992 1449 1138 1521 ἑξῆς.
1169 1450 1269 1505 Διὰ
1293 1448 1453 1504 τοῦτο
1484 1451 1606 1504 οὐαὶ
1635 1452 1789 1522 ἡμῖν,
1814 1451 1895 1504 ὅτι
1919 1452 1998 1514 είς

428 1541 497 1593 τὰ
525 1541 728 1612 ἔσχατα
769 1540 879 1595 τῶν
932 1542 1121 1596 κακῶν
1166 1542 1605 1614 κατηντήσαμεν.
1650 1541 1749 1605 Τίς
1796 1540 1906 1612 γὰρ
1937 1539 1999 1605 ἐξ

428 1632 607 1704 ἡμῶν,
639 1632 764 1686 είπέ
838 1649 951 1704 μοι,
1010 1632 1121 1686 τῶν
1156 1632 1567 1704 προειρημένων
1611 1631 1796 1686 κακῶν
1848 1634 1997 1685 ἐστιν

2098 446 2311 516 plenum
2342 452 2436 497 est.
2471 443 2727 499 Contritio
2774 452 2821 497 et
2855 445 3135 514 infelicitas
3166 446 3221 497 in
3252 446 3348 499 viis
3397 461 3598 511 eorum,
3623 458 3675 503 et

2096 539 2234 592 viam
2265 538 2407 607 pacis
2441 553 2545 590 non
2580 544 2932 607 cognoverunt
2959 553 2976 590 :
3009 552 3115 589 non
3141 544 3215 589 est
3243 537 3402 590 timor
3428 537 3523 591 Dei
3551 546 3679 592 ante

2097 627 2272 682 oculos
2300 644 2482 687 eorum
2514 628 2581 681 ⁷⁷.
2614 628 2826 682 Idcirco
2860 629 3062 683 iterum
3103 643 3226 697 quae
3259 627 3445 683 futura
3487 639 3676 686 essent

2097 720 2408 789 praevidens
2470 719 2540 773 ad
2615 720 2966 773 Timotheum
3030 719 3223 773 scribit
3272 736 3285 772 :
3338 719 3450 774 Hoc
3499 731 3676 776 autem

2096 814 2248 877 scito,
2276 812 2414 882 quod
2440 813 2495 865 in
2509 812 2802 865 novissimis
2819 811 2995 865 diebus
3017 810 3291 865 instabunt
3324 821 3561 884 tempora
3587 831 3683 884 pe-

2097 900 2328 954 riculosa
2353 915 2372 954 :
2402 908 2558 954 erunt
2583 901 2723 953 enim
2747 899 2985 953 homines
3000 899 3195 969 seipsos
3210 908 3473 966 amantes,
3498 904 3672 967 avari,

2099 990 2241 1061 fastu
2270 990 2419 1057 elati,
2447 991 2678 1062 superbi,
2704 989 2971 1056 maledici,
2991 991 3297 1061 parentibus
3323 992 3671 1065 immerigeri,

2096 1082 2317 1153 ingrati,
2346 1081 2571 1147 scelesti,
2602 1083 2716 1136 sine
2746 1083 2956 1152 affectu,
3009 1082 3182 1151 inﬁdi,
3228 1082 3671 1152 calumniatores,

2096 1175 2527 1247 intemperantes,
2553 1175 2800 1241 immites,
2835 1174 3090 1228 bonorum
3117 1174 3457 1247 negligentes,
3488 1177 3675 1249 prodi-

2098 1275 2258 1332 tores,
2283 1268 2638 1332 temeraril",
2663 1275 2721 1322 et
2748 1282 2870 1336 qua:
2910 1274 3239 1337 sequuntur.
3280 1269 3671 1337 Quamobrem,

2098 1375 2179 1414 vae
2220 1358 2400 1423 nobis,
2444 1357 2592 1428 quod
2645 1358 2697 1411 in
2740 1367 2989 1413 extrema
3022 1359 3291 1413 malorum
3327 1358 3670 1415 devenimus.

2098 1452 2235 1508 Nam
2266 1453 2392 1523 quis
2419 1460 2695 1518 nostrum,
2732 1451 2949 1517 amabo,
2998 1465 3196 1521 expers
3231 1459 3317 1508 est
3340 1468 3534 1507 eorum
3559 1467 3677 1507 ma-

2096 1544 2298 1609 lorum,
2329 1559 2452 1613 quae
2471 1541 2745 1598 diximus?
2765 1542 2958 1597 Nonne
2991 1542 3047 1596 in
3075 1542 3237 1597 nobis
3258 1542 3545 1613 impletum
3565 1551 3673 1608 est,

2098 1633 2247 1704 quod
2286 1631 2613 1713 ita’cmlesti
2636 1631 2901 1687 vaticinio
2929 1630 3142 1687 dictum
3168 1631 3297 1687 est?
3322 1632 3515 1687 Nonne
3549 1647 3676 1687 om-

430 1724 716 1794 όιμὲτοχος.
749 1723 887 1793 Οὐχὶ
928 1722 1022 1776 ἐπὶ
1046 1722 1204 1794 ἡμῶν
1255 1722 1546 1795 ἐπληρώθη
1586 1724 1621 1794 ἡ
1658 1720 1994 1795 προφητείιη

2098 1740 2196 1780 nes
2225 1738 2418 1779 sumus
2462 1724 2604 1794 gulae
2648 1722 2865 1778 dediti?
2911 1723 3105 1778 Nonne
3150 1738 3345 1779 omnes
3387 1723 3675 1779 studemus

430 1815 506 1868 Οὐ
531 1815 729 1877 πάντες
766 1813 931 1884 ἐσμὲν
954 1814 1391 1886 γαστρίμαργοι;
1429 1814 1503 1867 Οὐ
1550 1813 1752 1877 πάντες
1786 1813 1997 1883 φιλήδο⁴

429 1921 549 1970 νοις
581 1905 654 1958 Οὐ
683 1904 883 1967 πάντες
915 1903 1202 1974 ὑλομανείς
1230 1903 1326 1957 καὶ
1362 1901 1642 1972 eaeam;
1691 1903 1765 1957 Οὐ
1796 1902 1998 1966 πάντες

432 1992 733 2063 θυμώδεις;
795 1994 869 2048 Οὐ
920 1993 1121 2057 πάντες
1152 1991 1484 2062 μηνιασταί;
1522 1992 1596 2045 Οὐ
1625 1994 1825 2054 πάντες
1871 2008 1999 2063 μνη-

432 2085 680 2153 sinuet;
735 2086 809 2140 Οὐ
864 2086 1067 2164 παντες
1118 2084 1376 2156 προδόται
1424 2082 1606 2155 πάσης
1654 2083 1885 2155 ἀρετῆςς
1918 2083 1992 2137 Οὐ

429 2177 629 2240 πάντες
659 2176 919 2248 λοίδοροι;
962 2176 1036 2230 Οὐ
1070 2171 1270 2240 πάντες
1314 2175 1676 2245 φιλόσκοπται
1700 2171 1819 2245 [Fin
1849 2172 2000 2242 φιλο-

434 2265 738 2338 σκῶπται];
777 2267 850 2321 Οὐ
890 2266 1089 2331 πάντες
1140 2268 1466 2338 προπετεῖς;
1523 2266 1600 2318 Οὐ
1639 2264 1841 2328 πάντες
1876 2281 1999 2335 μισ-

430 2354 680 2422 ﬁdelem;
707 2355 781 2408 Οὐ
812 2356 1013 2421 πάντες
1039 2353 1441 2425 τετυφωμένως
1472 2352 1547 2406 Οὐ
1581 2351 1779 2414 πάντες
1801 2348 1999 2413 ἀλαζό-

427 2461 546 2510 νες;
572 2445 646 2499 Οὐ
688 2445 889 2508 πάντες
942 2445 1315 2515 ὑπερήφανοι;
1347 2443 1420 2497 Οὐ
1465 2441 1665 2505 πάντες
1692 2437 1996 2505 κενόδοξοι;

424 2533 504 2586 .υύ
538 2534 739 2597 πάντες
764 2533 1058 2606 ὑποκριταί
1085 2549 1100 2596 ;
1130 2533 1206 2586 Οὐ
1245 2533 1445 2596 πάντες
1472 2532 1671 2597 δόλιοι;
1705 2530 1779 2583 Οὐ
1801 2518 2000 2593 πάντες

322 2618 329 2619 ί
427 2625 715 2696 φθονεροίς
755 2626 829 2680 Οὐ
858 2626 1059 2690 πάντες
1091 2625 1493 2688 ἀνυπότακτοις
1524 2624 1596 2678 Οὐ
1627 2622 1831 2685 πάντες
1861 2623 2002 2693 ἀκη-

429 2718 678 2784 διασταίς
710 2716 788 2773 Οὐ
824 2718 1026 2783 πάντες
1063 2718 1352 2789 περίακτοι
1383 2701 1509 2789 [Fr.
1538 2713 1890 2791 περιάκται];
1922 2715 1998 2768 Οὐ

427 2810 629 2875 πάντες
656 2810 923 2881 ῥᾴθυμοις
951 2810 1024 2862 Οὐ
1058 2810 1255 2872 πάντες
1288 2810 1513 2880 ἀμελεῖς
1540 2808 1649 2863 τῶν
1687 2806 1780 2861 τοῦ
1816 2806 2003 2877 Σωτῆο

429 2918 522 2974 ρος
546 2900 813 2968 ἐντολῶν;
849 2900 922 2955 Οὐ
956 2901 1155 2964 πάντες
1197 2903 1377 2971 πάσης
1426 2899 1626 2962 κακίας
1657 2897 1998 2968 ἀνάμεστοις

429 2995 563 3064 Οὐχὶ
596 2994 899 3065 γεγόναμεν
919 2993 1040 3047 ἀντὶ
1068 2992 1198 3047 ναοῦ
1231 2992 1389 3058 Θεοῦ,
1406 2992 1532 3055 ναὸς
1561 2989 1830 3057 εἰδώλων;
1865 2988 2000 3059 Οὐχὶ

2097 1817 2341 1873 libidini?
2363 1816 2557 1873 Nonne
2586 1830 2779 1871 omnes
2819 1823 3170 1871 terrenorum
3194 1829 3382 1871 amore
3412 1831 3553 1885 pene
3584 1816 3676 1870 in-

2096 1905 2344 1963 sanimus
2390 1904 2567 1974 iisque
2615 1904 2894 1959 inhiamus
2917 1904 2940 1959 ?
2962 1904 3159 1960 Nonne
3195 1918 3389 1960 omnes
3422 1902 3676 1960 iracundi

2097 1996 2334 2054 sumus?
2367 1997 2565 2052 Nonne
2609 2012 2801 2053 omnes
2841 2012 3072 2053 rancore
3117 1996 3291 2052 animi
3342 1996 3675 2069 iniuriarum

2099 2088 2362 2147 tenaces?
2385 2089 2578 2144 Nonne
2602 2099 2859 2160 perpetes
2890 2089 3212 2144 inimicitias
3229 2104 3421 2144 omnes
3446 2089 3676 2144 alimus?

2095 2185 2288 2239 Nonne
2343 2197 2537 2239 omnes
2583 2182 2805 2238 virtutis
2848 2182 3030 2237 omnis
3073 2180 3386 2251 proditores
3436 2180 3677 2235 sumus?

2095 2277 2290 2332 Nonne
2342 2291 2536 2332 omnes
2601 2272 2898 2329 maledici?
2967 2272 3163 2328 Nonne
3223 2287 3416 2327 omnes
3479 2271 3673 2327 convi-

2098 2368 2373 2426 ciatores?
2421 2368 2616 2425 Nonne
2655 2381 2850 2423 omnes
2899 2365 3184 2422 temerarii
3223 2380 3288 2420 ac
3324 2364 3675 2434 praecipites?

2096 2457 2290 2512 Nonne
2350 2470 2543 2511 omnes
2589 2452 2833 2509 fraterno
2882 2452 3012 2509 odio
3070 2451 3426 2508 laboramus?
3477 2452 3674 2507 Nonne

2098 2564 2290 2619 omnes
2314 2546 2487 2603 inﬂati
2517 2545 2740 2602 sumus?
2756 2545 2949 2601 Nonne
2982 2559 3175 2600 omnes
3196 2542 3425 2599 fastuosi
3442 2543 3465 2596 ?
3480 2542 3675 2599 Nonne

2098 2656 2292 2698 omnes
2339 2639 2563 2710 superbi
2592 2639 2615 2691 ?
2642 2638 2836 2693 Nonne
2864 2652 3059 2692 omnes
3089 2636 3271 2692 inanis
3299 2636 3487 2706 gloriae
3511 2636 3675 2707 cupi-
3744 2638 3747 2639 ⁷

2100 2732 2200 2787 di?
2230 2730 2424 2786 Nonne
2465 2744 2659 2785 omnes
2685 2727 3079 2783 simulatores?
3121 2727 3314 2782 Nonne
3345 2740 3537 2780 omnes
3576 2725 3677 2780 do-

2097 2822 2238 2879 losi?
2268 2823 2464 2878 Nonne
2492 2836 2686 2879 omnes
2713 2819 2928 2894 invidi?
2949 2819 3143 2874 Nonne
3172 2832 3365 2872 omnes
3387 2817 3676 2888 protervi?

2098 2911 2289 2966 Nonne
2339 2926 2533 2967 omnes
2572 2909 2881 2965 desidiosi?
2910 2909 3103 2965 Nonne
3148 2923 3341 2963 omnes
3399 2907 3676 2963 versatilis

2099 2999 2267 3054 animi
2290 3000 2313 3053 ?
2332 2999 2526 3063 Nonne
2551 3013 2743 3053 omnes
2760 2996 2940 3069 pigri?
2959 2996 3150 3051 Nonne
3187 3010 3379 3051 onmes
3413 2995 3677 3066 neglectis

429 3084 550 3159 ἀνεὶ
601 3083 917 3154 Πνεῦματος
955 3084 1135 3153 ἁγίου,
1184 3085 1511 3153 πνευμάτων
1543 3080 1793 3152 πονηρῶν
1832 3084 1996 3159 ἐσμεν

2101 3097 2384 3159 torpemus
2415 3088 2715 3143 Salvatoris
2752 3087 3062 3143 mandatis?
3086 3088 3281 3142 Nonne
3306 3102 3498 3141 omnes
3523 3087 3674 3141 omni

428 3173 782 3244 καταγώγια;
830 3174 964 3246 Οὐχὶ
1010 3175 1423 3245 πεπλασμένως
1462 3174 1552 3227 τὸν
1601 3172 1735 3226 Θεὸν
1778 3172 2000 3241 Πατέρα

428 3264 866 3336 ἑπικαλούμεθα;
920 3265 1054 3335 Οὐχὶ
1105 3266 1227 3319 ἀντὶ
1255 3266 1399 3318 υἱῶν·
1431 3263 1566 3318 Θεοῦ
1622 3265 1728 3317 υἱοὶ
1773 3264 2002 3333 γεέννης

428 3357 772 3427 γεγόναμεν;
815 3358 949 3428 Οὐχὶ
993 3357 1233 3428 χείρονες
1279 3354 1386 3409 τῶν
1425 3355 1716 3417 Ἰουδαίων,
1743 3357 1792 3408 οἱ
1823 3355 1917 3408 νῦν
1943 3353 2004 3407 τὸ

431 3447 575 3519 μέγα
610 3448 844 3519 Χριστοῦ
876 3447 1045 3518 ὄνομα
1071 3449 1518 3518 περιφερόμενοι,
1545 3446 1849 3515 γεγόναμεν
1871 3462 1884 3509 ;
1910 3443 2004 3496 καὶ

433 3541 634 3612 μηδεὶς
690 3540 1073 3609 ἁγανακτείτω
1130 3543 1231 3608 τὴν
1278 3538 1534 3609 ἀλήθειαν
1591 3537 1824 3600 ἁκούων,
1883 3536 2004 3590 ἐπεὶ

431 3632 673 3684 κάκεῖνοι
695 3631 1001 3702 παράνομοι
1022 3630 1173 3694 ὄντες
1193 3627 1398 3696 ἔλεγον,
1430 3626 1631 3696 Ἡμεῖς
1652 3626 1761 3679 ἕνα
1776 3625 2006 3691 Πατέρα

430 3723 671 3793 ἔχομεν,
702 3723 809 3777 τόν
833 3725 982 3777 Θεόν
1005 3739 1019 3752 ·
1045 3721 1160 3775 ἀλλ’
1192 3722 1386 3791 ἢκουον
1417 3721 1565 3790 παρὰ
1609 3717 1703 3769 τοῦ
1732 3718 2003 3786 Σωτῆρος,

429 3815 512 3867 ὅτι
571 3812 767 3882 Ὑμεῖς
818 3812 887 3865 ἐκ
933 3810 1039 3865 τοῦ
1091 3812 1322 3878 Πατρός
1350 3807 1518 3877 ὑμῶν
1569 3806 1673 3859 τοῦ
1722 3805 2002 3858 διαϐόλου

427 3904 594 3967 ἐστὲ,
624 3904 721 3957 καὶ
755 3902 860 3969 τὰς
890 3902 1207 3971 ἐπιθυμίας
1240 3899 1346 3953 τοῦ
1364 3897 1593 3965 Πατρός
1615 3893 1781 3965 ὑμῶν
1805 3894 2005 3949 θέλετε

429 4008 644 4050 ποιειν.

2102 3197 2295 3238 sumus
2321 3181 2528 3239 malitia
2557 3180 2799 3250 repleti?
2830 3182 3021 3239 Nonne
3051 3196 3152 3250 pro
3179 3180 3273 3236 Dei
3307 3182 3532 3250 templo,
3563 3180 3676 3234 ido-

2103 3272 2279 3326 lorum
2305 3272 2598 3327 delubrum
2648 3272 2776 3328 facti
2806 3274 3040 3329 sumus?
3068 3274 3260 3329 Nanne
3307 3289 3405 3343 pro
3436 3273 3676 3342 Spiritus

2103 3364 2278 3419 sancti
2312 3365 2456 3428 aula,
2483 3365 2946 3435 nequissimorum
2973 3366 3267 3435 spirituum
3300 3365 3532 3435 mapalia
3577 3380 3676 3419 au—

2103 3444 2331 3507 dimus?
2383 3453 2573 3510 Nonne
2622 3454 2746 3510 ﬁcte
2793 3455 2965 3524 Deum
3048 3456 3263 3510 Patrem
3312 3456 3677 3511 invocamus?

2102 3540 2293 3595 Nonne
2331 3557 2431 3610 pro
2482 3541 2610 3596 ﬁliis
2647 3542 2767 3607 Dei,
2807 3542 3073 3611 gehennae
3118 3542 3212 3596 ﬁlii
3260 3543 3389 3598 facti
3436 3534 3677 3599 sumus?

2100 3630 2293 3685 Nonne
2341 3632 2547 3687 Judceis
2578 3633 2884 3687 deteriores
2906 3632 3203 3697 evasimus,
3229 3634 3323 3702 qui
3369 3649 3518 3688 nunc
3561 3650 3678 3689 ma—

2103 3736 2267 3790 gnum
2294 3718 2498 3776 Christi
2521 3739 2722 3777 nomen
2750 3723 3212 3779 circumferimus.
3247 3724 3359 3778 Nec
3384 3724 3677 3792 quisquam

2105 3809 2325 3879 indigne
2358 3809 2497 3863 lerat
2520 3812 2648 3865 dum
2684 3812 2839 3866 audit
2870 3813 3179 3875 veritatem,
3216 3826 3340 3866 cum
3366 3822 3422 3866 ct
3453 3815 3676 3867 scelesti

2104 3900 2184 3954 illi
2214 3902 2554 3971 objectarent
2576 3911 2741 3972 atque
2764 3903 3014 3958 dicerent
3057 3920 3070 3955 :
3106 3902 3214 3956 Nos
3264 3920 3430 3957 umnn
3457 3903 3677 3958 Patrem

2104 3991 2374 4057 habemus,
2415 3992 2583 4049 Deum
2634 3994 2718 4059 7°;
2782 3993 2880 4048 sed
2932 3993 3228 4049 audierunt
3278 4009 3309 4048 a
3350 3994 3672 4050 Salvatore:

427 4090 592 4162 383
620 4089 716 4144 Vos
749 4105 812 4143 ea:
840 4096 989 4160 patre
1020 4094 1190 4141 oestro
1215 4084 1422 4140 diabolo
1448 4086 1589 4149 estis,
1630 4090 1679 4137 et
1709 4084 1878 4154 patris
1904 4085 2062 4140 vestri
2091 4086 2349 4161 desideria
2380 4088 2535 4143 vultis
2571 4088 2743 4157 facere
2762 4087 2831 4141 ⁸⁸.

499 4183 600 4252 λγ’.
636 4182 762 4247 Πῶς
789 4179 883 4236 οῦν
921 4182 1017 4235 καὶ
1042 4182 1203 4251 ἡμεῖς
1232 4178 1550 4246 παραϐάται
1579 4177 1731 4238 ὄντες
1769 4177 1877 4229 τῶν
1907 4179 1996 4230 ὲν-

429 4275 600 4329 τολῶν
642 4274 833 4337 αὑτοῦ,
864 4273 935 4325 τὰ
980 4272 1141 4342 ὅμοια
1174 4271 1302 4339 παρ’
1338 4267 1503 4322 αὐτοῦ
1552 4267 1651 4320 οὐκ
1689 4265 1997 4336 ἁκούομενς

2171 4181 2260 4234 55.
2301 4180 2589 4247 Quomodo
2633 4181 2799 4251 igitur
2830 4197 2931 4237 nos
2954 4198 3196 4252 quoque,
3236 4182 3473 4253 quiejus
3522 4199 3680 4239 man-

2076 4267 2350 4320 ‘datorum
2387 4276 2816 4338 transgressores
2860 4268 3054 4332 simus,
3102 4283 3212 4323 non
3248 4268 3437 4324 eadem
3477 4286 3546 4324 ex
3582 4272 3677 4327 illo

439 4367 594 4421 Ἐπεὶ
637 4364 732 4421 >ίαὶ
771 4368 801 4420 ό
845 4364 1168 4425 Ἀπόστολος
1205 4361 1333 4423 τοὺς
1375 4358 1656 4429 Πνεύματι
1691 4359 1997 4428 ἀγομένους

2100 4353 2432 4409 audiemus?
2468 4353 2602 4408 Nam
2634 4363 2689 4409 et
2710 4356 3027 4425 Apostolus,
3058 4371 3154 4410 eos
3200 4356 3295 4427 qui
3326 4357 3532 4426 Spiritu
3576 4360 3676 4415 Dei

426 4454 580 4513 εἶπεν
602 4454 744 4512 εἶναι
780 4458 931 4519 υἱοὺς
955 4453 1089 4508 Θεοῦ
1107 4469 1122 4485 ’
1156 4453 1317 4506 Ὅσοι
1346 4450 1418 4519 γὰ
1437 4467 1488 4521 ρ,
1521 4450 1678 4520 φησὶ,
1701 4452 1999 4519 Πνεύματι

2101 4453 2357 4515 aguntur,
2410 4443 2549 4498 ﬁlios
2579 4445 2675 4499 Dei
2728 4447 3106 4517 nuncupavit:
3144 4445 3450 4517 Quicunque
3495 4449 3674 4516 enim,

428 4551 577 4605 Θεοῦ
610 4550 875 4619 ἄγονται,
907 4542 1077 4603 οὗτοι
1102 4547 1263 4599 εἰσιν
1289 4543 1405 4597 υἱοὶ
1439 4543 1607 4596 Θεοῦ.
1631 4541 1754 4606 Πῶς
1779 4539 1873 4597 οὖν
1905 4543 1999 4596 καὶ

425 4642 585 4711 ἡμεῖς
626 4642 691 4693 ἐκ
718 4637 813 4692 τοῦ
860 4635 1094 4691 θανάτου
1133 4632 1413 4703 ἀγόμενοι,
1465 4631 1570 4684 υἱοὶ
1602 4630 1738 4684 Θεοῦ
1778 4632 1996 4686 ἀκούειν

425 4730 722 4802 δυνάμεθας
757 4729 829 4784 Τὸ
858 4728 970 4798 γὰρ
1002 4727 1281 4796 φρόνημα
1308 4721 1419 4791 τῆς
1444 4721 1690 4790 σαρκός,
1719 4723 1993 4789 θάνατος.

426 4822 491 4874 Ol
520 4821 575 4874 δὲ
602 4818 882 4891 Πνεῦματι
904 4818 1183 4887 ἀγόμενοι,
1214 4815 1278 4866 ἐκ
1306 4811 1424 4864 τῶν
1457 4812 1683 4882 καρπῶν
1704 4813 1795 4865 τοῦ
1830 4815 1998 4867 Πνεῦ-

430 4929 595 4981 ματος
628 4910 780 4981 δῆλοί
833 4910 992 4962 εἰσιν.
1024 4906 1266 4974 Εῐδωμεν
1304 4897 1396 4955 οὖν
1438 4903 1563 4963 τοὺς
1616 4902 1862 4971 καρποὺς
1897 4903 1991 4957 τοῦ

426 5002 744 5072 Πνεύματος
763 5017 778 5032 ⁶
808 5000 870 5053 '0
896 4998 1006 5069 γὰρ
1037 4995 1267 5065 καρπὸς
1290 4992 1396 5046 τοῦ
1419 4993 1783 5061 Πνεύματος,
1806 4998 1990 5065 φησιν,

424 5090 596 5143 ἐστὶν
622 5089 845 5158 ἀγάπη,
868 5087 1042 5157 χαρὰ,
1065 5084 1292 5152 εἰρήνη,
1317 5081 1712 5151 μακροθυμία,
1743 5087 1995 5151 χρηστό-

426 5196 556 5248 της,
596 5178 941 5249 amomum
968 5218 982 5242 ,
1034 5177 1260 5239 πίστις,
1316 5170 1616 5240 πραότης,
1666 5170 1993 5238 ἐγκράτεια.

424 5267 573 5340 Ἀρα
600 5269 797 5341 ἔχομεν
819 5268 992 5323 ταῦτα
1023 5270 1080 5321 ἐν
1108 5266 1361 5329 ἐαυτοίςς
1393 5260 1538 5314 Ἀλλ’
1570 5261 1679 5313 aliis
1716 5263 1790 5332 μὴ
1815 5266 1996 5319 πάντα

426 5359 495 5413 τὰ
527 5361 763 5413 ἐναντία.
806 5358 930 5419 Πῶς
958 5348 1051 5410 οῦν
1083 5355 1190 5408 υἱοὶ
1236 5351 1372 5405 Θεοῦ
1415 5349 1634 5403 ἀκούειν
1685 5350 1992 5422 δυνάμεθα,

428 5452 523 5504 καὶ
549 5451 673 5522 οὐχὶ
708 5449 912 5521 μᾶλλον
946 5440 1009 5500 ὲκ
1038 5443 1446 5507 τοῦεὲναντίους
1481 5440 1554 5493 Τό
1594 5441 1702 5511 γὰρ
1752 5441 1816 5495 ἔκ
1852 5440 1995 5507 τινος

495 5566 542 5598 ""
566 5563 707 5619 Psal.
741 5575 856 5622 xm,
884 5559 951 5625 5;
984 5559 1141 5613 Rom.
1171 5573 1247 5620 In,
1284 5554 1466 5610 12-18.
1541 5554 1585 5587 ⁷⁵
1615 5552 1660 5607 ιι
1686 5553 1827 5609 Tim.
1864 5570 1943 5623 Ill,
1977 5557 2087 5613 1-4.

430 5633 478 5666 ⁸³
506 5633 640 5691 ibid.
687 5633 740 5686 8.
817 5630 863 5661 ⁸⁸
891 5628 1067 5684 Galat.
1101 5644 1154 5693 ν,
1194 5627 1265 5681 22

630 5726 901 5785 Parnm.
958 5720 1077 5782 (in.
1128 5717 1243 5777 XC.

2101 4536 2298 4606 inquit,
2328 4535 2531 4607 Spiritu
2553 4536 2649 4590 Dei
2671 4537 2926 4609 aguntur,
2962 4537 3015 4592 hi
3036 4549 3159 4593 sunt
3190 4538 3292 4607 ﬁlii
3321 4538 3502 4594 Dei“.
3525 4537 3675 4605 Quo-

2100 4642 2225 4684 nam
2255 4630 2421 4701 igitur
2448 4630 2611 4685 modo
2632 4645 2734 4686 nos
2767 4635 2985 4701 qquue
3011 4631 3105 4700 qui
3130 4646 3196 4685 es
3225 4637 3401 4684 morte
3423 4645 3673 4700 agamur,

2101 4722 2197 4777 ﬁlii
2221 4722 2315 4779 Dei
2333 4721 2526 4777 audire
2557 4723 2890 4792 possumus?
2917 4720 3113 4777 Sensus
3143 4722 3282 4774 enim
3307 4722 3505 4784 carnis,
3534 4737 3676 4775 mors

2100 4826 2175 4869 est
2205 4816 2269 4869 ⁸³.
2300 4815 2405 4883 Qui
2436 4823 2618 4871 autem
2647 4815 2857 4885 Spiritu
2882 4821 3138 4883 aguntur,
3163 4829 3231 4867 ex
3252 4811 3524 4866 fructibus
3547 4812 3675 4882 8ρί-

2096 4905 2237 4960 ritus
2276 4905 2550 4960 manifesti
2574 4914 2718 4960 sunt.
2756 4903 3047 4958 Videamus
3082 4901 3247 4970 igitur
3268 4900 3480 4954 fructus
3501 4899 3675 4970 Spiri-

2100 5005 2189 5053 tus
2222 5016 2234 5051 :
2264 4997 2485 5052 Fructus
2511 4999 2649 5052 enim
2703 4994 2959 5064 Spiritus,
3012 4992 3212 5061 inquit,
3259 4999 3364 5057 est,
3414 4993 3672 5060 charitas,

2100 5091 2375 5160 gaudium,
2414 5105 2551 5160 pax,
2602 5087 3018 5157 longanimitas,
3064 5083 3393 5152 benignitas,
3443 5083 3671 5153 bonitas,

2098 5180 2250 5247 ﬁdes,
2280 5179 2644 5243 mansuetudo,
2674 5176 2992 5231 continentia
3014 5174 3080 5227 ⁸³.
3111 5173 3250 5227 Num
3282 5173 3399 5227 haec
3426 5174 3480 5228 in
3511 5175 3673 5230 nobis

2098 5270 2400 5326 hebennus?
2423 5272 2635 5327 Utinam
2672 5284 2802 5323 vero
2838 5282 2941 5320 nec
2978 5266 3250 5321 contraria
3276 5266 3490 5319 omnia!
3518 5264 3671 5331 Quo-

2096 5374 2222 5413 nam
2256 5360 2422 5429 igitur
2446 5360 2607 5413 modo
2632 5358 2862 5421 ﬁliiDei,
2893 5367 3075 5419 etnon
3103 5356 3285 5425 potius
3316 5371 3346 5408 e
3368 5359 3670 5427 contrario,

2098 5447 2292 5500 audire
2326 5448 2656 5516 possumus?
2684 5446 2840 5513 Quod
2865 5446 3013 5500 enim
3039 5460 3105 5499 ex
3132 5445 3316 5513 aliquo
3345 5454 3531 5498 natum
3562 5458 3668 5515 est,

2197 5561 2242 5590 ⁷⁸
2274 5559 2430 5614 Joan.
2462 5577 2573 5625 vm,
2603 5561 2690 5615 ll.
2767 5561 2813 5593 ⁸ο
2846 5559 2979 5615 ibid.
3006 5559 3091 5615 44.
3169 5558 3212 5590 ⁸¹
3243 5558 3401 5614 Rom.
3436 5577 3551 5628 vm,
3582 5562 3672 5623 ll.

3162 5720 3240 5781 30
