4128 6210
392 256 502 320 939

401 366 619 442 parenti
638 365 817 422 simile
840 373 945 422 est.
973 358 1254 432 Signiﬁcat
1289 363 1473 411 autem
1492 352 1660 410 etiam
1690 350 1975 413 Dominus,
2007 349 2055 407 Δ

403 441 474 520 iis
503 459 685 517 verbis
711 477 725 513 :
758 457 908 524 Quod
932 464 1118 510 natum
1149 459 1307 505 estea:
1331 446 1555 519 Spiritu,
1579 446 1796 518 spiritus
1816 441 1976 508 est”;

402 569 506 611 nos
533 560 715 609 autem
746 562 937 605 carnes
965 544 1093 600 facti
1127 557 1339 606 sumus,
1368 539 1463 610 qui
1490 536 1777 593 desideriis
1799 534 1981 590 carnis

405 640 671 697 adversus
685 635 943 706 spiritum
965 642 1285 694 aestuemus,
1308 626 1664 698 quamobrem
1685 624 1850 678 etiam
1866 636 1982 676 me-

406 732 514 788 rito
534 746 600 788 ex
625 729 718 783 illo
762 725 1018 782 audimus
1046 740 1060 777 :
1084 722 1203 777 Non
1226 718 1549 793 permanebit
1577 716 1806 788 Spiritus
1836 730 1980 769 meus

406 824 463 876 in
515 815 807 874 hominibus
850 816 986 880 istis,
1027 814 1153 884 quia
1195 826 1380 866 carnes
1406 817 1527 862 sunt
1545 805 1613 859 ⁸³.
1644 805 1784 872 Quia
1816 804 1981 875 igitur

410 910 623 967 ratione
667 906 967 964 Christiani
1012 902 1204 959 audire
1256 913 1576 972 possumus,
1610 897 1702 968 qui
1737 896 1794 951 in
1820 895 1985 951 nobis

410 1000 557 1072 quod
585 998 792 1055 Christi
821 997 893 1053 sit
920 995 1061 1050 nihil
1082 993 1385 1049 habeamus
1411 991 1435 1045 ?

485 1205 576 1260 54.
618 1203 688 1257 At
715 1200 862 1257 dicet
898 1199 1128 1254 fortasse
1171 1197 1372 1267 aliquis
1401 1212 1414 1251 :
1449 1195 1635 1279 Fidem
1660 1194 1857 1258 habeo,
1890 1209 1985 1249 ea-

413 1310 520 1366 que
544 1294 600 1348 in
630 1307 755 1349 eum
776 1289 922 1346 ﬁdes
941 1290 1074 1344 satis
1102 1296 1188 1344 est
1220 1286 1289 1343 ad
1320 1286 1572 1343 salutem.
1602 1284 1670 1340 At
1693 1284 1989 1354 respondet

412 1383 649 1439 Iacobus
674 1381 755 1436 sic
787 1378 1079 1450 argutanti,
1108 1378 1330 1441 dicens}:
1362 1376 1431 1431 Et
1458 1376 1719 1430 dwmones
1747 1374 1985 1438 credunt,

414 1482 465 1529 et
488 1473 894 1551 contremiscunt
922 1469 990 1524 ⁸⁸.
1024 1470 1092 1524 Et
1124 1470 1325 1525 iterum
1366 1486 1380 1522 :
1411 1467 1563 1522 Fides
1597 1468 1711 1521 sine
1746 1465 1990 1538 aperibus

415 1570 625 1619 Mortua
648 1570 724 1617 est
751 1563 808 1616 in
836 1562 1147 1632 semetipsa;
1169 1568 1228 1614 ut
1268 1570 1317 1614 et
1346 1576 1505 1632 Opera
1533 1562 1645 1613 sine
1662 1557 1766 1627 ﬁde
1784 1558 1852 1612 ⁸⁷.
1873 1556 2000 1625 Qua.

413 1670 549 1713 vero
581 1654 790 1711 ratione
813 1653 981 1709 etiam
1022 1652 1078 1708 in
1107 1668 1234 1707 eum
1265 1652 1563 1717 credimus,
1596 1661 1693 1706 aut
1721 1651 1773 1707 ei
1808 1650 1877 1706 de
1906 1649 1993 1705 fu-

416 1749 559 1805 turis
586 1754 909 1818 praastamus
936 1743 1121 1809 ﬁdem,
1146 1744 1240 1814 qui
1268 1759 1337 1798 ne
1370 1744 1437 1798 de
1470 1742 1834 1813 temporaneis
1865 1742 1989 1813 qui-

410 1841 540 1895 dem
578 1853 643 1893 ac
693 1852 815 1908 quae
849 1836 1015 1908 hujus
1059 1835 1184 1889 vita:
1226 1842 1375 1899 sunt,
1400 1834 1561 1890 [idem
1587 1834 1663 1889 illi
1691 1833 1992 1889 habemus?

416 1930 781 1999 Quamobrem
822 1928 990 1984 etiam
1032 1926 1267 1982 terrenis
1309 1926 1475 1982 rebus
1504 1926 1704 1982 allectu
1741 1927 1991 1996 implica-

417 2036 563 2085 mur,
593 2035 657 2075 ac
685 2018 781 2089 qui
811 2018 964 2074 carni
989 2017 1258 2082 vivamus,
1298 2016 1562 2072 adversus
1602 2017 1857 2087 spiritum
1887 2018 1992 2072 mi-

416 2113 659 2169 litamus.
686 2111 789 2178 Qui
817 2117 1002 2166 autem
1034 2110 1163 2165 vere'
1190 2109 1411 2165 Christo
1440 2108 1814 2176 crediderant,
1840 2126 1995 2166 eum-

417 2219 526 2275 que
552 2210 750 2267 totum,
776 2201 1031 2257 mandata
1054 2201 1349 2271 implendo,
1377 2202 1577 2256 mentis
1607 2201 1730 2256 sinu
1763 2217 1995 2273 excepe-

418 2304 564 2362 rant,
592 2294 675 2350 sic
708 2294 971 2349 nimirum
1001 2292 1258 2349 dicebant
1294 2311 1307 2347 :
1340 2293 1461 2348 Vivo
1498 2303 1696 2360 autem,
1735 2295 1855 2365 jam
1889 2311 1994 2349 non

420 2403 512 2458 ego
535 2402 549 2417 ·
577 2386 700 2441 vivit
726 2392 902 2440 autem
936 2385 992 2438 in
1037 2400 1118 2439 me
1165 2383 1419 2440 Christus.
1453 2385 1606 2450 Quod
1653 2394 1829 2440 autem
1858 2403 1997 2441 nunc

419 2480 535 2533 vivo
551 2479 608 2533 in
636 2491 828 2543 carne,
858 2475 964 2545 ﬁde
990 2477 1102 2530 vivo
1138 2474 1259 2531 Filii
1291 2475 1411 2542 Dei,
1454 2479 1543 2548 qui
1601 2477 1785 2533 dilexit
1816 2496 1918 2545 me,
1946 2488 1997 2533 et

423 2569 642 2624 tradidit
681 2568 1018 2638 semetipsum
1064 2582 1157 2638 pro
1191 2582 1274 2621 me
1294 2565 1360 2621 ⁸⁸.
1393 2567 1606 2624 Idcirco
1630 2583 1755 2623 cum
1781 2585 1882 2641 pro
1902 2571 1997 2626 illo

422 2666 743 2729 paterentur
765 2656 833 2713 ad
873 2655 1122 2711 omnium
1154 2655 1385 2711 salutem
1418 2658 1841 2726 procurandum,
1875 2668 1995 2715 tan-

424 2764 590 2821 quam
615 2750 738 2821 ejus
757 2748 933 2807 exacti
964 2746 1292 2812 imitatores,
1314 2747 1540 2818 verique
1570 2748 1741 2818 ipsius
1769 2751 1996 2806 manda-

426 2849 607 2895 torum
627 2839 900 2903 cultores,
951 2836 1210 2893 dicebant
1244 2853 1255 2889 :
1297 2834 1397 2901 Qui
1423 2837 1664 2893 conviciis
1694 2856 1994 2908 oneremur,

424 2933 774 2987 benedicimus
794 2948 813 2999 ,'
843 2930 933 3002 qui
974 2930 1387 3001 persecutionem
1445 2931 1738 3001 patiamur,
1765 2934 1997 2987 sustine-

1591 238 1652 298 S.
1692 230 1981 311 MAXIM!
2018 226 2157 289 CON
2165 225 2522 307 FESSQRIS

3549 205 3657 272 940

2080 342 2503 415 γεγεννημένον.
2526 339 2713 410 ὅμοιον
2734 334 2832 389 τοῦ
2844 327 3235 403 γεγεννηκότος
3256 324 3395 379 ἐστι.
3422 319 3584 415 όηλοῖ
3597 318 3659 415 δὲ

2080 412 2177 490 καῖ
2201 412 2431 507 Κύριος,
2456 431 2633 500 λέγων
2650 444 2664 459 '
2691 427 2764 484 Τὸ
2781 420 3225 497 γεγεννημένον
3244 417 3313 472 ἐκ
3340 413 3449 470 τοῦ
3477 412 3661 507 llr-eri-

2080 504 2557 601 ματος-,πνεῦμά
2578 524 2771 578 ἐστιν.
2798 518 2995 590 Ἦμεῖς
3021 514 3077 568 δὲ
3109 511 3417 583 γεγόναμεν
3438 504 3657 601 σάρκες

2082 595 2481 693 επιθυμοῦντες
2526 615 2671 673 κατὰ
2700 613 2797 668 τοῦ
2847 609 3186 681 Πνεύματος,
3217 603 3315 693 καὶ
3373 598 3465 655 διὰ
3500 595 3661 693 τοῦτο

2081 688 2308 774 δικαίως
2330 706 2603 778 ἀκούομεν
2638 703 2768 777 παρ’
2799 699 2997 755 αὐτοῦ’
3035 698 3118 751 Οὐ
3139 693 3227 765 μὴ
3264 688 3663 762 ὲτκπαμείνῃ

2082 804 2151 860 τὸ
2178 800 2428 873 Πνεῦμα
2469 817 2589 871 μου
2618 798 2689 853 ἐν
2720 795 2845 862 τοῖς
2900 790 3237 861 ἀνθρώπως
3286 785 3540 849 τούτοις,
3565 781 3666 873 διὰ

2083 895 2153 951 τὸ
2224 871 2379 949 εἶναι
2452 888 2676 956 αὐτοὺς
2734 886 2989 956 σάρκας.
3043 880 3170 945 Πῶς
3243 874 3339 932 οὖν
3387 871 3667 944 δυνάμεθα

2084 987 2305 1045 ἀκούειν
2328 983 2671 1059 Χριστιανοὶ,
2702 981 2756 1035 τί
2791 995 2925 1035 ποτε
2946 973 3043 1031 τοῦ
3072 970 3316 1029 Χοιστοῦ
3359 970 3418 1023 ὲν
3449 966 3665 1027 ἑαυτοῖς

2025 1164 2032 1171 ,
2089 1078 2167 1151 μὴ
2192 1078 2408 1171 ἔχοντες
2428 1093 2456 1171 _;

2157 1170 2252 1225 λε.
2301 1168 2442 1221 Ἀλλ’
2478 1167 2595 1238 ὲρεῖ
2616 1181 2700 1227 τις
2729 1165 2883 1228 ἴσως,
2918 1160 3000 1214 ὅτι
3032 1156 3184 1228 Ἐχω
3203 1154 3305 1225 τὴν
3341 1152 3548 1218 πίστιν,
3574 1151 3669 1205 καὶ.

2088 1262 2250 1335 ἀρκεῖ
2280 1279 2372 1332 μοι
2402 1260 2438 1328 ἠ
2470 1260 2654 1321 πίστις
2683 1257 2717 1327 ἡ
2740 1257 2821 1318 εἰς
2849 1251 3013 1308 αὐτὸν
3039 1250 3179 1322 πρὸς
3206 1245 3506 1319 σωτηρίαν.
3526 1242 3668 1297 Ἀλλ’

2090 1354 2511 1423 ἀντιφθέγγεται
2548 1348 2700 1419 αὐτῷ
2751 1347 2780 1399 ό
2842 1343 3121 1410 Ἰάκωϐος,
3191 1339 3395 1410 λέγων,
3444 1338 3526 1391 ὅτι
3560 1335 3670 1391 Kal

2094 1445 2167 1502 τὰ
2226 1445 2507 1515 δαιμόνια
2553 1426 2920 1496 πιστεύουσι
2945 1475 2961 1501 ,
3000 1434 3100 1490 καὶ
3149 1433 3508 1505 φρίσσουσι.
3560 1429 3673 1482 Καὶ

2090 1538 2281 1593 πάλιν·
2326 1538 2389 1592 Ἡ
2428 1536 2637 1599 πίστις
2690 1530 2871 1602 χωρὶς
2914 1527 3032 1584 τῶν
3052 1528 3263 1596 ἔργων,
3308 1520 3494 1591 νεκρά
3540 1520 3672 1574 ἐστι

2092 1633 2223 1686 καθ’
2254 1628 2485 1711 ἐστιτήν
2504 1641 2517 1654 ·
2545 1627 2628 1693 ὡς
2659 1625 2759 1679 καί
2791 1622 2865 1677 τὰ
2890 1621 3034 1691 ἔργα
3056 1619 3198 1687 δίχα
3228 1617 3510 1711 πίστεως.
3546 1612 3672 1676 Πῶς

2094 1718 2153 1772 δὲ
2178 1716 2273 1772 καὶ
2299 1704 2629 1786 πιστεύομεν
2653 1714 2733 1777 είς
2759 1710 2943 1773 αὑτὸν,
2993 1709 3026 1779 ἢ
3068 1707 3200 1779 περὶ
3231 1706 3340 1761 τῶν
3371 1703 3675 1776 μελλόντων

2094 1809 2243 1882 αὐτῷ
2263 1807 2618 1879 πιστεύομεν,
2649 1806 2699 1859 οι
2731 1804 2863 1877 περὶ
2886 1802 2997 1858 τῶν
3020 1786 3377 1874 προσκαίρων
3403 1797 3499 1852 καὶ
3528 1810 3672 1864 παρ-

2093 1902 2262 1958 όντων
2283 1899 2430 1971 αὐτῷ
2444 1900 2519 1971 μὴ
2538 1895 2885 1959 πιστεύοντες
2897 1911 2910 1925 ο
2928 1895 3023 1948 καὶ
3043 1892 3133 1947 διὰ
3156 1890 3318 1945 τοῦτο
3332 1889 3444 1952 τοῖς
3471 1888 3675 1950 ὕλικοῖς

2099 1994 2544 2067 συμφυρόμενοι,
2577 1991 2674 2046 καὶ
2700 1991 2766 2061 τῇ
2803 1987 2967 2059 σαρκὶ
3001 1985 3204 2051 ζῶντες
3228 1998 3242 2013 ·
3284 1983 3380 2037 καὶ
3413 1978 3556 2036 κατὰ
3579 1970 3673 2032 τοῦ

2098 2090 2417 2159 Πνεύματος
2476 2083 2942 2158 στρατευόμενοις
3003 2080 3068 2133 Ol
3101 2076 3282 2148 δὲ.τῷ
3334 2073 3559 2146 Χριστῷ
3614 2072 3676 2124 ὲν

2098 2181 2326 2254 ἀληθείᾳ
2356 2178 2768 2240 πιστεύσαντες,
2799 2176 2895 2227 καὶ
2916 2171 3037 2225 ὅλον
3058 2170 3221 2224 αὐτὸν
3253 2170 3311 2221 ἐν
3343 2167 3558 2254 ἑαυτοῖς
3586 2163 3677 2218 διὰ

2096 2253 2208 2329 τῶν
2237 2271 2469 2327 ἐντολῶν
2507 2267 2924 2328 εἰσοικίσαντες,
2973 2262 3145 2326 οὕτως
3188 2259 3405 2329 ἔλεγον
3453 2253 3547 2310 Ζῶ
3583 2253 3678 2321 os;

2100 2364 2301 2420 οὐκέτι
2329 2362 2466 2435 ἐγὼ,
2522 2360 2590 2431 ζῇ
2614 2361 2684 2414 δὲ
2702 2359 2772 2413 ὲν
2802 2356 2930 2428 ἐμοὶ
2966 2358 2999 2410 ὁ
3042 2352 3317 2423 Χριστός.
3353 2353 3423 2403 Ὃ
3453 2347 3521 2402 δὲ
3560 2345 3678 2400 νῦν

2101 2456 2173 2519 ζῶ
2224 2456 2295 2511 ἐν
2327 2454 2530 2525 σαρκὶ,
2565 2452 2640 2525 τῇ
2672 2450 2874 2505 πίστει
2918 2445 2990 2509 ζῶ
3018 2440 3124 2501 τοῦ
3168 2443 3305 2499 Υίοῦ
3349 2441 3458 2496 τοῦ
3501 2437 3675 2521 Θεοῦ,

2101 2548 2208 2604 τοῦ
2244 2519 2678 2618 ἁγαπιὶσιιντος
2701 2560 2800 2614 με,
2847 2540 2947 2595 καί
2995 2539 3211 2605 δόντος
3254 2534 3472 2590 ἑαυτὸν
3521 2519 3678 2600 ὑπὲρ

2100 2640 2269 2711 ἐμοῦ.
2320 2637 2421 2692 Διὰ
2466 2636 2624 2690 τοῦτο
2679 2635 2984 2704 πάσχοντες
3031 2630 3170 2702 ὑπὲρ
3224 2625 3388 2684 αὑτοῦ
3437 2624 3526 2679 διὰ
3580 2622 3679 2694 τὴν

2103 2731 2323 2787 πάντων
2360 2728 2659 2801 σωτηρίαν,
2695 2728 2771 2792 ὼς
2810 2726 3064 2799 ἀκριϐεῖς
3095 2721 3260 2777 αὐτοῦ
3295 2717 3551 2791 μιμηταὶ,
3583 2715 3679 2770 καὶ

2105 2823 2210 2877 τῶν
2242 2819 2472 2876 ἐντολῶν
2501 2817 2666 2873 αὑτοῦ
2698 2818 2909 2888 γνήσιοι
2936 2813 3198 2884 φύλακες,
3230 2809 3444 2878 ἔλεγον·
3472 2804 3678 2861 Λοιδοι-

2095 2916 2381 2985 ρούμενοι
2444 2908 2854 2981 εὐλογοῦμεν,
2914 2906 3261 2985 διωκόμενοι
3321 2902 3677 2970 ἀνεχομεθα,

428 2975 773 2987 -ν..-............
794 2975 810 2999 ,
843 2975 932 3002 τ...
974 2975 1387 3001 ,.-.---π-.-.--..-
1445 2975 1738 3001 ,...-.........,
1765 2975 1965 2987 ww"..-

428 3041 577 3091 mus;
604 3025 693 3096 qui
709 3024 1000 3080 maledictis
1023 3030 1289 3095 petamur,
1307 3022 1635 3078 obsecramus
1650 3025 1694 3056 ”
1710 3042 1725 3091 ;
1744 3024 1908 3097 384
1931 3040 1998 3080 eo

2101 2975 2649 3076 ,ϐλασφημούμενοι
2696 2975 3195 3069 παρακαλοῦμεν·
3249 2991 3437 3063 ἐπειδὴ
3482 2992 3679 3062 ἢκουον

427 3118 638 3173 scilicet
661 3116 809 3187 quod
842 3131 970 3171 eum
1004 3114 1303 3169 audiebant
1323 3112 1627 3168 dicentem:
1654 3114 1872 3185 Diligite
1894 3117 2000 3170 ini-

427 3212 587 3264 micos
612 3217 828 3272 vestros,
855 3206 1136 3275 benefacite
1187 3205 1272 3270 iis,
1306 3205 1396 3276 qui
1432 3206 1655 3259 oderunt
1679 3223 1767 3260 vos
1794 3221 1812 3260 :
1847 3206 2001 3260 bene-

428 3303 581 3357 dicite
606 3299 1033 3356 maledicontibus
1057 3300 1196 3355 vobis
1232 3316 1250 3354 :
1280 3307 1429 3353 orate
1460 3315 1554 3370 pro
1582 3300 1667 3364 iis,
1700 3301 1787 3369 qui
1808 3298 2005 3354 lazdunt

428 3393 712 3464 injuria”,
737 3398 793 3448 et
821 3408 944 3462 qum
974 3398 1316 3461 sequuntur;
1350 3398 1466 3445 tum
1482 3406 1550 3447 ex
1571 3390 1774 3455 verbis,
1802 3399 1915 3445 tum
1939 3406 2006 3444 ex

430 3482 693 3555 operibus
717 3522 732 3547 ,
777 3482 871 3553 qui
917 3481 973 3536 in
1005 3482 1087 3536 eis
1133 3481 1486 3553 operabatur,
1540 3496 1605 3537 ac
1629 3482 1787 3552 cujus
1821 3480 2006 3535 alllatu

432 3572 755 3644 agebantur,
786 3568 999 3641 liquido
1025 3570 1276 3626 Christus
1299 3570 1654 3641 prodebatur.
1681 3570 1794 3625 Nos
1821 3581 2007 3624 autem

432 3665 527 3736 qui
551 3663 810 3720 omnibus
832 3665 951 3735 ejus
974 3665 1247 3720 mandatis
1269 3672 1456 3720 contra
1488 3663 1791 3718 obnitimur
1812 3664 2009 3718 adver-

433 3772 604 3828 saque
635 3768 976 3829 praestamus,
1012 3757 1218 3815 idcirco
1242 3756 1393 3811 omni
1435 3755 1779 3811 immunditia
1817 3772 1881 3811 ac
1911 3770 2004 3815 ne:

434 3851 607 3919 quitia
661 3850 854 3920 repleti
896 3864 1107 3904 sumus.
1156 3849 1523 3916 Quamobrem
1561 3848 1729 3903 etiam
1777 3864 1880 3918 pro
1914 3847 2011 3903 Dei

436 3938 661 4008 templo,
694 3938 893 3993 domus
924 3936 1315 4009 negotiationis
1353 3936 1535 3992 eﬂ‘ecti
1569 3952 1794 4003 sumus;
1825 3944 1881 3990 et
1912 3950 2012 4005 pro

436 4030 602 4086 domo
637 4029 904 4086 orationis
926 4069 941 4094 ,
985 4030 1248 4100 Spelunca
1284 4029 1559 4084 latronum
1581 4029 1626 4060 ἰ
1662 4046 1676 4082 :
1710 4043 1812 4098 pro
1853 4037 2011 4099 gente

436 4129 627 4178 sancta
649 4121 715 4187 ⁸³,
744 4137 877 4192 gens
900 4121 1179 4191 peccatrix
1212 4138 1225 4175 :
1252 4136 1351 4191 pro
1378 4121 1476 4175 Dei
1511 4120 1693 4192 plebe,
1721 4119 1878 4191 plebs
1914 4120 1982 4175 de

436 4213 583 4270 lictis
618 4213 777 4283 plena
809 4228 946 4282 :pro
996 4219 1184 4267 sancto
1217 4211 1454 4278 semine,
1506 4226 1691 4266 semen
1735 4226 2010 4281 nequam:

2104 3097 2269 3153 αὐτοῦ
2303 3097 2586 3166 λέγοντος·
2657 3088 2947 3162 Ἀταπᾶτε
2990 3089 3134 3153 τοὺς
3180 3083 3427 3155 ἐχθροὺς
3471 3081 3676 3152 ὑμῶν’

2102 3186 2302 3253 καλῶς
2354 3182 2576 3239 ποιεῖτε
2606 3179 2758 3247 τοῖς
2795 3176 3091 3250 μισοῦσιν
3138 3173 3327 3244 ὑμᾶς’
3378 3169 3682 3239 εὐλογεῖτε

2102 3279 2246 3345 τοὺς
2274 3270 2925 3345 καταρωμένουςὺμᾶς·
2946 3269 3360 3339 προσεύχεσθε
3378 3263 3531 3332 ὑπὲρ
3563 3260 3685 3317 τῶν

2104 3366 2552 3438 ἐπηρεαζόντων
2584 3363 2763 3435 ὑμᾶς,
2803 3364 2898 3417 καὶ
2931 3363 2998 3416 τὰ
3030 3360 3157 3432 ἑξῆς
3178 3376 3193 3388 ·
3231 3359 3326 3411 καὶ
3363 3358 3431 3410 ἐκ
3462 3354 3571 3408 τῶν
3603 3352 3684 3409 λό-

2106 3479 2219 3533 γων
2253 3458 2347 3514 καὶ
2392 3456 2502 3512 τῶν
2546 3457 2725 3529 ἔργων
2756 3457 2786 3510 ό
2835 3453 3074 3524 ἐνεργῶν
3117 3451 3175 3504 ὲν
3216 3451 3399 3512 αὐτοῖς
3448 3444 3684 3518 Χριστὸς

2106 3551 2463 3624 ἐφανεροῦτο·
2502 3550 2663 3621 ἡμεῖς
2705 3547 2785 3614 δὲ,
2844 3545 3036 3616 ἐπειδὴ
3065 3544 3263 3605 πάσαις
3289 3542 3411 3605 ταῖς
3444 3537 3684 3612 ἐντολαῖς

2107 3647 2274 3704 αὑτοῦ
2309 3646 2772 3717 ἀντιπράττομεν,
2805 3642 2892 3696 διὰ
2930 3640 3091 3694 τοῦτο
3120 3639 3303 3710 πάσης
3344 3634 3703 3711 ἀκαθαρσίας.

2109 3739 2544 3811 ὲνεπλήσθημεν.
2588 3734 2702 3788 Καὶ
2728 3733 2816 3787 διὰ
2857 3733 3017 3787 τοῦτο
3045 3731 3368 3801 γεγόναμεν,
3402 3728 3525 3782 ἀντὶ
3557 3723 3686 3779 ναοῦ

2109 3830 2268 3899 Θεοῦ,
2286 3827 2431 3894 οἶκος
2452 3826 2719 3899 ἐμπορίου
2736 3838 2751 3853 ⁸
2777 3824 2871 3879 καὶ
2890 3824 3010 3878 ἀντὶ
3034 3824 3184 3876 οἴκου
3213 3816 3690 3892 προσευχῆς,σή-

2110 3923 2258 3978 λαιον
2272 3920 2505 3996 λῃστῶν·
2527 3919 2647 3975 ἀντὶ
2674 3917 2856 3982 ἔθνους
2878 3917 3032 3986 ἁγίου
3043 3914 3211 3982 ,ἔθνος
3232 3910 3570 3984 ἀμιιρτωλόν⁸
3595 3908 3687 3963 καὶ

2112 4015 2235 4072 ἀντὶ
2248 4014 2380 4068 λαοῦ
2397 4011 2553 4076 Θεοῦ,
2572 4010 2699 4074 λαὸς
2722 4009 2938 4082 πλήρης
2968 4005 3269 4080 ἁμαρτιῶν·
3288 4004 3409 4058 ἀντὶ
3438 4004 3687 4074 σπέρμα-

2112 4125 2203 4172 τος
2234 4104 2412 4175 ἁγίου,
2443 4102 2665 4174 σπέρμα
2690 4100 2943 4172 πονηρόν·
2971 4097 3067 4153 καὶ
3085 4095 3205 4150 ἀντὶ
3225 4093 3354 4148 υἱῶν
3375 4089 3533 4155 Θεοῦ,
3579 4089 3687 4144 υἱοὶ

2113 4200 2328 4268 ἄνομοι,
2371 4196 2560 4264 ἐπειδὴ
2600 4191 3038 4263 ἑγκατελίπομεν
3080 4189 3179 4253 τὰς
3211 4183 3430 4247 ἐντολὰς
3455 4182 3547 4237 τοῦ
3577 4185 3692 4236 Ku-

438 4321 537 4375 pro
564 4272 690 4358 (iliis
714 4303 831 4369 Dei,
848 4272 949 4356 lilii
981 4301 1232 4357 scelerati
1257 4303 1324 4369 ’3;
1351 4317 1418 4356 eo
1440 4272 1589 4372 quod
1617 4272 2002 4371 dereliquimus

2120 4291 2259 4361 ρίου,
2306 4287 2402 4341 καὶ
2456 4284 2779 4356 δουλεύομεν
2813 4284 2926 4347 τοῖς
2967 4282 3227 4352 πονηροῖς
3278 4276 3552 4346 πνεύμασι
3605 4272 3695 4326 διὰ

437 4364 694 4450 inundata
735 4393 988 4459 Domini,
1044 4364 1477 4462 immundisque-
1499 4392 1648 4448 vitiis
1682 4407 1747 4447 ac
1794 4364 2002 4447 libidini

2116 4380 2226 4433 τῶν
2252 4378 2576 4449 ἀκαθάρτων
2608 4374 2820 4441 παθῶν,
2844 4373 2940 4429 καὶ
2963 4371 3401 4445 παρωργίσαμεν
3421 4365 3511 4421 τὸν
3541 4364 3698 4447 ἅγιον

440 4484 760 4555 mancipati,
792 4483 1147 4555 nequissimis
1179 4484 1466 4556 spiritibus
1499 4484 1819 4538 servitutem
1843 4484 2018 4556 servi:

438 4589 584 4641 mus,
612 4588 677 4630 ac
709 4575 971 4629 Sanctum
1005 4573 1169 4628 lsrael
1191 4573 1666 4628 exacerbavimus.
2008 4552 2012 4556 Δ

396 4692 408 4744 3
509 4666 597 4721 35.
641 4666 772 4720 Eam
800 4665 872 4721 ob
899 4679 1017 4719 rem
1043 4654 1239 4734 lu'gens
1272 4679 1374 4720 nos
1415 4656 1646 4735 magnus
1687 4662 1874 4727 Isaias,
1903 4662 2017 4718 cla-

440 4765 573 4824 mat,
598 4757 693 4829 qui
722 4764 778 4813 et
809 4766 1012 4811 nostra:
1054 4754 1227 4810 ruinae
1251 4754 1412 4810 simul
1453 4770 1615 4826 opem
1653 4752 1799 4808 ferre
1839 4762 2015 4819 aveat,

442 4848 627 4917 aitque
656 4866 669 4902 :
700 4845 845 4912 Quid
881 4845 1050 4900 adhuc
1095 4845 1464 4916 percutiamini
1491 4843 1741 4898 addentes
1764 4841 2017 4912 iniquita-

444 4939 780 4997 tem?0mne
817 4947 979 5011 caput
1016 4938 1073 4993 in
1099 4937 1313 5003 dolore,
1377 4945 1426 4990 et
1489 4952 1579 4990 cor
1605 4951 1758 4990 omne
1790 4935 1845 4989 in
1894 4950 2019 4989 mae-

442 5049 565 5086 rore
587 5048 605 5087 :
628 5050 661 5086 a
682 5031 897 5104 pedibus
923 5047 1085 5102 usque
1106 5029 1176 5084 ad
1192 5037 1352 5101 caput
1379 5045 1481 5083 non
1500 5035 1575 5082 est
1607 5027 1662 5080 in
1692 5042 1752 5081 eo
1779 5030 1982 5082 sanitas
2000 5044 2019 5081 :

445 5143 612 5195 neque
641 5126 853 5193 vulnus,
885 5142 1050 5197 neque
1069 5124 1223 5193 liuor,
1263 5139 1429 5196 neque
1458 5122 1618 5194 plaga
1645 5133 1869 5177 tumens.
1898 5121 2019 5177 Non

445 5227 520 5271 est
550 5216 820 5287 malagma
853 5206 1153 5289 imponere,
1194 5232 1361 5288 neque
1394 5214 1589 5280 oleum,
1622 5230 1785 5285 neque
1828 5213 2022 5285 alliga-

449 5321 597 5365 turas
620 5311 689 5365 “.
717 5310 856 5363 Tum
881 5326 1013 5365 vero
1071 5309 1204 5380 quid
1245 5308 1376 5364 hinc
1405 5307 1657 5378 sequitur
1685 5324 1699 5359 :
1736 5304 2020 5376 Relinque-

450 5410 535 5454 tur
567 5397 683 5467 filia
742 5396 871 5452 Sion
901 5397 1036 5452 sicut
1068 5395 1469 5451 tabernaculum
1497 5396 1552 5449 in
1589 5396 1763 5459 vinea,
1807 5402 1856 5447 et
1886 5394 2020 5447 sicut

2114 4473 2210 4528 τοῦ
2245 4471 2486 4546 Ἰσραήλ.
3468 4536 3495 4565 .

2184 4656 2279 4710 λε’.
2305 4657 2401 4710 Διὰ
2429 4652 2587 4708 τοῦτο
2610 4650 2825 4724 θρηνῶν
2852 4652 2999 4721 ἡμᾶς
3025 4650 3054 4702 ό
3085 4648 3257 4719 μέγας
3272 4645 3527 4707 Ἡσαΐας,
3563 4643 3701 4715 κρά·

2117 4749 2223 4814 ζει,
2277 4747 2542 4819 βοηθῆσαι
2594 4745 2712 4816 ἅμα
2764 4742 3090 4814 βουλόμενος
3136 4742 3203 4812 τῇ
3256 4736 3466 4792 πτώσει
3516 4735 3698 4808 ἡμῶν,

2124 4840 2330 4908 λέγων·
2369 4837 2430 4892 Τί
2477 4837 2563 4891 ἐτι
2616 4833 2889 4904 πληγῆτε
2949 4832 3375 4901 προστιθέντες
3416 4826 3699 4896 ἀνομίαι·;

2125 4929 2305 4989 Πᾶσα
2343 4928 2580 4999 κεφαλὴ
2611 4930 2699 4994 εις
2744 4926 2955 4992 πόνον,
3007 4923 3105 4978 καὶ
3151 4920 3320 4977 πᾶσα
3352 4918 3569 4987 καρδιά
3613 4919 3700 4985 εἰς

2126 5025 2365 5092 λύπην
2400 5020 2517 5076 ἀπὸ
2566 5017 2770 5073 ποδῶν
2798 5016 2910 5080 ἕως
2956 5012 3227 5083 κεφαλῆς
3264 5012 3376 5066 οὐκ
3415 5008 3590 5063 ἔστιν
3632 5007 3699 5060 ἐν

2126 5115 2286 5181 αὐτῷ
2342 5111 2705 5179 ὁλοκληρίαο
2758 5109 2895 5163 οὔτε
2937 5105 3200 5175 τραῦμα,
3252 5104 3391 5157 οὔτε
3439 5099 3693 5171 μώλωψ.

2128 5210 2265 5264 οὔτε
2295 5205 2499 5275 πληγὴ
2546 5202 3039 5275 φλεγμαίνουσα·
3092 5200 3203 5253 οὐκ
3242 5198 3375 5251 ἐστι
3416 5190 3695 5264 μάλαγμα

2128 5298 2437 5361 ἐπιθεῖναι,
2479 5298 2620 5363 οὐτε
2651 5296 2880 5356 ἔλαιον,
2917 5291 3054 5346 οὔτε
3097 5287 3531 5356 καταδέσμους.
3567 5277 3696 5335 Εἶτα

2126 5391 2180 5444 τί
2208 5390 2268 5443 τὸ
2292 5389 2384 5442 ἐπὶ
2403 5385 2634 5455 τούτοις
2675 5381 3325 5453 Ἐγκαταλειςοθήσεται
3372 5379 3411 5449 ἠ
3443 5372 3695 5443 omnium

507 5600 563 5638 -‘“
591 5598 745 5653 Joan.
771 5614 852 5661 ιιι,
888 5598 939 5651 6.
1017 5598 1062 5629 ⁸⁸
1087 5597 1223 5653 Cen.
1260 5613 1332 5661 vr,
1369 5596 1422 5650 5.
1499 5596 1544 5628 ⁸⁸
1573 5595 1685 5650 Jac.
1717 5609 1774 5655 ιι,
1812 5592 1899 5646 l9.
1974 5592 2002 5625 ⁸¹

2101 5590 2182 5644 id.
2213 5587 2390 5661 20._”
2421 5585 2595 5661 Gala}.
2626 5582 2803 5661 11,20.
2880 5581 2981 5661 '°__l
3013 5581 3141 5661 Cor.
3174 5596 3245 5646 ιν,
3272 5579 3359 5634 ιιι.
3435 5579 3480 5611 ’⁸
3508 5574 3700 5631 Matth.

453 5685 506 5735 ν,
535 5651 645 5725 ii.
695 5651 743 5700 δέ
772 5651 961 5723 Matth.
1001 5651 1111 5733 xxx,
1146 5651 1243 5734 l5;
1271 5651 1425 5722 Joan.
1459 5682 1515 5731 ιι,
1546 5666 1639 5735 16.
1717 5651 1807 5716 "Vl
1844 5663 1989 5715 Petr.

2113 5662 2165 5716 9.
2244 5657 2422 5713 "15a.
2457 5672 2492 5720 ι,
2527 5657 2577 5708 4.
2657 5654 2899 5718 “1521.1,
2932 5651 2982 5714 5,
3015 5651 3066 5707 6.
