4128 6210
430 269 495 333 9-1
507 270 529 334 1

1711 272 1939 330 LIBER
1973 271 2398 332 ASCETICUS.

3570 267 3674 332 912

431 376 585 431 Σιὼν
618 377 696 442 ὡς
717 374 918 444 σκηνὴ
944 377 1015 430 ἐν
1043 376 1371 446 ἀμπελῶνι,
1397 378 1492 430 καὶ
1509 377 1586 442 ὡς
1605 375 1995 444 ὀπωροφυλά-

2108 393 2356 446 ponorum
2405 374 2638 428 custodia
2681 374 2734 427 in
2770 371 3150 435 cucumerario,
3183 372 3315 424 sicut
3348 372 3465 424 urbs
3498 389 3661 444 expu-

426 483 565 521 κιον
613 468 684 520 ἐν
752 466 1118 534 σικυηλάτῳ,
1161 467 1242 531 ὡς
1287 469 1467 533 πόλις
1499 467 1995 536 πολιορκουμένη.

431 558 646 627 Ταύτην
675 559 830 627 ἡμῶν
859 557 957 626 τῆς
983 557 1164 627 ψυχῆς
1206 559 1305 628 τὴν
1339 560 1616 628 ἐρήμωσιν
1647 559 1740 611 καὶ
1769 560 1798 611 ὁ
1841 557 2001 610 Ἀπό-

432 651 615 713 ore)»;
638 651 833 718 δηλῶν,
857 650 1040 717 ἔλεγε⁸
1076 648 1186 704 Καὶ
1235 649 1442 714 καθὼς·
1470 652 1583 703 οὐκ
1629 650 2000 718 ἐδοκίμασαν

431 741 534 794 τὸν
574 741 723 794 Θεὸν
753 740 917 809 ἔχειν
943 742 1013 794 ἐν
1041 740 1376 810 ἐπιγνώσει,
1414 740 1758 807 παρέδωκεν
1777 736 2002 806 αὐτοὺς

430 835 462 884 ὀ
512 831 664 896 Θεὸς
702 835 792 897 εἰς
844 832 1133 901 ἀδόκιμον
1171 831 1352 894 νοῦν.
1399 830 1594 884 ποιεῖν
1639 831 1716 884 τὰ
1743 831 2000 900 μὴικαθι

429 923 692 991 ήκονταο
751 922 1257 991 πεπληρωμένους
1299 921 1470 991 πάσῃ
1527 923 1748 990 ἀδικίᾳ,
1797 922 1997 988 κακίᾳ,

430 1017 712 1084 πονηρίᾳ,
761 1014 1103 1082 πλεονεξίᾳ·
1161 1013 1428 1084 μεστοὺς
1477 1014 1728 1082 φθόνου,
1785 1013 1998 1081 φόνου,

430 1105 657 1172 ἔριδος,
698 1105 906 1172 δόλου,
965 1107 1353 1174 κακοηθείας,
1389 1104 1788 1174 ψιθυριστάς,
1831 1117 2001 1156 κατα-

429 1197 690 1262 λάλους,
756 1196 1133 1266 θεοστυγεῖς,
1186 1196 1492 1263 ὐϐριστὰς,
1546 1194 1997 1264 ὑπερηφάνους,

427 1288 744 1372 ἀλαζόνας,
775 1289 1102 1357 ἐφευρετὰς
1146 1287 1369 1351 κακῶν,
1402 1288 1690 1358 γονεῦσιν
1715 1286 1999 1353 ἀπειθεῖς,

429 1379 788 1446 ἀσυνέτους,
811 1381 1206 1448 ἀσυνθέτους,
1237 1382 1595 1452 ἀστόργους,
1626 1381 1999 1446 ἀσπόνδους,

431 1471 873 1541 ἀνελεήμονας’
929 1473 1150 1537 οἵτινες
1205 1473 1270 1526 τὸ
1333 1472 1645 1542 δικαίωμα
1668 1472 1784 1526 τοῦ⁴
1851 1469 2002 1525 Θεοῦ

419 1564 808 1633 ἐπιγνόντες,
831 1564 921 1618 ὅτι
941 1567 996 1618 ol
1033 1569 1106 1618 τὰ
1164 1564 1412 1618 τοιαῦτα
1435 1563 1817 1632 πράσσοντες
1847 1561 2003 1626 ἄξιοι

432 1652 691 1708 θανάτου
742 1653 922 1719 εἰσιν,
965 1656 1038 1708 οὐ
1067 1655 1262 1723 μόνον
1287 1653 1784 1719 αὺτάποιοῦσιν,
1837 1651 2002 1706 ἀλλὰ

2100 480 2265 542 gnata
2295 471 2362 524 θ’.
2386 470 2534 524 lianc
2563 468 2757 524 animae
2779 477 2980 523 nostra:
3011 463 3404 519 desolationem
3441 467 3673 536 Aposto-

2101 563 2188 618 lus
2213 579 2430 632 quoque
2459 561 2793 633 signiﬁcans,
2826 559 3008 614 aiebat
3045 575 3058 611 :
3097 557 3165 611 Et
3191 558 3325 610 sicut
3354 568 3456 609 non
3483 558 3673 626 proba-

2101 663 2288 707 verunt
2323 655 2512 708 habere
2541 653 2705 706 Deum
2741 653 2798 705 in
2824 651 3031 715 notitia,
3054 649 3271 702 tradidit
3293 646 3412 700 illas
3445 646 3584 700 Deus
3619 651 3672 701 in

2102 746 2378 816 reprobum
2401 762 2632 807 sensum,
2662 754 2718 797 ut
2741 745 2936 812 faciant
2963 758 3026 795 ea
3079 757 3192 811 qua:
3211 756 3317 793 non
3340 741 3674 801 conveniunt;

2103 835 2324 907 repletos
2353 837 2494 889 omni
2520 835 2817 905 iniquitate,
2853 833 3080 895 malitia,
3113 831 3368 900 nequitia,
3401 831 3623 884 avaritia
3655 871 3670 885 .

2102 926 2281 997 plenos
2314 927 2532 990 invidia,
2559 926 2716 989 aede,
2755 926 2895 989 rixa,
2927 922 3068 989 dolo,
3103 920 3677 991 malignitate;susur—

2102 1033 2276 1083 ron-es,
2326 1018 2663 1079 dctractores,
2695 1015 2804 1069 Deo
2842 1013 3076 1078 odibiles,
3126 1009 3545 1073 contumeliosos,
3583 1027 3681 1063 su-

2103 1109 2307 1178 perbos,
2343 1110 2484 1178 fastu
2514 1107 2699 1171 elatos,
2733 1107 2994 1160 malorum
3025 1107 3337 1168 inventores,
3372 1103 3679 1173 parentibus

2101 1201 2482 1271 immorigeros,
2515 1200 2841 1270 insipientes,
2868 1197 3256 1265 incompositos,
3307 1197 3421 1249 sine
3470 1195 3678 1265 affectu.

2102 1291 2314 1360 inﬁdos,
2360 1291 2816 1345 immisericordes.
2869 1288 2969 1353 Qui
3005 1303 3121 1340 cum
3153 1287 3421 1356 justitiam
3468 1285 3564 1338 Dei
3591 1301 3680 1338 co-

2102 1385 2432 1453 gnovissent;
2487 1384 2626 1452 quod
2661 1383 2744 1445 hi,
2807 1383 2896 1452 qui
2953 1379 3087 1433 talia
3129 1387 3325 1450 agunt,
3372 1378 3519 1449 digni
3575 1379 3680 1430 sint

2103 1482 2290 1539 morte,
2327 1492 2431 1528 non
2456 1474 2626 1529 solum
2656 1491 2718 1526 ea
2752 1473 2982 1542 faciunt,
3026 1473 3117 1526 sed
3165 1473 3325 1525 etiam
3351 1471 3682 1525 consentiunt

2104 1564 2436 1632 facientibus.
2469 1564 2758 1633 Propterea
2795 1563 3012 1616 tradidit
3057 1561 3177 1616 illos
3212 1561 3351 1614 Deus
3386 1562 3438 1614 in
3468 1559 3684 1630 probro-

2101 1672 2186 1710 sos
2209 1655 2450 1726 ‘aﬁ'cctus,
2475 1664 2530 1708 ut
2561 1657 2848 1727 ignominia
2871 1656 3100 1725 aﬂiciant
3127 1669 3349 1724 corpora
3385 1668 3484 1705 sua
3511 1653 3567 1704 in
3599 1666 3684 1704 se-

431 1742 534 1798 καὶ
588 1744 1034 1798 συνευδοκοῦσι
1077 1745 1204 1810 τοῖς
1247 1743 1621 1813 πράσσουσι.
1667 1743 1778 1796 Διὰ⁵
1821 1741 1999 1796 τοῦτο

2108 1749 2334 1818 metipsis
2359 1747 2425 1800 ⁸⁸.
2461 1748 2558 1802 llis
2594 1763 2720 1802 vero
2754 1747 2886 1816 quid
2910 1747 3130 1801 comes?
3160 1741 3682 1810 Revelatur,inquit.

430 1838 773 1906 παρέδωκεν
793 1839 1015 1907 αὐτοὺς
1044 1843 1076 1894 ό
1115 1839 1258 1907 Θεὸς
1302 1841 1390 1907 εις
1418 1839 1575 1907 πάθη
1607 1837 1863 1908 ἀτιμίας,
1891 1835 1999 1890 τοῦ

429 1929 808 1999 ἀτιμάζεσθαι
847 1933 920 1988 τὰ
957 1932 1203 2002 σώματα
1255 1932 1455 1988 αὐτῶν
1489 1933 1560 1985 ἐν
1599 1931 1852 1996 ἑαυτοῖς.
1890 1930 2000 1984 Καὶ

2103 1840 2189 1893 ira
2217 1838 2313 1894 Dei
2354 1837 2416 1892 de
2441 1838 2586 1902 cado,
2612 1855 2771 1908 super
2798 1854 3002 1891 omnem
3026 1837 3361 1907 impietatem
3397 1844 3446 1887 et
3471 1832 3687 1902 injusti-

2107 1931 2238 1982 tiam
2259 1929 2527 1983 hominum
2551 1929 2620 1990 θ’,
2649 1937 2705 1983 et
2725 1941 2845 1996 qum
2873 1935 3196 1996 sequuntur.

429 2021 482 2075 τι
505 2021 567 2074 τὸ
609 2023 702 2076 ἐπὶ
743 2024 993 2091 sedeate;
1043 2025 1578 2090 Ἀποκαλύπτεται,
1621 2023 1807 2094 φησὶν,
1854 2023 2003 2093 ὀργὴ
2043 2019 2190 2074 Θεοῦ
2249 2021 2361 2073 ἀπ’.
2418 2020 2679 2088 οὐρανοῦ
2709 2020 2806 2072 ἐπὶ
2850 2017 3059 2073 πᾶσαν
3092 2017 3376 2072 ἀσέϐειαν
3409 2013 3507 2068 καὶ
3559 2011 3687 2067 ἀδι-

431 2115 572 2170 κίαν
595 2117 948 2184 ἀνθρώπων,
983 2119 1077 2171 καὶ
1105 2118 1177 2172 τὰ
1213 2117 1360 2188 ἑξῆς.

499 2207 609 2272 λς’.
641 2207 856 2279 Ταύτην
882 2212 984 2281 τῆς
1000 2209 1176 2280 ψυχῆς
1201 2211 1480 2281 ἐρήμωσιν
1497 2209 1592 2262 καὶ
1610 2209 1640 2260 ὁ
1671 2206 1874 2278 Κύριος
1905 2221 2004 2274 μη·

432 2300 593 2366 νύων,
625 2299 811 2369 ἔλεγεν
834 2318 846 2332 ο
890 2302 1312 2371 Ἰερουσαλὴμ,
1371 2299 1763 2368 Ἰερουσαλὴμ
1789 2299 1828 2365 ἡ
1851 2300 2004 2352 ἀπο-

434 2394 759 2447 κτείνουσα
779 2393 922 2459 τοὺς
949 2393 1279 2463 προφήτας,
1301 2393 1401 2448 καὶ
1427 2392 1832 2448 λιθοϐολοῦσα
1859 2390 2002 2455 τοὺς

432 2483 936 2553 ἀπεσταλμένους
955 2485 1108 2552 πρὸς
1147 2484 1372 2554 αὑτήνο
1420 2484 1678 2549 ποσάκις
1726 2481 2003 2550 ἠθέλησα

429 2575 895 2644 ἐπισυναγαγεῖν
915 2578 987 2630 τὰ
1005 2577 1186 2629 τέκνα
1213 2590 1354 2641 σου,
1375 2576 1456 2639 ὡς
1482 2576 1644 2643 ὅρνις
1674 2575 1746 2628 τὰ
1776 2573 2002 2628 νοσσία

431 2664 623 2732 αὐτῆς
658 2665 775 2720 ὑπὸ
799 2667 904 2733 τὰς
957 2666 1276 2735 πτέρυγας,
1320 2668 1418 2722 καὶ
1470 2669 1582 2721 οὐκ
1613 2665 2000 2735 ἠθελήσατε;

445 2754 589 2808 Ἰδοὺ
614 2756 845 2824 ἀφίεται
871 2759 903 2810 ό
927 2750 1092 2821 οἶκος
1119 2755 1289 2824 ὑμῶν
1313 2757 1552 2824 ἕρημος.
1590 2757 1649 2808 '0
1685 2755 1739 2808 δὲ
1775 2755 2002 2817 Ἡσαΐας

437 2846 638 2904 πάλιν·¹
669 2846 854 2915 Ὁρῶν
898 2847 1058 2916 ἡμᾶς
1113 2847 1258 2912 τοὺς
1309 2847 1495 2914 δῆθεν
1543 2846 1849 2915 μοναχοὺς
1895 2845 2002 2909 τὰς

434 2937 775 3005 σωματικὰς
805 2937 1178 3006 λειτουργίας
1207 2934 1635 3000 ἐπιτελοῦντας
1650 2935 1862 3004 μόνον,
1893 2949 2000 2986 κα-

2176 2201 2265 2256 56.
2315 2200 2463 2255 Hanc
2503 2213 2719 2270 quoque”
2757 2201 2952 2254 anima:
2989 2199 3381 2253 desolationem
3426 2195 3694 2250 Dominus

2107 2290 2452 2362 signiﬁcans,
2499 2291 2733 2347 aiebat:
2777 2290 3099 2354 Jerusalem,
3142 2288 3305 2357 385
3357 2285 3686 2346 Jerusalem,

2107 2399 2223 2453 qua»
2255 2384 2440 2461 occidis
2457 2383 2757 2452 prophetas,
2807 2389 2854 2434 et
2888 2380 3094 2451 lapidas
3126 2396 3233 2442 eos,
3261 2379 3350 2448 qui
3380 2377 3448 2430 ad
3473 2383 3521 2428 te
3547 2375 3702 2428 missi'

2104 2483 2258 2539 sunt,
2289 2476 2490 2544 quoties
2532 2473 2672 2527 volui
2720 2488 3039 2542 congregare
3091 2469 3232 2538 ﬁlios
3266 2478 3401 2531 tuos,
3437 2466 3690 2538 quemad-

2107 2567 2317 2619 modum
2365 2565 2570 2636 gallina
2615 2571 2895 2635 congregat
2948 2562 3118 2634 pullos
3163 2578 3283 2616 suos
3330 2560 3423 2614 sub
3463 2558 3601 2624 alas,
3639 2564 3688 2610 et

2108 2663 2322 2717 noluisti
2351 2663 2376 2716 .9
2410 2660 2543 2714 Ecce
2581 2659 2908 2730 relinquetur
2945 2659 3127 2711 domus
3179 2665 3354 2710 vestra
3399 2654 3603 2707 deserta
3619 2650 3686 2704 ⁸⁸.

2107 2749 2317 2803 Rursus
2347 2762 2479 2801 vero
2499 2745 2684 2808 Isaias,
2705 2760 2808 2800 nos
2829 2744 3086 2799 videlicet
3105 2742 3422 2806 monachos,
3454 2739 3546 2809 qui
3571 2754 3691 2794 cor-

2106 2839 2310 2910 poralia
2341 2838 2605 2892 duntaxat
2629 2837 2814 2890 munia
2840 2837 3123 2899 obeamus,
3147 2842 3562 2888 contemnamus
3588 2846 3688 2885 au—

2107 2943 2214 2987 tem
2241 2930 2526 3002 spiritalia,
2566 2938 2729 2998 atque
2768 2944 2834 2982 eo
2879 2928 3097 2983 nomine
3147 2925 3315 2980 inﬂati
3354 2925 3545 2988 simus,
3575 2923 3690 2992 spi-

434 3027 880 3098 rascporoﬁrtac
898 3026 965 3080 δὲ
990 3027 1108 3080 τῶν
1126 3025 1564 3096 πνευματικῶν,
1582 3025 1682 3076 καὶ
1705 3021 1802 3076 διὰ
1825 3021 2001 3074 τοῦτο

2108 3028 2214 3082 ritu
2253 3028 2507 3090 intuens,
2548 3025 2729 3079 aiebat
2766 3041 2778 3077 :
2813 3024 2999 3079 Audite
3040 3023 3249 3077 verbum
3282 3020 3511 3085 Domini,
3544 3020 3694 3091 prin-

435 3119 905 3189 τετυφωμένους,
930 3119 1160 3187 ἔλεγεν,
1199 3117 1526 3170 Ἀκούσατε
1555 3114 1741 3182 λόγον
1760 3108 2002 3180 Κυρίου,

433 3210 723 3279 ἄρχοντες
746 3208 1021 3276 Σοδόμων
1046 3224 1060 3237 ·
1089 3205 1415 3275 προσέχετε
1441 3205 1630 3274 νόμον
1659 3203 1828 3268 Θεοῦ,
1858 3202 2008 3267 λαὸς

433 3302 761 3369 Γομόρρας.
819 3298 880 3352 Τί
919 3314 1021 3368 μοι
1065 3295 1296 3364 πλῆθος
1341 3295 1460 3350 τῶν
1520 3293 1748 3351 θυσιῶν
1802 3291 2006 3362 ὑμῶν;

435 3393 685 3460 Πλήρης
727 3389 844 3458 εἰμὶ
914 3389 1033 3442 τῶν
1085 3387 1597 3456 ὁλοκαυτωμάτων
1642 3384 1857 3453 κριῶνο
1908 3383 2008 3437 καὶ

434 3481 620 3550 στέαρ
662 3479 878 3548 ἀρνῶν,
913 3480 1012 3533 καὶ
1055 3476 1198 3548 αἷμα
1256 3479 1488 3546 ταύρων
1531 3477 1632 3531 καὶ
1659 3475 1888 3546 τράγων
1935 3476 2006 3528 οὐ

431 3575 752 3642 βούλομαι.
795 3573 888 3637 Τίς
927 3573 1036 3640 γάρ
1068 3569 1390 3638 ἐξεζήτησε
1417 3569 1603 3622 ταῦτα
1627 3569 1695 3621 ἐκ
1735 3567 1852 3620 τῶν
1882 3582 2006 3634 χει-

426 3662 792 3733 ρῶν-ὐμῶνς
821 3661 1034 3716 Πατεῖν
1063 3660 1176 3728 τὴν
1215 3658 1418 3726 αὐλήν
1456 3675 1580 3729 μου
1638 3659 1710 3710 οὐ
1741 3656 2006 3724 προσθή-

440 3739 643 3810 ἆεσθε.
683 3755 817 3808 Ἐὰν
845 3753 1060 3823 φέρητε
1097 3751 1434 3820 σεμίδαλιν,
1460 3749 1744 3820 μάταιον’
1795 3747 2006 3816 θυμία-

437 3863 519 3915 μα
544 3844 710 3917 [Sixt.
739 3845 965 3913 μάταιον
995 3842 1266 3913 Θυμίαμα,
1303 3858 1406 3896 non
1441 3841 1574 3894 satis
1606 3837 2008 3910 αριε],,βδέλυ-

443 3933 558 4005 γμά
579 3936 683 4002 μοί
701 3935 853 3986 ἐστι.
903 3933 1012 3998 Τὰς
1055 3931 1382 4000 νουμηνίας
1408 3929 1572 3999 ὑμῶν
1599 3931 1697 3985 καὶ
1742 3929 1814 3983 τὰ
1863 3928 2010 3982 adﬁ-

442 4029 610 4086 ϐατά.
650 4025 749 4078 καὶ
795 4024 1022 4093 ἡμέραν
1049 4022 1326 4092 μεγάλην
1364 4025 1474 4076 οὐκ
1531 4020 1835 4090 ἀνέχομαι.
1891 4023 2009 4088 Νη-

442 4116 652 4169 στείαν
683 4115 780 4167 καὶ
812 4115 1024 4183 ἀργίαν
1045 4115 1140 4166 καὶ
1175 4113 1281 4179 τὰς
1313 4111 1521 4180 ἑορτὰς
1551 4111 1735 4181 ὑμῶν,
1773 4111 1943 4180 μισεῖ
1967 4111 2033 4177 ἡ·

444 4205 612 4275 ψυχή
642 4223 782 4274 μου.
836 4203 1187 4274 Ἐγενήθητέ
1215 4220 1318 4272 μοι
1349 4205 1436 4268 είς
1460 4203 1846 4272 πλησμονήν·
1877 4203 2011 4256 οὐκ·

443 4297 531 4350 έτι
559 4300 630 4352 οὐ
667 4297 753 4365 μὴ
785 4297 1026 4350 ἀνοίσω.
1084 4296 1270 4348 Ὅταν
1308 4294 1414 4360 τὰς
1460 4296 1662 4364 χεῖρας
1709 4297 2013 4362 ἐκτείνητε

2112 3121 2250 3190 cipes
2272 3118 2654 3182 Sodomorum;
2685 3117 2938 3170 attendite
2967 3116 3065 3185 legi
3094 3115 3208 3178 Dei,
3234 3113 3456 3184 populus
3474 3113 3693 3168 Gomor-

2111 3211 2238 3263 rhw.
2280 3208 2392 3274 Quo
2447 3209 2573 3262 mihi
2630 3207 2910 3260 multitudo
2961 3205 3293 3259 victimarum
3340 3211 3634 3258 vestrarum
3668 3197 3707 3270 τ’

2113 3299 2311 3354 Plenus
2331 3315 2449 3352 sum
2475 3298 2789 3352 holocaustis
2809 3299 3036 3351 arietum
3056 3313 3074 3361 ;
3103 3307 3150 3348 et
3175 3296 3382 3366 adipem
3405 3311 3689 3365 agnorum,

2111 3397 2161 3442 et
2185 3390 2497 3460 sanguinem
2521 3385 2802 3442 taurorum
2835 3394 2882 3440 et
2909 3389 3174 3440 hircorum
3213 3385 3353 3438 nolo.
3383 3383 3510 3450 Quis
3551 3386 3691 3438 enim

2113 3479 2388 3550 exquisivit
2441 3480 2549 3532 haec
2598 3478 2660 3530 de
2709 3477 2948 3531 manibus
2979 3477 3203 3531 vestris?
3235 3475 3458 3532 Calcare
3494 3479 3692 3531 atrium

2113 3587 2288 3625 meum
2341 3587 2446 3624 non
2485 3571 2786 3640 apportatis.
2829 3568 2888 3623 Si
2921 3571 3154 3639 a/feratis
3195 3568 3450 3634 similam,
3490 3569 3692 3639 frustra

2111 3671 2230 3716 est:
2259 3665 2545 3725 incensum,
2582 3662 2903 3715 abominatio
2951 3663 3076 3714 mihi
3111 3670 3204 3714 est.
3255 3661 3564 3714 Neomenias
3611 3677 3696 3715 ve—

2110 3763 2249 3806 stras
2275 3761 2322 3805 et
2345 3751 2597 3817 Sabbata,
2633 3762 2682 3807 et
2700 3754 2836 3806 diem
2863 3769 3115 3824 magnum
3137 3769 3239 3806 non
3270 3753 3400 3822 fero.
3418 3752 3693 3822 Jejunium

2110 3853 2159 3897 et
2189 3845 2347 3914 ferias
2386 3846 2778 3914 et'festivitates
2799 3853 2998 3898 vestras
3020 3845 3127 3897 odit
3161 3845 3342 3898 anima
3376 3860 3511 3898 mea.
3547 3845 3692 3898 Facti

2109 3937 2229 3989 estis
2275 3937 2402 3990 mihi
2436 3938 2492 3990 in
2525 3937 2844 3990 satietatem.
2897 3936 3017 3990 Non
3064 3936 3211 3989 ultra
3247 3936 3533 3993 dimittam.
3561 3935 3691 3991 Cum

2111 4028 2445 4082 extenderitis
2507 4045 2696 4082 manus
2729 4029 2798 4081 ad
2851 4044 2952 4092 me,
3000 4038 3242 4083 avertam
3275 4027 3450 4082 oculos
3491 4042 3630 4082 meos
3657 4046 3690 4083 ιι

2111 4120 2272 4184 v‘obis,
2299 4128 2348 4172 et
2395 4118 3003 4190 cummultiplicaveritis
3032 4120 3346 4189 orationem,
3371 4136 3474 4174 non
3529 4135 3693 4172 exau-

2112 4212 2277 4266 diam.
2309 4210 2586 4276 Quorsum
2612 4212 2787 4265 vcro?
2833 4210 3023 4266 Manus
3056 4213 3195 4265 enim
3223 4218 3427 4276 vestrae,
3471 4211 3690 4280 inquit,

2110 4301 2371 4372 sanguine
2401 4300 2570 4372 pleno:
2605 4303 2828 4368 sunt”;
2863 4302 3070 4356 idcirco
3115 4302 3402 4367 nimirum,
3432 4301 3560 4372 quia
3604 4308 3694 4372 qui

443 4389 592 4467 πρός
641 4404 740 4456 με,
791 4383 1152 4454 ἀποστρέψω
1194 4385 1335 4449 τοὺς
1369 4384 1714 4453 ὀφθαλμούς
1755 4401 1875 4452 μου
1907 4383 2005 4452 ἀφ’

2115 4393 2222 4446 odit
2251 4393 2471 4461 fratrem
2503 4410 2678 4459 suum,
2732 4393 2994 4448 homicida
3056 4403 3131 4449 est
3160 4397 3201 4452 ί.
3251 4394 3488 4450 Proinde
3528 4393 3692 4464 quid-

444 4475 642 4547 ὐμῶν·
679 4477 778 4529 καὶ
818 4475 927 4529 sar
948 4475 1294 4542 πληθύνητε
1322 4473 1436 4541 τὴν
1470 4472 1703 4540 δέησιν,
1747 4475 1859 4526 οὐκ
1884 4475 2005 4526 εισ-

2114 4484 2273 4554 quid'
2312 4495 2396 4540 est
2466 4485 2793 4556 disciplinas,
2851 4487 3229 4556 religiosaque
3279 4487 3694 4543 exercitationis

445 4567 781 4636 ἀκούσομαι
816 4563 1002 4635 ὑμῶν.
1069 4564 1254 4630 Aturi;
1299 4566 1370 4618 Al
1429 4562 1540 4632 γὰρ
1596 4563 1792 4633 χεῖρες
1816 4562 2004 4632 ὑμῶν,

2112 4571 2380 4627 charitate
2419 4589 2530 4627 non
2556 4574 2774 4640 fultum,
2801 4575 3040 4628 alienum
3070 4592 3100 4629 a
3138 4571 3252 4630 Deo
3270 4583 3373 4631 est.

447 4661 634 4731 φησιν,
691 4660 936 4728 αἵματος
1000 4657 1285 4726 πλήρειςσ
1350 4658 1534 4729 ἐπειδὴ
1589 4661 1623 4711 ό
1670 4658 1868 4727 μισῶν
1910 4659 2020 4714 τὸν
2055 4662 2325 4733 ἀδελφὸν
2384 4667 2594 4732 αὐτοῦ,
2631 4670 3142 4737 ἀνθρωποκτόνος
3189 4669 3342 4722 ἐστί.
3393 4667 3488 4719 Διὰ
3535 4666 3694 4718 τοῦτο

448 4758 597 4811 πᾶσα
628 4758 860 4822 ἄσκησις
887 4755 1108 4824 ἀγάπην
1175 4754 1249 4824 μὴ
1289 4754 1486 4824 ἔχουσα
1516 4754 1770 4836 ἀλλοτρία
1793 4754 1885 4808 τοῦ
1948 4756 2082 4811 Θεοῦ
2121 4760 2467 4817 καθίσταται.

518 4849 583 4912 ζ’.
634 4850 735 4903 Διὰ
784 4849 941 4902 τοῦτο
974 4849 1068 4902 καὶ
1117 4849 1214 4920 τὴν
1251 4850 1540 4921 ὑπόκρισιν
1575 4851 1734 4921 ἡμῶν
1773 4851 2010 4922 ἐλέγχων

448 4939 729 5010 πόρρωθεν
772 4938 974 5006 ἔλεγεν·
1018 4939 1080 4992 '0
1101 4937 1250 5004 λαὸς
1283 4935 1480 5004 οὗτος,
1514 4939 1638 5007 τοῖς
1665 4941 1896 5008 χείλεσι
1936 4959 2013 5010 με

446 5029 602 5099 τιμᾷ·
630 5032 667 5098 ἡ
689 5029 765 5082 δὲ
786 5031 997 5098 καρδία
1025 5029 1224 5087 αὐτῶν
1252 5032 1449 5098 πόρρω
1470 5031 1678 5100 ἀπέχει
1710 5033 1812 5086 ἀπ’
1843 5035 2010 5104 ἐμοῦ,

443 5121 640 5190 μάτην
663 5120 730 5174 δὲ
754 5121 1034 5176 σέϐονταί
1047 5138 1146 5190 με,
1172 5122 1267 5176 καὶ
1289 5123 1356 5175 τὰ
1383 5122 1530 5192 ἑξῆς.
1560 5124 1670 5177 Καὶ
1693 5125 1833 5196 ἅπερ
1889 5128 1946 5180 δὲ
1986 5130 2015 5181 ὁ

449 5212 651 5281 Κύριος
683 5215 714 5281 ἡ
725 5213 839 5282 μῶν
865 5212 1016 5280 ἔλεγε
1041 5212 1339 5277 ταλανίζων
1361 5215 1488 5276 τοὺς
1511 5216 1858 5284 Φαρισαίους,
1885 5218 2016 5286 περὶ

449 5302 604 5373 ἡμῶν
626 5301 736 5370 ἐγὼ
762 5303 965 5368 ἀκούω,
995 5303 1102 5358 τῶν
1123 5303 1218 5356 νῦν
1251 5304 1578 5374 ὑποκριτῶν,
1608 5304 1718 5358 τῶν
1749 5308 2017 5379 τοσαύτης

449 5392 666 5464 χάριτος
687 5392 1046 5459 ἀξιωθέντων,
1074 5395 1167 5447 καὶ⁹
1195 5393 1361 5463 χείρω
1387 5393 1608 5446 ἐκείνων
1631 5395 2012 5464 διακειμένων.

2189 4855 2276 4910 57.
2303 4857 2515 4911 Idcirco
2548 4859 2713 4913 etiam
2740 4868 2981 4913 nostram
3008 4859 3199 4929 procul
3230 4856 3570 4928 hypocrisim
3601 4872 3692 4910 ar-

2119 4961 2312 5016 guens,
2346 4948 2567 5002 aiebat:
2599 4948 2834 5018 Populus
2869 4951 2950 5002 hic
2983 4949 3135 5002 labiis
3178 4965 3258 5001 me
3289 4949 3534 5011 honorat,
3601 4965 3692 5001 cor

2121 5046 2296 5090 autem
2333 5053 2512 5091 eorum
2549 5037 2699 5108 longe
2727 5047 2800 5092 est
2829 5057 2859 5092 a
2899 5056 3021 5094 me:
3051 5041 3164 5094 sine
3192 5056 3354 5092 causa
3390 5048 3566 5092 autem
3600 5055 3690 5091 co-

2123 5125 2236 5178 lunt
2270 5142 2350 5178 me
2373 5127 2417 5189 ²,
2442 5135 2498 5180 et
2535 5143 2657 5197 qua:
2678 5136 3016 5197 sequuntur.
3055 5128 3200 5194 Quin
3230 5137 3286 5182 et
3317 5144 3402 5192 ea,
3430 5144 3552 5197 qum
3587 5129 3690 5181 llo—

2121 5218 2306 5273 minus
2351 5228 2540 5274 noster
2584 5223 2798 5274 locutus
2829 5229 2914 5274 est
2944 5219 3236 5290 deplorans
3276 5221 3599 5282 Pharismos,
3638 5221 3691 5273 in

2120 5324 2220 5363 nos
2255 5309 2399 5363 dicta
2426 5325 2527 5379 ego
2559 5311 2745 5376 audio,
2774 5311 2868 5381 qui
2887 5327 3038 5366 nunc
3067 5312 3477 5382 hypocritarum
3509 5311 3690 5364 album

2123 5399 2451 5468 implemns:
2489 5401 2582 5469 qui
2619 5409 2766 5458 tanta
2803 5401 3010 5473 dignati
3050 5405 3247 5476 gratia,
3278 5405 3435 5474 pejus
3475 5403 3583 5457 illis
3620 5402 3694 5456 la-

518 5575 566 5653 _"
595 5576 696 5631 lsa.
719 5590 758 5638 ι,
789 5573 872 5653 8....
916 5573 1151 5653 ’ξβο-ιῐι.
1179 5589 1216 5636 ι,
1244 5573 1428 5653 Ξξ-ὅδὶ.
1504 5577 1547 5608 ⁸⁷
1591 5576 1720 5631 ibid.
1751 5577 1835 5633 18.
1913 5580 1958 5613 ⁸⁸
1991 5580 2005 5635 1

2108 5579 2180 5635 ιιι.
2205 5597 2353 5647 xxm,
2387 5582 2475 5646 57,
2507 5583 2593 5637 38.
2673 5585 2716 5617 ’9
2753 5585 2917 5652 lsa.-1,
2951 5587 3140 5642 10-15.
3217 5587 3284 5645 ¹.Ι
3309 5587 3475 5642 Joan.
3505 5603 3580 5653 ιιι,
3610 5588 3698 5642 15.

450 5645 474 5679 ⁸
502 5646 604 5700 lsa.
634 5660 779 5709 xxux,
809 5644 906 5709 15;
939 5643 1124 5697 Matth.
1156 5659 1241 5708 xv,
1278 5644 1328 5698 8.
