4066 6188
427 205 533 271 943

1585 211 1655 270 S.
1686 211 1973 273 MAXIMI
2014 213 2525 277 CONFESSORIS

3600 231 3712 297 944

421 322 705 380 Duremus.
746 322 888 379 Num
942 332 999 379 et
1036 339 1138 381 nos
1175 325 1464 403 alligamus
1504 332 1672 382 onera
1713 330 1900 400 gravia
1950 340 1995 387 cl

2111 333 2183 386 Ἢ
2209 334 2332 405 οὐχὶ
2362 337 2457 389 καὶ
2504 335 2664 407 ἡμεῖς
2692 335 3004 411 δεσμοῦμεν
3041 342 3237 414 φορτία
3268 344 3441 416 βαρέα
3463 347 3559 401 καὶ
3583 349 3721 401 δυσ-

421 414 815 485 importabilia,
842 423 898 470 et
927 415 1262 486 imponimus
1297 417 1355 472 in
1388 417 1652 475 humeros
1692 420 2000 488 hominum,

420 512 479 559 et
506 505 766 559 nolumus
787 504 958 576 digito
986 519 1052 559 ea
1081 521 1302 561 movere
1330 507 1389 561 '1
1419 507 1560 563 Num
1594 519 1650 564 et
1685 526 1787 566 nos
1818 512 2003 567 omnia

421 611 591 665 opera
619 603 808 650 nostra
831 595 1092 661 facimus,
1114 607 1172 652 ut
1197 599 1486 655 videamur
1514 601 1583 656 ab
1607 602 1932 659 hominibus
1952 604 2003 658 ⁸⁸1

419 686 563 741 Num
594 693 650 740 et
682 701 784 740 nos
821 702 1069 743 amamus
1104 689 1313 758 primos
1348 691 1630 747 recubitus
1666 692 1719 748 in
1745 697 1919 750 cumis
1946 704 2003 751 et

420 775 628 845 primas
670 774 832 831 sedes
880 776 937 830 in
979 778 1267 834 hominum
1309 781 1568 848 cmtibus,
1606 799 1671 840 ac
1709 784 1896 841 vocari
1931 786 2001 842 ab

419 867 742 922 hominibus
788 868 986 937 Rabbi,
1033 871 1245 926 Rabbi?
1273 888 1339 929 ac
1378 876 1473 946 qui
1519 876 1638 932 haec
1675 894 1786 934 non
1832 879 2000 936 etiam

420 964 584 1028 atque
610 959 779 1014 etiam
809 961 1075 1029 tribuant,
1094 964 1162 1019 ad
1193 975 1425 1022 mortem
1459 983 1633 1039 usque
1655 970 2000 1042 insequimur

419 1065 484 1104 ac
517 1053 814 1106 vexamus?
842 1052 983 1107 Num
1016 1062 1072 1110 et
1099 1070 1202 1111 nos
1234 1058 1463 1115 tulimus
1492 1061 1702 1118 clavem
1731 1064 1997 1132 scientiae.

417 1148 472 1195 et
506 1141 816 1198 claudimus
856 1160 1084 1215 regnum
1119 1148 1386 1204 caelorum
1432 1165 1618 1206 coram
1654 1153 1995 1224 hominibus,

419 1238 483 1285 ut
505 1246 608 1287 nec
630 1232 733 1302 ipsi
758 1232 1152 1304 ingrediantur,
1182 1253 1286 1293 nec
1316 1238 1443 1296 illos
1468 1240 1679 1312 ingredi
1698 1244 1998 1301 faciamus?

418 1323 560 1377 Num
584 1332 640 1378 et
672 1340 773 1379 nos
800 1325 1099 1383 circuimus
1128 1345 1279 1386 mare
1317 1340 1373 1386 et
1401 1334 1612 1390 aridam
1645 1346 1707 1392 ut
1729 1337 1995 1395 faciamus

420 1428 591 1468 unum
604 1415 964 1487 proselytum,
983 1417 1147 1489 386
1161 1428 1216 1475 et
1235 1436 1358 1476 cum
1372 1422 1548 1479 factus
1564 1425 1750 1492 fuerit,
1768 1428 1997 1484 facimus

418 1519 544 1559 eum
558 1504 823 1575 gehennae
838 1504 1009 1561 (ilium
1023 1508 1191 1580 duplo
1205 1527 1366 1580 quam
1387 1516 1511 1570 nos?
1540 1516 1679 1571 Num
1702 1527 1757 1573 et
1774 1535 1875 1574 nos
1891 1520 1996 1575 du-

418 1611 512 1651 ces
555 1596 686 1653 caeci
725 1613 936 1663 sumus.
971 1601 1067 1670 qui
1090 1603 1604 1674 colemusculicem,
1635 1618 1689 1664 et
1725 1612 1995 1666 camelum

2110 423 2414 493 ϐάστακτα,
2474 431 2569 481 καὶ
2622 428 2942 501 ὲπιτίθεμεν
2972 432 3067 485 ἐπὶ
3097 435 3225 498 τοὺς
3257 435 3444 507 ὤμους
3474 438 3586 493 τῶν
3609 443 3708 495 ἀν-

2110 512 2374 584 θρώπων,
2404 513 2482 586 τῷ
2522 515 2581 569 δὲ
2630 517 2882 591 δακτύλῳ
2924 522 3085 594 ἡμῶν
3112 524 3175 577 οὐ
3221 525 3451 597 θέλομεν
3479 530 3708 601 κινῆσαι

2108 605 2286 673 aii-ad;
2344 607 2416 660 Ἦ
2475 608 2597 677 οὐχὶ
2653 610 2749 664 καὶ
2798 612 2998 684 ἡμεῖς,
3047 617 3229 672 πάντα
3261 619 3330 673 τὰ
3360 620 3499 692 ἔργα
3545 624 3707 694 ἡμιῖιν

2109 697 2372 770 ποιοῦμεν
2402 702 2543 771 πρὸς
2574 703 2638 755 τὸ
2666 702 2930 776 θεαθῆναι
2955 709 3072 771 τοῖς
3098 709 3444 781 ἀνθρώποιςς
3480 715 3554 767 Ἦ
3581 717 3709 787 οὐχὶ

2108 787 2206 858 καὶ
2229 790 2394 859 ἡμεῖς
2420 789 2686 862 φιλοῦμεν
2702 793 2802 865 τὴν
2823 797 3231 867 πρωτοκλισίαν
3252 803 3310 855 ὲν
3331 806 3445 867 τοῖς
3463 804 3707 870 δείπνοις

2109 879 2335 945 καὶτὰς
2380 884 2867 957 πρωτοκαθεδρίας
2918 888 2978 941 ὲν
3029 892 3150 954 ταῖς
3188 900 3556 963 συναγωγαῖς,
3607 898 3705 952 καὶ

2106 973 2394 1028 καλεῖσθαι
2438 973 2545 1029 ὑπὸ
2579 976 2688 1030 τῶν
2738 977 3045 1048 ἀνθρώπων
3105 980 3314 1050 Ῥαὸϐὶ,
3359 985 3570 1040 Ῥαῦὃί·
3608 991 3704 1044 καὶ

2105 1063 2235 1127 τοὺς
2258 1062 2433 1119 ταῦτα
2458 1066 2593 1137 ἡμῖν
2624 1067 2701 1137 μὴ
2730 1068 2938 1141 σφόδρα
2966 1072 3366 1142 ἀπονέμοντας,
3398 1077 3504 1141 ἕως
3536 1076 3705 1133 θανάρ

2103 1172 2198 1210 του
2224 1155 2594 1228 πολεμοῦμεν;
2627 1160 2703 1214 Ἦ
2717 1161 2838 1231 οὐχὶ
2863 1162 2957 1216 καὶ
2984 1164 3146 1234 ἡμεῖς
3172 1166 3389 1238 ἡραμεν
3421 1169 3524 1242 τὴν
3550 1171 3703 1225 κλεῖ-

2104 1247 2173 1302 δα
2200 1248 2303 1320 τῆς
2341 1248 2623 1318 γνώσεως,
2664 1253 2762 1306 καὶ
2796 1252 3056 1325 κλείομεν
3100 1256 3201 1330 τὴν
3249 1257 3529 1328 βασιλείαν
3590 1263 3701 1317 τῶν

2104 1339 2350 1411 οὐρανῶν
2383 1340 2698 1413 ἔμπροσθεν
2727 1341 2836 1397 τῶν
2862 1344 3188 1416 ἀνθρώπων,
3224 1350 3360 1420 μηδὲ
3382 1335 3540 1407 abth
3586 1355 3701 1408 είσο

2104 1432 2414 1503 ερχόμενοι,
2459 1433 2594 1505 μηδὲ
2624 1435 2823 1501 αὐτοὺς
2848 1437 3450 1510 ποιοῦντεςείσελθεῖνς
3476 1445 3550 1498 Ἦ
3575 1447 3698 1518 οὐχὶ

2104 1522 2200 1576 καὶ
2230 1523 2393 1594 ἡμεῖς
2425 1525 2764 1597 περιάγομεν
2802 1527 2906 1598 τὴν
2945 1529 3221 1584 θάλασσαν
3266 1533 3363 1587 καὶ
3385 1533 3486 1605 τὴν
3525 1534 3695 1607 ξηρὰν

2105 1611 2337 1682 ποιῆσαι
2381 1612 2478 1675 ἕνα
2533 1615 2897 1686 προσήλυτον,
2927 1620 3024 1672 καὶ
3061 1620 3190 1675 ὅταν
3233 1622 3481 1696 γένηται,
3515 1626 3695 1680 ποιοῦ-

416 1684 914 1773 glutiamus?‘Num
944 1697 999 1743 et
1024 1704 1127 1744 nos
1146 1692 1476 1749 mundamus
1498 1697 1646 1765 quod
1680 1697 1887 1754 deforis
1914 1708 1995 1756 est

2111 1718 2213 1772 μεν
2245 1702 2410 1758 αὑτὸν
2447 1704 2564 1759 υἱὸν
2584 1684 2820 1777 γεέννης
2863 1706 3181 1781 διπλότερον
3467 1684 3546 1769 λιι
3575 1717 3694 1789 οὐχὶ

417 1775 608 1831 calicis
648 1784 705 1832 et
745 1770 1093 1849 paropsidis;
1132 1782 1281 1851 quod
1319 1794 1501 1839 autem
1541 1799 1794 1844 nostrum
1846 1791 1997 1849 intus

420 1873 509 1920 est
554 1867 780 1937 plenum
825 1878 912 1925 est
953 1870 1144 1941 rapina
1187 1880 1244 1927 et
1277 1872 1600 1944 iniquitate?
1635 1881 1883 1949 quinimo
1912 1882 1997 1936 in-

417 1957 760 2013 continentia
801 1960 1060 2031 turpique
1093 1960 1358 2018 libidine?
1391 1964 1531 2020 Num
1551 1975 1724 2024 etnos
1757 1969 1997 2027 decima-

414 2062 542 2104 mus
578 2059 758 2105 rutam
779 2062 837 2106 et
867 2061 1133 2121 mentam,
1171 2069 1447 2125 omneque
1471 2058 1613 2120 olus,
1643 2068 1699 2114 et
1723 2060 1994 2130 judicium

414 2154 482 2194 ac
516 2138 873 2197 dilectionem
916 2141 1014 2196 Dei
1054 2143 1565 2213 praetermittimus?
1584 2147 1735 2202 'Num
1786 2157 1844 2204 et
1892 2166 1996 2207 nos

415 2242 608 2282 sumus
653 2228 799 2283 sicut
844 2230 1099 2299 sepulcra
1143 2231 1403 2299 obscura,
1446 2234 1543 2304 qui
1588 2234 1726 2291 foris
1768 2239 1993 2308 quidem

408 2316 545 2388 justi
570 2317 890 2373 hominibus
920 2334 1234 2389 pareamus,
1266 2321 1418 2378 intus
1446 2333 1628 2379 autem
1652 2326 1799 2396 pleni
1822 2327 1995 2386 simus

413 2409 692 2483 hypocrisi
715 2418 772 2466 et
799 2410 1155 2481 improbitate
1198 2421 1254 2468 et
1292 2413 1444 2468 omni
1480 2418 1993 2486 spurcitia'?Num

412 2508 472 2555 et
506 2514 608 2557 nos
635 2500 974 2559 :edificamus
1010 2503 1265 2573 sepulcra
1304 2516 1611 2579 martyrum
1644 2516 1701 2563 et
1731 2525 1994 2567 ornamus

411 2602 768 2648 monumenta
793 2594 1193 2664 apostolorum,
1222 2604 1389 2668 atque
1420 2598 1531 2654 illis
1569 2600 1778 2656 similes
1803 2617 1995 2660 sumus

410 2684 507 2755 qui
542 2700 639 2740 eos
672 2685 1032 2742 occiderunt?
1059 2686 1195 2755 Quis
1237 2703 1370 2760 ergo
1412 2707 1525 2746 non
1554 2692 1755 2765 lugeat,
1791 2695 1884 2766 qui
1913 2696 1995 2753 sic

409 2775 595 2832 affecti
640 2777 816 2834 simus
849 2788 906 2834 et
942 2778 1297 2837 laboremus?
1333 2781 1469 2850 Quis
1504 2790 1711 2840 tantam
1747 2795 1994 2843 nostram

411 2868 787 2938 captivilatem
820 2870 1081 2943 lacrymis
1116 2888 1227 2928 non
1260 2876 1659 2946 prosequatur?
1697 2877 1995 2949 Propterea

410 2959 603 3031 inclyti
627 2960 723 3015 filii
754 2961 853 3018 Dei
887 2963 1127 3034 reputati
1149 2972 1279 3019 sunt
1307 2965 1364 3020 in
1393 2982 1521 3022 vasa
1551 2976 1743 3024 testea.
1774 2969 1990 3027 Idcirco

408 3048 767 3104 obscuratum
808 3058 893 3105 est
935 3066 1162 3117 aurum,
1212 3051 1560 3117 immutatum
1601 3064 1687 3110 est
1720 3056 1991 3126 Optimum

411 3147 699 3210 argentum
726 3140 767 3194 ⁸.
792 3140 1004 3196 idcirco
1023 3141 1261 3197 Nazaraii
1280 3140 1411 3196 Sion
1438 3143 1564 3199 nive
1588 3145 1994 3215 splendidiores

409 3231 542 3288 facti
570 3247 762 3287 sumus
796 3233 952 3303 quasi
984 3230 1304 3304 Ethiopes;
1333 3237 1428 3305 qui
1464 3235 1606 3292 lacte
1639 3237 1994 3295 candidiores

409 3330 590 3386 erant,
636 3337 803 3391 super
847 3330 1215 3377 atramentum
1263 3324 1535 3396 denigrali
1584 3334 1733 3381 sunt.
1782 3327 1993 3383 Idcirco

411 3412 771 3467 obtenebrata
799 3422 883 3468 est
906 3428 1071 3483 supra
1097 3414 1383 3487 fuliginem
1403 3417 1618 3487 species
1645 3427 1858 3473 nostra.
1885 3419 1991 3486 Qui

408 3503 794 3558 nutriehamur
831 3504 884 3558 in
931 3505 1236 3573 coccineis,
1277 3508 1571 3578 amplexati
1616 3525 1807 3565 sumus
1847 3520 1993 3565 ster-

411 3611 542 3652 cora
569 3613 583 3652 :
611 3605 668 3653 et
700 3599 875 3669 major
895 3597 1041 3654 facta
1069 3608 1154 3655 est
1178 3600 1444 3672 iniquitas
1472 3611 1662 3659 nostra
1692 3599 1858 3675 super
1889 3605 1996 3660 ini-

409 3685 678 3757 quitatem
721 3686 1106 3744 Sodomorum.
1152 3690 1364 3747 Idcirco
1413 3692 1511 3747 filii
1550 3692 1661 3749 diei
1720 3702 1776 3750 et
1826 3694 1991 3763 lucis,

407 3774 538 3834 facti
567 3794 756 3835 sumus
788 3779 887 3835 filii
911 3781 1090 3837 noctis
1118 3791 1175 3838 et
1205 3783 1557 3839 tenebrarum
1586 3786 1628 3840 ".
1662 3784 1874 3841 Idcirco
1893 3785 1994 3842 ﬁlii

409 3885 588 3957 regni,
630 3887 684 3941 in
729 3886 871 3943 filios
900 3887 1166 3958 gehenna:
1203 3890 1505 3944 evasimus.
1554 3890 1852 3961 Propterea
1895 3890 1992 3947 ﬁlii

408 3976 648 4044 Excelsi,
690 3979 836 4034 sicut
880 3979 1136 4036 homines
1174 3981 1463 4047 morimur,
1498 3991 1555 4038 et
1580 3983 1726 4037 sicut
1754 3999 1898 4039 unus
1925 4000 1993 4039 ex

408 4068 758 4140 principibus
784 4068 1035 4125 cadimus
1075 4070 1118 4124 ⁸.
1157 4071 1457 4141 Propterea
1490 4071 1680 4127 traditi
1712 4088 1906 4129 sumus
1935 4073 1993 4128 in

409 4174 608 4215 manus
639 4161 884 4217 hostium
915 4160 1232 4232 iniquorum
1262 4161 1552 4234 (saevorum
1579 4164 1793 4221 scilicet
1820 4181 1884 4221 ac
1914 4166 1996 4222 fe-

409 4249 626 4305 rocium
655 4250 988 4325 daemonum)
1018 4253 1246 4325 regique
1279 4254 1486 4326 injusto
1509 4265 1567 4311 et
1594 4257 1991 4314 scelestissimo

2098 1793 2194 1848 καὶ
2223 1795 2389 1866 ἡμεῖς
2424 1797 2599 1869 ἐσμεν
2655 1799 2842 1871 ὁδηγοὶ
2878 1799 3092 1870 τυφλοὶ,
3120 1800 3213 1855 τὸν
3264 1804 3491 1860 κόνωπα
3529 1806 3695 1869 διυλίο

2097 1885 2304 1956 ζοντες,
2331 1888 2427 1943 καὶ
2453 1890 2554 1961 τὴν
2586 1890 2837 1963 κάμηλον
2875 1893 3310 1964 καταπίνοντεςς
3347 1897 3421 1951 Ἥ
3458 1900 3583 1970 οὐχὶ
3602 1888 3697 1956 καὶ

2097 1978 2260 2050 ἡμεῖς
2282 1980 2660 2055 καθαρίζομεν
2687 1985 2748 2039 τὸ
2777 1984 2981 2052 ἔξωθεν
3018 1986 3115 2042 τοῦ
3151 1988 3418 2061 ποτηρίου
3466 1992 3565 2044 καὶ
3597 1992 3696 2064 τῆς

2098 2071 2417 2143 παροψίδος·
2472 2074 2535 2128 τὸ
2587 2075 2644 2128 δὲ
2688 2073 2893 2133 ἔσωθεν
2920 2077 3077 2149 ἡμῶν
3108 2080 3272 2152 γέμει
3306 2081 3570 2154 ἁρπαγῆς
3599 2085 3698 2138 καὶ

2095 2167 2410 2234 πλεονεξίας
2456 2169 2572 2243 (Fr.
2613 2173 2708 2228 καὶ
2745 2172 3136 2249 ἀκαθαρσίας]·
3174 2176 3377 2246 μᾶλλον
3423 2178 3482 2232 δὲ
3518 2181 3698 2252 ἀκρασ-

2097 2258 2258 2324 σίας;
2289 2262 2360 2316 Ἦ
2387 2264 2510 2334 οὐχὶ
2538 2265 2635 2319 καὶ
2657 2268 2825 2338 ἡμεῖς
2854 2267 3307 2341 ἀποδεκατοῦμεν
3346 2271 3412 2325 τὸ
3438 2273 3696 2342 πήγανον

2096 2350 2193 2405 καὶ
2220 2351 2280 2406 τὸ
2309 2352 2598 2427 ἡδύοσμον,
2626 2358 2721 2411 καὶ
2747 2360 2857 2412 πᾶν
2880 2358 3259 2430 λάχανον·,καὶ
3283 2364 3683 2435 παρερχόμεθα

2100 2442 2202 2512 τὴν
2252 2443 2436 2515 κρίσιν
2489 2446 2588 2501 καὶ
2616 2447 2713 2515 τὴν
2747 2450 2970 2522 ἀγάπην
2999 2451 3092 2509 τοῦ
3121 2453 3295 2521 Θεοῦ;
3324 2456 3397 2508 Ἦ
3427 2456 3551 2526 οὐχὶ
3595 2457 3696 2511 καὶ

2096 2533 2261 2604 ἡμεῖς
2295 2535 2467 2607 ἐσμεν
2495 2536 2571 2601 ὡς
2602 2537 2672 2593 τὰ
2703 2544 2948 2613 μνημεῖα
2989 2543 3059 2599 τὰ
3093 2544 3285 2617 ἄδηλα,
3340 2545 3541 2612 ἔξωθεν
3585 2549 3693 2618 μὲν

2096 2627 2413 2697 φαινόμενοι
2446 2631 2561 2693 τοῖς
2596 2630 2910 2704 ἀνθρώποις
2953 2635 3175 2701 δίκαιοι,
3213 2636 3418 2692 ἔσωθεν
3448 2639 3510 2693 δὲ
3533 2640 3692 2704 ὅντες

2099 2716 2289 2785 μεστοὶ
2315 2717 2662 2788 ὑποκρίσεως
2692 2719 2790 2774 καὶ
2821 2721 3075 2793 ἀνομίας
3098 2725 3195 2780 καὶ
3225 2726 3407 2798 πάσης
3434 2729 3689 2800 ἀκαθαρ-

2098 2806 2245 2868 σίας;
2286 2808 2357 2861 Ἢ
2397 2809 2519 2880 οὐχὶ
2562 2811 2658 2865 καὶ
2705 2813 2870 2883 ἡμεῖς
2910 2813 3304 2887 οἰκοδομοῦμεν
3326 2820 3455 2883 τοὺς
3476 2819 3691 2890 τάφους

2095 2897 2204 2951 τῶν
2245 2899 2578 2971 Μαρτύρων,
2633 2903 2733 2957 καὶ
2783 2903 3100 2977 κοσμοῦμεν
3152 2907 3224 2961 τὰ
3280 2912 3526 2980 μνημεῖα
3575 2912 3690 2964 τῶν

2107 2989 2469 3057 Ἀποστόλων,
2516 2992 2611 3046 καὶ
2640 2993 2808 3064 ἐσμὲν
2861 2995 3036 3066 ὅμοιοι
3077 2997 3187 3051 τῶν
3236 2999 3692 3056 ἀποκτεινάντων

2097 3074 2333 3149 αὐτούςς
2386 3082 2470 3146 τίς
2524 3078 2619 3137 οὖν
2655 3083 2718 3136 οὐ
2755 3083 2978 3139 κλαύσει
3021 3087 3168 3157 ἡμᾶς
3200 3087 3375 3154 οὕτως
3404 3090 3691 3163 διακειμέ-

2096 3189 2246 3234 νους.
2273 3171 2367 3237 Τίς
2398 3173 2459 3225 οὐ
2497 3172 2760 3247 θρηνὴσει
2811 3177 2914 3248 τὴν
2945 3177 3283 3251 τηλικαύτην
3315 3183 3472 3255 ἡμῶν
3521 3185 3693 3255 αίχμ-

2096 3263 2369 3330 αλωσίαν;
2411 3266 2509 3320 Διὰ
2537 3265 2696 3320 τοῦτο
2732 3267 2836 3321 υἱοὶ
2862 3268 2997 3323 Θεοῦ
3030 3271 3077 3323 oi
3104 3271 3298 3342 τίμιοι,
3320 3273 3692 3347 ἐλογίσθημεν

2095 3353 2170 3416 ὼς
2206 3356 2404 3423 ἀγγεῖα
2437 3355 2756 3427 ὀστράκινα.
2795 3356 2895 3411 Διὰ
2923 3356 3082 3411 τοῦτο
3116 3360 3422 3432 ἡμαυρώθη
3454 3363 3517 3416 τὸ
3549 3381 3689 3435 χρυ-

2099 3445 2230 3497 σίον·
2263 3446 2529 3518 ἠλλοιώθη
2558 3448 2621 3501 τὸ
2651 3448 2913 3520 ἀργύριον
2954 3450 3017 3504 τὸ
3046 3451 3272 3521 ἀγαθόν.
3309 3452 3410 3507 Διὰ
3443 3453 3606 3510 τοῦτο
3635 3457 3690 3510 οι

2095 3534 2407 3607 Ναζωραῖοι
2446 3537 2610 3605 Σιὼν,
2644 3540 2697 3593 oi
2726 3541 2868 3614 ὑπὲρ
2909 3542 3064 3614 χιόνα
3092 3543 3429 3614 λάμψαντες,
3454 3548 3689 3615 γεγόνα-

2099 3647 2202 3700 μεν
2257 3630 2333 3695 ὠς
2367 3630 2642 3697 Αἰθίοπες
2671 3634 2723 3687 oi
2751 3634 2891 3707 ὑπὲρ
2923 3635 3064 3705 γάλα
3096 3634 3504 3704 λευκανθέντες,
3535 3639 3682 3712 ὑπὲρ

2100 3720 2267 3791 μέλαν
2295 3721 2672 3795 ὲζοφώθησαν.
2701 3725 2802 3779 Διά
2829 3725 2990 3781 τοῦτο
3010 3728 3305 3784 ὲσκότασεν
3338 3731 3481 3803 ὑπὲρ
3515 3734 3686 3788 ἀσϐό-

2095 3810 2195 3881 λην
2247 3812 2307 3865 τὸ
2357 3808 2497 3877 εἶδος
2545 3815 2721 3885 ἡμῶν.
2773 3818 2839 3870 Oi
2882 3817 3261 3891 τιθηνούμενοι
3307 3823 3402 3875 ἐπὶ
3440 3823 3687 3891 κόκκων,

2096 3902 2532 3976 περιεσαλόμεθα
2563 3907 2817 3979 κοπρίαςο
2861 3909 2956 3963 καὶ
2999 3911 3343 3984 ὲμεγαλύνθη
3390 3914 3424 3985 ἡ
3478 3916 3688 3987 ἀνομία

2095 3992 2275 4065 ἡμῶν,
2309 3995 2450 4067 ὑπὲρ
2483 3997 2724 4068 ἀνομιῶν
2758 4000 3028 4072 Σοδόμων.
3058 4003 3158 4057 Διά
3186 4002 3342 4059 τοῦτο
3367 4007 3418 4059 ot
3452 4007 3560 4060 υἱοὶ
3580 4009 3688 4079 τῆς

2094 4082 2310 4152 ἡμέρας
2351 4086 2445 4138 καὶ
2489 4085 2582 4139 τοῦ
2612 4088 2810 4156 φωτὸς,
2852 4090 2959 4144 υἱοὶ
3010 4093 3317 4164 γεγόναμεν
3362 4096 3558 4160 νυκτὸς
3587 4097 3690 4151 καὶ

2098 4176 2354 4239 σκότους.
2383 4177 2484 4231 Διὰ
2507 4177 2665 4232 τοῦτο
2695 4180 2800 4234 υίοὶ
2829 4181 2928 4253 της
2973 4182 3270 4252 βασιλείας,
3303 4187 3410 4240 υίοὶ
3453 4186 3687 4259 γεέννης

2099 4266 2432 4338 γεγόναμεν.
2464 4270 2566 4322 Διὰ
2583 4268 2743 4325 τοῦτο
2760 4272 2812 4325 οἱ
2845 4272 2950 4326 υἱοὶ
2996 4272 3273 4344 Ὑψίστου,
3301 4276 3379 4341 ὡς
3405 4278 3687 4346 ἄνθρωποι

412 4356 558 4411 ultra
603 4371 824 4413 omnem
875 4365 1082 4414 terram
1126 4359 1373 4429 (illorum
1417 4361 1682 4417 nimirum
1734 4362 1993 4436 principi)

2103 4358 2541 4432 ἀποθνήσκομεν,
2574 4362 2667 4415 καὶ
2693 4362 2772 4427 ὡς
2819 4357 2902 4428 εἷς
2932 4363 3042 4418 τῶν
3071 4365 3349 4439 ἀρχόντων
3387 4369 3688 4448 πίπτομεν.

408 4448 540 4519 quia
560 4448 913 4519 peccavimus
928 4467 997 4507 ac
1020 4451 1208 4522 inique
1234 4453 1471 4524 egimus,
1494 4454 1753 4511 violando
1774 4456 1993 4512 Domini

410 4539 512 4595 Dei
559 4541 733 4595 nostri
780 4540 1039 4597 mandata
1065 4544 1110 4609 ’,
1141 4552 1199 4599 et
1234 4545 1614 4601 conculcando
1639 4546 1841 4601 Filium
1871 4547 1991 4616 Dei,

413 4645 856 4689 aceommunem
888 4632 1144 4699 ducendo
1183 4637 1508 4707 sanguinem
1557 4636 1873 4692 testamenti
1926 4638 1989 4693 ¹⁰.

413 4724 522 4782 Sed
547 4741 614 4782 ne
635 4726 933 4782 tradideris
951 4742 1051 4782 nos
1071 4727 1127 4781 in
1150 4726 1314 4782 tinem
1340 4735 1569 4797 propter
1584 4743 1786 4784 nomen
1813 4736 1991 4796 tuum,

412 4816 665 4884 Domine,
716 4834 788 4873 ne
837 4817 1075 4888 dissipes
1123 4826 1516 4873 testamentum
1572 4825 1763 4883 tuum;
1809 4836 1992 4891 neque

411 4916 628 4962 avertas
663 4908 1099 4964 misericordiam
1125 4917 1273 4963 tuam
1300 4923 1331 4965 a
1358 4907 1541 4993 npbis,
1569 4918 1793 4980 propter
1825 4912 1993 4967 mise-

412 4997 659 5053 rationes
688 5007 810 5055 tuas
840 4999 905 5066 ¹¹,
946 4999 1108 5056 Pater
1148 5008 1356 5067 noster,
1398 5000 1493 5070 qui
1518 5016 1580 5057 es
1620 5001 1903 5071 in’coelis;
1939 5010 1998 5058 et

411 5096 639 5159 propter
665 5090 881 5145 viscera
904 5091 1173 5161 unigeniti
1202 5090 1327 5145 Filii
1350 5090 1470 5160 tuiz,
1511 5103 1852 5162 propterque
1888 5093 1995 5148 mi-

413 5177 775 5251 sericordiam
801 5180 1044 5251 Spiritus
1068 5182 1264 5238 sancti.
1305 5182 1384 5239 Ne
1414 5183 1715 5237 memineris
1741 5184 1997 5254 iniquita-

414 5276 527 5324 tum
561 5280 865 5327 nostrarum
894 5275 1276 5341 antiquarum;
1317 5275 1413 5330 sed
1454 5277 1555 5330 cito
1589 5276 1877 5347 anticipant
1904 5293 1998 5330 nos

415 5361 785 5418 misericordiae
835 5373 962 5429 tum,
1015 5369 1142 5436 quia
1196 5383 1453 5439 pauperes
1510 5368 1638 5437 [acti
1688 5383 1870 5421 sumus
1919 5368 2000 5421 ni-

2099 4450 2199 4503 Διὰ
2239 4450 2398 4504 τοῦτο
2450 4452 2828 4526 παρεδόθημεν
2862 4455 2944 4519 εις
2979 4457 3171 4528 χεῖρας
3198 4457 3409 4530 ἐχθρῶν
3436 4460 3688 4533 ἀρόμην,

2100 4537 2210 4591 τῶν
2252 4539 2462 4611 ἀγρίων
2501 4520 2647 4610 λέγω
2684 4520 3099 4615 δαιμόνωνίκαὶ
3129 4520 3342 4616 βαᾶίλέι
3377 4520 3559 4623 ὠδᾶιέ

2100 4631 2474 4702 πονηρωτάτῳ
2504 4632 2658 4703 παρὰ
2700 4635 2884 4689 πᾶσαν
2918 4634 3021 4706 τὴν
3060 4637 3185 4706 γῆν,
3214 4637 3421 4710 δηλαδὴ
3445 4639 3532 4712 τῷ
3560 4640 3692 4697 ωὐ-

2096 4738 2205 4776 των
2236 4722 2478 4793 ἄρχοντι,
2506 4723 2590 4776 ὃτι
2614 4724 2934 4796 ἡμάρτομεν
2968 4728 3064 4781 καὶ
3090 4729 3473 4800 ἡνομὴοαμιν,
3498 4746 3690 4804 αμ-

2098 4812 2293 4877 6άντες
2345 4813 2446 4878 τὰς
2526 4814 2748 4879 ἐντολὰς
2792 4817 3004 4888 Κυρίου
3086 4817 3180 4872 τοῦ
3253 4817 3391 4874 Θεοῦ
3480 4821 3648 4893 ἡμῶν
3668 4861 3690 4892 ,

2100 4906 2195 4960 καὶ
2220 4906 2703 4977 καταπατήσαντες
2725 4908 2815 4962 τὸν
2845 4908 2971 4962 Υίδν
2998 4908 3092 4963 τοῦ
3131 4909 3266 4964 Θεοῦ
3294 4911 3394 4966 καὶ
3434 4913 3502 4967 τὸ
3547 4910 3688 4987 αἷμα

2102 4998 2200 5069 τῆς
2226 4997 2488 5069 διαθήκης
2541 4998 2720 5053 κοινὸν
2781 5001 3145 5072 ἡγησάμενοι.
3189 5003 3353 5058 Ἀλλὰ
3399 5004 3477 5077 μὴ
3506 5023 3687 5079 παρα-

2101 5090 2228 5160 δόης
2260 5089 2377 5162 [Fr.
2424 5089 2704 5164 παραδῷς]
2756 5094 2906 5163 ἡμᾶς
2954 5094 3036 5158 είς
3063 5095 3220 5159 τέλος
3273 5095 3366 5150 διὰ
3405 5098 3470 5151 τὸ
3518 5098 3684 5171 ὄνομά

2106 5198 2224 5249 σου,
2260 5181 2455 5254 Κύριε,
2487 5184 2582 5237 καὶ
2618 5182 2696 5254 μὴ
2739 5183 3098 5258 διασκεδάσῃς
3141 5185 3240 5258 τὴν
3268 5185 3538 5259 διαθήκην
3570 5204 3681 5244 σου·

2106 5276 2203 5329 καὶ
2238 5276 2313 5347 μὴ
2366 5276 2685 5348 ἀποστήσῃς
2724 5275 2786 5329 τὸ
2818 5277 2967 5340 ἔλεός
2998 5294 3094 5331 σου
3121 5278 3216 5350 ἀφ’
3241 5279 3421 5351 ἡμῶν,
3437 5281 3528 5335 διὰ
3560 5283 3678 5344 τοὺς

2108 5366 2425 5438 οίκτιρμούς
2455 5383 2572 5431 σου,
2606 5367 2790 5438 Πάτερ
2818 5367 2975 5437 ἡμῶν
3001 5369 3032 5421 ό
3062 5370 3120 5423 ιν
3149 5372 3263 5434 τοῖς
3289 5369 3560 5442 οὐρανοῖς·
3582 5368 3673 5425 καὶ

488 5578 903 5656 ’κιιιςζκιηόᾶ
978 5582 999 5613 ⁸
1026 5582 1320 5656 Mattli._vi,
1351 5583 1403 5638 5.
1444 5585 1464 5615 ⁸
1499 5582 1687 5656 Matth.
1717 5600 1865 5649 χχιιι,
1892 5584 1995 5656 ὃλόἲ

2100 5582 2323 5656 [.ιιο.ξι,
2356 5583 2444 5651 59,
2471 5582 2557 5639 52.
2635 5582 2655 5614 ⁸
2680 5583 2883 5640 Thren.
2909 5603 2948 5654 ι,
2978 5586 3041 5655 8;
3074 5587 3218 5656 lvd,
3247 5590 3306 5647 2.
3384 5591 3407 5623 '
3442 5591 3463 5647 l
3493 5587 3689 5649 Τιιωε

413 5666 473 5716 v,
502 5648 555 5703 5.
629 5649 651 5681 ⁸
682 5651 822 5707 Psal.
863 5667 1019 5717 uxx,
1049 5653 1100 5705 7.
1176 5654 1197 5684 '
1228 5653 1362 5707 Dan.
1413 5668 1491 5719 ιιι,
1521 5653 1584 5706 51
1615 5669 1768 5723 seqq.

1849 5656 1890 5687 ¹⁰
1926 5654 2092 5710 Hebr.
2125 5670 2179 5722 ι,
2210 5654 2302 5709 28.

2380 5656 2421 5685 ¹¹
2452 5655 2590 5708 Dan.
2617 5669 2695 5722 ιιι,
2720 5656 2809 5724 54,
2844 5657 2935 5713 55.
