4066 6188
387 313 492 379 945

1662 305 1889 370 LIBER
1929 301 2335 368 ASCETICUS

3555 320 3660 384 956

384 431 475 485 διὰ
501 430 562 485 τδ
586 431 732 495 ἔλεος
752 429 845 484 τοῦ
881 428 1034 498 ἀγιου
1070 446 1163 499 σου
1192 430 1530 499 Πνευματος.
1558 427 1652 496 Μὴ
1679 425 1953 497 μνησθῇς

2069 441 2165 478 mis
2188 426 2248 475 ".
2263 424 2468 496 Adjuva
2483 426 2740 490 nos,Deus
2758 426 3004 483 Salvator
3023 428 3184 500 387
3205 439 3397 497 noster,
3417 442 3467 486 et
3484 437 3664 505 prapi-

379 519 556 592 ἡμῶν
586 520 848 591 ἀνομιῶν
872 520 1154 590 ἀρχαίων·
1198 520 1359 575 ἀλλὰ
1401 519 1553 589 ταχὺ
1600 520 1975 586 προκαταλα-

384 612 656 665 6ἐτωονίιν
688 611 842 680 ἡμᾶς
876 615 932 665 οἱ
968 612 1259 679 οἰκτιρμοί
1303 628 1441 676 σου,
1473 611 1561 664 ὅτι
1594 611 1975 679 ἐπτωχεύσα-

380 720 499 773 μεν
523 703 778 773 σφόδρα.
835 704 1158 770 Βοήθηονον
1211 703 1356 774 ἡμῖν
1411 707 1444 758 ό
1493 703 1636 769 Θεὸς
1685 706 1718 756 d
1769 702 1974 770 Σωτὴρ

383 793 827 864 ἡμῶν.Ἕνεκεν
867 793 976 865 τῆς
1003 795 1192 864 δόξης
1215 795 1328 850 τοῦ
1363 796 1654 863 ὀνόματός
1682 810 1821 858 σου.
1856 794 1972 848 K15-

375 900 488 951 ριε,
511 883 699 951 ῥῦσαι
715 885 893 954 ἡμᾶς,
913 885 1010 938 καί
1037 885 1312 953 ἱλάσθητί
1334 885 1460 951 ταῖς
1483 885 1788 955 ἁμαρτίαις
1805 884 1974 956 ἡμῶν·

380 975 596 1030 ἕνεκεν
639 975 746 1029 τοῦ
801 977 1094 1046 ὀνόματός
1141 993 1280 1044 σου,
1315 977 1510 1050 Κύριε,
1573 977 1833 1048 μνησθεὶς
1869 976 1971 1044 τῆς

379 1066 639 1136 ἀπαρχῆς
668 1067 700 1135 ἡ
712 1065 829 1136 μῶν
855 1066 922 1136 ἢν
946 1066 1004 1132 ἐξ
1028 1067 1059 1137 ἠ
1071 1065 1190 1135 μῶν
1225 1065 1313 1119 διὰ
1350 1065 1759 1137 φιλανθρωπίαν
1787 1065 1969 1119 λαϐὼν

379 1159 409 1210 ὁ
447 1157 745 1227 μονογενής
790 1172 883 1210 σου
913 1157 1062 1222 Υἱὸς,
1092 1157 1234 1228 ὑπὲρ
1269 1157 1428 1228 ἡμῶν
1462 1157 1574 1227 ἔχει
1606 1157 1663 1210 ἐν
1693 1158 1966 1226 οὐρανοῖς,

381 1247 471 1300 ἵνα
511 1250 643 1318 ἡμῖν
679 1247 904 1318 βεϐαίαν
937 1249 1037 1321 τὴν
1069 1250 1263 1303 ἐλπίδα
1296 1251 1395 1321 τῆς
1430 1250 1704 1321 σωτηρίας
1733 1251 1965 1321 χαρίση-

379 1356 492 1393 ται’
523 1341 618 1394 καὶ
657 1341 730 1413 μὴ
773 1341 864 1394 διὰ
910 1342 1010 1412 τὴν
1050 1343 1362 1411 ἀπόγνωσιν
1395 1343 1614 1413 χείρους
1655 1335 1965 1412 γενώμεθᾱ,

379 1434 471 1492 διὰ
517 1433 577 1486 τὸ
605 1433 786 1503 τίμιον
819 1434 988 1488 αὐτοῦ
1041 1429 1201 1506 αἷμα,
1243 1435 1271 1488 ὃ
1321 1436 1463 1506 ὑπὲρ
1504 1436 1603 1506 τῆς
1632 1434 1725 1488 τοῦ
1757 1435 1962 1504 κόσμου

379 1517 528 1589 ζωῆς
577 1521 810 1592 ἐξέχεεν·
858 1522 948 1576 διὰ
995 1526 1118 1586 τοὺς
1171 1525 1358 1592 ἁγίους
1389 1525 1554 1578 αὐτοῦ
1606 1526 1964 1590 Ἀποστόλους

378 1611 478 1664 καὶ
506 1614 826 1688 Μὰρτυρας,
859 1615 908 1670 0?
956 1617 1098 1688 ὑπὲρ
1123 1617 1218 1671 τοῦ
1243 1618 1505 1687 ὀνόματος
1542 1618 1707 1671 αὑτοῦ
1735 1619 1795 1672 τὸ
1833 1621 1964 1672 ἴδιον

378 1699 522 1775 αἷμα
551 1707 786 1777 ἐξέχεαν·
832 1709 920 1763 διὰ
957 1711 1085 1773 τοὺς
1134 1710 1319 1779 ἁγίους
1349 1712 1640 1782 Προφήτας
1671 1712 1763 1765 καὶ
1787 1711 1959 1764 Πατέ-

379 1814 483 1867 pst;
503 1799 599 1852 ιὼὶ
632 1801 1008 1872 Πατριάρχας.
1067 1802 1264 1866 οἵτινες
1293 1803 1630 1872 ἠγωνίσαντο
1660 1804 1959 1874 εὐαρεστῆ-

377 1904 471 1942 σαι
511 1890 588 1960 τῷ
617 1891 757 1961 ἁγίῳ
801 1910 892 1945 σου
937 1893 1181 1963 ὀνόματι.
1232 1894 1322 1964 Μὴ
1357 1894 1592 1967 παρίδῃς
1639 1895 1739 1964 τὴν
1777 1895 1960 1964 δέησιν

373 1979 558 2050 ἡμῶν,
595 1980 786 2052 Κύριε,
825 1983 1439 2057 μηδὲέέγκαταηεξίπῃς
1467 1985 1614 2054 ἡμᾶς
1654 1986 1732 2047 είς
1784 1983 1956 2048 τέλος.

375 2071 452 2123 Ut’:
475 2072 584 2142 γὰρ
604 2073 696 2125 ἐπὶ
720 2077 836 2137 ταῖς
857 2074 1226 2139 δικαιοσύναις
1245 2076 1400 2147 ἡμῶν
1424 2076 1747 2139 πεποιθότες
1769 2076 1956 2146 ἐσμὲν,

373 2161 492 2216 ἀλλ’
525 2165 616 2217 ἐπὶ
650 2166 791 2219 ἐλέει
818 2165 896 2236 τῷ
927 2167 1023 2238 σῷ,
1059 2168 1125 2220 δι’
1155 2161 1216 2221 οῦ
1270 2169 1331 2222 τὺ
1388 2170 1546 2237 γένος
1597 2170 1754 2240 ἡμῶν
1804 2183 1959 2241 περι-

374 2258 527 2325 ποιῇ.
574 2257 918 2330 Ίκετεύομεν
965 2259 1061 2312 καὶ
1101 2259 1528 2331 παρακαλοῦμεν
1561 2261 1662 2332 τὴν
1694 2262 1793 2334 σὴν
1823 2263 1958 2332 ἀγα-

375 2341 601 2414 θότητα,
630 2347 717 2402 ἵνα
745 2349 820 2421 μὴ
851 2350 1077 2420 γένηται
1103 2353 1182 2415 είς
1215 2355 1390 2422 κρῖμα
1412 2355 1544 2424 ἡμῖν
1572 2353 1633 2406 τὸ
1666 2355 1954 2427 οἰκονομη-

374 2432 469 2488 θέν
510 2438 643 2506 ἡμῖν
685 2439 790 2493 ὑπὸ
815 2440 910 2494 τοῦ
952 2442 1290 2512 Μονογενοῦς
1323 2461 1416 2496 σου
1445 2444 1576 2498 Υίοῦ
1609 2446 1746 2516 πρὸς
1781 2463 1956 2518 σωτη-

375 2524 504 2595 ρίαν
544 2529 862 2600 μυστήριον·
905 2533 997 2585 καὶ
1043 2534 1118 2604 μὴ
1155 2534 1474 2605 ἀπορῤίψῃς
1517 2538 1664 2606 ἡμᾶς
1709 2537 1817 2590 ἀπδ
1856 2535 1953 2590 τοῦ

374 2616 674 2686 προσώπου
704 2637 818 2676 σου.
872 2623 962 2695 Μὴ
1010 2623 1238 2700 βδελύξῃ
1267 2626 1423 2697 ἡμῶν
1472 2629 1572 2698 τὴν
1603 2629 1950 2702 ἀναξιότητα·

371 2706 497 2760 ἀλλ’
539 2710 762 2782 ἐλέησον
797 2715 944 2785 ἡμᾶς
992 2718 1134 2772 κατὰ
1181 2719 1241 2772 τὸ
1293 2721 1438 2790 μέγα
1494 2738 1586 2773 σου
1643 2721 1812 2788 ἕλεος,
1859 2723 1954 2776 καὶ

371 2803 520 2857 κατὰ
568 2806 632 2858 τὸ
688 2807 890 2876 πλῆθος
933 2809 1040 2865 τῶν
1074 2812 1377 2883 οἰκτιρμῶν
1421 2830 1536 2880 σου,
1572 2814 1864 2883 παράγαγε
1885 2814 1954 2870 τὰ

370 2893 748 2966 ἁμαρτήματα
770 2896 882 2970 [Fin
912 2899 1150 2971 alterque
1178 2901 1250 2956 Μ.
1281 2902 1631 2976 ἀνομήματα]
1661 2903 1841 2974 ἡμῶν,
1867 2905 1953 2958 ἵνα

371 2984 758 3058 ἀκατακρίτως
805 2991 1195 3062 προσελθόντες
1243 2994 1580 3050 κατενώπιον
1635 2995 1735 3066 τῆς
1789 2996 1951 3064 ἁγίας

2079 516 2184 568 tius
2213 525 2321 568 esto
2345 515 2572 586 peccatis
2595 519 2786 571 nostris
2817 527 3032 589 propter
3059 536 3247 573 nomen
3280 529 3427 576 tuum
3453 523 3516 589 ",
3545 524 3656 579 Do-

2078 605 2246 670 mine,
2293 622 2505 662 memor
2538 617 2741 664 nostrte
2775 610 3148 676 delibationis,
3184 628 3348 681 quam
3389 627 3458 668 ex
3493 615 3656 671 nobis

2075 714 2179 767 per
2207 714 2474 755 summam
2503 701 2897 772 benignitatem
2927 711 2982 757 et
3015 703 3368 758 clementiam
3405 708 3656 776 uingcni-

2075 795 2163 843 tus
2189 790 2358 844 Filius
2387 799 2513 845 tuus
2548 801 2850 862 acceptam,
2889 793 2942 846 in
2969 794 3124 848 ccelis
3156 810 3258 864 pro
3281 797 3440 850 nobis
3463 797 3650 865 habet,

2067 881 2141 936 ad
2165 893 2373 936 certam
2402 882 2528 936 inde
2561 883 2722 938 nobis
2757 901 2908 954 spem
2934 885 3128 941 salutis
3159 888 3520 956 praestandam
3553 907 3566 943 :
3597 903 3654 945 et

2072 987 2161 1033 ne.
2190 973 2403 1042 abiecta
2443 975 2636 1029 salutis
2678 991 2794 1044 spe.
2821 977 3038 1046 pejores
3063 977 3392 1046 evadamus;
3426 989 3653 1050 propter

2070 1065 2192 1135 ejus
2219 1065 2540 1136 sanguinem
2565 1082 2726 1136 quem
2749 1068 2946 1123 effudit
2969 1084 3070 1139 pro
3093 1071 3285 1126 mundi
3315 1073 3430 1127 vita
3464 1091 3476 1126 :
3524 1090 3652 1143 pro-

2071 1165 2195 1225 pter
2220 1158 2340 1228 ejus
2369 1169 2586 1213 sanctos
2606 1161 2884 1228 apostolos
2906 1168 2964 1216 et
2991 1172 3276 1234 martyres,
3293 1165 3387 1234 qui
3412 1180 3512 1234 pro
3531 1166 3650 1236 ejus
3758 1189 3773 1204 ο

2069 1249 2292 1302 nomine
2332 1249 2615 1318 proprium
2654 1252 2977 1322 sanguinem
3024 1251 3340 1308 eﬁ‘uderunt
3372 1271 3384 1306 :
3422 1264 3649 1324 propter

2069 1350 2289 1396 sanctos
2317 1344 2613 1412 prophetas
2644 1355 2699 1398 et
2729 1345 2919 1400 Patres
2950 1355 3005 1402 et
3041 1346 3404 1416 patriarchas,
3431 1349 3548 1418 qui,
3587 1357 3649 1402 ut

2068 1433 2277 1487 nomini
2306 1443 2495 1488 sancto
2519 1443 2614 1489 tuo
2640 1435 2942 1504 placerent,
2961 1452 3177 1491 omnem
3203 1453 3424 1508 Operam
3451 1455 3648 1509 posue-

2067 1533 2215 1578 runt.
2262 1523 2340 1577 Ne
2378 1524 2699 1594 despexeris
2738 1526 3042 1580 orationem
3081 1535 3346 1590 nostram,
3393 1527 3642 1590 Domine,

2065 1628 2244 1682 neque
2286 1614 2638 1684 derelinquas
2675 1631 2776 1670 nos
2807 1617 2861 1670 in
2896 1616 3137 1671 finem“.
3164 1618 3353 1687 Neque
3393 1619 3540 1674 enim
3587 1619 3644 1672 in

2059 1704 2292 1774 justitiis
2329 1706 2535 1760 nostris
2566 1705 2825 1760 ﬁduciam
2867 1707 3154 1774 habemus,
3195 1708 3290 1763 sed
3333 1709 3388 1763 in
3420 1709 3644 1765 miseri-

2063 1796 2254 1850 cordia
2297 1805 2411 1861 tua,
2451 1812 2516 1851 ex
2559 1811 2666 1866 qua
2702 1797 2944 1852 humano
2983 1797 3170 1867 generi
3207 1814 3396 1854 curam
3431 1800 3645 1869 impen-

2062 1888 2149 1943 dis
2179 1889 2242 1942 ¹⁸.
2283 1888 2571 1958 Supplices
2615 1904 2872 1960 rogamus
2905 1896 2962 1943 et
3002 1890 3360 1944 obsecramus
3393 1891 3645 1963 benigni-

2062 1989 2229 2035 tatem
2286 1989 2458 2043 tuam,
2497 1997 2567 2036 ne
2617 1981 2765 2051 quod
2813 1982 3132 2052 unigenitus
3180 1982 3351 2038 Filius
3404 1990 3533 2039 tuus
3584 1985 3640 2039 in

2061 2074 2296 2128 salutem
2343 2072 2507 2128 nobis
2547 2071 2961 2143 dispensatione
3005 2075 3327 2144 mysterium
3357 2077 3546 2145 gessit,
3584 2077 3640 2130 in

2055 2164 2324 2235 judicium
2359 2172 2629 2227 vertatur,
2665 2170 2723 2218 et
2753 2179 2823 2218 ne
2855 2164 3115 2234 projicias
3146 2181 3247 2219 nos
3284 2182 3314 2220 a
3355 2166 3494 2222 facie
3526 2177 3635 2222 tua.

2058 2259 2138 2312 Ne
2179 2258 2434 2328 indignos
2467 2271 2570 2311 nos
2614 2255 2974 2320 abomineris,
3018 2256 3115 2311 sed
3160 2258 3426 2314 miserere
3461 2262 3638 2316 nostri

2058 2350 2362 2405 secundum
2397 2363 2650 2419 magnam
2685 2347 3120 2413 misericordiam
3151 2358 3320 2416 tuam,
3349 2360 3406 2405 et
3436 2366 3635 2407 secun-

2057 2441 2187 2494 dum
2235 2439 2646 2494 multitudinem
2686 2437 3101 2493 miserationum
3139 2448 3360 2495 tuarum
3402 2443 3639 2499 transfer

2056 2541 2282 2603 peccata
2317 2539 2507 2587 nostra
2546 2531 2612 2596 ίθ,
2635 2538 2697 2584 ιιι
2726 2531 3029 2586 indemnati
3066 2549 3129 2587 ac
3152 2534 3360 2604 judicio
3390 2536 3553 2590 soluti
3579 2536 3639 2594 in

2055 2631 2412 2693 conspectum
2449 2631 2653 2678 sanctae
2694 2623 2882 2693 gloriae
2925 2632 3031 2678 tuae
3073 2624 3378 2691 venientes,
3419 2641 3629 2682 merea-

2055 2731 2181 2771 mur
2211 2715 2480 2786 unigeniti
2527 2713 2653 2769 Filii
2677 2713 2772 2768 tui
2806 2716 3036 2770 numine
3071 2718 3322 2788 protegi;
3360 2734 3542 2788 neque
3576 2728 3636 2774 ut

2053 2812 2201 2868 servi
2245 2825 2505 2881 nequam,
2556 2825 2664 2879 qua
2711 2808 3022 2878 premimur
3063 2819 3418 2880 peccatorum
3467 2812 3632 2875 mole,

2053 2902 2354 2959 eiiiciamnr
2371 2899 2836 2971 reprobi.Quaeso,
2855 2899 2988 2956 here
3006 2901 3358 2972 omnipotens
3379 2902 3636 2968 Domine,

2053 2994 2251 3052 exaudi
2291 2994 2602 3049 orationem
2660 3001 2928 3058 nostram,
2973 2992 3103 3062 quia
3138 3002 3292 3048 extra
3329 3003 3382 3048 te
3419 2996 3636 3050 nullum

373 3093 470 3131 σου
512 3079 691 3151 δόξης,
718 3082 1036 3156 ἀξιωθῶμεν
1082 3087 1180 3157 τῆς
1232 3086 1441 3155 σκέπης
1491 3087 1584 3142 τοῦ
1627 3089 1946 3161 μονογενοῦς

2057 3087 2224 3142 alium
2267 3085 2525 3140 novimus
2573 3083 2638 3136 ".
2686 3082 2899 3138 Nomen
2941 3090 3097 3136 tuum
3151 3082 3521 3139 invocamus:
3573 3092 3634 3140 tu

373 3184 486 3222 σου·
505 3170 659 3237 Υίοῦ,
685 3175 777 3227 καὶ
811 3175 886 3246 μὴ
909 3176 984 3250 ὼς
1011 3177 1188 3232 δοῦλοι
1216 3179 1446 3251 πονηροὶ
1472 3182 1591 3244 ταῖς
1621 3181 1942 3252 ἁμαρτίαις,

369 3260 692 3334 ἀποδόιιιμοι
721 3263 831 3337 [Fr.
861 3266 1037 3322 δοῦλοι
1063 3271 1358 3341 ἁμαρτίας,
1391 3271 1736 3346 ἀποδόκιμοι]
1777 3273 1948 3343 γενώ-

373 3352 534 3421 μεθα.
568 3355 695 3421 Ναὶ,
731 3359 980 3414 Δέσποτα
1011 3362 1387 3434 παντοδῦναμε
1415 3365 1607 3436 Κύριε,
1626 3366 1944 3420 εἰσάκουσον

366 3443 469 3511 τῆς
510 3445 749 3518 δεήσεως
775 3451 953 3520 ἡμῶν,
989 3454 1071 3507 ὅτι
1096 3455 1255 3520 ἐκτὸς
1282 3457 1376 3510 σοῦ
1398 3458 1555 3512 ἄλλον
1573 3458 1672 3513 οὐκ
1699 3459 1941 3530 οἴδαμεν.

367 3535 444 3588 To
473 3537 644 3608 ὄνομά
676 3557 768 3594 σου
794 3543 1152 3614 ὀνομάζομεν·
1199 3546 1264 3599 σὺ
1311 3549 1419 3618 γὰρ
1450 3543 1502 3601 εἷ
1539 3551 1568 3603 ὁ
1606 3551 1845 3621 ἐνεργῶν
1875 3550 1946 3603 τὰ

368 3626 550 3681 πάντα
582 3631 640 3684 ἐν
679 3634 835 3697 πᾶσι,
875 3635 973 3689 καὶ
1007 3637 1108 3708 τὴν
1155 3638 1306 3710 παρὰ
1352 3639 1447 3693 σοῦ
1501 3641 1699 3704 πάντες
1749 3643 1944 3712 ἐπιζη-

365 3719 570 3789 τοῦμεν
593 3720 869 3794 βοήθειαν.
919 3726 1244 3799 Ἐπίὸλεψον
1294 3725 1390 3786 οὗν
1445 3734 1510 3785 ἐκ
1554 3732 1649 3785 τοῦ
1689 3733 1943 3803 οὐρανοῦ,

367 3809 563 3880 Κύριε,
604 3814 700 3866 καὶ
744 3815 819 3868 ίδε
876 3817 940 3872 ἐκ
977 3818 1071 3872 τοῦ
1105 3820 1254 3874 οἴκου
1296 3821 1394 3892 τῆς
1432 3821 1593 3891 ἁγίας
1632 3823 1792 3895 δόξης
1825 3842 1940 3881 σου.

365 3897 480 3952 Ποῦ
507 3901 654 3956 ἐστιν
686 3904 716 3957 ὀ
744 3904 904 3976 ζῆλός
931 3925 1024 3964 σου
1061 3911 1156 3965 καὶ
1197 3913 1230 3982 ἡ
1263 3911 1414 3983 ἰσχύς
1443 3929 1561 3980 σονς
1597 3914 1708 3968 Ποῦ
1741 3915 1857 3970 ἐστι
1883 3917 1946 3972 τὸ

365 3989 575 4058 πλῆθος
611 3993 704 4048 τοῦ
736 3995 920 4063 ἐλέους
956 4017 1050 4054 σου
1089 4002 1185 4055 καὶ
1232 4003 1342 4056 τῶν
1377 4005 1685 4077 οἰκτιρμῶν
1717 4025 1836 4075 σου,
1861 4009 1943 4064 ὅτι

363 4081 595 4153 ἠνέσχες
637 4086 738 4156 τῆς
783 4089 1043 4153 πτώσεως
1078 4093 1238 4162 ήμῶν
1263 4094 1370 4159 ;Σὺ
1412 4097 1521 4167 γὰρ
1551 4097 1709 4168 ἡμῶν
1752 4096 1806 4154 εί
1834 4103 1946 4155 Πα-

363 4175 491 4246 τὴρ,
525 4177 606 4231 ὅτι
653 4179 905 4251 Ἀϐραὰμ
937 4183 1036 4237 οὐκ
1065 4185 1210 4250 ἔγνω
1256 4189 1426 4257 ἡμᾶς,
1456 4190 1551 4242 καὶ
1597 4191 1815 4263 Ἰσραὴλ
1844 4192 1944 4246 οὐκ

364 4266 582 4335 ἐπέγνω
623 4270 790 4340 ἡμᾶς’
819 4272 956 4325 ἀλλὰ
1008 4275 1095 4339 σὺ,
1144 4276 1340 4347 Κύριε,
1374 4277 1566 4349 Πατὴρ
1591 4279 1746 4350 ἡμῶν
1782 4281 1943 4353 ῥῦσαι

363 4356 532 4424 ἡμᾶς,
563 4357 644 4410 δτι
667 4359 763 4412 ἀπ’
793 4361 969 4432 ἀρχῆς
991 4364 1052 4417 τὸ
1075 4364 1246 4435 ὄνομά
1277 4383 1369 4419 σου
1403 4367 1465 4421 τὸ
1493 4367 1648 4436 ἅγιον
1677 4370 1762 4439 ἐφ’
1794 4373 1944 4442 ἡμᾶς

361 4447 505 4511 ἐστι,
541 4448 637 4510 καὶ
681 4449 774 4503 τοῦ
821 4455 1145 4522 μονογενοῦς
1197 4474 1290 4510 σου
1335 4457 1489 4522 Υίοῦ,
1530 4459 1622 4513 καὶ⁵
1658 4461 1752 4514 τοῦ
1782 4462 1939 4531 ἁγίου

2057 4475 2206 4530 verte,
2268 4462 2508 4521 Domine.
2552 4475 2726 4514 servos
2776 4465 2892 4511 tuos
2958 4459 3026 4522 “,

363 4555 460 4593 σου
492 4541 826 4612 Πνεῦματος.
859 4547 924 4599 Τί
953 4548 1266 4618 ἐπλάνησας
1293 4551 1460 4621 ἡμᾶς,
1491 4551 1686 4622 Κύριε,
1713 4555 1820 4608 ἀπὸ
1840 4556 1940 4625 τῆς

359 4631 482 4686 ὁδοῦ
514 4649 627 4687 σου’
667 4636 743 4708 μὴ
775 4640 1071 4715 παιδεύσῃς
1102 4644 1248 4713 ἡμᾶς
1287 4648 1352 4715 τῇ
1385 4645 1564 4718 ῥάϐδῳ
1588 4631 1699 4701 τῶν
1732 4653 1936 4721 χριμά-

359 4740 472 4778 των
500 4743 616 4782 σου.
658 4729 720 4783 Τί
754 4729 1143 4802 ἐσκλήρυνας
1190 4736 1360 4804 ἡμῶν
1402 4741 1505 4805 τὰς
1535 4741 1800 4809 καρδίας,
1831 4743 1938 4798 τοῦ

357 4817 443 4886 μὴ
480 4820 794 4900 ςξοόεῐσθαί
830 4839 945 4890 0's;
980 4827 1378 4898 ἐγκατέλειψας
1416 4833 1563 4900 ἡμᾶς
1614 4836 1676 4902 τῇ
1718 4835 1941 4888 αὐτονο-

362 4907 465 4980 μίᾳ
488 4909 588 4980 τῆς
627 4911 875 4983 πλάνης;
923 4914 1349 4985 Ἐπίστρεψον,
1387 4919 1591 4988 Κύριε,
1625 4922 1765 4989 τοὺς
1806 4924 1943 4979 δού-

355 5003 509 5066 λους
565 5017 703 5068 σου,
766 5003 855 5058 διὰ
925 5006 1024 5076 τὴν
1055 5007 1216 5074 ἁγίαν
1289 5025 1382 5061 σου
1427 5011 1751 5081 Ἐκκλησίαν
1780 5031 1793 5044 ⁸
1855 5017 1943 5071 διὰ

2054 3179 2261 3250 quippe
2305 3191 2368 3232 es
2406 3175 2502 3246 qui
2545 3172 2730 3229 omnia
2780 3173 2838 3227 in
2886 3173 3146 3228 omnibus
3186 3175 3433 3243 operaris
3475 3176 3538 3239 ιθ,
3567 3191 3635 3230 ac

2053 3279 2208 3326 tuum
2239 3283 2431 3324 onmes
2474 3264 2740 3327 auxilium
2779 3265 3096 3334 qumrimus.
3137 3265 3333 3336 Aspice
3363 3267 3531 3337 igitur
3562 3268 3634 3324 de

2052 3365 2214 3428 ccelo,
2233 3361 2484 3426 Domine,
2518 3369 2575 3414 et
2600 3357 2728 3412 vide
2765 3357 2834 3412 de
2871 3357 3186 3412 habitacqu
3217 3369 3418 3415 sanctae
3444 3360 3635 3430 glorias

2051 3467 2178 3514 tuae.
2216 3454 2321 3512 Ubi
2361 3460 2446 3508 est
2483 3449 2762 3506 mmulatio
2811 3459 2902 3504 tua
2949 3456 3007 3503 et
3048 3447 3315 3506 fortitudo
3351 3451 3500 3506 tua?»
3524 3450 3630 3508 Ubi

2050 3557 2135 3605 est
2186 3543 2483 3600 multitudo
2524 3539 2921 3596 misericordiae
2967 3549 3071 3595 tute
3109 3548 3166 3595 et
3215 3541 3634 3598 miserationum

2053 3648 2293 3702 tuarum,
2341 3633 2489 3706 quod
2528 3631 2840 3688 sustinuisti
2881 3645 2984 3684 nos
3024 3632 3241 3686 ruinam
3282 3631 3503 3688 facere?
3548 3635 3632 3690 Tu

2050 3731 2199 3788 enim
2225 3745 2285 3785 es
2317 3729 2479 3783 Pater
2512 3733 2722 3788 noster,
2752 3721 2880 3792 quia
2909 3721 3200 3777 Abraham
3223 3739 3336 3778 non
3369 3728 3634 3796 cognovit

2050 3839 2173 3887 nos,
2189 3832 2244 3878 et
2258 3820 2424 3877 Israel
2446 3833 2549 3872 nos
2569 3831 2679 3870 non
2702 3814 2953 3886 agnovit:
2978 3814 3072 3869 sed
3095 3822 3172 3878 tu,
3193 3815 3448 3880 Domine,
3469 3818 3631 3874 Pater

2049 3923 2261 3980 noster,
2292 3911 2466 3967 libera
2507 3923 2629 3972 nos,
2665 3921 2832 3976 super
2853 3921 2994 3975 quos
3017 3905 3281 3960 nimirum
3307 3923 3338 3962 a
3355 3908 3632 3979 principio

2049 4021 2251 4062 nomen
2280 4009 2542 4068 sanctum,
2562 4007 2742 4062 tuum,
2773 4005 2836 4065 et
2865 3996 3136 4068 unigeniti
3167 3997 3288 4052 Filii
3315 3999 3394 4053 tui
3423 4001 3629 4055 sancti-

2050 4113 2159 4170 que
2192 4095 2434 4168 Spiritus
2471 4101 2575 4147 est.
2613 4089 2724 4145 Cur
2756 4105 2945 4145 errare
2987 4104 3089 4144 nos
3116 4089 3295 4144 fecisti
3329 4106 3360 4144 a
3386 4091 3478 4146 via
3511 4101 3626 4155 tua,

2049 4189 2320 4246 Domine?
2373 4203 2440 4242 ne
2506 4183 2772 4252 corripias
2821 4197 2923 4236 nos
2977 4181 3033 4235 in
3083 4181 3236 4252 virga
3291 4183 3643 4254 judiciorum-

2053 4292 2274 4339 tuorum
2313 4281 2378 4333 ¹⁹.
2413 4279 2474 4334 Ut
2501 4277 2626 4348 quid
2652 4276 2917 4330 indurasti
2945 4276 3105 4330 corda
3139 4283 3340 4342 nostra,
3375 4294 3441 4331 ne
3479 4281 3630 4332 time-

2054 4392 2228 4430 remus
2254 4383 2302 4427 te
2330 4373 2415 4425 '°?
2447 4369 2794 4438 dereliquisti
2825 4383 2932 4422 nos
2962 4368 3202 4424 licentiae
3223 4370 3466 4425 erroris?
3493 4370 3630 4425 Con-

3090 4470 3315 4529 propter
3377 4471 3645 4517 sanctaru-

2047 4553 2350 4610 Ecclesiam
2389 4560 2537 4606 tuam
2582 4567 2593 4578 ·
2632 4556 2859 4618 propter
2895 4557 3118 4604 sanctos
3147 4565 3339 4605 omnes
3371 4553 3464 4620 qui
3506 4552 3628 4606 fue-

2049 4657 2178 4701 runt
2199 4661 2229 4698 a
2261 4630 2554 4705 smeulogit
2581 4640 2838 4694 modicum
2875 4640 3002 4710 quid
3025 4641 3330 4695 haereditate
3359 4644 3627 4710 possidea-

2045 4756 2158 4793 mus
2172 4738 2358 4790 montis
2374 4734 2542 4788 sancti
2557 4733 2650 4785 tui.
2666 4731 2834 4802 388
2847 4731 3149 4786 Adversarii
3169 4734 3335 4786 nostri
3354 4733 3640 4789 conculca-

2045 4836 2229 4885 verunt
2285 4826 2652 4881 sanctuarium
2707 4831 2856 4875 tuum
2913 4839 2931 4876 :
2997 4823 3124 4892 facti
3178 4840 3360 4878 sumus
3411 4825 3546 4879 sicut
3593 4845 3628 4880 a

2047 4921 2324 4993 principio,
2364 4934 2483 4971 cum
2527 4932 2631 4970 non
2669 4914 3023 4968 dominareris
3070 4922 3256 4982 nostri,
3299 4932 3393 4970 nec
3435 4933 3628 4971 nomen

2051 5025 2201 5067 tuum
2229 5012 2530 5064 invocatum
2562 5017 2692 5062 esset
2717 5021 2876 5064 super
2905 5020 2998 5058 nos
3032 5006 3098 5059 ".

361 5093 570 5158 πάντας
628 5095 754 5160 τοὺς
792 5099 888 5150 ἀπ’
934 5098 1132 5162 αἰῶνος
1194 5101 1382 5168 ἁγίους
1458 5121 1573 5167 σου,
1619 5105 1704 5158 ἵνα
1742 5110 1960 5177 μικρὸν
2000 5104 2556 5176 κληρονομήσωμεν
2607 5098 2714 5152 τοῦ
2769 5099 2945 5166 ὄρους
3000 5096 3107 5150 τοῦ
3135 5097 3307 5166 ἁγίου
3360 5115 3498 5155 σου.
3562 5101 3629 5154 Ol

355 5187 707 5240 ὑπεναντίοι
761 5188 931 5258 ἡμῶν
986 5191 1416 5259 κατεπάτησαν
1451 5195 1518 5248 τὸ
1558 5196 1824 5268 ἁγίασμα
1880 5219 2033 5257 σουο
2082 5199 2402 5272 ἐγενόμεοα
2454 5193 2532 5258 ὡς
2589 5190 2655 5243 τὸ
2701 5188 2803 5244 ἀπ’
2889 5187 3082 5258 ἀρχῆς
3140 5190 3240 5243 ὅτε
3280 5193 3388 5246 οὐκ
3437 5190 3628 5263 ἦρξας

355 5273 546 5344 ἡμῶν,
585 5277 729 5330 οὐδὲ
763 5279 1072 5349 ἐπεκλήθη
1094 5281 1162 5335 τὸ
1194 5283 1382 5352 ὄνομά
1415 5300 1530 5340 σου
1556 5287 1648 5355 ἐφ’
1675 5291 1851 5360 ἡμᾶς.

426 5368 530 5438 λη’.
567 5371 707 5426 Ἐὰν
726 5375 979 5443 ἀνοίξῃς
1011 5377 1118 5431 τὸν
1153 5381 1433 5448 οἰφανὸν,
1489 5384 1700 5453 τρόμος
1740 5387 1932 5456 λήψε-

356 5475 451 5512 ται
474 5460 595 5515 ἀπὸ
622 5463 738 5517 σοῦ
768 5463 896 5533 ὅρη,
939 5467 1038 5520 καί
1069 5470 1435 5537 τακήσονται
1469 5474 1550 5538 ὡς
1601 5479 1784 5544 κηρὸς
1811 5480 1931 5533 ἀπὸ

2111 5385 2199 5439 ‘58.
2227 5382 2283 5438 Si
2319 5381 2590 5451 aperueris
2621 5377 2831 5443 caelum,
2866 5386 3063 5432 tremor
3097 5396 3128 5433 α
3161 5387 3210 5433 te
3235 5386 3436 5433 montes
3459 5383 3626 5436 corri-r

2042 5478 2165 5546 piet,
2196 5485 2243 5528 et
2269 5473 2553 5541 liquescent
2579 5472 2711 5525 sicut
2734 5486 2857 5524 cera
2883 5487 2915 5523 a
2933 5470 3069 5540 facte
3084 5472 3220 5544 ignis
3245 5487 3262 5525 :
3283 5471 3625 5544 incendetque

353 5550 685 5618 προσώπου
717 5555 822 5610 τοῦ
854 5560 1044 5628 πυρός
1063 5574 1080 5592 ⁸
1115 5561 1211 5615 καί
1244 5567 1607 5619 κατακαύσει
1642 5569 1760 5635 πῦρ
1789 5570 1930 5635 τοὺς

2057 5571 2171 5640 griis
2214 5565 2581 5630 adversarios;
2625 5573 2674 5618 et
2727 5564 3057 5618 tremendum
3106 5566 3205 5618 erit
3246 5581 3432 5620 nomen
3472 5578 3620 5620 tuum

434 5689 477 5720 "
500 5689 644 5744 Psal.
665 5695 956 5773 txnvm,§
980 5769 994 5773 _
1049 5700 1100 5773 1’
1127 5701 1259 5755 ibid.
1289 5703 1342 5756 9.
1419 5705 1462 5735 "
1491 5706 1632 5760 Psal.
1666 5724 1767 5771 LIV,
1794 5709 1862 5768 2;
1903 5725 2044 5773 XLIII,
2077 5709 2168 5762 23.

2285 5706 2328 5738 ¹⁸
2362 5707 2495 5760 Dan.
2546 5720 2619 5769 lx,
2655 5705 2738 5758 18.
2852 5705 2894 5736 ¹⁶
2925 5705 3068 5759 Psal.
3101 5722 3152 5769 ι,
3190 5704 3244 5769 2,
3275 5704 3358 5758 15.
3445 5705 3483 5737 ’⁷
3520 5703 3619 5757 Es-

361 5759 486 5816 ther
519 5777 632 5817 xm.
664 5762 717 5822 9.
750 5764 830 5818 i7.
912 5767 952 5799 ¹⁸
980 5769 997 5822 1
1031 5768 1157 5826 Cor.
1190 5788 1283 5841 xu,
1315 5773 1366 5828 6.
1446 5775 1482 5806 ¹⁹
1512 5775 1613 5832 Isa.
1643 5759 1949 5847 ίχηὶξιὶςέῐ

2081 5759 2446 5834 ἶθγζιοιηριῐιίιι.
2477 5776 2566 5830 24.
2609 5759 2683 5806 ’²¹
2724 5775 2822 5830 lsa.
2861 5791 2968 5835 L1H.
3004 5777 3086 5831 i7.
3139 5759 3150 5769 ”
3174 5759 3373 5831 "ibid.
3406 5775 3492 5842 i8,
3527 5778 3614 5830 lU.
