4128 6210
448 283 550 351 947
1601 295 1662 355 S.
1701 297 1989 361 MAXIMI

2123 302 2538 364 NFESSURIS
3609 298 3723 367 948

437 399 781 456 aduersariis.
817 396 949 454 Cum
976 399 1160 468 feceris
1186 398 1440 471 gloriosa,
1466 420 1497 456 a
1536 413 1585 457 te
1619 416 1821 463 montes
1849 419 2022 465 terror

2125 414 2529 479 ὑπεναντίους
2549 429 2564 445 ο
2619 409 2717 466 καὶ
2762 409 3017 481 ,φοϐερὸν
3040 408 3215 465 ἔσται
3258 406 3325 462 τὸ
3375 406 3563 479 ὄνομὰ
3595 427 3724 467 σου

439 491 704 560 corripiet.
732 489 776 544 Α
804 487 994 544 sa'culo
1019 505 1123 543 non
1149 492 1468 559 audivimus,
1489 511 1582 551 nec
1612 498 1857 553 viderunt
1878 501 2018 556 oculi

2123 505 2246 572 τοῖς
2268 501 2677 569 ὑπεναντίοις.
2726 501 2914 555 Ὅταν
2960 498 3150 567 ποιεῖς
3195 498 3267 554 τὰ
3298 498 3541 564 ἔνδοξα,
3577 501 3719 569 τρό-

436 583 603 637 nostri
634 580 799 634 Deum
827 590 1021 651 praeter
1055 590 1124 636 te.
1168 582 1240 638 Et
1279 600 1442 654 opera
1484 595 1598 651 tua,
1634 606 1752 660 quae
1780 592 2020 661 facturus

2123 613 2230 667 μος
2254 594 2517 664 λήψεται
2546 592 2667 649 ἀπὸ
2699 591 2819 646 σοῦ
2851 591 2982 661 ὅρη.
3026 591 3169 646 Ἀπὸ
3198 588 3304 645 τοῦ
3346 588 3568 658 αἰῶνος
3601 593 3721 647 οὐκ

436 691 488 728 es
526 674 903 728 sustinentibus
942 675 1377 744 misericordiam,
1428 679 1534 735 illis
1578 683 1883 752 obviabunt,
1931 688 2022 758 qui

2123 688 2492 756 ἠκούσαμεν,
2543 685 2688 740 οὐδὲ
2728 686 2783 739 οι
2831 684 3128 753 ὀφθαλμοὶ
3170 680 3340 752 ἡμῶν
3364 681 3499 737 ἴδον
3541 683 3713 749 Θεὸν,

433 767 696 836 justitiam
728 764 952 834 faciunt,
973 783 1036 820 ac
1068 768 1277 823 viarum
1304 780 1518 826 tuarum
1551 784 1706 829 erant
1742 793 2018 833 memores.

434 858 569 921 Ecce
600 864 657 910 tu
698 858 868 913 iratus
909 874 983 923 es,
1024 867 1072 913 et
1114 876 1208 915 nos
1253 864 1580 932 peccavimus
1623 868 1690 919 ³³.
1739 867 2020 936 Quinimo,

428 959 789 1029 peccavimus
828 974 952 1024 nos,
993 968 1052 1015 et
1095 971 1154 1017 tu
1194 976 1255 1018 es
1299 963 1476 1021 iratus
1514 984 1528 1019 :
1577 965 1779 1023 Idcirco
1816 970 2022 1024 erravi-

438 1068 573 1116 mus,
599 1060 649 1107 et
680 1051 808 1122 facti
829 1068 1012 1107 sumus
1043 1054 1305 1108 immundi
1343 1073 1436 1111 nos
1462 1073 1640 1113 omnes
1661 1076 1680 1114 :
1714 1061 1848 1115 sicut
1884 1078 2023 1132 pan-

432 1159 535 1202 nus
560 1150 906 1199 menstruam
941 1146 1111 1199 omnis
1144 1145 1359 1215 justitia
1396 1158 1601 1213 nostra,
1635 1159 1689 1204 et
1725 1152 1858 1206 sicut
1893 1152 2025 1221 {alia

431 1234 753 1302 deﬂuximus
786 1244 1002 1306 propter
1026 1234 1227 1290 scelera
1252 1246 1473 1305 nostra;
1499 1240 1573 1295 sic
1596 1252 1778 1309 ventus
1816 1246 2025 1313 auferet

434 1337 550 1387 nos,
590 1331 640 1379 et
679 1339 785 1377 non
818 1333 895 1378 est
924 1326 1013 1395 qui
1050 1327 1251 1381 invocet
1287 1345 1477 1393 nomen
1506 1340 1677 1398 tuum,
1703 1339 1753 1385 et
1783 1334 1871 1403 qui
1914 1349 2025 1386 me-

435 1431 553 1470 mor
572 1417 661 1482 sit,
687 1424 744 1471 ut
775 1417 1157 1488 apprehendat.
1187 1419 1257 1474 Et
1303 1422 1541 1476 avertisti
1594 1423 1783 1493 faciem
1815 1433 1965 1479 tuam
1993 1442 2027 1480 α

435 1505 604 1573 nobis,
649 1516 702 1561 et
746 1509 1014 1563 tradidisti
1061 1527 1155 1565 nos
1196 1522 1414 1585 prapter
1450 1523 1665 1585 peccata
1710 1525 1914 1570 nostra.
1958 1502 2059 1574 Et.

436 1614 598 1662 nsunc,
624 1597 870 1666 Domine,
897 1599 1063 1656 Pater
1087 1612 1268 1657 noster
1292 1620 1345 1658 es
1381 1613 1436 1658 tu
1455 1621 1473 1658 :
1504 1621 1598 1658 nos
1632 1614 1811 1659 autem
1848 1622 2027 1661 omnes

439 1687 631 1754 lutum,
678 1706 808 1761 opus
856 1709 1114 1749 manuum
1161 1704 1398 1750 tuarum.
1451 1697 1530 1752 Ne
1580 1698 1835 1754 irascaris
1879 1697 2027 1752 nobis

2122 779 2290 848 πλὴν
2312 779 2450 834 σοῦ.
2479 778 2588 833 Kal
2614 778 2689 832 τὰ
2713 775 2859 848 ἔργα
2880 791 3020 843 σου,
3047 776 3087 830 d
3107 775 3386 842 ποιήσεις
3409 774 3534 842 τοῖς
3562 778 3716 830 tino-

2116 872 2415 944 μένουσιν
2440 871 2617 925 ἔλεον
2644 887 2658 902 ·
2696 869 3152 937 συναντήσεται
3175 869 3285 939 γὰρ
3322 869 3448 935 τοῖς
3471 869 3717 924 ποιοῦσι

2123 964 2189 1017 τὸ
2242 962 2497 1029 δίκαιον,
2551 963 2647 1017 καὶ
2700 960 2821 1016 τῶν
2867 962 3029 1017 ὁδῶν
3074 975 3192 1016 σου
3228 959 3713 1031 μνησθήσονται.

2136 1053 2291 1111 Ἰδοὺ
2319 1054 2403 1109 σὺ
2429 1055 2748 1126 ὠργίσθης.
2787 1055 2887 1109 καὶ
2928 1053 3100 1123 ἡμεῖς
3142 1053 3504 1123 ἡμάρτομεν.
3561 1053 3715 1109 Μᾶλ-

2122 1146 2214 1201 λον
2265 1147 2322 1201 δὲ
2356 1148 2516 1219 ἡμεῖς
2562 1147 2904 1218 ἡμάρτομεν,
2944 1136 3062 1201 ’καὶ
3122 1148 3187 1201 σὺ
3243 1146 3561 1218 ὠργὶσϐης’
3615 1144 3720 1201 Διὰ

2123 1237 2301 1292 τοῦτο
2338 1236 2788 1306 ἑπλανὴθημεν,
2816 1237 2915 1290 καὶ
2958 1235 3331 1306 ἐγενήθημεν
3348 1234 3431 1302 ὠς
3458 1234 3720 1304 ἀκάθαρ-

2124 1348 2214 1386 τοι
2243 1331 2466 1398 πάντες
2492 1331 2664 1401 ἡμεῖς
2684 1348 2696 1361 ·
2723 1332 2805 1397 ὠς
2825 1330 3017 1399 ῥάκος
3050 1330 3523 1401 ἀποκαθημένης
3541 1327 3714 1391 πᾶσα

2126 1425 2165 1491 ἡ
2194 1423 2551 1491 δικαιοσύνη
2585 1421 2769 1492 ἡμῶν·
2795 1422 2893 1476 καὶ
2922 1422 3225 1493 ὲρρύημεν
3258 1421 3340 1488 ὡς
3389 1422 3598 1491 φύλλα
3621 1420 3721 1475 διὰ

2127 1514 2235 1580 τὰς
2283 1513 2537 1582 ἀνομίας
2588 1511 2775 1583 ἡμῶν,
2817 1512 3007 1579 οὕτως
3238 1510 3441 1584 ὅντως]
3495 1510 3720 1582 ἄνεμος

2126 1604 2281 1659 οἴσει
2316 1601 2495 1673 ἡμᾶς,
2542 1604 2641 1657 καὶ
2696 1606 2809 1658 οὐκ
2854 1604 3029 1658 ἐστιν
3074 1606 3110 1658 ό
3145 1603 3623 1673 ἐπικαλούμενος
3651 1602 3720 1657 τὸ

2130 1696 2320 1767 ὄνομά
2366 1712 2506 1764 σου,
2552 1696 2653 1750 καὶ
2709 1699 2743 1751 ό
2790 1695 3089 1766 μνησθεὶς
3114 1694 3548 1757 ἀντιλαϐέσθαι
3574 1711 3719 1751 σου.

435 1781 625 1848 valde;
658 1792 706 1837 et
724 1800 796 1837 ne
812 1785 868 1838 in
891 1793 1122 1857 tempore
1151 1790 1451 1845 memineris
1470 1799 1803 1860 peccatorum
1824 1780 2023 1845 nostro-

2126 1790 2241 1849 Kal
2275 1789 2665 1860 ἀπέστρεψας
2721 1790 2788 1843 τὸ
2842 1790 3172 1858 πρόσωπόν
3207 1805 3324 1845 σου
3373 1788 3476 1857 ἀφ’
3521 1787 3719 1857 ἡμῶν,

435 1890 575 1931 rum.
617 1875 687 1931 Et
721 1893 862 1931 zmnc
903 1881 1079 1949 aspice
1110 1879 1251 1950 quod
1282 1897 1379 1935 nos
1412 1898 1591 1936 omnes
1631 1880 1857 1953 populus
1899 1890 2022 1937 tuus

433 1983 615 2022 sumus
644 1983 664 2021 :
702 1971 884 2025 civitas
906 1972 1078 2025 sancti
1115 1973 1192 2026 tui
1217 1970 1345 2029 Sion
1370 1972 1578 2029 deserta
1602 1982 1677 2027 est
1705 1990 1723 2029 :
1758 1982 1815 2029 ut
1844 1973 2024 2027 deser—

437 2068 551 2113 tam
566 2060 716 2129 facta
752 2072 826 2116 est
859 2062 1181 2118 Jerusalem.
1216 2064 1283 2118 In
1320 2064 1747 2125 maledictionem
1773 2065 1916 2134 facta
1944 2072 2025 2123 est

436 2163 622 2223 (tomus
643 2164 815 2221 sancti
835 2165 1025 2229 nostri,
1045 2180 1107 2219 ac
1125 2164 1325 2235 gloria,
1344 2167 1428 2220 cui
1444 2165 1824 2221 benedixerunt
1848 2180 2026 2238 patres

436 2254 623 2320 nostri,
658 2255 769 2324 igni
802 2270 1054 2313 succensa
1095 2264 1193 2322 est,
1230 2265 1524 2327 cunctaque
1560 2256 1764 2329 inclyta
1806 2273 2023 2312 corrue-

434 2352 581 2399 runt.
617 2342 688 2403 Et
732 2345 789 2398 in
824 2345 903 2400 his
948 2346 1189 2423 omnibus
1226 2348 1544 2412 sustinuisti,
1573 2347 1819 2413 Domine,
1850 2357 1901 2402 et
1935 2355 2022 2402 ta-

433 2438 608 2504 cuisti,
634 2454 831 2509 uosque
854 2436 1010 2494 valde
1038 2438 1338 2495 humiliasti
1372 2440 1437 2494 ³⁸.

2126 1880 2233 1939 καὶ
2272 1880 2625 1951 παρέδωκας
2670 1874 2848 1951 ἡμᾶς,
2887 1880 2986 1936 διὰ
3035 1881 3143 1948 τὰς
3188 1880 3478 1951 ἁμαρτίας
3526 1879 3720 1949 ἡμῶν.

2128 1976 2243 2041 Kal
2267 1976 2405 2042 νῦν,
2431 1977 2632 2046 Κύριε,
2658 1977 2861 2045 Πατὴρ
2888 1976 3057 2047 ἡμῶν
3086 1972 3147 2030 εἶ
3170 1977 3254 2031 σύ
3274 1994 3288 2007 ο
3307 1975 3479 2046 ἡμεῖς
3514 1975 3583 2029 δὲ
3599 1991 3721 2044 πη-

2129 2069 2261 2136 λὸς,
2284 2070 2465 2140 ἔργον
2494 2068 2616 2123 τῶν
2643 2070 2862 2139 χειρῶν
2890 2085 3009 2123 σου
3032 2068 3276 2134 πάντες.
3310 2067 3408 2136 Μὴ
3431 2066 3721 2136 ὀργισθῇς

2123 2161 2289 2234 ἡμᾶς
2328 2162 2591 2233 σφόδρα,
2631 2163 2730 2217 καὶ
2756 2161 2846 2231 μὴ
2882 2162 2952 2216 ἐν
2993 2160 3177 2230 καιρῷ
3216 2158 3503 2230 μνησθῇς
3530 2161 3720 2230 ἀμαρ-

2124 2254 2267 2309 τιῶν
2287 2255 2476 2327 ἡμῶν.
2501 2254 2610 2310 Kal
2637 2254 2755 2309 νῦν
2776 2253 3116 2323 ἑπίόλεψον
3138 2253 3227 2306 ὅτι
3253 2254 3405 2319 λαός
3425 2267 3542 2307 σου
3566 2251 3719 2306 στάν-

2123 2363 2223 2414 τες
2247 2345 2450 2415 ἡμεῖς·
2496 2344 2680 2408 πόλις
2708 2344 2815 2400 τοῦ
2840 2344 3019 2413 ἁγίου
3055 2359 3173 2398 σου
3213 2342 3470 2414 ἐγενήθη
3493 2340 3720 2411 ἕρημος

2122 2437 2273 2495 Σιών
2292 2453 2308 2469 ο
2337 2436 2420 2502 ὡς
2443 2435 2666 2506 ἕρημος
2686 2433 2944 2505 ἐγενήθη
2981 2431 3398 2503 Ἰερουσαλήμ.
3423 2435 3530 2499 Εἰς
3567 2447 3714 2486 κατ-

435 2530 589 2601 άραν
642 2532 676 2585 ό
721 2526 887 2598 οἶκος
926 2530 1034 2585 τοῦ
1079 2531 1263 2600 ἁγίου
1296 2531 1487 2602 ἡμῶν,
1525 2530 1624 2587 καὶ
1667 2533 1708 2601 ἡ
1765 2530 1918 2598 δόξα
1976 2529 2062 2602 ἡν
2130 2530 2494 2600 ηὐλότησιιν
2555 2531 2613 2583 οι
2657 2526 2910 2598 πατέρες
2967 2525 3158 2596 ἡμῶν,
3221 2525 3475 2611 ἐγενήθη
3548 2525 3720 2593 πιφί-
3774 2509 3790 2521 ’

436 2638 724 2691 καυστος,
757 2627 857 2680 καὶ
910 2627 1109 2682 πάντα
1156 2627 1228 2680 τὰ
1274 2627 1496 2694 ἔνδοξα
1531 2628 1860 2684 συνέπεσε.
1907 2626 2021 2683 Kal
2063 2624 2165 2681 ἐπὶ
2190 2624 2345 2681 πᾶσι
2365 2625 2599 2692 τούτοις
2637 2624 2931 2694 ἠνέσχου,
2966 2623 3166 2691 Κύριε,
3203 2621 3306 2680 καὶ
3335 2619 3717 2694 ἐσιὼκησας,

434 2721 532 2779 καὶ
559 2721 969 2789 ἐταπείνωσας
994 2723 1152 2794 ἡμᾶς
1179 2724 1289 2791 ἕως
1324 2724 1582 2794 σφόδρα.

503 2816 594 2873 ὅθ.
615 2816 741 2872 Haec
755 2817 981 2887 quidem
1006 2818 1063 2872 in
1086 2817 1261 2890 ﬁgura
1306 2820 1483 2875 veteri
1517 2821 1724 2891 populo
1745 2835 2020 2888 evenere;

434 2924 589 2969 nunc
624 2917 809 2964 autem
840 2909 897 2964 in
931 2911 1097 2967 nobis
1128 2926 1262 2967 vere
1300 2911 1527 2981 impleta
1555 2921 1707 2979 sunt,
1737 2914 2025 2985 vicinisque

438 3002 632 3056 nostris
652 3001 996 3059 daemonibus
1017 3004 1362 3076 approbrium
1394 3005 1523 3075 facti
1557 3021 1771 3073 sumus;
1802 3006 2027 3061 subsan-

2198 2810 2298 2865 λϐν.
2343 2808 2549 2880 Συνέϐη
2603 2808 2703 2880 μὲν
2728 2807 2903 2863 ταῦτα
2947 2806 3193 2872 τυπικῶς
3231 2806 3311 2879 τῷ
3358 2807 3576 2880 παλαιῷ
3616 2824 3714 2863 σου

2124 2904 2262 2974 λαῷ,
2294 2901 2388 2955 νῦν
2441 2901 2495 2956 δὲ
2540 2903 2621 2965 εις
2669 2901 2818 2972 ἡμᾶς
2894 2900 3164 2972 ἀληθινῶς
3206 2898 3321 2973 [αι.
3356 2900 3433 2964 ὡς
3470 2899 3712 2971 ἀληθῶς.

2127 2994 2212 3053 Sic
2257 3004 2306 3049 et
2330 2992 2463 3066 Fr.]
2504 2992 2861 3064 πεπλήρωται
2880 3008 2895 3022 ·
2951 2991 3460 3063 καιοέγενήθημεν
3481 2991 3716 3059 ὄνειδος

435 3095 584 3149 natio
608 3101 659 3147 et
685 3092 866 3148 illusio
900 3095 981 3149 his
1038 3097 1130 3167 qui
1149 3104 1273 3151 sunt
1296 3097 1353 3151 in
1369 3098 1591 3159 circuitu
1610 3108 1791 3153 nostra
1828 3099 1894 3153 ".
1920 3098 2023 3154 Ve-

2128 3088 2253 3153 τοῖς
2310 3086 2582 3156 γείτοσιν
2637 3083 2808 3155 ἡμῶν
2863 3084 3129 3154 δαίμοσι,
3183 3082 3581 3153 μυκτιρισμὸς
3613 3082 3715 3138 καὶ

434 3202 561 3242 rum
596 3188 779 3257 aspice
806 3188 876 3244 de
913 3187 1077 3254 coelo,
1105 3197 1163 3244 et
1195 3190 1344 3253 vide,
1379 3198 1438 3244 et
1471 3190 1621 3245 salva
1653 3206 1757 3246 nos
1796 3199 2023 3261 propter

434 3295 640 3336 nomen
670 3290 921 3336 sanctum
949 3291 1134 3346 tuum;
1164 3290 1434 3353 notasque
1463 3282 1549 3337 fac
1574 3284 1736 3339 nobis
1758 3283 2021 3339 adversa-

433 3373 647 3427 riorum
671 3382 989 3428 nostrorum
1016 3372 1332 3439 fraudes,et
1358 3374 1426 3431 ab
1449 3390 1644 3431 eorum
1673 3389 1777 3430 nos
1804 3374 2023 3431 insidiis

433 3464 653 3522 libera:
690 3481 795 3521 nec
835 3481 865 3520 a
899 3465 1061 3521 nobis
1099 3467 1368 3523 auxilium
1407 3476 1565 3522 tuum
1605 3466 1842 3533 auferas,
1892 3466 2022 3538 quia

434 3573 544 3614 non
589 3559 724 3615 satis
766 3558 952 3614 idonei
989 3573 1181 3614 sumus
1213 3566 1275 3613 ut
1311 3558 1543 3614 adversa
1576 3558 1864 3617 vincamus
1904 3577 1918 3614 :
1960 3567 2021 3614 tu

434 3660 621 3707 autem
660 3659 859 3722 potens
882 3668 965 3719 es,
997 3660 1058 3706 ut
1092 3652 1162 3707 ab
1190 3652 1450 3706 omnibus
1481 3646 1816 3707 adversariis
1842 3653 2023 3707 salvos

432 3751 664 3814 praestes
706 3759 771 3801 ac
808 3744 1136 3800 incolumes.
1171 3744 1364 3800 Salvos
1400 3759 1503 3799 nos
1538 3744 1642 3807 fac,
1674 3745 1928 3811 Domine,
1953 3760 2023 3800 ex

433 3838 625 3894 mundi
671 3839 838 3912 hujus
872 3839 1143 3895 molestiis
1186 3854 1252 3894 ac
1294 3838 1580 3909 periculis,
1616 3847 1844 3909 propter
1873 3853 2023 3894 sum—

432 3945 580 3989 mam
610 3931 914 3987 bonitatem
934 3941 1109 3998 tuam,
1141 3940 1203 3987 ut
1223 3946 1363 4002 pura
1386 3930 1729 3987 conscientia
1759 3938 2022 4002 superato

433 4022 619 4077 saeculi
648 4039 893 4094 aequore,
931 4024 1051 4080 sine
1086 4024 1319 4079 crimine
1353 4038 1418 4079 ac
1442 4023 1585 4079 labis
1614 4023 1742 4095 puri
1777 4032 2022 4080 astantes

435 4117 725 4173 tremendo
756 4127 851 4173 tuo
889 4118 1173 4185 tribunali,
1200 4125 1422 4175 aeternae
1457 4118 1583 4173 vitae
1614 4117 1839 4188 praemia
1884 4132 2021 4174 con-

434 4209 590 4279 sequi
618 4224 951 4265 mereamur.

504 4381 592 4438 40.
619 4380 717 4437 llis
740 4383 1001 4440 omnibus
1024 4384 1192 4440 frater
1221 4383 1447 4449 auditis,
1478 4400 1542 4441 ac
1568 4385 1729 4442 valde
1756 4402 2019 4456 compun-

2128 3177 2475 3250 χλευασμὸς
2504 3175 2631 3243 τοῖς
2668 3177 2873 3244 κύκλῳ
2913 3174 3102 3246 ἡμῶν.
3147 3174 3289 3228 Ἀλλ’
3318 3175 3615 3245 ἐπίϐλεψιν
3653 3175 3713 3241 ἐξ

2126 3267 2381 3341 οὐρανοῦ,
2412 3267 2507 3321 καὶ
2542 3266 2639 3331 ἴδε,
2672 3266 2769 3320 καὶ
2798 3266 2974 3319 σῶσον
3012 3267 3161 3336 ἡμᾶς
3191 3264 3280 3319 διὰ
3306 3265 3369 3317 τὸ
3412 3265 3591 3335 ὄνομα
3618 3282 3712 3319 σου

2123 3361 2185 3414 τὸ
2234 3361 2421 3429 ἆγιον⁶
2477 3359 2572 3413 καὶ
2621 3356 2889 3429 γνώρισον
2941 3360 3074 3429 ἡμῖν
3111 3357 3212 3420 τὰς
3258 3356 3546 3427 μεθοδειας
3603 3356 3712 3410 τῶν

2126 3453 2463 3513 ὑπεναντίων
2486 3452 2674 3524 ἡμῶν*
2714 3452 2810 3507 καὶ
2843 3449 3007 3522 ῥῦσαι
3033 3451 3181 3521 ἡμᾶς
3216 3451 3282 3504 ὲκ
3325 3450 3436 3503 τῶν
3469 3466 3715 3521 μηχανη-

2126 3548 2315 3617 μάτων
2351 3542 2553 3608 αὐτῶν,
2588 3545 2683 3599 καὶ
2709 3544 2784 3615 μὴ
2814 3543 3132 3616 ἀποστήσῃς
3163 3542 3257 3612 ἀφ’
3300 3541 3457 3613 ἡμῶν
3487 3540 3584 3614 τὴν
3616 3541 3714 3613 σὴν

2126 3637 2402 3709 βοήθειαν,
2434 3637 2517 3691 ὃτι
2540 3637 2702 3707 ἡμεῖς
2744 3636 2843 3707 οὐχ
2883 3635 3058 3691 ἱκανοί
3089 3640 3258 3707 ἐσμεν
3296 3636 3435 3707 πρὸς
3461 3635 3522 3688 τὸ
3559 3637 3714 3707 νικᾷν

2122 3729 2191 3782 τὰ
2221 3729 2645 3785 ἀντιπίπτονταο
2675 3728 2739 3781 σὺ
2773 3727 2829 3780 δὲ
2858 3726 3085 3791 δυνατὸς
3114 3722 3166 3780 εἴ
3208 3727 3290 3791 εὶς
3318 3726 3382 3779 τὸ
3418 3724 3613 3791 σώζειν
3644 3727 3713 3779 ἐκ

2122 3821 2340 3876 πάντων
2374 3820 2483 3875 τῶν
2508 3818 2790 3876 ἐναντίων.
2846 3819 3028 3875 Σῶσον
3073 3821 3240 3891 ἡμᾶς,
3271 3818 3467 3890 Κύριε,
3508 3821 3571 3873 ὲκ
3600 3818 3712 3871 τῶν

2123 3910 2400 3983 δυσχερῶν
2436 3908 2530 3965 τοῦ
2573 3910 2783 3980 κόσμου
2811 3909 3028 3971 τούτου.
3057 3910 3203 3967 κατὰ
3229 3909 3324 3981 τὴν
3364 3908 3711 3980 χρηστότητά

2123 4021 2242 4069 σου,
2277 4004 2365 4059 ἵνα
2398 4003 2457 4059 ἐν
2500 4002 2720 4075 καθαρᾷ
2753 4001 3057 4076 συνειδήσει
3086 4003 3149 4057 τὸ
3193 4001 3424 4071 πέλαγος
3452 3999 3546 4054 τοῦ
3583 3999 3703 4071 βίου

2121 4096 2571 4169 διαπεράσαντες,
2607 4095 2891 4169 ἄμεμπτοι
2940 4097 3037 4150 καὶ
3069 4096 3320 4167 ἀκέραιοι
3358 4093 3436 4165 τῷ
3488 4093 3708 4166 φοϐερῷ

2125 4193 2333 4264 βήματι
2383 4209 2476 4248 σου
2532 4194 2940 4265 παραστάντες,
2989 4190 3315 4264 ἀξιωθῶμεν
3357 4190 3458 4263 τῆς
3488 4189 3709 4245 αἰωνίου

2124 4287 2295 4358 ζωῆς·
3370 4348 3374 4353 ,

2198 4380 2273 4450 μ’.
2302 4380 2490 4435 Ταῦτα
2528 4379 2705 4435 πάντα
2735 4377 2975 4443 ἀκούσας
3001 4379 3031 4432 ὸ
3062 4376 3337 4448 Ἀδελφὸς,
3364 4376 3461 4431 καὶ
3504 4374 3710 4447 σφόδρα

434 4480 579 4533 ctus,
609 4472 868 4546 lacrymis
894 4472 1151 4531 diﬁlucns
1167 4475 1332 4547 389
1348 4476 1425 4531 ait
1449 4477 1597 4532 seni:
1621 4477 1811 4543 Plane,
1828 4477 2010 4544 Pater,

2123 4474 2467 4542 κατανυγεὶς,
2498 4473 2635 4542 μετὰ
2667 4471 2916 4543 δακρύων
2956 4466 3078 4526 εἷπε
3124 4470 3204 4542 τῷ
3231 4470 3577 4540 γέροντι,ιὼς
3624 4468 3709 4536 Ἐξ

398 4618 403 4623 ,
434 4569 498 4616 ut
524 4560 710 4626 video,
736 4562 888 4617 nulla
917 4563 1053 4618 mibi
1076 4579 1204 4634 spes
1233 4564 1426 4623 salutis
1450 4565 1670 4621 residua
1682 4576 1785 4623 est.
1809 4565 2025 4638 Quippe

432 4654 743 4725 iniquitates
780 4671 911 4711 mete
944 4672 1300 4727 supergressa!
1331 4665 1457 4712 sunt
1506 4667 1669 4730 caput
1720 4676 1894 4714 meum
1923 4661 1969 4693 ’⁵
2007 4677 2021 4714 :

432 4746 669 4803 obsecro
700 4753 887 4804 tamen
912 4755 974 4802 ut
1003 4747 1177 4814 dicas,
1204 4749 1339 4820 quid
1365 4750 1639 4822 agendum
1678 4760 1860 4822 putes.
1907 4751 2020 4807 Re-

434 4837 663 4907 spondit
694 4854 895 4895 senex:
927 4839 1134 4896 Salutis
1157 4841 1561 4912 consequenda:
1604 4843 1798 4909 moles,
1857 4858 2025 4914 supra

434 4927 707 4986 humanas
729 4930 955 5001 quidem
983 4931 1134 4987 vires
1157 4942 1244 4988 est
1272 4950 1285 4986 :
1318 4933 1464 5003 apud
1488 4934 1657 4988 Deum
1691 4943 1876 4989 autem
1905 4949 2023 4990 om-

432 5020 525 5075 nia
551 5022 838 5091 possibilia
864 5031 1015 5089 sunt,
1052 5024 1133 5079 uti
1165 5025 1436 5081 Dominus
1459 5026 1576 5096 ipse
1595 5026 1815 5081 locutus
1844 5037 1930 5082 est
1951 5028 2019 5080 ’τε

430 5112 867 5187 Prceoccupemus
894 5131 1027 5188 ergo
1064 5116 1253 5187 {aciem
1276 5117 1391 5187 ejus
1422 5117 1477 5171 in
1498 5117 1858 5187 confessione;
1891 5119 2025 5173 ado-

432 5221 610 5262 remus
633 5215 682 5260 et
709 5207 1045 5277 procidamus
1068 5223 1131 5262 ac
1150 5206 1416 5277 ploremus
1445 5223 1629 5262 coram
1674 5206 1900 5263 Domino
1933 5210 2025 5280 qui

433 5300 554 5369 fecit
568 5317 685 5367 nos,
717 5301 843 5372 quia
870 5301 980 5372 ipse
1008 5308 1084 5355 est
1104 5299 1245 5354 Deus
1276 5309 1453 5355 noster
1484 5300 1531 5332 ⁸⁸
1559 5318 1572 5354 :
1618 5299 2018 5373 audiemusque

431 5406 559 5449 eum
586 5407 688 5463 per
715 5393 910 5449 Isaiam
933 5392 1207 5448 dicentem
1235 5410 1249 5448 :
1276 5393 1410 5449 Cum
1429 5410 1664 5449 reversus
1678 5395 2016 5467 ingemueris,

430 5483 610 5547 salvus
636 5488 740 5541 eris
764 5486 831 5540 ⁸³.
862 5486 930 5541 Et
951 5487 1154 5542 iterum
1178 5503 1196 5539 :
1229 5486 1485 5559 Nunquid
1514 5503 1619 5542 non
1650 5487 1791 5543 valet
1828 5505 2018 5546 manus

505 5666 551 5696 "
574 5667 785 5729 Nahum
812 5685 850 5730 ι,
884 5669 952 5735 5;
991 5669 1096 5725 lsa.
1133 5685 1272 5734 LXIV,
1306 5672 1415 5726 1-5.

438 5750 545 5801 xix,
579 5736 666 5792 ‘26.
743 5740 788 5771 "
822 5740 964 5795 Psal.
997 5757 1243 5805 Lxxxxlv,
1278 5742 1332 5796 2.
1410 5741 1454 5773 ²⁹
1484 5740 1586 5796 lsa.
1621 5758 1743 5802 xxx.
1780 5742 1865 5796 l5.

2122 4559 2198 4621 ὧν
2239 4565 2450 4638 θεωρῶ,
2487 4565 2693 4637 Πάτερ,
2724 4564 2823 4636 οὐχ
2857 4563 3243 4619 ὑπολέλειπται
3292 4580 3384 4633 μοι
3414 4563 3571 4627 ὲὶπὶς
3602 4578 3708 4615 σω-

2121 4658 2338 4731 τηρίας.
2362 4660 2427 4713 Αἱ
2453 4658 2565 4732 γὰρ
2593 4660 2831 4729 ἀνομίαι
2864 4675 2986 4729 μου
3023 4655 3334 4727 ὐπερῆραν
3368 4654 3485 4723 τὴν
3530 4673 3709 4724 κείρα-

2123 4749 2244 4818 λὴν
2281 4767 2441 4821 μου’
2500 4750 2639 4807 ἀλλὰ
2687 4750 2993 4822 παρακαλῶ
3052 4751 3227 4804 εἰπεῖν
3257 4765 3348 4819 μοι
3396 4746 3710 4821 τίᾶζφειὶον

2125 4843 2371 4914 ποιῆσαι.
2407 4842 2514 4897 Καὶ
2550 4842 2579 4895 ὸ
2605 4841 2789 4912 Γέρων
2808 4840 3129 4913 ἀποκριθεὶς
3154 4836 3275 4893 εἷπε
3298 4856 3313 4873 ο
3345 4839 3420 4893 Τὸ
3442 4837 3706 4907 σωθῆναι,

2119 4936 2273 5008 παρὰ
2306 4935 2406 5007 μὲν
2435 4932 2746 5007 ἀνθρώποις
2803 4934 3100 4988 ἀδύνατονο
3160 4933 3311 5003 παρὰ
3353 4931 3411 4985 δὲ
3458 4931 3538 5001 τῷ
3566 4928 3706 5000 Θεῷ,

2119 5029 2300 5083 πάντα
2332 5028 2554 5091 δυνατὰ,
2587 5027 2663 5092 ὡς
2692 5027 2856 5092 αὐτὸς
2904 5026 3007 5097 ἔφη
3057 5028 3084 5080 ὁ
3136 5024 3342 5096 Κύριος
3368 5040 3382 5055 ·
3439 5021 3707 5092 Προφθὰ-

2120 5136 2323 5191 σωμεν
2353 5116 2468 5177 οὖν
2501 5120 2567 5173 τὸ
2582 5121 2912 5188 πρόσωπον
2929 5117 3118 5173 αὐτοῦ
3132 5118 3204 5171 ἐν
3230 5114 3665 5185 ἐξομολογήσει
3685 5152 3700 5176 ,

2121 5210 2646 5283 προσκυνήσωμεν
2676 5209 2773 5263 καὶ
2816 5207 3280 5278 προσυτέσωμεν,
3312 5204 3411 5259 καὶ
3436 5204 3704 5258 κλαύσω-

2120 5322 2234 5376 μεν
2254 5304 2534 5359 ὲναντίον
2573 5302 2797 5372 Κυρίου
2833 5300 2944 5354 τοῦ
2982 5298 3352 5367 ποιήσαντος
3395 5294 3572 5366 ἡμᾶς,
3616 5291 3702 5345 ὅτι

2123 5397 2308 5463 αὑτός
2357 5397 2532 5450 ἐστιν
2560 5396 2593 5449 ὀ
2647 5393 2793 5459 Θεὸς
2823 5390 3024 5461 ἡμῶνο
3069 5390 3163 5446 καὶ
3210 5387 3499 5459 ἀκούωμεν
3540 5380 3701 5439 αὐτοῦ

2121 5489 2376 5560 λέγοντος
2407 5489 2496 5544 διὰ
2538 5488 2637 5559 τῆς
2677 5485 2898 5540 Ἡσαΐου
2950 5484 3138 5555 φωνῆς
3161 5522 3175 5550 ,
3205 5481 3289 5538 ὅτι
3332 5483 3517 5536 Ὅταν
3553 5478 3705 5534 ἀπο-

1517 5674 1562 5702 “
1594 5670 1697 5725 lsa.
1729 5624 1870 5731 ulv.
1909 5673 1963 5738 6,
1994 5672 2061 5728 12
2155 5672 2203 5705 ’⁸
2230 5672 2373 5728 Psal.
2404 5687 2623 5738 Lxxvm,
2660 5671 2719 5726 4.
2790 5669 2837 5701 ⁸⁸
2869 5668 3012 5725 Psal.
3049 5681 3252 5731 xxxvn,
3289 5664 3343 5721 5.
3424 5663 3470 5694 ’τ
3503 5660 3703 5718 Matth.
