4128 6210
477 315 584 381 919

1749 312 1982 374 LIBER
2021 309 2450 372 ASCETICUS.

3637 313 3746 376 950

474 429 752 502 στραφῇς
783 429 880 484 καὶ
920 429 1242 499 στενάξῃς,
1289 431 1422 484 τότε
1473 429 1744 499 σωθήσῃ.
1800 430 1911 484 Καὶ
1952 427 2054 481 πά-

2167 426 2371 480 Domini
2399 436 2456 480 ut
2486 426 2659 482 salvos
2681 428 2888 498 faciat?
2925 435 3016 482 aut
3056 437 3302 500 gravavit
3352 444 3536 485 auren.
3594 445 3745 483 suam

473 526 590 580 λινο
628 525 725 594 Μὴ
771 527 883 579 οὐκ
943 525 1138 593 ίσχύει
1188 526 1225 592 η
1267 524 1396 593 χεὶρ
1423 523 1641 592 Κυρίου
1677 522 1782 577 τοῦ
1825 524 2055 588 σῶσαι;

477 615 786 683 ἤέσάρυνε
824 613 888 667 τό
920 609 1029 680 οὖς
1045 613 1232 668 αὐτοῦ
1281 613 1388 668 τοῦ
1415 612 1500 683 μὴ
1530 615 2056 677 είσακούσασθαι;

491 709 675 762 Ἀλλὰ
704 708 776 761 τὰ
803 706 1192 776 ἁμαρτήματα
1221 703 1390 775 ἡμῶν
1417 705 1729 760 διιστῶσιν
1749 703 2058 772 ἀναμέσων

480 801 650 870 ἡμῶν
680 801 776 854 καὶ
808 799 914 853 τοῦ
945 799 1094 853 Θεοῦ
1115 815 1128 829 ο
1162 798 1259 852 καὶ
1287 796 1386 851 διὰ
1413 798 1520 862 τὰς
1549 797 1839 864 ἁμαρτίας
1861 795 2052 863 ἡμῶν,

479 885 824 955 ἀπέστρεψε
854 886 919 938 τὸ
949 886 1274 953 πρόσωπον
1297 884 1506 948 αὐτοῦ,
1543 883 1648 937 τοῦ
1674 883 1759 952 μὴ
1781 883 2055 951 ἐλεῆσαι.

481 977 573 1032 Διὸ
600 978 782 1046 λέγει·
812 979 1150 1040 Λούσασθε,
1200 976 1448 1044 καθαροὶ
1491 975 1760 1044 γίνεσθε’
1807 972 2060 1042 ἀφέλετε

482 1075 588 1138 τὰς
610 1070 902 1140 πονηρίας
919 1069 1038 1125 ἀπὸ
1059 1069 1178 1122 τῶν
1200 1067 1420 1138 ψυχῶν
1430 1066 1596 1136 ὑμῶν
1624 1067 1915 1120 ἀπέναντι
1943 1066 2062 1119 τῶν

483 1163 806 1233 ὀφθαλμῶν
845 1179 966 1232 μου
984 1178 998 1192 ·
1035 1163 1356 1216 παύσασθε
1389 1160 1510 1214 τῶν
1531 1157 1834 1226 πονηριῶν
1855 1157 2022 1227 ὑμῶν
2044 1174 2058 1188 ο

480 1254 694 1326 μάθετε
776 1253 970 1307 καλὸν
1037 1252 1232 1307 ποιεῖν
1258 1293 1274 1315 ,
1359 1248 1726 1320 ἐκζητήσατε
1813 1251 2016 1318 κρίσιν
2042 1289 2058 1312 ,

481 1347 706 1415 ρύσατε
772 1344 1188 1414 ἀδικούμενον,
1258 1342 1496 1412 κρίνατε
1550 1340 1790 1410 ὀρφανῷ
1842 1339 1942 1393 καὶ
1977 1339 2064 1393 δι-

481 1437 776 1491 καιὼσατε
808 1435 1024 1506 χήραν,
1081 1435 1180 1489 καὶ
1239 1434 1431 1500 δεῦτε,
1476 1433 1587 1487 ’καὶ
1627 1430 2060 1502 διαλεχθῶμεν,

481 1530 645 1599 λέγει
676 1529 892 1596 Κύριος
914 1542 928 1557 ⁸
956 1528 1051 1581 καὶ
1081 1527 1190 1580 ἐὰν
1202 1520 1356 1580 ὦσιν
1386 1528 1446 1580 αί
1475 1525 1754 1594 ἁμαρτίαι
1781 1523 1941 1592 ὑμῶν
1983 1525 2064 1589 ὡς

483 1620 820 1693 φοινικοῦν,
879 1621 960 1686 ὡς
1009 1620 1184 1688 χιόνα
1217 1615 1494 1672 λευκανῶ
1514 1634 1526 1646 ·
1569 1617 1678 1670 ἐὰν
1707 1616 1774 1669 δὲ
1805 1610 1957 1669 ὦσιν
1983 1614 2064 1682 ὡς

486 1717 794 1777 κόκκινον,
834 1712 974 1768 ὡσεί
997 1712 1162 1780 ἔριον
1183 1709 1478 1766 λευκανῶ.
1515 1709 1648 1774 Καὶ,
1693 1709 1826 1762 Ἐὰν
1851 1709 2066 1776 θέλητε
2097 1745 2104 1780 ε

487 1806 587 1860 καὶ
603 1803 1008 1872 εὶσακυύσητέ
1032 1820 1172 1871 μου,
1201 1803 1274 1856 τὰ
1297 1802 1488 1870 ἀγαθὰ
1509 1800 1618 1869 τῆς
1647 1801 1758 1870 γῆς
1778 1800 2061 1870 φάγεσθε.

493 1897 565 1951 Τὸ
604 1898 711 1966 γὰρ
738 1897 932 1964 στόμα
966 1894 1189 1962 Κυρίου
1211 1892 1480 1960 ἐλάλησε
1511 1892 1718 1946 ταῦτα.
1763 1893 1872 1945 Καὶ
1902 1891 2064 1954 πάλιν

485 1989 573 2044 διὰ
618 1987 791 2057 Ἰωήλ·
841 1983 1278 2054 Ἐπιστράφητε
1320 1985 1469 2053 πρός
1515 1999 1592 2053 με
1642 1983 1711 2048 ἐξ
1751 1983 1904 2050 ὅλης
1956 1981 2066 2050 τῆς

485 2078 732 2146 καρδίας
766 2076 964 2146 ὑμῶν’
1015 2076 1084 2128 ἐν
1119 2077 1372 2145 νηστείᾳ
1413 2076 1509 2130 καὶ
1548 2076 1617 2128 ἐν
1651 2073 1936 2143 κλαυθμῷ
1968 2073 2066 2126 καὶ

485 2167 752 2234 κοπετῷο
795 2168 1152 2238 διαρρήξατε
1190 2169 1297 2234 τὰς
1338 2166 1586 2236 καρδίας
1624 2165 1809 2234 ὑμῶν,
1855 2165 1950 2218 καὶ
1995 2166 2066 2218 οὐ

485 2260 558 2314 τὰ
604 2257 801 2328 ίμάτια
851 2259 1038 2330 ὑμῶν.
1098 2258 1404 2327 Ἐλεήμων
1453 2260 1563 2327 γὰρ
1611 2256 1707 2309 καὶ
1752 2256 2067 2325 οἰκτίρμων

485 2353 615 2406 ἐστὶ
657 2351 892 2421 Κύριος,
919 2353 1018 2406 καὶ
1035 2351 1344 2422 μετανοῶν
1369 2349 1467 2402 ἐπὶ
1491 2349 1619 2416 ταῖς
1641 2349 1893 2414 κακίαις.
1924 2347 2067 2417 Πρὸς

501 2444 761 2515 Ἰεζεκιὴλ
777 2444 856 2508 δὲ,
887 2445 980 2500 ris
999 2443 1336 2512 ἀνθρώπου,
1357 2438 1529 2495 εἶπον
1544 2441 1624 2506 τῷ
1640 2441 1783 2506 οἴκῳ
1798 2439 2064 2508 Ἰσραὴλ,

492 2535 692 2602 Οὕτως
718 2537 1082 2605 ἐλαλήσατε,
1130 2536 1436 2605 λέγοντες,
1486 2535 1555 2588 Ai
1608 2533 1833 2586 πλάναι
1875 2531 2064 2602 ἡμῶν,

491 2627 589 2681 καὶ
618 2630 677 2682 al
699 2629 936 2698 ἀνομίαι
959 2628 1128 2698 ἡμῶν
1145 2627 1235 2696 ἐφ’
1258 2625 1426 2695 ἡμῶν
1453 2626 1584 2679 ἐστι
1604 2643 1616 2655 ·
1651 2625 1748 2678 καὶ
1770 2625 1841 2678 ἐν
1858 2623 2068 2691 αὐταῖς

488 2719 784 2787 τηκόμεθα
808 2735 824 2750 ο
852 2718 952 2772 καὶ
981 2719 1107 2786 πῶς
1138 2717 1467 2788 Caedualla,-
1497 2713 1686 2772 Εἶπον
1721 2716 1946 2782 αὐτοῖς,
1975 2713 2067 2770 Ζῶ

489 2810 623 2879 ἐπὶ),
651 2811 814 2880 λέγει
845 2811 1081 2880 Κύριος,
1102 2813 1185 2865 Οὐ
1205 2811 1505 2879 ,βούλομαι
1533 2809 1642 2863 τὸν
1675 2809 1936 2864 θάνατον
1960 2809 2066 2863 τοῦ

488 2902 770 2968 ἀσεϐοῦς,
805 2902 963 2956 ὥστε
1005 2902 1363 2971 ἐπιστρέψαι
1384 2901 1572 2956 αὐτὸν
1619 2901 1738 2956 ἀπὸ
1788 2900 1899 2969 τῆς
1921 2900 2067 2955 όδοῦ

488 2994 695 3057 αὐτοῦ,
723 2994 818 3048 καὶ
861 2993 968 3063 ζῇν
994 2996 1210 3049 αὐτόν·
1254 2993 1612 3063 ἀποστροφῇ
1641 2994 2066 3063 ἀποστρέψατε

2157 526 2214 570 ιιι
2245 537 2350 572 non
2385 521 2680 574 exaudiat?
2709 519 2812 575 Sed
2839 529 3054 591 peccata
3097 531 3280 576 nostra
3320 530 3574 593 separant
3608 523 3748 574 inter

2159 627 2254 664 nos
2285 619 2333 664 et
2358 611 2546 678 Deum,
2580 621 2627 666 et
2654 621 2867 684 propter
2895 623 3108 683 peccata
3146 616 3334 668 avertit
3371 615 3557 684 faciem
3594 630 3750 668 suam

2159 721 2192 756 a
2228 703 2396 766 nobis,
2424 713 2482 758 ut
2507 722 2612 758 non
2645 704 3047 759 misereatur”.
3093 706 3389 774 Propterea
3429 707 3544 760 ait:
3573 706 3749 759 Lava-

2159 796 2311 862 mini,
2349 799 2531 851 mundi
2553 807 2752 851 estote:
2785 799 2990 867 auferte
3013 798 3214 852 scelera
3248 798 3312 851 ab
3335 797 3616 852 animabus
3662 814 3750 850 ve-

2158 893 2285 946 stris
2321 890 2383 944 de
2421 900 2699 960 conspectu
2729 890 3003 944 oculorum
3033 907 3302 954 meorum;
3335 899 3535 943 cessate
3585 907 3617 943 a
3651 905 3746 942 ue-

2160 981 2339 1051 quitiis
2364 981 2548 1034 vestris
2573 995 2589 1033 :
2615 980 2793 1033 discite
2811 979 2945 1033 bona
2974 981 3165 1050 facere,
3191 978 3449 1049 exquirite
3463 978 3746 1048 judicium.

2163 1072 2384 1127 liberate
2423 1071 3013 1142 oppressum,judicate
3044 1070 3272 1141 pupillos
3295 1079 3343 1123 et
3367 1069 3652 1138 iustiﬁcata
3679 1072 3751 1124 vi—

2161 1166 2346 1229 duam,
2370 1175 2418 1219 et
2451 1167 2641 1228 venite,
2695 1173 2745 1218 et
2778 1165 3124 1234 disputemus,
3182 1164 3304 1217 dicit
3335 1163 3590 1216 Dominus
3619 1179 3638 1216 :
3682 1163 3752 1216 Et

2160 1262 2206 1314 si
2233 1261 2428 1330 fuerint
2453 1268 2668 1330 peccata
2700 1269 2872 1312 vestra
2899 1259 3036 1313 sicut
3081 1260 3400 1329 phasnicium
3425 1299 3441 1320 ,
3491 1267 3751 1328 tanquam

2164 1354 2332 1407 nivem
2374 1352 2650 1417 dealbobo,
2703 1360 2752 1404 et
2800 1354 2846 1406 si
2907 1353 3117 1422 fuerint}
3154 1359 3412 1423 tanquam
3453 1351 3750 1411 coccinum,

2164 1445 2321 1515 quasi
2352 1443 2539 1498 lauant
2562 1443 2834 1498 dealbabo.
2871 1445 2960 1506 Et,
2994 1443 3051 1498 Si
3081 1443 3354 1497 volueritis
3378 1451 3427 1496 et
3479 1441 3752 1496 audieritis

2166 1555 2268 1603 me,
2299 1538 2434 1592 bona
2473 1545 2628 1592 teme
2663 1538 2961 1592 comedetis.
2988 1535 3055 1590 0s
3092 1537 3228 1590 enim
3264 1536 3480 1589 Domini
3535 1537 3645 1588 haec
3677 1533 3754 1588 lo-

2165 1634 2343 1680 cutum
2379 1636 2454 1681 est
2483 1627 2550 1681 ³¹.
2597 1627 2667 1681 Et
2691 1628 2890 1681 iterum
2925 1627 3097 1682 Joelis
3133 1626 3412 1696 praeconio
3449 1642 3460 1678 :
3520 1624 3750 1680 Conver-

2168 1719 2340 1772 timini
2373 1719 2442 1770 ad
2474 1735 2554 1771 me
2583 1719 2636 1772 in
2666 1727 2773 1771 toto
2797 1719 2950 1771 corde
2992 1726 3183 1782 vestro,
3216 1720 3270 1771 in
3293 1719 3504 1787 jejunio
3551 1725 3600 1770 et
3627 1719 3754 1788 ﬂetu

2167 1819 2218 1863 et
2250 1808 2468 1880 planctu
2501 1826 2518 1864 :
2547 1810 2768 1863 scindite
2791 1809 2951 1862 corda
2980 1817 3177 1872 vestra,
3205 1817 3253 1860 et
3292 1825 3396 1861 non
3446 1809 3754 1862 vestimenta

2164 1910 2372 1971 vestra;
2397 1903 2522 1969 quia
2556 1901 2848 1953 misericors
2875 1909 2922 1952 et
2947 1900 3229 1952 miserator
3257 1897 3536 1962 Dominus,
3573 1906 3623 1951 et
3652 1915 3760 1966 pre-

2167 1993 2339 2046 nitens
2364 2007 2522 2062 super
2555 1990 2771 2044 malitiis
2799 1992 2863 2044 ³².
2891 1990 2972 2043 Ad
2998 1989 3344 2044 Ezechielem
3376 1996 3563 2043 autem
3594 2005 3608 2041 :
3653 1986 3757 2041 Fili

2166 2083 2413 2145 hominis,
2445 2083 2528 2135 dic
2558 2082 2738 2136 domui
2768 2080 2959 2135 Israel:
2995 2079 3082 2135 Sic
3112 2080 3275 2134 locuti
3299 2081 3444 2144 estis,
3477 2080 3703 2133 dicentes
3731 2095 3748 2130 :

2171 2173 2393 2227 Errores
2419 2174 2587 2226 nostri
2617 2179 2665 2225 et
2693 2173 2997 2240 iniquitates
3019 2179 3214 2224 nostra:
3237 2185 3398 2240 super
3423 2185 3516 2221 nos
3534 2177 3679 2232 sunt,
3705 2177 3758 2220 et

2167 2264 2222 2317 in
2254 2263 2362 2317 illis
2383 2262 2826 2324 contabescimus;
2851 2267 2901 2312 et
2931 2259 3192 2330 quomodo
3214 2257 3482 2312 vivemus?
3504 2257 3600 2310 Dic
3629 2258 3704 2311 eis
3734 2272 3754 2310 :

2171 2353 2292 2407 Vivo
2311 2369 2426 2423 ego,
2457 2352 2582 2405 dicit
2620 2351 2899 2416 Dominus,
2951 2349 3089 2404 Nolo
3139 2357 3363 2402 mortem
3418 2349 3587 2418 impii,
3617 2349 3756 2402 sicut

2168 2454 2227 2498 ut
2261 2452 2599 2497 convertatur
2622 2460 2652 2495 a
2679 2443 2761 2496 via
2791 2459 2912 2505 sua,
2941 2450 2989 2495 et
3024 2442 3184 2495 vivat.
3223 2441 3510 2494 Aversione
3557 2440 3754 2493 averti-

2169 2536 2300 2588 mini
2325 2553 2358 2587 a
2386 2535 2470 2587 via
2499 2541 2673 2587 vestra
2690 2550 2707 2599 ;
2722 2542 2779 2586 ut
2799 2533 2926 2603 quid
2948 2533 3269 2597 moriemini,
3288 2531 3472 2584 domus
3493 2529 3756 2584 Israel”?

2170 2627 2395 2681 Tertius
2425 2634 2608 2681 autem
2637 2627 2954 2696 Regnorum
2983 2624 3147 2690 liber,
3169 2624 3532 2679 excellentem
3557 2622 3655 2676 Dei
3676 2622 3756 2676 le-

2167 2718 2396 2773 nitatem
2428 2719 2751 2783 ostendens,
2781 2717 2863 2773 sic
2886 2718 2986 2772 ait.
3022 2716 3159 2772 Cum
3195 2716 3442 2770 audisset
3499 2713 3752 2776 Achaab,

2168 2811 2224 2866 in
2277 2812 2532 2866 Nabuthe
2583 2826 2813 2866 versans
2871 2811 3064 2874 vinea,
3137 2810 3297 2878 cujus
3351 2806 3753 2877 possessionem

2166 2904 2402 2968 adierat,
2429 2919 2496 2958 eo
2521 2919 2688 2974 opera
2710 2903 2980 2958 Jezabelis
3003 2902 3082 2956 illi
3105 2902 3323 2957 sublato
3344 2909 3509 2969 atque
3536 2888 3776 2963 necatos

2168 2995 2302 3050 Elite
2337 2996 2530 3059 verba,
2589 2995 2827 3050 dicentis
2855 3013 2868 3049 :
2899 2995 3027 3050 Hcec
3079 2995 3205 3049 dicit
3264 2992 3526 3047 Dominus
3572 2990 3754 3044 Deus:

487 3085 604 3138 ἀπὸ
644 3084 755 3152 τῆς
808 3085 952 3139 όδοῦ
991 3083 1192 3155 ὑμῶν⁹
1228 3084 1326 3138 καὶ
1363 3085 1466 3139 ἵνα
1512 3086 1569 3138 τί
1619 3085 2062 3152 άποθνήσκετε,

2169 3087 2434 3154 Occidisti,
2463 3095 2512 3142 et
2537 3089 2812 3160 possedisti
2844 3096 2932 3142 :et
2964 3089 3018 3141 in
3052 3086 3184 3152 loco,
3239 3088 3294 3140 in
3327 3103 3430 3157 quo
3486 3084 3756 3138 linxerunt

487 3170 650 3240 οἶκος
689 3173 970 3244 Ἰσραήλ.
1037 3176 1100 3228 Ἦ
1147 3173 1204 3228 δὲ
1255 3175 1412 3246 τρίτη
1447 3175 1556 3229 τῶν
1603 3175 1922 3241 Βασιλειῶν,
1963 3175 2062 3245 τὴν

2167 3197 2327 3256 canes
2349 3183 2664 3252 sanguinem
2694 3180 2974 3244 Nabuthw,
3020 3180 3090 3234 ibi
3138 3179 3338 3248 lingent
3368 3176 3532 3247 390
3588 3190 3756 3230 canes

487 3265 792 3336 ὑπερϐολὴν
834 3267 934 3337 τῆς
977 3267 1070 3320 τοῦ
1127 3267 1264 3321 Θεοῦ
1316 3267 1683 3339 χρηστότητος
1732 3267 2060 3338 φανεροῦσα,

2167 3276 2478 3345 sanguinem
2500 3282 2650 3326 tuum
2674 3290 2690 3328 :
2715 3282 2763 3326 et
2791 3289 2947 3326 canes
2961 3270 3259 3326 Jezabelem
3285 3270 3554 3323 comedent
3580 3269 3635 3322 in
3658 3283 3756 3320 an-

487 3355 630 3409 οΰτω
661 3357 828 3426 λέγει,
872 3359 959 3411 Ἐν
999 3358 1077 3430 τῷ
1115 3360 1343 3413 ἀκοῦσαι
1397 3360 1600 3432 Ἀχαὰϐ
1634 3361 1763 3414 ὄντα.
1804 3361 1965 3414 αὑτὸν
2007 3361 2065 3415 ὲν

2169 3363 2416 3419 temurali
2435 3361 2669 3417 Jezrael.
2696 3361 3032 3423 Audiensque
3062 3358 3273 3416 Achaab
3303 3373 3570 3412 sermones
3604 3357 3752 3417 istos,

486 3449 564 3519 τῷ
592 3449 874 3520 ἀμπελῶνι
915 3451 1008 3504 τοῦ
1049 3452 1348 3515 Ναϐουθαὶ,
1401 3453 1460 3505 ὂν
1509 3453 1944 3524 ἐκληρονόμησεν
2008 3455 2065 3508 ὲν

2167 3456 2318 3510 scidit
2343 3455 2650 3508 vestimenta
2680 3469 2800 3517 sua,
2820 3459 2866 3504 et
2881 3452 3169 3523 jejunavit,
3203 3459 3251 3504 et
3275 3450 3487 3504 dormiit
3506 3448 3560 3500 in
3581 3462 3753 3502 sacco.

488 3539 566 3608 τῷ
595 3541 916 3594 ἀποκτεῖναι
944 3542 1107 3596 αὑτὸν
1137 3541 1223 3596 διὰ
1270 3543 1369 3612 τῆς
1412 3543 1668 3610 Ἰεζάϐελ,
1708 3547 1834 3608 τοὺς
1875 3546 2066 3614 λόγους

499 3629 702 3696 Ἠλιοῦ,
732 3631 983 3700 λέγοντος
1009 3649 1024 3664 ο
1052 3633 1201 3687 Τάδε
1231 3634 1391 3702 λέγει
1419 3637 1652 3702 Κύριος-ο
1671 3637 2066 3704 Ἐρόνευσαα

487 3721 584 3775 καὶ
603 3722 1122 3792 ἐκληρονόμησας·
1147 3724 1246 3778 καὶ
1266 3726 1336 3778 ἐν
1360 3723 1440 3789 τῷ
1462 3727 1639 3791 τόπῳ,
1661 3726 1732 3780 ἐν
1757 3721 1805 3795 ᾧ
1824 3727 2068 3792 ἐλειξαν

490 3815 542 3868 οι
575 3813 757 3880 κύνες
797 3814 864 3868 τὸ
911 3810 1054 3885 αἷμα
1106 3817 1424 3879 Ναϐουθαὶ,
1473 3817 1604 3871 ἐκεῖ
1655 3819 1972 3881 λείξουσιν
2013 3821 2069 3874 οι

487 3903 670 3970 κύνες
697 3905 763 3958 τὸ
787 3900 934 3973 αἷμά
965 3922 1082 3960 σου
1103 3923 1116 3937 ·
1140 3907 1236 3960 καὶ
1267 3907 1382 3972 τὴν
1412 3906 1662 3966 Ἰεζάϐελ
1685 3910 1866 3975 κύνες
1895 3925 2071 3963 κατα-

487 3993 776 4064 φάγοι-ται
813 3996 882 4049 ἐν
911 3993 990 4064 τῷ
1030 3998 1482 4067 προτειχίσματι
1514 3999 1622 4052 τοῦ
1677 3995 2070 4066 Ἰσραήλ.Καὶ

487 4085 558 4140 ἐν
601 4086 683 4152 τῷ
737 4087 1000 4142 ἀκοῦσαι
1063 4088 1286 4156 Ἀχαὰό
1323 4090 1466 4156 τοὺς
1524 4090 1747 4159 λόγους
1797 4091 2067 4158 τούτους,

487 4175 760 4245 διέρρηξε
780 4177 851 4233 τὰ
880 4177 1078 4246 ίμάτια
1103 4178 1308 4243 αὐτοῦ,
1361 4180 1460 4235 καὶ
1486 4181 1654 4235 ἔθετο
1688 4180 1922 4235 σάκκον
1971 4179 2070 4235 ἐπὶ

488 4265 604 4333 τὴν
632 4267 828 4336 σάρκα
854 4270 1059 4335 αὑτοῦ,
1092 4270 1585 4344 καιιέν-ἠστευσε,
1636 4271 1736 4325 καὶ
1783 4272 2068 4342 ἐκοιμήθη

487 4358 558 4412 ἐν
604 4359 684 4424 τῷ
717 4359 946 4426 σάκκῳ.
990 4361 1100 4414 Καὶ
1145 4361 1384 4430 ἐγένετο
1428 4365 1608 4433 λόγος
1642 4365 1864 4432 Κυρίου
1919 4363 2071 4431 πρὸς

2173 3549 2244 3604 Et
2275 3549 2475 3618 factum
2516 3556 2592 3600 est
2619 3545 2834 3601 verbum
2894 3543 3111 3597 Domini
3153 3543 3223 3596 ad
3279 3542 3482 3607 Eliam,
3541 3541 3753 3594 dicens:

2171 3639 2356 3694 Vidisti
2379 3639 2518 3709 quod
2547 3638 2796 3707 confusus
2826 3644 2902 3690 est
2933 3634 3149 3691 Achaab
3191 3651 3225 3687 a
3265 3633 3400 3702 facie
3448 3648 3562 3688 mea
3583 3632 3609 3685 ?
3636 3630 3756 3685 Non

2169 3728 2422 3782 inducam
2454 3727 2658 3781 malum
2690 3727 2747 3780 in
2779 3725 2959 3779 diebus
2988 3725 3100 3794 ejus
3131 3723 3199 3776 ".
3230 3721 3400 3776 David
3433 3729 3620 3776 autem
3652 3721 3752 3784 ait,

2170 3817 2515 3890 Iniquitatem
2549 3835 2722 3873 meam
2744 3819 3012 3888 cognitam
3045 3815 3162 3886 feci,
3189 3821 3236 3868 et
3267 3823 3538 3885 peccatum
3583 3829 3758 3867 meum.

2172 3927 2278 3964 non
2311 3911 2580 3963 abscondi.
2603 3909 2760 3963 Dixi:
2795 3907 3093 3976 Confitebor
3133 3906 3411 3960 adversum
3443 3921 3524 3958 me
3555 3905 3754 3974 iniqui-

2173 4012 2336 4056 tatem
2370 4001 2612 4064 Domino,
2641 4009 2690 4054 et
2718 4009 2774 4053 tu
2808 3999 3059 4054 remisisti
3080 3999 3404 4067 impietatem
3439 3997 3610 4050 cordis
3633 3997 3751 4050 mei.

2171 4093 2278 4148 Pro
2297 4095 2394 4147 hac
2408 4079 2579 4147 orabit
2615 4092 2683 4145 ad
2711 4100 2760 4144 te
2789 4092 2960 4145 omnis
2980 4099 3193 4144 sanctus
3219 4090 3273 4142 in
3305 4098 3536 4157 tempore
3559 4104 3725 4157 oppor
3744 4117 3755 4128 -

2173 4169 2336 4248 tuna;
2370 4184 2505 4236 etin
2531 4181 2729 4236 diluvio
2765 4198 3032 4252 aquarum
3057 4178 3346 4234 multarum
3381 4179 3449 4232 ad
3499 4195 3618 4232 eum
3650 4195 3755 4230 non

2176 4275 2626 4346 approximabunt
2662 4275 2730 4329 ³⁸.
2773 4275 2945 4329 Porro
2979 4273 3246 4328 Dominus
3307 4273 3362 4325 in
3413 4270 3751 4339 Evangelio:

2175 4365 2547 4422 Paznitentiam
2578 4368 2737 4437 agite,
2770 4366 2970 4435 inquit,
2997 4365 3441 4436 appropinquavit
3487 4363 3625 4415 enim
3668 4378 3752 4414 re-

501 4451 728 4516 Ἣλιοῦ,
759 4453 953 4524 λέγων
977 4471 991 4484 ⁶
1035 4453 1148 4509 Ἰδέ
1174 4455 1262 4508 ὅτι
1280 4454 1302 4528 [
1320 4455 1393 4510 al.
1421 4456 1572 4528 πῶς
1595 4456 1888 4524 ἐνετράπη
1921 4457 2061 4529 [δὴ.

2169 4477 2331 4532 gnum
2363 4458 2612 4512 caelorum
2633 4458 2698 4512 ³⁸.
2731 4457 2893 4524 Quin,
2914 4458 3078 4512 Petro
3104 4457 3500 4526 interrogante,
3543 4453 3753 4520 Quoties

502 4542 786 4612 Ἑώρακας
821 4543 896 4608 ὡς
923 4544 1219 4614 κατενύγη.
1273 4541 1510 4609 Επεῖδες
1533 4544 1651 4617 ὅτι]
1697 4547 1753 4598 Ἀ
1763 4548 1919 4614 χαὰϐ
1944 4547 2063 4600 ἀπὸ

493 4633 815 4701 προσώπου
831 4653 970 4702 μου.
1001 4637 1121 4690 Οὐκ
1141 4635 1342 4700 ἐπάξω
1357 4638 1572 4690 κακίαν
1591 4637 1660 4690 ἐν
1674 4636 1803 4700 ταῖς
1823 4637 2067 4706 ἡμέραις

491 4724 696 4778 αὑτοῦ.
738 4723 798 4777 'U
825 4724 884 4778 δὲ
917 4726 1080 4780 Δαόὶδ
1119 4727 1251 4796 φησι
1276 4743 1291 4758 ο
1329 4729 1446 4795 Τὴν
1473 4729 1731 4798 ἀνομίαν
1745 4746 1863 4795 μου
1893 4727 2069 4798 ἐγνώ-

484 4829 650 4882 ρισα,
684 4815 781 4868 καὶ
801 4815 918 4883 τὴν
945 4817 1239 4887 ἁμαρτίαν
1258 4838 1378 4888 μου
1403 4823 1513 4874 οὐκ
1553 4821 1850 4890 ἐκάλυψα.
1889 4819 2067 4888 Εἶπα,

504 4905 916 4974 Ἐξαγόρευσα
990 4909 1116 4961 κατ’
1161 4908 1308 4978 ἐμοῦ
1367 4909 1482 4978 τὴν
1514 4911 1772 4980 ἀνομίαν
1811 4931 1931 4983 μου
1988 4913 2067 4979 τῷ

494 4998 706 5064 Κυρίῳ,
747 4997 843 5051 καί
867 4998 948 5051 σὺ
974 4997 1214 5067 ἀφῆκας
1236 5001 1351 5067 τὴν
1377 4999 1662 5055 ἀσέϐειαν
1685 5002 1794 5071 τῆς
1822 5005 2066 5072 καρδίας

2169 4551 2224 4604 in
2249 4551 2349 4615 die,
2375 4551 2420 4603 si
2448 4549 2732 4620 peccaverit
2755 4551 2808 4602 in
2838 4565 2919 4602 me
2957 4549 3124 4618 frater
3154 4563 3319 4606 meus,
3356 4546 3619 4598 dimittam
3654 4545 3699 4596 ei
3726 4544 3748 4595 ?

2170 4658 2332 4714 usque
2358 4643 2545 4713 septies
2562 4642 2642 4695 ’7?
2681 4640 2983 4710 respondet
3015 4641 3089 4705 ci,
3121 4639 3216 4710 qui
3240 4647 3436 4692 natura
3465 4636 3666 4697 bonus,
3698 4643 3754 4688 et

2172 4736 2329 4803 cujus
2362 4731 2760 4788 inrestimabilis
2779 4732 2979 4786 lenitas
3005 4747 3069 4785 ac
3093 4729 3408 4799 benignitas
3441 4734 3526 4780 est
3564 4743 3576 4777 :
3633 4725 3752 4778 Non

2175 4825 2288 4877 dico
2320 4824 2409 4876 tibi
2453 4823 2663 4892 septies,
2721 4821 2812 4874 sed
2866 4837 3029 4891 usque
3073 4819 3422 4888 septuagesies
3483 4816 3668 4885 septies
3687 4816 3749 4868 “.

2172 4914 2312 4980 Quid
2351 4913 2481 4966 huic
2508 4927 2606 4982 par
2630 4912 2896 4966 bonitati?
2922 4909 3064 4977 Quid
3090 4918 3296 4964 tantam
3327 4907 3468 4960 hanc
3496 4905 3750 4959 humani-

2175 5013 2340 5060 tatem
2369 5019 2608 5073 :equare,
2639 5012 2735 5056 aut
2779 5018 2904 5056 cum
2931 5017 2995 5055 ea
3030 4999 3269 5054 conferri
3295 4997 3489 5068 possit.

491 5105 624 5156 μου.
676 5089 855 5157 ’Υπὲρ
913 5091 1129 5156 ταύτης
1180 5092 1574 5158 προσεύξεται
1624 5094 1774 5161 πρὸς
1812 5095 1886 5146 σέ
1949 5093 2070 5161 πᾶς
2108 5093 2276 5161 ὅσιος
2301 5094 2370 5147 ἐν
2392 5091 2573 5162 καιρῷ
2597 5093 2856 5160 εὐθέτῳο
2909 5092 3007 5145 καὶ
3031 5091 3103 5144 ἐν
3163 5086 3566 5160 κατακλυσμῷ
3606 5085 3747 5140 ὑδά-

491 5193 608 5228 των
628 5177 876 5231 πολλῶν
897 5179 1045 5244 πρὸς
1059 5181 1245 5233 αὑτὸν
1281 5183 1390 5234 οὐκ
1406 5182 1735 5251 ἐγγιοῦσιν.
1766 5183 1852 5236 Ἐν
1889 5185 1945 5238 δὲ
1973 5183 2052 5255 τῷ
2089 5183 2406 5254 Εὑαγγελίῳ
2457 5186 2486 5237 ὁ
2531 5175 2736 5254 Κύριος
2758 5223 2774 5250 ,
2841 5179 3211 5246 Μετανοεῖτε,
3281 5180 3464 5250 φησιν.
3527 5178 3740 5247 ἥγνισε

491 5266 603 5336 γὰρ
641 5269 680 5336 ἠ
722 5270 1014 5333 ,βασιλεία
1055 5270 1174 5322 τῶν
1221 5272 1512 5340 οὐρανῶν.
1563 5275 1668 5328 Τοῦ
1724 5276 1781 5330 δὲ
1818 5277 2023 5348 Πέτρου
2097 5276 2427 5349 πυθομένου,
2483 5275 2747 5344 Ποσάκις
2810 5274 2922 5344 τῆς
2977 5273 3222 5347 ἡμέρας,
3256 5273 3365 5328 ἐὰν
3401 5275 3631 5343 ἁμάρτῃ
3664 5272 3753 5336 εις

491 5357 595 5425 ἐμὲ
621 5359 935 5427 όάδελφός
953 5378 1091 5429 μου,
1120 5362 1336 5430 ἀφήσω
1373 5367 1534 5433 αὐτῷ
1560 5384 1577 5400 ·
1617 5368 1727 5435 ἕως
1774 5369 2060 5437 emam;
2098 5372 2456 5442 ἀποκρίνεται
2502 5370 2650 5442 αὑτῷ
2695 5372 2724 5424 ὁ
2792 5369 2951 5439 φύσει
3013 5366 3218 5438 ἀγαθὸς
3271 5368 3366 5422 καὶ
3429 5367 3752 5428 ἀνείκαστος

491 5447 551 5500 ὲν
602 5451 960 5519 χρηπότητι·
1003 5453 1086 5505 οὐ
1133 5452 1288 5523 λέγω
1327 5470 1425 5510 σοι
1457 5457 1722 5526 ἑπτάκις,
1767 5461 1904 5514 ἀλλ’
1952 5460 2062 5527 ἕως
2098 5460 2594 5531 ἑϐδομηκοντάκις
2646 5458 2820 5514 ἑπτά.
2874 5459 2940 5513 Ti
2968 5459 3173 5527 ταύτης
3239 5459 3337 5530 τῆς
3413 5460 3751 5532 ἀγαϐότητος

497 5543 815 5613 ἱσόρῤοπονς
849 5543 903 5596 τί
970 5542 1174 5614 ταύτης
1254 5547 1352 5617 τῆς
1429 5549 1841 5620 φιλανθρωπίας
1910 5553 2241 5624 ἐφάμιλλονς

567 5654 877 5732 Διειιε.
906 5660 1012 5732 12.
1090 5660 1131 5692 ³¹
1165 5661 1268 5716 lsa.
1302 5679 1338 5728 ι,
1372 5664 1458 5727 16,
1488 5665 1574 5720 19.
1652 5667 1695 5699 ³³
1721 5668 1838 5722 Joel
1892 5685 1950 5730 ιι,
1989 5670 2075 5732 12,
2112 5671 2199 5724 15.

497 5721 682 5780 27-29.
760 5727 804 5758 ⁸⁸
836 5729 976 5784 Psal.
1011 5747 1155 5798 mu,
1180 5733 1233 5798 5,
1265 5721 1337 5786 6(
1397 5721 1654 5791 “Matth.
1691 5721 1962 5802 “517.33
1994 5721 2068 5793 iii

2219 5757 2368 5808 mn,
2395 5721 2510 5794 ειξ
2531 5721 2606 5772 Ὦ
2641 5721 2901 5796 asins.

2334 5670 2380 5701 ³⁸
2410 5667 2606 5723 Ezech.
2644 5686 2832 5732 χχχιιι,
2865 5671 3054 5728 10-14.
3155 5669 3199 5700 ³⁵
3229 5668 3299 5722 ιιι
3331 5667 3470 5736 Reg.
3516 5681 3629 5729 ut,
3663 5667 3753 5728 l9,
