4066 6188
413 263 514 333 951

1554 271 1613 333 S.
1654 274 1937 334 ΜΑΧΙΜΙ
1977 274 2485 339 CONFESSORIS

3568 290 3682 357 962

483 378 574 434 41.
608 377 711 446 Qui
749 375 916 450 igitur
944 376 1159 433 Domini
1184 376 1462 442 timorem,
1489 380 1716 450 ejusque
1736 380 1991 451 benigni-

2170 385 2281 454 μα’.
2327 385 2657 454 Ἐγνωκότες
2680 381 2773 441 οὖν
2796 388 2886 446 τὸν
2912 391 3004 446 τοῦ
3038 393 3243 466 Κυρίου
3274 396 3462 467 φόϐον,
3498 397 3598 470 τήν
3619 415 3681 454 ss

412 479 583 528 tatem
616 478 674 527 et
730 468 1077 525 clementiam
1124 483 1189 523 ac
1225 468 1663 525 misericordiam
1685 513 1699 537 ,
1766 486 1890 525 cum
1927 487 1994 527 ex

413 561 633 625 Veteri,
673 568 792 614 tum
825 574 891 614 ex
922 558 1077 612 Novo
1108 556 1485 612 instrumento
1512 559 1851 628 exploratam
1898 559 1994 613 ha-

2095 470 2438 548 χρηστὸὲητα
2463 479 2626 533 αὑτοῦ
2669 481 2761 533 καὶ
2806 483 2905 556 τὴν
2936 485 3342 557 φιλανθρωπίαν
3380 488 3445 544 εκ
3492 507 3556 544 τε
3580 492 3679 561 τῆς

2097 569 2336 633 Παλαϊας
2371 570 2585 642 καὶτῆς
2615 572 2822 643 Καινῆς
2848 575 3135 648 διαθήκης,
3172 579 3595 652 ἐπιστρέψωμεν
3620 583 3678 650 ἐξ

412 652 662 715 beamus,
696 656 1084 705 convertamur
1116 663 1184 703 ex
1208 655 1323 703 toto
1360 648 1527 704 corde
1552 657 1783 716 nostro;
1809 659 1866 705 et
1896 664 1996 704 cur

2104 661 2223 730 ὅλης
2255 662 2354 732 τῆς
2389 661 2612 731 καρδίας
2654 663 2811 735 ἡμῶν
2837 681 2851 695 °
2908 667 3005 721 καὶ
3058 667 3144 721 ἵνα
3197 669 3249 722 τί
3286 648 3676 749 ρπολλύμεθα,

411 756 727 815 pereamus,
750 739 990 796 fratres?
1005 740 1382 797 Emundemus
1405 756 1622 808 manus,
1640 751 1959 812 peccatores
1978 759 1991 794 :

412 839 579 896 corda
597 847 788 894 nostra
804 837 1197 904 castificemus,
1230 839 1324 909 qui
1358 838 1564 910 duplici
1592 839 1759 895 corde
1782 855 1993 895 sumus.

410 933 775 1003 Deploremus
832 941 891 985 et
944 929 1268 1000 plangamus
1307 945 1372 984 ac
1422 930 1708 1000 lugeamus
1770 937 1998 1000 propter

412 1032 642 1096 peccata
677 1031 892 1078 nostra.
933 1022 1125 1077 Pravis
1156 1021 1357 1077 studiis
1379 1023 1582 1077 nostris
1626 1021 1792 1077 finem
1822 1022 1998 1091 impo-

410 1129 613 1171 namus
647 1131 662 1169 :
695 1112 1149 1182 miserationibus
1173 1114 1393 1170 Domini
1440 1112 1604 1167 fidem
1654 1112 1993 1179 habeamus;

412 1209 594 1267 minas
618 1209 738 1281 ejus
770 1207 1105 1272 timeamus;
1164 1206 1341 1277 ipsius
1376 1203 1636 1259 mandata
1664 1217 1948 1259 servemus
1979 1220 1993 1256 :

415 1305 711 1375 diligamus
735 1300 973 1357 invicem
1001 1315 1069 1356 ex
1102 1307 1220 1355 toto
1248 1299 1436 1355 corde.
1470 1298 1748 1363 Dicamus,
1799 1297 1999 1352 fratres

414 1396 611 1461 nostri,
645 1403 702 1450 et
733 1394 821 1450 his
847 1394 943 1464 qui
977 1393 1217 1448 oderunt
1252 1407 1374 1457 nos,
1401 1407 1465 1447 ac
1493 1406 1593 1451 nos
1617 1398 1994 1457 exsecrantur,

415 1493 479 1539 ut
515 1500 722 1541 nomen
784 1482 1005 1538 Domini
1038 1482 1405 1554 gloriﬁcetur,
1437 1489 1493 1535 et
1542 1481 1598 1535 in
1651 1480 1996 1553 iucunditate

415 1594 515 1635 sua
544 1578 821 1634 videatur.
854 1577 963 1633 Alii
986 1577 1111 1631 aliis
1152 1575 1552 1641 condonemus,
1589 1574 1683 1644 qui
1717 1573 1807 1628 alii
1862 1573 1998 1627 alios

416 1681 699 1728 tentantes
724 1670 1025 1742 patiamur,
1058 1668 1202 1723 sicut
1234 1682 1425 1723 omnes
1451 1682 1481 1721 a
1514 1665 1792 1722 communi
1840 1665 1996 1720 hoste

2097 753 2335 822 ἀδελφοί;
2368 754 2773 827 Καθαρίσωμεν
2802 760 3011 829 χεῖρας,
3042 760 3093 813 oi
3115 760 3431 834 ἁμαρτωλοί
3455 780 3470 793 ·
3520 764 3676 831 ἁγνί-

2099 863 2279 917 σωμεν
2311 845 2411 911 τὰς
2441 847 2667 919 καρδίας
2696 849 2874 919 ἡμῶν,
2919 852 2970 904 oi
3005 852 3254 924 δίψυχοι·
3315 856 3678 927 ταλαιταορή-

2098 956 2281 1010 σωμεν
2330 941 2424 993 καὶ
2477 939 2854 1014 πενθήσωμεν,
2914 944 3010 999 xui.
3061 944 3386 1018 κλαύσωμεν
3438 946 3529 1000 διὰ
3577 945 3679 1011 τὰς

2097 1030 2368 1102 ἁμαρτίας
2398 1030 2576 1103 ⁴ἡμῶν.
2626 1033 2971 1106 Παυσώμεθα
3003 1036 3114 1090 ⁶ιιῶν
3156 1038 3432 1111 πονηριῶν
3474 1038 3676 1111 ἡμῶν

2098 1122 2479 1195 πιστεύσωμεν
2507 1126 2627 1187 ταῖς
2658 1125 3048 1199 εὔπλαγχνίαις
3086 1127 3181 1182 τοῦ
3223 1129 3435 1202 Κυρίου
3462 1148 3478 1162 ο
3507 1132 3679 1202 φοϐη-

2099 1213 2281 1286 θῶμεν
2320 1216 2420 1279 τὰς
2458 1216 2686 1281 ἀπειλὰς
2720 1218 2907 1287 αὑτοῦ,
2941 1218 3264 1291 φυλάξωμεν
3302 1222 3403 1285 τὰς
3455 1222 3679 1287 ἐντολὰς

2098 1307 2298 1362 αὐτοῦ·
2371 1309 2748 1379 ἀγαπήσωμεν
2799 1309 3064 1379 ἀλλήλους
3129 1312 3188 1379 ἐξ
3239 1312 3367 1381 ὅλης
3422 1314 3675 1386 καρδίας.

2099 1400 2377 1470 Είπωμεν,
2426 1399 2666 1469 ἀδελφοὶ,
2719 1400 2899 1472 ᾐμῶν,
2952 1402 3046 1455 καὶ
3087 1404 3197 1466 τοῖς
3245 1402 3496 1474 μισοῦσιν
3530 1406 3677 1476 ἡμᾶς

2100 1490 2194 1544 καὶ
2224 1490 2694 1561 βδελυσσομένοις,
2726 1491 2811 1544 ίνα
2848 1492 2906 1544 τὸ
2937 1492 3110 1562 ὄνομα
3165 1494 3371 1564 Κυρίου
3421 1492 3673 1565 δοξασθῇ,

2100 1584 2194 1635 καὶ
2223 1581 2359 1654 ὀφθῇ
2396 1584 2453 1636 ἐν
2484 1585 2549 1653 τῇ
2573 1582 2880 1654 εὐφροσύνῃ
2904 1583 3087 1638 αὑτοῦ.
3116 1584 3305 1656 Δῶμεν
3345 1584 3676 1655 συγγνώμην

2100 1674 2372 1745 ἀλλήλοις,
2401 1675 2468 1729 δι’
2498 1675 2744 1744 ἀλλήλων
2787 1676 3191 1747 πειραζόμενοι,
3228 1677 3302 1739 ὡς
3342 1677 3547 1739 πάντες
3575 1676 3676 1730 ὑπὸ

418 1765 828 1833 impugnamur.
864 1758 1196 1815 Obnitamur
1219 1757 1650 1829 cogitationibus
1672 1756 1877 1810 nostris
1921 1763 1998 1809 at-

2104 1766 2283 1820 κοινοῦ
2334 1765 2527 1838 ἐχθροῦ
2576 1766 2991 1836 πολεμούμενοι.
3039 1768 3404 1837 Ἀντιστῶμεν
3442 1770 3558 1832 τοῖς
3588 1767 3677 1820 lo-

420 1871 528 1925 qne
555 1854 728 1918 vitiis,
753 1852 927 1907 Deum
969 1850 1275 1921 adiutorem
1334 1850 1675 1911 invocantes,
1720 1845 1995 1917 nequissi-

419 1961 651 2017 mosque
682 1959 747 2000 ac
797 1942 1113 1999 immundos
1146 1942 1376 2013 spiritus
1421 1957 1452 1996 a
1514 1938 1677 1995 nobis
1723 1939 1992 2011 fugemus.

421 2035 659 2091 Carnem
680 2032 902 2104 spiritui
935 2030 1296 2102 subjiciamus
1323 2029 1390 2094 ³³,
1441 2028 1761 2099 subigentes
1789 2041 1910 2082 eam
1940 2034 1997 2081 et

420 2127 800 2200 suggillantes,
831 2139 896 2178 ac
930 2122 1199 2178 severiori
1229 2120 1377 2175 omni
1419 2119 1709 2189 disciplina
1738 2118 1999 2173 addicen-

421 2228 543 2274 tes:
577 2215 940 2271 Emundemus
962 2230 1054 2267 nos
1079 2213 1143 2266 ab
1170 2213 1315 2265 omni
1355 2212 1759 2281 inquinamento
1816 2207 1996 2262 carnis

421 2319 470 2365 et
502 2310 719 2381 spiritus
744 2307 811 2361 ⁵⁸.
860 2305 967 2360 Alii
1023 2304 1159 2357 alios
1197 2302 1520 2364 excitemus,
1572 2299 1640 2354 ad
1688 2298 1998 2353 dilectionis

420 2405 800 2472 bonorumque
827 2413 1059 2469 operum
1107 2393 1511 2465 prorritandam
1570 2391 1994 2447 aemulationem.

421 2496 502 2552 Ne
527 2495 617 2550 alii
654 2493 775 2549 aliis
800 2490 1164 2549 invideamus.
1190 2503 1294 2542 nec
1321 2485 1525 2556 quibus
1570 2484 1853 2539 invideant
1880 2483 1993 2549 alii,

421 2586 682 2644 amariori
709 2585 891 2640 animo
912 2582 1085 2637 simus
1113 2598 1127 2634 :
1164 2579 1322 2649 391
1362 2578 1496 2647 quin
1525 2576 1710 2646 potius
1755 2574 1846 2629 alii
1877 2574 1998 2629 aliis

418 2678 735 2737 miserantis
767 2675 966 2731 affectu
989 2673 1393 2742 impendamur,
1456 2681 1762 2737 sensusque
1810 2665 1999 2721 mode-

421 2772 530 2828 stia
558 2770 795 2826 invicem
839 2764 1177 2820 medeamur.
1208 2762 1286 2817 Ne
1309 2760 1400 2815 alii
1452 2758 1575 2813 aliis
1619 2756 1994 2821 detrahamus,

378 2923 394 2938 ,
422 2877 562 2919 neve
587 2858 853 2917 conviciis
878 2858 1114 2936 invicem
1147 2852 1585 2926 proscindamus,
1621 2849 1751 2921 quia
1807 2864 1999 2904 sumus

421 2956 517 3011 alii
541 2954 775 3009 aliorum
806 2949 1056 3006 membra
1083 2932 1153 3002 δι.
1181 2945 1538 3002 Excutiamus
1561 2958 1592 2998 a
1626 2941 1788 2999 nobis
1818 2939 1998 3011 negli-

421 3045 663 3117 gentiam
697 3058 761 3099 ac
787 3041 1096 3113 segnitiem,
1120 3039 1496 3109 adversusque
1529 3036 1756 3107 spiritus
1796 3033 1997 3103 nequi-

2102 1862 2323 1931 γισμοίς
2362 1859 2541 1931 ἡμῶν,
2590 1859 2682 1912 τὸν
2735 1859 2867 1912 Θεὸν
2911 1862 2991 1922 είς
3036 1861 3351 1932 συμμαχίαν
3386 1860 3679 1914 ἐπικαλού-

2106 1966 2289 2020 μενον
2326 1950 2421 2002 καὶ
2477 1949 2870 2020 φυγαδεύιομεν
2919 1950 2977 2015 ὲξ
3014 1951 3171 2019 ήμῶν
3218 1950 3285 2004 τὰ
3327 1951 3544 2024 πονηρὰ
3585 1952 3684 2006 καὶ

2103 2041 2391 2110 ἀκάθαρτα
2442 2040 2751 2112 πνεύματα.
2793 2042 3193 2113 ’Υποτάξωμεν
3232 2042 3330 2119 τὴν
3378 2044 3563 2116 σάρκα
3600 2043 3713 2115 τῷν

2104 2132 2399 2203 πνεύματι,
2460 2131 2872 2197 ὑπωπιάζοντες
2934 2134 3029 2186 καὶ
3089 2120 3563 2202 δουλαγωγοῦντες
3611 2133 3681 2188 δι’

2106 2225 2323 2294 ἁπάσης
2353 2221 2750 2286 κακοπαθείας’
2807 2223 3236 2293 Καθαρίσωμεν
3265 2223 3520 2291 ἑαυτοὺς
3558 2223 3683 2278 ἀπὸ

2104 2317 2329 2381 παντὸς
2361 2312 2685 2384 μολυσμοῦ
2725 2313 2954 2383 σαρκὸς
3003 2315 3101 2369 καὶ
3164 2316 3534 2384 πνεύματος.
3586 2317 3683 2369 Δι-

2104 2406 2405 2477 εγείρωμεν
2442 2405 2707 2477 ἀλλήλους
2763 2407 2843 2468 είς
2904 2403 3252 2476 παροξυσμὸν
3307 2406 3534 2478 ἀγάπης
3585 2406 3687 2460 καὶ

2104 2498 2286 2553 καλῶν
2343 2498 2536 2568 ἔργων.
2617 2495 2711 2567 Μὴ
2770 2495 3130 2567 φθονήσωμεν
3198 2495 3474 2565 ἀλλήλοις,
3541 2496 3682 2567 μηδὲ

2104 2590 2457 2659 φθονούμενοι
2484 2587 2844 2660 ἀγριωθῶμεν
2863 2604 2877 2619 ο
2924 2586 3371 2660 συμπαθήσωμεν
3393 2587 3452 2640 δὲ
3478 2587 3684 2658 μᾶλλον

2104 2681 2378 2753 ἀλλήλοις,
2408 2682 2502 2734 καὶ
2534 2681 2622 2735 διὰ
2664 2678 3167 2750 ταπεινοφροσύνης
3205 2678 3469 2751 ἀλλήλους
3514 2676 3686 2733 iacti)-

2107 2775 2270 2846 μεθα.
2305 2775 2397 2846 Μὴ
2429 2771 2825 2843 καταλαλῶμεν
2859 2771 3127 2844 ἀλλήλων,
3190 2772 3327 2844 μηδὲ
3371 2770 3685 2844 σκώψωμεν

2104 2864 2364 2937 ἀλλήλους
2394 2881 2409 2896 ο
2449 2865 2531 2919 ὅτι
2560 2863 2726 2935 ἐσμὲν
2761 2862 3008 2935 ἀλλήλων
3048 2862 3204 2934 μέλη.
3257 2862 3685 2934 Ἀποὸἀλλωμεν

2104 2958 2198 3027 ἀφ’
2229 2955 2386 3028 ἡμῶν
2417 2955 2516 3028 τὴν
2543 2955 2802 3026 ἀμέλειαν
2834 2956 2929 3009 καὶ
2947 2954 3046 3027 τὴν
3073 2954 3346 3027 ῥαθυμίαν
3366 2971 3382 2988 ο
3418 2956 3513 3010 καί⁸
3537 2955 3688 3010 στῶ-

2108 3066 2207 3121 μεν
2244 3049 2509 3120 ἀνδρείως
2551 3050 2690 3106 κατὰ
2750 3049 2860 3103 τῶν
2918 3050 3242 3121 πνευμάτων
3278 3051 3380 3123 τῆς
3416 3051 3691 3124 πονηρίας

423 3142 515 3196 tia:
536 3138 757 3195 fortiter
788 3144 1017 3191 stemus.
1050 3134 1237 3189 Jesum
1268 3132 1549 3188 Christum
1591 3132 1801 3202 justum
1830 3126 1998 3182 advo-

2106 3117 2537 3215 ἇγωνιζόμενοιο
2621 3145 2716 3198 καὶ
2783 3142 2981 3215 ἔχομεν
3054 3117 3410 3217 παράκλητον
3473 3117 3693 3214 Ἰησοῦν

423 3238 606 3287 catum
632 3224 777 3297 apud
801 3225 1018 3279 Patrem
1043 3223 1339 3289 habemus;
1375 3231 1433 3278 et
1452 3222 1568 3293 ipse
1582 3229 1664 3277 est
1686 3217 2003 3291 propitiatio

423 3336 527 3390 pro
546 3316 789 3390 peccatis
810 3314 1015 3370 nostris
1030 3314 1106 3381 ";
1136 3328 1297 3383 quem
1324 3328 1465 3383 puro
1487 3311 1654 3366 corde
1665 3326 1735 3365 ex
1757 3318 1873 3365 toto
1889 3307 2006 3362 ani-

425 3428 516 3468 mo
532 3406 997 3473 orantes,veniam
1021 3413 1374 3476 peccatorum
1399 3419 1467 3459 ex
1491 3418 1559 3459 eo
1579 3416 2002 3472 consequemur.

424 3511 640 3570 Etenim
667 3525 827 3582 prope
848 3517 923 3562 est
953 3506 1208 3561 Dominus
1236 3505 1473 3560 omnibus
1492 3503 1851 3559 invocantibus
1884 3518 2003 3555 eum

338 3587 345 3595 ’
423 3610 482 3663 in
510 3604 732 3662 veritate
763 3600 832 3657 ”.
864 3599 1079 3658 idcirco
1097 3598 1175 3653 ait
1212 3615 1224 3651 :
1282 3597 1507 3652 Immola
1538 3596 1646 3650 Deo
1682 3592 2004 3663 sacriﬁcium

427 3696 621 3759 laudis,
662 3701 710 3747 et
736 3689 895 3745 redde
920 3688 1195 3744 Attissimo
1227 3694 1348 3741 uota
1370 3696 1461 3740 tua
1495 3700 1513 3739 :
1544 3693 1591 3738 et
1631 3685 1817 3738 invoca
1842 3696 1923 3736 me
1949 3683 2007 3737 in

427 3790 511 3844 die
547 3785 900 3841 tribulationis
933 3791 1035 3837 tua:
1062 3797 1080 3836 :
1106 3797 1291 3836 eruam
1329 3788 1376 3835 te
1393 3788 1440 3834 et
1468 3777 1785 3848 clariﬁcabis
1822 3793 1902 3832 me
1935 3776 2003 3829 “.

426 3877 533 3933 Sed
558 3887 614 3933 et
633 3890 858 3931 rursum
890 3874 1079 3938 Isaias,
1104 3870 1256 3927 Solve
1276 3888 1483 3926 omnem
1514 3868 1862 3941 alligaturam
1899 3871 2004 3925 ini-

425 3971 684 4041 quitatis:
721 3967 943 4023 dissolve
1006 3965 1350 4037 obligationes
1398 3964 1746 4019 violentorum
1788 3973 2004 4021 contra-

2106 3234 2339 3305 Χριστὸν
2360 3234 2567 3289 δίκαιον
2600 3236 2736 3308 πρὸς
2754 3234 2845 3289 τὸν
2863 3236 3082 3306 Πατέρα
3097 3250 3111 3265 ⁶
3149 3236 3244 3289 καὶ
3263 3235 3425 3299 αὐτὸς
3456 3235 3694 3307 ἱλασμός

2108 3330 2223 3381 ἐστι
2250 3330 2377 3400 περὶ
2398 3328 2507 3382 τῶν
2538 3327 2824 3401 ἁμαρτιῶν
2861 3328 3053 3400 ἡμῶν·
3087 3329 3180 3382 καὶ
3212 3328 3492 3399 δεηοιῖψεν
3514 3327 3694 3383 αὐτοῦ

2106 3421 2166 3474 ἑν
2194 3419 2411 3492 καθαρᾷ
2438 3420 2653 3492 καρδίᾳ,
2686 3419 2746 3486 ἐξ
2768 3420 2899 3493 ὅλης
2922 3419 3097 3492 ψυχῆς
3130 3419 3309 3491 ἡμῶν,
3331 3420 3427 3475 καὶ
3457 3420 3695 3491 ἀφίησιν

2107 3511 2239 3582 ἡμῖν
2268 3510 2369 3574 τὰς
2405 3510 2684 3582 ἁμαρτίας
2705 3509 2862 3581 ἡμῶν
2880 3527 2894 3542 ο
2927 3511 3052 3566 Ὀτι
3082 3510 3264 3587 ἐγγὺς
3289 3512 3505 3580 Κύριος
3533 3510 3696 3567 πᾶσι

2105 3602 2940 3672 τοῒςρπικαλουμένοιςαύτὸν
2974 3605 3337 3673 erit/inﬂata.
3373 3604 3467 3658 Διὸ
3502 3604 3694 3672 λέγει’

2109 3695 2311 3750 Θῦσον
2332 3693 2412 3762 τῷ
2451 3694 2573 3760 Θεῷ
2596 3695 2818 3750 θυσίαν
2849 3695 3155 3764 αἰνέσεως,
3199 3698 3298 3751 καί
3333 3695 3566 3763 ἀπόδος
3607 3696 3699 3763 τῷ

2116 3786 2385 3856 ’Υψίστῳ
2428 3786 2533 3852 τὰς
2561 3784 2748 3856 εὐχάς
2782 3800 2923 3841 σου.
2963 3786 3074 3841 Καὶ
3115 3786 3478 3843 (immeo!
3504 3804 3589 3858 με
3616 3787 3703 3845 ἐν

2106 3878 2298 3948 ἡμέρᾳ
2366 3877 2624 3948 causa;
2688 3894 2805 3933 σου
2832 3894 2846 3908 '
2896 3878 2997 3934 καὶ
3059 3879 3384 3951 ἐξελοῦμαί
3426 3893 3533 3949 σε,
3552 3881 3703 3945 rm!

2106 3970 2388 4037 δοξάσεις
2415 3987 2513 4039 με.
2549 3970 2659 4025 Καὶ
2682 3972 2711 4023 ὁ
2756 3970 2983 4035 Ἡσαΐας
3012 3971 3073 4025 δὲ
3102 3970 3293 4026 πάλινο
3331 3972 3453 4029 Aris
3476 3970 3703 4039 ,πάντα

429 4073 607 4115 ctuum
626 4078 644 4127 ;
666 4061 872 4115 dimitte
910 4060 1205 4130 confractos
1232 4059 1286 4112 in
1315 4059 1620 4112 remissione
1646 4099 1661 4124 ,
1709 4067 1757 4113 et
1799 4076 2006 4115 omnem

427 4158 747 4228 scripturam
779 4156 1020 4225 iniquam
1051 4152 1346 4207 conscinde.
1380 4151 1591 4223 Frange
1619 4154 1867 4208 esurienti
1905 4172 2006 4226 pa-

2108 4063 2460 4133 σύνδεσμον
2492 4062 2747 4130 ἀδικίας,
2806 4062 3020 4119 διάλυε
3043 4062 3449 4148 (Imma;-
3466 4061 3705 4133 ,σαψ

2107 4154 2651 4224 συναλιαγμάτων,
2703 4154 3054 4210 derdere/Us
3096 4153 3707 4225 τεθραυσμένους-δν

428 4266 545 4304 nem
572 4256 743 4314 tuum,
775 4256 825 4302 et
844 4262 1104 4319 pauperes
1144 4244 1258 4301 'sine
1304 4251 1438 4299 tecto
1483 4245 1641 4299 indue
1685 4245 1741 4299 in
1793 4246 1998 4301 domum

2107 4247 2341 4317 ἀφέσει,
2379 4247 2478 4302 καί
2523 4244 3131 4318 πᾶσανσυγγραςοήν
3170 4246 3387 4305 ἄδικον
3436 4246 3705 4317 δεήσαι..

427 4338 597 4395 tuam.
633 4337 690 4394 Si
713 4338 903 4393 videris
926 4338 1148 4403 nudum,
1190 4337 1336 4409 aperi
1345 4354 1365 4415 ,'
1396 4344 1446 4390 et
1465 4336 1770 4392 domesticos
1790 4338 1998 4392 semini:

2108 4341 2435 4408 Διάθρυπτε
2480 4338 2760 4394 πεινῶντι
2793 4339 2900 4395 τὸν
2919 4339 3104 4408 ἄρτον
3120 4354 3261 4406 σου,
3287 4339 3388 4396 καί
3412 4338 3707 4411 8m

428 4433 506 4488 tui
531 4448 595 4487 ne
632 4431 947 4502 despexeris.
1000 4428 1144 4484 Tunc
1176 4437 1411 4499 erumpet
1453 4430 1778 4483 matutinum
1825 4428 1998 4483 lumen

2107 4431 2403 4501 ἀστέγους
2439 4430 2724 4501 εἰσάγαγε
2747 4431 2835 4497 είς
2874 4429 2985 4489 τὸν
3011 4425 3182 4485 οἷκόν
3205 4446 3343 4491 σου.

429 4538 599 4591 tuum,
643 4533 691 4578 et
727 4525 982 4579 sanitates
1015 4531 1119 4578 tute
1145 4521 1298 4577 citius
1328 4523 1587 4576 orientur.
1620 4523 1687 4577 Et
1713 4523 1916 4593 praeibit
1949 4524 1998 4577 in

2108 4522 2362 4594 γυμνὸν,
2409 4521 2733 4590 περιϐαλε’
2782 4520 2886 4576 καί
2938 4520 3065 4577 ἀπὸ
3102 4519 3248 4591 ,τῶν
3301 4514 3545 4579 om
3588 4522 3731 4583 sui.

428 4624 704 4688 conspectu
737 4625 824 4671 tuo
854 4615 1060 4686 iustitia
1099 4623 1212 4678 tua,
1239 4622 1288 4666 et
1312 4613 1486 4684 gloria
1514 4612 1612 4667 Dei
1663 4614 1998 4668 circumdabit

2108 4612 2448 4682 σπέρματός
2470 4625 2588 4666 σου
2630 4612 2703 4666 οὐ
2751 4612 3011 4681 παρόψει
3059 4609 3183 4685 [Fr-
3226 4610 3327 4684 οὐκ

429 4719 480 4761 te
507 4707 575 4762 ".
605 4707 748 4776 Quid
770 4723 899 4762 vero
923 4706 1231 4776 prazterea?
1264 4706 1408 4760 Tune
1452 4704 1728 4771 clamabis,
1764 4714 1813 4760 et
1867 4706 1998 4785 Deut

2112 4704 2249 4759 Τότε
2300 4701 2634 4771 ῥαγήσεται
2682 4699 2951 4769 πρώϊμον
2982 4700 3049 4754 τὸ
3096 4700 3227 4770 φῶς
3272 4716 3416 4767 σου,

428 4802 674 4855 exaudiet
704 4810 751 4854 te
776 4817 794 4855 :
817 4800 988 4854 adhuc
1022 4799 1264 4871 loquente
1289 4806 1360 4863 te,
1389 4799 1525 4853 dicet
1556 4816 1575 4853 :
1612 4798 1746 4853 Ecce
1796 4798 1998 4852 adsum.

2111 4797 2326 4867 ἰάματά
2371 4813 2489 4851 σου
2531 4796 2684 4866 ταχὺ
2708 4795 3005 4851 ἀνατελεῖ.
3054 4797 3164 4851 Καὶ
3209 4797 3703 4871 19W.

428 4892 573 4947 Tunc
598 4894 795 4946 orietur
826 4892 881 4946 in
907 4891 1131 4945 tenebris
1167 4890 1345 4944 lumen
1374 4898 1544 4953 tuum,
1575 4898 1623 4943 et
1657 4890 1882 4944 tenebrte
1905 4897 1998 4943 tua

2108 4889 2450 4961 ἔμπροσθέν
2464 4907 2581 4945 σου
2598 4891 2636 4957 ἡ
2652 4889 3008 4959 δικαιοσύνη
3028 4904 3165 4946 σου·
3181 4891 3283 4957 καί
3303 4889 3461 4957 δόξα
3472 4892 3703 4965 Kuh

430 4993 585 5038 erunt
604 4985 737 5038 sicut
767 4984 1028 5039 meridies.
1066 4983 1135 5038 Et
1177 4985 1273 5036 erit
1322 4982 1455 5035 Deus
1483 4992 1652 5035 tecum
1698 4997 1925 5051 semper,
1956 4990 1998 5034 et

2113 4984 2457 5070 περιστελεῖ
2478 5002 2570 5040 σε.
2598 4984 2708 5039 Καὶ
2731 4984 2784 5038 τί
2816 4985 2877 5038 τὸ
2898 4986 2990 5037 ἐπὶ
3017 4984 3250 5051 τούτοιςς
3304 4974 3697 5063 Nam

429 5076 726 5147 impleberis
754 5077 888 5130 sicut
910 5076 1169 5130 desiderat
1199 5074 1381 5128 anima
1414 5073 1585 5126 tua“.
1620 5072 1784 5129 Vides
1821 5088 1886 5127 ea
1917 5087 1998 5126 ra-

2116 5076 2214 5130 καὶ
2254 5078 2286 5129 ὀ
2335 5075 2480 5142 Θεὸς
2529 5076 2954 5131 εὶσακούσεται
3001 5091 3149 5132 σουο
3221 5077 3312 5132 ἔτι

432 5168 605 5232 tione,
633 5166 781 5238 quod
806 5167 1186 5237 colligaturain
1209 5161 1516 5235 iniquitatis
1539 5179 1605 5219 ex
1636 5163 1803 5219 corde
1819 5171 1998 5219 nostra

2119 5179 2256 5227 σου,
2301 5165 2440 5233 ἐρεῖ,
2499 5163 2657 5220 Ἰδοὺ
2696 5165 2953 5238 πάρειμι.
3011 5167 3149 5223 Τότε

434 5261 699 5316 solvimus
733 5301 747 5325 ,
807 5274 1138 5328 omnemque
1197 5257 1594 5329 obligationem
1644 5256 1998 5312 violentorun

2118 5256 2323 5312 σκότει
2345 5256 2411 5310 τὸ
2434 5256 2559 5326 φῶς
2586 5271 2726 5325 σου,
2757 5259 2858 5313 καί
2885 5259 2952 5313 τὸ
2977 5261 3201 5329 σκότος
3222 5278 3347 5319 σου

2117 5349 2270 5417 ϐρία.
2308 5349 2418 5403 Καὶ
2450 5349 2625 5404 ἔσται
2659 5349 2804 5417 Θεὸς
2839 5353 2991 5421 μετὰ
3022 5338 3691 5429 σοῦ

2113 5439 2522 5509 ἐμπλησθήσῃ
2552 5439 2704 5495 καθὰ
2738 5441 3018 5512 ἐπιθυμεῖ
3047 5443 3088 5512 ἡ
3133 5440 3306 5512 ψυχή
3341 5456 3485 5499 σου.

2112 5533 2195 5586 ὃτι
2226 5534 2281 5586 ἐν
2325 5530 2404 5602 τῷ
2449 5531 2600 5587 λύειν
2634 5532 2811 5587 πάντα
2856 5533 3157 5606 σύνδεσμον
3204 5535 3426 5600 ἀδικίας
3474 5535 3555 5607 ἐκ,
3590 5531 3690 5605 τῆς

437 5352 679 5407 rancoris
730 5358 1117 5407 contractuum
1170 5350 1544 5413 dissolvimus,
1592 5358 1758 5418 atque
1816 5346 2008 5418 proxi—

438 5458 585 5499 mum
616 5457 680 5498 ex
715 5452 829 5499 tota
857 5443 1065 5521 anima.
1100 5442 1317 5498 collatis
1365 5442 1421 5497 in
1477 5457 1604 5497 eum
1650 5440 2013 5505 muneribus,

435 5534 574 5589 denu
597 5535 703 5588 reri
758 5534 1065 5600 studemus,
1095 5534 1338 5589 scientiae
1392 5549 1493 5587 nos
1529 5533 1651 5587 luce
1676 5532 1989 5587 collustrari

507 5666 549 5697 ³³
568 5666 843 5749 λαως-εξ,
870 5668 959 5722 27.
1036 5669 1079 5698 ⁵ο
1108 5668 1173 5749 ψ
1201 5667 1329 5749 ρον.
1353 5684 1444 5749 ξιξ,
1582 5667 1642 5749 ﬂ“
1673 5667 1877 5749 .Enplies.
1902 5679 1998 5733 iv,‘

2165 5667 2205 5697 δ’
2241 5667 2442 5724 lJoan.
2471 5684 2528 5749 ιι,
2562 5667 2610 5721 Ι.
2681 5668 2725 5700 ’⁵⁸
2760 5667 2902 5724 Psai.
2934 5684 3111 5737 οων,
3272 5670 3275 5671 ⁷
3304 5670 3355 5706 ⁸⁵

442 5736 526 5799 Η,
564 5736 647 5787 15.
724 5737 768 5765 ³³
800 5736 900 5789 lsa.
932 5754 1075 5801 LVlll,
1108 5738 1155 5797 6,
1200 5738 1249 5788 8.
1332 5738 1372 5766 ³⁶
1410 5736 1541 5789 ibid.
1580 5738 1631 5801 9,
1672 5736 1753 5787 lO.
