4128 6210
394 267 500 334 953
1641 272 1872 332 LIBER
1920 273 2347 335 ASCETICUS.
3563 271 3669 334 95-1

391 383 628 458 καρδίας
689 378 870 455 ἡμῶν,
933 383 1028 437 καὶ
1079 383 1317 438 διαλύειν
1377 385 1557 439 πᾶσαν
1609 385 1972 457 στραγγαλιὰν

2080 395 2247 458 atque
2275 403 2306 442 a
2337 386 2622 457 probrosis
2665 385 2956 442 aﬁ‘ectibus
3004 384 3266 455 vitiisque
3318 383 3566 446 liberati,
3608 391 3666 438 et

394 476 586 549 βιαίων
619 473 1086 544 συναλλαγμάτων
1131 477 1497 547 μνησικακίας
1525 492 1537 505 ·
1591 479 1687 529 καὶ
1725 476 1972 530 σπεύδειν

2076 476 2225 529 omni
2264 475 2469 530 virtute
2495 476 2710 546 impleri
2747 493 2810 531 ac
2837 476 2930 530 Dei
2959 476 3208 530 claritate
3240 471 3518 543 perfundi,
3540 487 3664 526 om-
3723 526 3735 550 I

391 570 702 642 εὐεργετεῖν
740 561 832 620 τὸν
862 567 1091 638 πλησίον
1111 567 1170 634 ἐξ
1200 567 1328 635 ὅλης
1355 568 1556 639 ψυχῆς,
1603 567 1682 637 τῷ
1713 567 1853 636 φωτὶ
1878 567 1972 637 τῆς

2076 568 2244 636 nique
2298 568 2608 637 ignorantia
2675 568 2927 623 exsolvi?
2976 578 3142 636 atque
3199 565 3359 630 adeo,
3419 580 3542 634 quae
3595 579 3664 618 ex

392 659 648 728 γνώσεως
671 658 1151 730 περιλαμπόμεθα,
1176 659 1272 712 καὶ
1293 659 1400 710 τῶν
1423 658 1610 710 παθῶν
1632 659 1732 726 τῆς
1753 657 1972 727 ἀτιμίας

2076 654 2390 710 Christiana
2419 659 2625 727 pietate
2648 666 2780 712 sunt
2807 666 3032 713 orantes
3065 655 3447 718 exaudiemur,
3467 655 3668 708 Deum-

391 749 852 821 ἑλευθερούμεθα,
881 751 976 804 καὶ
1011 749 1192 820 πάσης
1230 749 1428 820 ἀρετῆς
1463 747 1843 819 πληρούμεθα,
1880 747 1972 800 καὶ

2076 763 2182 816 que
2209 764 2428 818 semper
2452 751 2740 805 nobiscum
2770 751 3190 814 habebimus,ac
3220 747 3495 803 desiderio
3517 747 3667 816 quod

394 841 499 895 ὑπὸ
521 843 619 912 τῆς
659 842 817 912 δόξης
842 842 935 896 τοῦ
961 841 1096 895 Θεοῦ
1139 840 1634 912 καταλαμπόμεθα,
1675 841 1768 893 καὶ
1793 839 1972 910 πάσης

2076 839 2265 908 pietati
2292 841 2486 906 lueret,
2517 843 2892 912 implebimur.

392 935 616 1003 ἀγνοίας
640 933 1111 1004 ἐλευθερούμεθαο
1156 935 1250 988 καὶ
1279 933 1706 1005 προσευχόμενοι
1741 933 1810 987 τὰ
1836 927 2101 1002 Χριστοῦ,
2136 933 2579 1005 εἰσακουόμεθα,.
2620 935 2714 988 καὶ
2776 934 2867 989 τὸν
2930 933 3064 988 Θεὸν
3113 932 3231 1004 μεθ’
3267 932 3425 1004 ἡμῶν
3458 932 3662 1001 ἕξομεν

391 1027 481 1082 διὰ
518 1027 738 1091 παντὸς,
779 1027 874 1081 καὶ
913 1027 1015 1097 τῆς
1060 1028 1200 1081 κατὰ
1233 1027 1365 1081 Θεὸν
1419 1027 1714 1098 ἐπιθυμίας
1745 1020 2126 1096 πληρούμεθα.

469 1120 576 1193 μβὀ
644 1122 1046 1192 Ἀγαπήεῖωμεν
1100 1118 1195 1176 οὖν
1252 1122 1546 1192 ἀλλήλους,
1585 1113 1694 1176 ’καὶ
1755 1117 1972 1190 ἀγαπώ·

2160 1123 2248 1176 42.
2283 1123 2390 1177 Alii
2427 1125 2597 1195 igitur
2631 1123 2771 1178 alios
2805 1122 3123 1193 diligamus,
3161 1127 3218 1176 et
3249 1136 3279 1174 a
3309 1120 3425 1175 Deo
3472 1119 3670 1190 dilige-

397 1215 536 1287 μεθα
569 1212 675 1268 ὑπὸ
701 1213 794 1266 τοῦ
831 1211 990 1266 Θεοῦ.
1025 1212 1558 1284 Μακροθυμήσωμεν
1593 1214 1679 1265 ἐπ’
1706 1211 1972 1282 ἀλλήλοις¹

2086 1226 2230 1264 mur.
2257 1212 2362 1266 Alii
2390 1214 2444 1267 in
2469 1215 2608 1268 alios
2630 1215 2792 1284 longa
2823 1213 3093 1283 patientia
3122 1227 3186 1266 ac
3217 1211 3441 1266 lenitate
3471 1210 3667 1273 simus,

395 1307 488 1360 καὶ
531 1305 877 1376 μακροθυμεῖ
902 1305 994 1358 ἐπὶ
1031 1307 1148 1367 ταῖς
1175 1305 1473 1375 ἁμαρτίαις
1507 1303 1686 1374 ἡμῶν.
1720 1303 1812 1374 Μὴ
1841 1304 1972 1356 ἀπο-

2083 1304 2302 1373 eritque
2332 1306 2477 1361 Deus
2503 1315 2563 1360 ut
2593 1307 2876 1377 indulgeat
2913 1306 3155 1376 peccatis
3179 1303 3407 1358 nostris.
3428 1303 3507 1357 Ne
3535 1302 3666 1357 red-

393 1398 572 1468 δῶμεν
600 1396 766 1448 κακὸν
794 1394 918 1447 ἀντὶ.
974 1394 1168 1459 κακοῦ,
1228 1395 1325 1448 καὶ
1368 1396 1466 1449 οὐκ
1523 1395 1972 1465 ἀπολαμϐάνομεν

2085 1395 2280 1452 damus
2304 1400 2504 1452 malum
2537 1415 2639 1468 pro
2674 1400 2840 1461 malo,
2877 1407 2932 1452 et
2963 1396 3265 1452 secundum
3297 1403 3520 1465 peccata
3562 1409 3664 1448 no-

393 1489 535 1542 κατά
566 1487 664 1550 τὰς
699 1485 970 1559 ἁμαρτίας
1008 1486 1184 1556 ἡμῶν.
1209 1487 1320 1556 Τὴν
1354 1486 1462 1557 γὰρ
1496 1485 1844 1556 συγχώρησιν
1869 1483 1972 1536 τῶν

2085 1497 2199 1543 stra
2227 1507 2338 1544 non
2369 1493 2700 1561 recipiemus
2723 1494 2787 1546 ".
2812 1492 3143 1546 Delictorum
3174 1489 3320 1544 enim
3352 1496 3666 1542 nostrorum

394 1579 859 1648 παραπτωμάτων
901 1577 1080 1647 ἡμῶν,
1113 1577 1171 1628 ἐν
1209 1581 1276 1646 τῇ
1329 1578 1670 1647 συγχωρήσει
1694 1577 1800 1630 τῶν
1827 1575 1980 1628 ἀδελ-

394 1669 508 1738 φῶν
544 1669 894 1740 εὑρίσκομεν.
920 1670 1027 1720 Καὶ
1050 1667 1110 1720 τὸ
1134 1669 1281 1731 ἕλεος
1307 1667 1400 1720 τοῦ
1423 1667 1580 1729 Θεοῦ,
1608 1671 1664 1721 ἐν
1698 1671 1765 1738 τῇ
1817 1667 1976 1736 ἐλεη-

2085 1579 2506 1650 indulgentiam,
2542 1583 2595 1636 in
2625 1582 2854 1636 fratrum
2898 1579 3236 1650 indulgentia
3285 1577 3661 1640 inveniemus;

2083 1673 2246 1743 392
2287 1673 2493 1743 Deique
2527 1671 2930 1734 misericordia,
2966 1672 3020 1724 in
3055 1668 3290 1739 proximi
3319 1668 3665 1735 cleemosyna

396 1757 603 1830 μοσύνῃ
662 1756 757 1809 τοῦ
783 1756 1011 1826 πλησίον
1041 1758 1429 1825 ὲγκέκρυπται.
1464 1757 1563 1810 Διὰ
1602 1756 1757 1810 τοῦτο
1803 1758 1832 1809 6
1868 1755 1972 1808 Κύ-

2081 1734 2542 1821 abscondita-est.
2599 1765 2814 1819 Idcirco
2872 1734 3137 1817 Dominus
3189 1759 3410 1814 aiebat:
3447 1734 3665 1810 Dimitte

393 1867 508 1922 ριος
535 1848 718 1915 ἔλεγεν
750 1865 762 1878 ·
802 1849 1026 1916 Ἅφετε,
1059 1848 1155 1902 καὶ
1195 1849 1559 1917 ἀφεθήσεται
1591 1848 1752 1916 ὑμῖν.
1813 1848 1920 1901 Καὶ
1957 1887 1973 1912 ,

2079 1863 2128 1908 et
2165 1857 2461 1910 dimittetur
2487 1857 2626 1911 vobis
2653 1856 2717 1910 ⁸⁸.
2769 1857 2837 1910 Εῑ
2869 1872 2882 1908 :
2922 1853 2980 1908 Si
3019 1853 3324 1906 dimiseritis
3371 1848 3664 1904 hominibus

405 1939 542 1992 Ἐὰν
605 1938 798 2008 ἀφῆτε
852 1938 971 2004 τοῖς
1016 1938 1350 2006 ἀνθρώποις
1399 1941 1471 1993 τὰ
1531 1936 1972 2006 παραπτώματα

2077 1949 2268 2002 delicta
2289 1966 2491 2012 eorum,
2523 1950 2685 2002 etiam
2716 1948 2878 2002 Pater
2929 1956 3097 2000 vester
3164 1945 3384 1999 cmlestis
3435 1942 3665 1995 dimittet

391 2028 610 2092 αὐτῶν,
645 2029 740 2080 καὶ
777 2031 809 2091 ό
861 2029 1062 2096 Πατὴρ
1111 2029 1276 2097 ὑμῶν
1336 2033 1369 2084 ό
1422 2030 1701 2099 οὐράνιος
1753 2029 1972 2099 ἀφήσει

2078 2041 2216 2094 vobis
2252 2049 2467 2112 peccata
2518 2049 2691 2096 vestra
2728 2041 2792 2092 ⁸⁸.
2835 2040 2901 2092 Et
2953 2054 3207 2092 rursum:
3247 2036 3403 2093 Beati
3461 2035 3665 2087 miseri-

391 2119 536 2190 ὑμῖν
564 2120 637 2174 τὰ
673 2120 1117 2189 παραπτώματα
1146 2119 1334 2189 ὑμῶν.
1380 2122 1490 2175 Καὶ
1524 2122 1684 2175 πάλιν
1721 2138 1734 2151 ·
1772 2121 1972 2175 Μακά-

2076 2134 2278 2195 cordcs,
2315 2134 2567 2202 quoniam
2598 2133 2700 2203 ipsi
2726 2129 3139 2184 misericordiam
3177 2135 3563 2195 consequentur
3592 2125 3659 2178 '°.

385 2226 505 2294 ριοι
538 2211 592 2261 οἱ
630 2208 976 2277 ἐλεήμονες,
1005 2210 1092 2261 ὅτι
1117 2209 1287 2262 αὐτοὶ
1313 2208 1764 2277 ἐλεηθήσονται.
1817 2208 1928 2261 Καὶ
1959 2249 1972 2273 ,

2077 2224 2173 2277 Ει;
2198 2224 2377 2294 lnquu
2400 2241 2648 2277 mensura
2676 2223 2840 2276 mensi
2865 2221 3092 2290 fueritis,
3113 2219 3420 2271 remetietur
3435 2216 3576 2270 vobis
3590 2216 3658 2269 ⁵⁸.

393 2289 468 2366 τῼ
490 2295 684 2364 μέτρῳ
717 2295 998 2361 μετρεῖτε,
1043 2296 1613 2364 ἀντιμετρηθήσεται
1651 2295 1813 2364 ὑμῖν.
1845 2295 1972 2349 Ἰδοὺ

2077 2319 2180 2382 En,
2215 2289 2481 2370 Dominus
2517 2314 2711 2368 salutis
2742 2289 2905 2367 nobis
2933 2311 3155 2365 modum
3197 2307 3447 2370 indulsit,
3499 2314 3664 2360 teter-

395 2386 688 2454 ὲχαρίσατο
712 2389 844 2454 ἡμῖν
873 2387 900 2437 6
931 2385 1132 2454 Κύριος
1155 2386 1354 2456 τρόπον
1394 2386 1688 2455 σωτηρίας,
1721 2387 1814 2438 καὶ
1845 2385 1977 2438 ἔδω-

395 2491 490 2529 κεν
533 2477 666 2546 ἡμῖν
694 2475 940 2540 ἐξουσίαν
974 2476 1189 2530 αἰώνιον
1217 2476 1310 2529 τοῦ
1347 2476 1600 2544 γενέσθαι
1621 2476 1788 2529 τέκνα
1816 2475 1973 2528 Θεοῦ·

393 2565 492 2621 καὶ
511 2568 568 2619 ὲν
601 2564 677 2638 τῷ
731 2566 993 2638 θελήματι
1045 2567 1204 2639 ἡμῶν
1253 2568 1370 2620 ἐστι
1420 2566 1602 2620 λοιπὸν
1645 2569 1679 2638 ἡ
1733 2567 1976 2638 σωτηρία

395 2657 574 2728 ἡμῶν.

470 2747 580 2818 μγ’.
626 2749 815 2820 Δῶμεν
865 2745 956 2802 οὖν
980 2750 1208 2813 ἑαυτοὺς
1251 2751 1327 2821 τῷ
1351 2753 1542 2824 Κυρίῳ
1573 2751 1633 2817 ἐξ
1657 2752 1974 2824 ὁλοκλήρου,

2076 2422 2321 2476 namque
2354 2405 2514 2459 nobis
2545 2412 2874 2474 potestatem
2908 2401 3083 2464 dedit,
3114 2407 3176 2453 ut
3215 2397 3521 2453 efﬁciamur
3559 2397 3659 2451 ﬁlii

2077 2497 2173 2551 Dei
2200 2498 2246 2528 "
2273 2514 2286 2550 :
2314 2505 2479 2565 atque
2508 2496 2644 2551 adeo
2674 2504 2862 2550 nostra
2895 2495 3043 2550 salus
3070 2493 3127 2547 in
3148 2499 3341 2547 nostra
3391 2489 3658 2560 deinceps

2073 2590 2359 2644 voluntate
2387 2589 2564 2659 posita
2593 2588 2684 2642 sit.

2146 2768 2235 2822 45.
2263 2767 2436 2839 Igitur
2459 2781 2562 2821 nos
2592 2766 2694 2836 ipsi
2716 2782 2783 2821 ex
2801 2773 2915 2822 toto
2937 2765 3102 2820 corde
3131 2762 3364 2818 Domino
3387 2758 3656 2814 dedamus

398 2839 486 2893 ἵνα
514 2839 808 2911 ὁλόκληρον
858 2842 1018 2895 αὑτὸν
1068 2843 1467 2913 ἀντιλάϐωμεν.
1530 2845 1823 2915 Γενώμεθα
1865 2845 1972 2898 θεοὶ

2078 2865 2139 2912 ut
2170 2867 2347 2911 totum
2374 2857 2554 2926 ipsum
2588 2855 2939 2924 recipiamus.
2969 2855 3053 2909 Dii
3078 2862 3304 2923 propter
3339 2851 3518 2921 ipsum
3543 2846 3660 2904 elfi-

395 2931 461 2986 δι⁹
513 2933 676 2986 αὐτόν
702 2949 716 2962 ο
778 2933 866 2987 διὰ
910 2933 1018 3005 γὰρ
1057 2934 1216 3021 τοῦτο
1265 2935 1551 3005 ἄνθρωπος
1571 2937 1784 3006 γέγονε,
1817 2936 1972 3004 φύσει

2077 2949 2291 3002 ciamur
2318 2965 2330 2999 :
2362 2946 2416 3000 id
2446 2945 2591 3000 enim
2617 2961 2794 2999 causa:
2819 2954 2924 3009 est,
2947 2960 3047 2998 cur
3079 2941 3172 3011 qui
3204 2949 3401 2994 natura
3429 2939 3575 2993 Deus
3591 2950 3660 2992 ac

394 3022 471 3087 ὣν
522 3023 655 3088 Θεὸς
683 3025 778 3078 καὶ
821 3026 1116 3095 Δεσπότης.
1180 3025 1612 3096 ’Υπακούσωμεν
1669 3026 1840 3097 αὐτῷ,
1881 3027 1972 3105 καὶ

2079 3039 2348 3093 Dominus
2375 3044 2543 3100 esset,
2583 3035 2749 3089 homo
2774 3035 2950 3090 factus
2969 3034 3062 3089 sit.
3095 3034 3252 3087 Dicto
3272 3030 3352 3084 illi
3371 3029 3661 3088 audientes

393 3114 557 3177 αὐτὸς
585 3115 887 3185 ἀκαμάτως
912 3115 1178 3184 ἀμύνεται
1203 3117 1330 3180 τοὺς
1355 3117 1584 3187 ἐχθροὺς
1615 3120 1646 3187 ἡ
1657 3117 1772 3186 μῶν
1804 3135 1818 3148 ο
1847 3099 1972 3170 Είό

2079 3129 2268 3192 simus,
2304 3129 2526 3196 ipseque
2574 3127 2728 3181 nullo
2756 3126 2976 3196 negotio
3009 3125 3198 3180 hostes
3233 3130 3452 3178 nostros
3516 3121 3658 3176 ulci-

392 3207 546 3272 λαός
571 3223 690 3274 μου
725 3206 954 3273 ἤκουσέ
975 3225 1114 3276 μου,
1146 3210 1332 3279 φησὶν,
1371 3209 1621 3277 Ἰσραὴλ
1658 3209 1786 3276 ταῖς
1815 3207 1977 3275 όδοῖς

390 3313 510 3365 μου
541 3299 593 3351 εί
626 3298 918 3366 ἐπορεύθη
944 3316 957 3330 ·
1005 3300 1075 3352 ἐν
1109 3301 1188 3364 τῷ
1214 3301 1432 3369 μηδενὶ
1455 3302 1531 3355 ἂν
1563 3303 1704 3368 τοὺς
1723 3303 1976 3370 ἐχθροὺς

393 3386 594 3441 αὐτῶν
645 3389 1039 3451 ἐταπείνωσα,
1088 3391 1185 3444 καὶ
1219 3391 1315 3444 ἐπὶ
1348 3392 1488 3458 τοὺς
1519 3394 1837 3458 θλίϐοντας
1867 3394 1975 3445 αὐ-

394 3480 538 3546 τοὺς
569 3480 870 3536 ἐπέϐαλον
897 3482 974 3536 ἂν
1022 3482 1139 3551 τὴν
1188 3484 1354 3552 χεῖρά
1398 3503 1535 3550 μου.
1597 3485 1811 3538 Πᾶσαν
1861 3483 1976 3551 τὴν

394 3571 613 3627 ἐλπίδα
633 3573 799 3642 ἡμῶν
822 3575 914 3626 ἐπ’
943 3577 1130 3628 αὑτὸν
1159 3575 1350 3644 μόνον
1384 3574 1680 3644 θήσωμεν.
1723 3577 1831 3629 Καὶ
1869 3577 1976 3628 πᾶ-

395 3682 496 3719 σαν
527 3665 624 3736 τὴν
661 3666 929 3735 μέριμναν
962 3665 1120 3735 ἡμῶν
1164 3665 1248 3717 ἐπ’
1285 3666 1445 3719 αὐτὸν
1492 3667 1649 3735 μόνον
1705 3666 1967 3736 ῥίψωμεν,

394 3758 489 3811 καὶ
535 3759 599 3811 ὲκ
639 3758 818 3828 πάσης
856 3755 1108 3826 θλίψεως,
1164 3759 1326 3820 αὐτὸς
1376 3759 1523 3828 ἡμᾶς
1571 3756 1829 3828 ῥύσεται·
1877 3758 1970 3810 καὶ

393 3849 574 3902 πάντα
613 3847 704 3900 τὸν
748 3846 881 3917 βίον,
928 3847 1087 3912 αὐτὸς
1126 3849 1277 3918 ἡμᾶς
1313 3847 1607 3919 διαθρέψει.
1656 3849 1841 3903 Πάντα
1873 3849 1970 3918 μὲν

392 3938 677 4011 ἄνθρωπον
707 3940 772 3991 ἐκ
803 3937 980 4007 ψυχῆς
1019 3939 1394 4009 ἀγαπήσωμεν
1416 3952 1428 3965 ⁸
1461 3940 1554 3991 ἐπὶ
1586 3938 1774 4009 μηδενὶ
1798 3940 1853 3992 δὲ
1879 3942 1971 3992 ἁν-

395 4029 628 4100 θρώπων
651 4031 749 4100 τὴν
777 4029 965 4082 ἐλπίδα
992 4028 1246 4099 θήσωμεν
1276 4047 1290 4062 ο
1331 4031 1414 4084 ὃτι
1441 4032 1526 4099 ἐφ’
1564 4033 1687 4084 ὅσον
1721 4033 1750 4085 6
1772 4032 1972 4101 Κύριος

396 4123 650 4192 συντηρεῖ
677 4122 846 4191 ἡμᾶς,
874 4120 970 4174 καὶ
991 4121 1040 4172 οἱ
1062 4119 1204 4189 φίλοι
1227 4121 1428 4185 πάντες
1454 4125 1602 4194 ἡμᾶς
1627 4125 1968 4196 περιέπουσι,

392 4217 489 4270 καὶ⁵
515 4219 564 4270 οἱ
598 4216 782 4286 ἐχθροὶ
813 4216 1016 4280 πάντες
1047 4216 1183 4287 πρὸς
1207 4219 1357 4288 ἡμᾶς
1389 4219 1763 4274 ἀδυνατοῦσιν.
1800 4219 1971 4274 Ἐπάν

394 4306 450 4360 δὲ
482 4310 511 4362 6
563 4307 764 4377 Κύριος
788 4309 936 4378 ἡμᾶς
967 4308 1361 4382 ἐγκαταλείπῃ,
1407 4310 1531 4363 τότε
1583 4311 1676 4364 καὶ
1729 4313 1778 4364 οἱ
1827 4311 1969 4381 φίλοι

2078 3231 2302 3276 scatur:
2337 3219 2394 3274 Si
2423 3218 2648 3290 populus
2679 3235 2823 3274 meus
2856 3219 3086 3272 audisset
3122 3233 3222 3280 me,
3265 3215 3460 3285 inquit,
3485 3213 3659 3268 Israel

2075 3313 2120 3365 si
2152 3312 2203 3364 in
2233 3313 2325 3365 viis
2362 3311 2487 3364 meis
2514 3308 2836 3364 ambulasset
2866 3349 2880 3373 ,
2912 3309 2964 3362 in
2988 3306 3151 3361 nihilo
3174 3307 3396 3377 forsitan
3417 3305 3659 3358 inimicos

2077 3421 2259 3458 eorum
2281 3403 2663 3467 humiliassem,
2694 3411 2745 3456 et
2781 3418 2940 3472 super
2970 3401 3282 3455 tribulantes
3313 3453 3316 3455 _
3344 3417 3430 3454 eos
3487 3401 3660 3453 misis-

2074 3513 2184 3549 sem
2219 3514 2439 3550 manum
2470 3512 2642 3550 meam
2669 3496 2734 3548 ⁵³.
2763 3494 2993 3550 Omnem
3017 3507 3169 3562 spem
3199 3501 3442 3547 nostram
3499 3491 3553 3544 in
3589 3504 3657 3544 eo

2075 3587 2192 3640 solo
2221 3602 2515 3655 ponamus,
2570 3601 2900 3654 omnemque
2954 3584 3379 3638 sollicitudinem
3413 3594 3655 3638 nostram

2076 3675 2130 3727 in
2164 3690 2289 3728 eum
2316 3674 2690 3746 projiciamus,
2716 3683 2773 3728 et
2801 3675 2916 3743 ipse
2941 3688 3007 3727 ex
3037 3672 3186 3726 omni
3209 3671 3562 3725 tribulatione
3592 3669 3658 3722 li-

2075 3765 2295 3821 berabit
2323 3781 2452 3830 nos;
2489 3775 2768 3834 totamque
2793 3765 2962 3819 vitam
2987 3765 3103 3834 ipse
3132 3764 3393 3819 enutriet.
3425 3763 3654 3816 Omnem

2074 3856 2298 3928 quidem
2347 3856 2624 3910 hominem
2663 3871 2731 3909 ex
2787 3855 2974 3908 animo
3031 3853 3341 3940 diligamus,
3399 3853 3455 3906 in
3502 3851 3657 3906 nullo

2075 3957 2256 4002 tamen
2301 3946 2587 4001 hominum
2637 3960 2791 4014 spem
2848 3960 3119 4014 ponamus
3156 3962 3170 3998 :
3213 3943 3458 4015 quandiu
3505 3943 3655 3998 enim

2073 4038 2339 4093 Dominus
2361 4053 2462 4091 nos
2500 4043 2809 4099 conservat,
2847 4035 3035 4088 tandiu
3070 4033 3236 4088 etiam
3259 4048 3450 4088 omnes
3493 4032 3654 4086 amici

2074 4129 2269 4183 colunt
2297 4137 2354 4183 et
2378 4127 2695 4190 observant,
2718 4125 2966 4194 nullique
2987 4124 3275 4179 adversum
3308 4139 3408 4178 nos
3445 4122 3654 4177 inimici

2073 4222 2573 4294 prmvalebunt.At,
2603 4222 2699 4276 ubi
2727 4237 2828 4275 nos
2844 4221 3110 4276 Dominus
3136 4219 3656 4290 dereliquerit,tunc

2073 4324 2130 4369 et
2150 4314 2314 4370 amici
2345 4328 2538 4367 omnes
2571 4312 2985 4381 derelinquunt,
3016 4326 3320 4381 omnesque
3363 4310 3656 4366 adversum

394 4401 593 4465 πάντες
621 4399 1092 4469 ἑγκαταλείπουσ-ι,
1145 4401 1239 4455 καὶ
1285 4403 1333 4454 oi
1384 4402 1568 4473 ἐχθροὶ
1615 4402 1813 4467 πάντες
1852 4403 1972 4456 καθ’

2081 4421 2182 4460 nos
2213 4405 2420 4459 inimici
2448 4405 2810 4460 iuvalescunt.
2840 4403 2945 4458 Sed
2971 4413 3027 4458 et
3059 4402 3154 4472 qui
3185 4403 3240 4457 in
3267 4403 3448 4472 seipso
3480 4403 3654 4458 conti-
3694 4409 3697 4412 '

395 4493 550 4564 ἡμῶν
583 4491 881 4562 ἰσχύουσιν.
923 4491 1084 4544 Ἀλλά
1121 4492 1216 4545 καὶ
1259 4493 1289 4544 6
1322 4495 1402 4556 εἰς
1456 4495 1680 4548 σεαυτὸν
1730 4495 1966 4565 θαρρῶν,

396 4584 641 4635 πεσεῖται
672 4581 872 4651 πτῶμα
898 4581 1134 4648 ἐξαίσιον
1166 4599 1179 4612 ⁶
1213 4583 1242 4634 6
1273 4583 1330 4636 δὲ
1365 4582 1698 4655 φοϐούμενος
1725 4585 1817 4639 τὸν
1856 4585 1970 4638 Κύ-

399 4689 533 4743 ριον,
566 4672 932 4743 ὑψωθήσεται.
969 4673 1066 4726 Διά
1122 4671 1281 4727 τοῦτο
1321 4675 1350 4726 6
1389 4676 1552 4728 Δαϐὶδ
1609 4676 1791 4746 ἔλεγεν
1818 4691 1833 4704 ·
1887 4680 1970 4732 Οὐ

395 4762 503 4832 γὰρ
531 4761 626 4815 ἐπὶ
652 4760 731 4826 τῷ
769 4761 922 4828 τόξῳ
949 4780 1063 4831 μου
1101 4765 1307 4829 arma,
1341 4767 1437 4819 καὶ
1470 4768 1508 4835 ἡ
1549 4769 1815 4838 ῥομφαία
1851 4788 1969 4840 μου

395 4854 468 4907 οὐ
519 4852 702 4906 σώσει
721 4871 813 4922 με.
851 4853 1133 4922 Ἔσωσας
1161 4857 1270 4925 τὰρ
1295 4857 1452 4926 ἡμᾶς
1487 4860 1555 4913 ἐκ
1585 4860 1704 4915 τῶν
1734 4864 1972 4918 θλιϐόν-

395 4959 514 4997 των
528 4942 704 5012 ἡμᾶς,
723 4944 822 4997 καὶ
843 4945 987 5012 τοὺς
1002 4948 1336 5015 μισοῦντας
1358 4949 1534 5017 ἡμᾶς,
1564 4954 1971 5022 κατῄσχυνας.

467 5032 572 5102 μδ’.
605 5033 694 5103 Μὴ
725 5033 1092 5104 ἀνασχώμεθα
1117 5036 1225 5090 τῶν
1259 5037 1536 5107 λογισμῶν
1578 5040 1686 5093 τῶν
1736 5059 1968 5113 σμικρυο

394 5123 592 5178 νόντων
635 5124 794 5195 ἡμῶν
843 5125 942 5188 τὰς
975 5127 1269 5215 ἁμαρτίας,
1301 5131 1395 5182 καὶ
1435 5131 1535 5200 τὴν
1575 5132 1765 5200 ἄφεσιν
1794 5135 1975 5190 αὐτῶν

396 5215 678 5287 γεγονέναι
731 5217 1164 5286 μαντευομένων.
1209 5221 1343 5289 Περὶ
1368 5221 1548 5276 αὐτῶν
1575 5224 1680 5296 γὰρ
1709 5227 1737 5277 ὁ
1767 5225 1970 5296 Κύριος

395 5306 824 5376 ἀσφαλιζόμενος
878 5308 1042 5376 ἡμᾶς,
1093 5309 1243 5377 ἔλεγε
1277 5329 1291 5344 ·
1351 5315 1683 5383 Προσέχετε
1735 5317 1970 5385 ἑαυτοῖς

395 5395 514 5453 ἀπὸ
559 5393 678 5448 τῶν
735 5394 1270 5466 ψευδοπροφητῶν,
1339 5402 1558 5470 οἵτινες
1613 5405 1968 5462 ἐλεύσονται

472 5601 516 5678 ‘_"
552 5601 710 5678 Rom.
760 5618 861 5678 xu,
887 5603 1095 5678 i7.___‘°
1128 5605 1260 5678 Luc.
1293 5623 1366 5672 v1,
1395 5609 1479 5678 14.
1555 5608 1600 5643 ⁸ο
1632 5610 1821 5666 Matth.
1856 5628 1928 5678 ri,
1963 5617 1972 5666 1

2126 5611 2170 5644 ’θ
2199 5609 2389 5665 Matth.
2426 5625 2477 5674 ν,
2511 5609 2564 5662 7.

402 5664 447 5697 ⁵³
481 5673 622 5727 Psal.
652 5689 810 5738 Lxxx,
840 5664 926 5738 l4,
973 5674 1056 5729 15.
1132 5676 1175 5709 ³⁵
1208 5664 1529 5746 Ρεσιίχιζιιι,
1563 5683 1612 5745 7,
1640 5683 1691 5737 8.

2078 4496 2179 4560 dit,
2213 4495 2486 4565 stupendo
2512 4511 2640 4549 casu
2670 4495 2960 4550 collidctur
2989 4511 3001 4545 :
3031 4494 3125 4563 qui
3156 4504 3340 4548 autem
3372 4495 3526 4548 timet
3553 4495 3654 4547 Do-

2079 4589 2312 4653 minum,
2345 4587 2698 4642 exaltabitur.
2746 4586 2953 4641 Idcirco
3011 4587 3174 4640 etiam
3218 4586 3400 4640 aiebat
3443 4583 3646 4638 David:

2074 4677 2194 4731 Non
2220 4677 2358 4730 enim
2387 4679 2439 4730 in
2470 4693 2596 4729 arcu
2620 4692 2730 4728 meo
2760 4678 3002 4745 sperabo,
3041 4683 3088 4728 et
3119 4674 3329 4746 gladius
3367 4690 3510 4727 meus
3544 4689 3646 4726 non

2075 4768 2302 4822 salvabit
2332 4784 2430 4821 me.
2464 4764 2697 4820 Salvasti
2726 4768 2864 4819 enim
2904 4783 2998 4819 nos
3038 4781 3101 4818 ea:
3140 4764 3482 4836 afﬂigentibus
3533 4779 3648 4832 nos,

2076 4869 2127 4913 et
2156 4877 2241 4913 eos
2267 4860 2357 4930 qui
2385 4875 2477 4912 nos
2506 4857 2748 4922 oderunt,
2779 4857 3058 4926 confudisti
3091 4856 3156 4909 ⁸⁸.

2143 5043 2234 5100 44.
2257 5041 2335 5097 Ne
2368 5041 2419 5095 id
2445 5057 2618 5112 genus
2671 5038 3066 5110 cogitationum
3099 5036 3484 5100 sustineamus,
3530 5049 3650 5103 qua:

2077 5144 2305 5209 peccata
2351 5142 2541 5188 nostra
2598 5132 2936 5192 diminuunt,
2987 5143 3159 5197 eaque
3208 5127 3367 5182 nobis
3424 5125 3650 5180 remissa

2075 5231 2402 5286 ariolantur.
2431 5224 2636 5280 Cautes
2664 5225 2812 5279 enim
2837 5224 2903 5278 de
2932 5223 3038 5277 illis
3071 5238 3170 5276 nos
3201 5235 3320 5276 esse
3349 5221 3654 5275 admonens

2074 5319 2358 5378 Dominus,
2387 5314 2570 5368 aiebat
2599 5332 2613 5368 :
2650 5313 2916 5368 Attendite
2942 5311 3080 5364 vobis
3110 5329 3142 5364 a
3189 5309 3340 5380 falsis
3387 5309 3651 5380 prophetis

2074 5413 2164 5480 qui
2184 5407 2395 5462 venient
2436 5404 2505 5457 ad
2540 5421 2626 5458 vos
2652 5405 2706 5458 in
2733 5404 3047 5458 vestimentis
3076 5402 3250 5455 ovium
3273 5442 3290 5466 ,
3341 5401 3651 5455 intrinsecus

2667 5609 2709 5640 ⁸¹
2743 5605 2932 5661 Matth.
2964 5620 3059 5672 vn,
3085 5603 3138 5658 ‘2.
3219 5605 3263 5636 ⁸⁸
3297 5603 3452 5660 Joan.
3480 5617 3519 5670 ι,
3556 5600 3642 5656 12.
