4128 6210
464 334 576 402 95B

1595 346 1656 406 S.
1698 346 1982 409 ΜΛΧΙΜῙ
2021 348 2531 418 CONFESSORIS

3623 364 3732 431 956

469 454 650 507 auum
670 462 796 509 sunt
826 452 938 525 lupi
956 471 1175 526 rapaces
1201 457 1270 511 ".
1299 455 1551 524 Quandiu
1583 461 1731 516 enim
1760 477 1915 518 mens
1938 479 2043 520 no-

2149 467 2297 536 πρός
2349 469 2504 539 ὑμᾶς
2539 472 2612 527 ἐν
2651 473 2948 544 ἐνδύμασι
2986 473 3296 543 προϐάτων
3319 492 3335 506 ν
3387 473 3616 531 ἔσωθεν
3638 479 3731 548 δὲ,

472 552 588 597 atra
619 552 846 613 peccato
871 544 1147 610 turbatur,
1184 546 1419 601 necdum
1446 550 1567 619 ejus
1593 551 1812 605 veniam
1844 567 2044 608 conse-

470 631 584 686 cuti
606 646 834 685 sumus:
862 634 1104 688 nondum
1125 636 1271 690 enim
1311 636 1505 707 dignos
1542 639 1880 708 poenitentiae
1931 641 2047 696 fru-

468 732 592 776 ctus
631 720 882 778 fecimus.
909 724 1251 782 Paenitentia:
1270 727 1489 783 fructus
1509 739 1593 784 est
1638 731 1806 785 animi
1841 733 2047 803 imper-

467 813 712 867 turbatio
735 824 965 885 rataque
996 817 1157 887 393
1217 820 1582 889 tranquillitas
1617 839 1631 875 :
1676 822 1791 877 bmc
1837 836 2041 889 autem,

467 906 685 975 peccati
714 915 800 960 est
832 907 1082 962 abolitio.
1108 909 1355 964 Necdum
1397 921 1581 966 autem
1622 913 1919 982 perfectam
1976 915 2044 969 il-

366 1063 370 1067 γ
464 996 573 1050 lam
603 997 1154 1067 imperturbationem
1177 1014 1242 1053 ac
1272 1003 1729 1071 tranquillitatem
1774 1006 1921 1060 nacti
1948 1021 2044 1059 su-

464 1092 746 1161 mus;qui
773 1092 938 1148 modo
975 1093 1197 1163 quidem
1241 1095 1470 1150 affectus
1528 1098 1787 1151 molestos
1837 1099 2043 1152 sentia-

466 1198 612 1247 mus,
637 1183 804 1238 modo
831 1193 1016 1239 autem
1055 1201 1165 1240 non
1207 1189 1528 1242 sentiamus.
1574 1189 1827 1243 Nondum
1876 1189 2043 1260 igitur

464 1283 819 1345 peccatorum
836 1278 1053 1332 veniam
1075 1279 1318 1349 perfecte
1349 1280 1534 1350 adepti
1574 1297 1787 1335 sumus.
1826 1282 1963 1336 Nam
2011 1298 2044 1338 a

465 1374 695 1436 peccato
742 1368 968 1439 quidem
1022 1370 1256 1441 originis
1293 1373 1435 1427 sacri
1471 1373 1813 1443 baptismatis
1859 1374 2046 1444 expia-

467 1457 621 1512 tione
643 1458 864 1515 liberati
888 1476 1084 1517 sumus
1109 1479 1122 1515 :
1164 1462 1234 1516 ab
1256 1479 1324 1517 eo
1360 1472 1543 1518 autem
1573 1465 1719 1533 quod
1745 1474 1932 1520 nostra
1961 1473 2043 1521 te-

466 1546 724 1604 meritate
761 1558 889 1619 post
932 1550 1202 1621 baptisma
1242 1553 1661 1619 committimus,
1715 1570 1817 1624 per
1870 1554 2046 1624 paeni-

467 1641 695 1695 tentiam
714 1642 1035 1699 liberamur.

536 1733 625 1788 45.
651 1732 794 1790 Vere
837 1734 1008 1805 igitur
1030 1736 1414 1805 paenitentiam
1458 1752 1702 1808 agamus,
1730 1746 1792 1794 ut
1834 1753 1863 1793 a
1893 1737 2045 1795 vitiis

2142 555 2260 608 εισι
2299 557 2477 611 λύκοι
2509 558 2791 631 ἅρπαγες.
2840 561 2957 630 Ἐφ’
3003 562 3127 615 ὅσον
3180 562 3290 634 γὰρ
3317 565 3346 617 ὁ
3392 563 3518 627 νοῦς
3570 567 3733 637 ἡμῶν

2146 647 2251 701 ὑπὸ
2288 648 2390 719 τῆς
2435 650 2710 722 ἁμαρτίας
2736 652 2991 724 ὀχλεῖται,
3026 652 3180 706 οῦπω
3202 657 3302 725 τῆς
3329 659 3733 727 συγχωρήσεως

2144 739 2317 809 αὐτῆς
2345 740 2611 813 ἐτύχομεν
2643 759 2657 774 ο
2686 744 2897 797 οὐδέπω
2929 744 3039 815 γὰρ
3093 747 3340 816 καρποὺς
3384 747 3571 813 ἀξίους
3626 749 3730 819 τῆς

2147 832 2433 899 μετανοίας
2486 836 2883 905 πεποιήκαμεν.
2942 835 3170 905 Καρπδς
3220 838 3509 906 μετανοίας
3557 840 3729 904 ἐστὶν,

2144 919 2383 974 ἀπάθεια
2435 922 2615 993 ψυχῆς
2644 937 2659 952 ·
2714 922 2956 977 ἀπάθεια
3005 925 3082 986 δὲ,
3119 924 3395 994 ὲξάλειψις
3429 927 3707 1000 ἁμαρτίας

2146 1009 2313 1063 Οῦπω
2338 1012 2392 1065 δὲ
2420 1012 2616 1083 ἔχομεν
2648 1014 2858 1067 τελείαν
2889 1015 3181 1077 ἀπάθειαν,
3237 1016 3366 1069 ποτὲ
3409 1017 3505 1087 μὲν
3539 1018 3733 1087 ὀχλούο

2148 1117 2299 1171 μενοι
2346 1104 2451 1157 ὑπὸ
2493 1105 2603 1157 τῶν
2634 1106 2844 1170 παθῶν,
2881 1107 3009 1159 ποτὲ
3043 1107 3100 1160 δὲ
3135 1107 3208 1179 μὴ
3245 1108 3579 1179 ὀχλούμενοι.
3614 1113 3731 1166 Οὐκ

2144 1195 2254 1264 ἄρα
2276 1195 2373 1264 τῆς
2394 1195 2502 1249 τῶν
2546 1198 2831 1269 ἁμαρτιῶν
2871 1198 3118 1265 ἀφέσεως
3174 1199 3395 1263 τελείως
3439 1202 3725 1273 ἐτύχομεν.

2144 1284 2255 1355 Τῆς
2283 1286 2382 1355 μὲν
2408 1286 2517 1358 γὰρ
2549 1289 2883 1360 προγονικῆς
2935 1290 3230 1361 ἁμαρτίας,
3281 1290 3370 1346 διὰ
3428 1282 3523 1347 τοῦ
3566 1295 3730 1363 ἀγίου

2146 1372 2521 1446 βαπτίσματος
2546 1377 2995 1449 ὲλευθερώθημεν
3022 1395 3039 1411 ’
3074 1380 3178 1450 τῆς
3222 1379 3282 1434 δὲ
3333 1381 3474 1450 μετά
3517 1383 3579 1438 τὺ
3628 1384 3731 1456 βά-

2143 1483 2355 1537 πτισμα
2398 1467 2786 1542 τολμηθείσης,
2845 1469 2934 1526 διά
3002 1472 3104 1545 τῆς
3163 1474 3454 1544 μετανοίας
3516 1475 3730 1532 ἐλευθε-

2144 1557 2407 1631 ρούμεθα.

2219 1737 2321 1808 με’.
2373 1732 2814 1811 Μετανοήσωμεν
2857 1734 2951 1796 οῦν
2998 1742 3256 1814 γνησίως,
3287 1744 3375 1800 ἵνα
3398 1745 3509 1800 τῶν
3541 1745 3730 1801 παθῶν

467 1837 533 1876 ac
582 1826 1098 1893 perturbationibus
1144 1828 1386 1895 liberati,
1431 1839 1784 1900 peccatorum
1825 1832 2044 1887 veniam

2149 1805 2743 1903 thesespoupsvog'tﬁc
2786 1833 2893 1913 τῷν
2946 1805 3507 1907 ἁμαρτιῶν-ἀφέσεως
3550 1840 3730 1910 τύχωο

467 1926 892 1983 consequamur.
922 1917 1353 1975 Contemnamus
1400 1929 1772 1992 temporanea,
1797 1938 1867 1979 ne
1912 1937 2046 1994 pro-

471 2013 594 2074 pter
626 2005 717 2061 illa
751 2007 1073 2066 hominibus
1103 2021 1432 2084 pugnantes,
1466 2012 1786 2070 dilectionis
1816 2016 2047 2071 manda-

472 2102 590 2149 tum
618 2095 909 2164 violemus,
938 2108 997 2154 et
1031 2116 1063 2155 a
1097 2100 1196 2156 Dei
1227 2101 1527 2157 dilectione
1555 2103 1894 2160 excidamus.
1922 2103 2047 2177 Spi-

471 2188 577 2241 ritu
605 2189 950 2256 ambulemus,
966 2200 1014 2245 et
1036 2193 1293 2249 desideria
1312 2197 1486 2269 carnis
1509 2212 1613 2250 non
1632 2196 1960 2267 perﬁciamus
1978 2199 2047 2253 ⁵⁸.

470 2278 792 2349 Vigilemus,
819 2282 992 2337 sobrii
1027 2284 1201 2339 simus
1247 2302 1261 2339 :
1311 2301 1583 2342 sommum
1625 2288 1857 2358 pigritiae
1887 2288 2049 2343 dein-

468 2384 603 2439 ceps
630 2373 997 2429 excutiamus.
1033 2375 1265 2434 Sanctos
1310 2377 1525 2433 Domini
1570 2378 1785 2450 pugiles
1826 2380 2053 2435 aemule-

467 2466 595 2516 iuur
635 2478 651 2516 :
687 2463 974 2519 imitemur
1020 2480 1216 2523 eorum
1250 2470 1551 2525 certamina
1584 2488 1599 2524 :
1643 2484 1710 2524 ea
1735 2485 1858 2540 quae
1899 2480 2052 2526 retro

466 2562 618 2618 sunt,
646 2555 1080 2625 obliviscamur;
1122 2569 1186 2615 et
1219 2561 1289 2615 ad
1320 2576 1407 2627 ea,
1441 2578 1566 2633 quae
1594 2571 1725 2618 sunt
1766 2578 1801 2617 a
1843 2562 2049 2630 fronte,

466 2659 570 2700 nos
602 2644 751 2715 ipsos
771 2649 1136 2705 extendamus
1149 2652 1217 2706 ⁸⁷.
1233 2653 1529 2708 imitemur
1548 2668 1742 2709 eorum
1766 2654 2051 2710 assiduum

467 2750 718 2803 cursum,
736 2739 907 2794 animi
929 2740 1203 2797 fervorem
1231 2751 1290 2798 ct
1311 2745 1674 2810 alacritatem,
1695 2730 2053 2802 continentiae

467 2827 842 2896 tolerantiam,
892 2833 1163 2890 castitatis
1212 2836 1655 2903 sanctimoniam,
1702 2838 1900 2893 fortem
1952 2853 2053 2908 pa-

468 2918 741 2986 tientiam,
797 2922 1234 2995 longanimitatis
1296 2927 1705 2995 sustinentiam,
1746 2930 2055 2985 miseratio-

466 3010 557 3065 nis
619 3012 1008 3080 clementiam,
1064 3019 1512 3074 mansuetudinis
1557 3021 2051 3090 tranquillitatem,

467 3104 837 3162 emulationis
867 3107 1164 3174 fervorem,
1194 3110 1510 3170 dilectionis
1534 3111 1925 3176 sinceritatem,
1949 3114 2054 3168 hu-

466 3191 718 3250 militatis
745 3197 1070 3263 celsitatem,
1101 3200 1445 3269 paupertatis
1482 3200 1912 3270 simplicitatem,
1935 3201 2050 3256 for-

467 3282 785 3351 titudinem,
831 3286 1250 3358 benignitatem,
1289 3288 1594 3343 lenitatem.
1629 3288 1708 3343 Ne
1742 3289 1926 3358 supini
1951 3305 2050 3344 vo-

465 3376 774 3447 luptatibus
816 3392 920 3432 nos
946 3378 1214 3434 dedamus
1242 3397 1256 3433 :
1287 3395 1357 3434 ne
1396 3378 1827 3451 c0gitationibus
1862 3394 1927 3433 ac
1965 3379 2050 3433 af-

466 3469 710 3525 fectibus
732 3471 1149 3537 mollescamus;
1176 3487 1247 3527 ne
1270 3472 1670 3527 conscientiam
1697 3472 2007 3541 polluamus
2033 3488 2049 3526 :

468 3559 663 3615 Pacem
699 3574 1078 3633 persequamur
1107 3579 1226 3617 cum
1263 3562 1502 3617 omnibus
1535 3572 1584 3617 et
1622 3564 2051 3628 sanctimoniam,

466 3653 582 3708 sine
611 3669 715 3723 qua
760 3670 909 3709 nemo
943 3655 1131 3709 uidebit
1165 3655 1447 3709 Dominum
1468 3657 1534 3709 ⁵⁸.
1562 3655 1644 3710 Ad
1673 3655 1808 3717 haec,
1832 3657 2049 3720 fratres,

471 3745 763 3810 mundum,
795 3747 1099 3818 mundique
1147 3755 1422 3804 rectorem
1465 3747 1754 3819 fugiamus.
1796 3747 2051 3814 Carnem,

467 3840 527 3888 et
559 3848 625 3889 ea
654 3846 778 3904 qua!
803 3838 1044 3891 carnalia
1064 3846 1215 3904 sunt,
1236 3838 1636 3908 relinquamus.
1663 3838 1722 3893 lu
1744 3838 1914 3894 caelos
1930 3854 2056 3892 cur-

467 3940 589 3984 sum
623 3932 1043 3997 contendamus,
1066 3933 1162 3987 ubi
1194 3941 1386 3989 noster
1412 3948 1514 3988 nos
1535 3941 1722 3988 manet
1750 3932 2056 4002 municipa-

472 4024 641 4081 tus".
702 4026 985 4091 imitemur
1031 4027 1279 4082 divinum
1330 4028 1685 4099 Apostolum;
1762 4036 2044 4082 auctorem

468 4115 598 4171 vitae
615 4119 1165 4187 comprehendamus;
1189 4120 1313 4175 vita:
1338 4119 1487 4175 fonte
1507 4119 1776 4184 fruamur;
1809 4134 1934 4174 cum
1955 4133 2056 4173 an-

469 4207 608 4277 gelis
635 4208 839 4263 choros
869 4207 1174 4277 ducamus;
1225 4225 1349 4265 cum
1379 4209 1727 4280 archangelis
1764 4209 2057 4264 Dominum

2149 1938 2268 1992 μεν.
2297 1921 2800 1994 Περιφρονήσωμεν
2818 1925 2926 1978 τῶν
2959 1926 3333 1998 προσκαίρων,
3396 1929 3484 1982 ἵνα
3536 1929 3611 2001 μὴ
3657 1931 3730 1983 δι’

2146 2010 2287 2066 αὐτὰ
2308 2014 2421 2076 τοῖς
2475 2011 2787 2083 ἀνθρώποις
2839 2016 3160 2086 μαχόμενοι,
3212 2016 3311 2087 τὴν
3361 2017 3582 2089 ἐντολὴν
3627 2019 3730 2087 τῆς

2146 2104 2368 2175 ἀγάπης
2390 2103 2747 2175 παραϐῶμεν,
2777 2106 2873 2160 atat
2892 2106 2993 2177 τῆς
3023 2107 3117 2160 τοῦ
3146 2106 3282 2161 Θεοῦ
3309 2107 3531 2180 ἀγάπης
3558 2109 3728 2163 ἐκπέ-

2149 2210 2349 2264 σωμεν.
2414 2195 2711 2265 Πνεύματι
2762 2195 3195 2265 περιπατῶμεν.
3251 2199 3352 2252 καί
3408 2200 3732 2270 ἐπιθυμίαν

2148 2284 2371 2353 σαρκὸς
2414 2285 2486 2338 οὐ
2536 2283 2621 2354 μὴ
2653 2286 3002 2355 τελέσομεν.
3039 2288 3501 2360 Γρηγορήσωμεν,
3549 2290 3732 2359 νήφω-

2150 2391 2252 2445 μεν
2282 2390 2297 2405 ·
2334 2374 2697 2447 ἀποϐάλωμεν
2726 2375 2912 2430 λοιπὸν
2934 2377 3026 2431 τὸν
3071 2376 3241 2432 ὕπνον
3280 2379 3382 2448 τῆς
3434 2380 3726 2452 ῥᾳθυμίας.

2148 2465 2489 2536 Ζηλὼσωμεν
2524 2469 2651 2531 τοὺς
2677 2465 2867 2533 ἁγίους
2912 2466 3151 2537 ἀθλητὰς
3182 2468 3277 2522 τοῦ
3307 2470 3557 2541 Σωτῆρος
3584 2486 3600 2500 υ
3641 2488 3729 2540 μι-

2151 2558 2452 2630 μησὼμεθα
2477 2557 2659 2612 αὐτῶν
2677 2559 2803 2621 τοὺς
2820 2558 3171 2626 ἀγῶνας,τῶν
3195 2559 3417 2613 ὄπισθεν
3439 2559 3731 2613 ἐπιλανθα-

2150 2651 2387 2721 νόμενοι,
2422 2653 2537 2714 τοῖς
2562 2650 2621 2703 δὲ
2674 2649 2984 2722 ἔμπροσθεν
3031 2652 3491 2723 ὲπεκτεινόμενοι.
3534 2651 3730 2722 Μιμη-

2152 2740 2373 2812 σώμεθα
2395 2740 2484 2795 τόν
2523 2741 2945 2795 ἀκατάπαυστον
2987 2741 3169 2795 αὐτῶν
3193 2740 3412 2813 δρόμον,
3443 2741 3542 2815 τὴν
3579 2740 3732 2806 ζέου-

2152 2849 2253 2887 σαν
2293 2831 2620 2906 προθυμίαν,
2660 2831 2761 2902 τῆς
2791 2831 3120 2903 ἐγκρατείας
3154 2831 3255 2904 τὴν
3281 2834 3596 2905 καρτερίαν,
3627 2834 3729 2913 τῆς

2152 2924 2508 2996 σωφροσύνης
2558 2924 2650 2979 τὸν
2688 2926 2980 2995 ἀγιασμδν,
3014 2927 3114 2997 τῆς
3160 2925 3442 2996 ὑπομονῆς
3473 2925 3573 2998 τὴν
3605 2942 3732 2995 γεν-

2151 3017 2411 3087 ναιότητα
2451 3015 2552 3085 τῆς
2582 3016 2964 3088 μακροθυμίας
2988 3018 3089 3089 τὴν
3134 3018 3352 3091 ἀνοχὴν,
3381 3018 3481 3089 τῆς
3511 3028 3734 3090 συμπα-

2153 3105 2307 3169 θείας
2337 3106 2431 3159 τδν
2457 3101 2661 3173 οῐκτον,
2678 3106 2791 3176 ’τῆς
2819 3108 3133 3179 πραΰτητος
3169 3108 3232 3162 τὸ
3277 3109 3571 3179 ἀτάραχον,
3632 3106 3728 3163 τοῦ

2154 3197 2317 3267 ζήλου
2348 3196 2445 3267 τὴν
2471 3196 2801 3268 θερμότητα,
2845 3198 2947 3268 τῆς
2982 3199 3203 3269 ἀγάπης
3240 3199 3305 3253 τὸ
3343 3200 3728 3271 ἀνυπόκριτον,

2148 3289 2248 3358 τῆς
2295 3288 2795 3359 ταπεινοφροσύνης
2836 3288 2898 3341 τὸ
2932 3288 3084 3358 ὕψος,
3128 3290 3230 3359 τῆς
3262 3286 3644 3360 ἀκτημοσύνης
3668 3288 3731 3343 τὸ

2151 3379 2463 3451 ἀπέριττον,
2495 3379 2596 3450 τὴν
2620 3377 2896 3449 ἀνδρείαν,
2923 3378 3024 3449 τὴν
3048 3379 3416 3451 χρηστότητα,
3438 3378 3540 3451 τὴν
3558 3378 3731 3432 ἐπιεί-

2151 3486 2327 3524 κειαν.
2375 3469 2468 3541 Μὴ
2506 3468 2871 3541 ὑπτιωθῶμεν
2894 3472 3014 3534 ταῖς
3051 3471 3264 3541 ἡδοναῖς
3288 3488 3303 3502 ·
3335 3472 3408 3542 μὴ
3436 3470 3726 3541 χαυνωθῶ-

2155 3577 2257 3630 μεν
2281 3562 2395 3623 τοῖς
2417 3559 2699 3631 λογισμοῖς
2730 3576 2743 3588 ·
2779 3559 2855 3632 μὴ
2895 3559 3238 3631 ῥυπώσωμεν
3267 3560 3366 3631 τὴν
3403 3560 3728 3630 συνείδησινο

2158 3650 2278 3718 Τὴν
2320 3650 2572 3720 είρήνην
2622 3648 2924 3719 διώκωμεν
2960 3650 3112 3718 μετὰ
3149 3649 3426 3713 πάντων,
3478 3648 3581 3703 καὶ
3622 3648 3730 3702 τὸν

2153 3743 2453 3813 ἁγιασμόν
2474 3757 2490 3774 ⁸
2535 3735 2609 3797 οὗ
2646 3739 2826 3809 χωρίς
2878 3740 3080 3808 οὐδεὶς
3114 3741 3324 3809 ὄψεται
3349 3741 3461 3795 τὸν
3489 3742 3726 3810 Κύριον.

2153 3833 2265 3887 Καὶ
2293 3832 2386 3886 ἐπὶ
2419 3829 2649 3896 τούτοις,
2684 3829 2946 3901 φύγωμεν
2977 3831 3068 3886 τὸν
3093 3830 3319 3902 κόσμον,
3360 3831 3599 3900 ἀδελφοὶ,
3634 3832 3730 3885 καὶ

2153 3924 2245 3980 τὸν
2295 3924 2737 3995 κοσμοκράτορα.
2787 3920 3214 3993 Καταλείψωμεν
3266 3923 3365 3995 τὴν
3397 3924 3598 3994 σάρκα,
3632 3924 3730 3979 καὶ

2152 4017 2223 4072 τά
2265 4016 2519 4089 σαρκικὰ.
2568 4016 2664 4079 Είς
2688 4014 2950 4090 οὐρανοὺς
2978 4012 3372 4088 ἀναδράμωμεν
3399 4032 3414 4048 ·
3442 4016 3562 4069 ἐκεῖ
3587 4015 3727 4080 ἔξω·

2160 4126 2260 4182 μεν
2287 4110 2444 4181 ἡμῶν
2469 4098 2532 4161 τὸ
2556 4107 2879 4180 πολίτευμα.
2904 4108 3009 4163 Τὸν
3029 4109 3173 4163 θεῖον
3205 4108 3519 4162 Ἀπόστολον
3555 4122 3729 4180 μιμη-

2158 4196 2422 4268 σώμεθαο
2459 4196 2551 4252 τὸν
2609 4196 2876 4269 ’Δρχηγδν
2920 4198 3020 4267 τῆς
3072 4196 3218 4267 ζωῆς
3276 4195 3673 4267 καταλάϐωμεν
3708 4211 3727 4229 ο

471 4304 725 4351 nostrum
753 4298 940 4353 Iesum
975 4298 1261 4362 Christum
1287 4299 1612 4365 laudemus;
1663 4298 1766 4369 ipsi
1795 4298 1971 4370 gloria
2002 4306 2049 4352 et

2154 4289 2255 4361 τῆς
2293 4289 2475 4361 πηγῆς
2501 4289 2603 4359 τῆς
2656 4290 2806 4361 ζωῆς
2854 4289 3273 4361 ἀπολαύσωμεν.
3321 4291 3427 4346 Σὺν
3476 4290 3733 4359 ἀγγέλοις

474 4386 791 4457 imperium,
834 4404 942 4444 una
973 4406 1098 4455 cum
1132 4392 1293 4445 Patre
1325 4398 1383 4446 et
1412 4390 1624 4461 Spiritu
1662 4398 1875 4455 sancto,
1910 4404 2049 4444 nunc

2157 4379 2506 4451 χορεύσωμεν
2532 4396 2548 4410 ο
2580 4382 2677 4434 σὺν
2718 4381 3079 4452 ἀρχαγγέλοις
3110 4382 3444 4452 ὕμνήσωμιν
3492 4381 3585 4434 τὸν
3618 4379 3732 4435 Κύο

472 4486 532 4534 et
558 4493 796 4551 semper,
821 4492 879 4537 et
915 4482 973 4537 in
1006 4484 1209 4538 saecula
1236 4484 1586 4539 saeculorum.
1611 4483 1808 4539 Amen.

2082 4478 2133 4540 ι)
2161 4487 2276 4541 ριον
2301 4469 2458 4541 ἡμῶν
2499 4470 2706 4540 Ἰησοῦν
2730 4472 2967 4543 Χριστόν
2995 4488 3010 4504 ·
3035 4465 3081 4539 ᾧ
3102 4474 3135 4544 ἡ
3160 4471 3290 4536 δόξα
3319 4474 3415 4526 καὶ
3440 4472 3502 4526 τὸ
3530 4472 3732 4543 κράτος

2156 4559 2274 4629 ἅμα
2324 4559 2403 4631 τῷ
2438 4559 2611 4632 Πατρὶ
2645 4562 2742 4616 σῦν
2769 4559 2849 4632 τῷ
2878 4561 3017 4634 ἁγίῳ
3049 4562 3345 4634 Πνεῦματι,
3375 4563 3474 4619 νῦν
3498 4565 3595 4617 καὶ
3622 4564 3729 4628 ἀεὶ,

2153 4652 2249 4706 καὶ
2280 4654 2359 4716 είς
2390 4654 2518 4717 τοὺς
2539 4653 2739 4718 αἰῶνας
2773 4655 2885 4710 τῶν
2911 4654 3144 4710 αἰώνων.
3188 4656 3382 4728 ’Δμήω

537 4778 583 4819 ’⁸
625 4782 816 4843 Matth.
856 4803 948 4855 vn,
982 4786 1068 4843 15.
1145 4786 1191 4820 ⁸⁸
1224 4787 1399 4843 Galat.
1439 4805 1491 4853 v,
1522 4786 1603 4842 l6.
1679 4787 1723 4820 "
1758 4784 1998 4857 Philipp.
2034 4801 2112 4855 tn,
2150 4786 2235 4841 i3.
2314 4788 2359 4820 ⁵⁸
2383 4787 2552 4844 Hebr.
2578 4806 2673 4857 xu,
2711 4788 2797 4847 Η.
2871 4792 2917 4825 ⁸⁸
2941 4792 3182 4865 Philipp.
3208 4809 3289 4861 tu,
3312 4792 3408 4849 20.

964 5077 1131 5150 394
1164 5076 1260 5133 sx
1292 5076 1570 5134 PHOTIO.

473 5173 731 5247 Ejusdem
801 5172 933 5247 liber
975 5173 1244 5247 ΔΑιςοειὶιίης
1321 5171 1724 5247 (AdApietatgm
1774 5175 2050 5247 exercens)

544 5246 758 5316 aliaque
791 5244 1300 5315 quadringentorum
1332 5241 1573 5312 'capit'um
1624 5241 1960 5297 Lucubratio.

544 5335 680 5408 Legi
704 5336 870 5408 etiam
897 5335 1143 5408 ejusdem
1173 5334 1345 5408 sancti
1371 5332 1820 5408 blattimilibrum
1837 5331 2051 5408 Asceti-

474 5403 827 5476 cumfllgura
858 5403 1033 5460 habiti
1066 5405 1210 5459 inter
1235 5404 1373 5460 duos
1418 5403 1639 5476 dialogi,
1672 5403 1848 5457 altero
1882 5404 2057 5459 inter-

474 5474 723 5546 rogante,
777 5477 954 5531 altero
1001 5476 1392 5545 respondente.
1449 5474 1610 5546 unus
1657 5489 1786 5546 sane
1837 5476 2052 5546 cunctis

477 5544 763 5616 tractatus,
788 5562 854 5602 ac
886 5548 971 5601 vel
999 5544 1232 5600 maxime
1262 5546 1351 5608 iis,
1370 5544 1573 5616 quibus
1596 5544 1837 5616 colenda:
1859 5545 2053 5600 virtuti

476 5613 704 5687 ejusque
741 5616 1186 5673 txercitameutis
1212 5613 1486 5671 sanctiore
1514 5615 1799 5686 proposito
1820 5616 1931 5671 vita
1956 5616 2054 5672 de-

2640 5080 2734 5134 EK
2780 5080 2916 5134 ΤΩΝ
2965 5080 3238 5137 ΦΩΤΙΟΥ.
3306 5136 3311 5140 ,

2155 5171 2265 5229 Τοῦ
2312 5171 2500 5228 αὐτοῦ
2559 5172 2913 5242 Ἀσκητικὸς
2958 5175 3141 5241 λόγος
3167 5188 3182 5203 ’
3228 5171 3325 5226 καί
3362 5171 3535 5242 ἑτέρα
3576 5185 3721 5242 πρα-

2500 5239 2743 5314 γματεία
2770 5241 2839 5294 ἐν
2863 5239 2914 5295 υ⁹
2947 5239 3295 5310 κεφαλαίοις
3334 5245 3372 5300 ⁸.

2236 5334 2578 5407 Ἀνεγνιῦσθη
2638 5333 2731 5388 τοῦ
2777 5332 2969 5407 *αὐτοῦ
3034 5334 3189 5402 ἁγίου
3252 5334 3535 5407 Μαξίμου,
3569 5334 3721 5407 λόγος

2166 5403 2510 5476 Ἀσκητικος,
2566 5403 2647 5469 είς
2699 5404 2893 5457 πεῦσιν
2942 5403 3416 5476 ἐσχηματισμένος
3460 5404 3721 5476 καὶάπό-

2156 5473 2495 5597 gnatum
2523 5476 2791 5547 χρήσιμος
2833 5477 2930 5544 μὲν
2949 5473 3152 5561 ἅπασιν
3183 5477 3212 5527 ὁ
3257 5473 3473 5567 λόγος.τ
3493 5474 3727 5544 μάλιστα

2247 5564 2327 5609 ο.ς
2360 5563 2591 5615 ασκησις
2617 5548 2649 5616 ἡ
2680 5544 2944 5616 πολιτεία.
3005 5544 3179 5616 ξιιοωξν-
3194 5544 3320 5615 γὰρ,
3347 5546 3395 5599 δι
3440 5563 3513 5616 ων
3543 5544 3606 5599 ἀν
3638 5560 3727 5609 τις

2157 5614 2581 5688 οὐρανοπολίτης
2632 5614 2860 5686 γένοιτο,
2911 5614 3029 5667 ἐστὶ
3074 5614 3389 5680 διδάσκαλος
3418 5615 3509 5671 καὶ
3557 5630 3730 5686 γεωρ-

549 5770 569 5792 ⁹
592 5768 673 5850 Λᾶ
705 5771 1046 5847 superiorem
1077 5771 1285 5830 librum
1319 5772 1655 5838 Asccticum,
1682 5749 1739 5828 et
1765 5770 2050 5843 sequentia
2087 5771 2265 5830 cauita
2292 5771 2359 5829 de
2386 5771 2673 5829 cbaritate.
