4128 6210
1620 356 1682 417 S.
1725 354 2014 416 ΜΑΧΙΜΙ
2059 353 2571 417 CONFESSORIS

483 568 3697 598 ww

1183 725 1412 813 ΤΟΥ
1484 727 1631 813 ΕΝ
1688 725 2056 811 ΑΓΙΟΙΣ
2098 721 2542 812 ΠΑΤΡΟΣ
2617 719 2948 810 ΗΜΩΝ

1448 913 1858 1051 ΑΒΒΑ
1948 908 2758 1053 ΜΑΞΙΜΟΥ

1104 1158 1906 1282 ΚΕΦΑΛΑΙΑ
1998 1163 2361 1280 ΠΕΡΙ
2454 1163 3130 1280 ΑΓΑΠΗΣ.

894 1529 1036 1661 S.
1168 1538 1322 1662 P.
1463 1541 1623 1666 N.
1739 1535 2427 1665 MAXIMI
2536 1529 3327 1663 ABBATIS

1373 1791 1788 1883 CAPITA
1877 1792 2023 1882 DE
2122 1789 2843 1895 CHARITATE.

822 2111 1189 2170 PROLOGUS
1218 2113 1309 2168 AD
1347 2113 1696 2169 ELi’lDlUM.

537 2206 683 2262 Ecce
721 2205 792 2260 ad
847 2221 974 2261 eum
1022 2205 1250 2269 librum,
1283 2220 1447 2275 quem
1488 2205 1554 2260 ad
1589 2206 1850 2275 pietatem
1890 2222 2051 2262 exer-

467 2307 706 2364 centem,
745 2297 925 2367 deque
972 2297 1084 2352 vita
1126 2297 1379 2367 religiose
1428 2298 1786 2363 instituenda,
1832 2299 2052 2369 scripsi,

468 2391 618 2444 hunc
652 2403 874 2459 quoque
924 2386 994 2442 de
1035 2387 1305 2442 charitate
1354 2388 1723 2458 compositum
1773 2396 1879 2443 tuae
1928 2390 2054 2444 misi

466 2479 766 2545 sanctitati,
818 2487 976 2549 pater
1032 2476 1236 2548 Elpidi,
1292 2477 1409 2548 pari
1450 2488 1691 2549 quatuor
1743 2478 2056 2551 Evangeliis

468 2595 726 2645 numero,
775 2579 1024 2635 centenis
1051 2577 1515 2648 comprehensum
1547 2577 1825 2648 capitibus
1854 2595 1869 2642 ;
1913 2577 2056 2634 forte

469 2690 580 2728 non
622 2672 918 2729 admodum
971 2669 1200 2741 dignum
1241 2677 1336 2724 tua
1381 2668 1822 2739 exspectatione;
1869 2678 2058 2724 nostra

468 2775 650 2819 tamen
706 2761 911 2834 ingenii
973 2759 1235 2816 facultate
1312 2774 1423 2814 non
1491 2757 1787 2815 minorem.
1849 2758 2058 2815 Verum

467 2856 607 2911 sciat
630 2855 896 2912 sanctitas
923 2862 1015 2908 tua
1035 2895 1050 2919 ,
1076 2867 1146 2910 ne
1178 2851 1298 2906 haec
1325 2850 1551 2921 quidem
1588 2850 1696 2906 mei
1733 2850 1940 2922 ingenii
1975 2850 2058 2907 le-

469 2956 649 3002 turam
683 2962 806 3002 esse
848 2963 863 3001 :
895 2945 1016 3011 sed,
1048 2943 1399 3015 perlustratis
1436 2950 1604 3014 atque
1653 2943 1901 2998 excussis
1934 2958 2063 2997 san-

468 3048 687 3094 ctorum
721 3039 947 3095 Patrum
974 3037 1134 3092 libris
1162 3051 1227 3092 ac
1268 3035 1511 3106 scriptis,
1539 3050 1637 3091 seu
1683 3035 2058 3101 sermonibus,

470 3131 713 3200 hincque
763 3138 948 3186 mente
999 3130 1067 3185 ad
1113 3136 1501 3200 argumentum
1550 3125 1783 3191 intenta,
1831 3141 1896 3181 ac
1934 3141 2061 3181 cum

469 3219 684 3291 paucis,
719 3219 892 3274 multa
924 3217 1161 3274 strictim
1196 3217 1554 3287 breviterque
1601 3215 1900 3272 admodum
1944 3217 2052 3271 col-

469 3308 747 3380 legissem,
773 3307 936 3379 395
971 3314 1034 3361 ut
1062 3307 1362 3378 legentium
1398 3305 1618 3362 facilius
1649 3313 1901 3376 paterent
1931 3321 2064 3361 ocu-

471 3402 563 3469 lis,
589 3417 655 3457 ac
684 3401 964 3456 memoriae
1009 3400 1320 3470 promptius
1349 3406 1734 3464 occurrerent,
1780 3407 1887 3453 tua:
1936 3414 2065 3454 san-

2080 2120 2127 2177 Α

2472 2112 2831 2169 ΠΡΟΛΟΓΟΣ
2869 2114 3048 2168 ΠΡΟΣ
3078 2110 3426 2166 ΕΛΙΙΙΔΙΟΝ.

2242 2206 2372 2264 Ἰδοὺ
2411 2205 2548 2275 πρὸς
2566 2204 2648 2276 τῷ
2690 2204 2819 2275 περὶ
2850 2202 3169 2275 Ἁσκητικοῦ
3202 2201 3317 2271 βίου
3348 2201 3427 2274 (a)
3456 2200 3621 2273 λόγῳ,
3645 2200 3743 2255 καὶ

2156 2298 2248 2353 τὸν
2269 2298 2399 2368 περὶ
2438 2296 2682 2367 Ἀγάπης
2723 2296 2881 2363 λόγον
2921 2296 3186 2365 πέπομφα
3217 2296 3283 2365 τῇ
3332 2296 3400 2365 σῇ
3440 2293 3743 2365 τιμιότητι,

2158 2390 2336 2461 πάτερ
2381 2388 2640 2453 Ἐλπίδιε,
2672 2389 2731 2442 ὲν
2756 2386 3064 2459 ἰσαρίθμοις
3112 2386 3428 2457 κεφαλαίοις
3470 2385 3579 2439 τῶν
3619 2402 3747 2455 τεσ-

2160 2484 2344 2554 σάρων
2395 2480 2746 2551 Εὐαγγελίων
2801 2478 3154 2534 ἑκατοντάσιν
3178 2496 3191 2511 °
3243 2478 3396 2532 οὐδὲν
3456 2479 3556 2548 μιν
3611 2477 3748 2542 ἴσως

2158 2576 2308 2644 ἄξιον
2355 2574 2457 2645 τῆς
2499 2574 2599 2644 σῆς
2633 2571 2962 2644 προσδοκίας
2990 2587 3008 2605 ο
3044 2574 3144 2643 τῆς
3169 2571 3226 2624 δέ
3254 2588 3320 2638 γε
3354 2570 3632 2641 ἡμετέρας
3654 2570 3747 2624 δυο

2159 2669 2374 2739 νάμεως
2393 2666 2495 2720 οὐκ
2518 2664 2759 2721 ἔλαττον.
2788 2663 2936 2736 Πλὴν
2960 2664 3280 2732 γινωσκέτω
3310 2662 3385 2734 (b)
3414 2664 3449 2733 ἡ
3472 2662 3540 2733 σὴ
3573 2663 3746 2731 ἁγιω-

2161 2758 2317 2831 σύνη,
2347 2759 2431 2813 ὅτι
2455 2758 2575 2814 οὐδὲ
2597 2757 2770 2812 ταῦτα
2792 2758 2900 2812 είσὶ
2924 2756 3025 2826 τῆς
3054 2756 3194 2828 ὲμῆς
3214 2754 3456 2825 γεώργια
3485 2754 3744 2817 διανοίας·

2160 2851 2299 2908 ἀλλὰ
2338 2852 2465 2915 τοὺς
2503 2850 2615 2906 τῶν
2657 2849 2829 2919 ἁγίων
2874 2849 3135 2921 Πατέρων
3158 2845 3380 2901 διελθὼν
3400 2845 3614 2915 λόγους,
3647 2862 3749 2900 κα-

2161 2944 2342 2999 κετοεν
2388 2943 2485 2999 τδν
2535 2943 2616 3008 είς
2646 2942 2747 3015 τὴν
2797 2941 3055 2996 ὑπόθεσιν
3084 2940 3427 2996 συντείνοντα
3454 2936 3579 2993 νοῦν
3609 2939 3749 2993 ἁνα-

2159 3038 2455 3111 λεξάμενος
2483 3054 2498 3070 ο
2526 3037 2622 3093 καὶ
2647 3038 2704 3091 ὲν
2735 3035 2936 3105 ὀλίγοις
2991 3032 3163 3088 πολλὰ
3216 3031 3750 3103 κεφαλαιωδέστερα)

2164 3129 2509 3200 συναγαγὼν,
2544 3129 2634 3184 ἵνα
2663 3128 2971 3183 εὐσύνοπτα
3003 3126 3268 3196 γένωνται
3305 3123 3395 3179 διὰ
3436 3126 3500 3179 τδ
3537 3123 3747 3193 εὐμνη-

2166 3224 2426 3293 μόνευτον
2450 3240 2464 3255 ·
2526 3220 2826 3276 ἀπέστειλα
2867 3221 2935 3292 τῇ
2986 3221 3055 3291 σῇ
3115 3217 3377 3288 ὁσιότητι,
3411 3214 3750 3287 παρακαλῶν

2161 3311 2523 3383 εὐγνωμόνως
2568 3308 2991 3380 ἀναγινώσκειν,
3040 3307 3138 3363 καὶ
3169 3307 3336 3379 μόνην
3364 3306 3620 3379 Θηρεύειν
3647 3305 3751 3376 τὴν

2163 3405 2222 3458 ιν
2243 3404 2427 3467 αὐτοῖς
2460 3402 2729 3473 ὠφέλειαν
2754 3419 2770 3434 ’
2792 3402 2855 3455 τὸ
2881 3401 2941 3455 δὲ
2961 3400 3199 3464 ἀκαλλὲς
3225 3400 3327 3470 τῆς
3373 3397 3575 3464 λέξεως
3631 3396 3747 3471 [ἲν.

472 3494 648 3547 etitati
683 3491 920 3547 misisse.
959 3488 1070 3546 Oro
1105 3498 1291 3544 autem
1322 3503 1389 3544 ac
1418 3488 1673 3553 obsecro,
1710 3495 1777 3542 ut
1826 3486 2061 3559 benigne

2162 3492 2273 3547 τῶν
2295 3491 2518 3564 λέξεων]
2546 3491 2944 3564 παραδλέπειν,
2993 3491 3089 3545 καὶ⁸
3141 3488 3400 3561 εὔχεσθαι
3459 3488 3603 3561 ὑπὲρ
3646 3488 3750 3559 τῆς

472 3600 539 3641 ac
570 3591 854 3656 gratanter
896 3583 1066 3654 legas,
1113 3596 1390 3652 unamque
1431 3580 1486 3635 in
1519 3581 1600 3635 eis
1634 3580 1928 3636 utilitatem
1966 3595 2057 3634 ca-

473 3684 598 3747 ptes
630 3691 643 3729 :
687 3674 825 3732 rude
851 3689 986 3730 vero
1020 3688 1087 3730 ac
1119 3674 1474 3729 invenustum
1508 3671 1729 3727 dicendi
1755 3686 1930 3743 genus
1954 3687 2055 3726 ne-

418 3834 457 3853 __
474 3767 666 3839 gligas,
695 3782 760 3822 ac
790 3781 984 3837 preces
1005 3779 1107 3837 pro
1135 3773 1323 3820 nostra
1358 3763 1762 3829 mediocritate,
1785 3780 1909 3834 qua:
1943 3763 2059 3818 fru-

474 3861 558 3932 gis
607 3859 786 3915 omnis
846 3857 1111 3930 spiritalis
1148 3872 1323 3916 vacua
1376 3856 1470 3924 sit,
1500 3855 1720 3912 fundas.
1760 3854 1902 3922 Quin
1952 3855 2060 3911 hoc

474 3949 642 4005 etiam
672 3948 876 4021 ﬂagito,
908 3963 979 4004 ne
1002 3956 1065 4004 ut
1090 3946 1478 4015 obtunderem,
1508 3947 1625 4002 haec
1655 3962 1685 4002 a
1734 3962 1822 4001 me
1853 3945 2060 4016 scripta

473 4039 776 4097 existimes.
811 4039 927 4095 Hoc
956 4038 1200 4111 implevi,
1222 4039 1372 4110 quod
1397 4046 1734 4109 praeceptum
1759 4046 1901 4094 erat.
1944 4037 2062 4094 Hoc

477 4114 536 4190 ut
567 4129 768 4197 dicam,
802 4129 859 4185 id
891 4144 1072 4187 causa
1098 4139 1206 4193 est,
1230 4129 1378 4201 quod
1412 4129 1572 4184 libris
1604 4144 1670 4185 ac
1712 4130 2062 4186 sermonibus

475 4221 869 4287 obtundentes,
908 4238 1016 4278 non
1045 4223 1207 4293 pauci
1269 4222 1435 4278 hodie
1465 4222 1764 4289 exsistant;
1813 4231 1868 4277 at
1899 4223 2060 4294 pauci

476 4311 775 4368 admodum
809 4313 905 4382 qui
956 4313 1219 4383 operibus
1272 4313 1375 4385 ipsi
1421 4313 1700 4379 erudiant,
1753 4322 1850 4369 aut
1894 4313 2065 4369 etiam

476 4400 823 4458 erudiantur.
858 4401 1000 4469 Quin
1031 4403 1216 4473 potius
1254 4405 1360 4460 hoc
1411 4420 1565 4471 cura,
1596 4412 1660 4460 ut
1703 4405 1936 4476 singulis
1968 4421 2062 4461 ca-

478 4492 690 4564 pitibus
733 4493 926 4549 sedulo
967 4494 1235 4550 adhibeas
1276 4496 1543 4552 animum.
1597 4496 1712 4552 Nec
1756 4497 1904 4552 enim
1946 4513 2066 4552 om-

480 4585 597 4653 nia,
631 4598 693 4642 ut
716 4587 996 4655 existimo,
1030 4588 1291 4644 omnibus
1341 4589 1622 4645 intellectu
1671 4589 1853 4645 facilia
1884 4598 2015 4645 sunt
2046 4608 2062 4646 :

479 4679 576 4733 sed
607 4679 870 4750 pleraque
898 4681 1171 4752 ejusmodi
1202 4689 1263 4736 ut
1298 4697 1494 4753 magna
1525 4682 1687 4752 vulgo
1719 4682 2065 4738 discussione

479 4781 697 4840 egeant,
746 4773 962 4828 etiamsi
1010 4772 1315 4844 simplicius
1346 4774 1492 4828 dicta
1526 4773 1839 4828 videantur.
1883 4772 2067 4828 Forsi-

2156 3584 2316 3655 ημῶν
2339 3584 2713 3656 μετριότητος,
2741 3584 2842 3656 τῆς
2863 3584 3043 3655 πάσης
3076 3582 3454 3655 πνευματικῆς
3481 3581 3751 3651 ὠφελείας

2157 3678 2387 3751 ἐρήμου.
2416 3676 2726 3750 Παρακαλῶ
2775 3676 2833 3730 δὲ
2884 3676 2982 3731 καὶ⁵
3027 3675 3207 3740 τοῦτο,
3261 3675 3338 3749 μὴ
3394 3675 3475 3739 είς
3525 3674 3751 3746 ὄχλησιν

2159 3767 2411 3839 ἡγεῖσθαι
2427 3769 2497 3823 τὰ
2516 3767 2905 3841 γεγραμμένα.
2933 3764 3235 3837 Ἐπιταγὴν
3256 3768 3367 3838 γὰρ
3387 3766 3749 3840 πεπλήρωκα.

2157 3861 2321 3930 Λέγω
2370 3859 2429 3914 δὲ
2476 3859 2656 3927 τοῦτο,
2717 3858 2909 3932 ἐπειδὴ
2958 3862 3007 3914 οί
3056 3859 3239 3929 λόγοις
3277 3857 3621 3929 ἐνοχλοῦντες
3645 3859 3751 3930 (1),

2158 3949 2346 4004 πολλοί
2392 3951 2560 4021 ἔσμεν
2610 3950 2890 4023 σήμερον·
2938 3952 2989 4005 οί
3035 3951 3093 4006 δὲ
3140 3951 3322 4024 ἔργοις
3374 3952 3750 4020 παιδεύοντες,

2159 4036 2195 4108 ἢ
2233 4038 2329 4093 καὶ
2380 4037 2793 4109 παιδευόμενοι,
2841 4039 2987 4094 πάνυ
3012 4040 3152 4096 είσὶν
3179 4041 3364 4110 ὀλίγοι.
3415 4040 3578 4095 Ἀλλὰ
3606 4042 3752 4114 μᾶλ-

2160 4127 2251 4182 λον
2279 4128 2533 4198 ὲμπόνως
2571 4130 2863 4201 προσέχειν
2908 4131 3124 4204 ἑκάστῳ
3170 4131 3278 4186 τῶν
3310 4129 3646 4201 κεφαλαίων.
3670 4131 3752 4188 οὐ

2164 4219 2344 4275 πάντα
2375 4221 2486 4292 γὰρ
2519 4223 2707 4286 πᾶσιν,
2736 4223 2813 4286 ὡς
2838 4217 3016 4294 οἶμαι,
3071 4222 3211 4276 είσὶν
3264 4221 3509 4294 εὔληπτα
3537 4238 3555 4257 ’
3611 4222 3754 4279 ἀλλὰ

2163 4314 2256 4366 καὶ
2283 4311 2486 4383 πολλῆς
2509 4312 2578 4367 τὰ
2601 4311 2771 4366 πολλὰ
2811 4316 2923 4377 τοῖς
2948 4313 3164 4378 πολλοῖς
3199 4313 3430 4386 δεόμενα
3466 4314 3568 4384 τῆς
3626 4331 3751 4370 συνο

2164 4403 2485 4471 εξετάσεως,
2514 4405 2563 4457 εί
2597 4404 2693 4459 καὶ
2718 4404 2869 4459 δοκεῖ
2895 4405 3262 4477 ἁπλούστερον
3290 4406 3562 4478 είρῆσθαι.
3591 4409 3755 4472 Ἴσως

2165 4496 2257 4551 καὶ
2289 4494 2355 4550 ἄν
2381 4513 2437 4549 τι
2468 4494 2671 4567 φανείη
2699 4498 2970 4569 χρήσιμον
3003 4500 3069 4568 τῇ
3108 4498 3255 4571 ψυχῇ
3300 4498 3360 4564 ἐξ
3399 4498 3578 4554 αὐτῶν
3616 4499 3753 4556 ἀνα-

2165 4586 2592 4658 καλυπτόμενον.
2609 4587 2882 4661 ’Λναφανή
2893 4604 3042 4644 σεται
3070 4588 3127 4643 δὲ
3146 4590 3367 4654 πάντως
3385 4588 3521 4644 Θεοῦ
3540 4591 3750 4661 χάριτι,

2165 4678 2245 4749 τῷ
2272 4678 2624 4750 ἀπεριέργοις
2652 4678 2885 4743 ἐννοίαις
2923 4681 3019 4734 καὶ
3060 4681 3198 4752 μετὰ
3247 4682 3415 4751 φόϐου
3464 4682 3603 4738 Θεοῦ
3656 4684 3757 4738 καὶ

2168 4770 2390 4841 ἀγάπης
2416 4769 2868 4839 ἀναγινώσκοντι.
2903 4770 2995 4842 Τῷ
3045 4772 3104 4825 δὲ
3151 4772 3227 4843 μὴ
3277 4773 3549 4842 ὠφελείας
3592 4774 3755 4848 χάριν

485 4873 573 4917 tan
607 4863 755 4918 enim
776 4863 982 4934 aliquid
1008 4863 1157 4934 quod
1181 4866 1365 4919 animo
1390 4863 1665 4919 conducat
1691 4878 1759 4918 ex
1783 4862 1865 4919 eis
1886 4878 2061 4919 emer-

2172 4862 2550 4934 πνευματικῆς
2576 4862 2978 4933 ἐντυγχάνοντι,
3010 4862 3045 4934 ἢ
3074 4862 3251 4935 τούτῳ
3276 4863 3356 4937 τῷ
3390 4847 3691 4936 πονήματι,
3717 4864 3751 4936 ἢ

551 5021 799 5102 (all-hy)!
821 5023 1151 5102 ἁσκητικοιξ
1172 5023 1339 5102 βίον.
1366 5027 1588 5083 Reddit.
1606 5027 1821 5102 Qbsop.
1851 5028 1915 5082 de
1941 5030 2061 5102 vita:

2161 5037 2266 5085 tur.
2289 5030 2489 5087 Videas
2513 5031 2720 5102 ubique
2748 5031 2861 5086 fere
2887 5030 2942 5086 in
2970 5031 3057 5086 bis
3081 5043 3313 5100 peccare
3342 5022 3446 5102 qui
3470 5031 3626 5102 extra
3652 5021 3749 5077 Ec.

478 5094 728 5170 erercitio
758 5110 907 5170 :“nec
947 5093 1211 5170 emepdat
1248 5095 1555 5170 Gesner-ius.
1596 5093 1941 5154 Exercentem
1994 5099 2064 5153 ad
2160 5102 2340 5157 etesiae
2369 5112 2547 5157 castra
2573 5093 2895 5167 militantes,
2930 5093 3226 5170 rerumque
3253 5093 3750 5170 ecclesiasticarum

482 5163 957 5240 ;;ietatent___librunt
999 5164 1235 5240 reddidi,
1267 5179 1403 5240 post
1420 5169 1721 5233 Nobilium,
1754 5186 1784 5223 a
1820 5186 1931 5240 quo
1955 5170 2067 5225 ele-

482 5242 675 5306 ganter
713 5234 857 5306 liber
886 5236 979 5291 ille
1010 5236 1205 5290 Latine
1252 5234 1504 5293 redditus
1542 5249 1647 5304 est,
1694 5234 1929 5306 sivefde
1956 5242 2065 5294 vita

483 5302 725 5375 religiose
743 5304 1114 5380 instituenda.
1147 5307 1390 5380 _Erudite
1421 5302 1777 5380 pieque‘Bill.
1818 5302 1864 5364 Ἰ.
1913 5328 1926 5364 ι
1970 5310 2069 5365 Sa-

483 5372 701 5453 crai'um
734 5372 1019 5453 Observat.
1050 5377 1104 5430 in
1146 5372 1494 5453 hanc‘ipsam
1531 5372 1751 5453 'vocem,
1783 5381 2064 5453 admonet,

485 5442 668 5497 Artem
699 5447 1001 5520 quamlibet
1024 5463 1087 5502 ac
1116 5442 1400 5520 scientiam
1427 5452 1674 5520 quaedam
1702 5451 1970 5506 vocabula
1997 5449 2065 5505 ad

485 5526 663 5595 usum“
676 5529 837 5595 suum
866 5517 946 5571 sic
971 5517 1527 5595 accommodassefut
1555 5521 1873 5595 in_alienam
1907 5523 2067 5595 plane

486 5582 943 5663 signiﬁcationem
968 5582 1570 5663 migrassevideantur.
1600 5592 1662 5647 In
1691 5593 1769 5645 his
1796 5582 1959 5663 igitur
1986 5592 2068 5645 in-

490 5660 762 5734 terpretes,
794 5656 995 5726 inquit.
1025 5656 1115 5729 qui
1146 5660 1360 5714 uerbum
1398 5662 1549 5734 verba
1589 5656 2063 5734 reddct'e'studeut,

493 5723 630 5800 uiln'l
646 5726 793 5778 atina
817 5723 1006 5800 agunt,
1036 5723 1198 5800 quam
1222 5739 1278 5784 ut
1304 5747 1399 5800 pro
1430 5731 1562 5795 luce,
1591 5749 1761 5786 meras
1792 5723 2068 5785 lectoribus

496 5792 733 5848 tenebras
767 5792 1060 5868 effundant;
1086 5792 1339 5871 Legenda
1376 5818 1497 5871 quae
1527 5792 1742 5858 erudite
1776 5802 2067 5873 prosequi—

2161 5172 2348 5237 rudes,
2384 5174 2793 5227 ecclesiasticos
2834 5180 3101 5226 tractatus
3126 5168 3225 5225 aevi
3263 5168 3531 5237 cujusque
3560 5178 3747 5237 aggre-

2164 5233 2872 5316 diuntur,gquuegG_rzeci_s
2924 5242 3146 5316 Latinos
3193 5233 3372 5294 facere
3407 5233 3648 5316 student.
3691 5233 3745 5285 In

2165 5312 2253 5366 bis
2294 5313 2439 5386 mihi
2478 5310 2782 5386 proclivius
2814 5310 3250 5386 deprehendere,
3279 5325 3364 5386 ex”
3390 5310 3617 5386 antiquo
3646 5316 3748 5355 usu

2167 5398 2231 5455 ac
2262 5378 2676 5455 exercitatione.
2714 5378 3150 5455 Depreihendunt
3174 5378 3419 5455 inaliis,
3449 5378 3545 5455 qui
3584 5387 3749 5443 pecu-

2166 5452 2359 5577 liiarius
2416 5454 2470 5508 in
2533 5454 2643 5509 illis
2699 5447 2902 5508 versati
2957 5459 3119 5518 sunt,
3166 5447 3579 5522 iurisconsulti,
3631 5456 3752 5496 me-

2209 5538 2298 5577 ICI.
2334 5532 2440 5577 etc.
2666 5550 2669 5551 ν

2209 5522 2298 5579 ici.
2334 5532 2440 5579 etc.
2666 5550 2669 5551 ν

2242 5565 2313 5655 ξί)
2334 5565 2513 5661 ἦῖὴν
2538 5594 2895 5661 γινωσκέτω.
2915 5592 3291 5647 Verumtamen
3320 5590 3483 5661 legat.
3504 5601 3626 5661 pro,
3654 5582 3760 5639 No-

2166 5664 2319 5728 verit,
2341 5656 2495 5719 sciat.
2531 5656 2655 5719 llaec
2682 5672 2863 5718 tamen
2886 5671 3050 5733 atque
3082 5663 3165 5733 his
3194 5656 3414 5724 similia,
3438 5656 3591 5733 quod
3616 5667 3763 5713 non

2168 5735 2424 5792 versione
2447 5734 2760 5804 emendata,
2792 5733 2939 5790 haud
2962 5731 3157 5805 procul
3189 5731 3543 5788 arcessenda.
