4128 6210
349 255 444 326 961

1275 251 1614 316 CAPITUM
1647 251 1744 312 DE
1781 249 2214 310 CHARITATE
2255 249 2641 311 CENTURIA
2680 251 2730 311 Ι.

3501 253 3608 317 96%

350 375 443 429 καὶ
464 370 612 443 ἄλλῳ
641 368 959 442 οίῳδήποτε.
1007 365 1166 420 Ἀλλὰ
1196 365 1290 419 τοῦ
1321 365 1497 431 λέξεις
1525 364 1775 435 θηρεύειν
1795 361 1930 433 πρὸς

2048 369 2142 431 ζει.
2174 359 2410 418 Omnino
2435 368 2617 417 autem
2648 370 2890 432 emerget
2913 375 2977 415 ac
3007 358 3466 426 manifestabitur,
3494 364 3609 418 Deo

347 465 409 520 τὸ
437 463 666 528 κακίζεν
705 461 795 514 τὸν
837 459 1312 531 συγγραψάμενον,
1347 459 1434 511 ἵνα
1473 459 1696 511 σεαυτὸν
1722 455 1928 509 ἐκείνου

352 556 660 627 σοφώτερον
691 552 871 623 δῆθεν,
931 551 1007 614 ὡς
1040 550 1252 620 οίησίας
1281 551 1321 614 ‘,
1381 550 1724 620 παραστήσῃ,
1779 546 1930 600 οὐδὲν

350 648 626 718 ὠφέλιμον
680 641 980 712 οὐδαμόθεν
1027 639 1282 693 οὐδεποτε
1319 641 1752 706 ἀναφανήσεται.

2036 453 2177 508 bene
2223 456 2488 524 propitio,
2525 455 2653 508 dum
2705 456 2828 523 quis
2858 453 3007 507 nulla
3039 453 3238 507 mentis
3271 453 3607 522 curiositate,

2035 547 2132 600 sed
2161 563 2284 600 cum
2323 549 2420 602 Dei
2453 549 2645 602 timore
2695 563 2757 600 ac
2787 547 3081 600 dilectione
3121 545 3361 598 animum
3389 545 3610 600 lectioni

2037 637 2314 692 adhibeat.
2372 639 2467 692 Sin
2535 649 2716 692 autem
2781 639 2999 707 aliquis,
3053 653 3162 690 non
3223 645 3285 691 ut
3338 638 3612 692 commodi

349 738 556 809 aliquid
612 735 878 806 spiritalis
928 746 1318 802 consequatur,
1375 745 1493 785 srve
1553 731 1716 791 hanc.
1786 728 1903 782 sive
1961 727 2122 782 aliam
2191 732 2443 800 quamvis
2525 731 2964 784 luenbrationem
3011 729 3222 799 legerit,
3278 729 3371 784 sed
3428 739 3487 784 ut
3529 729 3614 783 di-

351 832 561 888 ctioncs
591 839 830 901 aucupet
889 827 1133 882 auctoris
1177 823 1501 894 suggillandi
1551 837 1735 888 causa,
1803 829 1864 874 ut
1893 834 1951 875 se
2010 821 2269 875 nimirum
2325 823 2417 877 illo
2479 823 2869 892 sapientiorem
2934 821 3156 893 (quippe
3208 819 3351 874 fastu
3395 828 3614 873 tumens

353 925 746 998 arrogansque)
793 924 1072 991 exhibeat,
1108 922 1240 977 huic
1272 919 1413 974 nihil
1449 933 1689 990 unquam
1721 916 1833 970 ulla
1871 930 1938 970 ex
1975 929 2034 968 re
2064 917 2266 986 Oppido
2292 918 2424 972 utile
2454 917 2783 971 occurrerit.

741 1081 884 1136 ΤΟΥ
922 1084 1152 1138 ΑΙἾΟΥ
1181 1079 1542 1137 ΜΔΞΙΜΟΥ.
1607 1133 1610 1136 .

355 1175 560 1245 Πρώτη
589 1175 916 1240 ἕκατον-τὰς
942 1173 1064 1228 τῶν
1102 1175 1234 1244 περὶ
1274 1174 1513 1245 ἀγάπης
1563 1172 1928 1243 κεφαλαίων.

423 1313 493 1362 α’.
547 1305 758 1376 Ἀγάπη
797 1304 896 1376 μέν
913 1305 1339 1369 ἐστιν,διάθεσις
1359 1305 1538 1377 ψυχῆς
1572 1305 1774 1377 ἀγαθὴ,
1805 1304 1930 1358 καθ’

352 1398 419 1470 ἢν
443 1396 592 1450 οὐδὲν
623 1394 732 1449 τῶν
758 1395 949 1462 όντων,
976 1395 1076 1465 τῆς
1100 1394 1195 1448 τοῦ
1216 1395 1350 1448 Θεοῦ
1373 1395 1625 1464 γνώσεως
1665 1397 1928 1468 προτιμᾷ.

365 1488 654 1543 Ἀδύνατον
675 1486 734 1541 δὲ
767 1487 846 1550 είς
875 1486 988 1553 ἐξιν
1015 1487 1190 1540 ἐλθεῖν
1209 1487 1414 1556 ταύτης
1443 1487 1542 1555 τῆς
1572 1488 1813 1557 ἀγάπης,
1843 1487 1930 1540 τὸν

355 1579 493 1651 πρός
521 1596 574 1632 τι
603 1579 712 1631 τῶν
738 1577 1000 1645 ἐπιγείων
1022 1577 1216 1647 ἔχοντα
1240 1576 1627 1644 προσπάθειαν.

2551 1071 2803 1128 SANCTI
2838 1070 3118 1136 ΜΑΧΙΜΙ,

2305 1167 2383 1221 De
2412 1167 2671 1221 charitate
2699 1171 2917 1218 centena
2949 1165 3122 1233 prima
3156 1160 3352 1232 capita.

2106 1321 2157 1374 l.
2189 1319 2464 1384 Charitas,
2495 1319 2640 1374 bona
2667 1327 2751 1374 est
2778 1317 2982 1372 mentis
3013 1315 3252 1379 aﬂ‘ectio,
3283 1331 3390 1387 qua
3416 1314 3617 1370 divinas

2037 1411 2338 1480 cognitioni
2377 1411 2514 1464 nihil
2561 1409 2867 1480 anteponit.
2923 1408 3053 1477 Ejus
3101 1415 3282 1462 autem
3332 1405 3617 1461 charitatis

2037 1500 2288 1556 habitum
2327 1517 2492 1556 nemo
2527 1517 2767 1572 unquam
2797 1500 3014 1570 assequi
3045 1499 3238 1569 possit,
3262 1498 3356 1568 qui
3385 1497 3620 1553 terrenis

2035 1592 2166 1647 ullis
2197 1593 2363 1646 rebus
2394 1593 2578 1647 animo
2608 1593 2900 1647 devinctus
2932 1591 3024 1645 sit.

425 1669 489 1741 β’.
544 1670 792 1741 Ἀγάπην
829 1668 930 1740 μὲν
958 1669 1135 1723 τίκτει
1168 1669 1441 1723 ἀπάθεια⁶
1479 1668 1752 1722 ἀπάθειαν
1785 1668 1864 1734 δὲ,
1896 1669 1930 1739 ἡ

2105 1679 2159 1734 2.
2194 1679 2532 1734 Charitatem
2558 1680 2704 1750 parit
2739 1677 3198 1755 imperturbatio;
3245 1674 3617 1746 imperturba-

353 1761 434 1825 είς
463 1759 596 1814 Θεὸν
623 1759 778 1824 ἐλπίς
802 1777 815 1790 ·
856 1759 954 1833 τὴν
993 1761 1049 1814 δέ
1075 1760 1284 1827 ἐλπίδα,
1319 1760 1562 1834 ὑπομονὴ
1596 1761 1691 1814 καὶ
1725 1777 1935 1832 μακρο-

354 1852 525 1925 θυμία
580 1850 692 1924 (6)·
750 1851 954 1917 ταύτας
1008 1854 1084 1919 δὲ,
1133 1855 1167 1926 ἡ
1228 1853 1556 1925 περιεκτικὴ
1596 1854 1933 1926 ἐγκράτειαο

353 1945 684 2017 ἐγκράτειαν
715 1944 795 2010 δὲ,
841 1945 871 1998 6
903 1944 999 1999 τοῦ
1043 1944 1181 2000 Θεοῦ
1226 1945 1394 2017 φόϐος
1414 1963 1428 1976 ·
1472 1946 1564 2000 τὸν
1589 1945 1646 1999 δὲ
1681 1944 1868 2016 φόϐον,
1900 1946 1935 2016 ή

353 2040 434 2104 είς
458 2038 549 2092 τὸν
577 2037 786 2111 Κύριον
815 2037 1022 2103 πίστις.

421 2224 493 2288 γ’.
545 2219 607 2274 Ὀ
637 2219 910 2275 πιστεύων
937 2219 1016 2291 τῷ
1047 2221 1260 2290 Κυρίῳ,
1291 2219 1532 2288 φοϐεῖται
1559 2217 1658 2290 τὴν
1689 2218 1931 2273 κόλασιν·

353 2313 383 2366 6
410 2311 832 2390 66906oﬁpevoc
863 2314 961 2385 τὴν
1000 2314 1243 2376 κόλασιν,
1272 2313 1666 2386 ἐγκρατεύεται
1690 2313 1800 2367 ἀπὸ
1825 2313 1935 2366 τῶν

355 2405 545 2461 παθῶν
565 2423 580 2439 ο
607 2407 637 2460 6
665 2406 725 2460 δὲ
747 2405 1214 2478 ἐγκρατευόμενος
1236 2406 1344 2459 ἀπὸ
1368 2407 1475 2459 τῶν
1501 2405 1712 2472 παθῶν,
1729 2405 1936 2476 ὑπομέ-

355 2517 434 2554 νει
457 2500 527 2554 τὰ
560 2498 820 2571 θλιὸεράο
853 2500 881 2551 6
908 2498 966 2552 δὲ
999 2499 1288 2570 ὑπομένων
1317 2498 1385 2551 τὰ
1418 2498 1664 2571 θλιόερὰ,
1697 2498 1808 2564 ἕξει
1854 2500 1936 2562 είς

355 2592 488 2647 Θεὸν
536 2592 730 2646 ἐλπίδα
754 2607 769 2622 ’
805 2592 838 2664 ἡ
879 2591 937 2645 δὲ
981 2592 1061 2654 εἰς
1094 2591 1228 2645 Θεὸν
1268 2590 1446 2655 ἐλπὶς,
1488 2591 1712 2663 χωρίζει
1753 2591 1936 2663 πάσης

355 2686 552 2757 γητνης
589 2685 968 2757 προσπαθείας
992 2684 1086 2737 τὸν
1106 2683 1232 2738 νοῦν
1251 2701 1264 2715 ·
1291 2683 1492 2756 ταύτης
1521 2684 1582 2738 δὲ
1611 2685 1641 2738 6
1670 2683 1796 2749 νοῦς
1827 2702 1936 2756 χω-

361 2775 590 2847 ρισθεὶς,
619 2773 733 2840 ἔξει
757 2775 857 2846 τὴν
879 2775 962 2838 είς
985 2773 1118 2827 Θεὸν
1155 2773 1400 2845 ἀγάπην.

427 2948 490 3004 δ’.
541 2949 598 3002 '0
621 2945 852 3017 ἀγαπῶν
873 2945 964 3001 τὸν
986 2945 1116 2998 Θεὸν
1143 2945 1238 3015 (‘2),
1265 2960 1481 2998 παντων
1506 2945 1613 2997 τῶν
1645 2945 1736 2998 ὑπ’
1767 2945 1934 2999 αὐτοῦ

2038 1772 2248 1828 tionem
2289 1771 2575 1841 sedatique
2618 1769 2789 1825 animi
2829 1767 3308 1836 tranquillitatem,
3340 1780 3464 1834 spes
3499 1778 3622 1833 qua

2037 1861 2095 1918 in
2130 1863 2304 1918 Deum
2331 1870 2414 1917 est
2441 1879 2454 1915 :
2484 1869 2744 1916 czeterum
2784 1872 2962 1928 spem,
2995 1855 3259 1926 patientia
3283 1863 3338 1909 et
3368 1852 3620 1923 longani-

2036 1957 2200 2012 mitas
2226 1973 2238 2008 :
2271 1955 2370 2009 has
2397 1969 2549 2016 vero,
2577 1953 2735 2022 cujus
2759 1950 2832 2005 sit
2857 1949 3024 2013 tueri,
3049 1946 3423 2011 continentia;
3454 1959 3624 2014 porro

2035 2046 2452 2109 continentiam,
2484 2043 2580 2099 Dei
2619 2043 2783 2097 timor
2813 2059 2827 2096 ι
2859 2041 3135 2106 timorem,
3184 2056 3308 2110 quae
3334 2039 3392 2094 in
3439 2036 3626 2092 Domi-

2033 2154 2168 2194 num
2210 2146 2316 2202 est,
2354 2136 2512 2191 ﬁdes.

2066 2231 2156 2285 ,5.
2190 2229 2296 2296 Qui
2339 2229 2574 2283 Domino
2618 2226 2817 2290 credit,
2855 2242 3073 2297 poenam
3113 2221 3484 2296 pertimescit;
3528 2219 3622 2290 qui

2035 2331 2221 2376 autem
2255 2319 2601 2390 pertimescit
2651 2332 2893 2387 poenam,
2943 2331 3002 2371 se
3050 2332 3080 2370 a
3112 2315 3263 2370 vitiis
3310 2311 3555 2367 continet
3607 2327 3622 2364 :

2035 2415 2131 2485 qui
2171 2429 2304 2469 vero
2339 2428 2398 2467 se
2423 2429 2454 2467 a
2486 2411 2638 2466 vitiis
2665 2409 2933 2474 continet,
2963 2409 3239 2479 patienter
3262 2419 3536 2460 aerumnas
3561 2417 3628 2457 ac

2036 2504 2179 2558 mala
2233 2502 2454 2568 suﬂ'ert;
2519 2502 2565 2556 is
2604 2516 2772 2571 porro
2828 2498 2924 2568 qui
2978 2497 3094 2552 haec
3145 2497 3419 2566 patienter
3465 2492 3630 2563 396

2036 2597 2249 2662 suﬂ‘ert,
2283 2611 2435 2666 spem
2469 2595 2524 2647 in
2552 2593 2724 2647 Deum
2755 2589 3049 2644 habiturus
3076 2598 3160 2643 est
3212 2605 3226 2640 :
3273 2601 3400 2656 spes
3441 2592 3627 2639 autem

2035 2688 2094 2742 in
2121 2688 2318 2751 Deum,
2343 2700 2375 2739 a
2411 2693 2630 2738 terrena
2668 2680 2819 2737 omni
2866 2679 3094 2734 libidine
3132 2685 3350 2747 separat
3383 2693 3396 2730 :
3431 2675 3500 2729 ab
3540 2674 3630 2730 his

2037 2779 2281 2848 denique
2312 2782 2605 2847 separatus
2633 2774 2870 2838 animus,
2900 2771 3222 2826 charitatem
3251 2766 3630 2822 nansciscetur

2037 2885 2158 2940 qua:
2187 2869 2254 2922 ad
2283 2868 2456 2920 Deum
2483 2871 2585 2919 est.

2109 2961 2162 3014 4.
2192 2958 2294 3025 Qui
2320 2958 2493 3010 Deum
2517 2953 2716 3023 diligit,
2744 2949 2960 3006 cunctis
2991 2949 3060 3004 ab
3095 2965 3161 3004 eo
3192 2947 3451 3012 conditis,
3481 2946 3632 3002 illius

359 3039 661 3109 γεγονότων
707 3037 954 3109 προτιμᾷ
991 3035 1087 3107 τὴν
1118 3037 1320 3104 γνῶσιν
1345 3034 1536 3099 αὑτοῦ,
1573 3038 1667 3088 καὶ
1696 3035 1936 3090 ἀδιαλεί-

2048 3049 2416 3120 cognitionem
2445 3061 2509 3100 ac
2554 3044 2837 3098 scientiam
2887 3040 3206 3111 anteponit;
3252 3039 3414 3110 eique
3460 3037 3632 3093 animi

360 3150 508 3196 πτως
535 3131 626 3185 διὰ
646 3130 741 3185 τοῦ
777 3129 968 3193 πόθου,
1000 3128 1172 3199 ταύτῃ
1201 3131 1624 3200 προσκαρτερετ.

429 3223 491 3279 ε’.
531 3225 597 3277 Εἰ
639 3223 818 3277 πάντα
864 3221 937 3276 τὰ
977 3221 1107 3274 ὄντα
1153 3221 1239 3273 διὰ
1283 3219 1378 3273 τοῦ
1409 3219 1544 3272 Θεοῦ
1577 3220 1672 3273 καὶ
1716 3219 1803 3272 διὰ
1846 3221 1938 3274 τὸν

360 3317 492 3371 Θεὸν
520 3316 733 3386 γέγονε·
748 3317 1014 3387 κρείττων
1037 3313 1130 3365 δέό
1153 3312 1284 3376 Θεὸς
1312 3312 1420 3365 τῶν
1449 3312 1519 3365 δι’
1540 3311 1703 3366 αὑτοῦ
1719 3312 1942 3380 γεγονό-

359 3401 487 3486 ῖτωνξ
501 3411 530 3463 6
543 3406 974 3478 καταλιμπάνων
990 3403 1084 3459 τὸν
1096 3403 1197 3456 Θεὸ
1207 3421 1228 3456 ν
1243 3403 1333 3457 τὸν
1348 3404 1559 3474 ἀσυγκρ
1569 3405 1692 3466 ira);
1705 3402 1944 3474 κρείττο-

363 3519 450 3562 να,
488 3501 585 3554 καὶ
607 3500 721 3563 τοῖς
748 3498 990 3570 χείροσιν
1015 3494 1494 3565 ἐνασχολούμενος,
1521 3494 1794 3548 δείκνυσιν
1817 3495 1944 3546 ἐαυ-

363 3593 454 3646 τὸν
487 3590 838 3663 προτιμῶντα
870 3587 963 3641 τοῦ
995 3585 1151 3653 Θεοῦ,
1185 3586 1256 3640 τὰ
1286 3586 1352 3639 δι’
1383 3585 1550 3638 αὑτοῦ
1585 3585 1870 3654 γεγονότα.

344 3802 354 3818 ι
436 3781 512 3841 ς’.
562 3774 622 3827 '0
661 3774 728 3845 τῇ
778 3772 859 3834 είς
899 3769 1032 3823 Θεὸν
1083 3767 1270 3838 ἀγάπῃ
1317 3766 1407 3820 τὸν
1445 3765 1568 3821 νοῦν
1607 3765 1745 3838 ἔχων
1775 3781 1946 3836 προσ-

371 3865 672 3936 ηλωμένον,
721 3860 942 3914 πάντων
988 3857 1094 3911 τῶν
1140 3857 1456 3927 ὁρωμένων,
1496 3855 1592 3908 καὶ⁵
1644 3853 1809 3908 αὑτοῦ
1849 3851 1943 3906 τοῦ

368 3955 642 4026 σώματος,
674 3953 749 4017 ὡς
770 3950 1053 4022 ἀλλοτρίου
1085 3949 1434 4020 καταφρονεῖ.

438 4049 504 4113 ζ’.
547 4048 612 4100 El.
655 4044 921 4119 κρείττων
963 4043 1058 4096 τοῦ
1119 4041 1370 4112 σώματος
1419 4040 1450 4110 ή
1505 4039 1650 4108 ψυχή
1677 4038 1752 4110 (5)
1778 4055 1792 4070 ⁸
1849 4038 1945 4091 καὶ

369 4139 636 4210 κρείττων
681 4135 775 4190 τοῦ
818 4135 1026 4205 κόσμου
1069 4132 1420 4202 ἁσυγκρίτως
1476 4132 1505 4183 6
1550 4131 1744 4192 κτίσας
1785 4130 1946 4184 αὐτὸν

370 4233 500 4295 Θεός
519 4248 532 4261 ·
566 4232 595 4284 6
621 4228 906 4300 προτιμῶν
928 4225 1029 4295 τῆς
1055 4223 1236 4294 ψυχῆς
1267 4223 1328 4276 τὸ
1353 4221 1535 4293 σῶμα,
1557 4222 1649 4275 καὶ
1674 4221 1770 4275 τοῦ
1810 4220 1944 4275 Θεοῦ

370 4323 462 4376 τὸν
492 4320 598 4375 ὑπὸ
621 4318 785 4373 αὑτοῦ
815 4315 1102 4372 κτισθέντα
1132 4313 1356 4384 κόσμον,
1381 4312 1536 4366 οὐδὲν
1588 4311 1700 4366 τῶν
1739 4312 1948 4366 είδωλο-

371 4412 715 4485 λατρούντων
735 4409 1064 4476 διενήνοχεν.

443 4501 514 4572 η’.
566 4499 624 4554 '0
671 4497 763 4552 τὸν
800 4496 925 4550 νοῦν
967 4495 1065 4564 τῆς
1107 4495 1187 4557 είς
1232 4492 1364 4546 Θεὸν
1396 4491 1618 4563 ἀγάπης
1648 4493 1742 4548 καὶ
1773 4509 1946 4563 προσ..

374 4594 586 4666 εδρείας
627 4591 1001 4661 ἀποχωρίσας,
1037 4586 1132 4640 καί
1173 4604 1282 4639 τινι
1313 4585 1424 4638 τῶν
1469 4584 1746 4656 αἰσθητῶν
1776 4601 1948 4656 προσ-

373 4683 655 4755 δεδεμένον
687 4681 848 4751 ἔχων,
878 4674 1033 4742 οὗτός
1061 4679 1177 4730 ἐστι
1199 4679 1226 4729 6
1250 4675 1534 4747 προτιμῶν
1561 4677 1660 4745 τῆς
1689 4675 1868 4745 ψυχῆς
1891 4676 1952 4729 τὸ

379 4777 560 4847 σῶμα,
601 4775 697 4828 καὶ
738 4771 832 4826 τοῦ
866 4771 1152 4833 κτίσαντος
1197 4767 1354 4828 Θεοῦ,
1387 4768 1456 4820 τὰ
1481 4767 1571 4820 ὑπ’
1601 4766 1765 4822 αὑτοῦ
1799 4785 1956 4838 γεγο-

377 4868 526 4922 νότα.
1337 4868 1341 4870 ’

447 4962 465 4979 ⁸
484 4958 631 5013 idem
663 4952 884 5009 videtur
913 4965 980 5006 ac
1005 4948 1315 5021 οίηματίας.

450 5048 522 5120 (c)
582 5041 886 5113 ’Υπομονὴ
941 5041 1060 5120 καί⁸
1084 5039 1479 5120 μακρρθυμία.
1526 5039 1714 5120 ᾖμηείι
1760 5046 1963 5112 passim

381 5109 678 5176 Maximus,
726 5109 788 5169 ut
817 5109 946 5184 sunt
979 5109 1167 5184 amnes
1208 5111 1477 5184 virtutes,
1525 5109 1778 5184 idemque
1823 5130 1963 5184 pene

382 5189 557 5244 amba:
581 5201 744 5239 voces
773 5183 1105 5254 signiﬁcant.
1124 5179 1290 5254 Quod
1336 5180 1558 5254 passim
1580 5179 1964 5240 reddunt—0b-

385 5274 501 5328 sop.
530 5265 586 5310 et
610 5256 776 5328 Gesn.
805 5249 914 5318 hic,
943 5260 998 5306 et
1025 5267 1080 5303 n.
1110 5251 1180 5328 At!
1207 5267 1220 5302 :
1245 5250 1306 5301 τὸ
1332 5249 1965 5328 ὑπομονῇ.-ρενειευεναη-

387 5319 481 5391 tiri,
515 5343 624 5380 non
659 5326 792 5379 satis
815 5339 880 5378 ex
905 5319 1182 5391 communi
1213 5335 1313 5391 usu
1338 5321 1568 5391 esl,__etsi
1597 5321 1785 5391 Matth.
1818 5339 1962 5390 xxrv,

385 5387 521 5453 illud
552 5414 564 5449 :
591 5399 618 5448 6
648 5394 946 5464 ὑπομείνας
981 5392 1058 5464 εἰς
1083 5389 1254 5464 τέξος,
1291 5388 1405 5456 ipse
1436 5387 1589 5464 Yu‘lg.
1625 5390 1838 5458 reddat,
1867 5387 1968 5458 Qui

386 5456 793 5539 perseveraverit
833 5478 1000 5539 usque
1039 5461 1092 5539 in
1134 5457 1332 5539 ﬁnem;
1369 5456 1964 5539 reddi‘mqueipossit,

389 5530 478 5608 'qui
504 5534 832 5592 sustinuerit,
859 5530 1168 5608 patientiam
1194 5530 1438 5590 tenuerit,
1464 5539 1569 5582 etc.
1601 5530 1756 5595 Quod
1787 5535 1969 5602 sequi-

393 5598 499 5671 t'ur,
532 5611 562 5674 ἡ
601 5598 1300 5674 περιεκτικὴἐγκράτεια,⁸
1339 5612 1744 5674 quam_vocer_n
1798 5598 1966 5674 alter,

391 5666 647 5746 acquisita
673 5666 994 5728 continentia
1018 5666 1223 5736 reddit,
1253 5666 1412 5736 alter,
1439 5668 1783 5728 universalis:
1809 5671 1967 5744 longe

2047 3139 2324 3195 desiderio
2355 3152 2418 3191 ac
2444 3149 2630 3189 amore
2659 3133 2998 3187 incessanter
3029 3131 3320 3185 incumbit.

2119 3235 2170 3288 5.
2199 3232 2337 3286 Cum
2365 3229 2547 3283 omnia
2578 3243 2700 3296 quae
2733 3235 2882 3290 sunt,
2912 3225 3023 3279 Deo
3056 3234 3281 3278 auctore
3310 3238 3373 3277 ac
3404 3230 3635 3293 propter

2047 3328 2222 3382 Deum
2263 3323 2483 3379 condita
2522 3321 2664 3384 sint;
2715 3319 2895 3387 sitque
2927 3317 3094 3381 Deus,
3121 3316 3190 3370 iis
3238 3330 3360 3385 quae
3393 3314 3511 3384 ipso
3537 3331 3637 3368 au—

2049 3427 2200 3474 ctore
2237 3415 2456 3472 condita
2490 3419 2640 3474 sunt,
2696 3409 2856 3478 longe
2892 3408 3274 3478 praestantior;
3320 3405 3415 3476 qui
3458 3405 3637 3462 Deum

2050 3510 2188 3564 citra
2227 3519 2448 3560 omnem
2478 3499 2946 3570 comparationem
2982 3497 3266 3551 meliorem
3293 3497 3632 3568 relinquens,

2051 3599 2425 3655 deterioribus
2476 3600 2781 3665 addicitur;
2842 3598 3074 3652 minoris
3123 3612 3184 3650 se
3241 3597 3413 3650 Deum
3453 3595 3637 3653 facere

2050 3691 2314 3755 ostendit,
2350 3706 2513 3760 quam
2547 3707 2668 3760 quae
2702 3689 2795 3743 illo
2829 3698 3055 3744 auctore
3089 3687 3308 3742 condita
3341 3695 3491 3742 sunt.

2121 3783 2173 3837 6.
2210 3781 2312 3847 Qui
2341 3780 2596 3834 charitati
2636 3780 2693 3833 in
2724 3781 2894 3834 Deum
2922 3795 3019 3833 cor
3052 3777 3272 3832 allixum
3305 3776 3490 3840 habet,
3513 3791 3636 3846 qua:

2051 3875 2110 3929 in
2154 3885 2434 3942 aspectum
2487 3872 2692 3926 cadunt
2732 3871 2941 3935 omnia,
3003 3871 3294 3939 ipsumque
3337 3867 3474 3922 adeo
3513 3883 3636 3923 cor-

2050 3976 2176 4032 pus,
2211 3958 2516 4016 contemnit
2549 3966 2806 4027 tanquam
2843 3957 3104 4011 alienum.

2122 4054 2174 4107 7.
2213 4052 2349 4107 Cum
2401 4051 2581 4105 anima
2613 4066 2843 4121 corpore
2883 4049 3080 4104 melior
3108 4047 3214 4112 sit;
3260 4047 3515 4117 Deusque
3558 4046 3636 4102 ci-

2053 4155 2139 4201 tra
2173 4161 2391 4199 omnem
2433 4143 2901 4213 comparationem
2935 4140 3279 4211 praestantior
3309 4139 3378 4192 sit
3406 4137 3633 4203 mundo,

2053 4251 2218 4307 quem
2249 4235 2537 4291 condidit:
2571 4238 2665 4304 qui
2705 4248 2904 4302 corpus
2949 4231 3163 4294 animae,
3204 4231 3426 4300 Deoque
3471 4246 3636 4284 mun-

2055 4327 2187 4382 dum
2221 4327 2290 4382 ab
2333 4327 2450 4396 ipso
2496 4325 2799 4387 conditum,
2845 4322 3150 4392 anteponit,
3199 4321 3267 4384 is,
3313 4321 3381 4374 ab
3420 4319 3490 4375 iis
3539 4319 3636 4389 qui

1975 4391 2021 4448 Β
2050 4418 2214 4474 idolis
2247 4391 2454 4473 cultum
2493 4414 2780 4480 adhibent,
2809 4391 2996 4468 differt
3023 4413 3182 4466 nihil.

2127 4513 2180 4567 8.
2213 4510 2315 4577 Qui
2345 4519 2584 4563 mentem
2618 4524 2646 4562 a
2691 4506 2962 4563 charitate
3007 4505 3063 4558 in
3093 4506 3285 4568 Deum,
3314 4504 3540 4575 jugique
3581 4502 3639 4558 in

2056 4620 2182 4660 eum
2218 4602 2400 4658 studio
2431 4600 2784 4663 abstraxerit,
2834 4615 2898 4654 ac
2930 4607 3277 4653 terrenorqu
3329 4597 3493 4651 alicui
3537 4595 3639 4650 de-

2058 4698 2297 4752 vinctam
2335 4694 2614 4756 habuerit,
2642 4693 2731 4746 hic
2756 4707 2958 4761 corpus
2989 4690 3206 4754 animae,
3235 4704 3298 4743 ac
3321 4703 3442 4758 quae
3465 4702 3495 4742 a
3526 4687 3641 4743 Deo

2063 4787 2282 4844 condita
2319 4792 2471 4846 sunt,
2502 4782 2774 4838 conditori
2805 4783 2916 4836 Deo
2947 4780 3251 4851 anteponit.

2063 5050 2171 5105 alio
2201 5055 2433 5118 spectat.
2479 5044 2764 5118 Significat
2811 5045 2900 5098 illa
2935 5043 3156 5118 quidem
3192 5042 3325 5118 alias
3353 5041 3644 5118 quamdam

2063 5112 2497 5189 complexionem
2547 5112 2617 5189 ac
2672 5115 3174 5189 universalitatem;
3229 5112 3320 5166 hic
3369 5127 3500 5165 vero
3548 5114 3644 5189 τῆς

2063 5182 2386 5260 ἐγκρατείας
2421 5186 2698 5254 propriam
2747 5183 3306 5260 rationemdesignat,
3341 5197 3448 5250 qua
3497 5182 3646 5238 velut

2064 5253 2731 5326 constringatteneatque
2766 5270 2829 5326 ac
2857 5255 3138 5326 contineat
3182 5253 3445 5326 animum,
3480 5266 3547 5304 ne
3589 5265 3648 5304 se

2064 5321 2381 5400 passionu'm
2415 5341 2595 5400 pugna
2639 5321 2835 5400 abduci
2882 5323 3025 5400 sinat
3052 5339 3115 5378 ac
3147 5321 3288 5376 trahi
3325 5322 3378 5375 in
3413 5339 3459 5373 et
3481 5336 3648 5400 tuseu-

2071 5389 2191 5453 sum
2223 5417 2234 5450 :
2266 5397 2371 5450 hoc
2413 5389 2558 5449 enim
2595 5396 2886 5447 continens
2919 5394 3107 5446 dilrert
3136 5409 3164 5446 a
3202 5401 3560 5461 temperante,
3593 5389 3649 5461 in

2073 5485 2182 5538 quo
2205 5470 2316 5537 jam
2360 5465 2535 5538 sedati
2581 5465 2692 5538 sint
2715 5465 2988 5538 _a_li‘ectus,_
3017 5472 3076 5516 ut
3109 5463 3226 5516 sine
3260 5459 3439 5531 pugna
3473 5459 3654 5538 conli-

2073 5529 2223 5602 tieat,
2249 5545 2304 5589 et
2332 5535 2487 5603 quasi
2528 5549 2594 5587 ex
2619 5534 2827 5603 habitu
2867 5534 3141 5602 perfecto;
3179 5529 3653 5603 ﬁsétsitttx’n‘ila‘

2075 5601 2365 5679 quaquae
2381 5604 2450 5658 sit
2473 5602 2629 5674 quasi
2658 5601 2907 5675 περιοχῆ,
2941 5604 3243 5668 prazsidium
3268 5611 3315 5655 ct
3342 5601 3583 5655 munitio.
