4128 6210
482 240 595 305 963

1667 232 1725 291 S.
1767 228 2057 290 MAXIMI
2093 226 2605 291 CONFESSOBIS

3651 226 3764 293 966

557 354 611 411 9.
648 350 786 408 Cum
832 349 1000 407 animi
1026 348 1159 413 vita,
1184 345 1427 403 scientiae
1474 340 1887 405 illustratiosit,
1919 354 2068 396 eam-

2249 339 2313 395 θῖ.
2356 342 2420 395 Εί
2465 342 2498 411 ἡ
2534 340 2650 410 ζωὴ
2685 337 2779 397 τοῦ
2818 338 2911 393 νοῦ
2940 340 2968 392 6
3001 336 3280 410 φωτισμός
3318 338 3435 392 ἐστι
3477 337 3578 411 τῆς
3617 342 3765 409 γνώ-

489 461 598 516 quc
626 445 810 516 pariat
839 458 959 512 quzc
997 438 1059 495 in.
1085 441 1259 495 Deum
1293 446 1379 492 est
1405 436 1677 500 charitas;
1724 431 1986 505 praeclare
2018 429 2075 486 id

490 540 723 602 dictum,
755 535 944 590 divina
978 532 1243 587 charitate
1278 529 1415 584 nihil
1444 543 1564 583 esse
1594 527 1789 595 majus.

568 631 654 686 l0.
682 629 819 684 Cum
847 640 1036 680 amore
1070 622 1356 679 charitatis
1385 620 1600 674 animus
1648 618 1715 672 ad
1760 617 1932 671 Deum
1980 630 2076 670 ex-

491 721 739 783 cesserit,
783 728 915 773 tunc
948 730 1125 784 neque
1175 730 1255 775 se,
1284 726 1464 781 neque
1512 710 1676 764 ullam
1723 722 1951 777 prorsus
1990 720 2077 760 re—

496 829 618 870 rum
652 808 944 881 persentit.
976 807 1171 861 Divina
1201 804 1347 858 cnim
1380 818 1444 857 ac
1476 800 1689 855 inﬁnita
1718 799 2077 854 cullustratus

496 910 640 968 luce,
673 919 861 958 earum
890 915 1074 955 rerum
1105 914 1225 968 quae
1259 897 1371 951 Deo
1410 904 1636 949 auctore
1662 893 1882 947 condita
1923 900 2072 954 sunt,

492 999 647 1054 nullo
678 1011 843 1050 sensu
881 992 1153 1063 tangitur;
1201 988 1348 1043 haud
1370 1003 1529 1042 secus
1556 1003 1620 1040 ac
1646 1001 1704 1040 se
1726 985 1922 1039 oculus
1945 998 2075 1037 scn-

494 1091 652 1147 sibus
679 1088 932 1158 obiectus
954 1084 1029 1143 ad
1051 1083 1238 1139 stellas
1267 1081 1454 1145 habet,
1486 1087 1679 1135 exortu
1708 1077 1858 1133 solis.

1301 1172 1343 1194 ο

568 1282 652 1336 li.
690 1279 828 1335 Cum
869 1290 1060 1331 omnes
1090 1273 1325 1327 virtutes
1353 1286 1512 1340 opem
1564 1268 1747 1322 animo
1786 1266 1966 1319 ferant
2016 1270 2078 1318 ut

497 1373 564 1427 ad
605 1371 855 1427 divinum
886 1379 1128 1421 amorem
1157 1362 1437 1426 enitatur;
1484 1359 1727 1414 omnium
1760 1357 1993 1411 maxime
2021 1354 2075 1409 id

497 1470 720 1534 praestat
744 1473 881 1531 pura
930 1455 1130 1510 oratio.
1184 1452 1437 1507 Peream
1481 1449 1626 1503 enim
1662 1447 1811 1501 velut
1865 1446 2076 1499 alarum

501 1553 730 1624 remigio
784 1550 840 1604 in
898 1549 1072 1603 Deum
1119 1542 1438 1605 subvectus,
1491 1537 1708 1593 cunctis
1766 1535 1935 1589 rebus
1977 1547 2075 1587 ex-

501 1646 671 1702 cedit.

574 1736 662 1790 12.
703 1731 807 1789 Ubi
847 1746 946 1800 per
975 1727 1299 1782 charitatcm
1348 1721 1547 1777 divinae
1572 1717 1813 1775 scientiae
1860 1712 2085 1785 fulgori-

500 1828 608 1883 bus
632 1834 822 1895 raptus
856 1821 1072 1875 animus
1102 1818 1288 1879 fuerit,
1319 1814 1595 1882 rebusque
1627 1808 1899 1865 excedens
1938 1805 2085 1861 divi-

500 1931 628 1971 nam
671 1912 996 1967 inlinitalem
1033 1904 1392 1978 persenserit,
1437 1910 1569 1956 tunc
1614 1900 1670 1954 in
1721 1897 1890 1952 divini
1938 1895 2088 1949 Isaiae

503 2014 716 2063 m‘brem
746 2018 859 2075 pra:
888 2011 1115 2070 stupore
1143 1997 1198 2052 in
1232 2012 1344 2052 suae
1378 1990 1706 2048 humilitatis
1739 2002 1961 2045 sensum
1991 1999 2088 2040 ve—

502 2099 685 2161 niens,
739 2094 1021 2166 pmphetae
1052 2090 1223 2145 verba
1272 2087 1472 2142 atl‘ectu
1520 2082 1813 2153 loquitur:
1859 2078 2089 2134 Omiser

502 2206 619 2261 ego,
665 2188 801 2259 quod
834 2194 1171 2270 compunctus
1206 2179 1363 2234 sum!
1413 2177 1573 2248 397
1605 2173 1743 2245 quod
1778 2173 1929 2226 homo
1968 2186 2087 2224 cum

503 2258 625 2342 sim,
654 2258 701 2331 et
731 2258 1015 2331 immunda.
1044 2270 1186 2325 labia
1215 2269 1457 2329 habeam,
1487 2266 1541 2319 in
1586 2264 1752 2318 medio
1781 2258 1960 2333 populi
1978 2260 2087 2312 im-

504 2368 703 2424 munda
736 2366 880 2420 labia
913 2363 1172 2425 habentis,
1219 2376 1312 2430 ego
1358 2358 1567 2424 habito;
1600 2364 1651 2410 et
1702 2368 1878 2425 regem
1908 2349 2089 2406 Domi-

504 2476 635 2515 num
661 2456 891 2513 Sabaoth
919 2454 1024 2509 vidi
1055 2452 1216 2507 oculis
1257 2452 1383 2506 meis
1411 2451 1450 2504 ‘.

579 2644 666 2723 lg).
700 2640 846 2697 Fieri
895 2652 1005 2693 non
1053 2645 1256 2708 potest,
1291 2643 1354 2690 ut
1403 2632 1499 2704 qui
1533 2633 1706 2688 Deum
1748 2628 1945 2700 diligit,
1975 2641 2089 2681 non

503 2717 675 2795 etiam
706 2732 1014 2804 proximum
1046 2729 1191 2784 sicut
1217 2727 1460 2798 seipsum
1492 2719 1715 2795 diligat;
1765 2717 1983 2775 tametsi
2025 2717 2091 2771 il-

508 2833 689 2886 lorum
719 2827 947 2882 allectus
980 2831 1036 2879 et
1063 2822 1221 2889 vitia,
1258 2820 1353 2892 qui
1396 2817 1642 2874 nondum
1676 2812 1899 2891 purgati
1936 2817 2086 2877 sunt,

507 2936 651 2993 aegre
682 2919 827 2976 lerat
857 2935 870 2972 :
910 2917 1120 2974 idcirco
1155 2915 1321 2969 etiam
1352 2911 1484 2967 dum
1516 2925 1611 2965 eos
1643 2905 1892 2963 converti
1935 2911 1993 2958 et
2018 2901 2087 2956 ad

2178 449 2349 496 σεως·
2382 432 2572 485 τοῦτον
2609 430 2666 485 δὲ
2703 432 2747 501 ἡ
2787 432 2869 493 είς
2902 429 3038 483 Θεὸν
3073 428 3262 499 ἀγάπη
3311 427 3523 483 τίκτειί
3552 429 3765 501 καλῶς,

2176 524 2344 579 Οὐδὲν
2366 522 2464 592 τῆς
2492 522 2642 585 θείας
2668 521 2909 589 ἀγάπης,
2948 521 3187 591 εἴρηται,
3224 520 3432 590 μεῖζον.

2250 620 2301 668 ι’.
2344 614 2516 666 Ὅταν
2561 612 2639 681 τῷ
2672 612 2839 683 ἔρωτι
2868 611 2967 679 τῆς
2998 611 3221 680 ἀγάπης
3251 611 3388 680 πρὸς
3422 610 3553 666 Θεὸν
3579 613 3607 663 6
3632 609 3763 676 νοῦς

2179 708 2417 779 ὲκδημῇ,
2438 708 2561 759 τότε
2592 706 2715 759 οὕτε
2748 703 2942 758 ἑαυτοῦ
2977 702 3099 756 οὔτε
3123 702 3263 765 τινὸς
3295 703 3403 755 τῶν
3431 704 3760 758 ὅντωνπαν-

2175 802 2384 855 τάπασι
2406 799 2819 854 ἐπαισθάνεται.
2868 794 3006 848 Ὑπὸ
3027 798 3137 864 γὰρ
3174 793 3269 847 τοῦ
3304 794 3452 847 θείου
3479 796 3571 847 καὶ
3601 795 3763 849 ἀπεί-

2178 910 2273 966 ρου
2310 891 2485 960 φωτὸς
2516 888 3029 958 καταλαμπόμενος,
3063 886 3383 955 ἀναισθητεῖ
3409 887 3548 956 πρὸς
3579 886 3762 940 πάντα

2175 985 2245 1036 τά
2284 983 2376 1035 ὑπ’
2416 981 2583 1034 αὑτοῦ
2633 979 2929 1047 γεγονότα⁶
2980 977 3235 1046 καθάπερ
3294 976 3390 1028 καὶ
3430 978 3458 1029 ὁ
3501 976 3761 1046 αἰσθητὸς

2175 1072 2452 1143 ὀφθαλμὸς
2488 1072 2623 1143 πρὸς
2650 1073 2778 1135 τοὺς
2821 1070 3081 1141 ἀστέρας,
3102 1068 3197 1123 τοῦ
3237 1067 3390 1138 ἡλίου
3437 1067 3759 1121 ἀνατέλλον-

2176 1187 2288 1232 τος.

2252 1269 2340 1317 ια’.
2386 1263 2566 1315 Πᾶσαι
2608 1259 2707 1329 μὲν
2744 1257 2799 1310 αί
2828 1255 3023 1327 ἀρεταὶ
3063 1252 3389 1324 συνεργοῦσι
3413 1251 3491 1322 τῷ
3518 1250 3595 1321 νῷ
3620 1250 3764 1321 πρὸς

2176 1356 2266 1409 τὸν
2298 1354 2439 1407 θεῖον
2468 1352 2665 1423 ἔρωτα,
2692 1350 2855 1402 πλέον
2881 1349 2938 1402 δὲ
2963 1349 3182 1402 πάντων
3208 1345 3481 1418 ήκαθαρά
3516 1360 3762 1415 προσευ-

2177 1449 2272 1518 χὴ·
2300 1445 2399 1498 Διά
2421 1443 2623 1513 ταύτης
2647 1443 2756 1513 γὰρ
2782 1440 2920 1512 πρὸς
2947 1440 3038 1493 τὸν
3070 1440 3203 1493 Θεὸν
3232 1436 3632 1511 πτερούμενος,
3651 1435 3764 1501 ἔξω

2178 1540 2388 1609 γίνεται
2418 1538 2636 1591 πάντων
2662 1535 2771 1588 τῶν
2807 1535 2995 1589 ὄντων.

2257 1718 2346 1792 ιβ’.
2376 1719 2542 1771 Ὅταν
2571 1713 2658 1768 διὰ
2679 1712 2780 1783 τῆς
2808 1710 3031 1781 ἀγάπης
3054 1708 3158 1762 ὑπὸ
3190 1708 3289 1779 τῆς
3327 1706 3477 1770 Θείας
3507 1704 3762 1774 γνώσεως

2182 1817 2210 1869 6
2236 1813 2358 1875 νοῦς
2395 1810 2643 1879 ἁρπαγῇ,
2683 1804 2779 1859 καὶ
2820 1802 2925 1868 ἔξω
2963 1801 3254 1872 γενόμενος
3300 1798 3410 1851 τῶν
3461 1798 3633 1850 ὄντων
3661 1796 3771 1865 τῆς

2185 1904 2337 1967 θείας
2381 1899 2776 1967 ἐπαισθάνηται
2819 1893 3098 1965 ἀπειρίας.
3132 1891 3271 1943 τότε.
3302 1888 3445 1943 κατά
3493 1887 3585 1940 τὸν
3622 1886 3764 1940 θεῖον

2194 1995 2428 2050 Ἡσαΐαν
2466 1991 2573 2045 ὑπὸ
2614 1986 2934 2058 ἐκπλήξεως
2960 1985 3040 2047 είς
3074 1979 3427 2049 συναίσθησιν
3457 1977 3628 2032 ἐλθὼν
3664 1978 3765 2047 τῆς

2185 2085 2378 2142 ἑαυτοῦ
2406 2081 2793 2143 ταπεινώσεως
2819 2120 2834 2144 ,
2870 2076 3010 2149 μετά
3044 2074 3333 2136 διαθέσεως
3363 2070 3514 2139 λέγει
3553 2070 3623 2123 τά
3670 2066 3769 2121 τοῦ

2184 2177 2468 2251 προορήτου
2504 2175 2758 2245 ῥήματα’
2794 2170 2862 2224 Ὠ
2908 2160 3251 2233 τάλαςέγὼ,
3281 2161 3371 2216 ὅτι
3403 2158 3767 2227 aratas-trur-

2181 2288 2316 2345 μαι·
2343 2269 2429 2323 ὅτι
2455 2268 2767 2335 ἅνθρωπος
2793 2260 2899 2323 ὢν,
2928 2257 3027 2312 καί
3049 2256 3354 2324 ἀκάθαρτα
3373 2252 3547 2320 χείλη
3583 2251 3769 2319 ἔχων,

2184 2341 2255 2419 ἓν
2281 2361 2451 2433 μέσῳ
2486 2355 2641 2413 λαοῦ
2673 2353 2981 2419 ἀκάθαρτα
3014 2348 3186 2418 χείλη
3214 2346 3465 2414 ἔχοντος
3491 2341 3607 2411 ἐγὼ
3635 2357 3749 2395 κατ

2186 2431 2351 2518 οικῶ,
2374 2451 2474 2507 καί
2508 2449 2615 2503 τόν
2658 2440 2923 2513 βασιλέα
2944 2442 3161 2510 Κύριον
3188 2435 3430 2493 σαόαὼθ
3457 2431 3622 2489 εἶδον
3643 2431 3769 2498 τοῖς

2188 2543 2521 2619 ὀφθαλμοῖς
2540 2559 2681 2612 μου.

2262 2645 2352 2706 ιγ’.
2383 2613 2463 2689 *Ὀ
2508 2629 2737 2702 ἀγαπῶν
2769 2626 2861 2680 τὸν
2898 2624 3030 2678 Θεὸν
3051 2621 3150 2689 (4),
3187 2618 3249 2672 οὐ
3287 2617 3511 2672 δύναται
3549 2614 3625 2687 μὴ
3673 2613 3773 2669 καὶ

2189 2732 2367 2786 πάντα
2400 2726 2688 2797 ἄνθρωπον
2736 2721 2813 2782 ὡς
2860 2716 3050 2772 ἑαυτὸν
3078 2713 3382 2783 ἀγαπῆσαι,
3414 2713 3463 2763 εί
3500 2710 3599 2763 καὶ⁵
3627 2707 3770 2779 πρὸς

2186 2827 2257 2880 τά
2283 2820 2430 2890 πάθη
2459 2815 2802 2888 δυσχεραίνει
2836 2810 2943 2864 τῶν
2991 2808 3159 2880 μήπω
3198 2801 3644 2875 κεκαθαρμὲνων.
3672 2798 3769 2853 Διὸ

2189 2919 2285 2977 καὶ
2311 2917 2411 2986 τὴν
2443 2905 2778 2979 ἐπιστροφὴν
2809 2902 2957 2976 [edit.
3009 2895 3290 2969 περιστρ.]
3327 2890 3509 2950 αὐτῶν
3550 2891 3766 2963 βλέπων

513 3013 794 3071 meliorem
851 3009 1061 3081 frugem
1117 3006 1299 3061 redire
1348 3003 1521 3068 videt,
1570 3001 1839 3055 immenso
1889 2992 2085 3068 gaudio

2190 3015 2289 3072 καὶ
2319 2982 2416 3080 τήν
2440 3002 2746 3077 διόρθωσιν,
2781 2993 3075 3067 ἀμετρήτῳ
3091 2992 3185 3044 καὶ
3213 2986 3559 3056 ἀνεκλαλήτῳ
3586 2982 3766 3055 χαίρει

513 3105 733 3176 gaudet,
766 3117 831 3157 ac
858 3101 1005 3172 quod
1046 3114 1148 3154 nec
1175 3095 1359 3152 verbis
1387 3093 1619 3165 exprimi
1646 3089 1841 3162 possit.

586 3196 671 3250 14.
731 3192 1051 3248 lmmundus
1081 3200 1166 3245 est
1215 3188 1433 3243 animus
1487 3180 1853 3247 libidinosus;
1896 3192 2094 3249 nempe

513 3287 728 3343 vitiosis
777 3283 1098 3356 cupiditatis
1147 3290 1311 3350 atque
1359 3278 1472 3333 odii
1518 3271 1943 3347 cogitationibus
1977 3269 2095 3340 ple-

514 3393 641 3433 nus.
1083 3369 1106 3381 “

588 3467 673 3522 l5.
701 3464 804 3532 Qui
832 3463 967 3527 odii,
998 3471 1092 3517 aut
1122 3458 1415 3516 simultatis
1436 3450 1727 3527 vestigium
1754 3450 1976 3523 aliquod
2018 3450 2093 3506 ob

515 3571 905 3629 quamcunque
939 3552 1300 3609 offensionem
1356 3566 1486 3621 erga
1525 3549 1699 3603 ullum
1733 3558 1961 3616 prorsus
1995 3540 2094 3596 ho-

518 3628 733 3703 minum
768 3644 827 3698 in
878 3641 1043 3698 corde
1075 3654 1175 3695 suo
1207 3638 1407 3701 cernit,
1438 3651 1470 3690 a
1512 3632 1784 3689 charitate
1831 3628 1887 3684 in
1916 3628 2095 3683 Deum

517 3738 742 3794 omnino
772 3736 983 3790 alienus
1015 3731 1253 3796 exsistit;
1294 3726 1442 3799 quod
1470 3740 1667 3795 nempe
1712 3721 1812 3778 Dei
1845 3717 2091 3785 dilectio,

517 3845 644 3886 cum
681 3827 830 3893 odio,
857 3841 952 3881 seu
992 3823 1269 3878 simultate
1303 3820 1567 3873 adversus
1592 3814 1873 3871 hominem
1901 3824 2095 3867 susce-

518 3931 635 3994 pta,
669 3921 949 3976 cohaerere
976 3931 1089 3970 non
1129 3913 1322 3985 possit.

591 4014 679 4067 16.
717 4010 817 4076 Qui
849 4008 1019 4079 diligit
1048 4022 1149 4070 me,
1181 4004 1315 4059 dicit
1362 4002 1645 4065 Dominus,
1678 3997 1934 4053 mandata
1974 4010 2099 4050 meo

517 4104 744 4162 servabit
763 4103 804 4155 '.
846 4099 955 4153 Hoc
982 4107 1056 4151 est
1085 4104 1283 4161 autem,
1311 4094 1509 4165 inquit,
1539 4091 1850 4147 mandatum
1895 4102 2091 4151 meum,

518 4204 575 4248 ut
603 4192 833 4263 diligatis
860 4188 1138 4242 invicem'.
1172 4187 1361 4256 Itaque
1382 4183 1478 4254 qui
1525 4198 1636 4237 non
1683 4178 1863 4251 diligit
1904 4176 2093 4249 proxi-

519 4303 694 4352 mum,
742 4281 1059 4338 mandatum
1089 4294 1201 4333 non
1251 4285 1454 4333 servat.
1497 4273 1601 4341 Qui
1648 4280 1833 4328 autem
1869 4268 2096 4325 manda-

2190 3105 2355 3251 Xafg:
2399 3185 2735 3257 Ἀκάθαρτος
2763 3182 2879 3235 ἔστι
2900 3177 3048 3249 ψυχὴ
3071 3173 3321 3245 ἐμπαθὴς
3351 3170 3426 3241 (α)
3446 3185 3459 3198 ’
3491 3164 3767 3237 λογισμῶν

2192 3282 2490 3355 ἐπιθυμίας
2511 3277 2606 3334 καὶ
2641 3274 2835 3347 μίσους
2866 3266 3298 3341 πεπληρωμένη.

2264 3483 2345 3531 ιε’.
2398 3475 2459 3529 '0
2484 3472 2630 3544 ἴχνος
2661 3469 2859 3541 μίσους
2894 3464 3109 3536 βλέπων
3143 3465 3201 3516 ὲν
3229 3464 3297 3534 τῇ
3320 3459 3524 3515 ἑαυτοῦ
3572 3458 3767 3531 καρδίᾳ

2189 3569 2278 3625 διὰ
2333 3565 2651 3636 οἱονδήποτε
2709 3561 2959 3629 πταῖσμα
3003 3555 3142 3628 πρὸς
3172 3553 3264 3609 τὸν
3328 3553 3639 3624 οίονδήποτε
3675 3552 3767 3606 ἆν-

2192 3662 2433 3733 θρωπον,
2484 3655 2765 3726 ἀλλότριος
2807 3649 3071 3721 τυγχάνει
3110 3647 3345 3718 πάμπαν
3374 3647 3475 3715 τῆς
3508 3646 3591 3707 είς
3632 3643 3767 3697 Θεὸν

2192 3753 2444 3823 ἀγάπης·
2472 3748 2608 3804 διότι
2641 3747 2676 3817 ἡ
2710 3746 2792 3809 είς
2820 3742 2954 3797 Θεὸν
2978 3740 3197 3811 ἀγάπη,
3235 3738 3337 3794 τοῦ
3364 3738 3452 3802 είς
3474 3735 3767 3809 ἄνθρωπον

2195 3845 2390 3916 μίσους
2429 3836 2712 3901 παντελῶς
2742 3836 2842 3889 οὐκ
2868 3833 3143 3904 ἀνέχεται.

2269 4027 2367 4087 ις’.
2414 4018 2478 4072 '0
2504 4014 2752 4089 ἀγαπῶν
2764 4031 2861 4085 με.
2892 4012 3057 4084 φησὶν
3082 4014 3111 4067 6
3140 4010 3359 4080 Κύριος,
3382 4008 3490 4073 τὰς
3514 4006 3775 4068 ἐντολάς

2187 4132 2305 4185 μου
2346 4111 2621 4181 τηρήσειν
2659 4108 2812 4176 αὕτη
2832 4106 2901 4161 δέ
2931 4106 3103 4160 ἐστιν
3139 4106 3177 4173 ἠ
3207 4101 3422 4170 ἐντολὴ
3443 4101 3482 4169 ἡ
3506 4098 3643 4168 ἐμὴ,
3666 4098 3769 4152 ἵνα

2192 4203 2472 4276 ἀγαπᾶτε
2516 4198 2853 4266 ἀλλήλους.
2897 4198 2955 4252 '0
2989 4193 3086 4252 οὖν
3140 4195 3223 4267 μὴ
3257 4192 3481 4262 ἀγαπῶν
3506 4190 3606 4262 τὸν
3628 4189 3770 4261 πλη-

2195 4298 2334 4362 σίον,
2368 4296 2468 4366 τὴν
2518 4291 2737 4364 ἐντολὴν
2783 4290 2846 4344 οὐ
2896 4289 3073 4359 τηρεῖ.
3114 4287 3173 4341 '0
3199 4286 3259 4341 δὲ
3295 4284 3397 4355 τὴν
3425 4281 3646 4354 ἐντολὴν
3696 4280 3770 4353 μὴ

519 4390 637 4435 tum
690 4392 805 4431 non
858 4381 1063 4438 servat,
1109 4372 1156 4427 is
1189 4385 1370 4440 neque
1405 4375 1587 4440 potest
1631 4366 1861 4437 diligere
1905 4361 2085 4418 Domi-

2196 4386 2401 4460 τηρῶν,
2424 4361 2558 4439 *οὐδὲ
2583 4383 2674 4437 τὸν
2694 4361 2915 4453 ’Κύριον
2954 4374 3242 4446 ἀγαπῆσαι
3268 4373 3522 4428 δύναται.

521 4484 657 4526 num

605 4486 657 4524 in

565 4486 676 4617 lll7.
713 4561 914 4615 Beatus
938 4558 1127 4621 homo,
1158 4552 1255 4624 qui
1281 4566 1500 4607 omnem
1531 4550 1787 4621 peerue
1809 4545 2092 4602 hominem

515 4654 751 4725 diligere
787 4649 932 4722 potis
962 4657 1069 4704 est.

591 4745 678 4800 l8.
725 4743 928 4799 Beatus
959 4741 1145 4804 homo,
1180 4736 1277 4807 qui
1325 4734 1465 4790 nulli
1494 4733 1574 4789 rei
1608 4726 1957 4800 corruptibili
1999 4736 2095 4783 aut

517 4846 889 4907 temporaneee
917 4831 1169 4888 addictus
1200 4828 1387 4883 animo
1418 4834 1522 4881 est.

590 4928 675 4982 l9.
716 4926 915 4981 Beatus
947 4937 1123 4987 mens,
1152 4935 1274 4991 qua:
1305 4917 1475 4973 rebus
1506 4914 1764 4971 omnibus
1796 4912 2085 4982 superatis,

515 5021 705 5077 divina
730 5019 934 5091 iugiter
976 5012 1387 5086 pulchritudine
1413 5009 1737 5065 delectatur.

587 5114 678 5167 3.0.
708 5111 812 5176 Qui
836 5109 1019 5165 carnis
1059 5120 1249 5162 curam
1292 5104 1350 5158 in
1385 5100 1676 5158 desideriis
1716 5098 1975 5164 faciens‘,
2019 5097 2091 5153 ob

516 5220 608 5260 res
662 5213 1043 5273 temporaneas
1091 5196 1427 5254 simultatem
1476 5191 1743 5247 adversus
1779 5192 2091 5262 proximum

2268 4548 2355 4615 ιζ’.
2396 4549 2683 4617 Μακάριος
2731 4545 3040 4615 ἄνθρωπος,
3086 4542 3115 4595 6
3159 4538 3343 4594 πάντα
3387 4537 3683 4608 ἄνθρωπον
3710 4534 3770 4603 ἐξ

2194 4642 2309 4696 ῐσου
2340 4642 2629 4711 ἀγαπῆσαι
2662 4636 2911 4708 δυνηθείς
2938 4635 3091 4711 [edit.
3120 4631 3394 4705 δύναται].

2269 4741 2358 4806 ιη’.
2426 4734 2713 4804 Μακάριος
2770 4728 3097 4800 ἄνθρωπος,
3156 4728 3186 4780 6
3232 4723 3425 4799 μηδενὶ
3478 4726 3767 4797 πράγματι

2195 4825 2421 4898 φθαρτῷ
2450 4826 2482 4895 ἢ
2514 4822 2836 4895 προσκαίρῳ
2875 4819 3289 4890 προσκείμενος.

2270 4917 2352 4972 ιθ¹.
2392 4917 2680 4986 Μακάριος
2701 4914 2731 4966 6
2758 4913 2903 4981 νοῦς,
2941 4916 2970 4966 6
2998 4912 3176 4966 πάντα
3213 4909 3305 4965 τὰ,
3327 4909 3459 4962 ὄντα
3498 4908 3765 4980 περάσας,

2195 5011 2291 5065 καὶ
2324 5012 2424 5080 τῆς
2454 5007 2602 5071 θείας
2633 5005 2964 5077 ὼραιότητος
2993 5002 3355 5065 ἀδιαλείπτως
3380 4999 3765 5071 κατατρυφῶν.

2267 5105 2339 5153 κ’.
2392 5097 2451 5153 '0
2485 5097 2740 5167 πρόνοιαν
2784 5096 2884 5166 τῆς
2919 5093 3121 5166 σαρκὸς
3170 5096 3251 5156 είς
3305 5092 3600 5162 ἐπιθυμίας
3625 5090 3765 5162 [Duo

2196 5190 2345 5262 Regii
2383 5186 2704 5259 ἐπιθυμίαν]
2738 5186 3084 5257 ποιούμενος,
3132 5185 3229 5238 καὶ
3262 5182 3625 5255 μνησικακίαν
3676 5181 3763 5235 διὰ

590 5361 608 5393 ⁸
643 5361 747 5416 lsa.
773 5374 850 5424 v1,
881 5359 934 5414 5.
1000 5358 1022 5389 ¹
1056 5357 1346 5420 Joan.xrv,
1379 5352 1463 5409 15.
1504 5350 1526 5383 ³
1555 5350 1712 5407 Joan.
1753 5366 1842 5415 xv,
1871 5350 1958 5405 12.
2033 5349 2057 5383 ⁸

2185 5364 2247 5403 m.
2282 5366 2395 5414 xm,
2426 5348 2513 5402 14.

588 5504 667 5574 (ιι)
722 5500 898 5570 Ψυχὴ
957 5498 1286 5574 shallow,“
1313 5496 1539 5574 Adjecta
1578 5494 1671 5549 illa
1694 5509 1805 5574 vox
1837 5508 1904 5548 ex
1933 5507 2085 5574 .mss.

552 5564 678 5628 lane
705 5564 1034 5627 necessaria.
1056 5564 1409 5622 Tertulliano'
1430 5573 1516 5620 est
1565 5565 1807 5636 passivus
1854 5564 2084 5636 animus,

519 5633 577 5700 id
605 5654 709 5708 est,
745 5638 1259 5711 perturbationibus
1307 5646 1473 5706 atque
1517 5633 1665 5691 vitiis
1719 5633 2083 5701 mancipatus,

2193 5507 2259 5546 ac
2279 5490 2425 5560 quod
2456 5489 2696 5554 reddidi,
2748 5488 3073 5560 libidinosus.
3104 5470 3763 5560 loytcpo‘;_ipsa"Gl::B‘(‘is

2193 5542 2326 5614 vitija
2347 5542 2809 5629 dicuntur,'apud
2860 5542 3192 5613 Cassianum.
3213 5542 3280 5609 ρι’
3310 5542 3469 5618 alios,
3509 5544 3644 5617 Περὶ
3668 5542 3767 5595 λο-

2192 5631 2425 5701 γισμῶν,
2453 5639 2537 5686 est
2561 5628 2637 5685 De
2660 5628 2819 5683 vitiis.
