  <div class='ocr_page' id='page_1' title='image "/cluster/home/n/w/nwhite01/storage/ocr_20150623/90/hvd.32044073502197/488.png"; bbox 0 0 4128 6210; ppageno 0'>
   <div class='ocr_carea' id='block_1_1' title="bbox 353 241 454 305">
    <p class='ocr_par' dir='ltr' id='par_1_1' title="bbox 353 241 454 305">
     <span class='ocr_line' id='line_1_1' title="bbox 353 241 454 305; baseline 0.01 -1"><span class='ocrx_word' id='word_1_1' title='bbox 353 241 454 305; x_wconf 77' lang='lat'><strong>905</strong></span> 
     </span>
    </p>
   </div>
   <div class='ocr_carea' id='block_1_2' title="bbox 1289 227 2746 310">
    <p class='ocr_par' dir='ltr' id='par_1_2' title="bbox 1289 227 2746 310">
     <span class='ocr_line' id='line_1_2' title="bbox 1289 227 2746 310; baseline -0.001 -18"><span class='ocrx_word' id='word_1_2' title='bbox 1289 229 1628 295; x_wconf 80' lang='lat' dir='ltr'><strong>CAPITUM</strong></span> <span class='ocrx_word' id='word_1_3' title='bbox 1670 228 1768 290; x_wconf 85' lang='lat' dir='ltr'><strong>DE</strong></span> <span class='ocrx_word' id='word_1_4' title='bbox 1804 227 2235 310; x_wconf 67' lang='lat' dir='ltr'><strong>CHARIIATE</strong></span> <span class='ocrx_word' id='word_1_5' title='bbox 2268 227 2657 292; x_wconf 82' lang='lat' dir='ltr'><strong>CENTURIA</strong></span> <span class='ocrx_word' id='word_1_6' title='bbox 2696 229 2746 291; x_wconf 87' lang='grc' dir='ltr'><strong>Ι.</strong></span> 
     </span>
    </p>
   </div>
   <div class='ocr_carea' id='block_1_3' title="bbox 3512 243 3621 311">
    <p class='ocr_par' dir='ltr' id='par_1_3' title="bbox 3512 243 3621 311">
     <span class='ocr_line' id='line_1_3' title="bbox 3512 243 3621 311; baseline 0.028 -3"><span class='ocrx_word' id='word_1_7' title='bbox 3512 243 3621 311; x_wconf 74' lang='lat'><strong>966</strong></span> 
     </span>
    </p>
   </div>
   <div class='ocr_carea' id='block_1_4' title="bbox 350 342 1949 426">
    <p class='ocr_par' dir='ltr' id='par_1_4' title="bbox 350 345 1931 426">
     <span class='ocr_line' id='line_1_4' title="bbox 350 345 1931 426; baseline -0.007 -17"><span class='ocrx_word' id='word_1_8' title='bbox 350 353 668 426; x_wconf 82' lang='grc' dir='ltr'>πρόσκαιρα</span> <span class='ocrx_word' id='word_1_9' title='bbox 717 347 850 420; x_wconf 76' lang='grc' dir='ltr'>πρὸς</span> <span class='ocrx_word' id='word_1_10' title='bbox 897 349 987 404; x_wconf 71' lang='grc' dir='ltr'>τὸν</span> <span class='ocrx_word' id='word_1_11' title='bbox 1037 345 1264 418; x_wconf 80' lang='grc' dir='ltr'><strong>πλησίον</strong></span> <span class='ocrx_word' id='word_1_12' title='bbox 1302 346 1475 418; x_wconf 78' lang='grc' dir='ltr'>ἔχων·</span> <span class='ocrx_word' id='word_1_13' title='bbox 1502 346 1796 409; x_wconf 82' lang='grc' dir='ltr'>ὁτοιοῢτος</span> <span class='ocrx_word' id='word_1_14' title='bbox 1837 345 1931 399; x_wconf 80' lang='grc' dir='ltr'>λαο</span> 
     </span>
    </p>
   </div>
   <div class='ocr_carea' id='block_1_5' title="bbox 2051 342 3624 426">
    <p class='ocr_par' dir='ltr' id='par_1_5' title="bbox 2051 342 3624 418">
     <span class='ocr_line' id='line_1_5' title="bbox 2051 342 3624 418; baseline 0.006 -18"><span class='ocrx_word' id='word_1_15' title='bbox 2051 343 2165 409; x_wconf 81' lang='grc' dir='ltr'>ι1ἰι;</span> <span class='ocrx_word' id='word_1_16' title='bbox 2205 343 2297 399; x_wconf 87' lang='lat' dir='ltr'><strong>hic</strong></span> <span class='ocrx_word' id='word_1_17' title='bbox 2346 344 2472 401; x_wconf 83' lang='lat' dir='ltr'><strong>talis</strong></span> <span class='ocrx_word' id='word_1_18' title='bbox 2507 350 2776 399; x_wconf 78' lang='lat' dir='ltr'><strong>creatura:</strong></span> <span class='ocrx_word' id='word_1_19' title='bbox 2819 342 2992 414; x_wconf 80' lang='lat' dir='ltr'><strong>magis</strong></span> <span class='ocrx_word' id='word_1_20' title='bbox 3021 343 3214 412; x_wconf 80' lang='lat' dir='ltr'><strong>servit,</strong></span> <span class='ocrx_word' id='word_1_21' title='bbox 3246 362 3414 418; x_wconf 78' lang='lat' dir='ltr'><strong>quam</strong></span> <span class='ocrx_word' id='word_1_22' title='bbox 3443 350 3624 410; x_wconf 76' lang='lat' dir='ltr'><strong>.Crea—</strong></span> 
     </span>
    </p>
   </div>
   <div class='ocr_carea' id='block_1_6' title="bbox 351 440 1456 520">
    <p class='ocr_par' dir='ltr' id='par_1_6' title="bbox 351 440 1456 520">
     <span class='ocr_line' id='line_1_6' title="bbox 351 440 1456 520; baseline -0.007 -18"><span class='ocrx_word' id='word_1_23' title='bbox 351 448 537 520; x_wconf 84' lang='grc' dir='ltr'>τρεύει</span> <span class='ocrx_word' id='word_1_24' title='bbox 568 449 636 515; x_wconf 82' lang='grc' dir='ltr'>τῇ</span> <span class='ocrx_word' id='word_1_25' title='bbox 672 445 849 498; x_wconf 84' lang='grc' dir='ltr'>κτίσει</span> <span class='ocrx_word' id='word_1_26' title='bbox 873 442 1024 514; x_wconf 87' lang='grc' dir='ltr'><strong>παρά</strong></span> <span class='ocrx_word' id='word_1_27' title='bbox 1054 442 1145 495; x_wconf 76' lang='grc' dir='ltr'>τὸν</span> <span class='ocrx_word' id='word_1_28' title='bbox 1171 440 1456 494; x_wconf 81' lang='grc' dir='ltr'><strong>κτίσαντα.</strong></span> 
     </span>
    </p>
   </div>
   <div class='ocr_carea' id='block_1_7' title="bbox 424 528 1933 603">
    <p class='ocr_par' dir='ltr' id='par_1_7' title="bbox 424 528 1933 603">
     <span class='ocr_line' id='line_1_7' title="bbox 424 528 1933 603; baseline -0.005 -13"><span class='ocrx_word' id='word_1_29' title='bbox 424 541 533 590; x_wconf 86' lang='grc' dir='ltr'>κα’.</span> <span class='ocrx_word' id='word_1_30' title='bbox 587 536 646 586; x_wconf 88' lang='lat' dir='ltr'><strong>&#39;U</strong></span> <span class='ocrx_word' id='word_1_31' title='bbox 680 533 944 603; x_wconf 82' lang='grc' dir='ltr'>ἀνήδονον</span> <span class='ocrx_word' id='word_1_32' title='bbox 983 531 1076 584; x_wconf 74' lang='grc' dir='ltr'><strong>καὶ</strong></span> <span class='ocrx_word' id='word_1_33' title='bbox 1117 529 1402 584; x_wconf 75' lang='grc' dir='ltr'>ἄνοσονιτὸ</span> <span class='ocrx_word' id='word_1_34' title='bbox 1435 528 1598 600; x_wconf 89' lang='grc' dir='ltr'>σῶμα</span> <span class='ocrx_word' id='word_1_35' title='bbox 1638 529 1933 601; x_wconf 80' lang='grc' dir='ltr'><strong>διατηρῶν,</strong></span> 
     </span>
    </p>
   </div>
   <div class='ocr_carea' id='block_1_8' title="bbox 355 621 1937 694">
    <p class='ocr_par' dir='ltr' id='par_1_8' title="bbox 355 621 1937 694">
     <span class='ocr_line' id='line_1_8' title="bbox 355 621 1937 694; baseline -0.005 -12"><span class='ocrx_word' id='word_1_36' title='bbox 355 626 643 682; x_wconf 44' lang='grc' dir='ltr'>σύνδουλοι)</span> <span class='ocrx_word' id='word_1_37' title='bbox 676 624 809 678; x_wconf 80' lang='grc' dir='ltr'>αὐτὸ</span> <span class='ocrx_word' id='word_1_38' title='bbox 845 622 959 694; x_wconf 72' lang='grc' dir='ltr'>ἔχει</span> <span class='ocrx_word' id='word_1_39' title='bbox 989 622 1124 694; x_wconf 85' lang='grc' dir='ltr'>πρὸς</span> <span class='ocrx_word' id='word_1_40' title='bbox 1161 623 1263 694; x_wconf 80' lang='grc' dir='ltr'><strong>τὴν</strong></span> <span class='ocrx_word' id='word_1_41' title='bbox 1293 621 1401 676; x_wconf 89' lang='grc' dir='ltr'><strong>τῶν</strong></span> <span class='ocrx_word' id='word_1_42' title='bbox 1470 621 1799 692; x_wconf 83' lang='grc' dir='ltr'><strong>κρειττόνων</strong></span> <span class='ocrx_word' id='word_1_43' title='bbox 1833 623 1937 674; x_wconf 85' lang='grc' dir='ltr'><strong>ὐπ-</strong></span> 
     </span>
    </p>
   </div>
   <div class='ocr_carea' id='block_1_9' title="bbox 354 719 602 793">
    <p class='ocr_par' dir='ltr' id='par_1_9' title="bbox 354 719 602 793">
     <span class='ocr_line' id='line_1_9' title="bbox 354 719 602 793; baseline 0 -20"><span class='ocrx_word' id='word_1_44' title='bbox 354 719 602 793; x_wconf 85' lang='grc' dir='ltr'>ηρεσίαν.</span> 
     </span>
    </p>
   </div>
   <div class='ocr_carea' id='block_1_10' title="bbox 426 801 1936 879">
    <p class='ocr_par' dir='ltr' id='par_1_10' title="bbox 426 801 1936 879">
     <span class='ocr_line' id='line_1_10' title="bbox 426 801 1936 879; baseline -0.004 -17"><span class='ocrx_word' id='word_1_45' title='bbox 426 807 533 879; x_wconf 81' lang='grc' dir='ltr'>κβ’.</span> <span class='ocrx_word' id='word_1_46' title='bbox 584 807 644 859; x_wconf 87' lang='grc' dir='ltr'>Ὀ</span> <span class='ocrx_word' id='word_1_47' title='bbox 669 805 888 875; x_wconf 83' lang='grc' dir='ltr'><strong>φεύγων</strong></span> <span class='ocrx_word' id='word_1_48' title='bbox 931 805 1110 868; x_wconf 89' lang='grc' dir='ltr'>πάσας</span> <span class='ocrx_word' id='word_1_49' title='bbox 1149 803 1250 866; x_wconf 87' lang='grc' dir='ltr'><strong>τάς</strong></span> <span class='ocrx_word' id='word_1_50' title='bbox 1298 801 1573 872; x_wconf 85' lang='grc' dir='ltr'><strong>κοσμικὰς</strong></span> <span class='ocrx_word' id='word_1_51' title='bbox 1619 801 1936 872; x_wconf 74' lang='grc' dir='ltr'>ἐπιθυμίας,</span> 
     </span>
    </p>
   </div>
   <div class='ocr_carea' id='block_1_11' title="bbox 359 892 1936 968">
    <p class='ocr_par' dir='ltr' id='par_1_11' title="bbox 359 892 1936 968">
     <span class='ocr_line' id='line_1_11' title="bbox 359 892 1936 968; baseline -0.004 -14"><span class='ocrx_word' id='word_1_52' title='bbox 359 901 541 968; x_wconf 89' lang='grc' dir='ltr'>πάσης</span> <span class='ocrx_word' id='word_1_53' title='bbox 593 897 771 968; x_wconf 83' lang='grc' dir='ltr'>λύπης</span> <span class='ocrx_word' id='word_1_54' title='bbox 809 896 959 968; x_wconf 86' lang='lat' dir='ltr'><strong>[edit.</strong></span> <span class='ocrx_word' id='word_1_55' title='bbox 992 895 1146 965; x_wconf 76' lang='grc' dir='ltr'>ὕλης,</span> <span class='ocrx_word' id='word_1_56' title='bbox 1176 909 1415 964; x_wconf 83' lang='lat' dir='ltr'><strong>unusque</strong></span> <span class='ocrx_word' id='word_1_57' title='bbox 1464 893 1596 964; x_wconf 85' lang='lat' dir='ltr'><strong>Reg.</strong></span> <span class='ocrx_word' id='word_1_58' title='bbox 1627 902 1674 947; x_wconf 87' lang='lat' dir='ltr'><strong>et</strong></span> <span class='ocrx_word' id='word_1_59' title='bbox 1695 892 1810 965; x_wconf 86' lang='lat' dir='ltr'><strong>Fr.]</strong></span> <span class='ocrx_word' id='word_1_60' title='bbox 1843 911 1936 947; x_wconf 83' lang='grc' dir='ltr'>κο-</span> 
     </span>
    </p>
   </div>
   <div class='ocr_carea' id='block_1_12' title="bbox 363 987 1454 1065">
    <p class='ocr_par' dir='ltr' id='par_1_12' title="bbox 363 987 1454 1065">
     <span class='ocr_line' id='line_1_12' title="bbox 363 987 1454 1065; baseline -0.005 -18"><span class='ocrx_word' id='word_1_61' title='bbox 363 994 564 1065; x_wconf 81' lang='grc' dir='ltr'>σμικῆς</span> <span class='ocrx_word' id='word_1_62' title='bbox 594 991 782 1044; x_wconf 82' lang='grc' dir='ltr'>ἑαυτὸν</span> <span class='ocrx_word' id='word_1_63' title='bbox 809 988 1086 1060; x_wconf 81' lang='grc' dir='ltr'><strong>ἀνώτερον</strong></span> <span class='ocrx_word' id='word_1_64' title='bbox 1111 987 1454 1058; x_wconf 77' lang='grc' dir='ltr'><strong>καθίστησιν.</strong></span> 
     </span>
    </p>
   </div>
   <div class='ocr_carea' id='block_1_13' title="bbox 434 1081 1942 1153">
    <p class='ocr_par' dir='ltr' id='par_1_13' title="bbox 434 1081 1942 1153">
     <span class='ocr_line' id='line_1_13' title="bbox 434 1081 1942 1153; baseline -0.003 -15"><span class='ocrx_word' id='word_1_65' title='bbox 434 1092 542 1153; x_wconf 86' lang='grc' dir='ltr'>κγ’.</span> <span class='ocrx_word' id='word_1_66' title='bbox 593 1086 654 1138; x_wconf 87' lang='grc' dir='ltr'>Ὀ</span> <span class='ocrx_word' id='word_1_67' title='bbox 683 1085 776 1136; x_wconf 83' lang='grc' dir='ltr'><strong>τὸν</strong></span> <span class='ocrx_word' id='word_1_68' title='bbox 821 1083 952 1136; x_wconf 85' lang='grc' dir='ltr'>Θεὸν</span> <span class='ocrx_word' id='word_1_69' title='bbox 997 1081 1256 1151; x_wconf 80' lang='grc' dir='ltr'><strong>ἀγαπῶν,</strong></span> <span class='ocrx_word' id='word_1_70' title='bbox 1281 1085 1380 1135; x_wconf 81' lang='grc' dir='ltr'>καὶ</span> <span class='ocrx_word' id='word_1_71' title='bbox 1412 1082 1504 1135; x_wconf 82' lang='grc' dir='ltr'><strong>τὸν</strong></span> <span class='ocrx_word' id='word_1_72' title='bbox 1550 1081 1778 1150; x_wconf 80' lang='grc' dir='ltr'>πλησίον</span> <span class='ocrx_word' id='word_1_73' title='bbox 1811 1081 1942 1135; x_wconf 83' lang='grc' dir='ltr'>πάν-</span> 
     </span>
    </p>
   </div>
   <div class='ocr_carea' id='block_1_14' title="bbox 362 1173 1938 1246">
    <p class='ocr_par' dir='ltr' id='par_1_14' title="bbox 362 1173 1938 1246">
     <span class='ocr_line' id='line_1_14' title="bbox 362 1173 1938 1246; baseline -0.003 -16"><span class='ocrx_word' id='word_1_74' title='bbox 362 1193 470 1239; x_wconf 90' lang='grc' dir='ltr'><strong>τως</strong></span> <span class='ocrx_word' id='word_1_75' title='bbox 493 1177 706 1246; x_wconf 88' lang='grc' dir='ltr'>ἀγαπᾷ.</span> <span class='ocrx_word' id='word_1_76' title='bbox 753 1175 811 1228; x_wconf 88' lang='grc'><strong>’0</strong></span> <span class='ocrx_word' id='word_1_77' title='bbox 852 1175 910 1228; x_wconf 82' lang='grc' dir='ltr'>δὲ</span> <span class='ocrx_word' id='word_1_78' title='bbox 945 1173 1212 1238; x_wconf 82' lang='grc' dir='ltr'>τοιοῦτος,</span> <span class='ocrx_word' id='word_1_79' title='bbox 1240 1175 1500 1244; x_wconf 84' lang='grc' dir='ltr'>χρήματα</span> <span class='ocrx_word' id='word_1_80' title='bbox 1533 1177 1722 1246; x_wconf 78' lang='grc' dir='ltr'>τηρεῖν</span> <span class='ocrx_word' id='word_1_81' title='bbox 1749 1173 1809 1226; x_wconf 89' lang='grc' dir='ltr'><strong>ού</strong></span> <span class='ocrx_word' id='word_1_82' title='bbox 1842 1174 1938 1226; x_wconf 77' lang='grc' dir='ltr'>δύο</span> 
     </span>
    </p>
   </div>
   <div class='ocr_carea' id='block_1_15' title="bbox 363 1264 1938 1339">
    <p class='ocr_par' dir='ltr' id='par_1_15' title="bbox 363 1264 1938 1339">
     <span class='ocr_line' id='line_1_15' title="bbox 363 1264 1938 1339; baseline -0.003 -17"><span class='ocrx_word' id='word_1_83' title='bbox 363 1285 543 1332; x_wconf 84' lang='grc' dir='ltr'>ναται,</span> <span class='ocrx_word' id='word_1_84' title='bbox 579 1267 694 1322; x_wconf 83' lang='grc' dir='ltr'>ἀλλ’</span> <span class='ocrx_word' id='word_1_85' title='bbox 719 1268 996 1337; x_wconf 83' lang='grc' dir='ltr'>οἰκονομεῖ</span> <span class='ocrx_word' id='word_1_86' title='bbox 1045 1264 1388 1339; x_wconf 80' lang='grc' dir='ltr'>θεοπρεπῶς,</span> <span class='ocrx_word' id='word_1_87' title='bbox 1433 1265 1650 1338; x_wconf 79' lang='grc' dir='ltr'>ἑκάστῳ</span> <span class='ocrx_word' id='word_1_88' title='bbox 1677 1266 1790 1318; x_wconf 87' lang='grc' dir='ltr'><strong>τῶν</strong></span> <span class='ocrx_word' id='word_1_89' title='bbox 1821 1266 1938 1318; x_wconf 79' lang='grc' dir='ltr'>δεοο</span> 
     </span>
    </p>
   </div>
   <div class='ocr_carea' id='block_1_16' title="bbox 369 1358 844 1431">
    <p class='ocr_par' dir='ltr' id='par_1_16' title="bbox 369 1358 844 1431">
     <span class='ocr_line' id='line_1_16' title="bbox 369 1358 844 1431; baseline 0 -19"><span class='ocrx_word' id='word_1_90' title='bbox 369 1359 544 1431; x_wconf 83' lang='grc' dir='ltr'>μένων</span> <span class='ocrx_word' id='word_1_91' title='bbox 565 1358 844 1430; x_wconf 85' lang='grc' dir='ltr'>παρέχων.</span> 
     </span>
    </p>
   </div>
   <div class='ocr_carea' id='block_1_17' title="bbox 435 1443 1945 1519">
    <p class='ocr_par' dir='ltr' id='par_1_17' title="bbox 435 1443 1945 1519">
     <span class='ocr_line' id='line_1_17' title="bbox 435 1443 1945 1519; baseline -0.005 -16"><span class='ocrx_word' id='word_1_92' title='bbox 435 1451 532 1505; x_wconf 89' lang='grc' dir='ltr'>κδ’.</span> <span class='ocrx_word' id='word_1_93' title='bbox 586 1450 642 1503; x_wconf 88' lang='lat'><strong>&#39;0</strong></span> <span class='ocrx_word' id='word_1_94' title='bbox 660 1448 802 1504; x_wconf 87' lang='grc' dir='ltr'><strong>κατά</strong></span> <span class='ocrx_word' id='word_1_95' title='bbox 829 1448 1061 1519; x_wconf 82' lang='grc' dir='ltr'><strong>μίμησιν</strong></span> <span class='ocrx_word' id='word_1_96' title='bbox 1077 1445 1212 1500; x_wconf 85' lang='grc' dir='ltr'><strong>Θεοῦ</strong></span> <span class='ocrx_word' id='word_1_97' title='bbox 1243 1445 1340 1516; x_wconf 85' lang='grc' dir='ltr'>τὴν</span> <span class='ocrx_word' id='word_1_98' title='bbox 1361 1443 1732 1516; x_wconf 74' lang='grc' dir='ltr'>ἐλεημοσύνην</span> <span class='ocrx_word' id='word_1_99' title='bbox 1759 1443 1945 1498; x_wconf 86' lang='grc' dir='ltr'>ποιού-</span> 
     </span>
    </p>
   </div>
   <div class='ocr_carea' id='block_1_18' title="bbox 369 1533 1950 1611">
    <p class='ocr_par' dir='ltr' id='par_1_18' title="bbox 369 1533 1950 1611">
     <span class='ocr_line' id='line_1_18' title="bbox 369 1533 1950 1611; baseline -0.003 -20"><span class='ocrx_word' id='word_1_100' title='bbox 369 1556 551 1611; x_wconf 85' lang='grc' dir='ltr'>μενος,</span> <span class='ocrx_word' id='word_1_101' title='bbox 588 1539 687 1591; x_wconf 72' lang='grc' dir='ltr'><strong>οὐκ</strong></span> <span class='ocrx_word' id='word_1_102' title='bbox 741 1533 847 1592; x_wconf 74' lang='grc' dir='ltr'>οἶδε</span> <span class='ocrx_word' id='word_1_103' title='bbox 897 1537 1162 1606; x_wconf 77' lang='grc' dir='ltr'>διαφοράν</span> <span class='ocrx_word' id='word_1_104' title='bbox 1218 1535 1458 1606; x_wconf 80' lang='grc' dir='ltr'>πονηροῦ</span> <span class='ocrx_word' id='word_1_105' title='bbox 1490 1536 1583 1588; x_wconf 70' lang='grc' dir='ltr'><strong>καὶ¹</strong></span> <span class='ocrx_word' id='word_1_106' title='bbox 1611 1533 1842 1603; x_wconf 78' lang='grc' dir='ltr'>ἀγαθοῦ,</span> <span class='ocrx_word' id='word_1_107' title='bbox 1867 1535 1950 1595; x_wconf 59' lang='grc' dir='ltr'>διτ</span> 
     </span>
    </p>
   </div>
   <div class='ocr_carea' id='block_1_19' title="bbox 365 1624 1940 1696">
    <p class='ocr_par' dir='ltr' id='par_1_19' title="bbox 365 1624 1940 1696">
     <span class='ocr_line' id='line_1_19' title="bbox 365 1624 1940 1696; baseline -0.005 -12"><span class='ocrx_word' id='word_1_108' title='bbox 365 1629 526 1684; x_wconf 87' lang='grc' dir='ltr'>καίου</span> <span class='ocrx_word' id='word_1_109' title='bbox 557 1629 651 1683; x_wconf 78' lang='grc' dir='ltr'><strong>καὶ</strong></span> <span class='ocrx_word' id='word_1_110' title='bbox 686 1628 872 1682; x_wconf 83' lang='grc' dir='ltr'>ἀδίκου</span> <span class='ocrx_word' id='word_1_111' title='bbox 909 1630 966 1681; x_wconf 80' lang='grc' dir='ltr'>ὲν</span> <span class='ocrx_word' id='word_1_112' title='bbox 997 1631 1108 1691; x_wconf 85' lang='grc' dir='ltr'>τοῖς</span> <span class='ocrx_word' id='word_1_113' title='bbox 1154 1627 1248 1680; x_wconf 84' lang='grc' dir='ltr'>τοῦ</span> <span class='ocrx_word' id='word_1_114' title='bbox 1305 1626 1558 1696; x_wconf 81' lang='grc' dir='ltr'>σώματος</span> <span class='ocrx_word' id='word_1_115' title='bbox 1589 1624 1940 1692; x_wconf 81' lang='grc' dir='ltr'>ἀναγκαίοις·</span> 
     </span>
    </p>
   </div>
   <div class='ocr_carea' id='block_1_20' title="bbox 2037 436 2208 496">
    <p class='ocr_par' dir='ltr' id='par_1_20' title="bbox 2037 436 2208 496">
     <span class='ocr_line' id='line_1_20' title="bbox 2037 436 2208 496; baseline -0.018 -2"><span class='ocrx_word' id='word_1_116' title='bbox 2037 436 2144 496; x_wconf 76' lang='lat' dir='ltr'><strong>tori</strong></span> <span class='ocrx_word' id='word_1_117' title='bbox 2169 438 2208 491; x_wconf 88' lang='lat'><strong>&#39;.</strong></span> 
     </span>
    </p>
   </div>
   <div class='ocr_carea' id='block_1_21' title="bbox 2105 528 3625 602">
    <p class='ocr_par' dir='ltr' id='par_1_21' title="bbox 2105 528 3625 602">
     <span class='ocr_line' id='line_1_21' title="bbox 2105 528 3625 602; baseline 0.006 -20"><span class='ocrx_word' id='word_1_118' title='bbox 2105 530 2196 583; x_wconf 71' lang='lat'><strong>2].</strong></span> <span class='ocrx_word' id='word_1_119' title='bbox 2246 528 2349 595; x_wconf 86' lang='lat' dir='ltr'><strong>Qui</strong></span> <span class='ocrx_word' id='word_1_120' title='bbox 2383 545 2587 600; x_wconf 90' lang='lat' dir='ltr'><strong>corpus</strong></span> <span class='ocrx_word' id='word_1_121' title='bbox 2626 545 2656 584; x_wconf 88' lang='lat' dir='ltr'><strong>a</strong></span> <span class='ocrx_word' id='word_1_122' title='bbox 2693 531 3075 600; x_wconf 70' lang='lat' dir='ltr'><strong>voluptatibus</strong></span> <span class='ocrx_word' id='word_1_123' title='bbox 3101 547 3166 585; x_wconf 90' lang='lat' dir='ltr'><strong>ac</strong></span> <span class='ocrx_word' id='word_1_124' title='bbox 3198 534 3625 602; x_wconf 69' lang='lat' dir='ltr'><strong>mgritudinibus</strong></span> 
     </span>
    </p>
   </div>
   <div class='ocr_carea' id='block_1_22' title="bbox 2037 621 3625 697">
    <p class='ocr_par' dir='ltr' id='par_1_22' title="bbox 2037 621 3625 697">
     <span class='ocr_line' id='line_1_22' title="bbox 2037 621 3625 697; baseline 0.004 -21"><span class='ocrx_word' id='word_1_125' title='bbox 2037 630 2220 676; x_wconf 89' lang='lat' dir='ltr'><strong>servat</strong></span> <span class='ocrx_word' id='word_1_126' title='bbox 2252 621 2510 686; x_wconf 90' lang='lat' dir='ltr'><strong>liberum,</strong></span> <span class='ocrx_word' id='word_1_127' title='bbox 2557 636 2825 677; x_wconf 89' lang='lat' dir='ltr'><strong>conservo</strong></span> <span class='ocrx_word' id='word_1_128' title='bbox 2865 623 2959 677; x_wconf 90' lang='lat' dir='ltr'><strong>illo</strong></span> <span class='ocrx_word' id='word_1_129' title='bbox 2993 632 3178 678; x_wconf 93' lang='lat' dir='ltr'><strong>utetur</strong></span> <span class='ocrx_word' id='word_1_130' title='bbox 3219 624 3284 678; x_wconf 87' lang='lat' dir='ltr'><strong>ad</strong></span> <span class='ocrx_word' id='word_1_131' title='bbox 3334 625 3625 697; x_wconf 68' lang='lat' dir='ltr'><strong>fungendae</strong></span> 
     </span>
    </p>
   </div>
   <div class='ocr_carea' id='block_1_23' title="bbox 2037 715 2685 769">
    <p class='ocr_par' dir='ltr' id='par_1_23' title="bbox 2037 715 2685 769">
     <span class='ocr_line' id='line_1_23' title="bbox 2037 715 2685 769; baseline -0.002 0"><span class='ocrx_word' id='word_1_132' title='bbox 2037 715 2266 769; x_wconf 86' lang='lat' dir='ltr'><strong>virtutis</strong></span> <span class='ocrx_word' id='word_1_133' title='bbox 2292 715 2685 769; x_wconf 83' lang='lat' dir='ltr'><strong>ministerium.</strong></span> 
     </span>
    </p>
   </div>
   <div class='ocr_carea' id='block_1_24' title="bbox 2110 805 3624 877">
    <p class='ocr_par' dir='ltr' id='par_1_24' title="bbox 2110 805 3624 877">
     <span class='ocr_line' id='line_1_24' title="bbox 2110 805 3624 877; baseline 0.003 -19"><span class='ocrx_word' id='word_1_134' title='bbox 2110 806 2198 858; x_wconf 74' lang='grc'><strong>22.</strong></span> <span class='ocrx_word' id='word_1_135' title='bbox 2233 805 2335 872; x_wconf 87' lang='lat' dir='ltr'><strong>Qui</strong></span> <span class='ocrx_word' id='word_1_136' title='bbox 2378 805 2685 860; x_wconf 81' lang='lat' dir='ltr'><strong>mundanas</strong></span> <span class='ocrx_word' id='word_1_137' title='bbox 2717 820 2910 859; x_wconf 90' lang='lat' dir='ltr'><strong>omnes</strong></span> <span class='ocrx_word' id='word_1_138' title='bbox 2933 806 3265 875; x_wconf 83' lang='lat' dir='ltr'><strong>cupiditates</strong></span> <span class='ocrx_word' id='word_1_139' title='bbox 3295 807 3452 877; x_wconf 83' lang='lat' dir='ltr'><strong>fugit,</strong></span> <span class='ocrx_word' id='word_1_140' title='bbox 3474 809 3624 863; x_wconf 75' lang='lat' dir='ltr'><strong>oritni</strong></span> 
     </span>
    </p>
   </div>
   <div class='ocr_carea' id='block_1_25' title="bbox 2040 897 3625 971">
    <p class='ocr_par' dir='ltr' id='par_1_25' title="bbox 2040 897 3625 971">
     <span class='ocr_line' id='line_1_25' title="bbox 2040 897 3625 971; baseline 0.001 -17"><span class='ocrx_word' id='word_1_141' title='bbox 2040 915 2098 954; x_wconf 88' lang='lat' dir='ltr'><strong>se</strong></span> <span class='ocrx_word' id='word_1_142' title='bbox 2131 899 2408 952; x_wconf 84' lang='lat' dir='ltr'><strong>mundana</strong></span> <span class='ocrx_word' id='word_1_143' title='bbox 2448 898 2670 952; x_wconf 81' lang='lat' dir='ltr'><strong>tristitia</strong></span> <span class='ocrx_word' id='word_1_144' title='bbox 2709 897 3040 968; x_wconf 83' lang='lat' dir='ltr'><strong>[al.cunctis</strong></span> <span class='ocrx_word' id='word_1_145' title='bbox 3067 915 3126 953; x_wconf 91' lang='lat' dir='ltr'><strong>se</strong></span> <span class='ocrx_word' id='word_1_146' title='bbox 3152 899 3412 971; x_wconf 82' lang='lat' dir='ltr'><strong>terrenis]</strong></span> <span class='ocrx_word' id='word_1_147' title='bbox 3457 916 3625 970; x_wconf 89' lang='lat' dir='ltr'><strong>supe-</strong></span> 
     </span>
    </p>
   </div>
   <div class='ocr_carea' id='block_1_26' title="bbox 2042 990 2438 1045">
    <p class='ocr_par' dir='ltr' id='par_1_26' title="bbox 2042 990 2438 1045">
     <span class='ocr_line' id='line_1_26' title="bbox 2042 990 2438 1045; baseline 0 -1"><span class='ocrx_word' id='word_1_148' title='bbox 2042 991 2244 1045; x_wconf 89' lang='lat' dir='ltr'><strong>riorem</strong></span> <span class='ocrx_word' id='word_1_149' title='bbox 2286 990 2438 1044; x_wconf 80' lang='lat' dir='ltr'><strong>facit.</strong></span> 
     </span>
    </p>
   </div>
   <div class='ocr_carea' id='block_1_27' title="bbox 2111 1082 3626 1154">
    <p class='ocr_par' dir='ltr' id='par_1_27' title="bbox 2111 1082 3626 1154">
     <span class='ocr_line' id='line_1_27' title="bbox 2111 1082 3626 1154; baseline 0.001 -17"><span class='ocrx_word' id='word_1_150' title='bbox 2111 1084 2202 1138; x_wconf 71' lang='lat'><strong>25.</strong></span> <span class='ocrx_word' id='word_1_151' title='bbox 2229 1082 2331 1149; x_wconf 86' lang='lat' dir='ltr'><strong>Qui</strong></span> <span class='ocrx_word' id='word_1_152' title='bbox 2369 1084 2540 1137; x_wconf 91' lang='lat' dir='ltr'><strong>Deum</strong></span> <span class='ocrx_word' id='word_1_153' title='bbox 2592 1082 2794 1153; x_wconf 79' lang='lat' dir='ltr'><strong>diligit,</strong></span> <span class='ocrx_word' id='word_1_154' title='bbox 2826 1083 3053 1137; x_wconf 84' lang='lat' dir='ltr'><strong>omnino</strong></span> <span class='ocrx_word' id='word_1_155' title='bbox 3101 1083 3266 1138; x_wconf 89' lang='lat' dir='ltr'><strong>etiam</strong></span> <span class='ocrx_word' id='word_1_156' title='bbox 3317 1086 3626 1154; x_wconf 86' lang='lat' dir='ltr'><strong>proximum</strong></span> 
     </span>
    </p>
   </div>
   <div class='ocr_carea' id='block_1_28' title="bbox 2043 1175 3626 1246">
    <p class='ocr_par' dir='ltr' id='par_1_28' title="bbox 2043 1175 3626 1246">
     <span class='ocr_line' id='line_1_28' title="bbox 2043 1175 3626 1246; baseline 0 -16"><span class='ocrx_word' id='word_1_157' title='bbox 2043 1176 2220 1246; x_wconf 84' lang='lat' dir='ltr'><strong>diligit</strong></span> <span class='ocrx_word' id='word_1_158' title='bbox 2249 1194 2262 1228; x_wconf 89' lang='lat'>:</span> <span class='ocrx_word' id='word_1_159' title='bbox 2299 1175 2393 1246; x_wconf 87' lang='lat' dir='ltr'><strong>qui</strong></span> <span class='ocrx_word' id='word_1_160' title='bbox 2425 1184 2609 1230; x_wconf 88' lang='lat' dir='ltr'><strong>autem</strong></span> <span class='ocrx_word' id='word_1_161' title='bbox 2655 1175 2923 1245; x_wconf 88' lang='lat' dir='ltr'><strong>ejusmodi</strong></span> <span class='ocrx_word' id='word_1_162' title='bbox 2969 1183 3073 1240; x_wconf 90' lang='lat' dir='ltr'><strong>est,</strong></span> <span class='ocrx_word' id='word_1_163' title='bbox 3106 1177 3368 1244; x_wconf 84' lang='lat' dir='ltr'><strong>pecunias</strong></span> <span class='ocrx_word' id='word_1_164' title='bbox 3404 1192 3626 1231; x_wconf 83' lang='lat' dir='ltr'><strong>servare</strong></span> 
     </span>
    </p>
   </div>
   <div class='ocr_carea' id='block_1_29' title="bbox 2043 1266 3628 1338">
    <p class='ocr_par' dir='ltr' id='par_1_29' title="bbox 2043 1266 3628 1338">
     <span class='ocr_line' id='line_1_29' title="bbox 2043 1266 3628 1338; baseline 0 -16"><span class='ocrx_word' id='word_1_165' title='bbox 2043 1284 2152 1322; x_wconf 83' lang='lat' dir='ltr'><strong>non</strong></span> <span class='ocrx_word' id='word_1_166' title='bbox 2193 1276 2392 1337; x_wconf 85' lang='lat' dir='ltr'><strong>potest,</strong></span> <span class='ocrx_word' id='word_1_167' title='bbox 2433 1267 2531 1322; x_wconf 88' lang='lat' dir='ltr'><strong>sed</strong></span> <span class='ocrx_word' id='word_1_168' title='bbox 2567 1266 2752 1321; x_wconf 83' lang='lat' dir='ltr'><strong>divine</strong></span> <span class='ocrx_word' id='word_1_169' title='bbox 2780 1282 2874 1321; x_wconf 88' lang='lat' dir='ltr'><strong>eas</strong></span> <span class='ocrx_word' id='word_1_170' title='bbox 2919 1266 3220 1336; x_wconf 84' lang='lat' dir='ltr'><strong>dispensat,</strong></span> <span class='ocrx_word' id='word_1_171' title='bbox 3269 1268 3500 1338; x_wconf 81' lang='lat' dir='ltr'><strong>singulis</strong></span> <span class='ocrx_word' id='word_1_172' title='bbox 3529 1268 3628 1338; x_wconf 79' lang='lat' dir='ltr'><strong>qui</strong></span> 
     </span>
    </p>
   </div>
   <div class='ocr_carea' id='block_1_30' title="bbox 2044 1361 2551 1431">
    <p class='ocr_par' dir='ltr' id='par_1_30' title="bbox 2044 1361 2551 1431">
     <span class='ocr_line' id='line_1_30' title="bbox 2044 1361 2551 1431; baseline -0.006 -14"><span class='ocrx_word' id='word_1_173' title='bbox 2044 1369 2242 1431; x_wconf 82' lang='lat' dir='ltr'><strong>egeant</strong></span> <span class='ocrx_word' id='word_1_174' title='bbox 2281 1361 2551 1414; x_wconf 83' lang='lat' dir='ltr'><strong>tribuens.</strong></span> 
     </span>
    </p>
   </div>
   <div class='ocr_carea' id='block_1_31' title="bbox 2113 1449 3628 1521">
    <p class='ocr_par' dir='ltr' id='par_1_31' title="bbox 2113 1449 3628 1521">
     <span class='ocr_line' id='line_1_31' title="bbox 2113 1449 3628 1521; baseline 0 -17"><span class='ocrx_word' id='word_1_175' title='bbox 2113 1452 2202 1505; x_wconf 67' lang='grc'><strong>24.</strong></span> <span class='ocrx_word' id='word_1_176' title='bbox 2235 1451 2337 1517; x_wconf 88' lang='lat' dir='ltr'><strong>Qui</strong></span> <span class='ocrx_word' id='word_1_177' title='bbox 2374 1451 2469 1505; x_wconf 89' lang='lat' dir='ltr'><strong>Dei</strong></span> <span class='ocrx_word' id='word_1_178' title='bbox 2519 1450 2826 1504; x_wconf 85' lang='lat' dir='ltr'><strong>imitatione</strong></span> <span class='ocrx_word' id='word_1_179' title='bbox 2861 1451 3264 1521; x_wconf 78' lang='lat' dir='ltr'><strong>eleemosynam</strong></span> <span class='ocrx_word' id='word_1_180' title='bbox 3295 1449 3445 1515; x_wconf 82' lang='lat' dir='ltr'><strong>facit,</strong></span> <span class='ocrx_word' id='word_1_181' title='bbox 3493 1451 3628 1505; x_wconf 86' lang='lat' dir='ltr'><strong>boni</strong></span> 
     </span>
    </p>
   </div>
   <div class='ocr_carea' id='block_1_32' title="bbox 2046 1542 3626 1614">
    <p class='ocr_par' dir='ltr' id='par_1_32' title="bbox 2046 1542 3626 1614">
     <span class='ocr_line' id='line_1_32' title="bbox 2046 1542 3626 1614; baseline -0.001 -16"><span class='ocrx_word' id='word_1_182' title='bbox 2046 1559 2110 1598; x_wconf 90' lang='lat' dir='ltr'><strong>ac</strong></span> <span class='ocrx_word' id='word_1_183' title='bbox 2145 1543 2292 1604; x_wconf 89' lang='lat' dir='ltr'><strong>mali,</strong></span> <span class='ocrx_word' id='word_1_184' title='bbox 2324 1542 2456 1614; x_wconf 81' lang='lat' dir='ltr'><strong>justi</strong></span> <span class='ocrx_word' id='word_1_185' title='bbox 2487 1552 2542 1596; x_wconf 89' lang='lat' dir='ltr'><strong>et</strong></span> <span class='ocrx_word' id='word_1_186' title='bbox 2570 1542 2840 1613; x_wconf 88' lang='lat' dir='ltr'><strong>injusti,in</strong></span> <span class='ocrx_word' id='word_1_187' title='bbox 2871 1542 3120 1611; x_wconf 88' lang='lat' dir='ltr'><strong>corporis</strong></span> <span class='ocrx_word' id='word_1_188' title='bbox 3159 1542 3487 1598; x_wconf 88' lang='lat' dir='ltr'><strong>necessariis</strong></span> <span class='ocrx_word' id='word_1_189' title='bbox 3515 1543 3626 1596; x_wconf 88' lang='lat' dir='ltr'><strong>dis-</strong></span> 
     </span>
    </p>
   </div>
   <div class='ocr_carea' id='block_1_33' title="bbox 2051 1634 3630 1704">
    <p class='ocr_par' dir='ltr' id='par_1_33' title="bbox 2051 1634 3630 1704">
     <span class='ocr_line' id='line_1_33' title="bbox 2051 1634 3630 1704; baseline -0.001 -14"><span class='ocrx_word' id='word_1_190' title='bbox 2051 1637 2270 1691; x_wconf 88' lang='lat' dir='ltr'><strong>crimen</strong></span> <span class='ocrx_word' id='word_1_191' title='bbox 2317 1650 2426 1690; x_wconf 91' lang='lat' dir='ltr'><strong>non</strong></span> <span class='ocrx_word' id='word_1_192' title='bbox 2461 1635 2634 1697; x_wconf 88' lang='lat' dir='ltr'><strong>novit,</strong></span> <span class='ocrx_word' id='word_1_193' title='bbox 2664 1634 2759 1688; x_wconf 85' lang='lat' dir='ltr'><strong>s&#39;ed</strong></span> <span class='ocrx_word' id='word_1_194' title='bbox 2788 1634 3002 1688; x_wconf 85' lang='lat' dir='ltr'><strong>cunctis</strong></span> <span class='ocrx_word' id='word_1_195' title='bbox 3032 1634 3318 1703; x_wconf 60' lang='lat' dir='ltr'><strong>atqualiter</strong></span> <span class='ocrx_word' id='word_1_196' title='bbox 3343 1650 3444 1704; x_wconf 89' lang='lat' dir='ltr'><strong>pro</strong></span> <span class='ocrx_word' id='word_1_197' title='bbox 3468 1635 3630 1704; x_wconf 74' lang='lat' dir='ltr'><strong>justa:</strong></span> 
     </span>
    </p>
   </div>
   <div class='ocr_carea' id='block_1_34' title="bbox 363 1714 1949 1798">
    <p class='ocr_par' dir='ltr' id='par_1_34' title="bbox 363 1714 1943 1792">
     <span class='ocr_line' id='line_1_34' title="bbox 363 1714 1943 1792; baseline -0.003 -20"><span class='ocrx_word' id='word_1_198' title='bbox 363 1717 503 1773; x_wconf 87' lang='grc' dir='ltr'><strong>ἀλλά</strong></span> <span class='ocrx_word' id='word_1_199' title='bbox 527 1723 694 1778; x_wconf 82' lang='grc' dir='ltr'>πᾶσιν</span> <span class='ocrx_word' id='word_1_200' title='bbox 720 1719 918 1792; x_wconf 15' lang='grc' dir='ltr'>ὲξνίσου</span> <span class='ocrx_word' id='word_1_201' title='bbox 946 1719 1085 1772; x_wconf 85' lang='grc' dir='ltr'><strong>κατά</strong></span> <span class='ocrx_word' id='word_1_202' title='bbox 1109 1717 1205 1789; x_wconf 82' lang='grc' dir='ltr'><strong>τὴν</strong></span> <span class='ocrx_word' id='word_1_203' title='bbox 1233 1717 1422 1788; x_wconf 80' lang='grc' dir='ltr'>χρείαν</span> <span class='ocrx_word' id='word_1_204' title='bbox 1453 1715 1698 1788; x_wconf 77' lang='grc' dir='ltr'>διανέμει</span> <span class='ocrx_word' id='word_1_205' title='bbox 1721 1731 1733 1744; x_wconf 89' lang='grc'>·</span> <span class='ocrx_word' id='word_1_206' title='bbox 1766 1715 1814 1768; x_wconf 87' lang='grc' dir='ltr'><strong>εί</strong></span> <span class='ocrx_word' id='word_1_207' title='bbox 1848 1714 1943 1768; x_wconf 63' lang='grc' dir='ltr'><strong>καὶΙ</strong></span> 
     </span>
    </p>
   </div>
   <div class='ocr_carea' id='block_1_35' title="bbox 2051 1714 3631 1798">
    <p class='ocr_par' dir='ltr' id='par_1_35' title="bbox 2051 1726 3631 1798">
     <span class='ocr_line' id='line_1_35' title="bbox 2051 1726 3631 1798; baseline -0.003 -16"><span class='ocrx_word' id='word_1_208' title='bbox 2051 1728 2391 1783; x_wconf 87' lang='lat' dir='ltr'><strong>necessitatis</strong></span> <span class='ocrx_word' id='word_1_209' title='bbox 2418 1727 2775 1798; x_wconf 77' lang='lat' dir='ltr'><strong>398-modo</strong></span> <span class='ocrx_word' id='word_1_210' title='bbox 2803 1726 3114 1790; x_wconf 86' lang='lat' dir='ltr'><strong>distribuit;</strong></span> <span class='ocrx_word' id='word_1_211' title='bbox 3153 1726 3368 1779; x_wconf 87' lang='lat' dir='ltr'><strong>tametsi</strong></span> <span class='ocrx_word' id='word_1_212' title='bbox 3402 1736 3631 1796; x_wconf 80' lang='lat' dir='ltr'><strong>prepter</strong></span> 
     </span>
    </p>
   </div>
   <div class='ocr_carea' id='block_1_36' title="bbox 367 1807 1946 1883">
    <p class='ocr_par' dir='ltr' id='par_1_36' title="bbox 367 1807 1946 1883">
     <span class='ocr_line' id='line_1_36' title="bbox 367 1807 1946 1883; baseline -0.001 -19"><span class='ocrx_word' id='word_1_213' title='bbox 367 1813 613 1883; x_wconf 83' lang='grc' dir='ltr'>προτιμᾷ</span> <span class='ocrx_word' id='word_1_214' title='bbox 641 1811 707 1865; x_wconf 89' lang='grc' dir='ltr'>δι’</span> <span class='ocrx_word' id='word_1_215' title='bbox 746 1810 958 1880; x_wconf 80' lang='grc' dir='ltr'>ἀγαθὴν</span> <span class='ocrx_word' id='word_1_216' title='bbox 1004 1812 1328 1881; x_wconf 85' lang='grc' dir='ltr'>προαίρεσιν</span> <span class='ocrx_word' id='word_1_217' title='bbox 1378 1807 1474 1862; x_wconf 85' lang='grc' dir='ltr'>τοῦ</span> <span class='ocrx_word' id='word_1_218' title='bbox 1510 1808 1713 1878; x_wconf 81' lang='grc' dir='ltr'>φαύλου</span> <span class='ocrx_word' id='word_1_219' title='bbox 1741 1807 1832 1862; x_wconf 83' lang='grc' dir='ltr'>τὸν</span> <span class='ocrx_word' id='word_1_220' title='bbox 1860 1809 1946 1862; x_wconf 80' lang='grc' dir='ltr'><strong>ὲν-</strong></span> 
     </span>
    </p>
   </div>
   <div class='ocr_carea' id='block_1_37' title="bbox 368 1905 584 1976">
    <p class='ocr_par' dir='ltr' id='par_1_37' title="bbox 368 1905 584 1976">
     <span class='ocr_line' id='line_1_37' title="bbox 368 1905 584 1976; baseline 0.009 -19"><span class='ocrx_word' id='word_1_221' title='bbox 368 1905 584 1976; x_wconf 85' lang='grc' dir='ltr'>ἀρετον.</span> 
     </span>
    </p>
   </div>
   <div class='ocr_carea' id='block_1_38' title="bbox 435 1992 1941 2068">
    <p class='ocr_par' dir='ltr' id='par_1_38' title="bbox 435 1992 1941 2068">
     <span class='ocr_line' id='line_1_38' title="bbox 435 1992 1941 2068; baseline 0.001 -21"><span class='ocrx_word' id='word_1_222' title='bbox 435 2003 536 2052; x_wconf 83' lang='grc' dir='ltr'>κε’.</span> <span class='ocrx_word' id='word_1_223' title='bbox 580 1998 790 2068; x_wconf 85' lang='grc' dir='ltr'>Ὠσπερ</span> <span class='ocrx_word' id='word_1_224' title='bbox 821 1996 850 2048; x_wconf 84' lang='grc'>6</span> <span class='ocrx_word' id='word_1_225' title='bbox 887 1995 1019 2058; x_wconf 73' lang='grc' dir='ltr'>Θεὸς</span> <span class='ocrx_word' id='word_1_226' title='bbox 1051 1993 1209 2064; x_wconf 86' lang='grc' dir='ltr'>φύσει</span> <span class='ocrx_word' id='word_1_227' title='bbox 1243 1993 1320 2047; x_wconf 83' lang='grc' dir='ltr'>ὢν</span> <span class='ocrx_word' id='word_1_228' title='bbox 1353 1992 1555 2062; x_wconf 76' lang='grc' dir='ltr'>ἀγαθὸς</span> <span class='ocrx_word' id='word_1_229' title='bbox 1579 1994 1672 2047; x_wconf 73' lang='grc' dir='ltr'><strong>καὶ</strong></span> <span class='ocrx_word' id='word_1_230' title='bbox 1703 1992 1941 2062; x_wconf 76' lang='grc' dir='ltr'>ἀπαθὴς,</span> 
     </span>
    </p>
   </div>
   <div class='ocr_carea' id='block_1_39' title="bbox 368 2084 1950 2160">
    <p class='ocr_par' dir='ltr' id='par_1_39' title="bbox 368 2084 1950 2160">
     <span class='ocr_line' id='line_1_39' title="bbox 368 2084 1950 2160; baseline -0.004 -16"><span class='ocrx_word' id='word_1_231' title='bbox 368 2091 580 2153; x_wconf 83' lang='grc' dir='ltr'>πάντας</span> <span class='ocrx_word' id='word_1_232' title='bbox 613 2090 714 2160; x_wconf 80' lang='grc' dir='ltr'>μὲν</span> <span class='ocrx_word' id='word_1_233' title='bbox 739 2089 798 2153; x_wconf 79' lang='grc' dir='ltr'>ὲξ</span> <span class='ocrx_word' id='word_1_234' title='bbox 825 2087 939 2141; x_wconf 84' lang='grc' dir='ltr'>ῐσυυ</span> <span class='ocrx_word' id='word_1_235' title='bbox 962 2089 1174 2160; x_wconf 87' lang='grc' dir='ltr'>ἀγαπᾷ,</span> <span class='ocrx_word' id='word_1_236' title='bbox 1195 2087 1270 2152; x_wconf 87' lang='grc' dir='ltr'>ὼς</span> <span class='ocrx_word' id='word_1_237' title='bbox 1300 2087 1435 2159; x_wconf 81' lang='grc' dir='ltr'>ἔργα</span> <span class='ocrx_word' id='word_1_238' title='bbox 1463 2086 1629 2139; x_wconf 82' lang='grc' dir='ltr'>αὐτοῦ</span> <span class='ocrx_word' id='word_1_239' title='bbox 1651 2101 1663 2114; x_wconf 74' lang='grc'><strong><em>⁸</em></strong></span> <span class='ocrx_word' id='word_1_240' title='bbox 1689 2084 1824 2139; x_wconf 89' lang='grc' dir='ltr'><strong>ἀλλά</strong></span> <span class='ocrx_word' id='word_1_241' title='bbox 1853 2085 1950 2150; x_wconf 23' lang='grc' dir='ltr'>τὸν.</span> 
     </span>
    </p>
   </div>
   <div class='ocr_carea' id='block_1_40' title="bbox 371 2175 1941 2252">
    <p class='ocr_par' dir='ltr' id='par_1_40' title="bbox 371 2175 1941 2252">
     <span class='ocr_line' id='line_1_40' title="bbox 371 2175 1941 2252; baseline -0.002 -19"><span class='ocrx_word' id='word_1_242' title='bbox 371 2181 470 2250; x_wconf 86' lang='grc' dir='ltr'><strong>μὲν</strong></span> <span class='ocrx_word' id='word_1_243' title='bbox 502 2181 757 2252; x_wconf 78' lang='grc' dir='ltr'>ἐνάρετον</span> <span class='ocrx_word' id='word_1_244' title='bbox 784 2178 1018 2243; x_wconf 75' lang='grc' dir='ltr'>δοξάζει,</span> <span class='ocrx_word' id='word_1_245' title='bbox 1047 2178 1121 2242; x_wconf 85' lang='grc' dir='ltr'>ὼς</span> <span class='ocrx_word' id='word_1_246' title='bbox 1151 2181 1246 2234; x_wconf 73' lang='grc' dir='ltr'><strong>καὶ</strong></span> <span class='ocrx_word' id='word_1_247' title='bbox 1279 2181 1346 2250; x_wconf 74' lang='grc' dir='ltr'>τῇ</span> <span class='ocrx_word' id='word_1_248' title='bbox 1390 2177 1588 2248; x_wconf 78' lang='grc' dir='ltr'>γνώμη</span> <span class='ocrx_word' id='word_1_249' title='bbox 1617 2176 1741 2248; x_wconf 84' lang='lat' dir='ltr'><strong>[edit</strong></span> <span class='ocrx_word' id='word_1_250' title='bbox 1770 2186 1817 2230; x_wconf 75' lang='lat' dir='ltr'><strong>et</strong></span> <span class='ocrx_word' id='word_1_251' title='bbox 1849 2175 1941 2230; x_wconf 87' lang='lat' dir='ltr'><strong>Fr.</strong></span> 
     </span>
    </p>
   </div>
   <div class='ocr_carea' id='block_1_41' title="bbox 366 2267 1944 2342">
    <p class='ocr_par' dir='ltr' id='par_1_41' title="bbox 366 2267 1944 2342">
     <span class='ocr_line' id='line_1_41' title="bbox 366 2267 1944 2342; baseline -0.004 -16"><span class='ocrx_word' id='word_1_252' title='bbox 366 2273 468 2342; x_wconf 80' lang='grc' dir='ltr'>τὴν</span> <span class='ocrx_word' id='word_1_253' title='bbox 523 2271 752 2338; x_wconf 82' lang='grc' dir='ltr'>γνῶσιν·</span> <span class='ocrx_word' id='word_1_254' title='bbox 791 2269 928 2325; x_wconf 88' lang='lat' dir='ltr'><strong>alter</strong></span> <span class='ocrx_word' id='word_1_255' title='bbox 983 2270 1108 2340; x_wconf 83' lang='lat' dir='ltr'><strong>Reg.</strong></span> <span class='ocrx_word' id='word_1_256' title='bbox 1170 2270 1268 2340; x_wconf 82' lang='grc' dir='ltr'>τὴν</span> <span class='ocrx_word' id='word_1_257' title='bbox 1322 2267 1592 2340; x_wconf 83' lang='grc' dir='ltr'>γνώμην],</span> <span class='ocrx_word' id='word_1_258' title='bbox 1639 2267 1944 2336; x_wconf 79' lang='grc' dir='ltr'>οἰκειούμε-</span> 
     </span>
    </p>
   </div>
   <div class='ocr_carea' id='block_1_42' title="bbox 369 2358 1944 2432">
    <p class='ocr_par' dir='ltr' id='par_1_42' title="bbox 369 2358 1944 2432">
     <span class='ocr_line' id='line_1_42' title="bbox 369 2358 1944 2432; baseline -0.004 -17"><span class='ocrx_word' id='word_1_259' title='bbox 369 2379 459 2415; x_wconf 89' lang='grc' dir='ltr'><strong>νον</strong></span> <span class='ocrx_word' id='word_1_260' title='bbox 475 2362 542 2432; x_wconf 84' lang='lat' dir='ltr'><strong>(e)</strong></span> <span class='ocrx_word' id='word_1_261' title='bbox 564 2378 578 2392; x_wconf 74' lang='grc' dir='ltr'><strong>ο</strong></span> <span class='ocrx_word' id='word_1_262' title='bbox 608 2361 698 2413; x_wconf 74' lang='grc' dir='ltr'>τὸν</span> <span class='ocrx_word' id='word_1_263' title='bbox 727 2360 782 2414; x_wconf 82' lang='grc' dir='ltr'>δὲ</span> <span class='ocrx_word' id='word_1_264' title='bbox 819 2358 1046 2429; x_wconf 83' lang='grc' dir='ltr'>φαῦλον.</span> <span class='ocrx_word' id='word_1_265' title='bbox 1098 2358 1166 2412; x_wconf 87' lang='grc' dir='ltr'>δι’</span> <span class='ocrx_word' id='word_1_266' title='bbox 1202 2359 1514 2427; x_wconf 88' lang='grc' dir='ltr'>ἀγαθότητα</span> <span class='ocrx_word' id='word_1_267' title='bbox 1564 2358 1721 2420; x_wconf 77' lang='grc' dir='ltr'>ἐλεεῖ,</span> <span class='ocrx_word' id='word_1_268' title='bbox 1764 2359 1857 2411; x_wconf 71' lang='grc' dir='ltr'><strong>καὶ</strong></span> <span class='ocrx_word' id='word_1_269' title='bbox 1887 2359 1944 2408; x_wconf 81' lang='grc' dir='ltr'>ὲν</span> 
     </span>
    </p>
   </div>
   <div class='ocr_carea' id='block_1_43' title="bbox 369 2448 1944 2520">
    <p class='ocr_par' dir='ltr' id='par_1_43' title="bbox 369 2448 1944 2520">
     <span class='ocr_line' id='line_1_43' title="bbox 369 2448 1944 2520; baseline -0.002 -17"><span class='ocrx_word' id='word_1_270' title='bbox 369 2450 446 2520; x_wconf 81' lang='grc' dir='ltr'>τῷ</span> <span class='ocrx_word' id='word_1_271' title='bbox 478 2451 636 2503; x_wconf 83' lang='grc' dir='ltr'>αἰῶνι</span> <span class='ocrx_word' id='word_1_272' title='bbox 685 2448 862 2519; x_wconf 85' lang='grc' dir='ltr'>τούτῳ</span> <span class='ocrx_word' id='word_1_273' title='bbox 912 2448 1180 2502; x_wconf 85' lang='grc' dir='ltr'>παιδεύων</span> <span class='ocrx_word' id='word_1_274' title='bbox 1213 2449 1567 2520; x_wconf 79' lang='grc' dir='ltr'>ἐπιστρέφει·</span> <span class='ocrx_word' id='word_1_275' title='bbox 1609 2448 1752 2501; x_wconf 76' lang='grc' dir='ltr'>οὕτω</span> <span class='ocrx_word' id='word_1_276' title='bbox 1789 2448 1884 2500; x_wconf 76' lang='grc' dir='ltr'>καὶ</span> <span class='ocrx_word' id='word_1_277' title='bbox 1916 2449 1944 2501; x_wconf 85' lang='grc' dir='ltr'><strong>ὁ</strong></span> 
     </span>
    </p>
   </div>
   <div class='ocr_carea' id='block_1_44' title="bbox 369 2539 1949 2618">
    <p class='ocr_par' dir='ltr' id='par_1_44' title="bbox 369 2539 1949 2618">
     <span class='ocr_line' id='line_1_44' title="bbox 369 2539 1949 2618; baseline -0.002 -24"><span class='ocrx_word' id='word_1_278' title='bbox 369 2544 436 2613; x_wconf 75' lang='grc' dir='ltr'>τῇ</span> <span class='ocrx_word' id='word_1_279' title='bbox 463 2540 654 2612; x_wconf 79' lang='grc' dir='ltr'>γνώμῃ</span> <span class='ocrx_word' id='word_1_280' title='bbox 694 2540 895 2608; x_wconf 83' lang='grc' dir='ltr'>ἀγαθὸς</span> <span class='ocrx_word' id='word_1_281' title='bbox 942 2543 1037 2594; x_wconf 70' lang='grc' dir='ltr'><strong>καὶ</strong></span> <span class='ocrx_word' id='word_1_282' title='bbox 1087 2541 1325 2612; x_wconf 79' lang='grc' dir='ltr'>ἀπαθὴς,</span> <span class='ocrx_word' id='word_1_283' title='bbox 1368 2540 1576 2618; x_wconf 81' lang='grc' dir='ltr'>πάντας</span> <span class='ocrx_word' id='word_1_284' title='bbox 1628 2539 1949 2610; x_wconf 73' lang='grc' dir='ltr'>ἀνθρώπους</span> 
     </span>
    </p>
   </div>
   <div class='ocr_carea' id='block_1_45' title="bbox 372 2631 1950 2705">
    <p class='ocr_par' dir='ltr' id='par_1_45' title="bbox 372 2631 1950 2705">
     <span class='ocr_line' id='line_1_45' title="bbox 372 2631 1950 2705; baseline -0.001 -18"><span class='ocrx_word' id='word_1_285' title='bbox 372 2636 430 2702; x_wconf 77' lang='grc' dir='ltr'>ἐξ</span> <span class='ocrx_word' id='word_1_286' title='bbox 460 2635 575 2688; x_wconf 71' lang='grc' dir='ltr'>[σου</span> <span class='ocrx_word' id='word_1_287' title='bbox 608 2635 833 2704; x_wconf 87' lang='grc' dir='ltr'>ἀγαπᾷ·</span> <span class='ocrx_word' id='word_1_288' title='bbox 869 2633 961 2687; x_wconf 84' lang='grc' dir='ltr'><strong>τὸν</strong></span> <span class='ocrx_word' id='word_1_289' title='bbox 992 2633 1092 2704; x_wconf 85' lang='grc' dir='ltr'><strong>μὲν</strong></span> <span class='ocrx_word' id='word_1_290' title='bbox 1121 2634 1398 2705; x_wconf 81' lang='grc' dir='ltr'>ἐνάρετον,</span> <span class='ocrx_word' id='word_1_291' title='bbox 1429 2632 1518 2686; x_wconf 90' lang='grc' dir='ltr'><strong>διά</strong></span> <span class='ocrx_word' id='word_1_292' title='bbox 1557 2650 1616 2685; x_wconf 88' lang='grc' dir='ltr'><strong>τε</strong></span> <span class='ocrx_word' id='word_1_293' title='bbox 1651 2631 1748 2703; x_wconf 82' lang='grc' dir='ltr'>τὴν</span> <span class='ocrx_word' id='word_1_294' title='bbox 1788 2631 1950 2700; x_wconf 80' lang='grc' dir='ltr'>φύσιν</span> 
     </span>
    </p>
   </div>
   <div class='ocr_carea' id='block_1_46' title="bbox 371 2723 1949 2795">
    <p class='ocr_par' dir='ltr' id='par_1_46' title="bbox 371 2723 1949 2795">
     <span class='ocr_line' id='line_1_46' title="bbox 371 2723 1949 2795; baseline -0.003 -17"><span class='ocrx_word' id='word_1_295' title='bbox 371 2724 467 2778; x_wconf 72' lang='grc' dir='ltr'><strong>καὶ</strong></span> <span class='ocrx_word' id='word_1_296' title='bbox 504 2724 602 2795; x_wconf 84' lang='grc' dir='ltr'>τὴν</span> <span class='ocrx_word' id='word_1_297' title='bbox 637 2724 848 2795; x_wconf 81' lang='grc' dir='ltr'>ἀγαθὴν</span> <span class='ocrx_word' id='word_1_298' title='bbox 895 2725 1214 2795; x_wconf 89' lang='grc' dir='ltr'>προαίρεσιν</span> <span class='ocrx_word' id='word_1_299' title='bbox 1237 2739 1250 2753; x_wconf 81' lang='grc'><strong><em>⁸</em></strong></span> <span class='ocrx_word' id='word_1_300' title='bbox 1283 2723 1374 2778; x_wconf 86' lang='grc' dir='ltr'><strong>τὸν</strong></span> <span class='ocrx_word' id='word_1_301' title='bbox 1413 2723 1469 2777; x_wconf 83' lang='grc' dir='ltr'><strong>δὲ</strong></span> <span class='ocrx_word' id='word_1_302' title='bbox 1517 2723 1740 2790; x_wconf 78' lang='grc' dir='ltr'>φαῦλον,</span> <span class='ocrx_word' id='word_1_303' title='bbox 1774 2724 1863 2776; x_wconf 83' lang='grc' dir='ltr'><strong>διά</strong></span> <span class='ocrx_word' id='word_1_304' title='bbox 1889 2738 1949 2774; x_wconf 88' lang='grc' dir='ltr'><strong>τε</strong></span> 
     </span>
    </p>
   </div>
   <div class='ocr_carea' id='block_1_47' title="bbox 367 2813 1960 2892">
    <p class='ocr_par' dir='ltr' id='par_1_47' title="bbox 367 2813 1960 2892">
     <span class='ocr_line' id='line_1_47' title="bbox 367 2813 1960 2892; baseline -0.006 -18"><span class='ocrx_word' id='word_1_305' title='bbox 367 2821 468 2892; x_wconf 80' lang='grc' dir='ltr'>τὴν</span> <span class='ocrx_word' id='word_1_306' title='bbox 503 2815 687 2884; x_wconf 82' lang='grc' dir='ltr'>φύσιν,</span> <span class='ocrx_word' id='word_1_307' title='bbox 744 2817 842 2871; x_wconf 73' lang='grc' dir='ltr'><strong>καὶ</strong></span> <span class='ocrx_word' id='word_1_308' title='bbox 885 2817 984 2889; x_wconf 82' lang='grc' dir='ltr'><strong>τὴν</strong></span> <span class='ocrx_word' id='word_1_309' title='bbox 1023 2816 1368 2888; x_wconf 79' lang='grc' dir='ltr'>συμπάθειαν</span> <span class='ocrx_word' id='word_1_310' title='bbox 1416 2816 1608 2882; x_wconf 36' lang='grc' dir='ltr'>ἐλεῶν,</span> <span class='ocrx_word' id='word_1_311' title='bbox 1635 2813 1709 2877; x_wconf 85' lang='grc' dir='ltr'>ὼς</span> <span class='ocrx_word' id='word_1_312' title='bbox 1741 2814 1960 2886; x_wconf 72' lang='grc' dir='ltr'>ἄφρονα.</span> 
     </span>
    </p>
   </div>
   <div class='ocr_carea' id='block_1_48' title="bbox 375 2909 1276 2980">
    <p class='ocr_par' dir='ltr' id='par_1_48' title="bbox 375 2909 1276 2980">
     <span class='ocr_line' id='line_1_48' title="bbox 375 2909 1276 2980; baseline 0.001 -20"><span class='ocrx_word' id='word_1_313' title='bbox 375 2909 469 2961; x_wconf 82' lang='grc' dir='ltr'><strong>καὶ</strong></span> <span class='ocrx_word' id='word_1_314' title='bbox 500 2910 560 2962; x_wconf 80' lang='grc' dir='ltr'>ἐν</span> <span class='ocrx_word' id='word_1_315' title='bbox 593 2909 768 2963; x_wconf 82' lang='grc' dir='ltr'>σκότει</span> <span class='ocrx_word' id='word_1_316' title='bbox 794 2910 1276 2980; x_wconf 86' lang='grc' dir='ltr'>διαπορευόμενον.</span> 
     </span>
    </p>
   </div>
   <div class='ocr_carea' id='block_1_49' title="bbox 2046 1817 3628 1887">
    <p class='ocr_par' dir='ltr' id='par_1_49' title="bbox 2046 1817 3628 1887">
     <span class='ocr_line' id='line_1_49' title="bbox 2046 1817 3628 1887; baseline -0.003 -13"><span class='ocrx_word' id='word_1_317' title='bbox 2046 1820 2246 1874; x_wconf 87' lang='lat' dir='ltr'><strong>bonam</strong></span> <span class='ocrx_word' id='word_1_318' title='bbox 2294 1820 2654 1884; x_wconf 85' lang='lat' dir='ltr'><strong>voluntatem,</strong></span> <span class='ocrx_word' id='word_1_319' title='bbox 2682 1833 2809 1873; x_wconf 92' lang='lat' dir='ltr'><strong>eum</strong></span> <span class='ocrx_word' id='word_1_320' title='bbox 2842 1818 2937 1887; x_wconf 90' lang='lat' dir='ltr'><strong>qui</strong></span> <span class='ocrx_word' id='word_1_321' title='bbox 2965 1817 3174 1872; x_wconf 88' lang='lat' dir='ltr'><strong>virtute</strong></span> <span class='ocrx_word' id='word_1_322' title='bbox 3214 1817 3354 1872; x_wconf 88' lang='lat' dir='ltr'><strong>nitet</strong></span> <span class='ocrx_word' id='word_1_323' title='bbox 3399 1833 3464 1873; x_wconf 89' lang='lat' dir='ltr'><strong>ac</strong></span> <span class='ocrx_word' id='word_1_324' title='bbox 3509 1827 3628 1872; x_wconf 87' lang='lat' dir='ltr'><strong>stu-</strong></span> 
     </span>
    </p>
   </div>
   <div class='ocr_carea' id='block_1_50' title="bbox 2047 1909 2993 1981">
    <p class='ocr_par' dir='ltr' id='par_1_50' title="bbox 2047 1909 2993 1981">
     <span class='ocr_line' id='line_1_50' title="bbox 2047 1909 2993 1981; baseline -0.003 -16"><span class='ocrx_word' id='word_1_325' title='bbox 2047 1911 2235 1966; x_wconf 81' lang='lat' dir='ltr'><strong>diosus</strong></span> <span class='ocrx_word' id='word_1_326' title='bbox 2267 1921 2370 1975; x_wconf 91' lang='lat' dir='ltr'><strong>est,</strong></span> <span class='ocrx_word' id='word_1_327' title='bbox 2403 1911 2654 1981; x_wconf 91' lang='lat' dir='ltr'><strong>improbo</strong></span> <span class='ocrx_word' id='word_1_328' title='bbox 2686 1909 2993 1978; x_wconf 89' lang='lat' dir='ltr'><strong>anteponit.</strong></span> 
     </span>
    </p>
   </div>
   <div class='ocr_carea' id='block_1_51' title="bbox 2113 1996 3632 2068">
    <p class='ocr_par' dir='ltr' id='par_1_51' title="bbox 2113 1996 3632 2068">
     <span class='ocr_line' id='line_1_51' title="bbox 2113 1996 3632 2068; baseline -0.002 -14"><span class='ocrx_word' id='word_1_329' title='bbox 2113 2001 2204 2055; x_wconf 73' lang='lat'><strong>25.</strong></span> <span class='ocrx_word' id='word_1_330' title='bbox 2239 1999 2713 2067; x_wconf 86' lang='lat' dir='ltr'><strong>Quemadmodum</strong></span> <span class='ocrx_word' id='word_1_331' title='bbox 2751 1999 2912 2062; x_wconf 89' lang='lat' dir='ltr'><strong>Deus,</strong></span> <span class='ocrx_word' id='word_1_332' title='bbox 2945 1997 3040 2068; x_wconf 90' lang='lat' dir='ltr'><strong>qui</strong></span> <span class='ocrx_word' id='word_1_333' title='bbox 3074 2007 3274 2052; x_wconf 90' lang='lat' dir='ltr'><strong>natura</strong></span> <span class='ocrx_word' id='word_1_334' title='bbox 3303 1996 3504 2061; x_wconf 92' lang='lat' dir='ltr'><strong>bonus,</strong></span> <span class='ocrx_word' id='word_1_335' title='bbox 3529 2012 3632 2051; x_wconf 86' lang='lat' dir='ltr'><strong>nec</strong></span> 
     </span>
    </p>
   </div>
   <div class='ocr_carea' id='block_1_52' title="bbox 2046 2090 3636 2160">
    <p class='ocr_par' dir='ltr' id='par_1_52' title="bbox 2046 2090 3636 2160">
     <span class='ocr_line' id='line_1_52' title="bbox 2046 2090 3636 2160; baseline 0 -15"><span class='ocrx_word' id='word_1_336' title='bbox 2046 2092 2175 2146; x_wconf 88' lang='lat' dir='ltr'><strong>ullis</strong></span> <span class='ocrx_word' id='word_1_337' title='bbox 2236 2091 2526 2146; x_wconf 79' lang='lat' dir='ltr'><strong>affectibus</strong></span> <span class='ocrx_word' id='word_1_338' title='bbox 2583 2090 2858 2145; x_wconf 83' lang='lat' dir='ltr'><strong>obnoxius</strong></span> <span class='ocrx_word' id='word_1_339' title='bbox 2909 2091 3002 2155; x_wconf 92' lang='lat' dir='ltr'><strong>sit,</strong></span> <span class='ocrx_word' id='word_1_340' title='bbox 3054 2106 3247 2145; x_wconf 87' lang='lat' dir='ltr'><strong>omnes</strong></span> <span class='ocrx_word' id='word_1_341' title='bbox 3302 2090 3523 2160; x_wconf 88' lang='lat' dir='ltr'><strong>quidem</strong></span> <span class='ocrx_word' id='word_1_342' title='bbox 3575 2103 3636 2145; x_wconf 85' lang='lat' dir='ltr'><strong>ut</strong></span> 
     </span>
    </p>
   </div>
   <div class='ocr_carea' id='block_1_53' title="bbox 2045 2175 3632 2252">
    <p class='ocr_par' dir='ltr' id='par_1_53' title="bbox 2045 2175 3632 2252">
     <span class='ocr_line' id='line_1_53' title="bbox 2045 2175 3632 2252; baseline -0.005 -16"><span class='ocrx_word' id='word_1_343' title='bbox 2045 2196 2212 2252; x_wconf 87' lang='lat' dir='ltr'><strong>opera</strong></span> <span class='ocrx_word' id='word_1_344' title='bbox 2277 2196 2372 2234; x_wconf 87' lang='lat' dir='ltr'><strong>sua</strong></span> <span class='ocrx_word' id='word_1_345' title='bbox 2429 2194 2683 2249; x_wconf 69' lang='lat' dir='ltr'><strong>peraeque</strong></span> <span class='ocrx_word' id='word_1_346' title='bbox 2737 2177 2951 2248; x_wconf 82' lang='lat' dir='ltr'><strong>diligit;</strong></span> <span class='ocrx_word' id='word_1_347' title='bbox 3014 2178 3110 2231; x_wconf 88' lang='lat' dir='ltr'><strong>sed</strong></span> <span class='ocrx_word' id='word_1_348' title='bbox 3156 2186 3340 2231; x_wconf 87' lang='lat' dir='ltr'><strong>tamen</strong></span> <span class='ocrx_word' id='word_1_349' title='bbox 3373 2192 3499 2231; x_wconf 87' lang='lat' dir='ltr'><strong>eum</strong></span> <span class='ocrx_word' id='word_1_350' title='bbox 3536 2175 3632 2244; x_wconf 79' lang='lat' dir='ltr'><strong>qui</strong></span> 
     </span>
    </p>
   </div>
   <div class='ocr_carea' id='block_1_54' title="bbox 2045 2267 3632 2340">
    <p class='ocr_par' dir='ltr' id='par_1_54' title="bbox 2045 2267 3632 2340">
     <span class='ocr_line' id='line_1_54' title="bbox 2045 2267 3632 2340; baseline -0.005 -14"><span class='ocrx_word' id='word_1_351' title='bbox 2045 2273 2252 2327; x_wconf 85' lang='lat' dir='ltr'><strong>virtute</strong></span> <span class='ocrx_word' id='word_1_352' title='bbox 2300 2270 2502 2340; x_wconf 78' lang='lat' dir='ltr'><strong>fulgeat</strong></span> <span class='ocrx_word' id='word_1_353' title='bbox 2565 2271 2745 2339; x_wconf 89' lang='lat' dir='ltr'><strong>sitque</strong></span> <span class='ocrx_word' id='word_1_354' title='bbox 2798 2269 3100 2332; x_wconf 87' lang='lat' dir='ltr'><strong>studiosus,</strong></span> <span class='ocrx_word' id='word_1_355' title='bbox 3152 2277 3413 2338; x_wconf 86' lang='lat' dir='ltr'><strong>tanquam</strong></span> <span class='ocrx_word' id='word_1_356' title='bbox 3467 2267 3632 2321; x_wconf 81' lang='lat' dir='ltr'><strong>etiam</strong></span> 
     </span>
    </p>
   </div>
   <div class='ocr_carea' id='block_1_55' title="bbox 2049 2358 3634 2429">
    <p class='ocr_par' dir='ltr' id='par_1_55' title="bbox 2049 2358 3634 2429">
     <span class='ocr_line' id='line_1_55' title="bbox 2049 2358 3634 2429; baseline -0.005 -10"><span class='ocrx_word' id='word_1_357' title='bbox 2049 2364 2216 2420; x_wconf 87' lang='lat' dir='ltr'><strong>animi</strong></span> <span class='ocrx_word' id='word_1_358' title='bbox 2270 2364 2553 2419; x_wconf 82' lang='lat' dir='ltr'><strong>voluntate</strong></span> <span class='ocrx_word' id='word_1_359' title='bbox 2606 2362 2985 2418; x_wconf 89' lang='lat' dir='ltr'><strong>necessarium</strong></span> <span class='ocrx_word' id='word_1_360' title='bbox 3033 2360 3325 2425; x_wconf 86' lang='lat' dir='ltr'><strong>clarificat;</strong></span> <span class='ocrx_word' id='word_1_361' title='bbox 3399 2358 3634 2429; x_wconf 85' lang='lat' dir='ltr'><strong>improbi</strong></span> 
     </span>
    </p>
   </div>
   <div class='ocr_carea' id='block_1_56' title="bbox 2049 2450 3636 2524">
    <p class='ocr_par' dir='ltr' id='par_1_56' title="bbox 2049 2450 3636 2524">
     <span class='ocr_line' id='line_1_56' title="bbox 2049 2450 3636 2524; baseline -0.003 -15"><span class='ocrx_word' id='word_1_362' title='bbox 2049 2466 2231 2509; x_wconf 89' lang='lat' dir='ltr'><strong>autem</strong></span> <span class='ocrx_word' id='word_1_363' title='bbox 2265 2471 2374 2524; x_wconf 68' lang='lat' dir='ltr'><strong>prae</strong></span> <span class='ocrx_word' id='word_1_364' title='bbox 2405 2454 2648 2509; x_wconf 88' lang='lat' dir='ltr'><strong>bonitate</strong></span> <span class='ocrx_word' id='word_1_365' title='bbox 2683 2453 2998 2516; x_wconf 88' lang='lat' dir='ltr'><strong>miseretur,</strong></span> <span class='ocrx_word' id='word_1_366' title='bbox 3035 2467 3100 2506; x_wconf 90' lang='lat' dir='ltr'><strong>ac</strong></span> <span class='ocrx_word' id='word_1_367' title='bbox 3128 2451 3400 2521; x_wconf 82' lang='lat' dir='ltr'><strong>castigans</strong></span> <span class='ocrx_word' id='word_1_368' title='bbox 3441 2452 3495 2502; x_wconf 82' lang='lat' dir='ltr'><strong>in</strong></span> <span class='ocrx_word' id='word_1_369' title='bbox 3531 2450 3636 2504; x_wconf 87' lang='lat' dir='ltr'><strong>hoc</strong></span> 
     </span>
    </p>
   </div>
   <div class='ocr_carea' id='block_1_57' title="bbox 2051 2541 3638 2614">
    <p class='ocr_par' dir='ltr' id='par_1_57' title="bbox 2051 2541 3638 2614">
     <span class='ocr_line' id='line_1_57' title="bbox 2051 2541 3638 2614; baseline -0.004 -13"><span class='ocrx_word' id='word_1_370' title='bbox 2051 2547 2272 2609; x_wconf 74' lang='lat' dir='ltr'><strong>sacculo,</strong></span> <span class='ocrx_word' id='word_1_371' title='bbox 2300 2547 2574 2600; x_wconf 86' lang='lat' dir='ltr'><strong>convertit</strong></span> <span class='ocrx_word' id='word_1_372' title='bbox 2607 2564 2619 2599; x_wconf 92' lang='lat'><strong>:</strong></span> <span class='ocrx_word' id='word_1_373' title='bbox 2663 2545 2742 2600; x_wconf 86' lang='lat' dir='ltr'><strong>sic</strong></span> <span class='ocrx_word' id='word_1_374' title='bbox 2779 2554 2835 2599; x_wconf 90' lang='lat' dir='ltr'><strong>et</strong></span> <span class='ocrx_word' id='word_1_375' title='bbox 2869 2545 2963 2614; x_wconf 89' lang='lat' dir='ltr'><strong>qui</strong></span> <span class='ocrx_word' id='word_1_376' title='bbox 2997 2544 3114 2614; x_wconf 88' lang='lat' dir='ltr'><strong>ipse</strong></span> <span class='ocrx_word' id='word_1_377' title='bbox 3158 2543 3327 2598; x_wconf 91' lang='lat' dir='ltr'><strong>animi</strong></span> <span class='ocrx_word' id='word_1_378' title='bbox 3363 2541 3638 2598; x_wconf 80' lang='lat' dir='ltr'><strong>sententia</strong></span> 
     </span>
    </p>
   </div>
   <div class='ocr_carea' id='block_1_58' title="bbox 2049 2631 3640 2706">
    <p class='ocr_par' dir='ltr' id='par_1_58' title="bbox 2049 2631 3640 2706">
     <span class='ocr_line' id='line_1_58' title="bbox 2049 2631 3640 2706; baseline -0.004 -15"><span class='ocrx_word' id='word_1_379' title='bbox 2049 2637 2135 2691; x_wconf 86' lang='lat' dir='ltr'><strong>vir</strong></span> <span class='ocrx_word' id='word_1_380' title='bbox 2179 2635 2404 2705; x_wconf 89' lang='lat' dir='ltr'><strong>probus,</strong></span> <span class='ocrx_word' id='word_1_381' title='bbox 2452 2637 2712 2706; x_wconf 86' lang='lat' dir='ltr'><strong>vitiisque</strong></span> <span class='ocrx_word' id='word_1_382' title='bbox 2743 2651 2807 2691; x_wconf 89' lang='lat' dir='ltr'><strong>ac</strong></span> <span class='ocrx_word' id='word_1_383' title='bbox 2855 2635 3146 2691; x_wconf 78' lang='lat' dir='ltr'><strong>aﬂectibus</strong></span> <span class='ocrx_word' id='word_1_384' title='bbox 3183 2633 3440 2704; x_wconf 74' lang='lat' dir='ltr'><strong>superior</strong></span> <span class='ocrx_word' id='word_1_385' title='bbox 3471 2631 3640 2688; x_wconf 73' lang='lat' dir='ltr'><strong>exsti-</strong></span> 
     </span>
    </p>
   </div>
   <div class='ocr_carea' id='block_1_59' title="bbox 2050 2725 3639 2796">
    <p class='ocr_par' dir='ltr' id='par_1_59' title="bbox 2050 2725 3639 2796">
     <span class='ocr_line' id='line_1_59' title="bbox 2050 2725 3639 2796; baseline -0.003 -15"><span class='ocrx_word' id='word_1_386' title='bbox 2050 2727 2138 2792; x_wconf 89' lang='lat' dir='ltr'><strong>tit,</strong></span> <span class='ocrx_word' id='word_1_387' title='bbox 2178 2727 2439 2781; x_wconf 81' lang='lat' dir='ltr'><strong>mortales</strong></span> <span class='ocrx_word' id='word_1_388' title='bbox 2468 2742 2662 2782; x_wconf 87' lang='lat' dir='ltr'><strong>omnes</strong></span> <span class='ocrx_word' id='word_1_389' title='bbox 2713 2743 2779 2782; x_wconf 83' lang='lat' dir='ltr'><strong>ex</strong></span> <span class='ocrx_word' id='word_1_390' title='bbox 2811 2741 2971 2796; x_wconf 61' lang='lat' dir='ltr'><strong>aequo</strong></span> <span class='ocrx_word' id='word_1_391' title='bbox 3021 2725 3227 2796; x_wconf 80' lang='lat' dir='ltr'><strong>diligit;</strong></span> <span class='ocrx_word' id='word_1_392' title='bbox 3285 2740 3412 2779; x_wconf 88' lang='lat' dir='ltr'><strong>eum</strong></span> <span class='ocrx_word' id='word_1_393' title='bbox 3456 2733 3639 2778; x_wconf 88' lang='lat' dir='ltr'><strong>tamen</strong></span> 
     </span>
    </p>
   </div>
   <div class='ocr_carea' id='block_1_60' title="bbox 2051 2817 3638 2888">
    <p class='ocr_par' dir='ltr' id='par_1_60' title="bbox 2051 2817 3638 2888">
     <span class='ocr_line' id='line_1_60' title="bbox 2051 2817 3638 2888; baseline -0.001 -17"><span class='ocrx_word' id='word_1_394' title='bbox 2051 2818 2144 2888; x_wconf 92' lang='lat' dir='ltr'><strong>qui</strong></span> <span class='ocrx_word' id='word_1_395' title='bbox 2172 2817 2242 2871; x_wconf 89' lang='lat' dir='ltr'><strong>sit</strong></span> <span class='ocrx_word' id='word_1_396' title='bbox 2289 2817 2593 2881; x_wconf 89' lang='lat' dir='ltr'><strong>studiosus,</strong></span> <span class='ocrx_word' id='word_1_397' title='bbox 2628 2827 2742 2872; x_wconf 91' lang='lat' dir='ltr'><strong>tum</strong></span> <span class='ocrx_word' id='word_1_398' title='bbox 2777 2827 3002 2887; x_wconf 87' lang='lat' dir='ltr'><strong>propter</strong></span> <span class='ocrx_word' id='word_1_399' title='bbox 3039 2827 3315 2880; x_wconf 89' lang='lat' dir='ltr'><strong>naturam,</strong></span> <span class='ocrx_word' id='word_1_400' title='bbox 3359 2826 3470 2870; x_wconf 88' lang='lat' dir='ltr'><strong>tum</strong></span> <span class='ocrx_word' id='word_1_401' title='bbox 3508 2831 3638 2885; x_wconf 87' lang='lat' dir='ltr'><strong>pro-</strong></span> 
     </span>
    </p>
   </div>
   <div class='ocr_carea' id='block_1_61' title="bbox 2052 2907 3636 2978">
    <p class='ocr_par' dir='ltr' id='par_1_61' title="bbox 2052 2907 3636 2978">
     <span class='ocr_line' id='line_1_61' title="bbox 2052 2907 3636 2978; baseline -0.001 -17"><span class='ocrx_word' id='word_1_402' title='bbox 2052 2916 2136 2961; x_wconf 92' lang='lat' dir='ltr'><strong>ter</strong></span> <span class='ocrx_word' id='word_1_403' title='bbox 2173 2907 2372 2961; x_wconf 88' lang='lat' dir='ltr'><strong>bonam</strong></span> <span class='ocrx_word' id='word_1_404' title='bbox 2404 2909 2779 2975; x_wconf 88' lang='lat' dir='ltr'><strong>voluntatem;</strong></span> <span class='ocrx_word' id='word_1_405' title='bbox 2825 2925 2952 2964; x_wconf 88' lang='lat' dir='ltr'><strong>eum</strong></span> <span class='ocrx_word' id='word_1_406' title='bbox 2982 2918 3164 2964; x_wconf 89' lang='lat' dir='ltr'><strong>autem</strong></span> <span class='ocrx_word' id='word_1_407' title='bbox 3191 2908 3285 2978; x_wconf 87' lang='lat' dir='ltr'><strong>qui</strong></span> <span class='ocrx_word' id='word_1_408' title='bbox 3319 2909 3392 2963; x_wconf 84' lang='lat' dir='ltr'><strong>sit</strong></span> <span class='ocrx_word' id='word_1_409' title='bbox 3438 2909 3636 2972; x_wconf 85' lang='lat' dir='ltr'><strong>malus,</strong></span> 
     </span>
    </p>
   </div>
   <div class='ocr_carea' id='block_1_62' title="bbox 374 2996 3683 3072">
    <p class='ocr_par' dir='ltr' id='par_1_62' title="bbox 374 2996 3683 3072">
     <span class='ocr_line' id='line_1_62' title="bbox 374 2996 3683 3072; baseline -0.001 -16"><span class='ocrx_word' id='word_1_410' title='bbox 374 3009 430 3056; x_wconf 90' lang='lat' dir='ltr'><strong>et</strong></span> <span class='ocrx_word' id='word_1_411' title='bbox 459 3010 685 3071; x_wconf 89' lang='lat' dir='ltr'><strong>propter</strong></span> <span class='ocrx_word' id='word_1_412' title='bbox 717 3008 991 3066; x_wconf 88' lang='lat' dir='ltr'><strong>naturam,</strong></span> <span class='ocrx_word' id='word_1_413' title='bbox 1021 3009 1076 3056; x_wconf 88' lang='lat' dir='ltr'><strong>et</strong></span> <span class='ocrx_word' id='word_1_414' title='bbox 1100 3016 1212 3070; x_wconf 92' lang='lat' dir='ltr'><strong>quo</strong></span> <span class='ocrx_word' id='word_1_415' title='bbox 1277 2999 1356 3055; x_wconf 88' lang='lat' dir='ltr'><strong>illi</strong></span> <span class='ocrx_word' id='word_1_416' title='bbox 1391 2997 1762 3072; x_wconf 84' lang='lat' dir='ltr'><strong>miserationis</strong></span> <span class='ocrx_word' id='word_1_417' title='bbox 1825 2996 2023 3052; x_wconf 78' lang='lat' dir='ltr'><strong>affectu</strong></span> <span class='ocrx_word' id='word_1_418' title='bbox 2059 2999 2428 3070; x_wconf 89' lang='lat' dir='ltr'><strong>impenditur;</strong></span> <span class='ocrx_word' id='word_1_419' title='bbox 2475 3001 2624 3054; x_wconf 88' lang='lat' dir='ltr'><strong>illius</strong></span> <span class='ocrx_word' id='word_1_420' title='bbox 2666 3002 3035 3055; x_wconf 87' lang='lat' dir='ltr'><strong>miscresccns</strong></span> <span class='ocrx_word' id='word_1_421' title='bbox 3082 3000 3238 3070; x_wconf 90' lang='lat' dir='ltr'><strong>quasi</strong></span> <span class='ocrx_word' id='word_1_422' title='bbox 3274 2999 3526 3063; x_wconf 83' lang='lat' dir='ltr'><strong>amentis,</strong></span> <span class='ocrx_word' id='word_1_423' title='bbox 3581 3007 3641 3052; x_wconf 84' lang='lat' dir='ltr'><strong>et</strong></span> <span class='ocrx_word' id='word_1_424' title='bbox 3673 3024 3683 3036; x_wconf 91' lang='lat'><strong><em>-</em></strong></span> 
     </span>
    </p>
   </div>
   <div class='ocr_carea' id='block_1_63' title="bbox 374 3092 1144 3164">
    <p class='ocr_par' dir='ltr' id='par_1_63' title="bbox 374 3092 1144 3164">
     <span class='ocr_line' id='line_1_63' title="bbox 374 3092 1144 3164; baseline -0.001 -17"><span class='ocrx_word' id='word_1_425' title='bbox 374 3093 467 3164; x_wconf 89' lang='lat' dir='ltr'><strong>qui</strong></span> <span class='ocrx_word' id='word_1_426' title='bbox 499 3093 745 3149; x_wconf 86' lang='lat' dir='ltr'><strong>ambulet</strong></span> <span class='ocrx_word' id='word_1_427' title='bbox 781 3094 836 3148; x_wconf 91' lang='lat' dir='ltr'><strong>in</strong></span> <span class='ocrx_word' id='word_1_428' title='bbox 882 3092 1144 3148; x_wconf 89' lang='lat' dir='ltr'><strong>tenebris.</strong></span> 
     </span>
    </p>
   </div>
   <div class='ocr_carea' id='block_1_64' title="bbox 447 3176 1949 3256">
    <p class='ocr_par' dir='ltr' id='par_1_64' title="bbox 447 3179 1944 3256">
     <span class='ocr_line' id='line_1_64' title="bbox 447 3179 1944 3256; baseline -0.006 -15"><span class='ocrx_word' id='word_1_429' title='bbox 447 3193 561 3252; x_wconf 67' lang='grc' dir='ltr'>κζ’.</span> <span class='ocrx_word' id='word_1_430' title='bbox 604 3186 680 3240; x_wconf 84' lang='grc' dir='ltr'>Ού</span> <span class='ocrx_word' id='word_1_431' title='bbox 713 3186 871 3256; x_wconf 81' lang='grc' dir='ltr'>μόνον</span> <span class='ocrx_word' id='word_1_432' title='bbox 914 3184 1004 3238; x_wconf 91' lang='grc' dir='ltr'><strong>διά</strong></span> <span class='ocrx_word' id='word_1_433' title='bbox 1045 3182 1386 3255; x_wconf 81' lang='grc' dir='ltr'>μεταδόσεως</span> <span class='ocrx_word' id='word_1_434' title='bbox 1420 3181 1720 3254; x_wconf 87' lang='grc' dir='ltr'>χρημάτων</span> <span class='ocrx_word' id='word_1_435' title='bbox 1757 3182 1790 3250; x_wconf 86' lang='grc' dir='ltr'><strong>ή</strong></span> <span class='ocrx_word' id='word_1_436' title='bbox 1829 3179 1944 3233; x_wconf 83' lang='grc' dir='ltr'>διά-</span> 
     </span>
    </p>
   </div>
   <div class='ocr_carea' id='block_1_65' title="bbox 2051 3176 3639 3256">
    <p class='ocr_par' dir='ltr' id='par_1_65' title="bbox 2119 3176 3639 3250">
     <span class='ocr_line' id='line_1_65' title="bbox 2119 3176 3639 3250; baseline 0.003 -21"><span class='ocrx_word' id='word_1_437' title='bbox 2119 3176 2208 3231; x_wconf 76' lang='grc'><strong>26.</strong></span> <span class='ocrx_word' id='word_1_438' title='bbox 2243 3177 2362 3232; x_wconf 87' lang='lat' dir='ltr'><strong>Non</strong></span> <span class='ocrx_word' id='word_1_439' title='bbox 2407 3177 2584 3231; x_wconf 91' lang='lat' dir='ltr'><strong>solum</strong></span> <span class='ocrx_word' id='word_1_440' title='bbox 2631 3179 2988 3246; x_wconf 88' lang='lat' dir='ltr'><strong>pecuniarum</strong></span> <span class='ocrx_word' id='word_1_441' title='bbox 3025 3178 3348 3250; x_wconf 87' lang='lat' dir='ltr'><strong>elargitione</strong></span> <span class='ocrx_word' id='word_1_442' title='bbox 3384 3178 3639 3248; x_wconf 88' lang='lat' dir='ltr'><strong>proditur</strong></span> 
     </span>
    </p>
   </div>
   <div class='ocr_carea' id='block_1_66' title="bbox 377 3271 1950 3348">
    <p class='ocr_par' dir='ltr' id='par_1_66' title="bbox 377 3271 1950 3348">
     <span class='ocr_line' id='line_1_66' title="bbox 377 3271 1950 3348; baseline -0.005 -16"><span class='ocrx_word' id='word_1_443' title='bbox 377 3279 525 3343; x_wconf 87' lang='grc' dir='ltr'>θεσις</span> <span class='ocrx_word' id='word_1_444' title='bbox 564 3279 662 3348; x_wconf 85' lang='grc' dir='ltr'>τῆς</span> <span class='ocrx_word' id='word_1_445' title='bbox 697 3277 919 3345; x_wconf 79' lang='grc' dir='ltr'>ἀγάπης</span> <span class='ocrx_word' id='word_1_446' title='bbox 959 3273 1306 3346; x_wconf 68' lang='grc' dir='ltr'>γνωρίζεται,</span> <span class='ocrx_word' id='word_1_447' title='bbox 1339 3274 1478 3328; x_wconf 89' lang='grc' dir='ltr'><strong>ἀλλά</strong></span> <span class='ocrx_word' id='word_1_448' title='bbox 1516 3271 1697 3343; x_wconf 83' lang='grc' dir='ltr'>πολλῷ</span> <span class='ocrx_word' id='word_1_449' title='bbox 1748 3272 1950 3342; x_wconf 82' lang='grc' dir='ltr'>μᾶλλον</span> 
     </span>
    </p>
   </div>
   <div class='ocr_carea' id='block_1_67' title="bbox 377 3363 1952 3438">
    <p class='ocr_par' dir='ltr' id='par_1_67' title="bbox 377 3363 1952 3438">
     <span class='ocr_line' id='line_1_67' title="bbox 377 3363 1952 3438; baseline -0.004 -16"><span class='ocrx_word' id='word_1_450' title='bbox 377 3369 462 3422; x_wconf 85' lang='grc' dir='ltr'><strong>διὰ</strong></span> <span class='ocrx_word' id='word_1_451' title='bbox 491 3367 830 3438; x_wconf 75' lang='grc' dir='ltr'>μεταδόσεως</span> <span class='ocrx_word' id='word_1_452' title='bbox 883 3365 1040 3436; x_wconf 84' lang='grc' dir='ltr'>λόγου</span> <span class='ocrx_word' id='word_1_453' title='bbox 1075 3365 1212 3421; x_wconf 84' lang='grc' dir='ltr'>Θεοῦ</span> <span class='ocrx_word' id='word_1_454' title='bbox 1261 3366 1352 3420; x_wconf 79' lang='grc' dir='ltr'><strong>καὶ</strong></span> <span class='ocrx_word' id='word_1_455' title='bbox 1397 3365 1718 3436; x_wconf 78' lang='grc' dir='ltr'>σωματικῆς</span> <span class='ocrx_word' id='word_1_456' title='bbox 1765 3363 1952 3416; x_wconf 89' lang='grc' dir='ltr'>διακο-</span> 
     </span>
    </p>
   </div>
   <div class='ocr_carea' id='block_1_68' title="bbox 377 3476 516 3522">
    <p class='ocr_par' dir='ltr' id='par_1_68' title="bbox 377 3476 516 3522">
     <span class='ocr_line' id='line_1_68' title="bbox 377 3476 516 3522; baseline 0.007 -12"><span class='ocrx_word' id='word_1_457' title='bbox 377 3476 516 3522; x_wconf 89' lang='grc' dir='ltr'>νιας.</span> 
     </span>
    </p>
   </div>
   <div class='ocr_carea' id='block_1_69' title="bbox 451 3547 1953 3621">
    <p class='ocr_par' dir='ltr' id='par_1_69' title="bbox 451 3547 1953 3621">
     <span class='ocr_line' id='line_1_69' title="bbox 451 3547 1953 3621; baseline -0.002 -17"><span class='ocrx_word' id='word_1_458' title='bbox 451 3553 556 3616; x_wconf 79' lang='grc' dir='ltr'>κζ’.</span> <span class='ocrx_word' id='word_1_459' title='bbox 609 3551 668 3604; x_wconf 86' lang='lat' dir='ltr'><strong>&#39;U</strong></span> <span class='ocrx_word' id='word_1_460' title='bbox 696 3553 806 3615; x_wconf 89' lang='grc' dir='ltr'>τοῖς</span> <span class='ocrx_word' id='word_1_461' title='bbox 836 3550 930 3604; x_wconf 81' lang='grc' dir='ltr'>τοῦ</span> <span class='ocrx_word' id='word_1_462' title='bbox 977 3549 1186 3620; x_wconf 87' lang='grc' dir='ltr'>κόσμου</span> <span class='ocrx_word' id='word_1_463' title='bbox 1235 3549 1523 3620; x_wconf 80' lang='grc' dir='ltr'>πράγμασι</span> <span class='ocrx_word' id='word_1_464' title='bbox 1555 3547 1704 3621; x_wconf 86' lang='lat' dir='ltr'><strong>[edit.</strong></span> <span class='ocrx_word' id='word_1_465' title='bbox 1735 3556 1785 3602; x_wconf 88' lang='lat' dir='ltr'><strong>et</strong></span> <span class='ocrx_word' id='word_1_466' title='bbox 1816 3563 1953 3602; x_wconf 81' lang='lat' dir='ltr'><strong>unus</strong></span> 
     </span>
    </p>
   </div>
   <div class='ocr_carea' id='block_1_70' title="bbox 379 3640 1955 3714">
    <p class='ocr_par' dir='ltr' id='par_1_70' title="bbox 379 3640 1955 3714">
     <span class='ocr_line' id='line_1_70' title="bbox 379 3640 1955 3714; baseline -0.002 -18"><span class='ocrx_word' id='word_1_467' title='bbox 379 3641 510 3714; x_wconf 83' lang='lat' dir='ltr'><strong>Reg.</strong></span> <span class='ocrx_word' id='word_1_468' title='bbox 538 3643 647 3696; x_wconf 88' lang='grc' dir='ltr'><strong>τῶν</strong></span> <span class='ocrx_word' id='word_1_469' title='bbox 685 3640 1049 3713; x_wconf 78' lang='grc' dir='ltr'>πραγμάτων]</span> <span class='ocrx_word' id='word_1_470' title='bbox 1107 3640 1347 3711; x_wconf 86' lang='grc' dir='ltr'>γνησίως</span> <span class='ocrx_word' id='word_1_471' title='bbox 1389 3640 1826 3711; x_wconf 81' lang='grc' dir='ltr'>ἀποταξάμενος,</span> <span class='ocrx_word' id='word_1_472' title='bbox 1860 3641 1955 3693; x_wconf 77' lang='grc' dir='ltr'><strong>καὶ</strong></span> 
     </span>
    </p>
   </div>
   <div class='ocr_carea' id='block_1_71' title="bbox 378 3730 1950 3804">
    <p class='ocr_par' dir='ltr' id='par_1_71' title="bbox 378 3730 1950 3804">
     <span class='ocr_line' id='line_1_71' title="bbox 378 3730 1950 3804; baseline -0.003 -18"><span class='ocrx_word' id='word_1_473' title='bbox 378 3731 456 3804; x_wconf 83' lang='grc' dir='ltr'>τῷ</span> <span class='ocrx_word' id='word_1_474' title='bbox 482 3731 708 3803; x_wconf 87' lang='grc' dir='ltr'>πλησίον</span> <span class='ocrx_word' id='word_1_475' title='bbox 739 3732 829 3786; x_wconf 78' lang='grc' dir='ltr'>διὰ</span> <span class='ocrx_word' id='word_1_476' title='bbox 860 3731 962 3802; x_wconf 80' lang='grc' dir='ltr'>τῆς</span> <span class='ocrx_word' id='word_1_477' title='bbox 994 3731 1216 3800; x_wconf 83' lang='grc' dir='ltr'>ἀγάπης</span> <span class='ocrx_word' id='word_1_478' title='bbox 1256 3731 1640 3802; x_wconf 90' lang='grc' dir='ltr'>ἀνυποκρίτως</span> <span class='ocrx_word' id='word_1_479' title='bbox 1663 3730 1950 3796; x_wconf 86' lang='grc' dir='ltr'>δουλεύων,</span> 
     </span>
    </p>
   </div>
   <div class='ocr_carea' id='block_1_72' title="bbox 380 3821 1956 3894">
    <p class='ocr_par' dir='ltr' id='par_1_72' title="bbox 380 3821 1956 3894">
     <span class='ocr_line' id='line_1_72' title="bbox 380 3821 1956 3894; baseline 0 -18"><span class='ocrx_word' id='word_1_480' title='bbox 380 3825 584 3888; x_wconf 76' lang='grc' dir='ltr'>παντὸς</span> <span class='ocrx_word' id='word_1_481' title='bbox 629 3825 836 3888; x_wconf 87' lang='grc' dir='ltr'>πάθους</span> <span class='ocrx_word' id='word_1_482' title='bbox 861 3824 1072 3893; x_wconf 80' lang='grc' dir='ltr'>ταχέως</span> <span class='ocrx_word' id='word_1_483' title='bbox 1102 3821 1506 3894; x_wconf 75' lang='grc' dir='ltr'>ἐλευθεροῦται,</span> <span class='ocrx_word' id='word_1_484' title='bbox 1544 3822 1640 3876; x_wconf 77' lang='grc' dir='ltr'>καὶ</span> <span class='ocrx_word' id='word_1_485' title='bbox 1669 3821 1772 3892; x_wconf 89' lang='grc' dir='ltr'>τῆς</span> <span class='ocrx_word' id='word_1_486' title='bbox 1804 3821 1956 3888; x_wconf 85' lang='grc' dir='ltr'>θείας</span> 
     </span>
    </p>
   </div>
   <div class='ocr_carea' id='block_1_73' title="bbox 378 3915 1637 3989">
    <p class='ocr_par' dir='ltr' id='par_1_73' title="bbox 378 3915 1637 3989">
     <span class='ocr_line' id='line_1_73' title="bbox 378 3915 1637 3989; baseline -0.002 -17"><span class='ocrx_word' id='word_1_487' title='bbox 378 3917 600 3989; x_wconf 83' lang='grc' dir='ltr'>ἀγάπης</span> <span class='ocrx_word' id='word_1_488' title='bbox 625 3917 717 3970; x_wconf 73' lang='grc' dir='ltr'><strong>καὶ</strong></span> <span class='ocrx_word' id='word_1_489' title='bbox 747 3917 1001 3984; x_wconf 82' lang='grc' dir='ltr'>γνώσεως</span> <span class='ocrx_word' id='word_1_490' title='bbox 1042 3916 1266 3987; x_wconf 87' lang='grc' dir='ltr'>μέτοχος</span> <span class='ocrx_word' id='word_1_491' title='bbox 1295 3915 1637 3970; x_wconf 85' lang='grc' dir='ltr'>καθίσταται.</span> 
     </span>
    </p>
   </div>
   <div class='ocr_carea' id='block_1_74' title="bbox 449 4005 1954 4081">
    <p class='ocr_par' dir='ltr' id='par_1_74' title="bbox 449 4005 1954 4081">
     <span class='ocr_line' id='line_1_74' title="bbox 449 4005 1954 4081; baseline -0.002 -18"><span class='ocrx_word' id='word_1_492' title='bbox 449 4017 558 4081; x_wconf 90' lang='grc' dir='ltr'>κη’.</span> <span class='ocrx_word' id='word_1_493' title='bbox 613 4011 674 4062; x_wconf 84' lang='grc' dir='ltr'><strong>ὐ</strong></span> <span class='ocrx_word' id='word_1_494' title='bbox 709 4010 809 4081; x_wconf 75' lang='grc' dir='ltr'>τὴν</span> <span class='ocrx_word' id='word_1_495' title='bbox 839 4009 990 4064; x_wconf 85' lang='grc' dir='ltr'>θείαν</span> <span class='ocrx_word' id='word_1_496' title='bbox 1025 4009 1246 4080; x_wconf 86' lang='grc' dir='ltr'>ἀγάπην</span> <span class='ocrx_word' id='word_1_497' title='bbox 1284 4009 1343 4061; x_wconf 84' lang='grc' dir='ltr'>ἐν</span> <span class='ocrx_word' id='word_1_498' title='bbox 1386 4006 1562 4078; x_wconf 78' lang='grc' dir='ltr'>ἑαυτῷ</span> <span class='ocrx_word' id='word_1_499' title='bbox 1587 4005 1954 4077; x_wconf 83' lang='grc' dir='ltr'>κτησάμενος,</span> 
     </span>
    </p>
   </div>
   <div class='ocr_carea' id='block_1_75' title="bbox 379 4094 1956 4172">
    <p class='ocr_par' dir='ltr' id='par_1_75' title="bbox 379 4094 1956 4172">
     <span class='ocr_line' id='line_1_75' title="bbox 379 4094 1956 4172; baseline -0.004 -17"><span class='ocrx_word' id='word_1_500' title='bbox 379 4101 624 4172; x_wconf 40' lang='grc' dir='ltr'>ούικοπιᾷ</span> <span class='ocrx_word' id='word_1_501' title='bbox 654 4101 1056 4155; x_wconf 87' lang='grc' dir='ltr'>κατοκολουθῶν</span> <span class='ocrx_word' id='word_1_502' title='bbox 1081 4099 1254 4152; x_wconf 81' lang='grc' dir='ltr'>ὀπίσω</span> <span class='ocrx_word' id='word_1_503' title='bbox 1271 4099 1474 4168; x_wconf 88' lang='grc' dir='ltr'>Κυρίου</span> <span class='ocrx_word' id='word_1_504' title='bbox 1497 4097 1592 4151; x_wconf 86' lang='grc' dir='ltr'><strong>τοῦ</strong></span> <span class='ocrx_word' id='word_1_505' title='bbox 1616 4095 1752 4150; x_wconf 86' lang='grc' dir='ltr'><strong>Θεοῦ</strong></span> <span class='ocrx_word' id='word_1_506' title='bbox 1768 4094 1956 4161; x_wconf 83' lang='grc' dir='ltr'>αὑτοῦ,</span> 
     </span>
    </p>
   </div>
   <div class='ocr_carea' id='block_1_76' title="bbox 385 4186 1956 4261">
    <p class='ocr_par' dir='ltr' id='par_1_76' title="bbox 385 4186 1956 4261">
     <span class='ocr_line' id='line_1_76' title="bbox 385 4186 1956 4261; baseline -0.004 -15"><span class='ocrx_word' id='word_1_507' title='bbox 385 4193 531 4247; x_wconf 85' lang='grc' dir='ltr'>κατὰ</span> <span class='ocrx_word' id='word_1_508' title='bbox 586 4193 678 4247; x_wconf 82' lang='grc' dir='ltr'><strong>τὸν</strong></span> <span class='ocrx_word' id='word_1_509' title='bbox 726 4191 870 4245; x_wconf 88' lang='grc' dir='ltr'>θεῖον</span> <span class='ocrx_word' id='word_1_510' title='bbox 904 4190 1175 4261; x_wconf 86' lang='grc' dir='ltr'>Ἰερεμίαν</span> <span class='ocrx_word' id='word_1_511' title='bbox 1202 4189 1300 4259; x_wconf 65' lang='grc' dir='ltr'><strong>(θ’</strong></span> <span class='ocrx_word' id='word_1_512' title='bbox 1369 4188 1508 4242; x_wconf 87' lang='grc' dir='ltr'><strong>ἀλλά</strong></span> <span class='ocrx_word' id='word_1_513' title='bbox 1566 4187 1744 4241; x_wconf 87' lang='grc' dir='ltr'>πάντα</span> <span class='ocrx_word' id='word_1_514' title='bbox 1792 4186 1956 4241; x_wconf 86' lang='grc' dir='ltr'>πόνον</span> 
     </span>
    </p>
   </div>
   <div class='ocr_carea' id='block_1_77' title="bbox 381 4276 1957 4353">
    <p class='ocr_par' dir='ltr' id='par_1_77' title="bbox 381 4276 1957 4353">
     <span class='ocr_line' id='line_1_77' title="bbox 381 4276 1957 4353; baseline -0.003 -18"><span class='ocrx_word' id='word_1_515' title='bbox 381 4283 682 4353; x_wconf 80' lang='grc' dir='ltr'>όνειδισμόν</span> <span class='ocrx_word' id='word_1_516' title='bbox 718 4301 778 4337; x_wconf 92' lang='grc' dir='ltr'><strong>τε</strong></span> <span class='ocrx_word' id='word_1_517' title='bbox 813 4284 907 4337; x_wconf 77' lang='grc' dir='ltr'><strong>καὶ</strong></span> <span class='ocrx_word' id='word_1_518' title='bbox 941 4281 1099 4352; x_wconf 79' lang='grc' dir='ltr'>φέρει</span> <span class='ocrx_word' id='word_1_519' title='bbox 1139 4280 1297 4352; x_wconf 78' lang='grc' dir='ltr'>ὓϐριν</span> <span class='ocrx_word' id='word_1_520' title='bbox 1332 4279 1619 4348; x_wconf 88' lang='grc' dir='ltr'>γενναίως,</span> <span class='ocrx_word' id='word_1_521' title='bbox 1648 4277 1840 4350; x_wconf 77' lang='grc' dir='ltr'>μηδενὶ</span> <span class='ocrx_word' id='word_1_522' title='bbox 1895 4276 1957 4330; x_wconf 82' lang='grc' dir='ltr'>τὸ</span> 
     </span>
    </p>
   </div>
   <div class='ocr_carea' id='block_1_78' title="bbox 382 4374 1189 4442">
    <p class='ocr_par' dir='ltr' id='par_1_78' title="bbox 382 4374 1189 4442">
     <span class='ocr_line' id='line_1_78' title="bbox 382 4374 1189 4442; baseline -0.005 -15"><span class='ocrx_word' id='word_1_523' title='bbox 382 4374 599 4428; x_wconf 88' lang='grc' dir='ltr'>σύνολον</span> <span class='ocrx_word' id='word_1_524' title='bbox 627 4375 796 4429; x_wconf 81' lang='grc' dir='ltr'>κακὸν</span> <span class='ocrx_word' id='word_1_525' title='bbox 820 4374 1189 4442; x_wconf 76' lang='grc' dir='ltr'>λογιζόμενος.</span> 
     </span>
    </p>
   </div>
   <div class='ocr_carea' id='block_1_79' title="bbox 451 4459 1957 4535">
    <p class='ocr_par' dir='ltr' id='par_1_79' title="bbox 451 4459 1957 4535">
     <span class='ocr_line' id='line_1_79' title="bbox 451 4459 1957 4535; baseline -0.005 -15"><span class='ocrx_word' id='word_1_526' title='bbox 451 4466 555 4522; x_wconf 89' lang='grc' dir='ltr'>κθ’.</span> <span class='ocrx_word' id='word_1_527' title='bbox 596 4468 764 4521; x_wconf 86' lang='grc' dir='ltr'>Ὅταν</span> <span class='ocrx_word' id='word_1_528' title='bbox 797 4464 1062 4535; x_wconf 75' lang='grc' dir='ltr'>ὑϐρισθῇς</span> <span class='ocrx_word' id='word_1_529' title='bbox 1099 4463 1253 4533; x_wconf 89' lang='grc' dir='ltr'>παρά</span> <span class='ocrx_word' id='word_1_530' title='bbox 1283 4479 1452 4526; x_wconf 90' lang='grc' dir='ltr'>τινος.</span> <span class='ocrx_word' id='word_1_531' title='bbox 1491 4461 1526 4532; x_wconf 79' lang='grc' dir='ltr'><strong>ἢ</strong></span> <span class='ocrx_word' id='word_1_532' title='bbox 1563 4459 1620 4514; x_wconf 73' lang='grc' dir='ltr'>ἐν</span> <span class='ocrx_word' id='word_1_533' title='bbox 1665 4477 1771 4514; x_wconf 89' lang='grc' dir='ltr'>τινι</span> <span class='ocrx_word' id='word_1_534' title='bbox 1805 4459 1957 4525; x_wconf 76' lang='grc' dir='ltr'>ἐξου-</span> 
     </span>
    </p>
   </div>
   <div class='ocr_carea' id='block_1_80' title="bbox 2053 3268 3636 3340">
    <p class='ocr_par' dir='ltr' id='par_1_80' title="bbox 2053 3268 3636 3340">
     <span class='ocr_line' id='line_1_80' title="bbox 2053 3268 3636 3340; baseline 0.002 -17"><span class='ocrx_word' id='word_1_535' title='bbox 2053 3268 2338 3324; x_wconf 87' lang='lat' dir='ltr'><strong>cbaritatis</strong></span> <span class='ocrx_word' id='word_1_536' title='bbox 2391 3269 2641 3332; x_wconf 72' lang='lat' dir='ltr'><strong>affectio;</strong></span> <span class='ocrx_word' id='word_1_537' title='bbox 2689 3269 2785 3321; x_wconf 90' lang='lat' dir='ltr'><strong>sed</strong></span> <span class='ocrx_word' id='word_1_538' title='bbox 2825 3270 2997 3323; x_wconf 91' lang='lat' dir='ltr'><strong>multo</strong></span> <span class='ocrx_word' id='word_1_539' title='bbox 3046 3269 3217 3340; x_wconf 85' lang='lat' dir='ltr'><strong>magis</strong></span> <span class='ocrx_word' id='word_1_540' title='bbox 3262 3269 3636 3339; x_wconf 87' lang='lat' dir='ltr'><strong>impartitione</strong></span> 
     </span>
    </p>
   </div>
   <div class='ocr_carea' id='block_1_81' title="bbox 2054 3359 3639 3432">
    <p class='ocr_par' dir='ltr' id='par_1_81' title="bbox 2054 3359 3639 3432">
     <span class='ocr_line' id='line_1_81' title="bbox 2054 3359 3639 3432; baseline 0.001 -17"><span class='ocrx_word' id='word_1_541' title='bbox 2054 3360 2254 3415; x_wconf 70' lang='lat' dir='ltr'><strong>divina:</strong></span> <span class='ocrx_word' id='word_1_542' title='bbox 2313 3359 2597 3425; x_wconf 69' lang='lat' dir='ltr'><strong>doctrinae,</strong></span> <span class='ocrx_word' id='word_1_543' title='bbox 2648 3376 2714 3414; x_wconf 89' lang='lat' dir='ltr'><strong>ac</strong></span> <span class='ocrx_word' id='word_1_544' title='bbox 2764 3362 3069 3431; x_wconf 89' lang='lat' dir='ltr'><strong>corporalis</strong></span> <span class='ocrx_word' id='word_1_545' title='bbox 3117 3361 3368 3432; x_wconf 85' lang='lat' dir='ltr'><strong>obsequii</strong></span> <span class='ocrx_word' id='word_1_546' title='bbox 3425 3362 3639 3416; x_wconf 77' lang='lat' dir='ltr'><strong>exhibi-</strong></span> 
     </span>
    </p>
   </div>
   <div class='ocr_carea' id='block_1_82' title="bbox 2053 3453 2225 3506">
    <p class='ocr_par' dir='ltr' id='par_1_82' title="bbox 2053 3453 2225 3506">
     <span class='ocr_line' id='line_1_82' title="bbox 2053 3453 2225 3506; baseline -0.012 0"><span class='ocrx_word' id='word_1_547' title='bbox 2053 3453 2225 3506; x_wconf 86' lang='lat' dir='ltr'><strong>tione.</strong></span> 
     </span>
    </p>
   </div>
   <div class='ocr_carea' id='block_1_83' title="bbox 2124 3543 3638 3616">
    <p class='ocr_par' dir='ltr' id='par_1_83' title="bbox 2124 3543 3638 3616">
     <span class='ocr_line' id='line_1_83' title="bbox 2124 3543 3638 3616; baseline 0.008 -20"><span class='ocrx_word' id='word_1_548' title='bbox 2124 3543 2212 3597; x_wconf 71' lang='lat'><strong>27.</strong></span> <span class='ocrx_word' id='word_1_549' title='bbox 2247 3543 2347 3610; x_wconf 87' lang='lat' dir='ltr'><strong>Qui</strong></span> <span class='ocrx_word' id='word_1_550' title='bbox 2383 3544 2565 3598; x_wconf 68' lang='lat' dir='ltr'><strong>smculi</strong></span> <span class='ocrx_word' id='word_1_551' title='bbox 2613 3545 2779 3598; x_wconf 88' lang='lat' dir='ltr'><strong>rebus</strong></span> <span class='ocrx_word' id='word_1_552' title='bbox 2805 3560 2936 3598; x_wconf 91' lang='lat' dir='ltr'><strong>vere</strong></span> <span class='ocrx_word' id='word_1_553' title='bbox 2965 3561 3140 3616; x_wconf 79' lang='lat' dir='ltr'><strong>exque</strong></span> <span class='ocrx_word' id='word_1_554' title='bbox 3170 3549 3354 3605; x_wconf 88' lang='lat' dir='ltr'><strong>animo</strong></span> <span class='ocrx_word' id='word_1_555' title='bbox 3380 3554 3638 3609; x_wconf 84' lang='lat' dir='ltr'><strong>nuntium</strong></span> 
     </span>
    </p>
   </div>
   <div class='ocr_carea' id='block_1_84' title="bbox 2054 3635 3639 3701">
    <p class='ocr_par' dir='ltr' id='par_1_84' title="bbox 2054 3635 3639 3701">
     <span class='ocr_line' id='line_1_84' title="bbox 2054 3635 3639 3701; baseline 0.009 -14"><span class='ocrx_word' id='word_1_556' title='bbox 2054 3635 2360 3699; x_wconf 87' lang='lat' dir='ltr'><strong>remittens,</strong></span> <span class='ocrx_word' id='word_1_557' title='bbox 2389 3637 2525 3690; x_wconf 88' lang='lat' dir='ltr'><strong>citra</strong></span> <span class='ocrx_word' id='word_1_558' title='bbox 2549 3653 2766 3691; x_wconf 88' lang='lat' dir='ltr'><strong>omnem</strong></span> <span class='ocrx_word' id='word_1_559' title='bbox 2797 3638 3203 3692; x_wconf 65' lang='lat' dir='ltr'><strong>sin&#39;iulationem</strong></span> <span class='ocrx_word' id='word_1_560' title='bbox 3232 3642 3516 3700; x_wconf 82' lang='lat' dir='ltr'><strong>cbaritatis</strong></span> <span class='ocrx_word' id='word_1_561' title='bbox 3542 3647 3639 3701; x_wconf 90' lang='lat' dir='ltr'><strong>ob-</strong></span> 
     </span>
    </p>
   </div>
   <div class='ocr_carea' id='block_1_85' title="bbox 2055 3724 3639 3800">
    <p class='ocr_par' dir='ltr' id='par_1_85' title="bbox 2055 3724 3639 3800">
     <span class='ocr_line' id='line_1_85' title="bbox 2055 3724 3639 3800; baseline 0.006 -18"><span class='ocrx_word' id='word_1_562' title='bbox 2055 3727 2261 3797; x_wconf 91' lang='lat' dir='ltr'><strong>sequiis</strong></span> <span class='ocrx_word' id='word_1_563' title='bbox 2312 3730 2562 3798; x_wconf 76' lang='lat' dir='ltr'><strong>proximo</strong></span> <span class='ocrx_word' id='word_1_564' title='bbox 2599 3746 2820 3800; x_wconf 86' lang='lat' dir='ltr'><strong>operam</strong></span> <span class='ocrx_word' id='word_1_565' title='bbox 2868 3731 3168 3799; x_wconf 87' lang='lat' dir='ltr'><strong>impendit;</strong></span> <span class='ocrx_word' id='word_1_566' title='bbox 3217 3724 3364 3789; x_wconf 79' lang='lat' dir='ltr'><strong>oinni</strong></span> <span class='ocrx_word' id='word_1_567' title='bbox 3418 3737 3528 3793; x_wconf 88' lang='lat' dir='ltr'><strong>cito</strong></span> <span class='ocrx_word' id='word_1_568' title='bbox 3574 3739 3639 3791; x_wconf 78' lang='lat' dir='ltr'><strong>li—</strong></span> 
     </span>
    </p>
   </div>
   <div class='ocr_carea' id='block_1_86' title="bbox 2056 3819 3637 3896">
    <p class='ocr_par' dir='ltr' id='par_1_86' title="bbox 2056 3819 3637 3896">
     <span class='ocr_line' id='line_1_86' title="bbox 2056 3819 3637 3896; baseline 0.006 -24"><span class='ocrx_word' id='word_1_569' title='bbox 2056 3819 2280 3873; x_wconf 87' lang='lat' dir='ltr'><strong>beratus</strong></span> <span class='ocrx_word' id='word_1_570' title='bbox 2312 3819 2511 3873; x_wconf 69' lang='lat' dir='ltr'><strong>affectu</strong></span> <span class='ocrx_word' id='word_1_571' title='bbox 2556 3830 2719 3890; x_wconf 88' lang='lat' dir='ltr'><strong>atque</strong></span> <span class='ocrx_word' id='word_1_572' title='bbox 2766 3821 2922 3885; x_wconf 87' lang='lat' dir='ltr'><strong>vitio,</strong></span> <span class='ocrx_word' id='word_1_573' title='bbox 2952 3822 3153 3877; x_wconf 71' lang='lat' dir='ltr'><strong>divinae</strong></span> <span class='ocrx_word' id='word_1_574' title='bbox 3188 3825 3467 3896; x_wconf 86' lang='lat' dir='ltr'><strong>particeps</strong></span> <span class='ocrx_word' id='word_1_575' title='bbox 3497 3827 3637 3883; x_wconf 78' lang='lat' dir='ltr'><strong>dile-</strong></span> 
     </span>
    </p>
   </div>
   <div class='ocr_carea' id='block_1_87' title="bbox 2055 3909 3624 3989">
    <p class='ocr_par' dir='ltr' id='par_1_87' title="bbox 2055 3909 3624 3989">
     <span class='ocr_line' id='line_1_87' title="bbox 2055 3909 3624 3989; baseline 0.005 -25"><span class='ocrx_word' id='word_1_576' title='bbox 2055 3909 2255 3964; x_wconf 83' lang='lat' dir='ltr'><strong>ctionis</strong></span> <span class='ocrx_word' id='word_1_577' title='bbox 2300 3911 2655 3981; x_wconf 73' lang='lat' dir='ltr'><strong>scientizeque</strong></span> <span class='ocrx_word' id='word_1_578' title='bbox 2694 3913 2900 3968; x_wconf 81' lang='lat' dir='ltr'><strong>evadit.</strong></span> <span class='ocrx_word' id='word_1_579' title='bbox 3621 3985 3624 3989; x_wconf 20' lang='lat'><strong><em>.</em></strong></span> 
     </span>
    </p>
   </div>
   <div class='ocr_carea' id='block_1_88' title="bbox 2126 4001 3642 4074">
    <p class='ocr_par' dir='ltr' id='par_1_88' title="bbox 2126 4001 3642 4074">
     <span class='ocr_line' id='line_1_88' title="bbox 2126 4001 3642 4074; baseline 0.005 -17"><span class='ocrx_word' id='word_1_580' title='bbox 2126 4003 2218 4057; x_wconf 75' lang='grc'><strong>28.</strong></span> <span class='ocrx_word' id='word_1_581' title='bbox 2244 4001 2347 4068; x_wconf 90' lang='lat' dir='ltr'><strong>Qui</strong></span> <span class='ocrx_word' id='word_1_582' title='bbox 2379 4002 2620 4058; x_wconf 91' lang='lat' dir='ltr'><strong>divinam</strong></span> <span class='ocrx_word' id='word_1_583' title='bbox 2644 4004 2700 4058; x_wconf 92' lang='lat' dir='ltr'><strong>in</strong></span> <span class='ocrx_word' id='word_1_584' title='bbox 2723 4020 2781 4058; x_wconf 92' lang='lat' dir='ltr'><strong>se</strong></span> <span class='ocrx_word' id='word_1_585' title='bbox 2808 4015 3002 4061; x_wconf 87' lang='lat' dir='ltr'><strong>nactus</strong></span> <span class='ocrx_word' id='word_1_586' title='bbox 3029 4017 3113 4062; x_wconf 89' lang='lat' dir='ltr'><strong>est</strong></span> <span class='ocrx_word' id='word_1_587' title='bbox 3160 4007 3502 4074; x_wconf 87' lang='lat' dir='ltr'><strong>cbaritatcm,</strong></span> <span class='ocrx_word' id='word_1_588' title='bbox 3528 4025 3642 4065; x_wconf 85' lang='lat' dir='ltr'><strong>non</strong></span> 
     </span>
    </p>
   </div>
   <div class='ocr_carea' id='block_1_89' title="bbox 2057 4093 3642 4167">
    <p class='ocr_par' dir='ltr' id='par_1_89' title="bbox 2057 4093 3642 4167">
     <span class='ocr_line' id='line_1_89' title="bbox 2057 4093 3642 4167; baseline 0.004 -19"><span class='ocrx_word' id='word_1_589' title='bbox 2057 4095 2291 4148; x_wconf 87' lang='lat' dir='ltr'><strong>lassatur</strong></span> <span class='ocrx_word' id='word_1_590' title='bbox 2315 4103 2413 4149; x_wconf 90' lang='lat' dir='ltr'><strong>aut</strong></span> <span class='ocrx_word' id='word_1_591' title='bbox 2443 4093 2650 4149; x_wconf 82' lang='lat' dir='ltr'><strong>fatiscit</strong></span> <span class='ocrx_word' id='word_1_592' title='bbox 2683 4097 2966 4165; x_wconf 91' lang='lat' dir='ltr'><strong>sequendo</strong></span> <span class='ocrx_word' id='word_1_593' title='bbox 2994 4107 3119 4167; x_wconf 85' lang='lat' dir='ltr'><strong>post</strong></span> <span class='ocrx_word' id='word_1_594' title='bbox 3148 4099 3440 4153; x_wconf 89' lang='lat' dir='ltr'><strong>Dominum</strong></span> <span class='ocrx_word' id='word_1_595' title='bbox 3468 4101 3642 4156; x_wconf 83' lang='lat' dir='ltr'><strong>Deum</strong></span> 
     </span>
    </p>
   </div>
   <div class='ocr_carea' id='block_1_90' title="bbox 2057 4185 3643 4256">
    <p class='ocr_par' dir='ltr' id='par_1_90' title="bbox 2057 4185 3643 4256">
     <span class='ocr_line' id='line_1_90' title="bbox 2057 4185 3643 4256; baseline 0.006 -17"><span class='ocrx_word' id='word_1_596' title='bbox 2057 4200 2240 4249; x_wconf 91' lang='lat' dir='ltr'><strong>suum,</strong></span> <span class='ocrx_word' id='word_1_597' title='bbox 2271 4186 2426 4256; x_wconf 81' lang='lat' dir='ltr'><strong>juxta</strong></span> <span class='ocrx_word' id='word_1_598' title='bbox 2453 4185 2702 4239; x_wconf 87' lang='lat' dir='ltr'><strong>divinum</strong></span> <span class='ocrx_word' id='word_1_599' title='bbox 2750 4187 3102 4254; x_wconf 73' lang='lat' dir='ltr'><strong>Jcremiam“,</strong></span> <span class='ocrx_word' id='word_1_600' title='bbox 3138 4190 3234 4244; x_wconf 90' lang='lat' dir='ltr'><strong>sed</strong></span> <span class='ocrx_word' id='word_1_601' title='bbox 3285 4205 3504 4245; x_wconf 86' lang='lat' dir='ltr'><strong>omnem</strong></span> <span class='ocrx_word' id='word_1_602' title='bbox 3559 4193 3643 4250; x_wconf 80' lang='lat' dir='ltr'><strong>la—</strong></span> 
     </span>
    </p>
   </div>
   <div class='ocr_carea' id='block_1_91' title="bbox 2059 4275 3642 4350">
    <p class='ocr_par' dir='ltr' id='par_1_91' title="bbox 2059 4275 3642 4350">
     <span class='ocr_line' id='line_1_91' title="bbox 2059 4275 3642 4350; baseline 0.003 -19"><span class='ocrx_word' id='word_1_603' title='bbox 2059 4275 2271 4341; x_wconf 89' lang='lat' dir='ltr'><strong>borem,</strong></span> <span class='ocrx_word' id='word_1_604' title='bbox 2293 4276 2764 4348; x_wconf 90' lang='lat' dir='ltr'><strong>opprobriumque</strong></span> <span class='ocrx_word' id='word_1_605' title='bbox 2790 4286 2847 4332; x_wconf 87' lang='lat' dir='ltr'><strong>et</strong></span> <span class='ocrx_word' id='word_1_606' title='bbox 2878 4279 3134 4350; x_wconf 87' lang='lat' dir='ltr'><strong>injuriam</strong></span> <span class='ocrx_word' id='word_1_607' title='bbox 3165 4281 3296 4335; x_wconf 90' lang='lat' dir='ltr'><strong>forti</strong></span> <span class='ocrx_word' id='word_1_608' title='bbox 3319 4282 3500 4336; x_wconf 87' lang='lat' dir='ltr'><strong>animo</strong></span> <span class='ocrx_word' id='word_1_609' title='bbox 3525 4283 3642 4337; x_wconf 85' lang='lat' dir='ltr'><strong>suf-</strong></span> 
     </span>
    </p>
   </div>
   <div class='ocr_carea' id='block_1_92' title="bbox 2057 4366 3151 4440">
    <p class='ocr_par' dir='ltr' id='par_1_92' title="bbox 2057 4366 3151 4440">
     <span class='ocr_line' id='line_1_92' title="bbox 2057 4366 3151 4440; baseline 0.005 -19"><span class='ocrx_word' id='word_1_610' title='bbox 2057 4366 2184 4430; x_wconf 90' lang='lat' dir='ltr'><strong>fert,</strong></span> <span class='ocrx_word' id='word_1_611' title='bbox 2218 4368 2352 4421; x_wconf 91' lang='lat' dir='ltr'><strong>nulli</strong></span> <span class='ocrx_word' id='word_1_612' title='bbox 2385 4383 2616 4437; x_wconf 89' lang='lat' dir='ltr'><strong>prorsus</strong></span> <span class='ocrx_word' id='word_1_613' title='bbox 2649 4369 2897 4440; x_wconf 79' lang='lat' dir='ltr'><strong>cogitans</strong></span> <span class='ocrx_word' id='word_1_614' title='bbox 2929 4373 3151 4426; x_wconf 87' lang='lat' dir='ltr'><strong>malum.</strong></span> 
     </span>
    </p>
   </div>
   <div class='ocr_carea' id='block_1_93' title="bbox 2129 4459 3646 4540">
    <p class='ocr_par' dir='ltr' id='par_1_93' title="bbox 2129 4459 3646 4540">
     <span class='ocr_line' id='line_1_93' title="bbox 2129 4459 3646 4540; baseline 0.007 -27"><span class='ocrx_word' id='word_1_615' title='bbox 2129 4459 2217 4514; x_wconf 72' lang='grc'><strong>29.</strong></span> <span class='ocrx_word' id='word_1_616' title='bbox 2246 4459 2383 4515; x_wconf 88' lang='lat' dir='ltr'><strong>Cum</strong></span> <span class='ocrx_word' id='word_1_617' title='bbox 2425 4461 2492 4515; x_wconf 86' lang='lat' dir='ltr'><strong>ab</strong></span> <span class='ocrx_word' id='word_1_618' title='bbox 2527 4462 2712 4532; x_wconf 91' lang='lat' dir='ltr'><strong>aliquo</strong></span> <span class='ocrx_word' id='word_1_619' title='bbox 2750 4463 2912 4518; x_wconf 57' lang='lat' dir='ltr'><strong>laesus</strong></span> <span class='ocrx_word' id='word_1_620' title='bbox 2950 4465 3171 4538; x_wconf 90' lang='lat' dir='ltr'><strong>injuria,</strong></span> <span class='ocrx_word' id='word_1_621' title='bbox 3216 4469 3300 4523; x_wconf 87' lang='lat' dir='ltr'><strong>vel</strong></span> <span class='ocrx_word' id='word_1_622' title='bbox 3358 4470 3412 4525; x_wconf 93' lang='lat' dir='ltr'><strong>in</strong></span> <span class='ocrx_word' id='word_1_623' title='bbox 3459 4470 3646 4540; x_wconf 85' lang='lat' dir='ltr'><strong>aliqua</strong></span> 
     </span>
    </p>
   </div>
   <div class='ocr_carea' id='block_1_94' title="bbox 381 4526 1949 4630">
    <p class='ocr_par' dir='ltr' id='par_1_94' title="bbox 381 4526 1949 4630">
     <span class='ocr_line' id='line_1_94' title="bbox 381 4526 1949 4630; baseline -0.006 -17"><span class='ocrx_word' id='word_1_624' title='bbox 381 4559 638 4630; x_wconf 81' lang='grc' dir='ltr'>δενωθῇς,</span> <span class='ocrx_word' id='word_1_625' title='bbox 675 4558 796 4611; x_wconf 91' lang='grc' dir='ltr'>τότε</span> <span class='ocrx_word' id='word_1_626' title='bbox 833 4526 1067 4627; x_wconf 56' lang='grc' dir='ltr'>πρόσεχε</span> <span class='ocrx_word' id='word_1_627' title='bbox 1115 4526 1222 4608; x_wconf 78' lang='grc' dir='ltr'><strong>ἀπὸ</strong></span> <span class='ocrx_word' id='word_1_628' title='bbox 1259 4553 1368 4606; x_wconf 88' lang='grc' dir='ltr'><strong>τῶν</strong></span> <span class='ocrx_word' id='word_1_629' title='bbox 1423 4526 1701 4624; x_wconf 77' lang='grc' dir='ltr'>λογισμῶν</span> <span class='ocrx_word' id='word_1_630' title='bbox 1732 4553 1828 4623; x_wconf 83' lang='grc' dir='ltr'><strong>τῆς</strong></span> <span class='ocrx_word' id='word_1_631' title='bbox 1866 4552 1949 4622; x_wconf 86' lang='grc' dir='ltr'><strong>ὀρ-</strong></span> 
     </span>
    </p>
   </div>
   <div class='ocr_carea' id='block_1_95' title="bbox 2051 4526 3644 4630">
    <p class='ocr_par' dir='ltr' id='par_1_95' title="bbox 2061 4526 3644 4630">
     <span class='ocr_line' id='line_1_95' title="bbox 2061 4526 3644 4630; baseline 0.006 -28"><span class='ocrx_word' id='word_1_632' title='bbox 2061 4565 2121 4604; x_wconf 88' lang='lat' dir='ltr'><strong>re</strong></span> <span class='ocrx_word' id='word_1_633' title='bbox 2164 4558 2382 4618; x_wconf 88' lang='lat' dir='ltr'><strong>spretus</strong></span> <span class='ocrx_word' id='word_1_634' title='bbox 2412 4549 2600 4615; x_wconf 89' lang='lat' dir='ltr'><strong>fueris,</strong></span> <span class='ocrx_word' id='word_1_635' title='bbox 2634 4561 2748 4606; x_wconf 92' lang='lat' dir='ltr'><strong>tum</strong></span> <span class='ocrx_word' id='word_1_636' title='bbox 2778 4553 2876 4606; x_wconf 90' lang='lat' dir='ltr'><strong>tibi</strong></span> <span class='ocrx_word' id='word_1_637' title='bbox 2911 4526 3026 4624; x_wconf 74' lang='lat' dir='ltr'><strong>ipse</strong></span> <span class='ocrx_word' id='word_1_638' title='bbox 3073 4557 3141 4610; x_wconf 90' lang='lat' dir='ltr'><strong>ab</strong></span> <span class='ocrx_word' id='word_1_639' title='bbox 3175 4557 3270 4613; x_wconf 62' lang='lat' dir='ltr'><strong>irae</strong></span> <span class='ocrx_word' id='word_1_640' title='bbox 3301 4526 3644 4630; x_wconf 59' lang='lat' dir='ltr'><strong>cogitationi-</strong></span> 
     </span>
    </p>
   </div>
   <div class='ocr_carea' id='block_1_96' title="bbox 382 4643 1955 4720">
    <p class='ocr_par' dir='ltr' id='par_1_96' title="bbox 382 4643 1955 4720">
     <span class='ocr_line' id='line_1_96' title="bbox 382 4643 1955 4720; baseline -0.008 -13"><span class='ocrx_word' id='word_1_641' title='bbox 382 4649 506 4719; x_wconf 78' lang='grc' dir='ltr'>γῆς,</span> <span class='ocrx_word' id='word_1_642' title='bbox 547 4651 622 4720; x_wconf 84' lang='grc' dir='ltr'>μή</span> <span class='ocrx_word' id='word_1_643' title='bbox 646 4662 720 4702; x_wconf 79' lang='grc' dir='ltr'>’σε</span> <span class='ocrx_word' id='word_1_644' title='bbox 751 4649 848 4718; x_wconf 85' lang='grc' dir='ltr'><strong>τῆς</strong></span> <span class='ocrx_word' id='word_1_645' title='bbox 877 4648 1097 4718; x_wconf 84' lang='grc' dir='ltr'>ἀγάπης</span> <span class='ocrx_word' id='word_1_646' title='bbox 1142 4644 1232 4698; x_wconf 84' lang='grc' dir='ltr'><strong>διὰ</strong></span> <span class='ocrx_word' id='word_1_647' title='bbox 1263 4645 1361 4716; x_wconf 81' lang='grc' dir='ltr'>τῆς</span> <span class='ocrx_word' id='word_1_648' title='bbox 1393 4644 1570 4716; x_wconf 86' lang='grc' dir='ltr'>λύπης</span> <span class='ocrx_word' id='word_1_649' title='bbox 1599 4643 1955 4717; x_wconf 84' lang='grc' dir='ltr'>χωρίσαντες,</span> 
     </span>
    </p>
   </div>
   <div class='ocr_carea' id='block_1_97' title="bbox 383 4737 1534 4813">
    <p class='ocr_par' dir='ltr' id='par_1_97' title="bbox 383 4737 1534 4813">
     <span class='ocr_line' id='line_1_97' title="bbox 383 4737 1534 4813; baseline -0.004 -18"><span class='ocrx_word' id='word_1_650' title='bbox 383 4744 440 4795; x_wconf 71' lang='grc' dir='ltr'>ἐν</span> <span class='ocrx_word' id='word_1_651' title='bbox 471 4744 536 4813; x_wconf 78' lang='grc' dir='ltr'>τῇ</span> <span class='ocrx_word' id='word_1_652' title='bbox 562 4740 716 4812; x_wconf 80' lang='grc' dir='ltr'>χώρᾳ</span> <span class='ocrx_word' id='word_1_653' title='bbox 745 4739 837 4794; x_wconf 85' lang='grc' dir='ltr'>τοῦ</span> <span class='ocrx_word' id='word_1_654' title='bbox 872 4739 1066 4809; x_wconf 85' lang='grc' dir='ltr'>μίσους</span> <span class='ocrx_word' id='word_1_655' title='bbox 1095 4737 1534 4806; x_wconf 81' lang='grc' dir='ltr'>καταστήσωσιν.</span> 
     </span>
    </p>
   </div>
   <div class='ocr_carea' id='block_1_98' title="bbox 451 4824 1957 4898">
    <p class='ocr_par' dir='ltr' id='par_1_98' title="bbox 451 4824 1957 4898">
     <span class='ocr_line' id='line_1_98' title="bbox 451 4824 1957 4898; baseline -0.004 -16"><span class='ocrx_word' id='word_1_656' title='bbox 451 4827 516 4884; x_wconf 83' lang='grc' dir='ltr'><strong>λ’.</strong></span> <span class='ocrx_word' id='word_1_657' title='bbox 559 4830 729 4883; x_wconf 86' lang='grc' dir='ltr'>Ὅταν</span> <span class='ocrx_word' id='word_1_658' title='bbox 759 4826 1025 4898; x_wconf 75' lang='grc' dir='ltr'>ὲφ⁹ί¹ι6ρει</span> <span class='ocrx_word' id='word_1_659' title='bbox 1073 4826 1106 4897; x_wconf 85' lang='grc' dir='ltr'><strong>ἢ</strong></span> <span class='ocrx_word' id='word_1_660' title='bbox 1162 4825 1360 4896; x_wconf 61' lang='grc' dir='ltr'>ἀτιμίᾳ</span> <span class='ocrx_word' id='word_1_661' title='bbox 1407 4825 1671 4896; x_wconf 76' lang='grc' dir='ltr'>πονὴσῃς,</span> <span class='ocrx_word' id='word_1_662' title='bbox 1719 4824 1957 4892; x_wconf 81' lang='grc' dir='ltr'>γίνωσκε</span> 
     </span>
    </p>
   </div>
   <div class='ocr_carea' id='block_1_99' title="bbox 385 4914 1960 4994">
    <p class='ocr_par' dir='ltr' id='par_1_99' title="bbox 385 4914 1960 4994">
     <span class='ocr_line' id='line_1_99' title="bbox 385 4914 1960 4994; baseline -0.004 -18"><span class='ocrx_word' id='word_1_663' title='bbox 385 4921 610 4977; x_wconf 80' lang='grc' dir='ltr'>σεαυτὸν</span> <span class='ocrx_word' id='word_1_664' title='bbox 660 4921 910 4994; x_wconf 86' lang='grc' dir='ltr'>μεγάλως</span> <span class='ocrx_word' id='word_1_665' title='bbox 948 4918 1322 4990; x_wconf 79' lang='grc' dir='ltr'>ὠφεληθέντα,</span> <span class='ocrx_word' id='word_1_666' title='bbox 1369 4916 1471 4987; x_wconf 81' lang='grc' dir='ltr'><strong>τῆς</strong></span> <span class='ocrx_word' id='word_1_667' title='bbox 1509 4914 1813 4981; x_wconf 80' lang='grc' dir='ltr'>κενοδοξίας</span> <span class='ocrx_word' id='word_1_668' title='bbox 1870 4914 1960 4970; x_wconf 84' lang='grc' dir='ltr'>διὰ</span> 
     </span>
    </p>
   </div>
   <div class='ocr_carea' id='block_1_100' title="bbox 381 5008 1812 5086">
    <p class='ocr_par' dir='ltr' id='par_1_100' title="bbox 381 5008 1812 5086">
     <span class='ocr_line' id='line_1_100' title="bbox 381 5008 1812 5086; baseline -0.003 -19"><span class='ocrx_word' id='word_1_669' title='bbox 381 5015 478 5086; x_wconf 82' lang='grc' dir='ltr'>τῆς</span> <span class='ocrx_word' id='word_1_670' title='bbox 507 5014 729 5085; x_wconf 84' lang='grc' dir='ltr'>ἀτιμίας</span> <span class='ocrx_word' id='word_1_671' title='bbox 757 5011 1116 5082; x_wconf 86' lang='grc' dir='ltr'>οἰκονομικῶς</span> <span class='ocrx_word' id='word_1_672' title='bbox 1153 5010 1261 5064; x_wconf 88' lang='grc' dir='ltr'><strong>ἀπὸ</strong></span> <span class='ocrx_word' id='word_1_673' title='bbox 1297 5008 1393 5063; x_wconf 78' lang='grc' dir='ltr'><strong>σοῦ</strong></span> <span class='ocrx_word' id='word_1_674' title='bbox 1433 5008 1812 5080; x_wconf 76' lang='grc' dir='ltr'>ἐκϐληθείσης.</span> 
     </span>
    </p>
   </div>
   <div class='ocr_carea' id='block_1_101' title="bbox 453 5186 1430 5257">
    <p class='ocr_par' dir='ltr' id='par_1_101' title="bbox 453 5186 1430 5257">
     <span class='ocr_line' id='line_1_101' title="bbox 453 5186 1430 5257; baseline -0.009 -8"><span class='ocrx_word' id='word_1_675' title='bbox 453 5195 474 5226; x_wconf 85' lang='grc'>⁸</span> <span class='ocrx_word' id='word_1_676' title='bbox 505 5195 663 5250; x_wconf 83' lang='lat' dir='ltr'><strong>Rom.</strong></span> <span class='ocrx_word' id='word_1_677' title='bbox 694 5208 733 5257; x_wconf 82' lang='grc' dir='ltr'><strong>ι,</strong></span> <span class='ocrx_word' id='word_1_678' title='bbox 769 5191 862 5247; x_wconf 73' lang='grc'><strong>25.</strong></span> <span class='ocrx_word' id='word_1_679' title='bbox 936 5191 958 5223; x_wconf 77' lang='grc'>⁸</span> <span class='ocrx_word' id='word_1_680' title='bbox 983 5190 1185 5246; x_wconf 83' lang='lat' dir='ltr'><strong>Jerem.</strong></span> <span class='ocrx_word' id='word_1_681' title='bbox 1211 5203 1342 5251; x_wconf 81' lang='lat' dir='ltr'><strong>xvn,</strong></span> <span class='ocrx_word' id='word_1_682' title='bbox 1381 5186 1430 5241; x_wconf 87' lang='lat'><strong>6.</strong></span> 
     </span>
    </p>
   </div>
   <div class='ocr_carea' id='block_1_102' title="bbox 455 5299 1956 5384">
    <p class='ocr_par' dir='ltr' id='par_1_102' title="bbox 455 5299 1956 5384">
     <span class='ocr_line' id='line_1_102' title="bbox 455 5299 1956 5384; baseline -0.011 -18"><span class='ocrx_word' id='word_1_683' title='bbox 455 5311 523 5384; x_wconf 80' lang='grc' dir='ltr'><strong>(ε)</strong></span> <span class='ocrx_word' id='word_1_684' title='bbox 561 5309 783 5384; x_wconf 38' lang='grc' dir='ltr'>ἀς-καί</span> <span class='ocrx_word' id='word_1_685' title='bbox 814 5308 886 5377; x_wconf 75' lang='grc' dir='ltr'>τῇ</span> <span class='ocrx_word' id='word_1_686' title='bbox 914 5307 1114 5384; x_wconf 77' lang='grc' dir='ltr'>γνῴμῃ</span> <span class='ocrx_word' id='word_1_687' title='bbox 1153 5303 1575 5384; x_wconf 70' lang='grc' dir='ltr'>οἰκειούμενρν.</span> <span class='ocrx_word' id='word_1_688' title='bbox 1620 5299 1874 5384; x_wconf 60' lang='lat' dir='ltr'><strong>[dentest</strong></span> <span class='ocrx_word' id='word_1_689' title='bbox 1896 5307 1956 5378; x_wconf 72' lang='lat' dir='ltr'><strong>et</strong></span> 
     </span>
    </p>
   </div>
   <div class='ocr_carea' id='block_1_103' title="bbox 383 5369 1957 5454">
    <p class='ocr_par' dir='ltr' id='par_1_103' title="bbox 383 5369 1957 5454">
     <span class='ocr_line' id='line_1_103' title="bbox 383 5369 1957 5454; baseline -0.013 -15"><span class='ocrx_word' id='word_1_690' title='bbox 383 5369 530 5454; x_wconf 71' lang='grc' dir='ltr'>(ιιιοᾶ</span> <span class='ocrx_word' id='word_1_691' title='bbox 561 5369 653 5454; x_wconf 80' lang='lat' dir='ltr'><strong>alii</strong></span> <span class='ocrx_word' id='word_1_692' title='bbox 675 5369 900 5454; x_wconf 66' lang='lat' dir='ltr'><strong>habent,</strong></span> <span class='ocrx_word' id='word_1_693' title='bbox 922 5369 934 5378; x_wconf 82' lang='grc'><em>’</em></span> <span class='ocrx_word' id='word_1_694' title='bbox 954 5369 1052 5446; x_wconf 75' lang='grc' dir='ltr'>τὴν</span> <span class='ocrx_word' id='word_1_695' title='bbox 1080 5369 1323 5454; x_wconf 71' lang='grc' dir='ltr'>γνωμηνο</span> <span class='ocrx_word' id='word_1_696' title='bbox 1347 5369 1667 5454; x_wconf 49' lang='lat' dir='ltr'><strong>‘quoduver&#39;o</strong></span> <span class='ocrx_word' id='word_1_697' title='bbox 1689 5369 1782 5422; x_wconf 89' lang='lat' dir='ltr'><strong>alii</strong></span> <span class='ocrx_word' id='word_1_698' title='bbox 1814 5369 1957 5454; x_wconf 66' lang='grc' dir='ltr'>γνῶ-</span> 
     </span>
    </p>
   </div>
   <div class='ocr_carea' id='block_1_104' title="bbox 388 5439 1950 5523">
    <p class='ocr_par' dir='ltr' id='par_1_104' title="bbox 388 5439 1950 5523">
     <span class='ocr_line' id='line_1_104' title="bbox 388 5439 1950 5523; baseline -0.01 -19"><span class='ocrx_word' id='word_1_699' title='bbox 388 5439 491 5519; x_wconf 75' lang='grc' dir='ltr'>ἇιν,</span> <span class='ocrx_word' id='word_1_700' title='bbox 521 5453 684 5523; x_wconf 88' lang='lat' dir='ltr'><strong>paulo</strong></span> <span class='ocrx_word' id='word_1_701' title='bbox 719 5439 1020 5523; x_wconf 68' lang='lat' dir='ltr'><strong>diversum,</strong></span> <span class='ocrx_word' id='word_1_702' title='bbox 1074 5439 1179 5499; x_wconf 80' lang='lat' dir='ltr'><strong>etsi</strong></span> <span class='ocrx_word' id='word_1_703' title='bbox 1198 5439 1476 5523; x_wconf 40' lang='lat' dir='ltr'><strong>&quot;Istud—ad.</strong></span> <span class='ocrx_word' id='word_1_704' title='bbox 1500 5439 1634 5520; x_wconf 81' lang='lat' dir='ltr'><strong>illud</strong></span> <span class='ocrx_word' id='word_1_705' title='bbox 1661 5446 1950 5523; x_wconf 81' lang='lat' dir='ltr'><strong>sequatur,</strong></span> 
     </span>
    </p>
   </div>
   <div class='ocr_carea' id='block_1_105' title="bbox 385 5510 1955 5582">
    <p class='ocr_par' dir='ltr' id='par_1_105' title="bbox 385 5510 1955 5582">
     <span class='ocr_line' id='line_1_105' title="bbox 385 5510 1955 5582; baseline -0.01 -4"><span class='ocrx_word' id='word_1_706' title='bbox 385 5510 591 5578; x_wconf 47' lang='lat' dir='ltr'><strong>seu&#39;i‘lli</strong></span> <span class='ocrx_word' id='word_1_707' title='bbox 650 5535 836 5575; x_wconf 89' lang='lat' dir='ltr'><strong>comes</strong></span> <span class='ocrx_word' id='word_1_708' title='bbox 871 5521 973 5578; x_wconf 87' lang='lat' dir='ltr'><strong>sit;</strong></span> <span class='ocrx_word' id='word_1_709' title='bbox 1028 5530 1225 5582; x_wconf 82' lang='lat' dir='ltr'><strong>nempe</strong></span> <span class='ocrx_word' id='word_1_710' title='bbox 1281 5511 1536 5574; x_wconf 89' lang='lat' dir='ltr'><strong>scientia,</strong></span> <span class='ocrx_word' id='word_1_711' title='bbox 1570 5510 1794 5582; x_wconf 77' lang='lat' dir='ltr'><strong>virtuti;</strong></span> <span class='ocrx_word' id='word_1_712' title='bbox 1831 5523 1955 5582; x_wconf 78' lang='lat' dir='ltr'><strong>qua</strong></span> 
     </span>
    </p>
   </div>
   <div class='ocr_carea' id='block_1_106' title="bbox 389 5579 1955 5663">
    <p class='ocr_par' dir='ltr' id='par_1_106' title="bbox 389 5579 1955 5663">
     <span class='ocr_line' id='line_1_106' title="bbox 389 5579 1955 5663; baseline -0.013 -15"><span class='ocrx_word' id='word_1_713' title='bbox 389 5603 620 5663; x_wconf 87' lang='lat' dir='ltr'><strong>utraque</strong></span> <span class='ocrx_word' id='word_1_714' title='bbox 652 5593 763 5645; x_wconf 87' lang='lat' dir='ltr'><strong>Deo</strong></span> <span class='ocrx_word' id='word_1_715' title='bbox 788 5579 1175 5663; x_wconf 61' lang='lat' dir='ltr'><strong>conciliamur,</strong></span> <span class='ocrx_word' id='word_1_716' title='bbox 1192 5583 1355 5662; x_wconf 78' lang='lat' dir='ltr'><strong>eique</strong></span> <span class='ocrx_word' id='word_1_717' title='bbox 1383 5579 1796 5663; x_wconf 58' lang='lat' dir='ltr'><strong>necessitudine</strong></span> <span class='ocrx_word' id='word_1_718' title='bbox 1828 5579 1955 5663; x_wconf 66' lang='lat' dir='ltr'><strong>jun-</strong></span> 
     </span>
    </p>
   </div>
   <div class='ocr_carea' id='block_1_107' title="bbox 387 5647 1955 5734">
    <p class='ocr_par' dir='ltr' id='par_1_107' title="bbox 387 5647 1955 5734">
     <span class='ocr_line' id='line_1_107' title="bbox 387 5647 1955 5734; baseline -0.01 -17"><span class='ocrx_word' id='word_1_719' title='bbox 387 5647 588 5734; x_wconf 56' lang='lat' dir='ltr'><strong>gimu&#39;r,</strong></span> <span class='ocrx_word' id='word_1_720' title='bbox 615 5663 760 5733; x_wconf 87' lang='lat' dir='ltr'><strong>quod</strong></span> <span class='ocrx_word' id='word_1_721' title='bbox 784 5661 874 5716; x_wconf 77' lang='lat' dir='ltr'><strong>hic</strong></span> <span class='ocrx_word' id='word_1_722' title='bbox 895 5656 1088 5715; x_wconf 86' lang='lat' dir='ltr'><strong>asserit</strong></span> <span class='ocrx_word' id='word_1_723' title='bbox 1112 5647 1397 5708; x_wconf 79' lang='lat' dir='ltr'><strong>Maximus.</strong></span> <span class='ocrx_word' id='word_1_724' title='bbox 1419 5649 1552 5704; x_wconf 83' lang='lat' dir='ltr'><strong>Male</strong></span> <span class='ocrx_word' id='word_1_725' title='bbox 1583 5650 1766 5717; x_wconf 86' lang='lat' dir='ltr'><strong>itaque</strong></span> <span class='ocrx_word' id='word_1_726' title='bbox 1789 5647 1955 5702; x_wconf 85' lang='lat' dir='ltr'><strong>ambo</strong></span> 
     </span>
    </p>
   </div>
   <div class='ocr_carea' id='block_1_108' title="bbox 2057 4641 3641 4706">
    <p class='ocr_par' dir='ltr' id='par_1_108' title="bbox 2057 4641 3641 4706">
     <span class='ocr_line' id='line_1_108' title="bbox 2057 4641 3641 4706; baseline 0.006 -12"><span class='ocrx_word' id='word_1_727' title='bbox 2057 4641 2161 4694; x_wconf 91' lang='lat' dir='ltr'><strong>bus</strong></span> <span class='ocrx_word' id='word_1_728' title='bbox 2189 4642 2432 4706; x_wconf 89' lang='lat' dir='ltr'><strong>attende,</strong></span> <span class='ocrx_word' id='word_1_729' title='bbox 2479 4658 2547 4697; x_wconf 90' lang='lat' dir='ltr'><strong>ne</strong></span> <span class='ocrx_word' id='word_1_730' title='bbox 2601 4644 2705 4699; x_wconf 68' lang='lat' dir='ltr'><strong>illae</strong></span> <span class='ocrx_word' id='word_1_731' title='bbox 2744 4661 2811 4699; x_wconf 81' lang='lat' dir='ltr'><strong>ex</strong></span> <span class='ocrx_word' id='word_1_732' title='bbox 2854 4647 3114 4702; x_wconf 76' lang='lat' dir='ltr'><strong>mmstitia</strong></span> <span class='ocrx_word' id='word_1_733' title='bbox 3167 4665 3195 4702; x_wconf 90' lang='lat' dir='ltr'><strong>a</strong></span> <span class='ocrx_word' id='word_1_734' title='bbox 3235 4650 3500 4705; x_wconf 85' lang='lat' dir='ltr'><strong>charitate</strong></span> <span class='ocrx_word' id='word_1_735' title='bbox 3549 4650 3641 4704; x_wconf 89' lang='lat' dir='ltr'><strong>ab-</strong></span> 
     </span>
    </p>
   </div>
   <div class='ocr_carea' id='block_1_109' title="bbox 2053 4732 3245 4804">
    <p class='ocr_par' dir='ltr' id='par_1_109' title="bbox 2053 4732 3245 4804">
     <span class='ocr_line' id='line_1_109' title="bbox 2053 4732 3245 4804; baseline 0.006 -19"><span class='ocrx_word' id='word_1_736' title='bbox 2053 4732 2329 4803; x_wconf 91' lang='lat' dir='ltr'><strong>junctum,</strong></span> <span class='ocrx_word' id='word_1_737' title='bbox 2368 4733 2423 4786; x_wconf 90' lang='lat' dir='ltr'><strong>in</strong></span> <span class='ocrx_word' id='word_1_738' title='bbox 2468 4733 2580 4787; x_wconf 91' lang='lat' dir='ltr'><strong>odii</strong></span> <span class='ocrx_word' id='word_1_739' title='bbox 2629 4735 2848 4804; x_wconf 83' lang='lat' dir='ltr'><strong>regione</strong></span> <span class='ocrx_word' id='word_1_740' title='bbox 2889 4739 3245 4792; x_wconf 88' lang='lat' dir='ltr'><strong>constituant.</strong></span> 
     </span>
    </p>
   </div>
   <div class='ocr_carea' id='block_1_110' title="bbox 2131 4822 3643 4897">
    <p class='ocr_par' dir='ltr' id='par_1_110' title="bbox 2131 4822 3643 4897">
     <span class='ocr_line' id='line_1_110' title="bbox 2131 4822 3643 4897; baseline 0.003 -21"><span class='ocrx_word' id='word_1_741' title='bbox 2131 4822 2220 4877; x_wconf 81' lang='lat'><strong>&#39;50.</strong></span> <span class='ocrx_word' id='word_1_742' title='bbox 2255 4822 2392 4877; x_wconf 87' lang='lat' dir='ltr'><strong>Cum</strong></span> <span class='ocrx_word' id='word_1_743' title='bbox 2430 4832 2482 4878; x_wconf 89' lang='lat' dir='ltr'><strong>te</strong></span> <span class='ocrx_word' id='word_1_744' title='bbox 2519 4822 2718 4893; x_wconf 87' lang='lat' dir='ltr'><strong>injuria</strong></span> <span class='ocrx_word' id='word_1_745' title='bbox 2755 4835 2848 4880; x_wconf 89' lang='lat' dir='ltr'><strong>aut</strong></span> <span class='ocrx_word' id='word_1_746' title='bbox 2894 4826 3098 4895; x_wconf 87' lang='lat' dir='ltr'><strong>probro</strong></span> <span class='ocrx_word' id='word_1_747' title='bbox 3137 4827 3351 4896; x_wconf 87' lang='lat' dir='ltr'><strong>gravari</strong></span> <span class='ocrx_word' id='word_1_748' title='bbox 3395 4826 3643 4897; x_wconf 85' lang='lat' dir='ltr'><strong>contige-</strong></span> 
     </span>
    </p>
   </div>
   <div class='ocr_carea' id='block_1_111' title="bbox 2061 4909 3644 4983">
    <p class='ocr_par' dir='ltr' id='par_1_111' title="bbox 2061 4909 3644 4983">
     <span class='ocr_line' id='line_1_111' title="bbox 2061 4909 3644 4983; baseline 0.003 -19"><span class='ocrx_word' id='word_1_749' title='bbox 2061 4909 2151 4976; x_wconf 91' lang='lat' dir='ltr'><strong>rit,</strong></span> <span class='ocrx_word' id='word_1_750' title='bbox 2208 4910 2412 4982; x_wconf 80' lang='lat' dir='ltr'><strong>ingenti</strong></span> <span class='ocrx_word' id='word_1_751' title='bbox 2467 4919 2518 4966; x_wconf 90' lang='lat' dir='ltr'><strong>te</strong></span> <span class='ocrx_word' id='word_1_752' title='bbox 2568 4913 2856 4967; x_wconf 91' lang='lat' dir='ltr'><strong>commodo</strong></span> <span class='ocrx_word' id='word_1_753' title='bbox 2898 4914 3153 4968; x_wconf 75' lang='lat' dir='ltr'><strong>affectum</strong></span> <span class='ocrx_word' id='word_1_754' title='bbox 3190 4915 3430 4979; x_wconf 87' lang='lat' dir='ltr'><strong>noveris,</strong></span> <span class='ocrx_word' id='word_1_755' title='bbox 3469 4930 3644 4983; x_wconf 84' lang='lat' dir='ltr'><strong>aquo</strong></span> 
     </span>
    </p>
   </div>
   <div class='ocr_carea' id='block_1_112' title="bbox 2065 5003 3642 5075">
    <p class='ocr_par' dir='ltr' id='par_1_112' title="bbox 2065 5003 3642 5075">
     <span class='ocr_line' id='line_1_112' title="bbox 2065 5003 3642 5075; baseline 0.001 -19"><span class='ocrx_word' id='word_1_756' title='bbox 2065 5011 2213 5056; x_wconf 90' lang='lat' dir='ltr'><strong>certa</strong></span> <span class='ocrx_word' id='word_1_757' title='bbox 2247 5003 2460 5057; x_wconf 89' lang='lat' dir='ltr'><strong>consilii</strong></span> <span class='ocrx_word' id='word_1_758' title='bbox 2511 5003 2720 5058; x_wconf 88' lang='lat' dir='ltr'><strong>ratione</strong></span> <span class='ocrx_word' id='word_1_759' title='bbox 2755 5020 2850 5074; x_wconf 90' lang='lat' dir='ltr'><strong>per</strong></span> <span class='ocrx_word' id='word_1_760' title='bbox 2885 5004 3237 5075; x_wconf 80' lang='lat' dir='ltr'><strong>ignominiam</strong></span> <span class='ocrx_word' id='word_1_761' title='bbox 3273 5021 3336 5061; x_wconf 88' lang='lat' dir='ltr'><strong>ac</strong></span> <span class='ocrx_word' id='word_1_762' title='bbox 3378 5006 3642 5072; x_wconf 85' lang='lat' dir='ltr'><strong>dedecus,</strong></span> 
     </span>
    </p>
   </div>
   <div class='ocr_carea' id='block_1_113' title="bbox 2067 5091 3060 5167">
    <p class='ocr_par' dir='ltr' id='par_1_113' title="bbox 2067 5091 3060 5167">
     <span class='ocr_line' id='line_1_113' title="bbox 2067 5091 3060 5167; baseline 0.001 -20"><span class='ocrx_word' id='word_1_763' title='bbox 2067 5091 2247 5148; x_wconf 89' lang='lat' dir='ltr'><strong>inanis</strong></span> <span class='ocrx_word' id='word_1_764' title='bbox 2285 5094 2469 5165; x_wconf 78' lang='lat' dir='ltr'><strong>gloria:</strong></span> <span class='ocrx_word' id='word_1_765' title='bbox 2507 5093 2682 5150; x_wconf 90' lang='lat' dir='ltr'><strong>fastus</strong></span> <span class='ocrx_word' id='word_1_766' title='bbox 2729 5097 2937 5167; x_wconf 89' lang='lat' dir='ltr'><strong>ejectus</strong></span> <span class='ocrx_word' id='word_1_767' title='bbox 2969 5096 3060 5150; x_wconf 91' lang='lat' dir='ltr'><strong>sit.</strong></span> 
     </span>
    </p>
   </div>
   <div class='ocr_carea' id='block_1_114' title="bbox 2058 5300 3637 5372">
    <p class='ocr_par' dir='ltr' id='par_1_114' title="bbox 2058 5300 3637 5372">
     <span class='ocr_line' id='line_1_114' title="bbox 2058 5300 3637 5372; baseline 0.003 -18"><span class='ocrx_word' id='word_1_768' title='bbox 2058 5300 2355 5372; x_wconf 84' lang='lat' dir='ltr'><strong>interpret.</strong></span> <span class='ocrx_word' id='word_1_769' title='bbox 2390 5309 2448 5353; x_wconf 85' lang='lat' dir='ltr'><strong>ut</strong></span> <span class='ocrx_word' id='word_1_770' title='bbox 2479 5317 2596 5355; x_wconf 85' lang='lat' dir='ltr'><strong>eum</strong></span> <span class='ocrx_word' id='word_1_771' title='bbox 2632 5303 2722 5370; x_wconf 86' lang='lat' dir='ltr'><strong>qui</strong></span> <span class='ocrx_word' id='word_1_772' title='bbox 2765 5302 2848 5354; x_wconf 83' lang='lat' dir='ltr'><strong>sui</strong></span> <span class='ocrx_word' id='word_1_773' title='bbox 2901 5303 3248 5372; x_wconf 81' lang='lat' dir='ltr'><strong>cognitionem</strong></span> <span class='ocrx_word' id='word_1_774' title='bbox 3293 5315 3432 5356; x_wconf 72' lang='lat' dir='ltr'><strong>recte</strong></span> <span class='ocrx_word' id='word_1_775' title='bbox 3457 5303 3637 5358; x_wconf 78' lang='lat' dir='ltr'><strong>obser-</strong></span> 
     </span>
    </p>
   </div>
   <div class='ocr_carea' id='block_1_115' title="bbox 2057 5371 3208 5441">
    <p class='ocr_par' dir='ltr' id='par_1_115' title="bbox 2057 5371 3208 5441">
     <span class='ocr_line' id='line_1_115' title="bbox 2057 5371 3208 5441; baseline 0.001 -17"><span class='ocrx_word' id='word_1_776' title='bbox 2057 5379 2180 5433; x_wconf 84' lang='lat' dir='ltr'><strong>vat;</strong></span> <span class='ocrx_word' id='word_1_777' title='bbox 2213 5371 2361 5439; x_wconf 86' lang='lat' dir='ltr'><strong>quod</strong></span> <span class='ocrx_word' id='word_1_778' title='bbox 2388 5380 2472 5424; x_wconf 86' lang='lat' dir='ltr'><strong>est</strong></span> <span class='ocrx_word' id='word_1_779' title='bbox 2505 5387 2735 5438; x_wconf 84' lang='lat' dir='ltr'><strong>prorsus</strong></span> <span class='ocrx_word' id='word_1_780' title='bbox 2767 5371 3208 5441; x_wconf 80' lang='grc' dir='ltr'>ἀπροσδιόνυσον.</span> 
     </span>
    </p>
   </div>
   <div class='ocr_carea' id='block_1_116' title="bbox 2129 5441 3636 5510">
    <p class='ocr_par' dir='ltr' id='par_1_116' title="bbox 2129 5441 3636 5510">
     <span class='ocr_line' id='line_1_116' title="bbox 2129 5441 3636 5510; baseline 0.003 -19"><span class='ocrx_word' id='word_1_781' title='bbox 2129 5441 2223 5510; x_wconf 82' lang='lat' dir='ltr'><strong>(f)</strong></span> <span class='ocrx_word' id='word_1_782' title='bbox 2262 5442 2372 5510; x_wconf 67' lang='grc' dir='ltr'><strong>7⁷ρν</strong></span> <span class='ocrx_word' id='word_1_783' title='bbox 2400 5441 2561 5510; x_wconf 78' lang='grc' dir='ltr'>θεῖον</span> <span class='ocrx_word' id='word_1_784' title='bbox 2601 5441 2897 5506; x_wconf 69' lang='grc' dir='ltr'>Ἰερεμίαν.</span> <span class='ocrx_word' id='word_1_785' title='bbox 2945 5442 3077 5495; x_wconf 83' lang='lat' dir='ltr'><strong>Male</strong></span> <span class='ocrx_word' id='word_1_786' title='bbox 3119 5441 3285 5496; x_wconf 86' lang='lat' dir='ltr'><strong>iidem</strong></span> <span class='ocrx_word' id='word_1_787' title='bbox 3329 5452 3636 5497; x_wconf 87' lang='lat' dir='ltr'><strong>rectaman-</strong></span> 
     </span>
    </p>
   </div>
   <div class='ocr_carea' id='block_1_117' title="bbox 2057 5505 3638 5583">
    <p class='ocr_par' dir='ltr' id='par_1_117' title="bbox 2057 5505 3638 5583">
     <span class='ocr_line' id='line_1_117' title="bbox 2057 5505 3638 5583; baseline 0.003 -20"><span class='ocrx_word' id='word_1_788' title='bbox 2057 5505 2369 5577; x_wconf 44' lang='lat' dir='ltr'><strong>tib&#39;u&#39;s&#39;ipéis</strong></span> <span class='ocrx_word' id='word_1_789' title='bbox 2411 5505 2846 5583; x_wconf 76' lang='lat' dir='ltr'><strong>G_r:eeis_editis,</strong></span> <span class='ocrx_word' id='word_1_790' title='bbox 2891 5511 3145 5582; x_wconf 86' lang='lat' dir='ltr'><strong>aliisque,</strong></span> <span class='ocrx_word' id='word_1_791' title='bbox 3181 5514 3345 5583; x_wconf 73' lang='lat' dir='ltr'><strong>juxta</strong></span> <span class='ocrx_word' id='word_1_792' title='bbox 3400 5513 3638 5568; x_wconf 78' lang='lat' dir='ltr'><strong>Isaiam:</strong></span> 
     </span>
    </p>
   </div>
   <div class='ocr_carea' id='block_1_118' title="bbox 2057 5580 3004 5636">
    <p class='ocr_par' dir='ltr' id='par_1_118' title="bbox 2057 5580 3004 5636">
     <span class='ocr_line' id='line_1_118' title="bbox 2057 5580 3004 5636; baseline 0 0"><span class='ocrx_word' id='word_1_793' title='bbox 2057 5589 2258 5636; x_wconf 84' lang='lat' dir='ltr'><strong>cumet</strong></span> <span class='ocrx_word' id='word_1_794' title='bbox 2284 5595 2413 5634; x_wconf 79' lang='lat' dir='ltr'><strong>vere</strong></span> <span class='ocrx_word' id='word_1_795' title='bbox 2444 5580 2597 5634; x_wconf 89' lang='lat' dir='ltr'><strong>locus</strong></span> <span class='ocrx_word' id='word_1_796' title='bbox 2621 5580 2874 5636; x_wconf 71' lang='lat' dir='ltr'><strong>Jeremia:</strong></span> <span class='ocrx_word' id='word_1_797' title='bbox 2912 5582 3004 5636; x_wconf 91' lang='lat' dir='ltr'><strong>sit.</strong></span> 
     </span>
    </p>
   </div>
  </div>
