4128 6210
498 250 603 319 967

1672 241 1731 299 3.
1771 235 2062 298 ΜΑΧΙΜΙ
2101 230 2611 296 CONFESSORIS

3660 221 3774 288 968

564 363 655 418 3t.
687 356 1184 429 .Quemadmodnm
1232 352 1376 426 ignis
1421 352 1690 409 memoria
1725 366 1929 422 corpus
1970 365 2082 405 non

2256 345 2359 399 λα’.
2404 344 2628 413 Ὠσπερ
2669 339 2857 412 μνήμη
2883 334 3053 409 πυρὸς
3082 334 3143 390 οὐ
3170 332 3458 410 θερμαίνει
3489 331 3551 388 τὸ
3583 332 3775 405 σῶμα,

496 453 769 517 calefacit,
815 452 897 507 sic.
930 463 1037 504 nec
1072 446 1210 503 ﬁdes
1261 445 1503 503 scientia:
1553 443 1977 500 illustrationem
2028 443 2086 497 in

497 548 684 604 animo
721 552 983 615 operatur
1024 540 1070 596 si
1102 538 1360 596 Charitas
1389 539 1553 594 desit.

566 636 653 691 5%.
689 635 842 690 Sicut
874 634 969 687 lux
1001 631 1135 686 solis
1163 645 1359 685 sanum
1408 628 1630 684 oculum
1672 626 1740 682 ad
1777 640 1835 683 se
1876 624 2081 690 trahit;

496 728 578 783 sic
604 735 661 781 ct
703 724 798 779 Dei
825 721 1066 793 cognitio
1103 737 1166 776 ac
1203 719 1455 785 scientia,
1483 733 1677 789 puram
1717 724 1955 772 mentem
1985 730 2087 785 per

498 814 821 873 charitatem
870 813 1109 868 naturali
1154 813 1222 867 ad
1267 826 1326 867 se
1373 810 1635 866 illecebra
1675 809 1904 880 pellicit.

571 990 738 1061 399
773 991 861 1045 55.
889 989 1041 1043 Mens
1075 1002 1209 1057 pura
1245 997 1349 1052 est,
1374 999 1497 1054 quae
1529 982 1854 1055 ignorantiae
1877 990 2086 1038 semota

499 1084 757 1155 caligine,
794 1082 981 1136 divina
1000 1082 1122 1136 luce
1144 1080 1524 1135 collustratur.

570 1176 659 1231 54.
704 1175 883 1229 Purus
908 1175 1128 1229 animus
1159 1179 1266 1237 est,
1313 1171 1407 1242 qui
1455 1186 1486 1224 a
1519 1169 1670 1224 vitiis
1714 1169 1981 1225 liberatus
2021 1183 2087 1224 ac

499 1265 1036 1338 perturbationibus,
1078 1263 1265 1320 divina
1307 1262 1581 1329 charitate
1633 1261 1837 1333 iugiter
1872 1260 2087 1315 exhila-

503 1366 679 1413 ratur.

571 1450 662 1505 55.
683 1450 930 1507 Aﬂ'ectus
958 1449 1299 1519 vituperium
1337 1447 1551 1502 habens
1585 1444 1954 1517 (perturbatio
1982 1441 2090 1500 sci-

501 1538 635 1596 licet
659 1547 823 1610 atque
851 1537 1070 1609 vitium)
1097 1545 1280 1593 motus
1311 1536 1482 1592 animi
1507 1545 1594 1591 est
1630 1534 1973 1590 innaturalis.

572 1627 663 1684 56.
701 1626 967 1681 Ἀπάθεια
1001 1624 1579 1697 (imperturbationem
1620 1622 1889 1688 dicamus,
1931 1621 2089 1679 sedac

2188 435 2332 490 οὖτω
2372 434 2555 498 πίστις
2594 434 2724 489 ἄνευ
2752 430 2999 501 ἀγάπης,
3038 428 3140 481 οὐκ
3167 428 3385 499 ἐνεργεῖ
3417 426 3500 490 είς
3524 424 3629 495 τὴν
3659 424 3775 494 ψυ-

2188 527 2292 599 χὴν
2312 526 2403 580 τὸν
2440 526 2541 595 τῆς
2567 524 2825 594 γνώσεως
2854 520 3160 591 φωτισμόν.

2260 617 2364 689 λβ’.
2414 619 2629 689 Ὥσπερ
2663 616 2722 670 τὸ
2759 614 2875 683 φῶς
2894 612 2993 667 τοῦ
3025 612 3181 683 ἡλίου
3208 610 3300 664 τὸν
3331 607 3460 678 ὑγιῆ
3490 606 3777 679 ὀφθαλμὸν

2187 712 2268 774 είς
2289 709 2451 764 ἑαυτὸ
2480 710 2769 778 ἐφέλκεται
2787 724 2801 736 ο
2830 704 2973 759 οὕτω
2996 704 3093 758 καὶ
3115 703 3148 774 ἡ
3169 700 3370 769 γνῶσις
3399 698 3496 752 τοῦ
3533 699 3668 753 Θεοῦ
3690 700 3774 771 (5)

2185 804 2278 856 τὸν
2327 801 2568 872 καθαρὸν
2617 800 2746 854 νοῦν
2794 798 3041 868 φυσικῶς
3074 796 3188 872 ᾔδιά
3241 796 3341 864 τῆς
3377 793 3602 863 ἀγάπης
3631 792 3774 863 πρὸς

2187 894 2387 963 ἑαυτὴν
2416 894 2736 947 ἐπισπᾶται.

2258 984 2357 1055 λγ’.
2395 986 2540 1049 Νοῦς
2573 987 2690 1039 ἐστι
2724 981 2988 1053 καθαρὸς,
3022 980 3052 1033 ὁ
3076 979 3302 1045 ἀγνοίας
3333 975 3646 1049 χωρισθεὶς,
3678 974 3775 1029 καὶ

2187 1077 2294 1132 ὑπὸ
2322 1077 2415 1131 τοῦ
2444 1076 2590 1130 θείου
2620 1076 2797 1146 φωτὸς
2822 1072 3337 1142 καταλαμπόμενος.

2256 1171 2355 1226 λδ’.
2392 1172 2557 1242 Ψυχή
2598 1170 2716 1223 ἐστι
2745 1167 2985 1238 καθαρά,
3021 1169 3055 1238 ἡ
3088 1164 3279 1219 παθῶν
3312 1159 3769 1232 ὲλευθερωθεῖσα,

2188 1266 2282 1321 καὶ
2311 1265 2418 1319 ὑπὸ
2459 1265 2560 1336 τῆς
2595 1262 2747 1320 Θείας
2804 1260 3026 1331 ἀγάπης
3071 1256 3435 1319 ἀδιαλείπτως
3478 1256 3776 1324 εὐφραινο-

2138 1364 2143 1369 ”
2189 1358 2351 1431 μένη.

2256 1450 2353 1504 λε’.
2397 1446 2575 1511 Πάθος
2629 1443 2769 1517 [Duo
2816 1443 2968 1515 Regii
3025 1449 3238 1496 tantum
3278 1434 3472 1509 πάθος]
3510 1434 3630 1490 ἐστὶ
3669 1432 3776 1497 ψε-

2187 1539 2337 1603 κτδν,
2366 1538 2583 1610 κίνησις
2612 1537 2793 1607 ψυχῆς
2828 1534 2980 1605 παρά
3017 1533 3201 1603 φύσιν.

2257 1633 2366 1698 λς’.
2419 1630 2687 1686 ’Δπάθειά
2716 1631 2869 1683 ἔστιν
2902 1624 3155 1699 εἰρηνικὴ
3196 1622 3535 1684 κατάστασις
3563 1618 3769 1689 ψυχῆς,

503 1718 655 1789 tique
681 1717 852 1773 animi
876 1732 942 1773 ac
963 1717 1259 1773 affectibus
1284 1714 1447 1771 vacui
1481 1712 1959 1785 tranquillitatem)
1986 1727 2085 1768 oa-

2200 1723 2313 1781 taO'
2334 1723 2408 1797 ᾖν
2435 1721 2754 1789 δυσκίνητος
2782 1717 2992 1789 γίνεται
3016 1715 3162 1788 ψυχὴ
3199 1714 3337 1785 πρὸς
3363 1711 3580 1767 κακίαν.

503 1819 662 1866 catus
713 1818 800 1865 est
844 1807 1013 1864 animi
1068 1816 1266 1874 status,
1317 1821 1428 1877 quo
1486 1806 1535 1862 is
1579 1820 1724 1877 azgre
1766 1804 1838 1860 ad
1886 1804 2087 1860 vitium

505 1910 783 1959 movetur.

574 1996 664 2051 57.
694 1995 798 2062 Qui
827 1994 1112 2050 charitatis
1148 1993 1363 2051 fructus
1391 1993 1584 2049 sedulo
1619 1998 1952 2049 consecutus
1980 1997 2088 2058 est,

505 2090 595 2145 vel
628 2088 675 2143 si
718 2088 1009 2143 innumera
1037 2086 1365 2143 sustinenda
1398 2086 1510 2141 sint
1548 2085 1711 2149 mala,
1741 2083 1811 2139 ab
1845 2098 1911 2139 ea
1940 2097 2090 2137 nun-

506 2197 671 2253 quam
700 2182 945 2235 animum
979 2178 1298 2234 transferet.
1328 2177 1629 2247 Fidemque
1661 2175 1829 2231 faciat
1853 2173 2092 2245 Stepha-

507 2293 612 2333 nus
663 2276 872 2332 Christi
925 2274 1251 2344 discipulus,
1299 2287 1365 2328 ac
1406 2272 1459 2327 ei
1508 2270 1719 2326 similes
1759 2270 1816 2337 ⁷;
1864 2268 2094 2339 ipseque

508 2369 780 2432 Salvator,
815 2382 915 2438 pro
957 2366 1069 2421 illis
1106 2366 1326 2420 Patrem
1354 2370 1617 2435 precatus
1644 2361 1738 2432 qui
1770 2359 1892 2415 neci
1916 2358 2091 2414 tradi-

507 2459 732 2523 derunt,
770 2456 1101 2527 veniamque
1128 2456 1196 2510 ab
1224 2470 1312 2517 eo,
1358 2462 1618 2524 tanquam
1650 2450 1759 2506 illis
1785 2447 2093 2521 ignorantia

509 2549 911 2614 laborantibus,
938 2562 1139 2619 rogans
1160 2546 1205 2602 ⁸.

580 2657 671 2712 58.
698 2656 836 2712 Cum
862 2653 1149 2710 cbaritatis
1174 2652 1247 2708 sit
1273 2650 1666 2723 longanimem,
1697 2648 2000 2718 mitemque
2030 2660 2096 2704 ac

510 2749 811 2821 benignum
855 2762 978 2803 esse
1011 2748 1054 2813 ’,
1096 2745 1190 2816 qui
1232 2747 1317 2800 ira
1358 2744 1494 2799 furit
1533 2743 1755 2815 agitque
1799 2740 2093 2808 malitiose,

2261 2003 2364 2072 λζ’.
2419 2003 2480 2059 ’0
2519 2003 2647 2067 τοὺς
2700 1997 2949 2072 καρποὺς
2991 1995 3092 2067 τῆς
3145 1992 3368 2064 ἀγάπης
3408 1990 3499 2045 διὰ
3535 1985 3775 2058 σπουδῆς

2192 2098 2555 2169 κτησάμενος,
2606 2095 2669 2149 οὐ
2732 2089 3079 2164 μετατίθεται
3130 2087 3359 2155 ταύτης,
3428 2080 3534 2136 κάν
3572 2077 3777 2169 μυρία

2193 2168 2385 2257 πάσχῃί
2408 2184 2575 2240 κακά.
2609 2182 2721 2237 Καὶ
2754 2180 2993 2234 πειθέτω
3039 2194 3099 2232 σε
3140 2176 3411 2245 Στέφανος
3438 2173 3470 2225 ὀ
3501 2168 3598 2224 τοῦ
3639 2169 3779 2239 Χρι-

2194 2279 2322 2334 στοῦ
2356 2276 2627 2350 μαθητὴς,
2668 2273 2763 2329 καὶ
2792 2273 2843 2328 οί
2884 2271 3006 2326 κατ’
3046 2269 3241 2325 αὐτόν·
3273 2266 3370 2322 καὶ
3405 2263 3572 2327 αὐτὸς
3600 2264 3631 2317 ὀ
3660 2263 3777 2314 Σω-

2193 2371 2299 2441 τὴρ
2330 2369 2471 2438 ὑπὲρ
2510 2366 2619 2421 τῶν
2657 2363 2932 2436 φονευτῶν
2971 2361 3073 2435 [αι.
3136 2354 3498 2430 φονευόντων]
3545 2352 3781 2425 εὐχόμε-

2192 2477 2283 2525 νος
2328 2459 2407 2531 τῷ
2454 2458 2653 2531 Πατρὶ,
2693 2456 2787 2510 καὶ
2826 2453 3158 2525 συγγνώμην
3200 2452 3330 2524 παρ’
3361 2446 3532 2504 αὑτοῦ
3564 2446 3642 2509 ὡς
3673 2445 3781 2512 ἀγ-

2202 2554 2406 2610 νοοῦσιν
2439 2554 2591 2610 αἱτού
2600 2568 2782 2624 μενος.
2827 2575 2833 2583 τ
3160 2564 3161 2567 ‘

2263 2648 2368 2719 λη’.
2410 2646 2473 2700 El
2501 2645 2602 2717 τῆς
2628 2645 2849 2715 ἀγάπης
2869 2641 2986 2697 ἐστὶ
3015 2641 3075 2695 τὸ
3107 2636 3483 2712 μακροθυμεῖν
3518 2632 3615 2687 καὶ
3640 2648 3783 2702 χρη·

2197 2739 2507 2803 στεύεσθαι,
2557 2739 2586 2793 ὁ
2628 2733 2966 2809 θυμομαχῶν
3005 2734 3100 2787 καὶ
3130 2727 3585 2801 πονηρευόμενος,
3618 2723 3784 2778 ἀλλά-

511 2842 775 2898 nimirum
804 2840 1022 2895 alienus
1055 2854 1085 2892 a
1110 2837 1381 2893 charitate
1413 2835 1691 2891 efficitur:
1720 2834 1935 2889 alienus
1963 2848 2095 2889 vero

2200 2846 2346 2905 τριος
2359 2830 2604 2902 δηλονότι
2623 2818 2725 2899 τῆς
2759 2829 2978 2897 ἀγάπης
3000 2824 3376 2879 καθίστασται·
3411 2821 3441 2872 ὁ
3474 2818 3531 2871 δὲ
3559 2816 3785 2887 ἀγάπης

511 2952 544 2992 a
569 2936 862 2998 charitate,
890 2949 923 2989 a
955 2933 1068 2989 Deo
1108 2931 1325 2986 alienus
1365 2936 1471 2995 est,
1505 2944 1633 2983 cum
1674 2928 1817 2984 Deus
1860 2926 2094 2982 charitas

510 3036 581 3089 sit
614 3036 681 3090 ιο.

585 3140 674 3195 59.
720 3137 896 3194 Nolite
927 3138 1118 3201 dicere,
1154 3135 1233 3192 ait
1271 3134 1495 3190 divinus
1519 3132 1809 3197 Jeremias,
1843 3128 2098 3202 templum

518 3231 732 3288 Domini
768 3248 948 3286 sumus
977 3231 1041 3284 ".
1083 3229 1165 3283 Tu
1193 3243 1413 3298 quoque
1445 3242 1516 3281 ne
1554 3226 1763 3281 dixeris
1798 3242 1811 3278 :
1847 3222 2005 3278 Nuda
2035 3225 2100 3277 ac

518 3327 634 3383 sola
670 3324 806 3379 fides
835 3324 890 3378 in
932 3321 1223 3377 Dominum
1271 3329 1520 3374 nostrum
1562 3318 1748 3374 Jesum
1794 3316 2098 3383 Christum,

519 3412 755 3468 salutem
800 3407 938 3463 mihi
967 3416 1149 3481 potest
1183 3414 1466 3477 przestare.
1499 3404 1618 3459 Non
1652 3405 1802 3459 enim
1835 3404 1943 3459 hoc
1982 3402 2098 3459 ﬁeri

523 3507 725 3573 potest,
754 3499 860 3553 nisi
905 3498 1070 3553 etiam
1113 3497 1441 3553 eharitatem
1482 3497 1541 3551 in
1576 3496 1757 3566 ipsum
1796 3511 1894 3565 per
1935 3510 2103 3565 opera

522 3591 954 3661 comparaveris.
976 3588 1059 3644 Ad
1093 3588 1398 3659 simplicem
1428 3587 1575 3643 enim
1613 3587 1776 3641 fidem
1804 3586 1950 3656 quod
1980 3586 2109 3640 atti-

523 3692 619 3740 net
654 3700 667 3737 :
718 3682 894 3736 Etiam
934 3682 1196 3736 da'mones
1230 3680 1470 3743 credunt,
1506 3686 1556 3732 et
1594 3678 1998 3732 contremiscunt
2039 3679 2103 3732 “.

593 3774 684 3830 40.
729 3772 1031 3829 Charitatis
1074 3787 1214 3844 opus
1253 3779 1357 3836 est,
1396 3769 1651 3825 beneficii
1692 3770 1748 3825 in
1790 3769 2103 3839 proximum

523 3879 592 3919 ex
620 3863 806 3919 animo
835 3862 1147 3925 collocatio,
1190 3867 1246 3916 et
1284 3858 1672 3930 longanimitas
1710 3866 1767 3912 et
1807 3856 2102 3929 patientia;

524 3957 768 4026 itemque
799 3963 950 4010 recta
979 3970 1105 4009 cum
1140 3951 1354 4007 ratione
1379 3951 1544 4006 rebus
1577 3950 1679 4004 uti.

595 4049 685 4103 41.
718 4046 824 4113 Qui
864 4047 1036 4100 Deum
1062 4043 1260 4114 diligit,
1301 4058 1404 4098 nec
1444 4043 1616 4096 ullum
1663 4040 1884 4095 tristitia
1912 4038 2104 4105 afﬁcit,

525 4155 630 4194 nec
649 4139 763 4210 ipse
783 4137 1074 4192 adversum
1099 4135 1337 4204 aliquem
1356 4133 1427 4187 ob
1455 4143 1807 4202 temporanea
1830 4130 2108 4185 triStitiam

526 4229 759 4286 assumit
786 4245 800 4282 :
835 4243 944 4282 una
964 4227 1232 4280 duntaxat
1258 4225 1337 4278 illi
1358 4223 1598 4279 salubris
1630 4222 1855 4276 tristitia
1875 4230 1979 4287 est,
1998 4238 2107 4292 qua

526 4331 583 4377 et
622 4319 792 4376 afficit
833 4327 892 4373 et
935 4317 1207 4383 afficitur;
1258 4330 1365 4385 qua
1407 4315 1601 4369 beatus
1640 4315 1841 4368 Paulus
1886 4322 1943 4368 et
1991 4314 2107 4383 ipse

527 4411 886 4467 contristatus
917 4417 1023 4474 est,
1058 4418 1115 4463 et
1142 4404 1493 4462 contristavit
1522 4404 1842 4461 Corinthios
1877 4406 1941 4459 ".

598 4499 688 4553 42.
733 4497 838 4564 Qui
878 4497 1051 4552 Deum
1089 4495 1290 4566 diligit,
1332 4494 1634 4565 angelicam
1668 4495 1792 4550 vitae
1836 4496 2107 4550 rationem

529 4591 585 4647 in
614 4599 762 4646 terra
793 4589 1070 4655 instituit;
1099 4603 1294 4658 nempe
1319 4588 1545 4659 jejuniis
1571 4603 1637 4642 ac
1660 4587 1865 4658 vigiliis
1884 4602 2104 4654 vacans,

530 4684 879 4755 psallensque
917 4690 974 4736 et
1014 4696 1201 4745 orans,
1249 4695 1353 4736 nec
1394 4679 1502 4735 nisi
1541 4695 1664 4750 qua:
1700 4679 1847 4734 bona
1888 4679 2003 4734 sint
2037 4678 2107 4735 de

529 4773 643 4829 ullo
670 4772 955 4827 hominum
987 4771 1256 4842 cogitans.

599 4861 688 4917 45.
724 4861 865 4917 Cum
899 4860 1049 4931 quod
1077 4860 1203 4930 quis
1237 4859 1410 4929 cupit,
1446 4859 1550 4914 hoc
1583 4866 1641 4914 et
1673 4858 1891 4928 assequi
1919 4858 2111 4914 conni-

531 4962 720 5022 tatur;
753 4954 933 5023 sitque
966 4953 1114 5008 Deus
1146 4952 1307 5006 bonis
1337 4951 1598 5005 omnibus
1630 4966 1694 5005 ac
1726 4949 2113 5004 desiderabili-

531 5045 659 5110 bus,
684 5044 823 5100 citra
846 5058 1066 5098 omnem
1098 5041 1568 5112 comparationem
1601 5040 1796 5094 melior
1830 5038 2112 5094 desidera-

534 5134 847 5205 biliorque;
892 5141 1099 5203 quanta
1144 5132 1335 5201 utique
1382 5130 1544 5184 nobis
1587 5128 1901 5183 adhibenda
1953 5128 2117 5198 400

534 5223 842 5295 diligentia,
880 5231 936 5277 ut
973 5222 1151 5293 ipsum
1186 5229 1384 5275 natura
1412 5218 1617 5273 bonum
1648 5232 1712 5272 ac
1749 5215 2119 5272 desiderabile

536 5313 982 5385 consequamur?

605 5406 696 5461 ιιι.
737 5406 817 5461 Ne
836 5420 1059 5461 carnem
1094 5412 1243 5459 tuam
1275 5404 1532 5475 turpibus
1560 5402 1780 5458 actibus
1802 5399 2119 5465 foedaveris,

536 5512 678 5554 neve
715 5497 963 5553 animum
1011 5497 1200 5567 pravis
1241 5495 1672 5568 cogitationibus
1704 5492 2120 5564 inquinaveris;

607 5632 780 5704 (Act.
808 5650 906 5699 vn,
941 5635 1030 5691 59.
1107 5636 1129 5669 '
1154 5637 1289 5692 Luc.
1323 5653 1471 5704 xmv,
1499 5636 1586 5691 5-ι.
1665 5636 1686 5669 ⁹
1713 5635 1733 5690 1
1756 5633 1883 5690 Cor.
1912 5648 2028 5698 κιιι,
2062 5631 2095 5685 4

2200 5629 2237 5661 ¹⁰
2271 5627 2477 5685 lJoan.
2512 5640 2584 5691 ιν,
2618 5625 2671 5679 8.

541 5702 653 5760 “ll
680 5703 810 5762 Cor.
841 5721 937 5772 vn,
969 5706 1021 5761 8.

2195 2924 2497 2998 ἀλλότριος,
2538 2921 2634 2977 τοῦ
2696 2919 2833 2975 Θεοῦ
2874 2920 3022 2972 ἐστιν
3073 2914 3373 2986 ἀλλότριος,
3403 2911 3561 2979 εἴπερ
3593 2910 3622 2962 δ
3647 2907 3786 2972 Θεὸς

2198 3019 2389 3089 ἀγάπη
2421 3015 2559 3071 ὲστί.

2120 3070 2165 3129 c'
2204 3070 2389 3162 (3.0'.’
2414 3108 2512 3176 Μὴ
2582 3105 2812 3173 εἴπητε,
2863 3100 3030 3171 φησὶν
3077 3100 3107 3153 δ
3154 3097 3296 3159 θεῖος
3331 3090 3627 3165 Ἱερεμίας*
3690 3089 3786 3143 δη

2198 3200 2345 3266 ναὸς
2385 3198 2607 3268 Κυρίου
2651 3194 2811 3250 ἐστέ.
2871 3194 2982 3248 Καὶ
3030 3191 3094 3245 σὺ
3128 3187 3203 3260 μὴ
3231 3189 3413 3257 εἴπης,
3438 3185 3522 3238 ὅτι
3560 3183 3626 3235 Ἥ
3652 3180 3784 3252 ψιλὴ

2202 3292 2387 3354 πίστις
2416 3291 2449 3361 ὴ
2476 3291 2556 3353 εἰς
2586 3289 2676 3342 τὸν
2702 3286 2909 3352 Κύριον
2938 3281 3093 3355 ἡμῶν
3127 3278 3334 3351 Ἰησοῦν
3356 3274 3592 3348 Χριστὸν
3619 3272 3787 3327 δύναο

2200 3385 2290 3438 ταί
2327 3401 2394 3455 με
2428 3382 2619 3436 σῶσαι.
2665 3380 2973 3450 Ἀμήχανον
2988 3373 3098 3444 γὰρ
3127 3372 3307 3433 τοῦτο,
3337 3368 3434 3423 ἐὰν
3459 3366 3533 3437 μὴ
3558 3365 3652 3455 καὶ
3681 3364 3787 3455 τὴν

2203 3452 2425 3543 ἀγάπην
2456 3476 2535 3537 εἰς
2558 3472 2721 3525 αὐτὸν
2753 3470 2841 3523 διά
2870 3466 2979 3520 τῶν
3009 3465 3189 3536 ἔργων
3226 3462 3427 3530 κτήσῃ.
3458 3456 3533 3510 To
3585 3454 3642 3507 δὲ
3687 3452 3784 3543 44:-

2204 3564 2309 3628 λῶς
2355 3552 2659 3616 πιστεύειν·
2725 3559 2833 3615 Kal
2872 3558 2945 3611 τὰ
2982 3553 3257 3624 δαιμόνια
3295 3547 3653 3603 πιστεύουσι
3682 3539 3784 3597 καὶ

2204 3657 2524 3725 φίσσουσι.

2282 3755 2355 3819 μ’.
2398 3746 2601 3816 Ἔργον
2650 3740 2873 3811 ἀγάπης
2919 3736 3068 3790 ἐστὶν
3116 3737 3150 3806 ἠ
3207 3735 3289 3797 είς
3331 3732 3422 3785 τὸν
3460 3729 3686 3800 πλησίον
3721 3727 3789 3781 ὲκ

2204 3837 2503 3900 διαθέσεως
2534 3833 2823 3906 εὐεργεσία
2867 3831 2963 3884 καὶ
2997 3825 3354 3900 μακροθυμία
3383 3823 3479 3877 καὶ
3507 3820 3786 3891 ὑπομονὴ·

2209 3933 2305 3987 καὶ
2334 3930 2395 3984 τὸ
2432 3927 2571 3999 μετά
2593 3925 2755 3997 ὀρθοῦ
2787 3923 2947 3991 λόγου
2976 3918 3286 3992 χρήσασθαι
3322 3919 3435 3978 τοῖς
3467 3913 3781 3986 πράγμασι.

2283 4028 2393 4094 μα’.
2449 4022 2506 4073 ὐ
2551 4016 2783 4086 ἀγαπῶν
2805 4015 2896 4067 τὸν
2921 4013 3053 4065 Θεὸν
3075 4012 3134 4065 οὐ
3161 4010 3339 4070 λυπεῖ,
3372 4005 3494 4058 οὐδὲ
3524 4004 3786 4057 λυπεῖται

2209 4114 2345 4187 πρός
2372 4130 2495 4167 τινα
2529 4111 2621 4165 διὰ
2659 4109 2972 4178 πρόσκαιρα
2991 4120 3006 4134 ·
3042 4104 3172 4172 μίαν
3194 4101 3250 4155 δὲ
3274 4099 3450 4169 λύπην
3484 4098 3581 4187 καὶ
3610 4096 3787 4148 λυπεῖ

2209 4186 2305 4262 καὶ
2341 4206 2598 4259 λυπεῖται
2647 4201 2936 4269 σωτήριον,
2964 4196 3034 4267 ἣν
3074 4197 3103 4248 ὁ
3136 4193 3402 4264 μακάριος
3447 4186 3661 4251 Παῦλος
3692 4186 3794 4240 καὶ

2211 4298 2482 4371 ἐλυπήθη,
2510 4295 2610 4351 καὶ
2633 4293 2873 4362 ἐλύπησε
2907 4290 3035 4352 τοὺς
3070 4284 3410 4357 Κορινθίους.

2289 4478 2398 4550 μβο,
2449 4476 2507 4530 '0
2541 4473 2770 4541 ἀγαπῶν
2802 4471 2894 4523 τδν
2919 4468 3072 4531 Θεὸν,
3112 4462 3403 4533 ἀγγελικὸν
3435 4460 3547 4531 βίον
3573 4457 3667 4510 ἐπὶ
3692 4456 3795 4527 γῆς

2215 4573 2305 4643 ζῇ,
2345 4566 2623 4639 νηστεύων
2663 4564 2759 4617 καὶ
2797 4559 3115 4635 ἀγρυπνῶν,
3143 4556 3367 4627 ψάλλων
3416 4553 3514 4607 καὶ
3560 4566 3796 4622 προσευ-

2212 4640 2465 4736 χύμενος,
2498 4660 2593 4714 καὶ
2615 4675 2683 4713 πε
2691 4658 2747 4731 pl.
2775 4654 2976 4718 παντὸς
3000 4649 3292 4724 ἀνθρώπου
3311 4647 3399 4701 ἀεὶ
3419 4645 3562 4699 καλά
3589 4640 3798 4711 λογιζό-

2287 4772 2396 4819 νος.

2441 4843 2506 4897 Εἰ
2533 4832 2741 4904 οὗτινός
2789 4854 2874 4898 τις
2927 4823 3204 4904 ἐπιθυμεῖ,
3259 4828 3454 4884 τούτου
3489 4826 3589 4880 καὶ
3616 4825 3798 4894 τυχεῖν

2217 4938 2581 5011 ἀγωνίζεται·
2616 4936 2833 4988 πάντων
2881 4930 2939 4984 δὲ
2973 4927 3080 4982 τῶν
3115 4924 3339 4994 ἀγαθῶν
3382 4922 3481 4975 καὶ
3519 4918 3795 4988 ἐπιθυμηο

2217 5033 2327 5087 τῶν
2346 5028 2697 5101 ἀγαθώτερον
2725 5024 2788 5078 τὸ
2819 5022 2974 5076 Θεῖον
3003 5020 3099 5074 καὶ
3132 5015 3605 5087 ὲπιθυμητότερον
3626 5012 3799 5077 ἀσυγ-

2217 5127 2420 5199 κρίτως
2441 5138 2456 5154 ·
2490 5121 2662 5191 πόσην
2686 5117 2795 5189 ἀρα
2836 5114 3074 5185 σπουδὴν
3118 5110 3408 5180 ὀφείλομεν
3439 5102 3794 5170 ἐνδείξασθαι,

2220 5197 2303 5275 ἵνα
2329 5217 2523 5273 τούτου
2544 5213 2639 5269 τοῦ
2659 5211 2820 5282 φύσει
2838 5205 3046 5278 ἀγαθοῦ
3068 5201 3333 5258 καὶὲπιθυ
3342 5197 3515 5271 μητοῦ
3525 5197 3795 5266 τύχωμεν.

2296 5397 2400 5470 μδ’.
2440 5396 2534 5466 Μὴ
2568 5389 2803 5465 μολύνῃς
2836 5389 2933 5460 τὴν
2959 5387 3138 5459 σάρκα
3170 5402 3266 5438 σου
3298 5384 3354 5436 ἐν
3382 5380 3629 5452 αἰσχραῖς
3657 5375 3803 5470 πρά-

2226 5467 2365 5558 ξεσι,
2405 5485 2513 5559 και
2535 5484 2612 5557 μὴ
2645 5483 2842 5555 μιάνῃς
2867 5479 2965 5551 τὴν
2986 5475 3164 5549 ψυχὴν
3196 5475 3454 5545 πονηροῖς
3490 5467 3806 5537 λογισμοῖς·

2789 5623 2828 5654 ¹¹
2857 5621 3064 5677 Jercm.
3102 5634 3194 5681 vn,
3228 5617 3281 5672 4.
3398 5616 3439 5646 ¹¹
3466 5612 3577 5669 Jac.
3614 5624 3677 5677 tt,
3716 5608 3815 5667 i9.
