4128 6210
414 338 520 403 9ύ9

1314 310 1670 404 ΟΑΡΙΤΠΜ
1709 346 1806 405 DE
1840 344 1973 405 cm

2079 342 2271 404 TATE
2304 342 2690 407 CENTURIA
2729 346 2779 407 Ι.
3554 357 3657 419 970

413 450 566 519 καὶὴ
607 448 799 517 είρήνη
853 445 944 499 τοῦ
1000 446 1135 500 Θεοῦ
1195 436 1557 507 ἐπελεύσεται
1611 456 1704 508 ἐπὶ
1747 456 1828 522 σὲ,
1886 457 1973 526 τὴι

2088 456 2550 526 supervenietque
2615 458 2715 511 tibi
2780 474 2884 527 pax
2926 460 3052 527 Dei,
3089 460 3417 517 eharitatem
3480 465 3657 520 addu-

409 539 633 609 ἀγάπην
658 540 917 610 φέρουσα.

486 637 590 701 με’.
631 630 819 693 Λίκιζε
866 629 965 701 τὴν
1015 632 1195 703 σάρκα
1226 650 1318 686 σου
1344 633 1528 705 ἀσιτίᾳ
1559 637 1654 689 καὶ
1683 639 1983 709 ἀγρυπνίᾳ,

411 725 507 778 καὶ
542 723 804 792 σχόλασον
850 721 1061 786 ἀόκνως
1097 723 1390 795 ψαλμωδία
1425 726 1518 779 καὶ
1544 732 1818 799 προσευχῇ
1842 744 1855 758 ⁸
1893 729 1989 784 καὶ

411 819 439 869 ό
466 813 737 884 ἁγιασμὸς
762 814 862 882 τῆς
887 815 1242 886 σωφροσύνης
1265 817 1359 870 ἐπὶ
1389 816 1449 869 σὲ
1478 816 1853 884 ἐπελεύσεται,
1887 822 1983 890 τὴν

410 908 629 977 ἀγάπην
660 904 864 975 φέρων.

482 999 599 1067 μς’.
654 1000 713 1053 ’0
747 1000 846 1066 τῆς
875 998 1024 1062 Θείας
1068 999 1428 1065 καταξιωθεὶς
1453 1002 1728 1072 γνώσεως,
1761 1002 1857 1055 καὶ
1889 1001 1981 1054 τὸν

410 1094 608 1160 ταύτης
640 1090 919 1160 φωτισμὸν
967 1090 1055 1143 διά
1102 1095 1202 1161 τῆς
1237 1093 1460 1164 ἀγάπης
1512 1094 1878 1163 κτησάμενος,
1917 1095 1980 1147 οὐ

412 1181 793 1253 ριπισοήσεταί
841 1196 970 1235 ποτε
1006 1181 1112 1233 ὐπὸ
1143 1181 1238 1235 τοῦ
1267 1186 1366 1253 τῆς
1406 1183 1711 1248 κενοδοξίας
1738 1184 1985 1252 πνεύμα-

409 1286 498 1334 τος
529 1272 686 1341 [unus
730 1272 858 1340 Reg.
887 1270 1194 1343 δαίμονος]’
1230 1274 1259 1325 ό
1288 1272 1344 1325 δὲ
1383 1274 1583 1343 ταύτης
1620 1275 1786 1345 μήπω
1816 1292 1984 1328 κατα-

411 1365 646 1429 ξιωθεὶς,
693 1364 935 1435 εὐχερῶς
986 1363 1077 1416 ὐπ’
1129 1364 1299 1434 αὐτῆς
1354 1366 1712 1437 περιφέρεται
1740 1365 1889 1437 [σόει.
1931 1375 1981 1419 et

404 1472 541 1509 unus
574 1455 702 1525 Reg.
737 1454 1011 1527 φέρεται].
1042 1455 1166 1508 Ἐὰν
1193 1451 1286 1510 οὖν
1308 1456 1595 1519 ότοιοῦτος
1625 1457 1682 1508 ἐν
1714 1458 1845 1509 πᾶσι
1870 1459 1981 1519 τοῖς

409 1550 497 1601 ὐπ’
530 1546 694 1601 αὐτοῦ
740 1548 1141 1619 πραττομένοις
1170 1546 1309 1616 πρὸς
1345 1547 1437 1600 τὸν
1485 1547 1617 1599 Θεὸν
1673 1546 1977 1619 ἀποϐλέψῃ,

406 1639 481 1699 ὡς
510 1638 577 1690 δι’
611 1638 773 1691 αὐτὸν
823 1636 1000 1690 πάντα
1031 1636 1223 1702 ποιῶν,
1261 1636 1459 1709 ῥᾳδίως
1503 1638 1600 1691 σὺν
1630 1636 1751 1707 Θεῷ
1785 1638 1982 1707 ὲκφεύυ

407 1730 553 1793 ξεται
584 1730 775 1798 αὐτήν.

2089 562 2239 602 cens.

2158 638 2247 690 45.
2276 638 2466 708 Alllige
2496 654 2716 693 carnem
2757 649 2905 695 tuam
2942 642 3123 696 inedia
3159 654 3215 697 et
3245 645 3479 715 vigiliis;
3511 650 3657 719 psal-

2087 724 2193 777 mis
2244 724 2374 778 item
2426 726 2783 782 concincndis
2822 739 2878 783 et
2919 730 3152 785 orationi
3197 731 3468 789 indefesso
3507 752 3655 803 vaca,

2086 818 2547 886 supervenictque
2595 819 2692 873 tibi
2735 823 3004 878 castitatis
3048 824 3408 881 sanctimonia
3448 837 3504 882 et
3544 830 3659 899 ipsa

2084 907 2410 963 eharitatem
2440 910 2738 965 adducens.

2156 1000 2243 1053 46.
2272 1000 2375 1065 Qui
2399 1001 2642 1055 divinam
2672 1004 2957 1058 scientiam
2986 1008 3248 1075 consequi
3274 1010 3498 1077 meruit,
3516 1013 3659 1081 ejus-

2085 1103 2193 1157 que
2217 1089 2640 1144 illustrationem
2677 1092 2969 1150 cbaritatis
3000 1112 3104 1164 ope
3137 1100 3494 1166 comparavit,
3522 1116 3665 1155 nun~

2084 1189 2249 1243 quam
2282 1190 2410 1229 eum
2452 1176 2633 1230 inanis
2672 1179 2859 1248 gloria:
2896 1182 3125 1250 spiritus
3157 1183 3485 1241 dissufllabit
3518 1206 3530 1240 :
3566 1191 3661 1259 qui

2082 1281 2216 1319 vero
2241 1282 2361 1320 eam
2394 1268 2629 1322 necdum
2660 1280 2853 1326 nactus
2881 1282 2986 1339 est,
3014 1275 3164 1330 illius
3198 1277 3358 1333 facile
3381 1295 3517 1335 aura
3547 1283 3660 1336 cir-

2084 1356 2409 1411 cumfertur.
2438 1357 2608 1428 Igitur
2642 1359 2688 1413 si
2722 1362 2821 1429 qui
2850 1362 2979 1417 talis
3018 1373 3123 1428 est,
3159 1365 3215 1419 in
3248 1369 3504 1424 omnibus
3538 1386 3661 1439 quae

2082 1446 2151 1501 ab
2184 1462 2252 1501 eo
2290 1456 2528 1517 aguntur
2559 1449 2614 1502 in
2642 1449 2815 1504 Deum
2841 1453 3142 1520 aspexerit,
3176 1463 3235 1508 ut
3265 1455 3320 1508 in
3346 1458 3504 1526 cujus
3532 1472 3660 1527 gra—

2081 1538 2213 1592 tiam
2249 1549 2448 1594 cuncta
2474 1548 2757 1609 operetur,
2798 1543 3018 1598 inanem
3044 1545 3273 1615 gloriam
3301 1548 3413 1602 Deo
3436 1549 3661 1619 auspice

2079 1629 2239 1685 facile
2269 1631 2490 1685 vitabit.

480 1819 585 1888 μς.
639 1820 697 1871 Ὀ
729 1820 895 1890 μήπω
932 1817 1109 1887 τυχὼν
1155 1817 1256 1886 τῆς
1299 1818 1450 1886 θείας
1474 1816 1726 1889 γνώσεως
1756 1818 1833 1888 (6)
1863 1819 1962 1888 τῆς

2150 1815 2240 1869 47.
2297 1815 2404 1881 Qui
2450 1817 2687 1873 necdum
2744 1818 2986 1875 divinam
3033 1823 3342 1891 scientiam,
3392 1844 3513 1897 qua!
3561 1844 3662 1899 per

402 1910 490 1961 διὰ
520 1909 739 1978 ἀγάπης
783 1907 1203 1980 ἐνεργουμένης,
1238 1906 1383 1976 μέγα
1407 1912 1593 1976 φρονεῖ
1606 1907 1699 1959 ἐπὶ
1727 1910 1845 1970 τοῖς
1874 1907 1970 1959 ὐπ’

402 2000 566 2053 αὐτοῦ
596 2000 737 2053 κατά
765 1999 897 2053 Θεὸν
928 1998 1345 2069 πραττομένοις.
1389 1998 1448 2053 ’0
1472 1998 1529 2051 δὲ
1553 1998 1759 2071 ταύτης
1791 2001 1977 2068 τυχεῖν

404 2092 781 2156 καταξιωοεὶς,
818 2091 955 2162 μετά
981 2090 1273 2155 διαθέσεως
1296 2091 1441 2160 λέγει
1468 2092 1539 2145 τά
1564 2093 1658 2147 τοῦ
1707 2093 1977 2163 πατριάρ-

402 2202 497 2253 χου
541 2183 794 2253 Ἀϐραὰμ
828 2185 1069 2253 ῥήματα,
1109 2181 1251 2253 άπερ
1297 2184 1459 2254 ἡνίκα
1516 2184 1617 2252 τῆς
1653 2183 1805 2247 θείας
1842 2200 1974 2238 κατ-

402 2274 606 2345 ηξιὼθη
629 2275 971 2344 ἐπιφανείας,
994 2270 1168 2327 εἶπενο
1202 2273 1347 2341 Ἐγὼ
1368 2276 1483 2343 ειμι
1510 2275 1585 2344 γῆ
1611 2275 1705 2328 καί
1725 2273 1973 2341 σποδός.

474 2375 587 2437 μη’.
642 2367 699 2421 Ὀ
744 2367 1079 2436 φοϐούμενος
1110 2366 1201 2419 τὸν
1258 2365 1488 2436 Κύριον,
1548 2365 1835 2436 συνόμιλον
1888 2367 1978 2419 ἀεὶ

400 2460 511 2528 ἔχει
559 2461 657 2529 τὴν
681 2457 1188 2527 ταπεινοφροσύνην
1208 2475 1222 2489 ⁸
1255 2458 1348 2510 καὶ
1376 2457 1465 2513 διὰ
1499 2457 1607 2511 τῶν
1654 2456 1861 2525 ταύτης
1888 2459 1976 2510 ὲν-

400 2550 761 2620 ουμημάτων,
820 2550 897 2612 είς
924 2547 1023 2618 τὴν
1059 2548 1209 2603 θείαν
1244 2548 1466 2615 ἀγάπην
1494 2548 1590 2601 καὶ
1619 2548 1976 2618 εὐχαριστίαν

399 2641 640 2711 ἔρχεται.
673 2641 1018 2709 Μνημονεύει
1044 2639 1152 2709 γάρ
1181 2640 1279 2708 τῆς
1310 2639 1453 2692 κατά
1483 2639 1574 2691 τὸν
1609 2639 1814 2708 κόσμον
1841 2655 1975 2708 προ-

399 2732 560 2801 τέρας
585 2731 881 2800 διαγωγῆς,
909 2732 1003 2784 καὶ
1036 2731 1143 2783 τῶν
1184 2730 1444 2783 ποικίλων
1491 2730 1975 2801 παραπτωμάτων,

400 2824 495 2876 καὶ
525 2821 633 2873 τῶν
670 2823 735 2874 ἐκ
758 2821 1008 2891 νεότητος
1048 2819 1373 2890 συμϐάντων
1407 2817 1557 2888 αὐτῷ
1598 2816 1924 2888 πειρασμῶν
1948 2833 1961 2846 ⁸

401 2911 491 2961 καὶ
510 2908 624 2972 πῶς
644 2909 856 2962 πάντων
875 2908 1094 2963 ἐκείνων
1113 2907 1383 2980 ἐρρύσατο
1404 2908 1568 2962 αὐτὸν
1586 2909 1613 2960 ὁ
1632 2906 1855 2978 Κύριος,
1878 2907 1972 2961 καὶ

407 3003 735 3071 μετέστησεν
785 3002 892 3054 ἀπὸ
938 3000 1037 3071 τῆς
1079 3000 1361 3071 ὲμπαθοῦς
1395 3001 1562 3070 ζωῆς,
1598 3000 1677 3062 είς
1708 2999 1798 3052 τὸν
1832 2998 1975 3052 κατά

400 3092 533 3146 Θεὸν
579 3092 691 3162 βίον
715 3108 727 3121 ·
763 3091 857 3147 καλ⁸
894 3093 989 3145 σὺν
1021 3091 1100 3161 τῷ
1134 3091 1303 3162 φόϐῳ,
1354 3090 1839 3161 προσλαμϐάνεται
1881 3087 1976 3141 καὶ

2078 1904 2407 1963 eharitatem
2453 1908 2668 1963 amatur
2709 1909 2772 1974 η,
2800 1922 2997 1967 nactus
3022 1922 3127 1977 est,
3171 1917 3343 1970 altum
3387 1918 3547 1987 sapit,
3588 1920 3659 1973 ob

2076 2012 2142 2050 ea
2170 2014 2291 2066 qua:
2332 1999 2401 2053 ab
2434 2000 2528 2054 illo
2568 2000 2656 2069 pie
2685 2014 2750 2055 ac
2786 2004 3045 2073 religiose
3090 2016 3353 2076 aguntur.
3396 2010 3498 2075 Qui
3528 2028 3659 2065 vero

2078 2087 2223 2143 hanc
2254 2091 2519 2159 consequi
2562 2092 2786 2156 meruit,
2819 2095 2987 2148 verba
3022 2095 3115 2150 illa
3158 2100 3392 2154 Abraha-
3432 2103 3662 2170 patriar-

2075 2177 2215 2243 chzc,
2240 2194 2365 2234 cum
2392 2180 2579 2236 divina
2610 2183 2953 2251 apparitione
2976 2186 3230 2255 dignatus
3256 2199 3360 2255 est,
3382 2208 3450 2245 ex
3475 2193 3659 2249 animo

2078 2268 2289 2338 profert
2316 2288 2327 2322 :
2366 2270 2480 2341 Ego
2508 2289 2626 2326 sum
2655 2280 2799 2326 terra
2831 2283 2881 2327 et
2903 2277 3034 2330 cinis
3061 2277 3125 2331 ‘5.

2147 2358 2236 2413 48.
2277 2358 2380 2426 Qui
2414 2361 2570 2416 timet
2607 2362 2923 2428 Dominum,
2954 2365 3186 2421 modesti
3228 2370 3395 2424 animi
3435 2386 3656 2428 sensum

2078 2450 2159 2521 (id
2189 2462 2293 2517 est,
2315 2452 2705 2525 humilitatem)
2732 2470 2950 2525 semper
2983 2459 3435 2516 contubernalem
3469 2464 3656 2530 habet,

2078 2559 2285 2612 perque
2336 2546 2458 2615 ejus
2510 2547 2698 2601 animo
2741 2548 3101 2604 obversantes
3160 2552 3542 2622 cogitationes,
3589 2557 3658 2610 ad

2078 2629 2319 2685 divinam
2367 2632 2693 2688 eharitatem
2744 2642 2799 2688 et
2842 2636 3145 2705 gratiarum
3180 2640 3450 2695 actionem
3487 2644 3655 2697 venit.

2078 2724 2329 2778 Meminit
2371 2725 2519 2779 enim
2565 2726 2767 2796 prioris
2802 2742 2914 2782 sua:
2949 2744 3016 2783 ex
3053 2732 3237 2785 saeculi
3270 2749 3371 2787 usu
3398 2735 3543 2797 vitaz,
3574 2735 3659 2788 di—

2078 2828 2475 2885 versorumque
2527 2825 2865 2883 erratorum,
2919 2835 2983 2875 ac
3023 2836 3215 2876 earum
3269 2825 3656 2890 tentationum,

2078 2920 2201 2974 qua:
2232 2920 2264 2959 a
2304 2906 2596 2976 juventute
2639 2908 2716 2964 illi
2759 2911 3083 2966 acciderunt
3125 2930 3138 2965 :
3189 2916 3464 2983 quomodo
3490 2919 3657 2971 etiam

2076 2995 2344 3051 Dominus
2379 2997 2449 3052 ab
2483 2997 2569 3051 bis
2606 3000 2863 3055 omnibus
2898 3016 3026 3055 eum
3063 3001 3402 3069 liberaverit,
3431 3015 3592 3076 atque
3626 3024 3656 3062 a

2077 3087 2190 3143 vita
2222 3074 2520 3147 libidinosa
2548 3091 2811 3162 vitiisque
2839 3093 3047 3160 dedita,
3087 3095 3155 3150 ad
3190 3112 3311 3152 eam
3352 3074 3655 3158 trans-tule-

400 3184 501 3253 τὴν
543 3184 784 3252 ἀγάπην,
817 3183 1155 3253 εὐχαριστῶν
1182 3183 1270 3236 ἀεὶ
1302 3181 1438 3251 μετὰ
1468 3179 1973 3251 ταπεινοφροσύνης

2079 3178 2176 3245 rit,
2224 3195 2346 3249 qua:
2387 3180 2496 3250 piis
2545 3197 2609 3237 ac
2652 3182 2927 3253 religiosis
2960 3187 3211 3243 moribus
3250 3189 3501 3247 instituta
3542 3193 3654 3248 sit:

400 3275 603 3345 πολλῆς
628 3275 707 3345 τῷ
735 3274 1121 3347 εὐεργέτῃ,καὶ
1158 3273 1465 3345 κυϐερνήτῃ
1496 3274 1595 3344 τῆς
1623 3274 1766 3341 ζωῆς
1795 3270 1974 3342 ἡμῶν.

2083 3268 2367 3341 ipsamque
2425 3272 2753 3328 eharitatem
2803 3288 2929 3328 cum
2984 3276 3179 3332 timore
3222 3280 3475 3343 assumit,
3528 3298 3653 3336 cum

398 3383 593 3437 magna
626 3383 821 3423 sensus
866 3367 1138 3422 modestia
1175 3366 1255 3439 (id
1298 3375 1403 3431 est,
1440 3366 1773 3437 humilitate)
1825 3366 2166 3423 benefactori
2238 3380 2303 3420 ac
2364 3365 2717 3436 gubernatori
2774 3368 2903 3423 vita;
2936 3378 3141 3424 nostra:
3183 3386 3401 3441 semper
3451 3374 3658 3445 gratias

399 3476 589 3514 θέρηε.

435 3499 589 3620 Ἶῶῗ
617 3551 708 3618 Μὴ
740 3550 998 3621 ρυπὼσῃς
1027 3550 1117 3602 τὸν
1172 3548 1297 3602 νοῦν
1331 3566 1448 3614 σου,
1474 3549 1751 3620 λογισμῶν
1780 3550 1970 3619 ἀνεχό-

407 3659 561 3710 μενος
612 3640 907 3711 ὲπιουμίας
952 3643 1045 3694 καὶ
1092 3640 1287 3711 θυμοῦ,
1340 3642 1426 3695 ῐνα
1474 3642 1548 3711 μὴ
1577 3642 1679 3711 τῆς
1723 3641 1973 3711 καθαρᾶς

403 3731 709 3802 προσευχῆς
752 3728 1025 3798 ἐκπεσὼν,
1059 3729 1137 3801 τῷ
1169 3731 1267 3801 τῆς
1297 3731 1529 3803 ἀκηδίας
1568 3732 1842 3801 πνεύματι
1871 3747 1970 3781 πε-

403 3823 649 3895 ριπέσῃς.

469 3923 532 3969 ν’.
571 3917 646 3969 Τὸ
691 3914 995 3985 τηνικαῦτα
1036 3916 1065 3967 ὁ
1112 3914 1235 3979 νοῦς
1273 3918 1372 3986 τῆς
1418 3914 1555 3984 πρὸς
1588 3912 1722 3965 Θεὸν
1766 3914 1978 3982 παρρη-

405 4008 523 4069 σίας
558 4007 837 4071 ἐκπίπτει,
881 4005 1118 4077 ὁπηνίκα
1159 4006 1476 4077 πονηροῖςῆ
1514 4006 1776 4077 ῥυπαροῖς
1825 4003 1972 4072 λογι-

406 4101 560 4169 σμοῖς
600 4098 881 4166 συνόμιλος
910 4099 1158 4166 γένηται.

474 4195 575 4242 να’.
622 4189 682 4240 ’0
714 4190 815 4259 μὲν
842 4191 1031 4259 ἀφρων
1059 4189 1163 4242 ὐπὸ
1188 4188 1295 4241 τῶν
1327 4187 1519 4242 παθῶν
1564 4188 1849 4258 ἀγόμενος,
1884 4188 1972 4241 ὅτε

408 4280 504 4349 μὲν
530 4281 635 4334 ὐπὸ
666 4281 757 4333 τοῦ
778 4280 948 4351 ουμοῦ
971 4280 1286 4350 κινούμενος
1306 4280 1723 4350 ὲκταράσσεται,
1750 4279 1974 4349 φεύγειν

2146 3546 2235 3602 49.
2267 3546 2348 3602 Ne
2368 3547 2689 3617 cupiditatis
2725 3548 2930 3617 iraeque
2960 3551 3325 3620 cogitationes
3351 3556 3652 3623 sustinens,

2078 3635 2324 3688 animum
2380 3646 2537 3689 tuum
2604 3637 2910 3706 pollueris,
2965 3655 3037 3694 ne
3088 3641 3358 3697 orationis
3414 3648 3654 3714 puritate

2076 3728 2301 3791 amissa,
2327 3726 2382 3779 in
2409 3726 2612 3782 acediaa
2636 3728 2892 3799 spiritum
2922 3729 3160 3785 indicas.

2152 3900 2239 3955 50.
2278 3901 2433 3956 Tunc
2463 3917 2618 3958 mens
2665 3918 2886 3957 omnem
2921 3903 2989 3958 ad
3011 3905 3183 3959 Deum
3213 3905 3466 3961 ﬁduciam
3494 3909 3654 3964 amit-

2073 3991 2160 4051 tit,
2197 4007 2322 4045 cum
2370 3992 2555 4062 pravis
2594 3994 2943 4065 sordidisque
2984 3997 3413 4068 cogitationibus
3461 4016 3653 4060 assue~

2071 4084 2237 4139 verit.

2143 4178 2231 4231 51.
2263 4176 2439 4231 Homo
2461 4194 2656 4234 vecors
2682 4179 2997 4249 nulliusque
3014 4181 3211 4253 judicii
3237 4183 3333 4254 qui
3357 4184 3651 4243 affectibus

2070 4286 2135 4324 ac
2182 4271 2412 4326 libidine
2465 4281 2679 4341 agatur,
2727 4281 2841 4328 tum
2892 4274 3139 4343 quidem,
3190 4292 3314 4331 cum
3366 4278 3651 4336 iracundia

403 4370 701 4437 ἀλογίστως
748 4370 872 4431 τοὺς
909 4368 1171 4437 ἀδελφοὺς
1216 4367 1527 4435 ἐπείγεται·
1571 4368 1659 4420 ὅτε
1700 4366 1757 4419 δὲ
1808 4366 1969 4419 πάλιν

2077 4370 2380 4416 commotus
2396 4364 2783 4427 conturbatur,
2814 4364 3045 4419 fratrum
3078 4367 3285 4433 insulse
3310 4372 3649 4426 consortium

404 4459 506 4511 ὑπὸ
548 4460 648 4529 τῆς
686 4458 981 4527 ἐπιθυμίας
1039 4456 1478 4526 ἐκθερμαίνεται,
1529 4455 1966 4525 μεταμελόμενος

402 4545 554 4611 αὖθις
598 4548 949 4619 προστρέχων
999 4547 1231 4616 ἀπαντᾷ.
1281 4547 1338 4597 '0
1366 4545 1422 4597 δὲ
1448 4545 1729 4614 φρόνιμος,
1756 4544 1844 4595 ἐπ’
1868 4544 1969 4612 ἀμ-

403 4642 644 4711 φοτέρων
697 4641 1002 4693 τούναντίον
1043 4641 1205 4691 ποιεῖ.
1256 4638 1348 4689 ὲπὶ
1386 4636 1485 4707 μὲν
1516 4635 1623 4706 γὰρ
1656 4634 1748 4687 τοῦ
1770 4633 1964 4705 θυμοῦ,

401 4736 496 4795 τὰς
542 4734 718 4795 αἰτίας
756 4733 854 4802 τῆς
897 4732 1141 4802 ταραχῆς
1189 4729 1450 4799 ἐκκόψας,
1519 4730 1615 4798 τῆς
1660 4729 1797 4797 πρὸς
1840 4728 1966 4787 τοὺς

399 4824 657 4892 ἀδελφοὺς
686 4821 859 4889 λύπης
892 4821 1081 4873 ἑαυτὸν
1108 4820 1470 4874 ἀπαλλάττει·
1507 4818 1601 4869 ἐπὶ
1633 4816 1688 4870 δὲ
1711 4816 1811 4885 τῆς
1842 4817 1965 4868 ἐπι-

400 4915 619 4984 θυμίας,
643 4914 739 4984 τῆς
765 4912 958 4981 ἀλόγου
993 4911 1168 4983 ὁρμῆς
1199 4912 1293 4963 καὶ
1327 4908 1614 4978 συντυχίας
1640 4905 1972 4977 ἐγκρατεύε-

397 5020 502 5058 ται.

465 5180 563 5248 νβ’.
607 5177 693 5250 Ἑν
726 5177 803 5247 τῷ
832 5176 1011 5246 καιρῷ
1038 5177 1145 5229 τῶν
1176 5174 1516 5245 πειρασμῶν,
1548 5173 1621 5243 μὴ
1656 5173 1966 5245 καταλίπῃς

395 5269 455 5320 τὸ
486 5268 845 5338 μοναστήριόν
876 5283 970 5319 σου
992 5282 1005 5294 °
1030 5265 1165 5318 ἀλλά
1196 5267 1331 5335 φέρε
1366 5266 1628 5332 γενναίως
1658 5265 1723 5317 τὰ
1747 5265 1966 5335 κύματα

394 5359 501 5410 τῶν
546 5358 857 5426 λογισμῶν,
916 5358 1010 5410 καὶ
1051 5356 1285 5426 μάλιστα
1336 5357 1445 5408 τῶν
1490 5355 1591 5425 τῆς
1642 5354 1817 5427 λύπης
1873 5358 1965 5409 καὶ

395 5451 643 5521 ἀκηδίας.
674 5448 829 5501 Οὕτω
854 5448 961 5519 γὰρ
985 5448 1340 5517 οἰκονομικῶς
1359 5446 1436 5517 (g)
1464 5446 1553 5501 διὰ
1584 5447 1693 5500 τῶν
1730 5447 1961 5517 ολίψεων

470 5604 512 5637 ⁸⁸
540 5603 717 5659 Galat.
749 5619 804 5669 v,
837 5604 890 5659 6.
968 5604 1011 5635 ¹⁸
1038 5604 1177 5659 Gen.
1208 5621 1321 5671 xix,
1348 5608 1437 5661 27.

2071 4452 2247 4505 vitare
2292 4454 2489 4522 satagit
2538 4471 2549 4505 :
2609 4469 2847 4522 cumque
2903 4471 3098 4511 rursus
3136 4458 3436 4527 cupiditate
3489 4461 3645 4532 401

2070 4553 2356 4609 exaestuat,
2393 4555 2602 4599 mutato
2634 4563 2828 4602 rursus
2858 4550 3112 4614 consilio,
3140 4552 3357 4607 illorum
3395 4569 3453 4607 se
3490 4556 3647 4608 ρωπί-

2073 4635 2177 4689 bus
2204 4650 2438 4704 propere
2471 4636 2690 4706 ingerit.
2736 4640 2827 4703 At,
2870 4642 2965 4710 qui
3011 4644 3256 4711 prudens
3297 4660 3361 4699 ac
3391 4645 3649 4701 cordatus

2072 4736 2177 4785 est.
2218 4740 2377 4780 secus
2412 4727 2468 4780 in
2498 4729 2746 4799 utrisque
2774 4748 2831 4785 se
2862 4735 3039 4803 gerit:
3080 4735 3361 4790 iracundia
3386 4736 3531 4789 enim
3562 4737 3647 4789 in-

2073 4816 2333 4883 stinctus,
2366 4819 2568 4873 excisis
2594 4821 2989 4893 indignationis
3027 4828 3230 4892 causis,
3257 4827 3407 4881 omni
3435 4843 3492 4882 se
3520 4844 3649 4897 erga

2077 4904 2275 4961 fratres
2320 4909 2640 4965 morositate
2676 4912 2946 4981 absolvit;
2985 4917 3305 4986 cupiditatis
3341 4933 3473 4971 vero
3512 4928 3647 4972 testu

2077 5010 2291 5069 agente,
2351 5015 2380 5053 a
2430 5016 2633 5056 vesano
2684 5004 2893 5074 impetu
2944 5022 3007 5060 ac
3054 5022 3349 5078 COIIgl‘CSSU
3403 5022 3460 5061 se
3516 5016 3650 5061 tem-

2077 5099 2251 5159 perat.

2147 5181 2233 5234 52.
2277 5178 2396 5245 Quo
2427 5188 2674 5248 tempore
2715 5184 3049 5238 tentationes
3080 5185 3364 5255 ingruunt,
3395 5204 3464 5242 ne
3486 5188 3654 5243 dese-

2073 5286 2162 5324 ras
2190 5272 2589 5326 monasterium
2623 5280 2810 5336 tuum;
2844 5276 2975 5342 quin
3011 5286 3237 5331 strenue
3276 5278 3418 5333 ferto
3449 5280 3654 5333 fluctus

2072 5359 2503 5429 cogitationum;
2541 5362 2848 5429 praesertim
2888 5380 3022 5418 vero
3056 5366 3293 5422 tristitiae
3330 5378 3385 5421 et
3422 5368 3649 5423 accdizc.

2072 5448 2161 5504 Sic
2188 5450 2337 5503 enim
2378 5458 2529 5504 certa
2566 5448 2980 5519 dispensatione
3023 5472 3123 5525 per
3168 5457 3493 5514 aﬂlictiones
3523 5475 3649 5529 pro~

465 5738 538 5810 (g)
571 5740 733 5795 Οϋτω
764 5741 871 5810 γὰρ
899 5743 1307 5811 οἰκονομικῶς.
1377 5745 1462 5801 δίο
1486 5746 1726 5817 provide,
1762 5760 1824 5800 ac
1880 5762 1973 5817 qut

2077 5745 2304 5815 reddidi,
2339 5756 2482 5803 certa
2508 5750 2918 5822 dispensatione.
2968 5752 3061 5809 Sic
3116 5768 3173 5807 n.
3201 5753 3304 5808 30:
3342 5752 3453 5823 Τῆς
3500 5764 3657 5805 κενο-

792 5835 1055 5898 PATROL.
1102 5837 1214 5895 Gn.
1258 5838 1381 5900 XC.

3216 5844 3291 5903 31
