4066 6188
489 308 593 374 971

1664 313 1724 372 S.
1765 311 2052 372 MAXIMI
2088 307 2592 374 CONFESSORIS

3641 304 3756 372 972

487 417 898 486 batus,lirmam
927 421 980 474 iu
1007 420 1178 474 Deum
1209 434 1361 490 Spem
1388 422 1740 478 naucisceris.
1769 423 1865 478 Sin
1885 430 2065 477 autem

2184 423 2536 494 ἳοκιμασθεὶς,
2559 423 2699 488 ἔξεις
2733 421 2953 492 βεϐαίαν
2979 418 3076 490 τὴν
3099 420 3176 484 είς
3210 418 3342 474 Θεὸν
3365 417 3574 472 ὲλπίδα.
3615 420 3750 474 Ἐὰν

488 511 825 574 deserueris,
873 510 1142 580 reprobus
1177 521 1233 566 et
1277 511 1628 570 effeminatus
1682 514 2066 584 instabilisque

489 601 811 657 invenieris.

559 691 647 746 53.
671 689 788 745 Nisi
822 689 1109 756 charitatis
1137 692 1195 747 in
1224 693 1681 765 Deumjacturam
1704 694 1886 750 facere
1905 695 2065 760 velis,

487 797 618 838 eave
650 785 879 837 fratrem
916 781 1210 838 adversum
1251 792 1304 838 te
1351 800 1496 856 aegre
1540 785 1726 841 animo
1771 785 2066 840 habentem

487 872 569 925 ire
596 871 846 926 cubitum
873 871 1174 940 dimiseris,
1202 873 1290 928 vel
1314 873 1432 943 ipse
1451 873 1718 930 adversus
1744 875 1900 929 illum
1921 889 2066 944 aegre

490 961 703 1018 habens
734 963 903 1030 ieris;
933 963 1029 1019 sed
1059 981 1072 1017 :
1112 963 1272 1030 Vade,
1307 964 1650 1020 reconciliare
1687 966 1849 1037 fratri
1878 975 1988 1031 tuo,
2019 973 2068 1019 et

490 1053 703 1108 ueniens
734 1053 799 1120 '°,
837 1069 976 1123 pura
1021 1055 1361 1122 conscientia
1395 1069 1492 1124 per
1527 1055 1712 1126 jugem
1737 1055 2066 1120 orationem,

492 1144 594 1198 alia
605 1143 642 1199 ri
653 1146 783 1200 tatis
816 1145 1024 1200 donum
1049 1146 1189 1202 offer
1205 1145 1446 1202 Christo.

564 1332 654 1387 54.
681 1331 820 1388 Cum
853 1332 920 1398 is,
947 1332 1042 1402 qui
1077 1333 1293 1389 eunetis
1321 1331 1562 1404 Spiritus
1586 1333 1746 1389 donis
1781 1333 2067 1404 praeditus,

492 1441 601 1480 una
627 1424 884 1480 deﬁcitur
907 1425 1200 1492 cbaritate,
1220 1425 1360 1479 nihil
1389 1425 1540 1491 inde,
1557 1426 1729 1481 Paulo
1751 1433 1977 1480 auctore
2003 1425 2070 1493 ",

492 1517 763 1573 commodi
788 1516 1024 1584 referat;
1051 1527 1260 1588 quanto
1288 1517 1452 1574 uobis
1471 1517 1656 1574 studio
1672 1517 2070 1573 connitendum

492 1618 556 1664 ut
580 1625 702 1664 eam
721 1610 1118 1679 assequamur?

561 1701 649 1754 55.
702 1699 839 1754 Cum
887 1699 1132 1754 Charitas
1179 1699 1382 1754 malum
1437 1702 1677 1772 proximo
1729 1717 1834 1754 non
1893 1715 2074 1771 opere-

493 1799 582 1844 tur
627 1791 669 1822 ‘°
719 1789 910 1862 [Vulg.
958 1790 1159 1844 malum
1191 1759 1466 1863 proximi];
1509 1791 1603 1860 qui
1640 1790 1801 1844 fratri
1845 1759 2074 1855 invidet,
2106 1759 2149 1816 Β

493 1884 728 1953 ejusque
761 1883 1012 1938 claritate
1039 1883 1225 1938 animo
1263 1883 1650 1945 discruciatur,
1691 1896 1908 1936 necnon
1943 1895 2078 1950 pro-

491 1973 674 2028 brosis
735 1974 922 2030 verbis
974 1989 1041 2030 ac
1099 1974 1349 2029 dicteriis
1406 1974 1556 2029 illius
1613 1973 2078 2028 existimationem

493 2068 884 2132 (actumaculat,
921 2076 1018 2122 aut
1047 2082 1168 2136 prae
1193 2067 1540 2131 morositate,
1586 2065 1640 2120 in
1679 2064 1867 2134 aliquo
1897 2063 1948 2118 ei
1986 2063 2074 2118 in-

494 2157 662 2211 struit
691 2157 942 2222 insidias,
974 2156 1261 2225 quomodo
1298 2171 1410 2211 non
1453 2171 1513 2210 se
1555 2156 1798 2210 alienum
1833 2169 1864 2208 a
1899 2153 2082 2210 chari-

494 2254 626 2310 tate,
655 2246 959 2315 aeternique
988 2261 1142 2299 reum
1162 2246 1362 2316 judicii
1384 2246 1645 2314 pratstat?

563 2337 651 2392 56.
677 2336 817 2392 Cum
861 2337 1132 2408 plenitudo
1173 2336 1302 2408 legis
1327 2338 1395 2391 sit
1423 2337 1629 2392 dilectio
1661 2339 1725 2404 η,
1755 2341 1850 2409 qui
1880 2341 2079 2398 adver-

497 2443 594 2482 sus
635 2427 864 2482 fratrem
913 2428 1250 2482 simultatem
1287 2428 1404 2494 alit,
1439 2437 1603 2498 atque
1648 2429 1705 2483 in
1748 2445 1875 2486 eum
1924 2433 2082 2490 dolos

497 2520 745 2586 instruit,
782 2520 1039 2589 maleque
1076 2519 1156 2574 illi
1210 2528 1489 2589 precatur,
1531 2537 1596 2575 ac
1631 2521 1752 2592 ejus
1785 2538 1915 2578 casu
1950 2540 2084 2595 gau-

497 2611 612 2676 det,
647 2611 926 2681 quomodo
951 2627 1062 2666 nou
1088 2611 1332 2683 iniquus,
1364 2623 1685 2684 anet-noque
1722 2613 1922 2686 dignus
1946 2631 2081 2687 sup-

495 2704 664 2774 plicio
687 2711 793 2758 est.

576 2797 665 2851 57.
701 2795 838 2850 Cum
868 2794 937 2860 is,
965 2795 1054 2866 qui
1076 2795 1307 2850 detrahit
1335 2795 1495 2865 fratri
1521 2804 1570 2850 et
1586 2795 1801 2866 judicat
1838 2789 2102 2868 fratremf

499 2888 601 2959 legi
631 2889 878 2942 detrahat
903 2896 953 2941 et
980 2888 1188 2958 judicet
1225 2888 1390 2958 legem
1416 2889 1495 2954 ⁸ος
1532 2888 1738 2943 Christi
1767 2898 1950 2944 autem
1973 2891 2081 2957 lex,

497 2979 728 3033 dilectio
772 2979 844 3033 sit
885 2979 951 3042 ³³,
984 2993 1082 3033 seu
1121 2977 1396 3044 charitas;
1433 2980 1711 3048 quomodo
1746 2981 2030 3034 detractor
2053 2996 2084 3034 a

2165 515 2223 569 δὲ
2254 515 2690 587 καταλιμπάνῃς,
2723 514 2982 583 ἀδόκιμος
3005 512 3098 566 καί
3117 511 3375 582 ἄνανδρος
3389 511 3484 564 καί⁸
3511 513 3750 574 ἀστατος

2167 605 2439 678 εὐρεθήσῃ

2243 698 2346 765 νγ’.
2395 697 2522 750 Ἐὰν
2559 695 2846 768 θέλῃςτῆς
2877 695 3020 749 κατὰ
3049 694 3180 748 Θεὸν
3209 695 3432 765 ἀγάπης
3462 695 3539 765 μὴ
3575 695 3750 748 ὲκπε-

2169 791 2303 850 σεῖν,
2337 789 2473 858 μήτε
2503 787 2598 840 τὸν
2629 786 2855 855 ἀδελφὸν
2880 786 3026 856 ἀφῇς
3051 785 3379 857 κοιμηθῆναι
3406 785 3754 856 λυπούμενον

2169 877 2312 930 κατὰ
2343 876 2458 941 σοῦ,
2492 877 2632 947 μήτε
2656 878 2723 930 σὺ
2757 875 3028 946 κοιμηθῇς
3052 874 3390 944 λυπούμενος
3412 876 3531 929 κατ’
3553 875 3751 928 acma-

2169 967 2305 1034 ἀλλ’,
2340 969 2594 1038 "furare,
2635 967 2991 1035 διαλλάγηθι
3028 967 3110 1034 τῷ
3157 967 3400 1036 ἀδελφῷ
3451 981 3592 1030 σου,
3647 971 3753 1020 καὶ

2168 1059 2382 1124 ἐλθὼν,
2419 1059 2697 1131 πρόσφερε
2735 1058 2956 1130 Χριστῷ
2979 1059 3203 1130 καθαρῷ
3235 1059 3315 1129 τῷ
3346 1058 3614 1113 συνειδότι
3647 1058 3750 1127 (lt),

2169 1153 2235 1206 δι’
2277 1151 2531 1214 ἐκτενοῦς
2561 1150 2878 1222 προσευχῆς
2921 1149 3055 1222 [edit
3089 1149 3193 1220 τῆς
3239 1147 3430 1220 εὐχῆς]
3475 1149 3537 1203 τὸ
3573 1148 3756 1220 δῶρον

2170 1245 2271 1314 τῆς
2299 1243 2542 1313 ἀγάπης.

2241 1333 2336 1390 νδ.
2376 1335 2440 1388 Εἰ
2482 1335 2512 1387 6
2566 1334 2744 1389 πάντα
2790 1333 2862 1387 τά
2928 1332 3245 1405 χαρίσματα
3288 1332 3383 1386 τοῦ
3429 1333 3754 1402 Πνεὺματος

2170 1427 2330 1498 ἔχων,
2359 1429 2579 1498 ἀγάπην
2605 1427 2662 1481 δὲ
2681 1427 2756 1498 μὴ
2785 1426 2945 1496 ἔχων,
2971 1425 3123 1479 οὐδὲν
3143 1424 3456 1494 ὠφελεῖται,
3487 1423 3633 1477 κατά
3658 1424 3757 1477 τὸν

2172 1519 2313 1573 θεῖον
2335 1518 2656 1572 Ἀπόστολον
2675 1533 2690 1550 ⁸
2713 1518 2886 1588 πόσην
2914 1517 3202 1586 ὀφείλομεν
3226 1515 3557 1580 ἐνδείξασθαι
3585 1531 3750 1569 cmu-

2171 1613 2289 1684 δὴν,
2324 1612 2414 1666 ἵνα
2440 1611 2650 1682 ταύτην
2679 1609 3044 1682 κτησώμεθα,

2246 1712 2339 1758 νε’.
2373 1704 2438 1757 Εἰ
2464 1704 2538 1759 Ἠ
2555 1701 2754 1773 ἀγάπη
2785 1700 2866 1768 τῷ
2897 1701 3169 1769 πλησίον
3207 1700 3398 1754 κακὸν
3432 1701 3548 1754 οὐκ
3579 1699 3748 1767 ἐργά-

2178 1792 2355 1862 ζεται,
2381 1796 2410 1848 ὁ
2441 1793 2653 1864 φθονῶν
2681 1793 2761 1864 τῷ
2786 1793 3021 1863 ἀδελφῷ,
3052 1791 3146 1846 κα)⁸
3173 1792 3510 1862 λυπούμενος
3558 1792 3652 1843 ἐπὶ
3679 1793 3747 1861 τῇ

2178 1886 2527 1959 εὐδοκιμήσει
2557 1885 2745 1954 αὐτοῦ,
2769 1885 2864 1940 καὶ
2892 1883 3189 1955 σκώμμασι
3221 1883 3460 1956 χραίνων
3488 1883 3592 1953 τὴν
3621 1883 3751 1936 ὑπό-

2177 1977 2339 2049 ληψιν
2367 1977 2556 2042 αὑτοῦ,
2587 1977 2627 2049 ἢν
2666 1976 2725 2030 ἔν
2769 1994 2895 2044 τινι,
2926 1975 3228 2048 κακοηθείᾳ
3256 1975 3626 2029 ἐπιϐουλεύων
3649 1974 3750 2029 αὒ-

2177 2071 2278 2142 τῷ,
2323 2070 2442 2135 πῶς
2493 2071 2594 2124 οὐκ
2623 2069 2902 2140 ἀλλότριον
2960 2067 3154 2123 ἑαυτὸν
3201 2067 3304 2138 τῆς
3336 2067 3560 2138 ἀγάπης
3621 2065 3754 2120 καθ»

2182 2164 2380 2236 ίστησι,
2408 2163 2502 2218 καὶ
2526 2162 2710 2235 ἔνοχον
2731 2161 2832 2233 τῆς
2857 2161 3082 2216 αἰωνίου
3104 2161 3361 2232 κρίσεως,

2250 2343 2356 2408 νς·⁹.
2386 2343 2455 2396 Εἰ
2474 2341 2773 2412 Πλήρωμα
2799 2342 2988 2411 νόμου
3018 2341 3057 2410 ἠ
3081 2339 3308 2410 ἀγάπη,
3336 2341 3366 2394 δ
3393 2340 3764 2410 μνησικακῶν

2180 2433 2259 2504 τῷ
2281 2431 2518 2502 ἀδελφῷ,
2550 2433 2648 2487 καὶ
2675 2431 2859 2496 δόλους
2888 2431 3011 2486 κατ’
3039 2431 3204 2485 αὐτοῦ
3225 2431 3575 2495 συσκευάζων
3599 2430 3760 2502 [αἰξί.

2183 2522 2448 2596 σκευάζ
2472 2524 2566 2577 καὶ
2598 2526 2997 2594 κατευχόμενος
3033 2521 3202 2577 αὐτοῦ
3230 2523 3324 2576 καὶ
3353 2521 3658 2592 ὲπιχαίρων
3676 2522 3766 2591 τῷ

2181 2615 2438 2686 πτώματι
2465 2615 2654 2681 αὐτοῦ,
2706 2615 2824 2678 πῶς
2863 2615 2925 2668 οὐ
2970 2614 3286 2686 παράνομός
3328 2615 3466 2679 ἐστι,
3510 2612 3608 2667 καὶ
3653 2613 3766 2683 τῆς

2182 2709 2403 2762 αἰωνίου
2428 2707 2706 2770 κολάσεως
2734 2705 2907 2771 ἄξιος

2253 2801 2350 2865 νζν.
2416 2800 2480 2854 Εἰ
2521 2799 2584 2853 '0
2636 2797 2997 2852 καταλαλῶν
3040 2796 3308 2867 ἀδελφοῦ
3380 2798 3481 2852 καί
3535 2799 3768 2867 κρίνων

2184 2890 2472 2960 ἀδελφὸν,
2508 2888 2842 2945 καταλαλεῖ
2864 2888 2968 2965 real
2997 2889 3185 2958 κρίνει
3212 2889 3418 2958 νόμον*
3453 2889 3484 2940 ὁ
3503 2888 3558 2942 δὲ
3591 2887 3768 2958 νόμος

2182 2983 2279 3037 τοῦ
2301 2981 2538 3054 Χριστοῦ
2591 2983 2743 3036 ἐστιν
2772 2983 2806 3052 ἡ
2854 2982 3062 3052 ἀγάπη,
3110 2981 3228 3046 πῶς
3269 2981 3367 3051 τῆς
3409 2982 3629 3050 ἀγάπης
3657 2980 3770 3033 rei

502 3068 797 3133 oharitate,
837 3082 960 3136 quae
999 3075 1085 3121 est
1127 3065 1402 3132 Christus,
1451 3083 1562 3123 non
1601 3069 1831 3134 excidit,
1863 3070 2080 3141 sibique

2184 3075 2420 3146 Χριστοῦ
2453 3075 2514 3145 (i)
2548 3075 2577 3127 ὁ
2622 3072 2928 3137 κατάλαλος
2975 3073 3076 3126 οὐκ
3114 3073 3391 3139 ἐκπίπτει,
3438 3073 3536 3126 καὶ
3583 3072 3765 3136 αἰτιος

499 3166 618 3236 ipse
647 3163 1120 3234 aeterni-supplicii
1154 3173 1346 3219 auctor
1379 3166 1636 3220 exsistit?

572 3257 660 3310 58.
695 3255 773 3310 Ne
820 3270 1009 3310 aurem
1060 3264 1210 3310 tuam
1258 3256 1586 3312 detractoris
1624 3257 1823 3328 linguai
1865 3273 2082 3312 accom-

500 3347 834 3412 modaveris,
865 3363 966 3403 nec
995 3363 1131 3402 vero
1170 3349 1414 3418 linguam
1455 3358 1604 3403 tuam
1639 3352 1760 3406 auri
1787 3351 2078 3406 cavillato-

502 3439 602 3503 ris,
633 3449 693 3493 ut
725 3439 968 3494 libenter
995 3440 1082 3494 vel
1110 3440 1354 3510 loquaris
1386 3441 1472 3496 vel
1511 3441 1721 3507 audias,
1758 3442 1962 3512 quibus
1985 3441 2084 3497 de-

502 3539 738 3588 tractum
765 3531 1014 3600 proximo
1044 3531 1136 3596 sit,
1162 3547 1232 3586 ne
1259 3548 1288 3585 a
1320 3532 1507 3587 divina
1545 3533 1769 3588 excidas
1790 3532 2082 3598 charitate,

504 3632 560 3678 et
585 3622 654 3677 ab
673 3631 878 3678 aeterna
905 3622 1017 3678 vita
1045 3623 1262 3678 alienus
1288 3622 1610 3678 inveniaris.

571 3714 734 3788 402
783 3717 873 3772 59.
923 3715 1002 3771 Ne
1059 3716 1502 3787 obiurgationem
1557 3716 1823 3771 adversus
1868 3717 2087 3771 Patrem

505 3817 661 3862 tuum
698 3808 999 3878 acceperis,
1027 3823 1130 3863 nec
1159 3809 1231 3872 ei,
1270 3809 1364 3878 qui
1394 3809 1547 3862 illum
1579 3819 1929 3878 aspernetur,
1971 3809 2090 3864 aui-

506 3915 634 3953 mos
654 3899 954 3963 addideris,
987 3913 1056 3952 ue
1102 3898 1376 3953 irascatur
1421 3897 1690 3952 Dominus
1727 3899 1781 3953 in
1827 3899 2091 3969 operibus

506 3992 637 4054 tuis,
657 4001 712 4045 et
735 3990 1019 4060 disperdat
1049 3997 1101 4045 te
1121 3991 1188 4045 de
1224 3999 1367 4045 terra
1398 3989 1727 4045 viventium.

577 4083 666 4138 60.
716 4083 954 4138 Ohstrue
999 4099 1059 4138 os
1103 4083 1415 4138 detrahenti
1468 4083 1524 4137 in
1567 4081 1795 4136 auribus
1835 4081 1966 4144 tuis.
2022 4097 2091 4136 ne

507 4190 632 4228 cum
659 4191 725 4228 eo
748 4174 964 4244 duplici
994 4183 1149 4229 reatu
1190 4173 1594 4244 obstringaris;
1622 4173 1716 4242 qui
1748 4181 1804 4228 et
1833 4172 1948 4242 ipse
1972 4174 2091 4228 cxi-

507 4268 649 4319 tioso
686 4266 821 4320 vitio
856 4281 1159 4330 assuescas,
1197 4281 1301 4320 nec
1331 4265 1486 4320 illum
1517 4281 1547 4319 a
1577 4265 1876 4319 verborum
1911 4281 2087 4335 nuga-

509 4356 672 4411 citate
703 4357 967 4412 adversus
991 4358 1303 4428 proximum
1323 4373 1600 4414 coerceas.

582 4516 626 4547 ¹⁶
651 4514 841 4571 Matth.
872 4532 926 4582 v,
954 4515 1044 4571 24.
1122 4518 1164 4548 ¹⁷
1190 4517 1210 4571 l
1239 4516 1364 4572 Cor.
1397 4533 1510 4581 xm,
1543 4517 1591 4569 l.
1675 4517 1716 4547 ’⁸
1757 4518 1912 4572 Rom.
1951 4534 2062 4584 xm,
2097 4519 2166 4572 10

511 4587 604 4641 54.

512 4743 690 4810 δοξίας
720 4742 811 4797 διὰ
848 4740 948 4808 τῆς
980 4739 1202 4809 ἀτιμίας
1241 4739 1600 4810 οἰκονομικῶς
1628 4737 1756 4810 ,ἀπὸ
1798 4736 1893 4810 σοῦ
1948 4739 2086 4810 ἀπο·
2119 4742 2162 4801 D
2190 4738 2394 4810 Obsop.
2431 4735 2710 4810 adempti);
2743 4735 2820 4806 τῷ
2875 4737 3151 4810 συνειδδτι·
3193 4733 3332 4810 Qﬂ'er

513 4808 822 4883 6).ηθείσης·
856 4808 1084 4864 Provide
1112 4810 1278 4883 ejecta
1307 4825 1369 4862 ex
1385 4808 1438 4883 te
1469 4825 1584 4883 Aper
1618 4808 2091 4883 infamiarnjnani

513 4878 914 4954 gloria;quarn
940 4878 1241 4954 vocem’_i_bi
1267 4878 1586 4954 restitui'ex
1620 4878 1935 4954 mssLNihil
1961 4888 2092 4954 apte

513 4947 723 5023 Dpsop.
760 4947 828 5006 ὀι
875 4949 1040 5023 Gesn.
1085 4949 1392 5023 militariter
1415 4967 1478 5023 ac
1519 4965 1658 5003 uere.
1711 4947 1852 5023 Hinc
1898 4948 2096 5023 salutis

517 5017 716 5100 nostra;
749 5020 1132 5100 totuuripsum
1166 5033 1264 5088 per
1297 5017 1589 5100 'Christum
1616 5019 1922 5100 negotium,
1948 5019 2097 5098 ipsa-

516 5108 625 5156 que
675 5087 1004 5154 incarnatio',
1065 5088 1344 5158 οἰκονομία
1399 5088 1603 5144 (ἓι-ωεὶε
1650 5087 1830 5154 dicta;
1866 5087 2093 5151 nostris,

514 5162 871 5232 dispensatio;
915 5159 1024 5232 nisi?
1079 5158 1175 5212 ubi
1222 5159 1536 5232 maluerunt
1592 5158 1839 5232 [ir-meam
1895 5171 2092 5232 vocem

517 5228 798 5295 retinere;
829 5230 974 5300 quod
1014 5231 1071 5283 in
1101 5244 1178 5284 ea.
1215 5237 1376 5283 certa.
1400 5229 1542 5300 ratio
1575 5229 1750 5300 divini
1782 5228 2005 5300 consilii
2031 5235 2088 5282 et

539 5297 886 5364 wovidentia,
917 5316 1041 5355 eum
1070 5313 1284 5353 summa
1314 5299 1549 5368 quadam
1591 5297 1936 5368 indulgentia
1959 5313 2089 5367 erga

539 5318 886 5364 movmenua,
917 5318 1041 5355 Cll!“
1070 5318 1284 5353 summa
1314 5318 1549 5368 quauam
1591 5318 1936 5368 tnuungeuua
1959 5318 2089 5367 erga

517 5318 820 5426 lmmanum
857 5386 1030 5441 genus
1055 5368 1512 5441 liberandumac
1563 5367 1938 5441 exaltandum,
1979 5383 2095 5441 rna-

518 5444 664 5496 xime
689 5437 938 5496 eluceat:
985 5441 1134 5510 quod
1169 5446 1363 5510 totum
1414 5439 1508 5493 illa
1555 5454 1659 5492 vox
1705 5438 1968 5510 insinuat.
2004 5437 2094 5492 Sic

519 5513 614 5566 alti
665 5508 1429 5570 nostrorum'magistrorum
1485 5523 1714 5570 sensus;
1745 5508 1840 5563 sed
1893 5508 2092 5561 horum

521 5582 634 5635 l'ere
659 5582 916 5649 ἀμύητοι.
941 5595 1081 5649 quos
1112 5576 1357 5649 Ecclesia
1401 5587 1577 5634 mater
1608 5594 1718 5633 non
1759 5577 1969 5643 docuit,
1997 5576 2095 5632 sed

521 5648 711 5703 aliena
733 5648 1079 5705 ac'meretrix
1115 5648 1354 5702 seduxit.

595 5720 670 5786 (lt)
727 5721 1037 5787 Πρόσρερε
1096 5717 1327 5786 Χριστῷ
1391 5716 1629 5786 καθαρῷ
1657 5715 1737 5782 τῷ
1766 5716 2113 5801 συνειδότι.⁴

2187 3167 2366 3238 ἑαυτῷ
2395 3167 2604 3235 γίνεται
2634 3165 2910 3228 κολάσεως
2938 3165 3183 3232 αἰωνίου,

2252 3266 2353 3330 νη’.
2384 3257 2476 3329 Μὴ
2502 3257 2646 3328 δῴης
2682 3257 2787 3330 [ed.
2817 3254 2947 3328 δῷς]
2977 3255 3075 3326 τὴν
3107 3255 3276 3325 ἀκοήν
3307 3272 3400 3309 σου
3429 3258 3496 3325 τῇ
3534 3253 3766 3328 γλώσσῃ

2181 3351 2275 3404 τοῦ
2302 3350 2630 3412 καταλάλου,
2661 3349 2794 3420 μηδὲ
2839 3349 2938 3421 τὴν
2967 3347 3220 3417 γλῶσσάν
3253 3364 3346 3400 σου
3393 3350 3458 3419 τῇ
3487 3349 3624 3418 ἀκοῇ
3661 3349 3764 3401 τοῦ

2184 3440 2497 3511 φιλοψόγου,
2531 3439 2702 3510 ἡδέως
2735 3439 2910 3493 λαλῶν
2939 3439 2971 3509 ἢ
2997 3438 3213 3493 ἀκούων
3241 3437 3384 3492 κατά
3420 3436 3516 3490 τοῦ
3562 3437 3763 3501 πέλας,

2186 3534 2273 3587 ἵνα
2310 3532 2384 3603 μὴ
2418 3531 2658 3603 mea“;
2710 3531 2812 3601 τῆς
2854 3530 3004 3595 θείας
3051 3530 3294 3601 ἀγάπης,
3340 3529 3444 3583 καὶ
3478 3529 3767 3603 ἀλλότριος

2187 3624 2417 3697 εὑρεθῇς
2441 3623 2546 3695 τῆς
2569 3624 2790 3677 αἰωνίου
2824 3623 2993 3693 ζωῆς.

2259 3715 2356 3768 νθ’.
2384 3715 2476 3786 Μὴ
2503 3713 2798 3784 καταδέχου
2826 3713 2968 3766 κατὰ
2995 3711 3088 3766 τοῦ
3112 3712 3323 3783 Πατρός
3349 3728 3451 3765 σου
3467 3710 3765 3782 λοιδορίαν.

2192 3807 2327 3879 μηδὲ
2354 3807 2835 3878 προθυμοποιὴσῃς
2855 3805 2947 3858 τὸν
2981 3804 3316 3875 ἀτιμάζοντα
3340 3803 3534 3857 αὐτόν·
3568 3804 3656 3857 ἶνα
3684 3807 3772 3875 μὴ

2189 3896 2420 3970 ὀργισθῇ
2455 3895 2657 3966 Κύριος
2680 3894 2772 3947 ἐπὶ
2797 3897 2909 3956 τοῖς
2939 3893 3120 3964 ἔργοις
3146 3908 3262 3958 σου,
3283 3891 3379 3946 καὶ
3403 3889 3776 3961 ὲξολοθρεύσῃ

2197 4006 2256 4042 σε
2287 3991 2351 4041 ὲκ
2384 3988 2486 4056 γῆς
2512 3984 2748 4050 ζώντων.

2265 4081 2328 4146 ξ’.
2369 4077 2718 4148 Ἐπιστόμιζε
2753 4075 2843 4128 τὸν
2894 4074 3301 4129 καταλαλοῦντα
3337 4075 3397 4127 ὲν
3425 4073 3618 4137 ἀκοαῖς
3644 4089 3768 4132 σου.

2194 4175 2284 4228 ἵνα
2312 4172 2388 4244 μὴ
2425 4170 2619 4240 διπλῆν
2653 4167 2928 4240 ἁμαρτίαν
2959 4168 3055 4220 σὺν
3095 4165 3242 4237 αὺτῷ
3282 4165 3636 4238 ἀμαρτάνῃς·
3667 4169 3774 4218 καὶ

2197 4265 2391 4319 σαυτὸν
2433 4261 2664 4334 ὀλεθρίῳ
2719 4259 2886 4313 πάθει
2926 4259 3142 4324 ἐθίζων,
3188 4260 3438 4313 κάκεῖνον
3487 4257 3632 4311 κατὰ
3667 4257 3770 4310 τοῦ

2200 4357 2428 4426 πλησέον
2459 4353 2718 4424 φλυαρεῖν
2743 4350 2845 4404 οὐκ
2874 4349 3214 4402 ἀνακόπτων.

2265 4517 2306 4548 ¹⁴³
2339 4517 2495 4569 Rom.
2553 4530 2700 4580 xvm,
2731 4512 2816 4567 10.
2893 4513 2937 4543 ²⁰
2962 4511 3075 4566 Jac.
3105 4527 3179 4575 iv,
3218 4510 3279 4562 11
3383 4509 3423 4540 ⁸⁸
3449 4508 3613 4564 Joan.
3650 4524 3772 4574 xm.

3417 4749 3521 4788 ure
3557 4731 3780 4791 Clu-im

2195 4805 2357 4879 probe
2381 4807 2475 4879 tibi
2492 4807 2700 4879 conscio
2718 4823 2746 4870 ;‘
2793 4805 2940 4879 quod
2973 4806 3152 4879 _valde
3193 4805 3644 4879 ἀπροσδιόνυσον,
3675 4808 3773 4860 etsi

2195 4875 2308 4932 non
2364 4876 2725 4946 displicuerat
2769 4875 2843 4939 ei,
2891 4875 2988 4946 qui
3035 4877 3324 4944 hucusque
3381 4875 3556 4944 primi
3611 4876 3774 4946 hujus

2195 4945 2501 5001 centenarii
2538 4945 2716 5015 capita
2739 4945 3176 5000 versionisillius
3199 4955 3586 5008 recensuerat,
3618 4945 3769 5015 quasi

2197 5017 2315 5086 ipse
2338 5032 2404 5071 ex
2430 5016 2564 5070 cleri
2600 5014 2867 5071 Gallicani
2923 5016 3119 5087 ordine
3144 5016 3395 5087 (dignum
3435 5031 3574 5070 sane
3625 5014 3769 5087 illius

2195 5084 2608 5156 exspectatione
2639 5101 2704 5156 ac
2740 5085 3047 5156 patrocinio
3072 5084 3262 5156 opus!)
3304 5084 3586 5149 editurus,
3641 5084 3766 5156 dum

2198 5153 2606 5227 sic—emendat:
2635 5153 2775 5226 Oﬂ‘er
2796 5153 3023 5222 Christo,
3063 5153 3277 5227 qaihoe
3315 5156 3481 5220 novit,
3517 5165 3626 5210 etc.
3650 5154 3766 5227 Alia

2200 5226 2308 5279 viri
2341 5224 2770 5296 σφάλματαγιιοιι
2801 5227 3008 5296 notavi,
3036 5224 3184 5296 quod
3212 5240 3321 5280 non
3346 5235 3606 5286 noceant,
3653 5224 3762 5292 ipsa

2198 5311 2308 5350 non
2341 5297 2579 5367 vulgata.
2604 5295 2796 5351 Melius
2823 5295 3017 5361 Gesn.,
3049 5295 3188 5367 Oﬂer
3213 5297 3420 5351 Christo
3463 5311 3596 5366 pum
3641 5310 3754 5346 con-

2195 5367 2438 5420 scientia.

2269 5436 2320 5507 (ί
2336 5435 2365 5507 )·
2392 5437 2506 5501 Τῆς
2528 5436 2764 5507 ἀγάπης
2800 5435 2908 5489 τοῦ
2941 5435 3220 5507 Χριστοῦ.
3267 5433 3534 5507 Reddunt
3562 5431 3766 5500 Obsop.

2196 5515 2254 5576 et
2279 5505 2445 5560 Gesn.
2474 5509 2517 5562 A
2563 5505 2673 5576 lege
2712 5505 2928 5561 Christi.
2962 5505 3148 5568 Malui,
3172 5505 3212 5576 Α
3239 5506 3519 5576 charitate,
3552 5517 3664 5571 qua
3692 5510 3775 5554 est

2200 5574 2440 5647 Christus
2461 5593 2478 5641 ;
2509 5573 2657 5647 quo'd
2671 5591 2847 5647 genus
2871 5575 3232 5646 appositionis
3248 5573 3775 5642 Maximum-quens.

2199 5644 2317 5699 Jam
2354 5644 2543 5710 euim,’
2586 5662 2636 5699 c.
2681 5644 2740 5709 3,
2779 5644 2922 5700 ideni
2947 5644 3063 5700 l’ere
3089 5655 3388 5700 exsecutus
3418 5652 3552 5706 erat,
3592 5657 3796 5714 exqua-

2203 5714 2301 5769 illo
2334 5715 2492 5769 .loan.
2531 5716 2811 5786 probarat,
2851 5716 2990 5772 Deus
3025 5724 3101 5771 est
3139 5717 3400 5772 Charitas.
