4066 6188
227 453 334 520 973

1140 436 1475 504 CAPITUM
1521 445 1614 503 DE
1640 396 2082 502 [ClIARlTA'I‘E
2126 437 2511 504 CENTURIA
2552 446 2600 505 Ι.

3373 445 3480 510 974

301 564 402 634 ξα’.
447 561 596 633 Ἐγὼ
624 560 690 614 δὲ
711 559 866 626 λέγω
900 558 1061 628 ὑμῖν,
1105 560 1267 629 φησὶν
1295 561 1323 611 ὁ
1368 557 1605 628 Κύριος⁶
1647 558 1800 624 Ἁγνι-

1971 559 2058 611 61.
2091 558 2202 628 Ego
2223 570 2398 613 autem
2433 560 2548 613 dico
2571 561 2733 623 vobis,
2759 555 2894 614 dicit
2926 557 3193 616 Dominus
3218 600 3234 626 ,
3267 562 3484 637 Diligite

233 657 383 712 πᾶτε
412 653 553 718 τοὺς
572 650 825 721 ἐχθροὺς
853 648 1020 718 ὑμῶν
1039 665 1052 678 ·
1079 647 1282 713 καλῶς
1309 649 1530 702 ποιεῖτε
1556 646 1682 714 τοῖς
1705 665 1801 715 μι-

232 749 459 804 σοῦσιν
512 744 698 814 ὑμᾶς·
754 743 1168 811 προσεύχεσθε
1206 741 1357 809 ὑπὲρ
1392 739 1510 794 τῶν
1549 741 1802 807 ἐπηρεα-

232 841 454 902 ζόντων
486 834 662 905 ὑμᾶς.
717 835 814 887 Διὰ
851 833 904 886 τί
954 833 1128 886 ταῦτα
1177 832 1540 902 προσέταξεν;
1570 832 1688 885 Ἵνα
1744 847 1804 882 σε

238 934 427 1002 μίσους
451 929 543 981 καὶ
576 925 753 990 λύπης
805 924 901 976 καὶ
931 923 1100 996 ὀργῆς
1131 923 1224 976 καὶ
1257 923 1622 993 μνησικακίας
1651 923 1804 974 ἐλευ-

235 1019 473 1092 θερώσῃ.
526 1019 620 1070 καὶ
677 1015 773 1070 τοῦ
833 1015 1090 1084 μεγίστου
1133 1015 1410 1084 κτήματος
1457 1014 1558 1084 τῆς
1593 1013 1805 1076 τελείας

229 1120 453 1187 ἀγάπης
507 1109 853 1182 καταξιώσῃ·
905 1109 972 1181 ἢν
1009 1111 1291 1180 ἀμήχανον
1349 1107 1514 1178 ἔχειν,
1576 1109 1667 1161 τὸν
1730 1108 1805 1178 μὴ

233 1213 441 1272 πάντας
503 1205 822 1276 ἀνθρώπους
881 1202 942 1266 ἐξ
997 1203 1112 1255 ῐσου
1160 1202 1465 1269 ἀγαπῶντα
1528 1200 1668 1254 κατὰ
1721 1201 1807 1270 μί-

237 1318 403 1372 μησιν
436 1297 591 1359 Θεοῦ,
629 1295 725 1348 τοῦ
775 1296 988 1356 πάντας
1039 1292 1360 1365 ἀνθρώπους
1406 1293 1464 1358 ἐξ
1511 1291 1626 1344 ῖσου
1672 1293 1807 1359 ἀγα-

232 1393 477 1456 πῶντος,
523 1391 619 1443 καὶ
673 1387 920 1449 θέλοντος
953 1383 1193 1456 σωθῆναι
1239 1386 1334 1438 καὶ
1383 1385 1463 1446 είς
1514 1382 1806 1452 ἐπίγνωσιν

230 1484 493 1553 ἀληθείας
531 1481 725 1534 ἐλθεῖν.

306 1575 406 1644 ξβ’.
451 1571 598 1641 Ἐγὼ
642 1571 711 1623 δὲ
763 1569 918 1638 λέγω
966 1566 1147 1636 ὑμῖν·
1179 1565 1275 1634 Μὴ
1323 1564 1678 1633 ἀντιστῆναι
1727 1562 1806 1629 τῷ

230 1664 512 1732 πονηρῴο
557 1663 694 1716 ἀλλ’
732 1661 900 1726 ὅστις
925 1677 1000 1713 σε
1033 1658 1280 1726 pruriam
1308 1656 1408 1708 ἐπὶ
1445 1655 1560 1722 τὴν
1601 1653 1807 1718 δεξιὰν

225 1757 512 1827 σιαγόνα,
536 1753 803 1822 στρέψον
831 1749 992 1816 αὐτῷ
1031 1749 1130 1802 καὶ
1169 1749 1284 1816 τὴν
1326 1747 1526 1809 ἀλλην
1550 1763 1564 1778 ο
1600 1745 1698 1798 καὶ
1727 1743 1806 1809 τῷ

229 1850 479 1904 θέλοντί
505 1863 600 1900 σοι
637 1843 908 1912 κριθῆναι
931 1843 1024 1895 καὶ
1055 1841 1164 1894 τὸν
1185 1838 1411 1909 χιτῶνά
1434 1855 1551 1892 σου
1575 1837 1802 1900 λαϐεῖν,

227 1896 702 2008 ἄφες
851 1933 1113 2003 ἱμάτιον·
1147 1896 1245 1984 κὶἱι
1298 1927 1377 1994 τῷ
1416 1896 1806 1997 ἀηαρεύοντί
1837 1896 1880 1950 Β

229 2049 308 2086 σε
341 2032 550 2101 μίλιον
579 2028 667 2092 ἐν,
697 2027 888 2096 ὕπατε
916 2026 1042 2095 μετ’
1071 2023 1259 2077 αὐτοῦ
1291 2021 1419 2076 δύο.
1439 2020 1539 2073 Διὰ
1566 2020 1651 2085 τίς
1692 2021 1808 2072 Ἰνα

232 2127 331 2178 καὶ
360 2123 418 2176 σὲ
445 2123 710 2193 ἀόργητον
737 2121 829 2172 καὶ
846 2119 1117 2188 ἀτάραχον
1148 2113 1450 2185 διαφυλάξῃ
1472 2112 1566 2166 καὶ
1581 2113 1805 2174 ἄλυπον,

233 2217 491 2270 κάκεῖνον
534 2213 621 2267 διὰ
673 2213 770 2283 τῆς
820 2213 917 2281 σῆς
971 2208 1322 2272 ἀνεξικακίας
1375 2204 1676 2278 παιδεύσῃ,
1715 2204 1810 2258 καὶ

229 2306 580 2378 ἀμφοτέρους
605 2305 679 2368 ὡς
713 2301 914 2372 ἀγαθὸς
947 2302 1052 2356 ὑπὸ
1087 2302 1178 2354 τὸν
1236 2299 1398 2369 ζυγὸν
1429 2299 1525 2368 τῆς
1587 2297 1808 2370 ἀγάπης

237 2398 450 2467 ἀγάγῃ.

310 2488 410 2556 ξτ.
448 2486 589 2556 Πρὸς
633 2486 777 2555 άπερ
824 2481 1124 2555 πράγματά
1171 2497 1301 2534 ποτε
1354 2479 1701 2548 πεπόνθαμεν
1724 2477 1808 2547 (j),

237 2582 446 2635 τούτων
495 2579 588 2631 καὶ
635 2579 736 2640 τὰς
770 2575 1068 2646 φαντασίας
1113 2575 1376 2644 ἐμπαθεῖς
1416 2571 1807 2642 περιφέρομεν.

249 2674 310 2726 '0
345 2669 438 2725 οὖν
463 2670 561 2732 τὰς
589 2669 852 2739 ἐμπαθεῖς
879 2667 1044 2722 νικῶν
1069 2667 1387 2735 φαντασίας,
1417 2665 1508 2716 καὶ
1533 2663 1643 2716 τῶν
1671 2679 1812 2731 πρα-

237 2763 467 2834 γμάτων
492 2754 565 2815 ὧν
587 2761 660 2817 αἱ,
686 2758 976 2828 φαντασίαι
997 2757 1211 2818 πάντως
1243 2755 1604 2826 καταφρονεῖ·
1626 2749 1812 2820 ἐπειδὴ

236 2856 334 2910 τοῦ
369 2855 504 2925 πρὸς
534 2853 604 2906 τὰ
640 2852 941 2923 πράγματα
965 2848 1201 2918 πολέμου
1227 2848 1255 2900 ὁ
1288 2845 1423 2917 προς
1460 2844 1559 2907 τὰς
1594 2843 1813 2915 μνήμας

236 2947 496 3002 τοσοῦτόν
526 2947 642 2998 ἐστι
666 2941 1048 3014 χαλεπώτερος
1069 2980 1083 3006 ,
1116 2941 1238 2993 ὅσον
1267 2938 1359 2990 τοῦ
1390 2937 1511 2990 κατ’
1537 2937 1813 3006 ἐνέργειαν

239 3039 601 3111 ἁμαρτάνειν,
622 3037 684 3090 τὸ
712 3035 854 3090 κατά
876 3035 1111 3088 διάνοιαν
1138 3035 1282 3085 ἐστιν
1311 3029 1705 3100 εὐκοπώτερον.

317 3331 413 3396 ξδ’.
448 3328 571 3383 Τῶν
601 3328 790 3381 παθῶν
819 3327 888 3381 τά
928 3327 1027 3398 μέν
1063 3327 1180 3380 ἐστι
1215 3325 1502 3397 σωματικά
1536 3325 1634 3396 (7),
1661 3323 1730 3376 τὰ
1761 3324 1816 3377 δὲ

236 3421 471 3494 ψυχικά.
511 3420 625 3473 Καὶ
653 3421 720 3473 τὰ
750 3419 847 3490 μὲν
877 3419 1187 3490 σωματικὰ,
1207 3419 1272 3472 ἐκ
1301 3416 1394 3470 τοῦ
1425 3415 1677 3488 σώματος
1705 3414 1818 3486 ἔχει

241 3516 344 3579 τὰς
370 3513 659 3585 ἀφορμάς·
691 3511 759 3567 τὰ
815 3511 872 3566 δέ
909 3511 1138 3582 ψυχικά,
1181 3513 1246 3564 ἐκ
1288 3510 1397 3563 τῶν
1427 3509 1626 3576 ἔξωθεν
1675 3525 1819 3578 πρα-

242 3608 495 3678 γμάτων.
528 3605 840 3677 Ἀμφότερα
857 3604 911 3657 δὲ
938 3605 1256 3676 περικόπτει
1283 3604 1472 3672 ἀγάπη
1493 3604 1586 3656 καὶ
1618 3600 1820 3671 ἐγκρά-
1865 3605 1868 3609 ’

241 3710 370 3745 τεια
393 3711 406 3722 ·
442 3695 475 3762 ἠ
509 3693 627 3762 μὲν,
655 3691 726 3746 τὰ
755 3692 998 3762 ψυχικά·
1023 3693 1056 3763 ἡ
1081 3692 1161 3758 δὲ,
1189 3691 1259 3744 τὰ
1299 3691 1607 3762 σωματικά.

319 3784 417 3849 ξέ.
453 3785 534 3836 Τά
568 3785 665 3854 μὲν
696 3783 806 3837 τῶν
836 3783 1046 3848 παθῶν,
1083 3782 1178 3836 τοῦ
1205 3783 1436 3855 θυμικοῦ
1458 3800 1472 3815 ο
1507 3783 1577 3838 τὰ
1625 3783 1684 3838 δὲ
1723 3784 1820 3837 τοῦ

241 3874 646 3946 ἐπιθυμητικοῦ
696 3876 894 3945 μέρους
921 3877 1019 3944 τῆς
1047 3874 1243 3945 ψυχῆς,
1293 3874 1573 3945 τυγχάνει.
1615 3875 1820 3944 ’Δμφό-

244 3986 387 4040 τερα
420 3968 502 4030 δὲ,
531 3967 618 4019 διὰ
645 3967 753 4020 τῶν
782 3965 1085 4037 αἰσθήσεων
1121 3969 1373 4019 κινεῖται.
1402 3964 1536 4018 Τότε
1567 3965 1624 4019 δὲ
1658 3969 1821 4019 κινεῖ-

243 4080 361 4119 ται.
397 4061 485 4112 ὅτε
516 4059 732 4128 ἀγάπης
769 4060 803 4129 ἠ
832 4057 976 4129 ψυχὴ
1010 4057 1105 4110 καὶ
1129 4057 1454 4128 ἐγκρατείας
1482 4056 1638 4119 ἐκτὸς
1673 4055 1820 4127 εὑρί-

250 4170 469 4207 σκεται.

323 4243 436 4308 ig’.
481 4242 966 4312 Δυσκαταγὼνιστα
999 4242 1195 4314 μᾶλλον
1220 4241 1288 4294 τὰ
1311 4241 1406 4294 τοῦ
1448 4239 1683 4312 θυμικοῦ
1724 4240 1821 4311 μέ-

249 4351 384 4405 ρους
403 4334 501 4404 τῆς
527 4334 703 4405 ψυχῆς
739 4334 885 4404 πάθη
909 4333 1008 4406 (8),
1033 4332 1184 4405 παρά
1211 4333 1280 4387 τὰ
1305 4332 1399 4386 τοῦ
1427 4331 1823 4404 ἐπιθυμητικοῦ

243 4427 529 4496 τυγχάνει.
553 4427 642 4480 Διὸ
679 4429 771 4480 καὶ
803 4426 985 4497 μεῖζον
1015 4427 1078 4480 τὸ
1110 4427 1401 4498 φάρμακον
1429 4426 1548 4480 κατ’
1571 4424 1758 4490 αὑτοῦ,
1790 4427 1824 4496 ἡ

243 4518 444 4588 ἐντολὴ
473 4518 570 4587 τῆς
600 4519 821 4589 ἀγάπης
846 4518 952 4572 ὑπὸ
982 4517 1076 4571 τοῦ
1105 4519 1312 4590 Κυρίου
1343 4518 1520 4589 ἐδόθη.

322 4587 442 4673 EC;
463 4609 646 4662 Πάντα
679 4612 748 4663 τὰ
779 4587 918 4663 ἀλλα
948 4609 1115 4678 πάθη,
1237 4609 1333 4662 τοῦ
1363 4587 1598 4680 θυμικοῦ
1627 4611 1824 4680 μέρους
1859 4587 1902 4640 D

243 4704 353 4771 τῆς
385 4702 583 4772 ψυχῆς,
609 4702 642 4772 ἢ
669 4701 762 4755 τοῦ
797 4702 1196 4774 ἐπιθυμητικοῦ
1225 4703 1388 4773 μόνον
1423 4704 1759 4772 ἐφάπτεται·
1791 4702 1824 4773 ἢ

245 4795 349 4847 καὶ
384 4794 479 4846 τοῦ
506 4793 834 4863 λογιστικοῦ,
860 4794 935 4858 ὡς
971 4797 1004 4864 ἠ
1037 4794 1172 4870 λήθη
1222 4795 1318 4848 καὶ
1360 4797 1392 4866 ἠ
1427 4796 1650 4865 ἀγνοια⁶
1699 4797 1730 4866 ή
1767 4796 1824 4848 δὲ

242 4886 477 4956 ἀκηδία,
508 4886 697 4940 πασῶν
729 4887 837 4940 τῶν
861 4887 962 4958 τῆς
987 4886 1168 4959 ψυχῆς
1196 4889 1478 4967 δυνάμειον
1510 4887 1828 4958 ἐπιδραττο-

246 4980 420 5048 μένη,
461 4978 639 5029 πάντα
667 4977 853 5047 σχεδὸν
885 4977 1228 5049 ὁμοθυμαδὸν
1258 4979 1402 5031 κινεῖ
1441 4977 1507 5030 τά
1535 4976 1701 5048 πάθῃ.
1737 4975 1827 5029 Διὸ

241 5074 343 5123 καὶ
385 5069 604 5121 πάντων
637 5070 746 5123 τῶν
775 5069 948 5122 ἄλλων
989 5069 1178 5122 παθῶν
1211 5073 1330 5124 ἐστι
1365 5070 1686 5142 βαρύτατον.
1715 5072 1829 5122 Κα-

242 5160 363 5222 λῶς
392 5155 486 5212 οὖν
515 5160 542 5211 ὁ
571 5160 770 5230 Κύριος
800 5159 861 5212 τὸ
889 5160 1008 5213 κατ’
1039 5161 1208 5230 αὐτῆς
1229 5161 1516 5231 φάρμακον
1548 5161 1794 5225 δεδωκὼς
1812 5203 1827 5226 ,

260 5252 376 5303 Ἐν
406 5250 482 5318 τῇ
521 5253 796 5322 ὑπομονῇ
825 5252 1013 5323 ὑμῶν,
1036 5254 1208 5322 λέγει,
1243 5255 1558 5325 κτήσασθε
1594 5257 1701 5321 τὰς
1723 5261 1832 5324 giv-

252 5361 371 5408 χιις
399 5361 583 5411 igitur.

1903 651 2141 705 inimicos
2159 660 2386 717 vestros;
2411 653 2697 722 benefacite
2718 654 2803 715 iis,
2830 655 2919 723 qui
2943 653 3168 708 oderunt
3185 671 3274 710 vos
3293 673 3311 712 :
3334 667 3483 713 orate

1903 754 1999 808 pro
2026 738 2477 794 calumniantibus
2520 757 2610 795 vos
2647 741 2713 795 ¹².
2752 742 3027 808 Quorsum
3071 743 3188 808 haec
3227 745 3306 799 illi
3345 763 3484 816 prie-

1904 833 2101 902 cepta?
2138 833 2210 889 Ut
2238 833 2500 888 nimirum
2537 834 2606 889 ab
2630 834 2759 888 odio
2791 844 2847 889 et
2872 836 3096 890 tristitia
3126 847 3183 891 et
3219 837 3298 892 ira
3321 848 3374 894 et
3402 840 3481 895 si-

1903 923 2130 978 multate
2185 923 2395 978 liberos
2454 932 2762 994 praestaret,
2809 939 2980 994 reque
3035 927 3308 993 omnium,
3361 945 3484 998 quae

1904 1015 2095 1070 haberi
2132 1025 2387 1086 possunt,
2431 1017 2667 1071 maxima
2708 1015 3060 1086 dignaretur;
3101 1017 3342 1087 perfecta
3375 1019 3485 1074 sci-

1903 1109 2034 1164 licet
2069 1109 2337 1163 eharitate
2384 1125 2398 1162 :
2449 1123 2557 1179 qua
2599 1108 2888 1180 praeditum
2964 1124 3084 1163 esse
3141 1109 3483 1179 impossibile

1904 1210 2008 1266 est,
2049 1202 2143 1272 qui
2176 1217 2369 1257 omnes
2399 1202 2652 1257 homines
2683 1217 2749 1256 ex
2779 1215 2938 1269 aequo
2977 1217 3087 1254 non
3122 1201 3348 1272 diligat;
3385 1203 3482 1258 Dei

1906 1294 2118 1350 scilicet
2163 1293 2494 1356 imitatione,
2546 1293 2640 1363 qui
2691 1308 2947 1363 peraeque
2995 1305 3188 1349 omnes
3231 1295 3483 1351 homines

1906 1385 2104 1455 diligit,
2144 1387 2371 1455 vultque
2415 1401 2513 1440 eos
2558 1385 2740 1440 salvos
2779 1385 2922 1450 ﬁeri,
2958 1393 3014 1439 et
3042 1385 3108 1438 ad
3138 1386 3480 1456 agnitionem

1905 1480 2156 1533 veritatis
2188 1480 2378 1533 venire
2409 1480 2476 1532 ".

1975 1570 2064 1625 62.
2096 1571 2208 1642 Ego
2237 1579 2412 1624 autem
2453 1570 2565 1624 dico
2587 1572 2762 1625 vobis:
2786 1571 2904 1626 Non
2927 1573 3166 1625 resistere
3198 1569 3361 1634 malo,
3393 1571 3484 1624 sed

1904 1663 1950 1716 si
1983 1665 2098 1733 quis
2135 1672 2185 1716 te
2230 1664 2542 1733 percusserit
2587 1665 2641 1717 in
2681 1664 2953 1717 dexteram
2998 1661 3302 1727 maxillam,
3343 1670 3488 1716 verte

1906 1754 1988 1810 illi
2012 1764 2060 1808 et
2095 1753 2341 1811 alterum.
2373 1755 2443 1809 Et
2477 1756 2543 1818 ei,
2581 1756 2668 1824 qui
2697 1754 2821 1808 velit
2856 1763 3021 1808 tecum
3037 1753 3242 1825 judicio
3266 1763 3482 1808 conten-

1907 1847 2049 1912 dere,
2081 1854 2128 1899 et
2157 1849 2388 1900 tunicam
2418 1853 2564 1900 tuam
2591 1845 2793 1912 tollere,
2829 1845 3032 1900 dimitte
3058 1847 3105 1900 ei
3133 1854 3180 1900 et
3214 1845 3441 1917 pallium
3467 1861 3483 1898 :

1916 1945 1964 1990 et
1989 1937 2080 2006 qui
2107 1945 2155 1990 te
2187 1936 2421 2007 adegerit
2451 1936 2519 1989 ad
2547 1951 2714 1990 unum
2749 1935 3083 2001 milliarium,
3114 1934 3245 1992 vade
3277 1951 3395 1989 cum
3427 1947 3486 1987 eo

1915 2035 1964 2080 et
1993 2026 2104 2080 alia
2121 2026 2224 2079 duo
2250 2027 2316 2079 “.
2343 2024 2617 2091 Quorsum
2639 2024 2792 2080 haec?
2816 2025 2888 2080 Ut
2919 2033 2976 2078 et
3005 2031 3058 2078 te
3095 2023 3164 2078 ab
3203 2023 3352 2082 omni
3383 2023 3488 2077 ira-

1915 2119 2116 2176 cundia
2138 2128 2195 2174 et
2218 2119 2534 2174 turbatione
2564 2133 2626 2173 ac
2649 2117 2874 2173 tristitia
2892 2116 3191 2170 immunem
3214 2123 3485 2178 servaret,

1915 2221 1971 2268 et
1998 2219 2092 2267 tua
2119 2212 2411 2267 tolerantia
2451 2211 2607 2265 illum
2643 2208 2910 2272 erudiret,
2941 2206 3265 2276 ambosque,
3300 2212 3362 2259 ut
3392 2204 3487 2276 qui

1915 2305 2097 2360 bonus
2130 2305 2378 2368 exsistat,
2409 2317 2512 2358 suo
2544 2299 2857 2357 dilectionis
2887 2313 2953 2352 ac
2989 2296 3272 2352 eharitatis
3295 2297 3489 2368 jugum

1917 2404 2156 2468 c0gerct.
2760 2395 2772 2402 ’

1989 2487 2077 2544 63.
2106 2488 2316 2555 QuibUS
2346 2487 2512 2541 rebus
2543 2487 2872 2557 quandoque
2915 2487 3096 2543 allecti
3136 2485 3363 2549 fuimus,
3398 2482 3496 2536 ha-

1919 2597 2042 2636 rum
2063 2593 2284 2650 quoque
2301 2577 2627 2633 libidinosas
2647 2578 3009 2648 cogitationes
3029 2575 3489 2632 circumlerimus.

1919 2674 2023 2742 Qui
2083 2673 2250 2743 igitur
2300 2670 2628 2724 libidinosas
2675 2669 2846 2722 vincit
2889 2667 3272 2735 cogitationes,
3325 2665 3493 2720 etiam

1921 2783 2031 2829 res,
2063 2779 2298 2834 quarum
2324 2771 2456 2816 sunt
2495 2761 2875 2831 cogitationes,
2913 2760 3139 2814 omnino
3169 2755 3492 2813 contemnit.

1921 2859 2097 2914 Tanto
2130 2857 2277 2912 enim
2321 2855 2561 2924 gravius,
2594 2852 2740 2922 quod
2779 2851 3046 2906 adversus
3091 2864 3279 2905 rerum
3324 2849 3496 2903 simu-

1922 2954 2090 3017 lacra,
2138 2953 2193 3006 in
2238 2949 2500 3004 memoria
2548 2947 2761 3011 relicta,
2796 2961 2960 3016 quam
2995 2945 3142 3018 quod
3182 2951 3372 2998 contra
3402 2955 3495 2994 res

1923 3047 2090 3116 ipsas,
2138 3044 2344 3099 bellum
2390 3043 2653 3112 gerimus,
2701 3051 2908 3110 quanto
2955 3035 3255 3108 proclivius
3305 3041 3392 3090 est
3435 3042 3495 3087 ut

1922 3148 2105 3193 mente
2155 3152 2218 3191 ac
2268 3134 2622 3204 cOgitatioue.
2668 3145 2831 3202 quam
2875 3139 2935 3185 ut
2983 3131 3102 3201 ipso
3155 3137 3281 3183 actu
3330 3135 3494 3196 atque

1842 3249 1886 3307 α
1918 3252 2083 3310 opere
2111 3244 2422 3305 peccemus.

1990 3330 2076 3386 64.
2127 3325 2464 3385 ΑιΥοοιυιιπι,
2515 3318 2606 3373 alii
2657 3315 2974 3386 corporales
3023 3321 3172 3377 sunt,
3221 3311 3313 3366 alii
3372 3311 3494 3366 ani-

1919 3423 2109 3476 males.
2152 3419 2228 3471 Ac
2258 3414 2484 3484 quidem
2511 3409 2847 3479 corporales,
2884 3422 2948 3460 ex
2985 3419 3214 3474 corpore
3253 3400 3496 3457 occasio—

1919 3531 2020 3570 nes
2052 3511 2259 3566 habent
2292 3525 2305 3559 :
2339 3503 2602 3558 animales
2628 3515 2780 3564 vero,
2806 3514 2874 3553 ex
2901 3498 3011 3552 illis
3040 3513 3163 3566 qua:
3193 3504 3323 3550 sunt
3359 3494 3495 3549 foris

1921 3601 2276 3676 proveniunt.
2320 3597 2594 3663 Utrosque
2646 3606 2780 3644 vero
2841 3598 3094 3643 resecant
3141 3587 3384 3642 charitas
3438 3595 3495 3640 et

1921 3692 2292 3752 continentia:
2326 3690 2437 3751 illa,
2468 3684 2769 3746 animales;
2801 3682 2935 3744 haec,
2969 3681 3300 3750 corporales.

1992 3787 2079 3841 65.
2109 3784 2445 3841 Afl‘ectuum,
2487 3775 2579 3830 alii
2617 3773 2909 3827 irascentis
2941 3771 3108 3825 animi
3141 3770 3317 3841 partis
3341 3780 3492 3833 sunt,

1921 3879 2014 3934 alii
2059 3869 2522 3943 concupiscentis.
2573 3867 2802 3936 Utrique
2851 3879 2982 3918 vero
3023 3877 3284 3918 sensuum
3326 3875 3496 3930 opera

1923 3977 2233 4024 moventur.
2281 3964 2547 4031 Tuncque
2594 3957 2732 4012 adeo
2782 3955 2994 4010 moveri
3039 3953 3328 4023 contingit,
3370 3967 3496 4006 eum

1921 4060 2082 4133 [‘03
2131 4057 2348 4112 animus
2387 4062 2545 4108 extra
2598 4048 2921 4104 charitatem
2993 4043 3499 4113 continentiamque

1923 4147 2218 4204 exstiterit.

1993 4261 2082 4317 66.
2107 4256 2399 4313 lrascentis
2418 4254 2584 4309 animi
2608 4253 2780 4323 partis
2799 4249 3026 4305 allectus
3049 4245 3323 4303 diliieilins
3344 4245 3504 4317 longe

1924 4350 2224 4424 expugnari
2250 4357 2513 4420 possunt,
2570 4361 2732 4415 quam
2771 4340 3230 4412 concupiscentis.
3295 4339 3504 4395 idcirco

1924 4447 2090 4501 etiam
2121 4443 2297 4514 majus
2324 4441 2590 4496 adversus
2613 4450 2733 4492 eam
2761 4436 3067 4491 remedium
3093 4449 3123 4488 a
3147 4433 3382 4488 Domino
3404 4431 3504 4485 da-

1931 4547 2043 4592 tum
2061 4543 2163 4598 est,
2189 4532 2508 4587 mandatum
2527 4529 2736 4584 scilicet
2751 4525 3040 4581 cbaritatis
3061 4538 3156 4578 seu
3173 4519 3502 4576 dilectionis.

2002 4627 2092 4682 67.
2130 4624 2328 4680 Cuncti
2358 4623 2452 4676 alii
2480 4619 2728 4684 allectus,
2765 4626 2858 4672 aut
2888 4616 3212 4670 irascentem
3243 4613 3507 4666 duntaxat

1933 4718 2102 4774 animi
2129 4725 2362 4786 partem.
2417 4721 2514 4767 aut
2543 4705 3357 4779 concupiscentemattingunt;
3412 4709 3508 4755 aut

1931 4811 2095 4866 etiam
2122 4807 2353 4863 rationis
2374 4803 2711 4866 facultatem,
2757 4811 2818 4855 ut
2839 4799 3042 4855 oblivio
3069 4807 3125 4852 et
3152 4792 3458 4866 ignorantia
3488 4808 3504 4846 :

1935 4899 2124 4956 acedia
2151 4912 2305 4962 vero,
2338 4910 2529 4950 omnes
2549 4892 2745 4947 animae
2774 4891 2923 4944 vires
2952 4888 3280 4958 corripiens,
3315 4898 3508 4939 omnes

1935 4993 2052 5047 fere
2121 4991 2284 5047 simul
2355 5003 2576 5058 unoque
2639 4987 2848 5055 impetu
2891 4983 3127 5037 allectus
3175 4985 3504 5034 commovet.

1936 5087 2282 5154 Quapropter
2311 5081 2475 5138 etiam
2513 5080 2726 5134 cunctis
2752 5076 2874 5132 aliis
2904 5073 3194 5129 all‘ectibus
3227 5069 3510 5124 molestior

1937 5187 2042 5233 est.
2076 5178 2222 5231 Bene
2263 5176 2429 5247 igitur
2464 5173 2752 5237 Dominus,
2777 5168 3051 5239 assignato
3077 5163 3344 5220 adversus
3387 5177 3508 5216 eam

1939 5269 2225 5324 remedio:
2259 5268 2323 5322 In
2373 5266 2633 5337 patientia
2692 5272 2887 5325 vestra,
2943 5260 3141 5331 inquit,
3200 5255 3512 5329 possidentis

1942 5359 2151 5412 animas
2175 5365 2375 5410 vestras
2401 5358 2466 5408 ’⁵.
3067 5407 3070 5410 ,
3401 5340 3415 5354 ’

329 5462 377 5490 ²²
408 5461 604 5514 Matth.
633 5478 688 5526 ν,
716 5463 804 5516 ll.
879 5463 924 5494 ³³
950 5463 971 5518 l
1006 5463 1150 5518 Tim.
1179 5480 1235 5529 ιι,
1261 5465 1314 5518 5.
1392 5465 1438 5497 ’δ
1465 5465 1738 5536 Μοιιιικν,
1770 5471 1820 5525 δε

1919 5473 1978 5524 1.
2051 5470 2098 5501 ’⁸
2130 5471 2265 5524 Luc.
2295 5485 2405 5533 xxx,
2439 5469 2525 5523 l9.

329 5600 419 5670 (ᾔ)
473 5598 828 5670 Πρὸς-,ἅπερ
873 5599 1186 5670 πράγματά
1242 5616 1386 5653 ποτε
1424 5602 1827 5669 πεπόνθαμεν.

260 5668 407 5722 Nihil
440 5671 535 5723 hic
574 5668 796 5722 dillicile
834 5668 939 5723 nisi
969 5670 1094 5739 quis
1125 5671 1286 5737 plane
1313 5671 1514 5739 hospes
1540 5671 1593 5724 in
1647 5668 1831 5725 scien-

265 5740 337 5792 tia
367 5755 594 5810 tuorum
610 5747 666 5810 et
696 5739 994 5810 all‘eetuﬁum
1026 5739 1277 5810 (totaque
1315 5741 1432 5808 ipsa
1469 5741 1700 5810 Graecia)
1737 5743 1830 5805 sit,

254 5812 455 5877 quales
491 5824 548 5862 sc
565 5807 772 5877 Obsop.
794 5819 850 5862 et
882 5807 1048 5864 Gesn.
1084 5807 1406 5870 ostendunt,
1433 5810 1563 5863 dum
1595 5807 1833 5864 sic'red-

253 5879 403 5934 dunt
436 5920 451 5943 ,
505 5877 650 5944 Quas
674 5894 755 5931 res
796 5879 1062 5946 quondam
1093 5878 1331 5933 dolenter
1357 5879 1689 5949 pertulimus,
1724 5890 1831 5936 etc.

1937 5602 2058 5656 Non
2087 5602 2178 5656 hic
2205 5601 2276 5656 de
2300 5599 2513 5665 dolore,
2545 5598 2639 5654 sed
2665 5599 2732 5653 de
2753 5597 2985 5667 libidine
3009 5611 3194 5653 sermo
3232 5603 3316 5651 est
3340 5591 3514 5667 Maxi.

1941 5688 2060 5737 mo;
2087 5688 2250 5742 quam
2276 5689 2344 5726 ex
2374 5664 2562 5742 rerum
2600 5686 2725 5742 usu,
2759 5670 2823 5742 in
2849 5664 3183 5742 memoriam
3232 5664 3516 5742 cogitatio-

1941 5737 2150 5811 nesque
2178 5743 2347 5797 animi
2382 5741 2623 5811 imprimi
2655 5757 2718 5795 ac
2743 5738 3142 5811 derivari,irite
3169 5737 3358 5800 tradit,
3385 5751 3514 5787 ver-

1943 5808 2142 5881 bisque
2177 5813 2416 5882 propriis
2442 5808 2589 5866 nulla
2618 5811 2844 5880 ambage
2878 5808 3157 5878 exprimit.
