4128 6210
676 454 781 521 975

1845 458 1904 518 S.
1947 456 2230 518 MAXIMI
2271 455 2776 518 CONFESSORIS

3839 460 3936 522 976

748 576 836 634 68.
875 575 954 630 Ne
983 587 1146 644 quem
1194 572 1428 628 fratrum
1470 572 1798 644 pulsaveris,
1832 574 2136 643 prmsertim
2172 577 2256 631 in-

2431 572 2531 644 ξην.
2565 573 2658 644 Μὴ
2681 571 2892 644 πλήξῃς
2922 572 3052 625 ποτέ
3082 589 3202 625 τινα
3235 573 3342 628 τῶν
3361 574 3607 642 ἀδελφῶν
3640 575 3740 646 (k),
3779 595 3930 647 παρα.

677 665 932 724 consulto
955 680 1059 720 nec
1085 665 1236 735 justa
1269 663 1403 720 satis
1432 665 1616 737 aliqua
1643 681 1844 732 causa;
1885 682 1957 722 ne
1984 666 2124 722 forte
2147 680 2258 720 non

678 757 862 811 ferens
913 756 1245 822 molestiam,
1312 755 1427 826 ipse
1455 772 1513 811 se
1551 757 1910 822 subduxerit;
1941 757 2165 828 ﬁatque,
2199 765 2262 812 ut

676 864 961 919 nunquam
989 857 1048 903 tu
1079 850 1194 919 ipse
1225 849 1579 904 conscientia:
1606 850 2094 921 reprehensionem
2117 849 2261 904 ellu-

677 941 812 1011 gias,
855 956 978 1010 quat
1030 941 1174 995 inter
1207 941 1544 1012 precandum
1581 943 1766 1014 jugem
1807 943 1904 997 tibi
1969 955 2260 998 maerorem
2315 940 2320 946 ’

677 1030 893 1096 all‘crat,
918 1040 1268 1102 mentemque
1305 1049 1336 1088 a
1378 1032 1576 1088 ﬁducia
1598 1033 1784 1088 divina
1821 1033 2084 1088 excutiat.

750 1124 840 1180 69.
880 1124 958 1194 Ne
988 1124 1352 1196 suspiciones,
1373 1141 1470 1181 seu
1503 1125 1671 1180 etiam
1705 1126 1982 1197 homines,I
2023 1126 2261 1180 oﬂ‘endi-

685 1217 809 1272 cula
834 1217 932 1272 tibi
959 1216 1224 1274 adversus
1259 1218 1474 1288 aliquos
1519 1218 1853 1288 ingerentes,
1881 1217 2156 1287 patienter
2184 1215 2264 1270 fe-

681 1326 789 1365 ras.
825 1309 929 1376 Qui
973 1311 1122 1365 enim
1172 1310 1286 1364 ullo
1319 1309 1485 1364 modo
1505 1325 1573 1378 ex
1598 1309 1666 1364 iis
1694 1324 1816 1380 quae
1847 1309 1932 1363 vel
1975 1309 2262 1367 voluntate

680 1402 820 1457 ﬁunt
855 1402 943 1457 vel
993 1410 1192 1472 praeter
1240 1417 1361 1456 eam
1403 1402 1688 1466 eveniunt,
1728 1400 1906 1454 creari
1941 1399 2048 1454 sibi
2079 1399 2260 1455 oll’en-

680 1494 894 1549 sionem
915 1494 1212 1557 sustinent,
1236 1493 1380 1547 viam
1405 1493 1578 1563 pacis,
1608 1492 1675 1546 ad
1698 1491 1795 1547 Dei
1822 1492 2113 1547 scientiam
2134 1491 2265 1546 cha-

681 1585 845 1640 ritate
864 1585 1066 1640 comite
1103 1585 1252 1640 illius
1274 1593 1549 1639 amatores
1581 1583 1897 1648 ducentem,
1933 1583 2210 1637 nesciunt.

750 1759 838 1814 70.
880 1760 1124 1814 Necdum
1178 1759 1478 1830 perfectam
1532 1759 1860 1814 charitatem
1913 1768 2109 1815 nactus
2159 1766 2262 1824 est,

679 1850 774 1918 qui
818 1866 916 1919 pro
957 1850 1241 1904 hominum
1280 1850 1448 1904 variis
1487 1849 1795 1913 aﬂ‘ectibus,
1843 1849 2264 1920 animorumque

2361 665 2534 735 λόγως
2560 665 2796 736 μάλιστα
2815 680 2828 692 ⁸
2871 665 2945 735 μή
2979 681 3109 717 ποτε
3146 666 3220 735 μὴ
3249 665 3431 736 φέρων
3457 667 3555 738 τὴν
3580 667 3788 736 θλίψιν,
3815 670 3938 722 ὑπο-

2360 758 2587 828 χωρήσῃ
2616 773 2630 786 ο
2677 756 2852 810 καὶού
2896 756 2970 827 μὴ
3013 757 3254 828 ἐκφεύξῃ
3297 758 3428 810 ποτὲ
3460 759 3552 812 τὸν
3597 759 3826 830 ἔλεγχον
3850 761 3936 815 τοῦ

2363 849 2682 913 συνειδότος,
2714 849 2800 902 ἀεί
2832 866 2914 901 σοι
2965 848 3142 919 λύπην
3185 851 3242 900 ὲν
3283 849 3361 919 τῷ
3404 850 3584 920 καιρῷ
3637 852 3738 922 τῆς
3787 871 3936 924 προς.

2362 942 2528 1011 ευχῆς
2563 940 2954 1013 προξενοῦντα,
3010 941 3106 996 καὶ
3157 942 3256 1012 τῆς
3309 941 3461 1007 θείας
3495 945 3818 1016 παρρησίας
3852 952 3934 999 τ’,ν

2361 1033 2488 1086 νοῦν
2513 1033 2911 1089 ἀπελαύνοντα.

2433 1124 2531 1192 ξθ’.
2567 1125 2660 1197 Μὴ
2680 1125 2892 1198 ἀνάσχῃ
2922 1125 3031 1178 τῶν
3063 1125 3341 1180 σκάνδαλά
3377 1143 3459 1179 σοι
3495 1127 3789 1198 φερουσῶν
3815 1129 3932 1181 ὐπο-

2363 1219 2547 1282 νοιῶν,
2581 1219 2616 1276 ἢ
2648 1219 2743 1273 καὶ
2770 1218 3096 1289 ἀνθρώπων,
3133 1219 3276 1272 κατά
3315 1236 3494 1272 τινων.
3541 1221 3608 1272 Οῑ
3633 1219 3744 1291 γὰρ
3769 1237 3927 1290 παραυ

2363 1309 2642 1381 δεχόμενοι
2683 1311 2960 1366 σκάνδαλα
2989 1312 3048 1365 ὲν
3077 1305 3174 1382 οἴῳ
3206 1311 3408 1383 δήποτε
3441 1311 3636 1383 τρόπῳ
3664 1312 3770 1365 τῶν
3802 1315 3927 1368 κατὰ

2366 1402 2746 1474 προαίρεσινῆ
2801 1403 2952 1474 παρά
3006 1403 3327 1475 προαίρεσιν
3372 1404 3804 1474 συμϐαινόντων,
3837 1407 3926 1459 οὐκ

2366 1495 2513 1549 τσασι
2539 1494 2639 1566 τὴν
2668 1495 2787 1549 όδδν
2835 1495 2935 1566 τῆς
2986 1497 3233 1566 είρήνὴς,
3263 1495 3362 1566 τὴν
3410 1496 3695 1568 φέρουσαν
3732 1498 3814 1552 διά
3837 1497 3926 1567 τῆς

2365 1587 2586 1657 ἀγάπης
2642 1588 2724 1650 είς
2789 1587 2889 1659 τὴν
2933 1587 3140 1656 γνῶσιν
3197 1587 3290 1641 τοῦ
3339 1587 3478 1642 Θεοῦ
3552 1591 3679 1653 τοὺς
3741 1589 3922 1660 ταύτης

2364 1679 2623 1749 ἐραστάς.

2437 1776 2502 1825 o'.
2535 1770 2703 1824 Οὔπω
2756 1771 2870 1840 ἔχει
2914 1770 3128 1826 τελείαν
3182 1770 3282 1840 τὴν
3341 1770 3592 1843 ἀγάπην,
3638 1774 3666 1826 ό
3695 1772 3768 1825 ἔτι
3812 1772 3915 1833 ταῖς

2366 1859 2612 1930 γνώμαις
2649 1861 2759 1916 τῶν
2795 1860 3098 1932 ἀνθρώπων
3141 1861 3640 1934 συνδιατιθέμενος.
3665 1860 3798 1928 Οἴου,
3835 1862 3914 1914 τὸν

681 1938 998 1994 diversitate
1028 1940 1177 1994 varie
1212 1939 1468 1994 adicitur.
1511 1940 1671 2005 Puta,
1707 1939 1802 2010 qui
1842 1939 1966 2006 hac,
2003 1939 2164 1995 illave
2194 1935 2264 1994 de

2371 1951 2467 2020 μὲν
2505 1951 2738 2019 ἀγαπῶν
2760 1992 2774 2018 ,
2803 1953 2896 2006 τὸν
2925 1952 2983 2006 δὲ
3009 1951 3203 2021 μισῶν,
3239 1951 3327 2006 διά
3357 1951 3482 2006 τόδε
3520 1952 3554 2024 ἢ
3585 1953 3699 2006 τόδε
3723 1968 3735 1982 ο
3769 1951 3798 2022 ἢ
3833 1953 3915 2004 καὶ

678 2045 862 2095 causa,
893 2031 1040 2086 hunc
1067 2031 1263 2104 diligit,
1297 2031 1450 2084 illum
1477 2030 1614 2084 odit.
1651 2030 1778 2086 Sive
1809 2030 1976 2085 etiam
2006 2029 2260 2085 eumdem

677 2123 900 2177 easdem
923 2123 994 2177 ob
1017 2138 1212 2178 causas
1247 2123 1410 2177 modo
1446 2122 1646 2193 diligit,
1681 2121 1845 2176 modo
1872 2121 2011 2176 odit.

749 2214 839 2269 Ἠ.
881 2215 1131 2269 Perlecta
1168 2215 1432 2277 charitas,
1459 2214 1744 2268 hominum
1773 2229 1941 2268 unam
1977 2220 2261 2277 naturam,

677 2320 780 2378 pro
803 2321 869 2360 eo
891 2321 955 2360 ac
988 2305 1065 2360 illi
1097 2306 1312 2361 diverse
1358 2305 1560 2374 animis
1589 2305 1891 2374 comparati
1916 2311 2088 2372 sunt,
2142 2319 2255 2358 non

679 2395 880 2450 scindit
907 2413 921 2460 ;
967 2395 1062 2450 sed
1094 2396 1312 2471 adeam
1340 2412 1560 2467 semper
1581 2396 1909 2466 respiciens,
1941 2411 2134 2451 omnes
2160 2395 2264 2450 ho-

681 2489 859 2544 mines
878 2505 1033 2560 azque
1060 2488 1272 2560 diligit,
1303 2488 1478 2544 bonos
1499 2488 1724 2560 quidem
1762 2503 1827 2542 ac
1861 2487 2161 2555 studiosos,
2204 2497 2266 2543 ut

679 2580 922 2647 amicos;
946 2581 1040 2651 qui
1066 2589 1250 2636 autem
1273 2581 1400 2638 mali
1427 2582 1558 2643 sint.
1601 2580 1781 2652 diligit
1816 2591 1878 2634 ut
1905 2580 2182 2644 inimicos,
2208 2581 2264 2634 in

679 2688 778 2728 eos
809 2672 1076 2729 beneﬁcia
1096 2673 1409 2738 conferens,
1434 2688 1498 2727 ac
1516 2673 1908 2743 longanimiter
1929 2687 2117 2743 agens,
2144 2687 2263 2727 ma-

683 2768 842 2837 laque
883 2767 952 2822 ab
979 2767 1061 2822 eis
1089 2767 1238 2822 illata
1266 2766 1540 2836 patienter
1562 2765 1746 2820 ferens
1771 2765 2005 2819 :malum
2036 2780 2266 2834 prorsus

679 2875 791 2914 non
830 2867 1122 2930 reputans;
1151 2859 1284 2930 quin
1310 2858 1518 2928 potius,
1543 2866 1708 2912 etiam
1738 2873 1840 2928 pro
1872 2857 2000 2920 illis,
2026 2857 2072 2912 si
2106 2871 2267 2912 occa.

681 2951 763 3007 sio
783 2953 1086 3019 vocaverit,
1127 2953 1270 3006 mala
1303 2953 1562 3016 tolerans,
1589 2960 1648 3005 ut
1670 2959 1726 3006 et
1747 2951 1890 3017 illos,
1915 2952 1959 3006 si
1986 2951 2103 3006 ﬁeri
2133 2966 2264 3021 pos.—

681 3045 775 3109 sit,
827 3045 1032 3100 amicos
1072 3044 1296 3110 reddat;
1337 3043 1423 3100 sin
1455 3053 1662 3109 autem,
1695 3060 1849 3098 suam
1891 3043 1983 3098 illa
2015 3043 2264 3099 affectio-

683 3156 809 3192 nem
845 3155 951 3192 non
987 3139 1216 3204 deserit,
1241 3154 1398 3208 atque
1434 3153 1651 3208 semper
1688 3138 1744 3192 in
1773 3153 1964 3192 omnes
2012 3137 2267 3192 homines

681 3232 894 3286 {ructus
923 3230 1210 3286 charitatis
1234 3229 1639 3286 demonstrans.
1671 3230 1941 3297 Quocirca
1962 3229 2129 3284 etiam
2161 3231 2268 3285 Do-
2291 3269 2334 3328 c

683 3325 866 3379 minus
901 3323 1067 3397 4,οᾷ
1093 3333 1281 3380 noster
1318 3340 1382 3379 ac
1404 3325 1548 3379 Deus
1576 3324 1735 3380 Iesus
1761 3323 2036 3390 Christus,
2063 3340 2174 3380 sua:
2209 3325 2265 3379 in

682 3433 786 3472 nos
815 3417 1100 3473 charitatis
1123 3416 1400 3488 specimen
1427 3416 1716 3482 exhibens,
1748 3431 1849 3487 pro
1878 3417 2138 3471 universo
2165 3416 2268 3471 hu-

683 3525 846 3566 mano
867 3523 1069 3580 genere
1093 3517 1344 3563 mortuus
1363 3518 1468 3574 est,
1493 3509 1820 3578 cunctisque
1843 3524 1911 3563 ex
1939 3523 2098 3578 aequo
2121 3508 2266 3561 elar-

681 3600 830 3669 gitus
872 3607 957 3654 est
995 3597 1423 3654 resurrectionis
1457 3613 1632 3669 spem,
1682 3597 1787 3653 etsi
1841 3597 2076 3667 quisque
2129 3597 2258 3662 sibi,

682 3691 831 3762 quod
862 3691 1062 3762 dignus
1086 3691 1258 3762 gloria
1287 3698 1384 3745 aut
1397 3689 1691 3760 supplicio,
1716 3699 1912 3745 auctor
1951 3689 2191 3745 exsistit.

756 3783 843 3838 72.
889 3782 1151 3838 Nondum
1194 3781 1496 3854 perfectam
1538 3782 1865 3837 eharitatem
1895 3781 2131 3852 adeptus
2159 3789 2262 3847 est,

683 3877 780 3948 qui
814 3876 1044 3948 gloriam
1085 3883 1142 3932 et
1189 3874 1572 3946 ignominiam,
1613 3874 1834 3930 divitias
1863 3883 1920 3929 et
1968 3882 2265 3944 pauperta-

684 3979 816 4032 tem,
840 3967 1178 4039 voluptatem
1198 3975 1255 4022 et
1274 3966 1556 4023 tristitiam
1577 3967 1856 4037 animique
1882 3965 2128 4021 dolorem
2155 3981 2265 4021 non

684 4061 916 4132 spernit.
950 4059 1201 4116 Perfecta
1237 4066 1423 4114 autem
1468 4058 1712 4114 charitas
1742 4058 1948 4112 nedum
1975 4057 2096 4113 haac
2117 4072 2268 4127 sper-

683 4149 786 4212 nit,
833 4163 1024 4202 verum
1073 4147 1242 4202 etiam
1306 4154 1723 4216 temporaneam
1774 4146 1951 4217 ipsam
1995 4147 2164 4202 vitam
2203 4161 2268 4202 ac

684 4248 918 4294 mortem
942 4238 1266 4296 contemnit.

755 4331 844 4385 75.
883 4329 1047 4395 Audi,
1074 4327 1170 4400 qui
1188 4327 1489 4400 perfectam
1519 4328 1847 4383 charitatem
1865 4327 2130 4398 consequi
2154 4343 2269 4384 me-

687 4430 942 4484 ruerunt,
993 4419 1177 4491 qualia
1215 4420 1514 4490 loquantur
1551 4437 1564 4473 ε
1597 4418 1726 4485 Quis
1775 4436 1869 4474 nos
1921 4419 2191 4489 separabit
2233 4437 2266 4474 a

687 4513 947 4566 charitate
976 4511 1170 4568 Christi
1196 4511 1222 4565 ?
1247 4510 1516 4566 tribulatio
1542 4512 1567 4566 ?
1595 4528 1665 4565 an
1699 4512 1946 4582 angustia
1973 4510 1998 4563 ?
2031 4527 2100 4564 an
2141 4526 2265 4580 per-

2364 2044 2454 2096 τὺν
2492 2043 2653 2098 αὑτὸν
2685 2045 2816 2098 ποτε
2855 2045 2952 2117 μὲν
2974 2045 3222 2114 ἀγαπῶν,
3255 2047 3388 2099 ποτὲ
3415 2045 3476 2098 δὲ
3511 2045 3702 2116 μισῶν,
3730 2042 3808 2098 διὰ
3829 2045 3913 2105 τὰς

2365 2133 2538 2196 αὑτὰς
2571 2134 2773 2199 αἰτίας.

2434 2231 2531 2280 οα⁹.
2573 2227 2638 2281 Ἢ
2686 2227 2868 2282 τελεία
2921 2227 3110 2298 ἀγάπη
3157 2227 3218 2280 οὒ
3266 2227 3632 2299 συνδιασχίζει
3682 2227 3769 2299 τὴν
3800 2227 3912 2298 μίαν

2363 2318 2471 2374 τῶν
2504 2317 2808 2389 ἀνθρώπων
2866 2318 3052 2388 φύσιν,
3102 2321 3220 2382 ταῖς
3267 2319 3550 2390 διαφόροις
3592 2319 3761 2374 αὐτῶν
3791 2317 3912 2388 γνὼο

2369 2425 2532 2480 μαιςο
2584 2409 2702 2462 ἀλλ’
2757 2410 2840 2474 είς
2882 2409 3050 2475 αὐτὴν
3094 2410 3182 2462 ἀεὶ
3222 2409 3678 2481 ἀποϐλεπομένη,
3727 2410 3911 2470 πάντας

2363 2500 2686 2572 ἀνθρώπους
2709 2500 2770 2566 ἐξ
2805 2503 2918 2556 ῐσου
2949 2502 3142 2574 ἀγαπᾷ
3161 2518 3173 2532 ·
3208 2503 3335 2565 τοὺς
3362 2501 3468 2572 μὲν
3499 2501 3818 2566 σπουδαίους,
3847 2499 3911 2563 ὡς

2366 2594 2554 2664 φίλους
2577 2611 2590 2626 ο
2643 2595 2770 2658 τοὺς
2815 2593 2872 2647 δὲ
2907 2594 3166 2664 φαύλους,
3201 2594 3276 2658 ώς
3315 2593 3550 2665 ἐχθροὺς
3590 2595 3785 2664 ἀγαπᾷ,
3826 2592 3908 2646 sta-

2365 2681 2667 2753 εργετοῦσα
2701 2682 2796 2736 καὶ
2840 2683 3287 2755 μακροθυμοῢσα,
3337 2685 3437 2738 καὶ
3482 2685 3806 2754 ὑπομένουσα
3851 2683 3908 2733 τὰ

2365 2773 2498 2844 παρ’
2542 2772 2724 2827 αὐτῶν
2761 2773 3120 2845 ἑπαγόμενα·
3171 2775 3234 2828 τὸ
3279 2775 3456 2828 κακὸν
3496 2775 3555 2828 τὸ
3593 2775 3806 2836 συνόλως
3842 2773 3907 2842 μὴ

2363 2865 2712 2938 λογιζομένη,
2765 2865 2904 2920 ἀλλά
2947 2866 3044 2920 καὶ
3096 2866 3385 2936 πάσχουσα
3435 2866 3571 2937 ὑπὲρ
3615 2863 3814 2927 αὐτῶν,
3865 2863 3906 2914 ιι

2365 2957 2556 3030 καιρὸς
2599 2957 2898 3024 καλέσειεν,
2925 2958 3012 3012 ἵνα
3047 2959 3140 3011 καὶ
3190 2958 3390 3020 αὐτοὺς
3439 2959 3634 3029 ποιήσῃ
3674 2955 3838 3024 φίλους
3861 2954 3903 3004 εἰ

2363 3045 2474 3104 οἷόν
2505 3067 2564 3103 τε
2583 3067 2597 3081 '
2631 3052 2680 3104 εί
2710 3051 2767 3105 δὲ
2805 3051 2914 3122 μὴ,
2945 3051 3046 3122 τῆς
3078 3066 3142 3120 γε
3194 3049 3330 3115 ιδίας
3379 3050 3668 3110 διαθέσεως
3703 3049 3794 3100 οὐκ
3821 3047 3900 3098 tx-

2366 3142 2576 3208 πίπτει,
2607 3143 2737 3206 τοὺς
2763 3145 2864 3214 τῆς
2897 3143 3122 3213 ἀγάπης
3160 3144 3413 3215 καρποὺς
3441 3145 3524 3198 ἀεὶ
3563 3143 3620 3208 ὲξ
3649 3141 3752 3195 τσου
3783 3140 3899 3210 πρὸς

2367 3234 2576 3298 πάντας
2619 3233 2940 3304 ἀνθρώπους
2964 3235 3372 3305 ἐνδεικνυμένη.
3408 3235 3500 3288 Διὸ
3530 3237 3618 3288 καὶ
3655 3235 3681 3286 ό
3724 3231 3899 3301 Κύριος

2368 3324 2526 3396 ἡμῶν
2553 3326 2648 3380 καὶ
2681 3325 2814 3390 Θεὸς
2852 3325 3059 3398 Ἰησοῦς
3083 3325 3338 3400 Χριστὸς,
3383 3327 3486 3398 τὴν
3517 3325 3674 3380 αὑτοῦ
3709 3324 3898 3391 ἀγάπην

2368 3418 2446 3480 εἰς
2477 3418 2622 3487 ἡμᾶς
2647 3415 3045 3486 ἐνδειξάμενος,
3071 3419 3213 3490 ὑπὲρ
3242 3419 3372 3490 ὅλης
3407 3419 3506 3491 τῆς
3526 3416 3898 3489 ἀνθρωπότητος

2368 3508 2588 3571 ἔπαθεν,
2625 3510 2720 3563 καὶ
2759 3512 2926 3564 πᾶσιν
2959 3510 3018 3576 ἐξ
3067 3511 3182 3564 ῐσου
3224 3512 3325 3582 τὴν
3357 3510 3546 3565 ἐλπίδα
3572 3511 3662 3581 τῆς
3691 3506 3894 3562 ἀναστά-

2369 3618 2506 3664 σεως
2533 3601 2828 3673 ἐχαρίσατο
2849 3619 2863 3632 ο
2899 3603 2947 3656 εί
2976 3602 3072 3655 καὶ
3107 3602 3339 3668 ἕκαστος
3378 3603 3583 3668 ἑαυτὸν,
3619 3601 3717 3652 εῐτε
3738 3597 3888 3666 δόξης,

2367 3693 2481 3746 εἴτε
2515 3694 2789 3756 κολάσεως
2820 3693 3140 3765 καθίστησιν
3165 3694 3339 3762 ἀξιον.

2437 3783 2534 3854 op"
2577 3785 2644 3836 ’θ
2686 3784 2760 3856 μὴ
2792 3785 3151 3856 καταφρονῶν
3182 3785 3342 3856 δόξης
3375 3788 3468 3844 καὶ
3499 3785 3726 3855 ἀτιμίας,
3754 3777 3890 3831 πλού-

2368 3891 2462 3927 του
2490 3875 2583 3929 καὶ
2599 3875 2811 3939 πενίας,
2834 3876 3028 3947 ἡδονῆς
3048 3893 3106 3929 τε
3137 3877 3231 3930 καὶ
3260 3876 3453 3949 λύπης,
3482 3877 3678 3929 τελείαν
3699 3871 3892 3938 ἀγάπην

2369 3963 2521 4018 οὔπω
2571 3967 2859 4038 ἐκτήσατο.
2919 3967 2983 4020 Ἦ
3034 3967 3144 4039 γὰρ
3195 3967 3373 4021 τελεία
3419 3968 3596 4036 ἀγάπη
3647 3965 3705 4016 οὺ
3755 3961 3889 4032 μόνον

2366 4057 2572 4110 τούτων
2605 4060 2960 4128 καταφρονεῖ,
2983 4059 3118 4112 ἀλλά
3146 4059 3238 4112 καὶ
3265 4059 3432 4130 αὐτῆς
3465 4060 3558 4128 τῆς
3583 4051 3886 4123 προσκαίρου

2374 4148 2520 4220 ζωῆς
2553 4166 2612 4202 τε
2648 4150 2740 4205 καὶ
2768 4149 2862 4204 τοῦ
2895 4150 3149 4205 θανάτου.

2439 4327 2519 4397 ογ’
2524 4329 2746 4383 ,Ἄκουε
2765 4328 2872 4382 τῶν
2891 4328 3338 4392 καταξιωθέντων
3357 4328 3452 4398 τῆς
3470 4324 3664 4388 τελείας
3679 4322 3875 4390 ἀγάπης.

2371 4421 2499 4472 ποῖα
2526 4419 2743 4488 λέγουσι
2775 4435 2788 4450 ⁸
2826 4421 2921 4486 Τίς
2959 4419 3116 4490 ἡμᾶς
3149 4421 3390 4488 χωρίσει
3419 4419 3531 4475 ἀπὸ
3554 4415 3651 4483 τῆς
3681 4411 3876 4481 ἀγάπης·

2371 4512 2477 4568 τοῦ
2505 4511 2794 4582 Χριστοῦ;
2827 4513 3068 4582 θλίψεςς
3099 4511 3136 4580 ἢ
3161 4511 3552 4588 στενοχωρίας
3580 4508 3614 4576 ἢ
3639 4500 3872 4572 dtwrtw‘c;

684 4605 878 4657 sccutio
897 4601 924 4655 .7
945 4619 1015 4656 an
1033 4600 1238 4672 fames?
1253 4619 1323 4656 an
1346 4601 1599 4656 auditas?
1621 4618 1691 4656 an
1707 4599 1999 4673 periculum
2017 4601 2043 4654 ?
2057 4616 2128 4655 an
2153 4600 2265 4673 gla-

2373 4604 2411 4674 ﬂ
2443 4606 2652 4674 λιμός;
2686 4602 2724 4672 ἦ
2752 4605 3095 4674 γυμνότης;
3123 4604 3160 4673 ἢ
3194 4604 3514 4685 κίνδυνος;
3562 4599 3597 4669 ἢ
3624 4596 3866 4685 μάχαιρα;

685 4695 800 4749 dius
827 4695 852 4748 .9
878 4697 1013 4750 sicut
1039 4696 1290 4767 scriptum
1325 4703 1401 4749 est
1440 4712 1457 4750 :
1488 4693 1624 4761 Quia
1647 4701 1862 4766 propter
1894 4701 1942 4747 te
1974 4693 2264 4762 mortiﬁca-

685 4805 805 4840 mur
834 4797 943 4842 tota
972 4788 1084 4854 die;
1134 4789 1383 4842 wstimati
1418 4804 1598 4842 sumus
1646 4787 1779 4841 sicut
1822 4802 1940 4840 oves
1973 4787 2265 4842 occisionis.

687 4879 790 4933 Sed
815 4883 868 4934 in
892 4882 971 4936 his
1001 4880 1238 4935 omnibus
1271 4897 1606 4950 superamus,
1633 4888 1850 4950 propter
1898 4895 2040 4945 eum,
2069 4881 2159 4952 qui
2183 4880 2267 4934 di-

688 4971 812 5026 tarit
856 4991 970 5028 nos.
1005 4971 1191 5029 Certus
1219 4989 1336 5027 sum
1375 4971 1513 5026 enim
1545 4973 1670 5043 quia
1706 4987 1872 5042 neque
1905 4987 2066 5037 mors,
2103 4987 2269 5042 neque

685 5067 814 5130 vita,
840 5083 1006 5138 neque
1033 5063 1231 5136 angeli,
1253 5081 1421 5136 neque
1459 5065 1808 5135 principatus,
1836 5079 2004 5135 neque
2022 5065 2264 5128 virtutes,

685 5175 853 5230 neque
882 5159 1165 5224 instantia,
1207 5173 1375 5228 neque
1402 5157 1606 5226 futura,
1634 5173 1799 5226 neque
1819 5156 2066 5222 altitudo,
2102 5169 2270 5227 neque

685 5250 1028 5322 profundum,
1051 5267 1218 5322 neque
1250 5247 1364 5302 ulla
1397 5247 1506 5302 alia
1531 5256 1780 5302 creatura
1817 5251 2009 5319 poterit
2050 5264 2144 5303 nos
2186 5264 2269 5302 se-

2373 4697 2568 4764 καθὼς
2613 4695 2959 4767 γέγραπται·
2997 4696 3127 4751 Ὀτι
3173 4684 3352 4751 ἕνεκα
3382 4693 3497 4750 σοῦ
3527 4684 3867 4752 θανατούμεθα

2373 4790 2526 4858 ὅλην
2584 4790 2700 4860 τὴν
2758 4790 3018 4859 ἡμέραν·
3078 4791 3476 4859 ἐλογίσθημεν
3539 4785 3612 4850 ὼς
3656 4775 3866 4846 πρόϐατα

2374 4877 2634 4951 σφαγῆς.
2679 4881 2828 4934 Ἀλλ’
2885 4881 2955 4934 ἐν
2991 4881 3226 4947 τούτοις
3279 4881 3464 4937 πᾶσιν
3505 4865 3860 4951 ὑπερνικῶμεν.

2375 4947 2473 5024 δίά
2512 4947 2620 5024 ζτοῧ
2652 4969 3087 5039 ἀγαπήσαντος
3115 4969 3292 5041 ἡμᾶς.
3325 4973 3628 5036 Πέπεισμαι
3656 4956 3759 5024 γὰρ.
3788 4947 3860 5041 ὗῖι

2377 5062 2515 5116 οὔτε
2557 5060 2846 5129 θάνατος,
2895 5063 3034 5119 οὔτε
3082 5040 3195 5132 ζωὴ
3220 5104 3237 5130 ,
3301 5063 3436 5118 οὔτε
3477 5056 3708 5128 ἄπελω⁹

2373 5155 2572 5223 ἀρχαι.
2597 5153 2737 5220 οὔτε
2759 5153 3043 5225 δυνάμεις
3059 5196 3072 5220 ,
3100 5130 3237 5210 οὔτε
3270 5149 3565 5208 ἐνεστῶτα,
3607 5139 3718 5196 οὔτε
3737 5130 3860 5225 μέλ’

2376 5251 2584 5313 λοντα,
2617 5249 2757 5302 οὔτε
2787 5224 3022 5318 ὕψωμα,
3055 5249 3195 5305 οὔτε
3222 5248 3431 5315 βάθος,
3462 5244 3582 5297 οὔτε
3602 5250 3674 5296 τις
3694 5224 3863 5286 κτίσις

757 5409 829 5482 (Ιί)
855 5410 956 5488 tu}.
988 5407 1235 5488 πνλήξῃς
1273 5407 1418 5488 ποτέ
1466 5422 1600 5461 τινα
1641 5403 1764 5487 τῶν
1792 5407 2115 5488 etamen;
2146 5405 2252 5488 ,Βί-

2363 5403 2568 5477 Obsop.
2593 5414 2672 5488 et“
2669 5406 2836 5488 Gesn.
2870 5407 3123 5488 sicistud
3150 5408 3298 5488 male
3333 5401 3623 5488 .eodetngclte
3639 5393 3868 5488 ξξξθξέξ

686 5476 836 5536 etum
867 5479 920 5533 id
945 5476 1136 5549 putem
1165 5477 1218 5531 in
1247 5478 1516 5542 seniores,
1553 5477 1655 5549 qui
1720 5476 2003 5549 subjectos
2033 5478 2255 5549 _fratres

683 5546 1018 5620 quandoque
1055 5563 1156 5618 pro
1213 5563 1312 5620 sua
1365 5547 1683 5620 morositate
1729 5546 1927 5602 durius
1960 5547 2250 5620 baberent,

685 5617 790 5675 nec
851 5617 985 5674 satis
1023 5617 1366 5673 humanitate
1430 5618 1607 5672 zelum
1663 5624 2051 5687 temperarent.
2111 5617 2253 5684 Quin

686 5691 833 5743 enim
859 5699 1107 5743 veterum
1148 5688 1307 5741 multi
1347 5703 1410 5742 ea
1441 5687 1734 5755 disciplina
1758 5687 1981 5741 modum
2000 5702 2256 5741 excesse-

688 5760 829 5826 rint.
853 5774 954 5811 nec
980 5759 1166 5826 paucis
1182 5757 1472 5812 deserendi
1501 5756 1791 5810 sanctioris
1810 5755 2044 5810 instituti
2065 5766 2258 5811 aucto-

690 5839 778 5877 res
813 5825 1040 5894 l'uerint,
1063 5827 1210 5894 quod
1260 5826 1349 5880 hic
1392 5827 1696 5894 ὑποχωρεῖν
1751 5835 1911 5878 vocat
1969 5827 2256 5887 Maximus,

695 5894 836 5950 haud
862 5893 1093 5948 dubium
1108 5895 1195 5947 sit.
1225 5895 1293 5949 Ut
1341 5893 1539 5950 caetera
1591 5909 1703 5948 non
1773 5895 2071 5950 admodum
2119 5895 2260 5950 bene

2401 5451 2543 5530 ιῖἑῆἷ
2554 5451 2840 5542 tam;
2851 5451 2952 5548 .ῗὲ
2971 5451 3135 5533 ῗῐὶι
3151 5451 3257 5532 "63'
3269 5451 3604 5548 νμὴᾝιῷιύξῃ
3618 5451 3874 5548 Δξῑοξῖν

2395 5548 2586 5616 λεγχον
2613 5547 2705 5599 τοῦ
2739 5533 3055 5611 συνειδότος·
3105 5533 3300 5618 Νεφιέ
3324 5533 3490 5618 tamet}:
3524 5533 3871 5618 effugiﬂfheﬂ‘f:

2363 5593 2580 5686 strata
2599 5593 3421 5682 natura;astutam}
3435 5593 3596 5686 ’(ἓςεῖι·
3610 5593 3870 5686 ’ζίείίξᾎίξξξζ

2366 5658 2580 5740 ἶὶοηειη.
2615 5687 2704 5741 Sic
2725 5659 2961 5742 arduum
2989 5703 3151 5749 nosse
3203 5687 3294 5740 τοῦ
3325 5658 3872 5749 συνειδόφοςηείὲῖιξίξξξν

2367 5756 2572 5811 tionem
2594 5729 3255 5827 ;”ἱάᾌεῖ,“ῖολῖᾶξῆἶὶω;
3316 5744 3528 5822 etquod
3576 5739 3664 5795 illa
3712 5729 3869 5786 reda?

2367 5837 2518 5895 guat,
2543 5836 2654 5882 etc.
2863 5853 2870 5860 ο
