4128 6210
386 247 450 311 77
1212 198 1591 308 ωῩῙἸἪΜ
1631 248 1729 308 DE
1766 248 1893 307 cm

2001 253 2195 313 ΤΑΤΕ
2234 256 2374 315 CEN
2396 258 2621 317 FURIA
2666 262 2713 318 Ι.
3500 273 3603 337 978

344 368 516 433 ἑτέρα
542 365 866 431 δυνήσεται
904 366 1052 436 ἡμᾶς
1087 372 1323 439 χωρίσαι
1370 359 1508 425 ἀπὸ
1552 372 1661 441 τῆς
1688 373 1888 441 ἀγάπη

1996 395 2007 433 l
2038 392 2234 445 parare
2264 400 2294 434 a
2316 384 2575 439 charitate
2608 385 2726 450 Dei,
2759 401 2875 456 qua:
2905 395 2979 440 est
3009 388 3066 442 in
3103 386 3311 445 Christo
3346 391 3472 446 Iesu
3506 396 3584 449 Do

342 456 450 509 τοῦ
477 455 645 520 Θεοῦ,
676 456 778 522 τῆς
804 458 873 510 ἐν
900 459 1125 524 Χριστῷ
1158 454 1358 528 Ἰησοῦ
1390 459 1478 527 τῷ
1504 464 1700 531 Κυρίῳ
1729 464 1893 533 ἡμῶν

2033 469 2176 523 mino
2208 484 2386 527 nostro
2416 477 2481 529 η.
2591 513 2596 517 -

413 545 506 597 οδ⁹.
544 545 676 615 Περὶ
700 545 757 596 δὲ
797 547 896 616 τῆς
927 548 1007 611 εἰς
1038 549 1128 601 τὸν
1184 548 1417 623 πλησίον
1467 553 1708 624 ἀγάπης,
1752 555 1893 608 ἄκουη

2102 556 2187 611 74.
2230 560 2306 614 De
2345 562 2615 618 eharitate
2668 573 2851 620 autem
2902 581 3031 638 erga
3074 569 3427 639 proximum,
3477 577 3607 630 audi

343 636 506 689 πάλιν
528 631 616 689 οἷα
637 636 883 703 λέγουσιν
907 654 921 668 ο
960 639 1266 706 Ἀλήθειαν
1290 641 1534 710 λέγωὲν
1564 645 1816 713 Χριστῷ,
1846 665 1893 700 οι

2028 666 2220 706 rursus
2244 653 2425 722 qualia
2456 656 2750 711 enuntiant
2791 673 2806 711 :
2845 657 3127 714 Veritatem
3153 662 3268 731 dico
3290 665 3344 717 in
3375 664 3604 733 Christo,

340 728 659 797 ψεύδομαι,
695 732 1240 801 συμμαρτυρούσης
1290 751 1392 804 μοι
1430 736 1527 789 καὶ
1578 736 1689 805 τῆς
1717 754 1890 792 συηνει

2024 759 2129 796 non
2164 747 2405 811 mentior,
2456 750 2810 803 testimonium
2850 751 2977 804 mihi
3005 752 3307 821 perhibente
3326 758 3441 827 ipsa
3476 776 3604 813 con—

339 819 575 887 δήσεώς
618 838 739 888 μου
788 822 859 874 ἐν
896 824 1195 892 Πνεύματι
1243 827 1427 895 ἁγίῳ·
1474 827 1565 881 ὅτι
1612 830 1778 898 λύπη
1813 847 1893 899 μο

2019 834 2237 888 scientia
2256 852 2370 891 mea
2399 839 2451 891 in
2475 838 2677 909 Spiritu
2706 848 2889 895 saneto
2911 858 2930 896 :
2953 844 3206 912 quoniam
3235 847 3451 904 tristitia
3476 853 3602 905 mihi

342 915 473 967 ἐστι
506 914 730 982 πολλὴ,
778 916 876 969 καὶ
915 917 1296 985 ἀδιάλειπτος
1340 920 1526 988 ὀδύνη
1578 920 1653 991 τῇ
1702 925 1893 991 καρδίς

2022 942 2217 996 magna
2248 936 2343 995 est,
2384 938 2432 983 et
2480 933 2756 986 continuus
2799 932 2951 987 dolor
2990 935 3135 989 cordi
3165 953 3298 991 meo.
3338 938 3599 1010 Optabam

339 1023 476 1075 μου.
504 1007 792 1076 Ηὺχόμην
827 1009 936 1077 γὰρ
964 1010 1230 1081 ἀνάθεμα
1260 1009 1413 1068 εἶναι
1439 1015 1622 1081 αὐτὸς
1648 1015 1763 1086 ἐγὼ
1794 1017 1893 1071 dm

2017 1016 2157 1069 enim
2184 1032 2278 1086 ego
2318 1018 2429 1087 ipse
2452 1022 2737 1074 anathema
2768 1038 2878 1076 esse
2916 1038 2948 1076 a
2985 1021 3192 1078 Christo
3220 1042 3315 1098 pro
3345 1007 3600 1098 fratribus

340 1096 446 1150 τοῦ
470 1100 728 1166 Χριστοῦ
766 1101 919 1169 ὑπὲρ
963 1103 1081 1157 τῶν
1114 1105 1395 1175 ἀδελφῶν
1440 1126 1581 1177 μου,
1610 1109 1731 1164 τῶν
1766 1127 1893 1182 συγ

2020 1107 2171 1169 meis,
2204 1109 2293 1177 qui
2321 1118 2446 1162 sunt
2499 1112 2709 1181 cognati
2756 1114 2858 1167 mei
2899 1115 3184 1170 secundum
3239 1135 3473 1185 carnem,
3512 1125 3599 1191 qui

339 1187 527 1257 γενῶν
552 1208 672 1259 μου
709 1192 861 1245 κατὰ
899 1192 1116 1261 σάρκα,
1158 1198 1376 1263 οἵτινές
1408 1202 1567 1253 εἰσιν
1616 1202 1910 1271 Ἰσραηλῖ-

338 1296 451 1343 ται,
492 1282 585 1333 καὶ
624 1281 694 1335 τὰ
749 1283 896 1354 ἑξῆς.
939 1284 1215 1350 Ὡσαύτως
1242 1290 1335 1341 καὶ
1376 1291 1405 1343 6
1439 1291 1700 1363 Μωῦσῆς,
1733 1294 1826 1347 καὶ
1859 1297 1908 1348 oi

335 1371 512 1424 λοιποὶ
542 1371 689 1440 ἅγιοι
722 1372 881 1445 [unus
918 1375 1044 1446 Reg.
1069 1379 1162 1431 καὶ
1193 1381 1397 1445 πάντες
1427 1385 1474 1436 oi
1501 1383 1691 1457 ἆγιοι].

404 1470 497 1521 οε’.
534 1465 600 1519 'O
637 1465 711 1537 μὴ
759 1468 1118 1539 καταφρονῶν
1152 1470 1309 1542 δόξης
1338 1474 1430 1527 καὶ
1470 1476 1661 1545 ἡδονῆς
1683 1478 1780 1550 (9),
1813 1480 1907 1533 καὶ

332 1550 433 1621 τῆς
462 1551 672 1605 τούτων
705 1556 1027 1626 αὐξητικῆς,
1062 1559 1154 1611 καὶ
1181 1560 1247 1613 δι’
1290 1562 1460 1625 αὐτὰς
1491 1568 1901 1639 συνισταμένης,

2014 1203 2138 1249 sunt
2160 1195 2424 1250 Israelitte
2448 1199 2514 1260 ’⁷,
2557 1207 2613 1253 et
2644 1215 2768 1269 quae
2799 1212 3128 1272 sequuntur.
3168 1204 3436 1263 Similiter
3455 1225 3598 1278 quo-

2013 1302 2123 1357 que
2152 1289 2364 1365 Moyses
2386 1289 2454 1357 ³⁸,
2486 1307 2549 1346 ac
2578 1295 2755 1349 sancti
2780 1297 3000 1368 reliqui.

2082 1467 2172 1523 75.
2207 1467 2311 1534 Qui
2343 1468 2571 1539 gloriam
2588 1480 2644 1526 et
2670 1472 3031 1543 voluptatem,
3068 1490 3133 1530 ac
3183 1493 3306 1548 quae
3347 1480 3456 1537 illis
3494 1497 3593 1537 au-

2009 1567 2256 1612 mentum
2294 1560 2533 1628 praebet,
2567 1577 2871 1633 earumque
2922 1566 3095 1635 gratia
3138 1569 3417 1638 consistit,
3449 1567 3593 1647 lava-

334 1642 717 1714 φιλαργυρεας,
751 1648 850 1710 τὰς
889 1648 981 1700 τοῦ
1029 1649 1201 1719 θυμοῦ
1254 1656 1560 1724 προφάσεις
1610 1658 1893 1713 ἐκκόπτειν

2006 1647 2186 1700 ritiam
2214 1665 2324 1703 non
2357 1655 2683 1718 contemnit,
2713 1654 2761 1709 is
2791 1655 2887 1710 ira:
2923 1660 3245 1714 occasiones
3268 1663 3593 1719 exscindere

330 1735 393 1786 οὐ
422 1734 666 1790 δύναται.
706 1738 762 1790 '0
804 1738 859 1790 δὲ
900 1739 1101 1804 ταύτας
1134 1742 1209 1814 μὴ
1234 1745 1501 1811 ἐκόπτων,
1550 1747 1649 1818 τῆς
1691 1750 1893 1815 τελείας

2010 1748 2119 1787 non
2184 1738 2452 1803 potuerit.
2493 1737 2597 1803 Qui
2626 1750 2811 1795 autem
2861 1741 2962 1798 has
3006 1758 3119 1799 non
3169 1756 3439 1817 amputat,
3490 1765 3593 1806 nec

331 1823 557 1896 ἀγάπης
581 1830 762 1898 τυχεῖν
795 1830 855 1882 οὑ
887 1830 1131 1887 δύναται.

401 1919 507 1976 ος’.
547 1916 890 1983 Ταπείνωσις
914 1920 1009 1972 καὶ
1040 1922 1402 1991 κακοπάθεια,
1428 1928 1606 1999 πάσης
1628 1931 1902 2002 ἁμαρτίας

332 2004 677 2077 ἐλευθεροῦσι
705 2009 796 2062 τὸν
824 2010 1111 2081 ἄνθρωπον
1134 2028 1149 2043 ⁸
1187 2016 1219 2087 ἡ
1264 2016 1384 2087 μὲν,
1410 2018 1477 2071 τὰ
1503 2021 1601 2090 τῆς
1624 2022 1801 2093 ψυχῆς
1821 2040 1833 2053 ⁸
1866 2028 1899 2096 ἡ

329 2095 406 2159 δὲ,
438 2097 505 2150 τὰ
530 2098 625 2151 τοῦ
654 2099 903 2171 σώματος
938 2104 1351 2175 περικόπτουσα
1377 2109 1548 2181 πάθη.
1594 2113 1762 2167 Τοῦτο
1792 2095 1901 2188 γὰρ

332 2185 502 2240 ποιῶν
531 2190 625 2241 καὶ
646 2192 673 2243 6
707 2193 975 2263 μακάριος
1004 2194 1254 2261 φαίνεται
1282 2200 1463 2267 Δασιδ,
1486 2204 1543 2256 ὲν
1567 2200 1648 2266 οἷς
1681 2185 1898 2275 εὔχεται

330 2276 468 2345 πρὸς
493 2278 581 2330 τὸν
612 2279 766 2346 Θεὸν,
822 2282 1025 2352 λέγων-
1075 2286 1181 2339 Ἰὸὲ
1217 2289 1331 2357 τὴν
1376 2294 1745 2349 ταπείνωσίν
1780 2315 1901 2365 μου

329 2364 428 2418 καὶ
461 2367 571 2421 τὸν
613 2372 809 2428 κόπον
831 2392 971 2443 μου,
1012 2379 1110 2432 καὶ
1158 2380 1307 2450 ἄφες
1338 2384 1544 2451 πάσας
1580 2387 1686 2453 τὰς
1718 2364 1902 2459 ἀμαρ-

328 2457 460 2523 τίας
471 2476 612 2527 μου.

397 2548 492 2614 οξ.
526 2552 627 2606 Διά
659 2556 756 2623 μὲν
789 2550 897 2612 τῶν
928 2560 1158 2619 ἐντολῶν
1188 2568 1216 2619 6
1255 2568 1477 2639 Κύριος,
1509 2571 1739 2638 ἀπαθεῖς
1774 2576 1901 2639 τοὺς

327 2639 730 2713 ἐργαζομένους
783 2650 957 2714 αὐτὰς
995 2653 1284 2709 άποτελεῖ’
1344 2659 1433 2713 διὰ
1479 2660 1537 2715 δὲ
1584 2661 1694 2715 τῶν
1739 2665 1901 2719 θείων

326 2733 628 2831 ῗογμάτων,
660 2742 752 2797 τὸν
786 2747 1066 2817 φωτισμὸν
1115 2749 1214 2819 τῆς
1239 2751 1492 2820 γνώσεως
1521 2756 1705 2823 αὐτοῖς
1739 2759 1900 2831 χαρί-

327 2824 501 2891 (stat.

396 2929 493 2994 o'q'.
528 2923 712 2981 Πάντα
734 2928 803 2983 τὰ
826 2929 1093 3001 δόγματα,
1124 2933 1157 3002 ἦ
1198 2937 1328 3006 περὶ
1357 2938 1492 2993 Θεοῦ
1521 2941 1679 3010 είσιν,
1708 2944 1740 3015 ἢ
1770 2946 1900 3013 περὶ

2004 1826 2303 1896 perfectam
2342 1829 2671 1886 charitatem
2695 1835 2960 1904 consequi
2986 1837 3180 1905 possit.

2078 1914 2167 1968 76.
2207 1914 2502 1974 Humilitas
2528 1921 2823 1989 carnisque
2854 1921 3153 1990 aﬂlictatio,
3176 1926 3247 1981 ab
3282 1928 3433 1982 omni
3466 1944 3592 1999 pec-

2002 2015 2126 2061 cato
2156 2007 2436 2064 hominem
2474 2012 2717 2067 liberant
2751 2033 2764 2069 :
2801 2031 3037 2084 quarum
3083 2019 3199 2084 illa,
3228 2022 3440 2087 animi;
3472 2023 3590 2078 haec

2000 2115 2155 2165 vero,
2195 2103 2449 2171 corporis
2487 2114 2735 2175 amputat
2761 2107 2914 2163 vitia.
2955 2110 3071 2164 Hoc
3113 2112 3261 2165 enim
3288 2121 3345 2168 et
3391 2115 3589 2170 beatus

2001 2186 2170 2242 David
2205 2200 2462 2260 praestare
2498 2202 2860 2261 monstratur,
2899 2212 3023 2253 cum
3054 2200 3108 2253 in
3153 2200 3271 2258 hate
3300 2201 3469 2259 verba
3516 2204 3586 2259 ad

2000 2279 2173 2335 Deum
2208 2293 2495 2351 precatur:
2527 2285 2650 2339 Vide
2678 2287 3034 2344 humilitatem
3068 2309 3241 2347 meam
3272 2302 3321 2348 et
3355 2295 3585 2351 laborem

2002 2384 2193 2432 meum,
2214 2379 2262 2423 et
2289 2371 2492 2426 dimitte
2514 2373 2691 2427 omnia
2710 2385 2925 2443 peccata
2953 2394 3067 2432 mea
3094 2381 3159 2434 ’9.

2074 2559 2160 2612 77.
2203 2558 2471 2613 Dominus
2507 2575 2606 2630 per
2644 2560 2922 2628 mandata,
2971 2578 3069 2619 eos
3112 2566 3207 2636 qui
3251 2580 3473 2626 servant
3517 2585 3583 2629 ac

2000 2660 2322 2720 operantur,
2356 2652 2426 2707 ab
2455 2653 2747 2709 atiectibus
2770 2670 2835 2710 ac
2860 2655 3023 2729 405
3052 2657 3284 2717 libidine
3311 2662 3583 2723 immunes

2000 2744 2184 2799 reddit
2220 2761 2233 2798 ε
2266 2759 2365 2815 per
2386 2745 2573 2800 divina
2599 2755 2783 2802 autem
2811 2748 3087 2821 dogmata,
3119 2753 3365 2825 scientia:
3393 2756 3477 2811 eis
3517 2757 3584 2811 il-

1999 2834 2386 2893 lustrationem
2406 2839 2623 2895 tribuit.

2072 2930 2159 2984 78.
2200 2930 2463 3000 Dogmata
2485 2932 2669 2987 omnia
2687 2948 2752 2989 ac
2781 2935 3027 3002 decreta,
3060 2945 3155 2992 aut
3182 2938 3251 2995 de
3280 2940 3393 2997 Deo
3428 2951 3580 3011 sunt,

325 3012 536 3082 ὁρατῶν
556 3016 652 3070 καὶ
678 3018 945 3091 ἀοράτων,
981 3024 1167 3099 ἢπερ).
1204 3028 1304 3100 τῆς
1335 3031 1393 3084 ὲν
1429 3032 1612 3097 αὐτοῖς
1644 3012 1893 3107 προνοίας

2003 3030 2099 3076 aut
2120 3022 2188 3077 de
2218 3024 2383 3078 rebus
2405 3024 2460 3078 in
2482 3034 2765 3095 aspectum
2782 3028 3127 3096 cadentibus,
3150 3041 3245 3086 aut
3269 3048 3391 3102 quae
3408 3035 3580 3091 aciem

327 3103 422 3157 καὶ
445 3105 703 3175 κρίσεως.

394 3282 493 3339 σθ’.
534 3284 601 3340 Ἥ
636 3286 734 3358 μὲν
797 3290 1132 3369 ἐλεημοσύνη
1162 3297 1296 3370 (10),
1340 3301 1401 3355 τὸ
1444 3302 1675 3375 θυμικὸν
1731 3308 1896 3380 μέρος

323 3374 419 3445 τῆς
448 3376 631 3469 ,ψυχῆς
658 3380 979 3451 θεραπεύει’
1026 3391 1058 3459 ὴ
1102 3390 1158 3443 δὲ
1192 3395 1440 3463 νηστεία,
1472 3374 1570 3467 τὴν
1620 3374 1742 3469 μὲν-
1771 3374 1894 3457 ἐπι-

325 3466 523 3538 θυμίαν
559 3473 813 3543 μαραίνει
832 3491 844 3506 ο
870 3477 903 3548 ἡ
942 3478 998 3531 δὲ
1024 3485 1322 3555 προσευχὴ,
1348 3486 1439 3539 τὸν
1464 3466 1588 3542 νοῦν
1617 3466 1891 3563 καθαίρει,

324 3560 417 3611 καὶ
460 3561 596 3630 πρὸς
643 3564 741 3634 τὴν
791 3566 898 3620 τῶν
952 3568 1120 3624 ὄντων
1178 3574 1413 3645 θεωρίαν
1455 3560 1892 3650 παρασκευάζει.

324 3647 467 3719 Πρὸς
505 3650 740 3722 γὰρ’τὰς
769 3655 1031 3727 δυνάμεις
1065 3660 1166 3730 τῆς
1194 3662 1394 3735 ψυχῆς,
1427 3669 1520 3721 καὶ
1543 3647 1646 3733 τὰς
1673 3647 1895 3737 ἐντολὰς

322 3740 350 3791 6
381 3740 585 3812 Κύριος
607 3747 743 3815 ἡμῖν
764 3749 1079 3818 ἐχαρίσατο.

392 3841 465 3889 π’.
498 3836 727 3893 Μάθετε
754 3842 856 3895 ἀπ’
884 3844 1051 3913 ἐμοῦ,
1084 3847 1269 3918 φησὶν,
1294 3848 1383 3904 ὅτι
1412 3851 1603 3922 πρᾶός
1640 3858 1755 3925 εἰμι
1796 3859 1893 3913 καὶ

320 3930 600 3996 ταπεινὸς
622 3930 697 4001 τῇ
719 3934 952 4004 καρδίᾳ,
983 3940 1078 3992 καὶ⁸
1111 3941 1178 3995 τὰ
1209 3943 1357 4013 ἑξῆς.
1401 3945 1462 3997 Ἢ
1494 3946 1594 4015 μὲν
1625 3951 1889 4022 πραότης,

320 4018 597 4089 ἀτάραχον
636 4021 728 4074 τὸν
770 4024 941 4095 θυμὸν
962 4028 1353 4098 διαφυλάττει·
1387 4038 1418 4105 ἡ
1453 4037 1507 4089 δὲ
1535 4018 1889 4107 ταπείνωσις,

319 4108 491 4179 τύφου
513 4111 608 4165 καὶ
640 4115 947 4181 κενοδοξίας
976 4120 1067 4174 τὸν
1099 4122 1224 4176 νοῦν
1245 4124 1543 4199 ἐλευθεροῖ.

389 4295 499 4344 παν.
527 4292 714 4357 Διττός
756 4296 904 4349 ἐστιν
929 4258 1071 4351 ότοῦ
1096 4300 1231 4353 Θεοῦ
1263 4304 1426 4371 φόϐος
1448 4323 1460 4337 ·
1494 4309 1523 4361 6
1552 4311 1651 4379 μὲν
1687 4313 1750 4366 ὲκ
1781 4315 1889 4368 τῶν

2002 3115 2288 3169 oculorum
2328 3116 2564 3189 fugiunt,
2594 3128 2691 3174 aut
2721 3119 2788 3175 de
2812 3122 3174 3191 providentiae
3203 3139 3269 3181 ac
3303 3126 3495 3197 judicii
3522 3128 3576 3183 in

2000 3206 2082 3262 eis
2109 3209 2435 3265 rationibus.

2071 3304 2158 3358 79.
2198 3304 2530 3378 Eleemoyna
2586 3307 2915 3365 irascentem
2955 3311 3124 3366 animi
3152 3323 3363 3383 partem
3390 3330 3576 3384 curat;

1996 3399 2267 3469 jejunium
2325 3403 2682 3472 cupiditatem
2743 3414 2987 3461 macerat
3034 3424 3047 3461 :
3092 3409 3270 3464 oratio
3337 3416 3578 3465 mentem

2002 3502 2219 3562 purgat,
2244 3501 2299 3548 et
2320 3495 2387 3549 ad
2411 3512 2593 3550 rerum
2621 3498 3145 3570 contemplationem
3163 3510 3457 3572 ρεςερεηι.
3470 3502 3575 3558 Pro

2000 3582 2321 3639 facultatum
2345 3588 2493 3641 enim
2524 3590 2693 3644 animi
2727 3590 2968 3660 ratione,
2992 3592 3160 3647 etiam
3189 3594 3444 3650 mandata
3471 3594 3576 3651 0οη

2005 3676 2189 3730 minus
2224 3678 2471 3733 tradidit.

2070 3860 2157 3916 80.
2197 3862 2393 3917 Discite
2427 3882 2457 3918 a
2485 3881 2584 3931 me,
2623 3866 2823 3935 inquit,
2867 3870 2992 3938 quia
3018 3870 3160 3924 mitis
3175 3886 3294 3923 sum
3326 3878 3375 3924 et
3406 3870 3577 3924 humi.

2001 3948 2065 4001 iis
2096 3949 2250 4001 corde
2271 3950 2337 4014 ’°,
2379 3957 2435 4005 et
2457 3966 2579 4020 qum
2606 3962 2933 4021 sequuntur.
2975 3953 3123 4008 Mitis
3153 3954 3321 4008 animi
3357 3955 3577 4012 affectio

1997 4054 2094 4094 seu
2142 4041 2357 4107 lenitas,
2410 4041 2505 4099 ine
2552 4042 2867 4099 facultatem
2916 4044 3253 4101 inturbatam
3295 4046 3575 4113 custodit;

1998 4132 2280 4187 humilitas
2327 4149 2460 4187 vero
2495 4150 2525 4189 a
2572 4135 2846 4206 superbiae
2908 4135 3052 4192 fastu
3092 4151 3157 4192 ac
3213 4138 3363 4193 inani
3404 4138 3576 4210 gloria

1998 4234 2236 4279 mentem
2263 4225 2491 4280 liberam
2519 4227 2721 4281 reddit.

2068 4316 2155 4370 8i.
2185 4318 2395 4386 Duplex
2419 4325 2505 4373 est
2540 4319 2635 4373 Dei
2661 4320 2826 4374 timor
2859 4339 2872 4375 :
2914 4323 3072 4387 alter,
3099 4338 3263 4392 quem
3298 4324 3568 4381 minarum

318 4380 558 4435 ἀπειλῶν
598 4384 698 4454 τῆς
732 4387 1006 4452 κολάσεως
1038 4390 1170 4460 ἡμῖν
1217 4395 1616 4468 ἐντικτόμενος,
1658 4403 1727 4456 δι’
1760 4405 1817 4458 ὃν
1851 4409 1882 4476 ἡ

1996 4409 2077 4464 vis
2107 4409 2469 4478 incussusque
2506 4412 2761 4482 supplicii
2788 4423 2971 4468 terror
3006 4415 3060 4469 in
3085 4415 3246 4471 nobis
3275 4418 3445 4486 parit;
3470 4433 3569 4487 per

318 4472 615 4543 ἐγκράτεια
646 4478 742 4530 καὶ
767 4481 798 4549 ἡ
824 4482 1089 4555 ὑπομονὴ,
1116 4486 1209 4539 καὶ
1240 4489 1273 4559 ἡ
1311 4490 1391 4551 είς
1414 4490 1548 4545 Θεὸν
1585 4495 1762 4561 ἐλπὶς,
1796 4472 1889 4552 καί

318 4563 351 4630 ἡ
380 4564 636 4631 ἀπάθεια,
668 4570 724 4636 ἐξ
750 4566 816 4640 ἦς
844 4574 875 4642 ἡ
926 4574 1141 4646 ἀγάπη,
1180 4579 1323 4632 κατὰ
1367 4582 1520 4647 τάξιν
1570 4586 1703 4656 ήμῖν
1738 4589 1889 4658 ἐγγί-

315 4668 527 4706 νονται·
562 4659 590 4708 6
618 4656 694 4724 δὲ,
716 4661 852 4731 αὐτῇ
885 4666 950 4733 τῇ
977 4666 1164 4739 ἀγάπῃ
1198 4671 1568 4737 συνέζευκται,
1601 4656 1889 4735 εὐλάϐειαν

314 4744 381 4812 τῇ
411 4743 554 4816 ψυχῇ
596 4748 685 4801 ἀεὶ
717 4750 982 4819 ἐμποιῶν,
1019 4756 1105 4809 ἵνα
1140 4758 1213 4830 μὴ
1244 4760 1330 4814 διὰ
1378 4762 1477 4835 τὴν
1527 4766 1625 4835 τῆς
1666 4770 1889 4844 ἀγάπης

314 4836 649 4906 παρρησίαν,
675 4843 754 4905 είς
785 4848 1189 4919 καταφρόνησιν
1218 4852 1352 4906 Θεοῦ
1383 4855 1532 4929 ἔλθῃ.

385 4926 493 4996 πβ’.
529 4929 635 4982 Τὸν
687 4935 786 5003 μὲν
820 4938 1034 5007 πρῶτον
1064 4941 1228 5009 φόδον
1268 4943 1373 5008 ἔξω
1407 4926 1588 5015 βάλλει
1623 4952 1654 5021 ἡ
1707 4955 1889 5009 τελεία

311 5019 648 5119 ἀγάπη-τῆς
699 5025 879 5119 ψυχῆς
912 5030 1012 5099 τῆς
1065 5037 1409 5107 κεκτημένης
1448 5019 1652 5113 αὐτὴν,
1690 5050 1889 5119 μηκέτι

309 5111 412 5178 τὴν
456 5112 679 5169 κόλασιν
725 5118 1095 5192 φοϐουμένης’
1151 5126 1245 5179 τὸν
1288 5127 1345 5180 δὲ
1387 5111 1664 5204 δεύτερον,
1691 5111 1885 5213 ’ἑαυτῇ

311 5203 425 5272 εχει
473 5207 581 5272 ἀεὶ,
616 5208 693 5273 ὡς
740 5212 956 5283 εἴρηται
998 5218 1449 5289 συνεζευγμένον.
1503 5203 1613 5280 Καὶ
1662 5231 1738 5302 τῷ
1784 5203 1885 5302 μὲν

309 5294 511 5368 πρώτῳ
544 5300 714 5371 φόὸῳ,
745 5304 974 5374 ἁρμόζει
1000 5307 1079 5371 τὸ,
1121 5308 1204 5373 Τῷ
1227 5312 1389 5379 φόϐῳ
1428 5319 1647 5385 Κυρίου
1677 5294 1882 5379 ἐκκλί-

312 5404 396 5442 νει
444 5390 563 5457 πᾶς
598 5393 717 5447 ἀπὸ
756 5397 963 5452 κακοῦ.
1014 5401 1144 5467 Καὶ,
1198 5402 1379 5473 Ἀρχὴ
1430 5410 1652 5478 σοφίας
1698 5416 1881 5485 φόϐος

377 5573 614 5655 ἶ⁶.ΒΟῐη.
651 5579 935 5655 ινιιι-,Ᾱ55.η
967 5583 1025 5655 ξτ
1054 5582 1209 5637 Rom.
1236 5622 1239 5623 ν
1265 5601 1339 5649 Ix,
1376 5589 1421 5655 I,
1463 5591 1516 5645 3.

310 5646 349 5677 "
383 5644 589 5701 [Jour].
630 5664 701 5712 tv,
734 5649 819 5703 18.
898 5651 939 5681 ³²
967 5651 1123 5707 Prov.
1155 5672 1241 5721 xv,
1276 5644 1360 5711 ‘27.

1624 5599 1667 5629 "
1698 5599 1867 5656 Exod.
1904 5619 2065 5672 xxxu,
2093 5606 2151 5659 51

1991 4517 2156 4571 quem
2181 4504 2546 4568 continentia,
2573 4504 2858 4573 patientia,
2884 4522 3011 4577 spes
3052 4507 3109 4562 in
3130 4508 3325 4574 Deum,
3366 4510 3569 4580 imper-

1991 4595 2234 4649 turbatio
2271 4594 2359 4667 (ex
2389 4611 2495 4665 qua
2533 4596 2796 4669 ebaritas)
2846 4599 3086 4668 quadam
3118 4600 3175 4655 in
3218 4600 3382 4657 nobis
3422 4602 3565 4658 serie

1988 4687 2413 4759 progignuntur;
2440 4688 2600 4754 alter,
2626 4689 2729 4760 ipsi
2765 4692 3094 4762 coniunctus
3122 4692 3399 4759 charitati,
3423 4708 3566 4748 sem-

1988 4794 2087 4847 per
2109 4780 2352 4834 animum
2390 4780 2596 4851 pietate
2636 4797 2976 4853 componens
3022 4799 3087 4839 ac
3135 4785 3469 4852 reverentia,
3495 4802 3565 4841 ne

1988 4886 2087 4941 per
2108 4871 2394 4927 charitatis
2422 4872 2675 4928 ﬁduciam
2701 4875 2757 4929 in
2789 4884 3168 4945 contemptum
3194 4877 3290 4931 Dei
3315 4879 3525 4934 veniat.

2055 4962 2143 5017 82.
2184 4964 2427 5019 Primum
2452 4966 2703 5021 timorem
2755 4966 2903 5023 foras
2937 4968 3106 5025 mittit
3152 4969 3396 5038 perfecta
3430 4970 3564 5025 clm-

1988 5057 2122 5111 ritas
2156 5057 2222 5123 εί,
2248 5057 2477 5127 ejusque
2500 5058 2687 5113 animo
2731 5059 2905 5130 ejicit,
2925 5060 3019 5129 qui
3053 5060 3143 5114 illa
3178 5061 3443 5130 praeditus
3466 5060 3560 5124 sit,

1986 5164 2058 5203 ne
2085 5149 2192 5220 jam
2238 5149 2429 5203 timeat
2477 5164 2695 5219 pmnam
2734 5168 2747 5204 :
2783 5151 3016 5206 alterum
3041 5167 3195 5217 vero,
3228 5152 3307 5207 uti
3352 5152 3560 5208 dictum

1987 5250 2093 5305 est,
2138 5256 2358 5312 semper
2393 5242 2975 5313 habet-coniunctum.
3016 5244 3091 5299 Ac
3128 5244 3302 5314 priori
3336 5245 3560 5315 quidem

1989 5334 2173 5387 timori
2195 5334 2449 5404 quadrat,
2471 5334 2618 5402 quod
2649 5334 2724 5388 ita
2737 5334 2941 5390 dicitur
2968 5352 2981 5388 :
3006 5334 3211 5392 Timore
3227 5336 3439 5392 Domini
3467 5337 3556 5390 de-

1987 5422 2150 5477 clinat
2185 5426 2351 5478 omnis
2377 5443 2410 5478 a
2434 5422 2577 5476 malo
2607 5424 2675 5478 ³².
2706 5424 2773 5479 Ει
2805 5440 2818 5477 :
2861 5422 3080 5479 Initium
3106 5425 3378 5494 sapientiw
3406 5428 3563 5480 timor

2297 5606 2341 5637 "
2376 5606 2513 5660 Psal.
2561 5626 2740 5674 cxvlu,
2788 5609 2906 5662 153.
3042 5614 3085 5645 ³⁸
3128 5609 3314 5669 Matth.
3360 5629 3432 5678 XI,
3474 5612 3559 5669 29.
