4128 6210
305 285 405 353 981

1190 290 1533 357 CAPITUM
1573 294 1675 357 DE
1712 297 2149 358 CHARITATE
2189 299 2579 360 CENTURIA
2618 300 2646 358 Ι

3478 298 3586 363 982

376 405 492 471 σπη’.
533 400 702 456 Ὅταν
726 402 814 456 ἀεὶ
843 403 901 457 ὲν
932 403 1012 474 τῷ
1039 406 1221 477 καιρῷ
1248 408 1349 479 τῆς
1382 410 1694 483 προσευχῆς
1723 384 1889 482 μηδὲν

2068 408 2155 464 88.
2191 408 2330 466 Cum
2382 410 2528 465 inter
2554 409 2847 474 orandum,
2893 409 3043 463 nulla
3094 423 3335 480 unquam
3398 424 3584 465 rerum

305 493 415 547 τῶν
445 491 542 547 τοῦ
584 495 793 566 κόσμου
840 498 1129 569 νοημάτων
1170 499 1492 573 διενοχλήσῃ
1523 503 1601 575 τῷ
1639 501 1733 573 νῷ,
1764 502 1889 555 τότε

310 585 544 653 γίνωσκε
578 587 775 642 σαυτὸν
806 587 881 660 μὴ
927 588 1033 654 ἔξω
1084 586 1225 645 εῖναι
1268 591 1379 645 τῶν
1409 594 1554 665 ὅρων
1602 594 1705 665 τῆς
1750 594 1892 648 ἀπα-

310 680 483 744 Θείας.

382 770 490 823 πθθ.
529 770 699 825 Ὅταν
731 774 763 844 ἡ
793 772 940 845 ψυχὴ
970 774 1208 846 ἄρχηται
1235 777 1333 849 τῆς
1367 776 1503 841 ίδίας
1524 777 1713 847 ὑγείας
1736 779 1895 831 ἐπαι-

314 862 628 931 σθάνεσθαι,
660 866 782 919 τότε
817 868 912 920 καὶ
943 866 1043 931 τὰς
1093 870 1150 923 ὲν
1182 870 1297 933 τοῖς
1340 866 1531 933 ὕπνοις
1564 870 1892 939 φαντασίας,

312 955 475 1025 ψιλὰς
508 958 603 1010 καὶ
629 958 940 1030 ἀταράχους
970 960 1195 1032 ἄρχεται
1229 961 1470 1032 βλέπειν.

385 1047 459 1113 ιζ.
493 1048 704 1119 Ὠσπερ
734 1050 826 1103 τὸν
854 1051 1113 1123 αἰσθητὸν
1138 1054 1418 1124 ὀφθαλμὸν
1442 1057 1473 1126 ἡ
1524 1054 1758 1127 καλλονή
1785 1056 1896 1110 τῶν

313 1140 561 1211 ὁρατῶνο
590 1140 733 1195 οὕτω
772 1144 982 1198 καὶτὸν
1007 1145 1245 1217 καθαρὸν
1285 1145 1427 1214 νοῦν,
1474 1150 1506 1219 ἡ
1544 1148 1745 1216 γνῶσις
1786 1150 1897 1205 τῶν

317 1235 564 1303 ἀοράτων
593 1234 729 1305 πρὸς
761 1236 963 1309 ἑαυτὴν
997 1240 1320 1295 ἐπισπᾶται.
1360 1240 1599 1313 Ἀόρατα
1628 1242 1684 1295 δὲ
1726 1241 1893 1312 λέγω,

316 1326 383 1378 τὰ
409 1324 696 1396 ἀσώματα.

386 1510 495 1574 μα’.
535 1508 695 1577 Μέγα
732 1509 828 1579 μὲν
856 1510 917 1564 τὸ
944 1511 1081 1583 πρός
1114 1514 1182 1568 τά
1218 1514 1520 1585 πράγματα
1544 1517 1619 1588 μὴ
1644 1517 1897 1589 πάσχειν·

318 1602 502 1671 μεῖζον
550 1602 606 1655 δὲ
664 1602 870 1674 πολλῷ,
916 1605 976 1658 τὸ
1032 1606 1169 1677 πρὸς
1229 1608 1330 1671 τὰς
1373 1610 1675 1679 φαντασίας
1721 1611 1900 1666 αὐτῶν

314 1692 498 1765 ἀπαθῆ
538 1694 830 1765 διαμεῖναι.
876 1697 1021 1750 Διότι
1068 1700 1097 1751 ό
1141 1698 1230 1753 διὰ
1278 1700 1386 1752 τῶν
1435 1700 1712 1773 λογισμῶν
1764 1707 1900 1773 πρὸς

314 1786 465 1855 ἡμᾶς
494 1786 604 1838 τῶν
638 1786 909 1857 δαιμόνων
946 1790 1180 1861 πόλεμος
1204 1831 1218 1855 ,
1250 1792 1344 1845 τοῦ
1377 1792 1464 1846 διὰ
1497 1793 1606 1846 τῶν
1641 1795 1901 1865 πραγμά-

314 1894 422 1931 των
454 1878 693 1948 πολέμου
722 1881 841 1933 ἐστὶ
868 1880 1271 1955 χαλεπώτερος.

386 1970 490 2040 ιβ’.
551 1970 611 2026 Ὀ
653 1972 754 2036 τὰς
801 1973 1008 2045 ἀρετὰς
1061 1976 1437 2048 κατορθώσας,
1471 1978 1568 2032 καὶ
1610 1982 1676 2051 τῇ
1703 1980 1903 2049 γνώσει

315 2064 645 2136 πλουτήσας,
669 2066 745 2129 ὡς
773 2068 1020 2137 φυσικῶς
1044 2069 1231 2124 λοιπὸν
1256 2071 1326 2124 τά
1356 2072 1660 2144 πράγματα
1685 2074 1902 2146 διορῶν,
1932 2064 1939 2073 “

315 2156 493 2212 πάντα
527 2156 671 2212 κατά
700 2159 790 2214 τὸν
825 2159 984 2232 ὀρθὸν
1016 2161 1175 2230 λόγον
1213 2162 1309 2216 καὶ
1337 2165 1570 2235 πράττει
1602 2166 1695 2219 καὶ
1728 2167 1905 2221 διαλέ-

315 2268 493 2319 γεται,
525 2251 584 2303 τὸ
620 2250 839 2306 σύνολον
870 2252 950 2324 ¹μὴ
983 2254 1491 2326 παρατρεπόμενος.
1538 2257 1632 2311 Ἐκ
1670 2257 1781 2329 γὰρ
1808 2258 1904 2314 τοῦ

316 2347 553 2414 εὐλόγως
590 2348 622 2419 ἦ
668 2348 999 2419 παραλόγως
1032 2351 1146 2414 τοῖς
1176 2351 1470 2423 πράγμασι
1506 2352 1836 2423 χρήσασθαι,
1869 2354 1901 2426 ἢ

317 2441 624 2513 ἐνάρετοιῆ
668 2441 866 2510 φαῦλοι
907 2442 1196 2514 γινόμεθα.

390 2538 495 2601 ια’.
526 2534 760 2605 Σημείον
779 2534 957 2607 ἄκρας
982 2534 1276 2604 ἀπαθείας,
1308 2536 1367 2589 τὸ
1398 2535 1529 2606 ψιλά
1553 2536 1620 2591 τά
1653 2538 1917 2609 νοήματα*

317 2624 425 2677 τῶν
453 2624 795 2696 πραγμάτων
826 2626 914 2679 ἀεὶ
943 2626 1261 2681 ἀναϐαίνειν
1290 2627 1502 2699 ὲπῖτὴν
1533 2628 1784 2698 καρδίαν,
1812 2630 1907 2685 καὶ

318 2716 685 2789 ὲγρηγορότος
714 2716 807 2770 τοῦ
838 2715 1114 2788 σώματος,
1145 2719 1240 2773 καὶ
1271 2719 1414 2774 κατὰ
1450 2721 1575 2784 τοὺς
1611 2719 1832 2786 ὕπνους.

389 2894 489 2963 ἥδ’.
534 2896 633 2949 Διά
678 2896 778 2966 μὲν
818 2896 917 2966 τῆς
943 2897 1209 2968 ἐργασίας
1236 2896 1346 2950 τῶν
1375 2897 1623 2963 ἐντολῶν,
1651 2898 1720 2951 τὰ
1758 2898 1904 2970 πάθη

318 2988 348 3039 ό
374 2986 500 3051 νοῦς
530 2987 845 3041 ἀποδύεταιο
877 2988 966 3042 διὰ
993 2989 1048 3042 δὲ
1078 2992 1177 3060 τῆς
1219 2988 1328 3042 τῶν
1364 2989 1577 3061 ὁρατῶν
1604 3008 1899 3061 πνευματι-

1994 502 2178 557 saeculi
2202 504 2439 573 cogitata
2481 503 2714 558 molesta
2744 502 3077 574 ingruerint,
3116 510 3250 557 tunc
3275 514 3432 557 extra
3479 503 3585 557 im-

1993 591 2451 661 perturbationis,
2488 590 2768 661 animique
2811 589 3235 660 tranquillitatis
3268 590 3475 645 sedatis
3498 592 3579 643 af-

1994 682 2233 738 fectibus
2256 683 2413 749 fines,
2448 681 2593 737 haud
2620 691 2671 737 te
2698 682 3060 737 constitutum
3081 697 3204 737 esse
3229 681 3471 737 noveris.

2066 774 2154 831 89.
2196 776 2302 833 Ubi
2337 776 2555 831 animus
2587 791 2701 831 suae
2747 774 3002 831 sanitatis
3033 789 3257 830 sensum
3290 775 3578 844 percipere

1997 869 2249 940 coeperit,
2295 879 2428 927 tunc
2477 883 2534 927 et
2563 887 2685 942 quae
2736 871 2794 927 in
2835 871 3047 926 somnis
3080 871 3200 927 visa
3232 872 3392 937 ﬁunt,
3440 873 3585 926 lllltlil

1998 963 2249 1033 citraque
2275 964 2755 1033 perturbationem
2782 963 2976 1021 videre
3008 964 3225 1035 incipit.

2068 1054 2157 1109 90.
2198 1055 2677 1121 Quemadmodum
2728 1072 2915 1112 rerum
2944 1058 3246 1113 visibilium
3282 1060 3591 1129 pulchritu—

1999 1145 2092 1210 do,
2123 1147 2345 1202 oculum
2379 1147 2637 1203 sensibus
2665 1148 2945 1219 obiectum
2971 1168 2986 1216 ;
3019 1149 3099 1205 sic
3123 1161 3179 1207 et
3197 1167 3393 1220 puram
3428 1168 3588 1207 men-

2001 1249 2110 1294 tem
2159 1238 2227 1294 ad
2272 1255 2331 1295 se
2384 1240 2559 1295 allicit
2630 1242 2874 1312 cognitio
2942 1257 3132 1298 rerum
3202 1243 3585 1298 invisibilium.

1999 1328 2161 1403 407
2188 1331 2493 1387 Invisibilia
2544 1342 2730 1389 autem
2772 1349 2935 1399 voco,
2981 1333 3225 1405 Spiritus
3259 1336 3477 1390 scilicet
3527 1352 3590 1389 ac

2000 1422 2096 1493 qui
2128 1424 2442 1494 incorporei
2469 1435 2622 1483 sunt.

2046 1514 2163 1570 -9l.
2181 1516 2436 1587 Magnum
2460 1518 2685 1588 quidem
2704 1534 2890 1574 rerum
2905 1519 3135 1575 libidine
3153 1519 3377 1574 minime
3406 1519 3545 1574 affici
3575 1538 3586 1572 :

2003 1615 2058 1661 at
2090 1606 2254 1679 longe
2278 1610 2477 1681 majus,
2501 1610 2583 1665 sic
2608 1627 2996 1681 perseverare,
3035 1618 3098 1665 ut
3122 1626 3193 1666 ne
3232 1627 3426 1667 earum
3463 1614 3585 1683 qui—

2003 1699 2128 1756 dem
2169 1701 2600 1772 cogitationibus
2629 1703 2902 1759 afliciaris.
2936 1703 3150 1773 Quippe
3178 1704 3400 1775 gravius
3442 1705 3588 1774 quod

2004 1808 2104 1862 per
2149 1808 2243 1849 eas
2287 1793 2589 1860 dtemones,
2626 1811 2792 1865 quam
2814 1796 2960 1865 quod
2985 1812 3083 1865 per
3112 1812 3201 1851 res
3228 1797 3395 1867 ipsas,
3418 1797 3472 1851 in
3492 1812 3591 1851 nos

2004 1883 2211 1939 bellum
2234 1885 2536 1941 instruunt.

2076 1976 2164 2031 92.
2194 1977 2298 2043 Qui
2328 1979 2440 2048 jam
2458 1978 2698 2034 virtutes
2744 1976 3001 2047 adeptus,
3029 1992 3095 2033 ac
3117 1978 3361 2033 scientia
3387 1978 3596 2049 potitus

2005 2074 2112 2130 est,
2137 2073 2199 2120 ut
2237 2067 2331 2137 qui
2374 2067 2641 2138 deinceps
2676 2083 2767 2123 res
2801 2068 3059 2139 dispiciat
3096 2070 3178 2124 uti
3221 2078 3422 2124 natura
3446 2083 3595 2124 com-

2006 2164 2263 2228 paratum
2288 2167 2395 2223 est,
2444 2167 2647 2214 cuncta
2681 2166 2835 2214 recta
2876 2158 3094 2214 ratione
3154 2167 3269 2213 tum
3304 2160 3438 2230 agit,
3477 2169 3596 2213 tum

2006 2248 2278 2317 loquitur,
2312 2249 2468 2304 nullo
2497 2264 2727 2319 prorsus
2762 2249 2818 2303 in
2847 2249 3039 2319 aliquo
3067 2264 3263 2304 errore
3301 2250 3591 2304 abductus.

2007 2339 2087 2394 Ex
2122 2356 2190 2395 eo
2227 2341 2378 2395 enim
2410 2340 2559 2410 quod
2598 2348 2749 2395 recte
2800 2356 2868 2394 ex
2919 2340 3134 2397 ratione
3182 2356 3248 2395 ac
3285 2341 3598 2395 inconsulte

2009 2432 2177 2487 rebus
2206 2441 2454 2497 utamur,
2485 2440 2581 2489 aut
2609 2431 2846 2487 studiosi
2878 2432 3121 2489 autmali
3157 2431 3450 2487 efﬁcimur.

2078 2524 2167 2580 95.
2189 2522 2428 2579 Summa:
2456 2523 2974 2594 imperturbationis
3003 2524 3287 2594 animique
3309 2523 3598 2579 affectibus

2008 2617 2171 2671 vacui
2202 2616 2467 2671 indicium
2494 2624 2601 2680 est,
2621 2616 2769 2686 quod
2789 2616 2950 2672 nuda:
2980 2632 3200 2688 semper
3228 2616 3292 2671 ac
3317 2618 3598 2687 simplices

2010 2720 2198 2759 rerum
2252 2705 2511 2761 notiones
2559 2720 2834 2776 sensaque
2869 2705 2928 2760 in
2977 2722 3076 2765 cor
3124 2707 3447 2772 ascendant,
3482 2709 3597 2764 sive

2009 2796 2139 2852 dum
2171 2812 2376 2867 corpus
2402 2797 2612 2869 vigilat,
2639 2798 2755 2853 sive
2782 2797 2913 2855 dum
2941 2812 3107 2871 sopor
3139 2807 3333 2859 tenet.‘

2081 2888 2168 2943 94.
2204 2889 2525 2945 Praestando
2550 2889 2826 2950 mandata.
2855 2890 3074 2949 animus
3094 2890 3357 2946 libidines
3382 2906 3447 2946 ac
3466 2890 3601 2945 vitia

2010 2986 2204 3040 exuit:
2248 3002 2432 3041 rerum
2486 3002 2619 3045 vero
2653 2987 2709 3041 in
2733 2997 3016 3057 aspectum
3052 2987 3368 3043 cadentium
3406 3003 3603 3058 specu-

320 3078 425 3149 κῆς
454 3079 709 3151 θεωρίας,
745 3080 815 3133 τά
858 3080 1085 3151 ἐμπαθῆ
1118 3082 1227 3135 τῶν
1267 3081 1609 3152 πραγμάτων
1633 3082 1901 3152 νοήματα.

2010 3078 2241 3144 latione,
2264 3079 2593 3134 libidinosas
2631 3088 2800 3149 atque
2826 3080 2964 3136 vitio
2992 3081 3267 3136 haerentes
3292 3096 3477 3137 rerum
3502 3096 3590 3136 co-
3644 3075 3649 3089 ’

319 3171 418 3225 Διά
469 3172 526 3223 δὲ
582 3173 684 3242 τῆς
728 3171 836 3227 τῶν
880 3173 1129 3245 ἀοράτων
1159 3173 1408 3242 γνώσεως
1460 3173 1594 3244 (15),
1640 3174 1752 3247 ’τὴν
1798 3174 1907 3228 τῶν

317 3259 531 3332 ὁρατῶν
565 3260 819 3332 θεωρίαν·
866 3261 1070 3334 ταύτην
1103 3262 1181 3329 δὲ,
1240 3263 1326 3317 διὰ
1372 3266 1471 3335 τῆς
1524 3263 1780 3333 γνώσεως
1809 3264 1907 3334 τῆς

320 3352 483 3421 ἁγίας
516 3353 768 3424 Τριάδος.

391 3450 494 3513 ιβ’.
529 3447 741 3514 Ὥσπερ
773 3448 805 3500 ό
853 3447 1005 3517 ἣλιος
1055 3447 1365 3501 ἀνατέλλων
1419 3448 1510 3501 καὶ
1558 3448 1650 3501 τὸν
1706 3448 1909 3518 κόσμον

322 3538 594 3606 φωτίζων,
627 3538 867 3592 δείκνυσί
900 3556 957 3592 τε
994 3539 1186 3593 ἑαυτὸν
1213 3540 1402 3593 καὶτὰ
1435 3540 1707 3594 ὑπἀὐτοῦ
1742 3559 1910 3610 φωτι-

321 3631 523 3702 ζόμενα
555 3630 879 3701 πράγματα’
896 3630 1038 3684 οὕτω
1063 3630 1200 3684 καὶὸ
1217 3632 1315 3701 τῆς
1345 3632 1694 3703 δικαιοσύνης
1722 3635 1909 3695 ’Ἥλιος

319 3723 398 3794 τῷ
428 3722 655 3795 καθαρῷ
696 3720 771 3793 νῷ
813 3722 1142 3785 ἀνατέλλων,
1169 3723 1264 3775 καὶ
1302 3722 1492 3777 ἑαυτὸν
1524 3722 1784 3789 δείκνυσι,
1815 3724 1911 3777 καὶ

321 3815 540 3869 πάντων
569 3815 678 3869 τῶν
712 3815 803 3868 ὑπ’
850 3813 1015 3867 αὑτοῦ
1047 3814 1348 3883 γεγονότων
1393 3814 1487 3868 καὶ
1530 3814 1910 3886 γενησομένων

321 3910 447 3973 τοὺς
466 3909 681 3978 λόγους.
1647 3916 1659 3928 '

389 4006 507 4071 ιιςν.
542 4002 659 4056 Οὐκ
697 4002 762 4056 ὲκ
793 4001 895 4072 τῆς
918 4002 1107 4066 οὐσίας
1144 4000 1311 4056 αὐτοῦ
1351 4001 1443 4054 τὸν
1486 4001 1619 4055 Θεὸν
1646 3999 1912 4069 γινώσκο-

326 4113 446 4166 μεν,
480 4095 599 4150 ἀλλ’
628 4097 694 4148 ὲκ
733 4094 829 4164 τῆς
864 4094 1270 4165 μεγαλουργίας
1299 4092 1465 4147 αὑτοῦ
1520 4094 1618 4146 καὶ
1650 4093 1912 4163 προνοίας

323 4188 431 4243 τῶν
459 4188 649 4242 όντων.
709 4186 807 4240 Διά
852 4186 1058 4240 τούτων
1105 4187 1213 4257 γὰρ
1250 4185 1326 4249 ὼς
1356 4185 1425 4238 δι’
1452 4185 1758 4256 ἐσόπτρων,
1803 4185 1908 4256 τὴν

322 4279 550 4349 ἄπειρον
598 4276 911 4347 ἀγαθότητα
959 4276 1054 4330 καὶ
1099 4275 1293 4346 σοφίαν
1329 4276 1423 4328 καὶ
1474 4274 1703 4347 δύναμιν
1740 4293 1909 4329 κατα-

325 4386 575 4441 νοουμεν.

2011 3171 2333 3244 gitationes;
2362 3187 2548 3225 rerum
2582 3179 2767 3226 autem
2804 3172 3167 3228 invisibilium
3194 3173 3447 3238 scientia,
3473 3172 3589 3228 visi-

2012 3265 2207 3319 bilium
2236 3264 2673 3334 speculationem
2703 3281 2715 3318 :
2748 3264 2892 3319 hanc
2912 3264 3154 3336 denique
3202 3274 3404 3320 sancta:
3421 3264 3603 3319 Trini-

2011 3357 2143 3413 tatis
2170 3357 2403 3412 scientia
2440 3357 2651 3427 abjicit.
3260 3360 3265 3365 ‘

2082 3451 2172 3506 95.
2212 3450 2691 3517 Quemadmodum
2722 3450 2803 3505 sol
2835 3449 3024 3506 oriens
3050 3437 3119 3507 ac
3165 3450 3434 3505 mundum
3472 3450 3603 3504 illu-

2011 3543 2256 3607 minans,
2312 3552 2428 3597 tum
2478 3542 2595 3611 ipse
2656 3557 2735 3608 se,
2792 3552 2907 3595 tum
2938 3557 3060 3610 qua:
3096 3541 3245 3595 illius
3298 3540 3605 3611 fulgoribus

2011 3634 2435 3695 collustrantur,
2480 3630 2666 3700 prodit
2703 3646 2716 3682 :
2760 3629 2841 3684 sic
2893 3638 2949 3683 et
2982 3628 3211 3698 justitiae
3257 3626 3348 3681 Sol
3386 3626 3605 3681 mundae

2018 3724 2190 3779 menti
2234 3723 2516 3786 exoriens,
2554 3730 2670 3775 tum
2707 3721 2987 3790 seipsum,
3036 3729 3152 3774 tum
3198 3719 3319 3789 ipso
3375 3726 3603 3773 auctore

2012 3815 2369 3871 conditorum
2401 3811 2649 3867 omnium
2676 3825 2739 3866 ac
2767 3810 3182 3867 condendorum
3226 3809 3472 3865 rationes
3511 3824 3602 3864 os-

2018 3906 2219 3962 tendit.

2088 3995 2179 4051 96.
2219 3994 2341 4051 Non
2378 4009 2447 4049 ex
2490 3993 2805 4050 substantia
2839 4009 2937 4049 sua
2973 3993 3145 4048 Deum
3196 3992 3602 4064 cognoscimus,

2016 4086 2114 4143 sed
2150 4102 2216 4141 ex
2261 4086 2562 4142 creationis
2605 4086 3014 4158 magnificentia
3068 4100 3368 4155 rerumque
3421 4085 3608 4157 provi~

2018 4180 2230 4236 (lentia.
2258 4181 2365 4235 Per
2399 4180 2516 4235 hzec
2544 4180 2695 4233 enim
2749 4188 2812 4235 ut
2857 4195 2956 4250 per
3010 4178 3234 4248 specula
3262 4219 3276 4242 ,
3334 4177 3603 4235 infinitam

2025 4272 2393 4344 intelligimus
2436 4271 2743 4329 bonitatem
2797 4280 2853 4327 et
2906 4271 3236 4343 sapientiam
3292 4279 3349 4325 et
3406 4282 3605 4343 poten-

2020 4366 2176 4419 tiam.

395 4462 500 4531 ιιξν.
542 4463 604 4517 '0
634 4462 876 4535 καθαρὸς
905 4461 1053 4527 νοῦς,
1097 4460 1131 4532 ἢ
1183 4463 1241 4515 ὲν
1286 4463 1399 4525 τοῖς
1444 4462 1621 4532 ψιλοῖς
1676 4462 1905 4533 νοήμασι

2090 4460 2178 4514 97.
2220 4458 2424 4513 Munda
2463 4472 2644 4522 mens,
2697 4465 2793 4511 aut
2821 4456 2876 4512 in
2930 4455 3096 4511 nudis
3120 4454 3491 4510 humanarum
3518 4470 3607 4511 re-

325 4555 432 4611 τῶν
462 4555 820 4628 ἀνθρωπίνων
852 4556 1195 4629 πραγμάτων
1251 4555 1590 4627 εὑρίσκεται,
1642 4554 1675 4625 ἢ
1732 4558 1791 4609 ὲν
1837 4558 1904 4627 τῇ

323 4648 431 4705 τῶν
456 4647 671 4720 ὁρατῶν
706 4650 912 4720 φυσικῇ
949 4648 1175 4719 θεωρίᾳ,
1217 4648 1252 4719 ἢ
1288 4650 1346 4702 ὲν
1390 4651 1457 4719 τῇ
1491 4648 1599 4702 τῶν
1637 4649 1908 4719 ἀοράτωνο

323 4740 359 4805 ἢ
389 4742 445 4795 ὲν
470 4739 547 4813 τῷ
575 4739 717 4812 φωτὶ
761 4741 863 4812 τῆς
901 4740 1064 4809 ἀγίας
1094 4740 1344 4812 Τριάδος.

396 4922 506 4990 ιιην,
524 4919 612 4971 Ἐν
636 4920 703 4991 τῇ
728 4916 836 4971 τῶν
864 4916 1076 4989 ὁρατῶν
1109 4915 1314 4988 θεωρίᾳ
1340 4916 1682 4987 γενόμενος,6
1713 4913 1912 4987 νοῦςνῆ

324 5012 452 5077 τοὺς
473 5012 739 5080 φυσικοὺς
784 5008 966 5065 αὐτῶν
1012 5010 1205 5078 λόγους
1238 5008 1516 5081 ἐρευνᾷ,ῆ
1551 5009 1677 5073 τοὺς
1716 5007 1783 5061 δι’
1819 5006 1917 5060 αὑ-

324 5102 435 5158 τῶν
462 5102 918 5175 σημαινομένους,
949 5102 983 5174 ἢ
1020 5103 1193 5174 αὐτὴν
1219 5104 1317 5175 τὴν
1354 5102 1537 5159 αἰτίαν
1565 5101 1736 5171 ζητεῖ.

399 5293 504 5363 ἥθ’.
558 5294 647 5350 Ἐν
693 5293 752 5348 δὲ
791 5295 857 5365 τῇ
890 5292 1000 5347 τῶν
1051 5292 1300 5364 ἀοράτων
1337 5290 1654 5363 διατρίϐων,
1695 5290 1820 5354 τούς
1852 5307 1912 5344 τε

329 5388 596 5458 φυσικοὺς
644 5386 828 5440 αὐτῶν
874 5386 1066 5455 λόγους
1109 5386 1285 5455 ζητεῖ,
1338 5384 1432 5438 καὶ
1462 5384 1560 5456 τὴν
1606 5383 1787 5438 αἰτίαν
1813 5382 1914 5454 τῆς

328 5484 596 5552 γενέσεως
640 5480 844 5545 αὐτῶν,
896 5478 991 5531 καὶ
1032 5478 1099 5531 τὰ
1133 5476 1344 5540 τούτοις
1374 5476 1661 5531 ἀκόλουθα.
1695 5478 1806 5531 Καὶ
1832 5477 1916 5542 τίς

332 5574 364 5641 ὴ
405 5573 535 5646 περὶ
576 5570 775 5634 αὐτοὺς
808 5568 1035 5641 πρόνοια
1074 5567 1169 5622 καὶ
1214 5567 1415 5639 κρίσις.

403 5753 471 5818 ρ’.
516 5746 604 5801 Ἐν
652 5745 706 5801 δὲ
738 5745 855 5817 Θεῷ
883 5744 1172 5816 γενέμενος
1199 5787 1212 5811 ,
1261 5747 1387 5810 τοὺς
1424 5746 1549 5818 περὶ
1592 5748 1690 5821 τῆς
1731 5749 1917 5814 οὐσίας

2022 4569 2144 4608 rum
2181 4551 2618 4624 cogitationibus
2665 4566 2729 4605 ac
2786 4549 3171 4619 conceptibus,
3208 4558 3304 4603 aut
3340 4548 3398 4602 in
3441 4558 3607 4603 natu-

2022 4645 2124 4700 rali
2152 4659 2341 4699 rerum
2372 4643 2678 4698 visibilium
2712 4649 2809 4696 aut
2850 4638 3213 4696 invisibilium
3263 4638 3606 4707 contempla-

2022 4737 2209 4802 tione;
2248 4743 2346 4790 aut
2371 4735 2613 4805 denique
2640 4733 2694 4787 in
2729 4740 2935 4845 saecla:
2986 4731 3278 4789 Trinitatis
3314 4729 3437 4785 luce
3481 4743 3609 4781 ver-

2021 4839 2198 4885 satur.

2094 4923 2183 4979 98.
2213 4923 2273 4978 In
2304 4935 2494 4977 rerum
2551 4916 2732 4977 oculis
2794 4918 3195 4991 subjectarum_
3228 4912 3606 4986 speculatione

2020 5030 2257 5071 versans
2308 5013 2571 5077 animus,
2630 5019 2728 5066 aut
2771 5008 3050 5065 naturales
3110 5022 3302 5061 earum
3362 5004 3610 5058 rationes

2020 5112 2323 5169 scrutatur,
2354 5111 2449 5159 aut
2470 5118 2594 5175 quae
2629 5119 2728 5174 per
2755 5117 2851 5158 eas
2874 5099 3276 5170 significantur,
3305 5106 3401 5152 aut
3426 5097 3606 5165 ipsum

2019 5215 2207 5255 earum
2238 5205 2526 5254 auctorem
2569 5196 2825 5250 rimatur.

2094 5292 2182 5349 99.
2224 5291 2429 5346 Earum
2480 5304 2614 5344 vero
2659 5302 2781 5357 quae
2833 5286 3119 5341 oculorum
3178 5283 3353 5336 aciem
3395 5279 3611 5350 fugiunt

2025 5382 2492 5453 contemplatione
2529 5378 2765 5442 deﬁxus,
2797 5374 3339 5444 naturalesipsarum
3368 5370 3612 5441 exquirit

2019 5479 2283 5538 rationes,
2344 5486 2562 5526 necnon
2626 5466 3033 5540 procreationis
3083 5479 3327 5528 causam,
3390 5470 3447 5516 et
3486 5476 3611 5531 quae

2019 5569 2184 5643 ωε
2214 5567 2301 5621 his
2328 5570 2693 5619 consectanea
2722 5567 2875 5616 sunt.
2904 5558 3165 5626 Quaenam
3207 5554 3449 5623 denique
3476 5568 3629 5649 erga

2021 5663 2249 5734 spiritus
2270 5654 2618 5728 providentia
2647 5670 2712 5710 ac
2740 5653 3011 5724 judicium
3036 5650 3130 5705 sit.

2096 5749 2217 5803 100.
2251 5749 2315 5801 At
2352 5745 2442 5799 ubi
2468 5743 2533 5798 ad
2575 5745 2745 5799 Deum
2789 5742 3047 5805 evaserit,
3094 5739 3334 5810 primum
3381 5733 3603 5806 quidem
