4128 6210
524 222 630 285 985

1390 206 1726 279 CAPITUM
1765 220 1863 280 DE
1901 219 2329 279 CHARITATE
2368 220 2752 305 CENTURIA
2801 219 2883 280 II.

3655 223 3760 285 986

518 335 711 388 τούτου
756 332 1062 403 συμϐαίνει,
1096 330 1159 384 τὸ
1198 331 1623 401 ἀπερισπάστως
1671 330 2084 404 προσεύχεσθαι.

2196 332 2520 401 expediant;
2566 333 2712 388 unde
2760 331 2841 386 illi
2889 328 3180 399 contingit,
3220 335 3283 381 ut
3323 328 3464 383 nihil
3504 344 3636 399 vaga
3674 342 3766 383 aut

591 517 654 565 ι’.
691 509 806 564 Ούκ
851 509 1013 579 ἀρκεῖ
1057 507 1335 577 πρακτικὴ
1387 506 1608 577 μέθοδος
1643 508 1721 578 (η)
1754 507 1890 577 πρὸς
1924 507 1983 559 τὸ
2012 524 2095 560 τε·

521 604 681 667 λείως
715 602 805 656 τὸν
857 600 983 655 νοῦν
1032 599 1221 654 παθῶν
1275 599 1708 670 ἐλευθερωθῆναι
1755 600 1890 669 (l5),
1950 599 2092 653 ὥστε

522 696 817 767 δυνηθῆναι
847 694 1008 748 αὐτὸν
1028 695 1453 765 ἀπερισπάστως
1482 692 1902 763 προσεύχεσθαι,
1932 694 1981 744 εί
2019 692 2093 761 μὴ

524 791 617 842 καὶ
650 788 895 859 διάφοροι
923 787 1084 841 αὐτὸν
1105 786 1434 851 διαδέξονται
1455 784 1817 855 πνευματικαὶ
1847 783 2090 854 θεωρίαι.

534 879 598 930 Ἤ
638 878 734 947 μὲν
783 880 913 948 γὰρ,
957 878 1229 948 ἀκρασίας
1277 879 1372 930 καὶ
1428 878 1619 946 μίσους
1664 876 1820 946 μόνον
1847 876 1939 929 τὸν
1969 875 2094 929 νοῦν

523 969 816 1037 ὲλευθεροῖ’
848 971 902 1022 αἱ
932 969 1024 1031 δὲ,
1044 971 1135 1023 καὶ
1158 969 1329 1041 λήθης
1358 969 1453 1021 καὶ
1482 968 1704 1036 ἀγνοίας
1727 966 1888 1020 αὐτὸν
1916 966 2091 1019 ἀπαλ-

522 1060 793 1115 λάττουσι·
828 1061 921 1113 καὶ
947 1060 1089 1113 οὕτω
1131 1060 1416 1132 δυνήσεται
1454 1061 1529 1124 ὡς
1560 1059 1642 1112 δεῖ
1671 1059 2094 1130 προσεύξασθαι.

589 1244 664 1304 ς’.
700 1238 815 1308 Τῆς
862 1239 1109 1311 καθαρᾶς
1143 1238 1452 1311 προσευχῆς
1481 1238 1573 1292 δύο
1618 1239 1757 1292 εἰσὶν
1800 1238 2095 1311 ἀκρόταται

522 1329 965 1400 καταστάσεις-ἡ
1013 1330 1129 1401 μὲν,
1192 1332 1304 1393 τοῖς
1360 1333 1684 1401 πρακτικοῖς
1711 1348 1725 1361 ο
1778 1332 1810 1401 ἡ
1865 1330 1945 1393 δὲ,
1981 1332 2095 1392 τοῖς

521 1422 872 1492 θεωρητικοῖς
915 1422 1402 1492 ἐπιπμσαίνουσα.
1448 1423 1559 1476 Καὶ
1590 1424 1623 1493 ἡ
1668 1423 1787 1492 μὲν,
1823 1422 1889 1474 ἐκ
1922 1422 2089 1491 φόϐου

520 1512 656 1565 Θεοῦ
686 1513 779 1565 καὶ
820 1512 1034 1576 ἐλπίδος
1076 1512 1289 1583 ἀγαθῆς
1336 1516 1403 1584 τῇ
1447 1513 1591 1584 ψυχῇ
1620 1513 1916 1582 ἐγγίνεται·
1945 1515 1978 1583 ὴ
2012 1513 2090 1579 δὲ,

521 1603 629 1656 ἀπὸ
650 1603 794 1657 θείου
826 1603 1027 1675 ἔρωτος
1076 1605 1171 1657 καὶ
1225 1606 1535 1676 ἀκροτάτης
1576 1605 1915 1676 καθάρσεως.
1945 1605 2092 1658 Γνωα

2192 425 2618 495 cogitationibus
2640 424 2904 479 distracta
2922 422 3157 477 orationi
3180 420 3485 475 incumbat.

2261 515 2425 586 409
2454 516 2507 569 5.
2567 515 2687 569 Non
2726 513 2926 568 suﬂicit
2988 510 3229 567 colenda:
3275 510 3511 564 actionis
3572 513 3657 563 via
3704 525 3768 564 ac

2193 607 2354 668 ratio,
2379 605 2445 659 ad
2470 606 2713 659 animum
2731 604 2798 658 ab
2821 602 3110 658 aﬂ‘ectibus
3127 601 3369 671 perfecte
3390 601 3762 664 liberandum,

2194 705 2255 752 ut
2286 697 2606 750 indistraete
2633 711 2695 750 ac
2722 703 2906 749 mente
2963 709 3073 747 non
3127 707 3261 760 vaga
3299 706 3493 745 vacare
3527 693 3763 744 orationi

2193 788 2397 857 possit;
2426 786 2524 841 nisi
2544 786 2709 840 etiam
2732 782 3469 850 diversa:contemplationes
3495 781 3767 849 spiritales

2194 880 2546 934 accesserint.
2584 879 2719 932 Nam
2758 877 2902 931 actio
2958 876 3181 945 quidem
3247 874 3315 927 ab
3366 874 3765 927 incontinentia

2194 979 2355 1040 atque
2382 972 2509 1023 odio
2543 978 2785 1022 mentem
2812 968 3038 1033 liberat;
3076 964 3566 1033 contemplationes
3610 978 3763 1026 vero,

2194 1059 2262 1112 ab
2295 1060 2571 1113 oblivione
2601 1065 2656 1111 et
2690 1056 2997 1126 ignorantia
3029 1073 3042 1108 :
3091 1072 3120 1109 a
3144 1056 3349 1125 quibus
3378 1054 3666 1124 expeditus
3702 1069 3768 1107 ac

2193 1149 2353 1208 liber.
2376 1165 2474 1217 pro
2496 1163 2561 1201 eo
2582 1162 2646 1201 ac
2670 1147 2828 1200 decet
2862 1146 3063 1216 poterit
3094 1160 3271 1199 orare.

2265 1240 2317 1295 6.
2352 1240 2568 1293 Munda":
2621 1239 2890 1294 orationis
2920 1238 3030 1291 duo
3076 1245 3202 1290 sunt
3240 1234 3484 1305 supremi
3543 1242 3717 1288 status
3750 1251 3759 1283 :

2194 1346 2430 1401 quorum
2458 1330 2595 1385 alter
2615 1328 2929 1383 colentibus
2960 1326 3231 1380 actionem
3276 1323 3567 1386 convenit;
3604 1320 3767 1381 alter,

2194 1422 2279 1477 his
2307 1422 2399 1491 qui
2428 1419 2880 1490 contemplationi
2913 1418 3157 1473 student.
3208 1415 3286 1470 Ac
3333 1416 3483 1485 prior
3516 1414 3762 1484 quidem,

2192 1530 2259 1570 ex
2285 1514 2380 1568 Dei
2410 1514 2605 1568 timore
2636 1513 2847 1567 acbona
2869 1525 2986 1581 spe,
3012 1508 3198 1563 animo
3230 1505 3478 1571 accedit;
3530 1506 3763 1559 alterum

2193 1621 2345 1671 vero,
2371 1605 2467 1659 Dei
2492 1621 2646 1658 amor
2674 1618 2997 1672 summaque
3019 1599 3319 1655 mundities
3344 1598 3507 1669 parit.
3559 1598 3765 1651 Prioris

525 1697 767 1768 ρίσματα
794 1697 850 1750 δὲ
880 1696 973 1751 τοῦ
1005 1698 1103 1768 μὲν
1139 1697 1355 1769 πρώτου
1409 1697 1629 1769 μέτρου,
1658 1698 1718 1751 τὸ
1749 1699 1807 1750 ἐν
1846 1697 1926 1769 τῷ
1966 1715 2084 1751 συν-

2196 1697 2342 1752 modi
2377 1696 2580 1751 indicia
2608 1703 2758 1759 sunt,
2797 1694 3029 1749 collecta
3058 1700 3239 1746 mente
3269 1707 3299 1745 a
3326 1689 3617 1745 mundanis
3645 1704 3765 1741 om-

520 1793 750 1858 αγαγιεῖν
784 1791 874 1843 τὸν
929 1790 1055 1843 νοῦν
1102 1792 1166 1844 ἐκ
1212 1790 1430 1844 πάντων
1459 1791 1567 1845 τῶν
1604 1790 1697 1844 τοῦ
1729 1792 1935 1861 κόσμου
1971 1809 2095 1862 νοη-

525 1881 729 1950 μάτων,
762 1880 856 1934 καὶ
885 1880 961 1944 ώς
996 1880 1144 1951 αὐτῷ
1176 1880 1342 1934 αὑτοῦ
1379 1883 1778 1952 περισταμένου
1806 1883 1900 1935 τοῦ
1933 1882 2090 1951 Θεοῦ,

520 1971 708 2041 ὥσπερ
744 1972 837 2024 καὶ
862 1973 1134 2043 παρέστη,
1174 1971 1448 2026 ποιεῖσθαι
1473 1972 1571 2035 τὰς
1605 1973 1918 2044 προσευχὰς
1954 1975 2091 2027 ἀπε-

523 2066 834 2134 ρισπάστως
864 2066 959 2119 καὶ
989 2065 1377 2136 ἀνενοχλήτως·
1410 2064 1503 2118 τοῦ
1539 2065 1597 2119 δὲ
1640 2066 1917 2137 δευτέρου,
1947 2067 2008 2120 τὸ
2035 2068 2093 2121 ἐν

512 2160 655 2229 αὐτῇ
688 2161 755 2227 τῇ
797 2160 941 2230 ὁρμῇ
990 2159 1087 2230 τῆς
1120 2160 1426 2229 προσευχῆς
1479 2159 1791 2229 ἀρπαγῆναι
1830 2162 1921 2212 τὸν
1968 2159 2092 2213 νοῦν

521 2248 625 2301 ὑπὸ
651 2246 746 2300 τοῦ
780 2246 926 2300 θείου
963 2248 1057 2300 καὶ
1087 2248 1315 2318 ἀπείρου
1359 2248 1556 2315 φωτὸς,
1593 2248 1686 2301 καὶ
1728 2249 1865 2318 μήτε
1898 2249 2090 2303 ἑαυτοῦ

522 2339 659 2409 μήτε
700 2338 846 2402 τινὸς
882 2338 1042 2393 ἄλλου
1070 2339 1178 2393 τῶν
1222 2338 1388 2391 ὄντων
1426 2341 1487 2391 τὸ
1516 2339 1731 2392 σύνολον
1765 2341 2090 2395 ἐπαισθάνε-

522 2428 667 2490 σθαι,
700 2430 750 2480 εἰ
799 2430 875 2498 μὴ
920 2429 1085 2498 μόνου
1112 2427 1206 2481 τοῦ
1248 2428 1336 2480 διὰ
1363 2428 1460 2497 τῆς
1486 2428 1704 2498 ἀγάπης
1732 2430 1788 2481 ἐν
1818 2430 1965 2499 αύτῷ
1993 2431 2091 2501 τὴν

519 2513 1103 2590 τοιαύτην¹ἔλλαμψινέ
1130 2517 1500 2589 ἐνεργοῦντος.
1558 2520 1689 2572 Τότε
1731 2520 1788 2572 δὲ
1823 2521 1917 2572 καὶ
1963 2521 2091 2589 περὶ

518 2610 645 2672 τοὺς
692 2609 820 2679 περὶ¹
860 2608 996 2661 Θεοῦ
1050 2607 1241 2676 λόγους
1291 2607 1648 2678 κινούμενος,
1698 2609 1942 2680 καθαρὰς
1997 2612 2092 2663 καὶ

517 2699 721 2771 τρανάς
745 2701 843 2763 τὰς
874 2701 1002 2773 περὶ
1032 2699 1196 2753 αὐτοῦ
1227 2699 1490 2770 λαμϐάνει
1529 2700 1817 2771 ἐμφάσεις.

587 2790 653 2855 ζ’.
687 2793 754 2845 Ὅ
775 2809 860 2857 τις
892 2794 1104 2863 ἀγαπᾷ,
1158 2791 1346 2847 τούτου
1396 2793 1490 2845 καὶ
1537 2793 1822 2862 ἀντέχεται
1851 2794 2088 2857 πάντως·

517 2885 613 2939 καὶ
657 2884 876 2938 πάντων
916 2884 1023 2938 τῶν
1069 2884 1206 2955 πρὸς
1258 2883 1414 2937 τοῦτο
1465 2884 1866 2953 ἐμποδιζόντων
1917 2884 2086 2955 αὐτῷ,

2197 1788 2362 1843 nibus
2388 1786 2837 1858 cogitationibus,
2894 1785 3153 1853 velutque
3197 1783 3311 1837 Deo
3367 1781 3447 1835 illi
3498 1787 3765 1851 praesente

2196 1884 2297 1956 (uti
2335 1893 2391 1940 et
2430 1900 2561 1940 vere
2592 1898 2833 1953 praesens
2879 1880 2982 1951 est)
3024 1879 3342 1934 indistraete
3390 1877 3649 1947 omnique
3680 1888 3768 1930 se-

2193 1983 2340 2029 mota
2379 1975 2773 2045 cogitationum
2810 1969 3280 2042 interpellantium
3332 1968 3515 2031 turba,
3562 1982 3761 2022 orare:

2192 2067 2514 2138 posterioris
2547 2072 2701 2125 vero.
2756 2065 2859 2120 sub
2921 2065 3040 2135 ipso
3075 2063 3353 2129 [orationis
3390 2062 3597 2131 impetu
3646 2059 3764 2129 rapi

2193 2161 2434 2214 animum
2459 2158 2644 2212 divina
2673 2166 2729 2213 et
2757 2155 2970 2210 infinita
2993 2157 3138 2218 luce,
3160 2169 3223 2208 ac
3253 2168 3431 2221 neque
3454 2152 3561 2217 sui,
3587 2165 3765 2218 neque

2192 2251 2340 2305 illius
2379 2265 2605 2319 prorsus
2653 2249 2888 2302 aliarum
2947 2260 3135 2299 rerum
3187 2259 3412 2298 sensum
3455 2241 3762 2311 peréiperc,

2193 2353 2557 2414 prmterquam
2607 2343 2727 2411 ejus
2777 2340 3064 2405 duntaxat,
3119 2338 3213 2407 qui
3276 2353 3373 2407 per
3416 2335 3762 2399 charitatem,

2191 2438 2356 2491 talem
2392 2437 2447 2490 in
2501 2451 2568 2489 co
2622 2432 3046 2487 illustrationem
3085 2426 3269 2483 aliialii
3319 2444 3420 2483 suo
3478 2435 3762 2497 operatur.

2192 2527 2454 2595 Tuncque
2509 2524 2647 2578 adeo
2696 2524 2864 2577 etiam
2908 2521 3054 2576 circa
3086 2520 3326 2573 rationes
3373 2534 3496 2588 quae
3547 2517 3613 2571 de
3652 2517 3767 2571 Deo

2192 2625 2341 2679 sunt,
2378 2622 2582 2677 motus,
2608 2614 2785 2668 claras
2813 2612 2882 2667 dc
2936 2612 3030 2666 illo
3077 2626 3142 2665 ac
3191 2610 3516 2679 conspicuas
3566 2608 3765 2677 accipit

2192 2705 2723 2777 reprzescntationes.

2264 2799 2316 2851 7.
2357 2796 2512 2863 Quod
2539 2797 2664 2865 quis
2688 2794 2892 2865 diligit,
2927 2793 3155 2847 omnino
3209 2790 3376 2847 etiam
3417 2788 3765 2859 amplectitur

2192 2898 2247 2944 ct
2270 2889 2434 2954 colit;
2455 2904 2517 2943 ac
2537 2888 2581 2941 si
2613 2887 2747 2957 quid
2774 2887 2851 2940 illi
2883 2885 3280 2955 impedimento
3315 2883 3407 2947 sit,
3431 2881 3759 2943 contemnit,

517 2980 869 3048 καταφρονεῖ,
910 2977 999 3030 ἴνα
1047 2976 1121 3047 μὴ
1153 2975 1317 3029 αὐτοῦ
1360 2976 1631 3047 στερηθῇ,
1679 2978 1771 3030 κοιλ¹
1819 2979 1909 3031 τὸν
1957 2977 2084 3030 Θεὸν

2196 2995 2265 3033 ne
2293 2980 2389 3034 illo
2406 2979 2610 3049 privari
2636 2979 2815 3047 ipsum
2847 2976 3167 3046 contigerit;
3198 2974 3292 3043 qui
3314 2988 3444 3043 ergo
3479 2972 3649 3025 Deum
3680 2970 3765 3023 di-

517 3069 770 3135 ἀγαπῶν,
803 3069 1144 3138 ἐπιμελεῖται
1199 3067 1448 3139 καθαρᾶς
1496 3069 1826 3138 προσευχῆςο
1854 3071 1948 3122 καὶ
1978 3071 2087 3123 πᾶν

516 3157 688 3220 πάθος
723 3157 859 3229 πρὸς
896 3156 1052 3210 τοῦτο
1103 3156 1395 3226 ἐμποδίζον
1444 3155 1628 3226 αὐτῷ,
1681 3156 1975 3211 ἀποϐάλλει
2028 3157 2087 3223 ἐξ

516 3247 711 3302 ἐαυτοῦ

583 3346 656 3411 η’.
704 3339 763 3394 Ὀ
809 3340 908 3412 τὴν
963 3340 1174 3411 μητέρα
1215 3340 1322 3394 τῶν
1366 3340 1553 3395 παθῶν
1586 3339 1877 3394 άποῆαλὼν
1903 3340 2090 3408 φιλαυ-

513 3430 657 3496 τίαν,
713 3429 809 3483 καὶ⁵
842 3429 910 3484 τά
957 3430 1119 3483 λοιπὰ
1173 3430 1413 3501 εὐχερῶς
1461 3432 1556 3484 σὺν
1600 3430 1719 3500 Θεῷ
1750 3431 2083 3485 ἀποτίθεται·

512 3517 623 3576 οἷον
655 3524 844 3594 ὀργὴν,
881 3522 1080 3591 λύπην,
1133 3520 1517 3591 μνησικακίαν,
1565 3520 1658 3574 καὶ
1690 3520 1759 3573 τά
1799 3521 1945 3591 ἐξῆςο
1978 3522 2006 3573 6
2032 3520 2087 3572 δὲ

514 3616 618 3668 ὑπὸ
650 3617 743 3668 τοῦ
798 3611 1014 3684 πρώτου
1078 3611 1475 3682 κρατούμενος,
1525 3611 1629 3664 ὑπὸ
1667 3612 1760 3664 τοῦ
1810 3611 2082 3681 δευτέρου,

514 3704 613 3760 κᾶν
672 3704 746 3776 μὴ
804 3704 968 3773 θέλῃ,
1020 3701 1405 3772 τιτρώσκεται.
1443 3702 1703 3755 Φιλαυτία
1751 3701 1808 3754 δέ
1846 3703 1993 3763 ἐστι,
2027 3700 2088 3752 τὸ

512 3797 647 3869 πρὸς
674 3796 736 3849 τὸ
780 3794 940 3865 σῶμα
970 3793 1159 3857 πάθος.

581 3972 646 4025 θ’.
679 3970 779 4024 Διὰ
806 3970 906 4033 τὰς
935 3970 1095 4024 πέντε
1128 3969 1329 4033 ταύτας
1359 3969 1541 4032 αἰτίας
1560 3970 1608 4022 ot
1640 3967 1916 4040 ἄνθρωποι
1945 3968 2085 4037 ἀγα-

511 4063 684 4117 πῶσιν
709 4062 993 4133 ἀλλήλους,
1033 4062 1142 4113 εἴτε
1175 4060 1496 4124 ἐπαινετῶς,
1528 4060 1638 4113 εἴτε
1660 4061 1898 4131 ψεκτῶς.
1935 4055 2081 4129 Οἴου,

2190 3070 2330 3140 ligit,
2367 3085 2515 3139 ραι-ω
2542 3068 2778 3122 orationi
2807 3067 3149 3138 diligentiam
3198 3065 3387 3129 habet,
3432 3078 3762 3133 omnemque

2190 3162 2448 3216 affectum
2479 3177 2543 3215 ac
2565 3160 2854 3216 libidinem
2889 3170 2945 3215 et
2969 3157 3495 3222 incommodantem,
3524 3171 3553 3210 a
3583 3170 3641 3211 se
3671 3171 3763 3210 re-

2182 3254 2323 3325 jicit.

2259 3346 2310 3400 8.
2339 3345 2443 3412 Qui
2471 3346 2768 3400 affectuum
2797 3344 3045 3400 omnium
3074 3358 3138 3398 ac
3168 3343 3429 3398 vitiorum
3451 3346 3758 3409 parentem,

2190 3452 2391 3493 cazcum
2421 3442 2600 3492 carnis
2630 3453 2869 3491 amorem
2912 3436 3249 3509 (φιλαυτίαν)
3276 3433 3561 3505 abiecerit,
3603 3431 3760 3488 facile

2189 3530 2355 3583 ctiam
2388 3545 2508 3599 qua:
2539 3539 2668 3584 sunt
2690 3530 2899 3598 reliqua
2934 3528 3088 3591 vitia,
3122 3526 3217 3581 Dei
3248 3541 3373 3595 ope,
3408 3523 3757 3587 eliminabit;

2192 3621 2326 3674 iram
2353 3621 2587 3684 scilicet,
2613 3620 2913 3681 tristitiam,
2943 3619 3275 3688 iniuriarum
3328 3616 3674 3676 memoriam,
3704 3622 3762 3668 et

2189 3727 2312 3781 qua:
2342 3719 2669 3779 sequuntur.
2712 3709 2813 3776 Qui
2850 3718 3031 3762 autem
3061 3724 3091 3761 a
3129 3707 3311 3776 priore
3345 3706 3437 3759 illo
3492 3705 3759 3770 vincitur,

2189 3816 2217 3855 a
2249 3799 2494 3856 secundo
2518 3800 2653 3854 velit
2676 3800 2815 3853 nolit
2842 3799 3185 3853 vulneratur.
3211 3798 3308 3852 Est
3329 3806 3511 3851 autem
3563 3796 3765 3864 φιλαιμ-

2186 3892 2295 3953 τία,
2325 3891 2685 3961 qualibidine
2715 3906 2917 3961 corpus
2940 3890 3350 3960 prosequimur.

2255 3983 2308 4037 9.
2332 3982 2586 4053 Quinque
2610 3983 2694 4038 ba:
2713 3998 2892 4038 causae
2935 3991 3064 4037 sunt
3093 3996 3157 4035 ac
3199 3980 3463 4045 rationes,
3509 3980 3580 4035 ob
3619 3995 3765 4048 quas.

2186 4072 2444 4126 homines
2472 4071 2566 4125 alii
2600 4072 2739 4126 alios
2769 4071 3024 4141 diligunt,
3056 4070 3171 4125 sive
3195 4085 3260 4124 ea
3295 4069 3589 4123 dilectione
3634 4084 3763 4138 qua:

508 4155 543 4227 ἢ
576 4155 664 4209 διὰ
703 4155 792 4209 τὸν
830 4152 981 4217 Θεὸν,
1019 4152 1093 4215 ὠς
1139 4153 1167 4204 6
1216 4150 1471 4220 ἐνάρετος
1514 4151 1759 4215 πάντας,
1809 4151 1903 4203 καὶ
1951 4151 2025 4214 ὡς
2056 4153 2084 4204 6

2187 4160 2403 4216 laudem
2429 4160 2650 4225 habeat,
2680 4161 2793 4215 sive
2824 4176 2944 4231 quze
2967 4160 3088 4215 vitii
3116 4175 3331 4223 noxam,
3358 4174 3423 4213 ac
3451 4158 3613 4229 digna
3650 4158 3756 4211 ivi-

506 4245 598 4300 τὸν
627 4246 878 4316 ἐνάρετον
907 4242 1009 4297 κᾶν
1050 4245 1215 4312 μήπω
1263 4242 1539 4312 ἐνάρετος’
1580 4242 1612 4313 ἢ
1664 4241 1751 4295 διὰ
1791 4242 1973 4311 φύσιν,
2008 4242 2084 4306 ὡς

2187 4250 2402 4319 tuperio
2427 4249 2515 4303 sit.
2542 4249 2651 4303 Aut
2678 4248 2825 4303 enim
2849 4257 3076 4318 propter
3105 4249 3299 4311 Deum,
3326 4256 3387 4302 ut
3409 4247 3505 4316 qui
3548 4247 3755 4301 virtute

505 4338 554 4389 οἱ
591 4339 766 4405 γονεῖς
790 4335 856 4389 τά
886 4334 1051 4387 τέκνα
1073 4371 1088 4397 ,
1123 4333 1217 4385 καὶ
1254 4332 1511 4403 ἔμπαλιν⁸
1549 4333 1575 4402 ἢ
1616 4332 1706 4386 διὰ
1752 4333 2074 4399 κενοδοξίαν,

2187 4341 2443 4412 praeditus
2469 4346 2574 4404 est,
2619 4355 2812 4394 omnes
2846 4339 3062 4409 diligit;
3098 4353 3161 4393 ac
3190 4338 3333 4395 sicut
3359 4338 3564 4392 virtute
3614 4352 3754 4407 pra:-

507 4429 580 4492 ὠς
612 4432 639 4482 6
677 4427 1029 4497 δοξαζόμενος
1053 4426 1143 4478 τὸν
1186 4425 1493 4489 δοξάζοντα·
1520 4424 1551 4495 ἢ
1584 4424 1670 4477 διὰ
1699 4424 2081 4497 φιλαργυρίαν,

2187 4430 2382 4497 (litum,
2405 4430 2498 4499 qui
2530 4430 2765 4484 necdum
2796 4430 2911 4500 ipse
2936 4430 3177 4484 animum
3216 4429 3410 4483 virtuti
3440 4428 3750 4483 addixerit:

504 4518 577 4579 ὡς
608 4518 635 4568 6
673 4517 763 4568 τὸν
793 4515 1048 4569 πλούσιον
1076 4514 1163 4567 διὰ
1194 4514 1376 4583 λῆψιν·
1405 4513 1436 4584 ἢ
1480 4514 1566 4566 διὰ
1593 4513 1923 4584 φιληδονίαν,
1952 4513 2025 4576 ὡς
2054 4515 2082 4566 6

2187 4523 2266 4577 vel
2295 4530 2526 4593 propter
2559 4530 2837 4585 naturam,
2876 4523 2954 4576 uti
3000 4530 3260 4591 parentes
3305 4520 3512 4574 liberos
3536 4558 3550 4583 ,
3591 4518 3737 4571 vicis-

501 4607 600 4677 τὴν
631 4607 879 4675 γαστέρα
922 4606 1358 4677 θεραπευόμενος
1408 4606 1503 4659 καὶ
1534 4606 1602 4659 τά
1654 4606 1758 4659 ὑπὸ
1810 4607 2072 4677 γαστέρα.

2187 4610 2393 4679 simque
2418 4610 2585 4682 410
2618 4627 2630 4662 :
2664 4619 2759 4665 aut
2792 4611 2973 4665 inanis
3005 4611 3191 4681 gloria
3232 4624 3418 4672 causa,
3468 4615 3525 4660 ut
3582 4606 3628 4660 is
3655 4604 3749 4674 qui

503 4699 611 4751 Kal.
641 4700 674 4770 ἡ
710 4699 808 4770 μὲν
839 4699 1049 4771 πρώτη,
1084 4700 1367 4768 ἐπαινετήο
1395 4701 1427 4770 ἡ
1458 4698 1514 4751 δὲ
1547 4699 1798 4769 δευτέρα,
1824 4699 1985 4770 μέση⁸
2018 4701 2074 4753 αἱ

2187 4702 2456 4769 laudatur,
2498 4719 2625 4757 eum
2653 4703 2851 4773 diligit,
2879 4703 2973 4771 qui
2998 4702 3186 4756 laudat
3210 4719 3223 4753 :
3260 4705 3601 4769 autpropter
3622 4711 3748 4749 ava~

500 4785 556 4840 δὲ
595 4787 797 4853 λοιπαὶ,
826 4788 1114 4857 ἐμπαθεῖς.

2187 4791 2381 4856 ritiam,
2406 4800 2467 4846 ut
2490 4793 2583 4861 qui
2612 4781 3041 4862 divitem‘diligit
3079 4798 3305 4861 propter
3331 4800 3560 4842 munera
3587 4802 3599 4837 :
3656 4798 3746 4842 aut

500 4877 738 4949 denique
768 4880 839 4934 ob
864 4880 1150 4936 libidinem
1198 4897 1263 4937 ac
1295 4883 1654 4954 voluptatem,
1701 4891 1760 4937 ut
1806 4886 1899 4953 qui
1940 4893 2189 4941 ventrem
2222 4902 2287 4941 ac
2349 4904 2586 4943 venerea
2642 4878 2792 4943 colit.
2829 4889 2907 4943 Ac
2961 4888 3185 4958 quidem
3244 4884 3396 4956 prior
3435 4897 3622 4947 causa,
3663 4881 3743 4933 in-

501 4978 584 5025 ter
603 4987 697 5027 eas
724 4971 974 5026 habenda
1005 4981 1109 5038 est,
1145 4990 1266 5044 qua;
1317 4975 1523 5029 habent
1553 4975 1808 5041 laudem;
1844 4978 2038 5041 altera,
2082 4982 2227 5034 inter
2266 4980 2505 5047 medias;
2552 4982 2798 5051 reliquae,
2841 4982 2974 5035 vitio
3007 4981 3234 5034 haerent.

568 5071 620 5119 ι’.
669 5065 793 5118 Ἐάν
833 5066 984 5130 τινὰς
1032 5068 1128 5137 μὲν
1182 5071 1364 5140 μισῇς,
1414 5069 1562 5132 τινάς
1616 5070 1672 5123 δὲ
1701 5071 1819 5124 οὐδὲ
1852 5073 2068 5143 ἀγαπᾷς

493 5156 614 5210 ούδέ
649 5160 832 5228 μισῇς·
882 5159 1101 5227 ἐτέρους
1155 5160 1212 5212 δέ
1260 5162 1512 5232 ἀγαπᾷς,
1543 5162 1679 5215 ἀλλὰ
1711 5164 2062 5233 συμμέτρως

492 5245 685 5312 ἄλλους
736 5248 795 5302 δὲ
850 5250 1055 5320 σφόδρα
1088 5251 1325 5322 ἀγαπᾷςο
1364 5255 1427 5306 ἐκ
1460 5254 1665 5325 ταύτης
1691 5255 1792 5325 τῆς
1818 5257 2066 5327 ἀνισότη-

562 5398 641 5483 (ῃ)
681 5401 1300 5483 ,Πρακτίκὴμέθοδοςτ
1341 5407 1500 5461 Ratio
1548 5408 1763 5483 scilicet
1808 5409 2052 5464 colenda:

489 5475 726 5546 actionis
759 5485 824 5546 ac
855 5475 1080 5546 virtutis
1112 5475 1365 5546 moralis;
1408 5493 1527 5546 quae
1552 5478 1809 5533 videlicet
1859 5489 2046 5533 contra

489 5540 829 5630 Θεωρητξκὴν
862 5540 1117 5595 distincta
1151 5545 1252 5630 sit.:_
1275 5540 1441 5630 quani
1472 5557 1759 5630 utramque.
1788 5565 2047 5603 necessa-

490 5608 626 5673 riam
678 5608 943 5667 Maximus
998 5608 1394 5669 contendit'ad
1447 5608 1710 5673 orationis
1756 5621 2042 5691 quietem,

2244 5074 2329 5129 lt).
2365 5074 2420 5129 Si
2462 5076 2597 5130 alios
2627 5076 2826 5141 odisti;
2879 5075 3017 5130 alios
3066 5089 3168 5128 nec
3212 5072 3416 5143 diligis,
3451 5084 3554 5124 nec
3614 5083 3743 5123 vero

2171 5167 2375 5232 odisti;
2413 5167 2550 5220 alios
2595 5177 2777 5223 autem
2825 5166 3008 5236 diligis
3057 5164 3300 5235 quidem,
3338 5163 3436 5219 sed
3480 5161 3738 5216 modice:

2173 5258 2310 5311 alios
2342 5257 2582 5328 denique
2615 5257 2999 5312 vehementius
3028 5255 3227 5325 diligis,
3262 5270 3329 5309 ex
3360 5255 3464 5309 hac
3496 5254 3743 5322 inzequa-g

2161 5410 2410 5480 nihilque
2433 5427 2620 5479 vagam
2649 5412 2702 5466 in
2730 5428 2793 5466 ea
2828 5413 3216 5467 continentiam
3242 5420 3506 5466 mentem.
3532 5409 3739 5479 ObSOp.

2156 5490 2211 5534 ct
2244 5481 2408 5554 Gesn.
2451 5482 2649 5554 Efﬁcaqc
2682 5484 2820 5537 ratio
2851 5492 2897 5535 et
2926 5482 3229 5554 disciplina.
3284 5482 3430 5554 Nihil
3482 5488 3606 5550 apte
3632 5490 3741 5554 aut

2155 5560 2211 5625 ct
2253 5551 2320 5625 :6
2356 5552 2792 5625 ἀπερισπάστως
2823 5551 3237 5625 προσεύχεσθαι,
3268 5552 3530 5623 indefessa
3573 5559 3619 5604 et
3658 5551 3742 5613 ἕης

2154 5621 2392 5677 desinens
2416 5621 2606 5675 orandi
2645 5622 2919 5679 sedulitas.
