4128 6210
527 185 592 243 ἷξῗ)
1379 187 1716 253 CAPITUM
1754 195 1850 253 DE
1889 194 2320 253 CIIARITA’PE
2359 193 2747 257 CENTURIA
2788 198 2870 258 II.

3650 199 3757 262 990

485 299 586 349 ἐπὶ
613 298 794 370 φιλίαν
837 297 1102 372 ἄλογον,ἦ
1141 303 1233 355 ἐπὶ
1279 306 1434 374 μῖσος
1487 305 1734 377 ἄκριτον,
1775 308 1810 377 ἦ
1847 323 2012 369 τινος,

2182 313 2502 370 turam,aut
2547 309 2604 361 in
2647 325 2890 363 amorem
2945 311 3160 365 ratione
3205 318 3508 375 carentem,
3557 319 3654 364 aut
3703 311 3760 364 in

481 392 576 445 διά
612 409 664 444 τι
695 392 802 445 τῶν
837 395 1132 464 αἰσθητῶν.
1163 390 1288 450 Οἷον
1315 399 1408 451 ἐπὶ
1447 399 1546 468 μὲν
1575 399 1758 466 φιλίαν
1789 399 2003 466 ἄλογον,
2035 399 2068 470 ἢ

488 486 818 556 βρωμάτων,
843 488 1174 558 ἡγυναικὺς,
1203 488 1234 558 ἢ
1265 491 1586 560 χρημάτων,
1614 491 1646 560 ἢ
1679 489 1839 560 δόξης
1873 507 2072 559 παρερ-

483 578 746 646 χομένης,
787 579 989 647 ἡτινος
1025 579 1188 632 ἄλλου
1219 581 1326 634 τῶν
1358 581 1653 651 αἰσθητῶν,
1690 583 1722 652 ἢ
1755 582 1844 633 διὰ
1871 581 2065 634 ταῦτα.

2175 401 2364 455 odium
2403 404 2772 474 sinejudicio,
2811 405 2927 460 sive
2955 404 3188 474 alicujus
3235 403 3340 466 rei,
3373 401 3489 457 sive
3530 409 3758 471 propter

2174 505 2288 544 rem
2312 492 2551 561 aliquam
2583 495 2633 548 in
2662 510 2884 548 sensum
2919 493 3228 549 cadentem.
3258 493 3394 547 Puta
3429 492 3482 546 in
3511 507 3754 546 amorem

2175 585 2388 639 ratione
2417 595 2718 648 carentem,
2753 595 2848 640 aut
2878 586 3148 650 ciborum,
3171 593 3265 638 aut
3291 584 3476 637 uxoris
3507 598 3604 637 seu
3631 599 3748 638 mu-

472 668 618 735 ,'.§7:‘v.
645 673 799 739 μῖσος
832 670 886 724 δὲ
935 672 1176 740 ἄκριτον·
1209 668 1320 726 οἷον
1362 673 1395 743 ἦ
1431 689 1575 736 τινος
1602 673 1708 726 τῶν
1733 673 2039 743 προειρημέ

2170 671 2343 735 lieris,
2371 684 2467 728 aut
2490 676 2865 744 pecuniarum,
2905 685 3001 730 aut
3027 675 3184 730 ﬂuxa:
3207 675 3412 745 gloriae,
3445 681 3539 728 aut
3565 675 3752 744 cujus-

483 781 609 821 νων,
641 764 712 826 ὼς
741 765 978 837 εἴρηται,
1019 764 1051 834 ἢ
1083 764 1219 834 πρός
1251 782 1372 817 τινα
1404 764 1492 817 διὰ
1514 763 1712 818 ταῦτα.

2169 769 2314 838 piam
2355 773 2585 827 alterius
2631 775 3019 838 sensibilium,
3069 781 3164 826 aut
3215 781 3441 842 propter
3494 772 3632 826 lucc.
3690 770 3749 824 In

484 857 676 910 odium
705 873 836 912 vero
859 857 977 911 sine
1003 857 1236 927 judicio,
1275 868 1427 927 puta,
1457 867 1551 913 aut
1591 859 1827 930 alicujus
1873 873 2067 913 eorum
2106 876 2228 929 qua:
2256 865 2402 920 dicta
2431 876 2581 930 sunt,
2610 869 2687 921 uti
2717 867 2925 922 dictum
2949 876 3054 933 est,
3082 876 3177 921 aut
3235 866 3289 918 in
3349 865 3585 934 aliquem
3619 879 3746 933 pro-

484 963 605 1022 pter
631 950 743 1004 illa.

555 1043 643 1106 ις’.
689 1043 762 1095 Ἢ
804 1043 967 1098 πάλιν
1020 1044 1187 1097 κακία
1238 1045 1405 1108 ἐστὶν,
1452 1045 1485 1112 ἡ
1519 1041 1832 1114 ἐσταλμένη
1882 1044 2063 1113 κρίσις

481 1132 588 1185 τῶν
619 1137 932 1204 νοημάτων,
1056 1135 1418 1188 ἐπακολουθεῖ
1475 1138 1508 1206 ἡ
1554 1137 1902 1206 παράχρησις
1954 1135 2062 1187 τῶν

482 1226 848 1295 πραγμάτων.
884 1222 1008 1279 Οἴον
1037 1228 1112 1290 ὠς
1143 1226 1238 1279 ἐπὶ
1261 1227 1360 1295 τῆς
1400 1225 1677 1294 γυναικὸς,
1711 1229 1742 1297 ἡ
1774 1225 1908 1296 ὀρθὴ
1936 1225 2061 1294 κρί-

483 1336 564 1380 σις
598 1318 697 1388 τῆς
728 1319 1034 1383 συνουσίας,
1083 1321 1111 1370 ὁ
1163 1318 1365 1382 σκοπός
1398 1320 1514 1370 ἐστι
1551 1318 1652 1385 τῆς
1695 1316 2054 1379 παιδοποιίας.

491 1409 549 1462 '0
578 1405 672 1463 οὖν
705 1412 786 1474 είς
830 1411 931 1481 τὴν
953 1410 1145 1482 ἡδονὴν
1177 1411 1642 1479 ἁποδλεψάμενος,
1687 1409 1894 1480 ἐσφάλη
1931 1408 2058 1478 περὶ

2247 1047 2332 1102 17.
2370 1050 2477 1104 Aut
2501 1065 2694 1104 rursus
2731 1051 2925 1104 vitium
2953 1050 3167 1104 estsirc
3200 1048 3438 1118 pravitas
3465 1061 3530 1099 ac
3588 1047 3742 1100 mali-

2173 1138 2268 1202 tia,
2298 1140 2494 1195 falsum
2525 1143 2692 1196 animi
2742 1152 3107 1211 conceptuutn
3157 1154 3550 1206 sensm‘umque
3600 1138 3748 1208 judi-

2168 1227 2339 1291 cium,
2376 1230 2522 1298 quod
2550 1230 2756 1284 abusus
2799 1246 2978 1283 rerum
3039 1228 3312 1298 sequitur.
3342 1226 3502 1279 Verbi
3547 1225 3740 1296 gratia,

2167 1317 2221 1371 in
2250 1337 2441 1385 uxore,
2468 1331 2681 1376 rectum
2713 1321 2922 1391 copula:
2967 1321 3239 1390 judicium
3285 1327 3388 1383 est,
3436 1318 3742 1372 liberorum

2166 1411 2646 1480 suscipiendorum
2679 1411 2824 1466 linis.
2847 1412 2949 1478 Qui
2985 1413 3149 1482 igitur
3168 1411 3234 1464 ad
3271 1409 3603 1479 voluptatem
3642 1423 3740 1461 seu

478 1502 578 1572 τὴν
633 1503 840 1572 κρίσιν,
883 1501 945 1554 τὺ
977 1503 1051 1572 μὴ
1087 1502 1250 1555 καλὸν
1276 1501 1352 1565 ὡς
1381 1501 1545 1555 καλὸν
1579 1501 1947 1570 ἡγησάμενος.
1998 1501 2040 1553 ’ί

2165 1499 2450 1555 libidinem
2477 1501 2708 1572 aspexit,
2746 1501 2794 1557 is
2819 1502 3027 1572 judicio
3052 1501 3220 1555 falsus
3247 1509 3352 1565 est,
3379 1500 3471 1568 qui
3505 1514 3614 1552 non
3639 1498 3741 1552 bo-

479 1593 609 1660 γοῦν
635 1593 897 1658 τοιοῦτος,
926 1593 1283 1664 παραχρῆται
1313 1593 1534 1662 γυναικὶ
1553 1591 2056 1661 συνουσιαζόμενος.

482 1685 592 1738 Καὶ
617 1686 710 1738 ἐπὶ
784 1685 892 1739 τῶν
961 1684 1136 1740 ἄλλων
1214 1685 1562 1756 πραγμάτων
1621 1686 1714 1738 καὶ
1771 1683 2060 1755 νοημάτων

476 1776 699 1847 ὁμοίως.

550 1871 641 1936 ιη’.
673 1865 804 1918 "Ore
850 1865 940 1920 τὸν
967 1866 1092 1919 νοῦν
1143 1883 1237 1920 σου
1289 1868 1342 1920 οί
1382 1865 1494 1939 [ΡΥ.
1540 1867 1706 1920 Ὅταν
1760 1866 1939 1919 τοίνυν
1967 1867 2058 1919 τὸν

473 1955 598 2011 νοῦν
640 1955 714 2028 οἱ]
758 1957 1010 2026 δαίμονες
1049 1957 1150 2026 τῆς
1183 1959 1542 2031 σωφροσύνης
1573 1957 1912 2022 ἐκϐαλόντες,
1947 1959 2058 2018 τοῖς

471 2049 573 2118 τῆς
607 2050 864 2122 πορνείας
891 2051 1170 2121 λογισμοῖς
1225 2049 1706 2121 περικυκλώσωσι,
1759 2052 1880 2104 τότε
1918 2050 2055 2121 μετὰ

470 2142 724 2212 δακρύων
765 2141 888 2210 λέγε
925 2142 1060 2212 πρὸς
1093 2143 1182 2195 τὸν
1217 2143 1516 2214 Δεσπότην·
1563 2144 1959 2210 Ἐκϐαλόντες
1978 2163 2054 2214 με

469 2235 590 2289 νῦν
637 2235 1134 2302 περιεκύκλωσάν
1171 2255 1268 2306 με,
1301 2236 1366 2290 τὸ
1407 2237 1756 2307 ἀγαλλίαμὰ
1787 2255 1906 2307 μου
1943 2239 2053 2292 λύ-

469 2327 693 2395 τρωσαί
723 2327 957 2396 με,ἀπὸ
990 2327 1108 2380 τῶν
1136 2327 1585 2382 κυκλωσάντων
1603 2345 1716 2398 με’
1754 2330 1847 2382 καὶ
1881 2329 2047 2402 σώζῃ.

543 2418 627 2472 ιθν.
673 2420 855 2486 Βαρὺς
885 2421 913 2472 ὁ
962 2419 1061 2490 τῆς
1102 2419 1360 2490 πορνείας
1408 2421 1643 2491 δαίμων,
1679 2423 1775 2474 καλ⁸
1808 2423 2052 2492 σφοδρῶς

469 2511 770 2570 ἐπιτίθεται
803 2515 916 2577 τοῖς
977 2513 1122 2566 κατὰ
1172 2513 1266 2566 τοῦ
1328 2514 1535 2578 πάθους
1603 2517 2047 2587 ἀγωνιζομένοις

467 2603 563 2657 καὶ
597 2603 831 2674 μάλιστα
869 2605 927 2656 ἐν
957 2606 1023 2674 τῇ
1059 2603 1291 2675 ἀμελείᾳ
1318 2605 1419 2674 τῆς
1442 2605 1676 2676 διαίτης,
1711 2609 1804 2662 καὶ
1836 2610 1892 2662 ἐν
1927 2613 2049 2672 ταῖς

468 2695 780 2766 συντυχίαις
801 2695 910 2748 τῶν
929 2695 1225 2765 γυναικῶν.
1248 2696 1566 2768 Λεληθὸτως
1590 2698 1698 2769 γὰρ
1721 2702 1786 2770 τῇ
1815 2699 2048 2771 λειότητι

465 2789 564 2858 τῆς
598 2787 793 2858 ἡδονῆς
827 2788 1182 2843 ὖποκλέπτων
1232 2789 1324 2842 τὸν
1375 2788 1519 2854 νοῦν,
1555 2792 1845 2862 μετέπειτα
1879 2795 2049 2863 ἐπεμο

463 2881 640 2934 σαίνει
672 2880 759 2933 διὰ
788 2883 887 2952 τῆς
919 2882 1139 2952 μνήμης
1168 2883 1495 2952 ἡσυχάζοντι
1525 2883 1626 2953 (q),
1666 2883 1726 2936 τό
1797 2901 1854 2936 τε
1886 2886 2044 2955 σῶμα

465 2969 805 3041 ἐμπυρίζων,
833 2973 932 3028 ’καὶ
971 2973 1222 3036 ποικίλας
1261 2973 1476 3044 μορφὰς
1515 2973 1593 3044 τῷ
1631 2973 1706 3044 νῷ
1738 2976 2040 3046 παριστῶν.

465 3061 556 3114 Διὸ
589 3061 686 3115 καὶ⁸
734 3061 870 3132 πρὸς
911 3062 1009 3131 τὴν
1062 3063 1466 3132 συγκατάθεσιν
1512 3065 1609 3134 τῆς
1639 3065 1914 3134 ἁμαρτίας
1946 3067 2043 3119 arb-

463 3153 555 3206 τὸν
594 3154 928 3208 ἐκκαλεῖταιο
960 3155 1032 3219 ἃς
1070 3157 1165 3209 ἐὰν
1195 3156 1356 3229 θέλῃς
1389 3155 1464 3228 μὴ
1491 3157 1823 3228 ἐγχρονίζειν
1855 3160 1912 3211 ἐν
1936 3159 2038 3220 σοὶ.

464 3247 720 3316 νηστείαν
751 3248 1021 3302 ἁναλαὸοῦ
1073 3250 1170 3303 καὶ
1230 3251 1399 3305 κόπον
1448 3253 1542 3304 καὶ
1589 3252 1918 3321 ἀγρυπνίαν,
1948 3253 2042 3306 καὶ

462 3335 560 3406 τὴν
585 3337 756 3407 καλὴν
785 3337 1014 3408 ἡσυχίαν
1052 3337 1190 3408 μετὰ
1219 3339 1469 3402 ἐκτενοῦς
1502 3342 1828 3412 προσευχῆς.

531 3521 600 3572 κ’.
641 3515 705 3568 Οἱ
758 3515 856 3586 τὴν
900 3514 1078 3586 ψυχὴν
1127 3516 1282 3585 ἡμῶν
1336 3516 1422 3569 ἀεὶ
1453 3517 1760 3586 ζητοῦντες,
1815 3519 1901 3573 διὰ
1931 3520 2039 3573 τῶν

460 3607 724 3678 ἐμπαθῶν
749 3607 1024 3676 λογισμῶν
1053 3607 1308 3677 ζητοῦσιν
1339 3609 1472 3679 (l6),
1507 3609 1594 3662 ἵνα
1625 3610 1794 3680 αὐτὴν
1824 3613 1904 3674 είς
1941 3613 2039 3681 τὴν

459 3701 600 3754 κατὰ
633 3701 895 3764 διάνοιαν,
933 3699 966 3768 ἥ
999 3699 1096 3769 τὴν
1141 3699 1262 3753 κατ’
1309 3701 1588 3771 ἐνέργειαν
1633 3703 1905 3774 ἁμαρτίαν
1938 3704 2038 3774 ἐμ-

459 3792 716 3848 ϐάλωσιν.
744 3792 915 3846 Ὅταν
953 3786 1047 3846 οῦν
1098 3790 1300 3865 εὕρωσι
1343 3794 1434 3848 τὸν
1466 3793 1591 3848 νοῦν
1628 3795 1702 3864 μὴ
1742 3795 2039 3867 παραδεχό-

464 3893 644 3946 μενον,
709 3878 831 3930 τότε
886 3878 1338 3953 αίσχυνθὴσονται
1407 3882 1502 3933 καὶ
1569 3883 2032 3954 ἐντραπήσονται·

458 3969 588 4022 ὅταν
620 3967 677 4020 δέ
706 3970 774 4040 τῇ
799 3971 1146 4040 πνευματικῇ
1179 3969 1383 4042 θεωρίᾳ
1405 3971 1884 4044 ἐνασχολούμενον,
1913 3976 2036 4029 τότε

459 4059 974 4131 ἀποστραφὴσονται
998 4060 1093 4114 καὶ
1121 4062 1678 4134 καταισχυνθὴσονται
1715 4065 1918 4138 σφόδρα
1948 4067 2034 4123 διὰ

457 4148 671 4220 τάχους.

532 4243 636 4290 κα’.
700 4238 960 4292 Διακόνου
1020 4239 1178 4308 λόγον
1234 4243 1419 4312 ἐπέχει
1462 4243 1556 4316 (r),
1614 4247 1643 4298 ὁ
1713 4247 1850 4318 πρὸς
1903 4251 2030 4314 τοὺς

461 4329 641 4399 ἱεροὺς
669 4329 886 4397 ἀγῶνας
927 4330 1163 4400 ἀλείφων
1187 4333 1278 4386 τὸν
1303 4334 1447 4399 νοῦν,
1485 4336 1579 4390 καὶ
1603 4337 1728 4401 τοῦς
1769 4341 2059 4410 ἐμπαθεῖς-

457 4418 753 4491 λογισμοὺς
790 4421 1113 4475 ἀπελαύνων
1158 4424 1254 4476 ἀπ’
1294 4425 1480 4478 αὐτοῦ’
1537 4428 1910 4498 πρεσϐυτέρου
1953 4431 2029 4496 δὲ,

457 4513 486 4564 ὁ
521 4514 603 4577 είς
630 4515 729 4584 τὴν
766 4514 969 4582 γνῶσιν
1007 4517 1116 4570 τῶν
1145 4517 1314 4571 ὅντων
1342 4518 1614 4587 φωτίζων,
1654 4523 1748 4576 καὶ
1777 4525 1875 4596 τὴν
1908 4525 2033 4596 ψευ-

529 4647 573 4681 ³⁹
601 4649 744 4705 Psal.
777 4667 884 4718 xvi,
915 4652 1011 4720 ll;
1043 4669 1190 4720 xxxx,
1219 4656 1271 4710 7.
1348 4657 1552 4712 M’Psal.
1582 4674 1658 4726 vi,
1694 4660 1779 4714 11.

531 4787 608 4859 (q)
650 4789 1023 4868 Ἐπειιὸοζνει
1061 4792 1167 4868 aui
1198 4792 1308 4860 τῆς
1337 4793 2019 4868 μνήμης-ἡσυχάζοντι.

459 4857 517 4913 Id
537 4857 838 4937 praesertim
863 4862 929 4914 ad
953 4857 1276 4924 monachos,
1287 4857 1390 4932 qui
1416 4857 1864 4937 ἡ’ἕξυχᾶζοντεξόι
1894 4871 2022 4937 ήσυς

457 4929 657 5003 χασταὶ
703 4942 1111 5003 nuncupantur,
1163 4929 1329 5003 quasi
1377 4929 1553 4990 amica
1583 4929 1882 4994 solitudine
1915 4929 2017 4994 sa)-

458 4999 742 5072 cularium
790 4999 1040 5055 muniunt
1071 5019 1135 5057 ac
1180 4999 1436 5057 curarum
1499 5005 1876 5072 immttnitate,
1924 5011 2019 5065 uni

456 5068 592 5148 Deo,
625 5083 688 5148 ac
710 5068 776 5123 iis
799 5073 1312 5148 qu_:e.suntsalutis,
1340 5082 1619 5148 vacantes.
1646 5077 1762 5131 illis
1806 5068 1939 5148 ergo
1989 5097 2018 5135 a

456 5138 792 5207 neglectiore
820 5138 1006 5196 'victus
1045 5143 1280 5202 ratione.
1332 5158 1397 5196 ac
1421 5138 2020 5203 muliercularumucol-

455 5207 678 5282 loquiis,
715 5225 815 5282 per
849 5212 1171 5282 memoriam
1221 5213 1502 5282 obrepunt
1544 5215 1842 5282 daemones,
1888 5221 2020 5276 dum

455 5279 653 5332 sedent
673 5279 927 5351 solitarii,
956 5296 1022 5336 ac
1045 5297 1169 5337 cum
1207 5298 1304 5351 per
1334 5279 1650 5343 solitudinis
1673 5279 2017 5346 occasionem

455 5361 516 5401 se
541 5350 950 5423 supra__lcvare
989 5350 1292 5423 deberent;
1345 5353 1565 5423 jamque
1612 5356 1667 5411 in
1700 5359 2020 5415 cmlestilms

455 5416 868 5497 versari..ni‘_iibil
895 5433 1004 5497 e_re
1032 5419 1236 5497 Obsop.
1259 5421 1333 5497 Ae
1345 5416 1594 5497 'deineeps
1626 5444 1718 5496 per
1753 5431 2020 5497 memoria:

455 5485 1236 5560 tranquillitatemingreditur.
1286 5494 1363 5547 Ac
1419 5485 1716 5550 ncc'Gc'sn.
1754 5495 2021 5553 Memoria:

453 5555 722 5611 incautiet
748 5555 998 5613 securise'
1013 5561 1268 5616 insinuat.
1303 5563 1395 5616 Sic
1442 5564 1705 5620 nimirum
1739 5568 2019 5623 Calvinia-

455 5641 560 5688 nus
606 5628 834 5696 candor,
877 5629 932 5684 ni
977 5631 1150 5704 magis
1186 5633 1476 5704 supinitas,
1531 5636 1720 5709 reique
1755 5641 2017 5696 ecclesia-

2063 4207 2112 4264 ι)

2163 1609 2295 1646 num
2327 1601 2580 1664 tanquam
2611 1596 2814 1649 bonum
2835 1594 3211 1650 aestimaverit.
3259 1592 3363 1658 Qui
3410 1593 3582 1663 igitur
3617 1592 3741 1646 talis

2161 1692 2268 1744 est,
2331 1685 2529 1753 copula
2571 1685 2842 1738 abutitur.
2889 1684 3158 1739 Similiter
3216 1698 3434 1752 quoque
3465 1682 3522 1736 in
3573 1681 3740 1736 rebus

2160 1773 2304 1836 aliis,
2333 1783 2497 1843 atque
2516 1775 2684 1829 animi
2709 1774 2906 1829 sensis.

2232 1865 2318 1920 l8.
2341 1865 2477 1920 Cum
2502 1867 2685 1938 itaque
2715 1867 2992 1921 daemones
3017 1875 3256 1921 mentem
3302 1875 3449 1919 tuam
3485 1879 3516 1918 a
3563 1863 3730 1918 casti—

2159 1959 2290 2011 tatis
2316 1973 2444 2014 arce
2475 1960 2768 2030 dejectam,
2807 1959 3164 2015 scortationis
3191 1974 3254 2012 ac
3303 1957 3550 2012 libidinis
3586 1956 3736 2026 cogi-

2159 2049 2462 2104 tationibus
2487 2051 2978 2116 circumdederint,
2996 2061 3127 2105 tunc
3152 2051 3206 2104 in
3238 2051 3510 2120 lacrymas
3528 2047 3737 2101 effusus

2158 2141 2335 2196 dicito
2383 2142 2450 2195 ad
2487 2143 2779 2197 Dominum
2815 2161 2828 2198 :
2865 2144 3147 2214 Ejicientes
3192 2158 3274 2196 me
3327 2157 3464 2204 nunc
3507 2141 3734 2192 circum—

2154 2231 2412 2284 dederunt
2451 2249 2564 2298 me;
2601 2233 2886 2287 exsultatio
2916 2249 3032 2286 mea
3068 2248 3194 2286 erue
3221 2247 3305 2284 me
3330 2247 3362 2283 α
3392 2229 3734 2283 circumdan-

2155 2324 2289 2377 tibus
2319 2341 2398 2378 me
2429 2325 2472 2356 '°
2497 2341 2512 2390 ;
2539 2333 2594 2380 et
2621 2325 2804 2380 salvus
2837 2325 2971 2379 eris.

2226 2415 2313 2470 19.
2339 2414 2533 2470 Gravis
2566 2423 2652 2470 est
2685 2425 2742 2470 et
2774 2417 3041 2471 molestus
3085 2414 3442 2471 scortationis
3497 2413 3730 2475 daemon,
3811 2449 3816 2456 ι

2153 2505 2646 2578 vehementiusque
2669 2523 2768 2562 eos
2800 2508 3107 2580 impugnat,
3153 2509 3248 2578 qui
3283 2508 3547 2564 adversus
3604 2506 3732 2560 libi-

2150 2597 2336 2651 dinem
2379 2608 2660 2653 certamen
2687 2609 3053 2670 susceperunt
3082 2618 3095 2654 :
3125 2601 3290 2670 idque
3324 2601 3558 2654 maxime
3603 2615 3729 2654 cum

2150 2689 2456 2759 neglectior
2476 2691 2660 2745 victus
2689 2691 2830 2746 ratio
2863 2701 2970 2756 est,
3006 2691 3135 2746 etin
3191 2691 3486 2761 colloquiis
3534 2693 3732 2746 mulie-

2150 2795 2293 2833 rum.
2332 2781 2671 2850 imprudenti
2725 2783 2874 2837 enim
2917 2785 3217 2855 voluptatis
3244 2785 3502 2840 illeccbra
3543 2785 3727 2839 animo

2151 2869 2443 2940 obrepens,
2486 2873 2836 2942 postmodum
2867 2889 3053 2929 secum
3086 2875 3284 2945 ipsum,
3312 2876 3536 2944 otioque
3565 2889 3728 2943 agen-

2153 2971 2283 3026 tem,
2313 2979 2412 3033 per
2441 2965 2765 3019 memoriam
2786 2967 3121 3036 aggreditur,
3161 2976 3275 3021 tum
3326 2982 3531 3038 corpus
3561 2967 3726 3020 ardo-

2132 3051 2305 3106 ribus
2333 3051 2656 3118 incendens,
2691 3063 2804 3108 tum
2841 3070 2972 3109 vero
3001 3055 3170 3109 menti
3223 3055 3480 3110 diversas}
3523 3055 3726 3109 fortnas

2149 3143 2477 3198 obtendens.
2503 3145 2629 3211 llas,
2653 3146 2696 3200 si
2722 3146 2776 3199 in
2811 3155 2861 3200 te
2887 3147 3092 3201 morari
3121 3147 3284 3212 nolis,
3313 3147 3584 3218 jejunium
3635 3161 3724 3201 as-

2149 3251 2306 3291 sume
2362 3245 2418 3291 et
2467 3238 2711 3292 laborem
2757 3247 2814 3292 et
2858 3238 3094 3308 vigilias,
3155 3239 3553 3309 honestamque
3597 3254 3722 3292 cum

2149 3328 2360 3398 prolixa
2407 3327 2568 3400 412
2599 3329 2850 3384 oratione
2877 3330 3124 3384 vacantis
3165 3329 3336 3385 animi
3376 3331 3617 3400 quietem
3659 3344 3723 3385 ac

2147 3419 2520 3474 solitudinem.

2214 3519 2302 3574 20.
2322 3520 2426 3586 Qui
2457 3520 2697 3574 animam
2721 3530 2966 3576 nostram
2991 3538 3211 3593 semper
3233 3532 3506 3592 quaerunt,
3530 3539 3630 3593 per
3655 3523 3710 3578 li»

2147 3611 2428 3666 bidinosas
2448 3620 2614 3682 atque
2626 3613 2760 3666 vitio
2777 3612 3048 3667 hazrentes
3063 3613 3421 3682 cogitationes
3445 3622 3718 3684 quaerunt,

2147 3712 2206 3758 ut
2232 3702 2287 3756 in
2315 3711 2599 3772 peccatum
2644 3703 2790 3773 quod
2827 3703 2883 3758 in
2907 3713 3090 3758 mente
3128 3713 3402 3766 versatur,
3440 3706 3527 3759 vel
3570 3705 3718 3774 quod

2144 3791 2266 3860 ipso
2302 3801 2427 3846 actu
2451 3801 2724 3861 patratur,
2764 3792 3082 3863 conjiciant.
3109 3792 3214 3848 Ubi
3253 3793 3422 3863 igitur
3473 3794 3717 3848 animum

2143 3885 2244 3938 has
2269 3900 2379 3938 non
2427 3883 2809 3939 admittentem
2865 3885 3198 3952 invenerint,
3229 3892 3363 3940 tunc
3390 3884 3715 3940 erubescent

2142 3991 2206 4030 ac
2227 3975 2442 4046 pudore
2469 3976 2893 4043 suﬂ‘undentur;
2921 3977 3016 4032 ubi
3043 3985 3229 4032 autem
3259 3976 3494 4048 spiritali
3527 3993 3715 4032 vacan-

2142 4076 2250 4122 tem
2284 4068 2756 4137 contemplationi,
2779 4076 2911 4122 tunc
2947 4084 3006 4124 se
3033 4069 3088 4123 in
3109 4069 3291 4140 fugam
3322 4071 3633 4141 proripient
3658 4081 3714 4127 et

2139 4159 2547 4214 confundentur
2577 4160 2736 4214 valde
2776 4161 3040 4215 velociter
3057 4161 3123 4214 ιο.

2210 4251 2272 4306 21
2289 4291 2302 4304 .
2324 4251 2549 4305 Diaconi
2573 4267 2862 4320 personam
2893 4253 3058 4324 gerit,
3090 4253 3185 4322 qui
3211 4252 3276 4307 ad
3298 4268 3484 4310 sacros
3511 4269 3712 4324 agones

2137 4343 2384 4399 animum
2415 4343 2652 4414 inungit,
2683 4353 2848 4413 atque
2871 4345 2939 4398 ab
2966 4359 3034 4399 eo
3071 4345 3396 4400 libidinosas
3429 4345 3710 4416 cogitatio-

2135 4453 2237 4492 nes
2259 4435 2432 4508 abigit
2465 4455 2479 4491 :
2511 4437 2820 4508 presbyteri
2860 4445 3069 4500 autem,
3097 4439 3194 4509 qui
3234 4455 3420 4494 rerum
3480 4439 3709 4494 scicntia

2136 4528 2394 4595 illustrat,
2421 4543 2486 4584 ac
2509 4527 2632 4584 falsi
2655 4529 2896 4586 nominis
2925 4529 3212 4587 scientiam
3243 4533 3557 4602 proscribit.
3581 4533 3710 4602 Epi-

2127 4803 2282 4878 s_tic:_e
2311 4805 2641 4878 ignorantia,
2672 4805 2797 4862 unis
2835 4806 2946 4861 illis
2979 4806 3312 4878 indulgenda
3350 4806 3443 4876 qui
3474 4821 3577 4861 nec
3598 4807 3704 4864 Ec-

2127 4874 2350 4928 clesiam
2386 4875 2616 4929 scivere.

2201 4943 2270 5014 (r)
2295 4946 2586 4999 Διακόνου
2620 4945 2806 5011 λόγον
2842 4944 3064 5013 ἐπέχει.
3092 4945 3300 5015 Obsop.
3328 4946 3560 5000 Ministrt'
3593 4966 3705 5002 ser—

2128 5029 2332 5084 monem
2345 5015 2612 5083 sapienter
2627 5016 2869 5067 sustinet.
2889 5016 3096 5084 lneptc.
3118 5017 3287 5069 Paulo
3303 5017 3520 5074 melius.
3535 5018 3702 5075 Gesn.

2131 5081 2352 5138 Diaeoni
2374 5081 2466 5137 seu
2488 5085 2724 5160 ministri
2755 5081 3015 5160 rationem
3043 5089 3284 5160 sustinet.
3323 5087 3702 5160 Πρεσϐυτέρου

2130 5169 2330 5208 nomen
2356 5153 2502 5224 quod
2525 5155 2746 5208 senioris
2797 5155 2962 5208 ambo
3012 5155 3274 5219 reddunt,
3309 5153 3420 5210 non
3475 5153 3705 5217 satis'ex

2129 5239 2231 5279 usu
2244 5223 2640 5296 ecclesiastico;
2661 5239 2726 5278 ex
2746 5239 2856 5292 quo
2875 5224 3164 5296 presbyteri
3184 5225 3422 5280 reddidi.
3445 5227 3590 5282 Bene
3613 5238 3698 5285 est

2126 5293 2273 5368 quod
2342 5293 2942 5368 ΜιιιιὶηιυσυιιειιοιιιίΔ
2989 5293 3386 5368 perfectionem
3451 5299 3697 5368 episcopi

2126 5363 2297 5434 dicit:
2330 5371 2390 5416 ut
2409 5372 2464 5417 et
2487 5363 2632 5433 quod
2665 5372 2879 5434 ungunt
2903 5363 3219 5420 Griecorum
3249 5363 3701 5423 minores—saceiw

2127 5432 2307 5495 dotes,
2364 5449 2476 5503 non
2507 5432 2728 5501 proprii
2753 5432 3026 5503 'ipsorum
3084 5437 3331 5491 muneris
3373 5437 3465 5500 sit,
3501 5437 3597 5492 sed
3627 5455 3697 5497 ex

2129 5501 2488 5575 concessione
2510 5517 2573 5555 ac
2603 5501 2942 5575 indulgentia
2965 5505 3353 5575 episc0porum
3382 5507 3492 5562 illis
3529 5509 3694 5564 attri-

2113 5571 2322 5644 butum
2345 5589 2364 5644 :_
2403 5589 2527 5644 cum
2563 5579 2744 5644 tamen
2767 5571 2891 5644 'per
2913 5571 3267 5630 Occidentem
3319 5576 3440 5644 ejus
3492 5578 3568 5632 rei
3603 5579 3690 5636 in-

2128 5641 2416 5713 dulgendtc
2436 5642 2686 5709 facultas,
2713 5641 2879 5697 unius
2906 5645 2979 5700 sit
2999 5646 3229 5702 Romani
3261 5641 3555 5707 antistitis.
