4128 6210
521 243 618 308 991

1603 242 1615 252 ’
1680 246 1740 306 S.
1783 241 2066 304 ΜΑΧΙΜΙ
2105 240 2612 300 CONFESSORIS

3667 225 3769 286 992

525 352 676 422 scopi
706 351 964 423 denique,
984 354 1076 424 qui
1102 369 1257 408 sacro
1288 362 1567 424 unguento
1586 353 1829 409 scientia:
1857 351 2077 406 adorari.

2195 348 2440 417 δώνυμον
2470 348 2672 416 γνῶσιν
2721 344 3098 416 ἐξαφανίζωνο
3159 339 3464 395 ὲπισκοπιῦ
3507 338 3589 401 δὲ,
3627 337 3655 389 ὁ
3691 332 3767 403 τῷ

525 441 608 497 da:
636 453 944 515 sanctaeque
982 443 1264 499 Trinitatis
1296 444 1524 514 perlicit.

597 615 683 668 22.
710 615 1058 671 lnﬂrmantur
1078 617 1372 680 daemones,
1397 617 1526 672 dum
1550 617 1646 686 qui
1669 616 1722 670 in
1754 616 1916 671 nobis
1959 615 2091 670 all'e-

525 713 648 759 ctus
678 715 885 762 suntac
904 707 1182 773 libidines,
1206 709 1457 763 mandata
1491 709 1800 778 praestando
1830 710 2093 763 minuun-

530 802 649 846 tur:
678 805 914 863 pereunt
942 813 1092 862 vero,
1141 814 1266 853 eum
1301 809 1455 868 parta
1513 800 1681 854 animi
1721 800 2092 870 imperturba-

523 881 693 947 tione,
758 885 852 940 illo
912 888 1287 959 proﬂigantur,
1324 907 1434 944 non
1468 892 1702 960 amplius
1751 891 2095 947 invenientes

519 975 724 1042 quibus
752 977 805 1030 in
834 994 901 1032 eo
935 981 1268 1045 residebant,
1298 998 1362 1036 ac
1392 983 1536 1037 bello
1567 983 1928 1037 lacessebant.
1978 982 2090 1037 Sit-

516 1081 626 1134 que
645 1067 698 1120 id
733 1069 878 1136 quod
913 1070 984 1124 ita
1019 1071 1227 1126 dictum
1253 1082 1366 1128 est:
1391 1073 1833 1143 Inﬁrmabuutur,
1865 1082 1915 1127 et
1944 1075 2088 1144 peri-

517 1155 646 1209 bunt
683 1177 715 1211 a
749 1160 883 1227 facie
911 1170 1001 1215 tua
1031 1161 1097 1216 δ’.

587 1245 678 1300 25.
711 1249 815 1303 Alii
839 1250 1122 1306 hominum
1157 1253 1396 1307 humano
1434 1254 1630 1310 timore
1670 1271 1727 1310 sc
1751 1271 1779 1309 a
1803 1256 1955 1310 vitiis
1986 1256 2087 1310 ab-

514 1335 756 1402 stinent;
789 1340 903 1403 alii,
937 1341 1118 1395 inanis
1150 1343 1356 1413 gloriae;
1379 1345 1494 1409 alii,
1517 1345 1870 1403 continentiae
1899 1361 2084 1413 causa;

515 1426 608 1479 alii
650 1427 886 1499 denique
919 1432 986 1486 iis
1037 1432 1362 1500 liberantur,
1402 1436 1717 1492 divinorum
1747 1437 2086 1507 iudiciorum

517 1527 724 1574 terrore
756 1525 1026 1578 exterriti.

580 1611 670 1665 24.
703 1612 899 1668 Cuncti
924 1617 1138 1672 Domini
1174 1634 1478 1685 sermones,
1509 1630 1750 1690 quatuor
1784 1621 1902 1676 haec
1934 1638 2084 1678 com-

2197 439 2338 510 ἀγίῳ
2376 439 2532 510 μύρῳ
2562 439 2785 492 τελειῶν
2829 439 2930 508 τῆς
2960 434 3214 506 γνώσεως
3253 431 3351 502 τῆς
3383 425 3766 499 πῳσκυνητῆς

2195 529 2290 582 καὶ
2333 529 2495 597 ἁγίας
2522 529 2772 597 Τριάδος.

2263 618 2367 688 κβ¹.
2416 617 2729 672 ’Δσθενοῦσι
2789 615 2886 686 μὲν
2941 614 2992 668 οί
3048 613 3320 682 δαίμονες,
3369 608 3495 661 ὅταν
3529 605 3619 658 διὰ
3659 603 3764 657 τῶν

2192 697 2421 761 ἐντολῶν
2455 709 2717 778 μειῶνται
2747 706 2814 760 τὰ
2848 705 2996 774 πάθη
3035 703 3103 756 τά
3135 703 3192 754 ὲν
3235 703 3386 771 ἡμῖν·
3435 695 3766 752 ἀπόλλυνται

2191 799 2269 865 δὲ,
2297 802 2425 854 ὅταν
2453 803 2532 865 είς
2559 801 2712 864 τέλος
2745 799 2835 853 διὰ
2872 799 2971 868 τῆς
3001 795 3266 856 ἀπαθείας
3310 792 3406 861 τῆς
3443 789 3624 859 ψυχῆς
3677 787 3763 852 ἐξ

2191 894 2584 960 αφανίζωνται,
2621 893 2822 964 μηκέτι
2852 890 3194 960 εὑρίσκοντες
3239 885 3308 938 τὰ
3338 883 3404 937 δι’
3426 875 3501 934 ὧν
3541 884 3598 934 εν
3628 881 3761 948 αὐτῇ

2190 985 2502 1054 εὑρίσκοντο
2553 985 2646 1036 καὶ
2693 983 2988 1052 ἐπολέμουν
3026 981 3227 1048 αὑτήν
3259 976 3354 1030 καὶ
3383 973 3542 1026 τοῦτο
3575 972 3638 1025 ἂν
3680 971 3761 1040 εἴη

2188 1069 2270 1135 τὸ,
2316 1071 2760 1138 Ἀσθενήσουσι,
2789 1071 2881 1125 καὶ
2908 1069 3276 1126 ἀπολοῦνται
3303 1065 3421 1120 ἀπὸ
3441 1062 3762 1132 προσώπου

2189 1176 2327 1216 σου.

2262 1258 2366 1320 κγ’.
2405 1253 2467 1305 Oi
2517 1254 2614 1321 μὲν
2649 1253 2758 1306 τῶν
2786 1252 3088 1324 ἀνθρώπων
3117 1252 3204 1306 διὰ
3229 1243 3392 1320 φῦϐον
3425 1245 3761 1314 ἀνθρώπινον

2187 1342 2296 1395 τῶν
2334 1343 2520 1397 παθῶν
2565 1345 2876 1414 ἀπέχονται·
2914 1346 2963 1398 οἱ
3005 1345 3082 1406 δὲ,
3117 1344 3206 1396 διά
3257 1339 3583 1406 κενοδοξίαν·
3621 1337 3761 1389 ἄλλοι

2187 1434 2265 1495 δὲ,
2285 1433 2352 1486 δι’
2375 1435 2723 1504 ἐγκράτειανο
2751 1436 2930 1508 ἕτεροι
2952 1437 3028 1503 δὲ,
3054 1436 3142 1488 διὰ
3169 1434 3330 1488 θείων
3353 1417 3641 1502 χριμάτων
3660 1427 3760 1480 τῶν

2189 1525 2378 1579 παθῶν
2399 1527 2832 1598 ἐλευθεροῦνται.

2264 1621 2360 1672 κδ’.
2387 1623 2594 1686 Πάντες
2617 1623 2666 1675 οἱ
2699 1621 2964 1691 λόγοιτοῦ
2997 1620 3226 1691 Κυρίου,
3257 1619 3326 1672 τά
3359 1617 3604 1685 τέσσαρα
3633 1609 3755 1665 ταῦ-

513 1703 864 1772 plcctuntur;
895 1708 1106 1764 scilicet
1155 1712 1432 1776 mandata,
1459 1689 1678 1768 decreta
1695 1728 1788 1768 seu
1807 1715 2077 1784 dogmata,

2186 1728 2253 1764 τα
2293 1714 2626 1784 περιέχουσι’
2664 1689 3041 1778 τάςνὲντολάς,
3075 1689 3144 1766 τὰ
3175 1713 3445 1780 δόγματα,
3480 1708 3577 1769 τὰς
3609 1707 3753 1758 ἀπει-

514 1797 710 1862 minas,
747 1801 1013 1868 promissa
1049 1820 1061 1854 :
1098 1819 1427 1873 omnemque
1459 1804 1700 1860 durioris
1725 1807 1860 1883 yiue
1917 1806 2085 1860 disci-

513 1889 718 1956 plinam
779 1892 1117 1948 sustinemus
1153 1895 1371 1949 illorum
1426 1911 1624 1962 causa;
1673 1905 1802 1967 puta
1853 1899 2080 1968 jejunis,

510 1979 745 2049 vigilias,
787 1983 1171 2049 humisternia,
1231 1987 1449 2041 labores
1489 1997 1545 2042 et
1608 1989 1887 2043 molestias
1939 1991 2083 2044 inter

516 2069 964 2139 ministrandum,
1004 2075 1327 2145 injuriarnm
1362 2079 1774 2147 procacitatem,
1809 2079 2081 2145 infamias,

511 2167 807 2225 tormenta,
847 2173 1072 2227 mortes,
1129 2173 1293 2234 atque
1341 2167 1427 2219 his
1454 2167 1671 2221 similia.
1700 2168 1790 2222 Ait
1819 2169 2030 2224 etenim
2065 2186 2080 2224 :

510 2249 735 2320 PrOpter
759 2254 915 2308 verba
967 2253 1230 2310 labiorum
1271 2265 1484 2311 tuorum
1537 2275 1628 2329 ego
1677 2261 1930 2314 custodivi
1971 2267 2083 2316 vias

507 2342 671 2397 duras
701 2344 768 2398 ⁸³.

577 2436 666 2490 25.
693 2435 1062 2494 Continentiae
1091 2453 1325 2505 merces,
1352 2443 1632 2513 tranquilli
1664 2445 1832 2499 animi
1860 2445 2083 2502 habitus

507 2541 571 2581 ac
610 2527 1032 2598 imperturbatio
1081 2543 1208 2587 est:
1265 2532 1394 2587 lidei
1437 2543 1642 2599 autem,
1699 2536 1948 2591 scientia.
2003 2538 2082 2594 Ac

505 2618 728 2688 quidem
763 2621 1203 2692 imperturbatio,
1219 2625 1641 2694 discretionem;
1663 2629 1897 2684 scientia
1927 2645 2078 2697 vero,

505 2711 832 2768 charitatem
872 2716 929 2770 in
962 2716 1136 2772 Deum
1173 2719 1340 2787 parit.

571 2803 660 2857 26.
699 2803 851 2860 Mens
885 2806 990 2861 rite
1029 2809 1246 2864 actione
1273 2809 1597 2881 defungens,
1632 2811 1700 2866 ad
1728 2813 2079 2882 prudentiam

504 2895 761 2964 proﬁcit;
802 2897 1035 2968 fungens
1069 2915 1200 2954 vero
1264 2903 1755 2971 contemplatione,
1786 2907 1855 2962 ad
1899 2909 2081 2963 scien-

503 2988 657 3041 tiam.
691 2988 770 3043 Ac
799 2989 1003 3058 prioris
1025 2990 1277 3059 quidem.
1305 2992 1479 3044 munii
1507 3001 1614 3057 est,
1648 3005 1710 3051 ut
1753 2997 1822 3052 ad
1854 2999 2078 3056 virtutis

500 3089 664 3150 atque
687 3080 805 3134 vitii
835 3081 1246 3148 discretionem,
1275 3091 1576 3140 certantem
1605 3087 1880 3156 adducat;
1939 3093 2077 3147 alte-

503 3171 620 3226 rius
653 3188 807 3237 vero,
837 3181 897 3226 ut
933 3188 1060 3227 cum
1099 3175 1190 3243 qui
1233 3175 1382 3230 illius
1403 3177 1680 3248 particeps
1703 3181 1792 3244 sit,
1814 3182 1882 3235 ad
1910 3183 2076 3252 spiri-

499 3277 656 3321 tuum
683 3282 1088 3336 corporumque
1118 3265 1280 3337 413
1304 3269 1547 3324 rationes
1575 3273 1862 3340 provehat.
1891 3274 2077 3330 Gratia

501 3368 689 3414 autem
740 3358 1057 3428 theologica
1085 3367 1217 3417 tunc
1249 3359 1472 3414 demum
1511 3361 1792 3432 dignatur,
1829 3381 1952 3420 cum
1990 3368 2079 3422 his

499 3469 621 3522 quae
669 3452 817 3506 dicta
855 3459 1002 3515 sunt,
1063 3451 1322 3505 omnibus
1387 3454 1680 3522 superatis,
1715 3467 1982 3528 nactaque
2017 3470 2078 3515 ut

499 3545 574 3600 sit
603 3544 656 3598 in
690 3545 823 3604 Deo,
853 3559 975 3612 qua:
1013 3545 1160 3600 circa
1194 3546 1367 3601 Deum
1398 3558 1502 3612 est,
1535 3549 1826 3614 rationem,
1875 3566 1974 3620 pro
2007 3567 2076 3607 eo

496 3653 564 3693 ac
598 3636 851 3690 humanae
885 3636 1054 3689 menti
1079 3651 1401 3692 concessum
1420 3646 1525 3702 est,
1551 3655 1649 3708 per
1673 3641 1927 3710 spiritum
1951 3658 2076 3698 con-

495 3731 780 3788 sidcrahit.

563 3823 654 3878 27.
679 3823 886 3878 Divinte
920 3823 1195 3888 scientia,
1221 3823 1443 3892 Deoque
1478 3838 1703 3893 operam
1736 3835 2070 3892 navaturus,

495 3931 566 3972 ne
606 3915 752 3985 ipsas
791 3915 912 3986 ejus
951 3912 1198 3969 rationes
1233 3913 1495 3984 exquiras
1539 3913 1741 3986 (neque
1779 3916 1927 3970 enim
1964 3917 2073 3972 ulla

497 4023 738 4078 unquam
790 4007 1031 4063 humana
1078 4015 1264 4062 mente
1312 4015 1442 4061 sunt
1487 4007 1966 4077 pervestigaliiles;
2017 4017 2074 4062 at

496 4119 675 4173 neque
717 4103 884 4157 ullius
927 4102 1176 4167 alterius,
1207 4117 1424 4168 eorum,
1451 4116 1572 4171 qua:
1609 4117 1640 4155 a
1683 4103 1795 4157 Deo
1830 4103 2070 4158 secunda

495 4194 644 4267 sunt)
682 4194 777 4249 sed
809 4210 1002 4248 eorum
1037 4209 1157 4264 quae
1189 4193 1336 4248 circa
1369 4200 1527 4256 sunt,
1555 4192 1734 4262 quoad
1770 4209 1869 4262 per
1897 4193 2070 4248 facul-

494 4295 662 4341 tatem
695 4285 944 4349 licuerit,
969 4285 1208 4355 dispice;
1242 4293 1374 4354 puta
1403 4284 1756 4349 aeternitatis,
1786 4283 2070 4340 inﬁnitatis

2185 1801 2304 1864 λᾶς.
2333 1802 2428 1865 τὰς
2467 1805 2818 1873 ἐπαγγελίας
2855 1805 2948 1857 καὶ
2997 1804 3175 1856 πᾶσαν
3223 1797 3646 1871 σκληραγωγίαν
3673 1794 3751 1846 διὰ

2183 1891 2357 1944 ταῦτα
2381 1893 2744 1966 ὑπομένομενο
2775 1889 2908 1958 οἷον,
2943 1893 3219 1963 νηστείας,
3252 1889 3580 1963 ἀγρυπνίας.
3613 1903 3749 1958 χαμ-

2186 1985 2391 2049 ευνίας,
2457 1987 2660 2050 κόπους
2703 1989 2798 2040 καὶ
2831 1985 3062 2056 μόχθους
3100 1987 3156 2038 ὲν
3182 1983 3509 2046 διακονίαις,
3549 1979 3746 2048 ὕϐρεις,

2185 2075 2430 2145 ἀτιμίας,
2467 2078 2848 2150 στρεϐλώσεις,
2882 2079 3172 2141 θανάτους,
3204 2078 3299 2130 καὶ
3330 2075 3400 2128 τά
3442 2074 3620 2144 ὃμοια.
3659 2070 3750 2122 Διά

2185 2168 2293 2238 γὰρ
2331 2169 2471 2234 τοὺς
2522 2171 2744 2238 λόγους
2793 2170 2908 2223 τῶν
2939 2169 3157 2240 χειλῶν
3205 2184 3357 2233 σου,
3406 2167 3572 2236 φησιν
3599 2205 3612 2227 ,
3645 2162 3749 2231 ἐγὼ

2183 2260 2457 2328 ἐφύλαξα
2496 2261 2675 2329 ὀδοὺς
2723 2261 3020 2330 σκληράς.

2253 2446 2354 2495 κε’.
2391 2442 2599 2506 Μισθὸς
2648 2445 2750 2514 τῆς
2774 2442 3101 2512 ἐγκρατείας
3127 2483 3140 2503 ,
3193 2443 3226 2512 ἡ
3281 2439 3544 2493 ἀπάθεια’
3577 2436 3670 2506 τῆς
3697 2434 3747 2487 δὲ

2183 2529 2438 2593 πίστεως,
2469 2532 2503 2601 ἡ
2547 2529 2769 2599 γνῶσις·
2799 2534 2890 2585 καὶ
2923 2535 2956 2602 ἡ
2997 2533 3097 2603 μὲν
3139 2530 3399 2592 ἀπάθεια,
3453 2529 3620 2581 τίκτει
3656 2525 3747 2595 τὴν

2180 2619 2470 2689 διάκρισιψ
2503 2623 2535 2691 ἡ
2568 2622 2624 2674 δὲ
2661 2621 2883 2690 γνῶσις,
2929 2623 3029 2694 τὴν
3077 2625 3156 2687 είς
3187 2621 3318 2676 Θεὸν
3369 2620 3591 2689 ἀγάπην
3639 2615 3743 2689 [Fr.

2180 2708 2278 2778 τὴν
2309 2707 2456 2762 θείαν
2481 2709 2750 2783 ἀγάπην].

2252 2800 2364 2865 κε’.
2394 2801 2712 2874 Πρακτικὴν
2769 2802 2866 2873 μὲν
2911 2805 2940 2857 ὁ
2983 2803 3109 2866 νοῦς
3141 2800 3452 2874 κατορθῶν,
3505 2801 3581 2863 εἰς
3616 2797 3742 2868 Wa

2180 2908 2336 2961 νησιν
2365 2893 2698 2963 προκόπτειο
2735 2893 3076 2966 θεωρητικὴν
3125 2893 3205 2955 δὲ,
3263 2894 3342 2956 είς
3389 2891 3609 2962 γνῶσιν.
3639 2888 3741 2956 Τῆς

2185 2983 2283 3053 μὲν
2307 2985 2415 3055 γάρ
2457 2986 2625 3049 ἐστιν,
2677 2986 2756 3048 είς
2783 2986 3054 3057 διάκρισιν
3081 2985 3281 3056 ἀρετῆς
3311 2985 3408 3037 καὶ
3435 2983 3625 3044 κακίας
3655 2981 3742 3048 φέ-

2184 3093 2298 3148 ρειν
2323 3076 2412 3129 τὸν
2439 3075 2870 3146 ἀγωνιζόμενον
2919 3079 3018 3148 τῆς
3048 3078 3124 3144 δὲ,
3175 3079 3254 3141 είς
3281 3077 3412 3138 τοὺς
3454 3073 3577 3144 περὶ
3605 3074 3740 3126 ἀσω-

2183 3168 2370 3236 μάτων
2398 3169 2492 3222 καὶ
2523 3170 2791 3240 σωμάτων
2823 3170 3012 3239 λόγους
3048 3171 3202 3238 ἄγειν
3229 3169 3323 3223 τὸν
3355 3168 3601 3239 μέτοχον.
3637 3164 3738 3234 Τῆς

2178 3260 2234 3313 δὲ
2278 3260 2597 3332 θεολογικῆς
2644 3263 2888 3334 χάριτος,
2940 3261 3302 3334 τοτηνικαῦτα
3357 3257 3734 3324 καταξιοῦται,

2179 3352 2411 3421 ὁπηνίκα
2445 3353 2511 3405 τὰ
2539 3353 2913 3424 προειρημένα
2942 3354 3116 3406 πάντα
3145 3353 3232 3406 διὰ
3261 3353 3368 3406 τῶν
3403 3353 3503 3421 τῆς
3532 3351 3736 3419 ἀγάπης

2180 3444 2394 3514 πτερῶν
2422 3435 2778 3514 διαπεράσας,
2809 3445 2902 3498 καὶ
2934 3446 2990 3497 ἐν
3012 3443 3130 3514 Θεῷ
3159 3445 3471 3514 γενόμενος,
3501 3426 3734 3510 τὸνπερὶ

2178 3533 2344 3588 αὑτοῦ
2382 3534 2540 3602 λόγον
2571 3535 2660 3586 διά
2693 3534 2786 3588 τοῦ
2827 3535 3159 3605 πνεύματος,
3199 3534 3275 3598 ὡς
3305 3535 3624 3606 ἀνθρωπίνῳ
3663 3529 3731 3600 νῷ

2175 3626 2421 3693 δυνατὸν,
2451 3627 2830 3697 διασκοπήσει.

2249 3809 2349 3874 κζ’.
2380 3812 2397 3832 ⁶
2431 3809 2716 3879 Θεολογεῖν
2749 3809 2979 3881 μέλλων,
3027 3811 3101 3880 μὴ
3140 3809 3266 3872 τοὺς
3299 3809 3420 3862 κατ’
3461 3807 3614 3861 αὐτὸν
3644 3804 3731 3876 ζη-

2175 3901 2346 3975 τήσῃς
2382 3902 2574 3970 λόγους
2637 3904 2741 3975 (οὐ-
2767 3904 2842 3973 μὴ
2890 3902 3000 3972 γὰρ
3034 3901 3168 3973 εὕρῃ
3202 3901 3537 3971 ἀνθρώπινος
3571 3898 3686 3960 νοῦς
3713 3911 3726 3926 ⁸

2174 3996 2291 4050 ἀλλ’
2331 3996 2451 4049 οὐδὲ
2503 3996 2662 4051 ἄλλου
2711 3999 2854 4061 τινὸς
2901 3996 3010 4050 τῶν
3055 3995 3197 4066 μετά
3231 3994 3404 4066 Θεὸν),
3452 3991 3581 4046 ἀλλά
3610 3990 3728 4052 τοὺς

2175 4090 2302 4160 ’περὶ
2332 4090 2493 4143 αὑτὸν
2513 4131 2528 4156 ο
2565 4091 2640 4152 ὡς
2671 4084 2784 4142 οἷόν
2806 4107 2867 4143 τε
2893 4133 2907 4156 ,
2938 4089 3241 4143 διασκόπει.
3269 4081 3390 4140 Οἷον
3431 4085 3550 4146 τοὺς
3604 4080 3725 4149 περὶ

2173 4181 2471 4252 ἀῖδιότητος
2493 4223 2507 4244 ,
2540 4181 2797 4252 ἀπειρίας
2830 4199 2888 4234 τε
2924 4183 3017 4235 καὶ
3053 4179 3333 4250 ἀοριστίας
3356 4219 3370 4243 ,
3404 4172 3724 4244 ἀγαθὸτητός

2172 4291 2232 4326 τε
2261 4274 2356 4327 καὶ
2387 4273 2580 4342 σοφίας
2626 4274 2720 4326 καὶ
2753 4272 3068 4342 δυνάμεως,
3103 4268 3497 4341 δημιουργικῆς
3536 4283 3592 4318 τε
3637 4265 3725 4317 καὶ

493 4393 558 4434 ac
621 4353 1075 4440 immensitatis;
1111 4353 1485 4446 bonitatisque
1547 4385 1604 4431 et
1670 4375 1952 4445 sapientia:
2012 4384 2068 4430 et

2182 4363 2555 4434 προνοητικῆς,
2593 4361 2683 4414 καὶ
2711 4361 2965 4431 κριτικῆς
2989 4360 3099 4443 τῶν
3133 4359 3321 4412 ὄντων.
3355 4353 3515 4418 Οὗτος
3546 4353 3648 4423 γὰρ
3672 4353 3725 4403 ὲν

494 4469 775 4538 potentiae,
803 4469 1007 4537 quibus
1033 4483 1126 4522 res
1152 4468 1422 4534 condidit,
1454 4468 1670 4539 illisque
1703 4469 1974 4538 providet,
2006 4485 2071 4524 ac

487 4557 696 4630 judicio
751 4558 908 4628 regit.
964 4557 1064 4612 Hic
1123 4559 1272 4613 enim
1333 4558 1480 4612 inter
1530 4559 1790 4614 mortales
1843 4573 2070 4628 magnus

494 4649 779 4721 theologus
811 4657 914 4716 est,
936 4650 1031 4719 qui
1069 4651 1265 4704 horum
1301 4649 1544 4704 rationes
1577 4649 1844 4718 tantisper
1873 4647 2066 4702 saltem

489 4741 792 4802 adiuvenit.

557 4832 646 4888 28.
673 4833 766 4888 Ille
791 4832 876 4886 vir
902 4841 1098 4902 potens
1127 4841 1232 4897 est,
1263 4833 1356 4902 qui
1392 4831 1682 4887 scientiam
1709 4831 1911 4886 actioni
1929 4847 2064 4886 con-

483 4924 685 4996 iunxit.
726 4924 859 4978 Nam
906 4925 1078 4979 altera
1122 4925 1378 4995 quidem,
1425 4923 1781 4993 cupiditatem
1830 4931 2067 4979 macerat

486 5017 736 5086 iramque
764 5017 946 5083 sedat;
975 5019 1146 5071 altera
1169 5033 1322 5083 vero,
1346 5025 1529 5071 mente
1554 5013 1805 5071 sublimis
1824 5016 1989 5081 volat,
2013 5027 2068 5072 et

485 5111 540 5168 in
570 5105 741 5163 Deum
772 5110 1013 5164 excedit.

554 5203 645 5256 ‘29.
691 5201 828 5257 Cum
876 5203 1011 5258 dicit
1059 5201 1325 5257 Dominus
1373 5219 1386 5256 :
1443 5201 1554 5272 Ego
1602 5211 1650 5256 et
1697 5201 1860 5256 Pater
1900 5219 2065 5257 unum

482 5283 665 5352 smnus
691 5295 756 5360 ”,
791 5297 1040 5350 eamdem
1086 5311 1209 5351 esse
1259 5295 1551 5350 essentiam
1601 5293 1891 5365 signiﬁcat.
1927 5294 2063 5350 Cum

484 5403 618 5443 vero
648 5388 849 5443 iterum
881 5389 992 5445 ait:
1026 5389 1139 5461 Ego
1172 5390 1227 5443 in
1255 5389 1438 5455 Patre,
1464 5397 1514 5442 et
1541 5387 1705 5442 Pater
1732 5387 1784 5440 in
1804 5405 1884 5442 me
1900 5396 1973 5442 est
1995 5387 2061 5453 “,

2172 4454 2480 4526 ἀνθρώποις
2514 4455 2688 4526 μέγας
2725 4452 3009 4521 θεολόγος,
3062 4453 3090 4506 δ
3123 4451 3329 4505 τούτων
3375 4448 3500 4511 τοὺς
3547 4444 3724 4507 λόγους

2171 4548 2273 4604 κᾶν
2303 4547 2485 4612 ποσῶς
2519 4547 2870 4618 ἐξευρίσκων.

2238 4841 2343 4904 κη’.
2377 4831 2614 4894 Δυνατὸς
2641 4830 2802 4902 ἀνὴρ,
2827 4831 2856 4882 ὁ
2885 4832 2950 4900 τῇ
2982 4828 3178 4900 πράξει
3209 4825 3308 4896 τὴν
3328 4823 3525 4893 γνῶσιν
3549 4814 3716 4882 συξεὺο

2169 4926 2281 4990 Eae.
2318 4927 2397 4996 Τῇ
2438 4924 2535 4995 μὲν
2564 4922 2674 4994 γὰρ
2699 4963 2714 4988 ,
2761 4921 2858 4992 τὴν
2893 4919 3188 4988 ἐπιθυμίαν
3224 4915 3476 4988 μαραίνει
3513 4911 3600 4964 καὶ
3639 4907 3714 4959 τὸν

2167 5020 2338 5090 θυμὸν
2383 5018 2584 5090 ἡμεροῖ
2605 5032 2618 5046 ·
2677 5017 2744 5086 τῇ
2800 5015 2892 5079 δὲ,
2945 5014 3036 5066 τὸν
3064 5013 3188 5066 νοῦν
3219 5011 3409 5080 πτεροί
3437 5047 3451 5071 ,
3481 5004 3569 5058 καὶ
3595 5001 3710 5068 πρὸς

2167 5111 2298 5164 Θεὸν
2324 5107 2453 5178 ὲκδη
2463 5109 2572 5178 μεῖ.

2238 5205 2340 5256 κθ’.
2381 5203 2549 5254 Ὅταν
2570 5199 2705 5271 λέγῃ
2751 5197 2983 5267 Κύριος’
3022 5196 3183 5264 Ἐγὼν
3235 5195 3331 5250 καί
3362 5197 3396 5249 δ
3422 5189 3626 5255 Πατὴρ*
3649 5189 3704 5271 Et

2175 5295 2364 5359 ἐσμεν
2393 5332 2407 5354 ,
2459 5291 2523 5344 τὸ
2562 5269 2759 5342 ταυτὸν
2804 5289 2903 5358 τῆς
2949 5288 3138 5345 οὐσίας
3182 5287 3455 5357 σημαίνει.
3485 5283 3631 5332 Ὅταν
3655 5269 3700 5321 δὲ

2170 5382 2332 5438 πάλιν
2363 5379 2531 5450 λέγῃ·
2577 5379 2722 5450 Ἐγὼ
2750 5378 2819 5431 ἐν
2849 5375 2926 5443 τῷ
2973 5376 3176 5444 nam,
3209 5375 3308 5429 και
3359 5376 3392 5428 δ
3435 5365 3613 5431 Πατὴρ
3641 5359 3698 5410 έν

517 5526 560 5566 ⁴¹
590 5528 730 5584 Psal.
772 5545 848 5596 Ix,
880 5532 934 5587 4.
1013 5529 1057 5560 ⁸⁸
1101 5529 1244 5585 Psal.
1281 5545 1390 5589 xvt.
1420 5529 1506 5584 Μ.
1584 5530 1626 5561 ⁸³
1655 5529 1810 5585 Joan.
1849 5546 1901 5595 χ,
1934 5528 2021 5584 50.

2185 5523 2319 5579 ibid.
2354 5521 2443 5576 58.

564 5671 576 5690 ’
610 5666 833 5722 Eadem.
870 5667 983 5722 fere
1015 5676 1158 5722 cent.
1193 5683 1228 5730 t,
1266 5684 1313 5721 ρ.
1347 5667 1444 5720 ult.
