4128 6210
1011 245 1040 284 1

492 316 595 386 993

1403 314 1737 379 CAPITUM
1778 317 1876 379 DE
1915 319 2343 380 CHARITATE
2379 319 2768 382 CENTURIA
2808 323 2891 382 II.

3634 323 3744 385 9M

492 425 623 494 ἐμοὶ
645 464 660 489 ,
689 424 750 477 τὸ
788 422 1092 495 ἀχώριστον
1137 423 1288 494 δηλοῖ
1323 423 1429 478 τῶν
1459 425 1830 481 ὑπο-στάσεων.
1883 428 1944 481 Oi
1978 421 2068 480 οῦν

2182 426 2464 506 indivisam
2515 443 2874 496 personarum
2920 427 3362 499 conjunctionem
3407 429 3744 486 manifestat.

505 513 777 588 Γριθεῖται
817 515 1142 585 χωρίζοντες
1177 515 1269 568 τοῦ
1302 515 1514 586 [ἰατρὸς
1544 515 1636 568 τὸν
1671 517 1827 582 Υἱὸν,
1858 519 1937 579 είς
1965 517 2072 587 άμ-

496 610 805 678 φίκρημνον
836 607 1225 678 ἐμπίπτουσιν.
1263 607 1334 661 Ἦ
1376 607 1484 676 γὰρ
1524 609 1795 662 συναΐδιον
1824 608 2073 677 λέγοντες

495 700 571 772 τῷ
618 699 794 772 Πατρὶ
825 699 918 754 τ’ὸν
951 700 1079 753 Υἰδν
1104 741 1119 766 ,
1153 700 1476 770 χωρίζοντες
1509 699 1566 752 δὲ
1607 701 1771 754 αὑτὸν
1801 700 1860 768 ἐξ
1887 701 2072 766 αὑτοῦ,

495 796 903 863 ἀναγκάζονται
947 795 1127 864 λέγειν
1161 795 1238 866 μὴ
1268 795 1327 860 ἐξ
1357 794 1522 848 αὑτοῦ
1558 795 1934 866 γεγεννῆσθαι,
1981 795 2074 850 καῒ

497 890 758 958 ἐμπεσεῖν
789 890 867 950 είς
894 889 955 940 τὸ
983 889 1130 958 τρεῖς
1152 887 1332 955 λέγειν
1355 887 1544 952 Θεοὺς,
1575 887 1669 940 καὶ
1701 891 1850 958 τρεῖς
1874 889 2070 959 ἀρχάς·

499 980 531 1051 ἢ
572 980 632 1045 ἐξ
677 979 842 1034 αὑτοῦ
891 979 1244 1050 γεγεννῆσθαι
1291 979 1540 1049 λέγοντες
1570 1020 1584 1044 ,
1624 980 1947 1051 χωρίζοντες
1997 981 2072 1048 δὲ,

499 1071 904 1141 ἀναγκάζονται
937 1072 1118 1138 λέγειν
1163 1071 1237 1142 μὴ
1271 1073 1535 1125 συναῖδιον
1581 1069 1720 1126 εἶναι
1765 1072 1843 1142 τῷ
1880 1074 2072 1144 Πατρὶ,

499 1165 594 1218 καὶ
621 1165 845 1235 ποιῆσαι
893 1163 999 1218 ὑπὸ
1043 1165 1232 1235 χρόνον
1277 1164 1370 1218 τὸν
1412 1164 1521 1217 τῶν
1549 1165 1755 1236 χρόνων
1785 1165 2072 1235 δεσπότην.

500 1259 620 1328 Χρὴ
661 1252 770 1328 γὰρ
819 1257 916 1311 καὶ
961 1257 1052 1310 τὸν
1102 1256 1198 1311 ἕνα
1239 1256 1370 1309 Θεὸν
1416 1259 1640 1328 τηρεῖν,
1679 1257 1773 1310 κα)⁸
1804 1246 2076 1330 τάςτρεῖς

502 1351 830 1412 ὑποστάσεις
857 1349 1173 1420 ὁμολογεῖν,
1219 1350 1362 1403 κατά
1395 1350 1486 1402 τὸν
1529 1350 1703 1420 μέγαν
1737 1350 2037 1421 Γρηγόριον
2059 1368 2071 1381 ·

503 1442 597 1494 καὶ⁹
617 1441 856 1511 ἑκάστην
888 1443 1028 1511 μετά
1053 1440 1148 1510 τῆς
1181 1441 1462 1509 ἰδιότητος.
1521 1441 1630 1495 Καὶ
1661 1441 1766 1513 γάρ
1800 1461 1817 1493 ι
1855 1442 2078 1512 διαιρεῖ-

501 1553 593 1588 ται
637 1554 654 1586 ι
693 1535 829 1605 μὲν,
863 1532 976 1588 ἀλλ’
1007 1552 1026 1585 ι
1069 1532 1427 1605 ἀδιαιρέτως,
1465 1533 1606 1587 κατά
1653 1534 1744 1586 τὸν
1787 1533 1948 1586 αὑτὸν
1983 1533 2077 1586 καὶ

507 1625 833 1678 συνάπτεται
869 1625 991 1696 μὲν,
1044 1624 1394 1695 διῃρημένως
1426 1623 1508 1690 δέ,
1533 1643 1549 1674 ι
1612 1625 1722 1678 Καὶ
1765 1623 1852 1677 διὰ
1897 1624 2072 1690 τοῦτο,

504 1714 812 1787 παράδαεος
871 1715 962 1768 κα)⁸
1008 1715 1042 1786 ἡ
1101 1715 1362 1786 διαίρεσις
1425 1716 1518 1768 καὶ
1567 1715 1598 1786 ἡ
1657 1713 1866 1778 ἓνωσις.
1923 1715 2073 1767 Ἐπεὶ

502 1769 558 1861 τί
585 1769 706 1878 ,ἔχει
734 1769 810 1861 τὸ.
827 1769 1132 1879 παράδάξον
1159 1769 1248 1880 (si,
1297 1769 1358 1860 εί⁷
1381 1807 1456 1870 ὡς
1490 1769 1774 1876 άνθιρωπος
1806 1769 2076 1878 ἀνθρώπῳ
2109 1769 2151 1824 Β

502 1899 707 1969 ἥνωταί
759 1916 820 1952 τε
875 1899 968 1953 καὶ
1000 1897 1373 1972 κεχώρισται,
1419 1897 1562 1952 οὑτω
1606 1897 1700 1952 καὶ
1743 1898 1772 1950 ὁ
1828 1899 1953 1964 Υἱὸς
1999 1897 2077 1968 τῷ

502 1990 698 2062 Πατρὶ,
729 1991 821 2045 καὶ
847 1991 998 2045 οὐδὲν
1023 1990 1182 2044 πλέον
1207 2008 1220 2056 ;

571 2083 636 2136 λ’.
687 2083 747 2136 '0
776 2082 980 2146 τέλειος
1011 2084 1067 2135 ὲν
1096 2082 1286 2153 ἀγάπῃ
1311 2121 1326 2147 ,
1359 2082 1452 2136 καὶ
1483 2083 1562 2146 εἰς
1609 2082 1777 2152 ἀκρον
1804 2081 2078 2146 ἀπαθείας

502 2175 691 2240 ἐλθὼν,
725 2175 825 2228 οὑκ
857 2173 1146 2228 ἐπίσταται
1185 2173 1448 2246 διαφοράν
1482 2173 1613 2226 ἰδίου
1646 2174 1740 2228 καὶ
1771 2175 2075 2246 ἀλλοτρίου,

499 2267 534 2337 ἢ
583 2266 720 2329 ἰδίας
760 2265 854 2318 καὶ
888 2265 1217 2336 ἀλλοτρίας,
1275 2265 1308 2335 ἢ
1365 2263 1560 2318 πιστοῦ
1601 2265 1695 2318 καὶ
1740 2265 1999 2328 ἀπίστου,
2043 2265 2076 2336 ἢ

501 2361 692 2414 δούλου
732 2361 825 2414 καὶ
863 2360 1171 2432 ἐλευθέρου,
1204 2359 1236 2430 ἢ
1270 2359 1407 2422 ὅλως
1435 2360 1664 2432 ἄρσενος
1699 2362 1792 2414 καὶ
1821 2360 2036 2430 θηλείας
2061 2377 2075 2390 ο

503 2451 618 2504 ἀλλ’
634 2449 906 2520 ἀνώτερος
931 2451 1031 2520 τῆς
1065 2450 1172 2504 τῶν
1197 2449 1390 2504 παθῶν
1419 2451 1734 2519 τυραννίδος
1766 2452 2076 2520 γενόμενος,

505 2541 602 2594 καὶ
645 2542 724 2604 είς
750 2540 848 2612 τὴν
892 2541 1022 2610 μίαν
1069 2541 1232 2609 φύσιν
1275 2539 1388 2592 τῶν
1427 2539 1734 2610 ἀνθρώπων
1777 2539 2081 2593 ἀποϐλεπό-

510 2648 689 2702 μενος,
716 2631 925 2694 πάντας
948 2630 1006 2696 ὲξ
1034 2629 1148 2684 ῐσου
1179 2630 1393 2701 θεωρεῖ,
1421 2632 1515 2683 καὶ
1547 2631 1684 2701 πρὸς
1711 2631 1916 2693 πάντας
1953 2631 2082 2693 ἴσως

507 2721 795 2776 διάκειται.
829 2722 943 2774 Οὑκ
975 2719 1226 2790 ἔστιγὰρ
1271 2723 1328 2774 ὲν
1362 2719 1512 2791 αὑτῷ
1553 2721 1756 2792 Ἕλλην
1803 2723 1898 2774 καὶ
1948 2723 2080 2774 Ἰουο

505 2817 672 2879 δαῖος,
709 2814 832 2868 οὑδὲ
864 2813 1032 2885 ἄρσεν
1061 2813 1154 2866 καὶ
1195 2813 1352 2878 θῆλυ,
1405 2813 1524 2866 οὑδὲ
1568 2813 1754 2876 δοῦλος
1803 2813 1896 2868 καὶ
1927 2812 2081 2866 ὲλεὺ-

511 2907 666 2978 θερος
695 2920 709 2935 °
743 2904 879 2958 ἀλλά
904 2904 973 2958 τά
1007 2905 1185 2958 πάντα
1224 2903 1316 2958 καὶ
1351 2905 1410 2956 ὲν
1446 2906 1578 2957 πᾶσι
1610 2905 1869 2975 Χριστός.

580 2996 681 3049 λα’.
743 2994 841 3046 Ἐκ
885 2993 993 3046 τῶν
1035 2993 1416 3063 ὑποκειμένων
1462 2994 1520 3046 ὲν
1565 2995 1630 3069 τῇ
1677 2993 1823 3064 ψυχῇ
1869 2994 2080 3056 παθῶν,

2175 519 2363 588 Itaque
2405 520 2727 584 Tritbeitaa,
2775 521 2866 590 qui
2921 521 3118 574 Filium
3167 535 3198 575 a
3242 519 3400 574 Patre
3451 533 3744 590 separant,

2176 611 2435 681 utrinque
2483 613 2536 665 in
2589 613 2953 682 praecipitium
3003 612 3225 667 cadunt.
3270 611 3380 665 Aut
3423 613 3569 667 enim
3615 615 3744 667 dum

2175 703 2374 756 Filium
2420 703 2569 757 Patri
2609 715 2939 759 coaeternum
2987 705 3206 768 docent,
3239 718 3303 758 ac
3343 713 3529 786 tamen}
3571 707 3638 760 ab
3679 723 3746 761 eo

2175 795 2505 866 sejungunt,
2553 812 2777 850 necesse
2823 796 3029 850 habent
3075 804 3133 849 ut
3180 811 3246 848 ex
3289 810 3355 849 eo
3396 806 3582 850 natum
3625 814 3745 853 esse

2176 895 2397 956 negent.
2425 903 2600 956 coque
2633 887 2887 951 evadant,
2917 896 2976 940 ut
3007 897 3120 940 tres
3147 887 3287 940 Deos
3313 902 3376 940 ac
3407 887 3508 941 tria
3539 888 3746 958 princi-

2176 979 2264 1050 pia
2309 979 2522 1044 dicant;
2574 987 2670 1033 aut
2711 995 2834 1032 cum
2883 995 2948 1034 ex
2998 980 3090 1033 illo
3136 988 3324 1034 natum
3370 987 3639 1045 statuant,
3684 998 3748 1035 ac

2179 1077 2360 1123 tamen
2409 1070 2717 1140 sejungant,
2749 1085 2972 1124 necesse
3018 1081 3102 1125 est
3143 1078 3203 1125 ut
3247 1072 3432 1127 dicant
3474 1089 3580 1127 non
3625 1090 3747 1126 esse

2177 1168 2511 1214 comtcrnum
2546 1161 2714 1236 Patri,
2743 1162 3084 1231 temporiun
3127 1171 3432 1233 temporum
3469 1174 3746 1218 auctorem

2177 1253 2491 1324 subjiciam.
2528 1253 2764 1308 Necesse
2810 1254 2958 1308 enim
3005 1264 3122 1317 est,
3160 1264 3219 1309 ut
3261 1265 3318 1309 et
3361 1272 3530 1309 unum
3576 1258 3747 1311 Deum

2177 1353 2484 1411 teneamus,
2513 1354 2568 1400 et
2600 1355 2710 1400 tres
2744 1361 3027 1414 personas,
3055 1354 3116 1399 ut
3142 1347 3322 1416 magni
3347 1344 3599 1418 Gregorii
3628 1363 3753 1402 sen-

2178 1439 2350 1492 tentia
2393 1440 2540 1503 est",
2577 1437 2962 1502 confiteantur,
3001 1454 3443 1508 unamquamque
3485 1456 3607 1493 cum
3653 1457 3750 1495 sua

2177 1530 2532 1600 proprietate.
2575 1549 2594 1580 ι
2634 1529 2966 1584 Dividuntur
3007 1549 3025 1581 ι
3071 1531 3248 1594 enim,
3284 1538 3343 1584 ut
3379 1531 3520 1585 idem
3559 1533 3750 1593 sentit,

2177 1620 2274 1675 sed
2320 1639 2338 1671 ι
2387 1619 2650 1685 indivise;
2692 1629 2748 1674 et
2786 1629 3209 1681 connectuntur,
3242 1620 3338 1675 sed
3379 1621 3647 1687 discreto;
3694 1631 3754 1674 ut

2177 1721 2233 1768 et
2267 1712 2530 1767 discretio
2563 1728 2705 1766 nova
2741 1713 2831 1777 sit,
2863 1721 2918 1766 ct
2949 1713 3099 1766 unio.
3133 1731 3151 1763 ι
3191 1712 3588 1782 Alioqui-enim
3621 1708 3754 1783 quid

2178 1820 2385 1860 novum
2421 1813 2476 1859 et
2508 1803 2826 1868 insolitum,
2860 1803 3007 1873 quod
3038 1803 3118 1858 sic
3149 1803 3321 1858 Filius
3353 1805 3497 1858 Patri
3533 1805 3759 1860 uniatur

2177 1905 2234 1952 et
2264 1897 2333 1951 ab
2367 1912 2434 1951 eo
2467 1896 2780 1960 dirimatur,
2813 1895 3090 1965 quomodo
3124 1897 3289 1950 homo
3321 1897 3532 1952 homini
3569 1897 3759 1954 unitus

2177 1999 2282 2053 est,
2313 1999 2369 2043 et
2397 1988 2466 2043 ab
2493 2004 2560 2042 eo
2583 1988 2885 2054 discretus;
2917 2004 3020 2042 nec
3047 1989 3251 2060 aliquid
3280 1991 3545 2060 amplius?

2249 2080 2338 2135 30.
2372 2080 2476 2146 Qui
2513 2080 2566 2134 in
2599 2080 2867 2134 charitate
2901 2081 3208 2149 perlectus,
3241 2098 3619 2152 summamque
3651 2085 3758 2138 im-

2178 2173 2484 2245 perturbati
2521 2172 2691 2226 animi
2727 2173 3180 2241 tranquillitatem
3221 2174 3451 2242 adeptus
3487 2184 3592 2240 est,
3628 2192 3756 2244 pro-

2180 2265 2285 2335 prii
2318 2273 2374 2319 et
2403 2264 2591 2330 alieni,
2629 2264 2744 2318 sive
2772 2264 3010 2332 propriae
3038 2273 3094 2317 et
3118 2264 3330 2328 alienae,
3359 2263 3534 2319 ﬁdelis
3560 2275 3616 2319 et
3639 2266 3760 2320 inﬁ-

2181 2358 2354 2422 delis,
2382 2357 2526 2412 servi
2563 2372 2626 2410 ac
2657 2355 2845 2420 liberi,
2879 2370 3214 2425 prorsusque
3245 2355 3473 2409 masculi
3504 2371 3566 2410 ac
3597 2357 3763 2429 414

2180 2449 2399 2504 femina:
2448 2447 2747 2500 discrimen
2804 2446 3018 2499 nullum
3068 2445 3256 2510 novit;
3315 2446 3409 2499 sed
3460 2446 3757 2502 all‘ectuum

2181 2548 2440 2610 superata
2471 2537 2778 2609 tyrannide,
2806 2538 2970 2606 inque
3005 2553 3170 2590 unam
3197 2537 3481 2590 hominum
3507 2545 3761 2592 naturam

2182 2631 2503 2700 respiciens,
2538 2645 2731 2684 omnes
2774 2621 3027 2699 peraeque
3067 2629 3399 2694 considerat,
3434 2631 3760 2700 cunctisque

2181 2721 2470 2790 :cqualiter
2501 2720 2734 2775 allectus
2764 2728 2868 2775 est.
2897 2719 3016 2774 Non
3051 2719 3198 2773 enim
3231 2721 3288 2774 in
3317 2735 3386 2774 eo
3420 2728 3503 2775 est
3539 2719 3762 2776 Graecus

2182 2828 2245 2866 ac
2267 2813 2509 2875 Judaeus,
2534 2813 2813 2867 masculus
2839 2819 2894 2866 et
2918 2811 3142 2876 femina,
3168 2827 3360 2866 servus
3385 2821 3441 2867 et
3468 2812 3634 2880 liber;
3661 2813 3759 2868 sed

2183 2905 2367 2959 omnia
2396 2904 2450 2957 in
2480 2905 2739 2958 omnibus
2767 2903 3022 2958 Christus
3042 2902 3108 2955 ⁸⁸.

2255 2998 2341 3052 51.
2379 2997 2663 3050 Daemones
2705 3010 2772 3048 ex
2820 2993 3083 3065 subjectis
3124 2993 3178 3048 in
3216 2993 3400 3048 animo
3439 2993 3760 3060 aﬂ'ectibus,

509 3089 880 3161 λαμϐάνουσιν
907 3089 957 3141 oi
1004 3087 1258 3159 δαίμονες
1302 3087 1400 3150 τάς
1451 3087 1709 3158 ἀφορμὰς
1763 3087 1858 3141 τοῦ
1916 3092 2082 3142 κινεῖν

2188 3092 2507 3145 occasiones
2538 3104 2837 3157 ansamque
2871 3089 3166 3158 arripiunt,
3197 3096 3257 3142 ut
3287 3088 3511 3143 vitiosas
3543 3105 3607 3145 ac
3638 3090 3763 3144 libi-

515 3187 571 3237 ὲν
601 3185 731 3254 ἡμῖν
761 3184 888 3246 τοὺς
924 3182 1192 3251 ἐμπαθεῖς
1229 3179 1542 3249 λογισμούς.
1575 3175 1712 3234 Εῐτα
1760 3180 1847 3234 διὰ
1880 3181 2084 3237 τούτων

514 3271 876 3343 πολεμοῦντες
908 3271 1002 3325 τὸν
1039 3271 1197 3334 νοῦν,
1243 3268 1588 3333 ἐκϐιάζονται
1637 3269 1801 3322 αὑτὸν
1843 3271 1922 3333 είς
1954 3288 2086 3339 συγ-

514 3369 806 3424 κατάθεσιν
864 3366 1040 3420 ἐλθεῖν
1097 3366 1198 3436 τῆς
1256 3365 1550 3435 ἁμαρτίας.
1618 3366 1972 3436 Ἠττηθέντος
2027 3367 2085 3420 δὲ

514 3463 702 3530 αὑτοῦ,
756 3464 984 3533 ἄγουσιν
1033 3465 1113 3527 εῖς
1151 3461 1250 3532 τὴν
1294 3461 1436 3516 κατὰ
1495 3463 1733 3518 διάνοιαν
1785 3465 2085 3535 ἁμαρτίαν.

513 3559 626 3612 Καὶ
666 3559 870 3628 ταύτης
899 3554 1354 3624 ἀποτελεσθείσης
1375 3595 1390 3619 ,
1427 3555 1684 3626 φέρουσιν
1712 3557 1875 3610 αὑτὸν
1901 3556 2085 3610 λοιπὸν

515 3647 857 3718 αἰχμάλωτον
883 3647 963 3709 εἰς
990 3643 1089 3716 τὴν
1122 3645 1340 3715 πρᾶξιν.
1374 3645 1529 3698 Μετά
1549 3645 1605 3699 δὲ
1637 3645 1844 3716 ταύτην
1877 3645 2084 3712 λοιπὸν,

492 3741 564 3792 ὀἱ
597 3738 697 3807 τὴν
732 3736 910 3806 ψυχὴν
949 3734 1036 3789 διὰ
1061 3733 1168 3788 τῶν
1204 3735 1480 3805 λογισμῶν
1515 3735 1938 3805 ἐρημώσαντες,
1989 3737 2087 3789 σὺν

519 3829 702 3890 αὑτοῖς
747 3825 1113 3897 ὑποχωροῦσι.
1149 3824 1315 3878 Μένει
1374 3825 1431 3878 δὲ
1468 3826 1626 3894 μόνον
1677 3827 1735 3877 ὲν
1783 3825 1858 3896 τῷ
1910 3817 1985 3895 νῷ
2025 3826 2087 3878 τὸ

520 3917 738 3970 εἴδωλον
775 3917 872 3987 τῆς
917 3915 1194 3987 ἁμαρτίας
1220 3955 1234 3978 ,
1287 3915 1416 3985 περὶ
1447 3911 1508 3969 οῦ
1559 3932 1724 3986 φησιν
1777 3919 1804 3970 ὁ
1843 3919 2044 3987 Κύριος
2070 3934 2084 3948 ·

523 4008 710 4062 Ὅταν
757 4009 920 4076 ῑδητε
952 4008 1018 4062 τὸ
1049 4007 1365 4076 βδέλυγμα
1391 4005 1502 4075 τῆς
1522 4007 1872 4078 ἐρημώσεως
1900 4010 2090 4076 ἑστὼς

520 4099 592 4152 ἐν
618 4099 778 4166 τόπῳ
813 4099 980 4168 ἁγίῳ,
1013 4101 1045 4152 ὁ
1081 4096 1515 4168 ἀναγινώσκων
1546 4101 1752 4154 νοείτω
1771 4118 1786 4132 ·
1811 4103 1893 4156 ὅτι
1925 4103 2090 4167 τόπος

523 4189 675 4258 ἅγιος
705 4191 799 4242 καὶ
823 4190 948 4253 ναὸς
981 4189 1138 4254 Θεοῦ,
1177 4191 1206 4242 ὁ
1236 4189 1360 4254 νοῦς
1394 4189 1630 4262 ὑπάρχει
1657 4192 1751 4245 τοῦ
1779 4193 2086 4266 ἀνθρώπου,

523 4282 578 4331 ὲν
627 4273 672 4347 ᾧ
702 4280 752 4331 οί
785 4280 1036 4348 δαίμονες
1079 4279 1166 4333 διά
1215 4279 1324 4333 τῶν
1362 4281 1624 4349 ὲμπαθῶν
1672 4283 1946 4356 λογισμῶν
1991 4287 2090 4358 τὴν

520 4368 697 4440 ψυχὴν
726 4367 1130 4440 ἐρημώσαντες,
1161 4369 1223 4421 τὺ
1246 4369 1461 4421 εἴδωλον
1485 4371 1586 4440 τῆς
1623 4372 1896 4443 ἁμαρτίας
1925 4375 2086 4446 ἔστη.

2188 3183 2411 3238 dinosas
2446 3183 2500 3235 in
2535 3181 2696 3235 nobis
2729 3181 3092 3250 cogitationes
3123 3181 3479 3236 exsuscitent.
3513 3181 3764 3252 Tumque

2187 3289 2286 3344 per
2319 3275 2439 3328 illas
2473 3274 2716 3327 animum
2755 3272 3163 3342 impugnantes,
3194 3273 3248 3327 in
3283 3273 3492 3343 peccati
3527 3289 3761 3329 consen-

2188 3383 2307 3421 sum
2356 3373 2576 3436 cogunt.
2620 3365 2806 3433 quue
2853 3373 3142 3433 superato,
3181 3365 3234 3418 in
3284 3373 3570 3434 peccatum
3613 3366 3759 3435 quod

2188 3459 2391 3512 mentis
2467 3457 2709 3526 cogitatu
2768 3456 2966 3526 agitur,
3038 3456 3285 3510 trahunt.
3339 3455 3458 3522 Quo
3538 3455 3760 3511 demum

2188 3557 2432 3619 peracto,
2468 3549 2744 3617 captivum
2774 3547 2829 3600 in
2846 3547 3118 3602 actionem
3145 3563 3208 3601 ac
3229 3562 3368 3617 opus
3393 3548 3597 3602 ferunt.
3634 3548 3762 3604 Post

2187 3640 2461 3695 actionem
2490 3655 2620 3693 vero
2645 3655 2709 3693 ac
2737 3655 2896 3708 opus,
2921 3639 3015 3708 qui
3050 3639 3308 3692 immissis
3336 3625 3762 3709 cogitationibus

2188 3734 2425 3787 animam
2469 3731 2893 3795 desolaverunt,
2933 3745 3058 3785 cum
3107 3729 3189 3784 eis
3230 3729 3526 3797 secedunt;
3578 3741 3763 3786 manet

2187 3841 2320 3879 vero
2345 3825 2401 3878 in
2431 3831 2612 3877 m’cnte
2644 3823 2820 3876 solum
2852 3823 3012 3877 inane
3041 3821 3250 3891 peccati
3283 3822 3662 3887 simulacrum,
3692 3823 3762 3878 de

2189 3930 2298 3986 quo
2345 3914 2421 3968 ait
2468 3915 2733 3968 Dominus
2787 3931 2800 3967 :
2854 3913 2985 3968 Cum
3038 3913 3270 3967 videritis
3319 3913 3762 3969 abominationem

2189 4008 2526 4062 desolationis
2558 4016 2787 4060 stantem
2815 4009 2867 4060 in
2901 4006 3009 4060 loco
3033 4015 3247 4071 sancto;
3276 4007 3365 4077 qui
3397 4006 3538 4076 legit,
3565 4007 3763 4062 intelli-

2189 4108 2280 4171 gat
2302 4099 2375 4163 ";
2425 4114 2652 4167 nempe,
2688 4099 2870 4152 locum
2919 4107 3166 4152 sanctum
3215 4113 3277 4152 ac
3320 4098 3414 4152 Dei
3466 4099 3757 4168 templum,

2189 4207 2310 4247 esse
2337 4190 2577 4245 hominis
2603 4190 2847 4244 animum
2873 4205 2968 4244 seu
2995 4199 3254 4252 mentem,
3275 4189 3330 4242 in
3357 4206 3464 4258 qua
3487 4190 3765 4246 daemones

2190 4296 2289 4350 per
2314 4281 2638 4347 libidinosas
2660 4281 3022 4350 cogitationes
3050 4280 3293 4334 desolata
3323 4281 3523 4347 anima,
3552 4284 3762 4352 peccati

2193 4373 2397 4428 idolum
2429 4379 2760 4427 statuerunt.
2790 4370 2916 4426 llmc
2943 4387 3076 4425 vero
3105 4372 3271 4426 etiam
3301 4373 3454 4442 juxta
3487 4373 3564 4428 rei
3599 4384 3764 4444 gestae

525 4475 646 4514 σαν.
674 4458 797 4511 Ὅτι
825 4459 882 4511 δὲ
907 4460 1000 4512 καὶ
1030 4459 1314 4529 ῑπορικῶς
1335 4460 1432 4530 ἠδη
1460 4461 1634 4515 ταῦτα
1657 4464 1896 4532 γέγονεν,
1915 4467 2082 4531 οὐδεὶς

2195 4462 2360 4518 iidem
2398 4464 2508 4533 jam
2533 4462 2814 4528 evenisse,
2849 4479 3032 4529 nemo,
3066 4464 3329 4527 arbitror,
3361 4465 3632 4534 ambiget,
3667 4466 3763 4534 qui

521 4549 630 4603 τῶν
668 4550 738 4603 τά
778 4551 1108 4622 ’ῐωσήππεια
1135 4551 1519 4619 ἀνεγνωκότων
1540 4595 1556 4619 ,
1597 4553 1672 4617 ὡς
1696 4551 1852 4625 οἶμαι
1873 4599 1887 4621 ,
1919 4560 2091 4628 ἀμφι-

525 4641 731 4695 ϐάλλει.
782 4641 928 4712 Πλὴν
975 4642 1120 4706 τινές
1151 4660 1283 4713 φασι
1328 4643 1422 4697 καὶ
1451 4645 1546 4698 ἐπὶ
1582 4646 1675 4701 τοῦ
1719 4647 2090 4720 ’Λντιχρίστου

519 4732 691 4786 ταῦτα
710 4731 1054 4802 γενήσεσθαι.

592 4824 690 4896 λβ’.
725 4825 865 4895 Τρία
891 4825 1001 4878 εἰσὶ
1026 4823 1096 4878 τὰ
1125 4825 1376 4878 κινοῦντα
1399 4827 1545 4896 ἡμᾶς
1579 4828 1669 4881 ἐπὶ
1704 4827 1774 4882 τὰ
1797 4829 1940 4884 καλά
1962 4847 1976 4862 ⁸
2021 4830 2092 4885 τά

524 4915 729 4982 φυσικά
765 4915 1058 4986 σπέρματα
1080 4931 1094 4946 ο
1128 4914 1185 4968 αἱ
1213 4912 1366 4984 ἅγιαι
1409 4917 1700 4986 Δυνάμεις,
1733 4918 1882 4989 καὶὴ
1909 4919 2088 4991 ἀγαθὴ

522 5005 861 5077 προαίρεσις.
890 5003 1003 5058 Καὶ
1039 5003 1108 5058 τά
1136 5002 1233 5073 μὲν
1261 5003 1468 5071 φυσικά
1513 5004 1826 5076 σπέρματα,
1864 5007 1938 5071 ὡς
1962 5009 2089 5062 ὅταν

595 5145 642 5176 ⁸⁵
668 5143 844 5199 Galat.
883 5158 962 5208 ut,
991 5141 1082 5196 28.
1157 5141 1204 5174 ⁸⁸
1232 5143 1426 5198 Matth.
1457 5159 1604 5211 XXIV,
1641 5143 1730 5197 15.

587 5262 624 5278 η
651 5257 801 5314 0m.
838 5256 905 5312 ιδ
933 5266 991 5312 et
1013 5257 1164 5325 alibi,
1191 5257 1279 5325 59,
1313 5257 1400 5316 49.
1698 5244 1701 5246 ’

593 5370 659 5441 (s)
697 5371 860 5424 Ἐπεὶ
893 5372 956 5441 τί
975 5371 1100 5439 ἔχει
1121 5371 1481 5439 παράδοξον.
1514 5371 1671 5438 Quod
1701 5372 1966 5430 Maximus
1993 5375 2083 5428 in-

525 5439 860 5512 coniteniens
883 5439 1042 5512 all‘ert
1093 5441 1358 5512 adversus
1381 5442 1702 5505 Tritbcitas,
1746 5443 1893 5512 quod
1935 5445 2085 5498 nulla

526 5509 863 5583 naajor_u_nio
894 5509 1136 5583 sitjuxta
1168 5510 1325 5583 illos,
1356 5513 1481 5567 Filii
1517 5509 1851 5583 cumrPat're,
1893 5529 2080 5583 quam

527 5591 609 5634 est
638 5579 733 5633 lilii
761 5579 1002 5652 hominis
1020 5595 1146 5634 cum
1176 5580 1404 5652 homine
1435 5591 1612 5651 patre,
1645 5582 1698 5635 id
1717 5598 1846 5637 vero
1876 5579 2080 5652 Obsop.

528 5659 791 5722 assertum
838 5650 1002 5722 facit,
1039 5665 1102 5704 ac
1144 5649 1212 5722 si_
1248 5649 1452 5706 doceat
1472 5653 1758 5713 Maximus,
1809 5655 1954 5722 quod
1984 5649 2085 5708 nec

529 5720 666 5776 forte
723 5720 1109 5790 grammaticus
1149 5719 1507 5787 admitteret,
1555 5738 1659 5778 nec
1719 5719 1859 5788 alius
1898 5740 1964 5778 ex
2021 5740 2082 5778 ca

2191 4554 2366 4608 libros
2393 4570 2421 4608 a
2448 4554 2688 4624 Josepbo
2714 4555 3058 4625 conscriptos
3083 4556 3276 4626 legerit
3306 4554 3388 4624 (ι).
3418 4555 3558 4609 Sunt
3581 4563 3764 4610 tamen

2194 4649 2290 4718 qui
2320 4656 2566 4718 tempore
2598 4649 2952 4714 Antichristi,
2982 4649 3098 4704 haec
3126 4648 3318 4703 eadem
3345 4648 3530 4702 futura
3557 4647 3744 4701 dicant

2265 4831 2354 4886 52.
2381 4831 2506 4886 Tria
2533 4839 2660 4887 sunt
2689 4847 2791 4887 nos
2816 4831 2881 4886 ad
2910 4846 2973 4885 ea
3001 4847 3124 4901 quat
3148 4831 3377 4884 honesta
3408 4837 3537 4883 sunt
3559 4844 3622 4882 ac
3648 4827 3767 4882 olli—

2195 4921 2267 4976 cii
2327 4922 2714 4990 provocantia;
2747 4921 3019 4978 naturalia
3051 4922 3265 4977 scilicet
3296 4921 3533 4985 semina,
3565 4927 3765 4974 sanctae

2193 5011 2463 5080 Virtutes,
2505 5022 2562 5068 et
2601 5013 2746 5069 bona
2786 5013 3062 5069 voluntas.
3104 5010 3186 5066 Ac
3228 5010 3450 5081 quidem
3495 5007 3771 5064 naturalia.

2180 5373 2390 5428 schola.
2432 5375 2570 5429 Nam
2599 5374 2679 5431 sic
2710 5374 2923 5430 reddit:
2957 5373 3414 5440 Quemadmodum
3443 5373 3584 5427 enim
3602 5374 3761 5427 homo

2181 5445 2380 5516 [gemini
2415 5447 2591 5498 unitas
2638 5455 2832 5516 carpet
2882 5455 3229 5516 segregatus,
3278 5445 3354 5498 sic
3398 5443 3559 5516 etiam
3603 5443 3765 5516 Patri

2181 5512 2376 5586 Filius,
2409 5525 2466 5586 et
2524 5514 2658 5569 nihil
2713 5513 2870 5586 plus.
2902 5511 3218 5586 ,Sed'bene
3265 5521 3369 5579 est,
3405 5513 3552 5583 quod
3590 5511 3757 5568 Gesn.

2181 5584 2518 5647 emendavit,
2541 5601 2604 5640 ac
2644 5584 2725 5639 sic

2435 5584 2518 5664 fit,
2541 5601 2604 5640 ac
2625 5584 2725 5664 _sic
2744 5585 2959 5664 putida
2991 5584 3291 5664 sustulitzn
3315 5652 3330 5664 ‘
3437 5639 3443 5664 ς

2255 5653 2339 5724 (ι)
2388 5654 2555 5710 Libro
2617 5654 2692 5709 De
2739 5652 2871 5710 bello
2925 5656 3172 5712 Iudaico.
3228 5652 3369 5710 Vide
3437 5653 3641 5708 Baron.
3695 5653 3766 5709 ad

2181 5740 2272 5777 an.
2307 5726 2394 5780 68.
