4128 6210
416 336 526 401 995

1582 326 1649 391 Β.
1690 320 1979 390 MAXIMI
2019 328 2527 390 CONFESSORIS

3585 328 3692 394 996

417 448 655 513 semina,
680 455 763 511 ut,
794 461 920 502 cum
954 443 1007 499 id
1044 442 1192 513 quod
1225 442 1478 497 volumus
1512 451 1574 496 ut
1607 441 1809 497 faciant
1841 443 1995 497 nobis

2103 440 2131 494 ὅ
2158 442 2385 513 θέλομεν
2428 444 2513 496 ἵνα
2548 442 2777 521 ποιῶσιν
2808 444 2941 514 ἡμῖν
2974 443 3024 495 oi
3060 441 3362 514 ἂνθρωποι,
3396 445 3494 497 καὶ
3522 448 3692 517 ἡμεῖς

418 542 705 599 homines.
746 554 848 593 nos
886 551 1107 607 quoque
1152 536 1264 591 illis
1307 535 1563 590 similiter
1602 534 1901 590 fecerimus
1921 533 1999 601 ‘7;

416 636 537 701 vel,
577 641 639 687 ut
679 647 806 687 cum
851 631 1094 701 aliquem
1135 630 1191 684 in
1237 630 1490 700 angustia
1533 637 1630 683 aut
1672 628 2002 684 necessitate

416 728 701 790 videntes,
746 723 930 789 illius,
972 722 1211 777 naturali
1265 722 1437 777 ductu
1487 730 1652 791 atque
1702 719 2000 786 instinctu,

417 819 630 874 miserti
671 817 966 872 fuerimus.
1002 816 1214 871 Sanctae
1254 822 1439 870 autem
1484 805 1740 878 virtutes,
1774 822 1836 868 ut
1876 826 2003 869 cum

415 912 710 965 honestum
745 908 953 978 aliquid
971 923 1035 962 ac
1065 906 1227 965 cilicii
1262 906 1524 977 aggressi,
1543 906 1753 960 bonum
1784 904 2002 977 adiutos

417 1004 561 1057 rium
600 1002 1001 1065 invenerimus,
1031 1014 1233 1069 resque
1263 999 1426 1053 nobis
1458 1013 1720 1068 prospere
1750 996 1999 1052 cesserit.

415 1092 565 1149 Bona
609 1095 849 1163 denique
898 1092 1189 1155 voluntas,
1240 1098 1299 1145 ut
1343 1105 1470 1145 cum
1521 1089 1729 1144 bonum
1779 1104 1812 1143 a
1858 1089 2004 1144 malo

415 1185 817 1247 discernentes,
842 1181 898 1236 id
924 1181 1071 1251 quod
1097 1189 1183 1235 est
1208 1180 1413 1233 bonum
1441 1179 1795 1249 elegerimus.

487 1273 577 1327 55.
607 1272 735 1326 Tria
773 1287 970 1325 rursus
1002 1277 1133 1324 sunt
1161 1285 1281 1338 quzc
1314 1284 1418 1323 nos
1451 1277 1674 1323 movent
1705 1268 1775 1323 ad
1810 1268 1950 1323 mala
1985 1284 1999 1322 :

414 1384 613 1438 nempe
658 1368 889 1422 aﬁ‘ectus
940 1382 1037 1421 seu
1108 1366 1584 1436 perturbationes,
1626 1365 1903 1420 dmmones
1946 1372 2005 1420 et

416 1462 559 1515 mala
583 1462 859 1514 voluntas.
884 1458 961 1513 Ac
988 1459 1209 1528 quidem
1242 1457 1474 1513 affectus
1502 1473 1599 1513 seu
1632 1457 2004 1527 perturbatio~

2101 535 2302 604 ὁμοίως
2336 535 2580 606 ποιῶμεν
2607 536 2791 599 αὐτοῖς
2815 549 2830 563 ⁸
2884 536 2916 606 ἢ
2955 535 3031 599 ὡς
3083 535 3212 590 ὅταν
3246 530 3447 607 ἴδωμέν
3470 555 3600 591 τινα
3630 542 3691 593 ὲν

2104 625 2360 679 στενώσει
2390 627 2422 697 ἢ
2482 628 2542 681 ὲν
2588 627 2803 698 ἀνάγκῃ
2830 667 2846 690 .
2900 627 2996 680 καὶ
3028 626 3278 697 φυσικῶς
3315 627 3584 699 ὲλεῶμεν.
3622 630 3689 683 Ai

2099 717 2158 770 δὲ
2195 720 2347 788 ἅγιαι
2383 721 2690 791 Δυνάμεις,
2725 715 2838 775 οἷον
2883 721 3011 774 ὅταν
3042 720 3357 791 κινούμενοι
3405 722 3503 776 ἐπὶ
3530 722 3689 794 καλῷ

2101 812 2410 882 πράγματι,
2445 811 2697 883 εὕρωμεν
2727 813 3018 885 συνεργίαν
3047 812 3281 884 ἀγαθὴν,
3325 815 3422 868 καὶ
3482 832 3690 868 κατευ-

2100 903 2370 974 οδῶμεθα.
2414 904 2480 959 Ἠ
2525 905 2582 958 δὲ
2610 904 2790 976 ἀγαθὴ
2834 905 3184 978 προαίρεσις,
3214 905 3290 970 ὡς
3314 906 3443 961 ὅταν
3472 907 3690 980 διακρί-

2102 1013 2285 1059 νοντες
2340 996 2448 1050 ἀπὸ
2500 995 2596 1051 τοῦ
2646 997 2818 1052 κακοῦ
2874 997 2937 1052 τὸ
3004 997 3211 1066 καλὸν,
3265 997 3561 1072 αἱρώμεθα
3625 997 3687 1055 τὺ

2101 1087 2328 1156 ἀγαθόν.

2170 1266 2274 1337 λγ.
2319 1267 2457 1338 Τρία
2486 1268 2542 1322 δὲ
2567 1268 2729 1323 πάλιν
2773 1266 2881 1324 είσὶ
2911 1270 2981 1324 τὰ
3017 1266 3270 1326 κινοῦντα
3307 1268 3461 1344 ἡμᾶς
3500 1274 3595 1327 ἐπὶ
3620 1269 3689 1328 τὰ

2101 1361 2251 1414 κακά
2280 1374 2294 1390 ⁶
2325 1362 2394 1415 τὰ
2430 1362 2600 1432 πάθη,
2637 1364 2688 1415 oi
2733 1362 3011 1434 δαίμονες,
3049 1366 3143 1419 καὶ
3173 1367 3206 1435 ἡ
3242 1367 3383 1435 κακὴ
3417 1360 3686 1439 προαίρε-

2104 1470 2209 1516 σις.
2243 1452 2354 1507 Καὶ
2381 1452 2453 1507 τὰ
2486 1454 2587 1523 μὲν
2618 1454 2762 1526 πάθη
2786 1495 2800 1519 ,
2842 1454 2919 1519 ὡς
2965 1457 3095 1509 ὅταν
3126 1456 3495 1528 ἐπιθυμῶμεν
3543 1460 3682 1529 πρά-

332 1576 336 1580 Α
415 1568 550 1617 nes,
584 1562 646 1606 ut
679 1564 802 1606 cum
838 1551 1010 1605 invita
1042 1550 1286 1615 ratione,
1320 1549 1400 1604 rei
1433 1549 1667 1620 alicujus
1702 1549 1995 1620 cupiditate

2101 1563 2311 1617 γματος
2353 1547 2507 1618 παρὰ
2552 1548 2756 1616 λόγον’
2808 1544 2920 1602 οἷον
2967 1548 3001 1621 ἢ
3041 1549 3354 1620 βρώματος,
3397 1550 3558 1621 παρὰ
3598 1551 3684 1603 τὸν

417 1646 704 1710 ducimur;
741 1652 873 1714 puta
906 1642 1038 1707 cibi,
1066 1648 1268 1711 praeter
1298 1656 1460 1711 quam
1496 1640 1644 1711 quod
1673 1641 1760 1695 vel
1796 1655 1995 1711 oppor-

2100 1639 2293 1710 καιρὸν
2319 1680 2334 1703 ,
2370 1640 2404 1710 ἦ
2434 1640 2586 1712 παρὰ
2640 1642 2739 1711 τὴν
2783 1641 2974 1711 χρείαν
2996 1682 3011 1707 ,
3057 1642 3091 1714 ἢ
3122 1642 3384 1711 γυναικὸς
3416 1642 3570 1713 παρὰ
3594 1642 3681 1695 τὸν

418 1746 613 1792 tunum
660 1743 908 1804 tempus,
942 1734 1027 1788 vel
1066 1734 1215 1804 justa
1258 1732 1565 1787 necessitas
1608 1731 1872 1797 suaserit;
1915 1731 1995 1784 vel

2104 1731 2308 1785 σκοπὸν
2332 1731 2434 1801 τῆς
2462 1733 2830 1798 παιδοποιίας,
2862 1734 2958 1787 καὶ
2987 1733 3086 1803 τῆς
3140 1734 3215 1805 μὴ
3264 1732 3527 1804 νομίμου.
3575 1728 3680 1785 Καὶ

419 1821 609 1876 uxoris
639 1820 750 1874 alio
786 1819 890 1874 ﬁne
922 1833 1084 1889 quam
1122 1819 1459 1889 suscipiendi
1496 1818 1730 1882 liberos,
1763 1826 1858 1871 aut
1890 1834 1995 1873 non

2106 1821 2269 1876 πάλιν
2296 1861 2312 1888 ,
2354 1824 2485 1876 ὅταν
2535 1823 2920 1896 ὁργιζώμεθα,
2971 1824 3004 1896 ἢ
3064 1824 3367 1894 λυπὼμεθα
3420 1825 3576 1897 παρὰ
3622 1819 3680 1877 τὸ

416 1914 580 1986 ᾇιε
620 1914 880 1985 legitima:
917 1910 1199 1983 conjugis,
1236 1928 1301 1967 ac
1340 1927 1553 1975 rursus,
1606 1927 1732 1967 cum
1774 1919 1869 1965 aut
1903 1911 1995 1967 ira:

2105 1914 2253 1978 είκός
2274 1930 2288 1943 ’
2329 1908 2461 1980 οἷον,
2496 1916 2640 1970 κατὰ
2665 1916 2761 1969 τοῦ
2798 1916 3243 1988 ἀτιμάσαντος,ἢ
3278 1916 3675 1988 ζημιώσαντος.

418 2018 514 2063 aut
540 2008 778 2062 tristitiae
809 2007 1203 2062 indulserimus
1234 2022 1393 2061 secus
1421 2021 1485 2060 ac
1509 2007 1695 2071 decet;
1727 2013 1879 2075 puta,
1906 2004 1995 2059 ad-

2105 2006 2168 2059 Οί
2193 2005 2249 2058 δὲ
2278 2004 2555 2076 δαίμονες,
2586 2000 2698 2061 οἷον
2722 2007 2851 2061 ὅταν
2887 2010 2946 2061 ἐν
2970 2009 3035 2080 τῇ
3082 2007 3314 2080 ἀμελείᾳ
3342 2010 3377 2079 η
3387 2007 3527 2078 μῶν,
3563 2020 3679 2063 και-

418 2115 614 2155 versus
637 2115 764 2153 eum
794 2099 889 2168 qui
920 2098 1125 2168 probro
1156 2096 1361 2161 affecit,
1386 2107 1483 2151 aut
1505 2096 1764 2150 damnum
1792 2096 1995 2150 intulit.

2106 2096 2503 2168 ροσκοποῦντες
2546 2097 2897 2159 ὲπιτίθωνται,
2936 2101 3069 2171 ἡμῖν
3116 2100 3271 2169 ἄφνω
3308 2100 3453 2171 μετᾶ
3485 2100 3677 2172 πολλῆς

350 2202 355 2216 ¹
418 2192 703 2245 Daemones
724 2205 876 2254 vero,
901 2197 960 2243 ut
983 2204 1108 2243 cum
1134 2188 1295 2243 nobis
1317 2184 1687 2260 negligentius
1712 2191 1995 2260 agentibus

2106 2189 2471 2262 σφοδρότητος
2519 2191 2800 2257 κινοῦντες
2853 2193 2923 2247 τὰ
2973 2192 3351 2264 προειρημένα
3385 2192 3558 2265 πάθη,
3589 2192 3679 2248 καὶ

417 2281 763 2335 occasionem
791 2287 1093 2349 captantes,
1118 2280 1418 2351 derepente
1443 2295 1638 2352 magna
1657 2281 1995 2336 vehementia

2104 2281 2175 2335 τὰ
2196 2282 2377 2352 ὃμοια.
2412 2282 2476 2335 Ἦ
2504 2282 2560 2337 δὲ
2583 2283 2727 2355 κακὴ
2752 2284 3092 2356 προαίρεσις,
3120 2278 3252 2351 οἷον,
3280 2285 3371 2338 ὅτε
3406 2287 3465 2339 ὲν
3485 2285 3675 2356 γνώσει

417 2387 482 2426 ac
515 2372 723 2441 impetu
759 2371 813 2425 in
849 2386 949 2425 nos
981 2370 1315 2438 invaserint,
1347 2371 1648 2437 movendo,
1677 2388 1816 2442 quos
1851 2373 1995 2439 dixi,

2103 2373 2198 2427 τοῦ
2231 2373 2421 2439 καλοῦ,
2456 2375 2643 2431 κακῶν
2681 2375 3090 2448 ἀνθαιρώμεθα.

416 2471 670 2536 aﬁ‘cctus,
702 2478 867 2539 atque
897 2468 986 2523 his
1019 2467 1249 2523 similes.
1281 2468 1420 2524 Maia
1447 2468 1687 2541 denique
1716 2470 1990 2535 voluntas,
2032 2479 2093 2526 ut
2115 2486 2241 2526 cum
2266 2471 2486 2543 cognito
2507 2471 2653 2541 quod
2675 2472 2970 2527 honestum
2993 2471 3065 2528 sit
3085 2488 3149 2528 ac
3181 2472 3369 2539 oﬂiu‘i,
3424 2488 3532 2544 pra:
3587 2471 3673 2527 illo

416 2570 599 2617 tamen
623 2560 825 2615 malum
852 2558 1127 2630 eligimus.
3167 2622 3173 2629 .

489 2651 578 2705 '54.
617 2649 928 2713 Laborum,
969 2662 1108 2717 quos
1148 2646 1372 2701 virtutis
1419 2659 1583 2703 causa
1629 2647 1994 2718 suscipimus,

2174 2647 2267 2703 λδ’.
2325 2648 2524 2703 Μισθοὶ
2581 2649 2688 2703 τῶν
2760 2650 2937 2704 πόνων
2993 2650 3095 2722 τῆς
3152 2652 3396 2723 ἀρετῆς,
3450 2655 3584 2708 εἰσὶν
3640 2654 3672 2725 ὴ

416 2742 662 2812 praemia,
690 2737 1077 2810 imperturbati
1107 2738 1277 2792 animi
1313 2738 1685 2808 tranquillitas
1718 2755 1783 2793 ac
1813 2739 1995 2793 scien-

2101 2738 2337 2792 ἀπάθεια
2365 2740 2458 2793 καὶ
2487 2741 2518 2811 ὴ
2547 2741 2765 2808 γνῶσις.
2805 2736 2974 2796 Αὖται
3006 2744 3115 2813 γὰρ
3156 2739 3412 2813 πρόξενοι
3440 2747 3671 2813 γίνονται

419 2835 512 2890 tia.
541 2832 636 2889 Hae
678 2832 826 2887 enim
874 2839 1024 2895 sunt,
1052 2845 1174 2900 quae
1222 2830 1384 2885 nobis
1427 2829 1723 2885 conciliant
1766 2846 1995 2900 regnum

2103 2831 2380 2901 βασιλείας
2412 2832 2658 2903 οὐρανῶν
2683 2849 2696 2864 ·
2729 2834 2805 2897 ὡς
2827 2834 2918 2887 καὶ
2940 2834 3011 2888 τὰ
3042 2834 3308 2906 πάθηοκαὶ
3338 2837 3373 2908 η
3415 2837 3666 2906 ἀγνωσία,

417 2926 714 2989 cmiorum;
757 2920 1221 2991 quemadmodum
1260 2919 1425 2974 etiam
1463 2919 1694 2975 aﬂ'ectus
1733 2935 1829 2975 seu
1868 2936 1995 2990 per-

2107 2922 2379 2986 κολάσεως
2402 2924 2641 2978 αίωνίου.
2691 2923 2751 2977 Ὀ
2784 2922 2878 2979 οὖν
2915 2925 3141 2990 τούτους
3169 2924 3249 2998 [in
3282 2944 3390 2983 uno
3416 2927 3540 3001 Reg.
3569 2946 3666 2984 ειη.

415 3015 782 3078 turbationes,
822 3028 886 3067 ac
938 3013 1279 3084 ignorantia,
1321 3011 1655 3081 supplicium
1702 3022 2007 3079 aeternum.~

418 3108 523 3175 Qui
553 3105 719 3177 igitur
742 3105 996 3158 humanae
1025 3103 1216 3172 gloriae
1243 3117 1427 3167 causa,
1452 3102 1538 3157 vel
1570 3104 1698 3169 alio,
1722 3118 1884 3173 quam
1919 3103 1998 3158 rei

416 3200 595 3270 ipsius
625 3195 960 3259 honestatis,
992 3194 1099 3248 ﬁne
1118 3234 1132 3258 ,
1157 3194 1275 3248 haec
1305 3194 1503 3264 quaerit
1533 3210 1596 3249 ac
1627 3204 1996 3259 consectatur,

420 3291 520 3346 abs
543 3289 830 3359 Scriptura
852 3285 1043 3342 audit:
1066 3284 1274 3353 Petilia,
1298 3294 1346 3339 et
1370 3302 1475 3340 non
1502 3286 1756 3356 accipitis,
1779 3302 1837 3340 eo
1860 3287 1999 3358 quod

419 3379 563 3435 male
588 3380 782 3450 petatis
803 3378 869 3431 “.
1557 3377 1564 3384 ”

489 3471 580 3526 '55.
610 3470 778 3524 Multa
817 3474 969 3533 sunt,
997 3480 1213 3531 eorum,
1243 3481 1365 3535 quae
1401 3466 1641 3521 humano
1677 3467 1864 3522 studio
1900 3483 1997 3538 εει

419 3572 639 3629 runtur,
670 3570 867 3616 natura
897 3575 997 3615 sua
1027 3558 1167 3613 bona
1195 3562 1361 3628 atque
1390 3558 1642 3624 honesta,
1672 3560 1786 3630 ipsa
1816 3568 1997 3615 tamen

419 3669 615 3712 rursus
641 3654 826 3724 aliqua
852 3668 920 3707 ex
948 3666 1115 3707 causa
1142 3665 1255 3706 non
1284 3651 1426 3706 bona
1455 3667 1518 3706 ac
1571 3652 1832 3719 honesta;
1866 3662 1995 3725 puta

415 3748 685 3821 jejunium
709 3755 765 3801 et
783 3744 1006 3817 vigiliaa,
1029 3743 1206 3799 oratio
1227 3751 1284 3797 et
1306 3742 1629 3813 psalmodia,
1651 3744 1996 3817 eleemosyna

417 3847 476 3897 et
498 3840 865 3911 hospitalitas,
888 3852 1056 3908 opera
1087 3843 1218 3892 sunt
1242 3845 1440 3890 natura
1467 3836 1609 3891 bona
1638 3846 1801 3907 atque
1826 3838 1997 3893 honeo

420 3941 533 3999 sta;
561 3932 679 4001 ipsa
712 3938 894 3984 tamen
928 3942 1041 3983 non
1070 3926 1305 3997 amplius
1330 3925 1475 3981 bona
1499 3942 1565 3982 ac
1590 3926 1842 3994 honesta,
1870 3942 1996 3984 cum

418 4024 600 4078 inanis
626 4021 811 4093 gloria:
840 4019 1023 4075 studio
1051 4018 1201 4074 ﬁant.

488 4112 576 4169 '56.
611 4110 889 4174 Omnium,
922 4123 1044 4178 quae
1087 4123 1119 4162 a
1155 4107 1316 4163 nobis
1353 4115 1611 4178 aguntur,
1644 4107 1792 4162 Deus
1830 4106 1993 4163 ﬁnem

416 4204 634 4276 quaerit,
660 4203 776 4258 sive
811 4209 1040 4272 propter
1080 4199 1283 4271 ipsum,
1310 4200 1426 4256 sive
1466 4201 1537 4256 ob
1573 4201 1734 4255 aliam
1770 4215 1992 4255 causam

416 4297 653 4369 agimus.

486 4388 576 4443 57.
600 4386 738 4441 Cum
767 4386 1011 4442 audieris
1040 4400 1109 4440 ex
1132 4383 1419 4454 Scriptura
1453 4401 1466 4436 :
1498 4382 1762 4448 Quoniam
1794 4392 1849 4436 tu
1878 4383 1994 4437 red-

416 4480 507 4533 des
537 4478 818 4549 unicuique
846 4475 1135 4532 secundum
1161 4491 1325 4547 opera
1352 4491 1448 4529 sua
1473 4473 1550 4541 ";
1582 4488 1713 4529 cave
1746 4473 1819 4528 ita
1849 4473 1995 4527 acci-

417 4571 559 4643 pias,
587 4577 647 4624 ut
676 4569 978 4624 secundum
1010 4583 1096 4633 ea,
1127 4583 1249 4637 qua:
1279 4581 1390 4622 non
1421 4576 1573 4621 recto
1598 4573 1836 4636 aguntur
1864 4565 1991 4631 ﬁne,

414 4662 586 4718 etiam
615 4660 661 4714 si
685 4660 829 4714 bona
856 4658 1151 4713 videantur
1178 4672 1244 4711 ac
1276 4655 1528 4721 honesta,
1554 4655 1700 4709 Deus
1730 4653 1874 4709 bona
1903 4668 1995 4708 re-

416 4750 655 4815 tribuat;
696 4747 794 4803 sed
833 4746 1135 4803 secundum
1175 4759 1241 4800 ea
1281 4743 1491 4813 utique,
1517 4759 1638 4813 quae
1667 4742 1806 4797 ﬁunt
1836 4749 1986 4797 recto

415 4841 544 4897 ﬁne.
588 4840 684 4896 Dei
733 4840 878 4895 enim
914 4837 1184 4911 judicium
1230 4851 1340 4890 non
1391 4835 1508 4904 ipsa
1558 4833 1819 4898 attendit,
1862 4848 1984 4903 quae

414 4933 573 4998 ﬁunt,
596 4932 694 4988 sed
724 4947 913 4987 eorum
938 4930 1101 4985 ﬁnem
1127 4945 1192 4985 ac
1218 4927 1579 4999 propositum.

482 5024 573 5079 38.
612 5024 896 5094 Superbia:
940 5022 1185 5085 daemon,
1222 5018 1428 5089 duplici
1466 5016 1732 5088 praeditus
1774 5014 1983 5071 malitia

412 5126 499 5171 est
526 5133 540 5170 :
568 5124 665 5171 aut
688 5114 833 5169 enim
862 5111 1134 5169 monacho
1166 5118 1360 5165 auctor
1384 5116 1488 5173 est,
1516 5115 1578 5162 ut
1605 5106 1709 5161 sibi
1737 5098 1854 5176 ipse
1876 5106 1990 5160 vir-

416 5207 553 5262 tutis
576 5221 743 5277 opera
772 5205 1033 5269 ascribat,
1095 5218 1207 5258 non
1241 5209 1421 5256 autem
1446 5200 1578 5263 Deo,
1608 5197 1704 5268 qui
1733 5207 1790 5252 et
1815 5197 1988 5253 hono-

411 5312 536 5352 rum
578 5296 807 5368 largitor
836 5306 954 5361 est,
989 5304 1045 5351 et
1078 5293 1147 5349 ad
1186 5289 1750 5363 prazstanda'virtutis
1785 5305 1980 5360 opera,

412 5385 658 5457 adjutor;
707 5396 830 5450 aut,
868 5386 973 5442 nisi
1017 5384 1290 5456 paruerit,
1324 5381 1759 5453 imperfectiores
1801 5381 1983 5437 adhuc

412 5477 643 5534 fratrum
683 5478 1120 5535 contemnendos
1158 5475 1420 5547 suggerit.
1473 5473 1689 5544 ignorat
1721 5488 1853 5528 vero
1886 5473 1981 5543 qui

481 5633 528 5667 "
562 5634 755 5697 Matth.
791 5652 888 5703 vn,
924 5635 1012 5689 12.
1090 5633 1135 5665 ⁸⁸
1161 5632 1277 5689 Jac.
1305 5647 1379 5697 1v,
1405 5630 1458 5685 '5.
1537 5629 1582 5663 δ’
1610 5630 1771 5685 Rom.
1799 5644 1856 5693 ιι,
1887 5628 1920 5682 6

2104 3014 2332 3087 ταύτας]
2382 3015 2471 3070 διὰ
2521 3015 2678 3081 δόξαν
2723 3012 3030 3089 ἀνθρώπων
3079 3018 3299 3091 ζητῶν,
3342 3023 3443 3076 καὶ
3484 3022 3556 3093 μὴ
3603 3022 3667 3076 δι’

2099 3108 2232 3162 αὐτὸ
2257 3107 2319 3161 τὸ
2346 3106 2541 3174 καλὸν,
2587 3109 2776 3163 ἀκούει
2814 3110 2965 3182 παρὰ
2993 3111 3092 3181 τῆς
3121 3110 3349 3183 Γραφῆς
3375 3130 3394 3145 ·
3426 3114 3666 3178 Αἰτεῖτε,

2099 3199 2198 3254 καί
2227 3201 2300 3254 οὐ
2326 3198 2660 3270 λαμϐάνετε
2680 3243 2694 3268 ,
2729 3201 2880 3257 διότι
2917 3203 3113 3271 κακῶς
3136 3202 3421 3261 αἰτεῖσθε.

2166 3466 2263 3523 λε’.
2300 3466 2423 3520 Eiet
2470 3465 2639 3521 πολλά
2669 3483 2793 3521 τινα
2825 3466 2986 3537 φύσει
3020 3470 3162 3524 καλὰ
3187 3469 3292 3524 ὑπὸ
3328 3471 3440 3526 τῶν
3464 3470 3659 3543 ἀνθρὼ-

2101 3575 2216 3612 πων
2243 3558 2527 3629 γινόμενα,
2574 3558 2691 3612 ἀλλ’
2721 3559 2784 3612 οὐ
2816 3559 2959 3615 καλὰ
2986 3561 3150 3615 πάλιν
3177 3560 3270 3615 διά
3305 3579 3430 3617 τινα
3452 3563 3621 3617 αίτίαν
3641 3578 3653 3591 ·

2096 3644 2229 3713 οἷον,
2275 3650 2497 3720 νηστεία
2544 3650 2637 3703 καὶ
2696 3651 2992 3722 ἀγρυπνία,
3033 3655 3313 3725 προσευχὴ
3357 3655 3449 3710 καὶ
3489 3654 3664 3725 ψαλμι-

2096 3739 2266 3811 ῳδία,
2294 3741 2628 3814 ἐλεημοσύνη
2660 3744 2754 3797 καὶ
2789 3741 3081 3815 ξενοδοχία,
3134 3745 3293 3814 φύσει
3341 3745 3479 3800 καλὰ
3528 3746 3657 3817 ἔργα

2097 3834 2234 3888 είσίν
2254 3850 2268 3867 ⁸
2326 3835 2443 3889 ἀλλ’
2494 3836 2623 3891 ὅταν
2672 3836 2760 3890 διὰ
2792 3836 3100 3903 κενοδοξίαν
3125 3837 3386 3908 γίνωνται
3408 3877 3422 3902 ,
3453 3837 3552 3891 οὐκ
3576 3836 3655 3889 ἔτι

2097 3926 2259 3982 καλά.

2163 4103 2275 4171 λς’.
2321 4104 2547 4158 Πάντων
2592 4102 2703 4156 τῶν
2754 4103 3142 4175 πραττομένων
3197 4099 3287 4171 ὑφ’
3347 4102 3499 4175 ἡμῶν
3558 4101 3649 4155 τὸν

2097 4196 2301 4250 σκοπὸν
2330 4196 2487 4266 ζητεῖ
2512 4197 2541 4248 ὁ
2564 4195 2697 4258 Θεός
2716 4212 2731 4227 ο
2759 4195 2871 4249 εἴτε
2894 4195 2962 4249 δι’
2994 4196 3157 4250 αὐτὸν
3187 4195 3513 4268 πράττομεν,
3546 4194 3651 4247 ett:

2025 4306 2069 4362 ι)
2093 4289 2160 4342 δι’
2194 4287 2365 4358 ἄλλην
2402 4289 2600 4341 αίτιαν.

2164 4380 2261 4445 λζ’.
2298 4379 2411 4449 (17)
2444 4378 2614 4432 Ὅταν
2668 4378 2913 4451 ἀκούσῃς
2949 4380 3046 4451 τῆς
3091 4380 3317 4452 Γραφῆς
3366 4380 3649 4449 λεγούσης⁶

2093 4472 2223 4525 Ὅτι
2245 4470 2326 4524 σὺ
2355 4470 2691 4537 ἀποδώσεις
2713 4470 2946 4538 ἑκάστῳ
2973 4470 3123 4526 κατὰ
3158 4474 3233 4526 τὰ
3258 4473 3405 4543 ἔργα
3439 4464 3648 4525 αὐτοῦ’

2089 4562 2151 4616 οὐ
2194 4561 2262 4615 τὰ
2302 4563 2455 4633 παρὰ
2487 4561 2577 4615 τὸν
2611 4562 2772 4632 ὀρθὸν
2804 4562 3009 4616 σκοπὸν
3040 4563 3388 4634 πραττόμενα
3412 4604 3428 4630 ,
3476 4564 3522 4615 εί
3564 4563 3651 4619 καὶ

2089 4655 2239 4709 δοκεῖ
2282 4654 2424 4709 καλὰ
2457 4650 2617 4722 εἶναι,
2644 4656 2673 4709 ὁ
2699 4655 2831 4721 Θεὸς
2860 4656 3001 4710 καλὰ
3032 4654 3356 4712 ἀποδίδωσιν
3374 4670 3391 4687 ⁸
3429 4652 3558 4710 ἀλλὰ
3585 4650 3649 4707 τὰ

2094 4746 2236 4800 κατὰ
2264 4746 2352 4800 τὸν
2397 4746 2556 4817 ὀρθὸν
2598 4747 2861 4819 δηλονότι.
2909 4750 2985 4803 Οὐ
3023 4749 3131 4821 γὰρ
3159 4752 3240 4814 είς
3271 4750 3341 4804 τὰ
3377 4749 3643 4819 γινόμενα.

2090 4839 2208 4893 ἀλλ’
2234 4839 2314 4903 είς
2352 4838 2444 4893 τὸν
2471 4840 2673 4895 σκοπὸν
2695 4840 2806 4895 τῶν
2834 4842 3155 4913 γινομένων,
3185 4843 3218 4913 ὴ
3248 4840 3341 4895 τοῦ
3378 4839 3511 4894 Θεοῦ
3534 4836 3643 4909 κρί-

2091 4944 2176 4992 σις
2212 4928 2403 4999 ἐφορᾷ.

2158 5018 2261 5091 λη’.
2305 5019 2362 5073 '0
2386 5019 2486 5090 τῆς
2512 5017 2892 5091 ὑπερηφανίας
2918 5018 3146 5091 δαίμων,
3177 5019 3369 5091 διπλῆν
3410 5017 3519 5089 ἔχει
3548 5014 3636 5086 τὴν

2093 5111 2357 5182 πονηρίαν
2381 5128 2395 5142 '
2424 5112 2457 5181 ἢ
2495 5112 2603 5182 γὰρ
2632 5110 2809 5182 ἐαυτῷ
2837 5111 3121 5171 ἀναπείθει
3149 5112 3241 5166 τὸν
3275 5111 3501 5183 μοναχὸν
3532 5109 3635 5161 ἑπι-

2091 5200 2328 5272 γράφειν
2352 5199 2421 5253 τὰ
2459 5198 2879 5270 κατορθώματα,
2906 5199 3000 5252 καὶ
3025 5199 3147 5269 οὐχὶ
3175 5197 3254 5269 τῷ
3290 5197 3427 5267 Θεῷ,
3453 5192 3527 5264 τῷ
3551 5188 3632 5243 καὶ

2091 5289 2312 5362 χορηγῷ
2362 5289 2471 5343 τῶν
2515 5289 2697 5343 καλῶν
2722 5329 2738 5353 ,
2777 5289 2870 5343 καὶ
2907 5288 3089 5360 βοηθῷ
3116 5288 3252 5360 πρὸς
3284 5284 3626 5356 κατόρθωσιν

2087 5383 2120 5453 ἦ
2153 5380 2326 5451 τούτῳ
2355 5380 2429 5452 μὴ
2466 5382 2786 5451 πειθόμενον
2809 5419 2825 5444 ,
2855 5381 2982 5442 τοὺς
3009 5380 3089 5432 ἔτι
3135 5378 3512 5450 ἀτελεστέρους
3535 5366 3626 5422 τῶν

2087 5470 2329 5542 ἀδελφῶν
2370 5471 2484 5543 (ιι)
2519 5471 2809 5526 ὑποϐάλλει
2855 5470 3176 5537 ὲξουθενεῖν.
3230 5469 3437 5538 Ἀγνοεί
3471 5463 3522 5518 δὲ
3547 5459 3624 5513 καὶ

488 5765 566 5837 (ιι)
600 5766 721 5821 Τῶν
765 5767 1063 5837 ἀδελφῶν.
1121 5765 1439 5833 Simplicior
1499 5763 1631 5817 mihi
1688 5763 1804 5815 visa
1853 5760 1970 5813 lucc
2008 5758 2173 5813 lectio
2220 5774 2283 5813 ac
2306 5758 2521 5825 verior,
2579 5773 2702 5829 quae
2743 5758 2859 5829 ipsa
2921 5758 3085 5814 unius
3127 5756 3249 5815 cod.
3300 5749 3453 5821 Regii
3518 5750 3628 5807 est;
