  <div class='ocr_page' id='page_1' title='image "/cluster/home/n/w/nwhite01/storage/ocr_20150623/90/hvd.32044073502197/505.png"; bbox 0 0 4128 6210; ppageno 0'>
   <div class='ocr_carea' id='block_1_1' title="bbox 539 298 648 362">
    <p class='ocr_par' dir='ltr' id='par_1_1' title="bbox 539 298 648 362">
     <span class='ocr_line' id='line_1_1' title="bbox 539 298 648 362; baseline 0.009 -1"><span class='ocrx_word' id='word_1_1' title='bbox 539 298 648 362; x_wconf 83' lang='grc'>999</span> 
     </span>
    </p>
   </div>
   <div class='ocr_carea' id='block_1_2' title="bbox 1705 284 2641 351">
    <p class='ocr_par' dir='ltr' id='par_1_2' title="bbox 1705 284 2641 351">
     <span class='ocr_line' id='line_1_2' title="bbox 1705 284 2641 351; baseline -0.007 1"><span class='ocrx_word' id='word_1_2' title='bbox 1705 291 1765 351; x_wconf 87' lang='lat' dir='ltr'><strong>S.</strong></span> <span class='ocrx_word' id='word_1_3' title='bbox 1807 288 2093 351; x_wconf 73' lang='lat' dir='ltr'><strong>MAXJMI</strong></span> <span class='ocrx_word' id='word_1_4' title='bbox 2131 284 2641 348; x_wconf 81' lang='lat' dir='ltr'><strong>CONFESSORIS</strong></span> 
     </span>
    </p>
   </div>
   <div class='ocr_carea' id='block_1_3' title="bbox 3642 295 3767 361">
    <p class='ocr_par' dir='ltr' id='par_1_3' title="bbox 3642 295 3767 361">
     <span class='ocr_line' id='line_1_3' title="bbox 3642 295 3767 361; baseline 0.024 -3"><span class='ocrx_word' id='word_1_5' title='bbox 3642 295 3767 361; x_wconf 83' lang='grc'>1000</span> 
     </span>
    </p>
   </div>
   <div class='ocr_carea' id='block_1_4' title="bbox 539 398 2107 483">
    <p class='ocr_par' dir='ltr' id='par_1_4' title="bbox 539 405 2107 483">
     <span class='ocr_line' id='line_1_4' title="bbox 539 405 2107 483; baseline -0.004 -16"><span class='ocrx_word' id='word_1_6' title='bbox 539 429 645 467; x_wconf 79' lang='lat' dir='ltr'><strong>non</strong></span> <span class='ocrx_word' id='word_1_7' title='bbox 682 413 862 483; x_wconf 81' lang='lat' dir='ltr'><strong>utique</strong></span> <span class='ocrx_word' id='word_1_8' title='bbox 891 409 1260 481; x_wconf 82' lang='lat' dir='ltr'><strong>judicaremur</strong></span> <span class='ocrx_word' id='word_1_9' title='bbox 1296 422 1314 460; x_wconf 90' lang='lat'><strong><em>:</em></strong></span> <span class='ocrx_word' id='word_1_10' title='bbox 1351 405 1477 460; x_wconf 82' lang='lat' dir='ltr'><strong>dum</strong></span> <span class='ocrx_word' id='word_1_11' title='bbox 1505 407 1815 477; x_wconf 85' lang='lat' dir='ltr'><strong>judicamur</strong></span> <span class='ocrx_word' id='word_1_12' title='bbox 1851 417 2050 469; x_wconf 84' lang='lat' dir='ltr'><strong>autem,</strong></span> <span class='ocrx_word' id='word_1_13' title='bbox 2078 424 2107 460; x_wconf 90' lang='lat' dir='ltr'><strong>a</strong></span> 
     </span>
    </p>
   </div>
   <div class='ocr_carea' id='block_1_5' title="bbox 2209 398 3768 483">
    <p class='ocr_par' dir='ltr' id='par_1_5' title="bbox 2214 398 3768 481">
     <span class='ocr_line' id='line_1_5' title="bbox 2214 398 3768 481; baseline 0.005 -22"><span class='ocrx_word' id='word_1_14' title='bbox 2214 406 2641 476; x_wconf 80' lang='grc' dir='ltr'><strong>παιδευόμεθα,</strong></span> <span class='ocrx_word' id='word_1_15' title='bbox 2691 405 2792 459; x_wconf 74' lang='grc' dir='ltr'><strong>ἵνα</strong></span> <span class='ocrx_word' id='word_1_16' title='bbox 2838 404 2925 474; x_wconf 73' lang='grc' dir='ltr'>μὴ</span> <span class='ocrx_word' id='word_1_17' title='bbox 2984 406 3107 459; x_wconf 82' lang='grc' dir='ltr'><strong>σὺν</strong></span> <span class='ocrx_word' id='word_1_18' title='bbox 3145 398 3226 471; x_wconf 77' lang='grc' dir='ltr'>τῷ</span> <span class='ocrx_word' id='word_1_19' title='bbox 3258 407 3465 476; x_wconf 79' lang='grc' dir='ltr'>κόσμῳ</span> <span class='ocrx_word' id='word_1_20' title='bbox 3508 424 3768 481; x_wconf 76' lang='grc' dir='ltr'>κατακρι-</span> 
     </span>
    </p>
   </div>
   <div class='ocr_carea' id='block_1_6' title="bbox 537 499 2107 572">
    <p class='ocr_par' dir='ltr' id='par_1_6' title="bbox 537 499 2107 572">
     <span class='ocr_line' id='line_1_6' title="bbox 537 499 2107 572; baseline -0.003 -14"><span class='ocrx_word' id='word_1_21' title='bbox 537 503 763 557; x_wconf 83' lang='lat' dir='ltr'><strong>Domino</strong></span> <span class='ocrx_word' id='word_1_22' title='bbox 788 502 1124 572; x_wconf 80' lang='lat' dir='ltr'><strong>corripimur,</strong></span> <span class='ocrx_word' id='word_1_23' title='bbox 1146 515 1210 552; x_wconf 81' lang='lat' dir='ltr'><strong>ne</strong></span> <span class='ocrx_word' id='word_1_24' title='bbox 1235 515 1353 552; x_wconf 85' lang='lat' dir='ltr'><strong>cum</strong></span> <span class='ocrx_word' id='word_1_25' title='bbox 1381 500 1475 553; x_wconf 83' lang='lat' dir='ltr'><strong>hoc</strong></span> <span class='ocrx_word' id='word_1_26' title='bbox 1496 499 1691 553; x_wconf 83' lang='lat' dir='ltr'><strong>mundo</strong></span> <span class='ocrx_word' id='word_1_27' title='bbox 1713 500 2107 554; x_wconf 72' lang='lat' dir='ltr'><strong>damnamur“.</strong></span> 
     </span>
    </p>
   </div>
   <div class='ocr_carea' id='block_1_7' title="bbox 611 589 2107 669">
    <p class='ocr_par' dir='ltr' id='par_1_7' title="bbox 611 589 2107 669">
     <span class='ocr_line' id='line_1_7' title="bbox 611 589 2107 669; baseline -0.001 -22"><span class='ocrx_word' id='word_1_28' title='bbox 611 594 699 647; x_wconf 74' lang='grc'><strong>42.</strong></span> <span class='ocrx_word' id='word_1_29' title='bbox 729 592 864 647; x_wconf 88' lang='lat' dir='ltr'><strong>Cum</strong></span> <span class='ocrx_word' id='word_1_30' title='bbox 906 607 973 669; x_wconf 80' lang='lat' dir='ltr'><strong>ex</strong></span> <span class='ocrx_word' id='word_1_31' title='bbox 1017 589 1315 660; x_wconf 87' lang='lat' dir='ltr'><strong>improviso</strong></span> <span class='ocrx_word' id='word_1_32' title='bbox 1355 590 1455 644; x_wconf 90' lang='lat' dir='ltr'><strong>tibi</strong></span> <span class='ocrx_word' id='word_1_33' title='bbox 1498 590 1728 645; x_wconf 83' lang='lat' dir='ltr'><strong>tentatio</strong></span> <span class='ocrx_word' id='word_1_34' title='bbox 1762 592 2007 655; x_wconf 78' lang='lat' dir='ltr'><strong>venerit,</strong></span> <span class='ocrx_word' id='word_1_35' title='bbox 2038 606 2107 645; x_wconf 91' lang='lat' dir='ltr'><strong>ne</strong></span> 
     </span>
    </p>
   </div>
   <div class='ocr_carea' id='block_1_8' title="bbox 540 683 2108 752">
    <p class='ocr_par' dir='ltr' id='par_1_8' title="bbox 540 683 2108 752">
     <span class='ocr_line' id='line_1_8' title="bbox 540 683 2108 752; baseline -0.001 -14"><span class='ocrx_word' id='word_1_36' title='bbox 540 686 692 740; x_wconf 90' lang='lat' dir='ltr'><strong>illum</strong></span> <span class='ocrx_word' id='word_1_37' title='bbox 744 683 1118 747; x_wconf 86' lang='lat' dir='ltr'><strong>accusaveris,</strong></span> <span class='ocrx_word' id='word_1_38' title='bbox 1167 698 1266 752; x_wconf 91' lang='lat' dir='ltr'><strong>per</strong></span> <span class='ocrx_word' id='word_1_39' title='bbox 1308 698 1470 752; x_wconf 91' lang='lat' dir='ltr'><strong>quem</strong></span> <span class='ocrx_word' id='word_1_40' title='bbox 1516 683 1699 748; x_wconf 90' lang='lat' dir='ltr'><strong>venit,</strong></span> <span class='ocrx_word' id='word_1_41' title='bbox 1742 683 1838 738; x_wconf 89' lang='lat' dir='ltr'><strong>sed</strong></span> <span class='ocrx_word' id='word_1_42' title='bbox 1888 699 2108 738; x_wconf 83' lang='lat' dir='ltr'><strong>causam</strong></span> 
     </span>
    </p>
   </div>
   <div class='ocr_carea' id='block_1_9' title="bbox 538 775 2109 845">
    <p class='ocr_par' dir='ltr' id='par_1_9' title="bbox 538 775 2109 845">
     <span class='ocr_line' id='line_1_9' title="bbox 538 775 2109 845; baseline 0 -16"><span class='ocrx_word' id='word_1_43' title='bbox 538 791 721 845; x_wconf 64' lang='lat' dir='ltr'><strong>quaere</strong></span> <span class='ocrx_word' id='word_1_44' title='bbox 764 775 837 829; x_wconf 89' lang='lat' dir='ltr'><strong>ob</strong></span> <span class='ocrx_word' id='word_1_45' title='bbox 881 791 1045 845; x_wconf 84' lang='lat' dir='ltr'><strong>quam</strong></span> <span class='ocrx_word' id='word_1_46' title='bbox 1091 775 1182 829; x_wconf 89' lang='lat' dir='ltr'><strong>illa</strong></span> <span class='ocrx_word' id='word_1_47' title='bbox 1225 775 1459 838; x_wconf 78' lang='lat' dir='ltr'><strong>venerit,</strong></span> <span class='ocrx_word' id='word_1_48' title='bbox 1495 775 1848 845; x_wconf 82' lang='lat' dir='ltr'><strong>inveniesque</strong></span> <span class='ocrx_word' id='word_1_49' title='bbox 1889 790 1999 844; x_wconf 89' lang='lat' dir='ltr'><strong>quo</strong></span> <span class='ocrx_word' id='word_1_50' title='bbox 2042 776 2109 829; x_wconf 90' lang='lat' dir='ltr'><strong>ad</strong></span> 
     </span>
    </p>
   </div>
   <div class='ocr_carea' id='block_1_10' title="bbox 539 865 2111 936">
    <p class='ocr_par' dir='ltr' id='par_1_10' title="bbox 539 865 2111 936">
     <span class='ocr_line' id='line_1_10' title="bbox 539 865 2111 936; baseline 0.001 -18"><span class='ocrx_word' id='word_1_51' title='bbox 539 866 825 920; x_wconf 81' lang='lat' dir='ltr'><strong>meliorem</strong></span> <span class='ocrx_word' id='word_1_52' title='bbox 862 866 1075 936; x_wconf 81' lang='lat' dir='ltr'><strong>frugem</strong></span> <span class='ocrx_word' id='word_1_53' title='bbox 1118 866 1485 936; x_wconf 86' lang='lat' dir='ltr'><strong>componaris.</strong></span> <span class='ocrx_word' id='word_1_54' title='bbox 1525 866 1743 935; x_wconf 85' lang='lat' dir='ltr'><strong>Alioqui</strong></span> <span class='ocrx_word' id='word_1_55' title='bbox 1781 867 1959 930; x_wconf 89' lang='lat' dir='ltr'><strong>enim,</strong></span> <span class='ocrx_word' id='word_1_56' title='bbox 1995 865 2111 921; x_wconf 85' lang='lat' dir='ltr'><strong>sive</strong></span> 
     </span>
    </p>
   </div>
   <div class='ocr_carea' id='block_1_11' title="bbox 539 956 2110 1021">
    <p class='ocr_par' dir='ltr' id='par_1_11' title="bbox 539 956 2110 1021">
     <span class='ocr_line' id='line_1_11' title="bbox 539 956 2110 1021; baseline 0.003 -12"><span class='ocrx_word' id='word_1_57' title='bbox 539 956 664 1021; x_wconf 89' lang='lat' dir='ltr'><strong>hoc,</strong></span> <span class='ocrx_word' id='word_1_58' title='bbox 694 971 809 1011; x_wconf 74' lang='lat' dir='ltr'><strong>srve</strong></span> <span class='ocrx_word' id='word_1_59' title='bbox 840 957 949 1011; x_wconf 89' lang='lat' dir='ltr'><strong>alio</strong></span> <span class='ocrx_word' id='word_1_60' title='bbox 977 966 1226 1021; x_wconf 89' lang='lat' dir='ltr'><strong>auctore,</strong></span> <span class='ocrx_word' id='word_1_61' title='bbox 1253 957 1585 1011; x_wconf 89' lang='lat' dir='ltr'><strong>ebibendum</strong></span> <span class='ocrx_word' id='word_1_62' title='bbox 1614 957 1715 1012; x_wconf 90' lang='lat' dir='ltr'><strong>tibi</strong></span> <span class='ocrx_word' id='word_1_63' title='bbox 1743 966 1865 1012; x_wconf 89' lang='lat' dir='ltr'><strong>erat</strong></span> <span class='ocrx_word' id='word_1_64' title='bbox 1891 957 2110 1013; x_wconf 87' lang='lat' dir='ltr'><strong>divino-</strong></span> 
     </span>
    </p>
   </div>
   <div class='ocr_carea' id='block_1_12' title="bbox 538 1048 1407 1119">
    <p class='ocr_par' dir='ltr' id='par_1_12' title="bbox 538 1048 1407 1119">
     <span class='ocr_line' id='line_1_12' title="bbox 538 1048 1407 1119; baseline 0 -18"><span class='ocrx_word' id='word_1_65' title='bbox 538 1065 657 1101; x_wconf 89' lang='lat' dir='ltr'><strong>rum</strong></span> <span class='ocrx_word' id='word_1_66' title='bbox 687 1049 1018 1119; x_wconf 90' lang='lat' dir='ltr'><strong>judiciorum</strong></span> <span class='ocrx_word' id='word_1_67' title='bbox 1047 1048 1407 1103; x_wconf 75' lang='lat' dir='ltr'><strong>absinthium.</strong></span> 
     </span>
    </p>
   </div>
   <div class='ocr_carea' id='block_1_13' title="bbox 605 1140 2110 1210">
    <p class='ocr_par' dir='ltr' id='par_1_13' title="bbox 605 1140 2110 1210">
     <span class='ocr_line' id='line_1_13' title="bbox 605 1140 2110 1210; baseline 0.001 -15"><span class='ocrx_word' id='word_1_68' title='bbox 605 1142 694 1195; x_wconf 70' lang='grc'><strong>45.</strong></span> <span class='ocrx_word' id='word_1_69' title='bbox 722 1140 995 1208; x_wconf 86' lang='lat' dir='ltr'><strong>Quantum</strong></span> <span class='ocrx_word' id='word_1_70' title='bbox 1032 1142 1315 1210; x_wconf 84' lang='lat' dir='ltr'><strong>improbus</strong></span> <span class='ocrx_word' id='word_1_71' title='bbox 1347 1157 1408 1195; x_wconf 83' lang='lat' dir='ltr'><strong>es</strong></span> <span class='ocrx_word' id='word_1_72' title='bbox 1440 1157 1503 1196; x_wconf 92' lang='lat' dir='ltr'><strong>ac</strong></span> <span class='ocrx_word' id='word_1_73' title='bbox 1535 1140 1722 1210; x_wconf 82' lang='lat' dir='ltr'><strong>pravis</strong></span> <span class='ocrx_word' id='word_1_74' title='bbox 1749 1140 2014 1207; x_wconf 89' lang='lat' dir='ltr'><strong>moribus,</strong></span> <span class='ocrx_word' id='word_1_75' title='bbox 2039 1155 2110 1196; x_wconf 89' lang='lat' dir='ltr'><strong>ne</strong></span> 
     </span>
    </p>
   </div>
   <div class='ocr_carea' id='block_1_14' title="bbox 536 1231 2106 1305">
    <p class='ocr_par' dir='ltr' id='par_1_14' title="bbox 536 1231 2106 1305">
     <span class='ocr_line' id='line_1_14' title="bbox 536 1231 2106 1305; baseline 0 -17"><span class='ocrx_word' id='word_1_76' title='bbox 536 1249 735 1289; x_wconf 86' lang='lat' dir='ltr'><strong>renuas</strong></span> <span class='ocrx_word' id='word_1_77' title='bbox 755 1249 923 1289; x_wconf 89' lang='lat' dir='ltr'><strong>carne</strong></span> <span class='ocrx_word' id='word_1_78' title='bbox 944 1233 1219 1299; x_wconf 81' lang='lat' dir='ltr'><strong>aﬂlictari;</strong></span> <span class='ocrx_word' id='word_1_79' title='bbox 1244 1241 1304 1288; x_wconf 88' lang='lat' dir='ltr'><strong>ut</strong></span> <span class='ocrx_word' id='word_1_80' title='bbox 1321 1234 1443 1305; x_wconf 93' lang='lat' dir='ltr'><strong>ejus</strong></span> <span class='ocrx_word' id='word_1_81' title='bbox 1462 1233 1747 1288; x_wconf 85' lang='lat' dir='ltr'><strong>laboribus</strong></span> <span class='ocrx_word' id='word_1_82' title='bbox 1769 1231 2106 1300; x_wconf 76' lang='lat' dir='ltr'><strong>humiliatus,</strong></span> 
     </span>
    </p>
   </div>
   <div class='ocr_carea' id='block_1_15' title="bbox 533 1324 1281 1397">
    <p class='ocr_par' dir='ltr' id='par_1_15' title="bbox 533 1324 1281 1397">
     <span class='ocr_line' id='line_1_15' title="bbox 533 1324 1281 1397; baseline -0.005 -15"><span class='ocrx_word' id='word_1_83' title='bbox 533 1341 740 1397; x_wconf 79' lang='lat' dir='ltr'><strong>expnas</strong></span> <span class='ocrx_word' id='word_1_84' title='bbox 764 1324 1039 1395; x_wconf 64' lang='lat' dir='ltr'><strong>superbiae</strong></span> <span class='ocrx_word' id='word_1_85' title='bbox 1062 1324 1281 1379; x_wconf 83' lang='lat' dir='ltr'><strong>fastum.</strong></span> 
     </span>
    </p>
   </div>
   <div class='ocr_carea' id='block_1_16' title="bbox 605 1428 2106 1498">
    <p class='ocr_par' dir='ltr' id='par_1_16' title="bbox 605 1428 2106 1498">
     <span class='ocr_line' id='line_1_16' title="bbox 605 1428 2106 1498; baseline -0.002 -13"><span class='ocrx_word' id='word_1_86' title='bbox 605 1432 696 1485; x_wconf 74' lang='grc'>44.</span> <span class='ocrx_word' id='word_1_87' title='bbox 714 1429 1103 1485; x_wconf 73' lang='lat' dir='ltr'><strong>Tentationum</strong></span> <span class='ocrx_word' id='word_1_88' title='bbox 1118 1429 1609 1498; x_wconf 80' lang='lat' dir='ltr'><strong>aliae,voluptatcs;</strong></span> <span class='ocrx_word' id='word_1_89' title='bbox 1625 1428 1766 1495; x_wconf 64' lang='lat' dir='ltr'><strong>aliae,</strong></span> <span class='ocrx_word' id='word_1_90' title='bbox 1784 1443 2106 1494; x_wconf 71' lang='lat' dir='ltr'><strong>mmrorem;</strong></span> 
     </span>
    </p>
   </div>
   <div class='ocr_carea' id='block_1_17' title="bbox 536 1519 2110 1591">
    <p class='ocr_par' dir='ltr' id='par_1_17' title="bbox 536 1519 2110 1591">
     <span class='ocr_line' id='line_1_17' title="bbox 536 1519 2110 1591; baseline -0.002 -15"><span class='ocrx_word' id='word_1_91' title='bbox 536 1521 674 1586; x_wconf 63' lang='lat' dir='ltr'><strong>aliaa,</strong></span> <span class='ocrx_word' id='word_1_92' title='bbox 704 1536 1000 1591; x_wconf 83' lang='lat' dir='ltr'><strong>corporum</strong></span> <span class='ocrx_word' id='word_1_93' title='bbox 1028 1521 1306 1575; x_wconf 82' lang='lat' dir='ltr'><strong>cruciatus</strong></span> <span class='ocrx_word' id='word_1_94' title='bbox 1334 1520 1653 1589; x_wconf 86' lang='lat' dir='ltr'><strong>hominibus</strong></span> <span class='ocrx_word' id='word_1_95' title='bbox 1677 1519 1978 1574; x_wconf 90' lang='lat' dir='ltr'><strong>adducunt.</strong></span> <span class='ocrx_word' id='word_1_96' title='bbox 2004 1520 2110 1574; x_wconf 91' lang='lat' dir='ltr'><strong>Pro</strong></span> 
     </span>
    </p>
   </div>
   <div class='ocr_carea' id='block_1_18' title="bbox 533 1610 2107 1676">
    <p class='ocr_par' dir='ltr' id='par_1_18' title="bbox 533 1610 2107 1676">
     <span class='ocr_line' id='line_1_18' title="bbox 533 1610 2107 1676; baseline -0.002 -9"><span class='ocrx_word' id='word_1_97' title='bbox 533 1614 831 1668; x_wconf 77' lang='lat' dir='ltr'><strong>affectuum</strong></span> <span class='ocrx_word' id='word_1_98' title='bbox 872 1613 1023 1668; x_wconf 87' lang='lat' dir='ltr'><strong>enim</strong></span> <span class='ocrx_word' id='word_1_99' title='bbox 1063 1613 1246 1666; x_wconf 90' lang='lat' dir='ltr'><strong>animo</strong></span> <span class='ocrx_word' id='word_1_100' title='bbox 1286 1612 1529 1667; x_wconf 71' lang='lat' dir='ltr'><strong>hmrente</strong></span> <span class='ocrx_word' id='word_1_101' title='bbox 1572 1626 1760 1676; x_wconf 88' lang='lat' dir='ltr'><strong>causa,</strong></span> <span class='ocrx_word' id='word_1_102' title='bbox 1800 1610 2107 1665; x_wconf 88' lang='lat' dir='ltr'><strong>animorum</strong></span> 
     </span>
    </p>
   </div>
   <div class='ocr_carea' id='block_1_19' title="bbox 534 1702 1979 1776">
    <p class='ocr_par' dir='ltr' id='par_1_19' title="bbox 534 1702 1979 1776">
     <span class='ocr_line' id='line_1_19' title="bbox 534 1702 1979 1776; baseline -0.003 -17"><span class='ocrx_word' id='word_1_103' title='bbox 534 1705 784 1760; x_wconf 88' lang='lat' dir='ltr'><strong>medicus</strong></span> <span class='ocrx_word' id='word_1_104' title='bbox 812 1721 910 1775; x_wconf 90' lang='lat' dir='ltr'><strong>per</strong></span> <span class='ocrx_word' id='word_1_105' title='bbox 935 1720 1034 1759; x_wconf 87' lang='lat' dir='ltr'><strong>sua</strong></span> <span class='ocrx_word' id='word_1_106' title='bbox 1058 1704 1267 1776; x_wconf 85' lang='lat' dir='ltr'><strong>judicia</strong></span> <span class='ocrx_word' id='word_1_107' title='bbox 1295 1703 1524 1758; x_wconf 82' lang='lat' dir='ltr'><strong>adhibet</strong></span> <span class='ocrx_word' id='word_1_108' title='bbox 1547 1711 1603 1757; x_wconf 88' lang='lat' dir='ltr'><strong>ct</strong></span> <span class='ocrx_word' id='word_1_109' title='bbox 1629 1702 1979 1756; x_wconf 88' lang='lat' dir='ltr'><strong>medicinam.</strong></span> 
     </span>
    </p>
   </div>
   <div class='ocr_carea' id='block_1_20' title="bbox 604 1885 2113 1958">
    <p class='ocr_par' dir='ltr' id='par_1_20' title="bbox 604 1885 2113 1958">
     <span class='ocr_line' id='line_1_20' title="bbox 604 1885 2113 1958; baseline -0.005 -11"><span class='ocrx_word' id='word_1_110' title='bbox 604 1894 693 1947; x_wconf 72' lang='grc'><strong>45.</strong></span> <span class='ocrx_word' id='word_1_111' title='bbox 716 1891 849 1958; x_wconf 73' lang='lat' dir='ltr'><strong>Qua:</strong></span> <span class='ocrx_word' id='word_1_112' title='bbox 873 1890 1184 1945; x_wconf 81' lang='lat' dir='ltr'><strong>inferuntur</strong></span> <span class='ocrx_word' id='word_1_113' title='bbox 1206 1889 1559 1953; x_wconf 86' lang='lat' dir='ltr'><strong>tentationes,</strong></span> <span class='ocrx_word' id='word_1_114' title='bbox 1582 1887 1703 1942; x_wconf 92' lang='lat' dir='ltr'><strong>aliis</strong></span> <span class='ocrx_word' id='word_1_115' title='bbox 1726 1885 1949 1957; x_wconf 79' lang='lat' dir='ltr'><strong>quidem</strong></span> <span class='ocrx_word' id='word_1_116' title='bbox 1974 1885 2113 1940; x_wconf 81' lang='lat' dir='ltr'><strong>infe-</strong></span> 
     </span>
    </p>
   </div>
   <div class='ocr_carea' id='block_1_21' title="bbox 533 1977 2112 2052">
    <p class='ocr_par' dir='ltr' id='par_1_21' title="bbox 533 1977 2112 2052">
     <span class='ocr_line' id='line_1_21' title="bbox 533 1977 2112 2052; baseline -0.005 -14"><span class='ocrx_word' id='word_1_117' title='bbox 533 1992 753 2047; x_wconf 85' lang='lat' dir='ltr'><strong>runtur,</strong></span> <span class='ocrx_word' id='word_1_118' title='bbox 778 1992 838 2037; x_wconf 87' lang='lat' dir='ltr'><strong>ut</strong></span> <span class='ocrx_word' id='word_1_119' title='bbox 869 1981 1151 2052; x_wconf 65' lang='lat' dir='ltr'><strong>praeterita</strong></span> <span class='ocrx_word' id='word_1_120' title='bbox 1186 1988 1409 2050; x_wconf 89' lang='lat' dir='ltr'><strong>peccata</strong></span> <span class='ocrx_word' id='word_1_121' title='bbox 1437 1979 1677 2042; x_wconf 85' lang='lat' dir='ltr'><strong>diluam;</strong></span> <span class='ocrx_word' id='word_1_122' title='bbox 1711 1977 1834 2032; x_wconf 88' lang='lat' dir='ltr'><strong>aliis</strong></span> <span class='ocrx_word' id='word_1_123' title='bbox 1861 1992 2021 2041; x_wconf 90' lang='lat' dir='ltr'><strong>vero,</strong></span> <span class='ocrx_word' id='word_1_124' title='bbox 2051 1985 2112 2031; x_wconf 88' lang='lat' dir='ltr'><strong>ut</strong></span> 
     </span>
    </p>
   </div>
   <div class='ocr_carea' id='block_1_22' title="bbox 532 2069 2110 2146">
    <p class='ocr_par' dir='ltr' id='par_1_22' title="bbox 532 2069 2110 2146">
     <span class='ocr_line' id='line_1_22' title="bbox 532 2069 2110 2146; baseline -0.004 -16"><span class='ocrx_word' id='word_1_125' title='bbox 532 2091 656 2146; x_wconf 64' lang='lat' dir='ltr'><strong>quae</strong></span> <span class='ocrx_word' id='word_1_126' title='bbox 685 2074 1177 2146; x_wconf 66' lang='lat' dir='ltr'><strong>impraesentiarum</strong></span> <span class='ocrx_word' id='word_1_127' title='bbox 1220 2080 1476 2141; x_wconf 84' lang='lat' dir='ltr'><strong>peccant;</strong></span> <span class='ocrx_word' id='word_1_128' title='bbox 1520 2071 1641 2125; x_wconf 88' lang='lat' dir='ltr'><strong>aliis</strong></span> <span class='ocrx_word' id='word_1_129' title='bbox 1675 2071 1936 2140; x_wconf 90' lang='lat' dir='ltr'><strong>denique,</strong></span> <span class='ocrx_word' id='word_1_130' title='bbox 1966 2079 2027 2123; x_wconf 91' lang='lat' dir='ltr'><strong>ut</strong></span> <span class='ocrx_word' id='word_1_131' title='bbox 2055 2069 2110 2123; x_wconf 93' lang='lat' dir='ltr'><strong>in</strong></span> 
     </span>
    </p>
   </div>
   <div class='ocr_carea' id='block_1_23' title="bbox 531 2160 2110 2238">
    <p class='ocr_par' dir='ltr' id='par_1_23' title="bbox 531 2160 2110 2238">
     <span class='ocr_line' id='line_1_23' title="bbox 531 2160 2110 2238; baseline -0.005 -18"><span class='ocrx_word' id='word_1_132' title='bbox 531 2167 692 2238; x_wconf 60' lang='lat'><strong>5,17</strong></span> <span class='ocrx_word' id='word_1_133' title='bbox 720 2173 1007 2235; x_wconf 84' lang='lat' dir='ltr'><strong>posterum</strong></span> <span class='ocrx_word' id='word_1_134' title='bbox 1035 2160 1426 2218; x_wconf 89' lang='lat' dir='ltr'><strong>committenda</strong></span> <span class='ocrx_word' id='word_1_135' title='bbox 1466 2160 1783 2226; x_wconf 87' lang='lat' dir='ltr'><strong>inhibeant;</strong></span> <span class='ocrx_word' id='word_1_136' title='bbox 1825 2166 2024 2229; x_wconf 70' lang='lat' dir='ltr'><strong>prmter</strong></span> <span class='ocrx_word' id='word_1_137' title='bbox 2046 2173 2110 2213; x_wconf 86' lang='lat' dir='ltr'><strong>ea</strong></span> 
     </span>
    </p>
   </div>
   <div class='ocr_carea' id='block_1_24' title="bbox 533 2250 2112 2327">
    <p class='ocr_par' dir='ltr' id='par_1_24' title="bbox 533 2250 2112 2327">
     <span class='ocr_line' id='line_1_24' title="bbox 533 2250 2112 2327; baseline -0.005 -14"><span class='ocrx_word' id='word_1_138' title='bbox 533 2259 674 2313; x_wconf 87' lang='lat' dir='ltr'><strong>mala</strong></span> <span class='ocrx_word' id='word_1_139' title='bbox 714 2272 834 2327; x_wconf 72' lang='lat' dir='ltr'><strong>quae</strong></span> <span class='ocrx_word' id='word_1_140' title='bbox 872 2253 1213 2325; x_wconf 86' lang='lat' dir='ltr'><strong>probationis</strong></span> <span class='ocrx_word' id='word_1_141' title='bbox 1254 2267 1419 2307; x_wconf 86' lang='lat' dir='ltr'><strong>causa</strong></span> <span class='ocrx_word' id='word_1_142' title='bbox 1453 2252 1748 2315; x_wconf 87' lang='lat' dir='ltr'><strong>eveniunt,</strong></span> <span class='ocrx_word' id='word_1_143' title='bbox 1774 2260 1837 2305; x_wconf 88' lang='lat' dir='ltr'><strong>ut</strong></span> <span class='ocrx_word' id='word_1_144' title='bbox 1865 2250 1920 2304; x_wconf 89' lang='lat' dir='ltr'><strong>in</strong></span> <span class='ocrx_word' id='word_1_145' title='bbox 1950 2250 2112 2305; x_wconf 85' lang='lat' dir='ltr'><strong>beato</strong></span> 
     </span>
    </p>
   </div>
   <div class='ocr_carea' id='block_1_25' title="bbox 530 2349 653 2405">
    <p class='ocr_par' dir='ltr' id='par_1_25' title="bbox 530 2349 653 2405">
     <span class='ocr_line' id='line_1_25' title="bbox 530 2349 653 2405; baseline -0.016 0"><span class='ocrx_word' id='word_1_146' title='bbox 530 2349 653 2405; x_wconf 84' lang='lat' dir='ltr'><strong>Job.</strong></span> 
     </span>
    </p>
   </div>
   <div class='ocr_carea' id='block_1_26' title="bbox 602 2432 2113 2503">
    <p class='ocr_par' dir='ltr' id='par_1_26' title="bbox 602 2432 2113 2503">
     <span class='ocr_line' id='line_1_26' title="bbox 602 2432 2113 2503; baseline -0.004 -10"><span class='ocrx_word' id='word_1_147' title='bbox 602 2439 691 2493; x_wconf 76' lang='grc'>46.</span> <span class='ocrx_word' id='word_1_148' title='bbox 716 2436 989 2493; x_wconf 87' lang='lat' dir='ltr'><strong>Cordatus</strong></span> <span class='ocrx_word' id='word_1_149' title='bbox 1016 2436 1204 2499; x_wconf 89' lang='lat' dir='ltr'><strong>homo,</strong></span> <span class='ocrx_word' id='word_1_150' title='bbox 1230 2433 1543 2489; x_wconf 87' lang='lat' dir='ltr'><strong>divinorum</strong></span> <span class='ocrx_word' id='word_1_151' title='bbox 1569 2432 1906 2503; x_wconf 76' lang='lat' dir='ltr'><strong>iudiciorum</strong></span> <span class='ocrx_word' id='word_1_152' title='bbox 1935 2447 2113 2487; x_wconf 90' lang='lat' dir='ltr'><strong>reme-</strong></span> 
     </span>
    </p>
   </div>
   <div class='ocr_carea' id='block_1_27' title="bbox 531 2521 2109 2595">
    <p class='ocr_par' dir='ltr' id='par_1_27' title="bbox 531 2521 2109 2595">
     <span class='ocr_line' id='line_1_27' title="bbox 531 2521 2109 2595; baseline -0.003 -14"><span class='ocrx_word' id='word_1_153' title='bbox 531 2527 685 2581; x_wconf 89' lang='lat' dir='ltr'><strong>dium</strong></span> <span class='ocrx_word' id='word_1_154' title='bbox 711 2533 993 2595; x_wconf 86' lang='lat' dir='ltr'><strong>reputans,</strong></span> <span class='ocrx_word' id='word_1_155' title='bbox 1024 2538 1146 2594; x_wconf 64' lang='lat' dir='ltr'><strong>quaa</strong></span> <span class='ocrx_word' id='word_1_156' title='bbox 1176 2523 1304 2578; x_wconf 88' lang='lat' dir='ltr'><strong>inde</strong></span> <span class='ocrx_word' id='word_1_157' title='bbox 1334 2522 1412 2576; x_wconf 87' lang='lat' dir='ltr'><strong>illi</strong></span> <span class='ocrx_word' id='word_1_158' title='bbox 1442 2521 1665 2576; x_wconf 83' lang='lat' dir='ltr'><strong>tristitia</strong></span> <span class='ocrx_word' id='word_1_159' title='bbox 1696 2522 1948 2591; x_wconf 86' lang='lat' dir='ltr'><strong>malaque</strong></span> <span class='ocrx_word' id='word_1_160' title='bbox 1978 2536 2109 2577; x_wconf 87' lang='lat' dir='ltr'><strong>eve-</strong></span> 
     </span>
    </p>
   </div>
   <div class='ocr_carea' id='block_1_28' title="bbox 532 2613 2111 2688">
    <p class='ocr_par' dir='ltr' id='par_1_28' title="bbox 532 2613 2111 2688">
     <span class='ocr_line' id='line_1_28' title="bbox 532 2613 2111 2688; baseline -0.006 -14"><span class='ocrx_word' id='word_1_161' title='bbox 532 2621 725 2685; x_wconf 89' lang='lat' dir='ltr'><strong>niunt,</strong></span> <span class='ocrx_word' id='word_1_162' title='bbox 755 2634 912 2688; x_wconf 65' lang='lat' dir='ltr'><strong>aequo</strong></span> <span class='ocrx_word' id='word_1_163' title='bbox 954 2616 1138 2670; x_wconf 91' lang='lat' dir='ltr'><strong>animo</strong></span> <span class='ocrx_word' id='word_1_164' title='bbox 1180 2614 1384 2685; x_wconf 83' lang='lat' dir='ltr'><strong>gratias</strong></span> <span class='ocrx_word' id='word_1_165' title='bbox 1424 2628 1592 2683; x_wconf 86' lang='lat' dir='ltr'><strong>agens</strong></span> <span class='ocrx_word' id='word_1_166' title='bbox 1633 2613 1856 2678; x_wconf 86' lang='lat' dir='ltr'><strong>tolerat;</strong></span> <span class='ocrx_word' id='word_1_167' title='bbox 1903 2613 2111 2666; x_wconf 89' lang='lat' dir='ltr'><strong>nullum</strong></span> 
     </span>
    </p>
   </div>
   <div class='ocr_carea' id='block_1_29' title="bbox 531 2712 2111 2775">
    <p class='ocr_par' dir='ltr' id='par_1_29' title="bbox 531 2712 2111 2775">
     <span class='ocr_line' id='line_1_29' title="bbox 531 2712 2111 2775; baseline -0.004 -9"><span class='ocrx_word' id='word_1_168' title='bbox 531 2712 701 2767; x_wconf 85' lang='lat' dir='ltr'><strong>alium</strong></span> <span class='ocrx_word' id='word_1_169' title='bbox 741 2712 939 2765; x_wconf 89' lang='lat' dir='ltr'><strong>horum</strong></span> <span class='ocrx_word' id='word_1_170' title='bbox 981 2715 1294 2771; x_wconf 86' lang='lat' dir='ltr'><strong>auctorem,</strong></span> <span class='ocrx_word' id='word_1_171' title='bbox 1339 2714 1706 2775; x_wconf 75' lang='lat' dir='ltr'><strong>praeterquam</strong></span> <span class='ocrx_word' id='word_1_172' title='bbox 1748 2712 1972 2774; x_wconf 87' lang='lat' dir='ltr'><strong>peccata</strong></span> <span class='ocrx_word' id='word_1_173' title='bbox 2012 2719 2111 2759; x_wconf 88' lang='lat' dir='ltr'><strong>sua</strong></span> 
     </span>
    </p>
   </div>
   <div class='ocr_carea' id='block_1_30' title="bbox 532 2796 2110 2866">
    <p class='ocr_par' dir='ltr' id='par_1_30' title="bbox 532 2796 2110 2866">
     <span class='ocr_line' id='line_1_30' title="bbox 532 2796 2110 2866; baseline -0.006 -7"><span class='ocrx_word' id='word_1_174' title='bbox 532 2804 872 2859; x_wconf 77' lang='lat' dir='ltr'><strong>existimans.</strong></span> <span class='ocrx_word' id='word_1_175' title='bbox 896 2803 1101 2858; x_wconf 82' lang='lat' dir='ltr'><strong>Vecors</strong></span> <span class='ocrx_word' id='word_1_176' title='bbox 1138 2807 1321 2853; x_wconf 89' lang='lat' dir='ltr'><strong>autem</strong></span> <span class='ocrx_word' id='word_1_177' title='bbox 1353 2811 1415 2851; x_wconf 88' lang='lat' dir='ltr'><strong>ac</strong></span> <span class='ocrx_word' id='word_1_178' title='bbox 1444 2796 1743 2866; x_wconf 85' lang='lat' dir='ltr'><strong>insipiens,</strong></span> <span class='ocrx_word' id='word_1_179' title='bbox 1771 2796 2110 2865; x_wconf 83' lang='lat' dir='ltr'><strong>sapientissi-</strong></span> 
     </span>
    </p>
   </div>
   <div class='ocr_carea' id='block_1_31' title="bbox 534 2887 2111 2964">
    <p class='ocr_par' dir='ltr' id='par_1_31' title="bbox 534 2887 2111 2964">
     <span class='ocr_line' id='line_1_31' title="bbox 534 2887 2111 2964; baseline -0.005 -13"><span class='ocrx_word' id='word_1_180' title='bbox 534 2911 677 2950; x_wconf 86' lang='lat' dir='ltr'><strong>mam</strong></span> <span class='ocrx_word' id='word_1_181' title='bbox 724 2894 822 2950; x_wconf 86' lang='lat' dir='ltr'><strong>Dei</strong></span> <span class='ocrx_word' id='word_1_182' title='bbox 871 2891 1276 2964; x_wconf 83' lang='lat' dir='ltr'><strong>providentiam</strong></span> <span class='ocrx_word' id='word_1_183' title='bbox 1322 2889 1613 2958; x_wconf 81' lang='lat' dir='ltr'><strong>ignorans,</strong></span> <span class='ocrx_word' id='word_1_184' title='bbox 1648 2887 1780 2942; x_wconf 89' lang='lat' dir='ltr'><strong>dum</strong></span> <span class='ocrx_word' id='word_1_185' title='bbox 1822 2897 2016 2957; x_wconf 90' lang='lat' dir='ltr'><strong>peccat</strong></span> <span class='ocrx_word' id='word_1_186' title='bbox 2055 2898 2111 2943; x_wconf 89' lang='lat' dir='ltr'><strong>et</strong></span> 
     </span>
    </p>
   </div>
   <div class='ocr_carea' id='block_1_32' title="bbox 529 2978 2111 3057">
    <p class='ocr_par' dir='ltr' id='par_1_32' title="bbox 529 2978 2111 3057">
     <span class='ocr_line' id='line_1_32' title="bbox 529 2978 2111 3057; baseline -0.006 -14"><span class='ocrx_word' id='word_1_187' title='bbox 529 2987 846 3057; x_wconf 80' lang='lat' dir='ltr'><strong>castigatur,</strong></span> <span class='ocrx_word' id='word_1_188' title='bbox 875 2992 969 3038; x_wconf 90' lang='lat' dir='ltr'><strong>aut</strong></span> <span class='ocrx_word' id='word_1_189' title='bbox 1007 2982 1063 3036; x_wconf 92' lang='lat' dir='ltr'><strong>in</strong></span> <span class='ocrx_word' id='word_1_190' title='bbox 1108 2984 1312 3045; x_wconf 88' lang='lat' dir='ltr'><strong>Deum,</strong></span> <span class='ocrx_word' id='word_1_191' title='bbox 1342 2986 1438 3032; x_wconf 88' lang='lat' dir='ltr'><strong>aut</strong></span> <span class='ocrx_word' id='word_1_192' title='bbox 1482 2980 1539 3032; x_wconf 91' lang='lat' dir='ltr'><strong>in</strong></span> <span class='ocrx_word' id='word_1_193' title='bbox 1584 2978 1836 3033; x_wconf 90' lang='lat' dir='ltr'><strong>homines</strong></span> <span class='ocrx_word' id='word_1_194' title='bbox 1880 2993 2111 3034; x_wconf 88' lang='lat' dir='ltr'><strong>suorum</strong></span> 
     </span>
    </p>
   </div>
   <div class='ocr_carea' id='block_1_33' title="bbox 530 3076 1271 3135">
    <p class='ocr_par' dir='ltr' id='par_1_33' title="bbox 530 3076 1271 3135">
     <span class='ocr_line' id='line_1_33' title="bbox 530 3076 1271 3135; baseline -0.012 -1"><span class='ocrx_word' id='word_1_195' title='bbox 530 3079 806 3135; x_wconf 86' lang='lat' dir='ltr'><strong>malorum</strong></span> <span class='ocrx_word' id='word_1_196' title='bbox 834 3076 1005 3133; x_wconf 81' lang='lat' dir='ltr'><strong>refert</strong></span> <span class='ocrx_word' id='word_1_197' title='bbox 1028 3087 1271 3129; x_wconf 86' lang='lat' dir='ltr'><strong>causam.</strong></span> 
     </span>
    </p>
   </div>
   <div class='ocr_carea' id='block_1_34' title="bbox 602 3160 2109 3236">
    <p class='ocr_par' dir='ltr' id='par_1_34' title="bbox 602 3160 2109 3236">
     <span class='ocr_line' id='line_1_34' title="bbox 602 3160 2109 3236; baseline -0.008 -9"><span class='ocrx_word' id='word_1_198' title='bbox 602 3172 694 3227; x_wconf 73' lang='grc'><strong>47.</strong></span> <span class='ocrx_word' id='word_1_199' title='bbox 727 3169 867 3224; x_wconf 90' lang='lat' dir='ltr'><strong>Sunt</strong></span> <span class='ocrx_word' id='word_1_200' title='bbox 906 3165 1155 3236; x_wconf 64' lang='lat' dir='ltr'><strong>quaedam</strong></span> <span class='ocrx_word' id='word_1_201' title='bbox 1197 3178 1319 3233; x_wconf 68' lang='lat' dir='ltr'><strong>quae</strong></span> <span class='ocrx_word' id='word_1_202' title='bbox 1360 3161 1661 3217; x_wconf 81' lang='lat' dir='ltr'><strong>aﬂ‘ectuum</strong></span> <span class='ocrx_word' id='word_1_203' title='bbox 1705 3176 1770 3216; x_wconf 87' lang='lat' dir='ltr'><strong>ac</strong></span> <span class='ocrx_word' id='word_1_204' title='bbox 1815 3160 2109 3216; x_wconf 89' lang='lat' dir='ltr'><strong>libidinum</strong></span> 
     </span>
    </p>
   </div>
   <div class='ocr_carea' id='block_1_35' title="bbox 532 3251 2106 3323">
    <p class='ocr_par' dir='ltr' id='par_1_35' title="bbox 532 3251 2106 3323">
     <span class='ocr_line' id='line_1_35' title="bbox 532 3251 2106 3323; baseline -0.008 -4"><span class='ocrx_word' id='word_1_205' title='bbox 532 3273 747 3319; x_wconf 86' lang='lat' dir='ltr'><strong>motum</strong></span> <span class='ocrx_word' id='word_1_206' title='bbox 799 3258 1116 3320; x_wconf 86' lang='lat' dir='ltr'><strong>inhibeant,</strong></span> <span class='ocrx_word' id='word_1_207' title='bbox 1144 3271 1249 3309; x_wconf 90' lang='lat' dir='ltr'><strong>nec</strong></span> <span class='ocrx_word' id='word_1_208' title='bbox 1287 3260 1643 3323; x_wconf 80' lang='lat' dir='ltr'><strong>augmentum</strong></span> <span class='ocrx_word' id='word_1_209' title='bbox 1677 3251 1855 3307; x_wconf 85' lang='lat' dir='ltr'><strong>facere</strong></span> <span class='ocrx_word' id='word_1_210' title='bbox 1895 3252 2106 3319; x_wconf 89' lang='lat' dir='ltr'><strong>sinant;</strong></span> 
     </span>
    </p>
   </div>
   <div class='ocr_carea' id='block_1_36' title="bbox 532 3341 2106 3424">
    <p class='ocr_par' dir='ltr' id='par_1_36' title="bbox 532 3341 2106 3424">
     <span class='ocr_line' id='line_1_36' title="bbox 532 3341 2106 3424; baseline -0.01 -14"><span class='ocrx_word' id='word_1_211' title='bbox 532 3362 768 3424; x_wconf 84' lang='lat' dir='ltr'><strong>suntque</strong></span> <span class='ocrx_word' id='word_1_212' title='bbox 799 3350 903 3404; x_wconf 89' lang='lat' dir='ltr'><strong>alia</strong></span> <span class='ocrx_word' id='word_1_213' title='bbox 926 3363 1051 3417; x_wconf 63' lang='lat' dir='ltr'><strong>quae</strong></span> <span class='ocrx_word' id='word_1_214' title='bbox 1081 3345 1407 3402; x_wconf 90' lang='lat' dir='ltr'><strong>imminuant</strong></span> <span class='ocrx_word' id='word_1_215' title='bbox 1446 3352 1611 3412; x_wconf 89' lang='lat' dir='ltr'><strong>atque</strong></span> <span class='ocrx_word' id='word_1_216' title='bbox 1649 3341 1917 3396; x_wconf 89' lang='lat' dir='ltr'><strong>deterant.</strong></span> <span class='ocrx_word' id='word_1_217' title='bbox 1950 3342 2106 3405; x_wconf 88' lang='lat' dir='ltr'><strong>Puta,</strong></span> 
     </span>
    </p>
   </div>
   <div class='ocr_carea' id='block_1_37' title="bbox 529 3432 2110 3516">
    <p class='ocr_par' dir='ltr' id='par_1_37' title="bbox 529 3432 2110 3516">
     <span class='ocr_line' id='line_1_37' title="bbox 529 3432 2110 3516; baseline -0.009 -16"><span class='ocrx_word' id='word_1_218' title='bbox 529 3443 800 3516; x_wconf 75' lang='lat' dir='ltr'><strong>jejunium</strong></span> <span class='ocrx_word' id='word_1_219' title='bbox 824 3447 881 3494; x_wconf 89' lang='lat' dir='ltr'><strong>et</strong></span> <span class='ocrx_word' id='word_1_220' title='bbox 901 3437 1057 3493; x_wconf 86' lang='lat' dir='ltr'><strong>labor</strong></span> <span class='ocrx_word' id='word_1_221' title='bbox 1080 3444 1136 3491; x_wconf 89' lang='lat' dir='ltr'><strong>et</strong></span> <span class='ocrx_word' id='word_1_222' title='bbox 1159 3435 1357 3505; x_wconf 74' lang='lat' dir='ltr'><strong>vigiliae</strong></span> <span class='ocrx_word' id='word_1_223' title='bbox 1400 3432 1760 3503; x_wconf 88' lang='lat' dir='ltr'><strong>cupiditatem</strong></span> <span class='ocrx_word' id='word_1_224' title='bbox 1783 3432 1973 3502; x_wconf 80' lang='lat' dir='ltr'><strong>augeri</strong></span> <span class='ocrx_word' id='word_1_225' title='bbox 1998 3447 2110 3486; x_wconf 90' lang='lat' dir='ltr'><strong>non</strong></span> 
     </span>
    </p>
   </div>
   <div class='ocr_carea' id='block_1_38' title="bbox 535 3524 2109 3599">
    <p class='ocr_par' dir='ltr' id='par_1_38' title="bbox 535 3524 2109 3599">
     <span class='ocr_line' id='line_1_38' title="bbox 535 3524 2109 3599; baseline -0.009 -8"><span class='ocrx_word' id='word_1_226' title='bbox 535 3536 754 3599; x_wconf 89' lang='lat' dir='ltr'><strong>sinunt;</strong></span> <span class='ocrx_word' id='word_1_227' title='bbox 787 3530 1028 3587; x_wconf 88' lang='lat' dir='ltr'><strong>solitudo</strong></span> <span class='ocrx_word' id='word_1_228' title='bbox 1051 3544 1183 3584; x_wconf 87' lang='lat' dir='ltr'><strong>vero</strong></span> <span class='ocrx_word' id='word_1_229' title='bbox 1211 3539 1266 3582; x_wconf 93' lang='lat' dir='ltr'><strong>et</strong></span> <span class='ocrx_word' id='word_1_230' title='bbox 1288 3525 1680 3595; x_wconf 86' lang='lat' dir='ltr'><strong>contemplatio</strong></span> <span class='ocrx_word' id='word_1_231' title='bbox 1702 3533 1759 3578; x_wconf 91' lang='lat' dir='ltr'><strong>et</strong></span> <span class='ocrx_word' id='word_1_232' title='bbox 1782 3524 1960 3579; x_wconf 87' lang='lat' dir='ltr'><strong>oratio</strong></span> <span class='ocrx_word' id='word_1_233' title='bbox 1981 3524 2109 3578; x_wconf 90' lang='lat' dir='ltr'><strong>Dei-</strong></span> 
     </span>
    </p>
   </div>
   <div class='ocr_carea' id='block_1_39' title="bbox 532 3616 2111 3700">
    <p class='ocr_par' dir='ltr' id='par_1_39' title="bbox 532 3616 2111 3700">
     <span class='ocr_line' id='line_1_39' title="bbox 532 3616 2111 3700; baseline -0.008 -17"><span class='ocrx_word' id='word_1_234' title='bbox 532 3644 643 3700; x_wconf 89' lang='lat' dir='ltr'><strong>que</strong></span> <span class='ocrx_word' id='word_1_235' title='bbox 683 3640 838 3681; x_wconf 89' lang='lat' dir='ltr'><strong>amor</strong></span> <span class='ocrx_word' id='word_1_236' title='bbox 883 3624 1055 3693; x_wconf 88' lang='lat' dir='ltr'><strong>ipsam</strong></span> <span class='ocrx_word' id='word_1_237' title='bbox 1099 3621 1551 3688; x_wconf 74' lang='lat' dir='ltr'><strong>minuunt‘atque</strong></span> <span class='ocrx_word' id='word_1_238' title='bbox 1582 3616 1815 3673; x_wconf 88' lang='lat' dir='ltr'><strong>elidunt.</strong></span> <span class='ocrx_word' id='word_1_239' title='bbox 1846 3616 2111 3671; x_wconf 87' lang='lat' dir='ltr'><strong>Similiter</strong></span> 
     </span>
    </p>
   </div>
   <div class='ocr_carea' id='block_1_40' title="bbox 532 3707 2107 3791">
    <p class='ocr_par' dir='ltr' id='par_1_40' title="bbox 532 3707 2107 3791">
     <span class='ocr_line' id='line_1_40' title="bbox 532 3707 2107 3791; baseline -0.01 -14"><span class='ocrx_word' id='word_1_240' title='bbox 532 3733 754 3791; x_wconf 79' lang='lat' dir='ltr'><strong>quoque</strong></span> <span class='ocrx_word' id='word_1_241' title='bbox 784 3718 841 3775; x_wconf 88' lang='lat' dir='ltr'><strong>in</strong></span> <span class='ocrx_word' id='word_1_242' title='bbox 872 3716 982 3781; x_wconf 88' lang='lat' dir='ltr'><strong>ira;</strong></span> <span class='ocrx_word' id='word_1_243' title='bbox 1010 3711 1163 3768; x_wconf 86' lang='lat' dir='ltr'><strong>verbi</strong></span> <span class='ocrx_word' id='word_1_244' title='bbox 1199 3710 1403 3781; x_wconf 85' lang='lat' dir='ltr'><strong>gratia,</strong></span> <span class='ocrx_word' id='word_1_245' title='bbox 1434 3708 1848 3779; x_wconf 87' lang='lat' dir='ltr'><strong>longanimitas,</strong></span> <span class='ocrx_word' id='word_1_246' title='bbox 1878 3707 2107 3778; x_wconf 88' lang='lat' dir='ltr'><strong>injuria-</strong></span> 
     </span>
    </p>
   </div>
   <div class='ocr_carea' id='block_1_41' title="bbox 533 3799 2110 3866">
    <p class='ocr_par' dir='ltr' id='par_1_41' title="bbox 533 3799 2110 3866">
     <span class='ocr_line' id='line_1_41' title="bbox 533 3799 2110 3866; baseline -0.008 0"><span class='ocrx_word' id='word_1_247' title='bbox 533 3826 659 3866; x_wconf 87' lang='lat' dir='ltr'><strong>rum</strong></span> <span class='ocrx_word' id='word_1_248' title='bbox 684 3808 889 3864; x_wconf 85' lang='lat' dir='ltr'><strong>oblivio</strong></span> <span class='ocrx_word' id='word_1_249' title='bbox 913 3814 970 3861; x_wconf 88' lang='lat' dir='ltr'><strong>et</strong></span> <span class='ocrx_word' id='word_1_250' title='bbox 989 3802 1355 3859; x_wconf 88' lang='lat' dir='ltr'><strong>mansuetudo</strong></span> <span class='ocrx_word' id='word_1_251' title='bbox 1376 3809 1527 3856; x_wconf 89' lang='lat' dir='ltr'><strong>motu</strong></span> <span class='ocrx_word' id='word_1_252' title='bbox 1553 3799 1777 3864; x_wconf 85' lang='lat' dir='ltr'><strong>sistunt,</strong></span> <span class='ocrx_word' id='word_1_253' title='bbox 1797 3814 1900 3853; x_wconf 89' lang='lat' dir='ltr'><strong>nec</strong></span> <span class='ocrx_word' id='word_1_254' title='bbox 1920 3799 2110 3853; x_wconf 88' lang='lat' dir='ltr'><strong>sinunt</strong></span> 
     </span>
    </p>
   </div>
   <div class='ocr_carea' id='block_1_42' title="bbox 535 3889 2107 3971">
    <p class='ocr_par' dir='ltr' id='par_1_42' title="bbox 535 3889 2107 3971">
     <span class='ocr_line' id='line_1_42' title="bbox 535 3889 2107 3971; baseline -0.007 -17"><span class='ocrx_word' id='word_1_255' title='bbox 535 3912 861 3971; x_wconf 85' lang='lat' dir='ltr'><strong>augescere;</strong></span> <span class='ocrx_word' id='word_1_256' title='bbox 897 3893 1137 3950; x_wconf 86' lang='lat' dir='ltr'><strong>charitas</strong></span> <span class='ocrx_word' id='word_1_257' title='bbox 1160 3906 1293 3948; x_wconf 91' lang='lat' dir='ltr'><strong>vero</strong></span> <span class='ocrx_word' id='word_1_258' title='bbox 1321 3899 1377 3946; x_wconf 90' lang='lat' dir='ltr'><strong>et</strong></span> <span class='ocrx_word' id='word_1_259' title='bbox 1397 3892 1747 3960; x_wconf 86' lang='lat' dir='ltr'><strong>&#39;eleemosyna</strong></span> <span class='ocrx_word' id='word_1_260' title='bbox 1772 3896 1831 3943; x_wconf 91' lang='lat' dir='ltr'><strong>et</strong></span> <span class='ocrx_word' id='word_1_261' title='bbox 1853 3889 2107 3959; x_wconf 85' lang='lat' dir='ltr'><strong>benigni-</strong></span> 
     </span>
    </p>
   </div>
   <div class='ocr_carea' id='block_1_43' title="bbox 533 3977 2105 4055">
    <p class='ocr_par' dir='ltr' id='par_1_43' title="bbox 533 3977 2105 4055">
     <span class='ocr_line' id='line_1_43' title="bbox 533 3977 2105 4055; baseline -0.005 -13"><span class='ocrx_word' id='word_1_262' title='bbox 533 3998 619 4044; x_wconf 89' lang='lat' dir='ltr'><strong>tas</strong></span> <span class='ocrx_word' id='word_1_263' title='bbox 657 3998 984 4055; x_wconf 87' lang='lat' dir='ltr'><strong>morumque</strong></span> <span class='ocrx_word' id='word_1_264' title='bbox 1023 3982 1265 4038; x_wconf 85' lang='lat' dir='ltr'><strong>suavitas</strong></span> <span class='ocrx_word' id='word_1_265' title='bbox 1304 3989 1361 4035; x_wconf 90' lang='lat' dir='ltr'><strong>et</strong></span> <span class='ocrx_word' id='word_1_266' title='bbox 1396 3977 1734 4044; x_wconf 87' lang='lat' dir='ltr'><strong>humanitas,</strong></span> <span class='ocrx_word' id='word_1_267' title='bbox 1758 3979 2014 4034; x_wconf 87' lang='lat' dir='ltr'><strong>minuunt</strong></span> <span class='ocrx_word' id='word_1_268' title='bbox 2042 3993 2105 4035; x_wconf 89' lang='lat' dir='ltr'><strong>ac</strong></span> 
     </span>
    </p>
   </div>
   <div class='ocr_carea' id='block_1_44' title="bbox 532 4080 845 4137">
    <p class='ocr_par' dir='ltr' id='par_1_44' title="bbox 532 4080 845 4137">
     <span class='ocr_line' id='line_1_44' title="bbox 532 4080 845 4137; baseline -0.019 0"><span class='ocrx_word' id='word_1_269' title='bbox 532 4080 845 4137; x_wconf 87' lang='lat' dir='ltr'><strong>debilitant.</strong></span> 
     </span>
    </p>
   </div>
   <div class='ocr_carea' id='block_1_45' title="bbox 602 4162 2103 4240">
    <p class='ocr_par' dir='ltr' id='par_1_45' title="bbox 602 4162 2103 4240">
     <span class='ocr_line' id='line_1_45' title="bbox 602 4162 2103 4240; baseline -0.007 -13"><span class='ocrx_word' id='word_1_270' title='bbox 602 4173 692 4227; x_wconf 76' lang='grc'><strong>48.</strong></span> <span class='ocrx_word' id='word_1_271' title='bbox 714 4169 885 4240; x_wconf 86' lang='lat' dir='ltr'><strong>Cujus</strong></span> <span class='ocrx_word' id='word_1_272' title='bbox 911 4166 1129 4222; x_wconf 82' lang='lat' dir='ltr'><strong>animus</strong></span> <span class='ocrx_word' id='word_1_273' title='bbox 1154 4179 1373 4235; x_wconf 89' lang='lat' dir='ltr'><strong>semper</strong></span> <span class='ocrx_word' id='word_1_274' title='bbox 1395 4164 1451 4219; x_wconf 90' lang='lat' dir='ltr'><strong>in</strong></span> <span class='ocrx_word' id='word_1_275' title='bbox 1479 4162 1650 4218; x_wconf 85' lang='lat' dir='ltr'><strong>Deum</strong></span> <span class='ocrx_word' id='word_1_276' title='bbox 1676 4178 1976 4219; x_wconf 88' lang='lat' dir='ltr'><strong>conversus</strong></span> <span class='ocrx_word' id='word_1_277' title='bbox 1999 4171 2103 4229; x_wconf 87' lang='lat' dir='ltr'><strong>est,</strong></span> 
     </span>
    </p>
   </div>
   <div class='ocr_carea' id='block_1_46' title="bbox 536 4255 2106 4334">
    <p class='ocr_par' dir='ltr' id='par_1_46' title="bbox 536 4255 2106 4334">
     <span class='ocr_line' id='line_1_46' title="bbox 536 4255 2106 4334; baseline -0.004 -17"><span class='ocrx_word' id='word_1_278' title='bbox 536 4264 700 4334; x_wconf 89' lang='lat' dir='ltr'><strong>hujus</strong></span> <span class='ocrx_word' id='word_1_279' title='bbox 739 4276 959 4331; x_wconf 89' lang='lat' dir='ltr'><strong>quoque</strong></span> <span class='ocrx_word' id='word_1_280' title='bbox 1001 4259 1274 4329; x_wconf 89' lang='lat' dir='ltr'><strong>cupiditas</strong></span> <span class='ocrx_word' id='word_1_281' title='bbox 1314 4258 1371 4312; x_wconf 94' lang='lat' dir='ltr'><strong>in</strong></span> <span class='ocrx_word' id='word_1_282' title='bbox 1410 4256 1657 4311; x_wconf 90' lang='lat' dir='ltr'><strong>divinum</strong></span> <span class='ocrx_word' id='word_1_283' title='bbox 1697 4255 2106 4328; x_wconf 77' lang='lat' dir='ltr'><strong>superexcrevit</strong></span> 
     </span>
    </p>
   </div>
   <div class='ocr_carea' id='block_1_47' title="bbox 533 4347 2105 4419">
    <p class='ocr_par' dir='ltr' id='par_1_47' title="bbox 533 4347 2105 4419">
     <span class='ocr_line' id='line_1_47' title="bbox 533 4347 2105 4419; baseline -0.004 -11"><span class='ocrx_word' id='word_1_284' title='bbox 533 4368 815 4417; x_wconf 87' lang='lat' dir='ltr'><strong>amorem;</strong></span> <span class='ocrx_word' id='word_1_285' title='bbox 864 4350 1086 4419; x_wconf 87' lang='lat' dir='ltr'><strong>iraque,</strong></span> <span class='ocrx_word' id='word_1_286' title='bbox 1120 4357 1233 4402; x_wconf 85' lang='lat' dir='ltr'><strong>tota</strong></span> <span class='ocrx_word' id='word_1_287' title='bbox 1274 4347 1328 4402; x_wconf 89' lang='lat' dir='ltr'><strong>vi</strong></span> <span class='ocrx_word' id='word_1_288' title='bbox 1372 4363 1468 4402; x_wconf 89' lang='lat' dir='ltr'><strong>sua</strong></span> <span class='ocrx_word' id='word_1_289' title='bbox 1509 4348 1566 4402; x_wconf 91' lang='lat' dir='ltr'><strong>in</strong></span> <span class='ocrx_word' id='word_1_290' title='bbox 1604 4347 1846 4403; x_wconf 88' lang='lat' dir='ltr'><strong>divinam</strong></span> <span class='ocrx_word' id='word_1_291' title='bbox 1891 4348 2105 4404; x_wconf 88' lang='lat' dir='ltr'><strong>transiit</strong></span> 
     </span>
    </p>
   </div>
   <div class='ocr_carea' id='block_1_48' title="bbox 2215 495 2428 564">
    <p class='ocr_par' dir='ltr' id='par_1_48' title="bbox 2215 495 2428 564">
     <span class='ocr_line' id='line_1_48' title="bbox 2215 495 2428 564; baseline -0.019 -12"><span class='ocrx_word' id='word_1_292' title='bbox 2215 495 2428 564; x_wconf 81' lang='grc' dir='ltr'>θῶμεν.</span> 
     </span>
    </p>
   </div>
   <div class='ocr_carea' id='block_1_49' title="bbox 2288 575 3766 665">
    <p class='ocr_par' dir='ltr' id='par_1_49' title="bbox 2288 575 3766 665">
     <span class='ocr_line' id='line_1_49' title="bbox 2288 575 3766 665; baseline 0.003 -24"><span class='ocrx_word' id='word_1_293' title='bbox 2288 586 2399 658; x_wconf 78' lang='grc' dir='ltr'>μβ’.</span> <span class='ocrx_word' id='word_1_294' title='bbox 2441 588 2612 642; x_wconf 84' lang='grc' dir='ltr'>Ὅταν</span> <span class='ocrx_word' id='word_1_295' title='bbox 2637 604 2719 641; x_wconf 90' lang='grc' dir='ltr'><strong>σοι</strong></span> <span class='ocrx_word' id='word_1_296' title='bbox 2751 587 2882 659; x_wconf 77' lang='grc' dir='ltr'>ἔλθῃ</span> <span class='ocrx_word' id='word_1_297' title='bbox 2926 586 2985 654; x_wconf 75' lang='grc' dir='ltr'><strong>ἐξ</strong></span> <span class='ocrx_word' id='word_1_298' title='bbox 3014 575 3425 660; x_wconf 75' lang='grc' dir='ltr'>ἀπροσδοκήτου</span> <span class='ocrx_word' id='word_1_299' title='bbox 3459 594 3766 665; x_wconf 73' lang='grc' dir='ltr'>πειρασμὸς,</span> 
     </span>
    </p>
   </div>
   <div class='ocr_carea' id='block_1_50' title="bbox 2218 672 3767 755">
    <p class='ocr_par' dir='ltr' id='par_1_50' title="bbox 2218 672 3767 755">
     <span class='ocr_line' id='line_1_50' title="bbox 2218 672 3767 755; baseline 0.017 -27"><span class='ocrx_word' id='word_1_300' title='bbox 2218 678 2305 749; x_wconf 76' lang='grc' dir='ltr'>μὴ</span> <span class='ocrx_word' id='word_1_301' title='bbox 2342 680 2434 732; x_wconf 81' lang='grc' dir='ltr'><strong>τὸν</strong></span> <span class='ocrx_word' id='word_1_302' title='bbox 2479 680 2550 733; x_wconf 82' lang='grc' dir='ltr'>δι’</span> <span class='ocrx_word' id='word_1_303' title='bbox 2583 672 2644 733; x_wconf 79' lang='grc' dir='ltr'>οὗ</span> <span class='ocrx_word' id='word_1_304' title='bbox 2691 680 2888 734; x_wconf 74' lang='grc' dir='ltr'>αἰτιῶ·</span> <span class='ocrx_word' id='word_1_305' title='bbox 2937 679 3075 735; x_wconf 80' lang='grc' dir='ltr'>ἀλλὰ</span> <span class='ocrx_word' id='word_1_306' title='bbox 3107 681 3171 735; x_wconf 75' lang='grc' dir='ltr'>τὸ</span> <span class='ocrx_word' id='word_1_307' title='bbox 3219 681 3306 736; x_wconf 79' lang='grc' dir='ltr'>διὰ</span> <span class='ocrx_word' id='word_1_308' title='bbox 3352 681 3407 735; x_wconf 81' lang='grc' dir='ltr'><strong>τί</strong></span> <span class='ocrx_word' id='word_1_309' title='bbox 3457 681 3641 755; x_wconf 67' lang='grc' dir='ltr'><strong>ζήτει.</strong></span> <span class='ocrx_word' id='word_1_310' title='bbox 3682 688 3767 741; x_wconf 64' lang='grc' dir='ltr'><strong>καὶ</strong></span> 
     </span>
    </p>
   </div>
   <div class='ocr_carea' id='block_1_51' title="bbox 2214 772 3767 843">
    <p class='ocr_par' dir='ltr' id='par_1_51' title="bbox 2214 772 3767 843">
     <span class='ocr_line' id='line_1_51' title="bbox 2214 772 3767 843; baseline 0.006 -20"><span class='ocrx_word' id='word_1_311' title='bbox 2214 772 2490 842; x_wconf 81' lang='grc' dir='ltr'><strong>εὑρίσκεις</strong></span> <span class='ocrx_word' id='word_1_312' title='bbox 2518 772 2825 843; x_wconf 83' lang='grc' dir='ltr'>διόρθωσιν.</span> <span class='ocrx_word' id='word_1_313' title='bbox 2872 774 3042 839; x_wconf 69' lang='grc' dir='ltr'>Ἐπεὶ,</span> <span class='ocrx_word' id='word_1_314' title='bbox 3074 776 3184 828; x_wconf 72' lang='grc' dir='ltr'>εἴτε</span> <span class='ocrx_word' id='word_1_315' title='bbox 3223 775 3293 829; x_wconf 83' lang='grc' dir='ltr'>δι’</span> <span class='ocrx_word' id='word_1_316' title='bbox 3321 776 3550 839; x_wconf 75' lang='grc' dir='ltr'>ἐκείνου.</span> <span class='ocrx_word' id='word_1_317' title='bbox 3578 778 3681 832; x_wconf 74' lang='grc' dir='ltr'>εἴτε</span> <span class='ocrx_word' id='word_1_318' title='bbox 3706 780 3767 834; x_wconf 89' lang='grc' dir='ltr'>δι’</span> 
     </span>
    </p>
   </div>
   <div class='ocr_carea' id='block_1_52' title="bbox 2213 859 3768 938">
    <p class='ocr_par' dir='ltr' id='par_1_52' title="bbox 2213 859 3768 938">
     <span class='ocr_line' id='line_1_52' title="bbox 2213 859 3768 938; baseline 0.007 -23"><span class='ocrx_word' id='word_1_319' title='bbox 2213 861 2406 928; x_wconf 78' lang='grc' dir='ltr'>ἄλλου,</span> <span class='ocrx_word' id='word_1_320' title='bbox 2460 866 2604 916; x_wconf 83' lang='grc' dir='ltr'>πιεῖν</span> <span class='ocrx_word' id='word_1_321' title='bbox 2659 859 2806 933; x_wconf 83' lang='grc' dir='ltr'>είχες</span> <span class='ocrx_word' id='word_1_322' title='bbox 2851 864 2959 919; x_wconf 88' lang='grc' dir='ltr'><strong>τῶν</strong></span> <span class='ocrx_word' id='word_1_323' title='bbox 3018 864 3114 919; x_wconf 78' lang='grc' dir='ltr'>τοῦ</span> <span class='ocrx_word' id='word_1_324' title='bbox 3173 864 3311 919; x_wconf 81' lang='grc' dir='ltr'>Θεοῦ</span> <span class='ocrx_word' id='word_1_325' title='bbox 3364 866 3643 938; x_wconf 74' lang='grc' dir='ltr'><strong>χριμάτων</strong></span> <span class='ocrx_word' id='word_1_326' title='bbox 3712 871 3768 925; x_wconf 77' lang='grc' dir='ltr'>τὸ</span> 
     </span>
    </p>
   </div>
   <div class='ocr_carea' id='block_1_53' title="bbox 2213 950 2477 1020">
    <p class='ocr_par' dir='ltr' id='par_1_53' title="bbox 2213 950 2477 1020">
     <span class='ocr_line' id='line_1_53' title="bbox 2213 950 2477 1020; baseline 0.004 -16"><span class='ocrx_word' id='word_1_327' title='bbox 2213 950 2477 1020; x_wconf 78' lang='grc' dir='ltr'>ἁψίνθιον.</span> 
     </span>
    </p>
   </div>
   <div class='ocr_carea' id='block_1_54' title="bbox 2285 1135 3767 1222">
    <p class='ocr_par' dir='ltr' id='par_1_54' title="bbox 2285 1135 3767 1222">
     <span class='ocr_line' id='line_1_54' title="bbox 2285 1135 3767 1222; baseline 0.009 -33"><span class='ocrx_word' id='word_1_328' title='bbox 2285 1144 2398 1207; x_wconf 88' lang='grc' dir='ltr'>μγ’,</span> <span class='ocrx_word' id='word_1_329' title='bbox 2460 1138 2627 1192; x_wconf 83' lang='grc' dir='ltr'><strong>Ὅσον</strong></span> <span class='ocrx_word' id='word_1_330' title='bbox 2678 1135 2732 1192; x_wconf 75' lang='grc' dir='ltr'>εἴ</span> <span class='ocrx_word' id='word_1_331' title='bbox 2788 1142 3129 1213; x_wconf 84' lang='grc' dir='ltr'>κακότροπος</span> <span class='ocrx_word' id='word_1_332' title='bbox 3152 1184 3168 1209; x_wconf 95' lang='grc'><strong>,</strong></span> <span class='ocrx_word' id='word_1_333' title='bbox 3217 1143 3276 1197; x_wconf 71' lang='grc' dir='ltr'>τὸ</span> <span class='ocrx_word' id='word_1_334' title='bbox 3325 1146 3653 1202; x_wconf 82' lang='grc' dir='ltr'><strong>κακοπαθεῖν</strong></span> <span class='ocrx_word' id='word_1_335' title='bbox 3699 1150 3767 1222; x_wconf 80' lang='grc' dir='ltr'>μὴ</span> 
     </span>
    </p>
   </div>
   <div class='ocr_carea' id='block_1_55' title="bbox 2211 1230 3760 1315">
    <p class='ocr_par' dir='ltr' id='par_1_55' title="bbox 2211 1230 3760 1315">
     <span class='ocr_line' id='line_1_55' title="bbox 2211 1230 3760 1315; baseline 0.009 -32"><span class='ocrx_word' id='word_1_336' title='bbox 2211 1230 2514 1285; x_wconf 85' lang='grc' dir='ltr'>άπαναίνου</span> <span class='ocrx_word' id='word_1_337' title='bbox 2536 1272 2551 1297; x_wconf 89' lang='grc'><strong>,</strong></span> <span class='ocrx_word' id='word_1_338' title='bbox 2592 1233 2678 1287; x_wconf 78' lang='grc' dir='ltr'><strong>ἵνα</strong></span> <span class='ocrx_word' id='word_1_339' title='bbox 2708 1234 2775 1287; x_wconf 75' lang='grc' dir='ltr'>δι’</span> <span class='ocrx_word' id='word_1_340' title='bbox 2814 1236 2986 1307; x_wconf 81' lang='grc' dir='ltr'>αὐτῆς</span> <span class='ocrx_word' id='word_1_341' title='bbox 3038 1237 3397 1302; x_wconf 80' lang='grc' dir='ltr'><strong>ταπεινωθεὶς</strong></span> <span class='ocrx_word' id='word_1_342' title='bbox 3419 1279 3437 1303; x_wconf 89' lang='grc'><strong>,</strong></span> <span class='ocrx_word' id='word_1_343' title='bbox 3487 1232 3760 1315; x_wconf 79' lang='grc' dir='ltr'>τὴνὺπερ-</span> 
     </span>
    </p>
   </div>
   <div class='ocr_carea' id='block_1_56' title="bbox 2211 1324 2677 1399">
    <p class='ocr_par' dir='ltr' id='par_1_56' title="bbox 2211 1324 2677 1399">
     <span class='ocr_line' id='line_1_56' title="bbox 2211 1324 2677 1399; baseline 0.006 -21"><span class='ocrx_word' id='word_1_344' title='bbox 2211 1324 2452 1395; x_wconf 85' lang='grc' dir='ltr'>ηφανίαν</span> <span class='ocrx_word' id='word_1_345' title='bbox 2482 1325 2677 1399; x_wconf 78' lang='grc' dir='ltr'>ἐμέσῃ.</span> 
     </span>
    </p>
   </div>
   <div class='ocr_carea' id='block_1_57' title="bbox 2285 1415 3761 1489">
    <p class='ocr_par' dir='ltr' id='par_1_57' title="bbox 2285 1415 3761 1489">
     <span class='ocr_line' id='line_1_57' title="bbox 2285 1415 3761 1489; baseline 0.005 -20"><span class='ocrx_word' id='word_1_346' title='bbox 2285 1415 2388 1486; x_wconf 87' lang='grc' dir='ltr'>μδ¹.</span> <span class='ocrx_word' id='word_1_347' title='bbox 2415 1417 2478 1469; x_wconf 79' lang='grc' dir='ltr'><strong>Οἱ</strong></span> <span class='ocrx_word' id='word_1_348' title='bbox 2503 1417 2602 1487; x_wconf 85' lang='grc' dir='ltr'><strong>μὲν</strong></span> <span class='ocrx_word' id='word_1_349' title='bbox 2633 1418 2741 1471; x_wconf 88' lang='grc' dir='ltr'><strong>τῶν</strong></span> <span class='ocrx_word' id='word_1_350' title='bbox 2772 1417 3116 1489; x_wconf 80' lang='grc' dir='ltr'><strong>πειρασμῶν,</strong></span> <span class='ocrx_word' id='word_1_351' title='bbox 3144 1416 3336 1489; x_wconf 78' lang='grc' dir='ltr'>ἡδονάς</span> <span class='ocrx_word' id='word_1_352' title='bbox 3360 1435 3374 1448; x_wconf 88' lang='grc'><strong>·</strong></span> <span class='ocrx_word' id='word_1_353' title='bbox 3409 1421 3466 1473; x_wconf 81' lang='grc' dir='ltr'>οι</span> <span class='ocrx_word' id='word_1_354' title='bbox 3487 1419 3560 1485; x_wconf 82' lang='grc' dir='ltr'><strong>δὲ,</strong></span> <span class='ocrx_word' id='word_1_355' title='bbox 3584 1421 3761 1487; x_wconf 74' lang='grc' dir='ltr'>λύπαςο</span> 
     </span>
    </p>
   </div>
   <div class='ocr_carea' id='block_1_58' title="bbox 2208 1506 3762 1584">
    <p class='ocr_par' dir='ltr' id='par_1_58' title="bbox 2208 1506 3762 1584">
     <span class='ocr_line' id='line_1_58' title="bbox 2208 1506 3762 1584; baseline 0.006 -24"><span class='ocrx_word' id='word_1_356' title='bbox 2208 1509 2259 1560; x_wconf 76' lang='lat' dir='ltr'><strong>oi</strong></span> <span class='ocrx_word' id='word_1_357' title='bbox 2288 1506 2366 1573; x_wconf 79' lang='grc' dir='ltr'><strong>δὲ,</strong></span> <span class='ocrx_word' id='word_1_358' title='bbox 2394 1509 2589 1571; x_wconf 78' lang='grc' dir='ltr'>ὀδύνας</span> <span class='ocrx_word' id='word_1_359' title='bbox 2609 1509 2928 1579; x_wconf 85' lang='grc' dir='ltr'>σωματικὰς</span> <span class='ocrx_word' id='word_1_360' title='bbox 2955 1512 3067 1572; x_wconf 84' lang='grc' dir='ltr'>τοῖς</span> <span class='ocrx_word' id='word_1_361' title='bbox 3087 1509 3396 1581; x_wconf 84' lang='grc' dir='ltr'>ἀνθρώποις</span> <span class='ocrx_word' id='word_1_362' title='bbox 3424 1514 3762 1584; x_wconf 77' lang='grc' dir='ltr'><strong>προσάγουσι.</strong></span> 
     </span>
    </p>
   </div>
   <div class='ocr_carea' id='block_1_59' title="bbox 2210 1600 3762 1674">
    <p class='ocr_par' dir='ltr' id='par_1_59' title="bbox 2210 1600 3762 1674">
     <span class='ocr_line' id='line_1_59' title="bbox 2210 1600 3762 1674; baseline 0.004 -19"><span class='ocrx_word' id='word_1_363' title='bbox 2210 1600 2369 1655; x_wconf 81' lang='grc' dir='ltr'>Κατὰ</span> <span class='ocrx_word' id='word_1_364' title='bbox 2406 1600 2517 1671; x_wconf 87' lang='grc' dir='ltr'>γὰρ</span> <span class='ocrx_word' id='word_1_365' title='bbox 2539 1601 2640 1671; x_wconf 79' lang='grc' dir='ltr'>τὴν</span> <span class='ocrx_word' id='word_1_366' title='bbox 2673 1602 3003 1671; x_wconf 80' lang='grc' dir='ltr'>ὲγκειμένην</span> <span class='ocrx_word' id='word_1_367' title='bbox 3030 1604 3097 1673; x_wconf 79' lang='grc' dir='ltr'>τῇ</span> <span class='ocrx_word' id='word_1_368' title='bbox 3126 1601 3274 1674; x_wconf 69' lang='grc' dir='ltr'><strong>ψυχῇ</strong></span> <span class='ocrx_word' id='word_1_369' title='bbox 3315 1604 3503 1658; x_wconf 77' lang='grc' dir='ltr'>αἰτίαν</span> <span class='ocrx_word' id='word_1_370' title='bbox 3540 1606 3643 1659; x_wconf 88' lang='grc' dir='ltr'><strong>τῶν</strong></span> <span class='ocrx_word' id='word_1_371' title='bbox 3669 1624 3762 1661; x_wconf 80' lang='grc' dir='ltr'>πα-</span> 
     </span>
    </p>
   </div>
   <div class='ocr_carea' id='block_1_60' title="bbox 2211 1690 3761 1767">
    <p class='ocr_par' dir='ltr' id='par_1_60' title="bbox 2211 1690 3761 1767">
     <span class='ocr_line' id='line_1_60' title="bbox 2211 1690 3761 1767; baseline 0.006 -23"><span class='ocrx_word' id='word_1_372' title='bbox 2211 1690 2342 1757; x_wconf 87' lang='grc' dir='ltr'>θῶν,</span> <span class='ocrx_word' id='word_1_373' title='bbox 2377 1693 2472 1745; x_wconf 70' lang='grc' dir='ltr'>καὶ</span> <span class='ocrx_word' id='word_1_374' title='bbox 2500 1692 2562 1745; x_wconf 82' lang='grc' dir='ltr'>τὸ</span> <span class='ocrx_word' id='word_1_375' title='bbox 2589 1693 2882 1763; x_wconf 86' lang='grc' dir='ltr'>φάρμακον</span> <span class='ocrx_word' id='word_1_376' title='bbox 2909 1695 2939 1746; x_wconf 85' lang='grc' dir='ltr'>ὁ</span> <span class='ocrx_word' id='word_1_377' title='bbox 2975 1694 3158 1765; x_wconf 79' lang='grc' dir='ltr'>ἰατρὸς</span> <span class='ocrx_word' id='word_1_378' title='bbox 3186 1695 3294 1749; x_wconf 85' lang='grc' dir='ltr'><strong>τῶν</strong></span> <span class='ocrx_word' id='word_1_379' title='bbox 3325 1694 3518 1767; x_wconf 79' lang='grc' dir='ltr'>ψυχῶν</span> <span class='ocrx_word' id='word_1_380' title='bbox 3543 1697 3628 1752; x_wconf 81' lang='grc' dir='ltr'><strong>διὰ</strong></span> <span class='ocrx_word' id='word_1_381' title='bbox 3664 1698 3761 1752; x_wconf 83' lang='grc' dir='ltr'><strong>τῶν</strong></span> 
     </span>
    </p>
   </div>
   <div class='ocr_carea' id='block_1_61' title="bbox 2210 1784 3070 1856">
    <p class='ocr_par' dir='ltr' id='par_1_61' title="bbox 2210 1784 3070 1856">
     <span class='ocr_line' id='line_1_61' title="bbox 2210 1784 3070 1856; baseline 0.001 -19"><span class='ocrx_word' id='word_1_382' title='bbox 2210 1784 2383 1838; x_wconf 82' lang='grc' dir='ltr'>αὐτοῦ</span> <span class='ocrx_word' id='word_1_383' title='bbox 2425 1785 2709 1855; x_wconf 75' lang='grc' dir='ltr'><strong>χριμάτων</strong></span> <span class='ocrx_word' id='word_1_384' title='bbox 2739 1784 3070 1856; x_wconf 73' lang='grc' dir='ltr'><strong>ἐπιτίθησιν.</strong></span> 
     </span>
    </p>
   </div>
   <div class='ocr_carea' id='block_1_62' title="bbox 2284 1877 3761 1955">
    <p class='ocr_par' dir='ltr' id='par_1_62' title="bbox 2284 1877 3761 1955">
     <span class='ocr_line' id='line_1_62' title="bbox 2284 1877 3761 1955; baseline 0.004 -26"><span class='ocrx_word' id='word_1_385' title='bbox 2284 1884 2388 1947; x_wconf 80' lang='grc' dir='ltr'>με’.</span> <span class='ocrx_word' id='word_1_386' title='bbox 2429 1878 2492 1930; x_wconf 84' lang='lat' dir='ltr'><strong>Ai</strong></span> <span class='ocrx_word' id='word_1_387' title='bbox 2532 1878 2794 1949; x_wconf 74' lang='grc' dir='ltr'><strong>ἐπιφοραὶ</strong></span> <span class='ocrx_word' id='word_1_388' title='bbox 2827 1877 2939 1931; x_wconf 90' lang='grc' dir='ltr'><strong>τῶν</strong></span> <span class='ocrx_word' id='word_1_389' title='bbox 2970 1877 3330 1950; x_wconf 77' lang='grc' dir='ltr'>πειρασμῶν,</span> <span class='ocrx_word' id='word_1_390' title='bbox 3360 1887 3478 1947; x_wconf 77' lang='grc' dir='ltr'>τοῖς</span> <span class='ocrx_word' id='word_1_391' title='bbox 3510 1885 3605 1953; x_wconf 76' lang='grc' dir='ltr'>μὲν</span> <span class='ocrx_word' id='word_1_392' title='bbox 3641 1883 3761 1955; x_wconf 73' lang='grc' dir='ltr'>πρὸς</span> 
     </span>
    </p>
   </div>
   <div class='ocr_carea' id='block_1_63' title="bbox 2210 1967 3759 2041">
    <p class='ocr_par' dir='ltr' id='par_1_63' title="bbox 2210 1967 3759 2041">
     <span class='ocr_line' id='line_1_63' title="bbox 2210 1967 3759 2041; baseline 0.003 -20"><span class='ocrx_word' id='word_1_393' title='bbox 2210 1967 2316 2038; x_wconf 73' lang='grc' dir='ltr'>ήδη</span> <span class='ocrx_word' id='word_1_394' title='bbox 2364 1968 2672 2036; x_wconf 83' lang='grc' dir='ltr'>γεγονότων</span> <span class='ocrx_word' id='word_1_395' title='bbox 2716 1968 3129 2039; x_wconf 74' lang='grc' dir='ltr'>ἁμαρτημάτων</span> <span class='ocrx_word' id='word_1_396' title='bbox 3186 1970 3467 2041; x_wconf 81' lang='grc' dir='ltr'>ἀναίρεσιν</span> <span class='ocrx_word' id='word_1_397' title='bbox 3495 1990 3509 2004; x_wconf 88' lang='grc'><strong>·</strong></span> <span class='ocrx_word' id='word_1_398' title='bbox 3547 1976 3654 2036; x_wconf 79' lang='grc' dir='ltr'>τοῖς</span> <span class='ocrx_word' id='word_1_399' title='bbox 3691 1974 3759 2036; x_wconf 83' lang='grc' dir='ltr'><strong>δὲ,</strong></span> 
     </span>
    </p>
   </div>
   <div class='ocr_carea' id='block_1_64' title="bbox 2211 2058 3763 2136">
    <p class='ocr_par' dir='ltr' id='par_1_64' title="bbox 2211 2058 3763 2136">
     <span class='ocr_line' id='line_1_64' title="bbox 2211 2058 3763 2136; baseline 0.003 -24"><span class='ocrx_word' id='word_1_400' title='bbox 2211 2059 2350 2131; x_wconf 80' lang='grc' dir='ltr'>πρὸς</span> <span class='ocrx_word' id='word_1_401' title='bbox 2382 2058 2481 2113; x_wconf 86' lang='grc' dir='ltr'>νῦν</span> <span class='ocrx_word' id='word_1_402' title='bbox 2526 2060 2975 2129; x_wconf 77' lang='grc' dir='ltr'>ἐνεργουμένων·</span> <span class='ocrx_word' id='word_1_403' title='bbox 3024 2060 3204 2126; x_wconf 80' lang='grc' dir='ltr'>ἄλλοις</span> <span class='ocrx_word' id='word_1_404' title='bbox 3227 2103 3243 2129; x_wconf 94' lang='grc'><strong>,</strong></span> <span class='ocrx_word' id='word_1_405' title='bbox 3301 2064 3444 2135; x_wconf 83' lang='grc' dir='ltr'>πρὸς</span> <span class='ocrx_word' id='word_1_406' title='bbox 3489 2065 3763 2136; x_wconf 84' lang='grc' dir='ltr'>μελλόντων</span> 
     </span>
    </p>
   </div>
   <div class='ocr_carea' id='block_1_65' title="bbox 2211 2153 3765 2229">
    <p class='ocr_par' dir='ltr' id='par_1_65' title="bbox 2211 2153 3765 2229">
     <span class='ocr_line' id='line_1_65' title="bbox 2211 2153 3765 2229; baseline 0.005 -23"><span class='ocrx_word' id='word_1_407' title='bbox 2211 2154 2554 2226; x_wconf 77' lang='grc' dir='ltr'>ἐνεργεῖσθαι</span> <span class='ocrx_word' id='word_1_408' title='bbox 2588 2153 2906 2225; x_wconf 79' lang='grc' dir='ltr'>ἀνακοπὴν,</span> <span class='ocrx_word' id='word_1_409' title='bbox 2951 2155 3271 2224; x_wconf 73' lang='grc' dir='ltr'>ἐπάγονται.</span> <span class='ocrx_word' id='word_1_410' title='bbox 3315 2158 3455 2229; x_wconf 85' lang='grc' dir='ltr'>Δίχα</span> <span class='ocrx_word' id='word_1_411' title='bbox 3498 2160 3603 2213; x_wconf 87' lang='grc' dir='ltr'><strong>τῶν</strong></span> <span class='ocrx_word' id='word_1_412' title='bbox 3644 2160 3765 2229; x_wconf 68' lang='grc' dir='ltr'>πρὸς</span> 
     </span>
    </p>
   </div>
   <div class='ocr_carea' id='block_1_66' title="bbox 2210 2243 3544 2315">
    <p class='ocr_par' dir='ltr' id='par_1_66' title="bbox 2210 2243 3544 2315">
     <span class='ocr_line' id='line_1_66' title="bbox 2210 2243 3544 2315; baseline 0.005 -19"><span class='ocrx_word' id='word_1_413' title='bbox 2210 2244 2440 2315; x_wconf 84' lang='grc' dir='ltr'>δοκιμὴν</span> <span class='ocrx_word' id='word_1_414' title='bbox 2479 2243 3009 2314; x_wconf 80' lang='grc' dir='ltr'>ὲπισυμϐαινόντων,</span> <span class='ocrx_word' id='word_1_415' title='bbox 3042 2246 3118 2309; x_wconf 88' lang='grc' dir='ltr'>ὼς</span> <span class='ocrx_word' id='word_1_416' title='bbox 3146 2248 3239 2300; x_wconf 73' lang='grc' dir='ltr'>ἐπὶ</span> <span class='ocrx_word' id='word_1_417' title='bbox 3269 2247 3365 2301; x_wconf 81' lang='grc' dir='ltr'>τοῦ</span> <span class='ocrx_word' id='word_1_418' title='bbox 3407 2248 3544 2304; x_wconf 74' lang='grc' dir='ltr'><strong>Ἰὼϐ.</strong></span> 
     </span>
    </p>
   </div>
   <div class='ocr_carea' id='block_1_67' title="bbox 2286 2423 3769 2500">
    <p class='ocr_par' dir='ltr' id='par_1_67' title="bbox 2286 2423 3769 2500">
     <span class='ocr_line' id='line_1_67' title="bbox 2286 2423 3769 2500; baseline -0.004 -22"><span class='ocrx_word' id='word_1_419' title='bbox 2286 2429 2407 2494; x_wconf 59' lang='lat' dir='ltr'><strong>pg’.</strong></span> <span class='ocrx_word' id='word_1_420' title='bbox 2447 2423 2506 2476; x_wconf 87' lang='lat'><strong>&#39;0</strong></span> <span class='ocrx_word' id='word_1_421' title='bbox 2536 2423 2638 2493; x_wconf 85' lang='grc' dir='ltr'><strong>μὲν</strong></span> <span class='ocrx_word' id='word_1_422' title='bbox 2666 2423 2916 2493; x_wconf 75' lang='grc' dir='ltr'>ἐχέφρων</span> <span class='ocrx_word' id='word_1_423' title='bbox 2937 2462 2953 2488; x_wconf 83' lang='grc'><strong>,</strong></span> <span class='ocrx_word' id='word_1_424' title='bbox 2997 2424 3107 2478; x_wconf 85' lang='grc' dir='ltr'><strong>τῶν</strong></span> <span class='ocrx_word' id='word_1_425' title='bbox 3136 2426 3298 2483; x_wconf 86' lang='grc' dir='ltr'>θείων</span> <span class='ocrx_word' id='word_1_426' title='bbox 3350 2428 3635 2500; x_wconf 72' lang='grc' dir='ltr'>χριμάτων</span> <span class='ocrx_word' id='word_1_427' title='bbox 3677 2428 3769 2498; x_wconf 68' lang='grc' dir='ltr'><strong>τὴν</strong></span> 
     </span>
    </p>
   </div>
   <div class='ocr_carea' id='block_1_68' title="bbox 2216 2515 3772 2593">
    <p class='ocr_par' dir='ltr' id='par_1_68' title="bbox 2216 2515 3772 2593">
     <span class='ocr_line' id='line_1_68' title="bbox 2216 2515 3772 2593; baseline 0.003 -24"><span class='ocrx_word' id='word_1_428' title='bbox 2216 2515 2459 2586; x_wconf 80' lang='grc' dir='ltr'>ἰατρείαν</span> <span class='ocrx_word' id='word_1_429' title='bbox 2487 2516 2975 2587; x_wconf 78' lang='grc' dir='ltr'>ἀναλογιζόμενος,</span> <span class='ocrx_word' id='word_1_430' title='bbox 3011 2519 3357 2590; x_wconf 72' lang='grc' dir='ltr'>εὐχαρίστως</span> <span class='ocrx_word' id='word_1_431' title='bbox 3396 2521 3548 2593; x_wconf 80' lang='grc' dir='ltr'>φέρει</span> <span class='ocrx_word' id='word_1_432' title='bbox 3573 2521 3665 2584; x_wconf 79' lang='grc' dir='ltr'>τὰς</span> <span class='ocrx_word' id='word_1_433' title='bbox 3688 2520 3772 2574; x_wconf 75' lang='grc' dir='ltr'><strong>διὰ</strong></span> 
     </span>
    </p>
   </div>
   <div class='ocr_carea' id='block_1_69' title="bbox 2211 2609 3768 2685">
    <p class='ocr_par' dir='ltr' id='par_1_69' title="bbox 2211 2609 3768 2685">
     <span class='ocr_line' id='line_1_69' title="bbox 2211 2609 3768 2685; baseline 0.003 -24"><span class='ocrx_word' id='word_1_434' title='bbox 2211 2609 2420 2663; x_wconf 82' lang='grc' dir='ltr'>τούτων</span> <span class='ocrx_word' id='word_1_435' title='bbox 2461 2609 2970 2681; x_wconf 78' lang='grc' dir='ltr'>ἐπισυμὸαινούσας</span> <span class='ocrx_word' id='word_1_436' title='bbox 3017 2610 3166 2681; x_wconf 80' lang='grc' dir='ltr'>αὐτῷ</span> <span class='ocrx_word' id='word_1_437' title='bbox 3203 2618 3533 2685; x_wconf 81' lang='grc' dir='ltr'>συμφοράς·</span> <span class='ocrx_word' id='word_1_438' title='bbox 3579 2614 3768 2684; x_wconf 76' lang='grc' dir='ltr'>μηδένα</span> 
     </span>
    </p>
   </div>
   <div class='ocr_carea' id='block_1_70' title="bbox 2212 2700 3769 2776">
    <p class='ocr_par' dir='ltr' id='par_1_70' title="bbox 2212 2700 3769 2776">
     <span class='ocr_line' id='line_1_70' title="bbox 2212 2700 3769 2776; baseline 0.001 -22"><span class='ocrx_word' id='word_1_439' title='bbox 2212 2700 2372 2755; x_wconf 81' lang='grc' dir='ltr'>ἄλλον</span> <span class='ocrx_word' id='word_1_440' title='bbox 2410 2700 2617 2754; x_wconf 79' lang='grc' dir='ltr'>τούτων</span> <span class='ocrx_word' id='word_1_441' title='bbox 2650 2701 2824 2755; x_wconf 76' lang='grc' dir='ltr'>αἴτιον</span> <span class='ocrx_word' id='word_1_442' title='bbox 2845 2741 2860 2765; x_wconf 91' lang='grc'><strong>,</strong></span> <span class='ocrx_word' id='word_1_443' title='bbox 2891 2702 2932 2770; x_wconf 71' lang='grc' dir='ltr'><strong>ἢ</strong></span> <span class='ocrx_word' id='word_1_444' title='bbox 2959 2702 3057 2766; x_wconf 78' lang='grc' dir='ltr'>τὰς</span> <span class='ocrx_word' id='word_1_445' title='bbox 3094 2703 3294 2757; x_wconf 77' lang='grc' dir='ltr'>ἑαυτοῦ</span> <span class='ocrx_word' id='word_1_446' title='bbox 3330 2704 3606 2776; x_wconf 85' lang='grc' dir='ltr'>ἁμαρτίας</span> <span class='ocrx_word' id='word_1_447' title='bbox 3632 2702 3769 2773; x_wconf 87' lang='grc' dir='ltr'>λογι-</span> 
     </span>
    </p>
   </div>
   <div class='ocr_carea' id='block_1_71' title="bbox 2212 2791 3769 2865">
    <p class='ocr_par' dir='ltr' id='par_1_71' title="bbox 2212 2791 3769 2865">
     <span class='ocr_line' id='line_1_71' title="bbox 2212 2791 3769 2865; baseline 0.002 -20"><span class='ocrx_word' id='word_1_448' title='bbox 2212 2792 2459 2863; x_wconf 78' lang='grc' dir='ltr'>ζόμενος.</span> <span class='ocrx_word' id='word_1_449' title='bbox 2507 2793 2567 2845; x_wconf 83' lang='grc' dir='ltr'>Ὀ</span> <span class='ocrx_word' id='word_1_450' title='bbox 2604 2791 2663 2846; x_wconf 79' lang='grc' dir='ltr'>δὲ</span> <span class='ocrx_word' id='word_1_451' title='bbox 2691 2793 2901 2864; x_wconf 76' lang='grc' dir='ltr'>ἄφρων,</span> <span class='ocrx_word' id='word_1_452' title='bbox 2942 2793 3040 2865; x_wconf 76' lang='grc' dir='ltr'>τὴν</span> <span class='ocrx_word' id='word_1_453' title='bbox 3070 2793 3164 2847; x_wconf 82' lang='grc' dir='ltr'>τοῦ</span> <span class='ocrx_word' id='word_1_454' title='bbox 3192 2794 3329 2849; x_wconf 80' lang='grc' dir='ltr'>Θεοῦ</span> <span class='ocrx_word' id='word_1_455' title='bbox 3365 2796 3574 2864; x_wconf 82' lang='grc' dir='ltr'>ἀγνοῶν</span> <span class='ocrx_word' id='word_1_456' title='bbox 3605 2813 3769 2865; x_wconf 86' lang='grc' dir='ltr'>σοφω-</span> 
     </span>
    </p>
   </div>
   <div class='ocr_carea' id='block_1_72' title="bbox 2210 2884 3769 2958">
    <p class='ocr_par' dir='ltr' id='par_1_72' title="bbox 2210 2884 3769 2958">
     <span class='ocr_line' id='line_1_72' title="bbox 2210 2884 3769 2958; baseline 0.003 -22"><span class='ocrx_word' id='word_1_457' title='bbox 2210 2884 2381 2954; x_wconf 85' lang='grc' dir='ltr'>τάτην</span> <span class='ocrx_word' id='word_1_458' title='bbox 2410 2885 2686 2954; x_wconf 83' lang='grc' dir='ltr'>πρόνοιαν,</span> <span class='ocrx_word' id='word_1_459' title='bbox 2718 2885 3051 2956; x_wconf 77' lang='grc' dir='ltr'>ἁμαρτάνων</span> <span class='ocrx_word' id='word_1_460' title='bbox 3078 2887 3171 2940; x_wconf 68' lang='grc' dir='ltr'>καὶ</span> <span class='ocrx_word' id='word_1_461' title='bbox 3197 2887 3605 2958; x_wconf 84' lang='grc' dir='ltr'>παιδευόμενος,</span> <span class='ocrx_word' id='word_1_462' title='bbox 3634 2887 3769 2958; x_wconf 77' lang='grc' dir='ltr'>ῆτὸν</span> 
     </span>
    </p>
   </div>
   <div class='ocr_carea' id='block_1_73' title="bbox 2209 2974 3768 3061">
    <p class='ocr_par' dir='ltr' id='par_1_73' title="bbox 2209 2974 3768 3061">
     <span class='ocr_line' id='line_1_73' title="bbox 2209 2974 3768 3061; baseline 0.002 -33"><span class='ocrx_word' id='word_1_463' title='bbox 2209 2974 2366 3042; x_wconf 68' lang='grc' dir='ltr'>Θεὸν,</span> <span class='ocrx_word' id='word_1_464' title='bbox 2401 2976 2435 3047; x_wconf 77' lang='grc' dir='ltr'>ἢ</span> <span class='ocrx_word' id='word_1_465' title='bbox 2466 2977 2593 3040; x_wconf 74' lang='grc' dir='ltr'>τοὺς</span> <span class='ocrx_word' id='word_1_466' title='bbox 2626 2977 2950 3049; x_wconf 75' lang='grc' dir='ltr'>ἀνθρώπους</span> <span class='ocrx_word' id='word_1_467' title='bbox 2989 2980 3098 3033; x_wconf 86' lang='grc' dir='ltr'><strong>τῶν</strong></span> <span class='ocrx_word' id='word_1_468' title='bbox 3135 2979 3333 3035; x_wconf 75' lang='grc' dir='ltr'>ἑαυτοῦ</span> <span class='ocrx_word' id='word_1_469' title='bbox 3370 2980 3551 3039; x_wconf 83' lang='grc' dir='ltr'>κακῶν</span> <span class='ocrx_word' id='word_1_470' title='bbox 3574 2978 3768 3061; x_wconf 78' lang='grc' dir='ltr'>αἰτίους</span> 
     </span>
    </p>
   </div>
   <div class='ocr_carea' id='block_1_74' title="bbox 2211 3066 2513 3137">
    <p class='ocr_par' dir='ltr' id='par_1_74' title="bbox 2211 3066 2513 3137">
     <span class='ocr_line' id='line_1_74' title="bbox 2211 3066 2513 3137; baseline -0.003 -16"><span class='ocrx_word' id='word_1_471' title='bbox 2211 3066 2513 3137; x_wconf 76' lang='grc' dir='ltr'>λογίζεται.</span> 
     </span>
    </p>
   </div>
   <div class='ocr_carea' id='block_1_75' title="bbox 2287 3159 3765 3238">
    <p class='ocr_par' dir='ltr' id='par_1_75' title="bbox 2287 3159 3765 3238">
     <span class='ocr_line' id='line_1_75' title="bbox 2287 3159 3765 3238; baseline 0.008 -25"><span class='ocrx_word' id='word_1_472' title='bbox 2287 3159 2397 3231; x_wconf 57' lang='grc' dir='ltr'><strong>μζκ</strong></span> <span class='ocrx_word' id='word_1_473' title='bbox 2446 3161 2569 3214; x_wconf 89' lang='grc' dir='ltr'>Είσί</span> <span class='ocrx_word' id='word_1_474' title='bbox 2599 3178 2723 3216; x_wconf 91' lang='grc' dir='ltr'>τινα</span> <span class='ocrx_word' id='word_1_475' title='bbox 2760 3162 2991 3217; x_wconf 77' lang='grc' dir='ltr'>ἱστῶντα</span> <span class='ocrx_word' id='word_1_476' title='bbox 3046 3162 3115 3217; x_wconf 84' lang='grc' dir='ltr'><strong>τά</strong></span> <span class='ocrx_word' id='word_1_477' title='bbox 3160 3164 3307 3235; x_wconf 79' lang='grc' dir='ltr'>πάθη</span> <span class='ocrx_word' id='word_1_478' title='bbox 3352 3168 3450 3238; x_wconf 75' lang='grc' dir='ltr'><strong>τῇς</strong></span> <span class='ocrx_word' id='word_1_479' title='bbox 3496 3165 3765 3234; x_wconf 66' lang='grc' dir='ltr'>κινήσεως,</span> 
     </span>
    </p>
   </div>
   <div class='ocr_carea' id='block_1_76' title="bbox 2212 3251 3769 3328">
    <p class='ocr_par' dir='ltr' id='par_1_76' title="bbox 2212 3251 3769 3328">
     <span class='ocr_line' id='line_1_76' title="bbox 2212 3251 3769 3328; baseline 0 -23"><span class='ocrx_word' id='word_1_480' title='bbox 2212 3251 2308 3305; x_wconf 71' lang='grc' dir='ltr'><strong>καὶ</strong></span> <span class='ocrx_word' id='word_1_481' title='bbox 2368 3251 2444 3322; x_wconf 73' lang='grc' dir='ltr'>μὴ</span> <span class='ocrx_word' id='word_1_482' title='bbox 2495 3253 2672 3306; x_wconf 79' lang='grc' dir='ltr'>ἐῶντα</span> <span class='ocrx_word' id='word_1_483' title='bbox 2721 3254 2997 3325; x_wconf 79' lang='grc' dir='ltr'>προϐῆναι</span> <span class='ocrx_word' id='word_1_484' title='bbox 3044 3258 3124 3320; x_wconf 83' lang='grc' dir='ltr'><strong>είς</strong></span> <span class='ocrx_word' id='word_1_485' title='bbox 3172 3255 3407 3328; x_wconf 75' lang='grc' dir='ltr'>αὔξησιν</span> <span class='ocrx_word' id='word_1_486' title='bbox 3439 3274 3453 3289; x_wconf 88' lang='grc'><strong>·</strong></span> <span class='ocrx_word' id='word_1_487' title='bbox 3511 3256 3602 3310; x_wconf 80' lang='grc' dir='ltr'>καὶ</span> <span class='ocrx_word' id='word_1_488' title='bbox 3643 3252 3769 3307; x_wconf 69' lang='grc' dir='ltr'>εἰσὶν</span> 
     </span>
    </p>
   </div>
   <div class='ocr_carea' id='block_1_77' title="bbox 2210 3343 3763 3418">
    <p class='ocr_par' dir='ltr' id='par_1_77' title="bbox 2210 3343 3763 3418">
     <span class='ocr_line' id='line_1_77' title="bbox 2210 3343 3763 3418; baseline 0.002 -23"><span class='ocrx_word' id='word_1_489' title='bbox 2210 3343 2376 3413; x_wconf 73' lang='grc' dir='ltr'>ἔτερα</span> <span class='ocrx_word' id='word_1_490' title='bbox 2415 3343 2767 3410; x_wconf 83' lang='grc' dir='ltr'>ὲλαττοῦντα,</span> <span class='ocrx_word' id='word_1_491' title='bbox 2821 3348 2915 3401; x_wconf 76' lang='grc' dir='ltr'><strong>καὶ</strong></span> <span class='ocrx_word' id='word_1_492' title='bbox 2965 3348 3046 3412; x_wconf 86' lang='grc' dir='ltr'><strong>είς</strong></span> <span class='ocrx_word' id='word_1_493' title='bbox 3091 3348 3320 3417; x_wconf 77' lang='grc' dir='ltr'>μείωσιν</span> <span class='ocrx_word' id='word_1_494' title='bbox 3370 3350 3589 3418; x_wconf 74' lang='grc' dir='ltr'>ἄγοντα.</span> <span class='ocrx_word' id='word_1_495' title='bbox 3632 3345 3763 3408; x_wconf 80' lang='grc' dir='ltr'>Οίον.</span> 
     </span>
    </p>
   </div>
   <div class='ocr_carea' id='block_1_78' title="bbox 2211 3437 3763 3512">
    <p class='ocr_par' dir='ltr' id='par_1_78' title="bbox 2211 3437 3763 3512">
     <span class='ocr_line' id='line_1_78' title="bbox 2211 3437 3763 3512; baseline 0.001 -22"><span class='ocrx_word' id='word_1_496' title='bbox 2211 3437 2433 3505; x_wconf 82' lang='grc' dir='ltr'>νηστεία</span> <span class='ocrx_word' id='word_1_497' title='bbox 2470 3439 2564 3490; x_wconf 74' lang='grc' dir='ltr'><strong>καὶ</strong></span> <span class='ocrx_word' id='word_1_498' title='bbox 2597 3439 2764 3504; x_wconf 83' lang='grc' dir='ltr'>κόπος</span> <span class='ocrx_word' id='word_1_499' title='bbox 2816 3442 2910 3496; x_wconf 74' lang='grc' dir='ltr'><strong>καὶ</strong></span> <span class='ocrx_word' id='word_1_500' title='bbox 2950 3442 3246 3512; x_wconf 84' lang='grc' dir='ltr'>ἀγρυπνία,</span> <span class='ocrx_word' id='word_1_501' title='bbox 3280 3444 3387 3499; x_wconf 76' lang='grc' dir='ltr'><strong>οὐκ</strong></span> <span class='ocrx_word' id='word_1_502' title='bbox 3413 3444 3572 3498; x_wconf 83' lang='grc' dir='ltr'>ὲῶσιν</span> <span class='ocrx_word' id='word_1_503' title='bbox 3598 3441 3763 3507; x_wconf 78' lang='grc' dir='ltr'>αὔξειν</span> 
     </span>
    </p>
   </div>
   <div class='ocr_carea' id='block_1_79' title="bbox 2211 3525 3765 3604">
    <p class='ocr_par' dir='ltr' id='par_1_79' title="bbox 2211 3525 3765 3604">
     <span class='ocr_line' id='line_1_79' title="bbox 2211 3525 3765 3604; baseline 0.002 -27"><span class='ocrx_word' id='word_1_504' title='bbox 2211 3525 2309 3596; x_wconf 81' lang='grc' dir='ltr'>τὴν</span> <span class='ocrx_word' id='word_1_505' title='bbox 2334 3525 2629 3596; x_wconf 72' lang='grc' dir='ltr'>ἐπιθυμίαν</span> <span class='ocrx_word' id='word_1_506' title='bbox 2648 3544 2663 3559; x_wconf 72' lang='grc'><strong><em>⁸</em></strong></span> <span class='ocrx_word' id='word_1_507' title='bbox 2686 3529 3031 3601; x_wconf 85' lang='grc' dir='ltr'>ἀναχώρησις</span> <span class='ocrx_word' id='word_1_508' title='bbox 3056 3531 3111 3584; x_wconf 70' lang='grc' dir='ltr'>δὲ</span> <span class='ocrx_word' id='word_1_509' title='bbox 3135 3533 3231 3586; x_wconf 78' lang='grc' dir='ltr'>καὶ</span> <span class='ocrx_word' id='word_1_510' title='bbox 3260 3532 3467 3604; x_wconf 82' lang='grc' dir='ltr'>θεωρία</span> <span class='ocrx_word' id='word_1_511' title='bbox 3500 3533 3590 3587; x_wconf 77' lang='grc' dir='ltr'>καὶ</span> <span class='ocrx_word' id='word_1_512' title='bbox 3613 3545 3765 3600; x_wconf 68' lang='grc' dir='ltr'>προσ-</span> 
     </span>
    </p>
   </div>
   <div class='ocr_carea' id='block_1_80' title="bbox 2210 3618 3766 3698">
    <p class='ocr_par' dir='ltr' id='par_1_80' title="bbox 2210 3618 3766 3698">
     <span class='ocr_line' id='line_1_80' title="bbox 2210 3618 3766 3698; baseline 0.003 -29"><span class='ocrx_word' id='word_1_513' title='bbox 2210 3618 2364 3698; x_wconf 78' lang='grc' dir='ltr'>ευχὴ,</span> <span class='ocrx_word' id='word_1_514' title='bbox 2404 3619 2496 3671; x_wconf 74' lang='grc' dir='ltr'><strong>καὶ</strong></span> <span class='ocrx_word' id='word_1_515' title='bbox 2526 3618 2666 3690; x_wconf 76' lang='grc' dir='ltr'>ἔρως</span> <span class='ocrx_word' id='word_1_516' title='bbox 2695 3623 2776 3685; x_wconf 89' lang='grc' dir='ltr'><strong>είς</strong></span> <span class='ocrx_word' id='word_1_517' title='bbox 2814 3621 2965 3687; x_wconf 83' lang='grc' dir='ltr'>Θεὸν,</span> <span class='ocrx_word' id='word_1_518' title='bbox 2997 3624 3311 3679; x_wconf 82' lang='grc' dir='ltr'>ὲλαττοῦσιν</span> <span class='ocrx_word' id='word_1_519' title='bbox 3340 3626 3507 3697; x_wconf 76' lang='grc' dir='ltr'>αὐτὴν</span> <span class='ocrx_word' id='word_1_520' title='bbox 3527 3668 3542 3691; x_wconf 95' lang='grc'><strong>,</strong></span> <span class='ocrx_word' id='word_1_521' title='bbox 3585 3624 3671 3677; x_wconf 69' lang='grc' dir='ltr'><strong>καὶ</strong></span> <span class='ocrx_word' id='word_1_522' title='bbox 3692 3622 3766 3684; x_wconf 69' lang='grc' dir='ltr'><strong>εις</strong></span> 
     </span>
    </p>
   </div>
   <div class='ocr_carea' id='block_1_81' title="bbox 2209 3709 3763 3790">
    <p class='ocr_par' dir='ltr' id='par_1_81' title="bbox 2209 3709 3763 3790">
     <span class='ocr_line' id='line_1_81' title="bbox 2209 3709 3763 3790; baseline 0.007 -29"><span class='ocrx_word' id='word_1_523' title='bbox 2209 3709 2515 3781; x_wconf 74' lang='grc' dir='ltr'>ἀφανισμὸν</span> <span class='ocrx_word' id='word_1_524' title='bbox 2565 3711 2778 3780; x_wconf 76' lang='grc' dir='ltr'>ἄγουσι.</span> <span class='ocrx_word' id='word_1_525' title='bbox 2828 3715 2939 3768; x_wconf 83' lang='grc' dir='ltr'>Καὶ</span> <span class='ocrx_word' id='word_1_526' title='bbox 2989 3715 3082 3769; x_wconf 76' lang='grc' dir='ltr'><strong>ἐπὶ</strong></span> <span class='ocrx_word' id='word_1_527' title='bbox 3112 3717 3206 3771; x_wconf 77' lang='grc' dir='ltr'>τοῦ</span> <span class='ocrx_word' id='word_1_528' title='bbox 3238 3718 3412 3790; x_wconf 82' lang='grc' dir='ltr'>θυμοῦ</span> <span class='ocrx_word' id='word_1_529' title='bbox 3453 3718 3509 3771; x_wconf 86' lang='grc' dir='ltr'>δὲ</span> <span class='ocrx_word' id='word_1_530' title='bbox 3557 3716 3763 3785; x_wconf 71' lang='grc' dir='ltr'>ὁμοίως·</span> 
     </span>
    </p>
   </div>
   <div class='ocr_carea' id='block_1_82' title="bbox 2210 3795 3763 3879">
    <p class='ocr_par' dir='ltr' id='par_1_82' title="bbox 2210 3795 3763 3879">
     <span class='ocr_line' id='line_1_82' title="bbox 2210 3795 3763 3879; baseline 0.009 -26"><span class='ocrx_word' id='word_1_531' title='bbox 2210 3795 2369 3867; x_wconf 76' lang='grc' dir='ltr'>Οίον,</span> <span class='ocrx_word' id='word_1_532' title='bbox 2409 3802 2760 3874; x_wconf 83' lang='grc' dir='ltr'>μακροθυμία</span> <span class='ocrx_word' id='word_1_533' title='bbox 2814 3806 2908 3858; x_wconf 73' lang='grc' dir='ltr'><strong>καὶ</strong></span> <span class='ocrx_word' id='word_1_534' title='bbox 2940 3808 3321 3879; x_wconf 85' lang='grc' dir='ltr'>άμνησικακία</span> <span class='ocrx_word' id='word_1_535' title='bbox 3372 3810 3465 3864; x_wconf 79' lang='grc' dir='ltr'>καὶ</span> <span class='ocrx_word' id='word_1_536' title='bbox 3515 3807 3763 3879; x_wconf 72' lang='grc' dir='ltr'>πραότης.</span> 
     </span>
    </p>
   </div>
   <div class='ocr_carea' id='block_1_83' title="bbox 2213 3892 3766 3971">
    <p class='ocr_par' dir='ltr' id='par_1_83' title="bbox 2213 3892 3766 3971">
     <span class='ocr_line' id='line_1_83' title="bbox 2213 3892 3766 3971; baseline 0.006 -27"><span class='ocrx_word' id='word_1_537' title='bbox 2213 3892 2430 3948; x_wconf 83' lang='grc' dir='ltr'>ἱστῶσιν</span> <span class='ocrx_word' id='word_1_538' title='bbox 2464 3894 2647 3960; x_wconf 80' lang='grc' dir='ltr'>αὐτὸν,</span> <span class='ocrx_word' id='word_1_539' title='bbox 2678 3898 2772 3950; x_wconf 74' lang='grc' dir='ltr'>καὶ</span> <span class='ocrx_word' id='word_1_540' title='bbox 2791 3898 2892 3952; x_wconf 81' lang='grc' dir='ltr'><strong>οὐκ</strong></span> <span class='ocrx_word' id='word_1_541' title='bbox 2922 3899 3083 3953; x_wconf 79' lang='grc' dir='ltr'>ἐῶσιν</span> <span class='ocrx_word' id='word_1_542' title='bbox 3122 3900 3307 3967; x_wconf 70' lang='grc' dir='ltr'>αὕξειν</span> <span class='ocrx_word' id='word_1_543' title='bbox 3326 3923 3341 3937; x_wconf 78' lang='grc' dir='ltr'><strong><em>ο</em></strong></span> <span class='ocrx_word' id='word_1_544' title='bbox 3376 3903 3562 3971; x_wconf 82' lang='grc' dir='ltr'>ἀγάπη</span> <span class='ocrx_word' id='word_1_545' title='bbox 3597 3899 3652 3953; x_wconf 87' lang='grc' dir='ltr'>δὲ</span> <span class='ocrx_word' id='word_1_546' title='bbox 3677 3897 3766 3951; x_wconf 74' lang='grc' dir='ltr'>καὶ</span> 
     </span>
    </p>
   </div>
   <div class='ocr_carea' id='block_1_84' title="bbox 2207 3983 3768 4064">
    <p class='ocr_par' dir='ltr' id='par_1_84' title="bbox 2207 3983 3768 4064">
     <span class='ocr_line' id='line_1_84' title="bbox 2207 3983 3768 4064; baseline 0.011 -29"><span class='ocrx_word' id='word_1_547' title='bbox 2207 3983 2545 4057; x_wconf 75' lang='grc' dir='ltr'>ἐλεημοσύνη</span> <span class='ocrx_word' id='word_1_548' title='bbox 2608 3986 2705 4040; x_wconf 78' lang='grc' dir='ltr'>καὶ</span> <span class='ocrx_word' id='word_1_549' title='bbox 2755 3989 3061 4063; x_wconf 87' lang='grc' dir='ltr'>χρηστότης</span> <span class='ocrx_word' id='word_1_550' title='bbox 3104 3993 3199 4048; x_wconf 85' lang='grc' dir='ltr'>καὶ</span> <span class='ocrx_word' id='word_1_551' title='bbox 3238 3990 3650 4064; x_wconf 81' lang='grc' dir='ltr'>φιλανθρωπία,</span> <span class='ocrx_word' id='word_1_552' title='bbox 3693 3989 3768 4052; x_wconf 72' lang='grc' dir='ltr'><strong>εἰς</strong></span> 
     </span>
    </p>
   </div>
   <div class='ocr_carea' id='block_1_85' title="bbox 2210 4076 2709 4147">
    <p class='ocr_par' dir='ltr' id='par_1_85' title="bbox 2210 4076 2709 4147">
     <span class='ocr_line' id='line_1_85' title="bbox 2210 4076 2709 4147; baseline 0.01 -18"><span class='ocrx_word' id='word_1_553' title='bbox 2210 4076 2434 4147; x_wconf 83' lang='grc' dir='ltr'>μείωσιν</span> <span class='ocrx_word' id='word_1_554' title='bbox 2465 4078 2709 4145; x_wconf 78' lang='grc' dir='ltr'>ἄγουσιν.</span> 
     </span>
    </p>
   </div>
   <div class='ocr_carea' id='block_1_86' title="bbox 2280 4162 3768 4245">
    <p class='ocr_par' dir='ltr' id='par_1_86' title="bbox 2280 4162 3768 4245">
     <span class='ocr_line' id='line_1_86' title="bbox 2280 4162 3768 4245; baseline 0 -21"><span class='ocrx_word' id='word_1_555' title='bbox 2280 4167 2393 4239; x_wconf 57' lang='lat' dir='ltr'><strong>inf.</strong></span> <span class='ocrx_word' id='word_1_556' title='bbox 2437 4162 2659 4234; x_wconf 79' lang='grc' dir='ltr'>Οὖτινος</span> <span class='ocrx_word' id='word_1_557' title='bbox 2721 4172 2749 4225; x_wconf 80' lang='grc' dir='ltr'><strong>ὁ</strong></span> <span class='ocrx_word' id='word_1_558' title='bbox 2795 4171 2922 4235; x_wconf 82' lang='grc' dir='ltr'>νοῦς</span> <span class='ocrx_word' id='word_1_559' title='bbox 2965 4172 3257 4239; x_wconf 84' lang='grc' dir='ltr'>διαπαντός</span> <span class='ocrx_word' id='word_1_560' title='bbox 3307 4177 3424 4229; x_wconf 76' lang='grc' dir='ltr'>ἐστι</span> <span class='ocrx_word' id='word_1_561' title='bbox 3459 4173 3591 4245; x_wconf 70' lang='grc' dir='ltr'>πρὸς</span> <span class='ocrx_word' id='word_1_562' title='bbox 3616 4169 3768 4238; x_wconf 70' lang='grc' dir='ltr'>Θεὸν,</span> 
     </span>
    </p>
   </div>
   <div class='ocr_carea' id='block_1_87' title="bbox 2206 4258 3770 4340">
    <p class='ocr_par' dir='ltr' id='par_1_87' title="bbox 2206 4258 3770 4340">
     <span class='ocr_line' id='line_1_87' title="bbox 2206 4258 3770 4340; baseline 0.002 -27"><span class='ocrx_word' id='word_1_563' title='bbox 2206 4258 2394 4313; x_wconf 78' lang='grc' dir='ltr'>τούτου</span> <span class='ocrx_word' id='word_1_564' title='bbox 2448 4263 2543 4317; x_wconf 80' lang='grc' dir='ltr'><strong>καὶ</strong></span> <span class='ocrx_word' id='word_1_565' title='bbox 2590 4264 2625 4334; x_wconf 74' lang='grc' dir='ltr'><strong>ἡ</strong></span> <span class='ocrx_word' id='word_1_566' title='bbox 2656 4262 2920 4335; x_wconf 79' lang='grc' dir='ltr'>ἐπιθυμία</span> <span class='ocrx_word' id='word_1_567' title='bbox 2963 4266 3043 4328; x_wconf 87' lang='grc' dir='ltr'><strong>είς</strong></span> <span class='ocrx_word' id='word_1_568' title='bbox 3093 4266 3185 4321; x_wconf 80' lang='grc' dir='ltr'>τὸν</span> <span class='ocrx_word' id='word_1_569' title='bbox 3226 4267 3369 4321; x_wconf 88' lang='grc' dir='ltr'>θεῖον</span> <span class='ocrx_word' id='word_1_570' title='bbox 3401 4264 3770 4340; x_wconf 78' lang='grc' dir='ltr'>ὕπερηύξησεν</span> 
     </span>
    </p>
   </div>
   <div class='ocr_carea' id='block_1_88' title="bbox 2206 4351 3771 4431">
    <p class='ocr_par' dir='ltr' id='par_1_88' title="bbox 2206 4351 3771 4431">
     <span class='ocr_line' id='line_1_88' title="bbox 2206 4351 3771 4431; baseline 0.002 -27"><span class='ocrx_word' id='word_1_571' title='bbox 2206 4351 2385 4424; x_wconf 77' lang='grc' dir='ltr'>ἔρωτα</span> <span class='ocrx_word' id='word_1_572' title='bbox 2410 4371 2422 4385; x_wconf 91' lang='grc'><strong>·</strong></span> <span class='ocrx_word' id='word_1_573' title='bbox 2454 4353 2548 4409; x_wconf 78' lang='grc' dir='ltr'><strong>καὶ</strong></span> <span class='ocrx_word' id='word_1_574' title='bbox 2580 4356 2610 4407; x_wconf 82' lang='grc' dir='ltr'>ὁ</span> <span class='ocrx_word' id='word_1_575' title='bbox 2644 4355 2813 4427; x_wconf 75' lang='grc' dir='ltr'>θυμὸς</span> <span class='ocrx_word' id='word_1_576' title='bbox 2839 4357 3060 4423; x_wconf 61' lang='lat' dir='ltr'><strong>nam;</strong></span> <span class='ocrx_word' id='word_1_577' title='bbox 3106 4361 3184 4430; x_wconf 73' lang='lat' dir='ltr'><strong>(y)</strong></span> <span class='ocrx_word' id='word_1_578' title='bbox 3238 4364 3321 4425; x_wconf 88' lang='grc' dir='ltr'><strong>είς</strong></span> <span class='ocrx_word' id='word_1_579' title='bbox 3349 4359 3622 4431; x_wconf 78' lang='grc' dir='ltr'>τὴν-θείαν</span> <span class='ocrx_word' id='word_1_580' title='bbox 3649 4371 3771 4428; x_wconf 85' lang='grc' dir='ltr'>μετ-</span> 
     </span>
    </p>
   </div>
   <div class='ocr_carea' id='block_1_89' title="bbox 533 4433 2107 4524">
    <p class='ocr_par' dir='ltr' id='par_1_89' title="bbox 533 4438 2104 4501">
     <span class='ocr_line' id='line_1_89' title="bbox 533 4438 2104 4501; baseline -0.004 0"><span class='ocrx_word' id='word_1_581' title='bbox 533 4444 881 4501; x_wconf 84' lang='lat' dir='ltr'><strong>charitatem.</strong></span> <span class='ocrx_word' id='word_1_582' title='bbox 909 4442 1180 4496; x_wconf 89' lang='lat' dir='ltr'><strong>Diuturno</strong></span> <span class='ocrx_word' id='word_1_583' title='bbox 1207 4440 1354 4493; x_wconf 87' lang='lat' dir='ltr'><strong>enim</strong></span> <span class='ocrx_word' id='word_1_584' title='bbox 1384 4438 1584 4494; x_wconf 70' lang='lat' dir='ltr'><strong>divina:</strong></span> <span class='ocrx_word' id='word_1_585' title='bbox 1612 4440 1922 4496; x_wconf 86' lang='lat' dir='ltr'><strong>dilectionis</strong></span> <span class='ocrx_word' id='word_1_586' title='bbox 1950 4456 2104 4496; x_wconf 86' lang='lat' dir='ltr'><strong>com-</strong></span> 
     </span>
    </p>
   </div>
   <div class='ocr_carea' id='block_1_90' title="bbox 2209 4433 3769 4524">
    <p class='ocr_par' dir='ltr' id='par_1_90' title="bbox 2209 4446 3769 4524">
     <span class='ocr_line' id='line_1_90' title="bbox 2209 4446 3769 4524; baseline 0.003 -26"><span class='ocrx_word' id='word_1_587' title='bbox 2209 4446 2420 4518; x_wconf 85' lang='grc' dir='ltr'>ετράπη</span> <span class='ocrx_word' id='word_1_588' title='bbox 2463 4449 2704 4519; x_wconf 83' lang='grc' dir='ltr'>ἀγάπην.</span> <span class='ocrx_word' id='word_1_589' title='bbox 2758 4450 2837 4520; x_wconf 76' lang='grc' dir='ltr'><strong>Τῇ</strong></span> <span class='ocrx_word' id='word_1_590' title='bbox 2895 4450 3002 4521; x_wconf 85' lang='grc' dir='ltr'>γὰρ</span> <span class='ocrx_word' id='word_1_591' title='bbox 3053 4453 3246 4524; x_wconf 76' lang='grc' dir='ltr'>χρονίᾳ</span> <span class='ocrx_word' id='word_1_592' title='bbox 3282 4457 3386 4523; x_wconf 76' lang='grc' dir='ltr'>τῆς</span> <span class='ocrx_word' id='word_1_593' title='bbox 3415 4453 3563 4515; x_wconf 83' lang='grc' dir='ltr'>θείας</span> <span class='ocrx_word' id='word_1_594' title='bbox 3586 4448 3769 4516; x_wconf 76' lang='grc' dir='ltr'>ἐλλάμ-</span> 
     </span>
    </p>
   </div>
   <div class='ocr_carea' id='block_1_91' title="bbox 532 4529 2105 4603">
    <p class='ocr_par' dir='ltr' id='par_1_91' title="bbox 532 4529 2105 4603">
     <span class='ocr_line' id='line_1_91' title="bbox 532 4529 2105 4603; baseline -0.004 -11"><span class='ocrx_word' id='word_1_595' title='bbox 532 4537 773 4599; x_wconf 85' lang='lat' dir='ltr'><strong>mercio,</strong></span> <span class='ocrx_word' id='word_1_596' title='bbox 799 4543 949 4589; x_wconf 89' lang='lat' dir='ltr'><strong>totus</strong></span> <span class='ocrx_word' id='word_1_597' title='bbox 972 4531 1190 4586; x_wconf 87' lang='lat' dir='ltr'><strong>lucidus</strong></span> <span class='ocrx_word' id='word_1_598' title='bbox 1218 4529 1495 4595; x_wconf 89' lang='lat' dir='ltr'><strong>redditus,</strong></span> <span class='ocrx_word' id='word_1_599' title='bbox 1521 4531 1737 4601; x_wconf 89' lang='lat' dir='ltr'><strong>sibique</strong></span> <span class='ocrx_word' id='word_1_600' title='bbox 1764 4533 1878 4603; x_wconf 90' lang='lat' dir='ltr'><strong>ipse</strong></span> <span class='ocrx_word' id='word_1_601' title='bbox 1903 4532 2105 4601; x_wconf 86' lang='lat' dir='ltr'><strong>patibi-</strong></span> 
     </span>
    </p>
   </div>
   <div class='ocr_carea' id='block_1_92' title="bbox 2206 4536 3767 4615">
    <p class='ocr_par' dir='ltr' id='par_1_92' title="bbox 2206 4536 3767 4615">
     <span class='ocr_line' id='line_1_92' title="bbox 2206 4536 3767 4615; baseline 0.001 -26"><span class='ocrx_word' id='word_1_602' title='bbox 2206 4536 2351 4608; x_wconf 71' lang='grc' dir='ltr'>ψεως</span> <span class='ocrx_word' id='word_1_603' title='bbox 2387 4538 2681 4612; x_wconf 84' lang='grc' dir='ltr'>μετουσίᾳ,</span> <span class='ocrx_word' id='word_1_604' title='bbox 2737 4541 2856 4605; x_wconf 83' lang='grc' dir='ltr'>ὅλος</span> <span class='ocrx_word' id='word_1_605' title='bbox 2914 4543 3211 4615; x_wconf 82' lang='grc' dir='ltr'>φωτοειδὴς</span> <span class='ocrx_word' id='word_1_606' title='bbox 3255 4543 3497 4612; x_wconf 85' lang='grc' dir='ltr'>γεγονὼς</span> <span class='ocrx_word' id='word_1_607' title='bbox 3522 4584 3537 4610; x_wconf 92' lang='grc'><strong>,</strong></span> <span class='ocrx_word' id='word_1_608' title='bbox 3588 4541 3677 4595; x_wconf 73' lang='grc' dir='ltr'><strong>καὶ</strong></span> <span class='ocrx_word' id='word_1_609' title='bbox 3712 4537 3767 4591; x_wconf 80' lang='grc' dir='ltr'>τὺ</span> 
     </span>
    </p>
   </div>
   <div class='ocr_carea' id='block_1_93' title="bbox 532 4621 2107 4706">
    <p class='ocr_par' dir='ltr' id='par_1_93' title="bbox 532 4621 2106 4695">
     <span class='ocr_line' id='line_1_93' title="bbox 532 4621 2106 4695; baseline -0.004 -12"><span class='ocrx_word' id='word_1_610' title='bbox 532 4628 640 4683; x_wconf 84' lang='lat' dir='ltr'><strong>lem</strong></span> <span class='ocrx_word' id='word_1_611' title='bbox 693 4627 779 4682; x_wconf 91' lang='lat' dir='ltr'><strong>sui</strong></span> <span class='ocrx_word' id='word_1_612' title='bbox 836 4633 1047 4695; x_wconf 88' lang='lat' dir='ltr'><strong>partem</strong></span> <span class='ocrx_word' id='word_1_613' title='bbox 1105 4621 1310 4676; x_wconf 83' lang='lat' dir='ltr'><strong>arctius</strong></span> <span class='ocrx_word' id='word_1_614' title='bbox 1366 4622 1706 4694; x_wconf 86' lang='lat' dir='ltr'><strong>astringens,</strong></span> <span class='ocrx_word' id='word_1_615' title='bbox 1751 4623 1807 4677; x_wconf 94' lang='lat' dir='ltr'><strong>in</strong></span> <span class='ocrx_word' id='word_1_616' title='bbox 1859 4623 2106 4678; x_wconf 86' lang='lat' dir='ltr'><strong>divinum</strong></span> 
     </span>
    </p>
   </div>
   <div class='ocr_carea' id='block_1_94' title="bbox 2209 4621 3767 4706">
    <p class='ocr_par' dir='ltr' id='par_1_94' title="bbox 2210 4624 3767 4704">
     <span class='ocr_line' id='line_1_94' title="bbox 2210 4624 3767 4704; baseline 0.006 -24"><span class='ocrx_word' id='word_1_617' title='bbox 2210 4627 2513 4697; x_wconf 80' lang='grc' dir='ltr'>παθητικὸν</span> <span class='ocrx_word' id='word_1_618' title='bbox 2541 4630 2706 4686; x_wconf 81' lang='grc' dir='ltr'>αὐτοῦ</span> <span class='ocrx_word' id='word_1_619' title='bbox 2744 4633 2908 4703; x_wconf 81' lang='grc' dir='ltr'>μέρος</span> <span class='ocrx_word' id='word_1_620' title='bbox 2937 4624 3075 4704; x_wconf 66' lang='grc' dir='ltr'>πρὸς</span> <span class='ocrx_word' id='word_1_621' title='bbox 3101 4636 3655 4704; x_wconf 61' lang='grc' dir='ltr'>ἑαυτὸνισυσφίγξαςν</span> <span class='ocrx_word' id='word_1_622' title='bbox 3681 4631 3767 4690; x_wconf 78' lang='grc' dir='ltr'><strong>,εις</strong></span> 
     </span>
    </p>
   </div>
   <div class='ocr_carea' id='block_1_95' title="bbox 532 4710 2107 4798">
    <p class='ocr_par' dir='ltr' id='par_1_95' title="bbox 532 4710 2107 4782">
     <span class='ocr_line' id='line_1_95' title="bbox 532 4710 2107 4782; baseline -0.005 -8"><span class='ocrx_word' id='word_1_623' title='bbox 532 4715 940 4777; x_wconf 84' lang='lat' dir='ltr'><strong>incessabilem,</strong></span> <span class='ocrx_word' id='word_1_624' title='bbox 966 4712 1046 4768; x_wconf 91' lang='lat' dir='ltr'><strong>uti</strong></span> <span class='ocrx_word' id='word_1_625' title='bbox 1075 4710 1286 4766; x_wconf 89' lang='lat' dir='ltr'><strong>dictum</strong></span> <span class='ocrx_word' id='word_1_626' title='bbox 1309 4720 1413 4775; x_wconf 89' lang='lat' dir='ltr'><strong>est,</strong></span> <span class='ocrx_word' id='word_1_627' title='bbox 1437 4725 1701 4776; x_wconf 88' lang='lat' dir='ltr'><strong>amorem,</strong></span> <span class='ocrx_word' id='word_1_628' title='bbox 1726 4712 2021 4782; x_wconf 85' lang='lat' dir='ltr'><strong>jugemqnc</strong></span> <span class='ocrx_word' id='word_1_629' title='bbox 2043 4726 2107 4766; x_wconf 88' lang='lat' dir='ltr'><strong>ac</strong></span> 
     </span>
    </p>
   </div>
   <div class='ocr_carea' id='block_1_96' title="bbox 2209 4710 3763 4798">
    <p class='ocr_par' dir='ltr' id='par_1_96' title="bbox 2209 4718 3763 4798">
     <span class='ocr_line' id='line_1_96' title="bbox 2209 4718 3763 4798; baseline 0.005 -27"><span class='ocrx_word' id='word_1_630' title='bbox 2209 4718 2388 4791; x_wconf 70' lang='grc' dir='ltr'>ἔρωτα</span> <span class='ocrx_word' id='word_1_631' title='bbox 2425 4719 2588 4787; x_wconf 86' lang='grc' dir='ltr'>θεῖον,</span> <span class='ocrx_word' id='word_1_632' title='bbox 2621 4722 2696 4786; x_wconf 83' lang='grc' dir='ltr'><strong>ὡς</strong></span> <span class='ocrx_word' id='word_1_633' title='bbox 2737 4723 2972 4795; x_wconf 82' lang='grc' dir='ltr'>εἴρηται,</span> <span class='ocrx_word' id='word_1_634' title='bbox 3005 4726 3409 4798; x_wconf 84' lang='grc' dir='ltr'>ἁκατάληκτον,</span> <span class='ocrx_word' id='word_1_635' title='bbox 3443 4728 3537 4781; x_wconf 72' lang='grc' dir='ltr'><strong>καὶ</strong></span> <span class='ocrx_word' id='word_1_636' title='bbox 3565 4725 3763 4795; x_wconf 79' lang='grc' dir='ltr'>ἀγάπην</span> 
     </span>
    </p>
   </div>
   <div class='ocr_carea' id='block_1_97' title="bbox 529 4803 2107 4887">
    <p class='ocr_par' dir='ltr' id='par_1_97' title="bbox 529 4803 2107 4879">
     <span class='ocr_line' id='line_1_97' title="bbox 529 4803 2107 4879; baseline -0.002 -16"><span class='ocrx_word' id='word_1_637' title='bbox 529 4821 831 4879; x_wconf 88' lang='lat' dir='ltr'><strong>perennem</strong></span> <span class='ocrx_word' id='word_1_638' title='bbox 869 4804 1197 4861; x_wconf 87' lang='lat' dir='ltr'><strong>eharitatem</strong></span> <span class='ocrx_word' id='word_1_639' title='bbox 1221 4803 1524 4871; x_wconf 88' lang='lat' dir='ltr'><strong>convertit;</strong></span> <span class='ocrx_word' id='word_1_640' title='bbox 1558 4803 1785 4858; x_wconf 85' lang='lat' dir='ltr'><strong>omnino</strong></span> <span class='ocrx_word' id='word_1_641' title='bbox 1811 4820 1841 4858; x_wconf 89' lang='lat' dir='ltr'><strong>a</strong></span> <span class='ocrx_word' id='word_1_642' title='bbox 1870 4804 2107 4860; x_wconf 88' lang='lat' dir='ltr'><strong>terrenis</strong></span> 
     </span>
    </p>
   </div>
   <div class='ocr_carea' id='block_1_98' title="bbox 2209 4803 3760 4887">
    <p class='ocr_par' dir='ltr' id='par_1_98' title="bbox 2209 4809 3760 4887">
     <span class='ocr_line' id='line_1_98' title="bbox 2209 4809 3760 4887; baseline 0.003 -23"><span class='ocrx_word' id='word_1_643' title='bbox 2209 4812 2641 4881; x_wconf 73' lang='grc' dir='ltr'>ἀκατάπαυστον,</span> <span class='ocrx_word' id='word_1_644' title='bbox 2672 4813 2932 4885; x_wconf 76' lang='grc' dir='ltr'>ἔστρεψεν</span> <span class='ocrx_word' id='word_1_645' title='bbox 2955 4856 2970 4881; x_wconf 89' lang='grc'><strong>,</strong></span> <span class='ocrx_word' id='word_1_646' title='bbox 2997 4817 3135 4881; x_wconf 77' lang='grc' dir='ltr'>ὅλως</span> <span class='ocrx_word' id='word_1_647' title='bbox 3158 4818 3226 4872; x_wconf 82' lang='grc' dir='ltr'>ἐκ</span> <span class='ocrx_word' id='word_1_648' title='bbox 3249 4819 3360 4872; x_wconf 87' lang='grc' dir='ltr'><strong>τῶν</strong></span> <span class='ocrx_word' id='word_1_649' title='bbox 3388 4816 3637 4887; x_wconf 69' lang='grc' dir='ltr'>ἐπιγείων</span> <span class='ocrx_word' id='word_1_650' title='bbox 3680 4809 3760 4864; x_wconf 74' lang='grc' dir='ltr'><strong>ἐπὶ</strong></span> 
     </span>
    </p>
   </div>
   <div class='ocr_carea' id='block_1_99' title="bbox 531 4896 2107 4975">
    <p class='ocr_par' dir='ltr' id='par_1_99' title="bbox 531 4896 1132 4956">
     <span class='ocr_line' id='line_1_99' title="bbox 531 4896 1132 4956; baseline -0.015 0"><span class='ocrx_word' id='word_1_651' title='bbox 531 4901 589 4956; x_wconf 88' lang='lat' dir='ltr'><strong>in</strong></span> <span class='ocrx_word' id='word_1_652' title='bbox 614 4901 795 4955; x_wconf 89' lang='lat' dir='ltr'><strong>Deum</strong></span> <span class='ocrx_word' id='word_1_653' title='bbox 817 4896 1132 4952; x_wconf 90' lang='lat' dir='ltr'><strong>traducens.</strong></span> 
     </span>
    </p>
   </div>
   <div class='ocr_carea' id='block_1_100' title="bbox 2209 4896 2841 4975">
    <p class='ocr_par' dir='ltr' id='par_1_100' title="bbox 2209 4902 2841 4975">
     <span class='ocr_line' id='line_1_100' title="bbox 2209 4902 2841 4975; baseline 0.009 -19"><span class='ocrx_word' id='word_1_654' title='bbox 2209 4902 2268 4956; x_wconf 82' lang='grc' dir='ltr'><strong>τὸ</strong></span> <span class='ocrx_word' id='word_1_655' title='bbox 2296 4902 2451 4956; x_wconf 80' lang='grc' dir='ltr'>Θεῖον</span> <span class='ocrx_word' id='word_1_656' title='bbox 2486 4907 2841 4975; x_wconf 82' lang='grc' dir='ltr'>ματαγαγὼν.</span> 
     </span>
    </p>
   </div>
   <div class='ocr_carea' id='block_1_101' title="bbox 602 4986 2107 5074">
    <p class='ocr_par' dir='ltr' id='par_1_101' title="bbox 602 4986 2106 5061">
     <span class='ocr_line' id='line_1_101' title="bbox 602 4986 2106 5061; baseline 0 -14"><span class='ocrx_word' id='word_1_657' title='bbox 602 4993 692 5047; x_wconf 69' lang='grc'>49.</span> <span class='ocrx_word' id='word_1_658' title='bbox 718 4989 873 5045; x_wconf 86' lang='lat' dir='ltr'><strong>Haud</strong></span> <span class='ocrx_word' id='word_1_659' title='bbox 901 5004 1128 5061; x_wconf 85' lang='lat' dir='ltr'><strong>prorsus</strong></span> <span class='ocrx_word' id='word_1_660' title='bbox 1165 4987 1261 5057; x_wconf 89' lang='lat' dir='ltr'><strong>qui</strong></span> <span class='ocrx_word' id='word_1_661' title='bbox 1304 5002 1408 5042; x_wconf 90' lang='lat' dir='ltr'><strong>nec</strong></span> <span class='ocrx_word' id='word_1_662' title='bbox 1444 4986 1675 5054; x_wconf 88' lang='lat' dir='ltr'><strong>invidet,</strong></span> <span class='ocrx_word' id='word_1_663' title='bbox 1698 5002 1801 5045; x_wconf 88' lang='lat' dir='ltr'><strong>nec</strong></span> <span class='ocrx_word' id='word_1_664' title='bbox 1830 4988 2106 5056; x_wconf 85' lang='lat' dir='ltr'><strong>irascitur,</strong></span> 
     </span>
    </p>
   </div>
   <div class='ocr_carea' id='block_1_102' title="bbox 2209 4986 3834 5074">
    <p class='ocr_par' dir='ltr' id='par_1_102' title="bbox 2279 4996 3834 5074">
     <span class='ocr_line' id='line_1_102' title="bbox 2279 4996 3834 5074; baseline 0.007 -28"><span class='ocrx_word' id='word_1_665' title='bbox 2279 4997 2388 5064; x_wconf 86' lang='grc' dir='ltr'>μο’.</span> <span class='ocrx_word' id='word_1_666' title='bbox 2417 4996 2492 5048; x_wconf 81' lang='grc' dir='ltr'><strong>Οὐ</strong></span> <span class='ocrx_word' id='word_1_667' title='bbox 2519 4997 2738 5062; x_wconf 86' lang='grc' dir='ltr'>πάντως</span> <span class='ocrx_word' id='word_1_668' title='bbox 2765 4999 2795 5051; x_wconf 85' lang='grc' dir='ltr'><strong>ὁ</strong></span> <span class='ocrx_word' id='word_1_669' title='bbox 2825 5001 2902 5073; x_wconf 78' lang='grc' dir='ltr'>μὴ</span> <span class='ocrx_word' id='word_1_670' title='bbox 2950 5001 3181 5070; x_wconf 81' lang='grc' dir='ltr'>φθονῶν,</span> <span class='ocrx_word' id='word_1_671' title='bbox 3217 5005 3357 5074; x_wconf 77' lang='grc' dir='ltr'>μηδὲ</span> <span class='ocrx_word' id='word_1_672' title='bbox 3413 5000 3754 5074; x_wconf 74' lang='grc' dir='ltr'>ὀργιζόμενος,</span> <span class='ocrx_word' id='word_1_673' title='bbox 3825 5066 3834 5074; x_wconf 32' lang='lat'><strong>,</strong></span> 
     </span>
    </p>
   </div>
   <div class='ocr_carea' id='block_1_103' title="bbox 531 5077 2107 5168">
    <p class='ocr_par' dir='ltr' id='par_1_103' title="bbox 531 5077 2107 5152">
     <span class='ocr_line' id='line_1_103' title="bbox 531 5077 2107 5152; baseline -0.001 -13"><span class='ocrx_word' id='word_1_674' title='bbox 531 5097 636 5147; x_wconf 78' lang='lat' dir='ltr'><strong>nec</strong></span> <span class='ocrx_word' id='word_1_675' title='bbox 671 5080 888 5152; x_wconf 67' lang='lat' dir='ltr'><strong>injuriae</strong></span> <span class='ocrx_word' id='word_1_676' title='bbox 930 5092 1162 5142; x_wconf 90' lang='lat' dir='ltr'><strong>memor,</strong></span> <span class='ocrx_word' id='word_1_677' title='bbox 1190 5077 1270 5131; x_wconf 91' lang='lat' dir='ltr'><strong>illi</strong></span> <span class='ocrx_word' id='word_1_678' title='bbox 1311 5077 1405 5147; x_wconf 89' lang='lat' dir='ltr'><strong>qui</strong></span> <span class='ocrx_word' id='word_1_679' title='bbox 1446 5077 1586 5132; x_wconf 81' lang='lat' dir='ltr'><strong>laesit</strong></span> <span class='ocrx_word' id='word_1_680' title='bbox 1622 5077 1843 5149; x_wconf 85' lang='lat' dir='ltr'><strong>injuria,</strong></span> <span class='ocrx_word' id='word_1_681' title='bbox 1867 5079 2107 5138; x_wconf 82' lang='lat' dir='ltr'><strong>oﬂ‘ensus</strong></span> 
     </span>
    </p>
   </div>
   <div class='ocr_carea' id='block_1_104' title="bbox 2209 5077 3754 5168">
    <p class='ocr_par' dir='ltr' id='par_1_104' title="bbox 2210 5085 3754 5168">
     <span class='ocr_line' id='line_1_104' title="bbox 2210 5085 3754 5168; baseline -0.005 -28"><span class='ocrx_word' id='word_1_682' title='bbox 2210 5085 2346 5155; x_wconf 81' lang='grc' dir='ltr'>μηδὲ</span> <span class='ocrx_word' id='word_1_683' title='bbox 2381 5089 2735 5158; x_wconf 86' lang='grc' dir='ltr'>μνησικακῶν</span> <span class='ocrx_word' id='word_1_684' title='bbox 2764 5089 2841 5162; x_wconf 79' lang='grc' dir='ltr'>τῷ</span> <span class='ocrx_word' id='word_1_685' title='bbox 2900 5092 3225 5163; x_wconf 84' lang='grc' dir='ltr'>λυπήσαντι,</span> <span class='ocrx_word' id='word_1_686' title='bbox 3272 5096 3378 5168; x_wconf 68' lang='grc' dir='ltr'>ἤδη</span> <span class='ocrx_word' id='word_1_687' title='bbox 3431 5094 3523 5148; x_wconf 76' lang='grc' dir='ltr'><strong>καὶ</strong></span> <span class='ocrx_word' id='word_1_688' title='bbox 3561 5089 3754 5157; x_wconf 77' lang='grc' dir='ltr'>ἀγάπην</span> 
     </span>
    </p>
   </div>
   <div class='ocr_carea' id='block_1_105' title="bbox 528 5166 2107 5261">
    <p class='ocr_par' dir='ltr' id='par_1_105' title="bbox 528 5166 2107 5245">
     <span class='ocr_line' id='line_1_105' title="bbox 528 5166 2107 5245; baseline -0.001 -15"><span class='ocrx_word' id='word_1_689' title='bbox 528 5183 636 5239; x_wconf 89' lang='lat' dir='ltr'><strong>est,</strong></span> <span class='ocrx_word' id='word_1_690' title='bbox 662 5173 775 5245; x_wconf 89' lang='lat' dir='ltr'><strong>jam</strong></span> <span class='ocrx_word' id='word_1_691' title='bbox 816 5185 1034 5242; x_wconf 88' lang='lat' dir='ltr'><strong>quoque</strong></span> <span class='ocrx_word' id='word_1_692' title='bbox 1076 5168 1134 5223; x_wconf 87' lang='lat' dir='ltr'><strong>in</strong></span> <span class='ocrx_word' id='word_1_693' title='bbox 1174 5184 1301 5224; x_wconf 90' lang='lat' dir='ltr'><strong>eum</strong></span> <span class='ocrx_word' id='word_1_694' title='bbox 1331 5166 1685 5224; x_wconf 90' lang='lat' dir='ltr'><strong>dilectionem</strong></span> <span class='ocrx_word' id='word_1_695' title='bbox 1709 5169 1896 5226; x_wconf 84' lang='lat' dir='ltr'><strong>habet.</strong></span> <span class='ocrx_word' id='word_1_696' title='bbox 1924 5172 2107 5229; x_wconf 86' lang='lat' dir='ltr'><strong>Potest</strong></span> 
     </span>
    </p>
   </div>
   <div class='ocr_carea' id='block_1_106' title="bbox 2209 5166 3753 5261">
    <p class='ocr_par' dir='ltr' id='par_1_106' title="bbox 2214 5166 3753 5261">
     <span class='ocr_line' id='line_1_106' title="bbox 2214 5166 3753 5261; baseline 0.01 -31"><span class='ocrx_word' id='word_1_697' title='bbox 2214 5178 2326 5249; x_wconf 84' lang='grc' dir='ltr'>ἔχει</span> <span class='ocrx_word' id='word_1_698' title='bbox 2372 5181 2509 5251; x_wconf 77' lang='grc' dir='ltr'>πρὸς</span> <span class='ocrx_word' id='word_1_699' title='bbox 2566 5181 2746 5237; x_wconf 79' lang='grc' dir='ltr'>αὐτόν.</span> <span class='ocrx_word' id='word_1_700' title='bbox 2778 5184 3012 5240; x_wconf 81' lang='grc' dir='ltr'>Δύναται</span> <span class='ocrx_word' id='word_1_701' title='bbox 3043 5187 3148 5261; x_wconf 82' lang='grc' dir='ltr'><strong>γάρ</strong></span> <span class='ocrx_word' id='word_1_702' title='bbox 3197 5166 3305 5242; x_wconf 11' lang='grc' dir='ltr'>καὶ*</span> <span class='ocrx_word' id='word_1_703' title='bbox 3344 5190 3510 5261; x_wconf 79' lang='grc' dir='ltr'>μήπω</span> <span class='ocrx_word' id='word_1_704' title='bbox 3531 5178 3753 5251; x_wconf 60' lang='grc' dir='ltr'>ἀγαπῶν,</span> 
     </span>
    </p>
   </div>
   <div class='ocr_carea' id='block_1_107' title="bbox 583 5307 1062 5376">
    <p class='ocr_par' dir='ltr' id='par_1_107' title="bbox 583 5307 1062 5376">
     <span class='ocr_line' id='line_1_107' title="bbox 583 5307 1062 5376; baseline -0.006 -11"><span class='ocrx_word' id='word_1_705' title='bbox 583 5311 628 5344; x_wconf 75' lang='grc'><strong>⁸⁸</strong></span> <span class='ocrx_word' id='word_1_706' title='bbox 660 5310 681 5365; x_wconf 92' lang='lat' dir='ltr'><strong>l</strong></span> <span class='ocrx_word' id='word_1_707' title='bbox 711 5308 840 5365; x_wconf 87' lang='lat' dir='ltr'><strong>Cor.</strong></span> <span class='ocrx_word' id='word_1_708' title='bbox 873 5326 948 5376; x_wconf 77' lang='lat' dir='ltr'><strong>x1,</strong></span> <span class='ocrx_word' id='word_1_709' title='bbox 973 5307 1062 5363; x_wconf 76' lang='lat' dir='ltr'><strong>3i.</strong></span> 
     </span>
    </p>
   </div>
   <div class='ocr_carea' id='block_1_108' title="bbox 599 5423 2099 5499">
    <p class='ocr_par' dir='ltr' id='par_1_108' title="bbox 599 5423 2099 5499">
     <span class='ocr_line' id='line_1_108' title="bbox 599 5423 2099 5499; baseline -0.003 -11"><span class='ocrx_word' id='word_1_710' title='bbox 599 5425 673 5499; x_wconf 76' lang='grc' dir='ltr'><strong>(ν)</strong></span> <span class='ocrx_word' id='word_1_711' title='bbox 712 5426 791 5499; x_wconf 15' lang='lat'><strong>7&#39;0</strong></span> <span class='ocrx_word' id='word_1_712' title='bbox 842 5424 1028 5499; x_wconf 61' lang='grc' dir='ltr'>θυμὸς</span> <span class='ocrx_word' id='word_1_713' title='bbox 1068 5424 1346 5499; x_wconf 60' lang='grc' dir='ltr'>ᾀλοςτός.</span> <span class='ocrx_word' id='word_1_714' title='bbox 1402 5423 1521 5499; x_wconf 62' lang='grc' dir='ltr'><strong>ῌοη</strong></span> <span class='ocrx_word' id='word_1_715' title='bbox 1561 5426 1763 5499; x_wconf 81' lang='lat' dir='ltr'><strong>omissa</strong></span> <span class='ocrx_word' id='word_1_716' title='bbox 1818 5426 1936 5483; x_wconf 65' lang='lat' dir='ltr'><strong>haec</strong></span> <span class='ocrx_word' id='word_1_717' title='bbox 1991 5445 2099 5484; x_wconf 84' lang='lat' dir='ltr'><strong>vox</strong></span> 
     </span>
    </p>
   </div>
   <div class='ocr_carea' id='block_1_109' title="bbox 526 5494 2100 5569">
    <p class='ocr_par' dir='ltr' id='par_1_109' title="bbox 526 5494 2100 5569">
     <span class='ocr_line' id='line_1_109' title="bbox 526 5494 2100 5569; baseline 0.002 -16"><span class='ocrx_word' id='word_1_718' title='bbox 526 5494 766 5569; x_wconf 60' lang='lat' dir='ltr'><strong>Hesych.</strong></span> <span class='ocrx_word' id='word_1_719' title='bbox 791 5496 885 5569; x_wconf 80' lang='lat' dir='ltr'><strong>cui</strong></span> <span class='ocrx_word' id='word_1_720' title='bbox 914 5494 1152 5569; x_wconf 58' lang='grc' dir='ltr'>ὁλοστδς,</span> <span class='ocrx_word' id='word_1_721' title='bbox 1174 5494 1292 5556; x_wconf 81' lang='grc' dir='ltr'>ὅλος</span> <span class='ocrx_word' id='word_1_722' title='bbox 1316 5495 1389 5557; x_wconf 87' lang='grc' dir='ltr'>ὡς</span> <span class='ocrx_word' id='word_1_723' title='bbox 1415 5495 1655 5569; x_wconf 51' lang='grc' dir='ltr'>ἔστι.Αο</span> <span class='ocrx_word' id='word_1_724' title='bbox 1684 5497 2005 5569; x_wconf 81' lang='lat' dir='ltr'><strong>liquetesse</strong></span> <span class='ocrx_word' id='word_1_725' title='bbox 2030 5501 2100 5555; x_wconf 86' lang='lat' dir='ltr'><strong>ab</strong></span> 
     </span>
    </p>
   </div>
   <div class='ocr_carea' id='block_1_110' title="bbox 525 5564 2102 5633">
    <p class='ocr_par' dir='ltr' id='par_1_110' title="bbox 525 5564 2102 5633">
     <span class='ocr_line' id='line_1_110' title="bbox 525 5564 2102 5633; baseline 0.002 -15"><span class='ocrx_word' id='word_1_726' title='bbox 525 5564 665 5630; x_wconf 59' lang='grc' dir='ltr'>ὅλος,</span> <span class='ocrx_word' id='word_1_727' title='bbox 705 5567 897 5621; x_wconf 88' lang='lat' dir='ltr'><strong>eadem</strong></span> <span class='ocrx_word' id='word_1_728' title='bbox 930 5566 1045 5620; x_wconf 81' lang='lat' dir='ltr'><strong>fere</strong></span> <span class='ocrx_word' id='word_1_729' title='bbox 1070 5564 1268 5631; x_wconf 80' lang='lat' dir='ltr'><strong>forma,</strong></span> <span class='ocrx_word' id='word_1_730' title='bbox 1291 5580 1397 5633; x_wconf 89' lang='lat' dir='ltr'><strong>qua</strong></span> <span class='ocrx_word' id='word_1_731' title='bbox 1420 5581 1449 5618; x_wconf 90' lang='lat' dir='ltr'><strong>a</strong></span> <span class='ocrx_word' id='word_1_732' title='bbox 1482 5566 1666 5628; x_wconf 82' lang='grc' dir='ltr'>πολὺς,</span> <span class='ocrx_word' id='word_1_733' title='bbox 1703 5564 1917 5627; x_wconf 75' lang='grc' dir='ltr'>πολλοῦ.</span> <span class='ocrx_word' id='word_1_734' title='bbox 1975 5571 2102 5623; x_wconf 82' lang='grc' dir='ltr'>πολ-</span> 
     </span>
    </p>
   </div>
   <div class='ocr_carea' id='block_1_111' title="bbox 527 5633 2099 5706">
    <p class='ocr_par' dir='ltr' id='par_1_111' title="bbox 527 5633 2099 5706">
     <span class='ocr_line' id='line_1_111' title="bbox 527 5633 2099 5706; baseline 0.004 -18"><span class='ocrx_word' id='word_1_735' title='bbox 527 5635 734 5706; x_wconf 73' lang='grc' dir='ltr'>λοστός.</span> <span class='ocrx_word' id='word_1_736' title='bbox 768 5638 865 5690; x_wconf 81' lang='lat' dir='ltr'><strong>Est</strong></span> <span class='ocrx_word' id='word_1_737' title='bbox 889 5650 1043 5706; x_wconf 85' lang='lat' dir='ltr'><strong>ergo,</strong></span> <span class='ocrx_word' id='word_1_738' title='bbox 1075 5633 1169 5706; x_wconf 64' lang='lat' dir='ltr'><strong>[ra</strong></span> <span class='ocrx_word' id='word_1_739' title='bbox 1193 5642 1358 5698; x_wconf 81' lang='lat' dir='ltr'><strong>totum</strong></span> <span class='ocrx_word' id='word_1_740' title='bbox 1385 5636 1523 5706; x_wconf 73' lang='lat' dir='ltr'><strong>quod</strong></span> <span class='ocrx_word' id='word_1_741' title='bbox 1555 5645 1669 5706; x_wconf 77' lang='lat' dir='ltr'><strong>est;</strong></span> <span class='ocrx_word' id='word_1_742' title='bbox 1701 5652 1765 5691; x_wconf 91' lang='lat' dir='ltr'><strong>ac</strong></span> <span class='ocrx_word' id='word_1_743' title='bbox 1789 5638 1938 5706; x_wconf 87' lang='lat' dir='ltr'><strong>quod</strong></span> <span class='ocrx_word' id='word_1_744' title='bbox 1968 5640 2099 5695; x_wconf 90' lang='lat' dir='ltr'><strong>red-</strong></span> 
     </span>
    </p>
   </div>
   <div class='ocr_carea' id='block_1_112' title="bbox 530 5703 2097 5776">
    <p class='ocr_par' dir='ltr' id='par_1_112' title="bbox 530 5703 2097 5776">
     <span class='ocr_line' id='line_1_112' title="bbox 530 5703 2097 5776; baseline 0.003 -19"><span class='ocrx_word' id='word_1_745' title='bbox 530 5704 667 5767; x_wconf 90' lang='lat' dir='ltr'><strong>didi,</strong></span> <span class='ocrx_word' id='word_1_746' title='bbox 687 5707 827 5760; x_wconf 80' lang='lat' dir='ltr'><strong>omni</strong></span> <span class='ocrx_word' id='word_1_747' title='bbox 852 5703 1048 5758; x_wconf 32' lang='lat' dir='ltr'><strong>sua’vi.</strong></span> <span class='ocrx_word' id='word_1_748' title='bbox 1078 5703 1355 5772; x_wconf 85' lang='lat' dir='ltr'><strong>Mirorque</strong></span> <span class='ocrx_word' id='word_1_749' title='bbox 1380 5703 1511 5773; x_wconf 87' lang='lat' dir='ltr'><strong>quid</strong></span> <span class='ocrx_word' id='word_1_750' title='bbox 1540 5705 1744 5776; x_wconf 84' lang='lat' dir='ltr'><strong>Obsop.</strong></span> <span class='ocrx_word' id='word_1_751' title='bbox 1774 5703 1829 5761; x_wconf 81' lang='lat' dir='ltr'><strong>in</strong></span> <span class='ocrx_word' id='word_1_752' title='bbox 1860 5720 2097 5764; x_wconf 81' lang='lat' dir='ltr'><strong>mentem</strong></span> 
     </span>
    </p>
   </div>
   <div class='ocr_carea' id='block_1_113' title="bbox 2204 5441 3763 5508">
    <p class='ocr_par' dir='ltr' id='par_1_113' title="bbox 2204 5441 3763 5508">
     <span class='ocr_line' id='line_1_113' title="bbox 2204 5441 3763 5508; baseline 0.008 -20"><span class='ocrx_word' id='word_1_753' title='bbox 2204 5447 2441 5497; x_wconf 77' lang='lat' dir='ltr'><strong>venerit.</strong></span> <span class='ocrx_word' id='word_1_754' title='bbox 2482 5455 2608 5495; x_wconf 86' lang='lat' dir='ltr'><strong>cum</strong></span> <span class='ocrx_word' id='word_1_755' title='bbox 2672 5441 2937 5508; x_wconf 89' lang='lat' dir='ltr'><strong>reddidit,</strong></span> <span class='ocrx_word' id='word_1_756' title='bbox 3002 5443 3076 5499; x_wconf 78' lang='lat' dir='ltr'><strong>Et</strong></span> <span class='ocrx_word' id='word_1_757' title='bbox 3125 5448 3339 5501; x_wconf 66' lang='lat' dir='ltr'><strong>auium:</strong></span> <span class='ocrx_word' id='word_1_758' title='bbox 3396 5460 3493 5499; x_wconf 80' lang='lat' dir='ltr'><strong>non</strong></span> <span class='ocrx_word' id='word_1_759' title='bbox 3535 5441 3763 5508; x_wconf 10' lang='lat' dir='ltr'><strong>iniqui“;</strong></span> 
     </span>
    </p>
   </div>
   <div class='ocr_carea' id='block_1_114' title="bbox 2203 5507 3766 5585">
    <p class='ocr_par' dir='ltr' id='par_1_114' title="bbox 2203 5507 3766 5585">
     <span class='ocr_line' id='line_1_114' title="bbox 2203 5507 3766 5585; baseline 0.002 -26"><span class='ocrx_word' id='word_1_760' title='bbox 2203 5508 2353 5585; x_wconf 74' lang='lat' dir='ltr'><strong>quod</strong></span> <span class='ocrx_word' id='word_1_761' title='bbox 2379 5520 2435 5585; x_wconf 81' lang='lat' dir='ltr'><strong>et</strong></span> <span class='ocrx_word' id='word_1_762' title='bbox 2458 5522 2669 5585; x_wconf 80' lang='lat' dir='ltr'><strong>mutare</strong></span> <span class='ocrx_word' id='word_1_763' title='bbox 2701 5507 2959 5585; x_wconf 81' lang='lat' dir='ltr'><strong>Gesnero.</strong></span> <span class='ocrx_word' id='word_1_764' title='bbox 2972 5515 3166 5585; x_wconf 84' lang='lat' dir='ltr'><strong>religio</strong></span> <span class='ocrx_word' id='word_1_765' title='bbox 3210 5516 3335 5571; x_wconf 77' lang='lat' dir='ltr'><strong>fuit.</strong></span> <span class='ocrx_word' id='word_1_766' title='bbox 3366 5515 3580 5579; x_wconf 86' lang='lat' dir='ltr'><strong>Utrique</strong></span> <span class='ocrx_word' id='word_1_767' title='bbox 3607 5507 3766 5585; x_wconf 70' lang='lat' dir='ltr'><strong>etiam</strong></span> 
     </span>
    </p>
   </div>
   <div class='ocr_carea' id='block_1_115' title="bbox 2202 5576 3772 5702">
    <p class='ocr_par' dir='ltr' id='par_1_115' title="bbox 2202 5576 3772 5702">
     <span class='ocr_line' id='line_1_115' title="bbox 2202 5576 3772 5702; baseline -0.001 -71"><span class='ocrx_word' id='word_1_768' title='bbox 2202 5576 2494 5702; x_wconf 49' lang='grc' dir='ltr'>τὲνξῑρρνίᾳ,</span> <span class='ocrx_word' id='word_1_769' title='bbox 2536 5582 2723 5637; x_wconf 76' lang='lat' dir='ltr'><strong>diurna</strong></span> <span class='ocrx_word' id='word_1_770' title='bbox 2753 5583 2928 5646; x_wconf 55' lang='lat' dir='ltr'><strong>halt,</strong></span> <span class='ocrx_word' id='word_1_771' title='bbox 2955 5576 3199 5655; x_wconf 42' lang='lat' dir='ltr'><strong>quod&#39;sit</strong></span> <span class='ocrx_word' id='word_1_772' title='bbox 3230 5576 3509 5658; x_wconf 70' lang='lat' dir='ltr'><strong>typorum,</strong></span> <span class='ocrx_word' id='word_1_773' title='bbox 3532 5594 3623 5646; x_wconf 83' lang='lat' dir='ltr'><strong>pro</strong></span> <span class='ocrx_word' id='word_1_774' title='bbox 3654 5577 3772 5632; x_wconf 78' lang='lat' dir='ltr'><strong>diu-</strong></span> 
     </span>
    </p>
   </div>
  </div>
