4128 6210
308 301 419 366 1001

1199 298 1540 364 CAPITUM
1581 303 1678 364 DE
1716 304 2147 363 CHARITATE
2185 302 2573 363 CENTURIA
2613 304 2695 364 II.

3414 296 3550 374 1003

304 417 460 470 κακὸν
490 416 611 470 ἀντὶ
645 413 812 470 κακοῦ
848 415 922 485 μὴ
963 415 1254 469 ἀποδοῦναι
1278 458 1290 478 ,
1325 418 1415 469 διὰ
1463 419 1561 488 τὴν
1604 417 1821 488 ἐντολήν
1849 433 1862 448 ·

1979 418 2155 481 enim,
2185 417 2288 470 ctsi
2332 417 2575 471 nondum
2618 417 2836 486 diligat,
2863 417 3068 472 malum
3110 435 3211 489 pro
3255 421 3398 478 malo
3437 441 3548 480 non

301 512 354 565 οὐ
397 511 616 573 πάντως
663 511 719 564 δέ
764 510 842 562 ἔτι
885 511 978 563 καὶ
1022 510 1186 564 καλὸν
1234 513 1625 566 ἀνταποδοῦναι
1671 513 1867 578 κακοῦ,

303 601 584 662 ἀϐιάστως.
625 601 698 653 Τὸ
740 599 848 670 γὰρ
884 601 947 651 ἐκ
993 600 1284 663 διαυέσεως
1334 601 1514 664 καλῶς
1559 605 1731 655 ποιεῖν
1759 605 1871 664 τοῖς

304 692 548 763 μισοῦσι,
625 692 794 763 μόνης
869 690 988 743 ἐστὶ
1065 693 1164 762 τῆς
1232 692 1608 764 πνευματικῆς
1659 691 1871 756 τελείας

303 787 530 856 ἀγάπης.
575 771 578 774 ’

363 879 426 932 ν’.
465 881 576 948 Ούχ
606 881 634 932 6
664 879 737 950 μὴ
769 879 998 947 ἀγαπῶν
1030 895 1174 942 τινα,
1222 879 1320 950 ήδη
1353 880 1567 943 πάντως
1597 880 1692 932 καὶ
1725 883 1873 950 μισεῖ

301 976 489 1028 αὐτόν·
539 976 659 1028 ούδέ
693 975 854 1027 πάλιν
878 1016 892 1040 ,
925 977 952 1028 6
985 974 1059 1045 μὴ
1111 975 1316 1044 μισῶν,
1371 975 1472 1045 ἤδη
1514 975 1730 1038 πάντως
1777 977 1872 1030 καὶ

301 1068 498 1135 ἀγαπᾷ.
557 1066 713 1118 Ἀλλά
747 1066 967 1119 δύναται
1014 1066 1088 1127 ὡς
1127 1066 1288 1136 μέσος
1323 1061 1462 1121 εἶναι
1499 1066 1634 1137 πρὸς
1667 1068 1826 1119 αὐτόν
1853 1083 1866 1097 ·

299 1158 556 1222 τουτέστι,
593 1158 730 1228 μήτε
762 1159 1005 1228 ἀγαπᾷν,
1041 1158 1177 1228 μήτε
1216 1161 1415 1228 μισεῖν.
1448 1157 1559 1228 Τὴν
1591 1158 1700 1230 γὰρ
1733 1160 1868 1227 ἁγα-

303 1249 528 1319 πητικὴν
563 1248 805 1302 διάθεσιν
829 1291 843 1314 ,
890 1250 1040 1320 μόνοι
1071 1252 1118 1303 οἱ
1148 1251 1206 1302 ἐν
1246 1250 1322 1321 τῷ
1373 1250 1546 1320 ἐνάτῳ
1591 1251 1873 1322 κεφαλαίῳ

304 1339 490 1410 ταύτης
545 1344 640 1412 τῆς
685 1343 1036 1405 ἐκατοντάδος
1087 1343 1370 1413 εἰρημένοι
1434 1343 1591 1396 πέντε
1641 1343 1870 1414 τρόποι,

297 1433 537 1503 ἐμποιεῖν
576 1432 919 1500 πεφύκασιν,
967 1435 995 1487 ὃ
1044 1452 1103 1488 τε
1155 1435 1442 1498 ἐπαινετὸς
1475 1435 1566 1487 καί
1607 1436 1634 1488 ὁ
1686 1435 1871 1504 μέσος,

300 1529 389 1580 καὶ
415 1531 462 1582 οἱ
502 1528 714 1596 ψεκτοί.
851 1525 865 1538 ’

365 1715 464 1761 ναν.
500 1708 669 1760 Ὅταν
705 1708 819 1776 ἴδῃς
868 1708 958 1761 τὸν
1007 1709 1132 1763 νοῦν
1165 1726 1258 1763 σου
1309 1714 1420 1776 τοῖς
1470 1711 1677 1773 ὑλικοϊς
1706 1709 1874 1780 ἡδέως
1907 1751 1950 1808 Β

297 1797 747 1868 ἐνασχολούμενον
767 1839 784 1863 ,
826 1800 920 1852 καὶ
952 1802 1064 1863 τοῖς
1113 1799 1320 1856 τούτων
1350 1803 1616 1872 νοήμασιν
1645 1801 1871 1871 ἐμφιλο-

297 1890 577 1961 χωροῢντα
604 1930 618 1954 ,
668 1891 903 1960 γίνωσκε
963 1894 1189 1947 σεαυτὸν
1241 1894 1414 1947 ταῦτα
1466 1895 1667 1964 μᾶλλον
1717 1893 1752 1965 ἢ
1783 1893 1874 1947 τὸν

296 1982 422 2035 Θεὸν
449 1984 768 2050 ἀγαπῶντα.
805 1985 996 2037 Ὅπου
1025 1984 1132 2054 γάρ
1151 1986 1322 2038 ἐστιν
1345 1989 1378 2038 ό
1408 1986 1712 2054 θησαυρός
1735 2003 1874 2052 σου,

297 2075 458 2147 φησὶν
491 2077 518 2128 6
547 2076 770 2146 Κύριος,
809 2075 942 2130 ἐκεῖ
975 2077 1073 2130 καὶ
1120 2077 1158 2144 ή
1196 2077 1408 2145 καρδία
1440 2079 1630 2132 ἔσται.

364 2166 463 2236 νβ’.
502 2166 646 2231 Νοῦς
675 2167 794 2238 Θεῷ
829 2158 1233 2238 συναπτόμενος
1257 2209 1272 2233 ,
1307 2169 1401 2221 κοιλ⁸
1431 2168 1582 2237 αὑτῴ
1623 2169 1876 2239 ἐγχρονί-

297 2256 400 2321 ζων
426 2257 512 2310 διὰ
546 2258 856 2329 προσευχῆς
898 2258 993 2310 καὶ
1047 2258 1302 2328 ἀγάπης,
1338 2257 1501 2325 σοφὸς
1539 2257 1746 2325 γίνεται
1781 2258 1876 2310 καὶ

296 2349 498 2416 ἀγαθὸς
540 2351 634 2402 καὶ
670 2349 895 2414 δυνατὸς
933 2351 1028 2404 καὶ
1073 2350 1456 2421 φιλάνθρωπος
1487 2352 1578 2403 καὶ
1627 2351 1874 2422 ἐλεήμων

295 2445 386 2494 καὶ
418 2442 772 2514 μακρόθυμος
799 2460 812 2474 °
866 2447 961 2496 καὶ
1014 2443 1201 2508 ἁπλῶς
1235 2446 1443 2507 εἰπεῖν,
1480 2444 1658 2496 πάντα
1692 2443 1876 2513 σχεδὸν

293 2536 361 2589 τὰ
418 2535 536 2589 Θεῖα
573 2535 840 2604 ἰδιώματα
888 2538 947 2588 ἐν
1005 2536 1182 2605 ἐαυτῷ
1233 2535 1542 2607 περιφέρει.
1584 2535 1786 2588 Τούτου
1819 2535 1877 2587 δὲ

295 2625 593 2696 ἀναχωρῶν
651 2625 776 2698 [Fr.
809 2626 1136 2698 ἀποχωρῶν]
1159 2667 1173 2691 ,
1210 2627 1433 2680 καὶτῶν
1469 2627 1672 2680 ὑλικῶν
1705 2640 1877 2698 προσ-

295 2715 486 2786 χωρῶν
523 2756 537 2780 ,
608 2717 640 2787 ἢ
679 2717 959 2787 κτηνώδης
1006 2717 1216 2784 γίνεται
1257 2716 1536 2788 φιλήδονος
1590 2717 1830 2784 γεγονώς
1860 2731 1873 2745 ’

295 2808 327 2878 ἢ
385 2806 693 2878 Θηριώδης,
755 2808 844 2862 διὰ
898 2808 1071 2861 ταῦτα
1142 2811 1254 2872 τοῖς
1333 2807 1647 2879 ἀνθρώποις
1707 2808 1872 2880 μαχόο

297 2918 474 2972 μενος.

366 2997 467 3058 νγ’.
500 2990 720 3058 Κόσμον
749 2991 898 3060 λέγει
959 2993 991 3062 ἡ
1033 2992 1225 3063 Γραφὴ
1262 2992 1329 3045 τὰ
1359 2992 1519 3046 ύλικὰ
1549 2992 1875 3063 πράγματα’

1973 506 2240 571 reddere,
2291 507 2434 576 quod
2489 508 2564 560 ita
2619 517 2954 576 praeceptum
3007 510 3111 576 sit;
3163 527 3273 566 non
3322 516 3549 571 omnino

1972 605 2154 650 autem
2184 597 2365 651 adhuc
2395 598 2558 650 etiam
2601 597 2804 650 bonum
2843 613 2944 666 pro
2980 601 3123 654 malo
3164 602 3309 656 ultro
3350 620 3548 674 repeuo'

1973 688 2124 743 dere.
2152 688 2296 742 Bene
2335 689 2482 742 enim
2523 704 2590 743 ex
2629 689 2813 743 animo
2853 691 3030 745 facere
3065 693 3149 747 his
3170 695 3264 762 qui
3289 696 3547 765 oderunt,

1975 780 2228 848 perfectae
2254 780 2516 834 duntaxat
2540 780 2800 848 spiritalis
2824 783 3107 838 charitatis
3129 793 3232 840 cst.

2046 870 2134 923 50.
2181 870 2284 936 Qui
2329 886 2441 924 non
2487 870 2665 940 diligit
2708 872 2981 940 aliquem,
3022 890 3133 928 non
3170 877 3283 946 jam
3327 879 3550 936 omnino

1974 957 2137 1011 ctiam
2169 958 2314 1024 odit;
2346 975 2448 1013 nec
2476 975 2505 1013 c
2532 967 2742 1024 contra,
2771 961 2866 1030 qui
2894 977 3002 1015 non
3031 963 3168 1026 odit,
3189 965 3300 1034 jam
3324 969 3552 1024 omnino

1975 1049 2139 1102 etiam
2169 1049 2347 1121 diligit
2372 1068 2384 1102 :
2419 1050 2514 1103 sed
2544 1059 2602 1103 ut
2625 1051 2840 1106 medius
2865 1067 2990 1122 erga
3020 1054 3172 1110 illum
3202 1071 3322 1111 esse
3346 1067 3546 1127 potest,

1977 1139 2030 1193 id
2059 1147 2172 1203 est,
2196 1140 2277 1193 sic
2300 1139 2480 1194 animo
2510 1151 2885 1210 comparatus,
2913 1152 2975 1196 ut
3000 1160 3179 1214 neque
3204 1146 3421 1217 diligat,
3448 1165 3548 1204 ne-

1975 1247 2083 1300 que
2123 1231 2322 1285 oderit.
2349 1231 2667 1285 Dilectionis
2695 1233 2839 1286 enim
2868 1233 3154 1300 all‘ectum,
3181 1237 3258 1291 illi
3287 1239 3553 1296 duntaxat

1976 1322 2222 1392 quinque
2256 1322 2404 1376 modi
2435 1322 2490 1376 in
2521 1322 2681 1377 nobis
2711 1323 2916 1378 habent
2944 1325 3194 1395 gignere,
3225 1344 3365 1398 quos
3403 1338 3552 1388 nono

1976 1414 2152 1482 capite
2194 1414 2360 1485 5.18
2393 1430 2458 1468 ex
2498 1415 2586 1468 his
2624 1424 2845 1470 centum
2887 1418 3078 1485 retuli;
3117 1427 3230 1474 tum
3259 1437 3454 1492 nempe
3506 1425 3552 1480 is

1975 1507 2069 1575 qui
2096 1506 2310 1559 laudem
2336 1507 2522 1572 habet,
2548 1517 2660 1561 tum
2686 1508 2781 1577 qui
2806 1509 3019 1564 medius
3035 1519 3140 1576 est,
3163 1516 3278 1567 tum
3305 1516 3399 1584 qui
3423 1515 3554 1573 Sunt

1981 1595 2250 1662 vitupcrio
2272 1594 2418 1664 digni

2049 1685 2137 1738 5L
2166 1685 2302 1739 Cum
2344 1686 2578 1740 terrenis
2607 1686 2773 1740 rebus
2799 1698 3100 1757 earumque
3131 1691 3551 1761 cogitationibus

1981 1773 2216 1830 mentem
2267 1784 2414 1830 tuam
2459 1776 2696 1830 libenter
2742 1777 3019 1832 immorari
3062 1780 3294 1847 videris;
3340 1784 3458 1839 haec
3501 1795 3554 1840 te

1979 1868 2168 1938 magis,
2193 1884 2356 1938 quam
2397 1869 2566 1922 Deum
2608 1869 2856 1939 diligere,
2882 1872 3104 1927 noveris
3137 1891 3150 1926 :
3184 1875 3280 1930 Ubi
3309 1878 3450 1932 enim
3473 1877 3554 1932 est

1980 1962 2256 2014 thesaurus
2286 1967 2429 2024 tuus,
2455 1961 2532 2014 ait
2559 1961 2843 2028 Dominus,
2868 1964 2938 2018 ibi
2966 1971 3014 2018 et
3040 1982 3131 2019 cor
3156 1968 3254 2022 erit
3274 1967 3343 2024 ⁸³.

2045 2149 2130 2204 52.
2171 2151 2281 2204 Deo
2317 2149 2648 2221 conjunctus
2685 2153 2929 2218 animus,
2961 2154 3124 2224 eique
3161 2158 3429 2214 orationis
3467 2161 3552 2215 in-

1976 2243 2176 2297 stantia
2218 2254 2272 2298 et
2309 2243 2577 2298 charitate
2619 2245 2901 2311 assiduus,
2935 2248 3152 2316 sapiens
3193 2259 3249 2303 et
3285 2251 3465 2307 bonus
3498 2253 3556 2310 et

1977 2345 2173 2405 potens
2223 2344 2281 2390 et
2335 2335 2605 2406 benignus
2653 2345 2709 2390 et
2757 2338 3073 2394 misericors
3125 2350 3180 2396 et
3224 2343 3555 2413 louganimis

1976 2425 2210 2480 emcitur
2253 2442 2264 2478 :
2311 2435 2494 2494 atque,
2521 2436 2582 2480 ut
2621 2426 2790 2480 verbo
2828 2427 3036 2492 dicam,
3076 2441 3299 2487 cunctas
3339 2433 3453 2490 fere
3497 2437 3554 2492 in

1977 2517 2158 2586 seipso
2186 2517 2401 2571 divinas
2433 2516 2748 2571 circumfert
2776 2517 2950 2572 dotes.
2984 2518 3122 2574 Dum
3151 2537 3305 2585 vero,
3325 2539 3392 2578 eo
3424 2527 3554 2580 reli-

1979 2617 2086 2672 cto,
2105 2609 2340 2662 terrenis
2369 2624 2426 2663 se
2458 2608 2625 2663 rebus
2657 2609 2922 2680 adiungit,
2949 2620 3045 2664 aut
3071 2614 3340 2680 pecuinus
3370 2617 3554 2670 evadit

1981 2698 2267 2767 (voluptati
2307 2700 2517 2755 scilicet
2559 2716 2622 2754 ac
2661 2700 2876 2754 libidini
2917 2701 3156 2773 deditus)
3194 2713 3288 2759 aut
3325 2706 3551 2770 ferinus,

1978 2800 2164 2838 earum
2202 2802 2364 2840 causa
2408 2788 2684 2842 hostiliter
2717 2804 2953 2858 pugnam
2989 2791 3241 2864 rixasque
3275 2795 3556 2854 instruens

1979 2892 2102 2928 cum
2135 2877 2470 2932 hominibus.

2048 2980 2135 3035 55.
2168 2980 2427 3036 Mundum
2478 2982 2765 3053 Scriptura
2829 3001 2919 3040 res
2969 2997 3218 3044 terrenas
3256 3001 3443 3058 vocat;
3491 3000 3556 3051 at!

295 3083 388 3136 καὶ
419 3085 677 3152 κοσμικοί
719 3087 860 3150 εἱσι,
908 3086 955 3138 οἱ
1001 3087 1209 3149 τούτοις
1248 3086 1338 3138 τὸν
1373 3085 1495 3137 νοῦν
1527 3081 1876 3156 ἐνασχολοῦν-

1980 3072 2240 3127 mundani
2279 3082 2426 3137 sunt,
2452 3076 2545 3144 qui
2583 3077 2670 3130 his
2701 3087 2896 3132 vacant
2929 3087 3091 3149 atque
3125 3081 3309 3137 animo
3345 3084 3556 3154 impcn-s

294 3194 415 3238 τες,
477 3176 611 3246 πρὸς
657 3176 750 3239 οὓς
808 3179 902 3230 καὶ
972 3177 1118 3246 λέγει
1185 3176 1716 3247 ἐντρεπτικώτερον·
1776 3176 1873 3243 Μὴ

293 3267 562 3336 ἀγαπᾶτε
609 3268 715 3321 τὸν
765 3270 1034 3337 κόσμον,
1084 3269 1239 3338 μηδὲ
1294 3269 1366 3324 τὰ
1409 3269 1478 3322 ἐν
1521 3267 1600 3334 τῷ
1647 3271 1871 3336 κόσμῳ.

305 3361 366 3413 Ἡ
384 3359 666 3428 ἐπιθυμία
694 3358 802 3428 τῆς
822 3361 1070 3428 σαρκὸς,
1097 3362 1196 3414 καὶ
1218 3361 1499 3427 ἐπιθυμία
1521 3359 1639 3413 τῶν
1656 3361 1877 3426 ὀφθαλ-

288 3449 458 3517 μῶν,
506 3450 604 3504 καὶ
648 3452 686 3519 ἡ
734 3451 1053 3511 ἀλαζονεία
1112 3453 1216 3506 τοῦ
1282 3454 1459 3519 βίου,
1524 3453 1636 3506 οὐκ
1707 3451 1878 3505 ἐστιν

294 3541 362 3594 ἐκ
402 3542 506 3594 τοῦ
542 3542 688 3595 Θεοῦ
714 3559 726 3572 ·
787 3543 922 3596 ἀλλ’
970 3543 1038 3596 ἐκ
1069 3543 1173 3597 τοῦ
1204 3543 1436 3612 κόσμου
1477 3543 1634 3605 ἐστὶ,
1674 3542 1769 3598 καὶ
1810 3541 1879 3596 τὰ

299 3635 319 3660 ι
334 3633 384 3663 ε’
404 3653 425 3664 .-

295 3651 446 3703 9‘13,-

378 3727 461 3779 νδν.
500 3728 745 3798 Μοναχός
777 3729 955 3792 ἐστιν,
987 3728 1014 3780 6
1040 3728 1147 3782 τῶν
1176 3727 1377 3781 ὑλικῶν
1414 3727 1756 3800 πραγμάτων
1786 3725 1878 3780 τὸν

293 3815 422 3870 νοῦν
463 3819 848 3887 ἁποχωρίσας·
903 3819 996 3870 καὶ
1048 3817 1115 3870 δι’
1148 3817 1477 3887 ἐγκρατείας
1511 3818 1606 3869 καὶ
1657 3817 1878 3887 ἀγάπης

296 3911 392 3961 καὶ
451 3909 769 3980 ψαλμῳδίας
817 3910 912 3963 καὶ
953 3911 1259 3980 προσευχῆς
1319 3907 1746 3980 προσκαρτερῶν
1801 3907 1878 3977 τῷ

296 3999 443 4070 Θεῷ.

369 4099 464 4146 γε’.
497 4092 879 4162 Κτηνοτρόφος
923 4092 1020 4161 μέν
1057 4093 1206 4144 ἐστιν
1231 4090 1442 4162 νοητὸς,
1481 4093 1508 4143 6
1535 4090 1837 4162 πρακτικός
1860 4105 1874 4120 ο

295 4185 512 4254 κτηνῶν
542 4187 649 4255 γὰρ
675 4186 831 4254 λόγον
867 4188 1123 4253 ἐπέχουσι
1148 4184 1217 4237 τὰ
1253 4184 1426 4253 ἠθικὰ
1457 4183 1873 4255 κατορθώματα·

292 4279 378 4331 διὸ
431 4280 526 4331 καὶ
581 4279 766 4345 ἔλεγεν
823 4281 851 4331 6
898 4278 1092 4330 Ἰακώὸ
1125 4295 1137 4307 ο
1187 4277 1428 4345 ’Ἄνδρες
1484 4278 1879 4347 κτηνοτρόφοι

293 4369 463 4422 εἰσὶν
490 4372 543 4422 ot
575 4369 785 4434 παῖδές
811 4385 948 4423 σου.
1008 4368 1216 4438 Ποιμήν
1245 4369 1302 4422 δὲ
1332 4370 1650 4448 προϐάτων,
1675 4372 1704 4422 6
1736 4387 1876 4438 γνω-

298 4459 509 4521 στικός.
547 4459 838 4529 [Ιροϐάτων
868 4461 976 4528 γὰρ
1013 4458 1170 4526 λόγον
1200 4460 1488 4529 ἐπέχουσιν
1523 4461 1571 4512 οἱ
1599 4459 1871 4529 λογισμοὶ,

294 4551 394 4600 ἐπὶ
429 4551 497 4602 τὰ
532 4549 632 4622 ὅρη
665 4548 771 4601 τῶν
797 4549 1171 4620 Θεωρημάτων
1203 4549 1308 4602 ὑπὸ
1333 4550 1427 4604 τοῦ
1465 4551 1555 4604 νοῦ
1588 4551 1873 4621 ποιμαινό-

299 4659 483 4712 μενοι.
529 4642 631 4694 Διὰ
681 4642 838 4696 τοῦτο
887 4643 980 4695 καὶ
1011 4643 1328 4712 Βδέλυγμα
1374 4644 1499 4710 τοῖς
1531 4645 1876 4713 Αἰγυπτίοις

293 4733 423 4799 πᾶς
459 4734 685 4804 ποιμὴν
715 4733 1052 4802 προϐάτων,
1107 4735 1274 4803 ’ήγουν
1304 4738 1424 4798 ταῖς
1468 4737 1736 4800 ἐναντίαις
1787 4736 1877 4787 δυ-

295 4842 525 4895 ναμεσι.

379 5004 492 5063 νς¹.
530 4997 587 5049 '0
617 4996 717 5066 μὲν
747 4998 947 5065 φαῦλος
978 5002 1121 5065 νοῦς,
1169 5005 1490 5074 κινουμένου
1511 5004 1604 5057 τού
1634 5005 1885 5076 σώματος

296 5091 418 5145 διὰ¹
446 5089 555 5142 τῶν
613 5089 920 5159 αἰσθήσεων
975 5093 1067 5146 ἐπί
1124 5095 1221 5158 τὰς
1263 5096 1402 5159 ἰδίας
1449 5096 1744 5166 ἐπιθυμίας
1792 5096 1888 5149 καὶ

225 5241 236 5249 μ
294 5179 905 5252 ἡδον-ιὰς,ἐξακολουοεἶ,
943 5184 1518 5259 καὶισυγκατατίϐεται
1551 5188 1668 5248 ταῖς
1695 5185 1884 5238 τούτου

300 5271 638 5342 φαντασίαις
677 5274 770 5325 καὶ
811 5275 1005 5344 ὁρμαῖς
1033 5293 1046 5306 ο
1076 5278 1104 5328 6
1143 5277 1198 5330 δὲ
1245 5278 1520 5346 ἐνάρετος,
1553 5279 1883 5349 ἐγκρατεύε-

299 5383 422 5430 ται,
461 5364 554 5416 καὶ
595 5364 813 5434 κατέχει
866 5365 1055 5418 ἐαυτὸν
1092 5368 1198 5420 ἀπὸ
1237 5367 1345 5421 τῶν
1391 5369 1654 5436 ἐμπαθῶν
1680 5387 1884 5438 φαντα-

303 5456 445 5507 σιῶν
497 5457 590 5508 καὶ
631 5457 858 5527 ὁρμῶν,
909 5458 1002 5510 καὶ
1054 5459 1256 5528 μᾶλλον
1317 5459 1596 5529 φιλοσοφεῖ
1643 5460 1884 5530 βελτίους

301 5549 537 5616 ποιῆσαι
568 5547 666 5611 τὰς
699 5550 956 5611 τοιαύτας
985 5548 1151 5605 αύτοῦ
1184 5551 1446 5619 κινήσεις.

1978 3165 2214 3230 duntur,
2250 3168 2451 3235 quibus
2499 3169 2662 3222 etiam
2709 3171 2982 3225 austerius
3026 3173 3367 3244 obiurgando
3412 3177 3491 3231 ait
3535 3195 3551 3231 :

1977 3256 2151 3310 Nolite
2196 3258 2414 3328 diligere
2461 3260 2747 3323 mundum,
2785 3279 2950 3332 neque
2993 3279 3052 3316 ea
3099 3281 3216 3334 qua:
3257 3267 3312 3319 in
3358 3267 3554 3322 mundo

1976 3359 2122 3406 sunt.
2150 3349 2580 3423 Concupiscentia
2619 3356 2823 3417 carnis,
2851 3364 2899 3407 et
2931 3359 3344 3428 concupiscentia
3378 3361 3555 3416 oculoa

1979 3457 2117 3504 rum,
2140 3450 2187 3494 et
2211 3443 2453 3512 superbia
2483 3444 2622 3509 vitta,
2647 3462 2749 3498 non
2778 3455 2899 3499 sunt
2921 3463 2984 3500 ea:
3004 3448 3132 3514 Deo,
3158 3450 3248 3503 sed
3273 3467 3337 3504 ea:
3362 3454 3555 3508 mundo

1977 3544 2099 3586 sunt
2125 3533 2191 3599 ⁵³,
2217 3545 2273 3589 et
2299 3552 2420 3605 qua:
2449 3545 2774 3606 sequuntur.

2050 3705 2136 3760 54.
2171 3703 2473 3760 Monachus
2507 3714 2625 3770 est,
2655 3705 2749 3775 qui
2789 3713 3027 3763 mentem
3063 3714 3217 3763 suam
3252 3712 3555 3770 a.|-.errenis

1980 3798 2143 3852 rebus
2167 3797 2462 3864 abstraxit;
2490 3813 2551 3852 ac
2575 3798 2667 3868 qui
2696 3815 2795 3867 per
2811 3800 3205 3856 continentiam
3231 3810 3287 3856 et
3307 3802 3555 3859 dilectio-

1980 3907 2102 3945 nem
2138 3899 2192 3944 ct
2224 3890 2581 3959 psalmodiam
2618 3891 2922 3961 orandique
2958 3893 3202 3948 studium
3224 3934 3238 3959 ,
3271 3892 3383 3951 Deo
3412 3899 3552 3954 assi-

1979 3983 2121 4037 duus
2147 3984 2380 4038 exsistit.

2049 4074 2135 4128 55.
2171 4075 2446 4143 Spiritalis
2486 4089 2741 4145 pecorum
2787 4084 2974 4145 pastor
3012 4085 3126 4144 est,
3156 4077 3252 4148 qui
3284 4081 3553 4136 actionem”

1979 4171 2112 4225 colit
2155 4187 2168 4224 :
2211 4187 2469 4240 pecorum
2504 4172 2653 4225 enim
2693 4171 2963 4226 rationem
3006 4173 3232 4240 habent,
3264 4175 3554 4230 moralium

1980 4277 2147 4332 opera
2176 4263 2461 4316 virtutum.
2492 4263 2704 4318 ldcirco
2733 4264 2896 4318 etiam
2925 4264 3106 4319 aiebat
3129 4266 3298 4320 Jacob
3327 4285 3339 4320 :
3365 4267 3556 4323 Pastas

1979 4375 2063 4412 res
2102 4374 2346 4428 pecorum
2383 4366 2506 4411 sunt
2543 4359 2677 4412 servi
2720 4358 2795 4411 tui
2815 4357 2879 4411 ⁵³.
2909 4355 3103 4412 Ovium
3148 4368 3330 4414 autem
3371 4371 3556 4430 pastor

1980 4463 2091 4516 est,
2123 4454 2216 4523 qui
2258 4453 2440 4507 studet
2476 4453 2720 4508 scientiae
2758 4469 2821 4507 ac
2858 4454 3326 4523 contemplationi.
3359 4454 3554 4510 Ovinm

1980 4548 2125 4602 enim
2158 4547 2424 4601 rationem
2452 4547 2655 4602 habent
2683 4547 3040 4616 cogitationes
3067 4548 3344 4616 animique
3373 4564 3549 4612 sensa,

1982 4656 2104 4709 qua:
2141 4641 2195 4693 in
2236 4639 2513 4693 montibus
2551 4639 2879 4708 spiritalium
2925 4640 3447 4708 contemplationum
3491 4655 3556 4694 ac

1985 4732 2268 4785 notionum
2316 4747 2346 4784 a
2395 4739 2575 4785 mente
2623 4737 2944 4798 pascuntur.
2989 4726 3282 4798 Pmpterea
3325 4731 3489 4784 etiam
3540 4747 3552 4783 :

1987 4823 2318 4878 Abominatio
2355 4833 2428 4876 est
2467 4820 2728 4892 Egyptiis
2765 4823 2934 4875 omnis
2971 4828 3154 4891 pastor
3190 4823 3458 4887 ovium",
3502 4822 3554 4875 id

1984 4925 2089 4979 est,
2117 4913 2446 4968 adversariis
2473 4913 2854 4982 potestatibus.

2059 5002 2142 5057 56.
2178 5004 2348 5057 Prava
2380 5018 2554 5068 mens,
2586 5002 2812 5057 incitato
2843 5016 3071 5071 corpore
3101 5017 3359 5071 sensuum
3393 5017 3559 5073 opera

1988 5095 2043 5148 in
2074 5110 2200 5150 suas
2232 5093 2564 5163 cupiditates
2593 5109 2658 5149 ac
2689 5092 2950 5148 libidines
2970 5133 2986 5159 ,
3014 5093 3255 5163 proclive
3286 5096 3558 5164 sequitur,

1987 5187 2325 5256 assentitque
2363 5187 2509 5241 illius
2541 5186 2971 5256 cogitationibus
3003 5194 3058 5241 et
3087 5188 3514 5257 appetitionibus
3542 5196 3557 5244 έ

1988 5286 2043 5331 at
2069 5278 2160 5346 qui
2189 5277 2408 5331 virtutis
2434 5278 2611 5330 cultor
2633 5284 2736 5342 est,
2759 5277 2873 5345 ipse
2902 5293 2958 5331 se
2984 5277 3249 5344 continet,
3272 5286 3560 5349 temperat—

1987 5385 2093 5438 qne
2127 5385 2156 5422 a
2190 5369 2402 5422 vitiosis
2433 5368 2858 5438 cogitationibus
2887 5378 2944 5423 et
2973 5370 3422 5439 appetitiouibus,
3450 5387 3565 5424 ma:

1987 5461 2178 5530 gisque
2212 5460 2651 5529 philosophatur,
2678 5476 2742 5517 ac
2775 5462 2959 5517 studet
2991 5472 3052 5517 ut
3079 5463 3348 5533 ejusmodi
3382 5473 3566 5519 motus

1987 5551 2199 5606 meliori
2219 5551 2386 5620 fruge
2417 5561 2724 5621 componat.

294 5698 344 5729 δ’
385 5698 572 5754 Matth.
606 5717 678 5766 γι,
710 5701 800 5756 21.
863 5703 919 5746 »⁸³
947 5702 965 5754 l
990 5702 1146 5756 Joan.
1184 5719 1241 5770 ιι,
1440 5704 1484 5735 ⁸³
1518 5703 1653 5758 Gen.
1692 5707 1877 5770 x1.vn,l

2003 5708 2047 5736 ⁵³
2075 5706 2212 5758 Gen.
2247 5721 2389 5768 XLVI,
2428 5707 2513 5760 54.

562 5795 832 5857 Parnm“
866 5797 980 5857 Gtt.
1021 5797 1139 5857 XC.

3184 5803 3264 5863 3:!
