4128 6210
351 339 486 405 1005

1231 335 1565 396 CAPITUM
1608 333 1705 393 DE
1744 331 2180 392 CIIARITATE
2221 329 2611 391 CENTURIA
2654 330 2735 389 ΙΙ.

3484 327 3624 394 1006

349 459 436 513 τὸν
458 454 700 510 τοιοῦτον
729 454 866 527 θάνῃ
891 451 1144 514 θάνατον,
1182 451 1320 523 μετά
1341 449 1476 504 Θεοῦ
1504 448 1799 521 εὑρεθῆναι
1829 447 1925 499 καὶ

2057 461 2142 499 ur.
2180 445 2295 519 Nisi
2325 446 2475 500 enim
2516 446 2637 516 ejus
2685 440 2906 515 generis
2962 446 3199 496 mortem
3243 439 3468 508 obierit,
3502 456 3629 496 cum

350 551 514 620 ζῆσαι
537 549 597 602 ού
629 547 871 601 δύναται.

419 638 520 709 ξγ’.
557 639 766 709 Μηδείς
787 657 848 692 σε
874 638 1158 709 ἀπατήσῃ,
1194 636 1420 709 μοναχὲ,
1455 636 1544 690 ὅτι
1581 635 1664 691 ἒνι
1703 651 1764 688 σε
1822 650 1930 687 σω-

353 732 510 803 θῆναι
545 732 705 803 ἡδονῇ
737 733 829 785 καὶ
854 728 1131 801 κενοδοξία
1148 726 1491 783 δουλεύοντα.

422 908 515 975 ξδ’.
538 910 747 979 Ὥσπερ
764 907 824 961 τὸ
853 906 1013 976 σῶμα
1038 905 1127 960 διὰ
1162 904 1269 958 τῶν
1298 902 1647 974 πραγμάτων
1680 900 1934 971 ἀμαρτά-
1988 868 1991 869 ν

356 1021 454 1066 νει,
485 1002 579 1056 καὶ
638 1001 750 1071 ἔχει
793 998 933 1069 πρὸς
994 995 1379 1065 παιδαγωγίαν
1439 993 1540 1054 τάς
1610 990 1937 1062 σωματικάς

357 1094 576 1165 ἀρετὰς,
604 1092 692 1144 ἴνα
717 1092 991 1162 σωφρονῇ’
1026 1088 1169 1142 οῦτω
1199 1088 1294 1142 καὶ
1320 1087 1349 1140 6
1366 1084 1490 1149 νοῦς
1514 1084 1603 1139 διά
1624 1084 1732 1137 τῶν
1754 1086 1938 1153 ὲμπα-

358 1184 463 1236 θῶν
519 1183 828 1253 νοημάτων,
871 1182 966 1234 καὶ
1003 1180 1118 1250 ἔχει
1160 1178 1425 1241 ὡσαύτως
1468 1176 1606 1248 πρὸς
1655 1174 1937 1243 παιδαγω-

356 1276 478 1345 γίαν
506 1276 603 1339 τὰς
622 1273 861 1344 ψυχικὰς
892 1272 1115 1344 ἀρετὰς,
1146 1272 1236 1325 ἵνα
1270 1269 1530 1342 καθαρῶς
1579 1267 1672 1322 καὶ
1712 1265 1941 1330 ἀπαθῶς

357 1365 494 1437 ὁρῶν
520 1365 588 1419 τὰ
615 1363 941 1435 πράγματα,
986 1363 1262 1433 σωφρονῇ.

424 1538 518 1606 ξε’.
551 1541 760 1610 ’Ὠσπερ
789 1538 889 1602 τὰς
920 1537 1133 1608 ἡμέρας
1156 1535 1494 1607 διαδέχονται
1517 1533 1574 1587 αἱ
1604 1531 1822 1594 νύκτες,
1847 1528 1941 1583 καὶ

354 1633 423 1687 τὰ
448 1631 582 1701 θέρη
625 1631 673 1683 oi
733 1627 1000 1699 χειμῶνες
1032 1642 1046 1655 ·
1076 1624 1222 1678 οῦτω
1253 1620 1562 1685 κενοδοξίαν
1608 1619 1700 1673 καὶ
1722 1614 1938 1689 ἡδονὴν,

356 1723 524 1777 λύπαι
580 1722 676 1775 καὶ
728 1719 932 1783 ὀδύναι,
964 1716 1076 1771 εἴτε
1112 1718 1170 1770 ὲν
1216 1714 1297 1785 τῷ
1326 1714 1575 1785 παρόντι,
1607 1711 1717 1764 εἴτε
1761 1710 1820 1764 ὲν
1861 1707 1941 1779 τῷ

362 1816 626 1888 μέλλοντι.

428 1906 534 1975 Eg’.
571 1907 686 1959 Ούκ
716 1906 865 1958 ἔστιν
915 1904 1311 1976 ἀμαρτήσαντα
1347 1904 1609 1970 ἐκφυγεῖν
1656 1902 1756 1973 τὴν
1814 1900 1940 1973 μέλ-

364 2003 563 2055 λουσαν
624 1998 824 2069 κρίσιν,
871 1998 999 2052 ἄνευ
1060 1997 1325 2049 ἑκουσίων
1372 1993 1608 2049 ἐνταῦθα
1664 1992 1937 2065 πόνων,ἣ

357 2091 625 2147 ἀκουσίων
659 2089 953 2159 ἐπιφορῶν.

428 2182 525 2249 εἴ.
550 2181 648 2235 Διά
694 2181 856 2234 πέντε
914 2181 1094 2243 αἰτίας
1146 2180 1281 2250 φασί¹
1313 2177 1763 2251 παραχωρεῖσθαι
1790 2180 1943 2250 ἡμᾶς

360 2277 464 2330 ὑπὸ
509 2272 644 2328 Θεοῦ
684 2271 1037 2343 πολεμεῖσθαι
1074 2272 1181 2326 ὑπὸ
1237 2271 1532 2341 δαιμόνων.
1560 2270 1673 2324 Καὶ
1719 2270 1943 2343 πρώτην

362 2368 459 2439 μὲν
483 2364 620 2421 εἷναί
641 2381 824 2435 φασιν,
860 2364 948 2418 ἴνα
975 2364 1370 2435 πολεμούμενοι
1392 2364 1485 2416 καὶ
1514 2364 1943 2434 ἀντιπολεμοῦν-

356 2479 469 2525 τες,
497 2460 575 2521 εἰς
607 2459 878 2528 διάκρισιν
911 2458 1008 2526 τῆς
1034 2458 1237 2527 ἀρετῆς
1269 2457 1365 2510 καὶ
1396 2459 1497 2528 τῆς
1538 2456 1741 2519 κακίας
1773 2456 1945 2511 ἔλθω-

363 2555 482 2622 μεν.
513 2551 779 2620 Δευτέραν
814 2548 892 2611 δὲ,
924 2549 1012 2600 ἵνα
1045 2547 1271 2618 πολέμῳ
1304 2547 1399 2600 καὶ
1443 2548 1590 2616 πόνῳ
1616 2547 1716 2616 τὴν
1742 2545 1945 2617 ἀρετὴν

361 2641 649 2711 κτώμενοι,
679 2639 905 2711 βεϐαίαν
952 2637 1125 2709 αὐτὴν
1154 2636 1249 2691 καὶ
1278 2636 1679 2707 ἀμετάπτωτον
1708 2634 1941 2705 ἓξωμεν.

362 2735 563 2804 Τρίτην
609 2732 686 2794 δὲ,
720 2732 807 2785 ἵνα
854 2732 1260 2801 προκόπτοντες
1308 2729 1388 2791 εἰς
1442 2728 1542 2799 τὴν
1593 2728 1817 2799 ἀρετὴν,
1871 2728 1945 2799 μὴ

364 2826 867 2898 ύψηλοφρονῶμεν,
928 2824 1067 2878 ἀλλά
1131 2821 1397 2893 μάθωμεν
1473 2824 1943 2892 ταπεινοφρονεῖν.

363 2919 642 2990 Τετάρτην
704 2918 780 2979 δὲ,
805 2917 892 2970 ἵνα
938 2915 1298 2987 πειραθέντες
1343 2915 1445 2986 τῆς
1501 2915 1700 2976 κακίας
1724 2913 1823 2984 (α),
1855 2913 1947 2966 τὲ-

362 3011 514 3064 λειον
551 3013 708 3082 μῖσος
737 3009 907 3080 αὐτὴν
938 3008 1283 3080 μισήσωμεν.
1319 3008 1589 3079 Πέμπτην
1621 3007 1680 3061 δὲ
1718 3007 1813 3060 ἐπὶ
1837 3006 1949 3060 πά-

366 3122 507 3169 σαις,
536 3106 626 3159 ἵνα
673 3102 906 3166 ἀπαθεῖς
951 3102 1256 3173 γενόμενοι,
1296 3102 1374 3175 μὴ
1421 3100 1816 3173 ἐπιλαθώμεθα
1840 3100 1943 3173 τῆς

363 3198 569 3261 οἰκείας
608 3195 914 3261 ἀσθενείας,
974 3195 1109 3266 μήτε
1167 3193 1268 3266 τῆς
1314 3191 1410 3247 τοῦ
1460 3192 1832 3266 βοηθήσαντος
1858 3192 1945 3245 δυ-

365 3288 604 3359 νάμεως.
1082 3306 1085 3309 ⁷

437 3378 538 3450 ξη’.
572 3379 786 3451 Ὠσπερ
832 3376 927 3432 τοῦ
972 3377 1267 3441 πεινῶντος
1302 3379 1331 3432 6
1360 3377 1486 3441 νοῦς
1529 3376 1695 3449 ἀρτον
1743 3373 1949 3448 φαντά-

367 3471 542 3538 ζεται,
580 3471 673 3524 καὶ
698 3470 793 3524 τοῦ
819 3469 1081 3539 διψῶντος
1108 3469 1274 3541 ὕδωρ,
1302 3469 1446 3523 οὓτω
1476 3468 1571 3523 καὶ
1594 3469 1692 3523 τοῦ
1715 3485 1949 3540 γαστρι-

373 3565 582 3637 μάργου
622 3565 900 3627 ποικιλίας
959 3564 1275 3634 ἐδεσμάτων
1303 3576 1319 3593 ⁸
1346 3564 1442 3615 καὶ
1492 3562 1587 3617 τοῦ
1638 3562 1945 3631 φιληδόνου,

374 3656 587 3727 μορφὰς
622 3655 897 3723 γυναικῶν
922 3670 935 3685 ·
980 3655 1072 3707 καὶ
1098 3656 1126 3707 6
1157 3652 1254 3707 τοῦ
1276 3652 1556 3719 κενοδόξου
1577 3696 1591 3719 ,
1618 3654 1717 3716 τὰς
1756 3652 1816 3719 ἐξ
1855 3652 1947 3704 ἀν-

370 3746 603 3819 θρώπων
627 3746 791 3817 τιμάς
820 3762 832 3775 ⁶
861 3746 952 3799 καὶ⁵
982 3744 1077 3798 τοῦ
1110 3742 1469 3815 φιλαργύρου,
1501 3743 1568 3796 τὰ
1602 3742 1770 3814 κέρδη
1803 3759 1818 3774 ο
1855 3742 1950 3795 καὶ⁸

366 3841 462 3895 τοῦ
515 3840 881 3911 μνησικάκου,
914 3838 1013 3911 τὴν
1054 3838 1271 3908 ἄμυναν
1303 3836 1399 3890 τοῦ
1426 3836 1772 3907 λυπήσαντος
1799 3852 1813 3867 ο
1852 3835 1949 3889 καὶ

367 3934 461 3988 τοῦ
513 3934 799 4006 φθονεροῦ,
833 3934 934 4005 τὴν
966 3933 1211 3987 κάκωσιν
1258 3931 1354 3985 τοῦ
1414 3930 1809 4001 φθονουμένου,
1853 3929 1950 3983 καὶ

368 4023 460 4077 ἐπὶ
499 4023 608 4076 τῶν
640 4023 816 4077 ἄλλων
851 4022 1042 4077 παθῶν
1077 4021 1296 4092 ὁμοίως.
1335 4021 1429 4073 Ἐκ
1464 4020 1574 4091 γὰρ
1609 4019 1719 4073 τῶν
1761 4018 1950 4074 παθῶν

368 4116 693 4186 όχλούμενος
719 4115 863 4179 νοῦς,
891 4115 1159 4184 λαμϐάνει
1191 4115 1260 4168 τὰ
1280 4112 1506 4184 ἐμπαθῆ
1537 4115 1789 4186 νοήματα
1806 4152 1822 4177 ,
1850 4112 1949 4167 καὶ

368 4210 730 4281 ἐγρηγορότος
779 4209 874 4264 τοῦ
937 4209 1209 4280 σώματος,
1239 4210 1333 4263 καὶ
1388 4209 1531 4261 κατά
1566 4210 1696 4273 τοὺς
1722 4208 1945 4272 ὕπνους.

441 4298 536 4364 ξθ’.
563 4300 731 4353 Ὅταν
756 4299 1022 4369 ἐπιθυμία
1052 4298 1211 4372 abin,
1237 4299 1337 4363 τὰς
1362 4300 1653 4369 ποιητικὰς
1680 4299 1790 4353 τῶν
1829 4300 1951 4370 ἠδο-

368 4391 473 4444 νῶν
539 4390 670 4455 ὕλας
718 4395 775 4444 ὲν
825 4393 940 4455 τοῖς
982 4388 1170 4454 ὕπνοις
1199 4394 1227 4445 6
1258 4391 1382 4455 νοῦς
1432 4390 1789 4461 φαντάζεταιο
1821 4393 1950 4445 ὅταν

2042 534 2156 589 Deo
2180 534 2387 589 versari
2418 550 2484 588 ae
2508 535 2695 588 vivere
2718 549 2827 587 non
2851 540 3057 603 potest.

2113 627 2202 683 65.
2242 628 2416 683 Nemo
2451 637 2525 692 te,
2560 627 2655 697 qui
2694 627 3028 681 monachum
3075 623 3417 696 profitearis,
3465 624 3631 679 sedu-

2044 728 2151 785 cat,
2182 728 2443 790 tanquam
2468 719 2587 774 ﬁeri
2621 720 2816 790 possit,
2844 727 2904 773 ut
2946 718 3219 788 voluptati
3244 732 3309 771 ac
3338 716 3491 771 inani
3516 719 3632 788 glo-

2045 812 2140 867 ria:
2173 812 2417 877 deditus,
2449 813 2683 867 salutem
2711 810 3095 881 consequaris.

2113 904 2201 960 64.
2244 903 2721 971 Quemadmodum
2748 919 2948 974 corpus
2996 917 3181 958 rerum
3227 901 3457 959 obtentu
3504 919 3633 974 pec-

2044 1006 2152 1064 cat,
2189 998 2463 1067 habetque
2494 997 2563 1052 ad
2613 997 2961 1067 disciplinam
2988 1012 3082 1052 eas
3108 997 3365 1060 virtutes,
3409 1012 3531 1066 qua:
3560 996 3629 1051 ad

2044 1104 2247 1160 corpus
2276 1098 2547 1161 spectant,
2584 1098 2646 1144 ut
2682 1090 2972 1145 erudiatur
3005 1107 3017 1143 :
3056 1089 3137 1144 sic
3163 1096 3220 1143 et
3255 1103 3410 1145 mens
3438 1089 3631 1144 libidi-

2045 1198 2307 1237 nosarum
2337 1183 2560 1238 incursu
2597 1182 3014 1253 cogitationum,
3047 1182 3325 1252 habetque
3375 1181 3633 1237 similiter

2045 1276 2114 1331 ad
2143 1277 2492 1347 disciplinam
2533 1276 2730 1331 anima:
2766 1276 3023 1343 virtutes,
3056 1276 3262 1347 quibus
3308 1275 3514 1330 munde
3549 1275 3631 1330 ci-

2048 1378 2242 1442 traque
2272 1371 2560 1428 libidinem
2606 1388 2696 1426 res
2738 1380 3032 1438 contuens,
3079 1370 3264 1426 sobria
3313 1370 3467 1442 fruge
3514 1370 3631 1441 ipsa

2046 1473 2433 1533 componatur.

2117 1555 2206 1611 65.
2249 1554 2728 1621 Quemadmodum
2788 1555 2897 1610 diei
2955 1555 3207 1611 succedit
3254 1572 3406 1618 nox,
3462 1564 3631 1625 atque

2046 1648 2221 1703 aestati
2262 1648 2482 1703 hiems:
2518 1648 2600 1703 sic
2643 1648 2865 1702 inanem
2914 1649 3141 1719 gloriam
3184 1664 3247 1703 ac
3293 1650 3629 1718 voluptatem

2048 1756 2191 1812 pone
2232 1751 2543 1811 sequuntur
2572 1740 2799 1795 tristitia
2844 1749 2900 1795 et
2928 1740 3107 1805 dolor,
3139 1741 3255 1795 sive
3290 1740 3345 1793 in
3373 1739 3634 1810 praesenti

1973 1814 2018 1869 Β
2046 1832 2271 1895 εωουιο,
2302 1831 2418 1887 sive
2450 1832 2507 1886 in
2533 1830 2743 1887 futuro.

2115 1920 2204 1975 66.
2251 1920 2396 1974 Fieri
2429 1936 2541 1974 non
2574 1927 2759 1989 potest
2781 1926 2839 1974 ut
2860 1920 3073 1991 peccati
3105 1935 3236 1974 reus
3271 1918 3520 1974 futurum
3546 1919 3636 1991 ju-

2042 2012 2249 2068 dicium
2295 2013 2514 2078 evadat,
2568 2013 2776 2083 absque
2824 2013 3112 2067 laboribus
3138 2013 3253 2067 vita
3297 2013 3400 2068 hac
3434 2022 3632 2084 sponte

2044 2105 2361 2176 assumptis,
2399 2104 2485 2160 vel
2520 2105 2685 2159 illatis
2719 2105 2901 2166 malis,
2937 2120 3060 2174 qua:
3085 2103 3365 2174 patienter
3396 2105 3558 2159 ferat.

2114 2199 2202 2253 67.
2239 2196 2496 2267 Quinque
2550 2195 2790 2250 afferunt
2840 2210 3056 2259 causas,
3081 2194 3152 2249 ob
3187 2210 3323 2265 quas
3358 2210 3458 2247 nos
3487 2195 3633 2249 Deus

2044 2306 2075 2345 a
2106 2289 2451 2345 daemonibus
2478 2286 2785 2358 oppugnari
2837 2286 3004 2340 sinat.
3038 2285 3117 2340 Ac
3138 2287 3371 2355 primam
3404 2286 3632 2354 quidem

2044 2396 2166 2436 esse
2200 2381 2377 2445 aiunt,
2416 2388 2479 2434 ut
2521 2378 2651 2432 dum
2718 2393 2901 2447 pugna
2936 2376 3095 2448 petiti
3142 2391 3533 2446 repugnamus,
3570 2392 3634 2432 ac

2046 2473 2377 2535 resistimus,
2412 2469 2636 2525 virtutis
2664 2469 2896 2539 vitiique
2931 2469 3323 2524 discretionem
3351 2485 3631 2540 paremus.

2046 2563 2290 2617 Alteram
2321 2569 2527 2625 autem,
2556 2570 2617 2615 ut
2640 2568 2795 2632 parta
2823 2561 2969 2615 bello
2995 2560 3200 2615 virtute
3228 2568 3393 2630 atque
3419 2561 3632 2624 labore,

2048 2654 2261 2708 firmam
2309 2654 2456 2708 illam
2492 2654 2887 2723 immotamque
2922 2660 3225 2709 teneamus.
3264 2652 3530 2713 Tertiam,
3573 2661 3636 2708 ut

2047 2746 2270 2799 virtutis
2324 2745 2577 2815 profectu
2606 2760 2715 2798 non
2765 2745 2937 2798 altum
2984 2744 3281 2814 sapiamus,
3309 2744 3404 2797 sed
3439 2757 3637 2797 sensus

2047 2836 2376 2891 modestiam
2424 2836 2723 2891 discamus.
2772 2835 3058 2902 Quartam,
3094 2844 3154 2889 ut
3188 2834 3309 2890 vitii
3360 2834 3504 2889 facto
3541 2851 3640 2905 pe-

2049 2926 2247 2991 riculo,
2283 2924 2530 2994 perfecto
2558 2925 2737 2995 ipsum
2765 2924 2894 2979 odio
2915 2940 3337 2995 prosequamur.
3374 2913 3642 3002 Quintam"

2050 3018 2289 3088 denique
2321 3033 2385 3073 ac
2415 3033 2756 3088 supremam,
2783 3026 2845 3072 ut
2870 3018 3258 3088 imperturbati
3284 3018 3453 3073 animi
3486 3004 3644 3111 tran-l

2049 3114 2381 3184 quillitatem
2410 3114 2620 3185 adepti,
2648 3112 3046 3171 imbecillitatis
3078 3115 3318 3185 propria:
3356 3132 3467 3169 non
3497 3115 3639 3169 obli-

2049 3200 2349 3264 viscamur,
2369 3216 2473 3256 nec
2506 3202 2661 3273 ejus,
2696 3201 2792 3273 qui
2825 3200 3046 3273 adjutor
3078 3201 3204 3269 fuit,
3237 3204 3497 3273 potentiae
3536 3203 3638 3257 im-

2050 3308 2326 3350 memores
2357 3294 2533 3350 simus

2121 3388 2209 3443 68.
2251 3387 2727 3456 Quemadmodum
2764 3386 3000 3443 famelici
3037 3388 3276 3455 animus,
3312 3404 3510 3460 panem
3540 3404 3639 3444 co-
3740 3440 3743 3441 ν

2052 3481 2317 3552 gitatione
2345 3480 2626 3549 informat,
2664 3496 2729 3535 ac
2757 3480 3044 3546 sitibundi,
3072 3496 3269 3551 aquam
3296 3499 3310 3546 ;
3356 3482 3435 3536 sic
3458 3490 3514 3536 et
3538 3498 3639 3552 gu-

2050 3572 2177 3638 losi,
2214 3573 2391 3627 varias
2415 3572 2749 3642 cupediaset
2775 3571 2986 3638 edulia;
3020 3571 3309 3639 luxuriosi,
3343 3572 3636 3628 mulierum

2050 3660 2290 3727 formas;
2318 3662 2500 3716 inanis
2534 3662 2720 3732 gloria:
2750 3662 2963 3732 cupidi,
2999 3662 3272 3717 humanos
3307 3663 3549 3717 honores
3573 3678 3637 3718 ac

2052 3753 2280 3819 laudes;
2311 3754 2485 3819 avari,
2509 3754 2700 3819 lucra;
2728 3771 3016 3813 rancorem
3055 3756 3334 3822 habentis,
3366 3758 3487 3827 ejus
3510 3756 3636 3810 vin-

2056 3842 2256 3898 dictam
2287 3858 2317 3897 a
2346 3858 2456 3913 quo
2490 3843 2749 3913 injuriam
2772 3846 2987 3915 accepit
3011 3862 3025 3911 ;
3060 3844 3255 3908 invidi,
3283 3846 3402 3915 ejus
3430 3846 3636 3900 malum

2053 3934 2111 3989 in
2141 3948 2305 4003 quem
2332 3932 2540 3987 exarsit
2568 3933 2810 4000 invidia;
2842 3933 3099 4004 idemque
3122 3934 3178 3988 in
3212 3934 3443 4004 reliquis
3461 3935 3633 3990 vitiis.

2053 4024 2287 4079 Animus
2324 4024 2473 4080 enim
2504 4025 2613 4079 illis
2639 4033 2916 4096 gravatus,
2950 4026 3149 4097 hisque
3174 4028 3251 4081 illi
3279 4027 3639 4082 obtundenti-

2053 4115 2181 4179 bus,
2226 4114 2553 4169 libidinosas
2597 4115 2980 4186 cogitationes,
3040 4117 3156 4172 sive
3205 4133 3437 4189 corpore
3495 4118 3636 4190 vigi~

2054 4209 2226 4273 lante,
2262 4208 2377 4263 sive
2404 4209 2462 4261 in
2490 4206 2722 4273 somnis,
2750 4210 3007 4264 assumit.

2123 4298 2283 4372 421
2308 4300 2396 4355 69.
2436 4298 2610 4353 Aucta
2634 4300 2803 4353 semel
2840 4298 3311 4371 concupiscentia,
3342 4300 3559 4356 animus
3581 4301 3639 4356 in

2054 4394 2263 4449 somnis
2297 4408 2360 4447 ea
2391 4391 2673 4455 informat,
2710 4408 2833 4463 qua:
2878 4392 3218 4462 voluptatem
3258 4408 3322 4446 ac
3345 4392 3637 4447 libidinem

367 4486 425 4538 δὲ
450 4487 479 4537 ὁ
516 4485 705 4556 θυμὸς,
741 4486 811 4539 τά
842 4486 1024 4555 φόϐων
1073 4489 1331 4556 ποιητικὰ
1374 4485 1562 4556 βλέπει
1621 4486 1947 4556 πράγματα.

2058 4492 2268 4541 creant.
2301 4484 2561 4538 Auctiore
2586 4498 2718 4537 vero
2754 4483 2856 4548 ira,
2889 4498 2981 4537 res
3026 4481 3296 4537 terrificas
3319 4483 3489 4538 videt.
3522 4484 3640 4537 Au-

370 4578 604 4646 Δῦξουσι
646 4580 831 4650 μέντοι
880 4581 948 4633 τὰ
1001 4580 1172 4651 πάθη,
1231 4582 1277 4633 οἱ
1327 4580 1629 4651 ἀκάθαρτοι
1672 4580 1949 4649 δαίμονες,

370 4672 637 4740 συνεργὸν
663 4672 760 4741 τὴν
812 4672 1087 4743 ἡμετέραν
1132 4671 1393 4741 ἀμέλειαν
1428 4670 1823 4741 λαμϐάνοντες,
1858 4671 1955 4723 καὶ

368 4762 541 4814 ταῦτα
592 4763 944 4835 ἐρεθίζοντες.
991 4763 1305 4817 Ἐλαττοῦσι
1363 4764 1419 4817 δὲ
1472 4766 1520 4817 οἱ
1584 4765 1730 4831 ἅγιοι
1788 4764 1954 4832 ἄγγει

369 4855 486 4920 λοι,
522 4863 657 4927 πρὸς
714 4859 813 4928 τὴν
870 4858 978 4911 τῶν
1011 4858 1223 4929 ἀρετῶν
1271 4860 1415 4929 ἡμᾶς
1461 4858 1737 4921 κινοῦντες
1783 4858 1954 4930 ἐργα-

369 4949 514 5004 σίαν.

442 5040 506 5094 o’.
550 5040 623 5093 T6
651 5042 750 5111 μὲν
779 5044 1177 5113 ἐπιθυμητικὸν
1232 5043 1332 5113 τῆς
1379 5043 1557 5113 ψυχῆς
1614 5041 1949 5110 πυκνότερον

367 5129 770 5201 ἐρεθιζόμενον,
812 5133 922 5199 ἕξιν
967 5133 1277 5203 φιληδονίας
1326 5132 1648 5201 δυσκίνητον
1693 5135 1758 5203 τῇ
1804 5132 1949 5203 ψυχῇ

368 5225 645 5294 ἐντίθησιν
675 5242 687 5255 ·
720 5228 748 5278 6
780 5226 836 5278 δὲ
870 5225 1040 5296 θυμὸς
1082 5226 1323 5295 συνεχῶς
1369 5226 1814 5295 ταρασσόμενος,
1846 5226 1953 5278 δει-

367 5320 461 5372 λον
508 5320 602 5372 καὶ
646 5319 909 5388 ἄνανδρον
974 5319 1066 5371 τὸν
1112 5318 1237 5371 νοῦν
1272 5315 1670 5387 ἀπεργάζεται.
1734 5319 1951 5373 Ἰῶνται

368 5412 450 5479 δὲ,
470 5412 528 5464 τὸ
548 5412 667 5483 μὲν,
696 5412 928 5483 ἄσκησις
946 5412 1307 5482 ἐπιτεταμένη
1338 5409 1590 5477 νηστείας
1618 5412 1710 5463 καὶ
1734 5411 1952 5481 ἀγρυπ-

446 5568 523 5640 (a)
560 5571 693 5624 "Ira
739 5569 1118 5636 πειραθέντες
1174 5568 1284 5640 τῆς
1339 5570 1570 5635 κακίας.
1637 5570 1757 5623 Non
1812 5569 1953 5623 bene

373 5643 538 5695 ambo
565 5641 880 5710 superiores
912 5641 1143 5709 interpr.
1186 5639 1249 5693 Ut
1283 5642 1480 5693 tantati
1515 5657 1531 5693 :
1562 5640 1695 5701 lmo,
1721 5647 1804 5710 ut,
1834 5640 1948 5710 vitii

376 5713 514 5781 facta
543 5709 792 5780 periculo,
822 5712 934 5779 ejus
985 5710 1205 5779 experti.
1261 5709 1352 5781 Sic
1401 5711 1549 5764 enim
1604 5710 1744 5781 bene
1789 5709 1950 5764 Suid.

376 5783 550 5854 πειρῶ
578 5792 633 5835 et
662 5782 957 5853 πειρῶμαι,
985 5783 1173 5851 γενικῇ
1206 5780 1511 5851 ἀπόπειραν
1537 5780 1816 5851 ποιοῦμαι.
1860 5797 1946 5851 pc-

2053 4586 2181 4650 gent
2213 4591 2380 4647 porro
2414 4574 2644 4629 allectus
2689 4590 2753 4628 ac
2779 4574 3249 4645 perturbationes,
3293 4574 3494 4643 impuri
3525 4574 3639 4627 da:-

2053 4684 2266 4733 mones,
2309 4667 2364 4722 id
2398 4668 2578 4738 ipsum
2610 4667 2759 4739 quod
2786 4667 2959 4722 vitam
3001 4667 3351 4737 negligimus,
3388 4666 3640 4720 subsidio

2054 4770 2397 4819 assumentes
2422 4776 2485 4815 ac
2520 4760 2878 4830 proritantes.
2903 4758 3159 4812 Minuunt
3177 4773 3308 4810 vero
3336 4757 3509 4809 sancti
3539 4770 3638 4808 an-

2053 4854 2161 4926 geli
2191 4853 2286 4924 qui
2316 4852 2385 4907 ad
2412 4850 2725 4922 prazstanda
2756 4851 3026 4904 virtutum
3053 4863 3220 4917 opera
3263 4847 3495 4901 incitent
3518 4860 3641 4914 per-

2060 4962 2289 5000 movean
2301 4955 2448 5014 tque.

2131 5039 2217 5094 70.
2253 5038 2434 5091 Animi
2480 5036 2565 5090 vis
2590 5033 2988 5103 concupiscens
3020 5031 3150 5085 dum
3179 5029 3431 5085 crebrius
3466 5029 3613 5098 prori

2055 5141 2223 5194 tatur,
2261 5129 2511 5185 libidinis
2540 5127 2791 5181 habitum
2835 5126 3056 5179 difﬁcile
3082 5124 3342 5177 mobilem
3374 5124 3428 5176 in
3459 5123 3638 5175 anima

2056 5225 2210 5296 ponit
2238 5242 2250 5278 :
2290 5223 2367 5277 ira
2391 5237 2525 5276 vero
2554 5222 2759 5291 jugiter
2791 5229 3087 5280 commota,
3137 5218 3520 5270 meticulosum
3555 5225 3641 5267 ιιι--

2055 5333 2163 5387 que
2206 5316 2481 5369 imbellem
2510 5315 2753 5367 animum
2787 5311 2990 5366 reddit.
3023 5311 3231 5364 Sanant
3262 5318 3444 5363 autem
3478 5318 3640 5375 atque

2060 5411 2372 5468 medentur,
2432 5405 2511 5457 illi
2569 5406 2826 5474 quidem,
2888 5404 3252 5473 jejuniorum,
3303 5402 3636 5470 vigiliarum,

2064 5567 2290 5622 riculum
2336 5565 2491 5687 (acia,
2539 5564 2802 5632 asperior.
2824 5562 2938 5615 Hoc
2962 5562 3107 5615 enim
3160 5570 3264 5623 est,
3314 5557 3461 5630 quod
3510 5573 3639 5627 per-

2064 5639 2259 5687 ioctum
2293 5635 2327 5687 il
2356 5636 2427 5687 ud
2456 5634 2644 5687 odium
2678 5635 2842 5687 narit.
2880 5632 2971 5685 ubi
3030 5632 3153 5687 nuis
3203 5632 3349 5685 serio
3385 5629 3635 5687 resinuit,

2054 5639 2259 5692 fectum
2293 5629 2427 5688 illud
2456 5629 2644 5688 odium
2678 5635 2842 5703 parit.
2880 5632 2971 5685 ubi
3030 5632 3153 5701 quis
3203 5629 3356 5703 serior
3385 5629 3635 5703 resipuit,

2054 5708 2454 5774 amborumque
2483 5698 2781 5759 discrimen
2820 5704 2958 5771 (vitii
2986 5698 3060 5758 ac
3080 5702 3320 5757 virtutis)
3348 5702 3465 5769 ipso
3481 5698 3635 5769 quasi

2055 5786 2238 5849 gustu,
2264 5775 2342 5846 τῷ
2382 5777 2561 5840 πάθει,
2592 5775 2864 5849 cogam-it.
