4128 6210
506 275 634 338 10οἸ

505 479 722 544 lenitas,
747 481 1075 550 benignitas,
1107 483 1371 546 charitas,
1396 483 1792 538 misericordia.

576 571 663 622 7l.
703 570 1008 633 Dminones,
1062 580 1157 625 aut
1210 587 1393 626 rerum
1447 572 1670 627 incursu
1702 573 1906 627 bellum
1954 589 2076 627 mo-

503 668 652 723 vent,
696 670 790 712 aut
819 659 1238 717 libidinosarum
1269 663 1324 717 iu
1365 664 1532 718 rebus
1555 665 1970 735 cogitationum.
2001 665 2079 720 Ac

503 751 724 820 quidem
755 767 939 805 rerum
986 753 1232 819 incursu,
1257 771 1354 810 eos
1405 755 1499 825 qui
1535 755 1588 809 in
1618 757 1784 811 rebus
1816 772 1879 811 ac
1912 771 2080 826 nego-

504 845 598 899 tiis
631 853 956 911 versantur;
991 847 1384 916 cogitationum
1411 864 1567 915 vero,
1613 865 1730 916 eos,
1760 849 1854 920 qui
1877 864 1936 904 se
1971 849 2079 904 illis

504 943 696 1014 procul
726 942 1129 997 subduxerunt.

577 1034 664 1089 72.
704 1033 919 1100 Quanto
967 1031 1270 1102 proclivius
1325 1039 1411 1085 est
1466 1047 1530 1086 ac
1582 1030 1836 1095 facilius,
1897 1039 2078 1086 tecum

505 1127 690 1180 animo
731 1142 795 1180 ac
826 1124 1159 1196 cogitatione
1185 1138 1436 1192 peccare,
1492 1139 1655 1192 quam
1692 1123 1810 1193 ipso
1843 1134 1967 1178 actu
1999 1131 2081 1177 at-

504 1234 612 1286 que
633 1234 831 1288 opere;
873 1225 1022 1271 tanto
1067 1215 1289 1286 gravius
1317 1223 1399 1268 est
1435 1215 1664 1279 bellum,
1716 1214 1864 1284 quod
1889 1230 1956 1269 ex
1985 1229 2080 1268 co-

505 1310 885 1378 gitationibus,
913 1323 1077 1378 quam
1111 1307 1258 1376 quod
1286 1323 1352 1362 ex
1388 1307 1554 1368 rebus
1584 1306 1928 1377 negotiisque
1953 1320 2084 1360 con—

505 1401 689 1454 ﬂatur.

579 1491 666 1544 75.
707 1490 817 1545 Res
849 1490 980 1560 ipsa:
1012 1498 1168 1544 extra
1203 1496 1444 1543 mentem
1492 1496 1620 1544 sunt
1663 1506 1677 1542 :
1728 1504 1914 1543 rerum
1950 1503 2084 1543 vero

507 1582 886 1652 cogitationes,
916 1580 1057 1634 intra
1079 1580 1406 1634 consistunt.
1437 1581 1568 1650 Ejus
1599 1580 1781 1650 itaque
1808 1579 2086 1636 facultatis

1657 282 1718 340 S.
1756 283 1945 341 ΜΑΧΙ
1959 283 2040 340 ΞΠ
2080 281 2585 341 CONFESSORIS

505 405 732 459 precum
781 398 1039 446 contenta
1070 391 1328 462 jugisque
1359 392 1722 457 exercitatio;
1756 393 1888 448 huic
1922 409 2076 457 vero,

2191 393 2301 455 νίας
2331 394 2426 446 καὶ
2458 392 2762 464 προσευχῆς
2789 409 2802 422 ·

3619 276 3748 339 1003

2837 392 2929 445 τὸν
2956 391 3012 444 δὲ
3034 432 3046 453 ,
3083 394 3388 461 χρηστότης
3431 389 3526 442 καὶ
3559 390 3747 458 φιλανο

2180 484 2398 554 θρωπία
2424 485 2518 537 καὶ
2541 483 2730 552 ἀγάπη
2757 484 2850 536 καὶ
2886 484 3050 546 ἔλεος.

2247 575 2348 628 οα’.
2391 577 2456 628 Ἣ
2490 575 2579 628 διά
2603 575 2710 627 τῶν
2744 579 3083 643 πραγμάτων
3106 577 3155 628 οἱ
3197 575 3452 644 δαίμονες
3477 572 3752 642 πολεμοῦ-

2182 683 2282 725 σιν,
2318 667 2349 736 ἢ
2391 665 2478 719 διὰ
2517 666 2622 717 τῶν
2665 668 2723 718 ὲν
2756 667 2870 726 τοῖς
2893 664 3215 734 πράγμασιν
3254 663 3520 734 ὲμπαθῶν
3544 664 3756 734 νοημά-

2178 775 2307 813 των.
2360 759 2470 812 Kal.
2522 759 2610 811 διὰ
2656 758 2754 828 μὲν
2798 758 2906 809 τῶν
2969 758 3335 828 πραγμάτων,
3359 757 3484 821 τοὺς
3536 758 3594 810 ὲν
3640 758 3758 820 τοῖς

2179 850 2497 921 πράγμασιν
2511 849 2669 914 ὄντας
2689 889 2704 916 ,
2733 850 2824 903 διὰ
2878 849 2934 902 δὲ
2989 849 3098 902 τῶν
3147 850 3456 922 νοημάτων,
3487 851 3614 914 τοὺς
3645 850 3760 904 τῶν

2181 944 2524 1015 πραγμάτων
2549 944 3017 1015 κεχωρισμένους.

2250 1032 2348 1102 οβ’.
2391 1030 2553 1087 Ὀσον
2615 1035 2766 1094 ἐστὶν
2813 1031 3192 1103 εὐκοπώτερον
3237 1031 3297 1085 τὸ
3337 1032 3478 1086 κατὰ
3515 1032 3760 1086 διάνοιαν

2180 1125 2518 1195 ἁμαρτάνειν
2545 1124 2639 1178 τοῦ
2672 1123 2791 1178 κατ’
2825 1123 3130 1194 ἐνέργειαν,
3157 1123 3410 1176 τοσοῦτόν
3434 1125 3548 1175 ἐστι
3581 1123 3757 1193 βαρύ-

2179 1234 2336 1287 τερος
2365 1219 2392 1270 ὁ
2419 1216 2507 1270 διὰ
2563 1214 2671 1268 τῶν
2710 1214 3316 1286 νοημάτωννπόλεμος,
3363 1214 3457 1267 τοῦ
3509 1214 3598 1268 διὰ
3644 1216 3760 1266 τῶν

2182 1307 2547 1380 πραγμάτων.

2254 1481 2353 1550 ογ’.
2381 1483 2462 1536 Τὰ
2510 1483 2610 1554 μὲν
2659 1484 2965 1555 πράγματα
3001 1483 3199 1548 ἔξωθέν
3247 1485 3354 1537 εισι
3398 1482 3492 1537 τοῦ
3521 1483 3613 1537 νοῦ
3637 1502 3652 1516 ο
3687 1485 3757 1538 τὶ

2183 1573 2239 1627 δὲ
2265 1573 2468 1629 τούτων
2503 1575 2750 1644 νοήματα
2805 1573 2912 1627 έσω
2945 1573 3308 1627 συνίστανται.
3355 1573 3443 1628 Ἐν
3473 1573 3624 1644 αὐτῷ
3659 1571 3760 1628 οὖν

507 1682 612 1731 est,
642 1673 780 1727 bene
812 1672 940 1735 illis,
969 1687 1039 1725 an
1072 1686 1255 1735 secus,
1292 1680 1500 1725 utatur.
1526 1670 1682 1737 Quod
1710 1673 1859 1726 enim
1891 1688 2084 1729 errore

2191 1667 2324 1730 ἐστι,
2357 1666 2418 1718 τὸ
2457 1663 2518 1720 εὖ
2571 1666 2785 1728 τούτοις
2836 1665 3166 1738 χρήσασθαι,
3202 1665 3234 1736 ἢ
3278 1665 3484 1729 κακῶς.
3512 1667 3591 1736 Τῇ
3647 1668 3763 1738 γάρ

508 1763 678 1817 animi
713 1762 892 1817 sensis
922 1770 1164 1824 utamur,
1198 1776 1381 1815 rerum
1407 1760 1616 1817 abusus
1644 1763 2023 1833 consequitur.

493 1977 495 1980 ‹
579 1949 666 2002 74.
706 1946 847 2002 Sunt
872 1947 988 2002 haec
1019 1947 1119 2001 tria
1142 1961 1171 2012 ,τ
1206 1948 1352 2003 unde
1382 1963 1538 2003 mens
1582 1949 1907 2007 libidinosas
1941 1952 2090 2024 cogi-

514 2039 748 2096 tationes
770 2039 1033 2108 assumit;
1063 2054 1346 2110 nempeex
1372 2056 1558 2110 sensu,
1591 2057 1657 2098 ex
1687 2043 2086 2114 complexione,

513 2147 578 2185 ex
609 2131 896 2184 memoria.
929 2133 1006 2185 Ac
1041 2131 1264 2202 quidem
1293 2148 1359 2186 ex
1382 2147 1569 2197 sensu,
1599 2149 1726 2187 cum
1763 2150 1853 2190 res
1879 2135 1961 2189 illi
1986 2135 2088 2190 ob-

509 2225 665 2294 jecta).
697 2221 899 2292 quibus
938 2220 1226 2287 allieimur,
1262 2222 1329 2276 ad
1377 2223 1704 2280 libidinosas
1729 2240 1847 2280 eam
1881 2226 2090 2296 cogita-

515 2313 692 2368 tiones
730 2313 1037 2382 impellunt.
1076 2313 1155 2366 Ex
1182 2313 1561 2382 complexione
1594 2323 1778 2370 autem
1825 2332 1921 2371 seu
1955 2325 2091 2371 tem-

517 2413 860 2475 peramento,
896 2420 1022 2458 cum
1056 2419 1152 2473 per
1184 2403 1524 2459 luxuriosam
1553 2405 1734 2462 victus
1779 2407 2046 2461 rationem
2072 2448 2087 2474 ,

515 2503 611 2549 aut
645 2494 966 2565 operatione
1023 2492 1358 2559 diemonum,
1421 2501 1516 2546 aut
1550 2509 1649 2563 per
1705 2493 2090 2564 aagritudinem

517 2589 754 2658 aliquam
807 2585 1053 2644 deterior
1085 2586 1229 2640 facta
1291 2601 1354 2640 ac
1408 2587 1716 2651 immutata,
1753 2587 1821 2641 ad
1864 2588 2092 2642 vitiosas

517 2680 780 2751 ejusmodi
817 2678 1182 2750 cogitationes
1227 2678 1448 2744 excitat,
1482 2678 1567 2733 vel
1625 2677 1848 2749 obloqui
1899 2679 2090 2734 Provi-

518 2773 718 2826 dentiae
772 2771 938 2840 cogit.
995 2768 1075 2822 Ex
1107 2767 1374 2823 memoria
1411 2785 1560 2834 vero,
1598 2785 1724 2825 cum
1780 2769 1872 2822 illa
1909 2785 2090 2824 rerum

519 2863 720 2932 quibus
768 2859 950 2916 allecti
995 2867 1089 2913 aut
1123 2858 1379 2914 delectati
1429 2876 1642 2927 smnus,
1679 2870 1981 2930 conceptus
2008 2877 2094 2916 re-

520 2955 696 3016 fricat,
754 2951 1030 3020 similique
1087 2949 1296 3004 ratione
1330 2951 1396 3008 ad
1453 2951 1680 3006 vitiosas
1729 2951 2092 3022 cogitationes

511 3051 720 3097 movet.

591 3135 678 3188 '75.
722 3134 925 3189 Rerum
961 3138 1120 3194 nobis
1147 3157 1176 3195 a
1210 3141 1322 3194 Deo
1371 3137 1426 3190 in
1461 3151 1620 3191 usum
1664 3149 2049 3190 concessarum
2075 3175 2089 3201 ,

507 3225 638 3279 alia:
670 3225 726 3278 iu
758 3227 942 3282 animo
966 3238 1114 3291 sunt,
1140 3230 1260 3282 aliae
1287 3229 1342 3281 in
1377 3241 1630 3296 corpore,
1667 3225 1788 3279 alia:
1807 3224 1953 3278 circa
1977 3239 2094 3278 cor-

508 3332 644 3385 .pus.
686 3318 818 3370 Puta
868 3317 922 3370 iu
986 3319 1214 3383 animo,
1271 3320 1394 3392 ejus
1454 3317 1631 3383 vires;
1697 3316 1752 3370 in
1816 3329 2090 3386 corpore,

516 3407 682 3478 422
715 3425 973 3462 sensuum
1013 3426 1212 3483 organa
1246 3427 1310 3465 ac
1369 3409 1616 3463 membra
1653 3407 1864 3477 reliqua
1894 3425 1906 3459 :
1942 3407 2092 3461 circa

524 3514 744 3568 corpus,
779 3501 910 3560 cibi.
945 3503 1338 3570 possessiones,
1384 3515 1539 3570 Opes,
1567 3513 1632 3553 ac
1675 3497 1730 3551 id
1762 3511 1936 3567 genus
1963 3495 2090 3550 alia.

516 3590 678 3655 Quod
703 3591 788 3644 his
816 3591 982 3662 igitur
1005 3592 1144 3646 bene
1165 3602 1259 3648 aut
1285 3591 1425 3646 male
1462 3600 1701 3655 utamur,
1739 3603 1836 3642 seu
1874 3587 1941 3644 iis
1972 3601 2094 3657 qua:

522 3683 666 3736 circa
702 3683 813 3739 Ιιωε
844 3684 1120 3748 accidunt,
1146 3685 1276 3739 boni
1307 3691 1401 3737 aut
1428 3682 1554 3736 mali
1588 3680 1878 3736 ellicimur.

595 3961 680 4015 76.
723 3960 1102 4016 Accidentium
1166 3965 1221 4014 in
1259 3962 1444 4025 rebus,
1494 3961 1600 4014 alia
1646 3960 1702 4014 in
1739 3960 1923 4014 animo
1944 3969 2092 4026 sunt,

522 4051 630 4104 alia
687 4051 741 4106 in
779 4068 1042 4122 corpore;
1077 4054 1181 4106 alia
1217 4053 1285 4106 iis
1330 4053 1384 4105 in
1421 4051 1608 4116 rebus,
1643 4066 1764 4120 quae
1796 4059 1926 4107 sunt
1951 4052 2097 4108 circa

526 4157 746 4211 corpus.
801 4142 879 4196 Ac
923 4143 1144 4212 quidem
1185 4143 1239 4197 in
1295 4144 1501 4208 animo,
1559 4142 1731 4196 veluti
1782 4141 2012 4197 scientia
2042 4151 2098 4198 et

529 4233 855 4301 ignorantia,
893 4232 1100 4288 oblivio
1127 4243 1182 4287 et
1216 4232 1502 4297 memoria,
1538 4231 1763 4286 dilectio
1797 4240 1853 4287 et
1885 4231 2094 4295 odium,

538 4323 703 4375 timor
718 4326 772 4376 e't
802 4323 1050 4388 audacia,
1085 4323 1302 4377 tristitia
1324 4332 1379 4377 et
1404 4322 1686 4394 gaudium,
1712 4330 1877 4392 atque
1907 4322 1992 4378 his
2027 4323 2099 4377 si-

2113 1739 2158 1799 Β
2186 1757 2500 1828 ὲσφαλμένῃ
2527 1757 2636 1810 τῶν
2670 1757 2958 1827 νοημάτων
3017 1757 3212 1828 χρήσει
3242 1754 3315 1826 (b)
3343 1758 3377 1826 ή
3409 1758 3764 1828 παράχρησις

2189 1851 2296 1904 τῶν
2329 1850 2674 1920 πραγμάτων
2699 1848 3000 1904 ἀκολουθεῖ.

2259 1939 2349 1994 05'.
2375 1941 2474 1994 Διὰ.
2503 1939 2611 1994 τῶν
2641 1940 2808 2012 τριῶν
2835 1940 3042 1994 τούτων
3063 1940 3332 2010 λαμϐάνει
3353 1941 3382 1993 ὁ
3409 1939 3533 2003 νοῦς
3565 1942 3633 1993 τὰ
3665 1943 3764 2010 έμ-

2191 2032 2336 2102 παθῆ
2365 2034 2610 2103 νοήματα
2628 2049 2641 2062 ·
2665 2033 2753 2086 διὰ
2775 2033 2874 2102 τῆς
2897 2032 3223 2102 αἰσθήσεως,
3252 2031 3341 2086 διὰ
3369 2035 3468 2102 τῆς
3488 2033 3765 2102 κράσεω·,

2191 2122 2282 2176 διὰ
2311 2121 2412 2191 τῆς
2449 2122 2688 2192 μνήμης.
2725 2123 2832 2175 Καὶ
2868 2122 2955 2175 διὰ
2987 2122 3087 2191 μὲν
3119 2121 3216 2191 τῆς
3259 2121 3602 2190 αἰσθήσεως,
3633 2123 3768 2176 ίταν

2193 2205 2599 2276 προσϐάλλοντα
2629 2205 2765 2275 αὐτῇ
2798 2205 2866 2258 τά
2893 2205 3194 2274 πράγματα
3219 2203 3356 2274 πρὸς
3383 2205 3526 2276 άπερ
3553 2205 3625 2258 τά
3666 2207 3767 2260 πά·

2193 2297 2260 2367 οη
2311 2296 2660 2368 κεκτήμεθα,
2707 2299 2832 2367 κινῇ
2885 2297 3048 2350 αὐτὸν
3099 2295 3235 2368 πρὸς
3304 2298 3573 2368 ἐμπαθεῖς
3614 2298 3766 2366 λογι-

2193 2390 2382 2460 σμούς.
2408 2390 2505 2444 Διὰ
2519 2391 2575 2444 δὲ
2603 2390 2700 2460 τῆς
2733 2391 3001 2460 κράσεως,
3035 2391 3164 2444 ὅταν
3197 2389 3256 2454 ἐξ
3285 2390 3586 2444 ἀκολάστου
3626 2391 3772 2444 διαίο

2192 2499 2310 2551 της,
2342 2481 2682 2552 ῇὲνεργείας
2729 2481 3080 2551 δαιμόνων,ἢ
3139 2481 3441 2551 νοσήματός
3492 2497 3638 2545 τινος
3675 2483 3771 2537 άλ-

2192 2573 2538 2644 λοιουμένηή
2572 2572 2665 2627 τοῦ
2711 2573 2964 2643 σώματος
2995 2574 3212 2644 κρᾶσις.
3245 2575 3365 2643 κινῇ
3399 2573 3561 2626 αὑτὸν
3601 2574 3773 2627 πάλιν

2193 2667 2327 2736 πρὸς
2355 2666 2620 2737 ἐμπαθεῖς
2641 2666 2958 2736 λογισμοὺς,
2983 2667 3016 2737 ἢ
3039 2666 3179 2720 κατὰ
3217 2666 3315 2735 τῆς
3351 2665 3632 2736 Προνοίας.
3671 2667 3773 2720 Διὰ

2192 2759 2248 2812 δὲ
2281 2759 2379 2828 τῆς
2414 2760 2655 2829 μνήμης,
2678 2759 2804 2812 ὃταν
2856 2757 2964 2812 τῶν
3023 2758 3365 2828 πραγμάτων
3420 2758 3556 2829 πρὸς
3622 2757 3774 2828 άπερ

2195 2851 2546 2920 πεπόνθαμεν
2575 2850 2642 2904 τὰ
2675 2852 2922 2922 νοήματα
2960 2852 2993 2921 ή
3036 2852 3225 2921 μνήμη
3251 2851 3521 2923 ἀναφέρῃ,
3553 2852 3650 2906 καὶ
3687 2869 3771 2906 κιο

2195 2945 2258 3013 νῇ
2291 2943 2452 2996 αὐτὸν
2481 2943 2681 3014 ὁμοίως
2718 2943 2851 3016 πρὸς
2881 2942 3145 3014 ἐμπαθεῖς
3171 2942 3482 3012 λογισμούς.

2265 3123 2356 3180 οε’.
2391 3125 2509 3178 Τῶν
2557 3129 2634 3190 εἰς
2701 3129 2894 3197 χρῆσιν
2937 3125 3090 3196 παρὰ
3146 3125 3280 3182 Θεοῦ
3335 3124 3596 3183 δοθέντων
3633 3128 3774 3198 ἡμῖν

2195 3220 2536 3290 πραγμάτων
2571 3261 2584 3284 ,
2621 3219 2687 3272 τὰ
2738 3219 2857 3289 μὲν,
2897 3219 2955 3270 ὲν
2992 3221 3057 3289 τῇ
3112 3219 3258 3290 ψυχῇ
3285 3259 3300 3283 ,
3341 3218 3407 3272 τὰ
3460 3220 3539 3283 δὲ,
3580 3221 3640 3272 ὲν
3692 3221 3771 3290 τῷ

2197 3308 2458 3380 σώματι,
2513 3309 2583 3361 τὰ
2633 3307 2710 3378 δὲ,
2765 3307 2893 3379 περὶ
2935 3308 2997 3360 τὸ
3040 3308 3197 3378 σῶμα
3251 3309 3585 3378 εὑρίσκεται.
3634 3306 3766 3368 οἷον,

2195 3401 2253 3454 ὲν
2306 3401 2405 3471 μὲν
2458 3403 2524 3472 τῇ
2574 3400 2742 3472 ψυχῇ,
2780 3402 2836 3454 αἱ
2891 3401 3150 3470 δυνάμεις
3207 3402 3382 3471 αὐτῆς
3420 3419 3433 3432 ·
3465 3404 3522 3455 ὲν
3576 3402 3632 3455 δὲ
3688 3401 3764 3471 τῷ

2197 3493 2428 3561 σώματι,
2469 3492 2538 3546 τά
2574 3493 2906 3565 αἰσθητήρια
2944 3495 3037 3547 καὶ
3065 3494 3133 3548 τὰ
3169 3492 3334 3547 λοιπὰ
3362 3495 3497 3564 μέλη
3521 3510 3534 3526 ·
3559 3493 3762 3565 περὶδὲ

2195 3585 2255 3638 τὸ
2304 3584 2502 3656 σῶμα,
2537 3585 2837 3657 βρώματα,
2881 3587 3159 3656 κτήματα,
3221 3586 3313 3640 καὶ
3357 3586 3424 3640 τά
3478 3585 3624 3654 ἑξῆς.
3693 3586 3766 3637 Τὸ

2197 3672 2288 3732 οὖν
2340 3672 2398 3731 εὖ
2457 3677 2664 3742 τούτοις
2717 3678 3088 3750 χρήσασθαιή
3147 3679 3419 3749 κακῶς,ἢ
3481 3681 3591 3741 τοῖς
3641 3680 3768 3748 περὶ

2197 3767 2367 3822 ταῦτα
2425 3767 2846 3838 συμϐεὸηκόσιν,
2883 3769 2915 3838 ἢ
2949 3770 3290 3840 ἐναρέτουςῆ
3322 3770 3561 3840 φαύλους
3623 3771 3768 3841 ἡμᾶς

2197 3859 2509 3932 ἀποφαίνει.

2271 3948 2377 4015 ος·’.
2402 3951 2522 4003 Τῶν
2555 3952 2611 4003 ἐν
2632 3954 2742 4015 τοῖς
2782 3951 3073 4022 πράγμασι
3103 3950 3547 4020 συμσεϐηκότων,
3568 3952 3644 4006 τά
3675 3953 3771 4022 μέν

2196 4024 2303 4096 εἰσι
2329 4041 2434 4096 τῶν
2465 4045 2522 4098 ὲν
2560 4047 2624 4114 τῇ
2656 4044 2800 4115 ψυχῇ
2828 4083 2842 4108 ,
2874 4045 2940 4097 τὰ
2964 4044 3049 4110 δὲ,
3077 4044 3184 4098 τῶν
3214 4046 3270 4096 έν
3301 4043 3378 4114 τῷ
3411 4043 3632 4114 σώματι
3656 4085 3672 4107 ,
3703 4048 3771 4097 τά

2198 4135 2277 4200 δὲ,
2310 4136 2417 4190 τῶν
2450 4136 2580 4205 περὶ
2612 4137 2670 4188 τὸ
2701 4135 2863 4207 σῶμα
2896 4137 3254 4206 πραγμάτων.
3286 4137 3396 4190 Καὶ
3441 4137 3551 4192 τῶν
3585 4139 3685 4208 μὲν
3713 4141 3768 4191 ἐν

2197 4231 2262 4300 τῇ
2291 4227 2458 4300 ψυκῇν
2495 4223 2627 4291 οἷον,
2671 4229 2872 4297 γνῶσις
2928 4229 3022 4282 καὶ
3073 4229 3287 4297 ἄγνοια,
3345 4230 3480 4299 λήθη
3513 4232 3609 4284 καὶ
3637 4232 3764 4300 μνή.

2202 4338 2276 4392 μη
2300 4361 2314 4384 ,
2349 4321 2536 4392 ἀγάπη
2571 4322 2662 4374 καὶ
2697 4324 2876 4392 μῖσος,
2906 4320 3066 4389 φόϐος
3105 4321 3199 4374 καὶ
3225 4320 3424 4392 θάρσος
3450 4359 3466 4385 ,
3499 4321 3646 4391 λύπη
3678 4322 3762 4374 καὶ

529 4412 695 4465 milia.
733 4411 790 4465 ln
824 4428 1056 4481 corpore
1104 4422 1308 4476 autem,
1355 4421 1503 4488 puta
1551 4411 1802 4482 voluptas
1828 4420 1883 4468 et
1915 4413 2091 4478 dolor,

2200 4413 2364 4484 χαρά,
2404 4413 2499 4466 καὶ
2553 4413 2622 4466 τὰ
2680 4413 2807 4482 ἑξῆς
2834 4429 2846 4441 ·
2880 4413 2986 4465 τῶν
3024 4413 3080 4465 δὲ
3133 4416 3190 4466 ὲν
3236 4413 3314 4484 τῷ
3369 4413 3604 4483 σώματι,
3634 4411 3758 4471 οἷον.

528 4520 720 4559 sensus
763 4514 818 4560 et
851 4505 1078 4570 orbitas,
1146 4504 1401 4558 valetudo
1438 4513 1495 4558 et
1527 4503 1827 4574 aegritudo,
1891 4503 2003 4557 vita
2039 4515 2096 4560 et

527 4610 695 4662 mors,
747 4606 803 4651 ct
835 4595 1056 4650 similia.
1092 4595 1252 4651 Circa
1294 4611 1496 4666 corpus
1531 4611 1683 4659 vero,
1719 4593 1888 4648 veluti
1943 4595 2093 4664 larga

527 4688 709 4756 proles
737 4688 966 4758 ejusque
1008 4687 1275 4753 carentia,
1307 4687 1513 4742 divitia:
1541 4696 1595 4741 et
1632 4694 1952 4756 paupertas,
1986 4687 2103 4756 glo—

529 4777 609 4830 ria
658 4785 716 4832 et
769 4777 1090 4848 ignominia,
1157 4793 1222 4831 ac
1257 4776 1527 4848 ejusmodi
1589 4777 1820 4846 reliqua.
1870 4775 2098 4842 Horum,

525 4867 630 4922 alia
679 4867 844 4934 bona,
877 4870 986 4924 alia
1021 4869 1164 4924 mala
1226 4869 1512 4923 hominum
1540 4867 1748 4938 judicio
1803 4867 2096 4933 habentur,

527 4975 652 5016 cum
705 4961 843 5015 nihil
901 4962 958 5016 in
1003 4961 1084 5017 eis
1123 4961 1324 5015 malum
1383 4961 1456 5016 sit
1518 4961 1736 5031 prepria
1795 4959 1971 5030 ipsius
2006 4976 2097 5032 ra-

597 5093 670 5166 (b)
708 5093 786 5163 Τῇ
813 5095 1163 5165 ἐσφαλμένῃ
1200 5095 1322 5150 τῶν
1348 5095 1663 5165 νοημάτων
1700 5095 1932 5164 χρήσει.
1989 5097 2095 5152 Usu

523 5165 643 5220 cum
676 5181 854 5236 errore
874 5167 1174 5236 conjuncta.
1210 5167 1363 5224 Unus
1387 5167 1591 5235 Regius
1647 5166 1863 5236 habuit
1893 5165 2092 5236 κρίσει.

527 5236 633 5292 Sed
660 5244 787 5289 etc.
819 5234 906 5298 82,
936 5234 1028 5290 ubi
1061 5237 1253 5291 eadem
1301 5234 1574 5291 sententia
1620 5244 1725 5298 est,
1780 5234 2096 5303 habentque

563 5305 756 5386 erinde
780 5305 959 5386 edita,
983 5306 1562 5386 xpﬁaeqllegiicodd.
1601 5312 1656 5358 et
1719 5303 1874 5386 Dufr.
1915 5306 2095 5374 κρίσει

524 5323 756 5432 pennae
780 5323 950 5386 curta,
983 5323 1197 5386 χρησει,
1225 5323 1378 5386 itegn
1402 5323 1562 5360 coou.
1601 5323 1656 5358 ei
1719 5323 1874 5357 mur.
1915 5323 2089 5374 κρισει

545 5377 766 5432 labent:
803 5377 904 5430 fuit
935 5376 1093 5431 faetle
1125 5376 1450 5446 antiquariis
1485 5377 1721 5430 alterum
1747 5375 1920 5427 altero
1972 5391 2089 5431 mu-

525 5457 664 5508 tare,
684 5461 808 5500 cum
839 5457 1296 5501 sensusneutrum
1323 5446 1574 5500 videatur
1602 5459 1879 5512 respuere,
1915 5454 1970 5497 et
1993 5460 2093 5497 vo-

525 5532 618 5572 ces
646 5517 726 5570 sic
752 5531 888 5570 sono
910 5515 1102 5569 allines
1134 5515 1248 5570 sint
1292 5515 1514 5585 ipsaque
1562 5513 1883 5585 scriptione.
1929 5513 2099 5585 Magis

528 5595 708 5654 tamen
731 5593 915 5654 putem
945 5585 1231 5654 scripsisse
1292 5581 1507 5654 χρήσει,
1565 5581 1711 5653 quod
1757 5593 1815 5636 et
1872 5581 2094 5636 retinui.

529 5653 684 5706 Unde
706 5667 824 5720 cap.
854 5653 921 5707 78
958 5669 971 5704 :
1007 5653 1099 5724 Μὴ
1127 5653 1391 5724 παραχρῶ
1412 5657 1526 5708 τοῖς
1577 5655 1838 5722 νοήμασιν
1899 5656 2098 5717 ubique

2205 4505 2364 4576 ἡδονὴ
2389 4507 2483 4558 καὶ
2525 4506 2710 4570 πόνος,
2775 4507 3025 4576 αἴσθησις
3045 4507 3136 4558 καὶ
3165 4507 3416 4576 πήρωσις
3440 4545 3456 4568 ,
3494 4507 3650 4574 ὑγεία
3678 4506 3758 4557 καὶ

2202 4597 2376 4662 νόσος,
2436 4597 2548 4668 ζωὴ
2594 4598 2687 4650 καὶ
2743 4597 3116 4664 θάνατος,ξκαὶ
3167 4597 3236 4650 τὰ
3277 4597 3521 4652 τοιαῦτα.
3554 4599 3673 4652 Τῶν
3710 4596 3762 4647 δὲ

2201 4691 2330 4760 περὶ
2355 4689 2415 4742 τὸ
2445 4689 2624 4759 σῶμα,
2665 4683 2795 4752 οἷον,
2833 4688 3084 4742 εὐτεκνία
3113 4690 3207 4742 καὶ
3251 4689 3498 4754 άτεκνια,
3545 4688 3758 4747 πλοῦτνς

2199 4782 2294 4835 καὶ
2362 4780 2544 4842 πενία,
2599 4780 2724 4844 δόξα
2775 4782 2870 4832 καὶ
2915 4780 3138 4846 ἀδοξία,
3171 4782 3265 4834 καὶ
3308 4783 3376 4834 τά
3427 4781 3582 4851 ἑξῆς.
3633 4777 3753 4832 Τού-

2197 4888 2306 4924 των
2335 4871 2424 4932 δὲ,
2459 4871 2529 4922 τὰ
2580 4870 2682 4940 μὲν
2717 4870 2878 4934 καλὰ,
2901 4871 2968 4923 τά
3021 4870 3078 4922 δὲ
3117 4869 3265 4924 κακὰ
3301 4873 3416 4934 τοῖς
3465 4869 3750 4942 ἀνθρώποις

2197 4961 2498 5031 νομίζεται,
2533 4959 2684 5014 οὐδὲν
2727 4960 2907 5014 αὐτῶν
2971 4962 3137 5015 κακὸν
3181 4960 3240 5015 ὃν
3280 4961 3358 5032 τῷ
3425 4962 3541 5032 ίδίῳ
3599 4959 3746 5024 λόγῳ·

2194 5114 2536 5168 componens
2570 5112 2726 5153 usum
2765 5098 2912 5164 usui,
2940 5099 2996 5154 in
3023 5100 3188 5154 animi
3231 5098 3540 5154 rationibus
3601 5103 3647 5168 et
3685 5092 3743 5168 in

2198 5162 2403 5233 rebus;
2438 5170 2766 5239 egregieque
2791 5162 3020 5238 expenit
3043 5179 3239 5225 auctor
3269 5169 3457 5224 Schol.
3513 5185 3574 5223 ex
3609 5162 3740 5219 Duff.

2197 5239 2320 5294 cod.
2381 5239 2435 5292 in
2510 5254 2809 5310 sacrarum,
2851 5239 3172 5310 imaginum,
3239 5239 3346 5310 τῶν
3408 5239 3745 5310 χοιρεικτίὶρυιέν

2198 5310 2494 5379 νοήμασιν’
2529 5309 2732 5378 quibus
2765 5308 3174 5363 abutioétendit
3203 5309 3295 5379 qui
3326 5308 3746 5377 easimpugncnt.

2198 5378 2662 5451 Repraesentanda
2686 5379 2805 5451 _h:ec
2835 5379 3041 5451 scholia
3068 5388 3189 5451 post
3216 5378 3474 5448 quartum
3520 5383 3755 5451 centenav

2200 5447 2368 5509 rium,
2394 5463 2516 5516 quae
2541 5449 2770 5501 alterius
2803 5449 2987 5516 potius
3022 5445 3302 5512 videntur,
3329 5462 3490 5518 quam
3535 5445 3755 5518 Maximi.

2202 5531 2265 5569 ac
2288 5511 2525 5596 ejus'qui
2553 5528 2674 5587 post
2701 5511 3164 5574 lconoclastarum
3190 5511 3377 5574 natam
3425 5514 3660 5570 harresim
3683 5511 3763 5564 vi-

2206 5597 2366 5639 XCl‘ll.
