4128 6210
444 270 580 335 1009

1319 276 1651 337 CAPII‘UM
1693 274 1788 334 DE
1828 265 2255 331 CIIARITATE
2292 264 2678 324 CENTURIA
2718 265 2799 323 II.

3555 260 3689 323 1010

442 385 595 456 παρὰ
623 384 679 438 δὲ
707 385 804 452 τὴν
832 386 1046 458 χρῆσιν,
1074 386 1183 440 εἴτε
1223 389 1370 443 κακὰ
1408 388 1633 459 κυρίως,
1669 388 1778 440 εἴτε
1838 381 2017 452 ἀγαθὰ

2130 375 2306 441 tione;
2342 374 2437 429 sed
2482 390 2653 443 penes
2714 388 2870 427 usum
2927 384 3053 426 vere
3086 378 3182 423 aut
3215 370 3376 431 mala,
3417 378 3512 423 aut
3546 369 3688 423 bona

443 476 776 549 εὑρίσκεται.

514 571 610 636 οἵ·
642 574 796 647 Καλὴ
844 577 877 645 ἡ
930 577 1131 645 γνῶσις
1176 581 1245 649 τῇ
1308 578 1511 646 φύσει·
1571 576 1777 647 ὁμοίως
1826 575 1881 626 δὲ
1925 577 2019 626 καὶ

444 664 605 735 ὑγεία
629 684 642 698 ο
669 667 806 722 ἀλλὰ
838 671 1100 724 τάναντία
1120 672 1248 734 τοὺς
1268 671 1495 734 πολλοὺς
1518 672 1661 741 ἥπερ
1682 670 1854 722 ταῦτα
1876 666 2020 736 ὢνη-

448 774 558 810 σεν.
602 758 727 821 Τοῖς
779 761 885 832 γὰρ
924 761 1149 830 φαύλοις
1215 764 1315 816 οὐκ
1376 763 1457 826 είς
1526 762 1690 816 καλὸν
1730 762 1761 829 ἡ
1811 759 2022 826 ’γνῶσις

451 850 756 919 συμϐαίνει,
787 853 837 904 εί
870 854 963 906 καὶ
988 858 1054 925 τῇ
1091 855 1271 924 φύσει,
1302 855 1377 918 ὠς
1403 855 1654 925 εἴρηται,
1688 853 1805 905 ἐστὶ
1839 851 1977 922 καλή
2004 868 2016 881 ·

449 940 646 1006 ὁμοίως
664 941 719 995 δὲ
736 943 855 996 οὐδὲ
874 946 1048 1012 ὑγεία,
1075 946 1194 999 οὐδὲ
1217 946 1465 1010 πλοῦτος,
1489 945 1609 999 οὐδὲ
1625 945 1787 1015 χαρά.
1814 944 1887 996 Οὐ
1913 943 2019 1014 γάρ

453 1032 835 1102 συμφερόντως
856 1034 1066 1099 τούτοις
1098 1036 1414 1107 κέχρηνται.
1445 1038 1590 1109 ’Δρα
1627 1032 1722 1090 οὖν
1754 1034 2017 1088 τάναντία

451 1122 660 1184 τούτοις
689 1125 978 1195 συμφέρει.
1018 1126 1226 1188 Οὐκοῦν
1258 1127 1379 1181 οὐδὲ
1413 1129 1599 1182 ὲκείνα
1634 1127 1783 1181 κακὰ
1805 1128 1880 1197 τῷ
1908 1126 2021 1197 ίόίῳ

450 1213 591 1283 λῦγῳ
623 1216 900 1285 τυγχάνει,
933 1219 981 1269 εί
1012 1219 1105 1272 καὶ
1132 1219 1280 1272 δοκεῖ
1305 1219 1450 1273 κακὰ
1479 1217 1641 1274 εἶναι.

521 1384 622 1457 οη’.
650 1389 740 1459 Μὴ
768 1389 1041 1475 παραχρῶ
1077 1392 1190 1453 τοῖς
1224 1391 1488 1461 νοήμασιν
1517 1389 1650 1461 (19),
1690 1391 1777 1443 ἵνα
1831 1390 1903 1459 μὴ
1964 1389 2023 1452 ἐξ

455 1478 702 1549 ἀνάγκης
756 1481 993 1544 καὶτοῖς
1042 1482 1327 1551 πράγμασι
1378 1483 1730 1553 παραχρήσῃ.
1764 1481 1886 1535 Ἐὰν
1916 1482 2022 1551 γάρ

456 1570 645 1639 μήτις
713 1570 928 1641 πρῶτον
989 1570 1129 1625 κατά
1185 1571 1422 1626 διάνοιαν
1478 1572 1908 1642 ἀμαρτάνῃ,ούκ
1956 1571 2022 1626 ἂν

455 1658 677 1730 ἁμάρτῃ
711 1660 840 1712 ποτὲ
872 1663 990 1713 κατ’
1017 1662 1320 1732 ἐνέργειαν.

2122 467 2555 535 comperiantur.

2195 559 2281 611 77.
2324 558 2472 611 Bona
2532 565 2618 611 est
2664 565 2860 609 natura
2919 552 3190 619 scientia;
3251 550 3508 607 similiter
3562 566 3696 606 vero

2122 650 2289 703 etiam
2346 650 2553 704 sanitas
2593 666 2606 702 :
2645 650 2831 703 multis
2894 656 3075 702 tamen
3127 646 3301 716 magis
3366 645 3698 715 profuerunt

2125 741 2323 795 horum
2364 741 2662 796 contraria.
2715 740 2869 795 Malis
2900 740 3046 793 enim
3084 753 3149 792 ac
3177 737 3466 810 improbis,
3495 752 3603 791 non
3640 736 3693 789 in

2124 833 2331 887 bonum
2358 833 2506 887 cedit
2540 832 2801 898 scientia;
2834 830 3049 885 tametsi
3087 830 3200 894 illa,
3247 836 3308 882 ut
3332 828 3538 882 dictum
3589 834 3694 889 est,

2123 935 2320 979 natura
2352 926 2424 981 sit
2456 926 2631 990 bona;
2666 925 2892 994 parique
2929 923 3140 977 ratione
3165 935 3270 976 nec
3294 921 3574 985 valetudo,
3596 935 3700 973 nec

2126 1016 2351 1079 divitiae.
2380 1030 2561 1086 neque
2608 1016 2887 1086 gaudium.
2922 1014 3042 1069 Non
3093 1013 3241 1068 enim
3297 1012 3385 1067 bis
3446 1020 3697 1073 utuntur,

2128 1116 2189 1162 ut
2221 1107 2331 1161 illis
2362 1116 2446 1163 est
2480 1108 2634 1163 utile.
2682 1107 2853 1178 Igitur
2885 1106 3205 1162 conducunt
3244 1105 3440 1159 horum
3477 1112 3698 1158 contra-

2127 1199 2228 1252 ria.
2267 1198 2410 1268 Ergo
2435 1213 2538 1253 nec
2572 1200 2663 1252 illa
2697 1200 2837 1252 mala
2871 1206 3000 1252 sunt
3063 1198 3299 1267 propria
3331 1197 3577 1266 ipsorum
3614 1211 3700 1247 ra-

2127 1292 2298 1353 tione,
2329 1291 2431 1345 etsi
2465 1291 2723 1346 videntur
2755 1306 2874 1346 esse
2909 1291 3069 1344 mala.

2201 1382 2287 1436 78.
2326 1381 2468 1437 Cave
2507 1382 2752 1437 abutaris
2802 1380 3231 1452 cogitationibus
3266 1379 3545 1449 animique
3576 1393 3700 1432 sen-

2126 1474 2206 1528 sis
2234 1515 2248 1536 ,
2312 1490 2381 1529 ne
2444 1483 2500 1531 et
2529 1464 2694 1530 rebus
2751 1475 3062 1530 necessario
3096 1474 3359 1529 abutaris.
3402 1472 3515 1527 Nisi
3551 1472 3698 1525 enim

2126 1566 2252 1635 quis
2276 1567 2432 1635 prius
2466 1576 2649 1623 mente
2680 1576 2890 1637 peccet,
2927 1582 3207 1637 nunquam
3235 1566 3354 1637 ipso
3384 1575 3507 1621 actu
3535 1573 3719 1634 atque

2126 1671 2293 1725 opere
2325 1658 2652 1724 peccaverit.

523 1752 820 1809 06'.Eix€ov
868 1753 961 1807 τοῦ
1004 1754 1190 1824 χοϊκοῦ
1252 1757 1309 1808 αἱ
1355 1754 1567 1822 γενικαὶ
1606 1755 1793 1810 κακίαι
1851 1755 2025 1826 ύπάρ-

2196 1749 2283 1802 79.
2327 1749 2555 1803 Terrcni
2594 1752 2773 1820 imago
2825 1759 2955 1805 sunt
2988 1752 3263 1821 generalia
3311 1751 3477 1805 vitia:
3515 1749 3699 1804 stulti-

406 1874 411 1881 ι
453 1865 639 1917 χουσιν
669 1865 683 1879 ο
729 1844 862 1914 οἷον,
913 1850 1212 1921 ἀφροσύνη,
1245 1850 1437 1913 δειλία,
1495 1849 1780 1914 ἀκολασία,
1819 1848 2019 1903 ἀδικία.

461 1939 641 1994 Εὲκὼν
672 1941 728 1994 δὲ
748 1942 842 1995 τοῦ
867 1943 1211 2012 ἐπουρανίου,
1253 1944 1307 1995 αἱ
1349 1942 1565 2010 γενικαὶ
1607 1941 1797 2011 ἀρεταὶ
1825 1980 1839 2005 ,
1872 1936 1985 1993 οἷον
2007 1982 2021 2007 ,

456 2032 741 2101 ςρόνησις,
806 2035 1048 2107 ἀνδρεία,
1081 2035 1427 2107 σωφροσύνη,
1460 2034 1800 2105 δικαιοσύνη.
1838 2032 2025 2087 Ἀλλά

456 2124 647 2190 καθὼς
668 2126 1040 2194 ἐφορέσαιιεν
1058 2126 1174 2195 τὴν
1195 2129 1397 2181 εἰκόνα
1427 2126 1533 2181 τοῦ
1567 2126 1776 2195 χοϊκοῦ
1803 2165 1818 2188 ,
1851 2123 2023 2193 φορέ-
2060 2190 2073 2203 .

456 2231 657 2283 σωμεν
680 2216 777 2270 καί
819 2216 935 2284 τὴν
959 2220 1165 2272 εἰκόνα
1194 2218 1300 2272 τοῦ
1334 2218 1721 2285 ἐπουρανίου.

526 2306 597 2361 π’.
641 2310 702 2362 Ei
731 2308 904 2372 θέλεις
934 2310 1117 2381 εύρεῖν
1151 2311 1249 2381 τὴν
1280 2310 1398 2363 ὁδὸν
1446 2310 1543 2379 τὴν
1580 2309 1908 2377 ἀπάγουσαν
1945 2311 2024 2372 είς

454 2402 550 2470 τὴν
582 2400 745 2472 ζωὴν,
780 2403 838 2454 ἐν
871 2405 937 2473 τῇ
962 2401 1064 2471 ὁδῷ
1085 2402 1253 2472 αὐτὴν
1303 2403 1475 2471 ζήτει,
1508 2404 1670 2457 κάκεῖ
1702 2402 1873 2473 αὐτὴν
1926 2402 2021 2454 evb-

459 2495 683 2564 ρίσκεις,
717 2498 781 2565 τῇ
810 2495 1036 2567 είπούσῃ
1067 2511 1082 2527 ο
1127 2494 1269 2565 Ἐγώ
1291 2497 1405 2565 ειμι
1432 2498 1470 2563 ἠ
1512 2495 1670 2560 ὁδὸς,
1706 2495 1802 2548 καὶ
1834 2497 1870 2563 ἡ
1891 2492 2006 2560 (wh

414 2636 417 2641 λ
456 2584 609 2652 καὶὴ
649 2585 917 2651 ἀλήθεια.
950 2587 1097 2657 Πλὴν
1136 2587 1343 2657 σφόδρα
1394 2586 1650 2656 ὲμπόνως
1691 2586 1865 2656 ζήτει,
1889 2586 2023 2638 διότι

457 2677 649 2745 ὀλίγοι
686 2678 848 2731 εἰσιν
894 2681 947 2731 οἱ
997 2678 1385 2746 εὑρίσκοντες
1422 2678 1617 2745 αὑτήν
1639 2694 1652 2709 ο
1684 2677 1781 2731 καὶ
1834 2679 2025 2749 μήπως

455 2766 564 2819 τῶν
625 2766 820 2835 ὀλίγων
876 2767 1247 2837 ἀπολειφθεὶς,
1306 2768 1443 2837 μετὰ
1501 2768 1610 2822 τῶν
1682 2768 1892 2821 πολλῶν
1939 2770 2027 2821 εύ-

466 2857 696 2929 ρεθήσῃ.

528 2955 635 3001 πα’.
656 2947 755 3002 Διά
782 2949 848 3003 τὰ
862 2950 1019 3004 πέντε
1042 2950 1212 3005 ταῦτα
1242 2954 1273 3023 ἡ
1298 2951 1441 3023 ψυχὴ
1463 2953 1567 3005 ἀπὸ
1594 2953 1876 3023 ἁμαρτιῶν
1897 2953 2026 3006 ἀνα·

462 3039 722 3095 κόπτεται
757 3057 769 3069 ·

2128 1838 2223 1901 tia,
2253 1838 2489 1907 ignavia,
2552 1839 2994 1908 intemperantia,
3036 1841 3325 1912 injustitia.
3381 1841 3563 1911 Imago
3597 1857 3693 1895 au-

2128 1938 2235 1984 tem
2277 1932 2536 1993 ccelestis,
2594 1934 2910 2001 prudentia,
2970 1933 3258 1998 fortitudo,
3311 1932 3698 2003 temperantia,

2124 2022 2334 2090 justitia
2380 2040 2392 2074 :
2436 2023 2627 2077 Verum
2651 2027 2787 2077 sicut
2819 2027 3144 2095 portavimus
3174 2026 3459 2096 imaginem
3483 2025 3697 2090 terreni,

2128 2123 2391 2181 portemus
2422 2124 2470 2167 et
2499 2117 2782 2187 imaginem
2819 2117 3036 2171 cwlestis
3060 2119 3200 2172 ""9.

2192 2312 2278 2366 80.
2321 2312 2376 2367 Si
2425 2314 2510 2368 vis
2546 2314 2795 2369 invenire
2848 2314 3017 2377 viam,
3069 2329 3191 2382 quae
3223 2313 3376 2367 ducit
3409 2312 3476 2367 ad
3511 2312 3700 2375 vitam,

2126 2416 2253 2457 eam
2274 2404 2327 2457 in
2364 2404 2451 2458 via
2486 2418 2690 2473 quaere,
2722 2403 2917 2472 ibique
2951 2418 3070 2457 eam
3105 2402 3384 2467 invenies;
3413 2416 3609 2471 nempe
3646 2401 3703 2455 in

2127 2494 2235 2557 via,
2268 2511 2391 2564 qua:
2438 2495 2533 2559 ait,
2574 2494 2685 2565 Ego
2735 2511 2852 2549 sum
2904 2496 3011 2557 via,
3061 2504 3108 2547 et
3142 2495 3249 2547 vita
3304 2500 3354 2546 et
3408 2493 3599 2546 veritas
3635 2492 3700 2545 ⁸ο.

2126 2584 2319 2650 Qurere
2377 2599 2510 2640 vero
2541 2593 2786 2648 strenue,
2839 2583 3226 2652 indefessoque
3267 2582 3453 2637 labore
3487 2590 3543 2637 et
3589 2580 3702 2636 aeri

2129 2676 2417 2741 industria,
2476 2692 2545 2731 eo
2600 2675 2744 2745 quod
2784 2675 2938 2745 pauci
2992 2684 3133 2738 sunt,
3188 2676 3277 2744 qui
3335 2672 3704 2727 inveniuntu-

2130 2766 2239 2819 lam
2274 2768 2347 2831 ⁶¹;
2388 2782 2456 2821 ne
2502 2766 2644 2821 forte
2694 2780 2996 2835 paucorum
3040 2765 3257 2819 illorum
3292 2763 3549 2817 exclusus
3592 2777 3701 2815 nu-

2131 2874 2302 2922 mero,
2335 2874 2459 2914 cum
2497 2859 2685 2913 multis
2714 2858 3035 2913 inveniaris.

2204 2951 2291 3005 8!.
2333 2950 2589 3020 Quinque
2624 2953 2728 3006 ista
2760 2959 2910 3015 sunt,
2940 2950 3012 3004 ob
3043 2965 3165 3019 qua:
3194 2949 3410 3003 animus
3444 2964 3474 3002 a
3508 2961 3702 3017 pecca-

806 3042 838 3113 ἢ
869 3042 959 3095 διὰ
988 3043 1079 3095 τὸν
1100 3042 1261 3110 φόϐον
1291 3042 1396 3097 τῶν
1417 3042 1738 3113 ἀνθρώπων,
1772 3045 1804 3113 ἢ
1827 3042 1915 3095 διὰ
1937 3043 2026 3096 τὸν

2132 3042 2202 3097 tis
2241 3042 2612 3108 absterretur;
2647 3050 2741 3097 aut
2804 3057 3002 3110 nempe
3068 3042 3309 3094 humano
3364 3040 3580 3103 timore,
3611 3044 3707 3091 aut

459 3131 620 3197 φόϐον
648 3133 745 3201 τῆς
773 3134 1025 3204 κρίσεως,
1060 3134 1092 3205 ἦ
1125 3134 1211 3187 διὰ
1231 3134 1326 3206 τὴν
1363 3135 1664 3204 μέλλουσαν
1697 3134 2020 3205 μισθαποδο-

2130 3132 2314 3210 iudicii
2358 3142 2543 3198 metu,
2596 3144 2691 3188 aut
2718 3148 2813 3204 spe
2862 3134 3063 3189 futuraa
3113 3132 3407 3196 mercedis,
3454 3140 3547 3186 aut
3607 3130 3701 3185 Dei

461 3222 600 3288 σὶαν,
629 3222 661 3294 ἢ
694 3223 781 3277 διὰ
801 3224 898 3294 τὴν
928 3225 1150 3295 ἀγάπην
1171 3224 1267 3279 τοῦ
1297 3225 1457 3292 Θεοῦ,
1513 3227 1546 3297 ἢ
1589 3226 1897 3281 τελευταῖον
1935 3226 2023 3280 διὰ

2130 3225 2417 3292 charitate,
2439 3236 2535 3280 aut
2561 3234 2841 3296 postremo
2870 3226 3045 3297 ipsius
3076 3226 3428 3281 conscientiw
3451 3224 3702 3278 verbere.

462 3311 764 3382 συνείδησιν
787 3315 1114 3369 τύπτουσαν.

530 3402 638 3475 πβ’.
674 3406 832 3470 Τινές
867 3426 1050 3477 φασιν,
1083 3410 1167 3462 ὅτι
1203 3410 1301 3462 ούκ
1332 3408 1399 3462 ἂν
1422 3403 1490 3479 ἦν
1512 3408 1573 3462 τὸ
1604 3409 1774 3463 κακὸν
1814 3412 1872 3464 ἐν
1914 3412 2026 3474 τοῖς

459 3490 628 3559 ὦσιν,
658 3498 706 3548 εί
745 3500 874 3567 μήτι
895 3498 940 3550 δ’
971 3498 1034 3551 ἂν
1065 3499 1227 3568 ἑτέρα
1255 3516 1341 3562 τις
1368 3494 1436 3570 ἦν
1468 3500 1719 3571 δύναμις,
1752 3503 1785 3571 ἡ
1836 3501 2029 3555 ἀνθέλ-

464 3603 630 3639 unum
658 3587 804 3657 ἡμᾶς
835 3590 920 3640 ἐπ’
950 3590 1100 3643 αὐτό.
1134 3590 1287 3656 Αὕτη
1334 3591 1391 3645 δέ
1430 3593 1579 3645 ἐστιν
1616 3593 1769 3646 οὐδὲν
1818 3593 2026 3665 ἕτερον,

464 3677 495 3745 ἢ
535 3678 707 3746 ήτῶν
764 3680 904 3734 κατὰ
959 3681 1121 3748 φύσιν
1179 3682 1273 3736 τοῦ
1319 3682 1410 3735 νοῦ
1445 3684 1740 3755 ἐνεργειῶν
1773 3685 2027 3756 ἀμέλεια.

464 3768 664 3839 Διόπερ
688 3770 737 3821 οἱ
761 3769 965 3824 τούτων
995 3772 1094 3841 τὴν
1115 3774 1435 3844 ἐπιμέλειαν
1463 3775 1795 3845 ποιούμενοι,
1836 3778 1904 3831 τά
1932 3778 2031 3848 μὲν

467 3858 630 3924 καλὰ,
698 3860 788 3913 ἀεὶ
838 3862 1051 3916 ποιοῦσι
1081 3881 1095 3894 °
1130 3864 1200 3918 τὰ
1222 3865 1280 3921 δὲ
1316 3867 1460 3920 κακά
1495 3866 1757 3939 [Fr."0pa
1809 3870 1861 3921 τί
1916 3873 2031 3924 ἐστι

464 3950 673 4022 maia],
709 3952 979 4009 οὐδέποτε.
1030 3955 1097 4009 Et
1128 3951 1219 4010 οὖν
1251 3957 1426 4020 θέλεις
1454 3958 1550 4012 καὶ
1577 3960 1662 4024 σὺ,
1690 3959 1911 4014 ᾶπωσαι
1936 3962 2033 4033 τὴν

464 4042 745 4109 ἀμέλειαν,
779 4046 871 4099 καὶ
898 4048 1315 4113 συναπελαύνεις
1342 4050 1442 4120 τὴν
1470 4052 1669 4115 κακίαν
1692 4068 1703 4081 ·
1736 4053 1857 4123 ἥτις
1889 4056 2035 4108 ἐστιν

463 4137 495 4202 ἡ
529 4136 839 4208 ὲσφαλμένη
873 4140 1068 4209 χρῆσις
1100 4140 1207 4193 τῶν
1236 4142 1520 4210 νοημάτων
1543 4181 1557 4206 ,
1586 4138 1619 4215 ᾗ
1678 4144 2036 4200 ἐπακολουθεί

464 4228 494 4294 ἡ
531 4226 876 4298 παράχρησις
899 4229 1006 4283 τῶν
1035 4231 1398 4301 πραγμάτων.

536 4314 643 4384 πγ’.
674 4319 827 4371 Κατὰ
855 4320 1015 4389 φύσιν
1046 4322 1162 4374 ἐστὶ
1186 4322 1277 4376 τοῦ
1308 4325 1366 4376 ἐν
1394 4327 1527 4393 ἡμῖν
1560 4326 1778 4395 λογικοῦ
1812 4330 2032 4399 μέρους,

465 4409 525 4460 τό
556 4426 615 4462 τε
642 4411 979 4480 ὑποταγῆναι
1038 4412 1115 4483 τῷ
1162 4412 1291 4485 θείῳ
1349 4415 1491 4487 λόγῳ
1521 4458 1536 4484 ,
1596 4420 1689 4472 καὶ
1738 4420 1793 4472 τὸ
1848 4420 2036 4492 ἄρχειν

467 4499 559 4553 τοῦ
592 4501 651 4554 ὲν
677 4504 810 4573 ἡμῖν
868 4503 1062 4570 ἀλόγου
1122 4504 1345 4577 μέρους.
1378 4507 1528 4580 Αὕτη
1586 4506 1680 4563 οὖν
1711 4512 1744 4581 ἠ
1797 4511 1949 4575 τάξις
1979 4513 2035 4565 ὲν

471 4591 603 4642 πᾶσι
662 4591 1031 4662 φυλαχθήτω,
1094 4595 1188 4647 καὶ⁵
1257 4595 1387 4649 οὔτε
1416 4597 1478 4650 τὸ
1546 4600 1717 4653 κακὸν
1770 4600 1919 4654 ἔσται
1980 4603 2065 4655 ὲν

469 4683 580 4744 τοῖς
640 4677 809 4749 οὖσιν,
873 4683 998 4737 οὔτε
1055 4685 1116 4738 τὸ
1162 4687 1251 4741 ἐπ’
1306 4688 1438 4742 αὐτὸ
1497 4688 1757 4745 ἀνθέλκον
1803 4691 2035 4763 εὑρεθή-

474 4788 646 4825 σεται.

541 4858 644 4914 πδ’.
681 4863 743 4914 Oi
797 4863 895 4932 μὲν
944 4864 1054 4918 τῶν
1113 4866 1410 4937 λογισμῶν,
1467 4871 1631 4925 ἁπλοῖ
1672 4874 1830 4938 εἰσιν,
1881 4875 1931 4927 οί
1985 4874 2042 4929 δὲ

472 4952 737 5008 σύνθετοι.
774 4956 880 5009 Καὶ
901 4956 1063 5010 ἁπλοῖ
1088 4957 1187 5027 μέν
1209 4960 1366 5024 εἰσιν,
1402 4961 1452 5013 οἱ
1482 4960 1715 5026 ἀπαθεῖς
1748 4980 1762 4994 ο
1797 4962 2043 5020 σύνθετοι

475 5148 646 5201 μενοι.
682 5134 899 5188 Τούτων
933 5135 1108 5201 οὕτως
1150 5139 1404 5209 ἐχόντων,
1446 5141 1675 5207 πολλοὺς
1720 5145 1828 5198 τῶν
1856 5147 2044 5201 ἁπλῶν

473 5225 618 5277 ἔστιν
674 5227 800 5279 ίδείν
834 5229 1131 5297 ἑπομένους
1159 5234 1269 5293 τοῖς
1293 5231 1588 5299 συνθέτοις,
1616 5236 1741 5289 ὅταν
1770 5234 2042 5307 ἄρξωνται

475 5320 741 5376 κινεῖσθαι
772 5322 906 5393 πρὸς
951 5324 1013 5376 τὸ
1054 5325 1195 5379 κατὰ
1232 5327 1473 5381 διάνοιαν
1500 5329 1854 5401 ἁμαρτάνειν.
1891 5328 2038 5399 Οἶον,

473 5410 502 5463 ἐ
526 5428 549 5473 ς
609 5412 701 5464 ἐπὶ
753 5413 847 5466 τοῦ
879 5414 1101 5484 χρυσίου
1142 5429 1156 5446 ·
1200 5416 1363 5487 ἀνέϐη
1395 5418 1485 5471 ἐπὶ
1515 5419 1614 5489 τὴν
1650 5421 1869 5492 μνήμην
1898 5426 2042 5487 τινος

474 5500 729 5571 λδγισμδς
786 5504 914 5574 περὶ
962 5506 1185 5577 χρυσίου
1243 5506 1535 5577 ἐμπαθὴς·
1566 5511 1659 5564 καὶ
1716 5511 1943 5584 ὥρμησε
1974 5518 2038 5585 τῇ

2196 3410 2358 3483 423
2395 3411 2484 3467 82.
2524 3411 2666 3468 Sunt
2692 3414 2787 3484 qui
2837 3383 3195 3479 dicantinon
3248 3414 3365 3469 fore
3414 3414 3616 3468 malum
3649 3412 3703 3466 in

2129 3501 2317 3566 rebus,
2350 3501 2458 3556 nisi
2480 3512 2630 3559 esset
2670 3505 2773 3558 alia
2804 3506 3052 3574 quaadam
3102 3507 3185 3561 vis
3225 3506 3507 3561 contrario
3548 3504 3703 3574 quasi

2131 3593 2371 3662 impulsu
2402 3595 2459 3647 in
2494 3595 2627 3650 illud
2664 3596 2907 3651 trahens.
2927 3596 3052 3652 Haec
3085 3612 3218 3651 vero
3252 3598 3389 3651 nihil
3420 3597 3569 3649 aliud
3596 3606 3701 3655 est,

2131 3700 2299 3754 quam
2348 3687 2683 3741 naturalium
2733 3688 2903 3742 animi
2945 3688 3146 3743 virium
3204 3687 3705 3757 Operationumque

2131 3774 2455 3845 neglectus;
2499 3791 2671 3845 quare
2713 3780 2806 3848 qui
2841 3780 3035 3834 harum
3071 3794 3259 3835 curam
3294 3789 3510 3848 gerunt,
3565 3779 3705 3833 bona

2133 3880 2352 3936 semper
2382 3878 2571 3938 agunt,
2597 3871 2738 3924 mala
2769 3886 2922 3937 vero,
2947 3887 3246 3940 nunquam.
3278 3871 3449 3940 Igitur
3480 3880 3534 3924 tu
3567 3886 3705 3939 quo-

2133 3976 2242 4029 que
2293 3961 2337 4016 si
2386 3963 2490 4026 vis,
2534 3964 2678 4033 pelle
2728 3963 3135 4033 negligentiam,
3172 3977 3390 4031 unaque
3420 3961 3611 4015 vitium
3645 3976 3708 4014 ac

2134 4051 2399 4105 malitiam
2450 4054 2746 4123 expulisti;
2784 4053 3029 4108 fallacem
3071 4052 3284 4107 scilicet
3316 4051 3482 4105 animi
3538 4050 3706 4102 ratio-

2136 4158 2267 4197 num
2299 4159 2482 4208 usum,
2528 4144 2616 4199 cui
2661 4144 2845 4199 statim
2891 4159 3075 4198 eomes
3110 4152 3194 4197 est
3227 4143 3341 4212 ipse
3385 4142 3590 4195 abusus
3622 4156 3709 4194 re-

2139 4248 2283 4287 l‘lllll.

2209 4326 2296 4380 85,
2344 4326 2385 4379 Ε
2417 4333 2611 4380 natura
2665 4335 2768 4389 est,
2804 4327 2923 4396 ejus
2973 4325 3027 4378 in
3058 4325 3216 4378 nobis
3242 4324 3433 4393 partis,
3468 4338 3589 4392 qum
3624 4339 3706 4376 ra-

2070 4405 2112 4459 ί)
2142 4418 2292 4471 tione
2318 4417 2514 4480 utitur,
2546 4426 2626 4482 ut,
2658 4425 2712 4471 et
2738 4417 2939 4471 divina:
2988 4417 3254 4472 subdatur
3283 4415 3503 4478 rationi,
3552 4423 3606 4469 et
3633 4414 3709 4469 illi

2134 4509 2278 4579 parti
2311 4508 2566 4578 imperet,
2591 4524 2713 4577 qua:
2737 4508 2792 4562 in
2826 4507 2988 4563 nobis
3008 4505 3241 4561 rationis
3268 4520 3463 4575 expers
3483 4513 3585 4559 est.
3614 4504 3712 4558 llic

2137 4601 2305 4672 igitur
2338 4602 2474 4655 ordo
2531 4602 2585 4655 in
2613 4600 2872 4673 omnibus
2911 4608 3114 4664 teneat,
3154 4613 3219 4653 ac
3267 4613 3447 4666 neque
3506 4596 3708 4649 malum

2137 4692 2244 4745 erit
2273 4691 2328 4745 in
2376 4693 2563 4753 rebus,
2619 4707 2723 4746 nec
2757 4694 3017 4746 occurret
3065 4687 3273 4758 aliquid
3303 4686 3449 4756 quod
3477 4686 3543 4739 ad
3573 4684 3710 4739 illud

2140 4782 2435 4838 adversum
2473 4782 2675 4837 trahat.

2215 4885 2303 4941 84.
2344 4885 2526 4940 Animi
2568 4886 2809 4940 rationes
2843 4899 2907 4940 ac
2944 4881 3325 4954 cogitationes,
3359 4880 3478 4935 alite
3504 4879 3714 4948 simpli-

2143 4990 2233 5032 ces
2263 4986 2410 5038 sunt.
2435 4977 2556 5030 alia:
2575 4974 2910 5045 compositas.
2929 4974 3007 5028 Ac
3027 4972 3304 5041 simplices
3319 4970 3539 5041 quidem
3563 4978 3710 5033 sunt,

2146 5156 2349 5211 dinosa:
2375 5171 2439 5211 ac
2474 5156 2719 5225 passioni
2754 5156 3081 5226 conjunclaa,
3117 5162 3375 5223 tanquam
3395 5169 3458 5207 ex
3486 5151 3717 5207 libidine

2146 5259 2243 5297 seu
2268 5244 2541 5312 passione,
2576 5243 2889 5310 mentisque
2916 5248 3185 5308 conceptu
3223 5240 3556 5308 compositae.
3591 5238 3717 5293 Πιεο

2147 5349 2272 5389 cum
2298 5336 2372 5389 ita
2409 5350 2467 5389 se
2504 5334 2763 5397 habeant,
2808 5331 2999 5386 videre
3030 5338 3115 5385 est
3149 5331 3349 5385 multas
3382 5330 3715 5401 simplicium

2146 5425 2538 5495 cogitationum
2568 5424 2721 5493 sequi
2758 5422 3106 5491 compositas,
3149 5437 3274 5477 cum
3297 5421 3508 5476 moveri
3537 5437 3717 5490 cmpe-

2147 5518 2260 5572 rint
2293 5516 2347 5570 in
2379 5514 2863 5586 peccatum,quod
2894 5515 3043 5569 intus
3075 5514 3259 5569 animo
3290 5514 3521 5584 geritur.
3555 5514 3733 5568 Velut.

547 5684 665 5724 “J9
698 5685 865 5741 lCor.
901 5702 988 5752 xv,
1020 5687 1108 5742 49.
1186 5690 1229 5720 ⁶⁰
1267 5688 1424 5743 Joan.
1456 5706 1510 5744 tv
1543 5729 1559 5757 ,
1596 5690 1648 5746 6.
1728 5692 1767 5723 ⁶¹
1803 5691 1995 5746 Matth.
2029 5708 2123 5759 vn,
2164 5692 2247 5745 Η.
