4128 6210
468 226 599 294 1011

1633 236 1692 295 S.
1736 236 2024 297 MAXIM!
2062 237 2568 301 CONFESSORIS

3603 237 3737 302 1012

465 346 525 401 in
545 360 706 407 auro,
730 344 980 401 ascendit
1011 345 1069 400 in
1103 346 1428 402 memoriam
1461 347 1725 418 alicujus,
1753 349 2048 403 libidinosa

2152 353 2361 423 διανοίᾳ
2390 355 2484 406 ἐπὶ
2520 354 2582 407 τὸ
2625 349 2902 417 κλέπτειν,
2933 352 3029 405 καὶ
3067 351 3362 405 ἀπετέλεσε
3423 353 3564 404 κατά
3613 353 3737 405 νοῦν

463 448 522 493 et
548 453 676 494 cum
710 438 912 493 all‘ectu
963 437 1085 491 auri
1121 439 1404 508 cogitatio,
1441 439 1739 511 animoque
1791 441 2048 497 incitatus

2152 443 2254 513 τὴν
2281 443 2580 514 ἁμαρτίαν.
2623 444 2948 496 Συνείποντο
2981 443 3039 496 δὲ
3063 447 3130 514 τῇ
3161 444 3353 515 μνήμῃ
3370 443 3464 496 τοῦ
3485 446 3737 514 χρυσίου,

463 530 534 585 ad
580 529 896 593 furandum,
936 537 1225 599 peccatum
1256 540 1441 586 mente
1465 534 1886 588 consummavit.
1916 533 2053 587 Auri

462 635 599 676 vero
620 619 940 674 memoriam
981 622 1192 688 pariter
1213 621 1380 674 etiam
1413 623 1752 692 sequebatur
1788 622 2054 678 memoria

465 724 741 765 crumena:
762 717 817 762 et
865 709 1059 764 abbaci
1087 719 1144 764 et
1187 711 1452 777 cubiculi,
1483 727 1546 767 ac
1577 713 1940 782 reliquorum.
1972 712 2048 766 Ac

464 801 689 872 quidem
726 800 850 855 auri
881 803 1148 857 memoria
1186 806 1492 874 composita
1523 813 1665 868 erat,
1696 805 1902 874 quippe
1924 819 2048 873 quae

461 893 752 948 libidinem
807 892 1180 964 all‘ectumque
1219 895 1495 962 habebat;
1544 912 1823 952 crumena:
1857 904 2046 950 autem

461 994 518 1042 et
543 984 701 1040 abaci
730 1000 794 1040 ac
824 985 1186 1054 reliquorum,
1223 987 1478 1058 simplex,
1506 988 1654 1058 quod
1689 988 1758 1042 ad
1792 987 1886 1042 illa
1921 985 2046 1041 ani-

462 1090 590 1130 mus
615 1074 906 1130 libidinem
933 1083 1096 1145 atque
1126 1071 1387 1131 aﬂ‘ectum
1419 1093 1529 1132 non
1563 1077 1820 1133 habebat.
1849 1077 2049 1146 Sicque

463 1166 522 1224 in
553 1167 706 1223 omni
750 1167 858 1222 alia
911 1167 1268 1238 cogitatione,
1314 1185 1375 1225 se
1412 1185 1502 1225 res
1542 1170 1746 1235 habet;
1799 1170 1855 1224 in
1899 1167 2052 1222 inani

462 1260 656 1330 gloria,
704 1259 759 1312 in
785 1273 955 1313 uxore
980 1274 1076 1313 seu
1110 1261 1365 1325 muliere,
1393 1276 1458 1316 ac
1482 1261 1732 1330 reliquis.
1758 1262 1875 1315 Non
1900 1261 2050 1314 enim

463 1366 657 1406 omnes
697 1349 1064 1421 cogitationes
1106 1368 1230 1421 qua:
1285 1353 1639 1409 libidinosam
1695 1363 1860 1424 atque
1913 1354 2052 1409 vitio

460 1443 764 1498 haerentem
795 1454 1104 1512 sequuntur
1120 1431 1531 1514 cogitationem,
1561 1446 1694 1515 ipsa:
1729 1446 1895 1500 etiam
1923 1446 2043 1500 libi-

2151 534 2247 586 καί¹
2285 536 2318 604 ἡ
2352 536 2541 606 μνήμη
2570 535 2665 589 τοῦ
2695 535 3017 606 βαλλαντίου
3047 535 3267 588 καὶτοῦ
3302 537 3598 607 σκευαρίου
3641 537 3741 590 καὶ

2149 624 2244 678 τοῦ
2270 625 2658 679 κουῦουκλείου
2688 626 2780 696 (c),
2807 626 2902 678 καὶ
2932 626 3042 678 τῶν
3080 625 3229 695 ἑξῆς.
3264 626 3426 697 Καὶή
3465 628 3562 703 μὲν
3602 629 3741 697 μιή-

2157 733 2232 787 μη
2264 716 2357 770 τοῦ
2411 717 2661 787 χρυσίου,
2694 713 2763 789 ἦν
2819 715 3074 780 σύνθετος
3098 734 3111 748 ⁸
3143 715 3256 787 εἶχε
3290 717 3398 788 γὰρ
3428 718 3489 771 τὸ
3529 718 3700 782 πάθος
3721 737 3739 752 ο

2151 811 2185 880 ἡ
2213 809 2271 862 δὲ
2328 809 2423 863 τοῦ
2472 809 2792 878 βαλλαντίου
2840 810 2938 862 καὶ
2999 809 3095 863 τοῦ
3140 810 3434 880 σκευαρίου
3483 811 3577 864 καὶ⁵
3630 811 3744 864 τῶν

2154 900 2304 969 ἑξῆς,
2336 901 2504 971 άπλῆ.
2537 902 2613 954 Οὐ
2651 901 2760 974 γάρ
2785 898 2897 971 εἶχε
2948 902 3084 973 πρὸς
3117 902 3258 955 αὑτά
3316 902 3487 966 πάθος
3521 904 3550 956 ό
3589 903 3740 966 νοῦς.

2153 993 2265 1047 Kal
2284 995 2378 1047 ἐπὶ
2407 992 2606 1057 παντὸς
2630 993 2689 1047 δὲ
2713 993 2974 1064 λογισμοῦ
3005 994 3206 1064 ὁμοίως
3232 994 3346 1065 ἔχει
3369 1033 3385 1058 ,
3445 985 3537 1048 ἐπί
3561 1012 3620 1048 τε
3641 1013 3744 1048 κεο

2153 1087 2416 1154 νοδοξίας,
2442 1085 2540 1140 καὶ
2569 1087 2662 1139 ἐπὶ
2689 1087 2973 1155 γυναικὸς,
3002 1088 3100 1140 καὶ
3129 1086 3238 1140 τῶν
3266 1087 3490 1141 λοιπῶν.
3526 1089 3601 1140 Οὐ
3628 1086 3743 1158 γάρ

2154 1177 2357 1240 πάντες
2404 1179 2452 1230 οἱ
2498 1177 2858 1248 συνεπόμενοι
2900 1177 2978 1248 τῷ
3009 1178 3252 1248 ἐμπαθεῖ
3280 1177 3530 1249 λογισμῷ
3588 1177 3744 1246 λογις-

2156 1271 2306 1339 apol,
2332 1270 2427 1323 καὶ
2462 1270 2733 1340 ἐμπαθεῖς
2769 1272 2926 1328 εἰσιν.
2957 1270 3034 1331 ὡς
3059 1270 3343 1335 ἀπέδειξεν
3378 1272 3406 1322 ὁ
3433 1271 3612 1337 λόγος.
3640 1272 3742 1323 Ἐκ

2153 1355 2360 1410 τούτων
2395 1353 2492 1410 οῦν
2517 1356 2797 1426 δυνάμεθα
2817 1357 3045 1424 γνῶναι,
3072 1361 3200 1411 ποῖα
3237 1359 3307 1412 τά
3353 1358 3573 1429 ἐμπαθῆ
3608 1360 3741 1428 νοή‹

2159 1462 2328 1516 ματα,
2358 1445 2455 1498 καὶ
2479 1447 2612 1499 ποτα
2639 1445 2708 1498 τὰ
2735 1445 2902 1501 ἁπλᾶ.

461 1536 671 1591 dinosa:
718 1544 850 1590 sunt
887 1536 1210 1607 haerentque
1233 1539 1393 1604 vitio,
1430 1540 1509 1594 uti
1554 1539 1815 1609 probavit
1839 1540 2042 1594 oratio.
2082 1538 2224 1593 Hinc
2258 1539 2442 1608 itaque
2499 1554 2795 1608 possumus
2849 1539 3180 1610 intelligere,
3213 1555 3464 1610 quaenam
3497 1539 3606 1596 sint
3640 1555 3738 1594 co-

461 1629 756 1702 gitationes
813 1627 1122 1685 libidinosae
1150 1671 1165 1697 ,
1241 1630 1578 1701 aﬂ‘ectuique
1645 1646 1744 1687 seu
1792 1631 2038 1702 passioni
2076 1632 2404 1702 conjuncta),
2443 1646 2508 1686 ac
2563 1647 2816 1702 quaenam
2854 1632 2975 1704 ejus
3038 1631 3181 1687 labis
3211 1631 3484 1686 immunes
3527 1631 3742 1701 simpli~

459 1739 682 1794 ccsque.

531 1816 621 1870 85.
660 1815 800 1870 Sunt
843 1813 938 1884 qui
980 1811 1191 1875 dicant,
1227 1810 1510 1867 daemones
1554 1811 1610 1866 in
1645 1813 1855 1867 somnis
1886 1811 2046 1866 inho-

2221 1808 2326 1866 πε’.
2363 1811 2520 1875 Τινὲς
2547 1811 2647 1882 μέν
2681 1829 2867 1881 φασιν,
2897 1813 2977 1866 δτι
3014 1812 3124 1865 τῶν
3157 1812 3371 1882 μορίων
3409 1811 3504 1865 τοῦ
3548 1813 3714 1884 σῶμα

459 1916 646 1960 nestas
675 1906 924 1976 corporis
975 1913 1165 1974 partes
1198 1904 1541 1973 contingere,
1582 1918 1760 1974 eoque
1799 1912 2048 1959 contactu

2155 1921 2248 1968 τος
2277 1903 2686 1975 καθαπτόμενοι
2710 1906 2757 1958 οἱ
2788 1905 3041 1974 δαίμονες
3066 1905 3209 1958 κατά
3234 1905 3359 1967 τοὺς
3383 1904 3608 1970 ὕπνους,
3651 1924 3745 1960 κι-

459 1997 815 2052 scortationis
862 1996 1124 2051 allectum
1156 2009 1222 2048 ac
1253 1993 1544 2048 libidinem
1591 1994 1742 2050 ciere
1773 2013 1786 2049 :
1827 2004 2048 2064 tumque

2153 1995 2306 2049 νοῦσι
2342 1996 2404 2048 τὸ
2431 1995 2602 2058 πάθος
2629 1995 2730 2064 τῆς
2759 1995 3018 2066 πορνείας
3051 2011 3066 2026 ·
3095 1993 3215 2048 εἶτα
3243 1995 3303 2048 τὸ
3336 1995 3508 2059 πάθος
3554 1999 3743 2051 κινού-

459 2090 799 2147 concitatum
829 2089 1088 2144 allectum
1126 2101 1192 2142 ac
1229 2086 1541 2150 libidinem,
1574 2102 1675 2155 per
1705 2089 2048 2150 memoriam,

2157 2099 2352 2154 μενον,
2383 2083 2650 2155 ἀναφέρει
2682 2085 2782 2156 τὴν
2825 2084 3038 2156 μορφὴν
3086 2084 3188 2155 τῆς
3226 2083 3485 2153 γυναικὸς
3512 2083 3602 2138 διά
3638 2085 3743 2155 τῆς

459 2183 714 2238 mulieris
748 2181 980 2236 formam
1010 2178 1179 2233 menti
1198 2176 1364 2249 424
1381 2177 1626 2246 objiccrc
1659 2193 1725 2232 ac
1755 2187 2048 2242 praesenta-

2157 2175 2382 2245 μνήμης
2403 2176 2498 2228 ἐπὶ
2525 2175 2616 2228 τὸν
2641 2174 2786 2229 νοῦν.
2815 2175 2972 2236 Τινὲς
2991 2175 3066 2237 δὲ,
3099 2176 3181 2228 ὃτι
3240 2175 3318 2244 τῷ
3380 2175 3483 2244 μὲν
3537 2175 3614 2244 νῷ
3679 2177 3741 2228 ὲν

460 2290 542 2331 re.
562 2274 670 2330 Alii
695 2288 850 2339 vero,
885 2270 1148 2327 muliebri
1186 2285 1283 2325 eos
1308 2269 1502 2323 habitu
1541 2285 1604 2324 ac
1631 2272 1841 2340 specie,
1864 2271 2053 2326 animo

459 2381 764 2438 apparere;
791 2363 1156 2435 corporisque
1195 2361 1454 2432 pudenda
1499 2363 1920 2428 contrectando,
1952 2380 2053 2434 ap-

456 2459 692 2531 petitum
717 2473 960 2521 movere,
996 2465 1053 2511 et
1087 2455 1170 2510 sic
1208 2470 1307 2524 per
1330 2454 1509 2509 somni
1530 2455 1777 2524 quietem
1810 2456 2052 2511 illuden-

459 2551 536 2606 tia
569 2550 689 2606 visa
717 2548 1065 2619 contingere.
1092 2546 1202 2602 Alii
1235 2555 1424 2601 autem
1453 2562 1674 2612 rursus,
1695 2548 1972 2618 vigentem
1994 2548 2050 2602 in

457 2643 867 2715 propinquante
899 2640 1150 2696 daemone
1195 2639 1454 2696 allectum
1484 2655 1549 2694 ac
1573 2639 1886 2706 libidinem,
1919 2641 2053 2696 alle-

457 2743 608 2790 ctum
639 2734 1040 2804 libidinemque
1065 2746 1311 2796 movere,
1343 2741 1510 2800 atque
1542 2731 1620 2785 ita
1652 2731 1898 2786 animum
1922 2747 2052 2804 sug-

456 2834 684 2896 gerente
719 2823 986 2879 memoria
1031 2822 1240 2876 formas
1264 2821 1667 2887 conferentem,
1703 2822 2052 2893 cogitationi-

459 2916 565 2971 bus
590 2915 916 2970 accendere.
953 2913 1225 2970 Similiter
1242 2928 1463 2983 quoque
1489 2913 1544 2968 in
1570 2913 1696 2969 aliis
1733 2914 2051 2971 libidinosis

456 3007 706 3078 vitioque
735 3007 1076 3064 haerentibus
1105 3007 1262 3071 visis,
1289 3022 1412 3076 quae
1430 3007 1525 3061 alii
1548 3007 1651 3071 sic,
1683 3007 1774 3062 alii
1802 3008 1941 3063 alias
1964 3009 2051 3063 di-

425 3141 430 3147 .
455 3103 593 3150 cunt
618 3095 961 3166 contingere.
987 3093 1262 3149 Caeterum
1300 3094 1356 3148 in
1379 3094 1552 3161 nullo,
1574 3110 1642 3148 ex
1663 3095 1850 3161 dictis,
1882 3097 2048 3152 modo

2155 2267 2396 2335 σχήματι
2447 2265 2708 2333 γυναικὸς
2739 2265 3180 2335 παραφαίνονται
3215 2281 3228 2293 ·
3259 2262 3370 2316 τῶν
3409 2280 3469 2316 τε
3529 2266 3741 2334 μορίων

2152 2357 2249 2411 τοῦ
2281 2357 2537 2428 σώματος
2569 2357 2999 2427 καθαπτόμενοι,
3029 2357 3128 2427 τὴν
3165 2355 3344 2425 ὄρεξιν
3375 2355 3609 2419 κινοῦσι,
3639 2360 3740 2410 καὶ

2153 2447 2297 2501 οὓτω
2329 2448 2572 2516 γίνονται
2624 2449 2681 2502 αἱ
2732 2449 3050 2518 φαντασίαι.
3086 2448 3303 2518 Ἕτεροι
3343 2447 3401 2500 δὲ
3431 2447 3614 2513 πάλιν,
3649 2449 3736 2501 ὅτι

2149 2540 2211 2594 τὸ
2240 2539 2411 2604 πάθος
2437 2541 2500 2594 τὸ
2518 2540 2851 2612 ἐπικρατοῦν
2871 2542 2930 2594 ὲν
2956 2539 3034 2611 τῷ
3085 2539 3440 2610 πλησιάζοντι
3463 2539 3686 2610 δαίμονι
3714 2581 3728 2604 ,

2150 2634 2294 2686 κινεῖ
2313 2633 2374 2688 τὸ
2418 2633 2590 2697 πάθος
2621 2649 2636 2664 θ
2673 2632 2770 2686 καὶ
2827 2632 3002 2696 οὕτως
3051 2632 3350 2686 ἀνάπτεται
3399 2631 3539 2699 πρὸς
3585 2631 3742 2701 λογι-

2153 2725 2330 2796 σμοὺς
2357 2727 2392 2796 ἡ
2419 2725 2591 2798 ψυχὴ,
2617 2725 2965 2796 ἀναφέρουσα
2993 2723 3092 2788 τὰς
3120 2723 3338 2796 μορφάς
3355 2723 3446 2777 διὰ
3465 2724 3565 2794 τῆς
3600 2727 3744 2795 μνή-

2155 2833 2284 2887 μης.
2323 2816 2434 2871 Καὶ
2477 2817 2573 2870 ἐπὶ
2629 2815 2739 2870 τῶν
2776 2816 2952 2871 ἀλλων
2992 2815 3048 2868 δὲ
3105 2814 3368 2885 ὲμπαθῶν
3426 2815 3743 2884 φαντασιῶν

2149 2909 2350 2981 ὁμοίως
2380 2949 2396 2973 ,
2433 2909 2500 2962 οἱ
2567 2909 2666 2980 μὲν
2715 2907 2912 2972 οὕτως,
2969 2909 3020 2961 οἱ
3065 2907 3121 2961 δὲ
3169 2906 3343 2971 οὕτως
3415 2907 3740 2977 συμϐαίνειν

2151 2999 2306 3069 φασί.
2340 2999 2487 3071 Πλὴν
2516 3001 2574 3053 ὲν
2600 3001 2777 3054 οὐδενὶ
2805 3001 2912 3054 τῶν
2952 2999 3260 3072 εἰρημένων
3315 2999 3530 3070 τρόπων
3580 2998 3738 3069 ἰσχῦ-

2150 3109 2272 3146 ουσι
2296 3091 2470 3156 πάθος
2490 3092 2550 3146 τὸ
2571 3095 2884 3164 οἱονδὴποτε
2912 3093 3130 3163 κινῆσαι
3159 3094 3208 3145 οἱ
3229 3092 3502 3163 δαίμονες,
3521 3091 3703 3161 παρού
3718 3123 3736 3132 -

459 3197 692 3258 possunt
720 3187 999 3243 daemones
1029 3187 1196 3242 ullam
1227 3187 1518 3241 libidinem
1543 3187 1915 3258 all‘ectumque
1949 3205 2048 3244 seu

2157 3202 2257 3256 σης
2291 3190 2357 3258 τῇ
2391 3188 2537 3258 ψυχῇ
2566 3185 2792 3255 ἀγάπης
2822 3183 2919 3238 καὶ
2965 3183 3312 3255 ἐγκρατείας,
3343 3182 3467 3236 οὔτε
3498 3185 3737 3255 ἐγρηγοο

457 3279 936 3350 perturbationem
960 3294 1204 3343 movere,
1229 3277 1532 3333 dummodo
1566 3279 1808 3334 charitas
1829 3289 1888 3334 et
1917 3295 2052 3334 con-

458 3372 692 3428 tinentia
724 3380 925 3442 praesto
970 3370 1101 3436 sint,
1138 3372 1254 3426 sive
1304 3370 1558 3442 pervigili
1610 3386 1866 3442 corpore,
1929 3371 2046 3427 sive

459 3464 553 3518 illo
573 3479 769 3520 somno
787 3471 1037 3534 gravato.

529 3556 618 3612 86.
659 3556 1044 3611 Mandatorum
1105 3557 1279 3628 legis,
1327 3556 1437 3611 alia
1494 3565 1552 3612 et
1597 3555 1962 3627 corporaliter
1987 3564 2046 3611 et

458 3647 784 3716 spiritaliter
801 3664 1086 3703 servemus
1115 3663 1344 3704 necesse
1382 3657 1488 3713 est,
1521 3649 1629 3704 alia
1657 3649 1836 3704 solum
1871 3648 2044 3719 spiri-

459 3739 664 3793 taliter.
689 3739 853 3793 Verbi
882 3741 1076 3810 gratia,
1100 3740 1250 3810 quod
1279 3740 1354 3794 ita
1375 3740 1588 3794 dictum
1621 3749 1713 3795 est
1738 3757 1753 3794 :
1779 3739 1898 3795 Non
1923 3757 2046 3794 mae-

459 3829 719 3884 chaberis.
767 3829 884 3884 Non
923 3831 1143 3884 occides.
1174 3830 1292 3885 Non
1328 3831 1529 3900 furtum
1561 3831 1804 3900 facies",
1853 3841 1910 3886 et
1957 3831 2046 3886 his

461 3921 664 3976 similia
694 3963 709 3987 ,
753 3931 810 3977 et
857 3923 1222 3992 corporaliter
1274 3932 1332 3978 et
1390 3923 1718 3993 spiritaliter
1772 3923 2045 3979 servanda

461 4020 594 4069 sunt
625 4031 641 4070 :
673 4028 737 4068 ac
765 4028 898 4068 vero
925 4013 1251 4084 spiritaliter
1299 4014 1504 4084 triplici
1530 4016 1764 4070 ratione.
1796 4015 2049 4071 Circum-

459 4105 568 4161 cidi
594 4115 800 4174 autem,
854 4107 1151 4162 observans
1182 4107 1488 4163 Sabbatum
1515 4109 1583 4173 ⁸³,
1616 4125 1816 4179 agnum
1853 4111 2049 4163 immo-

461 4197 576 4252 lare
605 4207 662 4253 et
692 4199 984 4254 comedere
1015 4214 1204 4269 azyma
1230 4215 1356 4255 cum
1389 4200 1619 4255 lactucis
1640 4201 1954 4271 agrestibus
1979 4203 2045 4267 °‘,

462 4300 521 4346 et
548 4291 634 4347 his
666 4293 888 4356 similia,
915 4291 1265 4346 solummodo
1292 4291 1637 4361 spiritaliter.

533 4446 577 4475 "
610 4444 782 4499 Exod.
816 4461 905 4509 xx,
937 4446 1001 4500 15
1035 4444 1129 4506 15ς
1164 4443 1356 4498 Matth.
1396 4460 1450 4510 v,
1482 4443 1552 4498 27
1581 4459 1736 4514 seqq.

2155 3285 2314 3356 ρότος
2343 3281 2437 3337 τοῦ
2467 3279 2737 3351 σώματος,
2762 3275 2888 3331 οὔτε
2925 3276 3066 3331 κατὰ
3097 3277 3225 3340 τοὺς
3265 3275 3492 3340 ὕπνους.

2223 3552 2342 3621 σις’.
2369 3552 2449 3607 Τὰ
2474 3551 2572 3623 μὲν
2593 3549 2700 3604 τῶν
2719 3547 2814 3602 τοῦ
2844 3546 3010 3617 νόμου
3047 3543 3275 3598 ἐντολῶν
3295 3541 3391 3596 καὶ
3409 3538 3732 3611 σωματικῶς

2150 3647 2244 3702 καί
2255 3641 2642 3714 πνευματικῶς
2669 3640 2884 3710 ἀνάγκη
2905 3638 3217 3707 φυλάττειν·
3235 3635 3304 3689 τὰ
3323 3634 3400 3696 δὲ,
3424 3650 3554 3686 πνευ
3567 3649 3730 3703 ματι-

2148 3740 2261 3804 κῶς
2279 3739 2458 3811 μόνον.
2478 3731 2604 3790 Οἴον
2617 3733 2698 3802 τὸ,
2724 3735 2806 3788 οὐ
2818 3731 3276 3803 μοιχεύσεις,οὑ
3295 3727 3637 3797 φονεύσεις,
3655 3725 3736 3778 Οὐ

2149 3831 2423 3901 κλέψεις,
2457 3829 2555 3884 καὶ
2588 3828 2658 3881 τὰ
2706 3827 2889 3896 ὅμοια,
2911 3824 3013 3879 καὶ
3059 3821 3387 3894 σωματικῶς
3416 3821 3511 3873 καὶ
3567 3835 3733 3871 πνευ-

2159 3923 2404 3998 ματικῶς
2431 3922 2536 3993 χρὴ
2567 3918 2880 3990 φυλάττειν.
2912 3917 3025 3970 Καὶ
3061 3912 3449 3985 πνευματικῶς
3477 3911 3534 3963 δὲ
3572 3924 3732 3980 τρισ-

2156 4017 2284 4080 σῶς.
2318 4015 2392 4068 Τὸ
2419 4013 2476 4067 δὲ
2505 4010 2929 4082 περιτέμνεσθαι
2976 4007 3072 4061 καὶ
3102 4004 3393 4075 φυλάττειν
3439 4003 3498 4056 τὸ
3526 4000 3734 4055 25:66a-

2150 4124 2264 4171 τον,
2289 4106 2384 4160 καὶ
2438 4103 2641 4173 σφάξαι
2696 4102 2788 4156 τὸν
2844 4101 3018 4172 ἀμνὸν
3066 4099 3161 4154 καὶ
3189 4097 3402 4152 ἕδεσθαι
3430 4095 3620 4165 ἄζυμα
3643 4090 3733 4144 ἐπὶ

2153 4199 2419 4272 πικρίδων
2455 4198 2551 4269 (d),
2584 4197 2680 4250 καὶ
2703 4196 2773 4249 τὰ
2801 4196 2982 4266 ὃμοια,
3017 4190 3407 4264 πνευματικῶς
3445 4189 3628 4260 μόνον.

1813 4444 1858 4477 ⁸³
1889 4444 2024 4500 Gen.
2053 4459 2184 4513 xvn,
2221 4442 2308 4499 10.
2385 4444 2433 4476 ³⁸
2462 4442 2638 4498 Exod.
2676 4457 2770 4510 xn,
2811 4441 2845 4495 5
2871 4456 3026 4513 seqq.

533 4593 604 4666 (c)
637 4598 744 4652 Kal
773 4597 881 4654 τοῦ
907 4600 1234 4669 σκευαρίου
1267 4601 1368 4656 καὶ
1412 4602 1522 4658 τοῦ
1585 4601 2039 4656 κουϐουκλείου.

2152 4614 2412 4663 securum,
2440 4614 2618 4664 κατα,
2651 4598 2808 4669 quasi
2830 4613 2862 4650 α
2902 4613 2959 4652 se
2999 4610 3147 4669 curo,
3209 4592 3391 4663 inquit
3420 4589 3722 4669 Martinius,
3755 4635 3762 4653 .

464 4668 702 4743 Primam
730 4686 945 4734 vocem,
977 4668 1241 4740 quaterat
1273 4672 1550 4743 σκεϐρίου,
1575 4682 1630 4728 et
1657 4673 1714 4743 in
1736 4669 2041 4743 Dufr,_cod.

464 4740 742 4813 σκευρίου,
802 4753 864 4813 ut
919 4750 1216 4806 mutarem,
1268 4740 1522 4799 fecerunt
1579 4742 1834 4813 plerique
1885 4740 2045 4813 Regii

462 4808 626 4883 codd.
655 4808 708 4863 in
738 4811 944 4883 quibus
987 4820 1168 4883 exstat
1197 4827 1304 4866 vox
1375 4808 1665 4883 σκευαρίου
1723 4808 1842 4883 ipsa
1876 4808 2046 4881 probe

461 4878 828 4953 ψιττακοιὶμί
853 4882 1068 4936 Maximi
1096 4882 1201 4937 hoc
1223 4883 1345 4937 loco
1363 4878 1709 4953 propositum
1737 4878 2042 4953 aptissima.

462 4947 746 5023 Aristoph.
779 4951 833 5023 in
861 4953 1043 5017 Pluto,
1081 4954 1335 5005 ’Ἀπαντα
1363 4947 1440 5005 ’δ’
1468 4947 1606 5023 ’ἡμῖν
1629 4947 1918 5022 ἀργυρίου.
1951 4952 2046 5004 καὶ

461 5020 711 5092 χρυσίου,
741 5022 810 5073 τὰ
843 5026 1108 5092 σκευάρια
1135 5023 1317 5092 πλήρη
1351 5023 1467 5074 ἐστί
1490 5020 1726 5077 "Omnia
1775 5020 1921 5076 nobis
1955 5039 2049 5076 va-

461 5089 636 5162 seula,
667 5101 887 5160 argento
914 5101 962 5145 et
1011 5089 1145 5146 auro
1183 5089 1315 5147 sum
1356 5092 1537 5162 plena,
1573 5094 1624 5146 id
1681 5101 1785 5153 est,
1828 5093 2043 5162 nullum

462 5159 609 5234 domi
651 5159 788 5234 vas,
803 5162 948 5234 quod
968 5179 1078 5234 non
1100 5171 1335 5234 argento
1357 5159 1603 5234 auroque
1625 5161 2043 5234 repleverimus.

466 5228 655 5303 Utitur
675 5237 730 5303 et
761 5228 1042 5287 Plutarch.
1078 5251 1090 5286 :
1118 5228 1198 5288 ac'
1222 5235 1386 5303 plane
1409 5228 1834 5286 Maximus—eum
1867 5233 2046 5300 ipsum

463 5301 658 5354 (πηιιὶοἰ
701 5301 882 5355 locum
911 5301 1237 5372 respexerit.
1265 5304 1646 5360 Germanicam
1707 5317 1840 5355 vero
1876 5317 2052 5372 usur-

463 5385 622 5438 passe
644 5385 857 5443 vocem,
883 5370 1043 5443 cujus
1059 5375 1270 5428 nullum
1295 5373 1612 5442 exemplum
1633 5372 1841 5443 exialio
1861 5370 2052 5443 Greco

464 5449 690 5512 auctore
729 5441 917 5496 afferri
954 5441 1164 5512 possit,
1215 5453 1275 5498 ut
1327 5443 1547 5498 credam
1571 5483 1585 5505 ,
1626 5442 1815 5497 nullus
1851 5441 2049 5496 adduci

465 5511 708 5583 possim;
772 5513 947 5581 ipsam
972 5511 1301 5583 "praesertim
1352 5512 1786 5583 incommodam.
1844 5513 2051 5583 Volunt

467 5579 616 5632 enim
644 5579 917 5637 Meursius
947 5579 1013 5637 in'
1032 5599 1136 5638 suo
1157 5582 1408 5638 Graecob.
1438 5590 1496 5636 et
1520 5598 1588 5638 ex
1628 5599 1696 5637 eo
1734 5581 1954 5636 Martin.
1991 5581 2048 5635 in

469 5646 672 5704 Lexico
715 5652 1014 5724 etymolog.
1059 5652 1368 5724 signiﬁcare
1437 5653 1732 5716 horreum,
1785 5652 2042 5717 scabrum,

2155 4669 2295 4739 quod
2323 4669 2393 4740 ibi
2424 4671 2600 4740 fruges
2624 4665 2873 4740 demessa?
2897 4665 3519 4740 reconduntur,_ac_sunt
3564 4665 3620 4717 in
3644 4676 3724 4714 se-

2153 4733 2300 4793 curo.
2336 4733 2435 4794 Δι’
2464 4733 2596 4793 num
2628 4741 2683 4792 in
2739 4739 2942 4793 horreo
2990 4745 3046 4792 et
3102 4734 3389 4804 pecuniae?
3440 4733 3722 4802 ipsumque

2153 4809 2397 4864 medium
2419 4810 2552 4879 quid
2584 4811 2642 4865 in
2671 4823 2782 4878 quo
2817 4817 3130 4868 serventur,
3176 4804 3322 4858 inter
3361 4815 3717 4879 crumenam,

2152 4879 2268 4950 sive
2298 4873 2661 4950 marsupium,
2678 4873 2735 4934 et
2757 4879 3076 4950 cubiculum
3105 4891 3201 4930 seu
3224 4874 3521 4950 conclave?
3544 4873 3712 4940 Nugaa.

2152 4949 2391 5004 Medium
2444 4943 2576 5005 sane
2641 4965 2768 5003 vasa
2817 4949 2944 5012 alia,
3004 4956 3223 5014 totaque
3282 4943 3550 5012 supellex,
3578 4955 3712 5014 arca.

2152 5021 2378 5096 abacus,
2410 5036 2475 5096 ac
2520 5021 2731 5096 reliqua
2761 5020 2923 5096 _ejus_
2950 5012 3167 5096 generis
3211 5014 3434 5096 (Grawis
3463 5012 3710 5096 saeviore!

2155 5084 2439 5164 σκευάρια)
2462 5106 2600 5164 quae
2619 5084 2735 5159 ipsa
2760 5084 3093 5164 ili—cubiculo
3122 5084 3296 5164 posita
3310 5084 3575 5164 "sacculos
3594 5093 3705 5164 cou-

2155 5154 2355 5225 tinent,
2398 5154 2453 5214 in
2483 5154 2691 5228 quibus
2723 5159 2841 5213 auri
2870 5159 2971 5219 vis,
2992 5173 3110 5228 una
3147 5157 3263 5224 ipsa
3308 5154 3415 5207 furi
3464 5154 3700 5228 expetita.

2154 5223 2670 5301 sicquelibidinose
2695 5240 2750 5301 et
2787 5245 2911 5283 cum
2946 5227 3147 5301 affectu
3169 5223 3292 5301 seu
3344 5223 3700 5301 passione}!

2155 5293 2558 5354 hic-subtiliter
2584 5300 2877 5360 maximus,
2907 5297 3162 5366 cogitata.
3186 5295 3301 5348 Vox
3330 5293 3696 5366 κουΰουκλεζονν

2150 5351 2241 5423 vel
2267 5351 2899 5434 ιιίΞιΙίίῖκοὴυδοῦκλιον,
2959 5351 3207 5421 ῐῖοῐηοηει
3255 5371 3361 5428 est,
3413 5378 3480 5415 ex
3530 5355 3696 5434 [_.atin.a

2151 5429 2470 5512 cubiculum,
2495 5438 2803 5512 cujusmodi
2836 5439 3023 5512 plures
3057 5434 3293 5512 mutuati
3335 5429 3696 5512 sunt"

2221 5509 2297 5580 (ά)
2335 5501 2615 5563 Ἕδεσθᾶι
2648 5501 2851 5580 ἇζφσνμᾰ
2872 5507 2970 5560 ἐπὶ
3001 5505 3310 5572 πικρίδων.
3341 5501 3558 5580 βοόάὶιιί
3585 5506 3700 5580 cum

2149 5563 2374 5635 Hieron.
2413 5587 2470 5632 et
2501 5580 2639 5648 Vulg
2689 5563 2936 5643 llebrma,
2971 5563 3452 5648 etqtireprmtime
3491 5585 3551 5625 ex
3599 5563 3703 5648 He-

2148 5648 2353 5705 braicis
2390 5644 2648 5719 expressa
2677 5657 2825 5716 sunt,
2847 5644 3289 5702 amaritudinibus
3319 5644 3518 5698 habent
3557 5656 3570 5692 :
3618 5647 3710 5688 exe
