4066 6188
365 251 501 317 1013

1254 246 1589 305 CAPITUM
1632 244 1729 303 DE
1768 237 2198 301 CIIARITATE
2237 235 2623 296 CENTURIA
2664 236 2743 294 II.

3492 235 3625 299 10H

432 359 541 424 υπς’.
569 360 728 429 Τρεῖς
775 357 913 409 εἰσιν
961 352 1150 423 ἠθικαὶ
1184 352 1549 413 καταστάσεις
1580 348 1938 419 γενικώτεραι

2114 343 2202 397 87.
2236 343 2369 398 Tres
2416 352 2545 397 sunt
2575 341 2980 413 generalissimi
3007 351 3183 399 status
3218 344 3455 399 morales
3481 346 3622 401 inter

359 454 432 522 (e)
467 453 525 504 ἐν
576 452 686 511 τοῖς
739 448 1011 519 μοναχοῖς.
1065 446 1175 497 Καὶ
1228 442 1417 513 πρώτη
1478 442 1600 511 μὲν,
1660 441 1718 493 τὸ
1771 437 1938 509 μηδὲν

362 542 701 614 ἁμαρτάνειν
734 540 855 593 κατ’
890 538 1170 609 ἐνέργειαν
1206 552 1219 565 ·
1246 535 1477 603 δευτέρα
1496 534 1573 593 δὲ,
1606 533 1665 584 τὸ
1721 531 1795 601 μὴ
1845 533 1939 596 ἐγ-

356 636 632 707 χρονίζειν
662 634 719 685 ἐν
756 633 823 701 τῇ
892 630 1039 699 ψυχῇ
1090 627 1215 689 τοὺς
1264 624 1535 695 ἐμπαθεῖς
1598 620 1935 691 λογισμούς·

360 730 521 799 τρίτη
544 728 622 792 δὲ,
650 726 711 778 τὸ
733 724 830 787 τὰς
869 722 1081 793 μορφὰς
1111 719 1220 771 τῶν
1261 715 1554 785 γυναικῶν.
1589 715 1683 766 καὶ
1710 714 1818 765 τῶν
1845 715 1938 764 λυ-

363 822 657 894 πησάντων
685 815 911 879 ἀπαθῶς
942 814 1167 882 θεωρεῖν
1193 810 1334 864 κατά
1363 810 1623 862 διάνοιαν.

431 1019 547 1092 πη’.
587 1020 875 1088 Ἀκτὴμων
914 1014 1061 1067 ἐστὶν
1113 1013 1142 1064 ὁ
1173 1008 1587 1078 ἀποταξάμενος
1640 1007 1775 1059 πᾶσι
1831 1007 1943 1067 τοῖς

365 1114 704 1185 ὑπάρχουσιν
739 1105 889 1175 αὐτῷ
914 1145 928 1168 ,
962 1103 1057 1156 καὶ
1116 1100 1281 1172 μηδὲν
1324 1098 1386 1152 τὸ
1437 1097 1655 1150 σύνολον
1700 1095 1794 1148 ἐπὶ
1840 1094 1944 1163 γῆς

365 1205 702 1275 κεκτημένος
743 1200 882 1267 πλὴν
911 1196 1004 1250 τοῦ
1034 1195 1287 1265 σώματος
1316 1208 1331 1223 ο
1369 1192 1466 1244 καὶ
1496 1193 1597 1259 τὴν
1632 1189 1771 1258 πρὸς
1810 1188 1944 1241 αὐτὸ

360 1296 419 1350 δὲ
479 1295 663 1365 σχέσιν
709 1290 1030 1361 διαρρήξας,
1058 1287 1134 1357 τῷ
1160 1284 1283 1355 Θεῷ
1305 1285 1398 1336 καὶ
1426 1283 1539 1346 τοῖς
1568 1280 1820 1335 εὐσεϐέσι
1846 1279 1945 1349 τὴν

364 1386 557 1443 ἑαυτοῦ
587 1385 1009 1440 κατεπίστευσεν
1032 1378 1365 1449 οἰκονομίαν.

436 1560 546 1615 πθ⁹.
568 1560 688 1613 Τῶν
724 1556 1024 1628 κτωμένων
1071 1555 1122 1606 οἱ
1165 1554 1263 1624 μὲν
1292 1551 1519 1614 ἀπαθῶς
1553 1550 1827 1604 κτῶνται·
1866 1550 1948 1602 διὸ

365 1657 463 1709 καὶ
492 1653 841 1724 στερούμενοι
872 1650 1083 1713 αὑτῶν,
1114 1648 1177 1701 οὑ
1233 1646 1532 1701 λυποῦνται
1559 1658 1573 1674 ⁶
1612 1645 1686 1709 ὡς
1733 1646 1783 1697 ot
1838 1646 1939 1715 τὴν

362 1747 621 1817 ἁρπαγὴν
650 1745 757 1797 τῶν
786 1743 1141 1813 ὑπαρχόντων
1177 1742 1364 1803 αὐτοῖς
1399 1739 1538 1809 μετά
1569 1740 1742 1809 χαρᾶς
1773 1755 1942 1809 προσ-

364 1838 667 1909 δεξάμενοι.
696 1838 759 1889 Ol
790 1836 846 1889 δὲ
880 1834 1143 1905 ἐμπαθῶς
1174 1832 1417 1886 κτῶνται
1444 1846 1460 1861 ’
1486 1830 1621 1884 διότι
1656 1832 1942 1902 μέλλοντες

366 1930 700 2001 στερεῖσθαι,
739 1927 1032 1998 περίλυποι
1092 1926 1337 1995 γίνονται
1378 1942 1390 1956 ·
1421 1924 1497 1986 ὡς
1527 1926 1553 1976 ὁ
1581 1925 1637 1976 ἐν
1668 1922 1743 1993 τῷ
1772 1924 1945 1991 Εὐαγ-

364 2024 531 2094 γελίῳ
546 2022 816 2085 πλούσιος,
850 2018 1087 2087 ἀπῆλθε
1109 2018 1513 2084 λυπούμενος.
1540 2015 1601 2066 Et
1626 2014 1681 2067 δὲ
1699 2014 1794 2067 καὶ
1820 2032 1943 2066 στε-

367 2112 609 2183 ροῦνται,
661 2111 826 2181 μέχρι
878 2108 1111 2162 θανάτου
1163 2106 1475 2160 λυποῦνται.
1505 2104 1612 2158 Τοῦ
1663 2102 1755 2159 οὖν
1806 2106 1947 2158 ἁπα-

364 2202 492 2266 οοῦς
546 2203 638 2255 καὶ
689 2199 782 2254 τοῦ
832 2199 1117 2277 ἐμπαθοῦς
1163 2198 1262 2269 τὴν
1310 2197 1551 2251 διάθεσιν
1638 2199 1670 2267 ἡ
1752 2196 1947 2268 στέρη-

366 2311 453 2357 σις
487 2292 677 2363 ἐλέγχε
686 2309 719 2345 ι.

433 2474 507 2538 Lf.
540 2470 679 2532 Τοὺς
726 2469 826 2537 μὲν
870 2468 1056 2535 άκρως
1130 2467 1601 2537 προσευχομένους
1646 2467 1736 2537 (f)
1788 2468 1946 2520 πολε.

365 2559 561 2633 μοῦσιν
598 2560 647 2613 οἱ
679 2558 953 2627 δαίμονες,
1008 2556 1095 2609 ἴνα
1136 2556 1206 2609 τά
1241 2557 1489 2626 νοήματα
1519 2556 1626 2609 τῶν
1675 2557 1947 2628 αἰσθητῶν

362 2652 707 2724 πραγμάτων
764 2649 896 2719 ψιλά
931 2650 1004 2719 μὴ
1040 2647 1500 2718 ἀναλαμϐάνωσι·
1541 2650 1667 2712 τοὺς
1711 2648 1768 2701 δὲ
1810 2667 1949 2717 γνω-

364 2746 605 2810 στικοὺς,
644 2744 731 2797 ἵνα
767 2742 1156 2812 ἐγχρονίζωσιν
1181 2741 1240 2793 ἐν
1270 2740 1455 2803 αὑτοῖς
1486 2742 1533 2793 οἱ
1564 2740 1835 2811 ἐμπαθεῖς
1864 2742 1949 2794 λο-

360 2837 551 2905 γισμοί
575 2850 589 2863 ⁸
616 2834 741 2897 τοὺς
768 2833 824 2886 δὲ
861 2832 987 2903 περὶ
1019 2833 1118 2902 τὴν
1148 2830 1348 2901 πρᾶξιν
1373 2829 1829 2901 ἀγωνιζομένους,
1863 2831 1951 2884 ἵνα

361 2928 629 2980 πείσωσιν
680 2927 878 2987 αὐτοὺς
910 2924 1032 2977 κατ’
1076 2923 1359 2993 ἐνέργειαν
1388 2922 1723 2993 ἁμαρτάνειν
1744 2940 1757 2953 ο
1789 2924 1949 2976 παντὶ

356 3014 419 3070 δὲ
437 3016 623 3087 τρόπῳ
666 3014 799 3086 πρὸς
821 3014 1030 3077 πάντας
1053 3011 1436 3080 ἀγωνίζονται,
1458 3012 1545 3066 ἵνα
1567 3012 1674 3065 ἀπὸ
1696 3011 1791 3066 τοῦ
1812 3012 1948 3067 Θεοῦ

359 3109 414 3163 οἱ
436 3108 657 3163 δείλαιοι
682 3110 807 3172 τοὺς
840 3105 1163 3178 ἀνθρώπους
1189 3105 1490 3176 χωρίσωσι.

435 3370 544 3434 ιια’.
579 3367 641 3419 Οἱ
690 3364 832 3419 κατά
873 3364 966 3417 τὸν
996 3363 1111 3434 βίον
1149 3362 1338 3417 τοῦτον
1364 3362 1469 3416 ὑπὸ
1500 3363 1598 3431 τῆς
1622 3362 1772 3426 θείας
1815 3380 1946 3433 προ-

361 3457 514 3520 νοίας
545 3460 624 3520 είς
654 3457 938 3510 εὐσέϐειαν
988 3454 1480 3525 ἐγγυμναζόμενοι,
1510 3454 1599 3507 διά
1638 3455 1747 3508 τῶν
1777 3455 1945 3525 τριῶν

360 3548 568 3602 τούτων
590 3549 910 3621 πειρασμῶν
938 3545 1350 3617 δοκιμάζονται·
1381 3541 1511 3610 οἷον,
1546 3546 1578 3616 ἢ
1611 3546 1699 3600 διὰ
1717 3548 1814 3615 τῆς
1837 3547 1944 3600 τῶν

361 3639 532 3711 ἡδέων
562 3640 783 3704 δόσεως,
814 3640 890 3703 ὡς
920 3639 1012 3692 ἐπὶ
1042 3637 1231 3705 ὑγείας
1264 3637 1357 3690 καὶ
1397 3637 1627 3699 κάλλους
1658 3638 1752 3691 καὶ
1798 3638 1947 3690 εὐτε-

433 3776 479 3809 ⁸⁸
517 3774 684 3830 Hebr.
717 3789 771 3839 χ,
804 3773 891 3827 54.
968 3772 1013 3803 ⁸⁸
1046 3770 1238 3857 Matth.
1276 3788 1385 3837 xxx,
1416 3770 1506 3824 Ἡ.

361 3915 626 3987 ponitque
660 3914 895 3987 Targum
917 3911 1324 3987 anelos,_titm
1346 3913 1523 3987 ρενὺὶδ
1561 3914 1799 3987 angoris;
1833 3912 1941 3968 sic-

402 4002 469 4041 ne
503 3981 669 4039 etiam
712 3981 821 4038 Leo
846 3982 1017 4038 Judas
1046 3982 1100 4053 in
1148 3982 1300 4053 Bibl.
1346 3981 1569 4052 Tigur.;
1612 3982 1939 4053 Cyprianus,

405 4073 493 4109 um
516 4054 798 4124 picridibus
855 4051 1524 4124 ede_nt;_Syxt._interpr.
1572 4051 1734 4122 paulo
1798 4053 1943 4108 forte

363 4120 675 4195 religiosior
700 4122 993 4195 retinenda
1022 4120 1207 4195 phr’asi
1236 4120 1648 4195 Graeca_,_sttper
1697 4124 1939 4192 pierides.

362 4192 703 4266 Signiﬁcari
735 4208 909 4263 genus
961 4192 1189 4266 herbae,
1243 4200 1299 4246 et
1348 4192 1574 4266 quidem
1620 4202 1836 4266 agreste
1886 4204 1944 4250 et

361 4263 631 4329 amarum,
659 4264 797 4335 citra
828 4263 1270 4335 controversiam
1284 4270 1388 4335 est.
1404 4264 1600 4335 Genus
1646 4264 1824 4335 intybi
1853 4272 1940 4335 est

2052 438 2373 493 monachos.
2415 440 2491 491 Ac
2524 438 2736 507 primus
2762 436 2986 505 quidem
3011 446 3114 500 est,
3153 437 3291 490 nihil
3334 443 3461 490 actu
3500 451 3627 507 po:-

2049 546 2195 594 carc,
2240 538 2405 598 atque
2444 544 2613 598 opere
2649 545 2663 581 :
2694 528 2832 581 alter
2864 543 3019 592 vero,
3056 528 3386 582 libidinosas
3417 536 3473 582 et
3506 542 3625 581 cum

2050 619 2251 674 affectu
2278 618 2643 689 cogitationes
2681 617 2733 669 in
2760 617 2947 670 animo
2993 617 3198 671 morari
3250 633 3361 671 non
3398 618 3579 673 sinere
3611 636 3624 672 :

2050 712 2269 775 tertius,
2313 710 2606 766 mulierum
2641 708 2788 778 ipsas
2834 708 3060 773 formas,
3094 725 3157 763 ac
3188 724 3382 763 eorum
3412 709 3507 779 qui
3541 710 3627 763 in-

2044 803 2191 873 juria
2230 803 2525 864 laeserunt,
2579 800 2728 853 nulla
2809 799 3039 854 libidine
3097 815 3162 855 ac
3209 800 3628 869 perturbatione

2050 902 2235 949 mente
2264 893 2606 961 conspicere.

2120 986 2210 1041 88.
2246 986 2463 1055 Pauper
2495 992 2580 1039 est
2614 983 2751 1037 nihil
2808 984 3047 1049 habens,
3096 985 3191 1054 qui
3229 985 3487 1039 omnibus
3516 987 3633 1040 suis

2053 1077 2409 1132 facultatibus
2442 1076 2875 1142 abrenuntiavit,
2918 1077 3167 1146 nihilque
3198 1094 3428 1147 prorsus
3464 1094 3630 1147 super

2056 1178 2281 1234 terram,
2315 1180 2546 1238 excepto
2584 1169 2851 1223 duntaxat
2885 1185 3141 1239 corpore,
3179 1172 3463 1239 possidet:
3502 1187 3631 1243 erga

2052 1262 2200 1332 quod
2228 1262 2393 1316 ctiam
2438 1261 2672 1331 abrupto
2700 1261 2850 1315 omni
2890 1261 3091 1315 affectu
3125 1278 3188 1316 ac
3212 1263 3461 1326 libidine,
3508 1278 3633 1318 sua-

2055 1369 2176 1407 rum
2223 1352 2348 1406 vitae
2395 1352 2670 1406 rationum
2716 1352 3135 1421 dispositionem
3167 1369 3229 1408 ac
3263 1370 3476 1419 curam,
3523 1354 3631 1409 Deo

2053 1445 2269 1515 piisque
2296 1444 2430 1498 viris
2452 1443 2817 1498 concredidit.

2123 1536 2210 1591 89.
2245 1537 2448 1590 Eorum
2504 1538 2597 1605 qui
2648 1536 2854 1589 habent
2900 1537 3301 1607 possessiones,
3363 1538 3456 1591 alii
3512 1539 3630 1593 sine

2057 1621 2255 1676 affectu
2313 1639 2375 1676 ac
2423 1623 2654 1677 libidine
2690 1623 2915 1687 habent,
2955 1626 3102 1679 unde
3132 1634 3188 1679 et
3219 1627 3435 1680 illarum
3468 1628 3631 1681 amis-

1974 1707 2014 1766 Β
2050 1713 2204 1767 sione
2240 1729 2347 1776 non
2381 1713 2570 1767 dolent
2598 1733 2609 1765 :
2645 1714 2796 1768 velut
2828 1714 2907 1768 illi
2936 1716 3030 1784 qui
3077 1731 3202 1770 cum
3249 1718 3449 1787 gaudio
3482 1719 3629 1788 rapi-

2047 1818 2171 1857 nam
2251 1804 2519 1859 bonorum
2565 1820 2791 1859 suorum
2853 1817 3215 1876 susceperunt
3258 1809 3343 1871 θ⁵;
3398 1809 3490 1862 alii
3542 1824 3632 1862 au.

2047 1905 2153 1949 tem
2210 1912 2334 1951 cum
2392 1898 2592 1951 affectu
2637 1913 2701 1951 ac
2754 1897 2983 1953 libidine
3026 1899 3231 1953 habent
3275 1899 3420 1953 unde
3450 1900 3620 1954 etiam

2046 2002 2172 2040 cum
2205 1987 2313 2040 illis
2337 1987 2588 2056 privandi
2630 1988 2761 2051 sint,
2789 1990 2995 2042 morosi
3026 1988 3165 2042 fiunt
3195 2005 3258 2041 ac
3281 1990 3503 2054 tristes;
3540 2005 3633 2044 vc-

2048 2079 2130 2132 lut
2159 2079 2313 2133 dives
2348 2080 2438 2133 ille
2486 2080 2541 2133 in
2574 2080 2869 2149 Evangelio
2897 2098 2909 2132 :
2936 2081 3077 2134 Abiit
3113 2082 3281 2135 tristis
3312 2083 3357 2113 ⁶⁶
3420 2100 3431 2133 :
3486 2098 3551 2137 ac
3584 2084 3627 2137 si

2048 2170 2229 2239 reipsa
2262 2172 2466 2240 privari
2498 2171 2811 2241 contigerit,
2842 2172 2909 2226 ad
2932 2184 3183 2228 ‘mortem
3216 2190 3389 2244 usque
3416 2175 3627 2231 dolent.

2048 2261 2358 2316 Libidinosi
2390 2278 2521 2333 ergo
2567 2273 2624 2318 et
2657 2279 2766 2317 non
2813 2263 3099 2319 libidinosi
3154 2267 3421 2331 animum,
3453 2270 3633 2339 arguit

2048 2363 2213 2422 atque
2238 2355 2491 2424 explorat
2522 2356 2599 2410 rei
2626 2355 2743 2425 ipsa
2776 2356 3034 2425 privatio.

2118 2444 2282 2516 425
2312 2446 2399 2500 90.
2432 2448 2539 2501 Eos
2561 2448 2653 2517 qui
2681 2464 2999 2519 supremum
3032 2465 3095 2504 ac
3120 2451 3476 2521 purissimum
3508 2468 3631 2523 pre-

2051 2536 2210 2589 candi
2235 2552 2408 2606 genus
2439 2545 2851 2601 consectantur,
2880 2539 3203 2609 impugnant
3238 2540 3533 2607 dmmones,
3565 2558 3632 2596 nc

2052 2642 2240 2681 rerum
2283 2628 2337 2681 in
2388 2644 2612 2683 sensum
2658 2628 2971 2685 cadentium
3023 2633 3200 2687 nudas
3250 2635 3631 2704 simpliccsque

2050 2719 2235 2773 animo
2271 2720 2513 2775 rationes
2538 2736 2807 2791 sensuque
2832 2724 3287 2792 apprenbendant
3313 2742 3324 2777 :
3350 2726 3632 2781 studentes

2052 2819 2238 2864 autem
2272 2811 2516 2866 scientiae
2545 2828 2609 2867 ac
2642 2814 3117 2884 contemplationi,
3145 2824 3207 2869 ut
3235 2816 3543 2873 libidinosae
3578 2828 3633 2873 et

2053 2917 2179 2956 cum
2228 2902 2428 2957 affectu
2476 2905 2837 2974 cogitationes
2883 2907 2939 2960 in
2976 2907 3059 2962 eis
3107 2923 3315 2963 moram
3367 2910 3629 2963 trahant:

2052 3006 2149 3047 eos
2188 2992 2429 3062 denique
2477 2994 2573 3064 qui
2622 2994 2679 3048 in
2723 2996 2941 3051 actione
2988 3008 3268 3051 certamen
3310 2998 3531 3063 habent,
3575 3010 3634 3054 ut

1977 3062 2020 3117 (ἒ
2055 3093 2178 3139 actu
2222 3100 2286 3139 ac
2320 3085 2443 3155 ipso
2475 3100 2641 3155 opere
2676 3102 2905 3157 peccare
2935 3089 3223 3143 suadeant.
3261 3089 3419 3143 Omni
3449 3100 3631 3144 autem

2055 3179 2221 3233 modo
2267 3178 2536 3235 adversus
2584 3196 2798 3247 omnes,
2836 3182 3088 3237 scelerati
3138 3183 3425 3239 decertant
3469 3194 3632 3256 atque

2053 3270 2357 3335 luctantur,
2396 3280 2458 3326 ut
2487 3272 2739 3327 homines
2763 3288 2791 3326 a
2820 3273 2932 3328 Deo
2963 3273 3283 3345 abjungant.

2124 3360 2213 3414 9i.
2251 3359 2355 3426 Qui
2396 3361 2451 3416 in
2492 3361 2597 3416 hac
2644 3363 2864 3417 mortali
2898 3363 3033 3427 vita,
3068 3363 3255 3419 divina
3290 3366 3633 3434 providentia

2050 3450 2117 3505 ad
2150 3452 2413 3521 pietatem
2438 3462 2787 3516 exercentur,
2821 3453 3022 3522 triplici
3045 3454 3147 3508 hac
3178 3456 3482 3510 tentatione
3504 3471 3632 3525 pro-

2050 3544 2276 3600 bantur.
2312 3546 2406 3601 Vel
2437 3547 2584 3614 quod
2617 3547 2935 3600 tribuantur
2967 3562 3087 3616 qua:
3114 3548 3293 3601 dulcia
3319 3559 3466 3614 sunt,
3502 3559 3633 3618 puta

2052 3639 2289 3704 sanitas,
2345 3639 2731 3709 pulchritudo,
2784 3640 3020 3710 ingenua
3076 3641 3365 3710 amplaque
3419 3644 3629 3712 proles,

2050 3914 2313 3969 carnibus
2344 3913 2608 3970 etlarido.
2649 3913 2865 3983 Egregii
2890 3914 3390 3983 verointerpretes.
3429 3915 3630 3983 quibus

2050 3986 2132 4039 sic
2157 3986 2320 4040 liccat
2349 3986 2403 4039 in
2424 3984 2593 4039 sacris
2630 3984 2843 4047 ludere,
2890 3985 2972 4037 vel
3002 3993 3281 4053 stuporem
3315 3986 3629 4041 ostendere.

2048 4056 2167 4110 Non
2206 4056 2362 4110 licuit
2405 4053 2649 4109 llcbrteis
2701 4055 3035 4123 proiecturis
3088 4069 3260 4124 panes
3290 4070 3550 4125 coquere,
3575 4066 3631 4113 et

2048 4126 2205 4180 licuit
2230 4126 2557 4179 salsamenta
2583 4139 2776 4194 parare
2802 4126 2814 4178 l

2124 4194 2193 4267 (e)
2232 4196 2389 4267 Τρεῖς
2417 4198 2575 4267 elder
2615 4194 2825 4267 uitiata!
2875 4194 3277 4267 καταστάσεις
3316 4195 3631 4267 γενικώτε-

2044 4264 2181 4332 ραι.
2212 4266 2471 4320 Videatur
2504 4264 2830 4334 triplexjstc
2858 4265 3231 4319 exercentium
3261 4266 3329 4319 ad
3370 4266 3627 4335 pietatem

364 4336 571 4406 πικρίς,
599 4334 917 4410 _reddit_que
942 4332 1086 4410 quas
1129 4332 1275 4402 apud
1324 4332 1490 4410 arisi.
1548 4342 1605 4410 ει
1662 4332 1939 4401 TlieOphr.
1978 4354 2019 4410 ο
2048 4335 2253 4410 gradus
2292 4352 2355 4390 ac
2384 4332 2908 4410 status,'e_xplicalio
2940 4338 3059 4405 ejus
3110 4336 3257 4410 quod
3286 4332 3500 4390 dixerat
3536 4355 3630 4392 su-

362 4402 753 4476 amdraginem.
787 4404 925 4476 Plin.
976 4402 1075 4455 lib.
1100 4419 1230 4476 31x,
1260 4418 1310 4476 c_.
1331 4404 1363 4457 8
1390 4421 1403 4456 :
1443 4403 1732 4476 Pessimum
1759 4421 1940 4476 genus

361 4493 479 4529 cum
506 4473 910 4545 exprobratione
938 4473 1317 4545 amaritudinis
1338 4474 1677 4545 _app_ellavere
1716 4473 1937 4544 pierida.

361 4540 641 4600 Dioscfl.
700 4562 758 4610 ιι,
803 4543 1143 4614 ΙϐθινΣέρας
1207 4540 1392 4614 δισσὴ,
1416 4540 1501 4597 ’ὢν
1530 4547 1561 4609 ἠ
1641 4540 1739 4614 μὲν
1772 4545 1941 4613 ἀγρία

366 4617 571 4685 πικρὶς,
630 4617 662 4686 ή
719 4615 813 4667 καὶ⁵
847 4613 1105 4686 κιχὼριον
1155 4611 1496 4686 καλουμένη.
1534 4611 1941 4686 Est'_intybum

362 4682 673 4755 agreste,in
700 4700 809 4754 quo
828 4682 1056 4755 perinde
1093 4697 1157 4736 ac
1190 4682 1531 4755 inplacentis
1584 4682 1943 4739 infermenta-

364 4752 456 4820 tis,
482 4756 659 4810 voluit
688 4752 846 4809 Dens
882 4753 1264 4823 repraesentati
1312 4752 1720 4809 festinationem
1789 4756 1939 4809 illam

362 4840 618 4897 egressus
638 4841 705 4897 εκ
739 4823 1166 4897 Egypto,_quasi
1197 4824 1552 4879 tumultuarie
1572 4833 1628 4879 et
1679 4825 1942 4897 i_mprovi-

363 4893 421 4949 se
449 4896 601 4949 nullo
626 4895 693 4951 ad
734 4893 945 4966 tantum
989 4893 1101 4966 iter
1166 4903 1497 4959 commeatu,
1532 4910 1631 4966 per
1662 4893 1943 4966 Egyptio-

366 4981 488 5018 rum
524 4965 918 5035 expellentium
950 4965 1099 5036 vimg
1136 4972 1197 5018 ut
1223 4973 1564 5036 cum‘satyrze
1594 4965 1780 5019 herbae
1830 4982 1941 5020 non

364 5033 845 5115 suppeterent_,__ex
872 5033 1181 5115 agrestibus
1201 5033 1513 5115 supplenda
1540 5035 1709 5115 fuerit
1727 5051 1941 5115 _earum

367 5105 550 5175 inopia
583 5123 596 5159 :
623 5122 691 5160 ex
722 5106 818 5160 illo
848 5104 1061 5161 scilicet
1079 5104 1253 5173 intybi
1274 5120 1495 5173 genere,
1522 5105 1668 5173 quod
1691 5105 1760 5159 ab
1793 5121 1943 5160 ama-

367 5174 607 5230 ritudine
634 5191 833 5230 nomen
849 5176 1035 5239 habet,
1071 5174 1314 5243 satisque
1355 5175 1532 5243 ipsum
1559 5176 1780 5231 salubre
1809 5187 1893 5232 est
1924 5194 1937 5230 :

364 5246 524 5325 cujus
565 5246 791 5325 multam
822 5246 1039 5314 copiam
1082 5244 1134 5298 in
1168 5243 1601 5325 @gyptopotuit
1625 5261 1768 5325 esse,
1802 5261 1942 5316 pene

365 5314 473 5385 iam
498 5314 722 5370 ineunte
747 5324 957 5379 testate,
979 5330 1078 5385 pro
1096 5314 1334 5385 regionis
1356 5314 1504 5369 illius
1525 5314 1942 5385 temperie,cum

412 5384 624 5440 ebrazos
644 5387 822 5455 primo
850 5384 1037 5455 mense
1057 5400 1121 5439 ea
1142 5385 1372 5454 contigit
1391 5385 1563 5441 exire.
1602 5384 1943 5442 salsamenta

364 5454 460 5524 qui
495 5455 932 5527 redderet,unus
961 5454 1165 5527 Obsop.
1194 5456 1592 5527 eXSpectandus
1613 5466 1751 5521 erat,
1784 5457 1944 5527 eique

364 5540 575 5597 morem
596 5541 811 5597 gerens,
833 5525 1000 5597 Gesn.
1024 5526 1225 5597 Notum
1242 5525 1377 5597 quid
1398 5525 1745 5590 salsamenta,
1794 5525 1945 5597 ταρι-

366 5594 637 5666 χεὸματα,
668 5595 720 5649 in
749 5595 993 5664 piscibus
1024 5595 1295 5665 praecipue
1329 5596 1497 5659 dicta,
1557 5597 1652 5666 qui
1720 5599 1799 5652 sic
1832 5594 1944 5652 sale

368 5665 706 5721 condiuntur
748 5675 803 5722 ct
862 5676 1214 5721 macerantur
1248 5682 1261 5720 :
1294 5665 1625 5740 quandoque
1673 5668 1840 5724 etiam
1888 5669 1942 5723 in

2050 4406 2249 4476 periori
2273 4422 2392 4476 cap.
2424 4405 2693 4460 servanda
2726 4404 2983 4476 quaedam
3005 4406 3262 4476 mandata
3287 4415 3344 4463 ct
3368 4423 3629 4476 corpora—

2047 4474 2246 4532 literet
2265 4474 2626 4547 spiritaliter;
2680 4475 2994 4547 spiritaliter
3053 4475 3110 4528 δὲ
3152 4478 3420 4546 τρισσῶς·
3472 4474 3626 4547 quod

2047 4560 2157 4601 non
2179 4548 2539 4602 reddiderunt
2563 4546 2769 4613 Obsop.
2804 4554 2859 4601 et
2888 4546 3051 4601 Gesn.
3077 4547 3226 4615 quod
3247 4548 3386 4601 forte
3404 4548 3617 4602 inscitia

2047 4632 2241 4672 vacare
2268 4625 2548 4686 putarent.
2590 4615 2823 4687 Triplex
2852 4633 2986 4687 ergo
3018 4617 3110 4671 illa
3152 4618 3444 4671 moralium
3485 4633 3626 4686 pra!-

2046 4697 2333 4757 ceptorum
2391 4686 2659 4757 spiritalis
2724 4686 3041 4741 observatio
3095 4687 3195 4741 ista
3235 4696 3359 4751 est;
3412 4695 3472 4757 ut
3528 4700 3627 4757 nec

2046 4756 2252 4827 opere,
2312 4756 2435 4812 nec
2470 4771 2687 4811 morosa
2761 4757 3094 4826 cogitatione
3164 4756 3619 4827 transgrediaris,

2045 4828 2454 4895 perfectamuue
2479 4836 2677 4881 nactus
2733 4827 3036 4889 ἀπάθειαν,
3107 4842 3177 4880 ne
3246 4826 3438 4880 formis
3504 4828 3627 4894 qni-
3678 4842 3681 4845 '

2046 4897 2172 4977 d'cm
2206 4900 2333 4953 ullis
2381 4896 2640 4969 cogitatis
2677 4896 2863 4952 animo
2902 4896 3159 4951 alliciaris
3185 4905 3281 4949 aut
3334 4896 3627 4965 perturbe-

2045 4982 2141 5023 TIS.

2118 5037 2182 5109 (ο
2238 5036 2384 5109 Τοὺς
2435 5036 2629 5109 ᾂκρως
2690 5035 3232 5109 προσευχομέγοιξς.
3292 5033 3622 5105 Supremum

2047 5105 2194 5163 istud
2218 5106 2488 5177 orationis
2512 5105 2712 5177 genus,
2748 5121 2858 5176 quo
2900 5108 2970 5161 sit
2997 5105 3621 5177 indesinenteruorarc.

2045 5175 2669 5249 cxplicuitMaxim'usc.
2701 5175 2790 5249 6|,
2821 5192 2954 5245 pura
2988 5178 3103 5245 ipsa
3132 5186 3316 5249 mente
3339 5175 3625 5249 adhaeren-

2046 5246 2133 5304 do
2158 5250 2291 5311 Deo,
2320 5248 2527 5318 absque
2553 5247 2681 5301 ullis
2710 5246 2875 5318 etiam
2908 5262 3091 5300 rerum
3124 5246 3318 5318 formis
3346 5263 3358 5297 :
3385 5246 3477 5318 qui
3515 5253 3625 5318 sta-

2048 5328 2140 5376 tus
2170 5319 2335 5374 etiam
2365 5314 2474 5370 τῶν
2503 5316 2845 5376 Γνωστικῶν,
2884 5324 2941 5369 ει
2982 5332 3173 5370 eorum
3206 5317 3301 5385 qui
3345 5314 3624 5385 spiritales

2046 5398 2195 5453 sunt,
2256 5403 2354 5442 seu
2396 5385 2850 5455 contemplationi
2895 5383 3285 5455 impeduntur,
3345 5383 3623 5455 communi

2046 5452 2192 5513 statu
2240 5457 2496 5526 superior
2539 5452 2634 5510 hic
2696 5456 2930 5510 Maximo
2973 5452 3323 5510 insinuatur.
3405 5452 3622 5526 Frigidc

2046 5545 2179 5600 ergo
2213 5523 2415 5597 Obsop.
2440 5524 2662 5583 Crebra:
2696 5526 3022 5599 precationes
3063 5527 3134 5581 ad
3186 5526 3354 5581 Deum
3400 5523 3621 5594 [unden-

2048 5608 2143 5654 tes.
