4128 6210
480 226 619 304 ιοιδ

1641 236 1683 295 8
1744 238 2033 299 ΜΑΧῘΜΙ
2071 238 2588 305 CONFESSORIS

3617 246 3758 315 1016

479 347 715 416 divitia,
739 347 938 420 gloria,
966 359 1024 406 et
1048 349 1249 406 similia
1281 368 1295 405 :
1328 350 1415 405 vel
1437 350 1587 421 quod
1616 352 1792 407 tristia
1821 352 2061 408 inferan-

2173 355 2331 418 κνίας
2359 357 2456 410 καὶ
2486 357 2787 428 χρημάτων
2824 358 2921 412 καὶ
2954 358 3137 429 δόξης,
3176 358 3272 412 καὶ
3295 358 3406 413 τῶν
3447 360 3676 431 ὁμοίων·
3722 364 3760 435 ἢ

481 450 594 509 tur,
649 449 784 511 puta
808 441 1025 497 orbatio
1047 442 1376 509 liberorum,
1400 459 1567 513 opum
1588 443 1886 514 gloriaeque
1906 444 2073 499 amis-

476 530 565 587 sio
598 549 611 585 :
645 540 742 587 aut
765 533 1007 604 denique
1035 550 1136 605 per
1165 550 1229 591 ea
1257 551 1383 606 quae
1410 551 1614 606 corpus
1637 538 1980 601 excruciant,
2013 545 2073 593 ut

477 632 609 677 sunt
653 624 832 679 morbi
879 634 937 683 et
976 634 1274 693 tormenta,
1313 636 1480 699 atque
1514 628 1601 685 his
1630 629 1856 685 similia.
1889 630 2072 701 Atque

475 710 545 774 ad
568 710 785 781 priores
807 714 1059 784 quidem,
1081 716 1160 770 ait
1183 718 1451 774 Dominus
1476 736 1489 774 :
1517 716 1576 775 Si
1598 721 1717 791 quis
1742 737 1847 775 non
1876 737 2074 775 renun-

475 805 576 870 tiat
623 806 865 863 omnibus
913 826 1031 879 quis
1076 812 1336 881 possidet,
1391 829 1497 867 non
1546 822 1713 885 potest
1759 831 1905 869 meus
1962 831 2073 870 esse

473 895 768 966 discipulus
809 900 874 956 ".
908 900 992 956 Ad
1034 917 1132 957 eos
1175 913 1361 959 autem
1402 906 1494 975 qui
1545 907 1776 961 secundi
1818 923 1883 963 ac
1922 910 2069 965 tertii

474 984 689 1041 ordinis
726 996 903 1045 sunt:
933 990 1000 1045 In
1045 994 1303 1063 patientia
1351 1005 1526 1051 vestra
1565 998 1824 1068 possidete
1862 1001 2071 1055 animas

473 1084 676 1132 uestras
707 1078 773 1130 ‘3.

547 1169 637 1224 92.
680 1168 933 1236 Quatuor
964 1172 1117 1236 haec,
1170 1176 1420 1245 corporis
1474 1180 1909 1249 complexionem
1970 1197 2067 1237 seu

477 1268 977 1330 temperamentum
1019 1264 1315 1323 immutare
1363 1269 1541 1337 aiunt,
1584 1287 1760 1341 eaque
1807 1272 2066 1328 immuta-

476 1351 630 1407 tione
667 1354 1034 1424 cogitationes
1074 1358 1281 1425 animo,
1328 1363 1411 1415 vel
1446 1363 1793 1424 libidinosas,
1832 1365 1920 1418 vel
1955 1380 2065 1420 non

474 1442 837 1510 libidinosas,
910 1449 1262 1514 ministrare;
1314 1452 1576 1510 videlicet
1641 1456 1898 1526 angelos,
1954 1457 2067 1514 dte-

474 1549 689 1600 mones,
734 1536 885 1592 aeris
928 1542 1408 1610 temperationem,
1453 1554 1511 1600 et
1548 1545 1728 1600 victus
1767 1547 2061 1604 rationem.

471 1624 552 1681 Ac
581 1627 808 1697 quidem
831 1630 1060 1701 angelos
1101 1634 1258 1688 aiunt
1299 1651 1556 1692 sermone
1583 1640 1909 1705 immutare;
1950 1639 2063 1695 ἀπο

2175 447 2263 502 διὰ
2284 448 2384 517 τῆς
2405 450 2514 502 τῶν
2537 450 2797 523 λυπηρῶν
2819 451 3086 520 ἐπιφορᾶς
3113 451 3225 521 (20)
3251 467 3267 482 ·
3296 448 3429 518 οἷον,
3454 456 3765 523 στερήσεως

2173 538 2403 605 τέκνων,
2441 543 2540 595 καὶ
2563 543 2863 612 χρημάτων
2895 542 2988 596 καὶ
3013 542 3173 611 δόξης
3200 559 3214 572 ·
3253 542 3287 613 ἦ
3318 542 3407 597 διὰ
3428 544 3539 597 τῶν
3571 545 3767 610 ὀδύνας

2174 630 2546 699 ἐμποιούντων
2575 631 2652 700 τῷ
2692 631 2905 702 σώματι
2924 649 2938 662 ·
2966 625 3098 691 οἷον,
3127 633 3450 704 νοσημάτων
3477 635 3572 687 καὶ
3596 636 3763 706 βασά-

2173 722 2302 785 νωνζ
2335 721 2431 776 καὶ
2452 722 2561 775 τῶν
2582 722 2731 793 ἑξῆς.
2764 723 2876 776 Καὶ
2907 722 3044 792 πρὸς
3067 723 3165 793 μὲν
3189 723 3317 786 τοὺς
3340 724 3590 794 πρώτους
3612 727 3766 795 λέγει

2173 814 2202 865 6
2236 812 2440 884 Κύριος
2463 831 2477 843 ·
2498 815 2569 867 ει
2604 832 2695 882 τις
2716 816 2826 869 οὐκ
2857 814 3268 870 ἀποτάσσεται
3301 814 3454 871 πᾶσι
3493 817 3619 895 τρῖς
3651 822 3767 874 ὐπ-

2172 902 2470 974 ἁρχουσιν
2493 905 2674 971 αὐτῷ,
2702 909 2776 960 οὐ
2817 906 3071 960 δύναταί
3108 924 3229 976 μου
3276 902 3430 963 εἶναι
3462 910 3763 977 μαθητής.

2176 998 2319 1069 Πρὸς
2349 998 2406 1052 δὲ
2436 999 2564 1063 τοὺς
2588 998 2877 1070 δευτέρους
2898 1000 2994 1053 καὶ
3015 1000 3235 1070 τρίτους
3254 1017 3268 1031 ·
3314 999 3412 1052 Ἐν
3432 998 3504 1068 τῇ
3530 1004 3761 1071 ὑπομο-

2171 1086 2250 1156 νῇ
2281 1088 2451 1159 ὑμῶν
2471 1089 2781 1159 κτήσασθε
2815 1092 2921 1157 τὰς
2954 1090 3160 1160 ψυχὰς
3192 1089 3379 1159 ὑμῶν.

2243 1180 2349 1247 ιιβν.
2380 1180 2459 1234 Τὰ
2490 1181 2733 1252 τέσσαρα
2761 1182 2939 1237 ταῦτά
2962 1201 3129 1254 φασιν
3161 1184 3452 1263 ἀλλοιῶσαι
3484 1186 3583 1256 τὴν
3614 1189 3751 1257 κρᾶι

2173 1288 2258 1325 σιν
2283 1272 2376 1325 τοῦ
2412 1271 2685 1342 σώματος,
2710 1276 2806 1328 καὶ
2831 1275 3030 1329 διδόναι
3058 1275 3136 1346 τῷ
3178 1278 3256 1347 νῷ
3283 1278 3602 1349 λογισμοὺς,
3641 1280 3756 1333 εἴτε

2170 1363 2439 1432 ἐμπαθεῖς
2466 1364 2533 1417 δι’
2575 1367 2767 1435 αὐτῆς,
2818 1368 2927 1420 εἴτε
2960 1368 3223 1433 ἀπαθεῖςο
3253 1365 3386 1434 οἷον,
3423 1370 3551 1434 τοὺς
3588 1372 3760 1440 ἀγγέ-

2169 1458 2316 1523 λους,
2347 1460 2473 1521 τοὺς
2512 1458 2796 1529 δαίμονας,
2844 1462 2972 1524 τοὺς
3008 1462 3198 1529 ἀέρας,
3254 1462 3354 1533 τὴν
3391 1462 3623 1518 δίαιταν.
3653 1465 3762 1515 Καὶ

2168 1550 2294 1613 τοὺς
2328 1549 2428 1620 μὲν
2482 1550 2746 1619 ἀγγέλους
2794 1550 2940 1623 λόγῳ
2971 1554 3139 1623 φασὶν
3183 1552 3508 1606 ἀλλοιῶσαι·
3545 1555 3671 1617 τοὺς
3703 1554 3761 1608 δὲ

2168 1640 2455 1712 δαίμονας,
2493 1642 2562 1695 δι’
2594 1644 2811 1713 ἐπαφῆς
2838 1659 2851 1675 ·
2885 1644 3014 1707 τοὺς
3063 1643 3121 1697 δὲ
3154 1644 3348 1714 ἀέρας,
3378 1648 3498 1709 ταῖς
3528 1645 3762 1715 μεταϐο-

472 1730 669 1775 mones
717 1727 935 1787 autem,
984 1731 1194 1779 attactu
1245 1740 1342 1780 seu
1393 1728 1862 1796 contrectatione;
1915 1730 2061 1785 aeris

2169 1710 2289 1795 λαῖς
2308 1750 2321 1763 ⁸
2348 1733 2446 1804 τὴν
2476 1733 2534 1787 δὲ
2564 1710 2797 1800 δίαιταν,
2826 1738 2948 1799 ταῖς
2973 1735 3083 1789 τῶν
3113 1710 3420 1807 βρωμάτων
3443 1710 3540 1791 καί
3581 1736 3761 1807 mp6-

474 1809 958 1878 temperationem,
988 1829 1096 1883 qua
1137 1817 1273 1872 alias
1315 1819 1560 1888 aliasque
1605 1820 1756 1876 subit
1794 1822 2062 1877 mutatio—

471 1908 576 1949 nes
607 1912 621 1948 :
661 1896 840 1953 victus
878 1902 1174 1969 rationem,
1215 1921 1470 1962 escarum
1509 1924 1574 1963 ac
1616 1916 1848 1979 potuum
1880 1912 2062 1981 quali-

471 1985 703 2055 tatibus,
730 2006 1038 2064 eorumque
1067 1995 1407 2057 abundantia
1431 2015 1496 2055 ac
1523 2001 1834 2071 parcitate;
1865 2011 2066 2072 praeter

472 2076 599 2133 illas
646 2079 1091 2152 immutationes,
1144 2104 1268 2159 quae
1311 2106 1378 2145 ex
1431 2093 1736 2160 memoria,
1784 2095 2061 2166 rebusque

469 2165 608 2225 visis
659 2177 827 2241 atque
874 2175 1082 2233 auditis
1132 2180 1209 2234 illi
1266 2182 1525 2237 accidunt
1568 2200 1583 2237 :
1622 2184 1701 2239 ita
1745 2165 2064 2245 scilicetiut

469 2256 629 2345 prior
659 2263 883 2320 animus
911 2266 1202 2336 adiciatur,
1232 2286 1300 2327 ex
1343 2271 1432 2339 iis,
1462 2290 1585 2345 quae
1622 2276 1701 2330 illi
1746 2278 1924 2333 tristia
1964 2279 2061 2335 lae-

473 2338 599 2405 tave
627 2354 918 2425 eveniunt.
951 2356 1132 2429 Atque
1168 2376 1236 2416 ex
1282 2362 1370 2418 his
1406 2338 1632 2435 quidem
1676 2367 1908 2425 allectus
1941 2371 2063 2426 ani-

2168 1841 2279 1877 των
2308 1825 2580 1894 ποιότησι,
2618 1826 2713 1879 καὶ
2735 1825 3062 1899 πλεονασμῷ
3083 1829 3180 1881 καὶ
3222 1826 3515 1882 ἐλαττώσει
3537 1844 3552 1856 '
3584 1828 3761 1899 παρὲξ

2169 1913 2280 1967 τῶν
2307 1914 2395 1968 διὰ
2425 1916 2648 1986 μνήμης
2678 1916 2771 1969 καὶ
2806 1917 2976 1987 ἀκοῆς
3000 1918 3095 1971 καί
3139 1919 3383 1989 ὁράσεως
3423 1916 3762 1987 συμϐαινου-

2176 2005 2285 2060 σῶν
2315 2006 2453 2078 αὐτῇ
2486 2006 2848 2071 ἁλλοιώσεων,
2872 2008 3340 2079 πρωτοπαθοὺσης
3359 2009 3459 2079 τῆς
3491 2009 3673 2079 ψυχῆς
3696 2012 3761 2062 ὲκ

2169 2095 2277 2151 τῶν
2299 2098 2720 2167 συμπιπτόντων
2755 2100 2892 2170 αὐτῇ
2924 2100 3184 2171 λυπηρῶν
3216 2101 3249 2171 ἢ
3278 2100 3610 2170 χαροποιῶν.
3649 2102 3763 2155 Καὶ

2169 2190 2235 2243 ἐκ
2258 2188 2462 2243 τούτων
2494 2190 2593 2261 μὲν
2622 2192 2907 2261 πάσχουσα
2936 2195 2968 2262 ἡ
3000 2192 3172 2263 ψυχὴ,
3204 2193 3409 2247 ἀλλοιοῖ
3431 2193 3529 2263 τὴν
3558 2194 3762 2263 κρᾶσιν

2168 2281 2263 2335 τοῦ
2298 2280 2578 2352 σώματος·
2632 2264 2695 2336 ei
2750 2283 2808 2336 δὲ
2864 2283 2970 2337 τῶν
3007 2285 3419 2357 προειρημένων
3478 2288 3512 2356 ἡ
3558 2286 3761 2356 κρᾶσις

2169 2374 2554 2446 ἀλλοιουμένη,
2584 2376 2814 2446 παρέχει
2845 2376 2923 2448 τῷ
2949 2378 3025 2449 νῷ
3048 2378 3361 2450 λογισμούς.

470 2457 615 2509 mus,
641 2450 892 2517 corporis
928 2460 1421 2523 temperamentum
1449 2461 1735 2531 immutat;
1766 2465 2057 2537 ipsumque
2093 2484 2163 2523 ex
2191 2470 2320 2538 illis,
2350 2487 2472 2542 quae
2533 2473 2681 2529 dicta
2711 2484 2862 2540 sunt,
2923 2476 3160 2532 subinde
3191 2476 3569 2544 immutatum,
3606 2474 3764 2546 cogi-
3808 2484 3813 2489 ’

470 2532 712 2599 lationes
734 2538 919 2595 animo
944 2541 1225 2599 ministrat
1253 2562 1317 2601 ac
1348 2550 1576 2617 praebet.

542 2624 631 2680 95.
673 2627 820 2684 Mors
849 2631 1071 2700 quidem
1112 2650 1245 2691 vere
1281 2654 1346 2693 ac
1384 2642 1631 2709 proprie,
1669 2645 1945 2713 separatio
1978 2653 2061 2700 est

2231 2649 2339 2713 ιιγι.
2369 2646 2611 2711 Θάνατος
2656 2648 2755 2717 μέν
2808 2650 2926 2704 ἐστι
2972 2652 3179 2721 κυρίως
3216 2654 3244 2705 6
3271 2651 3364 2706 τοῦ
3407 2654 3547 2708 Θεοῦ
3581 2652 3777 2730 χωρι“’

467 2728 499 2786 ᾳ
528 2711 643 2771 Deo
678 2733 692 2770 :
725 2719 920 2774 mortis
958 2730 1146 2778 autem
1195 2726 1478 2795 stimulus,
1520 2711 1807 2799 peccatum
1831 2736 1914 2802 ⁶⁹;
1952 2751 2061 2805 quo

2165 2711 2298 2806 σμός
2316 2752 2331 2767 ⁸
2367 2738 2595 2809 κέντρον
2622 2711 2679 2793 δέ
2714 2740 2968 2802 θανάτου,
3011 2711 3058 2813 ἡ.
3084 2711 3329 2816 ἁμαρτία
3351 2760 3366 2774 ⁸
3408 2746 3436 2798 ὃ
3459 2711 3763 2818 δεξάμενος

466 2805 715 2874 Adamus
746 2823 1026 2882 suscepto,
1055 2817 1219 2883 simul
1250 2834 1280 2872 a
1309 2820 1460 2890 ligno
1491 2823 1637 2889 vitae,
1663 2835 1722 2880 et
1744 2842 1773 2880 a
1809 2829 2061 2896 paradiso

2165 2828 2187 2880 6
2228 2828 2420 2899 Ἀδὰμ,
2449 2805 2586 2899 ὁμοῦ
2622 2830 2715 2885 τοῦ
2742 2833 2843 2903 τῆς
2867 2834 3013 2905 ζωῆς
3032 2805 3222 2901 ξύλου,
3250 2839 3340 2890 καὶ
3359 2837 3454 2891 τοῦ
3486 2805 3758 2911 stupebat;

468 2911 527 2967 et
567 2903 680 2959 Deo
723 2911 965 2966 extorris
1012 2911 1192 2969 factus
1240 2925 1359 2982 cst;
1420 2924 1845 2994 necessarioque
1895 2928 2059 2982 etiam

2165 2935 2254 2972 σου
2280 2920 2375 2972 καὶ
2404 2921 2498 2974 τοῦ
2529 2922 2665 2976 Θεοῦ
2709 2903 2991 2995 ἐξόριστος
3029 2927 3220 2996 γέγονε
3245 2946 3258 2959 ⁸
3293 2924 3337 2997 ᾧ
3376 2903 3757 3004 ἐπηκολούθη-

468 3005 622 3051 mors
658 3000 910 3068 corporis
940 3015 1241 3062 consecuta
1278 3016 1385 3072 est.
1415 3009 1557 3065 Vere
1599 3024 1782 3069 autem
1812 3017 1925 3071 vita
1948 3026 2052 3083 est,

2165 3024 2254 3060 σεν
2290 3007 2350 3074 ἐξ
2383 3010 2631 3083 ἀνάγκης
2672 3014 2766 3068 καὶ
2795 3016 2824 3067 ὁ
2859 3015 2956 3069 τοῦ
3008 3016 3264 3088 σώματος
3320 3019 3573 3084 θάνατος.

468 3088 562 3159 qui
599 3090 678 3144 ait
709 3109 722 3146 :
753 3092 867 3164 Ego
891 3112 1010 3151 sum
1049 3096 1216 3168 426
1251 3101 1361 3155 vita
1386 3102 1453 3155 ⁷⁸.
1494 3102 1598 3159 ilic
1627 3107 1892 3173 moriens,
1925 3124 2052 3165 eum

2165 3099 2212 3153 δὲ
2238 3101 2442 3172 κυρίως
2502 3104 2650 3158 ἐστὶν
2673 3107 2700 3158 ό
2728 3105 2928 3160 εἰπών’
2963 3107 3111 3180 Ἐγώ
3126 3111 3244 3180 ειμι
3264 3113 3304 3179 ἠ
3335 3109 3467 3179 ζωή.
3494 3109 3668 3179 Οὗτος
3696 3088 3756 3170 ὲν

466 3182 564 3253 qui
592 3193 712 3239 erat
739 3195 993 3242 mortuus
1019 3189 1087 3244 ad
1116 3190 1284 3247 vitam
1315 3208 1510 3250 rursus
1538 3200 1839 3255 revocavit.

537 3357 627 3414 94.
667 3359 842 3427 Quem
874 3378 1189 3422 sermonem
1219 3371 1644 3440 conseribimus,
1685 3375 1771 3429 vel
1811 3391 1880 3431 co
1919 3394 2055 3434 eon-

466 3450 767 3517 seribimus
796 3461 855 3511 ut
880 3456 1002 3526 ejus
1031 3459 1469 3529 meminerimus,
1503 3464 1588 3518 vel
1619 3476 1679 3520 ut
1702 3470 2055 3525 commodum

468 3541 812 3613 referamus;
846 3549 935 3603 vel
982 3550 1150 3606 etiam
1206 3560 1441 3624 utraque
1483 3570 1551 3613 ex
1603 3572 1769 3614 causa
1813 3577 1829 3615 :
1865 3563 1952 3616 vel
1997 3572 2058 3619 ut

467 3633 729 3697 damnum
777 3638 1111 3709 quibusdam
1161 3644 1488 3713 inferamus,
1528 3650 1616 3705 vel
1667 3655 2058 3713 ostentationis

468 3742 656 3795 causa,
690 3730 775 3785 vel
805 3734 935 3801 quia
969 3736 1324 3792 conscribere
1356 3740 1624 3809 cogimur.

537 3814 627 3871 95.
670 3816 851 3874 Locus
882 3837 1118 3889 pascuae,
1150 3822 1332 3878 virtus
1362 3835 1448 3880 est
1483 3827 1537 3881 in
1581 3830 1799 3887 actione
1837 3834 2053 3903 posita;

467 3920 613 3978 aqua
638 3924 770 3969 vero
795 3912 1112 3970 refectionis
1139 3916 1208 3980 τί,
1239 3929 1421 3970 rerum
1448 3919 1696 3978 scientia.

538 3998 628 4054 96.
668 4000 874 4056 Umbra
924 4005 1121 4059 mortis
1175 4016 1280 4075 est,
1319 4008 1559 4067 humana
1607 4013 1739 4067 vita.
1790 4014 2056 4087 Quisquis

470 4088 639 4163 igitur
668 4105 797 4147 cum
825 4094 939 4165 Deo
975 4105 1252 4165 versatur,
1289 4115 1353 4157 ac
1398 4117 1588 4157 secum
1628 4104 1803 4162 Deum
1833 4124 2057 4165 versan—

473 4187 581 4247 tem
624 4180 821 4249 habet,
871 4184 965 4240 hic
1007 4185 1223 4257 liquido
1266 4189 1453 4249 dicere
1505 4203 1684 4263 potest
1725 4178 1913 4254 :Nant
1960 4204 2056 4256 etsi

470 4271 812 4336 ptnbulavero
862 4276 918 4343 in
968 4279 1138 4333 media
1188 4281 1388 4341 umbra:
1444 4287 1663 4352 mortis,
1714 4305 1819 4343 non
1866 4292 2055 4347 timebo

470 4360 641 4429 inata,
668 4365 919 4433 quoniam
947 4374 1004 4421 tu
1033 4384 1235 4433 mecum
1262 4386 1314 4425 es
1333 4374 1399 4427 τ’.

542 4465 630 4521 97.
671 4466 816 4523 Pura
852 4484 1031 4535 mens,
1059 4482 1240 4529 rectas
1282 4491 1370 4532 res
1411 4477 1603 4534 videt:
1641 4484 2051 4556 exercitataque

469 4557 653 4614 oratio
694 4574 761 4616 ac
803 4563 1077 4625 sermonis
1116 4566 1220 4632 vis,
1259 4582 1383 4637 quae
1414 4580 1545 4627 sunt
1581 4573 1717 4641 visa,
1758 4576 1862 4632 sub
1893 4594 2051 4649 aspe-

471 4657 621 4704 ctum
651 4653 809 4721 ponit
840 4668 855 4708 :
886 4654 1003 4711 haec
1020 4672 1174 4724 vero,
1208 4660 1360 4715 auris
1392 4663 1539 4718 clara
1564 4667 1815 4738 suscipit.
1840 4670 1929 4735 At,
1955 4672 2050 4741 qui

472 4755 489 4795 ι
524 4743 650 4799 ibus
698 4743 819 4813 istis
860 4756 1033 4823 caret,
1079 4748 1355 4821 dicentem
1403 4753 1679 4826 improbat
1729 4774 1794 4814 ac
1833 4761 1912 4818 illi
1950 4762 2050 4818 de-

473 4837 658 4897 tnhit.

545 4912 635 4968 98.
661 4912 800 4974 Cum
829 4921 942 4979 Deo
968 4930 1076 4990 est,
1096 4922 1197 4992 qui
1216 4930 1462 4978 sanctam
1490 4923 1816 4981 Trinitatem
1842 4939 2051 4995 cogno-

471 5008 602 5081 scit,
646 5011 877 5085 ejusque
923 5014 1206 5086 opiﬁcium
1255 5025 1313 5071 et
1359 5017 1797 5088 providentiam;
1840 5018 2048 5090 quique

538 5160 581 5193 ⁵⁷
616 5168 753 5245 Luc.
780 5189 890 5241 xlv,
926 5175 1017 5239 55,
1094 5176 1138 5210 ⁸⁸
1168 5176 1304 5234 Luc.
1332 5194 1442 5245 χχι,
1478 5178 1565 5235 l9.
1642 5181 1686 5213 ⁶⁹
1715 5180 1738 5236 l
1763 5180 1891 5237 Cor.
1921 5198 2011 5249 xv,
2038 5182 2125 5241 56.
2204 5186 2251 5217 "
2273 5185 2438 5242 Joan.
2464 5202 2573 5251 xxv,
2603 5187 2657 5242 6.

544 5309 622 5384 (9)
663 5309 769 5366 Ἕν
790 5309 870 5378 τῷ
897 5314 1130 5386 θανάτῳ
1158 5317 1500 5386 γενόμενος.
1538 5319 1598 5373 In
1648 5328 1824 5374 morte
1868 5335 2053 5378 versa-

473 5386 585 5444 tus,
632 5391 810 5458 morte
859 5384 1232 5458 perfunctus;
1289 5384 1355 5444 ac
1418 5389 1566 5458 quod
1626 5390 1880 5452 reddidi.
1933 5408 2058 5446 mo-

477 5464 644 5525 nens.
704 5450 893 5522 Inepta
937 5453 1141 5525 Obsop.
1198 5450 1637 5525 circumlocutio,
1725 5461 1790 5515 In
1871 5450 2059 5518 intortis

476 5520 674 5581 positus
700 5520 979 5595 angustiis,
1012 5520 1123 5596 quo
1167 5543 1271 5584 nec
1318 5544 1448 5585 vere
1495 5520 1750 5586 mortuus
1784 5532 2059 5603 signiﬁce-

477 5597 628 5726 μηδι)
660 5658 778 5714 Τὸν
794 5663 1072 5738 εἰρηκότα
1094 5666 1327 5731 ψκίζει.
1359 5668 1522 5723 Gesn.
1552 5669 1606 5724 in
1634 5669 2060 5741 marg.l’identur

2156 3188 2236 3259 τῷ
2270 3188 2487 3263 θανάτῳ
2511 3194 2805 3265 γενόμενος
2831 3196 2929 3267 (g),
2960 3197 3052 3251 τὸν
3095 3201 3441 3271 νεκρωθέντα
3471 3204 3638 3257 πάλιν
3670 3206 3753 3270 είς

2104 3322 2113 3331 .
2155 3280 2253 3351 τὴν
2288 3282 2435 3354 ζωὴν
2473 3285 2838 3355 ἐπανήγαγεν.

2229 3373 2329 3439 ιιδν.
2373 3373 2432 3426 '0
2462 3373 2623 3444 λόγος
2662 3378 3138 3450 συγγραφόμενος,
3170 3378 3203 3451 ἢ
3249 3381 3387 3452 πρὸς
3415 3381 3516 3453 τὴν
3549 3382 3748 3439 ἑαυτοῦ

2156 3463 2466 3536 ὑπόμνησιν
2516 3469 2910 3538 ουγγράφεται,
2965 3469 2997 3541 ἢ
3052 3471 3190 3541 πρὸς
3235 3471 3523 3541 ὠφέλειαν,
3583 3474 3769 3545 ἦκαὶ,

2157 3556 2345 3626 ἄμφω,
2376 3557 2409 3629 ἢ
2445 3558 2581 3629 πρὸς
2619 3559 2825 3632 ϐλάϐην
2854 3562 3037 3628 τινῶν,
3073 3562 3269 3639 ηπρὸς
3305 3564 3585 3633 ἐπίδειξιν,
3626 3565 3748 3639 ﬁte

2155 3649 2429 3718 ἀνάγκης.

2228 3834 2328 3898 ιιε’.
2364 3830 2539 3894 Τόπος
2567 3833 2685 3885 ἐστὶ
2725 3833 2921 3905 χλόης·
2959 3836 2994 3905 ἡ
3051 3837 3333 3909 πρακτικὴ
3367 3839 3572 3911 ἁρετή’
3604 3841 3750 3916 ὕδωρ

2156 3920 2542 3984 ἀναπαύσεως.
2579 3923 2612 3993 ἠ
2635 3922 2841 3989 γνῶσις
2868 3925 2979 3978 τῶν
3002 3928 3328 3994 γεγονότων.

2226 4011 2342 4081 ἦς’.
2376 4013 2513 4066 Σκιά
2535 4011 2767 4067 θανάτου
2796 4017 2944 4069 ἐστὶν
2971 4019 3004 4089 ἡ
3037 4017 3354 4091 ἀνθρωπίνη
3388 4020 3524 4092 ζωή.
3570 4019 3644 4081 Εἴ
3664 4040 3747 4099 τις

2154 4099 2248 4159 οῦν
2276 4107 2391 4160 ἐστι
2427 4106 2568 4177 μετά
2592 4105 2687 4162 τοῦ
2709 4107 2866 4175 Θεοῦ,
2897 4111 2992 4163 καὶ
3012 4111 3040 4164 ὁ
3067 4102 3202 4175 Θεὸς
3238 4114 3357 4182 μετ’
3380 4113 3544 4167 αὐτοῦ
3570 4115 3745 4182 ἐστιν,

2154 4191 2313 4263 οὗτος
2342 4197 2564 4254 δύναται
2615 4201 2791 4255 εἰπεῖν
2812 4201 3060 4273 ἐναργῶς
3089 4202 3170 4268 τὸ,
3234 4205 3370 4259 Ἐὰν
3393 4206 3502 4275 γὰρ
3526 4220 3746 4276 πορευ-

2156 4289 2240 4347 θῶ
2270 4293 2338 4345 ἐγ
2356 4292 2526 4361 μέσῳ
2551 4291 2733 4361 σκιᾶς
2764 4295 3044 4364 θανάτου,
3069 4298 3142 4351 οὐ
3182 4298 3609 4371 φοϐηθήσομαι

2085 4393 2131 4452 υ
2158 4382 2259 4448 κὰ,
2283 4383 2371 4437 ὅτι
2408 4385 2490 4439 σὺ
2514 4387 2645 4455 μετ’
2676 4387 2824 4456 ἐμοῦ
2853 4384 2926 4443 εἷ.

2225 4474 2330 4543 ιτζν,
2363 4476 2506 4541 Νοῦς
2536 4478 2634 4547 μὲν
2654 4477 2895 4546 καθαρὸς
2921 4479 3059 4552 ὀρθὰ
3108 4480 3295 4553 βλέπει
3320 4482 3390 4536 τὰ
3414 4484 3739 4556 πράγματα·

2153 4566 2313 4636 λόγος
2343 4567 2400 4621 δὲ
2429 4570 2900 4642 γεγυμνασμένος,
2931 4574 3024 4626 ὑπ’
3044 4573 3169 4644 δψιν
3202 4575 3326 4644 ἄγει
3353 4573 3423 4628 τὰ
3453 4576 3736 4648 ὁραθέντα’

2152 4661 2289 4732 ἀκοὴ
2322 4662 2378 4717 δὲ
2413 4664 2641 4736 λαμπρά
2696 4666 3017 4737 ὑποδέχεται
3052 4667 3212 4722 αὐτά.
3256 4668 3315 4722 '0
3344 4667 3402 4722 δὲ
3433 4669 3542 4724 τῶν
3574 4668 3739 4743 τριῶν

2158 4754 2543 4826 ἐστερημένος,
2574 4757 2667 4810 τὸν
2695 4758 2956 4829 εἰρηκότα
2982 4759 3198 4824 κακίζει
3234 4759 3335 4831 (It).

2228 4936 2335 5001 ἰπηκ
2362 4934 2518 4987 Μετὰ
2548 4934 2641 4987 τοῦ
2695 4934 2831 4990 Θεοῦ
2879 4939 3028 4992 ἐστιν
3058 4939 3087 4992 6
3130 4938 3228 5009 τὴν
3258 4938 3420 5007 ἁγίαν
3456 4937 3728 5007 γινώσκων

2161 5022 2389 5094 Τριάδα,
2422 5024 2518 5077 καὶ⁵
2565 5023 2664 5096 τὴν
2693 5025 3057 5098 δημιουργίαν
3105 5028 3297 5098 αὐτῆς,
3336 5028 3432 5081 καὶ
3458 5028 3560 5099 τὴν
3606 5024 3726 5095 πρό·

2759 5190 2806 5221 "
2837 5186 2982 5244 Psal'.
3015 5204 3144 5256 xxn,
3178 5190 3235 5244 τ.
3329 5188 3377 5221 τ’
3409 5187 3545 5243 ibid.
3571 5187 3620 5240 4.

2160 5323 2270 5404 ἀρε
2301 5323 2567 5405 ebscura_:
2599 5341 2665 5381 ac
2680 5326 3173 5405 certepbscuravit
3202 5324 3572 5405 Obsop._ma_|9
3605 5332 3717 5405 "3":

2164 5393 2342 5467 sione,
2360 5409 2507 5467 _cum
2533 5396 2650 5465 ipsa
2701 5396 3049 5467 intelligenti,
3114 5404 3172 5451 et
3226 5406 3286 5452 ut
3320 5393 3564 5457 reddidi,
3613 5393 3721 5467 sint

2164 5464 2332 5518 clara.
2360 5464 2507 5541 ln_se
2538 5464 2721 5541 itaque
2780 5464 3290 5541 MaiimusAverum
3344 5472 3591 5541 expertus
3637 5464 3722 5541 est

2165 5548 2324 5588 suum
2357 5537 2592 5601 axioma,
2622 5527 2682 5590 τὸ
2712 5536 3032 5601 κακίζεσθαι
3054 5536 3328 5592 dicentem
3354 5554 3369 5603 ;
3411 5527 3724 5604 reprehendi

2165 5603 2376 5659 scilicet
2403 5606 2474 5677 ab
2498 5607 2587 5673 iis,
2618 5607 2822 5677 quibus
2850 5608 3034 5663 desint
3072 5608 3152 5663 illi
3190 5603 3635 5664 commemdrata.
3667 5606 3732 5654 ut

2166 5690 2292 5731 cum
2325 5676 2459 5735 satis
2479 5676 2694 5749 assequi
2722 5679 2955 5749 possint.
