4128 6210
438 292 500 356 Ῑῦ
512 292 572 355 Π

1314 299 1646 359 CAPITUM
1683 299 1780 359 DE
1817 299 2248 359 CIIARITATE
2285 298 2677 361 CENTURIA
2715 302 2833 364 III.

3545 305 3682 368 1018

439 446 579 482 νοιαν
601 445 615 459 ’
655 428 754 488 καὶ,
768 429 827 483 τὸ
852 428 1092 500 παθητὸν
1124 430 1289 502 μέρος
1331 433 1429 502 τῆς
1460 431 1640 503 ψυχῆς
1676 431 1884 494 ἀπαθὲς
1921 450 1989 484 κεη

2115 412 2396 481 patibilem
2438 413 2608 467 animi
2645 422 2858 484 partem
2895 410 3198 469 affectibus
3240 431 3469 471 vacuam
3506 431 3699 476 nactus

434 538 536 590 κτη
546 521 728 590 μένος.

499 609 603 676 ιιθε
637 610 749 680 Τὴν
789 608 981 680 ῥάϐδον
1017 611 1304 681 σημαίνειν
1343 614 1477 682 φασὶ
1535 613 1633 684 τὴν
1689 614 1877 685 κρίσιν
1915 612 2012 682 τὴν

432 702 522 755 τοῦ
545 701 679 753 Θεοῦ
699 718 713 733 '
742 703 841 770 τὴν
879 703 935 756 δὲ
968 701 1292 773 βακτηρίαν,
1338 706 1434 773 τὴν
1465 706 1740 777 πρόνοιαν.
1779 704 1888 772 Τοῦ
1918 700 2012 755 οὖν

431 799 527 864 τῆς
573 793 776 844 τούτων
830 793 1086 860 γνώσεως
1119 795 1508 866 μετειληφότος
1556 797 1672 848 ἐστὶ
1703 795 1763 847 τὸ
1792 795 1969 862 λέγειν
1995 813 2007 826 ·

442 884 733 953 Ἠράϐδος
763 899 880 937 σου
902 884 1002 937 καὶ
1028 885 1064 951 ἡ
1085 886 1390 955 βακτηρία
1409 904 1547 951 σου,
1562 883 1750 956 ,αὗταί
1765 903 1841 955 ,με
1864 902 2012 954 παρ-

430 977 753 1034 εκάλεσαν.

499 1069 564 1141 ρ’.
599 1070 729 1126 Ὅτε
763 1073 790 1124 ὁ
813 1070 932 1134 νοῦς
959 1071 1148 1124 παθῶν
1178 1071 1463 1142 γυμνωῠῇ,
1490 1074 1582 1125 καὶ
1613 1076 1678 1143 τῇ
1711 1074 1814 1126 τῶν
1842 1071 2012 1123 ὄντων

428 1161 857 1233 καταλάμπηται
883 1163 1108 1234 θεωρίᾳ,
1145 1164 1264 1216 τότε
1297 1163 1519 1217 δύναται
1556 1166 1650 1218 καὶ
1683 1165 1740 1216 ἐν
1771 1162 1887 1232 Θεῷ
1919 1178 2011 1228 γε·

426 1254 631 1340 νέσθαι,
658 1255 750 1308 καὶ
777 1255 851 1318 ὡς
882 1255 964 1308 δεῖ
998 1254 1414 1326 προσεύχεσθαι.

684 1527 689 1530 _
989 1458 1128 1511 Τοι-
1175 1457 1423 1510 ΑΥΤΟΥ

735 1550 873 1618 Περὶ
893 1549 1120 1620 ἀγάπης
1154 1550 1318 1617 τρίτη
1347 1549 1690 1614 ἑκατοντάς.

498 1651 569 1698 α’.
619 1643 683 1696 Ἦ
714 1643 812 1712 μὲν
843 1641 1065 1710 εὖλογος
1097 1641 1203 1694 τῶν
1229 1642 1518 1710 νοημάτων
1549 1642 1644 1695 καὶ
1692 1641 1799 1695 τῶν
1825 1658 2002 1712 πραγ-

431 1737 616 1808 μάτων
653 1735 867 1807 χρῆσις,
919 1733 1272 1805 σωφροσύνης
1322 1735 1418 1786 καὶ
1463 1733 1682 1803 ἀγάπης
1727 1735 1820 1787 καὶ
1863 1733 2003 1802 γνώ-

429 1827 567 1891 σεώς
612 1830 731 1881 ἐστι
779 1827 1075 1896 ποιητική·
1122 1827 1155 1896 ἡ
1195 1826 1268 1878 δὲ·
1310 1826 1540 1894 ἄλογος,
1579 1825 1876 1888 ἀκολασίας
1909 1828 2003 1879 καὶ

430 1920 618 1990 μίσους
651 1919 745 1972 καὶ
774 1918 1030 1987 ἀγνοίας.⁹

497 2101 564 2171 β’.
602 2101 958 2170 Thomas-ac
988 2097 1247 2152 ἐνώπιόν
1286 2115 1406 2167 μου
1461 2095 1771 2164 τράπεζαν,
1805 2095 1898 2148 καὶ
1936 2095 2003 2165 τὰ

425 2191 572 2261 ἑξῆς.
618 2190 681 2241 Ἠ
708 2189 954 2259 τράπεζα
984 2187 1216 2240 ἐνταῦθα
1248 2188 1504 2259 σημαίνει
1555 2188 1653 2255 τὴν
1691 2185 2002 2257 πρακτικὴν

424 2284 648 2355 ἀρετήν.
695 2282 840 2354 Αὕτη
887 2283 994 2352 γὰρ
1025 2281 1084 2348 ἐξ
1121 2281 1370 2344 ἐναντίας
1403 2279 1510 2333 τῶν
1541 2280 1827 2333 θλιϐόντων
1855 2282 2002 2348 ἡμᾶς

426 2373 576 2443 παρὰ
607 2373 843 2444 Χριστοῦ
877 2372 1202 2444 ὴτοιμάσθη.
1261 2373 1333 2424 Τὸ
1365 2371 1420 2424 δὲ
1446 2372 1624 2424 ἔλαιον
1649 2371 1710 2424 τὸ
1755 2371 2001 2423 λιπαῖνον

423 2464 514 2516 τὸν
541 2464 687 2526 νοῦν,
715 2465 812 2536 τὴν
841 2465 1074 2535 θεωρίαν
1094 2463 1202 2517 τῶν
1227 2463 1545 2530 γεγονότων.
1575 2464 1646 2514 Τὸ
1669 2463 1723 2516 δὲ
1745 2467 2000 2531 ποτήριον

423 2555 516 2607 τοῦ
543 2554 678 2607 Θεοῦ
718 2554 826 2626 (i),
861 2556 960 2623 τὴν
989 2555 1191 2623 γνῶσιν
1219 2554 1318 2625 τὴν
1359 2553 1452 2606 τοῦ
1484 2554 1640 2606 Θεοῦ.
1675 2555 1746 2605 Τὸ
1766 2553 1820 2605 δὲ
1855 2554 2002 2616 ἔλεος

424 2646 612 2712 αὐτοῦ,
637 2647 725 2698 τὸν
747 2646 918 2714 Λόγον
947 2646 1112 2700 αὐτοῦ
1135 2647 1229 2698 καὶ
1258 2645 1410 2698 Θεόν.
1445 2639 1614 2707 Οὗτος
1643 2646 1752 2715 γὰρ
1786 2644 1874 2697 διὰ
1899 2643 1999 2712 τῆς

357 2749 363 2754 '
421 2737 889 2809 ὲνανορωπήσεως
913 2736 1078 2791 αὑτοῦ
1101 2735 1426 2790 καταδιώκει
1450 2737 1630 2799 πάσας
1647 2737 1744 2798 τὰς
1764 2735 1998 2807 ἡμέρας,

420 2830 525 2892 ἕως
559 2825 620 2881 οὗ
648 2831 858 2892 πάντας
889 2829 1172 2900 καταλάϐῃ
1191 2829 1318 2892 τοὺς
1349 2828 1784 2898 σωθησομένους,
1811 2829 1999 2899 ὥσπερ

418 2921 509 2975 τὸν
541 2922 767 2975 Παῦλον.
789 2923 845 2974 '0
875 2923 931 2974 δὲ
957 2918 1126 2984 οἶκος,
1155 2922 1252 2991 τὴν
1277 2921 1576 2990 βασιλείαν,
1609 2914 1720 2993 ὲνῇ
1753 2920 1998 2973 ἀποκαθ-

421 3015 665 3067 ίστανται
703 3015 906 3078 πάντες
967 3017 1014 3068 οἱ
1042 3016 1207 3083 άγιοι.
1244 3015 1310 3066 Ἦ
1339 3013 1396 3066 δὲ
1434 3012 1710 3083 μακρότης
1738 3012 1844 3065 τῶν
1866 3015 1998 3083 ἡμε-

422 3107 550 3178 ρῶν,
581 3107 681 3179 τὴν
717 3107 933 3161 αἰώνιον
955 3108 1120 3176 ζωήν.

484 3200 554 3266 γ’.
592 3201 749 3254 Κατὰ
795 3202 1141 3270 παράχρησιν
1194 3201 1251 3253 αἱ
1293 3199 1484 3252 κακίαι
1527 3199 1636 3250 τῶν
1686 3200 1784 3267 τῆς
1817 3198 1996 3269 ψυχῆς

414 3291 697 3362 δυνάμεων
726 3283 1369 3363 ἡμῖν’ὲπισυμϐαίνουσιν
1390 3308 1402 3321 ⁸
1436 3287 1568 3355 οἷον,
1597 3295 1694 3362 τῆς
1725 3309 1784 3343 τε
1808 3291 1994 3344 ἐπιθυ-

418 3385 674 3455 μητικῆς,
701 3386 794 3438 καὶ
838 3386 938 3456 τῆς
987 3386 1325 3454 θυμοειδοῦς,
1378 3386 1598 3455 καὶτῆς
1656 3385 1989 3454 λογιστικῆς.

415 3474 525 3527 Καὶ
544 3475 642 3545 τῆς
674 3475 772 3544 μὲν
794 3475 1108 3546 λογιστικῆς
1135 3475 1418 3544 δυνάμεως
1445 3474 1788 3547 παράχρ-ησίς
1821 3475 1989 3535 ἐστιν,

411 3567 657 3634 ἀγνωσία
688 3569 783 3620 καὶ
815 3568 1096 3638 ἀφροσύνη
1122 3583 1135 3596 ο
1178 3567 1278 3636 τῆς
1306 3568 1364 3620 δὲ
1393 3567 1710 3636 θυμοειδοῦς
1750 3567 1842 3618 καὶ
1875 3568 1993 3616 ἐπι-

414 3658 743 3731 θυμητικῆς,
774 3663 928 3731 μῖσος
976 3661 1071 3714 καὶ
1119 3659 1403 3713 ἀκολασία.
1440 3660 1646 3730 Χρῆσις
1675 3659 1731 3710 δὲ
1762 3659 1988 3722 τούτων,

411 3751 610 3818 γνῶσις
634 3752 729 3805 καὶ⁸
763 3752 1024 3821 φρόνησις
1046 3793 1059 3814 ,
1095 3752 1284 3823 άγάπη
1317 3769 1376 3805 τε
1403 3753 1500 3805 καὶ
1527 3751 1868 3820 σωφροσύνη.
1929 3752 1990 3802 Εἰ

409 3843 467 3896 δὲ
499 3843 680 3908 τοῦτο,
710 3844 859 3897 οὐδὲν
886 3844 996 3898 τῶν
1021 3845 1125 3899 ὑπὸ
1153 3844 1286 3900 Θεοῦ
1345 3844 1671 3898 κτισθέντων
1701 3844 1793 3897 καὶ
1825 3859 1985 3910 γεγο-

408 3936 576 3989 νότων
614 3937 731 3989 ἐστὶ
762 3937 954 3992 κακόν.

477 4029 540 4082 δ’.
571 4031 644 4083 Οὐ
673 4030 742 4082 τὰ
784 4029 1046 4099 βρώματα
1094 4030 1261 4093 κακὰ,
1314 4028 1426 4080 ἀλλ’
1470 4030 1502 4099 ή
1537 4028 1982 4100 γαστριμαργία·

406 4123 526 4177 οὐδὲ
548 4123 580 4193 ή
614 4122 948 4186 παιδοποιία,
971 4122 1084 4175 ἀλλ’
1111 4123 1144 4191 ὴ
1181 4121 1404 4191 πορνεία
1427 4136 1439 4148 ·
1462 4122 1583 4174 οὐδὲ
1612 4123 1682 4174 τὰ
1704 4125 1981 4192 χρήματα,

406 4214 520 4266 ἀλλ’
550 4215 583 4286 ἡ
620 4215 949 4285 φιλαργυρία
973 4230 986 4243 ·
1019 4214 1140 4266 οὐδὲ
1176 4216 1208 4284 ἡ
1241 4213 1386 4278 δόξα,
1448 4215 1563 4269 ἀλλ’
1614 4217 1647 4286 ἡ
1685 4216 1978 4281 κενοδοξία.

2119 518 2222 562 est.

2193 600 2278 656 99.
2313 602 2530 672 Virgam
2558 601 2714 655 aiunt
2739 599 3046 670 signiﬁcare
3071 601 3165 655 Dei
3191 601 3460 671 judicium
3491 621 3504 656 :
3531 603 3696 656 bacu-

2118 693 2232 747 lum
2279 709 2444 756 vero,
2501 692 2930 760 providentiam.
2976 693 3108 762 Ejus
3156 708 3308 762 ergo,
3349 694 3441 763 qui
3497 695 3693 748 horum

2118 787 2367 855 percepit
2395 785 2703 847 scientiam,
2729 795 2814 838 est
2845 792 2905 837 ut
2931 785 3077 838 dicat.
3105 802 3117 837 :
3145 783 3302 855 Virga
3332 795 3422 838 tua
3450 793 3498 837 et
3532 785 3692 839 bacu-

2116 877 2197 931 lus
2227 886 2367 940 tuus,
2392 877 2506 946 ipsa
2535 891 2616 928 me
2645 872 2915 928 consolata
2940 881 3063 926 sunt
3092 872 3162 925 ⁷³.

2190 1066 2306 1119 10;).
2351 1065 2454 1120 Ubi
2498 1080 2652 1118 mens
2696 1063 2899 1118 nudata
2929 1062 3241 1128 all‘ectibus,
3276 1077 3461 1116 rerum
3497 1076 3691 1131 specu-

2111 1156 2316 1210 latione
2361 1155 2798 1220 collustrabitur,
2825 1161 2937 1207 tum
2975 1169 3099 1208 cum
3123 1153 3234 1207 Deo
3264 1152 3494 1217 versari,
3526 1160 3601 1217 et,
3631 1158 3691 1205 ut

2111 1257 2349 1316 oportet,
2389 1263 2548 1302 orare
2587 1247 2811 1317 poterit.

2043 1368 2114 1380 —-—-

2724 1425 3051 1481 EJUSDEM

2348 1522 2423 1576 De
2455 1523 2715 1575 charitate
2747 1521 2900 1573 tertio
2934 1525 3151 1571 centena
3182 1518 3377 1587 capita.

2033 1649 2080 1710 Β
2179 1615 2230 1669 l.
2270 1612 2618 1668 Conveniens
2665 1626 2730 1665 ex
2776 1610 2989 1664 ratione
3031 1606 3424 1677 cogitationum
3464 1619 3682 1660 rerum-

2106 1723 2212 1777 que
2249 1697 2683 1773 ac'negotiorum
2715 1717 2870 1764 usus,
2911 1698 3327 1768 temperantiam
3365 1712 3429 1752 ac
3461 1696 3686 1751 castita-

2105 1807 2250 1862 tem,
2302 1796 2626 1850 charitatem
2679 1802 2735 1847 et
2781 1790 3070 1844 scientiam
3124 1789 3315 1858 parit:
3353 1788 3448 1855 qui
3495 1794 3681 1840 autem

2103 1888 2363 1941 abhorret
2410 1901 2441 1938 a
2485 1884 2717 1947 ratione,
2753 1880 3256 1950 intemperantiam,
3298 1879 3596 1947 odiumque
3627 1887 3684 1934 et

2103 1979 2488 2052 ignorantiam.

2170 2071 2225 2124 2.
2287 2068 2503 2123 Parasti
2557 2069 2614 2120 in
2675 2073 2950 2135 conspectu
3007 2079 3118 2117 meo
3176 2079 3413 2116 mensam
3448 2061 3517 2127 ⁷⁸,
3570 2069 3679 2118 etc.

2102 2161 2287 2216 Mensa
2324 2161 2413 2214 hic
2439 2160 2702 2213 virtutem
2735 2155 3028 2227 signiﬁcat,
3055 2169 3176 2223 quae
3202 2153 3419 2208 actione
3444 2154 3676 2223 geritur.

2103 2252 2227 2308 Ha'c
2259 2254 2408 2307 enim
2443 2267 2473 2306 a
2505 2250 2726 2306 Christo
2756 2255 2946 2316 parata
2978 2253 3082 2312 est,
3111 2261 3178 2300 ex
3214 2244 3450 2300 adverso
3471 2259 3678 2324 eorum

2102 2346 2196 2416 qui
2245 2344 2514 2398 tribulant
2557 2355 2677 2395 nos.
2721 2339 2915 2394 Oleum
2962 2346 3146 2392 autem
3193 2344 3431 2391 mentem
3471 2335 3676 2405 impin-

2102 2454 2302 2510 guans,
2339 2452 2524 2492 rerum
2577 2423 2883 2490 ereatar'um
2932 2431 3387 2502 speculationem.
3419 2430 3514 2484 Dei
3543 2445 3678 2485 vero

2102 2529 2262 2591 calix,
2299 2528 2391 2582 Dei
2427 2526 2796 2597 cognitionem
2835 2538 2896 2576 ac
2931 2521 3238 2576 scientiam.
3279 2519 3406 2591 Ejus
3438 2519 3676 2589 denique

2102 2619 2500 2683 misericordia,
2535 2617 2708 2686 ipsius
2732 2614 2972 2670 Verbum
3002 2628 3066 2666 ac
3086 2613 3277 2666 Deum.
3305 2611 3488 2680 Ipsum
3513 2609 3674 2682 427

2100 2697 2398 2781 ριιὶιῐιῳιιι
2445 2709 2725 2763 hominem
2777 2705 2976 2766 induit,
3018 2703 3369 2773 persequitur
3417 2701 3678 2755 omnibus

2100 2803 2330 2866 diebus,
2376 2801 2553 2855 donec
2598 2813 2789 2852 omnes
2837 2795 3128 2851 salvandos
3169 2792 3672 2862 comprehenderit,

2101 2895 2181 2948 uti
2205 2894 2458 2947 Paulum.
2492 2893 2717 2955 Domus,
2753 2905 2980 2961 regnum
3005 2887 3167 2942 estin
3197 2885 3344 2956 quod
3377 2883 3674 2938 reducendi

2026 2991 2066 3048 C
2102 2994 2229 3041 sunt
2254 3001 2448 3039 omnes
2476 2983 2667 3039 sancti.
2708 2981 3018 3053 Longitudo
3047 2980 3282 3045 dierum,
3306 2977 3418 3032 vita
3447 2986 3671 3032 aeterna.

2167 3221 2220 3273 5.
2260 3220 2449 3273 Abusu
2481 3219 2681 3272 virium
2722 3218 2938 3285 animae,
2963 3219 3096 3273 vitia
3131 3218 3294 3273 nobis
3328 3218 3669 3283 inolescunt;

2096 3319 2211 3365 tum
2261 3313 2471 3367 scilicet
2513 3311 2981 3381 concupiscentis,
3021 3321 3136 3364 tum
3178 3311 3467 3364 irascentis
3501 3309 3668 3362 animi

2094 3406 2198 3470 vis,
2239 3414 2354 3460 tum
2389 3405 2562 3475 partis
2599 3405 2851 3458 rationis.
2888 3404 2965 3457 Ac
2988 3404 3210 3473 quidem
3239 3404 3412 3472 partis
3440 3402 3670 3457 rationis

2093 3498 2332 3562 abusus,
2376 3497 2685 3567 ignorantia
2734 3504 2818 3550 est
2866 3497 3210 3562 etstultitia;
3256 3496 3348 3551 ira:
3386 3508 3568 3550 autem
3613 3505 3669 3552 et

2092 3589 2430 3658 cupiditatis,
2472 3587 2658 3642 odium
2700 3597 2755 3640 et
2796 3586 3214 3655 intemperantia
3252 3604 3264 3638 :
3300 3589 3489 3640 harum
3535 3601 3666 3642 vero

2093 3692 2244 3742 usus,
2280 3677 2511 3730 Scientia
2553 3686 2609 3728 et
2651 3675 2966 3746 prudentia,
3003 3674 3338 3744 dilectioque
3372 3683 3428 3729 et
3459 3685 3668 3744 tempe-

2091 3769 2292 3822 rantia.
2338 3767 2496 3832 Quod
2551 3767 2594 3821 si
2635 3767 2709 3820 ita
2751 3774 2855 3829 est,
2899 3765 3034 3819 nihil
3071 3781 3263 3820 eorum
3317 3783 3438 3835 quae
3480 3782 3510 3819 a
3554 3768 3669 3821 Deo

2088 3867 2274 3914 creata
2305 3866 2458 3921 sunt,
2492 3857 2720 3926 ipsoque
2750 3864 2976 3910 auctore
3010 3863 3069 3909 ut
3101 3862 3288 3910 essent
3312 3866 3665 3926 acceperunt,

2089 3949 2291 4003 malum
2316 3958 2419 4006 est.

2155 4043 2210 4096 4.
2250 4043 2369 4098 Non
2404 4047 2514 4102 cibi
2555 4050 2680 4103 mali
2716 4062 2863 4114 sunt,
2902 4050 2995 4105 sed
3029 4048 3186 4119 gula;
3227 4065 3334 4104 nec
3364 4050 3665 4104 liberorum

2087 4138 2424 4203 procreatio,
2457 4140 2551 4194 sed
2602 4143 2892 4207 scortatio;
2931 4157 3031 4195 nec
3086 4143 3353 4211 pecuniae,
3395 4142 3490 4194 sed
3536 4157 3665 4195 ενοι

2085 4229 2244 4295 rilia;
2286 4246 2466 4300 neque
2491 4233 2684 4302 gloria,
2715 4235 2807 4288 sed
2846 4233 3024 4288 inanis
3059 4233 3252 4303 gloria.
3294 4233 3449 4299 Quod
3491 4234 3536 4288 si
3590 4233 3664 4288 ita

409 4307 472 4358 Εί
492 4305 550 4358 δὲ
564 4304 741 4370 τοῦτο,
767 4306 922 4358 οὐδὲν
953 4307 1009 4358 ὲν
1038 4308 1150 4369 τοῖς
1180 4301 1297 4358 οὖσι
1328 4306 1520 4368 κακὸν,
1551 4308 1600 4359 εἰ
1637 4308 1710 4376 μὴ
1738 4309 1769 4376 ἡ
1807 4309 1983 4378 παρά-

2090 4327 2190 4385 est,
2223 4320 2360 4376 nihil
2400 4322 2454 4376 in
2493 4324 2661 4378 rebus
2701 4325 2903 4378 malum
2942 4334 3045 4388 est,
3084 4323 3188 4378 nisi
3231 4323 3456 4389 abusus,
3491 4339 3560 4377 ex
3595 4337 3664 4378 eo

407 4413 624 4466 χρησις,
651 4396 773 4466 ἦτις
799 4395 1085 4465 συμϐαίνει
1109 4397 1174 4449 ὲκ
1205 4396 1305 4466 τῆς
1327 4395 1421 4449 τοῦ
1452 4395 1544 4449 νοῦ
1568 4397 1827 4466 ἀμελείας
1858 4399 1983 4468 περὶ

402 4487 500 4558 τὴν
537 4488 775 4558 φυσικὴν
804 4487 1099 4557 γεωργίαν.

473 4585 534 4633 ε’.
566 4579 638 4632 Τὸ
661 4582 715 4631 ὲν
741 4578 960 4648 δαίμοσι
992 4579 1160 4633 κακὸν
1208 4578 1383 4632 ταῦτα
1429 4575 1566 4633 εἷναί
1617 4597 1783 4650 φησιν
1809 4583 1837 4632 ὁ
1872 4598 1972 4649 μα-

402 4671 593 4742 κάριος
633 4673 906 4734 Διονύσιος
957 4672 1046 4744 (i)
1075 4711 1090 4737 ,
1130 4671 1301 4741 θυμὸν
1347 4671 1562 4739 ἄλογον,
1597 4673 1756 4726 ἄνουν
1783 4673 1975 4726 ἐπιθυ-

405 4761 556 4830 μίαν,
592 4761 889 4830 φαντασίαν
924 4764 1194 4832 προπετῆ.
1242 4762 1460 4830 Ἀλογία
1489 4763 1545 4816 δὲ
1575 4763 1667 4817 καὶ
1701 4763 1855 4816 ἄνοια
1883 4764 1978 4817 καὶ

401 4857 699 4924 προπέτεια
728 4855 819 4907 ἐπὶ
843 4856 948 4907 τῶν
971 4855 1204 4924 λογικῶν
1232 4858 1518 4926 στερήσεις
1566 4858 1672 4909 εἰσὶ
1701 4856 1858 4925 λόγου
1884 4857 1978 4908 καὶ

395 4939 488 4994 νοῦ
522 4941 616 4994 καὶ
656 4941 1053 5012 περισκέψεως.
1094 4944 1160 4996 ΑΞ
1190 4944 1246 4997 δὲ
1295 4946 1578 5015 στερήσεις
1602 4989 1617 5008 ,
1653 4945 1760 5000 τῶν
1811 4945 1976 5012 ἒξεών

398 5033 506 5086 είσι
539 5033 805 5106 δεύτεραι.
836 5038 978 5108 Ἀρα
1000 5031 1090 5090 οὖν
1115 5033 1181 5107 ἦν
1204 5039 1292 5090 ὅτε
1318 5039 1562 5110 ὑπῆρχεν
1589 5042 1645 5095 ἐν
1675 5040 1857 5102 αὐτοῖς
1886 5040 1973 5094 λόο

475 5189 524 5222 ’⁸
549 5188 690 5244 Psal.
727 5204 854 5255 xxxi,
888 5190 942 5244 4.
1022 5192 1066 5221 "
1096 5192 1237 5247 Psal.
1272 5209 1400 5257 nn,
1435 5193 1486 5250 5.

466 5348 526 5432 (τ’)
559 5350 628 5404 Τὸ
658 5349 726 5402 δὲ
756 5350 1041 5432 ποτήριογ
1067 5353 1173 5432 τοῖς
1202 5353 1368 5432 Θερῦ.
1399 5349 1660 5432 sequitur
1703 5356 1970 5432 malumus

392 5418 712 5479 lectionem.
738 5436 903 5494 quam
938 5421 1132 5494 haberi
1154 5424 1210 5475 ἐν
1235 5426 1298 5492 τῇ
1328 5418 1505 5494 κοινῇ,
1534 5435 1728 5479 auctor
1774 5425 1968 5481 lliero-

393 5504 620 5559 nyn'ms;
646 5498 836 5558 estque
870 5491 1120 5546 Psalterii
1148 5491 1365 5547 Arabici
1404 5491 1736 5558 et’Romani,
1789 5497 1963 5549 Pocu-

397 5558 506 5612 lam
535 5570 692 5634 tuum
732 5560 1022 5614 inebrians.
1071 5562 1232 5634 Cypr.
1286 5565 1323 5617 l.
1385 5580 1455 5628 ιι,
1504 5566 1666 5632 epist.
1705 5566 1738 5618 5
1773 5565 1966 5620 :Calix

396 5631 814 5704 [ausinebrianm
840 5647 1095 5704 perquam
1115 5631 1384 5704 raptimus.
1406 5631 1761 5704 Scltol,Dufr.
1788 5637 1922 5689 (10d.
1950 5655 1960 5689 :

398 5701 507 5754 Καὶ
533 5701 593 5754 τὸ
625 5701 882 5773 ποτήριόν
917 5719 1007 5754 σου
1033 5701 1301 5776 μεθύσκον
1339 5722 1425 5775 με,
1455 5705 1526 5767 ὡς
1553 5701 1606 5759 εί
1651 5707 1954 5777 κράτιστον.

2083 4427 2282 4481 nempe
2323 4413 2668 4484 contingens,
2705 4415 2850 4485 quod
2890 4417 3108 4470 animus
3138 4431 3202 4470 ea
3241 4431 3363 4484 qua:
3403 4425 3531 4469 sunt
3567 4431 3664 4469 na-

2083 4510 2219 4556 tura:
2252 4504 2433 4558 colere
2467 4507 2710 4575 negligit.

2248 4590 2444 4644 Malum
2498 4592 2554 4644 in
2609 4593 2951 4649 dremonibus
2989 4595 3104 4650 haec
3148 4611 3292 4662 esse,
3342 4597 3417 4650 ait
3467 4597 3660 4650 beatus

2084 4680 2396 4750 Dionysius,
2433 4681 2568 4734 iram
2600 4683 2811 4739 scilicet
2839 4686 3045 4756 absque
3081 4688 3312 4751 ratione,
3347 4687 3656 4740 dementem

2083 4769 2388 4834 libidinem,
2418 4773 2801 4841 cogitationem
2831 4776 3188 4845 praecipitem.
3212 4776 3398 4844 Atqui,
3428 4777 3657 4829 rationis

2084 4862 2392 4930 mentisque
2441 4863 2718 4929 absentia,
2761 4877 2818 4921 et
2864 4884 3108 4938 praeceps
3156 4869 3324 4923 animi
3374 4869 3652 4938 cogitatio,

2081 4951 2417 5019 privationes
2443 4962 2572 5008 sunt
2602 4957 2848 5021 rationis,
2872 4960 3180 5027 mentisque
3215 4960 3565 5028 perspicacis,
3592 4978 3653 5016 ac

2081 5050 2301 5097 attenta:
2334 5043 2788 5102 considerationis
2819 5067 2830 5102 :
2864 5049 3202 5118 privationes
3235 5060 3439 5120 autem,
3467 5062 3648 5123 poste.

2074 5361 2165 5440 ait
2215 5362 2363 5417 Hier.
2421 5364 2646 5420 llebrzea
2669 5377 2723 5422 ct
2755 5367 2923 5440 LXX,
2969 5383 3269 5440 omnesque
3323 5369 3648 5440 interpretes

2076 5431 2281 5508 habere
2310 5444 2620 5508 μαψ-ιιῐοὶ
2650 5446 2836 5492 nostra
2883 5439 3060 5508 Vulg:
3096 5431 3251 5493 Catia;
3331 5431 3484 5495 meus-
3534 5443 3649 5495 ine-

2074 5500 2276 5582 brians.
2310 5500 2432 5556 Uno
2463 5505 2634 5574 Regio
2660 5508 2784 5582 cod.
2813 5507 2969 5563 deest
2990 5500 3108 5563 vvox
3131 5509 3288 5576 Θεοῦ,
3321 5509 3416 5566 sed
3449 5527 3642 5582 parum

2075 5571 2417 5651 rtalerthutn
2441 5571 2638 5651 omnes
2676 5577 2773 5651 alii
2797 5587 3208 5651 repraesentem.

2144 5642 2209 5713 (Ι)
2241 5642 2314 5695 De
2346 5644 2534 5698 divinis
2555 5642 2874 5715 nominibus,
2898 5665 3017 5720 cap.
3037 5650 3091 5716 4,
3119 5665 3175 5720 p.
3199 5648 3330 5706 212.
