4128 6210
469 285 606 352 ῙΟῙΩ

1632 287 1692 346 5.
1728 285 2015 345 ΜΑΧΙΜΙ
2052 283 2557 349 CONFESSORIS

3585 290 3718 354 10Ξο

463 403 643 457 riores
673 408 800 456 sunt
837 399 1141 456 babitibus.
1188 400 1318 454 Erat
1351 413 1484 470 ergo
1519 413 1644 453 cum
1683 399 1739 451 in
1775 397 1856 450 eis
1883 403 2041 449 erant

2159 412 2241 463 τος
2272 399 2363 452 καὶ
2397 399 2520 462 νοῦς
2552 399 2647 452 καὶ
2704 398 3025 470 περίσκεψις
3056 399 3310 470 εὐλαϐής.
3355 400 3417 453 Ei
3442 399 3499 453 δέ
3541 401 3716 460 τοῦτο,

464 491 627 554 ratio,
661 493 970 559 mentisque
1003 489 1360 559 perspicacia,
1402 499 1457 543 et
1493 489 1736 558 prudens
1774 495 2042 554 cautaque

464 579 853 634 consideratio.
902 579 997 633 Sin
1041 589 1225 634 autem
1262 579 1336 633 ita
1375 595 1433 634 se
1477 595 1566 634 res
1603 577 1789 642 habet,
1831 593 1898 631 ne
1940 577 2042 645 ipsi

464 671 687 739 quidem
720 670 998 724 daemones
1035 681 1232 724 natura
1275 671 1402 726 mali
1437 681 1599 737 sunt;
1640 671 1737 726 sed
1770 687 1834 725 e\
1877 685 2044 740 pravo

467 779 567 816 usu
601 762 936 816 naturalium
965 764 1164 817 virium
1193 765 1320 818 mali
1352 765 1478 819 facti
1512 773 1652 820 sunt.

536 854 586 907 6.
629 854 973 918 Aﬂ'ectuum,
1024 855 1117 909 alii
1164 854 1486 922 libidinem,
1540 857 1635 911 alii
1686 857 1904 921 odium,
1952 856 2046 910 alii

464 953 766 1015 utrumque
823 946 1077 1016 pariunt:
1134 953 1251 1000 tum
1303 949 1515 1003 scilicet
1571 947 1885 1015 libidinem,
1929 958 2043 1004 tum

465 1035 677 1090 odium.

543 1132 594 1183 7.
637 1127 891 1184 Edacitas
937 1130 1300 1201 ciborumque
1344 1131 1617 1201 exquisita
1653 1132 1930 1197 lautities,
1975 1133 2045 1187 li-

469 1219 716 1274 bidinem
746 1221 1078 1292 progignunt
1105 1240 1118 1274 :
1154 1224 1383 1278 avaritia
1407 1240 1540 1278 vero
1565 1232 1622 1279 et
1645 1225 1822 1279 inanis
1849 1226 2045 1296 gloria,

471 1311 660 1365 odium
709 1311 767 1364 in
808 1313 1120 1382 proximum
1165 1332 1178 1367 :
1226 1325 1284 1370 at
1331 1316 1530 1370 horum
1579 1332 1778 1387 parens
1814 1318 2050 1373 carnalis

470 1417 627 1456 amor
656 1401 956 1474 (φιλαυτία)
990 1405 1277 1474 utriusque
1303 1417 1387 1461 est
1414 1416 1625 1463 auctor.

540 1493 594 1547 8.
633 1493 892 1546 Φιλαυτία
922 1495 1022 1565 (sic
1050 1495 1217 1566 dicta)
1262 1497 1590 1553 libidinosus
1625 1509 1710 1554 est
1748 1515 1812 1554 ac
1848 1499 2048 1554 rationi

471 1584 773 1641 adversans
819 1603 975 1643 amor
1010 1604 1074 1643 ac
1115 1589 1288 1644 libido
1327 1591 1594 1660 corporis.
1635 1590 1774 1645 Huic
1810 1591 2050 1646 cbaritas

470 1679 924 1749 continentiaque
953 1691 1334 1750 opponuntur.
1371 1683 1544 1751 Igitur
1583 1683 1637 1736 in
1671 1697 1780 1750 quo
1805 1692 1888 1736 est
1925 1698 2050 1736 cor-

471 1770 624 1837 poris
656 1770 747 1824 ille
787 1785 964 1835 amor,
996 1779 1210 1826 certum
1247 1783 1327 1827 est
1362 1772 1511 1826 vitiis
1546 1773 1802 1826 omnibus
1839 1782 2049 1827 scatere

471 1877 536 1916 ac
568 1862 870 1920 atiectibus.

540 1950 594 2005 9.
629 1950 824 2017 Nemo,
873 1950 1056 2020 inquit
1103 1953 1430 2022 Apostolus,
1476 1970 1688 2006 carnem
1734 1970 1888 2008 suam
1931 1954 2050 2009 odio

470 2042 651 2095 habuit
677 2043 760 2108 7’;
789 2043 1044 2114 suggillat
1069 2053 1244 2098 tamen
1272 2055 1320 2098 et
1349 2047 1404 2099 in
1434 2048 1742 2100 servitutem
1771 2047 1957 2118 redigit
1979 2049 2047 2112 ⁷⁸,

471 2135 611 2188 nihil
653 2135 890 2205 amplius
928 2137 978 2190 ei
1023 2137 1298 2205 pra'bens,
1342 2154 1507 2207 quam
1556 2140 1739 2194 cibum
1782 2150 1840 2195 et
1885 2141 2050 2196 indu-

472 2233 682 2291 menta;
708 2225 932 2294 haecque
955 2226 1094 2281 adeo
1113 2238 1379 2296 quantum
1396 2229 1463 2282 ad
1485 2229 1656 2283 solam
1675 2230 1799 2287 vita
1831 2239 2051 2286 susten-

475 2316 734 2370 tationem
747 2315 914 2388 428
933 2319 1307 2373 necessarium
1325 2321 1416 2374 sit.
1445 2319 1535 2375 Sic
1555 2321 1724 2390 igitur
1746 2323 1871 2392 quis
1889 2323 2056 2376 illibi-

472 2406 671 2462 dinose
706 2409 968 2478 nulloque
997 2409 1134 2464 vitio
1172 2426 1292 2464 eam
1319 2411 1523 2482 diligit;
1563 2427 1627 2468 ac
1663 2415 1814 2469 velut
1850 2413 2086 2472 divini3°

472 2501 820 2555 ancillantem
861 2503 961 2556 alit
996 2511 1052 2557 et
1091 2503 1261 2568 fovet,
1299 2505 1412 2560 illis
1447 2505 1713 2562 duntaxat
1753 2509 2051 2575 concessis,

473 2593 678 2662 quibus
699 2594 820 2664 ejus
844 2594 1146 2665 indigentia
1175 2597 1384 2667 expleri
1413 2599 1606 2668 possit.

545 2684 630 2738 10.
663 2685 834 2751 Quem
859 2687 985 2755 quis
1005 2687 1203 2756 diligit,
1231 2689 1456 2743 omnino
1477 2691 1642 2745 etiam
1667 2692 1850 2746 colere
1878 2691 2055 2747 ofﬁcio

471 2775 691 2845 satagit.
728 2775 783 2830 Si
819 2777 945 2846 quis
975 2793 1108 2849 ergo
1140 2779 1312 2834 Deum
1358 2780 1556 2852 diligit,
1601 2798 1830 2852 prorsus
1864 2784 2054 2850 etiam,

477 2881 600 2935 quae
643 2866 721 2921 illi
770 2868 975 2937 placita
1013 2880 1141 2924 sunt
1178 2882 1439 2940 praastare
1476 2874 1662 2930 studet
1693 2891 1707 2927 :
1744 2875 1828 2930 sin
1873 2885 2056 2932 autem

477 2969 738 3024 carnem,
783 2974 906 3030 qua;
953 2975 1077 3018 eam
1119 2962 1448 3019 obiectando
1491 2964 1624 3032 sint,
1665 2966 1782 3022 haec
1821 2967 2059 3026 libenter

476 3043 630 3102 facit.
2081 3066 2124 3125 C

551 3151 638 3206 Η.
676 3152 789 3208 Deo
823 3155 1046 3224 quidem
1083 3159 1304 3228 placent
1335 3160 1577 3218 cbaritas
1613 3173 1669 3219 et
1699 3167 2061 3236 temperantia

479 3256 578 3298 seu
629 3245 874 3312 castitas,
913 3251 1305 3320 contemplatio
1356 3252 1486 3308 item
1539 3265 1596 3309 et
1646 3257 1852 3323 oratio;
1906 3260 2061 3314 carni

478 3352 633 3402 vero,
665 3340 789 3410 gula
826 3349 883 3394 et
921 3341 1344 3412 intemperantia
1383 3361 1480 3400 seu
1519 3346 1724 3412 libido;
1757 3365 1820 3402 ac
1857 3350 2062 3418 quibus

483 3427 576 3482 illa
615 3438 906 3500 augentur.
943 3432 1152 3488 Idcirco
1183 3453 1196 3487 :
1231 3434 1332 3500 Qui
1365 3437 1419 3489 in
1450 3453 1610 3490 carne
1637 3448 1780 3502 sunt,
1807 3439 1915 3493 Deo
1944 3440 2064 3511 pla-

482 3536 597 3574 cere
631 3539 733 3575 non
765 3532 982 3593 possunt
1009 3527 1076 3579 "’.
1112 3525 1214 3591 Qui
1240 3537 1414 3581 autem
1444 3539 1566 3583 sunt
1601 3529 1815 3597 Christi,
1847 3551 2063 3588 carnem

481 3629 635 3667 suam
673 3615 1048 3683 cruciﬁxerunt
1087 3636 1205 3672 cum
1258 3621 1395 3674 vitiis
1437 3629 1487 3674 et
1533 3625 1962 3694 concupiscentiis
1992 3625 2060 3681 ⁷⁸.

554 3703 641 3757 12.
681 3705 915 3761 Animus
961 3707 1016 3761 in
1061 3709 1232 3762 Deum
1272 3725 1525 3780 vergens,
1556 3721 1805 3782 nutuque
1849 3713 1904 3767 in
1935 3730 2063 3769 eum

483 3796 827 3864 propensior,
867 3813 1325 3868 corpus’servum
1357 3802 1540 3866 habet,
1579 3819 1681 3858 nec
1710 3814 1910 3874 praeter
1937 3807 2064 3862 vita:

483 3888 793 3942 necessaria
820 3890 1120 3959 quidquam
1147 3892 1224 3946 illi
1249 3893 1456 3962 prmbet
1487 3911 1501 3947 :
1533 3894 1619 3949 sin
1645 3905 1827 3951 autem
1857 3897 1912 3952 in
1942 3914 2064 3953 car-

482 3991 608 4029 nem
654 3978 806 4032 vitiis
854 3981 1218 4050 mancipatur,
1270 3983 1418 4038 illius
1475 3999 1693 4054 semper
1765 4001 1952 4042 curam
2007 3989 2063 4043 in

484 4065 777 4125 desideriis
799 4085 966 4140 agens
995 4073 1061 4125 τ’.

557 4163 642 4215 13.
687 4162 743 4216 Si
788 4163 893 4217 hoc
925 4165 1115 4220 studes
1157 4179 1214 4221 ut
1249 4167 1645 4238 cogitationum
1687 4185 1914 4242 compos
1947 4172 2064 4228 etii-

484 4251 671 4315 ciaris,
698 4254 929 4310 affectus
962 4271 1095 4310 cura
1146 4273 1210 4312 ac
1249 4258 1527 4322 libidines,
1565 4260 1874 4330 horumque
1909 4261 2064 4318 facile

482 4342 679 4408 victor,
719 4345 903 4400 animo
953 4346 1074 4402 illas
1113 4347 1322 4417 ejicies.
1373 4350 1508 4402 Puta
1580 4349 1635 4404 in
1678 4350 2061 4420 fornicatione,

479 4436 686 4506 jejuna,
722 4437 906 4506 vigila,
953 4439 1161 4502 labora,
1211 4441 1492 4495 solitarius
1536 4457 1669 4512 age;
1724 4443 1777 4498 in
1817 4445 1894 4498 ira
1934 4461 2065 4501 vero

482 4542 547 4582 ac
583 4527 828 4593 tristitia,
873 4530 1100 4599 gloriam
1145 4539 1200 4585 et
1247 4531 1548 4596 infamiam,
1578 4549 1775 4603 rcsque
1814 4545 2064 4592 terrenas

483 4628 794 4676 contemne.
847 4621 907 4674 In
966 4621 1290 4691 injuriarum
1344 4623 1608 4677 memoria
1654 4639 1718 4679 ac
1763 4625 2061 4693 simultate,

483 4727 578 4766 ora
614 4727 717 4782 pro
748 4727 815 4768 eo
841 4713 936 4782 qui
975 4711 1106 4768 fecit
1135 4713 1413 4785 injuriam,
1450 4722 1508 4770 et
1536 4715 1880 4771 liberaberis.

2146 490 2265 542 ούδέ
2298 493 2345 543 οἱ
2376 492 2628 562 δαίμονες
2654 492 2816 560 φύσει
2843 495 3001 546 κακοί
3025 511 3037 523 ·
3067 494 3182 548 ἀλλ’
3212 495 3277 548 ἐκ
3318 494 3718 565 παραχρὴσεως

2146 581 2254 634 τῶν
2279 583 2526 652 φυσικῶν
2558 583 2841 655 δυνάμεων
2871 584 3034 639 κακοὶ
3062 585 3338 654 γεγόνασι.

2218 837 2292 894 ς’.
2327 832 2407 884 Τά
2433 832 2532 902 μὲν
2569 832 2679 885 τῶν
2700 833 2908 894 παθῶν.
2942 835 3237 898 ἀκολασίας
3257 851 3270 864 °
3295 835 3362 889 τά
3388 834 3467 900 δὲ,
3503 833 3714 906 μίσουςο

2147 923 2215 977 τὰ
2245 923 2321 988 δέ,
2359 925 2452 978 καὶ
2485 924 2782 988 ἀκολασίας
2808 925 2901 979 καὶ
2943 925 3136 996 μίσους
3174 928 3280 980 εἰσὶ
3308 927 3586 998 ποιητικά.

2218 1123 2283 1188 ζ’.
2319 1124 2631 1192 Πολυφαγία
2665 1123 2754 1177 καὶ
2780 1125 3085 1195 ήδυφαγία,
3125 1127 3422 1192 ἀκολασίας
3467 1130 3604 1182 εἰσὶν
3637 1131 3720 1183 αῖς

2147 1233 2239 1269 τια
2267 1216 2386 1288 [Fr.
2430 1217 2658 1290 αῖτιαι]·
2695 1217 3026 1289 φιλαργυρία
3083 1221 3140 1273 δὲ
3179 1221 3274 1274 καὶ
3299 1221 3596 1288 κενοδοξία,
3629 1224 3720 1292 μί-

2150 1325 2276 1372 σους
2313 1309 2446 1381 πρὸς
2471 1309 2562 1362 τὸν
2592 1310 2834 1380 πλησίον.
2876 1311 2942 1363 Ἦ
2971 1311 3028 1363 δὲ
3052 1311 3256 1366 τούτων
3305 1314 3488 1385 μήτηρ
3533 1315 3722 1383 φιλαυ-

2147 1401 2238 1452 τία
2276 1401 2385 1453 τῶν
2420 1402 2746 1473 ἀμφοτέρων
2771 1403 2917 1456 ἐστὶν
2946 1405 3114 1458 αἰτία.

2219 1499 2289 1562 η’.
2330 1493 2590 1547 Φιλαυτία
2645 1497 2794 1548 ἐστὶν
2827 1496 3020 1566 ἠπρδς
3047 1495 3108 1548 τὸ
3144 1497 3302 1565 σῶμα
3340 1498 3588 1568 ἐμπαθὴς
3630 1499 3724 1552 καὶ

2150 1584 2341 1648 ἄλογος
2383 1585 2564 1653 φιλία’
2705 1587 3006 1641 ἀντίκειται
3046 1588 3234 1657 ἀγάπη
3268 1590 3360 1640 καὶ
3408 1591 3720 1656 ἐγκράτεια.

2163 1677 2220 1730 '0
2249 1676 2389 1748 ἔχων
2443 1677 2540 1750 τὴν
2591 1677 2904 1749 φιλαυτίαν,
2953 1679 3110 1751 δῆλον
3159 1681 3242 1733 ὅτι
3293 1680 3406 1751 ἔχει
3454 1683 3627 1734 πάντα
3660 1685 3725 1737 τά

2152 1770 2322 1841 πάθη.

2223 1950 2284 2006 θ’.
2319 1950 2550 2018 Οὐδείς,
2583 1952 2746 2022 φησὶν
2781 1952 3120 2018 ’Δπόστολος,
3153 1953 3268 2023 τὴν
3290 1956 3509 2011 ἑαυτοῦ
3530 1957 3729 2026 σάρκα

2149 2042 2445 2111 ἐμίσησεν
2465 2058 2476 2070 ·
2503 2043 2642 2096 ἀλλ’
2668 2041 2975 2102 ὐποπιάζει
2997 2043 3278 2110 δηλονότι
3309 2046 3406 2099 καὶ
3428 2045 3729 2116 δουλαγω-

2150 2132 2260 2201 τεῒ,
2298 2131 2466 2202 μηδὲν
2498 2131 2658 2186 πλέον
2689 2134 2826 2202 αὐτῇ
2881 2133 3160 2204 παρέχων,
3204 2135 3342 2206 πλὴν
3387 2137 3475 2190 διά
3524 2139 3731 2208 τροφῆς

2152 2225 2244 2277 καὶ
2276 2224 2684 2293 σκεπασμάτων
2709 2239 2722 2253 ⁸
2757 2225 2850 2277 καὶ
2879 2223 3085 2278 τούτων
3117 2226 3314 2296 μόνων,
3363 2227 3473 2280 τῶν
3508 2229 3642 2297 πρὸς
3671 2228 3732 2282 τὸ

2153 2315 2254 2387 ζῇν
2276 2316 2609 2384 ἀναγκαίων.
2632 2314 2819 2377 υῦτως
2844 2313 2936 2369 οὖν
2961 2316 3185 2380 ἀπαθῶς
3207 2334 3293 2380 τις
3326 2318 3515 2388 ἀγαπᾷ
3540 2319 3726 2390 αὑτήν·

2153 2407 2248 2459 καὶ¹
2293 2405 2368 2468 ὡς
2419 2406 2687 2477 ὑπηρέτιν
2732 2406 2841 2459 τῶν
2897 2405 3056 2458 θείων
3110 2407 3365 2477 ἐκτρέφει
3407 2408 3598 2478 αὐτὴν,
3635 2410 3734 2462 καὶ

2155 2499 2350 2553 θάλπει
2386 2501 2496 2562 τοῖς
2529 2499 2625 2568 τὴν
2667 2498 2877 2552 ἔνδειαν
2912 2498 3081 2569 αὐτῆς
3109 2498 3492 2570 ἀποπληροῦσι
3523 2500 3731 2569 μόνοις.

2230 2679 2280 2727 ι’.
2313 2673 2413 2726 "Ov
2443 2690 2526 2737 τις
2555 2673 2766 2743 ἀγαπᾷ,
2796 2671 2984 2726 τοῦτον
3011 2673 3229 2738 πάντως
3262 2673 3356 2727 καὶ
3384 2675 3603 2728 σπεύδει
3637 2675 3733 2729 θε-

2159 2767 2438 2838 ραπεύειν.
2476 2767 2540 2820 Ei
2568 2761 2662 2820 οὖν
2683 2765 2774 2820 τδν
2798 2765 2932 2820 Θεόν
2952 2784 3038 2830 τις
3063 2767 3274 2838 ἀγαπᾷ,
3306 2767 3524 2831 πάντως
3545 2769 3638 2822 καὶ
3665 2769 3737 2822 τά

2156 2859 2363 2930 ἀρεστά
2395 2859 2543 2931 αὐτῷ
2593 2859 2814 2913 σπεύδει
2859 2862 3037 2913 ποιεῖν
3059 2875 3075 2890 °
3112 2862 3161 2914 εί
3187 2859 3242 2914 δὲ
3274 2860 3374 2932 τὴν
3414 2860 3614 2931 σάρκα,
3665 2861 3735 2915 τά

2156 2952 2363 3022 ταύτην
2383 2952 2651 3024 τέρποντα
2679 2950 2940 3006 ἐκτελεῖν.

2233 3137 2324 3184 ια’.
2361 3129 2452 3201 Τῷ
2482 3131 2582 3200 μὲν
2613 3130 2732 3201 Θεῷ
2755 3129 2978 3202 ἀρέσκει
3009 3130 3198 3202 ἀγάπη
3250 3132 3342 3186 καὶ
3386 3132 3737 3204 σωφροσύνη,

2161 3221 2256 3275 καὶ
2296 3221 2494 3292 θεωρία
2517 3220 2613 3274 καὶ
2641 3221 2915 3292 προσευχή
2938 3237 2952 3252 ·
2991 3223 3056 3293 τῇ
3081 3221 3136 3274 δέ
3164 3221 3348 3292 σαρκὶ,
3386 3239 3738 3294 γαστριμαρ-

2161 3311 2281 3380 γία⁹
2305 3312 2398 3366 καὶ
2448 3312 2732 3376 ἀκολασία,
2786 3312 2882 3366 καὶ
2940 3311 3010 3366 τά
3058 3313 3265 3366 τούτων
3319 3313 3608 3384 αύξητικά.
3638 3315 3742 3367 Διά

2161 3404 2340 3469 τοῦτο,
2363 3407 2430 3458 Ol
2457 3404 2528 3457 ὲν
2548 3405 2727 3472 σαρκί
2754 3405 3074 3470 ὀντες,Θεῷ
3098 3405 3312 3473 ἀρέσαι
3337 3408 3408 3460 οὑ
3424 3405 3737 3461 δύνανται.

2167 3498 2234 3549 οι
2277 3496 2345 3549 δὲ
2369 3495 2474 3549 τοῦ
2511 3496 2795 3564 Χριστοῦ,
2823 3495 2937 3563 τὴν
2969 3495 3169 3565 σάρκα
3191 3497 3588 3566 ἐσταύρωσαν
3613 3497 3743 3553 σὺν

2162 3588 2288 3654 τοῖς
2315 3589 2628 3659 παθήμασι
2654 3589 2754 3643 καὶ
2780 3589 2909 3655 ταῖς
2935 3589 3292 3659 ἐπιθυμίαις.

2239 3680 2328 3750 ιβ’.
2375 3679 2433 3734 '0
2455 3681 2579 3744 νοῦς
2607 3681 2703 3734 ἐὰν
2739 3681 2838 3751 μὲν
2864 3680 3029 3752 νεύσῃ
3057 3681 3194 3752 πρὸς
3237 3679 3390 3746 Θεὸν,
3422 3681 3533 3752 ἔχει
3554 3679 3674 3735 δοῦ)
3686 3701 3746 3737 ον

2163 3773 2224 3828 τὸ
2245 3775 2424 3844 σῶμα,
2454 3774 2548 3827 καὶ
2573 3774 2734 3826 πλέον
2758 3773 2911 3827 οὐδὲν
2944 3773 3094 3842 αὐτῷ
3122 3773 3355 3844 παρέχει
3385 3774 3494 3827 τῶν
3522 3775 3662 3845 πρὸς
3684 3775 3746 3828 τὸ

2165 3863 2264 3936 ζῇν
2290 3866 2605 3934 ἀναγκαίων
2627 3881 2640 3895 ο
2675 3864 2770 3917 ἐάν
2803 3863 2860 3918 δὲ
2891 3863 3058 3936 νεύσῃ
3087 3864 3222 3934 πρὸς
3255 3863 3352 3935 τὴν
3388 3865 3586 3936 σάρκα,
3616 3865 3744 3920 δου-

2165 3957 2352 4011 λοῦται
2383 3959 2496 4022 τοῖς
2557 3956 2778 4021 πάθεσι,
2811 3956 3070 4028 πρόνοιαν
3121 3956 3294 4027 αὐτῆς
3325 3957 3413 4010 ἀεὶ
3441 3958 3521 4020 είς
3548 3955 3744 4010 ἐπιθυ-

2168 4051 2297 4122 μίας
2327 4050 2668 4119 ποιούμενος.

2240 4147 2328 4208 ιγ’.
2354 4141 2417 4193 Ei
2447 4139 2623 4202 θέλεις
2649 4137 2758 4193 τῶν
2805 4137 3087 4208 λογισμῶν
3125 4137 3523 4208 περιγίνεσθαι,
3555 4137 3750 4209 ἐπιμε-

2165 4232 2259 4286 λοῦ
2285 4232 2392 4286 τῶν
2428 4230 2638 4295 παθῶν,
2667 4230 2762 4283 mi.
2794 4230 3037 4301 εὐχερῶς
3066 4231 3263 4294 αὐτοὺς
3295 4231 3358 4283 ἐκ
3389 4230 3484 4283 τοῦ
3509 4230 3604 4284 νοῦ
3638 4233 3748 4284 ἀπὸ

2165 4325 2371 4378 τούτων
2393 4322 2698 4386 ἐξελαύνεις
2726 4321 2848 4394 [Fr.
2873 4324 2934 4375 ἐκ
2955 4322 3050 4375 τοῦ
3075 4321 3167 4374 νοῦ
3201 4322 3565 4392 ἀπελαύνειςῙ.
3599 4317 3744 4386 Οἷον,

2170 4417 2262 4470 ἐπὶ
2286 4416 2385 4486 μὲν
2408 4415 2507 4481 τῆς
2551 4415 2826 4483 πορνείας,
2857 4415 3104 4484 νήστευε,
3135 4413 3424 4480 ἀγρύπνει,
3459 4415 3746 4475 κοπίασον,

2174 4507 2394 4562 ίδίασον.
2436 4506 2558 4559 Ἐπὶ
2582 4506 2640 4559 δὲ
2671 4507 2770 4576 τῆς
2799 4506 2970 4578 ὀργῆς
2997 4507 3092 4560 καὶ
3121 4505 3220 4572 τῆς
3239 4505 3436 4575 λύπης,
3472 4508 3747 4578 καταφρό-

2169 4615 2250 4652 νει
2277 4598 2437 4668 δόξης
2464 4597 2557 4651 καὶ
2590 4597 2815 4668 ἀτιμίας
2859 4597 2953 4650 καὶ
2981 4596 3089 4650 τῶν
3118 4595 3317 4650 ύλικῶν
3343 4600 3685 4667 πραγμάτων
3706 4602 3741 4651 ⁹.

2181 4690 2305 4744 Ἐπὶ
2331 4689 2390 4743 δὲ
2421 4689 2521 4760 τῆς
2550 4688 2937 4760 μνησικακίας,
2963 4688 3264 4761 προσεύχου
3290 4688 3431 4760 ὑπὲρ
3459 4689 3552 4743 τοῦ
3574 4691 3744 4761 λυπή-

2169 4800 2383 4850 σαντος,
2415 4782 2509 4835 καὶ
2535 4782 2874 4853 ἀπαλλάττῃ.

439 4791 457 4892 J

557 4891 639 4944 14.
678 4891 758 4946 Ne
828 4900 882 4947 te
916 4891 1373 4949 imbecillioribus
1411 4894 1695 4949 hominum
1737 4894 2058 4949 commetia-

2241 4896 2322 4950 ιδ’.
2353 4896 2444 4968 Μὴ
2471 4896 2580 4949 τῶν
2609 4893 2912 4966 ἀνθρώπων
2953 4897 3063 4960 τοῖς
3099 4895 3508 4966 ἀσθενεστέροις
3554 4891 3737 4948 ἐαυτὸν

487 4983 584 5045 ris,
620 4981 716 5035 sed
764 4982 939 5051 magis
977 4984 1045 5038 ad
1091 4984 1406 5041 dilectionis
1447 4995 1780 5056 praeceptum
1824 4987 2058 5058 teipsum

2169 4987 2535 5061 παραμέτρει,
2593 4985 2727 5040 ἀλλά
2777 4988 2843 5056 τῇ
2893 4987 3080 5057 ἐντολῇ
3127 4986 3225 5057 τῆς
3272 4985 3494 5055 ἀγάπης
3547 4985 3732 5055 μᾶλλον

486 5071 775 5127 contende.
824 5075 986 5129 Prius
1029 5075 1178 5129 enim
1221 5077 1268 5131 si
1316 5077 1526 5148 egeris,
1577 5079 1634 5131 in
1676 5062 2058 5136 ostentationis

2172 5078 2519 5151 παράτεινον.
2553 5077 2679 5141 Τοῖς
2717 5076 2816 5146 μὲν
2850 5073 2960 5146 γάρ
2984 5075 3379 5145 παραμετρῶν,
3405 5076 3485 5138 είς
3530 5075 3617 5127 τὸν
3646 5071 3726 5141 βό-

486 5160 698 5216 foveam
758 5163 954 5230 cades;
1009 5165 1094 5220 sin
1156 5174 1340 5220 autem
1395 5166 1666 5231 alterum,
1709 5165 1776 5220 ad
1828 5168 2058 5224 modesti

2172 5169 2298 5239 θρον
2334 5170 2432 5241 τῆς
2453 5171 2682 5240 οἰήσεως
2718 5168 3044 5240 ἐμπίπτεις·
3078 5169 3142 5237 τῇ
3177 5166 3232 5220 δέ
3263 5167 3623 5236 παρατείνων,
3654 5164 3724 5223 είς

484 5264 681 5305 sensus
708 5251 1105 5309 sublimitatem
1144 5255 1438 5324 provehes.

2169 5259 2232 5314 τὸ
2256 5258 2391 5330 ὕψος
2423 5260 2522 5328 τῆς
2547 5257 3050 5328 ταπεινοφροσύνης
3075 5257 3425 5328 προκόπτεις.

556 5341 642 5397 15.
687 5342 745 5399 Si
803 5345 1030 5401 omnino
1091 5346 1402 5403 dilectionis
1453 5348 1690 5418 proximi
1742 5351 2058 5408 mandatum

2243 5357 2324 5405 ιε’.
2355 5351 2419 5403 Ei
2450 5349 2586 5414 ὅλως
2605 5349 2704 5420 τῆς
2722 5349 2858 5419 πρὸς
2892 5350 2987 5402 τὸν
3018 5347 3246 5420 πλησίον
3279 5349 3500 5420 ἀγάπης
3527 5347 3613 5416 τὴν
3639 5345 3720 5396 ἐν·

553 5497 602 5531 "
625 5497 832 5568 Ephes.
862 5515 918 5566 γ,
944 5498 1036 5555 29.
1111 5499 1160 5530 ⁷⁸
1185 5497 1206 5556 l
1234 5497 1363 5556 Cor.
1394 5517 1470 5568 rx,
1498 5501 1589 5557 27.
1666 5503 1712 5534 "
1744 5503 1905 5559 Rom.
1936 5519 2052 5572 vm,
2077 5504 2131 5562 8.
2208 5503 2254 5536 "
2276 5501 2449 5559 Galat.
2474 5519 2528 5570 v,
2555 5502 2647 5558 24.
2721 5503 2768 5536 τ’
2800 5504 2959 5560 Rom.
2991 5520 3105 5570 xm,
3137 5504 3222 5558 l4.

553 5636 571 5657 ⁶
605 5637 695 5691 Fr.
719 5637 1034 5705 Σημείωσον
1063 5639 1176 5704 πῶς
1201 5640 1306 5713 χρὴ
1333 5641 1714 5714 περιγενέσθαι
1736 5642 1950 5698 παθῶν.
1990 5644 2058 5697 Ἀε

485 5705 635 5759 vitia.
667 5705 800 5776 Lege
837 5723 884 5759 c.
911 5707 998 5761 9.0.

2159 5643 2285 5699 νωθι
2315 5645 2373 5699 τὺ
2391 5645 2637 5699 εἰκοστόν
2657 5658 2670 5673 ⁸
2697 5641 2947 5711 Observa,
2974 5641 3234 5716 quomodo
3253 5643 3358 5697 sint
3389 5637 3734 5711 expugnanda
