4128 6210
340 301 472 365 1021

1223 308 1561 368 CAPITUM
1602 308 1699 367 DE
1738 305 2171 365 CIIARITATE
2211 303 2599 366 CENTURIA
2642 308 2758 367 III.

3484 309 3620 369 1022

336 412 501 483 τολὴν
533 411 844 481 φυλάττεις,
885 415 1026 485 ὑπὲρ
1059 414 1202 477 τίνος
1232 416 1306 480 (k)
1328 415 1431 485 τῆς
1475 415 1611 487 πρὸς
1637 415 1800 468 αὐτὸν
1838 414 1935 466 λύ-

2047 415 2307 477 custodis,
2336 432 2437 470 cur
2467 416 2662 470 offensi
2696 417 2748 468 in
2775 432 2898 469 eum
2937 417 3101 471 animi
3136 417 3487 470 acerbitatem
3524 433 3614 485 pa-

336 522 449 576 πης
492 504 593 575 τὴν
628 505 857 575 πικρίαν
887 504 1175 571 ὲντίκτεις,
1210 506 1243 576 ἢ
1274 506 1436 576 δῆλον
1482 509 1565 561 ὅτι
1607 506 1812 576 ταύτης
1863 505 1933 558 τά

338 594 655 664 πρόσκαιρα
686 594 974 665 προτιμῶν
999 594 1096 647 καὶ
1126 594 1308 649 αὐτῶν
1341 595 1813 666 ἀντιποιούμενος,
1841 594 1933 647 τὸν

339 685 569 752 ἀδελφὸν
607 685 873 756 πολεμεῖς
905 703 920 752 ;

417 784 511 843 ις’.
539 777 615 830 Οὐ
649 777 739 830 διά
767 777 866 848 τὴν
893 777 1088 849 χρείαν
1121 777 1379 831 τοσοῦτον
1407 777 1469 830 τὸ
1512 777 1735 847 χρυσίον
1757 777 1935 846 ζηλω-

340 870 433 923 τὸν
462 872 575 933 τοῖς
602 868 918 939 ἀνθρώποις
960 869 1208 939 γέγονεν,
1239 869 1368 922 ὅσον
1410 869 1473 922 τὸ
1509 867 1576 921 δι’
1613 866 1778 922 αὑτοῦ
1808 869 1935 931 τοὺς

343 961 571 1022 πολλοὺς
603 960 706 1022 τὰς
744 959 941 1030 ἡδονάς
970 958 1318 1030 θεραπεύειν.

418 1051 505 1115 ιζ’.
552 1049 692 1122 Τρία
748 1052 858 1103 εισι
888 1051 957 1103 τὰ
996 1049 1149 1104 αῖτια
1185 1050 1286 1121 τῆς
1324 1049 1435 1103 τῶν
1469 1048 1775 1121 χρημάτων
1801 1048 1937 1115 ἀγά-

343 1157 455 1211 πης
486 1140 621 1210 ιει),
669 1141 973 1213 φιληδονία,
1020 1140 1298 1207 κενοδοξία
1343 1142 1440 1196 καὶ⁸
1476 1143 1726 1197 ἀπιστία.
1762 1141 1937 1195 Χαλε-

346 1233 568 1303 πωτὲρα
595 1232 653 1286 δὲ
681 1232 791 1286 τῶν
818 1232 914 1287 δύο
945 1235 976 1303 ή
1011 1233 1241 1288 ἀπιστία
1265 1232 1626 1307 καθέστηκεν.

422 1407 512 1479 ιη’.
564 1409 622 1461 '0
656 1409 756 1479 μὲν
790 1409 1076 1480 φιλήδονος
1121 1411 1316 1482 ἀγαπᾷ
1350 1409 1629 1482 ,ἀργύριον
1652 1448 1669 1475 ,
1724 1410 1813 1464 ἵνα
1866 1409 1936 1463 δι’

348 1499 514 1552 αὐτοῦ
538 1502 790 1573 τρυφήσῃ
812 1517 827 1532 ο
852 1504 880 1555 6
928 1502 985 1556 δὲ
1014 1501 1316 1568 κενόδοξος,
1373 1503 1462 1558 ἴνα
1487 1502 1558 1556 δι’
1588 1501 1753 1556 αὐτοῦ
1783 1502 1938 1569 δοξασ-

351 1590 451 1663 σθῇ
474 1610 487 1621 ³
520 1594 548 1645 6
581 1592 637 1646 δὲ
684 1594 933 1660 ἄπιστος,
969 1595 1056 1648 ῖνα
1090 1595 1277 1667 κρύψῃ
1329 1596 1426 1650 καὶ
1480 1594 1694 1666 φυλάξῃ
1720 1635 1734 1658 ,
1778 1593 1938 1665 λιμὸν

351 1683 708 1755 φοϐούμενος,
750 1686 782 1756 ἢ
839 1686 1017 1757 γῆρας
1046 1686 1081 1756 ἢ
1135 1686 1350 1757 νόσονῆ
1386 1686 1650 1752 ξενιτείαν
1677 1702 1690 1715 ·
1719 1688 1815 1740 καὶ
1848 1686 1937 1739 ἐπ’

2036 506 2146 560 ris?
2183 508 2322 561 Num
2358 509 2517 576 plane
2544 508 2690 576 quod
2725 510 3093 578 temporaneis
3124 508 3287 561 rebus
3319 522 3437 560 eam
3469 517 3621 574 post-

2034 596 2258 662 habeas,
2294 613 2356 652 ac
2393 598 2537 667 ipsas
2570 598 2738 663 colas,
2776 599 2932 653 fratri
2969 597 3217 651 infensus
3250 596 3509 651 cxsistis?

2108 773 2195 826 16.
2234 772 2356 826 Νοη
2411 781 2521 826 tam
2562 773 2722 843 justte
2769 773 3116 828 necessitatis
3174 787 3373 837 causa,
3425 787 3622 827 aurum

2035 864 2354 919 hominibus
2403 866 2771 934 expetendum
2823 866 3002 920 visum
3065 873 3184 931 est,
3246 880 3411 935 quam
3475 865 3618 935 quod

2034 957 2233 1026 vulgo:
2261 955 2573 1025 voluptates
2604 971 2668 1010 ac
2686 956 2972 1011 libidinem
3008 956 3103 1011 illo
3133 955 3374 1009 foveant.

2108 1047 2195 1099 17.
2238 1046 2461 1115 Triplex
2508 1062 2673 1101 causa
2714 1056 2799 1101 est
2849 1064 2914 1101 ac
2960 1048 3101 1101 ratio
3149 1045 3413 1116 diligendi
3454 1061 3624 1114 pecu-

2035 1135 2187 1201 nias;
2232 1137 2578 1206 voluptatum
2618 1151 2793 1201 amor,
2839 1137 3018 1191 inanis
3056 1137 3229 1206 gloria
3272 1143 3328 1190 et
3370 1134 3623 1189 diuiden-

2036 1226 2137 1283 tia.
2194 1227 2434 1298 Utraque
2492 1237 2678 1283 autem
2735 1229 2891 1299 pejor
2938 1243 3001 1283 ac
3052 1228 3292 1283 deterior
3344 1236 3429 1281 est
3486 1224 3624 1280 diﬂi-

2039 1318 2249 1374 dentia.

2112 1409 2200 1465 18.
2240 1411 2291 1466 Is
2320 1411 2544 1481 quidem
2580 1412 2676 1481 qui
2705 1411 2976 1482 voluptati
3018 1410 3239 1466 deditus
3274 1419 3379 1477 est,
3417 1410 3626 1467 idcirco

2037 1502 2303 1572 pecunias
2344 1502 2543 1574 diligit,
2589 1510 2650 1556 ut
2695 1518 2793 1571 per
2831 1517 2926 1557 eas
2968 1501 3186 1555 deliciis
3224 1500 3435 1555 difﬂuat
3475 1517 3488 1553 :
3528 1499 3626 1569 qui

2039 1602 2224 1649 autem
2259 1594 2441 1648 inanis
2475 1593 2662 1663 gloria:
2704 1592 2939 1662 cupidus
2972 1591 3138 1664 429
3176 1599 3280 1658 est,
3313 1600 3373 1645 ut
3404 1606 3504 1661 per
3534 1605 3628 1645 eas

2040 1685 2214 1757 gloria
2239 1684 2446 1755 fulgeat
2472 1702 2484 1738 :
2518 1692 2592 1747 at,
2620 1685 2715 1754 qui
2749 1683 3051 1739 difﬁdentia
3081 1684 3294 1739 laborat
3322 1699 3419 1737 seu
3443 1684 3627 1737 incre-

350 1774 501 1845 αὐτῷ
524 1775 725 1845 μᾶλλον
753 1776 986 1842 ἐλπίζει,
1021 1778 1054 1849 ἢ
1090 1780 1182 1832 ἐπὶ
1212 1777 1288 1849 τῷ
1329 1779 1450 1849 Θεῷ
1481 1777 1560 1851 τῷ
1608 1780 1793 1850 πάσης
1820 1778 1939 1832 κτί-

2047 1777 2206 1831 dulus
2230 1786 2335 1842 est,
2362 1784 2422 1830 ut
2451 1776 2693 1831 occultet
2719 1790 2783 1829 ac
2808 1782 3011 1840 servet,
3044 1774 3244 1829 famem
3273 1775 3492 1838 timens,
3534 1781 3630 1827 aut

354 1879 496 1926 σεως
545 1864 886 1935 δημιουργῷ,
920 1866 1012 1921 καὶ
1049 1868 1345 1938 προνοητῇ,
1394 1866 1502 1931 ἓως
1546 1868 1652 1923 τῶν
1696 1868 1941 1938 ἐσχάτων

353 1954 449 2008 καὶ
487 1955 833 2026 μικροτάτων
866 1955 1041 2022 ζώων.

426 2220 516 2277 ιθν.
553 2222 833 2295 Τέσσαρές
868 2224 1007 2278 είσιν
1036 2226 1085 2278 oi
1146 2224 1597 2297 περιποιούμενοι
1650 2226 1939 2297 χρήματαο

353 2314 403 2367 οί
434 2314 825 2385 προειρημένοι
874 2317 1045 2387 τρεῖς,
1078 2315 1177 2368 καὶ
1207 2317 1235 2368 6
1266 2315 1631 2385 οἰκονομικός.
1680 2315 1856 2378 Μόνος
1884 2315 1942 2368 δὲ

354 2398 510 2470 οὗτος
531 2405 775 2477 δηλονότι
804 2407 980 2478 ὀρθῶς
1016 2410 1407 2479 περιποιεῖται,
1454 2408 1541 2461 ῖνα
1586 2408 1803 2479 ἑκάστῳ
1842 2408 1943 2477 τὴν

354 2500 542 2573 χρείαν
566 2502 821 2572 παρέχων
852 2501 927 2572 μὴ
955 2500 1206 2574 διαλείπῃ
1233 2500 1384 2554 ποτέ.

425 2785 498 2834 κ’.
524 2778 737 2842 Πάντες
780 2779 832 2832 οἱ
861 2777 1127 2849 ιμπιθεῖς
1165 2778 1418 2849 λογισμοὶ
1444 2779 1479 2850 ἢ
1512 2778 1575 2834 τὸ
1611 2779 1943 2851 ἐπιθυμητι-

353 2870 451 2924 κὸν
475 2872 575 2940 τῆς
597 2869 778 2940 ψυχῆς
822 2868 1197 2941 ἐρεθίζουσιν,
1232 2869 1266 2941 ἦ
1298 2869 1358 2923 τὸ
1386 2869 1619 2941 θυμικὸν
1665 2871 1941 2942 ἐκταράσ-

356 2976 559 3026 σουσιν,
587 2960 620 3029 ἣ
651 2959 712 3013 τὸ
732 2959 1043 3028 λογιστικὸν
1065 2958 1473 3023 ἑπισκοτίζουσι
1494 2976 1510 2991 ·
1537 2962 1633 3015 καλ⁸
1661 2962 1725 3015 ὲκ
1753 2960 1942 3015 τούτου

358 3049 645 3120 συμϐαίνει
664 3049 758 3102 τὸν
792 3050 917 3104 νοῦν
944 3049 1321 3119 όφθαλμιάσαι
1346 3052 1485 3124 πρὸς
1511 3053 1610 3124 τὴν
1638 3068 1943 3122 πνευματι-

357 3141 458 3213 κὴν
485 3140 739 3212 θεωρίαν,
768 3142 863 3195 καὶ
889 3141 988 3213 τὴν
1023 3142 1121 3212 τῆς
1145 3145 1460 3215 προσευχῆς
1484 3144 1773 3215 ἐκδημίαν.
1832 3145 1943 3198 Καὶ

354 3232 546 3287 τούτου
577 3234 738 3304 χάριν
764 3234 972 3303 ὀφείλει
994 3236 1023 3288 ό
1057 3236 1314 3305 μοναχὸς,
1347 3237 1443 3289 καὶ
1474 3237 1713 3307 μάλιστα
1744 3238 1773 3290 6
1814 3238 1944 3308 ἠσυ-

357 3324 565 3397 χάζων,
626 3325 870 3394 ἀκριϐῶς
917 3329 1030 3389 τοῖς
1057 3326 1340 3396 λογισμοῖς
1373 3328 1683 3399 προσέχειν,
1725 3328 1945 3393 καὶτὰς

356 3415 562 3470 τούτων
590 3418 767 3481 αἰτίας
794 3418 890 3471 καὶ
917 3418 1120 3485 γνῶναι
1151 3419 1247 3471 καὶ
1280 3419 1594 3473 ἐκκόπτειν.
1644 3419 1945 3474 Γινώσκειν

355 3508 414 3563 δὲ
441 3509 616 3573 οὕτως
634 3527 648 3540 °
683 3505 815 3571 οἷον,
844 3509 1151 3580 ἐρεθίζουσι
1189 3511 1251 3563 τὸ
1295 3511 1692 3581 ἐπιθυμητικὸν
1718 3513 1818 3581 τῆς
1846 3513 1947 3581 ψυ-

361 3601 463 3672 χῆς
487 3602 545 3653 αί
581 3601 851 3671 ἐμπαθεῖς
881 3601 1094 3669 μνῆμαι
1143 3600 1253 3654 τῶν
1284 3601 1594 3669 γυναικῶνα
1648 3603 1855 3655 τούτων
1889 3604 1944 3655 δὲ

360 3691 532 3755 αἰτία,
564 3692 598 3761 ἠ
624 3689 736 3743 τῶν
768 3690 1076 3761 βρωμάτων
1106 3692 1201 3744 καὶ
1239 3692 1503 3761 πομάτων
1536 3693 1800 3764 ἀκρασία,
1852 3694 1946 3747 καὶ

358 3785 392 3855 ὴ
430 3782 610 3836 αὐτῶν
632 3783 744 3835 τῶν
768 3782 1049 3850 γυναικῶν
1086 3781 1267 3854 πυκνὴ
1295 3784 1388 3837 καὶ
1427 3783 1621 3851 ἄλογος
1659 3785 1942 3853 συντυχία.

361 3874 690 3946 Περικόπτει
722 3873 781 3927 δὲ
832 3873 1036 3937 ταύτας
1066 3876 1231 3930 πεῖνα
1254 3874 1350 3928 καὶ
1380 3874 1510 3945 δίψα
1539 3874 1633 3928 καὶ
1667 3875 1948 3946 ἀγρυπνία

362 3968 454 4020 καὶ
477 3966 848 4038 ἀναχώρησις.
880 3965 985 4019 Τὸν
1008 3966 1066 4021 δὲ
1097 3966 1270 4036 θυμὸν
1302 3966 1466 4020 πάλιν
1515 3967 1947 4038 ἐκταράσσουσιν

362 4061 417 4114 αί
444 4058 715 4131 ἐμπαθεῖς
748 4059 960 4130 μνῆμαι
993 4058 1102 4113 τῶν
1129 4059 1524 4131 λυπησάντων’
1552 4060 1702 4113 αἰτία
1728 4061 1785 4114 δὲ
1823 4060 1949 4114 τού-

361 4167 492 4216 των,
525 4149 809 4221 φιληδονία
837 4151 931 4204 καὶ
965 4149 1240 4215 κενοδοξία
1272 4150 1368 4205 καὶ
1408 4151 1677 4221 φιλοῦλία.
1708 4151 1810 4205 Διά
1840 4151 1949 4223 γάρ

360 4242 535 4297 ταῦτα
565 4244 593 4295 6
625 4241 884 4312 ἐμπαθὴς
924 4241 1199 4304 λυπεῖται,
1245 4240 1279 4311 ἢ
1331 4241 1408 4305 ὡς
1462 4241 1771 4313 στερηθεὶς,
1804 4241 1836 4312 ἢ
1873 4242 1950 4307 ὼς

366 4334 441 4405 μὴ
472 4330 765 4403 ἐπιτυχών.
790 4331 1119 4403 Περικόπτει
1150 4331 1208 4385 δὲ
1228 4331 1430 4396 ταύτας
1475 4334 1509 4403 ἡ
1532 4332 1738 4387 τούτων
1770 4333 1951 4388 αὐτῶν

2044 1877 2407 1933 senectutem,
2448 1878 2545 1923 aut
2583 1868 2868 1931 morbum,
2916 1876 3013 1921 aut
3055 1866 3351 1921 incolatum
3398 1883 3412 1916 :
3455 1865 3630 1935 magis

2044 1960 2098 2015 in
2136 1960 2237 2030 eis,
2273 1975 2437 2029 quam
2486 1960 2541 2014 in
2591 1961 2725 2024 Deo,
2764 1973 2951 2014 rerum
2991 1957 3239 2012 omnium
3284 1964 3529 2021 auctore,
3566 1969 3630 2010 ac

2044 2054 2139 2122 qui
2172 2050 2388 2106 cunctis
2413 2050 2722 2119 provideat,
2758 2049 2827 2102 ad
2863 2061 3138 2104 extremas
3171 2064 3346 2119 usque
3374 2048 3631 2103 minutis-

2043 2145 2321 2213 simasque
2346 2143 2675 2207 animantes,
2701 2156 2855 2211 spem
2882 2156 3116 2211 ponens.

2114 2235 2204 2291 19.
2245 2234 2495 2300 Quatuor
2542 2242 2670 2289 sunt
2716 2232 3004 2289 hominum
3044 2247 3277 2302 genera,
3319 2230 3414 2299 qui
3459 2243 3629 2299 pecur

2042 2329 2153 2385 niis
2196 2330 2449 2395 student;
2486 2330 2589 2384 tria
2635 2330 2749 2400 jam
2802 2330 3106 2391 nominata,
3146 2338 3203 2384 et
3246 2330 3403 2399 cujus
3447 2338 3631 2398 partes

2044 2420 2402 2491 dispensandi
2455 2420 2598 2484 sint,
2648 2420 2737 2473 vel
2787 2419 2995 2489 publici
3038 2419 3122 2473 vel
3176 2419 3375 2488 privati
3424 2417 3627 2472 aerarii.

2045 2514 2208 2570 Solus
2252 2524 2439 2567 autem
2486 2512 2579 2566 hic
2636 2518 2786 2566 recte
2826 2511 2893 2565 iis
2927 2526 3117 2565 curam
3164 2511 3352 2575 habet,
3386 2517 3448 2563 ut
3488 2525 3631 2563 nun-

2045 2620 2209 2676 quam
2233 2604 2399 2669 desit,
2424 2619 2536 2675 quo
2558 2604 2721 2676 justas
2750 2604 3017 2675 cujusque
3040 2602 3357 2658 necessitati
3383 2600 3631 2655 sufﬁcere

2052 2698 2248 2770 possit.

2113 2788 2205 2844 20.
2246 2788 2470 2845 Vitiosae
2517 2803 2710 2844 omnes
2759 2803 2823 2843 ac
2874 2787 3188 2843 libidinosae
3235 2785 3631 2858 cOgitationes,

2047 2888 2143 2936 aut
2190 2880 2679 2950 concupiscentem
2731 2879 2901 2934 animi
2947 2887 3157 2950 partem
3207 2878 3502 2948 proritant,
3540 2885 3636 2931 aut

2048 2970 2378 3024 irascentem
2412 2968 2768 3034 conturbant,
2805 2974 2900 3022 aut
2938 2968 3208 3022 rationem
3242 2966 3630 3021 obtenebrant.

2050 3059 2297 3129 Hincque
2343 3058 2616 3129 contingit
2660 3058 2919 3113 caecutire
2966 3064 3208 3112 mentem
3248 3056 3395 3127 quod
3439 3055 3637 3110 attinet

2045 3151 2113 3205 ad
2145 3150 2447 3220 spiritalem
2485 3149 3038 3220 contemplationem,
3071 3158 3127 3203 et
3170 3156 3231 3202 nt
3274 3154 3539 3217 evagetur
3580 3145 3636 3199 in

2044 3243 2316 3297 oratione.
2354 3243 2567 3297 Idcirco
2601 3241 2766 3297 etiam
2797 3256 2979 3311 operae
3010 3240 3249 3310 pretium
3306 3247 3389 3293 est
3426 3245 3484 3290 ut
3516 3251 3636 3289 mo-

2045 3336 2279 3399 nachus,
2310 3332 2546 3387 maxime
2575 3348 2708 3387 vero
2738 3331 2832 3401 qui
2861 3331 3140 3387 solitarius
3170 3337 3314 3400 agat,
3343 3328 3638 3398 diligenter

2046 3425 2475 3497 cogitationibus
2522 3424 2765 3477 animum
2808 3422 3078 3486 attendat,
3110 3435 3411 3490 earumque
3444 3434 3637 3473 causas

2047 3528 2165 3573 tum
2212 3517 2464 3581 noverit,
2516 3524 2631 3570 tum
2682 3515 2984 3571 exscindat.
3035 3514 3261 3569 Noverit
3302 3521 3484 3567 autem
3530 3512 3637 3565 hoc

2047 3609 2166 3664 fere
2215 3609 2417 3673 modo,
2470 3607 2627 3662 verbi
2679 3607 2875 3678 gratia,
2926 3605 3408 3675 concupiscentem
3468 3602 3637 3657 animi

2047 3707 2260 3770 partem
2290 3698 2895 3769 proritantlibidinosze
2927 3698 3218 3752 mulierum
3248 3696 3494 3767 repetitae
3527 3711 3641 3749 me-

2048 3789 2257 3845 moria.
2308 3788 2515 3843 Harant
2569 3796 2753 3844 autem
2804 3805 3003 3855 causa,
3057 3788 3306 3843 ciborum
3364 3796 3637 3855 potusque

2050 3881 2477 3951 intemperantia
2509 3888 2615 3946 est,
2660 3882 3014 3953 ipsarumque
3057 3880 3350 3934 mulierum
3388 3878 3639 3933 crebrius

2049 3980 2315 4043 extraque
2358 3975 2629 4027 rationem
2675 3973 2917 4041 expetita
2967 3970 3258 4041 colloquia.
3294 3968 3641 4024 Exscindunt

2050 4079 2183 4119 vero
2226 4063 2363 4128 haec,
2398 4063 2571 4118 fames
2600 4072 2656 4119 et
2688 4064 2807 4118 sitis
2833 4073 2888 4119 et
2918 4064 3139 4133 vigiliae,
3166 4069 3223 4117 et
3256 4076 3508 4116 secessus
3542 4076 3635 4115 seu

2053 4155 2371 4210 solitudinis
2396 4164 2614 4224 captata
2646 4154 2884 4209 silentia.
2919 4156 3020 4209 Ira:
3050 4155 3161 4208 vim
3193 4168 3386 4207 rursus
3418 4160 3642 4205 contur-

2053 4246 2207 4311 bant,
2246 4261 2371 4300 cum
2404 4245 2606 4299 affectu
2646 4246 2954 4316 conjuncta:
2991 4260 3184 4300 eorum
3232 4243 3641 4298 recordationes

2055 4338 2150 4409 qui
2180 4336 2440 4407 injuriam
2477 4336 2679 4393 fecere.
2712 4338 2919 4392 Harum
2949 4345 3132 4391 autem
3163 4351 3346 4399 causa,
3389 4335 3640 4403 volupta-

364 4424 767 4495 καταφρόνησις
823 4424 919 4478 καὶ
967 4422 1355 4488 ὲξουδένωσις,
1405 4423 1491 4478 διὰ
1538 4423 1638 4495 τὴν
1677 4426 1759 4489 εἰς
1812 4425 1945 4479 Θεὸν

2054 4437 2171 4481 tum
2216 4426 2409 4491 libido,
2446 4426 2736 4495 inanisque
2770 4426 2943 4497 gloria
2982 4441 3045 4480 ac
3080 4433 3427 4479 tcrrenorum
3465 4438 3640 4477 amor.

363 4512 610 4583 ἀγάπην.

2054 4518 2182 4573 Haec
2221 4517 2369 4572 enim
2415 4524 2564 4582 sunt,
2594 4532 2839 4587 quorum
2882 4531 3048 4570 causa
3096 4529 3335 4570 maerore
3383 4513 3641 4578 aflicitur,

365 4606 460 4676 qui
492 4607 781 4662 affectibus
814 4606 1049 4673 laborat,
1082 4606 1168 4661 vel
1199 4606 1357 4677 quasi
1385 4606 1653 4673 amiserit,
1714 4609 1799 4663 vel
1865 4610 2012 4680 quod
2052 4611 2279 4666 minime
2318 4626 2545 4679 compos
2584 4609 2759 4664 factus
2793 4609 2883 4664 sit.
2928 4608 3054 4663 Haec
3084 4622 3213 4663 vero
3244 4612 3511 4675 amputat,
3539 4606 3625 4659 bo-

329 4762 352 4804 ἐ
368 4715 490 4754 rum
525 4699 770 4769 ipsorum
810 4706 1161 4767 contemptus
1202 4714 1267 4754 ac
1309 4698 1611 4769 despcctio,
1637 4715 1745 4769 qua
1779 4700 1950 4754 Deum
1992 4702 2262 4758 cbaritate
2299 4702 2598 4773 diligimus.

436 4798 540 4846 κα’.
574 4790 840 4845 Γινώσκει
874 4792 902 4844 6
923 4790 1055 4856 Θεὸς
1081 4793 1293 4859 ἑαυτὸν,
1335 4794 1595 4861 γινώσκει
1630 4794 1724 4847 καὶ
1752 4795 1818 4847 τὰ
1857 4795 1950 4847 ὑπ’

368 4881 532 4935 αὐτοῦ
560 4882 844 4950 γεγονότα.
899 4879 1236 4936 Γινώσκουσι
1287 4883 1344 4935 δὲ
1371 4882 1468 4936 καὶ
1492 4883 1549 4934 αἱ
1584 4882 1735 4950 ἅγιαι
1785 4884 1952 4937 Δυνά-

372 4990 495 5044 μεις
528 4972 621 5026 αιὸν
652 4972 784 5026 Θεόν
806 4986 820 5001 ·
845 4971 1176 5041 γινώσκουσι
1202 4973 1260 5026 δὲ
1290 4974 1385 5026 καὶ
1406 4973 1473 5026 τὰ
1492 4973 1597 5026 ὑπὸ
1629 4972 1763 5025 Θεοῦ
1792 4990 1949 5041 γεγο-

368 5066 516 5119 νότα.
556 5063 695 5116 Ἀλλ’
729 5064 827 5134 οὐχ
864 5063 940 5127 ὡς
980 5066 1008 5117 6
1038 5064 1171 5128 Θεὸς
1204 5063 1466 5133 γινώσκει
1512 5064 1704 5118 ἑαυτὸν
1759 5064 1854 5118 καὶ
1886 5065 1955 5119 τά

371 5156 463 5209 ὑπ’
490 5154 656 5209 αὐτοῦ
688 5154 977 5224 γεγονότα,
1008 5155 1151 5209 οὕτω
1178 5156 1273 5208 καὶ⁵
1302 5158 1357 5209 αἱ
1388 5156 1540 5225 ἅγιαι
1573 5156 1842 5226 Δυνάμεις
1863 5156 1952 5211 τὸν

371 5245 508 5300 Θεὸν
529 5248 623 5298 καὶ
660 5246 729 5299 τά
766 5245 859 5298 ὑπ’
880 5245 1048 5299 αὐτοῦ
1076 5247 1363 5315 γεγονότα.

444 5363 516 5433 (k)
557 5362 735 5430 ’Υπὲρ
762 5363 946 5427 τίνος.
981 5361 1063 5415 Ab
1085 5361 1209 5433 hac.
1243 5376 1361 5433 non
1382 5360 1589 5433 infelici
1612 5361 1706 5416 illo
1725 5361 1955 5433 quidem

373 5430 713 5503 conjectura,
739 5434 855 5502 ipsa
882 5441 1063 5486 tamen
1119 5431 1263 5485 haud
1314 5430 1543 5503 diflicili,
1571 5433 1657 5503 vel
1692 5430 1762 5503 si'
1792 5432 1953 5486 codd.

374 5501 660 5585 deessent,
694 5501 1134 5585 incipitBillius,
1162 5501 1549 5585 quorumdam-
1578 5501 1959 5585 Maximimcaf

375 5572 551 5641 pilum
582 5573 650 5627 de
681 5571 948 5628 charitate
995 5571 1473 5634 emendationem,
1536 5580 1685 5626 tanta
1750 5572 1957 5626 scilicet

376 5642 550 5713 Augia
582 5654 784 5713 spreta,
817 5653 1077 5713 quantam
1112 5642 1496 5713 superioribus
1528 5641 1724 5711 partim
1772 5650 1957 5713 osten-

381 5711 546 5779 difac
575 5711 946 5785 qiiasidig‘ito,
975 5712 1256 5769 nonnullis
1322 5711 1390 5767 ad
1436 5712 1716 5782 specimen
1777 5711 1956 5765 allatis

2124 4796 2213 4850 21.
2247 4797 2394 4851 Deus
2422 4811 2481 4850 se
2516 4796 2632 4864 ipsc
2664 4790 2978 4863 cognoscit;
3014 4786 3296 4859 cognoscit
3328 4783 3491 4838 etiam
3520 4794 3641 4848 quae

2058 4887 2127 4941 ab
2158 4887 2277 4957 ipso
2311 4885 2532 4941 condita
2561 4893 2711 4938 sunt.
2750 4882 2853 4936 Sed
2885 4889 2941 4935 et
2972 4887 3174 4934 sanctae
3200 4876 3443 4930 Virtutes
3469 4872 3640 4924 Deum

2060 4983 2421 5047 cognoscunt;
2441 4975 2575 5044 quin
2601 4973 2766 5028 etiam
2785 4976 3149 5040 cognoscunt,
3169 4980 3291 5035 qum
3318 4980 3349 5018 a
3372 4964 3484 5017 Deo
3511 4975 3641 5015 con-

2062 5064 2177 5123 dita
2203 5073 2352 5122 sunt.
2388 5064 2453 5119 At
2481 5080 2593 5119 non
2624 5064 2767 5118 sicut
2794 5062 2938 5115 Deus
2959 5076 3017 5114 se
3039 5062 3217 5128 ipsum
3241 5052 3544 5124 cognoscit,
3576 5065 3642 5104 ac

2058 5171 2181 5227 qua:
2211 5156 2279 5211 ab
2306 5156 2427 5226 ipso
2454 5154 2673 5210 condita
2696 5161 2845 5215 sunt,
2875 5151 2955 5204 sic
2986 5148 3150 5202 etiam
3169 5153 3373 5201 sanctae
3397 5143 3643 5197 Virtutes

2056 5248 2228 5303 Deum
2242 5257 2686 5320 cognoscunt,ac
2699 5260 2820 5314 qum
2851 5243 2962 5296 Deo
2983 5248 3211 5294 auctore
3241 5235 3463 5290 condita
3490 5239 3638 5287 sunt.

2056 5378 2121 5417 ac
2151 5361 2387 5425 sufﬁxis,
2420 5359 2745 5431 monstravi.
2808 5356 2921 5411 Nec
2965 5348 3436 5431 insequentibus
3480 5347 3641 5431 longe

2054 5432 2171 5487 fere
2204 5420 2469 5497 majorem
2533 5430 2618 5482 vir
2664 5428 2861 5497 doctus
2913 5422 3136 5477 adhibet
3189 5420 3552 5497 diligentiam,
3581 5426 3643 5497 ut

2054 5502 2200 5574 quod
2229 5487 2310 5553 illi
2341 5500 2397 5553 in
2429 5498 2665 5574 Maximo
2715 5495 2994 5574 ροείιιιιῐι⁵
3016 5506 3218 5573 operae,
3266 5487 3638 5574 b’audumagni

2054 5563 2144 5637 sit,
2167 5584 2480 5641 quanquam
2508 5576 2565 5625 et
2623 5563 2741 5638 ipse
2792 5563 3230 5620 eruditissimum
3279 5563 3460 5615 virum
3511 5570 3639 5612 eum

2054 5640 2320 5715 agnoscit.
