  <div class='ocr_page' id='page_1' title='image "/cluster/home/n/w/nwhite01/storage/ocr_20150623/90/hvd.32044073502197/518.png"; bbox 0 0 4066 6188; ppageno 0'>
   <div class='ocr_carea' id='block_1_1' title="bbox 351 289 503 359">
    <p class='ocr_par' dir='ltr' id='par_1_1' title="bbox 351 289 503 359">
     <span class='ocr_line' id='line_1_1' title="bbox 351 289 503 359; baseline -0.072 0"><span class='ocrx_word' id='word_1_1' title='bbox 351 289 503 359; x_wconf 59' lang='lat' dir='ltr'><strong>mea</strong></span> 
     </span>
    </p>
   </div>
   <div class='ocr_carea' id='block_1_2' title="bbox 1207 302 2724 367">
    <p class='ocr_par' dir='ltr' id='par_1_2' title="bbox 1207 302 2724 367">
     <span class='ocr_line' id='line_1_2' title="bbox 1207 302 2724 367; baseline -0.004 0"><span class='ocrx_word' id='word_1_2' title='bbox 1207 309 1540 367; x_wconf 65' lang='lat' dir='ltr'><strong>CAI’I&#39;I&#39;Ul&#39;tI</strong></span> <span class='ocrx_word' id='word_1_3' title='bbox 1582 307 1678 365; x_wconf 86' lang='lat' dir='ltr'><strong>DE</strong></span> <span class='ocrx_word' id='word_1_4' title='bbox 1719 303 2146 363; x_wconf 70' lang='lat' dir='ltr'><strong>CIIAIIITATE</strong></span> <span class='ocrx_word' id='word_1_5' title='bbox 2183 302 2570 362; x_wconf 78' lang='lat' dir='ltr'><strong>CENTURIA</strong></span> <span class='ocrx_word' id='word_1_6' title='bbox 2612 303 2724 362; x_wconf 86' lang='lat' dir='ltr'><strong>III.</strong></span> 
     </span>
    </p>
   </div>
   <div class='ocr_carea' id='block_1_3' title="bbox 3385 299 3600 386">
    <p class='ocr_par' dir='ltr' id='par_1_3' title="bbox 3385 299 3600 386">
     <span class='ocr_line' id='line_1_3' title="bbox 3385 299 3600 386; baseline -0.023 -19"><span class='ocrx_word' id='word_1_7' title='bbox 3385 377 3392 386; x_wconf 42' lang='lat'><strong>,</strong></span> <span class='ocrx_word' id='word_1_8' title='bbox 3464 299 3600 370; x_wconf 74' lang='lat'><strong>109.5</strong></span> 
     </span>
    </p>
   </div>
   <div class='ocr_carea' id='block_1_4' title="bbox 422 414 1946 488">
    <p class='ocr_par' dir='ltr' id='par_1_4' title="bbox 422 414 1920 488">
     <span class='ocr_line' id='line_1_4' title="bbox 422 414 1920 488; baseline -0.002 -19"><span class='ocrx_word' id='word_1_9' title='bbox 422 417 523 481; x_wconf 81' lang='grc' dir='ltr'><strong>κζ’.</strong></span> <span class='ocrx_word' id='word_1_10' title='bbox 562 419 620 469; x_wconf 89' lang='lat' dir='ltr'><strong>&#39;O</strong></span> <span class='ocrx_word' id='word_1_11' title='bbox 663 415 760 488; x_wconf 79' lang='grc' dir='ltr'><strong>μὲν</strong></span> <span class='ocrx_word' id='word_1_12' title='bbox 807 416 938 482; x_wconf 85' lang='grc' dir='ltr'><strong>Θεὸς</strong></span> <span class='ocrx_word' id='word_1_13' title='bbox 975 424 1049 482; x_wconf 84' lang='grc' dir='ltr'><strong>ὠς</strong></span> <span class='ocrx_word' id='word_1_14' title='bbox 1081 417 1449 488; x_wconf 78' lang='grc' dir='ltr'><strong>αὐτοΰπαρξις</strong></span> <span class='ocrx_word' id='word_1_15' title='bbox 1511 415 1585 468; x_wconf 80' lang='grc' dir='ltr'><strong>ὢν</strong></span> <span class='ocrx_word' id='word_1_16' title='bbox 1625 416 1718 468; x_wconf 74' lang='grc' dir='ltr'><strong>καὶ</strong></span> <span class='ocrx_word' id='word_1_17' title='bbox 1762 414 1920 467; x_wconf 71' lang='grc' dir='ltr'><strong>αὑτο-</strong></span> 
     </span>
    </p>
   </div>
   <div class='ocr_carea' id='block_1_5' title="bbox 2048 414 3604 488">
    <p class='ocr_par' dir='ltr' id='par_1_5' title="bbox 2096 414 3604 483">
     <span class='ocr_line' id='line_1_5' title="bbox 2096 414 3604 483; baseline 0.003 -16"><span class='ocrx_word' id='word_1_18' title='bbox 2096 415 2184 467; x_wconf 72' lang='grc'><strong>27.</strong></span> <span class='ocrx_word' id='word_1_19' title='bbox 2220 414 2364 468; x_wconf 88' lang='lat' dir='ltr'><strong>Deus</strong></span> <span class='ocrx_word' id='word_1_20' title='bbox 2391 414 2612 483; x_wconf 92' lang='lat' dir='ltr'><strong>quidem</strong></span> <span class='ocrx_word' id='word_1_21' title='bbox 2641 414 2733 483; x_wconf 87' lang='lat' dir='ltr'><strong>qui</strong></span> <span class='ocrx_word' id='word_1_22' title='bbox 2773 414 2884 482; x_wconf 84' lang='lat' dir='ltr'><strong>ipsa</strong></span> <span class='ocrx_word' id='word_1_23' title='bbox 2917 430 3013 483; x_wconf 76' lang='lat' dir='ltr'><strong>per</strong></span> <span class='ocrx_word' id='word_1_24' title='bbox 3046 431 3101 469; x_wconf 92' lang='lat' dir='ltr'><strong>se</strong></span> <span class='ocrx_word' id='word_1_25' title='bbox 3123 416 3389 469; x_wconf 84' lang='lat' dir='ltr'><strong>exsistens</strong></span> <span class='ocrx_word' id='word_1_26' title='bbox 3419 432 3604 471; x_wconf 60' lang='lat' dir='ltr'><strong>essen-</strong></span> 
     </span>
    </p>
   </div>
   <div class='ocr_carea' id='block_1_6' title="bbox 347 505 1916 579">
    <p class='ocr_par' dir='ltr' id='par_1_6' title="bbox 347 505 1916 579">
     <span class='ocr_line' id='line_1_6' title="bbox 347 505 1916 579; baseline -0.004 -16"><span class='ocrx_word' id='word_1_27' title='bbox 347 511 622 578; x_wconf 77' lang='grc' dir='ltr'><strong>αγαθότης</strong></span> <span class='ocrx_word' id='word_1_28' title='bbox 649 509 744 562; x_wconf 76' lang='grc' dir='ltr'><strong>καὶ</strong></span> <span class='ocrx_word' id='word_1_29' title='bbox 767 509 1060 577; x_wconf 75' lang='grc' dir='ltr'><strong>αὐτοσοςρία</strong></span> <span class='ocrx_word' id='word_1_30' title='bbox 1093 525 1106 539; x_wconf 74' lang='grc' dir='ltr'><strong>ο</strong></span> <span class='ocrx_word' id='word_1_31' title='bbox 1142 509 1339 579; x_wconf 84' lang='grc' dir='ltr'>μᾶλλον</span> <span class='ocrx_word' id='word_1_32' title='bbox 1374 508 1429 560; x_wconf 82' lang='grc' dir='ltr'><strong>δέ</strong></span> <span class='ocrx_word' id='word_1_33' title='bbox 1455 507 1816 576; x_wconf 77' lang='grc' dir='ltr'><strong>ἀληθέστερον</strong></span> <span class='ocrx_word' id='word_1_34' title='bbox 1846 505 1916 556; x_wconf 81' lang='grc' dir='ltr'><strong>εί-</strong></span> 
     </span>
    </p>
   </div>
   <div class='ocr_carea' id='block_1_7' title="bbox 351 596 1925 668">
    <p class='ocr_par' dir='ltr' id='par_1_7' title="bbox 351 596 1925 668">
     <span class='ocr_line' id='line_1_7' title="bbox 351 596 1925 668; baseline -0.003 -16"><span class='ocrx_word' id='word_1_35' title='bbox 351 602 492 663; x_wconf 82' lang='grc' dir='ltr'><strong>πείν,</strong></span> <span class='ocrx_word' id='word_1_36' title='bbox 524 600 617 652; x_wconf 74' lang='grc' dir='ltr'>καὶ</span> <span class='ocrx_word' id='word_1_37' title='bbox 651 599 790 668; x_wconf 85' lang='grc' dir='ltr'><strong>ὑπὲρ</strong></span> <span class='ocrx_word' id='word_1_38' title='bbox 819 599 990 652; x_wconf 78' lang='grc' dir='ltr'><strong>ταῦτα</strong></span> <span class='ocrx_word' id='word_1_39' title='bbox 1016 602 1214 665; x_wconf 82' lang='grc' dir='ltr'><strong>πάντα,</strong></span> <span class='ocrx_word' id='word_1_40' title='bbox 1254 599 1407 652; x_wconf 79' lang='grc' dir='ltr'><strong>οὐδὲν</strong></span> <span class='ocrx_word' id='word_1_41' title='bbox 1447 598 1559 667; x_wconf 71' lang='grc' dir='ltr'><strong>ἔχει</strong></span> <span class='ocrx_word' id='word_1_42' title='bbox 1592 598 1653 649; x_wconf 83' lang='grc' dir='ltr'><strong>τὸ</strong></span> <span class='ocrx_word' id='word_1_43' title='bbox 1707 596 1925 649; x_wconf 80' lang='grc' dir='ltr'><strong>σύνολον</strong></span> 
     </span>
    </p>
   </div>
   <div class='ocr_carea' id='block_1_8' title="bbox 351 685 1926 758">
    <p class='ocr_par' dir='ltr' id='par_1_8' title="bbox 351 685 1926 758">
     <span class='ocr_line' id='line_1_8' title="bbox 351 685 1926 758; baseline -0.002 -17"><span class='ocrx_word' id='word_1_44' title='bbox 351 689 617 743; x_wconf 84' lang='grc' dir='ltr'><strong>ἐναντίον.</strong></span> <span class='ocrx_word' id='word_1_45' title='bbox 656 690 736 741; x_wconf 86' lang='grc' dir='ltr'><strong>Τά</strong></span> <span class='ocrx_word' id='word_1_46' title='bbox 763 689 819 740; x_wconf 84' lang='grc' dir='ltr'><strong>δὲ</strong></span> <span class='ocrx_word' id='word_1_47' title='bbox 857 689 1150 758; x_wconf 87' lang='grc' dir='ltr'><strong>κτίσματα,</strong></span> <span class='ocrx_word' id='word_1_48' title='bbox 1195 689 1270 750; x_wconf 83' lang='grc' dir='ltr'><strong>ὡς</strong></span> <span class='ocrx_word' id='word_1_49' title='bbox 1313 689 1492 740; x_wconf 73' lang='grc' dir='ltr'><strong>πάντα</strong></span> <span class='ocrx_word' id='word_1_50' title='bbox 1554 687 1653 756; x_wconf 82' lang='grc' dir='ltr'><strong>μὲν</strong></span> <span class='ocrx_word' id='word_1_51' title='bbox 1711 685 1926 754; x_wconf 78' lang='grc' dir='ltr'><strong>μεθέξει</strong></span> 
     </span>
    </p>
   </div>
   <div class='ocr_carea' id='block_1_9' title="bbox 354 777 1928 852">
    <p class='ocr_par' dir='ltr' id='par_1_9' title="bbox 354 777 1928 852">
     <span class='ocr_line' id='line_1_9' title="bbox 354 777 1928 852; baseline -0.004 -18"><span class='ocrx_word' id='word_1_52' title='bbox 354 782 448 834; x_wconf 74' lang='grc' dir='ltr'><strong>καὶ</strong></span> <span class='ocrx_word' id='word_1_53' title='bbox 492 782 675 852; x_wconf 84' lang='grc' dir='ltr'><strong>χάριτι</strong></span> <span class='ocrx_word' id='word_1_54' title='bbox 727 780 826 851; x_wconf 88' lang='grc' dir='ltr'><strong>τὴν</strong></span> <span class='ocrx_word' id='word_1_55' title='bbox 865 779 1100 851; x_wconf 77' lang='grc' dir='ltr'><strong>ὓπαρξιν</strong></span> <span class='ocrx_word' id='word_1_56' title='bbox 1146 780 1338 849; x_wconf 77' lang='grc' dir='ltr'><strong>ἔχοντα</strong></span> <span class='ocrx_word' id='word_1_57' title='bbox 1368 795 1383 810; x_wconf 75' lang='grc' dir='ltr'><strong>ο</strong></span> <span class='ocrx_word' id='word_1_58' title='bbox 1431 778 1500 831; x_wconf 85' lang='grc' dir='ltr'><strong>τὰ</strong></span> <span class='ocrx_word' id='word_1_59' title='bbox 1532 778 1587 830; x_wconf 82' lang='grc' dir='ltr'><strong>δὲ</strong></span> <span class='ocrx_word' id='word_1_60' title='bbox 1612 777 1804 846; x_wconf 76' lang='grc' dir='ltr'><strong>λογικὰ</strong></span> <span class='ocrx_word' id='word_1_61' title='bbox 1835 777 1928 829; x_wconf 79' lang='grc' dir='ltr'><strong>καὶ</strong></span> 
     </span>
    </p>
   </div>
   <div class='ocr_carea' id='block_1_10' title="bbox 353 869 1924 943">
    <p class='ocr_par' dir='ltr' id='par_1_10' title="bbox 353 869 1924 943">
     <span class='ocr_line' id='line_1_10' title="bbox 353 869 1924 943; baseline -0.003 -19"><span class='ocrx_word' id='word_1_62' title='bbox 353 872 536 942; x_wconf 86' lang='grc' dir='ltr'><strong>νοερὰ,</strong></span> <span class='ocrx_word' id='word_1_63' title='bbox 564 874 658 926; x_wconf 74' lang='grc' dir='ltr'>καὶ</span> <span class='ocrx_word' id='word_1_64' title='bbox 687 871 785 943; x_wconf 85' lang='grc' dir='ltr'><strong>τὴν</strong></span> <span class='ocrx_word' id='word_1_65' title='bbox 806 873 1138 942; x_wconf 76' lang='grc' dir='ltr'><strong>ἀγαϐότητος</strong></span> <span class='ocrx_word' id='word_1_66' title='bbox 1163 873 1258 924; x_wconf 79' lang='grc' dir='ltr'><strong>καὶ</strong></span> <span class='ocrx_word' id='word_1_67' title='bbox 1292 871 1480 941; x_wconf 82' lang='grc' dir='ltr'><strong>σοφίας</strong></span> <span class='ocrx_word' id='word_1_68' title='bbox 1499 869 1924 939; x_wconf 80' lang='grc' dir='ltr'><strong>ἐπιτηδειότητα,</strong></span> 
     </span>
    </p>
   </div>
   <div class='ocr_carea' id='block_1_11' title="bbox 353 961 1927 1034">
    <p class='ocr_par' dir='ltr' id='par_1_11' title="bbox 353 961 1927 1034">
     <span class='ocr_line' id='line_1_11' title="bbox 353 961 1927 1034; baseline -0.003 -20"><span class='ocrx_word' id='word_1_69' title='bbox 353 964 466 1033; x_wconf 75' lang='grc' dir='ltr'><strong>ἕχει</strong></span> <span class='ocrx_word' id='word_1_70' title='bbox 502 964 743 1016; x_wconf 84' lang='grc' dir='ltr'><strong>ἐναντίον</strong></span> <span class='ocrx_word' id='word_1_71' title='bbox 766 981 780 993; x_wconf 77' lang='grc' dir='ltr'><strong>ο</strong></span> <span class='ocrx_word' id='word_1_72' title='bbox 823 967 888 1034; x_wconf 78' lang='grc' dir='ltr'><strong>τῇ</strong></span> <span class='ocrx_word' id='word_1_73' title='bbox 926 963 1023 1034; x_wconf 83' lang='grc' dir='ltr'><strong>μὲν</strong></span> <span class='ocrx_word' id='word_1_74' title='bbox 1049 963 1301 1033; x_wconf 78' lang='grc' dir='ltr'><strong>ὑπάρξει,</strong></span> <span class='ocrx_word' id='word_1_75' title='bbox 1332 964 1392 1014; x_wconf 75' lang='grc' dir='ltr'><strong>τὸ</strong></span> <span class='ocrx_word' id='word_1_76' title='bbox 1426 962 1502 1032; x_wconf 83' lang='grc' dir='ltr'><strong>μὴ</strong></span> <span class='ocrx_word' id='word_1_77' title='bbox 1533 961 1798 1032; x_wconf 80' lang='grc' dir='ltr'><strong>ὑπάρχειν</strong></span> <span class='ocrx_word' id='word_1_78' title='bbox 1820 977 1832 990; x_wconf 78' lang='lat'><strong><em>°</em></strong></span> <span class='ocrx_word' id='word_1_79' title='bbox 1861 962 1927 1030; x_wconf 81' lang='grc' dir='ltr'><strong>τῇ</strong></span> 
     </span>
    </p>
   </div>
   <div class='ocr_carea' id='block_1_12' title="bbox 352 1050 1931 1125">
    <p class='ocr_par' dir='ltr' id='par_1_12' title="bbox 352 1050 1931 1125">
     <span class='ocr_line' id='line_1_12' title="bbox 352 1050 1931 1125; baseline -0.004 -18"><span class='ocrx_word' id='word_1_80' title='bbox 352 1055 407 1107; x_wconf 83' lang='grc' dir='ltr'><strong>δέ</strong></span> <span class='ocrx_word' id='word_1_81' title='bbox 437 1055 537 1123; x_wconf 80' lang='grc' dir='ltr'><strong>τῆς</strong></span> <span class='ocrx_word' id='word_1_82' title='bbox 570 1054 908 1125; x_wconf 81' lang='grc' dir='ltr'><strong>ἁγαοότητος</strong></span> <span class='ocrx_word' id='word_1_83' title='bbox 942 1055 1034 1107; x_wconf 76' lang='grc' dir='ltr'>καὶ</span> <span class='ocrx_word' id='word_1_84' title='bbox 1066 1055 1254 1123; x_wconf 71' lang='grc' dir='ltr'><strong>σοφίας</strong></span> <span class='ocrx_word' id='word_1_85' title='bbox 1291 1052 1704 1123; x_wconf 86' lang='grc' dir='ltr'><strong>ἐπιτηδειότητι,</strong></span> <span class='ocrx_word' id='word_1_86' title='bbox 1738 1050 1931 1104; x_wconf 82' lang='grc' dir='ltr'>κακίαν</span> 
     </span>
    </p>
   </div>
   <div class='ocr_carea' id='block_1_13' title="bbox 356 1142 1934 1216">
    <p class='ocr_par' dir='ltr' id='par_1_13' title="bbox 356 1142 1934 1216">
     <span class='ocr_line' id='line_1_13' title="bbox 356 1142 1934 1216; baseline -0.003 -18"><span class='ocrx_word' id='word_1_87' title='bbox 356 1147 446 1198; x_wconf 76' lang='grc' dir='ltr'><strong>καὶ</strong></span> <span class='ocrx_word' id='word_1_88' title='bbox 472 1147 765 1213; x_wconf 56' lang='grc' dir='ltr'><strong>ἀγνωσίαν.</strong></span> <span class='ocrx_word' id='word_1_89' title='bbox 803 1146 910 1200; x_wconf 76' lang='grc' dir='ltr'><strong>Καὶ</strong></span> <span class='ocrx_word' id='word_1_90' title='bbox 944 1146 1004 1198; x_wconf 85' lang='grc' dir='ltr'><strong>τὸ</strong></span> <span class='ocrx_word' id='word_1_91' title='bbox 1041 1145 1140 1216; x_wconf 81' lang='grc' dir='ltr'><strong>μὲν</strong></span> <span class='ocrx_word' id='word_1_92' title='bbox 1171 1145 1442 1214; x_wconf 81' lang='grc' dir='ltr'><strong>ὑπάρχειν</strong></span> <span class='ocrx_word' id='word_1_93' title='bbox 1466 1143 1609 1213; x_wconf 83' lang='grc' dir='ltr'><strong>ἀεὶῆ</strong></span> <span class='ocrx_word' id='word_1_94' title='bbox 1648 1144 1722 1213; x_wconf 86' lang='grc' dir='ltr'><strong>μὴ</strong></span> <span class='ocrx_word' id='word_1_95' title='bbox 1757 1142 1934 1210; x_wconf 81' lang='grc' dir='ltr'><strong>ὑπάρ-</strong></span> 
     </span>
    </p>
   </div>
   <div class='ocr_carea' id='block_1_14' title="bbox 355 1234 1933 1309">
    <p class='ocr_par' dir='ltr' id='par_1_14' title="bbox 355 1234 1933 1309">
     <span class='ocr_line' id='line_1_14' title="bbox 355 1234 1933 1309; baseline -0.004 -19"><span class='ocrx_word' id='word_1_96' title='bbox 355 1255 468 1308; x_wconf 83' lang='grc' dir='ltr'><strong>χειν</strong></span> <span class='ocrx_word' id='word_1_97' title='bbox 501 1237 672 1292; x_wconf 85' lang='grc' dir='ltr'><strong>ταῦτα</strong></span> <span class='ocrx_word' id='word_1_98' title='bbox 706 1237 818 1309; x_wconf 80' lang='lat' dir='ltr'><strong>lFr.</strong></span> <span class='ocrx_word' id='word_1_99' title='bbox 849 1237 916 1290; x_wconf 79' lang='grc' dir='ltr'><strong>τὰ</strong></span> <span class='ocrx_word' id='word_1_100' title='bbox 950 1237 1143 1306; x_wconf 71' lang='grc' dir='ltr'><strong>λογικὰ</strong></span> <span class='ocrx_word' id='word_1_101' title='bbox 1175 1238 1272 1290; x_wconf 74' lang='grc' dir='ltr'><strong>καὶ</strong></span> <span class='ocrx_word' id='word_1_102' title='bbox 1297 1235 1503 1308; x_wconf 59' lang='grc' dir='ltr'><strong>νοερὰἶ.</strong></span> <span class='ocrx_word' id='word_1_103' title='bbox 1533 1237 1590 1288; x_wconf 84' lang='grc' dir='ltr'><strong>ἐν</strong></span> <span class='ocrx_word' id='word_1_104' title='bbox 1619 1239 1683 1304; x_wconf 79' lang='grc' dir='ltr'><strong>τῇ</strong></span> <span class='ocrx_word' id='word_1_105' title='bbox 1715 1234 1933 1303; x_wconf 68' lang='grc' dir='ltr'><strong>ἐξουσίᾳ.</strong></span> 
     </span>
    </p>
   </div>
   <div class='ocr_carea' id='block_1_15' title="bbox 354 1327 1933 1399">
    <p class='ocr_par' dir='ltr' id='par_1_15' title="bbox 354 1327 1933 1399">
     <span class='ocr_line' id='line_1_15' title="bbox 354 1327 1933 1399; baseline -0.003 -18"><span class='ocrx_word' id='word_1_106' title='bbox 354 1329 449 1382; x_wconf 76' lang='grc' dir='ltr'><strong>τοῦ</strong></span> <span class='ocrx_word' id='word_1_107' title='bbox 484 1331 845 1398; x_wconf 77' lang='grc' dir='ltr'><strong>πεποιηκότος</strong></span> <span class='ocrx_word' id='word_1_108' title='bbox 872 1330 987 1382; x_wconf 83' lang='grc' dir='ltr'><strong>ἐστί</strong></span> <span class='ocrx_word' id='word_1_109' title='bbox 1008 1344 1021 1357; x_wconf 89' lang='grc'><strong>·</strong></span> <span class='ocrx_word' id='word_1_110' title='bbox 1042 1330 1102 1382; x_wconf 78' lang='grc' dir='ltr'><strong>τὸ</strong></span> <span class='ocrx_word' id='word_1_111' title='bbox 1121 1329 1177 1382; x_wconf 80' lang='grc' dir='ltr'><strong>δὲ</strong></span> <span class='ocrx_word' id='word_1_112' title='bbox 1207 1329 1454 1399; x_wconf 79' lang='grc' dir='ltr'><strong>μετέχειν</strong></span> <span class='ocrx_word' id='word_1_113' title='bbox 1477 1329 1574 1396; x_wconf 80' lang='grc' dir='ltr'><strong>τῆς</strong></span> <span class='ocrx_word' id='word_1_114' title='bbox 1601 1327 1933 1394; x_wconf 65' lang='grc' dir='ltr'><strong>ἁγαθότητος</strong></span> 
     </span>
    </p>
   </div>
   <div class='ocr_carea' id='block_1_16' title="bbox 360 1417 1934 1490">
    <p class='ocr_par' dir='ltr' id='par_1_16' title="bbox 360 1417 1934 1490">
     <span class='ocr_line' id='line_1_16' title="bbox 360 1417 1934 1490; baseline -0.003 -19"><span class='ocrx_word' id='word_1_115' title='bbox 360 1418 526 1472; x_wconf 71' lang='grc' dir='ltr'><strong>αὑτοῦ</strong></span> <span class='ocrx_word' id='word_1_116' title='bbox 567 1420 661 1472; x_wconf 78' lang='grc' dir='ltr'><strong>καὶ</strong></span> <span class='ocrx_word' id='word_1_117' title='bbox 699 1421 792 1489; x_wconf 81' lang='grc' dir='ltr'><strong>τῆς</strong></span> <span class='ocrx_word' id='word_1_118' title='bbox 823 1418 1014 1488; x_wconf 73' lang='grc' dir='ltr'>σοφίας</span> <span class='ocrx_word' id='word_1_119' title='bbox 1049 1418 1081 1489; x_wconf 79' lang='grc' dir='ltr'><strong>ἢ</strong></span> <span class='ocrx_word' id='word_1_120' title='bbox 1109 1418 1182 1489; x_wconf 84' lang='grc' dir='ltr'><strong>μὴ</strong></span> <span class='ocrx_word' id='word_1_121' title='bbox 1218 1419 1485 1490; x_wconf 83' lang='grc' dir='ltr'><strong>μετέχειν,</strong></span> <span class='ocrx_word' id='word_1_122' title='bbox 1507 1421 1562 1472; x_wconf 87' lang='grc' dir='ltr'><strong>ἐν</strong></span> <span class='ocrx_word' id='word_1_123' title='bbox 1583 1422 1648 1489; x_wconf 80' lang='grc' dir='ltr'><strong>τῇ</strong></span> <span class='ocrx_word' id='word_1_124' title='bbox 1683 1417 1934 1488; x_wconf 79' lang='grc' dir='ltr'><strong>βουλήσει</strong></span> 
     </span>
    </p>
   </div>
   <div class='ocr_carea' id='block_1_17' title="bbox 356 1509 996 1581">
    <p class='ocr_par' dir='ltr' id='par_1_17' title="bbox 356 1509 996 1581">
     <span class='ocr_line' id='line_1_17' title="bbox 356 1509 996 1581; baseline 0.003 -20"><span class='ocrx_word' id='word_1_125' title='bbox 356 1511 464 1562; x_wconf 79' lang='grc' dir='ltr'><strong>τῶν</strong></span> <span class='ocrx_word' id='word_1_126' title='bbox 486 1509 717 1579; x_wconf 77' lang='grc' dir='ltr'><strong>λογικῶν</strong></span> <span class='ocrx_word' id='word_1_127' title='bbox 741 1509 996 1581; x_wconf 80' lang='grc' dir='ltr'><strong>ὑπάρχει.</strong></span> 
     </span>
    </p>
   </div>
   <div class='ocr_carea' id='block_1_18' title="bbox 430 1785 1936 1860">
    <p class='ocr_par' dir='ltr' id='par_1_18' title="bbox 430 1785 1936 1860">
     <span class='ocr_line' id='line_1_18' title="bbox 430 1785 1936 1860; baseline -0.004 -18"><span class='ocrx_word' id='word_1_128' title='bbox 430 1797 536 1860; x_wconf 88' lang='grc' dir='ltr'><strong>κη’.</strong></span> <span class='ocrx_word' id='word_1_129' title='bbox 566 1790 630 1842; x_wconf 89' lang='grc' dir='ltr'><strong>Οἱ</strong></span> <span class='ocrx_word' id='word_1_130' title='bbox 673 1789 768 1858; x_wconf 81' lang='grc' dir='ltr'><strong>μὲν</strong></span> <span class='ocrx_word' id='word_1_131' title='bbox 803 1788 1061 1857; x_wconf 86' lang='grc' dir='ltr'><strong>Ἕλληνες</strong></span> <span class='ocrx_word' id='word_1_132' title='bbox 1096 1789 1174 1855; x_wconf 82' lang='grc' dir='ltr'><strong>(η)</strong></span> <span class='ocrx_word' id='word_1_133' title='bbox 1228 1786 1287 1851; x_wconf 79' lang='grc' dir='ltr'><strong>ἐξ</strong></span> <span class='ocrx_word' id='word_1_134' title='bbox 1320 1786 1489 1839; x_wconf 82' lang='grc' dir='ltr'>ἀϊδίου</span> <span class='ocrx_word' id='word_1_135' title='bbox 1523 1785 1769 1854; x_wconf 79' lang='grc' dir='ltr'><strong>λέγοντες</strong></span> <span class='ocrx_word' id='word_1_136' title='bbox 1815 1801 1936 1837; x_wconf 77' lang='grc' dir='ltr'><strong>συν-</strong></span> 
     </span>
    </p>
   </div>
   <div class='ocr_carea' id='block_1_19' title="bbox 361 1873 1938 1951">
    <p class='ocr_par' dir='ltr' id='par_1_19' title="bbox 361 1873 1938 1951">
     <span class='ocr_line' id='line_1_19' title="bbox 361 1873 1938 1951; baseline -0.005 -18"><span class='ocrx_word' id='word_1_137' title='bbox 361 1881 628 1951; x_wconf 82' lang='grc' dir='ltr'><strong>υπὰρχειν</strong></span> <span class='ocrx_word' id='word_1_138' title='bbox 651 1879 730 1948; x_wconf 84' lang='grc' dir='ltr'><strong>τῷ</strong></span> <span class='ocrx_word' id='word_1_139' title='bbox 769 1877 886 1948; x_wconf 82' lang='grc' dir='ltr'><strong>Θεῷ</strong></span> <span class='ocrx_word' id='word_1_140' title='bbox 915 1877 1013 1947; x_wconf 81' lang='grc' dir='ltr'><strong>τὴν</strong></span> <span class='ocrx_word' id='word_1_141' title='bbox 1037 1877 1145 1929; x_wconf 83' lang='grc' dir='ltr'><strong>τῶν</strong></span> <span class='ocrx_word' id='word_1_142' title='bbox 1180 1876 1349 1928; x_wconf 87' lang='grc' dir='ltr'><strong>ὄντων</strong></span> <span class='ocrx_word' id='word_1_143' title='bbox 1376 1875 1581 1936; x_wconf 83' lang='grc' dir='ltr'><strong>οὐσίαν,</strong></span> <span class='ocrx_word' id='word_1_144' title='bbox 1603 1875 1700 1936; x_wconf 79' lang='grc' dir='ltr'><strong>τὰς</strong></span> <span class='ocrx_word' id='word_1_145' title='bbox 1721 1874 1778 1926; x_wconf 83' lang='grc' dir='ltr'><strong>δέ</strong></span> <span class='ocrx_word' id='word_1_146' title='bbox 1808 1873 1938 1943; x_wconf 79' lang='grc' dir='ltr'><strong>περὶ</strong></span> 
     </span>
    </p>
   </div>
   <div class='ocr_carea' id='block_1_20' title="bbox 359 1963 1938 2041">
    <p class='ocr_par' dir='ltr' id='par_1_20' title="bbox 359 1963 1938 2041">
     <span class='ocr_line' id='line_1_20' title="bbox 359 1963 1938 2041; baseline -0.003 -16"><span class='ocrx_word' id='word_1_147' title='bbox 359 1972 528 2041; x_wconf 82' lang='grc' dir='ltr'><strong>αὐτὴν</strong></span> <span class='ocrx_word' id='word_1_148' title='bbox 575 1971 867 2040; x_wconf 80' lang='grc' dir='ltr'>ποιότητας</span> <span class='ocrx_word' id='word_1_149' title='bbox 913 1969 1071 2039; x_wconf 87' lang='grc' dir='ltr'><strong>μόνον</strong></span> <span class='ocrx_word' id='word_1_150' title='bbox 1100 1968 1159 2034; x_wconf 81' lang='grc' dir='ltr'><strong>ἐξ</strong></span> <span class='ocrx_word' id='word_1_151' title='bbox 1183 1967 1348 2020; x_wconf 81' lang='grc' dir='ltr'><strong>αὑτοῦ</strong></span> <span class='ocrx_word' id='word_1_152' title='bbox 1376 1967 1663 2038; x_wconf 77' lang='grc' dir='ltr'><strong>ἐσχηκέναι</strong></span> <span class='ocrx_word' id='word_1_153' title='bbox 1695 1983 1708 1998; x_wconf 92' lang='grc'><strong>·</strong></span> <span class='ocrx_word' id='word_1_154' title='bbox 1749 1963 1810 2038; x_wconf 78' lang='grc' dir='ltr'><strong>τῇ</strong></span> <span class='ocrx_word' id='word_1_155' title='bbox 1840 1967 1938 2037; x_wconf 80' lang='grc' dir='ltr'><strong>μὲν</strong></span> 
     </span>
    </p>
   </div>
   <div class='ocr_carea' id='block_1_21' title="bbox 359 2059 1937 2134">
    <p class='ocr_par' dir='ltr' id='par_1_21' title="bbox 359 2059 1937 2134">
     <span class='ocr_line' id='line_1_21' title="bbox 359 2059 1937 2134; baseline -0.004 -17"><span class='ocrx_word' id='word_1_156' title='bbox 359 2064 539 2134; x_wconf 72' lang='grc' dir='ltr'><strong>οὐσίᾳ,</strong></span> <span class='ocrx_word' id='word_1_157' title='bbox 575 2062 727 2116; x_wconf 83' lang='grc' dir='ltr'><strong>οὐδὲν</strong></span> <span class='ocrx_word' id='word_1_158' title='bbox 757 2062 1003 2130; x_wconf 83' lang='grc' dir='ltr'><strong>λέγουσιν</strong></span> <span class='ocrx_word' id='word_1_159' title='bbox 1029 2059 1269 2114; x_wconf 85' lang='grc' dir='ltr'><strong>ἐναντίον</strong></span> <span class='ocrx_word' id='word_1_160' title='bbox 1296 2075 1308 2088; x_wconf 94' lang='grc'><strong>·</strong></span> <span class='ocrx_word' id='word_1_161' title='bbox 1346 2061 1404 2112; x_wconf 83' lang='grc' dir='ltr'><strong>ἐν</strong></span> <span class='ocrx_word' id='word_1_162' title='bbox 1435 2059 1491 2111; x_wconf 85' lang='grc' dir='ltr'><strong>δὲ</strong></span> <span class='ocrx_word' id='word_1_163' title='bbox 1527 2061 1648 2120; x_wconf 83' lang='grc' dir='ltr'><strong>ταῖς</strong></span> <span class='ocrx_word' id='word_1_164' title='bbox 1689 2059 1937 2128; x_wconf 82' lang='grc' dir='ltr'><strong>ποιότησι</strong></span> 
     </span>
    </p>
   </div>
   <div class='ocr_carea' id='block_1_22' title="bbox 363 2145 1939 2224">
    <p class='ocr_par' dir='ltr' id='par_1_22' title="bbox 363 2145 1939 2224">
     <span class='ocr_line' id='line_1_22' title="bbox 363 2145 1939 2224; baseline -0.004 -18"><span class='ocrx_word' id='word_1_165' title='bbox 363 2154 572 2224; x_wconf 78' lang='grc' dir='ltr'><strong>μόναις,</strong></span> <span class='ocrx_word' id='word_1_166' title='bbox 607 2152 707 2223; x_wconf 79' lang='grc' dir='ltr'><strong>τὴν</strong></span> <span class='ocrx_word' id='word_1_167' title='bbox 762 2151 1075 2204; x_wconf 82' lang='grc' dir='ltr'><strong>ἐναντίωσιν</strong></span> <span class='ocrx_word' id='word_1_168' title='bbox 1114 2145 1272 2203; x_wconf 79' lang='grc' dir='ltr'><strong>εἶναι.</strong></span> <span class='ocrx_word' id='word_1_169' title='bbox 1316 2149 1508 2218; x_wconf 80' lang='grc' dir='ltr'><strong>Ἡμεῖς</strong></span> <span class='ocrx_word' id='word_1_170' title='bbox 1550 2147 1606 2201; x_wconf 81' lang='grc' dir='ltr'><strong>δὲ</strong></span> <span class='ocrx_word' id='word_1_171' title='bbox 1650 2148 1815 2218; x_wconf 88' lang='grc' dir='ltr'><strong>μόνην</strong></span> <span class='ocrx_word' id='word_1_172' title='bbox 1855 2147 1939 2200; x_wconf 83' lang='grc' dir='ltr'><strong>λέ-</strong></span> 
     </span>
    </p>
   </div>
   <div class='ocr_carea' id='block_1_23' title="bbox 360 2239 1940 2314">
    <p class='ocr_par' dir='ltr' id='par_1_23' title="bbox 360 2239 1940 2314">
     <span class='ocr_line' id='line_1_23' title="bbox 360 2239 1940 2314; baseline -0.003 -19"><span class='ocrx_word' id='word_1_173' title='bbox 360 2260 528 2314; x_wconf 86' lang='grc' dir='ltr'><strong>γομεν</strong></span> <span class='ocrx_word' id='word_1_174' title='bbox 556 2244 656 2312; x_wconf 82' lang='grc' dir='ltr'><strong>τὴν</strong></span> <span class='ocrx_word' id='word_1_175' title='bbox 686 2243 837 2296; x_wconf 81' lang='grc' dir='ltr'><strong>θείαν</strong></span> <span class='ocrx_word' id='word_1_176' title='bbox 861 2243 1046 2296; x_wconf 73' lang='grc' dir='ltr'><strong>οὐσίαν</strong></span> <span class='ocrx_word' id='word_1_177' title='bbox 1105 2241 1178 2312; x_wconf 81' lang='grc' dir='ltr'><strong>μὴ</strong></span> <span class='ocrx_word' id='word_1_178' title='bbox 1230 2240 1375 2311; x_wconf 82' lang='grc' dir='ltr'><strong>ἐχειν</strong></span> <span class='ocrx_word' id='word_1_179' title='bbox 1431 2257 1483 2292; x_wconf 89' lang='grc' dir='ltr'><strong>τι</strong></span> <span class='ocrx_word' id='word_1_180' title='bbox 1540 2239 1799 2299; x_wconf 80' lang='grc' dir='ltr'><strong>ἐναντίον,</strong></span> <span class='ocrx_word' id='word_1_181' title='bbox 1864 2239 1940 2303; x_wconf 86' lang='grc' dir='ltr'>ὡς</span> 
     </span>
    </p>
   </div>
   <div class='ocr_carea' id='block_1_24' title="bbox 363 2326 1940 2399">
    <p class='ocr_par' dir='ltr' id='par_1_24' title="bbox 363 2326 1940 2399">
     <span class='ocr_line' id='line_1_24' title="bbox 363 2326 1940 2399; baseline -0.004 -15"><span class='ocrx_word' id='word_1_182' title='bbox 363 2331 531 2384; x_wconf 81' lang='grc' dir='ltr'><strong>ἀῖδιόν</strong></span> <span class='ocrx_word' id='word_1_183' title='bbox 566 2347 626 2384; x_wconf 91' lang='grc' dir='ltr'><strong>τε</strong></span> <span class='ocrx_word' id='word_1_184' title='bbox 659 2326 826 2383; x_wconf 76' lang='grc' dir='ltr'><strong>οὖσαν</strong></span> <span class='ocrx_word' id='word_1_185' title='bbox 858 2330 950 2382; x_wconf 82' lang='grc' dir='ltr'><strong>καὶ</strong></span> <span class='ocrx_word' id='word_1_186' title='bbox 975 2329 1226 2399; x_wconf 79' lang='grc' dir='ltr'><strong>ἄπειρον,</strong></span> <span class='ocrx_word' id='word_1_187' title='bbox 1251 2329 1344 2381; x_wconf 74' lang='grc' dir='ltr'><strong>καὶ</strong></span> <span class='ocrx_word' id='word_1_188' title='bbox 1367 2327 1663 2397; x_wconf 80' lang='grc' dir='ltr'><strong>ἁῑδιότητος</strong></span> <span class='ocrx_word' id='word_1_189' title='bbox 1685 2326 1940 2396; x_wconf 77' lang='grc' dir='ltr'>ἀλλήλαις</span> 
     </span>
    </p>
   </div>
   <div class='ocr_carea' id='block_1_25' title="bbox 362 2417 1940 2494">
    <p class='ocr_par' dir='ltr' id='par_1_25' title="bbox 362 2417 1940 2494">
     <span class='ocr_line' id='line_1_25' title="bbox 362 2417 1940 2494; baseline -0.003 -18"><span class='ocrx_word' id='word_1_190' title='bbox 362 2425 691 2494; x_wconf 79' lang='grc' dir='ltr'><strong>χαριστικήν</strong></span> <span class='ocrx_word' id='word_1_191' title='bbox 725 2441 738 2454; x_wconf 92' lang='grc'><strong>·</strong></span> <span class='ocrx_word' id='word_1_192' title='bbox 771 2426 838 2494; x_wconf 86' lang='grc' dir='ltr'><strong>τῇ</strong></span> <span class='ocrx_word' id='word_1_193' title='bbox 871 2423 926 2475; x_wconf 80' lang='grc' dir='ltr'><strong>δὲ</strong></span> <span class='ocrx_word' id='word_1_194' title='bbox 956 2422 1064 2476; x_wconf 86' lang='grc' dir='ltr'><strong>τῶν</strong></span> <span class='ocrx_word' id='word_1_195' title='bbox 1090 2422 1257 2476; x_wconf 85' lang='grc' dir='ltr'><strong>ὄντων</strong></span> <span class='ocrx_word' id='word_1_196' title='bbox 1286 2421 1462 2490; x_wconf 73' lang='grc' dir='ltr'>οὐσίᾳ,</span> <span class='ocrx_word' id='word_1_197' title='bbox 1486 2417 1625 2472; x_wconf 74' lang='grc' dir='ltr'><strong>εἶναι</strong></span> <span class='ocrx_word' id='word_1_198' title='bbox 1658 2419 1754 2488; x_wconf 81' lang='grc' dir='ltr'><strong>μὲν</strong></span> <span class='ocrx_word' id='word_1_199' title='bbox 1776 2420 1837 2472; x_wconf 84' lang='grc' dir='ltr'><strong>τὸ</strong></span> <span class='ocrx_word' id='word_1_200' title='bbox 1867 2420 1940 2490; x_wconf 85' lang='grc' dir='ltr'><strong>μὴ</strong></span> 
     </span>
    </p>
   </div>
   <div class='ocr_carea' id='block_1_26' title="bbox 358 2512 1942 2586">
    <p class='ocr_par' dir='ltr' id='par_1_26' title="bbox 358 2512 1942 2586">
     <span class='ocr_line' id='line_1_26' title="bbox 358 2512 1942 2586; baseline -0.004 -17"><span class='ocrx_word' id='word_1_201' title='bbox 358 2516 419 2570; x_wconf 82' lang='grc' dir='ltr'><strong>ὄν</strong></span> <span class='ocrx_word' id='word_1_202' title='bbox 436 2517 696 2569; x_wconf 70' lang='grc' dir='ltr'><strong>ἐναντίων</strong></span> <span class='ocrx_word' id='word_1_203' title='bbox 721 2516 816 2571; x_wconf 77' lang='grc' dir='ltr'><strong>καὶ</strong></span> <span class='ocrx_word' id='word_1_204' title='bbox 843 2517 900 2568; x_wconf 92' lang='grc' dir='ltr'><strong>ἐν</strong></span> <span class='ocrx_word' id='word_1_205' title='bbox 921 2518 985 2586; x_wconf 81' lang='grc' dir='ltr'><strong>τῇ</strong></span> <span class='ocrx_word' id='word_1_206' title='bbox 1016 2515 1233 2585; x_wconf 75' lang='grc' dir='ltr'>ἐξουσίᾳ</span> <span class='ocrx_word' id='word_1_207' title='bbox 1254 2513 1347 2566; x_wconf 79' lang='grc' dir='ltr'><strong>τοῦ</strong></span> <span class='ocrx_word' id='word_1_208' title='bbox 1374 2512 1578 2582; x_wconf 72' lang='grc' dir='ltr'><strong>κυρίως</strong></span> <span class='ocrx_word' id='word_1_209' title='bbox 1599 2513 1749 2576; x_wconf 80' lang='grc' dir='ltr'><strong>ὄντος</strong></span> <span class='ocrx_word' id='word_1_210' title='bbox 1770 2512 1942 2581; x_wconf 79' lang='grc' dir='ltr'><strong>ὺπάρο</strong></span> 
     </span>
    </p>
   </div>
   <div class='ocr_carea' id='block_1_27' title="bbox 362 2602 1938 2680">
    <p class='ocr_par' dir='ltr' id='par_1_27' title="bbox 362 2602 1938 2680">
     <span class='ocr_line' id='line_1_27' title="bbox 362 2602 1938 2680; baseline -0.004 -16"><span class='ocrx_word' id='word_1_211' title='bbox 362 2628 498 2680; x_wconf 85' lang='grc' dir='ltr'><strong>χειν,</strong></span> <span class='ocrx_word' id='word_1_212' title='bbox 528 2611 591 2664; x_wconf 88' lang='grc' dir='ltr'><strong>τὸ</strong></span> <span class='ocrx_word' id='word_1_213' title='bbox 621 2611 706 2662; x_wconf 76' lang='grc' dir='ltr'><strong>ἀεὶ</strong></span> <span class='ocrx_word' id='word_1_214' title='bbox 747 2605 886 2662; x_wconf 78' lang='grc' dir='ltr'><strong>εἶναι</strong></span> <span class='ocrx_word' id='word_1_215' title='bbox 918 2607 1085 2676; x_wconf 83' lang='grc' dir='ltr'><strong>αὐτὴν</strong></span> <span class='ocrx_word' id='word_1_216' title='bbox 1138 2607 1169 2676; x_wconf 84' lang='grc' dir='ltr'>ἢ</span> <span class='ocrx_word' id='word_1_217' title='bbox 1215 2608 1288 2677; x_wconf 80' lang='grc' dir='ltr'><strong>μὴ</strong></span> <span class='ocrx_word' id='word_1_218' title='bbox 1341 2602 1499 2672; x_wconf 70' lang='grc' dir='ltr'><strong>εἶναι,</strong></span> <span class='ocrx_word' id='word_1_219' title='bbox 1546 2605 1938 2675; x_wconf 82' lang='grc' dir='ltr'><strong>ἀμεταμέλητα</strong></span> 
     </span>
    </p>
   </div>
   <div class='ocr_carea' id='block_1_28' title="bbox 364 2691 1942 2768">
    <p class='ocr_par' dir='ltr' id='par_1_28' title="bbox 364 2691 1942 2768">
     <span class='ocr_line' id='line_1_28' title="bbox 364 2691 1942 2768; baseline -0.004 -17"><span class='ocrx_word' id='word_1_220' title='bbox 364 2699 422 2752; x_wconf 82' lang='grc' dir='ltr'><strong>δὲ</strong></span> <span class='ocrx_word' id='word_1_221' title='bbox 453 2692 590 2751; x_wconf 82' lang='grc' dir='ltr'><strong>εἶναι</strong></span> <span class='ocrx_word' id='word_1_222' title='bbox 629 2698 695 2750; x_wconf 74' lang='grc' dir='ltr'><strong>τὰ</strong></span> <span class='ocrx_word' id='word_1_223' title='bbox 751 2697 1067 2768; x_wconf 80' lang='grc' dir='ltr'><strong>χαρίσματα</strong></span> <span class='ocrx_word' id='word_1_224' title='bbox 1101 2694 1285 2746; x_wconf 79' lang='grc' dir='ltr'><strong>αὑτοῦ.</strong></span> <span class='ocrx_word' id='word_1_225' title='bbox 1331 2693 1441 2746; x_wconf 72' lang='grc' dir='ltr'><strong>Καὶ</strong></span> <span class='ocrx_word' id='word_1_226' title='bbox 1489 2693 1576 2745; x_wconf 71' lang='grc' dir='ltr'><strong>διὰ</strong></span> <span class='ocrx_word' id='word_1_227' title='bbox 1629 2691 1808 2754; x_wconf 80' lang='grc' dir='ltr'><strong>τοῦτο,</strong></span> <span class='ocrx_word' id='word_1_228' title='bbox 1850 2692 1942 2744; x_wconf 73' lang='grc' dir='ltr'><strong>καὶ</strong></span> 
     </span>
    </p>
   </div>
   <div class='ocr_carea' id='block_1_29' title="bbox 367 2783 1941 2856">
    <p class='ocr_par' dir='ltr' id='par_1_29' title="bbox 367 2783 1941 2856">
     <span class='ocr_line' id='line_1_29' title="bbox 367 2783 1941 2856; baseline -0.005 -13"><span class='ocrx_word' id='word_1_229' title='bbox 367 2789 515 2843; x_wconf 74' lang='grc' dir='ltr'><strong>ἐστιν</strong></span> <span class='ocrx_word' id='word_1_230' title='bbox 564 2789 672 2854; x_wconf 73' lang='grc' dir='ltr'><strong>ἀεὶ,</strong></span> <span class='ocrx_word' id='word_1_231' title='bbox 713 2789 805 2841; x_wconf 72' lang='grc' dir='ltr'><strong>καὶ</strong></span> <span class='ocrx_word' id='word_1_232' title='bbox 857 2787 1010 2840; x_wconf 75' lang='grc' dir='ltr'><strong>ἔσται</strong></span> <span class='ocrx_word' id='word_1_233' title='bbox 1055 2789 1121 2856; x_wconf 81' lang='grc' dir='ltr'><strong>τῇ</strong></span> <span class='ocrx_word' id='word_1_234' title='bbox 1180 2786 1655 2854; x_wconf 79' lang='grc' dir='ltr'><strong>παντοκρατορικῇ</strong></span> <span class='ocrx_word' id='word_1_235' title='bbox 1717 2783 1941 2852; x_wconf 74' lang='grc' dir='ltr'><strong>δυνάμει</strong></span> 
     </span>
    </p>
   </div>
   <div class='ocr_carea' id='block_1_30' title="bbox 365 2874 1944 2952">
    <p class='ocr_par' dir='ltr' id='par_1_30' title="bbox 365 2874 1944 2952">
     <span class='ocr_line' id='line_1_30' title="bbox 365 2874 1944 2952; baseline -0.008 -16"><span class='ocrx_word' id='word_1_236' title='bbox 365 2881 826 2952; x_wconf 85' lang='grc' dir='ltr'><strong>διακρατουμένη,</strong></span> <span class='ocrx_word' id='word_1_237' title='bbox 883 2881 933 2932; x_wconf 89' lang='grc' dir='ltr'><strong>εἰ</strong></span> <span class='ocrx_word' id='word_1_238' title='bbox 987 2879 1082 2932; x_wconf 79' lang='grc' dir='ltr'><strong>καὶ</strong></span> <span class='ocrx_word' id='word_1_239' title='bbox 1125 2877 1238 2948; x_wconf 81' lang='grc' dir='ltr'><strong>ἔχει</strong></span> <span class='ocrx_word' id='word_1_240' title='bbox 1288 2878 1347 2930; x_wconf 83' lang='grc' dir='ltr'><strong>τὸ</strong></span> <span class='ocrx_word' id='word_1_241' title='bbox 1384 2876 1458 2946; x_wconf 86' lang='grc' dir='ltr'><strong>μὴ</strong></span> <span class='ocrx_word' id='word_1_242' title='bbox 1488 2875 1547 2928; x_wconf 81' lang='grc' dir='ltr'><strong>ὂν</strong></span> <span class='ocrx_word' id='word_1_243' title='bbox 1579 2876 1837 2936; x_wconf 87' lang='grc' dir='ltr'><strong>ἐναντίον,</strong></span> <span class='ocrx_word' id='word_1_244' title='bbox 1868 2874 1944 2938; x_wconf 85' lang='grc' dir='ltr'>ὡς</span> 
     </span>
    </p>
   </div>
   <div class='ocr_carea' id='block_1_31' title="bbox 368 2964 1940 3043">
    <p class='ocr_par' dir='ltr' id='par_1_31' title="bbox 368 2964 1940 3043">
     <span class='ocr_line' id='line_1_31' title="bbox 368 2964 1940 3043; baseline -0.005 -17"><span class='ocrx_word' id='word_1_245' title='bbox 368 2974 606 3043; x_wconf 76' lang='grc' dir='ltr'><strong>εἴρηται,</strong></span> <span class='ocrx_word' id='word_1_246' title='bbox 637 2973 712 3035; x_wconf 85' lang='grc' dir='ltr'><strong>ὡς</strong></span> <span class='ocrx_word' id='word_1_247' title='bbox 747 2975 810 3023; x_wconf 85' lang='grc' dir='ltr'><strong>ἐκ</strong></span> <span class='ocrx_word' id='word_1_248' title='bbox 843 2971 916 3042; x_wconf 88' lang='grc' dir='ltr'><strong>μὴ</strong></span> <span class='ocrx_word' id='word_1_249' title='bbox 962 2971 1112 3033; x_wconf 89' lang='grc' dir='ltr'><strong>ὄντος</strong></span> <span class='ocrx_word' id='word_1_250' title='bbox 1145 2971 1225 3032; x_wconf 88' lang='grc' dir='ltr'><strong>εἰς</strong></span> <span class='ocrx_word' id='word_1_251' title='bbox 1277 2968 1337 3020; x_wconf 81' lang='grc' dir='ltr'><strong>τὸ</strong></span> <span class='ocrx_word' id='word_1_252' title='bbox 1385 2964 1524 3022; x_wconf 74' lang='grc' dir='ltr'><strong>εἶναι</strong></span> <span class='ocrx_word' id='word_1_253' title='bbox 1578 2966 1940 3037; x_wconf 82' lang='grc' dir='ltr'><strong>παραχοεῖσα,</strong></span> 
     </span>
    </p>
   </div>
   <div class='ocr_carea' id='block_1_32' title="bbox 2027 507 3609 575">
    <p class='ocr_par' dir='ltr' id='par_1_32' title="bbox 2027 507 3609 575">
     <span class='ocr_line' id='line_1_32' title="bbox 2027 507 3609 575; baseline 0.003 -15"><span class='ocrx_word' id='word_1_254' title='bbox 2027 507 2102 560; x_wconf 91' lang='lat' dir='ltr'><strong>tia</strong></span> <span class='ocrx_word' id='word_1_255' title='bbox 2126 517 2181 561; x_wconf 90' lang='lat' dir='ltr'><strong>et</strong></span> <span class='ocrx_word' id='word_1_256' title='bbox 2206 507 2424 560; x_wconf 76' lang='lat' dir='ltr'><strong>bonitas</strong></span> <span class='ocrx_word' id='word_1_257' title='bbox 2455 515 2510 561; x_wconf 90' lang='lat' dir='ltr'><strong>et</strong></span> <span class='ocrx_word' id='word_1_258' title='bbox 2545 507 2812 575; x_wconf 77' lang='lat' dir='ltr'><strong>sapientia</strong></span> <span class='ocrx_word' id='word_1_259' title='bbox 2847 507 2951 570; x_wconf 91' lang='lat' dir='ltr'><strong>sit;</strong></span> <span class='ocrx_word' id='word_1_260' title='bbox 2983 508 3114 575; x_wconf 86' lang='lat' dir='ltr'><strong>quin</strong></span> <span class='ocrx_word' id='word_1_261' title='bbox 3143 519 3199 562; x_wconf 94' lang='lat' dir='ltr'><strong>et</strong></span> <span class='ocrx_word' id='word_1_262' title='bbox 3235 509 3319 562; x_wconf 95' lang='lat' dir='ltr'><strong>his</strong></span> <span class='ocrx_word' id='word_1_263' title='bbox 3351 510 3609 565; x_wconf 89' lang='lat' dir='ltr'><strong>omnibus</strong></span> 
     </span>
    </p>
   </div>
   <div class='ocr_carea' id='block_1_33' title="bbox 2031 596 3608 670">
    <p class='ocr_par' dir='ltr' id='par_1_33' title="bbox 2031 596 3608 670">
     <span class='ocr_line' id='line_1_33' title="bbox 2031 596 3608 670; baseline 0.004 -20"><span class='ocrx_word' id='word_1_264' title='bbox 2031 596 2114 667; x_wconf 91' lang='lat' dir='ltr'><strong>(ut</strong></span> <span class='ocrx_word' id='word_1_265' title='bbox 2144 598 2330 650; x_wconf 89' lang='lat' dir='ltr'><strong>verius</strong></span> <span class='ocrx_word' id='word_1_266' title='bbox 2359 597 2572 666; x_wconf 84' lang='lat' dir='ltr'><strong>loquar)</strong></span> <span class='ocrx_word' id='word_1_267' title='bbox 2617 597 2868 666; x_wconf 84' lang='lat' dir='ltr'><strong>superior</strong></span> <span class='ocrx_word' id='word_1_268' title='bbox 2905 600 3159 664; x_wconf 85' lang='lat' dir='ltr'><strong>exsistat;</strong></span> <span class='ocrx_word' id='word_1_269' title='bbox 3198 601 3336 653; x_wconf 87' lang='lat' dir='ltr'><strong>nihil</strong></span> <span class='ocrx_word' id='word_1_270' title='bbox 3382 617 3608 670; x_wconf 86' lang='lat' dir='ltr'><strong>prorsus</strong></span> 
     </span>
    </p>
   </div>
   <div class='ocr_carea' id='block_1_34' title="bbox 2029 689 3610 765">
    <p class='ocr_par' dir='ltr' id='par_1_34' title="bbox 2029 689 3610 765">
     <span class='ocr_line' id='line_1_34' title="bbox 2029 689 3610 765; baseline 0.004 -23"><span class='ocrx_word' id='word_1_271' title='bbox 2029 689 2196 744; x_wconf 88' lang='lat' dir='ltr'><strong>habet</strong></span> <span class='ocrx_word' id='word_1_272' title='bbox 2225 690 2588 744; x_wconf 87' lang='lat' dir='ltr'><strong>contrarium.</strong></span> <span class='ocrx_word' id='word_1_273' title='bbox 2610 689 2802 744; x_wconf 87' lang='lat' dir='ltr'><strong>Creata</strong></span> <span class='ocrx_word' id='word_1_274' title='bbox 2828 705 2979 755; x_wconf 80' lang='lat' dir='ltr'><strong>vero,</strong></span> <span class='ocrx_word' id='word_1_275' title='bbox 3015 700 3074 744; x_wconf 89' lang='lat' dir='ltr'><strong>ut</strong></span> <span class='ocrx_word' id='word_1_276' title='bbox 3098 692 3242 761; x_wconf 87' lang='lat' dir='ltr'><strong>quod</strong></span> <span class='ocrx_word' id='word_1_277' title='bbox 3274 695 3457 748; x_wconf 83' lang='lat' dir='ltr'><strong>omnia</strong></span> <span class='ocrx_word' id='word_1_278' title='bbox 3484 711 3610 765; x_wconf 84' lang='lat' dir='ltr'><strong>par-</strong></span> 
     </span>
    </p>
   </div>
   <div class='ocr_carea' id='block_1_35' title="bbox 2031 781 3611 852">
    <p class='ocr_par' dir='ltr' id='par_1_35' title="bbox 2031 781 3611 852">
     <span class='ocr_line' id='line_1_35' title="bbox 2031 781 3611 852; baseline 0.005 -18"><span class='ocrx_word' id='word_1_279' title='bbox 2031 781 2347 850; x_wconf 90' lang='lat' dir='ltr'><strong>ticipatione</strong></span> <span class='ocrx_word' id='word_1_280' title='bbox 2382 798 2560 851; x_wconf 82' lang='lat' dir='ltr'><strong>exque</strong></span> <span class='ocrx_word' id='word_1_281' title='bbox 2605 782 2776 850; x_wconf 84' lang='lat' dir='ltr'><strong>gratia</strong></span> <span class='ocrx_word' id='word_1_282' title='bbox 2806 783 3062 846; x_wconf 80' lang='lat' dir='ltr'><strong>habeant,</strong></span> <span class='ocrx_word' id='word_1_283' title='bbox 3094 784 3241 852; x_wconf 91' lang='lat' dir='ltr'><strong>quod</strong></span> <span class='ocrx_word' id='word_1_284' title='bbox 3285 794 3412 838; x_wconf 88' lang='lat' dir='ltr'><strong>sunt</strong></span> <span class='ocrx_word' id='word_1_285' title='bbox 3439 787 3492 840; x_wconf 90' lang='lat' dir='ltr'><strong>in</strong></span> <span class='ocrx_word' id='word_1_286' title='bbox 3525 805 3611 842; x_wconf 84' lang='lat' dir='ltr'><strong>rc-</strong></span> 
     </span>
    </p>
   </div>
   <div class='ocr_carea' id='block_1_36' title="bbox 2031 875 3608 949">
    <p class='ocr_par' dir='ltr' id='par_1_36' title="bbox 2031 875 3608 949">
     <span class='ocr_line' id='line_1_36' title="bbox 2031 875 3608 949; baseline 0.005 -24"><span class='ocrx_word' id='word_1_287' title='bbox 2031 889 2152 926; x_wconf 88' lang='lat' dir='ltr'><strong>rum</strong></span> <span class='ocrx_word' id='word_1_288' title='bbox 2196 881 2421 939; x_wconf 81' lang='lat' dir='ltr'><strong>natura;</strong></span> <span class='ocrx_word' id='word_1_289' title='bbox 2453 875 2663 928; x_wconf 83' lang='lat' dir='ltr'><strong>utentia</strong></span> <span class='ocrx_word' id='word_1_290' title='bbox 2692 889 2908 944; x_wconf 89' lang='lat' dir='ltr'><strong>quoque</strong></span> <span class='ocrx_word' id='word_1_291' title='bbox 2939 876 3150 930; x_wconf 79' lang='lat' dir='ltr'><strong>ratione</strong></span> <span class='ocrx_word' id='word_1_292' title='bbox 3195 891 3258 930; x_wconf 88' lang='lat' dir='ltr'><strong>ac</strong></span> <span class='ocrx_word' id='word_1_293' title='bbox 3296 877 3608 949; x_wconf 83' lang='lat' dir='ltr'><strong>intelligen-</strong></span> 
     </span>
    </p>
   </div>
   <div class='ocr_carea' id='block_1_37' title="bbox 2034 963 3610 1034">
    <p class='ocr_par' dir='ltr' id='par_1_37' title="bbox 2034 963 3610 1034">
     <span class='ocr_line' id='line_1_37' title="bbox 2034 963 3610 1034; baseline 0.006 -19"><span class='ocrx_word' id='word_1_294' title='bbox 2034 963 2130 1028; x_wconf 89' lang='lat' dir='ltr'><strong>tia,</strong></span> <span class='ocrx_word' id='word_1_295' title='bbox 2163 963 2308 1032; x_wconf 88' lang='lat' dir='ltr'><strong>quod</strong></span> <span class='ocrx_word' id='word_1_296' title='bbox 2341 963 2602 1018; x_wconf 89' lang='lat' dir='ltr'><strong>bonitatis</strong></span> <span class='ocrx_word' id='word_1_297' title='bbox 2628 980 2689 1018; x_wconf 88' lang='lat' dir='ltr'><strong>ac</strong></span> <span class='ocrx_word' id='word_1_298' title='bbox 2725 965 3008 1034; x_wconf 72' lang='lat' dir='ltr'><strong>sapientia:</strong></span> <span class='ocrx_word' id='word_1_299' title='bbox 3037 969 3382 1034; x_wconf 69' lang='lat' dir='ltr'><strong>capessendae</strong></span> <span class='ocrx_word' id='word_1_300' title='bbox 3415 970 3610 1025; x_wconf 80' lang='lat' dir='ltr'><strong>idonea</strong></span> 
     </span>
    </p>
   </div>
   <div class='ocr_carea' id='block_1_38' title="bbox 2031 1055 3606 1130">
    <p class='ocr_par' dir='ltr' id='par_1_38' title="bbox 2031 1055 3606 1130">
     <span class='ocr_line' id='line_1_38' title="bbox 2031 1055 3606 1130; baseline 0.004 -21"><span class='ocrx_word' id='word_1_301' title='bbox 2031 1055 2318 1120; x_wconf 84' lang='lat' dir='ltr'><strong>exsistant,</strong></span> <span class='ocrx_word' id='word_1_302' title='bbox 2356 1057 2689 1110; x_wconf 91' lang='lat' dir='ltr'><strong>contrarium</strong></span> <span class='ocrx_word' id='word_1_303' title='bbox 2732 1057 2966 1121; x_wconf 85' lang='lat' dir='ltr'><strong>habent;</strong></span> <span class='ocrx_word' id='word_1_304' title='bbox 2997 1059 3327 1114; x_wconf 73' lang='lat' dir='ltr'><strong>exsistentia:</strong></span> <span class='ocrx_word' id='word_1_305' title='bbox 3363 1061 3606 1130; x_wconf 89' lang='lat' dir='ltr'><strong>quidem,</strong></span> 
     </span>
    </p>
   </div>
   <div class='ocr_carea' id='block_1_39' title="bbox 2033 1144 3611 1215">
    <p class='ocr_par' dir='ltr' id='par_1_39' title="bbox 2033 1144 3611 1215">
     <span class='ocr_line' id='line_1_39' title="bbox 2033 1144 3611 1215; baseline 0.006 -18"><span class='ocrx_word' id='word_1_306' title='bbox 2033 1160 2144 1197; x_wconf 88' lang='lat' dir='ltr'><strong>non</strong></span> <span class='ocrx_word' id='word_1_307' title='bbox 2189 1144 2594 1211; x_wconf 87' lang='lat' dir='ltr'><strong>exsistcntiam;</strong></span> <span class='ocrx_word' id='word_1_308' title='bbox 2649 1147 2994 1215; x_wconf 74' lang='lat' dir='ltr'><strong>capessenda:</strong></span> <span class='ocrx_word' id='word_1_309' title='bbox 3047 1165 3178 1202; x_wconf 89' lang='lat' dir='ltr'><strong>vero</strong></span> <span class='ocrx_word' id='word_1_310' title='bbox 3237 1149 3500 1207; x_wconf 83' lang='lat' dir='ltr'><strong>bonitatis</strong></span> <span class='ocrx_word' id='word_1_311' title='bbox 3548 1171 3611 1208; x_wconf 91' lang='lat' dir='ltr'><strong>ac</strong></span> 
     </span>
    </p>
   </div>
   <div class='ocr_carea' id='block_1_40' title="bbox 2036 1236 3614 1313">
    <p class='ocr_par' dir='ltr' id='par_1_40' title="bbox 2036 1236 3614 1313">
     <span class='ocr_line' id='line_1_40' title="bbox 2036 1236 3614 1313; baseline 0.006 -25"><span class='ocrx_word' id='word_1_312' title='bbox 2036 1237 2314 1304; x_wconf 70' lang='lat' dir='ltr'><strong>sapientia:</strong></span> <span class='ocrx_word' id='word_1_313' title='bbox 2355 1236 2670 1306; x_wconf 89' lang='lat' dir='ltr'><strong>aptitudini,</strong></span> <span class='ocrx_word' id='word_1_314' title='bbox 2721 1237 2839 1290; x_wconf 80' lang='lat' dir='ltr'><strong>vitii</strong></span> <span class='ocrx_word' id='word_1_315' title='bbox 2895 1239 3218 1308; x_wconf 89' lang='lat' dir='ltr'><strong>pravitatem</strong></span> <span class='ocrx_word' id='word_1_316' title='bbox 3255 1251 3309 1294; x_wconf 89' lang='lat' dir='ltr'><strong>et</strong></span> <span class='ocrx_word' id='word_1_317' title='bbox 3358 1243 3614 1313; x_wconf 75' lang='lat' dir='ltr'><strong>ignoran-</strong></span> 
     </span>
    </p>
   </div>
   <div class='ocr_carea' id='block_1_41' title="bbox 2036 1326 3610 1398">
    <p class='ocr_par' dir='ltr' id='par_1_41' title="bbox 2036 1326 3610 1398">
     <span class='ocr_line' id='line_1_41' title="bbox 2036 1326 3610 1398; baseline 0.008 -20"><span class='ocrx_word' id='word_1_318' title='bbox 2036 1326 2188 1379; x_wconf 88' lang='lat' dir='ltr'><strong>tiam.</strong></span> <span class='ocrx_word' id='word_1_319' title='bbox 2223 1326 2298 1380; x_wconf 83' lang='lat' dir='ltr'><strong>Ac</strong></span> <span class='ocrx_word' id='word_1_320' title='bbox 2327 1328 2546 1396; x_wconf 86' lang='lat' dir='ltr'><strong>quidem</strong></span> <span class='ocrx_word' id='word_1_321' title='bbox 2577 1337 2637 1382; x_wconf 90' lang='lat' dir='ltr'><strong>ut</strong></span> <span class='ocrx_word' id='word_1_322' title='bbox 2673 1329 2788 1382; x_wconf 61' lang='lat' dir='ltr'><strong>hate</strong></span> <span class='ocrx_word' id='word_1_323' title='bbox 2821 1345 3037 1398; x_wconf 83' lang='lat' dir='ltr'><strong>semper</strong></span> <span class='ocrx_word' id='word_1_324' title='bbox 3064 1330 3328 1386; x_wconf 81' lang='lat' dir='ltr'><strong>exsistant</strong></span> <span class='ocrx_word' id='word_1_325' title='bbox 3369 1343 3464 1387; x_wconf 88' lang='lat' dir='ltr'><strong>aut</strong></span> <span class='ocrx_word' id='word_1_326' title='bbox 3502 1352 3610 1390; x_wconf 85' lang='lat' dir='ltr'><strong>non</strong></span> 
     </span>
    </p>
   </div>
   <div class='ocr_carea' id='block_1_42' title="bbox 2036 1418 3615 1492">
    <p class='ocr_par' dir='ltr' id='par_1_42' title="bbox 2036 1418 3615 1492">
     <span class='ocr_line' id='line_1_42' title="bbox 2036 1418 3615 1492; baseline 0.005 -20"><span class='ocrx_word' id='word_1_327' title='bbox 2036 1418 2320 1482; x_wconf 76' lang='lat' dir='ltr'><strong>exsistant,</strong></span> <span class='ocrx_word' id='word_1_328' title='bbox 2355 1420 2474 1490; x_wconf 86' lang='lat' dir='ltr'><strong>ejus</strong></span> <span class='ocrx_word' id='word_1_329' title='bbox 2511 1419 2604 1488; x_wconf 84' lang='lat' dir='ltr'><strong>qui</strong></span> <span class='ocrx_word' id='word_1_330' title='bbox 2632 1420 2879 1473; x_wconf 90' lang='lat' dir='ltr'><strong>condidit</strong></span> <span class='ocrx_word' id='word_1_331' title='bbox 2923 1421 3136 1475; x_wconf 85' lang='lat' dir='ltr'><strong>arbitrii</strong></span> <span class='ocrx_word' id='word_1_332' title='bbox 3171 1430 3256 1475; x_wconf 90' lang='lat' dir='ltr'><strong>est</strong></span> <span class='ocrx_word' id='word_1_333' title='bbox 3296 1433 3351 1476; x_wconf 93' lang='lat' dir='ltr'><strong>et</strong></span> <span class='ocrx_word' id='word_1_334' title='bbox 3375 1432 3615 1492; x_wconf 87' lang='lat' dir='ltr'><strong>potesta-</strong></span> 
     </span>
    </p>
   </div>
   <div class='ocr_carea' id='block_1_43' title="bbox 2039 1506 3613 1578">
    <p class='ocr_par' dir='ltr' id='par_1_43' title="bbox 2039 1506 3613 1578">
     <span class='ocr_line' id='line_1_43' title="bbox 2039 1506 3613 1578; baseline 0.005 -19"><span class='ocrx_word' id='word_1_335' title='bbox 2039 1506 2108 1560; x_wconf 92' lang='lat' dir='ltr'><strong>tis</strong></span> <span class='ocrx_word' id='word_1_336' title='bbox 2138 1524 2150 1560; x_wconf 91' lang='lat'>:</span> <span class='ocrx_word' id='word_1_337' title='bbox 2179 1517 2239 1562; x_wconf 91' lang='lat' dir='ltr'><strong>ut</strong></span> <span class='ocrx_word' id='word_1_338' title='bbox 2271 1517 2454 1562; x_wconf 89' lang='lat' dir='ltr'><strong>autem</strong></span> <span class='ocrx_word' id='word_1_339' title='bbox 2495 1509 2640 1562; x_wconf 85' lang='lat' dir='ltr'><strong>illius</strong></span> <span class='ocrx_word' id='word_1_340' title='bbox 2672 1509 2932 1562; x_wconf 80' lang='lat' dir='ltr'><strong>bonitatis</strong></span> <span class='ocrx_word' id='word_1_341' title='bbox 2953 1519 3009 1562; x_wconf 88' lang='lat' dir='ltr'><strong>et</strong></span> <span class='ocrx_word' id='word_1_342' title='bbox 3032 1510 3311 1578; x_wconf 65' lang='lat' dir='ltr'><strong>sapientiae</strong></span> <span class='ocrx_word' id='word_1_343' title='bbox 3346 1528 3613 1567; x_wconf 87' lang='lat' dir='ltr'><strong>commer-</strong></span> 
     </span>
    </p>
   </div>
   <div class='ocr_carea' id='block_1_44' title="bbox 2038 1600 3612 1671">
    <p class='ocr_par' dir='ltr' id='par_1_44' title="bbox 2038 1600 3612 1671">
     <span class='ocr_line' id='line_1_44' title="bbox 2038 1600 3612 1671; baseline 0.004 -17"><span class='ocrx_word' id='word_1_344' title='bbox 2038 1600 2124 1654; x_wconf 91' lang='lat' dir='ltr'><strong>cio</strong></span> <span class='ocrx_word' id='word_1_345' title='bbox 2155 1602 2429 1671; x_wconf 80' lang='lat' dir='ltr'><strong>gaudeant</strong></span> <span class='ocrx_word' id='word_1_346' title='bbox 2454 1602 2538 1654; x_wconf 90' lang='lat' dir='ltr'><strong>vel</strong></span> <span class='ocrx_word' id='word_1_347' title='bbox 2572 1617 2681 1654; x_wconf 91' lang='lat' dir='ltr'><strong>non</strong></span> <span class='ocrx_word' id='word_1_348' title='bbox 2719 1601 3008 1670; x_wconf 83' lang='lat' dir='ltr'><strong>gaudeant,</strong></span> <span class='ocrx_word' id='word_1_349' title='bbox 3047 1601 3101 1654; x_wconf 88' lang='lat' dir='ltr'><strong>in</strong></span> <span class='ocrx_word' id='word_1_350' title='bbox 3148 1601 3264 1670; x_wconf 92' lang='lat' dir='ltr'><strong>ipsa</strong></span> <span class='ocrx_word' id='word_1_351' title='bbox 3304 1603 3612 1660; x_wconf 86' lang='lat' dir='ltr'><strong>animorum</strong></span> 
     </span>
    </p>
   </div>
   <div class='ocr_carea' id='block_1_45' title="bbox 2042 1693 2622 1746">
    <p class='ocr_par' dir='ltr' id='par_1_45' title="bbox 2042 1693 2622 1746">
     <span class='ocr_line' id='line_1_45' title="bbox 2042 1693 2622 1746; baseline -0.002 0"><span class='ocrx_word' id='word_1_352' title='bbox 2042 1693 2321 1746; x_wconf 86' lang='lat' dir='ltr'><strong>voluntate</strong></span> <span class='ocrx_word' id='word_1_353' title='bbox 2351 1693 2622 1746; x_wconf 87' lang='lat' dir='ltr'><strong>consistit.</strong></span> 
     </span>
    </p>
   </div>
   <div class='ocr_carea' id='block_1_46' title="bbox 2108 1777 3614 1854">
    <p class='ocr_par' dir='ltr' id='par_1_46' title="bbox 2108 1777 3614 1854">
     <span class='ocr_line' id='line_1_46' title="bbox 2108 1777 3614 1854; baseline 0.005 -16"><span class='ocrx_word' id='word_1_354' title='bbox 2108 1785 2196 1838; x_wconf 71' lang='grc'><strong>28.</strong></span> <span class='ocrx_word' id='word_1_355' title='bbox 2227 1784 2422 1850; x_wconf 78' lang='lat' dir='ltr'><strong>Graeci,</strong></span> <span class='ocrx_word' id='word_1_356' title='bbox 2469 1785 2563 1854; x_wconf 89' lang='lat' dir='ltr'><strong>qui</strong></span> <span class='ocrx_word' id='word_1_357' title='bbox 2608 1777 2800 1838; x_wconf 47' lang='lat' dir='ltr'><strong>rerum‘</strong></span> <span class='ocrx_word' id='word_1_358' title='bbox 2838 1787 3130 1842; x_wconf 85' lang='lat' dir='ltr'><strong>essentiam</strong></span> <span class='ocrx_word' id='word_1_359' title='bbox 3159 1805 3219 1844; x_wconf 91' lang='lat' dir='ltr'><strong>ac</strong></span> <span class='ocrx_word' id='word_1_360' title='bbox 3253 1790 3614 1846; x_wconf 51' lang='lat' dir='ltr'><strong>subittntiam</strong></span> 
     </span>
    </p>
   </div>
   <div class='ocr_carea' id='block_1_47' title="bbox 2039 1872 3619 1944">
    <p class='ocr_par' dir='ltr' id='par_1_47' title="bbox 2039 1872 3619 1944">
     <span class='ocr_line' id='line_1_47' title="bbox 2039 1872 3619 1944; baseline 0.006 -18"><span class='ocrx_word' id='word_1_361' title='bbox 2039 1872 2108 1926; x_wconf 85' lang='lat' dir='ltr'><strong>ab</strong></span> <span class='ocrx_word' id='word_1_362' title='bbox 2140 1883 2348 1927; x_wconf 66' lang='grc' dir='ltr'><strong>αξιοι-ιω</strong></span> <span class='ocrx_word' id='word_1_363' title='bbox 2388 1873 2550 1927; x_wconf 87' lang='lat' dir='ltr'><strong>simul</strong></span> <span class='ocrx_word' id='word_1_364' title='bbox 2600 1888 2722 1927; x_wconf 92' lang='lat' dir='ltr'><strong>cum</strong></span> <span class='ocrx_word' id='word_1_365' title='bbox 2757 1875 2869 1928; x_wconf 91' lang='lat' dir='ltr'><strong>Deo</strong></span> <span class='ocrx_word' id='word_1_366' title='bbox 2909 1877 3180 1931; x_wconf 88' lang='lat' dir='ltr'><strong>exstitisse</strong></span> <span class='ocrx_word' id='word_1_367' title='bbox 3218 1879 3423 1944; x_wconf 91' lang='lat' dir='ltr'><strong>dicant,</strong></span> <span class='ocrx_word' id='word_1_368' title='bbox 3448 1881 3619 1935; x_wconf 85' lang='lat' dir='ltr'><strong>solas-</strong></span> 
     </span>
    </p>
   </div>
   <div class='ocr_carea' id='block_1_48' title="bbox 2039 1966 3616 2039">
    <p class='ocr_par' dir='ltr' id='par_1_48' title="bbox 2039 1966 3616 2039">
     <span class='ocr_line' id='line_1_48' title="bbox 2039 1966 3616 2039; baseline 0.004 -20"><span class='ocrx_word' id='word_1_369' title='bbox 2039 1982 2146 2036; x_wconf 88' lang='lat' dir='ltr'><strong>que</strong></span> <span class='ocrx_word' id='word_1_370' title='bbox 2203 1966 2272 2019; x_wconf 91' lang='lat' dir='ltr'><strong>ab</strong></span> <span class='ocrx_word' id='word_1_371' title='bbox 2301 1982 2368 2019; x_wconf 92' lang='lat' dir='ltr'><strong>eo</strong></span> <span class='ocrx_word' id='word_1_372' title='bbox 2393 1967 2669 2035; x_wconf 87' lang='lat' dir='ltr'><strong>accepisse</strong></span> <span class='ocrx_word' id='word_1_373' title='bbox 2704 1967 2995 2035; x_wconf 85' lang='lat' dir='ltr'><strong>qualitates</strong></span> <span class='ocrx_word' id='word_1_374' title='bbox 3031 1985 3152 2037; x_wconf 66' lang='lat' dir='ltr'><strong>quae</strong></span> <span class='ocrx_word' id='word_1_375' title='bbox 3191 1985 3310 2024; x_wconf 89' lang='lat' dir='ltr'><strong>eam</strong></span> <span class='ocrx_word' id='word_1_376' title='bbox 3340 1973 3616 2039; x_wconf 90' lang='lat' dir='ltr'><strong>amiciant,</strong></span> 
     </span>
    </p>
   </div>
   <div class='ocr_carea' id='block_1_49' title="bbox 2038 2055 3617 2123">
    <p class='ocr_par' dir='ltr' id='par_1_49' title="bbox 2038 2055 3617 2123">
     <span class='ocr_line' id='line_1_49' title="bbox 2038 2055 3617 2123; baseline 0.006 -14"><span class='ocrx_word' id='word_1_377' title='bbox 2038 2055 2289 2110; x_wconf 57' lang='lat' dir='ltr'><strong>essentiie</strong></span> <span class='ocrx_word' id='word_1_378' title='bbox 2319 2055 2538 2123; x_wconf 88' lang='lat' dir='ltr'><strong>quidem</strong></span> <span class='ocrx_word' id='word_1_379' title='bbox 2585 2071 2647 2110; x_wconf 89' lang='lat' dir='ltr'><strong>ac</strong></span> <span class='ocrx_word' id='word_1_380' title='bbox 2693 2056 3032 2122; x_wconf 63' lang='lat' dir='ltr'><strong>substantiae,</strong></span> <span class='ocrx_word' id='word_1_381' title='bbox 3084 2059 3275 2113; x_wconf 91' lang='lat' dir='ltr'><strong>dicunt</strong></span> <span class='ocrx_word' id='word_1_382' title='bbox 3319 2061 3452 2115; x_wconf 89' lang='lat' dir='ltr'><strong>nihil</strong></span> <span class='ocrx_word' id='word_1_383' title='bbox 3499 2077 3617 2120; x_wconf 89' lang='lat' dir='ltr'><strong>esse</strong></span> 
     </span>
    </p>
   </div>
   <div class='ocr_carea' id='block_1_50' title="bbox 2039 2147 3616 2216">
    <p class='ocr_par' dir='ltr' id='par_1_50' title="bbox 2039 2147 3616 2216">
     <span class='ocr_line' id='line_1_50' title="bbox 2039 2147 3616 2216; baseline 0.004 -16"><span class='ocrx_word' id='word_1_384' title='bbox 2039 2147 2406 2212; x_wconf 85' lang='lat' dir='ltr'><strong>contrarium;</strong></span> <span class='ocrx_word' id='word_1_385' title='bbox 2430 2161 2758 2216; x_wconf 87' lang='lat' dir='ltr'><strong>omnemque</strong></span> <span class='ocrx_word' id='word_1_386' title='bbox 2780 2147 2917 2202; x_wconf 90' lang='lat' dir='ltr'><strong>adeo</strong></span> <span class='ocrx_word' id='word_1_387' title='bbox 2939 2152 3386 2207; x_wconf 87' lang='lat' dir='ltr'><strong>contrarietatem</strong></span> <span class='ocrx_word' id='word_1_388' title='bbox 3413 2153 3467 2207; x_wconf 92' lang='lat' dir='ltr'><strong>in</strong></span> <span class='ocrx_word' id='word_1_389' title='bbox 3489 2156 3616 2209; x_wconf 76' lang='lat' dir='ltr'><strong>solis</strong></span> 
     </span>
    </p>
   </div>
   <div class='ocr_carea' id='block_1_51' title="bbox 2039 2239 3622 2308">
    <p class='ocr_par' dir='ltr' id='par_1_51' title="bbox 2039 2239 3622 2308">
     <span class='ocr_line' id='line_1_51' title="bbox 2039 2239 3622 2308; baseline 0.006 -17"><span class='ocrx_word' id='word_1_390' title='bbox 2039 2239 2396 2308; x_wconf 86' lang='lat' dir='ltr'><strong>qualitatibus</strong></span> <span class='ocrx_word' id='word_1_391' title='bbox 2433 2254 2575 2292; x_wconf 87' lang='lat' dir='ltr'><strong>esse.</strong></span> <span class='ocrx_word' id='word_1_392' title='bbox 2624 2239 2734 2292; x_wconf 89' lang='lat' dir='ltr'><strong>Nos</strong></span> <span class='ocrx_word' id='word_1_393' title='bbox 2777 2246 2961 2293; x_wconf 88' lang='lat' dir='ltr'><strong>autem</strong></span> <span class='ocrx_word' id='word_1_394' title='bbox 2998 2257 3162 2295; x_wconf 91' lang='lat' dir='ltr'><strong>unam</strong></span> <span class='ocrx_word' id='word_1_395' title='bbox 3205 2242 3449 2299; x_wconf 82' lang='lat' dir='ltr'><strong>divinam</strong></span> <span class='ocrx_word' id='word_1_396' title='bbox 3490 2246 3622 2300; x_wconf 88' lang='lat' dir='ltr'><strong>sub-</strong></span> 
     </span>
    </p>
   </div>
   <div class='ocr_carea' id='block_1_52' title="bbox 2037 2330 3620 2406">
    <p class='ocr_par' dir='ltr' id='par_1_52' title="bbox 2037 2330 3620 2406">
     <span class='ocr_line' id='line_1_52' title="bbox 2037 2330 3620 2406; baseline 0.003 -20"><span class='ocrx_word' id='word_1_397' title='bbox 2037 2331 2316 2393; x_wconf 81' lang='lat' dir='ltr'><strong>stantiam,</strong></span> <span class='ocrx_word' id='word_1_398' title='bbox 2356 2330 2593 2384; x_wconf 89' lang='lat' dir='ltr'><strong>dicimus</strong></span> <span class='ocrx_word' id='word_1_399' title='bbox 2637 2332 2786 2385; x_wconf 87' lang='lat' dir='ltr'><strong>omni</strong></span> <span class='ocrx_word' id='word_1_400' title='bbox 2829 2333 3106 2386; x_wconf 88' lang='lat' dir='ltr'><strong>contrario</strong></span> <span class='ocrx_word' id='word_1_401' title='bbox 3151 2350 3369 2401; x_wconf 86' lang='lat' dir='ltr'><strong>carere;</strong></span> <span class='ocrx_word' id='word_1_402' title='bbox 3417 2337 3620 2406; x_wconf 88' lang='lat' dir='ltr'><strong>quippe</strong></span> 
     </span>
    </p>
   </div>
   <div class='ocr_carea' id='block_1_53' title="bbox 2039 2423 3623 2498">
    <p class='ocr_par' dir='ltr' id='par_1_53' title="bbox 2039 2423 3623 2498">
     <span class='ocr_line' id='line_1_53' title="bbox 2039 2423 3623 2498; baseline 0.006 -22"><span class='ocrx_word' id='word_1_403' title='bbox 2039 2432 2301 2478; x_wconf 66' lang='lat' dir='ltr'><strong>aeternam</strong></span> <span class='ocrx_word' id='word_1_404' title='bbox 2333 2432 2386 2476; x_wconf 89' lang='lat' dir='ltr'><strong>et</strong></span> <span class='ocrx_word' id='word_1_405' title='bbox 2420 2423 2710 2488; x_wconf 78' lang='lat' dir='ltr'><strong>inﬁnitam,</strong></span> <span class='ocrx_word' id='word_1_406' title='bbox 2744 2423 2956 2493; x_wconf 88' lang='lat' dir='ltr'><strong>hocque</strong></span> <span class='ocrx_word' id='word_1_407' title='bbox 2997 2425 3178 2493; x_wconf 88' lang='lat' dir='ltr'><strong>ipsum</strong></span> <span class='ocrx_word' id='word_1_408' title='bbox 3223 2427 3452 2496; x_wconf 84' lang='lat' dir='ltr'><strong>reliquis</strong></span> <span class='ocrx_word' id='word_1_409' title='bbox 3484 2445 3623 2498; x_wconf 67' lang='lat' dir='ltr'><strong>prae-</strong></span> 
     </span>
    </p>
   </div>
   <div class='ocr_carea' id='block_1_54' title="bbox 2039 2514 3620 2583">
    <p class='ocr_par' dir='ltr' id='par_1_54' title="bbox 2039 2514 3620 2583">
     <span class='ocr_line' id='line_1_54' title="bbox 2039 2514 3620 2583; baseline 0.006 -17"><span class='ocrx_word' id='word_1_410' title='bbox 2039 2521 2298 2578; x_wconf 67' lang='grc' dir='ltr'><strong>ειοιιῐεηι,</strong></span> <span class='ocrx_word' id='word_1_411' title='bbox 2346 2521 2405 2566; x_wconf 76' lang='lat' dir='ltr'><strong>Ill</strong></span> <span class='ocrx_word' id='word_1_412' title='bbox 2452 2529 2669 2582; x_wconf 86' lang='lat' dir='ltr'><strong>semper</strong></span> <span class='ocrx_word' id='word_1_413' title='bbox 2711 2523 2767 2568; x_wconf 88' lang='lat' dir='ltr'><strong>et</strong></span> <span class='ocrx_word' id='word_1_414' title='bbox 2987 2529 3342 2583; x_wconf 89' lang='lat' dir='ltr'><strong>permaneant</strong></span> <span class='ocrx_word' id='word_1_415' title='bbox 3383 2536 3396 2571; x_wconf 75' lang='grc' dir='ltr'><strong>ε</strong></span> <span class='ocrx_word' id='word_1_416' title='bbox 3433 2535 3620 2575; x_wconf 89' lang='lat' dir='ltr'><strong>rerum</strong></span> 
     </span>
    </p>
   </div>
   <div class='ocr_carea' id='block_1_55' title="bbox 2042 2604 3619 2675">
    <p class='ocr_par' dir='ltr' id='par_1_55' title="bbox 2042 2604 3619 2675">
     <span class='ocr_line' id='line_1_55' title="bbox 2042 2604 3619 2675; baseline 0.006 -20"><span class='ocrx_word' id='word_1_417' title='bbox 2042 2619 2174 2657; x_wconf 80' lang='lat' dir='ltr'><strong>vero</strong></span> <span class='ocrx_word' id='word_1_418' title='bbox 2208 2604 2528 2658; x_wconf 69' lang='lat' dir='ltr'><strong>substantia:</strong></span> <span class='ocrx_word' id='word_1_419' title='bbox 2575 2604 2629 2656; x_wconf 95' lang='lat' dir='ltr'><strong>id</strong></span> <span class='ocrx_word' id='word_1_420' title='bbox 2677 2605 3015 2658; x_wconf 89' lang='lat' dir='ltr'><strong>contrarium</strong></span> <span class='ocrx_word' id='word_1_421' title='bbox 3045 2622 3167 2661; x_wconf 88' lang='lat' dir='ltr'><strong>esse</strong></span> <span class='ocrx_word' id='word_1_422' title='bbox 3211 2610 3619 2675; x_wconf 88' lang='lat' dir='ltr'><strong>contendimus,</strong></span> 
     </span>
    </p>
   </div>
   <div class='ocr_carea' id='block_1_56' title="bbox 2043 2692 3622 2765">
    <p class='ocr_par' dir='ltr' id='par_1_56' title="bbox 2043 2692 3622 2765">
     <span class='ocr_line' id='line_1_56' title="bbox 2043 2692 3622 2765; baseline 0.003 -19"><span class='ocrx_word' id='word_1_423' title='bbox 2043 2692 2190 2762; x_wconf 84' lang='lat' dir='ltr'><strong>quod</strong></span> <span class='ocrx_word' id='word_1_424' title='bbox 2233 2704 2317 2747; x_wconf 88' lang='lat' dir='ltr'><strong>est</strong></span> <span class='ocrx_word' id='word_1_425' title='bbox 2354 2708 2465 2746; x_wconf 91' lang='lat' dir='ltr'><strong>non</strong></span> <span class='ocrx_word' id='word_1_426' title='bbox 2509 2708 2630 2747; x_wconf 91' lang='lat' dir='ltr'><strong>esse</strong></span> <span class='ocrx_word' id='word_1_427' title='bbox 2674 2707 2737 2746; x_wconf 88' lang='lat' dir='ltr'><strong>ac</strong></span> <span class='ocrx_word' id='word_1_428' title='bbox 2778 2693 3043 2758; x_wconf 89' lang='lat' dir='ltr'><strong>nihilum;</strong></span> <span class='ocrx_word' id='word_1_429' title='bbox 3092 2694 3256 2763; x_wconf 89' lang='lat' dir='ltr'><strong>inque</strong></span> <span class='ocrx_word' id='word_1_430' title='bbox 3299 2695 3447 2750; x_wconf 88' lang='lat' dir='ltr'><strong>illius</strong></span> <span class='ocrx_word' id='word_1_431' title='bbox 3473 2697 3622 2765; x_wconf 87' lang='lat' dir='ltr'><strong>quod</strong></span> 
     </span>
    </p>
   </div>
   <div class='ocr_carea' id='block_1_57' title="bbox 2043 2785 3625 2856">
    <p class='ocr_par' dir='ltr' id='par_1_57' title="bbox 2043 2785 3625 2856">
     <span class='ocr_line' id='line_1_57' title="bbox 2043 2785 3625 2856; baseline 0.002 -17"><span class='ocrx_word' id='word_1_432' title='bbox 2043 2801 2170 2840; x_wconf 82' lang='lat' dir='ltr'><strong>vere</strong></span> <span class='ocrx_word' id='word_1_433' title='bbox 2202 2801 2266 2840; x_wconf 88' lang='lat' dir='ltr'><strong>ac</strong></span> <span class='ocrx_word' id='word_1_434' title='bbox 2297 2786 2518 2854; x_wconf 87' lang='lat' dir='ltr'><strong>proprie</strong></span> <span class='ocrx_word' id='word_1_435' title='bbox 2555 2793 2638 2840; x_wconf 82' lang='lat' dir='ltr'><strong>est</strong></span> <span class='ocrx_word' id='word_1_436' title='bbox 2670 2785 2906 2854; x_wconf 89' lang='lat' dir='ltr'><strong>positum</strong></span> <span class='ocrx_word' id='word_1_437' title='bbox 2938 2797 3230 2856; x_wconf 82' lang='lat' dir='ltr'><strong>potestate,</strong></span> <span class='ocrx_word' id='word_1_438' title='bbox 3264 2798 3323 2842; x_wconf 89' lang='lat' dir='ltr'><strong>ut</strong></span> <span class='ocrx_word' id='word_1_439' title='bbox 3357 2789 3446 2843; x_wconf 88' lang='lat' dir='ltr'><strong>illa</strong></span> <span class='ocrx_word' id='word_1_440' title='bbox 3483 2805 3625 2844; x_wconf 89' lang='lat' dir='ltr'><strong>sem-</strong></span> 
     </span>
    </p>
   </div>
   <div class='ocr_carea' id='block_1_58' title="bbox 2045 2877 3626 2950">
    <p class='ocr_par' dir='ltr' id='par_1_58' title="bbox 2045 2877 3626 2950">
     <span class='ocr_line' id='line_1_58' title="bbox 2045 2877 3626 2950; baseline 0.001 -18"><span class='ocrx_word' id='word_1_441' title='bbox 2045 2894 2143 2948; x_wconf 86' lang='lat' dir='ltr'><strong>per</strong></span> <span class='ocrx_word' id='word_1_442' title='bbox 2175 2877 2418 2941; x_wconf 81' lang='lat' dir='ltr'><strong>exsistat,</strong></span> <span class='ocrx_word' id='word_1_443' title='bbox 2453 2886 2548 2931; x_wconf 87' lang='lat' dir='ltr'><strong>aut</strong></span> <span class='ocrx_word' id='word_1_444' title='bbox 2590 2893 2699 2930; x_wconf 86' lang='lat' dir='ltr'><strong>non</strong></span> <span class='ocrx_word' id='word_1_445' title='bbox 2731 2879 2978 2932; x_wconf 87' lang='lat' dir='ltr'><strong>exsistat.</strong></span> <span class='ocrx_word' id='word_1_446' title='bbox 3010 2879 3249 2934; x_wconf 86' lang='lat' dir='ltr'><strong>Tametsi</strong></span> <span class='ocrx_word' id='word_1_447' title='bbox 3293 2881 3412 2950; x_wconf 89' lang='lat' dir='ltr'><strong>ejus</strong></span> <span class='ocrx_word' id='word_1_448' title='bbox 3455 2880 3626 2934; x_wconf 91' lang='lat' dir='ltr'><strong>dono-</strong></span> 
     </span>
    </p>
   </div>
   <div class='ocr_carea' id='block_1_59' title="bbox 2048 2970 3625 3040">
    <p class='ocr_par' dir='ltr' id='par_1_59' title="bbox 2048 2970 3625 3040">
     <span class='ocr_line' id='line_1_59' title="bbox 2048 2970 3625 3040; baseline 0 -14"><span class='ocrx_word' id='word_1_449' title='bbox 2048 2987 2169 3028; x_wconf 87' lang='lat' dir='ltr'><strong>rum</strong></span> <span class='ocrx_word' id='word_1_450' title='bbox 2200 2970 2346 3025; x_wconf 89' lang='lat' dir='ltr'><strong>baud</strong></span> <span class='ocrx_word' id='word_1_451' title='bbox 2394 2971 2571 3039; x_wconf 89' lang='lat' dir='ltr'><strong>ipsum</strong></span> <span class='ocrx_word' id='word_1_452' title='bbox 2604 2970 2868 3038; x_wconf 70' lang='lat' dir='ltr'><strong>pwniteat</strong></span> <span class='ocrx_word' id='word_1_453' title='bbox 2899 2971 2966 3023; x_wconf 71' lang='grc' dir='ltr'><strong>ει.</strong></span> <span class='ocrx_word' id='word_1_454' title='bbox 3017 2972 3203 3040; x_wconf 86' lang='lat' dir='ltr'><strong>anue</strong></span> <span class='ocrx_word' id='word_1_455' title='bbox 3251 2972 3462 3026; x_wconf 88' lang='lat' dir='ltr'><strong>ratione</strong></span> <span class='ocrx_word' id='word_1_456' title='bbox 3505 2987 3625 3028; x_wconf 79' lang='lat' dir='ltr'><strong>esse</strong></span> 
     </span>
    </p>
   </div>
   <div class='ocr_carea' id='block_1_60' title="bbox 368 3053 1946 3141">
    <p class='ocr_par' dir='ltr' id='par_1_60' title="bbox 368 3053 1942 3134">
     <span class='ocr_line' id='line_1_60' title="bbox 368 3053 1942 3134; baseline -0.004 -18"><span class='ocrx_word' id='word_1_457' title='bbox 368 3065 462 3116; x_wconf 69' lang='lat' dir='ltr'><strong>xui.</strong></span> <span class='ocrx_word' id='word_1_458' title='bbox 494 3065 550 3114; x_wconf 81' lang='grc' dir='ltr'><strong>ἐν</strong></span> <span class='ocrx_word' id='word_1_459' title='bbox 581 3064 647 3134; x_wconf 82' lang='grc' dir='ltr'><strong>τῇ</strong></span> <span class='ocrx_word' id='word_1_460' title='bbox 681 3061 930 3132; x_wconf 80' lang='grc' dir='ltr'><strong>βουλήσει</strong></span> <span class='ocrx_word' id='word_1_461' title='bbox 965 3058 1129 3113; x_wconf 82' lang='grc' dir='ltr'><strong>αὑτοῦ</strong></span> <span class='ocrx_word' id='word_1_462' title='bbox 1157 3059 1356 3129; x_wconf 74' lang='grc' dir='ltr'><strong>ἔχουσα.</strong></span> <span class='ocrx_word' id='word_1_463' title='bbox 1396 3058 1454 3110; x_wconf 87' lang='grc' dir='ltr'><strong>τὸ</strong></span> <span class='ocrx_word' id='word_1_464' title='bbox 1509 3053 1649 3110; x_wconf 78' lang='grc' dir='ltr'><strong>εἷναι</strong></span> <span class='ocrx_word' id='word_1_465' title='bbox 1699 3059 1865 3128; x_wconf 73' lang='grc' dir='ltr'><strong>αὐτὴν</strong></span> <span class='ocrx_word' id='word_1_466' title='bbox 1910 3058 1942 3127; x_wconf 83' lang='grc' dir='ltr'>ἢ</span> 
     </span>
    </p>
   </div>
   <div class='ocr_carea' id='block_1_61' title="bbox 2048 3053 3628 3141">
    <p class='ocr_par' dir='ltr' id='par_1_61' title="bbox 2048 3061 3628 3135">
     <span class='ocr_line' id='line_1_61' title="bbox 2048 3061 3628 3135; baseline 0 -17"><span class='ocrx_word' id='word_1_467' title='bbox 2048 3079 2168 3118; x_wconf 90' lang='lat' dir='ltr'><strong>eam</strong></span> <span class='ocrx_word' id='word_1_468' title='bbox 2198 3078 2413 3132; x_wconf 89' lang='lat' dir='ltr'><strong>semper</strong></span> <span class='ocrx_word' id='word_1_469' title='bbox 2436 3077 2500 3116; x_wconf 89' lang='lat' dir='ltr'><strong>ac</strong></span> <span class='ocrx_word' id='word_1_470' title='bbox 2529 3061 2643 3116; x_wconf 84' lang='lat' dir='ltr'><strong>fore</strong></span> <span class='ocrx_word' id='word_1_471' title='bbox 2674 3063 2920 3115; x_wconf 90' lang='lat' dir='ltr'><strong>omnium</strong></span> <span class='ocrx_word' id='word_1_472' title='bbox 2951 3064 3352 3119; x_wconf 87' lang='lat' dir='ltr'><strong>conservatrice</strong></span> <span class='ocrx_word' id='word_1_473' title='bbox 3382 3063 3628 3135; x_wconf 88' lang='lat' dir='ltr'><strong>potentia</strong></span> 
     </span>
    </p>
   </div>
   <div class='ocr_carea' id='block_1_62' title="bbox 371 3151 624 3224">
    <p class='ocr_par' dir='ltr' id='par_1_62' title="bbox 371 3151 624 3224">
     <span class='ocr_line' id='line_1_62' title="bbox 371 3151 624 3224; baseline 0.008 -17"><span class='ocrx_word' id='word_1_474' title='bbox 371 3157 448 3224; x_wconf 74' lang='grc' dir='ltr'><strong>μὴ</strong></span> <span class='ocrx_word' id='word_1_475' title='bbox 466 3151 598 3207; x_wconf 69' lang='grc' dir='ltr'><strong>εἶναι</strong></span> <span class='ocrx_word' id='word_1_476' title='bbox 611 3196 624 3209; x_wconf 95' lang='grc'>.</span> 
     </span>
    </p>
   </div>
   <div class='ocr_carea' id='block_1_63' title="bbox 2053 3153 3628 3224">
    <p class='ocr_par' dir='ltr' id='par_1_63' title="bbox 2053 3153 3628 3224">
     <span class='ocr_line' id='line_1_63' title="bbox 2053 3153 3628 3224; baseline 0.001 -15"><span class='ocrx_word' id='word_1_477' title='bbox 2053 3156 2120 3210; x_wconf 90' lang='lat' dir='ltr'><strong>ad</strong></span> <span class='ocrx_word' id='word_1_478' title='bbox 2156 3153 2558 3224; x_wconf 87' lang='lat' dir='ltr'><strong>perennitatem</strong></span> <span class='ocrx_word' id='word_1_479' title='bbox 2595 3167 2715 3206; x_wconf 87' lang='lat' dir='ltr'><strong>eam</strong></span> <span class='ocrx_word' id='word_1_480' title='bbox 2747 3154 3088 3218; x_wconf 89' lang='lat' dir='ltr'><strong>continente,</strong></span> <span class='ocrx_word' id='word_1_481' title='bbox 3121 3155 3337 3209; x_wconf 89' lang='lat' dir='ltr'><strong>tametsi</strong></span> <span class='ocrx_word' id='word_1_482' title='bbox 3371 3172 3481 3209; x_wconf 90' lang='lat' dir='ltr'><strong>non</strong></span> <span class='ocrx_word' id='word_1_483' title='bbox 3509 3171 3628 3210; x_wconf 89' lang='lat' dir='ltr'><strong>esse</strong></span> 
     </span>
    </p>
   </div>
   <div class='ocr_carea' id='block_1_64' title="bbox 369 3240 3631 3317">
    <p class='ocr_par' dir='ltr' id='par_1_64' title="bbox 369 3240 3631 3317">
     <span class='ocr_line' id='line_1_64' title="bbox 369 3240 3631 3317; baseline -0.002 -17"><span class='ocrx_word' id='word_1_484' title='bbox 369 3255 536 3316; x_wconf 87' lang='lat' dir='ltr'><strong>atque</strong></span> <span class='ocrx_word' id='word_1_485' title='bbox 561 3245 794 3300; x_wconf 91' lang='lat' dir='ltr'><strong>nihilum</strong></span> <span class='ocrx_word' id='word_1_486' title='bbox 825 3243 1159 3298; x_wconf 88' lang='lat' dir='ltr'><strong>contrarium</strong></span> <span class='ocrx_word' id='word_1_487' title='bbox 1187 3243 1372 3306; x_wconf 89' lang='lat' dir='ltr'><strong>habet,</strong></span> <span class='ocrx_word' id='word_1_488' title='bbox 1406 3241 1485 3296; x_wconf 91' lang='lat' dir='ltr'><strong>uti</strong></span> <span class='ocrx_word' id='word_1_489' title='bbox 1515 3240 1720 3294; x_wconf 91' lang='lat' dir='ltr'><strong>dictum</strong></span> <span class='ocrx_word' id='word_1_490' title='bbox 1745 3249 1848 3307; x_wconf 88' lang='lat' dir='ltr'><strong>est,</strong></span> <span class='ocrx_word' id='word_1_491' title='bbox 1884 3255 1944 3300; x_wconf 93' lang='lat' dir='ltr'><strong>ut</strong></span> <span class='ocrx_word' id='word_1_492' title='bbox 1981 3263 2101 3317; x_wconf 68' lang='lat' dir='ltr'><strong>quae</strong></span> <span class='ocrx_word' id='word_1_493' title='bbox 2131 3262 2195 3300; x_wconf 81' lang='lat' dir='ltr'><strong>ex</strong></span> <span class='ocrx_word' id='word_1_494' title='bbox 2237 3245 2411 3299; x_wconf 86' lang='lat' dir='ltr'><strong>nihilo</strong></span> <span class='ocrx_word' id='word_1_495' title='bbox 2453 3253 2516 3298; x_wconf 88' lang='lat' dir='ltr'><strong>ut</strong></span> <span class='ocrx_word' id='word_1_496' title='bbox 2561 3251 2726 3308; x_wconf 83' lang='lat' dir='ltr'><strong>esset,</strong></span> <span class='ocrx_word' id='word_1_497' title='bbox 2797 3244 3086 3312; x_wconf 90' lang='lat' dir='ltr'><strong>producta,</strong></span> <span class='ocrx_word' id='word_1_498' title='bbox 3125 3243 3181 3297; x_wconf 92' lang='lat' dir='ltr'><strong>in</strong></span> <span class='ocrx_word' id='word_1_499' title='bbox 3247 3261 3352 3299; x_wconf 90' lang='lat' dir='ltr'><strong>una</strong></span> <span class='ocrx_word' id='word_1_500' title='bbox 3393 3246 3512 3315; x_wconf 87' lang='lat' dir='ltr'><strong>ejus</strong></span> <span class='ocrx_word' id='word_1_501' title='bbox 3536 3261 3631 3299; x_wconf 86' lang='lat' dir='ltr'><strong>vo-</strong></span> 
     </span>
    </p>
   </div>
   <div class='ocr_carea' id='block_1_65' title="bbox 371 3334 1949 3409">
    <p class='ocr_par' dir='ltr' id='par_1_65' title="bbox 371 3334 1949 3409">
     <span class='ocr_line' id='line_1_65' title="bbox 371 3334 1949 3409; baseline -0.002 -16"><span class='ocrx_word' id='word_1_502' title='bbox 371 3339 582 3396; x_wconf 87' lang='lat' dir='ltr'><strong>luntate</strong></span> <span class='ocrx_word' id='word_1_503' title='bbox 613 3339 718 3392; x_wconf 88' lang='lat' dir='ltr'><strong>hoc</strong></span> <span class='ocrx_word' id='word_1_504' title='bbox 745 3336 889 3407; x_wconf 89' lang='lat' dir='ltr'><strong>quod</strong></span> <span class='ocrx_word' id='word_1_505' title='bbox 917 3344 1001 3390; x_wconf 91' lang='lat' dir='ltr'><strong>est</strong></span> <span class='ocrx_word' id='word_1_506' title='bbox 1025 3351 1146 3390; x_wconf 91' lang='lat' dir='ltr'><strong>eam</strong></span> <span class='ocrx_word' id='word_1_507' title='bbox 1176 3350 1295 3390; x_wconf 89' lang='lat' dir='ltr'><strong>esse</strong></span> <span class='ocrx_word' id='word_1_508' title='bbox 1328 3334 1421 3409; x_wconf 78' lang='lat' dir='ltr'><strong>vel</strong></span> <span class='ocrx_word' id='word_1_509' title='bbox 1458 3349 1566 3388; x_wconf 91' lang='lat' dir='ltr'><strong>non</strong></span> <span class='ocrx_word' id='word_1_510' title='bbox 1591 3349 1733 3396; x_wconf 91' lang='lat' dir='ltr'><strong>esse,</strong></span> <span class='ocrx_word' id='word_1_511' title='bbox 1764 3335 1949 3390; x_wconf 89' lang='lat' dir='ltr'><strong>habet.</strong></span> 
     </span>
    </p>
   </div>
   <div class='ocr_carea' id='block_1_66' title="bbox 445 3427 1948 3502">
    <p class='ocr_par' dir='ltr' id='par_1_66' title="bbox 445 3427 1948 3502">
     <span class='ocr_line' id='line_1_66' title="bbox 445 3427 1948 3502; baseline -0.005 -13"><span class='ocrx_word' id='word_1_512' title='bbox 445 3434 546 3489; x_wconf 84' lang='grc' dir='ltr'><strong>κο’.</strong></span> <span class='ocrx_word' id='word_1_513' title='bbox 588 3433 801 3502; x_wconf 81' lang='grc' dir='ltr'><strong>Ὠσπερ</strong></span> <span class='ocrx_word' id='word_1_514' title='bbox 832 3431 891 3484; x_wconf 80' lang='grc' dir='ltr'><strong>τὸ</strong></span> <span class='ocrx_word' id='word_1_515' title='bbox 920 3430 1086 3483; x_wconf 86' lang='grc' dir='ltr'><strong>κακὸν</strong></span> <span class='ocrx_word' id='word_1_516' title='bbox 1121 3428 1381 3499; x_wconf 83' lang='grc' dir='ltr'><strong>στέρησίς</strong></span> <span class='ocrx_word' id='word_1_517' title='bbox 1413 3430 1560 3481; x_wconf 86' lang='grc' dir='ltr'><strong>ἐστιν</strong></span> <span class='ocrx_word' id='word_1_518' title='bbox 1589 3427 1816 3497; x_wconf 83' lang='grc' dir='ltr'><strong>ἀγαθοῦ,</strong></span> <span class='ocrx_word' id='word_1_519' title='bbox 1851 3431 1948 3482; x_wconf 70' lang='grc' dir='ltr'><strong>καὶ</strong></span> 
     </span>
    </p>
   </div>
   <div class='ocr_carea' id='block_1_67' title="bbox 378 3517 1945 3598">
    <p class='ocr_par' dir='ltr' id='par_1_67' title="bbox 378 3517 1945 3598">
     <span class='ocr_line' id='line_1_67' title="bbox 378 3517 1945 3598; baseline -0.004 -19"><span class='ocrx_word' id='word_1_520' title='bbox 378 3530 411 3598; x_wconf 77' lang='grc' dir='ltr'><strong>ἠ</strong></span> <span class='ocrx_word' id='word_1_521' title='bbox 448 3524 694 3595; x_wconf 87' lang='grc' dir='ltr'><strong>ἀγνωσία</strong></span> <span class='ocrx_word' id='word_1_522' title='bbox 723 3523 974 3593; x_wconf 76' lang='grc' dir='ltr'><strong>στέρησίς</strong></span> <span class='ocrx_word' id='word_1_523' title='bbox 1003 3522 1119 3574; x_wconf 89' lang='grc' dir='ltr'><strong>ἐστι</strong></span> <span class='ocrx_word' id='word_1_524' title='bbox 1155 3519 1406 3590; x_wconf 83' lang='grc' dir='ltr'><strong>γνώσεως</strong></span> <span class='ocrx_word' id='word_1_525' title='bbox 1430 3535 1444 3549; x_wconf 89' lang='grc'><strong>·</strong></span> <span class='ocrx_word' id='word_1_526' title='bbox 1484 3517 1628 3572; x_wconf 73' lang='grc' dir='ltr'><strong>οὕτω</strong></span> <span class='ocrx_word' id='word_1_527' title='bbox 1657 3521 1750 3573; x_wconf 74' lang='grc' dir='ltr'><strong>καὶ</strong></span> <span class='ocrx_word' id='word_1_528' title='bbox 1786 3521 1847 3573; x_wconf 83' lang='grc' dir='ltr'><strong>τὸ</strong></span> <span class='ocrx_word' id='word_1_529' title='bbox 1873 3521 1945 3592; x_wconf 79' lang='grc' dir='ltr'><strong>μὴ</strong></span> 
     </span>
    </p>
   </div>
   <div class='ocr_carea' id='block_1_68' title="bbox 373 3610 1945 3689">
    <p class='ocr_par' dir='ltr' id='par_1_68' title="bbox 373 3610 1945 3689">
     <span class='ocr_line' id='line_1_68' title="bbox 373 3610 1945 3689; baseline -0.007 -15"><span class='ocrx_word' id='word_1_530' title='bbox 373 3621 437 3675; x_wconf 82' lang='grc' dir='ltr'><strong>ὂν</strong></span> <span class='ocrx_word' id='word_1_531' title='bbox 480 3616 729 3689; x_wconf 84' lang='grc' dir='ltr'><strong>στέρησίς</strong></span> <span class='ocrx_word' id='word_1_532' title='bbox 757 3619 872 3669; x_wconf 83' lang='grc' dir='ltr'><strong>ἐστι</strong></span> <span class='ocrx_word' id='word_1_533' title='bbox 896 3614 988 3668; x_wconf 81' lang='grc' dir='ltr'><strong>τοῦ</strong></span> <span class='ocrx_word' id='word_1_534' title='bbox 1019 3614 1168 3676; x_wconf 84' lang='grc' dir='ltr'><strong>ὄντος</strong></span> <span class='ocrx_word' id='word_1_535' title='bbox 1197 3629 1212 3644; x_wconf 80' lang='grc' dir='ltr'><strong>ο</strong></span> <span class='ocrx_word' id='word_1_536' title='bbox 1245 3612 1307 3664; x_wconf 85' lang='grc' dir='ltr'><strong>οὐ</strong></span> <span class='ocrx_word' id='word_1_537' title='bbox 1339 3610 1432 3664; x_wconf 82' lang='grc' dir='ltr'><strong>τοῦ</strong></span> <span class='ocrx_word' id='word_1_538' title='bbox 1458 3611 1662 3682; x_wconf 85' lang='grc' dir='ltr'>κυρίως</span> <span class='ocrx_word' id='word_1_539' title='bbox 1690 3611 1746 3664; x_wconf 82' lang='grc' dir='ltr'><strong>δὲ</strong></span> <span class='ocrx_word' id='word_1_540' title='bbox 1774 3612 1945 3675; x_wconf 79' lang='grc' dir='ltr'><strong>ὄντος⁹</strong></span> 
     </span>
    </p>
   </div>
   <div class='ocr_carea' id='block_1_69' title="bbox 378 3693 1948 3780">
    <p class='ocr_par' dir='ltr' id='par_1_69' title="bbox 378 3693 1948 3780">
     <span class='ocr_line' id='line_1_69' title="bbox 378 3693 1948 3780; baseline -0.006 -15"><span class='ocrx_word' id='word_1_541' title='bbox 378 3713 476 3765; x_wconf 71' lang='grc' dir='ltr'><strong>οὐκ</strong></span> <span class='ocrx_word' id='word_1_542' title='bbox 530 3711 643 3780; x_wconf 75' lang='grc' dir='ltr'><strong>ἔχει</strong></span> <span class='ocrx_word' id='word_1_543' title='bbox 685 3708 793 3779; x_wconf 77' lang='grc' dir='ltr'><strong>γὰρ</strong></span> <span class='ocrx_word' id='word_1_544' title='bbox 825 3707 1063 3761; x_wconf 82' lang='grc' dir='ltr'><strong>ἐναντίον</strong></span> <span class='ocrx_word' id='word_1_545' title='bbox 1097 3723 1111 3738; x_wconf 78' lang='grc' dir='ltr'><strong><em>ο</em></strong></span> <span class='ocrx_word' id='word_1_546' title='bbox 1147 3693 1283 3758; x_wconf 77' lang='grc' dir='ltr'>ἀλλὰ</span> <span class='ocrx_word' id='word_1_547' title='bbox 1308 3703 1402 3757; x_wconf 81' lang='grc' dir='ltr'><strong>τοῦ</strong></span> <span class='ocrx_word' id='word_1_548' title='bbox 1437 3703 1575 3758; x_wconf 82' lang='grc' dir='ltr'><strong>κατὰ</strong></span> <span class='ocrx_word' id='word_1_549' title='bbox 1616 3702 1830 3774; x_wconf 78' lang='grc' dir='ltr'><strong>μέθεξιν</strong></span> <span class='ocrx_word' id='word_1_550' title='bbox 1852 3702 1948 3756; x_wconf 81' lang='grc' dir='ltr'><strong>τοῦ</strong></span> 
     </span>
    </p>
   </div>
   <div class='ocr_carea' id='block_1_70' title="bbox 378 3796 1952 3875">
    <p class='ocr_par' dir='ltr' id='par_1_70' title="bbox 378 3796 1952 3875">
     <span class='ocr_line' id='line_1_70' title="bbox 378 3796 1952 3875; baseline -0.005 -18"><span class='ocrx_word' id='word_1_551' title='bbox 378 3802 582 3875; x_wconf 79' lang='grc' dir='ltr'>κυρίως</span> <span class='ocrx_word' id='word_1_552' title='bbox 616 3800 788 3863; x_wconf 87' lang='grc' dir='ltr'><strong>ὄντος.</strong></span> <span class='ocrx_word' id='word_1_553' title='bbox 832 3799 944 3853; x_wconf 72' lang='grc' dir='ltr'><strong>Καὶ</strong></span> <span class='ocrx_word' id='word_1_554' title='bbox 988 3801 1040 3852; x_wconf 82' lang='grc' dir='ltr'><strong>αἱ</strong></span> <span class='ocrx_word' id='word_1_555' title='bbox 1074 3797 1170 3868; x_wconf 84' lang='grc' dir='ltr'><strong>μὲν</strong></span> <span class='ocrx_word' id='word_1_556' title='bbox 1197 3797 1302 3850; x_wconf 83' lang='grc' dir='ltr'><strong>τῶν</strong></span> <span class='ocrx_word' id='word_1_557' title='bbox 1352 3796 1632 3867; x_wconf 78' lang='grc' dir='ltr'><strong>προτέρων</strong></span> <span class='ocrx_word' id='word_1_558' title='bbox 1663 3796 1952 3866; x_wconf 85' lang='grc' dir='ltr'><strong>στερήσεις</strong></span> 
     </span>
    </p>
   </div>
   <div class='ocr_carea' id='block_1_71' title="bbox 356 3881 1950 3968">
    <p class='ocr_par' dir='ltr' id='par_1_71' title="bbox 356 3881 1950 3968">
     <span class='ocr_line' id='line_1_71' title="bbox 356 3881 1950 3968; baseline -0.006 -22"><span class='ocrx_word' id='word_1_559' title='bbox 356 3897 442 3968; x_wconf 62' lang='grc' dir='ltr'><strong>,τῇ</strong></span> <span class='ocrx_word' id='word_1_560' title='bbox 470 3892 662 3961; x_wconf 83' lang='grc' dir='ltr'><strong>γνώμῃ</strong></span> <span class='ocrx_word' id='word_1_561' title='bbox 691 3890 796 3942; x_wconf 85' lang='grc' dir='ltr'><strong>τῶν</strong></span> <span class='ocrx_word' id='word_1_562' title='bbox 818 3889 1116 3958; x_wconf 83' lang='grc' dir='ltr'><strong>γεγονότων</strong></span> <span class='ocrx_word' id='word_1_563' title='bbox 1141 3886 1365 3940; x_wconf 74' lang='grc' dir='ltr'><strong>ἕπονται</strong></span> <span class='ocrx_word' id='word_1_564' title='bbox 1389 3899 1404 3914; x_wconf 86' lang='grc'><strong>·</strong></span> <span class='ocrx_word' id='word_1_565' title='bbox 1433 3885 1466 3954; x_wconf 79' lang='grc' dir='ltr'><strong>ἡ</strong></span> <span class='ocrx_word' id='word_1_566' title='bbox 1489 3883 1545 3936; x_wconf 86' lang='grc' dir='ltr'><strong>δέ</strong></span> <span class='ocrx_word' id='word_1_567' title='bbox 1564 3881 1657 3935; x_wconf 80' lang='grc' dir='ltr'><strong>τοῦ</strong></span> <span class='ocrx_word' id='word_1_568' title='bbox 1695 3882 1950 3953; x_wconf 74' lang='grc' dir='ltr'><strong>δευτέρου</strong></span> 
     </span>
    </p>
   </div>
   <div class='ocr_carea' id='block_1_72' title="bbox 379 3973 1953 4054">
    <p class='ocr_par' dir='ltr' id='par_1_72' title="bbox 379 3973 1953 4054">
     <span class='ocr_line' id='line_1_72' title="bbox 379 3973 1953 4054; baseline -0.007 -17"><span class='ocrx_word' id='word_1_569' title='bbox 379 3989 437 4038; x_wconf 77' lang='grc' dir='ltr'><strong>ἐν</strong></span> <span class='ocrx_word' id='word_1_570' title='bbox 474 3986 539 4054; x_wconf 77' lang='grc' dir='ltr'><strong>τῇ</strong></span> <span class='ocrx_word' id='word_1_571' title='bbox 574 3983 824 4052; x_wconf 85' lang='grc' dir='ltr'><strong>βουλήσει</strong></span> <span class='ocrx_word' id='word_1_572' title='bbox 857 3980 950 4033; x_wconf 80' lang='grc' dir='ltr'><strong>τοῦ</strong></span> <span class='ocrx_word' id='word_1_573' title='bbox 977 3979 1340 4050; x_wconf 84' lang='grc' dir='ltr'><strong>πεποιηκότος</strong></span> <span class='ocrx_word' id='word_1_574' title='bbox 1367 3976 1671 4047; x_wconf 77' lang='grc' dir='ltr'><strong>ὑπάρχεται</strong></span> <span class='ocrx_word' id='word_1_575' title='bbox 1696 3990 1710 4006; x_wconf 76' lang='grc' dir='ltr'><strong>ο</strong></span> <span class='ocrx_word' id='word_1_576' title='bbox 1743 3973 1837 4027; x_wconf 81' lang='grc' dir='ltr'><strong>τοῦ</strong></span> <span class='ocrx_word' id='word_1_577' title='bbox 1866 3975 1953 4028; x_wconf 76' lang='grc' dir='ltr'><strong>ἀεὶ</strong></span> 
     </span>
    </p>
   </div>
   <div class='ocr_carea' id='block_1_73' title="bbox 378 4066 1952 4144">
    <p class='ocr_par' dir='ltr' id='par_1_73' title="bbox 378 4066 1952 4144">
     <span class='ocr_line' id='line_1_73' title="bbox 378 4066 1952 4144; baseline -0.007 -14"><span class='ocrx_word' id='word_1_578' title='bbox 378 4078 445 4130; x_wconf 82' lang='grc' dir='ltr'><strong>δι’</strong></span> <span class='ocrx_word' id='word_1_579' title='bbox 475 4075 789 4144; x_wconf 82' lang='grc' dir='ltr'><strong>ἁγαθότητα</strong></span> <span class='ocrx_word' id='word_1_580' title='bbox 823 4071 1145 4144; x_wconf 78' lang='grc' dir='ltr'><strong>βουλομένου</strong></span> <span class='ocrx_word' id='word_1_581' title='bbox 1199 4067 1337 4124; x_wconf 73' lang='grc' dir='ltr'><strong>εἶναι</strong></span> <span class='ocrx_word' id='word_1_582' title='bbox 1381 4069 1452 4122; x_wconf 75' lang='grc' dir='ltr'><strong>τὰ</strong></span> <span class='ocrx_word' id='word_1_583' title='bbox 1516 4067 1665 4134; x_wconf 83' lang='grc' dir='ltr'><strong>ὄντα,</strong></span> <span class='ocrx_word' id='word_1_584' title='bbox 1715 4067 1810 4121; x_wconf 75' lang='grc' dir='ltr'><strong>καὶ</strong></span> <span class='ocrx_word' id='word_1_585' title='bbox 1863 4066 1952 4122; x_wconf 73' lang='grc' dir='ltr'><strong>ἀεὶ</strong></span> 
     </span>
    </p>
   </div>
   <div class='ocr_carea' id='block_1_74' title="bbox 381 4163 1122 4238">
    <p class='ocr_par' dir='ltr' id='par_1_74' title="bbox 381 4163 1122 4238">
     <span class='ocr_line' id='line_1_74' title="bbox 381 4163 1122 4238; baseline -0.012 -14"><span class='ocrx_word' id='word_1_586' title='bbox 381 4169 472 4224; x_wconf 75' lang='grc' dir='ltr'><strong>ὑπ’</strong></span> <span class='ocrx_word' id='word_1_587' title='bbox 500 4166 663 4224; x_wconf 72' lang='grc' dir='ltr'><strong>αὑτοῦ</strong></span> <span class='ocrx_word' id='word_1_588' title='bbox 701 4163 1122 4238; x_wconf 81' lang='grc' dir='ltr'><strong>εὐεργετεῖσοαι.</strong></span> 
     </span>
    </p>
   </div>
   <div class='ocr_carea' id='block_1_75' title="bbox 453 4418 1948 4493">
    <p class='ocr_par' dir='ltr' id='par_1_75' title="bbox 453 4418 1948 4493">
     <span class='ocr_line' id='line_1_75' title="bbox 453 4418 1948 4493; baseline -0.003 -15"><span class='ocrx_word' id='word_1_589' title='bbox 563 4426 744 4480; x_wconf 84' lang='grc' dir='ltr'><strong>Πάντα</strong></span> <span class='ocrx_word' id='word_1_590' title='bbox 775 4423 844 4477; x_wconf 79' lang='grc' dir='ltr'><strong>τὰ</strong></span> <span class='ocrx_word' id='word_1_591' title='bbox 867 4422 1159 4493; x_wconf 76' lang='grc' dir='ltr'><strong>γεγονότα,</strong></span> <span class='ocrx_word' id='word_1_592' title='bbox 1200 4420 1268 4474; x_wconf 84' lang='grc' dir='ltr'><strong>τὰ</strong></span> <span class='ocrx_word' id='word_1_593' title='bbox 1319 4419 1417 4490; x_wconf 81' lang='grc' dir='ltr'><strong>μέν</strong></span> <span class='ocrx_word' id='word_1_594' title='bbox 1468 4421 1575 4472; x_wconf 84' lang='grc' dir='ltr'><strong>είσι</strong></span> <span class='ocrx_word' id='word_1_595' title='bbox 1613 4418 1810 4487; x_wconf 86' lang='grc' dir='ltr'><strong>λογικά</strong></span> <span class='ocrx_word' id='word_1_596' title='bbox 1841 4419 1948 4486; x_wconf 33' lang='grc' dir='ltr'><strong>,καὶ</strong></span> 
     </span>
    </p>
   </div>
   <div class='ocr_carea' id='block_1_76' title="bbox 386 4507 1958 4588">
    <p class='ocr_par' dir='ltr' id='par_1_76' title="bbox 386 4507 1958 4588">
     <span class='ocr_line' id='line_1_76' title="bbox 386 4507 1958 4588; baseline -0.004 -17"><span class='ocrx_word' id='word_1_597' title='bbox 386 4518 572 4588; x_wconf 72' lang='grc' dir='ltr'><strong>νοερὰ,</strong></span> <span class='ocrx_word' id='word_1_598' title='bbox 609 4517 838 4570; x_wconf 72' lang='grc' dir='ltr'><strong>καὶτῶν</strong></span> <span class='ocrx_word' id='word_1_599' title='bbox 863 4515 1124 4568; x_wconf 74' lang='grc' dir='ltr'><strong>ἐναντίων</strong></span> <span class='ocrx_word' id='word_1_600' title='bbox 1155 4513 1375 4566; x_wconf 85' lang='grc' dir='ltr'><strong>δεκτικά</strong></span> <span class='ocrx_word' id='word_1_601' title='bbox 1408 4530 1421 4544; x_wconf 89' lang='grc'><strong>·</strong></span> <span class='ocrx_word' id='word_1_602' title='bbox 1463 4507 1594 4574; x_wconf 73' lang='grc' dir='ltr'><strong>οἷον,</strong></span> <span class='ocrx_word' id='word_1_603' title='bbox 1626 4512 1826 4587; x_wconf 80' lang='grc' dir='ltr'><strong>ἀρετῆς</strong></span> <span class='ocrx_word' id='word_1_604' title='bbox 1865 4512 1958 4564; x_wconf 73' lang='grc' dir='ltr'><strong>καὶ</strong></span> 
     </span>
    </p>
   </div>
   <div class='ocr_carea' id='block_1_77' title="bbox 389 4602 1961 4676">
    <p class='ocr_par' dir='ltr' id='par_1_77' title="bbox 389 4602 1961 4676">
     <span class='ocr_line' id='line_1_77' title="bbox 389 4602 1961 4676; baseline -0.004 -13"><span class='ocrx_word' id='word_1_605' title='bbox 389 4611 608 4676; x_wconf 88' lang='grc' dir='ltr'><strong>κακίας,</strong></span> <span class='ocrx_word' id='word_1_606' title='bbox 641 4609 734 4662; x_wconf 66' lang='grc' dir='ltr'><strong>καὶ</strong></span> <span class='ocrx_word' id='word_1_607' title='bbox 764 4606 1016 4676; x_wconf 86' lang='grc' dir='ltr'><strong>γνώσεως</strong></span> <span class='ocrx_word' id='word_1_608' title='bbox 1065 4606 1158 4658; x_wconf 77' lang='grc' dir='ltr'>καὶ</span> <span class='ocrx_word' id='word_1_609' title='bbox 1197 4603 1469 4672; x_wconf 81' lang='grc' dir='ltr'><strong>ἀγνωσίας</strong></span> <span class='ocrx_word' id='word_1_610' title='bbox 1495 4619 1508 4632; x_wconf 81' lang='lat'>&#39;</span> <span class='ocrx_word' id='word_1_611' title='bbox 1545 4602 1614 4656; x_wconf 75' lang='grc' dir='ltr'><strong>τὰ</strong></span> <span class='ocrx_word' id='word_1_612' title='bbox 1641 4603 1696 4656; x_wconf 82' lang='grc' dir='ltr'><strong>δὲ</strong></span> <span class='ocrx_word' id='word_1_613' title='bbox 1733 4602 1961 4672; x_wconf 87' lang='grc' dir='ltr'><strong>σώματα</strong></span> 
     </span>
    </p>
   </div>
   <div class='ocr_carea' id='block_1_78' title="bbox 387 4694 1959 4771">
    <p class='ocr_par' dir='ltr' id='par_1_78' title="bbox 387 4694 1959 4771">
     <span class='ocr_line' id='line_1_78' title="bbox 387 4694 1959 4771; baseline -0.01 -15"><span class='ocrx_word' id='word_1_614' title='bbox 387 4701 640 4771; x_wconf 79' lang='grc' dir='ltr'><strong>διάφορα,</strong></span> <span class='ocrx_word' id='word_1_615' title='bbox 671 4700 736 4754; x_wconf 84' lang='grc' dir='ltr'><strong>ἐκ</strong></span> <span class='ocrx_word' id='word_1_616' title='bbox 761 4697 871 4752; x_wconf 85' lang='grc' dir='ltr'><strong>τῶν</strong></span> <span class='ocrx_word' id='word_1_617' title='bbox 904 4696 1161 4751; x_wconf 80' lang='grc' dir='ltr'><strong>ἐναντίων</strong></span> <span class='ocrx_word' id='word_1_618' title='bbox 1181 4694 1509 4750; x_wconf 84' lang='grc' dir='ltr'><strong>συνεστῶτα·</strong></span> <span class='ocrx_word' id='word_1_619' title='bbox 1545 4695 1810 4761; x_wconf 78' lang='grc' dir='ltr'><strong>τουτέστι,</strong></span> <span class='ocrx_word' id='word_1_620' title='bbox 1836 4697 1959 4766; x_wconf 75' lang='grc' dir='ltr'><strong>γῆς,</strong></span> 
     </span>
    </p>
   </div>
   <div class='ocr_carea' id='block_1_79' title="bbox 462 4832 924 4897">
    <p class='ocr_par' dir='ltr' id='par_1_79' title="bbox 462 4832 924 4897">
     <span class='ocr_line' id='line_1_79' title="bbox 462 4832 924 4897; baseline -0.009 -8"><span class='ocrx_word' id='word_1_621' title='bbox 462 4837 507 4868; x_wconf 73' lang='grc'>⁸⁸</span> <span class='ocrx_word' id='word_1_622' title='bbox 537 4835 697 4890; x_wconf 83' lang='lat' dir='ltr'><strong>Rom.</strong></span> <span class='ocrx_word' id='word_1_623' title='bbox 727 4849 802 4897; x_wconf 74' lang='grc' dir='ltr'><strong>ιι,</strong></span> <span class='ocrx_word' id='word_1_624' title='bbox 833 4832 924 4888; x_wconf 80' lang='grc'><strong>29.</strong></span> 
     </span>
    </p>
   </div>
   <div class='ocr_carea' id='block_1_80' title="bbox 474 4945 1968 5019">
    <p class='ocr_par' dir='ltr' id='par_1_80' title="bbox 474 4945 1968 5019">
     <span class='ocr_line' id='line_1_80' title="bbox 474 4945 1968 5019; baseline -0.007 -13"><span class='ocrx_word' id='word_1_625' title='bbox 474 4951 552 5019; x_wconf 85' lang='lat' dir='ltr'><strong>(n)</strong></span> <span class='ocrx_word' id='word_1_626' title='bbox 596 4954 661 5005; x_wconf 88' lang='grc' dir='ltr'>Οί</span> <span class='ocrx_word' id='word_1_627' title='bbox 688 4951 802 5019; x_wconf 54' lang='grc' dir='ltr'><strong>μὲν</strong></span> <span class='ocrx_word' id='word_1_628' title='bbox 843 4949 1154 5014; x_wconf 77' lang='grc' dir='ltr'><strong>Ἕλληνες.</strong></span> <span class='ocrx_word' id='word_1_629' title='bbox 1196 4945 1968 5019; x_wconf 80' lang='lat' dir='ltr'><strong>Aristotel_em_maxime_sug-</strong></span> 
     </span>
    </p>
   </div>
   <div class='ocr_carea' id='block_1_81' title="bbox 390 5014 1967 5098">
    <p class='ocr_par' dir='ltr' id='par_1_81' title="bbox 390 5014 1967 5098">
     <span class='ocr_line' id='line_1_81' title="bbox 390 5014 1967 5098; baseline -0.008 -19"><span class='ocrx_word' id='word_1_630' title='bbox 390 5014 550 5098; x_wconf 76' lang='lat' dir='ltr'><strong>giliat</strong></span> <span class='ocrx_word' id='word_1_631' title='bbox 585 5031 643 5078; x_wconf 89' lang='lat' dir='ltr'><strong>et</strong></span> <span class='ocrx_word' id='word_1_632' title='bbox 669 5014 1102 5098; x_wconf 65' lang='lat' dir='ltr'><strong>_Peripat_eticos;</strong></span> <span class='ocrx_word' id='word_1_633' title='bbox 1161 5024 1391 5072; x_wconf 90' lang='lat' dir='ltr'><strong>cunctos</strong></span> <span class='ocrx_word' id='word_1_634' title='bbox 1441 5016 1684 5098; x_wconf 82' lang='lat' dir='ltr'><strong>denique</strong></span> <span class='ocrx_word' id='word_1_635' title='bbox 1723 5014 1967 5095; x_wconf 85' lang='lat' dir='ltr'><strong>philoso-</strong></span> 
     </span>
    </p>
   </div>
   <div class='ocr_carea' id='block_1_82' title="bbox 390 5085 1966 5168">
    <p class='ocr_par' dir='ltr' id='par_1_82' title="bbox 390 5085 1966 5168">
     <span class='ocr_line' id='line_1_82' title="bbox 390 5085 1966 5168; baseline -0.008 -19"><span class='ocrx_word' id='word_1_636' title='bbox 390 5085 553 5168; x_wconf 63' lang='lat' dir='ltr'><strong>phos,</strong></span> <span class='ocrx_word' id='word_1_637' title='bbox 590 5091 683 5161; x_wconf 91' lang='lat' dir='ltr'><strong>qui</strong></span> <span class='ocrx_word' id='word_1_638' title='bbox 712 5085 996 5168; x_wconf 64' lang='lat' dir='ltr'><strong>materiam</strong></span> <span class='ocrx_word' id='word_1_639' title='bbox 1015 5089 1126 5168; x_wconf 67' lang='lat' dir='ltr'><strong>Deo</strong></span> <span class='ocrx_word' id='word_1_640' title='bbox 1156 5101 1391 5168; x_wconf 82' lang='lat' dir='ltr'><strong>coaevam</strong></span> <span class='ocrx_word' id='word_1_641' title='bbox 1421 5094 1738 5168; x_wconf 51' lang='lat' dir='ltr'><strong>ponerent,&quot;</strong></span> <span class='ocrx_word' id='word_1_642' title='bbox 1766 5085 1966 5168; x_wconf 76' lang='lat' dir='ltr'><strong>ipsam-</strong></span> 
     </span>
    </p>
   </div>
   <div class='ocr_carea' id='block_1_83' title="bbox 391 5155 1961 5236">
    <p class='ocr_par' dir='ltr' id='par_1_83' title="bbox 391 5155 1961 5236">
     <span class='ocr_line' id='line_1_83' title="bbox 391 5155 1961 5236; baseline -0.009 -16"><span class='ocrx_word' id='word_1_643' title='bbox 391 5155 500 5236; x_wconf 66' lang='lat' dir='ltr'><strong>que</strong></span> <span class='ocrx_word' id='word_1_644' title='bbox 542 5155 864 5236; x_wconf 78' lang='lat' dir='ltr'><strong>necessario</strong></span> <span class='ocrx_word' id='word_1_645' title='bbox 913 5159 1304 5236; x_wconf 69' lang='lat' dir='ltr'><strong>exsistentem;</strong></span> <span class='ocrx_word' id='word_1_646' title='bbox 1363 5157 1419 5208; x_wconf 94' lang='lat' dir='ltr'><strong>in</strong></span> <span class='ocrx_word' id='word_1_647' title='bbox 1475 5171 1615 5236; x_wconf 71' lang='lat' dir='ltr'><strong>quos</strong></span> <span class='ocrx_word' id='word_1_648' title='bbox 1680 5155 1961 5236; x_wconf 47' lang='lat' dir='ltr'><strong>ph&#39;rysost.</strong></span> 
     </span>
    </p>
   </div>
   <div class='ocr_carea' id='block_1_84' title="bbox 391 5225 1960 5298">
    <p class='ocr_par' dir='ltr' id='par_1_84' title="bbox 391 5225 1960 5298">
     <span class='ocr_line' id='line_1_84' title="bbox 391 5225 1960 5298; baseline -0.009 -9"><span class='ocrx_word' id='word_1_649' title='bbox 391 5225 504 5290; x_wconf 76' lang='lat' dir='ltr'><strong>non</strong></span> <span class='ocrx_word' id='word_1_650' title='bbox 528 5247 638 5286; x_wconf 91' lang='lat' dir='ltr'><strong>uno</strong></span> <span class='ocrx_word' id='word_1_651' title='bbox 662 5231 783 5284; x_wconf 87' lang='lat' dir='ltr'><strong>loco</strong></span> <span class='ocrx_word' id='word_1_652' title='bbox 813 5229 1034 5298; x_wconf 75' lang='lat' dir='ltr'><strong>egregie</strong></span> <span class='ocrx_word' id='word_1_653' title='bbox 1068 5227 1333 5298; x_wconf 85' lang='lat' dir='ltr'><strong>disputat,</strong></span> <span class='ocrx_word' id='word_1_654' title='bbox 1387 5225 1696 5298; x_wconf 76' lang='lat' dir='ltr'><strong>ac__re_liqui</strong></span> <span class='ocrx_word' id='word_1_655' title='bbox 1752 5225 1960 5298; x_wconf 82' lang='lat' dir='ltr'><strong>Patres.</strong></span> 
     </span>
    </p>
   </div>
   <div class='ocr_carea' id='block_1_85' title="bbox 393 5293 1963 5370">
    <p class='ocr_par' dir='ltr' id='par_1_85' title="bbox 393 5293 1963 5370">
     <span class='ocr_line' id='line_1_85' title="bbox 393 5293 1963 5370; baseline -0.009 -12"><span class='ocrx_word' id='word_1_656' title='bbox 393 5305 674 5370; x_wconf 82' lang='lat' dir='ltr'><strong>Mirorque</strong></span> <span class='ocrx_word' id='word_1_657' title='bbox 698 5293 975 5368; x_wconf 73' lang='lat' dir='ltr'><strong>quomodo</strong></span> <span class='ocrx_word' id='word_1_658' title='bbox 995 5297 1076 5351; x_wconf 89' lang='lat' dir='ltr'><strong>sic</strong></span> <span class='ocrx_word' id='word_1_659' title='bbox 1105 5293 1284 5370; x_wconf 77' lang='lat' dir='ltr'><strong>avide,</strong></span> <span class='ocrx_word' id='word_1_660' title='bbox 1319 5296 1413 5364; x_wconf 89' lang='lat' dir='ltr'><strong>qui</strong></span> <span class='ocrx_word' id='word_1_661' title='bbox 1441 5293 1752 5370; x_wconf 68' lang='lat' dir='ltr'><strong>Christiane</strong></span> <span class='ocrx_word' id='word_1_662' title='bbox 1806 5293 1963 5346; x_wconf 82' lang='lat' dir='ltr'><strong>insti-</strong></span> 
     </span>
    </p>
   </div>
   <div class='ocr_carea' id='block_1_86' title="bbox 395 5365 1968 5437">
    <p class='ocr_par' dir='ltr' id='par_1_86' title="bbox 395 5365 1968 5437">
     <span class='ocr_line' id='line_1_86' title="bbox 395 5365 1968 5437; baseline -0.008 -8"><span class='ocrx_word' id='word_1_663' title='bbox 395 5375 498 5429; x_wconf 88' lang='lat' dir='ltr'><strong>tuti</strong></span> <span class='ocrx_word' id='word_1_664' title='bbox 524 5365 737 5432; x_wconf 44' lang='lat' dir='ltr'><strong>su—mus&#39;,</strong></span> <span class='ocrx_word' id='word_1_665' title='bbox 763 5383 1044 5437; x_wconf 90' lang='lat' dir='ltr'><strong>unumque</strong></span> <span class='ocrx_word' id='word_1_666' title='bbox 1073 5366 1390 5437; x_wconf 72' lang='lat' dir='ltr'><strong>noverimus</strong></span> <span class='ocrx_word' id='word_1_667' title='bbox 1416 5365 1477 5416; x_wconf 83' lang='grc' dir='ltr'><strong>τὸ</strong></span> <span class='ocrx_word' id='word_1_668' title='bbox 1498 5367 1700 5434; x_wconf 86' lang='grc' dir='ltr'><strong>κυρίως</strong></span> <span class='ocrx_word' id='word_1_669' title='bbox 1725 5367 1805 5426; x_wconf 82' lang='grc' dir='ltr'><strong>ὃν,</strong></span> <span class='ocrx_word' id='word_1_670' title='bbox 1840 5379 1968 5437; x_wconf 79' lang='lat' dir='ltr'><strong>eum</strong></span> 
     </span>
    </p>
   </div>
   <div class='ocr_carea' id='block_1_87' title="bbox 393 5431 1971 5508">
    <p class='ocr_par' dir='ltr' id='par_1_87' title="bbox 393 5431 1971 5508">
     <span class='ocr_line' id='line_1_87' title="bbox 393 5431 1971 5508; baseline -0.008 -9"><span class='ocrx_word' id='word_1_671' title='bbox 393 5443 611 5499; x_wconf 88' lang='lat' dir='ltr'><strong>scilicet</strong></span> <span class='ocrx_word' id='word_1_672' title='bbox 645 5431 738 5508; x_wconf 89' lang='lat' dir='ltr'><strong>qui</strong></span> <span class='ocrx_word' id='word_1_673' title='bbox 770 5431 1142 5508; x_wconf 75' lang='lat' dir='ltr'><strong>Mosilécutus</strong></span> <span class='ocrx_word' id='word_1_674' title='bbox 1165 5445 1269 5501; x_wconf 90' lang='lat' dir='ltr'><strong>est,</strong></span> <span class='ocrx_word' id='word_1_675' title='bbox 1296 5434 1396 5508; x_wconf 53' lang='lat' dir='ltr'><strong>Qui</strong></span> <span class='ocrx_word' id='word_1_676' title='bbox 1422 5442 1498 5508; x_wconf 76' lang='lat' dir='ltr'><strong>est</strong></span> <span class='ocrx_word' id='word_1_677' title='bbox 1536 5431 1674 5508; x_wconf 66' lang='lat' dir='ltr'><strong>&quot;tisi!</strong></span> <span class='ocrx_word' id='word_1_678' title='bbox 1706 5431 1971 5508; x_wconf 66' lang='lat' dir='ltr'><strong>nte.__Ari-</strong></span> 
     </span>
    </p>
   </div>
   <div class='ocr_carea' id='block_1_88' title="bbox 394 5503 1968 5569">
    <p class='ocr_par' dir='ltr' id='par_1_88' title="bbox 394 5503 1968 5569">
     <span class='ocr_line' id='line_1_88' title="bbox 394 5503 1968 5569; baseline -0.01 0"><span class='ocrx_word' id='word_1_679' title='bbox 394 5503 714 5569; x_wconf 76' lang='lat' dir='ltr'><strong>stotelicuin</strong></span> <span class='ocrx_word' id='word_1_680' title='bbox 771 5507 920 5561; x_wconf 90' lang='lat' dir='ltr'><strong>istud</strong></span> <span class='ocrx_word' id='word_1_681' title='bbox 961 5506 1304 5567; x_wconf 74' lang='lat' dir='ltr'><strong>hamiamus,</strong></span> <span class='ocrx_word' id='word_1_682' title='bbox 1356 5503 1674 5559; x_wconf 78' lang='lat' dir='ltr'><strong>Substantiw</strong></span> <span class='ocrx_word' id='word_1_683' title='bbox 1712 5503 1843 5557; x_wconf 77' lang='lat' dir='ltr'><strong>nihil</strong></span> <span class='ocrx_word' id='word_1_684' title='bbox 1895 5511 1968 5554; x_wconf 81' lang='lat' dir='ltr'><strong>est</strong></span> 
     </span>
    </p>
   </div>
   <div class='ocr_carea' id='block_1_89' title="bbox 395 5573 1966 5645">
    <p class='ocr_par' dir='ltr' id='par_1_89' title="bbox 395 5573 1966 5645">
     <span class='ocr_line' id='line_1_89' title="bbox 395 5573 1966 5645; baseline -0.01 -6"><span class='ocrx_word' id='word_1_685' title='bbox 395 5581 752 5643; x_wconf 83' lang='lat' dir='ltr'><strong>contrarium,</strong></span> <span class='ocrx_word' id='word_1_686' title='bbox 797 5586 853 5631; x_wconf 87' lang='lat' dir='ltr'><strong>et</strong></span> <span class='ocrx_word' id='word_1_687' title='bbox 880 5593 988 5631; x_wconf 87' lang='lat' dir='ltr'><strong>non</strong></span> <span class='ocrx_word' id='word_1_688' title='bbox 1029 5577 1202 5645; x_wconf 78' lang='lat' dir='ltr'><strong>magis</strong></span> <span class='ocrx_word' id='word_1_689' title='bbox 1255 5589 1381 5630; x_wconf 91' lang='lat' dir='ltr'><strong>cum</strong></span> <span class='ocrx_word' id='word_1_690' title='bbox 1428 5574 1660 5645; x_wconf 79' lang='lat' dir='ltr'><strong>Maximo</strong></span> <span class='ocrx_word' id='word_1_691' title='bbox 1710 5573 1966 5645; x_wconf 81' lang='lat' dir='ltr'><strong>dicimus,</strong></span> 
     </span>
    </p>
   </div>
   <div class='ocr_carea' id='block_1_90' title="bbox 397 5643 1966 5712">
    <p class='ocr_par' dir='ltr' id='par_1_90' title="bbox 397 5643 1966 5712">
     <span class='ocr_line' id='line_1_90' title="bbox 397 5643 1966 5712; baseline -0.01 -3"><span class='ocrx_word' id='word_1_692' title='bbox 397 5668 522 5709; x_wconf 83' lang='lat' dir='ltr'><strong>esse</strong></span> <span class='ocrx_word' id='word_1_693' title='bbox 545 5650 623 5705; x_wconf 84' lang='lat' dir='ltr'><strong>illi</strong></span> <span class='ocrx_word' id='word_1_694' title='bbox 656 5648 997 5704; x_wconf 85' lang='lat' dir='ltr'><strong>contrarium</strong></span> <span class='ocrx_word' id='word_1_695' title='bbox 1030 5643 1142 5700; x_wconf 81' lang='lat' dir='ltr'><strong>non</strong></span> <span class='ocrx_word' id='word_1_696' title='bbox 1159 5660 1280 5700; x_wconf 90' lang='lat' dir='ltr'><strong>esse</strong></span> <span class='ocrx_word' id='word_1_697' title='bbox 1308 5659 1374 5698; x_wconf 89' lang='lat' dir='ltr'><strong>ac</strong></span> <span class='ocrx_word' id='word_1_698' title='bbox 1390 5643 1644 5707; x_wconf 89' lang='lat' dir='ltr'><strong>nihilum,</strong></span> <span class='ocrx_word' id='word_1_699' title='bbox 1680 5643 1826 5712; x_wconf 87' lang='lat' dir='ltr'><strong>quod</strong></span> <span class='ocrx_word' id='word_1_700' title='bbox 1859 5657 1966 5712; x_wconf 88' lang='lat' dir='ltr'><strong>una</strong></span> 
     </span>
    </p>
   </div>
   <div class='ocr_carea' id='block_1_91' title="bbox 398 5711 1969 5785">
    <p class='ocr_par' dir='ltr' id='par_1_91' title="bbox 398 5711 1969 5785">
     <span class='ocr_line' id='line_1_91' title="bbox 398 5711 1969 5785; baseline -0.011 -5"><span class='ocrx_word' id='word_1_701' title='bbox 398 5719 659 5780; x_wconf 76' lang='lat' dir='ltr'><strong>excludat</strong></span> <span class='ocrx_word' id='word_1_702' title='bbox 685 5717 872 5774; x_wconf 84' lang='lat' dir='ltr'><strong>divina</strong></span> <span class='ocrx_word' id='word_1_703' title='bbox 898 5717 1171 5781; x_wconf 85' lang='lat' dir='ltr'><strong>voluntas,</strong></span> <span class='ocrx_word' id='word_1_704' title='bbox 1196 5716 1373 5785; x_wconf 90' lang='lat' dir='ltr'><strong>ipsum</strong></span> <span class='ocrx_word' id='word_1_705' title='bbox 1397 5729 1586 5784; x_wconf 72' lang='lat' dir='ltr'><strong>revera</strong></span> <span class='ocrx_word' id='word_1_706' title='bbox 1611 5711 1796 5768; x_wconf 86' lang='lat' dir='ltr'><strong>comes</strong></span> <span class='ocrx_word' id='word_1_707' title='bbox 1818 5711 1969 5766; x_wconf 92' lang='lat' dir='ltr'><strong>omni</strong></span> 
     </span>
    </p>
   </div>
   <div class='ocr_carea' id='block_1_92' title="bbox 2126 3424 3630 3498">
    <p class='ocr_par' dir='ltr' id='par_1_92' title="bbox 2126 3424 3630 3498">
     <span class='ocr_line' id='line_1_92' title="bbox 2126 3424 3630 3498; baseline 0.003 -17"><span class='ocrx_word' id='word_1_708' title='bbox 2126 3427 2214 3482; x_wconf 71' lang='lat'><strong>9.9.</strong></span> <span class='ocrx_word' id='word_1_709' title='bbox 2261 3425 2415 3481; x_wconf 90' lang='lat' dir='ltr'><strong>Sicut</strong></span> <span class='ocrx_word' id='word_1_710' title='bbox 2448 3424 2651 3478; x_wconf 89' lang='lat' dir='ltr'><strong>malum</strong></span> <span class='ocrx_word' id='word_1_711' title='bbox 2690 3425 2819 3479; x_wconf 89' lang='lat' dir='ltr'><strong>boui</strong></span> <span class='ocrx_word' id='word_1_712' title='bbox 2855 3426 3089 3495; x_wconf 83' lang='lat' dir='ltr'><strong>privatio</strong></span> <span class='ocrx_word' id='word_1_713' title='bbox 3121 3437 3204 3482; x_wconf 87' lang='lat' dir='ltr'><strong>est</strong></span> <span class='ocrx_word' id='word_1_714' title='bbox 3227 3468 3240 3492; x_wconf 95' lang='lat'><strong>,</strong></span> <span class='ocrx_word' id='word_1_715' title='bbox 3272 3436 3327 3482; x_wconf 87' lang='lat' dir='ltr'><strong>et</strong></span> <span class='ocrx_word' id='word_1_716' title='bbox 3378 3429 3630 3498; x_wconf 71' lang='lat' dir='ltr'><strong>ignoratio</strong></span> 
     </span>
    </p>
   </div>
   <div class='ocr_carea' id='block_1_93' title="bbox 2057 3515 3631 3594">
    <p class='ocr_par' dir='ltr' id='par_1_93' title="bbox 2057 3515 3631 3594">
     <span class='ocr_line' id='line_1_93' title="bbox 2057 3515 3631 3594; baseline 0.005 -23"><span class='ocrx_word' id='word_1_717' title='bbox 2057 3517 2129 3571; x_wconf 90' lang='lat' dir='ltr'><strong>tia</strong></span> <span class='ocrx_word' id='word_1_718' title='bbox 2180 3515 2415 3586; x_wconf 83' lang='lat' dir='ltr'><strong>privatio</strong></span> <span class='ocrx_word' id='word_1_719' title='bbox 2461 3515 2743 3571; x_wconf 66' lang='lat' dir='ltr'><strong>scientiae:</strong></span> <span class='ocrx_word' id='word_1_720' title='bbox 2786 3519 2865 3572; x_wconf 87' lang='lat' dir='ltr'><strong>sic</strong></span> <span class='ocrx_word' id='word_1_721' title='bbox 2907 3534 3125 3588; x_wconf 91' lang='lat' dir='ltr'><strong>quoque</strong></span> <span class='ocrx_word' id='word_1_722' title='bbox 3169 3535 3278 3573; x_wconf 90' lang='lat' dir='ltr'><strong>non</strong></span> <span class='ocrx_word' id='word_1_723' title='bbox 3323 3537 3421 3576; x_wconf 90' lang='lat' dir='ltr'><strong>ens</strong></span> <span class='ocrx_word' id='word_1_724' title='bbox 3467 3533 3631 3594; x_wconf 85' lang='lat' dir='ltr'><strong>atque</strong></span> 
     </span>
    </p>
   </div>
   <div class='ocr_carea' id='block_1_94' title="bbox 2054 3606 3630 3678">
    <p class='ocr_par' dir='ltr' id='par_1_94' title="bbox 2054 3606 3630 3678">
     <span class='ocr_line' id='line_1_94' title="bbox 2054 3606 3630 3678; baseline 0.006 -19"><span class='ocrx_word' id='word_1_725' title='bbox 2054 3606 2310 3670; x_wconf 87' lang='lat' dir='ltr'><strong>nihilum,</strong></span> <span class='ocrx_word' id='word_1_726' title='bbox 2341 3606 2580 3674; x_wconf 68' lang='lat' dir='ltr'><strong>prifatio</strong></span> <span class='ocrx_word' id='word_1_727' title='bbox 2606 3607 2750 3660; x_wconf 90' lang='lat' dir='ltr'><strong>entis</strong></span> <span class='ocrx_word' id='word_1_728' title='bbox 2778 3615 2880 3668; x_wconf 85' lang='lat' dir='ltr'><strong>est,</strong></span> <span class='ocrx_word' id='word_1_729' title='bbox 2914 3622 3010 3661; x_wconf 87' lang='lat' dir='ltr'><strong>seu</strong></span> <span class='ocrx_word' id='word_1_730' title='bbox 3039 3609 3157 3677; x_wconf 85' lang='lat' dir='ltr'><strong>ejus</strong></span> <span class='ocrx_word' id='word_1_731' title='bbox 3187 3610 3329 3678; x_wconf 86' lang='lat' dir='ltr'><strong>quod</strong></span> <span class='ocrx_word' id='word_1_732' title='bbox 3360 3622 3474 3678; x_wconf 92' lang='lat' dir='ltr'><strong>est;</strong></span> <span class='ocrx_word' id='word_1_733' title='bbox 3522 3631 3630 3668; x_wconf 81' lang='lat' dir='ltr'><strong>non</strong></span> 
     </span>
    </p>
   </div>
   <div class='ocr_carea' id='block_1_95' title="bbox 2057 3697 3629 3771">
    <p class='ocr_par' dir='ltr' id='par_1_95' title="bbox 2057 3697 3629 3771">
     <span class='ocr_line' id='line_1_95' title="bbox 2057 3697 3629 3771; baseline 0.005 -20"><span class='ocrx_word' id='word_1_734' title='bbox 2057 3705 2240 3751; x_wconf 85' lang='lat' dir='ltr'><strong>autem</strong></span> <span class='ocrx_word' id='word_1_735' title='bbox 2263 3698 2381 3766; x_wconf 83' lang='lat' dir='ltr'><strong>ejus</strong></span> <span class='ocrx_word' id='word_1_736' title='bbox 2403 3697 2550 3766; x_wconf 90' lang='lat' dir='ltr'><strong>quod</strong></span> <span class='ocrx_word' id='word_1_737' title='bbox 2575 3707 2657 3752; x_wconf 89' lang='lat' dir='ltr'><strong>est</strong></span> <span class='ocrx_word' id='word_1_738' title='bbox 2682 3713 2810 3751; x_wconf 86' lang='lat' dir='ltr'><strong>vere</strong></span> <span class='ocrx_word' id='word_1_739' title='bbox 2829 3709 2884 3752; x_wconf 93' lang='lat' dir='ltr'><strong>et</strong></span> <span class='ocrx_word' id='word_1_740' title='bbox 2906 3700 3126 3768; x_wconf 85' lang='lat' dir='ltr'><strong>proprie</strong></span> <span class='ocrx_word' id='word_1_741' title='bbox 3148 3701 3223 3771; x_wconf 92' lang='lat' dir='ltr'><strong>(id</strong></span> <span class='ocrx_word' id='word_1_742' title='bbox 3247 3703 3391 3756; x_wconf 91' lang='lat' dir='ltr'><strong>enim</strong></span> <span class='ocrx_word' id='word_1_743' title='bbox 3420 3707 3629 3760; x_wconf 83' lang='lat' dir='ltr'><strong>nullum</strong></span> 
     </span>
    </p>
   </div>
   <div class='ocr_carea' id='block_1_96' title="bbox 2057 3786 3631 3862">
    <p class='ocr_par' dir='ltr' id='par_1_96' title="bbox 2057 3786 3631 3862">
     <span class='ocr_line' id='line_1_96' title="bbox 2057 3786 3631 3862; baseline 0.006 -22"><span class='ocrx_word' id='word_1_744' title='bbox 2057 3787 2395 3841; x_wconf 87' lang='lat' dir='ltr'><strong>contrarium</strong></span> <span class='ocrx_word' id='word_1_745' title='bbox 2444 3786 2656 3857; x_wconf 87' lang='lat' dir='ltr'><strong>habet),</strong></span> <span class='ocrx_word' id='word_1_746' title='bbox 2681 3787 2777 3841; x_wconf 91' lang='lat' dir='ltr'><strong>sed</strong></span> <span class='ocrx_word' id='word_1_747' title='bbox 2827 3789 2972 3856; x_wconf 89' lang='lat' dir='ltr'><strong>quod</strong></span> <span class='ocrx_word' id='word_1_748' title='bbox 3021 3789 3168 3843; x_wconf 90' lang='lat' dir='ltr'><strong>illius</strong></span> <span class='ocrx_word' id='word_1_749' title='bbox 3217 3792 3631 3862; x_wconf 86' lang='lat' dir='ltr'><strong>participatione</strong></span> 
     </span>
    </p>
   </div>
   <div class='ocr_carea' id='block_1_97' title="bbox 2056 3877 3630 3953">
    <p class='ocr_par' dir='ltr' id='par_1_97' title="bbox 2056 3877 3630 3953">
     <span class='ocr_line' id='line_1_97' title="bbox 2056 3877 3630 3953; baseline 0.006 -23"><span class='ocrx_word' id='word_1_750' title='bbox 2056 3885 2160 3942; x_wconf 92' lang='lat' dir='ltr'><strong>est,</strong></span> <span class='ocrx_word' id='word_1_751' title='bbox 2185 3877 2332 3946; x_wconf 87' lang='lat' dir='ltr'><strong>quod</strong></span> <span class='ocrx_word' id='word_1_752' title='bbox 2373 3893 2502 3934; x_wconf 87' lang='lat' dir='ltr'><strong>vere</strong></span> <span class='ocrx_word' id='word_1_753' title='bbox 2543 3894 2606 3933; x_wconf 84' lang='lat' dir='ltr'><strong>ac</strong></span> <span class='ocrx_word' id='word_1_754' title='bbox 2637 3878 2856 3947; x_wconf 84' lang='lat' dir='ltr'><strong>proprie</strong></span> <span class='ocrx_word' id='word_1_755' title='bbox 2897 3888 2999 3933; x_wconf 89' lang='lat' dir='ltr'><strong>est.</strong></span> <span class='ocrx_word' id='word_1_756' title='bbox 3032 3881 3108 3934; x_wconf 88' lang='lat' dir='ltr'><strong>Ac</strong></span> <span class='ocrx_word' id='word_1_757' title='bbox 3136 3883 3379 3949; x_wconf 84' lang='lat' dir='ltr'><strong>priorum</strong></span> <span class='ocrx_word' id='word_1_758' title='bbox 3411 3885 3630 3953; x_wconf 66' lang='lat' dir='ltr'><strong>quidem</strong></span> 
     </span>
    </p>
   </div>
   <div class='ocr_carea' id='block_1_98' title="bbox 2057 3969 3632 4046">
    <p class='ocr_par' dir='ltr' id='par_1_98' title="bbox 2057 3969 3632 4046">
     <span class='ocr_line' id='line_1_98' title="bbox 2057 3969 3632 4046; baseline 0.006 -22"><span class='ocrx_word' id='word_1_759' title='bbox 2057 3969 2414 4040; x_wconf 88' lang='lat' dir='ltr'><strong>privationes,</strong></span> <span class='ocrx_word' id='word_1_760' title='bbox 2467 3969 2629 4040; x_wconf 63' lang='lat'><strong>432</strong></span> <span class='ocrx_word' id='word_1_761' title='bbox 2673 3977 2979 4024; x_wconf 88' lang='lat' dir='ltr'><strong>creatorum</strong></span> <span class='ocrx_word' id='word_1_762' title='bbox 3023 3972 3356 4028; x_wconf 84' lang='lat' dir='ltr'><strong>voluntatem</strong></span> <span class='ocrx_word' id='word_1_763' title='bbox 3389 3992 3632 4046; x_wconf 84' lang='lat' dir='ltr'><strong>sequun-</strong></span> 
     </span>
    </p>
   </div>
   <div class='ocr_carea' id='block_1_99' title="bbox 2058 4061 3634 4134">
    <p class='ocr_par' dir='ltr' id='par_1_99' title="bbox 2058 4061 3634 4134">
     <span class='ocr_line' id='line_1_99' title="bbox 2058 4061 3634 4134; baseline 0.008 -23"><span class='ocrx_word' id='word_1_764' title='bbox 2058 4072 2177 4127; x_wconf 77' lang='lat' dir='ltr'><strong>tur;</strong></span> <span class='ocrx_word' id='word_1_765' title='bbox 2207 4061 2532 4130; x_wconf 90' lang='lat' dir='ltr'><strong>posterioris</strong></span> <span class='ocrx_word' id='word_1_766' title='bbox 2570 4077 2702 4116; x_wconf 91' lang='lat' dir='ltr'><strong>vero</strong></span> <span class='ocrx_word' id='word_1_767' title='bbox 2727 4061 2984 4130; x_wconf 85' lang='lat' dir='ltr'><strong>privatio,</strong></span> <span class='ocrx_word' id='word_1_768' title='bbox 3019 4063 3073 4116; x_wconf 87' lang='lat' dir='ltr'><strong>in</strong></span> <span class='ocrx_word' id='word_1_769' title='bbox 3102 4065 3220 4133; x_wconf 91' lang='lat' dir='ltr'><strong>ejus</strong></span> <span class='ocrx_word' id='word_1_770' title='bbox 3257 4066 3350 4134; x_wconf 93' lang='lat' dir='ltr'><strong>qui</strong></span> <span class='ocrx_word' id='word_1_771' title='bbox 3388 4068 3634 4123; x_wconf 90' lang='lat' dir='ltr'><strong>condidit</strong></span> 
     </span>
    </p>
   </div>
   <div class='ocr_carea' id='block_1_100' title="bbox 2057 4153 3633 4224">
    <p class='ocr_par' dir='ltr' id='par_1_100' title="bbox 2057 4153 3633 4224">
     <span class='ocr_line' id='line_1_100' title="bbox 2057 4153 3633 4224; baseline 0.003 -15"><span class='ocrx_word' id='word_1_772' title='bbox 2057 4155 2337 4210; x_wconf 86' lang='lat' dir='ltr'><strong>voluntate</strong></span> <span class='ocrx_word' id='word_1_773' title='bbox 2366 4153 2604 4223; x_wconf 90' lang='lat' dir='ltr'><strong>positum</strong></span> <span class='ocrx_word' id='word_1_774' title='bbox 2640 4163 2758 4218; x_wconf 90' lang='lat' dir='ltr'><strong>est;</strong></span> <span class='ocrx_word' id='word_1_775' title='bbox 2799 4153 2892 4222; x_wconf 91' lang='lat' dir='ltr'><strong>qui</strong></span> <span class='ocrx_word' id='word_1_776' title='bbox 2925 4169 2989 4208; x_wconf 90' lang='lat' dir='ltr'><strong>ea</strong></span> <span class='ocrx_word' id='word_1_777' title='bbox 3035 4169 3141 4224; x_wconf 89' lang='lat' dir='ltr'><strong>qua</strong></span> <span class='ocrx_word' id='word_1_778' title='bbox 3185 4157 3352 4224; x_wconf 87' lang='lat' dir='ltr'><strong>pollet</strong></span> <span class='ocrx_word' id='word_1_779' title='bbox 3391 4157 3633 4213; x_wconf 88' lang='lat' dir='ltr'><strong>bonitate</strong></span> 
     </span>
    </p>
   </div>
   <div class='ocr_carea' id='block_1_101' title="bbox 2056 4244 3634 4316">
    <p class='ocr_par' dir='ltr' id='par_1_101' title="bbox 2056 4244 3634 4316">
     <span class='ocr_line' id='line_1_101' title="bbox 2056 4244 3634 4316; baseline 0.003 -16"><span class='ocrx_word' id='word_1_780' title='bbox 2056 4261 2145 4300; x_wconf 92' lang='lat' dir='ltr'><strong>res</strong></span> <span class='ocrx_word' id='word_1_781' title='bbox 2175 4260 2391 4314; x_wconf 88' lang='lat' dir='ltr'><strong>semper</strong></span> <span class='ocrx_word' id='word_1_782' title='bbox 2423 4260 2544 4298; x_wconf 89' lang='lat' dir='ltr'><strong>esse</strong></span> <span class='ocrx_word' id='word_1_783' title='bbox 2575 4245 2711 4310; x_wconf 88' lang='lat' dir='ltr'><strong>vult,</strong></span> <span class='ocrx_word' id='word_1_784' title='bbox 2749 4254 2804 4299; x_wconf 91' lang='lat' dir='ltr'><strong>et</strong></span> <span class='ocrx_word' id='word_1_785' title='bbox 2835 4244 2980 4314; x_wconf 90' lang='lat' dir='ltr'><strong>quod</strong></span> <span class='ocrx_word' id='word_1_786' title='bbox 3013 4245 3132 4316; x_wconf 87' lang='lat' dir='ltr'><strong>ejus</strong></span> <span class='ocrx_word' id='word_1_787' title='bbox 3161 4253 3243 4299; x_wconf 90' lang='lat' dir='ltr'><strong>est</strong></span> <span class='ocrx_word' id='word_1_788' title='bbox 3276 4249 3538 4316; x_wconf 91' lang='lat' dir='ltr'><strong>muneris,</strong></span> <span class='ocrx_word' id='word_1_789' title='bbox 3567 4251 3634 4305; x_wconf 87' lang='lat' dir='ltr'><strong>ab</strong></span> 
     </span>
    </p>
   </div>
   <div class='ocr_carea' id='block_1_102' title="bbox 2057 4336 2693 4405">
    <p class='ocr_par' dir='ltr' id='par_1_102' title="bbox 2057 4336 2693 4405">
     <span class='ocr_line' id='line_1_102' title="bbox 2057 4336 2693 4405; baseline -0.005 -13"><span class='ocrx_word' id='word_1_790' title='bbox 2057 4353 2124 4394; x_wconf 89' lang='lat' dir='ltr'><strong>eo</strong></span> <span class='ocrx_word' id='word_1_791' title='bbox 2150 4351 2365 4405; x_wconf 85' lang='lat' dir='ltr'><strong>semper</strong></span> <span class='ocrx_word' id='word_1_792' title='bbox 2393 4336 2693 4404; x_wconf 87' lang='lat' dir='ltr'><strong>suscipere.</strong></span> 
     </span>
    </p>
   </div>
   <div class='ocr_carea' id='block_1_103' title="bbox 2130 4426 3637 4488">
    <p class='ocr_par' dir='ltr' id='par_1_103' title="bbox 2130 4426 3637 4488">
     <span class='ocr_line' id='line_1_103' title="bbox 2130 4426 3637 4488; baseline 0.003 -7"><span class='ocrx_word' id='word_1_793' title='bbox 2130 4427 2218 4481; x_wconf 74' lang='grc'><strong>50.</strong></span> <span class='ocrx_word' id='word_1_794' title='bbox 2250 4426 2573 4481; x_wconf 83' lang='lat' dir='ltr'><strong>Creatorum</strong></span> <span class='ocrx_word' id='word_1_795' title='bbox 2605 4427 2926 4488; x_wconf 91' lang='lat' dir='ltr'><strong>universim,</strong></span> <span class='ocrx_word' id='word_1_796' title='bbox 2953 4427 3055 4480; x_wconf 88' lang='lat' dir='ltr'><strong>alia</strong></span> <span class='ocrx_word' id='word_1_797' title='bbox 3087 4437 3214 4483; x_wconf 91' lang='lat' dir='ltr'><strong>sunt</strong></span> <span class='ocrx_word' id='word_1_798' title='bbox 3243 4430 3455 4484; x_wconf 88' lang='lat' dir='ltr'><strong>ratione</strong></span> <span class='ocrx_word' id='word_1_799' title='bbox 3481 4438 3637 4485; x_wconf 84' lang='lat' dir='ltr'><strong>uten-</strong></span> 
     </span>
    </p>
   </div>
   <div class='ocr_carea' id='block_1_104' title="bbox 2059 4512 3635 4589">
    <p class='ocr_par' dir='ltr' id='par_1_104' title="bbox 2059 4512 3635 4589">
     <span class='ocr_line' id='line_1_104' title="bbox 2059 4512 3635 4589; baseline 0.006 -25"><span class='ocrx_word' id='word_1_800' title='bbox 2059 4512 2134 4567; x_wconf 87' lang='lat' dir='ltr'><strong>tia</strong></span> <span class='ocrx_word' id='word_1_801' title='bbox 2158 4522 2214 4568; x_wconf 89' lang='lat' dir='ltr'><strong>et</strong></span> <span class='ocrx_word' id='word_1_802' title='bbox 2242 4513 2618 4583; x_wconf 83' lang='lat' dir='ltr'><strong>intelligentia,</strong></span> <span class='ocrx_word' id='word_1_803' title='bbox 2648 4514 3164 4584; x_wconf 87' lang='lat' dir='ltr'><strong>contrariorumque</strong></span> <span class='ocrx_word' id='word_1_804' title='bbox 3220 4517 3472 4587; x_wconf 88' lang='lat' dir='ltr'><strong>capacia;</strong></span> <span class='ocrx_word' id='word_1_805' title='bbox 3505 4531 3635 4589; x_wconf 89' lang='lat' dir='ltr'><strong>puta</strong></span> 
     </span>
    </p>
   </div>
   <div class='ocr_carea' id='block_1_105' title="bbox 2059 4604 3638 4676">
    <p class='ocr_par' dir='ltr' id='par_1_105' title="bbox 2059 4604 3638 4676">
     <span class='ocr_line' id='line_1_105' title="bbox 2059 4604 3638 4676; baseline 0.004 -18"><span class='ocrx_word' id='word_1_806' title='bbox 2059 4605 2283 4658; x_wconf 88' lang='lat' dir='ltr'><strong>virtutis</strong></span> <span class='ocrx_word' id='word_1_807' title='bbox 2311 4612 2365 4658; x_wconf 92' lang='lat' dir='ltr'><strong>et</strong></span> <span class='ocrx_word' id='word_1_808' title='bbox 2397 4604 2533 4667; x_wconf 88' lang='lat' dir='ltr'><strong>vitii,</strong></span> <span class='ocrx_word' id='word_1_809' title='bbox 2567 4605 2921 4673; x_wconf 83' lang='lat' dir='ltr'><strong>scientiaeque</strong></span> <span class='ocrx_word' id='word_1_810' title='bbox 2953 4614 3008 4660; x_wconf 89' lang='lat' dir='ltr'><strong>et</strong></span> <span class='ocrx_word' id='word_1_811' title='bbox 3037 4606 3388 4676; x_wconf 63' lang='lat' dir='ltr'><strong>ignorantiae;</strong></span> <span class='ocrx_word' id='word_1_812' title='bbox 3421 4610 3525 4663; x_wconf 87' lang='lat' dir='ltr'><strong>alia</strong></span> <span class='ocrx_word' id='word_1_813' title='bbox 3555 4611 3638 4664; x_wconf 90' lang='lat' dir='ltr'><strong>di-</strong></span> 
     </span>
    </p>
   </div>
   <div class='ocr_carea' id='block_1_106' title="bbox 2065 4696 3636 4765">
    <p class='ocr_par' dir='ltr' id='par_1_106' title="bbox 2065 4696 3636 4765">
     <span class='ocr_line' id='line_1_106' title="bbox 2065 4696 3636 4765; baseline 0.003 -17"><span class='ocrx_word' id='word_1_814' title='bbox 2065 4711 2218 4749; x_wconf 85' lang='lat' dir='ltr'><strong>versa</strong></span> <span class='ocrx_word' id='word_1_815' title='bbox 2243 4710 2492 4754; x_wconf 75' lang='lat' dir='ltr'><strong>corpora.</strong></span> <span class='ocrx_word' id='word_1_816' title='bbox 2511 4711 2577 4750; x_wconf 84' lang='lat' dir='ltr'><strong>ex</strong></span> <span class='ocrx_word' id='word_1_817' title='bbox 2597 4696 2888 4751; x_wconf 89' lang='lat' dir='ltr'><strong>contrariis</strong></span> <span class='ocrx_word' id='word_1_818' title='bbox 2907 4697 3225 4764; x_wconf 87' lang='lat' dir='ltr'><strong>constituta,</strong></span> <span class='ocrx_word' id='word_1_819' title='bbox 3249 4706 3388 4752; x_wconf 89' lang='lat' dir='ltr'><strong>terra</strong></span> <span class='ocrx_word' id='word_1_820' title='bbox 3405 4699 3636 4765; x_wconf 87' lang='lat' dir='ltr'><strong>scilicet,</strong></span> 
     </span>
    </p>
   </div>
   <div class='ocr_carea' id='block_1_107' title="bbox 2069 4943 3628 5017">
    <p class='ocr_par' dir='ltr' id='par_1_107' title="bbox 2069 4943 3628 5017">
     <span class='ocr_line' id='line_1_107' title="bbox 2069 4943 3628 5017; baseline 0.003 -18"><span class='ocrx_word' id='word_1_821' title='bbox 2069 4945 2350 5017; x_wconf 82' lang='lat' dir='ltr'><strong>quodest,</strong></span> <span class='ocrx_word' id='word_1_822' title='bbox 2393 4944 2800 5017; x_wconf 82' lang='lat' dir='ltr'><strong>uno_duntaxat</strong></span> <span class='ocrx_word' id='word_1_823' title='bbox 2856 4943 2948 5017; x_wconf 85' lang='lat' dir='ltr'><strong>illo</strong></span> <span class='ocrx_word' id='word_1_824' title='bbox 2990 4952 3238 5017; x_wconf 84' lang='lat' dir='ltr'><strong>excepto,</strong></span> <span class='ocrx_word' id='word_1_825' title='bbox 3290 4944 3370 4998; x_wconf 92' lang='lat' dir='ltr'><strong>uti</strong></span> <span class='ocrx_word' id='word_1_826' title='bbox 3422 4947 3628 5017; x_wconf 83' lang='lat' dir='ltr'><strong>excipit</strong></span> 
     </span>
    </p>
   </div>
   <div class='ocr_carea' id='block_1_108' title="bbox 2067 5013 3630 5083">
    <p class='ocr_par' dir='ltr' id='par_1_108' title="bbox 2067 5013 3630 5083">
     <span class='ocr_line' id='line_1_108' title="bbox 2067 5013 3630 5083; baseline 0.003 -15"><span class='ocrx_word' id='word_1_827' title='bbox 2067 5013 2352 5078; x_wconf 76' lang='lat' dir='ltr'><strong>Maximus,</strong></span> <span class='ocrx_word' id='word_1_828' title='bbox 2386 5015 2531 5083; x_wconf 91' lang='lat' dir='ltr'><strong>quod</strong></span> <span class='ocrx_word' id='word_1_829' title='bbox 2561 5022 2645 5068; x_wconf 91' lang='lat' dir='ltr'><strong>est</strong></span> <span class='ocrx_word' id='word_1_830' title='bbox 2676 5013 2875 5081; x_wconf 76' lang='grc' dir='ltr'><strong>κυρίως</strong></span> <span class='ocrx_word' id='word_1_831' title='bbox 2919 5013 2971 5066; x_wconf 93' lang='lat' dir='ltr'><strong>in</strong></span> <span class='ocrx_word' id='word_1_832' title='bbox 2995 5014 3151 5082; x_wconf 93' lang='lat' dir='ltr'><strong>cujus</strong></span> <span class='ocrx_word' id='word_1_833' title='bbox 3185 5016 3494 5068; x_wconf 88' lang='lat' dir='ltr'><strong>necessario</strong></span> <span class='ocrx_word' id='word_1_834' title='bbox 3542 5013 3630 5074; x_wconf 78' lang='lat' dir='ltr'><strong>es-</strong></span> 
     </span>
    </p>
   </div>
   <div class='ocr_carea' id='block_1_109' title="bbox 2067 5083 3631 5152">
    <p class='ocr_par' dir='ltr' id='par_1_109' title="bbox 2067 5083 3631 5152">
     <span class='ocr_line' id='line_1_109' title="bbox 2067 5083 3631 5152; baseline 0.001 -14"><span class='ocrx_word' id='word_1_835' title='bbox 2067 5087 2244 5139; x_wconf 87' lang='lat' dir='ltr'><strong>sentia</strong></span> <span class='ocrx_word' id='word_1_836' title='bbox 2269 5096 2374 5146; x_wconf 88' lang='lat' dir='ltr'><strong>est,</strong></span> <span class='ocrx_word' id='word_1_837' title='bbox 2420 5084 2566 5152; x_wconf 88' lang='lat' dir='ltr'><strong>quod</strong></span> <span class='ocrx_word' id='word_1_838' title='bbox 2595 5091 2698 5144; x_wconf 87' lang='lat' dir='ltr'><strong>est,</strong></span> <span class='ocrx_word' id='word_1_839' title='bbox 2733 5083 2859 5150; x_wconf 90' lang='lat' dir='ltr'><strong>quia</strong></span> <span class='ocrx_word' id='word_1_840' title='bbox 2891 5098 3058 5136; x_wconf 89' lang='lat' dir='ltr'><strong>unum</strong></span> <span class='ocrx_word' id='word_1_841' title='bbox 3115 5099 3143 5135; x_wconf 90' lang='lat' dir='ltr'><strong>a</strong></span> <span class='ocrx_word' id='word_1_842' title='bbox 3177 5099 3235 5135; x_wconf 88' lang='lat' dir='ltr'><strong>se</strong></span> <span class='ocrx_word' id='word_1_843' title='bbox 3269 5099 3476 5152; x_wconf 86' lang='lat' dir='ltr'><strong>ensqne</strong></span> <span class='ocrx_word' id='word_1_844' title='bbox 3535 5103 3631 5141; x_wconf 89' lang='lat' dir='ltr'><strong>nc-</strong></span> 
     </span>
    </p>
   </div>
   <div class='ocr_carea' id='block_1_110' title="bbox 2065 5152 3634 5224">
    <p class='ocr_par' dir='ltr' id='par_1_110' title="bbox 2065 5152 3634 5224">
     <span class='ocr_line' id='line_1_110' title="bbox 2065 5152 3634 5224; baseline 0.003 -18"><span class='ocrx_word' id='word_1_845' title='bbox 2065 5154 2364 5207; x_wconf 86' lang='lat' dir='ltr'><strong>ccssarium</strong></span> <span class='ocrx_word' id='word_1_846' title='bbox 2391 5164 2504 5217; x_wconf 78' lang='lat' dir='ltr'><strong>est;</strong></span> <span class='ocrx_word' id='word_1_847' title='bbox 2530 5153 2737 5224; x_wconf 88' lang='lat' dir='ltr'><strong>reliqua</strong></span> <span class='ocrx_word' id='word_1_848' title='bbox 2769 5153 3090 5224; x_wconf 80' lang='lat' dir='ltr'><strong>quodsunt,</strong></span> <span class='ocrx_word' id='word_1_849' title='bbox 3119 5154 3239 5224; x_wconf 82' lang='lat' dir='ltr'><strong>ejus</strong></span> <span class='ocrx_word' id='word_1_850' title='bbox 3278 5152 3479 5224; x_wconf 82' lang='lat' dir='ltr'><strong>habent</strong></span> <span class='ocrx_word' id='word_1_851' title='bbox 3509 5173 3634 5224; x_wconf 89' lang='lat' dir='ltr'><strong>par-</strong></span> 
     </span>
    </p>
   </div>
   <div class='ocr_carea' id='block_1_111' title="bbox 2067 5221 3637 5293">
    <p class='ocr_par' dir='ltr' id='par_1_111' title="bbox 2067 5221 3637 5293">
     <span class='ocr_line' id='line_1_111' title="bbox 2067 5221 3637 5293; baseline 0.002 -17"><span class='ocrx_word' id='word_1_852' title='bbox 2067 5225 2405 5293; x_wconf 88' lang='lat' dir='ltr'><strong>ticipatione,</strong></span> <span class='ocrx_word' id='word_1_853' title='bbox 2446 5223 2690 5291; x_wconf 84' lang='lat' dir='ltr'><strong>ct-quasi</strong></span> <span class='ocrx_word' id='word_1_854' title='bbox 2726 5221 2972 5293; x_wconf 73' lang='lat' dir='ltr'><strong>precario</strong></span> <span class='ocrx_word' id='word_1_855' title='bbox 3014 5239 3047 5293; x_wconf 15' lang='grc' dir='ltr'><strong>εί</strong></span> <span class='ocrx_word' id='word_1_856' title='bbox 3075 5221 3219 5291; x_wconf 83' lang='lat' dir='ltr'><strong>quod</strong></span> <span class='ocrx_word' id='word_1_857' title='bbox 3259 5222 3441 5278; x_wconf 88' lang='lat' dir='ltr'><strong>dicere</strong></span> <span class='ocrx_word' id='word_1_858' title='bbox 3471 5221 3637 5279; x_wconf 39' lang='lat' dir='ltr'><strong>ill—axi-</strong></span> 
     </span>
    </p>
   </div>
   <div class='ocr_carea' id='block_1_112' title="bbox 2067 5291 3637 5349">
    <p class='ocr_par' dir='ltr' id='par_1_112' title="bbox 2067 5291 3637 5349">
     <span class='ocr_line' id='line_1_112' title="bbox 2067 5291 3637 5349; baseline 0.001 -2"><span class='ocrx_word' id='word_1_859' title='bbox 2067 5291 2216 5347; x_wconf 81' lang='lat' dir='ltr'><strong>muin</strong></span> <span class='ocrx_word' id='word_1_860' title='bbox 2253 5309 2360 5348; x_wconf 88' lang='lat' dir='ltr'><strong>non</strong></span> <span class='ocrx_word' id='word_1_861' title='bbox 2399 5294 2531 5346; x_wconf 89' lang='lat' dir='ltr'><strong>satis</strong></span> <span class='ocrx_word' id='word_1_862' title='bbox 2550 5291 2791 5344; x_wconf 85' lang='lat' dir='ltr'><strong>advertit</strong></span> <span class='ocrx_word' id='word_1_863' title='bbox 2817 5291 2982 5344; x_wconf 87' lang='lat' dir='ltr'><strong>Gesn.</strong></span> <span class='ocrx_word' id='word_1_864' title='bbox 3019 5292 3146 5344; x_wconf 90' lang='lat' dir='ltr'><strong>dum</strong></span> <span class='ocrx_word' id='word_1_865' title='bbox 3191 5293 3510 5347; x_wconf 83' lang='lat' dir='ltr'><strong>movendam</strong></span> <span class='ocrx_word' id='word_1_866' title='bbox 3538 5312 3637 5349; x_wconf 90' lang='lat' dir='ltr'><strong>v0-</strong></span> 
     </span>
    </p>
   </div>
   <div class='ocr_carea' id='block_1_113' title="bbox 2071 5359 3641 5432">
    <p class='ocr_par' dir='ltr' id='par_1_113' title="bbox 2071 5359 3641 5432">
     <span class='ocr_line' id='line_1_113' title="bbox 2071 5359 3641 5432; baseline 0.001 -16"><span class='ocrx_word' id='word_1_867' title='bbox 2071 5380 2191 5416; x_wconf 90' lang='lat' dir='ltr'><strong>cem</strong></span> <span class='ocrx_word' id='word_1_868' title='bbox 2236 5364 2436 5431; x_wconf 80' lang='grc' dir='ltr'><strong>κυρίω;</strong></span> <span class='ocrx_word' id='word_1_869' title='bbox 2476 5363 2572 5423; x_wconf 88' lang='lat' dir='ltr'><strong>ait,</strong></span> <span class='ocrx_word' id='word_1_870' title='bbox 2607 5368 2701 5414; x_wconf 89' lang='lat' dir='ltr'><strong>aut</strong></span> <span class='ocrx_word' id='word_1_871' title='bbox 2731 5359 3038 5432; x_wconf 84' lang='lat' dir='ltr'><strong>addendam</strong></span> <span class='ocrx_word' id='word_1_872' title='bbox 3069 5373 3356 5431; x_wconf 76' lang='lat' dir='ltr'><strong>negantem</strong></span> <span class='ocrx_word' id='word_1_873' title='bbox 3398 5365 3641 5432; x_wconf 87' lang='lat' dir='ltr'><strong>particu-</strong></span> 
     </span>
    </p>
   </div>
   <div class='ocr_carea' id='block_1_114' title="bbox 2071 5430 3640 5500">
    <p class='ocr_par' dir='ltr' id='par_1_114' title="bbox 2071 5430 3640 5500">
     <span class='ocr_line' id='line_1_114' title="bbox 2071 5430 3640 5500; baseline 0 -14"><span class='ocrx_word' id='word_1_874' title='bbox 2071 5434 2177 5486; x_wconf 87' lang='lat' dir='ltr'><strong>lam</strong></span> <span class='ocrx_word' id='word_1_875' title='bbox 2200 5435 2280 5495; x_wconf 85' lang='grc' dir='ltr'><strong>οὐ,</strong></span> <span class='ocrx_word' id='word_1_876' title='bbox 2308 5430 2360 5486; x_wconf 88' lang='lat' dir='ltr'><strong>in</strong></span> <span class='ocrx_word' id='word_1_877' title='bbox 2387 5433 2494 5484; x_wconf 87' lang='lat' dir='ltr'><strong>illis</strong></span> <span class='ocrx_word' id='word_1_878' title='bbox 2511 5433 2630 5499; x_wconf 83' lang='lat' dir='ltr'><strong>ejus</strong></span> <span class='ocrx_word' id='word_1_879' title='bbox 2659 5430 2862 5492; x_wconf 79' lang='lat' dir='ltr'><strong>verbis,</strong></span> <span class='ocrx_word' id='word_1_880' title='bbox 2892 5431 3027 5482; x_wconf 73' lang='grc' dir='ltr'>ἀλλὰ</span> <span class='ocrx_word' id='word_1_881' title='bbox 3052 5430 3162 5483; x_wconf 25' lang='lat' dir='ltr'><strong>tri-3’</strong></span> <span class='ocrx_word' id='word_1_882' title='bbox 3212 5432 3350 5483; x_wconf 83' lang='grc' dir='ltr'><strong>κατά</strong></span> <span class='ocrx_word' id='word_1_883' title='bbox 3399 5430 3640 5500; x_wconf 58' lang='grc' dir='ltr'><strong>μέθεξιν</strong></span> 
     </span>
    </p>
   </div>
   <div class='ocr_carea' id='block_1_115' title="bbox 2068 5500 3664 5572">
    <p class='ocr_par' dir='ltr' id='par_1_115' title="bbox 2068 5500 3664 5572">
     <span class='ocr_line' id='line_1_115' title="bbox 2068 5500 3664 5572; baseline 0.003 -19"><span class='ocrx_word' id='word_1_884' title='bbox 2068 5503 2160 5554; x_wconf 80' lang='grc' dir='ltr'><strong>τοῦ</strong></span> <span class='ocrx_word' id='word_1_885' title='bbox 2190 5503 2393 5572; x_wconf 79' lang='grc' dir='ltr'><strong>κυρίως</strong></span> <span class='ocrx_word' id='word_1_886' title='bbox 2423 5502 2603 5572; x_wconf 70' lang='grc' dir='ltr'><strong>ὄντος,</strong></span> <span class='ocrx_word' id='word_1_887' title='bbox 2659 5500 2804 5572; x_wconf 70' lang='lat' dir='ltr'><strong>quod</strong></span> <span class='ocrx_word' id='word_1_888' title='bbox 2836 5501 3013 5572; x_wconf 77' lang='lat' dir='ltr'><strong>etian&#39;t</strong></span> <span class='ocrx_word' id='word_1_889' title='bbox 3052 5502 3153 5554; x_wconf 92' lang='lat' dir='ltr'><strong>rite</strong></span> <span class='ocrx_word' id='word_1_890' title='bbox 3187 5501 3465 5572; x_wconf 82' lang='lat' dir='ltr'><strong>sullixerat</strong></span> <span class='ocrx_word' id='word_1_891' title='bbox 3517 5503 3664 5559; x_wconf 77' lang='lat' dir='ltr'><strong>Bill.&quot;</strong></span> 
     </span>
    </p>
   </div>
   <div class='ocr_carea' id='block_1_116' title="bbox 2067 5570 3649 5645">
    <p class='ocr_par' dir='ltr' id='par_1_116' title="bbox 2067 5570 3649 5645">
     <span class='ocr_line' id='line_1_116' title="bbox 2067 5570 3649 5645; baseline 0.003 -21"><span class='ocrx_word' id='word_1_892' title='bbox 2067 5570 2274 5645; x_wconf 75' lang='lat' dir='ltr'><strong>Obsup.</strong></span> <span class='ocrx_word' id='word_1_893' title='bbox 2320 5570 2460 5645; x_wconf 77' lang='lat' dir='ltr'><strong>nihil</strong></span> <span class='ocrx_word' id='word_1_894' title='bbox 2478 5571 2639 5645; x_wconf 82' lang='lat' dir='ltr'><strong>bene,</strong></span> <span class='ocrx_word' id='word_1_895' title='bbox 2673 5570 2774 5622; x_wconf 79' lang='lat' dir='ltr'><strong>Sed</strong></span> <span class='ocrx_word' id='word_1_896' title='bbox 2795 5571 2906 5638; x_wconf 76' lang='lat' dir='ltr'><strong>ejus</strong></span> <span class='ocrx_word' id='word_1_897' title='bbox 2939 5571 3027 5640; x_wconf 83' lang='lat' dir='ltr'><strong>qui</strong></span> <span class='ocrx_word' id='word_1_898' title='bbox 3048 5571 3330 5624; x_wconf 78' lang='lat' dir='ltr'><strong>secundum</strong></span> <span class='ocrx_word' id='word_1_899' title='bbox 3355 5575 3649 5645; x_wconf 82' lang='lat' dir='ltr'><strong>participa-</strong></span> 
     </span>
    </p>
   </div>
   <div class='ocr_carea' id='block_1_117' title="bbox 2069 5639 2761 5703">
    <p class='ocr_par' dir='ltr' id='par_1_117' title="bbox 2069 5639 2761 5703">
     <span class='ocr_line' id='line_1_117' title="bbox 2069 5639 2761 5703; baseline 0.001 -10"><span class='ocrx_word' id='word_1_900' title='bbox 2069 5644 2259 5697; x_wconf 78' lang='lat' dir='ltr'><strong>tionem</strong></span> <span class='ocrx_word' id='word_1_901' title='bbox 2292 5639 2628 5703; x_wconf 77' lang='lat' dir='ltr'><strong>pcculiuritcr</strong></span> <span class='ocrx_word' id='word_1_902' title='bbox 2665 5647 2761 5694; x_wconf 74' lang='lat' dir='ltr'><strong>est.</strong></span> 
     </span>
    </p>
   </div>
  </div>
