4066 6188
556 241 687 308 1027

1724 251 1785 314 S-
1825 251 2112 312 ΜΑΧΙΜΙ
2152 250 2661 318 CONF-ESSORIS

3653 278 3764 346 1098

546 373 696 426 aere,
729 358 854 432 igne
892 369 949 417 et
975 377 1135 432 aqua.
1168 361 1347 432 Atque
1386 362 1492 417 alia
1532 362 1755 432 quidem
1788 364 2015 420 omnino
2054 364 2111 418 in

2245 370 2428 440 ἀέρος,
2483 372 2677 443 πυρὸς,
2712 373 2900 439 ὕδατος
2927 392 2942 408 ο
2981 376 3076 431 καὶ
3109 343 3205 431 τὰ.
3235 379 3338 450 μέν
3394 383 3495 437 εἰσι
3542 343 3767 461 ἀσώματα

544 467 808 523 corporea
840 464 971 508 sunt
1009 454 1358 524 materiaeque
1386 457 1652 525 expertia,
1687 457 1902 512 tametsi
1934 458 2132 512 horum

543 545 728 615 aliqua
773 545 885 599 sint
913 544 1241 615 corporibus
1275 545 1603 616 conjuncta;
1634 546 1740 602 alia
1774 547 1952 602 solum
1997 561 2132 602 con-

542 639 738 694 stituta
763 654 832 693 ex
858 639 1090 694 materia
1113 648 1169 694 et
1190 641 1388 695 forma.

613 731 702 784 5i.
730 728 905 784 Omne
939 746 1141 801 corpus
1175 740 1370 787 natura
1401 731 1684 788 immobile
1718 741 1806 788 est
1834 749 1849 787 :
1880 742 2134 790 movetur

541 831 729 877 autem
757 823 826 877 ab
851 823 1056 889 anima,
1084 827 1284 894 partim
1319 832 1509 879 utente
1535 824 1769 891 ratione,
1794 826 1994 895 partim
2021 841 2135 882 non

540 923 754 980 utente,
779 915 981 984 partim
1006 915 1172 970 etiam
1198 931 1309 970 non
1335 915 1630 971 sentiente.

609 1004 699 1059 52.
754 1005 1097 1060 Facultatum
1148 1007 1374 1070 animae,
1423 1007 1529 1061 alia
1572 1007 1898 1062 nutrimenti
1948 1018 2034 1064 est
2078 1015 2136 1064 et

538 1098 839 1168 augmenti,
885 1099 991 1153 alia
1031 1099 1310 1170 cogitandi
1339 1108 1396 1154 et
1428 1100 1743 1170 appetendi,
1779 1100 1885 1155 alia
1915 1101 2135 1157 utendas

541 1190 771 1244 rationis
820 1198 877 1245 et
924 1191 1290 1261 intelligendi.
1326 1191 1404 1246 Ac
1437 1191 1604 1262 primi
1649 1193 1872 1262 quidem
1915 1194 2134 1265 generis

539 1283 716 1336 solum
750 1283 1047 1353 participes
1087 1293 1217 1338 sunt
1263 1284 1468 1354 stirpes
1518 1293 1576 1340 et
1618 1285 1852 1353 plantat;
1905 1286 2134 1341 secundi

537 1382 820 1440 prxterea,
857 1373 1033 1427 bruus
1074 1373 1418 1440 animantes;
1457 1376 1602 1429 tertii
1629 1390 1756 1429 cum
1791 1377 2009 1432 duobus
2042 1392 2132 1431 re-

539 1464 724 1533 liquis,
759 1465 1034 1520 homines.
1064 1466 1144 1520 Ac
1168 1467 1382 1536 priores
1409 1465 1635 1536 quidem
1658 1467 1782 1522 duae
1820 1467 2130 1535 facultates,

537 1555 882 1624 corruptioni
923 1556 1173 1612 obnoxiae
1199 1565 1347 1624 sunt,
1375 1557 1537 1613 tertia
1565 1573 1692 1614 vero
1720 1561 1790 1615 ab
1819 1576 1882 1616 ea
1927 1561 2131 1616 immu-

538 1646 622 1699 nis
648 1648 912 1715 probatur
935 1664 998 1703 ac
1028 1649 1376 1706 immortalis.

2241 462 2418 534 πάντη
2476 465 2570 518 καὶ
2616 465 2774 532 ἀῦλα,
2829 470 2878 521 εἰ
2927 471 3022 523 καί
3065 489 3185 525 τινα
3235 472 3432 529 τούτων
3460 480 3767 544 συνέζευκται

2241 552 2460 625 σώμασι
2499 575 2514 591 ο
2545 557 2616 611 τὰ
2641 557 2700 611 δέ
2735 558 2794 624 ἐξ
2823 559 2958 633 ὕλης
2993 565 3086 618 καὶ
3130 564 3305 630 εἴδους
3343 567 3496 638 μόνον
3543 573 3642 645 ἔχει
3689 579 3766 652 τὴν

2243 665 2527 706 συστασιν.

2313 741 2413 797 λα’.
2444 745 2632 798 Πάντα
2664 747 2732 802 τὰ
2762 749 3014 820 σώματα,
3048 751 3192 804 κατά
3219 751 3379 821 φύσιν
3397 755 3536 809 ἐστὶν
3556 758 3763 831 ἀκίνητα·

2243 839 2475 892 κινεῖται
2508 839 2567 893 δὲ
2593 839 2700 894 ὑπὸ
2730 841 2832 912 τῆς
2858 842 3040 914 ψυχῆς
3065 859 3081 876 ο
3109 846 3178 899 τὰ
3204 845 3324 916 μὲν,
3355 845 3567 920 λογικῆς
3587 864 3603 882 ο
3629 853 3766 922 τὰδὲ,

2241 927 2436 998 ἀλόγου
2458 946 2471 959 ·
2499 930 2566 984 τά
2592 931 2672 997 δὲ,
2701 933 3054 1004 ἀναισθήτου.

2311 1021 2411 1092 λβ’.
2439 1023 2561 1078 Τῶν
2593 1025 2840 1096 ψυχικῶν
2866 1027 3156 1098 δυνάμεων
3189 1030 3222 1099 ὴ
3260 1031 3359 1100 μέν
3409 1033 3520 1086 ἐστι
3547 1033 3768 1110 θρεπτικὴ

2241 1114 2337 1168 καὶ
2367 1114 2636 1188 αὐξητικὴ
2665 1134 2678 1146 ⁶
2712 1120 2744 1189 ή
2778 1118 2836 1172 δὲ
2869 1121 3206 1192 φανταστικὴ
3238 1122 3335 1176 καὶ
3357 1122 3614 1199 ὁρμητική
3641 1133 3699 1201 σή
3721 1132 3766 1184 δὲ

2239 1204 2523 1279 λογιστική
2561 1208 2658 1260 καὶ
2688 1211 2938 1282 νοητική.
2982 1212 3092 1265 Καὶ
3116 1212 3216 1282 τῆς
3249 1213 3351 1283 μὲν
3385 1215 3592 1288 πρώτης
3631 1221 3766 1292 μόνης

2243 1295 2530 1366 μετέχουσι
2573 1299 2643 1353 τὰ
2687 1300 2832 1365 φυτά
2859 1317 2873 1332 ·
2923 1301 3024 1373 τῆς
3065 1302 3122 1357 δὲ
3167 1304 3428 1377 δευτέρας
3467 1309 3592 1378 πρὸς
3629 1312 3764 1385 ταύτῃ

2239 1389 2308 1442 τὰ
2337 1390 2510 1461 ἄλογα
2542 1393 2656 1457 ζῶα
2691 1412 2705 1426 ⁸
2740 1395 2840 1466 τῆς
2863 1396 2921 1450 δὲ
2964 1397 3155 1469 τρίτης
3184 1401 3322 1472 πρὸς
3382 1405 3498 1468 ταῖς
3537 1405 3684 1474 δυσὶν,
3727 1413 3765 1465 οἱ

2238 1478 2538 1551 ἄνθρωποι.
2598 1485 2708 1538 Καὶ
2745 1487 2802 1539 αἱ
2863 1489 2960 1556 μὲν
3005 1487 3101 1541 δύο
3141 1490 3426 1561 δυνάμεις,
3473 1494 3760 1570 φθαρταίοή

2237 1569 2295 1622 δὲ
2326 1572 2508 1646 τρίτη.
2559 1575 2836 1646 ἄφθαρτος
2865 1582 2959 1634 καὶ
2986 1579 3252 1646 ἀθάνατος
3273 1584 3655 1644 ἀποδεῖκνυται.

604 1739 693 1791 55.
734 1739 956 1819 δαυοιω
986 1741 1232 1796 Virtutes
1264 1751 1378 1796 tum
1427 1742 1549 1798 alia:
1582 1744 1738 1809 alias,
1771 1752 1886 1799 tum
1933 1745 2120 1799 huma-

2301 1729 2404 1798 λγ’.
2439 1733 2724 1806 Ἀλλήλαις
2775 1739 3155 1809 μεταδιδοῦσαι
3205 1744 3491 1811 φωτισμοῦ
3545 1747 3596 1799 αἱ
3645 1748 3761 1816 ἆγιαι

539 1845 663 1883 nam
709 1841 962 1886 naturam
996 1834 1393 1899 illuminantes,
1447 1846 1544 1890 aut
1590 1853 1689 1892 sua
1735 1837 2130 1907 impartiuntur

537 1923 760 1988 virtute,
785 1933 880 1978 aut
901 1941 1008 1994 qua
1038 1926 1248 1994 pollent
1277 1927 1525 1982 scientia.
1551 1929 1629 1982 Ac
1649 1928 1853 1984 virtute
1880 1929 2126 1999 quidem,

536 2013 685 2067 velut
721 2014 922 2070 divina:
951 2015 1118 2070 simili
1148 2016 1412 2083 bonitate,
1444 2034 1554 2088 qua
1599 2027 1714 2074 tum
1749 2020 1975 2091 seipsas,
2009 2029 2127 2075 tum

533 2103 654 2158 aliae
683 2105 837 2170 alias,
870 2121 935 2160 ac
971 2106 1260 2164 inferiores
1286 2108 1660 2177 demerentur,
1689 2109 1978 2168 efﬁciendo
2005 2112 2126 2168 dei-

533 2194 736 2249 formes
763 2213 776 2249 :
807 2197 1038 2252 scientia
1064 2214 1214 2265 vero,
1242 2208 1338 2255 aut
1361 2201 1430 2256 de
1456 2203 1570 2258 Deo
1592 2204 1883 2260 sublimius
1917 2205 2126 2276 aliquid

531 2287 872 2359 detegendo;
901 2289 975 2344 Tu
997 2291 1167 2360 enim,
1195 2293 1396 2363 inquit,
1426 2294 1730 2351 Altissimus
1757 2299 1812 2352 in
1840 2306 2121 2367 retentum,

531 2377 754 2433 Domine
781 2380 862 2447 3‘;
895 2391 992 2436 aut
1033 2383 1105 2440 de
1134 2385 1462 2455 corporibus
1500 2387 1862 2458 profundius,
1913 2399 2008 2446 aut
2053 2390 2124 2446 de

532 2471 871 2541 incorporeis
914 2475 1225 2547 animisque
1271 2479 1499 2547 certius,
1541 2489 1636 2536 aut
1667 2481 1738 2538 de
1775 2483 2124 2553 providentia

530 2561 752 2627 clarius,
787 2574 882 2619 aut
917 2565 1216 2638 dejudicio
1246 2571 1514 2640 apertius.

601 2654 690 2710 54.
731 2656 929 2713 Mentis
981 2659 1272 2730 impuritas
1316 2679 1381 2718 ea
1429 2672 1515 2720 est
1560 2666 1742 2736 primo
1783 2668 1926 2735 loco,
1972 2672 2122 2743 quod

527 2743 720 2801 falsam
753 2749 1121 2819 cognitionem
1170 2752 1412 2809 habeat:
1444 2763 1559 2810 tum
1603 2773 1756 2825 vero,
1800 2762 1950 2830 quod
1994 2763 2120 2818 uni-

526 2835 821 2890 versalium
863 2837 1072 2908 aliquid
1101 2839 1313 2895 nesciat
1356 2841 1526 2914 (quod
1557 2845 1768 2901 scilicet
1811 2847 1879 2904 ad
1924 2851 2121 2908 huma-

524 2941 652 2981 nam
693 2935 936 2984 mentem
971 2930 1190 2998 attinet,
1236 2933 1416 3004 angeli
1445 2935 1592 2990 enim
1638 2939 1880 3008 partium
1906 2953 2012 3006 est,
2053 2959 2121 3000 ac

525 3014 820 3083 facultatis,
857 3026 920 3072 ut
970 3033 1040 3074 ne
1078 3020 1442 3092 Singularium
1493 3026 1717 3095 quidem
1754 3031 1965 3102 aliquid
2014 3051 2116 3090 ne-

522 3103 682 3173 sciat)
711 3122 723 3158 :
760 3105 923 3161 tertio
951 3083 1340 3180 autem,vquod
1367 3083 1807 3176 vitio-haerentes
1834 3083 1898 3178 ac
1926 3124 2114 3180 libidi-
2142 3083 2185 3143 ο

523 3194 746 3251 ιιὶηοεαε
790 3198 1149 3268 cogitationes
1194 3201 1394 3258 habeat
1423 3222 1436 3259 :
1464 3216 1662 3277 quarto
1691 3209 1935 3280 demum,
1967 3216 2114 3285 quod

523 3295 748 3354 peccato
779 3295 1108 3343 consensum
1145 3293 1407 3361 praebeat.

592 3377 682 3431 55.
718 3376 929 3434 Animae
960 3380 1248 3452 impuritas
1276 3395 1380 3454 est,
1411 3403 1524 3444 non
1565 3390 1646 3447 sic
1673 3396 1912 3464 operari,
1946 3406 2008 3452 ut
2034 3399 2113 3456 illi

519 3483 587 3520 cx
618 3478 817 3524 natura
843 3485 1220 3542 comparatum
1246 3487 1348 3533 est.
1385 3480 1514 3536 lnde
1543 3484 1692 3539 enim
1729 3486 1785 3540 in
1809 3489 1999 3547 animo
2027 3497 2112 3564 gi-

519 3568 765 3629 gnuntur
806 3563 1117 3622 libidinosae
1156 3571 1518 3641 cogitationes
1566 3592 1631 3632 ac
1670 3579 1902 3637 vitiosae.
1957 3563 2112 3642 Tunc

517 3651 665 3707 enim
701 3662 763 3708 ut
790 3663 1002 3712 natura:
1038 3670 1473 3721 consentaneum
1524 3678 1609 3724 est
1636 3680 1918 3742 operatur,
1947 3675 2110 3750 433

516 3761 641 3800 cum
668 3747 924 3816 patibiles
985 3753 1106 3823 ejus
1148 3755 1436 3814 facultates
1478 3761 1582 3832 (ira
1623 3764 1835 3821 scilicet
1863 3778 1919 3823 et
1951 3747 2109 3842 cupi:

515 3836 678 3909 ditas)
711 3839 935 3895 incursu
973 3857 1181 3911 rerum,
1212 3846 1378 3917 inque
1407 3849 1517 3906 illis
1557 3855 1836 3910 rationum
1869 3867 1926 3914 et
1961 3836 2111 3933 cogi-

517 3929 804 3995 tationum,
835 3934 1142 3989 manserint
1162 3951 1191 3990 a
1214 3937 1444 3996 libidine
1465 3956 1530 3997 ac
1555 3945 1976 4013 perturbatione
1999 3929 2106 4008 im-

516 4035 732 4076 munes.

584 4109 672 4165 56.
721 4111 982 4184 Corporis
1013 4117 1304 4188 impuritas
1332 4131 1437 4190 est,
1475 4134 1766 4195 peccatum
1798 4131 1948 4202 quod
1985 4134 2106 4206 ipso

509 4212 635 4258 actu
663 4214 828 4275 atque
856 4223 1022 4276 opere
1053 4220 1324 4280 patratur.

580 4296 669 4349 '57.
717 4298 969 4364 Quietem
1004 4303 1184 4375 diligit
1228 4322 1292 4361 ac
1337 4309 1727 4384 solitudinem,
1770 4318 1867 4389 qui
1915 4320 2101 4377 saeculi

2231 1824 2502 1893 Δυνάμεις
2532 1843 2546 1856 ο
2581 1827 2676 1880 καὶ
2703 1831 2768 1900 τῇ
2810 1830 3137 1904 ἀνθρωπίνῃ,
3173 1837 3355 1903 φύσει,
3407 1836 3439 1906 ἢ
3481 1837 3575 1906 τῆς
3624 1840 3761 1892 αὐτῶν

2229 1915 2432 1988 ἀρετῆς
2451 1921 2856 1990 μεταδιδόασιν,
2889 1923 2923 1995 ἢ
2961 1925 3065 1995 τῆς
3094 1927 3154 1979 ἐν
3179 1928 3375 1993 αὐταῖς
3403 1928 3655 1997 γνώσεως.
3681 1933 3760 1984 Καὶ

2229 2005 2434 2078 ἀρετῆς
2488 2012 2610 2081 μὲν,
2653 2007 2766 2067 οἷον
2813 2014 3150 2088 θεομιμήτου
3192 2017 3549 2090 ἀγαθότητος,
3589 2022 3690 2075 καθ’
3714 2025 3762 2093 ἣν

2228 2099 2325 2153 καὶ
2359 2101 2580 2168 ἐαυτάς,
2633 2105 2729 2156 καὶ
2781 2105 3039 2178 ἀλλήλας,
3095 2109 3193 2162 καὶ
3246 2110 3354 2174 τὰς
3413 2112 3762 2182 ὑποὸεὸηκυῑας

2225 2193 2598 2265 εὐεργετοῦσι,
2627 2197 2881 2263 θεοειδεῖς
2911 2200 3276 2271 ἐργαζόμεναι
3308 2220 3322 2233 ·
3360 2206 3603 2273 γνώσεως
3630 2207 3694 2271 δὲ,
3734 2209 3760 2279 ἡ

2224 2286 2354 2359 περὶ⁵
2382 2287 2519 2341 Θεοῦ
2539 2305 2590 2343 τι
2620 2290 2954 2363 ὑψηλότερον
2981 2310 2995 2325 ο
3036 2295 3121 2349 Σὺ
3143 2299 3274 2369 γὰρ,
3297 2303 3487 2368 φησιν,
3515 2300 3763 2369 Ὕψιστος

2223 2379 2312 2444 εις
2345 2379 2453 2432 τὸν
2484 2379 2692 2446 αἰῶνα,
2738 2384 2917 2450 Κύριε
2951 2399 2964 2412 ·
3003 2386 3036 2457 ἦ
3075 2387 3204 2458 περὶ
3241 2388 3532 2458 σωμάτων,
3575 2391 3763 2460 βαθύτε-

2227 2485 2319 2540 ρον
2347 2486 2360 2500 ·
2385 2471 2418 2542 ἢ
2455 2473 2587 2543 περὶ
2617 2473 2951 2545 ἀσωμάτων,
2982 2477 3384 2552 ἀκριϐέστερον
3411 2500 3425 2514 ο
3453 2484 3483 2552 ἦ
3515 2485 3632 2554 περὶ
3658 2503 3764 2555 προ-

2223 2562 2392 2628 νοίας,
2429 2563 2754 2636 τρανότερον
2785 2581 2797 2594 ·
2824 2566 2858 2638 ἢ
2884 2567 3015 2638 περὶ
3043 2569 3307 2640 κρίσεως,
3353 2573 3678 2646 σαφέστερον.

2291 2666 2385 2722 λδ’.
2417 2667 2555 2732 Νοός
2588 2671 2704 2723 ἐστι
2729 2671 3065 2744 ἀκαθαρσία,
3120 2675 3348 2747 πρῶτον
3381 2680 3494 2749 μὲν,
3522 2681 3577 2734 τὸ
3601 2682 3764 2750 γνῶσιν

2221 2755 2370 2826 ἔχειν
2395 2757 2569 2828 ψευδῆ
2594 2774 2608 2788 °
2634 2759 2889 2832 δεύτερον
2913 2763 2992 2827 δέ,
3028 2763 3091 2817 τὸ
3115 2769 3341 2834 ἀγνοεῖν
3363 2787 3416 2822 τι
3438 2771 3542 2823 τῶν
3554 2773 3762 2827 καθόλου·

2220 2847 2297 2911 ὡς
2335 2847 2474 2918 πρὸς
2516 2849 2861 2922 ἀνθρώπινον
2889 2853 3015 2907 νοῦν
3047 2855 3191 2924 λέγω
3213 2874 3228 2889 ·
3271 2861 3507 2929 ἀγγέλου
3551 2863 3646 2933 γάρ
3670 2867 3763 2918 ἐστι

2218 2938 2280 2993 τὸ
2334 2941 2501 3011 μηδὲν
2543 2942 2654 2996 τῶν
2707 2945 2802 2998 ἐπὶ
2848 2946 3050 3018 μέρους
3105 2953 3330 3019 ἀγνοεῖν
3356 2968 3369 2981 ·
3431 2955 3600 3023 τρίτον
3623 2956 3688 3021 δὲ,
3713 2956 3766 3011 τὺ

2218 3033 2489 3102 ἐμπαθεῖς
2545 3035 2691 3106 ἔχειν
2718 3037 3014 3110 λογισμούς
3039 3041 3176 3115 (25)’
3204 3043 3468 3117 τέταρτον
3493 3048 3567 3116 δέ,
3592 3048 3645 3103 τὸ
3661 3065 3766 3118 συγ·

2220 3124 2606 3182 κατατίθεσθαι
2627 3132 2693 3202 τῇ
2715 3131 2986 3206 ἁμαρτίᾳ.

2291 3387 2388 3440 λε’.
2420 3387 2618 3460 Ψυχῆς
2651 3391 2802 3447 ἐστιν
2838 3394 3174 3468 ἀκαθαρσία,
3201 3399 3260 3452 τὸ
3289 3400 3368 3474 μὴ
3395 3404 3621 3474 ἐνεργεῖν
3647 3404 3762 3457 κατά

2215 3478 2377 3548 φύσιν
2401 3479 2533 3553 (24).
2569 3483 2665 3536 Ἐκ
2683 3483 2876 3540 τούτου
2908 3488 3015 3560 γὰρ
3041 3490 3325 3547 τίκτονται
3349 3494 3426 3566 τῷ
3447 3496 3521 3568 νῷ
3542 3500 3586 3550 οἱ
3609 3499 3760 3566 ἐμπα-

2214 3571 2326 3636 θεῖς
2355 3573 2625 3646 λογισμοί.
2653 3577 2786 3632 Τότε
2819 3581 2930 3653 γὰρ
2961 3584 3103 3637 κατά
3139 3586 3308 3655 φύσιν
3332 3591 3558 3660 ἐνεργεῖ,
3584 3591 3694 3644 ὅταν
3714 3592 3759 3642 αὶ

2212 3663 2516 3735 παθητικαὶ
2537 3668 2709 3740 αὐτῆς
2731 3671 2990 3744 δυνάμεις
3023 3694 3037 3708 ·
3071 3680 3100 3731 6
3125 3677 3302 3751 θυμὸς
3330 3682 3473 3752 λέγω
3495 3684 3581 3738 καὶ
3607 3685 3756 3754 ηὲπιο

2212 3756 2411 3828 θυμία,
2447 3761 2506 3814 ἐν
2541 3764 2609 3833 τῇ
2629 3761 2736 3818 τῶν
2783 3771 3131 3839 πραγμάτων
3182 3774 3282 3826 καὶ
3338 3776 3449 3830 τῶν
3501 3777 3556 3830 ἐν
3603 3777 3759 3838 αὐτοῖς

2209 3853 2498 3924 νοημάτων
2535 3855 2798 3930 προϐολῇ,
2835 3860 3069 3928 ἀπαθεῖς
3095 3863 3443 3937 διαμείνωσι.

2279 4131 2388 4197 λς’.
2438 4133 2700 4207 Σώματός
2741 4137 2894 4192 ἐστιν
2939 4139 3267 4214 ἀκαθαρσία,
3307 4144 3342 4201 ἦ
3370 4147 3490 4199 κατ’
3511 4145 3752 4216 ἐνέργειαν

2205 4226 2471 4299 ἁμαρτία.

2275 4318 2373 4383 λζ’.
2417 4320 2631 4392 Ἀγαπᾷ
2679 4321 2910 4394 ἡσυχίαν
2947 4326 2977 4379 6
3023 4326 3098 4398 μὴ
3142 4327 3373 4400 πάσχων
3417 4331 3549 4402 πρὸς
3582 4329 3642 4383 τὰ
3672 4327 3748 4381 τοῦ

505 4388 675 4444 rebus
699 4405 806 4444 nou
843 4392 1081 4448 afﬁcitur
1108 4413 1121 4449 :
1157 4413 1458 4472 omnesque
1494 4404 1747 4465 homines
1776 4388 1976 4483 diligit,
2001 4415 2098 4484 qui

2222 4410 2412 4480 ιόσμου
2443 4427 2458 4442 ⁸
2493 4388 2622 4465 ⁷καὶ.
2671 4388 2861 4487 ἀγαπᾷ
2907 4388 3118 4484 πάντας
3171 4388 3565 4493 ἀνθρώωυςῖό
3609 4421 3748 4492 μηδὲν

508 4482 715 4535 nullam
747 4481 926 4554 diligit
951 4485 1318 4545 humanarum
1349 4510 1534 4550 rerum
1564 4515 1578 4552 :
1611 4500 1821 4571 Deique
1845 4481 1909 4560 ac
1947 4481 2096 4560 diri-

506 4588 705 4627 norum
735 4575 906 4644 pollet
938 4577 1190 4645 scientia,
1224 4583 1318 4652 qui
1363 4585 1420 4639 in
1465 4589 1619 4644 nullo
1651 4591 1972 4661 offenditur,
2008 4597 2096 4651 vel

506 4673 730 4735 propter
774 4667 996 4736 delicta,
1036 4672 1124 4726 vel
1169 4683 1397 4746 propter
1446 4682 1807 4752 cogitationes
1855 4703 1978 4758 quae
2028 4706 2098 4747 ex

503 4759 821 4828 suspicione
849 4771 1175 4822 nascuntur.

573 4848 663 4903 '58.
711 4850 964 4922 Magnum
1011 4855 1236 4925 quidem
1285 4867 1390 4925 est,
1440 4860 1593 4917 nulla
1649 4865 1815 4921 rebus
1862 4868 2094 4926 libidine

503 4937 678 5006 allici;
707 4951 762 4996 at
797 4942 956 5016 longe
985 4945 1090 5002 hoc
1123 4951 1319 5020 majus,
1353 4966 1547 5007 earum
1590 4955 1757 5011 etiam
1802 4961 2095 5031 cogitatio.

501 5031 686 5097 nibus,
714 5049 746 5087 a
776 5033 1008 5092 libidine
1041 5038 1342 5096 immunem
1374 5041 1947 5120 imperturbatumque
1980 5068 2096 5108 ma-

503 5140 572 5180 ne
580 5141 660 5181 re.

567 5219 658 5276 39.
690 5221 941 5279 Charitas
968 5234 1025 5280 et
1051 5227 1414 5294 continentia,
1448 5230 1695 5286 animum
1724 5234 2092 5305 imperturba-

501 5319 616 5366 tum
643 5328 773 5384 erga
807 5331 896 5370 res
928 5332 1225 5388 rerumque
1256 5321 1616 5392 cogitationes
1645 5326 1986 5384 custodiunt.

565 5489 656 5545 40.
693 5491 823 5547 Pius
862 5495 1077 5552 animus
1109 5512 1174 5552 ac
1207 5497 1515 5567 religiosus,
1555 5517 1663 5557 non
1701 5503 1967 5563 adversus
2002 5525 2089 5570 res

569 5674 614 5707 ⁸³
647 5672 789 5726 Psal.
821 5690 926 5740 XCI,
958 5676 1008 5729 9.

2203 4501 2434 4568 ἀγαπῶν
2474 4502 2815 4574 ἀνθρώπινον
2840 4523 2856 4538 ο
2893 4510 2988 4562 καὶ
3022 4511 3223 4578 γνῶσιν
3253 4512 3368 4583 ἔχει
3399 4514 3530 4568 Θεοῦ
3559 4511 3745 4566 καὶτῶν

2204 4591 2385 4659 θείων,
2430 4595 2458 4647 6
2497 4595 2575 4668 μὴ
2613 4599 3102 4671 σκανδαλιζόμενος
3135 4603 3215 4668 εῐς
3237 4623 3384 4670 τινα,
3420 4608 3524 4659 εἴτε
3554 4605 3631 4659 διὰ
3659 4621 3743 4658 1:1-

2207 4683 2570 4756 ραπτώματα,
2597 4688 2706 4742 εἴτε
2736 4689 2826 4744 διὰ
2857 4691 3151 4763 λογισμοὺς
3182 4697 3242 4763 ἐξ
3270 4697 3543 4762 ὑπονοίας.
3741 4688 3751 4794 ί

2271 4853 2375 4924 λη’.
2401 4855 2562 4924 Μέγα
2596 4856 2695 4926 μέν
2714 4858 2775 4912 τὺ
2797 4860 2874 4931 μὴ
2903 4861 3132 4932 πάσχειν
3176 4864 3317 4936 πρὸς
3353 4867 3423 4920 τὰ
3464 4867 3733 4940 πράγματα·

2206 4943 2393 5014 μεῖζον
2427 4946 2485 4999 δὲ
2515 4947 2707 5002 τούτου
2732 4951 2935 5023 πολλῷ,
2970 4953 3031 5006 τὸ
3057 4955 3194 5025 πρὸς
3217 4958 3286 5010 τά
3315 4959 3517 5012 τούτων
3535 4959 3732 5027 νοήματα

2203 5034 2389 5106 ἀπαθῆ
2411 5035 2705 5107 διαμεῖναι.

2265 5233 2363 5290 λθ’.
2407 5235 2623 5308 Ἀγάπη
2648 5238 2742 5292 καὶ
2761 5240 3058 5312 ἐγκράτεια
3110 5244 3296 5317 ἀπαθῆ
3325 5245 3418 5299 τὸν
3443 5245 3556 5301 νοῦν
3581 5245 3718 5310 διατη-

2193 5327 2346 5397 ροῦσι
2367 5329 2503 5399 πρός
2527 5347 2588 5383 τε
2613 5331 3020 5404 τάπράγματα,
3052 5337 3144 5390 καὶ
3171 5337 3307 5409 πρὸς
3336 5339 3404 5392 τά
3433 5338 3609 5392 τούτων
3628 5332 3713 5398 voti-

2192 5436 2359 5488 ματα.

2264 5511 2336 5583 μ’.
2369 5512 2443 5566 Οὐ
2481 5513 2616 5584 πρὸς
2642 5514 2710 5568 τὰ
2747 5515 3050 5588 πράγματα
3079 5521 3106 5573 6
3141 5519 3258 5583 νοῦς
3287 5523 3512 5592 πολεμεῖ
3536 5518 3606 5572 τοῦ
3628 5513 3711 5569 θεον
