4128 6210
415 249 547 315 1029
1150 240 1156 245 ’
1271 241 1604 305 ΟΛΡΙἸἪΜ
1640 240 1736 299 DE
1778 234 2045 296 CHARI']

2042 233 2209 293 [‘ATE
2245 234 2632 295 CENTURIA
2672 237 2787 299 ΙΙῘ.
3537 245 3672 315 1030

411 360 622 433 φιλοῦς,
651 360 775 414 οὐδὲ
808 360 945 431 πρὸς
969 359 1036 413 τὰ
1060 356 1263 412 τούτων
1295 357 1541 425 νοήματα
1566 371 1579 383 ·
1612 351 1749 406 ἀλλὰ
1771 349 1906 421 πρὸς
1931 348 1999 401 τὰ
2026 364 2041 404 J

2040 349 2072 404 Α
2098 355 2322 417 pugnat,
2358 356 2453 404 aut
2486 365 2670 404 rerum
2703 350 3064 422 cogitationes
3100 370 3113 407 :
3160 354 3254 409 sed
3287 356 3555 415 adversus
3587 366 3670 418 al—

410 453 556 523 πάϐη
606 452 676 504 τὰ
723 454 835 515 τοῖς
873 452 1107 522 νοήμασι
1151 446 1570 516 συνεζευγμένα.
1596 439 1741 504 Οἴον,
1766 442 1826 495 οὐ
1856 440 1992 512 πρὸς

2092 438 2268 493 fectus
2294 455 2358 494 ac
2395 441 2675 503 libidines.
2707 459 2829 512 quae
2859 444 2968 498 illis
2998 447 3301 518 conjuncta:
3336 459 3483 505 sunt.
3513 454 3670 519 Puta,

407 546 506 616 τὴν
538 546 773 613 γυναῖκα
832 543 1082 613 πολεμεῖ,
1138 541 1257 594 οὐδὲ
1318 539 1454 609 πρὸς
1509 538 1601 590 τὸν
1651 536 1991 605 λυπήσαντα,

2092 546 2202 586 non
2230 548 2353 588 cum
2389 534 2616 589 muliere
2648 544 2874 606 pugnat,
2906 536 2991 590 vel
3024 552 3148 592 cum
3180 554 3247 594 eo
3271 541 3366 609 qui
3406 542 3539 599 fecit
3586 546 3672 601 in-

408 636 529 690 οὐδὲ
562 636 696 706 πρὸς
722 635 822 698 τὰς
844 634 1049 687 τούτων
1070 632 1368 702 φαντασίας
1392 648 1405 662 ·
1438 628 1574 683 ἀλλὰ
1595 626 1729 699 πρὸς
1751 627 1817 681 τὰ
1844 625 1992 697 πάθη

2085 618 2308 690 juriam,
2340 637 2443 677 nec
2482 637 2608 676 cum
2641 639 2833 677 eorum
2867 625 3287 684 obversantibus
3315 633 3498 687 animo
3523 636 3672 707 cogi-

409 726 478 779 τὰ
509 727 629 788 ταῖς
660 722 983 794 φαντασίαις
1014 720 1434 791 συνεζευγμένα.
1646 792 1651 795 τ

2094 710 2316 773 tatibus.
2364 712 2461 768 sed
2507 728 2630 768 cum
2678 715 2989 783 affectibus,
3036 734 3176 788 quos
3221 721 3299 774 illi
3351 725 3674 795 conjunetos

2092 802 2297 857 habent

486 910 594 974 μα’.
653 903 836 965 ’Ἅπας
878 901 906 953 6
962 900 1195 968 πόλεμος
1249 895 1341 950 τοῦ
1395 892 1632 966 μοναχοῢ
1678 891 1814 963 πρὸς
1865 893 1994 954 τοὺς

2161 893 2249 948 41.
2286 894 2418 950 Belli
2447 885 2575 951 ‘tota
2606 896 2691 951 vis
2731 898 3000 955 adversus
3050 902 3326 959 daemones
3373 904 3428 960 in
3463 923 3530 962 eo
3571 909 3673 964 sita

410 997 670 1064 δαίμονας
696 1034 710 1058 ,
757 994 846 1046 ἴνα
882 992 953 1045 τὰ
979 991 1126 1059 πάθη
1151 990 1258 1042 τῶν
1293 987 1580 1057 νοημάτων
1603 986 1833 1057 χωρίσῃ.
1866 981 1994 1037 Ἀλ-

2090 994 2175 1041 est
2203 988 2492 1051 monacho,
2523 997 2584 1041 ut
2624 989 2854 1046 allectus
2879 1007 2941 1046 ae
2968 992 3231 1049 libidines
3261 1011 3291 1049 a
3316 1001 3516 1053 mentis
3544 1015 3676 1054 con-

410 1087 514 1149 λως
561 1085 668 1157 γὰρ
717 1082 944 1146 ἀπαθῶς
976 1082 1045 1136 τὰ
1075 1080 1378 1152 πράγματα
1410 1078 1627 1150 βλέπειν
1649 1077 1710 1131 οὑ
1746 1076 1987 1130 δύναται.

2091 1077 2344 1146 ceptibus
2369 1088 2603 1147 separet.
2630 1080 2779 1134 Alias
2809 1082 2957 1136 enim
2988 1098 3079 1138 res
3111 1084 3317 1155 absque
3352 1087 3582 1146 libidine
3609 1106 3675 1149 ac

2089 1165 2507 1235 perturbatione
2540 1167 2730 1224 videre
2764 1186 2872 1225 non
2912 1181 3114 1241 potest.
3702 1192 3737 1234 l-

485 1259 593 1330 μβ’.
616 1259 776 1312 Ἀλλο
808 1258 925 1311 ἐστὶ
948 1259 1202 1329 πρᾶγμα,
1235 1256 1329 1311 κα)⁸
1358 1255 1484 1311 ἄλλο
1511 1256 1706 1326 νόημα,
1748 1255 1840 1309 καὶ
1864 1254 1991 1310 ἄλλο

2160 1256 2249 1311 42,
2292 1257 2453 1312 Aliud
2501 1268 2586 1313 est
2633 1275 2742 1323 res,
2776 1262 2925 1316 aliud
2973 1264 3141 1318 animi
3175 1276 3493 1338 conceptus,
3523 1270 3672 1325 aliud

414 1352 604 1416 πὰϋος.
669 1353 778 1405 Kal
827 1352 1061 1421 πρᾶγμα
1104 1350 1202 1419 μέν
1246 1351 1393 1401 ἐστιν
1422 1390 1436 1412 ,
1473 1346 1607 1415 οἷον,
1639 1349 1798 1418 ἀνὴρ,
1828 1348 1987 1417 γυνὴ,

2090 1348 2320 1405 affectus
2359 1366 2456 1404 seu
2499 1351 2689 1407 libido.
2721 1354 2798 1408 Ac
2827 1355 3049 1425 quidem
3091 1372 3178 1412 res
3221 1368 3323 1423 est,
3354 1362 3523 1417 veluti
3562 1364 3670 1429 vir,

412 1445 630 1515 χρυσὸς,
660 1443 753 1496 καὶ
786 1443 853 1497 τὰ
886 1444 1029 1513 ἑξῆς.
1064 1443 1260 1513 Νόημα
1298 1443 1354 1495 δὲ
1381 1484 1395 1507 ,
1445 1440 1579 1504 οἷον,
1622 1442 1808 1511 μνήμη
1859 1439 1988 1511 ψιλή

2091 1441 2312 1505 femina,
2351 1458 2569 1509 aurum,
2595 1461 2658 1499 ac
2688 1447 2919 1517 reliqua.
2955 1448 3137 1504 Animi
3167 1462 3485 1521 conceptus,
3517 1463 3669 1525 puta,

411 1552 550 1596 τινος
575 1534 682 1586 τῶν
705 1534 1139 1604 προειρημένων.
1164 1533 1341 1596 meo;
1357 1534 1432 1598 δὲ,
1458 1529 1588 1596 οἷον,
1608 1532 1757 1601 φιλία
1773 1531 1987 1600 ἄλογος,

2089 1534 2393 1604 cujuspiam
2432 1550 2621 1589 eorum
2651 1554 2772 1606 quae
2809 1539 2953 1594 dicta
2981 1549 3127 1605 sunt,
3160 1543 3306 1598 nuda
3331 1546 3672 1617 simplexque

414 1624 444 1693 ἢ
488 1626 643 1694 μῖσος
692 1624 913 1695 ἄκριτόν
955 1642 1097 1687 τινος
1120 1625 1227 1678 τῶν
1260 1625 1694 1696 προειρημένων.
1726 1623 1868 1695 Πρὸς
1897 1617 1989 1677 οὖν
2020 1686 2044 1702 .

2043 1687 2060 1702 _
2090 1626 2374 1680 memoria.
2427 1627 2670 1683 Allectus
2720 1640 2902 1685 autem
2950 1648 3046 1687 seu
3095 1634 3290 1702 libido,
3325 1640 3476 1693 velut
3517 1656 3673 1696 amor

412 1686 673 1792 τὸπάθος
702 1686 820 1769 ἐστὶ
845 1715 937 1769 τοῦ
970 1716 1205 1788 μοναχοῦ
1241 1719 1275 1788 ἡ
1780 1686 1792 1695 ’
1850 1686 1861 1688 ἡ
2016 1686 2042 1746 1

2043 1687 2062 1744 ³
2089 1715 2302 1770 alienus
2329 1731 2360 1769 a
2394 1718 2626 1782 ratione,
2655 1720 2741 1773 vel
2770 1721 2959 1774 odium
2983 1723 3193 1792 judicio
3219 1727 3449 1782 rationis
3478 1744 3673 1785 carens

616 1788 619 1793 ’
1354 1804 1359 1809 ’
2084 1806 2315 1877 alicujus
2361 1808 2655 1863 dictorum.
2708 1788 2997 1866 Monacho'
3024 1814 3192 1884 igitur
3224 1816 3489 1873 adversus
3535 1820 3671 1875 alle-

2085 1907 2232 1952 ctum
2259 1914 2321 1954 ac
2347 1899 2633 1954 libidinem
2665 1902 2932 1960 incumbit
2958 1908 3334 1976 pugnandum.

484 1991 594 2063 μγ’.
644 1991 845 2062 Νόημά
869 1992 985 2044 ἐστι
1014 1991 1278 2062 ἐμπαθὲς,
1304 1991 1561 2062 λογισμὸς
1593 1989 1845 2053 σύνθετος
1876 1989 1984 2043 ἀπὸ

2151 1989 2240 2042 45.
2281 1979 2484 2043 Vitiosa
2532 1990 2937 2062 lihidinosaque
2972 1997 3173 2051 mentis
3218 2002 3531 2071 conceptio,
3574 2017 3670 2059 co-

412 2083 618 2147 πάθους
653 2082 748 2135 καὶ
782 2083 1072 2153 νοήματος.
1109 2082 1448 2154 Χωρίσωμεν
1473 2082 1534 2135 τὸ
1564 2081 1733 2144 πάθος
1757 2080 1865 2134 ἀπὸ
1889 2078 1982 2132 τοῦ

2083 2076 2273 2147 gitatio
2296 2085 2380 2133 est
2413 2082 2715 2150 composita
2740 2097 2807 2137 ex
2832 2084 3061 2141 libidine
3105 2103 3201 2143 seu
3245 2091 3467 2159 aﬂ‘ectu,
3512 2110 3670 2151 men-

412 2178 698 2248 νοήματος,
727 2174 821 2229 καῖ
868 2175 1132 2245 ἀπομένει
1179 2175 1207 2226 6
1232 2173 1492 2244 λογισμὸς
1539 2172 1711 2242 ψιλός.
1740 2170 1984 2241 Χωρίζο-

2086 2169 2265 2238 tisque
2291 2170 2380 2224 illa
2406 2174 2784 2242 conceptione.
2819 2175 3148 2246 Separemns
3180 2196 3310 2252 ergo
3340 2184 3409 2237 ab
3448 2201 3509 2239 ea
3539 2187 3667 2241 libi-

413 2286 510 2337 μεν
538 2268 594 2320 δὲ
626 2266 694 2320 δι’
723 2266 944 2337 ἀγάπης
975 2265 1349 2336 πνευματικῆς
1383 2264 1475 2317 καὶ
1508 2263 1857 2335 ἐγκρατείας,
1889 2260 1983 2315 ἐὰν

2085 2260 2268 2315 dinem
2299 2277 2393 2316 seu
2421 2262 2699 2329 aﬂ'ectum,
2727 2266 2944 2336 eritque
2980 2269 3126 2324 nuda
3163 2286 3227 2325 ac
3260 2273 3491 2341 simplex
3518 2274 3666 2346 cogi-

410 2359 671 2430 θέλωμεν,
2086 2351 2239 2405 talio.
2291 2352 2679 2421 Separabimus
2720 2367 2938 2423 autem,
2985 2359 3116 2414 dum
3157 2363 3533 2431 voluerimus,
3569 2384 3669 2441 per

2086 2441 2437 2498 dilectionem
2461 2446 2762 2514 spiritalem
2788 2458 2842 2505 et
2867 2452 3283 2507 continentiam.

483 2530 584 2601 μδ’.
641 2531 708 2582 Αἰ
762 2528 860 2599 μὲν
915 2528 1125 2599 ἀρεταὶ,
1168 2526 1279 2580 τῶν
1314 2526 1501 2581 παθῶν
1536 2526 1626 2578 τὸν
1664 2525 1788 2579 νοῦν
1821 2525 1984 2596 χωρία

2155 2532 2243 2585 44.
2279 2533 2543 2599 Virtutes,
2574 2536 2644 2589 ab
2691 2537 2979 2595 allectibus
3025 2550 3188 2611 atque
3234 2545 3384 2601 vitiis
3427 2558 3663 2604 mentem

412 2622 589 2685 ζουσιν
619 2638 633 2652 ’
670 2621 723 2673 αἱ
759 2619 815 2671 δὲ
851 2619 1222 2689 πνευματικαὶ
1250 2616 1489 2689 θεωρίαι,
1521 2616 1629 2669 τῶν
1659 2615 1828 2686 ψιλῶν
1859 2634 1986 2687 νοη-

2086 2635 2343 2692 separant
2371 2643 2384 2679 :
2409 2627 2685 2697 spiritales
2708 2639 2888 2686 autem
2911 2636 3419 2705 contemplationes,
3448 2656 3477 2694 a
3505 2643 3667 2699 nudis

414 2714 594 2781 μάτων
626 2713 705 2782 σή
745 2710 803 2765 δὲ
849 2710 1065 2781 καθαρὰ
1115 2708 1393 2781 προσευχὴ
1444 2708 1592 2778 αὐτῷ
1635 2706 1796 2761 αὑτὸν
1842 2724 1986 2778 παρ-

2087 2714 2222 2783 ipsis
2263 2720 2620 2787 conceptibus
2657 2736 2720 2777 ac
2758 2724 3223 2792 cogitationibus:
3252 2744 3389 2798 pura
3428 2731 3667 2805 denique

412 2801 620 2869 ίστησιν
652 2798 731 2869 τῷ
758 2797 896 2869 Θεῷ.

2087 2805 2286 2871 oratio,
2317 2808 2421 2877 ipsi
2449 2811 2560 2865 Deo
2588 2826 2707 2866 eam
2736 2813 2976 2870 adhibet.

482 2898 585 2961 με’.
613 2891 679 2945 Ai
704 2891 801 2962 μὲν
823 2888 1038 2962 ἀρεταὶ,
1063 2888 1151 2943 διὰ
1170 2889 1269 2962 τήν
1297 2888 1499 2959 γνῶσιν
1525 2888 1635 2943 τῶν
1663 2888 1984 2958 γεγονότων·

2160 2896 2324 2968 “ﬁ.
2378 2900 2466 2953 45.
2503 2901 2779 2966 Virtutes,
2840 2913 3069 2974 propter
3117 2922 3303 2962 rerum
3356 2919 3664 2969 crcatarum

410 2984 443 3054 ή
492 2983 549 3035 δὲ
593 2983 817 3053 γνῶσις,
862 2982 949 3036 διὰ
988 2982 1081 3036 τὸν
1122 2980 1461 3051 γινώσκοντα
1488 2997 1502 3012 ’
1537 2984 1565 3035 6
1596 2981 1651 3035 δὲ
1674 2980 1979 3077 γινώσκων,
2013 3018 2040 3077 ί

2036 3018 2055 3076 3
2089 2987 2372 3042 scientiam
2414 2998 2568 3055 sunt;
2619 2992 2871 3054 scientia,
2912 3004 3137 3066 propter
3165 3014 3291 3054 eum
3324 3001 3418 3070 qui
3459 3003 3564 3058 scit
3602 3021 3666 3061 ac

409 3074 497 3129 διὰ
524 3075 618 3128 τὸν
657 3074 951 3143 ἀγνώστως
986 3074 1411 3146 γινωσκόμενον,
1459 3076 1552 3129 καὶ
1596 3074 1737 3145 ὑπὲρ
1784 3072 1983 3144 γνῶσιν
2023 3072 2039 3077 ’

2037 3072 2053 3076 ’γ
2089 3081 2370 3150 cognoscit
2410 3099 2422 3134 :
2466 3096 2803 3153 cognoscens
2848 3097 3031 3143 autem
3076 3105 3140 3144 ac
3184 3091 3396 3159 sciens,
3443 3106 3667 3165 propter

409 3165 762 3236 γινώσκοντα,
2086 3185 2210 3224 eum
2236 3173 2329 3242 qui
2352 3173 2533 3243 ignota
2562 3176 2771 3231 ratione
2792 3178 2964 3233 scitur
2986 3195 3049 3235 ac
3067 3186 3436 3252 cognoscitur,
3456 3187 3667 3258 scitque

2084 3278 2150 3318 ac
2181 3265 2459 3334 cognoscit
2491 3282 2654 3337 supra
2680 3284 2897 3325 omnem
2942 3272 3186 3330 scientiae
3229 3291 3292 3331 ac
3338 3280 3670 3348 cognitionis

2086 3354 2335 3409 modum.

484 3434 601 3499 μς’.
659 3428 771 3498 οὐχ
824 3427 901 3491 ὡς
939 3425 1338 3500 προσδεόμενός
1368 3442 1511 3490 τινος
1552 3426 1580 3479 6
1626 3424 1984 3497 ὑπερπλήρης

2156 3446 2245 3501 46.
2279 3447 2396 3501 Non
2427 3448 2581 3503 velut
2628 3448 2810 3519 aliquo
2850 3451 3121 3524 indigens,
3152 3457 3245 3526 qui
3291 3474 3456 3529 supra
3502 3477 3665 3531 quam

410 3518 559 3582 Θεὸς,
596 3520 919 3589 παρήγαγεν
958 3519 1037 3581 εἱς
1067 3516 1128 3570 τὸ
1162 3513 1300 3573 εἷναι
1322 3518 1393 3571 τὰ
1416 3518 1679 3587 γεγονότα
1711 3534 1724 3548 ο
1759 3517 1874 3570 ἀλλ’
1898 3518 1985 3570 ἵνα

2084 3536 2280 3605 plenus
2314 3548 2415 3605 est,
2457 3540 2617 3603 Deus,
2652 3557 2745 3597 res
2792 3544 3052 3611 produxit
3096 3556 3158 3604 ut
3202 3513 3419 3618 essenl;
3467 3513 3561 3609 se‘d
3609 3565 3667 3609 ut

410 3610 549 3663 αὐτὰ
586 3609 684 3679 μὲν
720 3609 884 3664 αὐτοῦ
910 3610 1188 3677 ἀναλόγως
1231 3609 1528 3679 μετέχοντα
1558 3608 1830 3680 ἀπολαύῃ,
1868 3608 1981 3707 [Fr-.

2084 3627 2215 3696 ipsa:
2248 3644 2349 3698 pro
2395 3645 2491 3683 sua
2535 3647 2766 3701 quaeque
2792 3608 3047 3701 _ratione,
3080 3608 3482 3708 participando,
3521 3643 3669 3699 illius

410 3701 721 3772 ἀπολαύσῃ]
772 3700 933 3763 αὐτὸς
965 3700 1023 3753 δὲ
1051 3699 1330 3771 εὐφρανϐᾔ
1361 3700 1455 3752 ἐπὶ
1477 3699 1589 3762 τοῖς
1611 3698 1793 3770 ἔργοις
1814 3697 1980 3799 αὐτοί)

2082 3697 2400 3772 fruerentur
2433 3697 2706 3787 bonitate;
2740 3697 3126 3796 laetareturque
3166 3697 3297 3797 ipse.
3320 3730 3375 3783 in
3405 3733 3669 3799 operibus

409 3796 548 3866 ὁρῶν
588 3794 728 3850 αὐτὰ
763 3793 1183 3864 εὐφραινόμενα,
1219 3794 1312 3847 καὶ
1352 3793 1442 3847 τὸν
1471 3793 1762 3863 ἀκόρεστον
1790 3789 1985 3861 ἀκορέ-

2082 3807 2198 3863 suis
2248 3808 2440 3863 videns
2481 3825 2545 3864 ea
2590 3811 2783 3887 laatari,
2834 3824 2890 3869 et
2940 3789 3236 3870 insatiabili
3281 3789 3667 3874 insatiabiliter

412 3905 551 3950 στως
584 3884 657 3958 (ο)
693 3886 782 3938 ἀεὶ
819 3884 1207 3956 κορεννύμενα.

922 3884 1042 3938 εννύ
1052 3902 1207 3955 μενα.
2084 3915 2303 3969 semper
2342 3900 2548 3956 satiari.

482 3980 588 4048 pC'.
617 3977 850 4040 Πολλοὺς
882 3976 993 4046 ἔχει
1020 3976 1047 4029 6
1081 3976 1283 4047 κόσμος
1310 3978 1556 4046 πτωχοὺς
1584 3977 1659 4049 τῷ
1691 3983 1982 4050 πνεύματι,

2153 3991 2241 4045 47.
2286 3992 2483 4047 Multos
2529 3995 2768 4049 mundus
2810 4012 3080 4066 pauperes
3108 3999 3304 4068 spiritu
3338 4000 3522 4066 habet,
3570 4003 3666 4057 scd

409 4071 545 4125 ἀλλὰ
600 4069 753 4140 παρὰ
784 4069 845 4122 τὸ
881 4069 1179 4139 προσῆκον.
1218 4069 1328 4122 Kal
1361 4069 1591 4134 πολλοὺς
1626 4072 1979 4143 πενθοῦντας,

2082 4089 2273 4136 contra
2308 4098 2472 4152 quam
2496 4083 2671 4139 decet.
2702 4085 2899 4142 Multos
2926 4104 3145 4157 quoque
3173 4090 3441 4161 lugentes,
3470 4090 3563 4145 sed
3595 4092 3666 4146 ob

410 4160 545 4215 ἀλλὰ
590 4161 678 4214 διὰ
732 4160 935 4231 ζημίας
983 4159 1304 4243 χρημάτων,
1346 4159 1379 4230 ἢ
1431 4157 1704 4227 ἀποϐολάς
1752 4165 1977 4220 τέκνων.

2082 4175 2442 4243 pecuniarum
2482 4177 2774 4245 jacturam,
2818 4180 2903 4233 vel
2939 4180 3292 4235 amissionem
3340 4182 3662 4237 liberorum.

411 4251 520 4304 Kal
546 4250 774 4313 πολλοὺς
808 4240 1024 4320 πραεῖς,
1054 4249 1189 4303 ἀλλὰ
1226 4251 1363 4319 πρὸς
1392 4251 1459 4305 τὰ
1488 4253 1777 4325 ἀκάθαρτα
1803 4257 1972 4329 πάθη.

2082 4240 2279 4319 lliultos
2306 4266 2436 4319 item
2467 4240 2646 4332 mites,
2672 4240 2769 4322 sed
2802 4269 3068 4324 adversus
3097 4271 3407 4328 immundos
3434 4273 3666 4329 allectus

412 4343 518 4396 Kal
545 4342 769 4405 πολλοὺς
801 4340 1100 4403 πεινῶντας
1128 4340 1225 4394 κα)⁸
1264 4340 1549 4412 διψῶντας,
1589 4346 1723 4403 ἀλλὰ
1765 4348 1826 4400 τὸ
1878 4351 1976 4422 ἁρ-
2009 4349 2042 4404 Ι]

2032 4350 2052 4403 )
2085 4370 2150 4409 ac
2193 4354 2470 4409 libidines.
2500 4354 2676 4410 Etiam
2707 4359 2909 4413 multos
2950 4361 3261 4417 esurientes
3305 4370 3361 4417 et
3390 4364 3662 4430 sitientes,

410 4431 601 4497 πάξειν
622 4431 691 4485 τὰ
721 4431 994 4500 ἀλλότρια,
1026 4428 1121 4483 καὶ
1153 4430 1458 4500 κερδαίνειν
1482 4432 1541 4496 ἐξ
1592 4436 1823 4499 ἀδικίας.
1869 4439 1978 4492 Καὶ

2085 4462 2278 4502 verum
2309 4458 2370 4501 ut
2404 4447 2583 4502 aliena
2618 4450 2854 4517 rapiant,
2885 4467 2949 4507 ac
2978 4452 3175 4523 injusta
3216 4455 3365 4510 lucra
3386 4444 3662 4526 quierant.

410 4524 638 4587 πολλοὺς
687 4523 1007 4594 ἐλεήμονας,
1061 4521 1196 4574 ἀλλὰ
1233 4522 1368 4592 πρὸς
1395 4523 1453 4576 τὸ
1484 4524 1642 4595 σῶμα
1666 4528 1755 4581 καὶ
1787 4531 1853 4583 τὰ
1879 4531 1972 4584 τοῦ

2086 4538 2193 4595 Sed
2226 4548 2282 4595 et
2326 4541 2528 4594 multos
2569 4541 2976 4609 misericordes,
3006 4561 3194 4599 verum
3228 4563 3354 4617 erga
3382 4564 3582 4617 corpus
3611 4556 3667 4603 et

410 4614 676 4685 σώματος.
711 4615 818 4668 Kal
854 4613 1128 4684 καθαροὺς
1169 4615 1235 4684 τῇ
1280 4614 1493 4685 καρδίᾳ,
1529 4616 1665 4669 ἀλλὰ
1702 4619 1789 4672 διὰ
1818 4637 1974 4673 κενο-

2083 4648 2146 4687 ea
2176 4647 2297 4702 qua:
2340 4632 2406 4686 ad
2450 4648 2652 4703 corpus
2685 4645 2949 4705 spectant.
2987 4637 3183 4693 Multos
3229 4640 3432 4693 mundo
3476 4641 3660 4704 corde,

405 4705 603 4771 δοξίαν.
643 4707 754 4761 Kal
780 4706 1177 4777 εἰρηνοποιοὺς,
1211 4704 1349 4758 ἀλλά
1381 4707 1478 4775 τὴν
1508 4706 1686 4777 ψυχὴν
1710 4712 1774 4781 τῇ
1808 4714 1973 4783 σαρκὶ

2080 4739 2274 4778 verum
2322 4723 2501 4778 inanis
2544 4726 2729 4795 gloriae
2762 4742 2944 4781 causa.
2997 4729 3191 4783 Multos
3234 4731 3521 4800 pacilicos,
3565 4731 3662 4787 scd

406 4795 832 4860 ὑποτάσσοντας.
863 4796 973 4849 Kal
1000 4796 1229 4857 πολλοὺς
1277 4796 1689 4867 δεδιωγμένους,
1734 4803 1848 4855 ἀλλ’
1899 4804 1974 4869 ὡς

2081 4814 2175 4885 qui
2202 4815 2354 4869 carni
2399 4816 2641 4871 animum
2686 4818 3000 4889 subjiciam.
3048 4821 3245 4876 Multos
3280 4824 3372 4892 qui
3402 4838 3660 4892 persecu-

405 4885 691 4949 ἀτάκτους.
728 4888 838 4941 Kal
873 4888 1099 4951 πολλοὺς
1133 4887 1577 4958 ὀνειδιζομένους,
1609 4891 1723 4945 ἀλλ’
1768 4897 1856 4948 ἐπ’
1894 4899 1977 4950 al-

2083 4906 2287 4961 tionem
2315 4908 2612 4976 patiantur.
2646 4910 2742 4963 sed
2781 4920 3034 4981 tanquam
3067 4912 3402 4984 immorigeri
3430 4923 3485 4969 et
3510 4915 3658 4969 inor-

406 4979 590 5047 σχροῖς
616 4979 999 5049 ἁμαρτήμασι·
1032 4979 1146 5033 ἀλλ’
1170 4980 1369 5032 ἐκεῖνοι
1389 4981 1537 5050 μόνοι
1560 4986 1818 5059 μακάριοι
1837 4988 1974 5062 (25),

2082 4993 2273 5049 dinati.
2321 4996 2519 5051 Multos
2558 4999 2648 5067 qui
2690 4979 2901 5069 probra
2940 5002 3247 5058 sustineant
3292 4979 3355 5058 ac
3394 5005 3655 5071 convitia,

476 5135 686 5231 Ws:
697 5134 1979 5231 39³1ἐέόεῗῗτοῖ.ἀὲ.ῗ)ρίίῖἷίθὲἓξρέητὲηάεέτθ
2078 5167 2106 5201 τ

2078 5167 2169 5231 ται
2199 5152 2225 5204 6
2262 5150 2348 5231 μὴ.
2367 5151 2527 5231 κόρον
2550 5152 2843 5231 λαμϐᾴνων
2860 5157 3033 5231 τινόςξ
3054 5152 3181 5211 οἷον.
3206 5159 3504 5226 ἀκόρεστος
3532 5180 3663 5231 χρη-

403 5205 1075 5302 ⁶⁰ιέ¹ἒέίὲ¹¹¹¹¹ἒηὲοίέιὲἱεε
1126 5209 1476 5302 “satillum
1510 5212 1811 5302 caltam
1862 5216 1982 5302 νίεο

2083 5205 2288 5302 μάτων,
2317 5205 2660 5302 Δᾷκιόρεστοςί
2684 5205 3044 5302 ήδονῆς.-κα“ι
3097 5205 3409 5297 ἀκόρεστος.
3466 5232 3493 5282 6

403 5276 684 5363 0.9!,20'”.
722 5275 973 5363 cod.anro
1007 5275 1125 5363 τῶν.
1155 5277 1492 5363 ἔχορὲρτων,
1520 5281 1817 5363 quod‘crat
1864 5286 1981 5363 (fdi-

2078 5275 2288 5363 τροφὴν
2309 5275 2617 5363 ἄπλὴστοςί
2633 5275 2723 5346 Αἰὶ
2746 5275 3211 5363 «ξι-ίέᾶνίνιίηιίιηιις.⁸
3229 5275 3421 5352 salia‘ri
3438 5275 3662 5356 insuti;-

405 5350 496 5430 tis.
525 5348 815 5437 Male‘vero
841 5344 1045 5414 Obsop.
1077 5354 1132 5399 cl
1153 5344 1813 5437 Gesn."acltixc'reddunt,
1841 5356 1981 5437 alter
2077 5344 2253 5437 bilitler
2316 5344 2726 5437 iitsaliabi'li_._nid
3074 5344 3316 5423 Deo‘:vin
3336 5386 3499 5437 quem
3532 5344 3657 5424 vch

401 5414 938 5499 etiamsolmc‘ismo,
978 5417 1609 5499 rerqmuinsatiabilium,
1639 5422 1779 5475 alter
1804 5414 1977 5499 paulo
2076 5430 2227 5482 nulla
2268 5431 2493 5485 satietas
2518 5414 3267 5499 cadit—isuilruilionefuti
3311 5414 3412 5493 οἷς
3476 5442 3529 5494 in
3561 5420 3658 5497 eos

406 5485 1333 5580 LaLtiniuerelzitsinsatiabilibus":
1368 5504 1476 5542 non
1522 5491 1669 5580 eni'm
1700 5485 1851 5561 quasi
1908 5497 1976 5576 de
2074 5499 2168 5566 qui
2218 5500 2338 5580 ejus
2386 5500 2607 5580 fruendi
2663 5485 2964 5580 participes
3032 5485 3179 5580 sunt,
3226 5509 3359 5577 quin
3401 5525 3653 5580 semper,

405 5558 571 5612 rebus
590 5554 920 5637 satiantibus
943 5569 1007 5608 ea
1039 5570 1144 5638 vos
1190 5556 1412 5638 dicitur,
1458 5559 1551 5638 sed
1592 5560 1663 5638 de
1704 5554 1971 5638 personis,
2072 5554 2137 5620 ac
2174 5554 2379 5637 quanta
2419 5554 3359 5638 :cternitarsﬁfes—t'fllcwatd“line“illo
3409 5554 3655 5638 [ἓὶἐῖξᾷδί

406 5642 527 5697 quae
559 5625 747 5683 satiari
773 5640 882 5680 non
915 5632 1165 5695 possunt.
1209 5626 1443 5683 Phavor.
1478 5625 1795 5701 Ἀκόρεστος
1817 5625 1972 5702 λέγεὲ
2070 5638 2192 5691 lint.
