4128 6210
475 228 603 294 1031

1627 233 1686 293 S.
1730 230 2017 291 MAXIMI
2058 227 2567 291 CONFESSORIS

3590 222 3730 288 1032

468 341 566 396 sed
605 342 677 397 ob
720 343 922 414 turpia,
957 358 1079 413 quae
1123 349 1361 412 patrant.
1393 341 1595 398 Verum
1635 342 1671 396 ii
1708 341 2054 398 solummodo

2156 343 2205 394 οἱ
2245 340 2335 396 διὰ
2363 339 2599 413 Χριστὸν
2629 338 2721 393 καὶ
2745 337 2888 393 κατά
2910 337 3148 409 Χριστὸν
3172 335 3347 390 ταῦτα
3383 329 3487 389 καῖ
3508 336 3729 390 ποιοῦν-

468 433 638 498 beati,
674 434 768 504 qui
811 442 1036 505 propter
1073 432 1353 488 Christum
1387 448 1451 488 ac
1492 432 1802 488 Christiana
1846 432 2048 502 pietate

468 526 587 583 haec
632 534 686 581 et
725 526 934 581 faciunt
977 530 1035 580 et
1067 524 1370 595 patiuntur.
1403 524 1675 592 Quorsum
1707 524 1875 579 vero?
1910 522 2052 589 Quo—

471 621 618 674 niam
658 620 895 690 ipsorum
944 626 1021 671 est
1054 632 1273 689 regnum
1319 616 1589 683 calorum,
1636 626 1714 681 et,
1767 615 1903 682 Quia
1949 618 2052 688 ipsi

470 711 634 765 Deum
666 710 911 764 videbunt
942 707 1009 775 ⁸⁸,
1043 717 1149 765 etc.
1176 709 1384 779 Itaque,
1410 724 1520 763 non
1547 709 1675 779 quia
1699 708 1816 763 hazc
1845 707 2053 764 faciunt

471 815 535 855 ac
567 799 871 868 patiuntur,
915 806 1041 853 sunt
1072 798 1217 853 beati
1256 798 1401 870 (cum
1430 806 1486 853 et
1521 798 1559 852 ii
1599 814 1739 869 quos
1774 798 2048 862 dicebam,

474 890 711 961 idipsum
756 888 1015 959 faciant),
1052 888 1148 944 sed
1197 888 1343 959 quod
1388 896 1613 958 propter
1655 887 1936 943 Christum
1989 902 2053 941 ac

472 979 783 1036 Christiana
809 979 1032 1050 pietate,
1063 979 1181 1034 haec
1203 988 1259 1034 et
1286 977 1494 1033 faciunt
1518 985 1574 1034 et
1597 979 1904 1049 patiuntur.

546 1072 636 1127 48.
683 1072 742 1126 1η
772 1071 1029 1126 omnibus
1069 1086 1192 1140 quae
1220 1085 1250 1124 a
1282 1070 1442 1125 nobis
1484 1078 1740 1142 aguntur,
1774 1069 1900 1126 finis
1940 1072 2054 1127 Deo

476 1161 821 1232 exquiritur,
878 1168 940 1214 ut
986 1163 1184 1231 saepius
1237 1161 1447 1216 dictum
1493 1170 1609 1229 est;
1658 1162 1774 1217 sive
1828 1173 2055 1233 propter

477 1254 677 1323 ipsum,
708 1252 824 1306 sive
861 1250 1086 1306 alterius
1118 1251 1438 1323 cujusquam
1474 1253 1647 1322 gratia
1690 1266 1933 1323 agamus.
1974 1250 2056 1306 Ne

478 1344 645 1415 igitur
670 1360 796 1398 cum
841 1344 971 1399 boni
1006 1343 1216 1413 aliquid
1247 1359 1408 1415 agere
1444 1345 1501 1398 in
1545 1344 1790 1399 animum
1820 1343 2055 1398 induxe-

477 1435 670 1504 rimus,
701 1436 999 1490 humanum
1040 1434 1282 1490 favorem
1308 1449 1373 1489 ac
1404 1451 1596 1490 auram
1621 1446 1924 1506 captemus,
1960 1435 2058 1491 sed

476 1527 649 1582 Deum
688 1527 851 1583 nobis
889 1529 1051 1582 finem
1080 1542 1483 1598 proponamus;
1518 1537 1577 1583 ut
1604 1528 1658 1582 in
1690 1544 1814 1584 eum
1843 1544 2059 1600 semper

477 1619 825 1687 aSpicientes,
866 1627 1094 1689 propter
1141 1617 1323 1688 ipsum
1370 1620 1557 1673 omnia
1604 1634 1849 1689 agamus,
1898 1634 1967 1673 ne
2003 1628 2059 1672 et

478 1710 723 1764 laborem
748 1711 1137 1772 sustineamus,
1164 1718 1220 1764 et
1242 1709 1552 1765 mercedem
1580 1708 1913 1765 amittamus.

551 1802 638 1856 49.
666 1801 852 1856 Nudas
880 1802 1026 1871 ipsas
1058 1801 1421 1855 humanarum
1467 1817 1653 1857 rerum
1701 1816 1765 1856 ac
1806 1803 2056 1873 negotio-

480 1907 603 1946 rum
651 1892 1031 1963 cogitationes,
1078 1908 1375 1967 rerumque
1419 1893 1667 1948 omnium
1711 1894 2057 1950 conditarum

479 1980 963 2049 considerationes,
995 1984 1170 2056 abjice
1198 1985 1384 2040 animo
1412 1999 1537 2040 cum
1563 1986 1823 2055 precibus
1847 1987 1954 2042 erit
1976 1987 2060 2043 in-

478 2075 881 2143 cumbendum;
911 2092 981 2132 ne
1007 2076 1148 2132 forte
1174 2079 1420 2148 cogitans
1448 2094 1571 2148 quae
1596 2078 1870 2134 deteriora
1906 2089 2056 2147 sunt,

477 2167 594 2237 ejus
620 2167 713 2237 qui
757 2168 922 2223 rebus
948 2168 1206 2223 omnibus
1247 2168 1386 2224 citra
1432 2184 1653 2225 omnem
1694 2170 2061 2242 comparatio-

479 2274 603 2314 nem
642 2267 882 2329 praestat,
905 2261 1176 2332 jacturam
1200 2261 1419 2317 feceris.

546 2349 707 2421 E35
757 2351 844 2407 50.
878 2351 936 2407 Si
968 2368 1099 2408 vere
1129 2368 1195 2407 ex
1223 2353 1409 2407 animo
1450 2353 1621 2408 Deum
1666 2353 2054 2419 dilexerimus,

480 2440 766 2511 ipsiusmet
790 2442 1079 2498 charitatis
1100 2444 1154 2498 vi
1196 2443 1459 2500 libidines
1494 2450 1658 2514 atque
1699 2444 1931 2501 affectus
1963 2446 2061 2501 de-

479 2532 763 2602 pellemus.
794 2534 891 2588 Dei
922 2542 1106 2588 autem
1141 2535 1382 2591 charitas
1412 2535 1470 2589 in
1512 2551 1579 2591 eo
1620 2546 1725 2602 est,
1775 2544 1834 2591 ut
1878 2536 2057 2606 ipsum

479 2626 705 2687 mundo,
740 2633 796 2680 et
842 2641 1080 2681 animam
1122 2637 1273 2681 carm
1307 2626 1694 2697 praeferamus;
1740 2644 1804 2683 ea
1851 2629 2060 2684 scilicet

476 2717 690 2770 ratione
720 2717 866 2786 quod
896 2717 1095 2786 spretis
1124 2716 1476 2772 saecularibus
1500 2717 1753 2788 negotiis,
1777 2718 1827 2773 ei
1852 2719 2059 2789 jugiter
2123 2768 2130 2775 .

479 2821 577 2877 per
607 2806 1003 2862 continentiam
1052 2817 1108 2864 et
1156 2808 1478 2863 charitatem
1531 2817 1587 2863 et
1631 2809 1959 2878 orationem,
2003 2818 2059 2865 et

479 2897 718 2969 psalmos
738 2898 1103 2960 concinendo,
1129 2914 1191 2952 ac
1216 2897 1447 2967 reliqua,
1480 2913 1756 2953 vacemus.

549 2989 637 3043 51.
686 2988 792 3045 Ubi
841 2988 936 3043 diu
989 2990 1333 3058 multumque
1384 2989 1498 3043 Deo
1545 3001 1834 3055 vacantes,
1886 2992 2058 3062 partis

2150 452 2241 498 τες
2292 434 2387 489 καὶ
2436 435 2757 504 πάσχοντες.
2813 432 2966 489 Διατί
2987 448 3005 498 ;
3058 433 3181 484 Ὀτι
3221 429 3423 484 αὐτῶν
3460 430 3633 484 ἐστιν
3691 432 3730 499 ὴ

2146 523 2439 588 ,βασιλεία
2479 521 2600 575 τῶν
2661 520 2958 589 οὐρανῶντ
3026 518 3146 583 καὶ,
3194 517 3373 573 Αὐτοὶ
3421 516 3526 572 τὸν
3580 518 3734 573 Θεὸν

2153 612 2430 683 ὄψονται,
2464 613 2562 668 καὶ
2590 611 2658 667 τά
2685 612 2833 683 ἑξῆς.
2869 611 3054 675 Ὠστε,
3082 609 3183 680 οὐχ
3202 610 3287 663 ὅτι
3320 607 3534 663 ποιοῦσι
3561 609 3735 664 ταῦτα

2153 705 2249 758 καὶ
2280 704 2577 775 πάσχουσι,
2616 702 2725 756 εἰσὶ
2759 702 3023 773 μακάριοι
3047 716 3063 731 ο
3103 699 3198 753 καὶ
3235 698 3345 769 γὰρ
3377 700 3426 752 oi
3465 715 3735 769 προειρη-

2158 797 2309 869 μένοι
2352 796 2413 855 τὸ
2454 796 2588 851 αὐτὸ
2623 795 2871 850 ποιοῦσιν
2897 812 2912 826 ·
2960 793 3076 847 ἀλλ’
3103 793 3186 847 ὅτι
3216 792 3309 848 διά
3357 790 3599 862 Χριστὸν
3638 790 3736 844 καὶ

2153 889 2297 944 κατὰ
2328 890 2564 962 Χριστὸν
2584 889 2761 943 ταῦτα
2802 888 2897 942 καὶ
2930 885 3148 940 ποιοῦσι
3176 884 3273 941 καὶ⁵
3295 885 3588 956 πάσχουσι.

2230 1055 2342 1121 μη’.
2397 1048 2485 1100 Ἐν
2525 1048 2661 1101 πᾶσι
2702 1048 2815 1107 τοῖς
2869 1041 2959 1113 ὑφ’
3010 1041 3170 1114 ἡμῶν
3232 1040 3650 1112 πραττομένοις,
3704 1040 3734 1092 ό

2158 1139 2358 1203 σκοπὸς
2386 1136 2627 1210 ζητεῖται
2653 1134 2803 1206 παρά
2819 1133 2935 1205 Θεῷ
2955 1134 3090 1203 (26),
3110 1132 3187 1196 ὡς
3215 1130 3474 1192 πολλάκις
3498 1129 3733 1199 εἴρηται·

2158 1232 2269 1286 εἴτε
2331 1232 2399 1286 δι’
2451 1230 2638 1294 αὐτὸν,
2694 1230 2803 1282 εἴτε
2840 1226 2909 1280 δι’
2955 1225 3083 1281 ἄλλο
3107 1243 3160 1278 τι
3191 1224 3528 1294 πράττομεν.
3567 1222 3737 1274 Ὅταν

2153 1320 2252 1378 οὖν
2292 1339 2351 1376 τι
2398 1321 2643 1391 θέλωμεν
2696 1317 2902 1390 πρᾶξαι
2936 1314 3165 1384 ἀγαθὸν,
3202 1313 3278 1385 μὴ
3320 1312 3420 1381 τὴν
3481 1310 3738 1379 ἀνθρωπ-

2110 1408 2111 1411 “
2157 1414 2449 1486 ἀρέσκειαν
2471 1452 2485 1477 ,
2512 1410 2651 1465 ἀλλά
2685 1409 2776 1463 τὸν
2806 1407 2938 1461 Θεὸν
2989 1405 3208 1476 σχῶμεν
3231 1402 3431 1456 σκοπόν
3461 1416 3477 1433 ⁸
3517 1400 3604 1453 ἵνα
3656 1401 3738 1463 είς

2159 1507 2323 1563 αὐτὸν
2349 1506 2436 1560 ἀεὶ
2466 1501 2919 1571 ἀποϐλεπόμενοι,
2942 1498 3011 1551 δι’
3031 1497 3198 1550 αὑτὸν
3217 1495 3396 1550 πάντα
3413 1491 3733 1563 πράξωμεν·

2159 1600 2249 1654 ἵνα
2280 1598 2354 1670 μή
2382 1598 2474 1651 καὶ
2504 1595 2596 1649 τὸν
2621 1593 2788 1647 τόπον
2814 1590 3195 1663 ὑπομένωμεν,
3254 1586 3348 1640 καὶ
3397 1585 3492 1639 τὸν
3545 1583 3737 1655 μισθὸν

2090 1700 2132 1755 Β
2159 1690 2532 1761 ἀπολέσωμεν.
2576 1740 2579 1743 λ

2235 1784 2343 1855 μθ’.
2378 1783 2488 1836 Καὶ
2520 1780 2587 1835 τά
2635 1778 2766 1850 ψιλά
2823 1776 2935 1830 τῶν
2992 1771 3349 1845 ἀνθρωπίνων
3393 1767 3738 1841 πραγμάτων

2161 1877 2430 1947 νοήματα,
2453 1873 2550 1927 καὶ
2578 1872 2646 1925 τά
2668 1870 2883 1924 πάντων
2910 1866 3020 1920 τῶν
3051 1862 3355 1935 γεγονότων
3381 1862 3738 1932 θεωρήματα,

2160 1966 2401 2022 ἀπόϐαλε
2440 1963 2536 2019 τοῦ
2583 1964 2704 2029 νοὸς
2731 1964 2792 2017 ὲν
2817 1961 2896 2032 τῷ
2932 1958 3114 2031 καιρῷ
3134 1959 3236 2028 τῆς
3263 1953 3576 2027 προσευχῆς
3599 1967 3614 1983 ο
3649 1952 3741 2006 ινα

2163 2059 2239 2129 μὴ
2257 2058 2326 2112 τά
2368 2058 2567 2129 ἥττονα
2607 2051 3033 2123 φανταζόμενος,
3065 2048 3161 2103 τοῦ
3192 2049 3413 2104 πάντων
3429 2045 3542 2099 τῶν
3566 2044 3739 2099 ὄντων

2161 2149 2507 2219 ἀσυγκρίτως
2541 2146 2849 2218 κρείττονος
2882 2142 3145 2212 ὲκπέσης.
3538 2148 3544 2152 “

2230 2344 2292 2391 ν’.
2337 2336 2463 2388 Ἐὰν
2488 2332 2578 2385 τὸν
2602 2329 2734 2384 Θεὸν
2767 2324 3004 2396 γνησίως
3032 2320 3431 2393 ἀγαπήσωμεν,
3460 2318 3528 2373 δι’
3565 2318 3742 2389 αὐτῆς

2159 2429 2257 2498 τῆς
2279 2426 2500 2494 ἀγάπης
2526 2421 2593 2475 τά
2623 2419 2770 2488 πάθη
2804 2414 3203 2482 ἀποϐάλλομεν.
3255 2412 3318 2464 Ἥ
3360 2411 3417 2463 δὲ
3449 2412 3530 2473 είς
3576 2409 3742 2463 αὑτὸν

2161 2520 2347 2590 ἀγάπη
2379 2514 2517 2579 ἐστὶ,
2546 2512 2610 2566 τδ
2638 2509 2908 2588 προτιμᾷν
2940 2505 3101 2560 αὐτὸν
3127 2503 3221 2557 τοῦ
3249 2503 3478 2573 κόσμου,
3512 2503 3608 2556 καὶ
3635 2500 3741 2574 τὴν

2159 2610 2336 2681 ψυχὴν
2363 2606 2466 2677 τῆς
2497 2602 2699 2676 σαρκός
2719 2618 2733 2633 ⁸
2781 2601 2840 2653 ὲν
2877 2597 2955 2681 τῷ
2984 2594 3096 2651 τῶν
3125 2592 3405 2665 κοσμικῶν
3439 2592 3539 2663 μὲν
3563 2608 3737 2646 κατα-

2161 2677 2377 2774 φώνείν
2409 2694 2772 2770 πραγμάτων,
2809 2677 2955 2761 αὐτῷ
2992 2688 3048 2742 δὲ
3080 2685 3362 2758 σχολάζειν
3397 2683 3487 2738 διά
3511 2682 3739 2750 παντὸς,

2159 2795 2248 2849 διά
2293 2811 2355 2845 τε
2390 2788 2716 2862 ἐγκρατείας
2765 2784 2860 2837 καὶ
2903 2781 3125 2851 ἀγάπης
3156 2780 3251 2834 καὶ
3295 2776 3605 2849 προσευχῆς
3640 2774 3741 2830 καὶ⁵

2158 2874 2495 2956 ψαλμῳδίας,
2526 2877 2753 2934 καὶτῶν
2786 2874 2933 2946 ἑξῆς.

2231 2983 2331 3034 ναν.
2375 2976 2500 3030 Ἐὰν
2533 2972 2883 3044 σχολάζοντες
2911 2965 2990 3037 τῷ
3023 2965 3144 3036 Θεῷ
3178 2963 3356 3035 χρόνῳ
3404 2959 3602 3031 πολλῷ,
3637 2959 3740 3016 τοῦ

479 3080 674 3134 anima:
724 3079 1013 3134 affectibus
1058 3081 1310 3136 obnoxia:
1357 3096 1546 3135 curam
1592 3083 1897 3152 egerimus,
1946 3097 2056 3137 non

2161 3068 2463 3143 παθητικοῦ
2492 3068 2693 3139 μέρους
2725 3066 2826 3135 τῆς
2862 3060 3044 3133 ψυχῆς
3078 3055 3485 3152 ἐπιμελώμεθα,
3516 3055 3617 3152 οὐκ
3653 3052 3740 3107 ἔτι

479 3171 711 3241 amplius
766 3171 835 3226 ad
880 3171 1273 3241 cogitationum
1336 3170 1575 3226 insultus
1626 3172 1992 3243 impingemus
2039 3192 2053 3228 :

479 3263 613 3332 quin
645 3271 702 3319 et
729 3262 988 3320 solertius
1021 3276 1214 3317 earum
1246 3261 1505 3333 dispectis
1534 3278 1597 3317 ac
1628 3264 1828 3319 excisis
1853 3265 2055 3330 causis,

480 3354 911 3423 perspicaciores
934 3351 1263 3419 evademus,
1292 3362 1353 3408 ut
1376 3355 1487 3425 jam
1519 3353 1577 3408 in
1603 3354 1763 3409 nobis
1792 3354 1928 3410 illud
1960 3357 2060 3412 im-

480 3445 695 3515 pleatur
738 3462 752 3498 :
794 3444 865 3499 Et
898 3445 1131 3516 despexit
1172 3445 1353 3500 oculus
1382 3462 1529 3501 meus
1562 3447 1618 3500 in
1659 3447 1881 3503 inimicis
1909 3450 2056 3516 meis,

480 3544 531 3589 et
557 3537 613 3589 in
634 3536 1020 3608 insurgentibus
1050 3539 1108 3593 in
1138 3555 1220 3593 me
1252 3536 1669 3612 malignantibus
1702 3539 1881 3593 audiet
1914 3542 2060 3596 auris

482 3643 596 3682 mea
622 3630 689 3684 “.

549 3827 637 3882 5‘2.
667 3826 807 3882 Cum
847 3835 1088 3884 mentem
1121 3835 1272 3883 tuam
1301 3826 1390 3897 pie
1421 3843 1485 3883 ac
1529 3830 1672 3901 iuste
1703 3834 1936 3902 versari,
1966 3851 2061 3891 co-

479 3919 702 3989 gitando
726 3934 791 3974 ea
832 3935 954 3990 quae
997 3927 1127 3977 sunt
1158 3919 1372 3987 mundi,
1402 3920 1627 3988 videris,
1653 3923 1820 3979 etiam
1856 3940 2060 3998 corpus

439 4027 451 4037 ·
480 4020 635 4066 tuum
663 4026 863 4081 purum
910 4018 967 4066 et
997 4026 1029 4065 a
1059 4018 1284 4081 peccato
1331 4010 1576 4068 immune
1623 4013 1763 4070 scito
1796 4031 2057 4086 perseve-

476 4109 725 4157 raturum
775 4118 789 4154 :
837 4115 963 4156 cum
1005 4110 1190 4155 autem
1239 4100 1532 4172 cogitando
1576 4104 1819 4171 peccatis
1862 4122 2060 4164 vacare

482 4191 701 4259 videris,
727 4206 831 4248 nec
866 4190 1192 4257 inhibueris,
1223 4191 1362 4248 scito
1388 4191 1506 4247 fore
1537 4200 1597 4249 ut
1624 4201 1682 4250 et
1712 4209 1914 4267 corpus
1944 4213 2058 4263 non

476 4283 572 4339 diu
603 4290 819 4337 maneat
845 4281 979 4352 quin
1010 4283 1068 4336 in
1095 4297 1160 4336 ea
1191 4281 1427 4337 labatur.

547 4466 635 4520 55.
667 4461 1137 4530 Quemadmodum
1171 4476 1389 4531 corpus,
1431 4463 1696 4517 mundum
1731 4479 1820 4519 res
1853 4464 2050 4532 habet;

478 4556 552 4613 ita
579 4568 636 4612 et
667 4556 904 4621 animus,
939 4552 1203 4607 mundum
1236 4552 1403 4607 habet
1449 4553 1805 4625 cogitationes
1851 4570 1915 4611 ac
1961 4571 2051 4612 re-

476 4665 596 4703 rum
621 4662 780 4703 sensa
806 4664 819 4700 :
849 4661 913 4701 ac
941 4644 1084 4699 sicut
1116 4657 1317 4712 corpus
1347 4650 1619 4697 scortatur
1650 4658 1776 4699 cum
1807 4644 2055 4701 mulieris

475 4756 725 4812 corpore,
750 4738 830 4795 sic
856 4746 911 4793 et
939 4737 1157 4791 animus
1176 4751 1300 4789 cum
1325 4735 1572 4789 mulieris
1593 4736 1827 4807 cogitata
1855 4736 2051 4804 forma,

476 4844 576 4898 per
630 4826 717 4881 sui
780 4824 1027 4896 corporis
1088 4823 1381 4893 cogitatam
1435 4818 1667 4877 formam
1730 4822 2051 4879 fornicatur.

474 4918 651 4973 Mente
685 4916 833 4971 enim
882 4924 938 4969 et
972 4912 1293 4986 cogitando,
1350 4911 1600 4983 corporis
1654 4913 1737 4967 sui
1781 4913 2045 4979 formam,

474 5024 599 5064 cum
647 5008 895 5063 mulieris
944 5006 1118 5061 forma
1168 5005 1319 5059 videt
1368 5003 1736 5059 commisceri.
1787 5003 2050 5062 Similiter

473 5115 639 5171 etiam
667 5113 874 5168 inimici
905 5112 1134 5167 formam
1161 5109 1362 5164 mentis
1381 5108 1710 5179 cogitatione
1734 5109 2046 5176 ulciscitur;

475 5225 538 5265 ac
563 5208 791 5280 perinde
823 5208 877 5262 in
916 5205 1147 5275 reliquis
1189 5202 1450 5275 peccatis.
1497 5201 1626 5269 Quae
1669 5203 1817 5258 enim
1852 5217 2053 5272 corpus

477 5301 534 5357 in
563 5308 711 5366 actu,
740 5298 966 5370 ipsoque
999 5310 1163 5366 opere
1196 5294 1251 5348 in
1288 5308 1473 5347 rerum
1507 5293 1712 5349 mundo
1754 5293 1905 5357 facit,
1937 5293 2056 5348 haec

474 5401 533 5451 et
582 5392 800 5447 animus
848 5389 905 5443 in
956 5402 1058 5442 suo
1098 5386 1371 5441 rationum
1405 5382 1612 5437 mundo
1662 5400 1727 5439 ac
1770 5383 2056 5453 cogitatio-

477 5495 631 5536 num.

550 5666 596 5699 "
621 5665 813 5722 Matth.
839 5682 894 5730 v,
924 5665 959 5718 5
982 5678 1135 5730 seqq.
1211 5660 1257 5691 ἰ
1292 5656 1435 5711 Psal.
1472 5671 1575 5718 χοι,
1610 5658 1695 5711 12.

2159 3168 2297 3241 πρὸς
2353 3166 2451 3230 τὰς
2488 3163 2599 3218 τῶν
2654 3158 2930 3230 λογισμῶν
2987 3152 3293 3225 προσϐολὰς
3350 3149 3700 3241 ὲξοκείλομεᾉν
3720 3158 3739 3178 ⁶

2158 3237 2293 3315 ἀλλά
2321 3258 2415 3312 καὶ
2441 3254 2836 3328 ἀκριϐέστερον
2863 3248 2961 3313 τὰς
2982 3246 3188 3300 τούτων
3219 3241 3394 3305 αἰτίας
3411 3237 3743 3294 κατανοοῦν-

2156 3371 2248 3416 τες
2277 3352 2371 3406 καὶ
2400 3350 2777 3411 ἐκκόπτοντες,
2794 3339 3243 3415 διορατικώτεροι
3263 3333 3526 3406 γινόμεθα
3545 3346 3561 3361 ⁸
3593 3331 3740 3386 ὥστε

2158 3439 2514 3513 πληρωθῆναι
2542 3438 2621 3501 εἰς
2650 3436 2796 3507 ἡμᾶς
2824 3433 2886 3487 τὸ
2905 3471 2923 3500 ,
2954 3429 3067 3487 Καὶ
3111 3425 3350 3483 ἐπεῖδεν
3378 3428 3411 3480 ό
3428 3423 3742 3493 ὀφθαλμός

2201 3714 2269 3773 ὗς
2310 3735 2446 3773 μου.

2156 3735 2559 3881 ουξβέωῗὸταν
2610 3802 2815 3874 βλέπῃς
2876 3798 2968 3853 τὸν
3013 3796 3137 3851 νοῦν
3195 3812 3289 3849 σου
3360 3789 3600 3853 εὐσεϐῶς
3640 3787 3740 3841 καὶ

2156 3901 2381 3963 δικαίως
2410 3893 2885 3966 ἀναστρεφόμενον
2901 3893 2960 3944 έν
2984 3892 3096 3952 τοῖς
3122 3886 3217 3941 τοῦ
3248 3885 3456 3955 κόσμου
3474 3883 3737 3953 νοήμασι,

2156 3994 2390 4065 γίνωσκε
2424 3990 2517 4045 καὶ
2543 3987 2607 4041 τὸ
2636 3985 2794 4057 σῶμά
2835 4000 2929 4038 σου
2957 3979 3196 4052 καθαρὸν
3220 3978 3314 4032 καὶ
3340 3974 3738 4045 ,ἀναμάρτητον

2156 4084 2431 4154 διαμένειν
2454 4098 2469 4112 ο
2514 4081 2643 4134 ὅταν
2678 4077 2733 4130 δὲ
2764 4077 2855 4131 τὸν
2884 4074 3007 4128 νοῦν
3051 4072 3253 4144 βλέπῃς
3305 4067 3447 4121 κατὰ
3493 4066 3739 4119 διάνοιαν

2155 4179 2452 4253 ἁμαρτίαις
2483 4174 2833 4248 σχολάζοντα,
2874 4171 2968 4226 καὶ
3023 4169 3096 4240 μὴ
3135 4166 3468 4236 ἀνακόπτῃς,
3496 4159 3735 4253 γίνωσκε

2158 4251 2253 4329 καὶ
2282 4251 2351 4326 »τὸ
2379 4269 2539 4341 σῶμά
2565 4285 2660 4321 σου
2705 4264 2783 4337 μὴ
2820 4259 3230 4333 πολυχρονίζειν
3267 4254 3362 4310 τοῦ
3398 4256 3510 4316 τοῖς
3547 4251 3737 4314 αὐτοῖς

2084 4394 2127 4449 D
2158 4366 2493 4438 περιπεσεῖν.

2227 4434 2328 4527 νγν.
2367 4456 2580 4522 ’Ὠσπερ
2617 4450 2678 4504 τὸ
2717 4448 2876 4518 σῶμα
2904 4445 3012 4516 ἔχει
3044 4442 3247 4511 κόσμον
3292 4434 3363 4491 τὰ
3406 4436 3731 4507 πράγματα,

2153 4552 2296 4607 οὕτω
2324 4549 2417 4603 καὶ
2446 4548 2474 4599 6
2498 4545 2620 4609 νοῦς
2642 4543 2754 4613 ἔχει
2784 4540 2986 4608 κόσμον
3020 4536 3090 4589 τὰ
3113 4534 3360 4603 νοήματα
3380 4546 3394 4561 ⁸
3429 4529 3521 4582 καὶ
3541 4527 3734 4596 ὥσπερ

2153 4645 2214 4699 τὸ
2248 4642 2407 4711 σῶμα
2442 4635 2764 4708 πορνεύεται
2803 4628 2942 4703 μετὰ
2966 4626 3061 4680 τοῦ
3102 4623 3350 4695 σώματος
3391 4622 3492 4711 τῆς
3534 4634 3729 4711 γυναι-

2156 4736 2272 4799 κὸς,
2305 4710 2448 4786 οῦτω
2474 4727 2569 4782 καὶ
2598 4727 2627 4779 6
2673 4722 2799 4788 νοῦς
2847 4717 3103 4790 πορνεύει
3143 4714 3283 4787 μετά
3325 4710 3418 4764 τοῦ
3460 4710 3729 4779 νοήματος

2155 4829 2254 4898 τῆς
2287 4820 2567 4894 γυναικὸς,
2595 4818 2685 4872 διά
2713 4816 2810 4886 τῆς
2838 4809 3139 4883 φαντασίας
3163 4804 3258 4858 τοῦ
3291 4803 3421 4898 ίόᾳίου
3455 4800 3721 4871 σώματος.

2156 4893 2267 4990 Τήν
2288 4916 2397 4991 γὰρ
2440 4911 2652 4985 μορφὴν
2689 4907 2785 4961 τοῦ
2841 4905 2974 4960 ἰδίου
3009 4900 3261 4991 σώματος
3301 4893 3494 4991 βλέπει
3535 4906 3722 4991 μιγνυ-

2161 4984 2327 5083 μένην
2359 4984 2494 5079 μετά
2513 5005 2611 5075 τῆς
2647 5000 2859 5073 μορφῆς
2885 4997 2988 5067 τῆς
3007 4990 3266 5083 γυναικός
3290 4984 3431 5042 κατά
3468 4984 3716 5083 ϐιάνοιαν.

2167 5073 2441 5163 ιΩσαὺτως
2475 5073 2577 5151 καὶ.
2597 5094 2695 5165 τὴν
2722 5090 2936 5163 μορφὴν
2970 5084 3067 5139 τοῦ
3095 5082 3439 5152 λυπήσαντος
3462 5073 3715 5165 ἀμύνεται

2158 5193 2298 5251 κατὰ
2323 5191 2582 5252 διάνοιαν,
2611 5164 2700 5240 διὰ
2737 5183 2835 5254 τῆς
2885 5175 3102 5250 μορφῆς
3144 5171 3244 5225 τοῦ
3294 5168 3425 5221 ἰδίου
3458 5164 3711 5254 σώματος.

2152 5247 2261 5338 lia).
2287 5279 2500 5336 ἐπὶτῶν
2538 5247 2712 5332 ἄλλων
2742 5247 3155 5343 ἁμαρτημάτων
3181 5261 3402 5333 ὁμοίως.
3425 5258 3602 5323 Ἀπερ
3620 5247 3713 5317 γὰρ

2155 5373 2384 5442 πράττει
2428 5369 2490 5422 τὸ
2539 5367 2699 5436 σῶμα
2758 5361 2878 5419 κατ’
2921 5359 3200 5429 ἐνέργειαν
3245 5354 3329 5415 είς
3380 5349 3471 5442 τὸν
3529 5344 3716 5442 κόσμον

2155 5435 2516 5535 πραγμάτων,
2550 5435 2720 5512 ταῦτα
2750 5453 2980 5527 πράττει
3005 5451 3097 5504 καὶ
3122 5449 3151 5501 6
3173 5443 3298 5509 νοῦς
3325 5445 3404 5507 εἰς
3422 5440 3511 5495 τὸν
3530 5435 3723 5503 κόσμον

2156 5557 2265 5609 τῶν
2299 5554 2586 5624 νοημάτων
2604 5592 2620 5604 .
