4128 6210
418 232 551 301 1033

1268 240 1600 301 CAPITUM
1639 239 1734 298 DE
1771 234 2205 297 CHARITATE
2240 234 2626 295 CENTURIA
2664 233 2777 296 ΙΙΙ.

3525 229 3659 293 1034

482 348 575 403 νδ’.
606 347 720 402 Οὐκ
748 348 866 402 ἔστι
893 348 1079 420 φρῖξαι
1116 351 1209 404 καὶ
1230 353 1570 422 ἐκπλαγῆναι
1602 355 1696 406 καὶ
1724 354 1979 423 ἐκστῆναι

2154 352 2241 406 54.
2270 351 2388 406 Non
2418 348 2775 411 horrendum,
2809 363 2871 401 ac
2907 346 3051 417 quod
3084 353 3419 415 stupeamus,
3450 358 3660 403 mente-

410 439 478 506 τῇ
506 437 735 508 διανοίᾳ,
776 440 857 491 ὅτι
882 440 911 491 6
942 439 1043 509 μὲν
1062 440 1193 502 Θεὸς
1226 443 1319 494 καὶ
1355 442 1542 511 Πατὴρ
1566 442 1741 511 κρίνει
1768 440 1978 504 οὐδένα,

412 530 595 581 πᾶσαν
629 528 685 582 δὲ
708 518 808 599 τὴν
845 530 1026 599 κρίσιν
1053 530 1249 585 δέδωκε
1278 532 1356 601 τῷ
1383 532 1496 603 Υἰῷ
1515 548 1530 564 ·
1551 535 1579 586 ὁ
1600 533 1658 585 δὲ
1693 533 1819 595 Υἱὸς
1848 531 1983 601 κρά-

411 617 528 683 ζει·
555 618 654 686 Μὴ
684 620 933 687 κρίνετε,
968 621 1068 675 ἵνα
1104 621 1191 690 μὴ
1223 622 1492 692 κριθῆτε·
1530 623 1625 691 Μὴ
1668 620 1981 676 καταδικά-

413 709 555 774 ζετε,
612 710 712 765 ἵνα
746 711 833 779 μὴ
884 712 1385 781 καταδικασθῆτε.
1451 715 1506 766 '0
1536 712 1591 766 δὲ
1665 711 1984 775 Ἀπόστολος

414 802 615 870 ὁμοίως
638 818 651 832 ·
682 804 741 855 Μ
748 802 780 868 ἡ
811 803 925 872 πρὸ
949 804 1160 872 καιροῦ
1200 822 1257 858 τι
1290 804 1542 873 κρίνετε,
1574 803 1688 868 ἓως
1736 802 1812 856 ἂν
1835 803 1982 872 ἔλθῃ

417 895 450 947 ό
484 894 695 960 Κύριος
722 911 734 923 ⁸
762 895 882 958 καὶ,
936 896 1033 948 Ἐν
1059 890 1108 963 ᾧ
1130 897 1365 965 κρίματι
1390 895 1613 964 κρίνεις
1632 894 1738 948 τὸν
1755 892 1981 962 ἕτερον,

416 982 679 1036 σεαυτὸν
703 986 1112 1053 κατακρίνεις·
1152 987 1200 1039 ot
1246 986 1303 1039 δὲ
1333 986 1606 1056 ἄνθρωποι
1652 984 1882 1053 ἀφέντες
1922 985 1984 1038 τδ

418 1072 622 1126 κλαίειν
641 1074 738 1137 τὰς
769 1074 979 1128 ἑαυτῶν
1018 1077 1312 1147 ἁμαρτίας,
1341 1072 1484 1147 ἦραν
1517 1076 1614 1148 τὴν
1656 1077 1836 1147 κρίσιν
1876 1075 1984 1129 ἀπὸ

415 1161 509 1215 τοῦ
541 1162 692 1227 Υἱοῦ,
738 1166 832 1216 καὶ
874 1165 1026 1218 αὐτοὶ
1066 1166 1141 1228 ὡς
1187 1166 1582 1237 ἀναμάρτητοι,
1614 1165 1859 1233 κρίνουσι
1890 1164 1984 1217 καὶ

420 1254 873 1320 καταδικάζουσιν
918 1255 1178 1323 ἀλλήλους
1216 1259 1326 1312 Καὶ
1354 1261 1381 1311 ὁ
1410 1260 1509 1328 μὲν
1532 1258 1761 1328 οὐρανὸς
1788 1256 1979 1326 ἐξέστη

419 1346 510 1398 ἐπὶ
548 1346 722 1416 τούτῳ
744 1363 757 1377 ·
782 1349 816 1418 ἡ
848 1348 903 1400 δὲ
927 1350 1019 1418 γῆ,
1047 1349 1292 1421 ἔφριξεν·
1323 1350 1474 1404 αὐτοὶ
1498 1349 1555 1403 δὲ
1583 1351 1684 1403 οὐκ
1705 1348 1984 1420 αἰσχύνον-

416 1452 503 1489 ται
528 1436 996 1508 ἀναισθητοῦντες.
1534 1460 1543 1467 ·

487 1612 580 1659 νιν.
626 1606 685 1660 Ὀ
713 1607 810 1671 τὰς
830 1608 937 1662 τῶν
969 1608 1142 1663 ἄλλων
1165 1610 1436 1681 ἁμαρτίας
1464 1612 1980 1682 περιεργαζόμενος,

417 1697 450 1767 ἢ
489 1698 583 1750 καὶ
611 1697 671 1762 ἐξ
709 1698 965 1763 ὑπονοίας
991 1699 1081 1752 τὸν
1112 1700 1339 1770 ἀδελφὸν
1368 1703 1592 1773 κρίνων,
1611 1703 1764 1757 οὔπω
1791 1704 1982 1758 ἔϐαλεν
2014 1688 2056 1743 Β

417 1789 587 1860 ἀρχὴν
618 1791 927 1857 μετανοίας,
965 1792 1089 1845 οὐδὲ
1130 1794 1358 1865 ἐρευνᾷν
1383 1794 1478 1847 τοῦ
1511 1795 1712 1863 γνῶναι
1732 1795 1856 1867 [Ἐν.
1890 1797 2003 1870 καὶ.

417 1880 613 1950 γνῶναι
637 1880 657 1954 ]
678 1882 775 1946 τὰς
803 1882 996 1937 ἑαυτοῦ
1027 1885 1321 1955 ἁμαρτίας,
1343 1887 1400 1938 ὲν
1428 1886 1655 1958 ἀληθεία
1679 1886 1986 1961 βαρυτέρας

417 1972 582 2036 οὔσας
608 1975 856 2044 μολίϐδου
885 1977 1280 2032 πολυταλάντου
1303 1995 1317 2009 ·
1346 1980 1467 2033 οὐδὲ
1495 1979 1636 2049 ἔγνω
1663 1980 1825 2035 πόθεν
1847 1982 1985 2050 γίνε-

417 2081 506 2117 ται
536 2064 821 2138 ἄνθρωπος
844 2067 1205 2141 βαρυκάρδιος
1251 2070 1481 2139 ἀγαπῶν
1526 2072 1862 2143 ματαιότητα
1890 2073 1985 2129 καὶ

418 2155 597 2224 ζητῶν
623 2156 838 2226 ψεῦδος.
878 2161 978 2214 Διὰ
1008 2160 1166 2215 τοῦτο
1209 2161 1284 2224 ὠς
1336 2161 1528 2232 ἄφρων
1578 2163 1673 2216 καὶ
1706 2165 1764 2218 ὲν
1807 2164 1988 2218 σκότει

417 2247 889 2320 διαπορευόμενος,
947 2253 1106 2321 ἀφεὶς
1157 2253 1257 2317 τὰς
1300 2254 1494 2309 ἑαυτοῦ
1541 2254 1838 2326 ἁμαρτίας,
1888 2256 1988 2320 τὰς

417 2339 527 2391 τῶν
559 2339 735 2394 ἄλλων
767 2343 1118 2411 φαντάζεται,
1160 2344 1191 2415 ἦ
1230 2344 1420 2411 οὔσας,
1455 2347 1488 2420 ἢ
1530 2348 1889 2419 νομιζομένας
1927 2348 1985 2414 ἐξ

418 2429 696 2494 ὑπονοίας.

492 2523 598 2582 νς’.
650 2520 717 2572 Ἡ
742 2520 1023 2587 φιλαυτία,
1055 2523 1131 2588 ὡς
1169 2526 1432 2591 πολλάκις
1474 2526 1714 2599 εἴρηται,
1766 2528 1988 2583 πάντων

421 2607 529 2663 τῶν
568 2611 828 2680 ὲμπαθῶν
852 2612 1129 2686 λογισμῶν
1176 2618 1326 2672 αἰτία
1368 2618 1714 2675 καθίσταται.
1758 2621 1854 2674 Ἐκ
1880 2620 1991 2693 γὰρ

424 2701 628 2773 ταύτης
654 2705 949 2773 γεννῶνται
1001 2710 1048 2760 οἱ
1097 2712 1245 2781 τρεῖς
1287 2709 1643 2779 γενικώτατοι
1672 2713 1770 2783 τῆς
1800 2713 1991 2766 ὲπιθυ-

429 2794 557 2865 μίας
582 2794 858 2868 λογισμοί·
891 2802 918 2853 6
949 2798 1046 2870 τῆς
1069 2802 1535 2873 γαστριμαργίας,
1562 2803 1655 2858 καὶ
1669 2806 1766 2875 τῆς
1795 2804 1992 2875 φιλαρ-

427 2886 620 2957 γυρίας
654 2888 747 2942 καὶ
780 2890 876 2958 τῆς
901 2892 1226 2959 κενοδοξίας.
1269 2895 1365 2948 Ἐκ
1398 2896 1454 2949 δὲ
1502 2895 1600 2965 τῆς
1649 2913 1993 2968 γαστριμαρ-

428 2976 553 3046 γίας
582 2980 835 3047 γεννᾶται
877 2981 905 3032 ὁ
943 2982 1042 3051 τῆς
1078 2983 1364 3054 πορνείας·
1398 2985 1463 3037 ὲκ
1498 2984 1554 3038 δὲ
1585 2986 1683 3052 τῆς
1735 2986 1993 3057 φιλαργυ-

432 3068 573 3141 ρίας,
611 3072 639 3122 6
668 3072 765 3143 τῆς
794 3071 1104 3137 πλεονεξίας
1141 3074 1248 3144 (ρ)·
1282 3076 1346 3129 ἐκ
1375 3075 1432 3129 δὲ
1468 3077 1568 3146 τῆς
1600 3077 1924 3143 κενοδοξίας,
1970 3080 1998 3131 6

430 3159 527 3231 τῆς
558 3159 980 3231 ὑπερηφανείας.
1020 3165 1079 3217 Οἱ
1099 3165 1155 3217 δὲ
1185 3164 1362 3218 λοιποὶ
1391 3166 1611 3231 πάντες,
1657 3166 1870 3237 ἑκάστῳ
1895 3166 2000 3220 τῶν

432 3250 599 3323 τριῶν
634 3253 1052 3308 ἀκολουθοῦσιν·
1114 3256 1142 3308 ὃ
1200 3274 1259 3309 τε
1302 3257 1401 3327 τῆς
1438 3259 1630 3330 ὀργῆς,
1682 3262 1775 3312 καὶ
1829 3261 1857 3312 6
1903 3260 2001 3329 τῆς

433 3341 611 3411 λύπης
635 3343 728 3396 καὶ
759 3346 786 3397 6
814 3345 912 3415 τῆς
935 3347 1298 3415 μνησικακίας
1323 3350 1417 3403 καὶ
1451 3351 1479 3403 6
1508 3350 1606 3419 τῆς
1636 3351 1862 3420 άκηδίας
1908 3352 2003 3404 καὶ

434 3434 628 3503 φθόνου
660 3436 753 3489 καὶ
784 3436 1136 3505 καταλαλιάς,
1160 3441 1252 3493 καὶ
1285 3442 1334 3493 οἱ
1365 3440 1561 3496 λοιποί.
1597 3441 1781 3495 Ταῦτα
1819 3440 1911 3498 οὖν
1933 3442 2003 3495 τὰ

434 3525 604 3597 πάθη,
664 3526 1022 3597 συνδεσμοῦσι
1072 3529 1162 3581 τὸν
1220 3530 1344 3583 νοῦν
1404 3534 1518 3595 τοῖς
1572 3533 1775 3598 ὑλικοῖς
1825 3535 2003 3604 πράγ-

438 3632 568 3685 μασι
594 3615 729 3685 (27),
760 3618 854 3670 καὶ
884 3620 1209 3689 κατέχουσιν
1232 3621 1395 3674 αὑτὸν
1427 3625 1508 3686 εἰς
1548 3622 1645 3693 τὴν
1689 3628 1813 3694 γῆν,
1854 3625 2001 3679 λίθου

434 3705 588 3777 δίκην
623 3709 926 3779 βαρυτάτου
947 3710 1094 3782 αὐτῷ
1123 3712 1447 3784 ἐπικείμενα
1469 3731 1482 3747 ·
1511 3716 1669 3785 φύσει
1693 3718 1821 3771 ὄντα
1843 3718 2003 3771 αὑτὸν

434 3798 605 3866 πυρὸς
636 3800 962 3871 κουφότερον
1011 3804 1106 3857 καὶ
1142 3803 1415 3876 ὀξύτερον.

504 3886 598 3951 νζν.
653 3886 819 3959 Ἀρχὴ
862 3895 959 3958 μὲν
1006 3891 1222 3945 πάντων
1255 3896 1360 3946 τῶν
1390 3895 1601 3960 παθῶν,
1640 3899 1673 3966 ἡ
1708 3897 1961 3966 φιλαυτία
1985 3916 1999 3931 ·

432 3976 584 4041 τέλος
612 3977 687 4043 δὲ,
721 3981 753 4049 ή
782 3979 1149 4051 ὑπερηφανία.
1185 3984 1443 4038 Φιλαυτία
1486 3986 1543 4039 δέ
1587 3990 1753 4055 ἐστιν,
1795 3991 1829 4060 ἡ
1868 3990 2005 4061 πρὸς

434 4068 492 4120 τδ
538 4068 698 4138 σῶμα
744 4070 936 4138 ἄλογος
999 4072 1171 4141 φιλία.
1225 4073 1282 4127 Ὀ
1317 4075 1521 4148 ταύτην
1564 4077 1825 4147 ἐκκόψας,
1877 4097 2002 4135 συν-

433 4161 595 4232 έκοψε
623 4163 801 4217 πάντα
832 4164 900 4216 τὰ
925 4164 1072 4235 πάθη
1103 4165 1171 4219 τά
1192 4166 1253 4231 ἐξ
1284 4169 1473 4239 αὐτῆς.

2083 460 2191 513 que
2223 444 2443 498 attoniti
2468 443 2632 497 etiam
2658 450 2820 510 atque
2844 440 3007 495 etiam
3035 439 3322 504 miremur,
3347 438 3499 508 quod
3516 440 3661 496 Deus

2084 544 2139 590 et
2172 536 2329 589 Pater
2364 534 2639 590 neminem
2676 532 2905 602 judicet,
2935 530 3029 584 sed
3077 545 3238 585 omne
3270 530 3537 600 judicium
3570 532 3662 586 de-

2084 626 2229 681 derit
2274 625 2410 679 Filio
2455 625 2534 689 3";
2586 623 2867 692 Filiusque
2903 620 3347 677 clametzNolite
3390 623 3657 691 judicare,

2084 725 2131 769 et
2162 732 2265 769 non
2299 715 2671 785 judicabimini
2708 714 2755 745 ⁸⁸
2799 729 2812 766 :
2851 711 3024 766 Nolite
3067 712 3435 775 condemnare,
3476 719 3524 765 et
3558 729 3661 765 non

2084 806 2561 860 condemnabimini
2608 805 2674 857 ⁸⁷.
2726 802 2991 858 Similiter
3029 818 3248 871 quoque
3298 802 3591 871 Apostolus
3643 821 3658 858 :

2083 896 2256 951 Nolite
2289 903 2411 950 ante
2443 906 2644 966 tempus
2676 894 2876 965 aliquid
2901 894 3165 965 judicare,
3210 894 3548 964 quoadusque
3578 910 3663 948 ve-

2085 989 2199 1041 niat
2230 988 2480 1041 Dominus
2510 987 2576 1039 ⁸⁸.
2604 986 2672 1040 Ει
2698 1004 2710 1038 :
2744 985 2804 1039 In
2833 1002 2933 1055 quo
2952 984 3153 1056 judicio
3181 983 3405 1037 alterum
3426 985 3660 1054 judicas,

2087 1082 2309 1149 teipsum
2329 1083 2645 1131 condemnas
2674 1078 2750 1139 ⁸⁹;
2783 1076 3033 1130 homines
3061 1084 3267 1137 autem,
3300 1075 3499 1129 omissa
3532 1090 3662 1129 cura

2084 1170 2304 1240 lugendi
2334 1176 2555 1239 peccata
2591 1181 2708 1233 sua,
2740 1166 3007 1237 judicium
3036 1165 3176 1218 Filio
3209 1164 3571 1228 abstulerint;
3599 1179 3664 1218 ac

2083 1261 2236 1316 velut
2268 1260 2368 1330 ipsi
2400 1260 2671 1314 immunes
2705 1273 2735 1312 a
2769 1264 3011 1327 peccato,
3044 1256 3133 1309 alii
3162 1256 3297 1310 alios
3318 1254 3566 1326 judicent
3601 1270 3664 1310 ac

2085 1352 2483 1407 condemnem?
2514 1352 2591 1406 Ac
2631 1350 2795 1422 436
2839 1350 3036 1406 cmlum
3081 1348 3302 1418 quidem
3348 1362 3513 1418 super
3558 1348 3665 1402 hoc

2084 1443 2389 1513 obstupuit,
2418 1452 2669 1512 terraque
2697 1441 2973 1495 inhorruit
2999 1442 3078 1507 9°;
3110 1456 3211 1494 nec
3236 1439 3313 1493 illi
3343 1448 3521 1494 tamen
3553 1453 3665 1509 pra:

2085 1542 2312 1603 stupore
2341 1534 2553 1603 pudore
2582 1533 2695 1587 ullo
2730 1532 3028 1587 ducuntur.

2156 1625 2244 1679 55.
2268 1624 2372 1690 Qui
2408 1625 2463 1677 in
2506 1624 2739 1678 aliorum
2767 1623 3041 1677 curiosius
3071 1621 3269 1675 delicta
3304 1620 3554 1689 inquirit,
3582 1620 3660 1673 vel

2084 1714 2252 1770 etiam
2278 1731 2346 1770 ex
2377 1715 2482 1770 levi
2516 1716 2831 1785 conjectura
2869 1721 2967 1767 aut
2993 1712 3306 1781 suspicione
3333 1711 3556 1765 fratrem
3582 1710 3669 1780 ju-

2085 1806 2253 1871 dicat,
2283 1806 2528 1861 nondum
2560 1803 2898 1875 prenitentiaz
2941 1801 3359 1856 fundamentum
3384 1801 3539 1871 jecil,
3568 1813 3671 1853 nec

2086 1905 2148 1952 ut
2175 1904 2453 1953 scrutetur
2482 1912 2547 1950 ac
2575 1894 2865 1965 intelligat,
2900 1902 3125 1963 peccata
3171 1907 3268 1946 sua
3309 1893 3469 1961 longe
3500 1889 3671 1944 multa

2085 1988 2297 2059 plumbi
2325 1989 2548 2051 talenta,
2581 1986 2729 2056 gravi
2760 1985 3301 2055 pondere’superare
3325 1983 3367 2014 ⁹¹
3398 2000 3410 2035 :
3446 1997 3548 2036 nec
3579 1995 3672 2035 co-

2087 2078 2297 2149 gnovit,
2322 2077 2467 2132 unde
2494 2076 2590 2130 fiat
2620 2076 2786 2131 homo
2821 2075 2973 2146 gravi
3007 2074 3192 2139 corde,
3235 2074 3328 2143 qui
3357 2072 3549 2142 diligat
3579 2086 3675 2126 va-

2086 2166 2318 2222 nitatem
2355 2176 2411 2221 et
2452 2165 2797 2221 mendacium
2836 2172 3045 2233 qurerat
3072 2166 3137 2217 θ’.
3167 2163 3380 2218 Idcirco
3405 2163 3557 2216 velut
3591 2162 3670 2215 in-

2088 2257 2293 2327 sipiens
2314 2265 2371 2311 et
2408 2255 2500 2325 qui
2539 2255 2594 2309 in
2621 2254 2867 2309 tenebris
2897 2253 3164 2317 ambulet,
3189 2251 3409 2305 omissis
3433 2249 3674 2319 peccatis

2090 2348 2224 2413 suis,
2258 2348 2491 2403 aliorum
2519 2354 2739 2416 peccata
2775 2344 2998 2415 cogitat,
3039 2352 3133 2397 aut
3160 2357 3283 2412 quae
3315 2341 3495 2411 reipsa
3539 2340 3671 2404 sint,

2091 2446 2187 2493 aut
2208 2453 2329 2506 quae
2360 2437 2501 2492 male
2523 2434 2860 2505 suspiciosus
2885 2433 2991 2488 sibi
3020 2432 3138 2503 ipse
3167 2430 3460 2501 conlingat.

2164 2530 2253 2585 56.
2286 2527 2542 2582 Φιλαυτία
2579 2526 2687 2598 (sui
2728 2525 2818 2580 ille
2854 2540 2919 2579 ac
2942 2524 3122 2580 carnis
3147 2538 3324 2579 caecus
3356 2521 3559 2593 amor),
3591 2520 3672 2575 uti

2092 2622 2292 2693 saepius
2330 2620 2540 2676 dictum
2583 2626 2689 2683 est,
2716 2617 3136 2672 libidinusarum
3174 2615 3421 2671 omnium
3470 2613 3676 2684 cogita-

2092 2715 2303 2770 tionum
2335 2727 2499 2768 causa
2541 2712 2775 2767 exsistit.
2806 2712 2887 2766 Ex
2930 2725 2995 2765 ea
3043 2709 3192 2763 enim
3235 2714 3538 2763 nascuntur
3569 2706 3676 2760 tria

2092 2803 2501 2876 generalissima
2529 2801 2848 2872 cupiditatis
2878 2802 3044 2866 vitia;
3071 2799 3210 2870 gula:
3238 2798 3469 2861 scilicet,
3500 2797 3678 2851 avari-

2095 2897 2183 2951 tia:
2214 2902 2272 2950 et
2300 2895 2478 2950 inanis
2507 2894 2712 2965 glorias.
2748 2894 2827 2948 Ex
2853 2893 2977 2963 gula
3009 2900 3213 2954 autem,
3244 2889 3490 2944 nascitur
3522 2902 3677 2942 scor-

2099 2985 2320 3041 tationis
2348 2986 2575 3051 vitium;
2609 3001 2676 3040 ex
2717 2985 2947 3039 avaritia
2984 2992 3139 3047 vero,
3178 2982 3379 3053 injusta
3410 2979 3682 3050 rapacitas

2099 3076 2332 3147 plusque
2378 3074 2619 3129 habendi
2666 3073 2873 3138 libido;
2926 3088 2993 3127 ex
3040 3070 3415 3125 inani'autem
3467 3070 3675 3141 gloria,

2101 3166 2295 3221 vitium
2325 3165 2617 3236 superbiae.
2641 3165 2833 3219 Omnis
2854 3178 3020 3234 porro
3049 3163 3388 3232 reliquorum
3417 3162 3681 3215 vitiorum

2104 3260 2296 3323 turba,
2344 3258 2542 3327 cuique
2587 3257 2785 3311 horum
2836 3256 3000 3310 trium
3054 3269 3242 3310 comes
3292 3254 3537 3318 accedit;
3588 3254 3684 3310 ira:

2103 3349 2336 3413 scilicet,
2360 3347 2620 3412 tristitiae,
2657 3347 2979 3418 injuriarum
3018 3345 3316 3409 memoriae,
3349 3344 3571 3409 acedize,
3597 3344 3683 3398 in-

2104 3440 2286 3504 vidize,
2321 3439 2699 3501 detractionis,
2748 3452 2813 3492 ac
2855 3437 3085 3507 reliqua.
3144 3437 3269 3492 limo
3315 3436 3482 3507 igitur
3527 3436 3682 3500 vitia,

2105 3529 2340 3583 terrenis
2388 3527 2556 3582 rebus
2603 3527 2848 3582 animum
2882 3526 3102 3581 fortiter
3146 3527 3380 3597 illigant,
3426 3528 3685 3598 gravissi-

2105 3619 2290 3688 mique
2332 3618 2449 3672 saxi
2494 3618 2669 3672 instar
2702 3616 2780 3671 illi
2814 3615 3212 3681 incumbentia,
3244 3617 3299 3670 in
3347 3626 3496 3672 terra
3540 3618 3686 3674 deti-

2106 3720 2258 3777 nent,
2288 3726 2412 3766 cum
2441 3711 2559 3780 ipse
2589 3720 2784 3766 natura
2812 3711 2924 3781 igni
2952 3711 3127 3765 levior
3154 3726 3218 3765 ac
3238 3698 3501 3765 Subtilior
3524 3712 3613 3766 sit.

2174 3901 2264 3956 57.
2310 3900 2574 3954 Φιλαυτία
2629 3900 2734 3972 (sui
2784 3901 2874 3955 ille
2918 3916 2982 3956 ac
3030 3900 3213 3956 carnis
3261 3916 3461 3971 pravus
3508 3905 3682 3971 amor)

2106 3991 2364 4047 vitiorum
2398 3993 2645 4047 omnium
2679 3992 2898 4047 initium
2939 4001 3023 4047 est
3054 4001 3111 4047 et
3145 3992 3301 4061 origo
3332 4010 3344 4045 :
3376 3993 3499 4047 finis
3528 4008 3682 4053 vero,

2108 4083 2388 4153 superbia.
2422 4084 2520 4139 Est
2547 4095 2732 4139 autem
2759 4085 3036 4150 Φιλαυτία,
3074 4085 3379 4139 abhorrens
3410 4102 3439 4139 a
3475 4086 3689 4141 ratione

2108 4176 2361 4244 corporis
2408 4191 2581 4231 amor.
2638 4175 2791 4230 Hanc
2835 4177 2931 4246 qui
2979 4176 3203 4241 excidit,
3243 4192 3348 4231 una
3397 4192 3522 4231 cum
3574 4176 3687 4240 illa,

2108 4281 2232 4334 quae
2261 4282 2330 4321 ex
2362 4267 2478 4337 ipsa
2518 4276 2666 4331 sunt,
2696 4267 2827 4322 vitia
2864 4268 3048 4323 omnia
3076 4267 3299 4323 excidit.

513 4338 601 4404 ιη’.
638 4333 849 4406 Ὥσπερ
872 4336 921 4388 οί
949 4338 1122 4405 γονεῖς
1149 4337 1255 4391 τῶν
1274 4341 1562 4409 σωμάτιον,
1594 4346 1996 4419 προσπάσχουσι

2127 4333 2139 4334 7
2178 4357 2267 4412 58.
2323 4333 2794 4424 Quemadmodum
2841 4359 2936 4429 qui
2995 4359 3293 4415 liberorum
3343 4359 3690 4428 susceptione

433 4425 544 4486 τοῖς
586 4424 644 4489 ἐξ
686 4426 860 4478 αὐτῶν
902 4428 1259 4497 γεννωμένοις
1308 4431 1420 4502 (q)°
1469 4433 1611 4488 οὕτω
1656 4438 1749 4490 καὶ
1788 4440 1816 4491 6
1857 4441 2002 4506 νοῦς,

439 4517 681 4584 φυσικῶς
716 4520 827 4581 τοῖς
856 4516 1051 4571 ἑαυτοῦ
1087 4520 1407 4589 πρόσκειται
1439 4524 1637 4593 λόγοις.
1673 4529 1782 4582 Καὶ
1814 4530 2003 4605 ὥσπερ

505 4698 551 4775 '_'
581 4698 737 4775 Joan.
766 4716 821 4765 v,
856 4698 946 4775 22.
1002 4700 1284 4775 ξελιιειιιιτ.
1310 4720 1405 4762 vn.
1442 4705 1493 4759 l.
1565 4707 1610 4738 ⁸⁷
1644 4707 1777 4763 Luc.
1814 4726 1889 4775 vr,
1922 4712 2012 4765 57.

434 4768 476 4800 ⁹¹
513 4769 741 4823 Zachar.
778 4785 832 4835 τ,
866 4769 920 4821 7.
1000 4771 1044 4801 “
1076 4772 1218 4826 Psal.
1251 4790 1324 4837 Iv,
1363 4774 1414 4827 5.

416 4896 483 5003 κη
509 4924 591 5003 (Ρὶ
659 4928 779 5003 Ἐκ,
811 4926 882 4980 δέ
910 4928 1307 5003 φιλαργυρίας
1331 4973 1345 4993 ,
1378 4934 1409 4984 ὀ
1464 4932 1575 4999 τῆς
1625 4936 2003 5003 πλεονεξίας.

434 4992 737 5072 Membrum
766 4997 891 5072 hoc2
911 4992 983 5052 ad
1015 4992 1230 5053 Μοᾲίὼὶ
1279 4992 1462 5072 textus
1493 4992 1879 5072 integritatem
1912 4992 2009 5063 ne-

433 5065 757 5137 cessarium.
789 5066 1063 5122 dederunt
1093 5085 1225 5123 mss.
1254 5071 1378 5124 cod.
1403 5065 1691 5137 ῐιλεονεέία
1740 5075 1883 5130 haud
1915 5094 2008 5133 ra-

433 5134 955 5217 ro‘ipsauavaritia
996 5138 1461 5217 redditur-“quod
1506 5152 1590 5197 est
1614 5134 2007 5217 φιλαργυρία·

433 5203 941 5287 sed‘hichaximus
968 5209 1139 5287 probe
1171 5203 1483 5287 distinguit,
1511 5221 1573 5287 ut
1608 5203 1827 5287 prolem
1852 5203 1890 5270 θ’
1915 5233 2011 5287 pa-

431 5282 609 5355 rente.
644 5275 738 5329 Est
762 5293 897 5355 ergo
924 5275 1151 5333 avaritia
1179 5282 1234 5350 (ἡ
1265 5275 1637 5355 φιλαργυρία]
1661 5275 2010 5342 ἰιιοτάἰηθὶιιε

432 5342 525 5423 ille
576 5342 963 5423 pe‘cuniar'um_
1014 5342 1301 5423 amor."u't
1352 5342 1411 5406 et
1447 5342 1559 5407 'vox
1603 5342 1744 5423 'ipsa
1813 5366 2011 5423 sonat;

432 5414 715 5492 πλεονεξία
745 5433 878 5492 vero
912 5418 996 5473 vis
1025 5419 1141 5492 ipsa
1176 5419 1378 5492 injusta
1410 5437 1474 5477 ac
1505 5424 1631 5492 plus
1651 5414 1891 5481 habendi
1928 5414 2017 5483 ra;

430 5499 532 5561 pax_
563 5486 750 5561 libido
760 5486 1249 5561 circumveniendo'
1264 5486 1591 5561 proximum.

505 5556 583 5628 ((1)
620 5557 1105 5635 Προςπάᾳχουσι
1138 5556 1299 5635 ’τοῖξί
1344 5563 1415 5627 ἐξ
1464 5564 1664 5619 αὐτῶν
1729 5567 2019 5635 γεννωμέ-

433 5626 579 5694 νοις-⁷.
618 5626 1043 5686 Sinlilitudocst
1068 5626 1401 5700 spiritalium
1428 5644 1717 5704 parentum
1736 5626 1867 5692 cum
1897 5626 2019 5693 car-

750 5720 1020 5782 ΡΔτιιοι..
1067 5721 1185 5783 Gn.
1220 5724 1343 5786 XC.

2111 4463 2403 4518 corporum
2429 4458 2687 4520 parentes
2713 4459 2862 4516 sunt,
2895 4450 3096 4506 affectu
3132 4450 3414 4505 ducuntur
3438 4465 3562 4520 erga
3591 4466 3691 4505 eos

2111 4554 2251 4607 quos
2296 4551 2658 4610 susceperunt
2702 4558 2715 4594 :
2764 4540 2845 4596 sic
2894 4556 3049 4596 mens
3102 4549 3299 4596 natura
3346 4539 3694 4595 sermonibus

2125 4714 2213 4768 ⁸⁸1
2249 4714 2375 4771 Cor.
2403 4732 2475 4781 ιν,
2508 4718 2561 4770 5.
2678 4717 2723 4749 ‘9
2756 4718 2914 4771 Rom.
2948 4734 3004 4781 ιι,
3046 4718 3091 4769 Ι.
3207 4717 3251 4747 ¹²⁰
3280 4716 3479 4769 Jcrcm.
3514 4731 3568 4779 ιι,
3599 4715 3688 4770 ιε.

2112 4941 2355 5013 nalibus,
2409 4958 2520 5011 quo
2554 4944 2639 4999 sic
2684 4946 2911 5013 utrique
2952 4945 3066 4998 suis
3101 4944 3390 5013 indulgent
3416 4943 3690 5013 prolibus.

2113 5012 2275 5084 Λόγοι
2304 5011 2491 5081 ita'que
2520 5024 2575 5067 et
2604 5011 2889 5070 sermones
2921 5015 3032 5077 hic,
3064 5011 3484 5084 praecipuclibri
3523 5024 3651 5084 sunt
3678 5033 3690 5067 :

2114 5081 2261 5154 unde
2289 5092 2484 5154 auctor
2519 5084 2707 5139 Schol.
2736 5084 2988 5139 Dufrenii
3023 5081 3148 5139 cod.
3176 5101 3189 5137 :
3213 5081 3375 5137 Φοϐεῖ
3400 5101 3470 5154 με
3497 5083 3692 5146 ταῦτα,

2114 5152 2207 5223 καὶ
2240 5151 2501 5223 Δγράφειν
2531 5155 2856 5223 ἀποτρέπει·
2903 5154 3118 5207 Terreat
3154 5170 3236 5207 me
3272 5151 3414 5218 hare,
3434 5154 3512 5208 sic
3546 5154 3694 5209 dicta

2113 5220 2371 5283 Maximo,
2410 5232 2459 5276 et
2494 5241 2525 5276 α
2554 5220 2829 5279 scribendo
2889 5224 3175 5279 deterrent.
3212 5223 3327 5278 Hoc
3358 5239 3525 5278 sensu
3572 5240 3697 5279 san-

2113 5291 2585 5363 c_tus_Ambrosius
2606 5295 2781 5349 libros
2797 5309 2926 5349 suos
2943 5293 3064 5348 aliis
3086 5293 3409 5363 relegendos
3431 5303 3488 5348 et
3507 5310 3697 5349 emen-

2119 5360 2609 5434 dandostradebat
2638 5406 2652 5428 ,
2673 5365 2776 5418 etsi
2809 5365 2893 5417 vir
2912 5372 3097 5434 tantus
3125 5360 3277 5418 erat:
3306 5364 3454 5434 quod
3479 5365 3558 5419 sic
3583 5364 3696 5419 fere

2119 5431 2443 5503 auctoribus
2465 5434 2579 5488 suis
2599 5436 2850 5503 placeant
2869 5450 2968 5488 sua
2994 5433 3218 5503 scripta,
3240 5449 3303 5489 ac
3321 5431 3696 5495 monumenta.

2119 5500 2484 5575 naturali‘illa
2506 5503 2580 5575 ad
2601 5500 2729 5575 ipsa
2757 5500 3123 5575 προσπαθείᾳζ
3149 5504 3301 5559 velut
3323 5513 3612 5574 parentum
3639 5506 3696 5561 in

2120 5580 2302 5694 nattos.
2362 5570 2519 5639 Quod
2558 5570 2735 5629 reddit
2759 5570 2962 5629 Obson.
2987 5570 3401 5643 εοιίῳαιὶιιηιῑιν,
3428 5591 3537 5631 non
3561 5576 3696 5632 satis

2120 5654 2184 5694 au
2215 5657 2329 5694 um.

2118 5654 2329 5710 aptum.

3298 5736 3375 5797 33
