4128 6210
400 220 530 284 -ῙΟΞΊ

1234 271 1250 278 -
1273 216 1605 276 CAPITUM
1643 217 1739 275 DE
1777 217 2206 277 CIIARITATE
2240 217 2625 277 CENTURIA
2669 220 2780 278 Ill.

3511 232 3642 292 1038

389 331 484 388 Διὸ
514 329 742 393 πολλοῖς
807 330 954 382 ἔστιν
1015 328 1196 399 εὑρεῖν
1250 328 1360 383 τῶν
1400 329 1705 400 ἀνθρώπων
1758 331 1958 399 γνῶσιν

2069 348 2252 385 rerum
2297 333 2584 388 sensilium
2645 335 2966 404 cogitationi
3014 337 3212 391 similis
3273 341 3511 395 exsistit.
3561 345 3644 398 ld~

392 424 612 492 ἔχοντας
668 421 890 491 πολλὴν,
948 422 1042 475 καὶ
1089 423 1147 474 ἐν
1197 424 1309 484 τοῖς
1369 423 1470 492 τῆς
1524 423 1727 492 σαρκὸς
1772 423 1967 477 πάθεσι

390 515 548 583 δίκην
604 513 804 583 χοίρων
856 514 914 565 ὲν
976 512 1224 583 βορϐόρῳ
1284 513 1753 583 κυλινδουμένους.
1822 515 1965 585 Πρὸς

390 604 573 672 ὀλίγον
626 604 736 674 γὰρ
789 604 847 670 ἐξ
896 603 1215 673 ἐπιμελείας
1266 604 1656 673 καθαρθέντες,
1712 607 1806 660 καὶ
1866 608 1965 675 τῆς

390 695 644 764 γνώσεως
672 695 1041 764 ἐπιτυχόντες,
1069 695 1296 766 ὕστερον
1322 696 1711 768 ἀμελήσαντες,
1745 697 1963 768 ὡμοιώ-

393 788 566 857 θησαν
610 786 686 856 τῷ
733 786 942 840 Σαούλσ
997 787 1055 850 ὃς
1113 786 1389 856 βασιλείας
1444 788 1823 855 καταξιωθεὶς,
1871 789 1966 842 καὶ

392 875 627 939 ἀναξίως
689 877 1169 947 πολιτευσάμενος,
1229 877 1345 948 μετ’
1402 877 1570 949 ὀργῆς
1619 878 1857 949 φοϐερᾶς
1906 879 1964 946 ἐξ

395 973 564 1042 αὐτῆς
597 972 906 1041 ἀπεϐλήθη.

459 1152 556 1218 εςν.
595 1153 804 1221 Ὠσπερ
828 1152 856 1203 ὁ
887 1152 1041 1222 ψιλὸς
1075 1152 1183 1205 τῶν
1223 1153 1581 1223 ἀνθρωπίνων
1625 1157 1965 1226 πραγμάτων

303 1229 316 1240 ⁸
391 1242 650 1311 λογισμὸς
681 1244 815 1309 (50),
843 1244 943 1295 οῦκ
970 1245 1273 1311 ἀναγκάζει
1303 1244 1396 1297 τὸν
1445 1245 1568 1297 νοῦν
1603 1248 1965 1316 καταφρονεῖν

391 1335 499 1387 τῶν
523 1335 701 1387 θείων·
736 1333 796 1386 οὔ
809 1353 908 1397 τως
931 1336 1050 1387 οὐδὲ
1075 1335 1202 1406 ψιλὴ
1225 1335 1426 1403 γνῶσις
1450 1336 1559 1389 τῶν
1581 1336 1758 1400 θείων,
1786 1337 1963 1391 πείθει

391 1427 470 1487 εἰς
521 1425 673 1486 τέλος
725 1428 1082 1494 καταφρονεῖν
1127 1425 1236 1477 τῶν
1283 1426 1673 1497 ἀνθρωπίνων·
1727 1428 1858 1484 διότι
1907 1431 1964 1484 ὲν

395 1518 573 1578 σκιαῖς
607 1515 700 1569 νῦν
738 1517 970 1586 ὑπάρχει
1018 1517 1111 1570 καὶ
1145 1520 1431 1588 εἰκασμοῖς
1473 1521 1504 1590 ὴ
1555 1519 1802 1591 ἀλήθεια.
1854 1522 1964 1575 Καὶ

392 1608 483 1661 διὰ
511 1608 668 1662 τοῦτο
707 1609 877 1662 δεῖται
929 1609 1021 1662 τοῦ
1073 1612 1342 1680 μακαρίου
1400 1613 1601 1676 πάθους
1650 1614 1749 1684 τῆς
1803 1605 1964 1683 ἀγίᾶς

392 1698 640 1768 ἀγάπης,
667 1701 764 1768 τῆς
801 1700 1205 1771 συνδεσμούσης
1229 1701 1320 1754 τὸν
1355 1701 1480 1756 νοῦν
1510 1705 1622 1766 τοῖς
1658 1720 1960 1772 πνευματι-

393 1789 914 1861 κοῖς.θεωρήμασι,
986 1793 1081 1844 καὶ
1146 1792 1442 1863 πειθούσης
1513 1797 1786 1866 προτιμᾷν
1852 1794 1961 1848 τῶν

391 1885 610 1950 ὑλικῶν,
642 1884 708 1938 τά
731 1886 868 1939 ἄϋλα
891 1903 902 1915 ·
941 1888 1033 1939 καὶ
1063 1886 1171 1940 τῶν
1213 1887 1489 1946 αἰσθητῶν
1558 1888 1626 1942 τά
1666 1889 1833 1958 νοητά
1870 1890 1964 1943 καὶ

391 1982 528 2036 θεῖα.

459 2074 558 2144 ξη’.
605 2075 678 2128 Οὐ
718 2076 934 2140 πάντως
980 2079 1007 2130 ὁ
1046 2081 1114 2132 τά
1151 2077 1296 2148 πάθη
1328 2078 1588 2147 ἐκκόψας,
1637 2079 1730 2131 καὶ
1773 2077 1960 2146 ψιλοὺς

390 2168 515 2230 τοὺς
536 2167 830 2236 λογισμοὺς
879 2168 1275 2238 ἐργασάμενος,
1313 2168 1414 2240 ήδη
1463 2169 1601 2227 αὑτά
1643 2169 1739 2220 καὶ
1768 2169 1858 2220 ἐπὶ
1888 2169 1960 2221 τά

390 2258 508 2313 θεῖα
547 2259 770 2329 ἔτρεψεν
801 2273 814 2287 ·
864 2261 998 2313 ἀλλά
1034 2261 1279 2322 δύναται,
1314 2261 1448 2330 μήτε
1484 2259 1620 2329 πρὸς
1647 2260 1714 2313 τὰ
1745 2260 1960 2331 ἀνθρὼ-

388 2365 517 2404 πινα
552 2352 800 2420 πάσχειν,
859 2353 994 2421 μήτε
1043 2352 1178 2422 πρὸς
1227 2353 1296 2404 τά
1344 2349 1494 2404 θεῖα·
1551 2351 1687 2420 ὅπερ
1723 2352 1960 2422 ἐπισυμ-

387 2440 560 2494 6αίνει
585 2444 674 2495 ἐπὶ
705 2444 811 2494 τῶν
842 2443 1158 2511 πρακτικῶν
1193 2443 1372 2513 μόνον,
1396 2443 1488 2496 καὶ
1509 2441 1958 2513 μήπωαγνὼσεως

388 2532 831 2598 καταξιωθὲντων
861 2535 1012 2604 (lii)-
1057 2531 1120 2587 ,ὁῖ
1163 2534 1312 2604 φόϐῳ
1361 2534 1656 2598 κολάσεως,
1697 2533 1729 2604 ἢ
1784 2535 1960 2588 ἐλπίδι

388 2621 666 2691 βασιλείας
691 2623 800 2676 τῶν
837 2623 1024 2677 παθῶν
1049 2625 1367 2706 ἀπέχονται.

457 2794 516 2860 ξθ
540 2835 554 2848 .
585 2796 687 2849 Διὰ
714 2798 973 2864 πίστεως
1012 2797 1476 2866 περιπατοῦμεν,
1507 2799 1581 2851 οὺ
1605 2796 1701 2850 διὰ
1723 2797 1952 2860 εἴδους·

387 2886 481 2939 καὶ
503 2889 557 2937 ἐν
584 2887 866 2955 ἐσόπτροις
883 2888 979 2958 τὴν
996 2887 1196 2956 γνῶσιν
1217 2886 1411 2956 ἔχομεν
1433 2887 1508 2958 (ιι)
1529 2887 1623 2940 καὶ
1648 2887 1952 2956 αἰνίγμασι.

389 2979 499 3032 Καὶ
523 2979 612 3032 διὰ
639 2979 812 3043 τοῦτο,
847 2979 1048 3050 πολλῆς
1089 2979 1324 3049 δεόμεθα
1352 2979 1451 3048 τῆς
1481 2982 1538 3031 ἐν
1581 2979 1764 3041 αὐτοῖς
1792 2979 1956 3048 ἀσχο-
1985 3005 2028 3062 C

388 3069 528 3133 λίας,
575 3072 661 3124 ἵνα
698 3074 761 3141 τῇ
792 3072 984 3142 χρονίᾳ
1019 3071 1226 3125 τούτων
1263 3071 1464 3142 μελέτῃ
1513 3071 1607 3124 καὶ
1648 3070 1956 3140 ἀδολεσχία,

387 3163 496 3229 ῑξιν
531 3165 978 3220 δυσαπόσπαστον
1008 3166 1116 3219 τῶν
1143 3165 1516 3236 θεωρημάτων
1548 3156 1887 3234 ποιήσωμεν.

453 3337 517 3396 0'.
565 3339 690 3393 Ἐὰν
718 3340 853 3411 πρὸς
882 3340 1059 3408 ὀλίγον
1082 3339 1191 3392 τῶν
1218 3337 1406 3392 παθῶν
1435 3337 1532 3400 τὰς
1575 3335 1752 3398 αἰτίας
1795 3335 1956 3402 ἐκκὸο

384 3433 586 3505 ψσιντες
611 3433 720 3495 τοῖς
741 3433 1127 3501 πνευματικοῖς
1142 3428 1593 3500 ἐνασχοληθῶμεν
1615 3427 1954 3498 θεωρήμασι,

391 3524 464 3594 μὴ
497 3525 554 3577 ἐν
579 3523 759 3586 αὐτοῖς
779 3523 835 3575 δὲ
867 3523 951 3576 ἀεὶ
967 3521 1359 3599 διατρίψωμεν,
1393 3519 1527 3572 αὐτὸ
1555 3517 1713 3572 τοῦτο
1745 3518 1957 3589 ἔχοντες

387 3617 566 3692 ἔργον,
604 3617 843 3689 εὐχερῶς
870 3617 1032 3670 πάλιν
1054 3617 1143 3668 ἐπὶ
1174 3615 1244 3667 τά
1272 3614 1371 3683 τῆς
1403 3613 1604 3682 σαρκὸς
1627 3613 1776 3680 πάθη
1798 3629 1955 3682 περι-

385 3707 700 3776 τρεπόμεθα
732 3707 842 3775 (52)
863 3721 876 3734 ’
916 3705 1084 3776 μηδὲν
1114 3705 1242 3758 ἄλλο
1271 3702 1480 3757 ἐκεῖθεν
1505 3702 1954 3773 καρπωσάμενοι,

386 3797 418 3867 ἢ
459 3797 620 3868 ψιλὴν
673 3797 873 3866 γνῶσιν
916 3797 1052 3868 μετά
1095 3798 1362 3867 οἰήσεως-ο
1418 3789 1486 3866 ἧς
1527 3795 1587 3848 τὸ
1615 3793 1785 3858 τέλος,
1832 3796 1867 3864 ἦ
1893 3811 1951 3846 τε

386 3889 556 3958 αὐτῆς
590 3889 727 3942 κατά
759 3889 954 3959 μικρὸν
1002 3890 1101 3959 τῆς
1152 3887 1401 3958 γνώσεως
1451 3885 1736 3949 σκότωσις,
1791 3885 1886 3946 καὶ
1922 3887 1955 3954 ἡ

388 3979 652 4050 παντελὴς
683 3979 776 4032 τοῦ
809 3979 900 4034 νοῦ
929 3981 1023 4034 ἐπὶ
1056 3981 1123 4035 τά
1152 3979 1312 4033 ὑλικά
1337 3978 1601 4048 ἐκτροπή.

2071 421 2220 476 circo
2257 438 2366 475 non
2431 438 2636 491 paucos
2685 423 2972 487 invenias,
3027 425 3119 494 qui
3153 426 3359 496 ingenti
3415 431 3644 488 scientia

2071 515 2310 582 prmditi,
2373 530 2535 569 suum
2569 532 2721 572 more
2750 518 2804 572 in
2831 533 3011 584 emno,
3065 519 3120 572 in
3149 522 3330 575 carnis
3357 523 3645 581 affectibus

2071 620 2135 659 ac
2190 607 2516 662 libidinibus
2557 609 2957 664 volutentur”.
3017 611 3307 682 Tantisper
3342 617 3512 682 enim,
3557 633 3642 682 ca,

2069 711 2234 764 quam
2299 697 2711 765 adhibuerunt,
2772 699 3054 769 diligentia
3113 703 3326 772 purgati
3386 709 3644 775 nactique

2069 786 2378 852 scientiam,
2409 789 2757 857 postmodum
2795 791 3220 861 negligentiorcs
3249 794 3453 859 effecti,
3495 796 3642 852 Sauli

2074 877 2281 931 similes
2313 879 2666 934 exstiterunt.
2695 881 2744 934 Is
2785 897 3024 951 namque
3057 898 3225 952 regno
3259 885 3487 952 potitus.
3539 904 3645 944 nec

2069 969 2165 1023 illo
2193 979 2251 1022 nt
2277 972 2503 1040 dignum
2539 971 2704 1042 538
2734 981 2856 1028 erat
2882 990 2946 1028 ac
2974 991 3062 1029 res
3099 976 3360 1045 poscebat
3403 981 3638 1036 admini-

2069 1065 2264 1118 strato,
2301 1057 2636 1114 formidabili
2669 1061 2765 1115 ira:
2785 1065 3054 1133 exemplo,
3083 1081 3148 1118 eo
3183 1066 3429 1136 dejectus
3463 1049 3582 1125 est:

2138 1148 2226 1203 67.
2263 1149 2733 1216 Quemadmodum
2778 1155 3007 1224 simplex
3042 1153 3508 1226 nudaque'rerum
3541 1161 3643 1215 hu-

2067 1253 2352 1293 manarum
2398 1242 2680 1311 cogitatio,
2713 1259 2823 1298 non
2857 1244 3002 1314 cogit
3034 1245 3276 1300 animum
3311 1263 3400 1302 res
3429 1249 3642 1305 divinas

2066 1333 2404 1400 contemptui
2441 1333 2666 1399 habere,
2702 1336 2782 1390 sic
2805 1353 2908 1392 nec
2941 1339 3174 1408 simplex
3203 1342 3522 1399 divinarum
3549 1362 3640 1401 co-

2065 1420 2236 1490 gnitio
2265 1422 2329 1475 ad
2357 1422 2719 1479 humanarum
2753 1443 2978 1496 prorsus
3002 1439 3373 1500 contemptum
3418 1437 3586 1508 adigit
3625 1455 3638 1490 :

2065 1512 2210 1581 quod
2252 1529 2448 1583 nempe
2485 1517 2709 1581 veritas,
2743 1519 3010 1575 hactenus
3044 1523 3206 1578 nobis
3243 1525 3297 1578 in
3335 1529 3544 1582 umbris
3579 1545 3643 1584 ac

2067 1603 2377 1659 simulacris
2422 1609 2704 1661 consistat.
2757 1609 3004 1681 Ilinequc
3040 1613 3177 1667 adeo
3216 1625 3336 1680 cst,
3372 1629 3432 1671 ut
3481 1620 3642 1674 beato

2067 1694 2357 1748 charitatis
2386 1697 2597 1751 ali'cctu.
2624 1714 2689 1752 ac
2713 1701 2969 1769 passione
3012 1704 3355 1772 spiritalibus
3393 1721 3644 1764 contem-

2063 1784 2404 1853 plationibus
2442 1802 2504 1839 ac
2536 1789 2713 1843 sensis
2746 1800 2984 1846 mentem
3018 1793 3326 1859 addicente,
3369 1800 3640 1870 indigeat;

2063 1892 2290 1945 qumque
2333 1881 2600 1945 terrenis,
2641 1896 2705 1934 ea
2729 1897 2849 1951 qure
2892 1895 3086 1940 vacant
3119 1891 3383 1954 materia,
3427 1895 3644 1949 sensih~

2066 1965 2301 2036 husqne,
2336 1968 2608 2037 spiritalia
2649 1985 2713 2024 ac
2737 1971 2924 2027 divina
2954 1975 3228 2032 anteferre
3261 1979 3508 2037 suadeat.

2133 2059 2220 2112 G8.
2252 2057 2369 2112 Non
2410 2061 2634 2116 omnino
2659 2063 2752 2131 qui
2793 2065 3025 2120 affectus
3059 2084 3122 2122 ac
3148 2069 3409 2126 libidines
3447 2089 3642 2143 ampu-

2067 2152 2218 2217 tavit,
2264 2153 2546 2224 animique
2598 2155 2840 2210 rationes
2900 2158 3180 2227 simplices
3223 2163 3481 2228 reddidit,
3526 2167 3639 2235 jam

2063 2260 2282 2314 quoque
2303 2246 2534 2300 affectus
2557 2246 2624 2300 ad
2657 2246 2842 2301 divina
2873 2251 3178 2304 convertit:
3218 2254 3314 2308 sed
3360 2256 3476 2308 fieri
3535 2273 3638 2326 po-

2066 2343 2187 2399 test,
2216 2344 2276 2389 ut
2315 2351 2495 2406 neque
2529 2337 2917 2401 humanarum,
2948 2356 3052 2394 nec
3080 2341 3392 2399 divinarum
3449 2362 3636 2401 rerum

2061 2439 2228 2478 sensu
2254 2423 2554 2491 afﬁciatur;
2594 2427 2674 2480 uti
2703 2427 2758 2481 in
2786 2427 2895 2483 illis
2926 2431 3172 2499 proclive
3201 2443 3307 2498 est,
3334 2436 3427 2505 qui
3455 2427 3630 2492 actio-

2059 2529 2186 2568 nem
2232 2515 2441 2581 colnnt,
2485 2531 2549 2570 ac
2604 2516 2838 2572 necdum
2901 2519 3126 2575 scientia
3165 2522 3356 2578 donari
3410 2542 3628 2584 merue-

2061 2612 2212 2671 runt,
2239 2605 2331 2676 qui
2360 2622 2553 2676 nempe
2583 2608 2837 2678 supplicii
2873 2617 3023 2665 metu
3047 2622 3142 2668 aut
3174 2616 3327 2684 regni
3355 2629 3637 2687 exspecta-

2061 2695 2232 2761 tione,
2273 2697 2343 2751 ab
2368 2697 2660 2753 affectibus
2690 2709 2855 2769 atque
2884 2701 3031 2758 vitiis
3059 2719 3179 2760 sese
3205 2705 3504 2763 abstinent.

2129 2787 2218 2842 69.
2277 2787 2381 2840 Per
2415 2788 2574 2855 ﬁdem
2612 2789 2969 2862 amputemus,
3016 2811 3122 2848 non
3167 2812 3261 2866 per
3308 2801 3532 2868 speciem
3551 2801 3631 2868 ’σς

2059 2879 2435 2950 habemusque
2461 2881 2744 2938 scientiam
2781 2885 2836 2939 in
2860 2886 3104 2955 speculis
3135 2903 3199 2942 ac
3224 2889 3632 2961 aenigmatibus.

2059 2971 2269 3026 Idcirco
2292 2972 2458 3027 etiam
2493 2973 2720 3028 multam
2751 2975 2833 3031 eis
2860 2992 3084 3046 operam
3116 2995 3384 3036 navemus
3407 2999 3634 3039 necesse

2065 3069 2169 3126 est,
2197 3070 2258 3116 ut
2286 3063 2448 3133 longa
2487 3078 2679 3118 eorum
2703 3066 3068 3122 meditatione
3103 3077 3158 3124 et
3199 3079 3407 3128 attenta
3449 3076 3649 3132 consi-

2063 3153 2371 3218 deratione,
2411 3154 2628 3209 firmum
2653 3157 2895 3227 satisque
2939 3170 3182 3216 tenacem
3220 3166 3636 3235 contemplatio-

2066 3259 2196 3299 num
2224 3245 2472 3300 habitum
2493 3247 2896 3304 nanciscamur.
3215 3295 3226 3300 -

2140 3335 2223 3390 70.
2253 3335 2307 3390 Si
2337 3337 2402 3391 ad
2438 3339 2714 3393 modicum
2742 3342 2973 3397 excissis
2997 3344 3637 3405 aﬂ‘ectuumlibidinum-

2065 3443 2171 3497 que
2199 3427 2397 3493 causis,
2432 3430 2777 3499 spiritalibus
2814 3441 3054 3488 mentem
3079 3438 3636 3507 contemplationibus

2063 3518 2468 3584 addixerimus,
2502 3536 2603 3574 nec
2637 3521 2694 3574 in
2737 3521 2819 3576 eis
2868 3537 3088 3594 semper
3116 3530 3311 3584 morati
3346 3530 3634 3596 fuerimus,

2062 3609 2119 3662 in
2152 3609 2258 3664 hoc
2279 3611 2456 3679 ipsum
2488 3611 2890 3679 incumbentes,
2920 3616 3110 3685 reique
3149 3619 3201 3672 id
3243 3622 3635 3690 caputhaben-

2065 3707 2167 3765 tes,
2194 3700 2355 3755 facile
2390 3701 2591 3756 iterum
2620 3703 2687 3758 ad
2730 3707 2980 3761 carnales
3016 3708 3245 3765 affectus
3268 3712 3636 3784 libidinesque

2061 3801 2482 3860 convertemur;
2512 3796 2723 3850 nullum
2750 3797 2877 3854 inde
2900 3801 3248 3854 commodum
3267 3811 3634 3872 reportantes.

2063 3884 2168 3939 nisi
2227 3886 2575 3941 solummodo
2620 3887 2824 3943 nudam
2857 3905 2921 3945 ac
2966 3890 3272 3961 simplicem
3325 3895 3632 3962 scientiam,

2064 3994 2189 4034 cum
2220 3982 2388 4036 animi
2419 3982 2628 4038 scilicet
2658 3985 2762 4040 sibi
2809 3987 3079 4057 placentis
3122 3989 3358 4045 elatione
3401 3993 3634 4063 conjun-

385 4078 557 4137 ctam;
587 4073 744 4142 cujus
770 4072 816 4127 is
845 4072 990 4136 finis,
1019 4080 1080 4127 ut
1103 4086 1226 4126 cum
1274 4071 1392 4141 ipsa
1434 4068 1697 4140 paulatim
1731 4069 1960 4124 scientia
1992 4069 2352 4139 obnubescat,
2406 4083 2522 4130 tum
2573 4092 2732 4132 mens
2799 4078 2868 4133 ad
2935 4089 3155 4136 terrena
3200 4082 3420 4151 penitus
3449 4085 3633 4141 desci-

386 4170 522 4217 δοίη.

405 4259 408 4262 ’
454 4259 552 4309 οα’.
593 4255 772 4317 Πάθος
801 4255 1022 4326 ἀγάπης
1045 4255 1266 4326 ψεκτὸν,
1301 4258 1412 4320 τοῖς
1436 4257 1639 4322 ὑλικοῖς
1664 4256 1954 4328 πράγμασι

384 4346 475 4398 τὸν
515 4346 637 4400 νοῦν
671 4345 983 4417 ἐνασχολεῖο
1038 4345 1210 4411 πάθος
1251 4348 1473 4418 ἀγάπης
1515 4349 1818 4409 ἐπαινετὸν,
1859 4345 1952 4399 καὶ

2134 4255 2220 4309 7i.
2262 4255 2583 4311 Dilectionis
2613 4257 2952 4328 vituperium
2983 4261 3274 4331 labemque
3311 4264 3518 4321 habens
3547 4268 3632 4320 af-

2061 4343 2258 4410 fectus,
2278 4347 2514 4403 terrenis
2533 4349 2700 4404 rebus
2720 4350 2963 4404 animum
2986 4352 3190 4408 addicit
3218 4371 3230 4406 :
3266 4354 3481 4410 laudem
3498 4373 3630 4412 vero

386 4439 497 4500 τοῖς
535 4437 699 4500 θείοις
729 4438 890 4491 αὑτὸν
925 4438 1231 4506 συνδεσμεῖ.
1287 4438 1455 4491 Εἴωθε
1495 4440 1603 4510 γάρ
1653 4442 1680 4492 ό
1723 4439 1846 4502 νοῦς
1893 4439 1950 4491 ὲν

2061 4439 2287 4505 habens,
2315 4441 2480 4495 etiam
2507 4441 2711 4497 divinis
2735 4443 2998 4499 devincit.
3025 4443 3116 4500 Sic
3143 4448 3290 4501 enim
3336 4450 3504 4504 menti
3547 4451 3630 4505 in-

384 4522 463 4591 οἷς
491 4531 725 4600 χρονίζει
769 4532 1074 4601 πράγμασι,
1114 4531 1171 4582 ὲν
1203 4531 1384 4594 αὐτοῖς
1414 4533 1508 4584 καὶ
1554 4530 1948 4584 πλατύνεσθαι·

385 4619 442 4671 ὲν
472 4615 551 4682 οἷς
575 4620 631 4672 δὲ
667 4620 1017 4682 πλατύνεται,
1069 4621 1125 4671 ἐν
1173 4621 1354 4683 αὐτοῖς
1385 4621 1482 4673 καὶ
1525 4621 1623 4692 τὴν
1659 4618 1957 4688 ἐπιθυμίαν

384 4709 479 4762 καὶ
527 4712 623 4783 τὴν
679 4713 900 4783 ἀγάπην
947 4713 1162 4784 τρέψαι,
1222 4712 1329 4765 εἴτε
1399 4713 1456 4762 ἐν
1494 4717 1604 4775 τοῖς
1652 4711 1814 4773 θείοις
1855 4711 1960 4766 ,καὶ

385 4800 607 4865 οἰκείοις
667 4803 761 4856 καὶ
823 4806 1050 4872 νοητοῖς,
1123 4807 1230 4857 εἴτε
1298 4804 1354 4856 ἐν
1411 4806 1524 4866 τοῖς
1583 4803 1680 4874 τῆς
1759 4804 1958 4873 σαρκὸς

384 4892 676 4962 πράγμασί
702 4910 761 4946 τε
797 4895 889 4947 καὶ
923 4893 1140 4947 πάθεσι.

459 5053 502 5086 ³⁵
529 5054 572 5110 Il
603 5055 747 5109 Petr.
780 5070 838 5119 ιι,
870 5055 959 5108 22.
1037 5056 1081 5086 ⁸⁵
1112 5055 1155 5108 ll
1177 5054 1300 5110 Cor.
1331 5073 1383 5118 v,
1411 5057 1440 5108 7

459 5213 529 5283 (ιι)
567 5214 670 5266 Ἐν
698 5211 1013 5283 ἐσόπτροις
1067 5210 1201 5283 τὴνΔ
1237 5211 1487 5283 γνῶσινγ
1521 5212 1760 5281 ἔχομεν.
1796 5215 1950 5283 ΔΕιοιιι.

381 5273 663 5346 mendose,
692 5281 788 5349 τὴν
813 5273 1202 5354 mmmam:
1240 5273 1416 5354 ipsum
1476 5273 1742 5336 habuerat
1793 5279 1945 5337 Dufr.

381 5356 527 5416 cod.,
556 5352 652 5408 sed
676 5359 794 5405 erat
823 5350 957 5403 ineo
989 5350 1357 5404 etiiendatmn.
1394 5352 1734 5408 Decoxerunt
1767 5365 1944 5408 tamen

379 5427 582 5495 Obsop.
641 5420 893 5495 et_Gesn.
960 5418 1170 5495 Locus“
1193 5421 1343 5495 Ifauli
1377 5431 1480 5495 est,
1544 5437 1654 5495 quo
1721 5423 1946 5495 respicit

379 5489 663 5556 Maximus,
699 5491 716 5544 l
777 5489 902 5561 Qor.
932 5505 1021 5541 xm
1066 5507 1077 5540 :
1115 5489 1391 5557 Βλέπομεν
1421 5491 1542 5561 ἀρτι
1564 5489 1644 5544 δι’
1677 5489 1942 5561 ἐσόπτρου

387 5565 761 5634 ὲναὶνίγματι.
797 5559 991 5634 Videre
1017 5567 1217 5621 autem,
1251 5575 1358 5634 non
1379 5560 1623 5634 ‘virtutis,
1652 5561 1746 5634 sed
1770 5559 1947 5634 scien-

359 5639 466 5696 gtite
498 5628 777 5702 est'atqne
827 5628 972 5694 fidei,
1038 5630 1517 5702 seu__cognitionis
1570 5647 1583 5684 :
1640 5631 1939 5703 ἀδολεσχίᾳ,

2056 4531 2272 4598 olitnm,
2305 4541 2365 4586 ut
2387 4533 2591 4602 quibus
2613 4535 2666 4588 in
2697 4535 2865 4590 rebus
2892 4545 3160 4602 moratur,
3190 4539 3246 4593 in
3279 4540 3460 4596 illiset
3493 4543 3630 4597 dila-

2059 4629 2234 4686 tetur;
2285 4621 2339 4687 in
2372 4623 2573 4692 quibus
2599 4634 2784 4679 autem
2819 4625 3102 4690 dilatatur,
3146 4629 3213 4684 ad
3241 4630 3356 4685 inec
3385 4639 3441 4686 ct
3468 4633 3628 4702 cupi-

2056 4712 2281 4766 ditatem
2309 4714 2772 4785 dilectionemqne
2803 4727 3102 4783 convertat,
3139 4721 3254 4776 sive
3286 4722 3471 4776 divina
3500 4739 3626 4792 pros

2056 4805 2282 4872 priaquc
2309 4814 2364 4859 et
2388 4807 2678 4875 spiritalia,
2731 4809 2845 4863 sive
2879 4810 3118 4865 carnalia
3149 4828 3346 4883 resque
3387 4823 3443 4868 et
3486 4815 3622 4870 affe-

2058 4903 2178 4948 ctus
2213 4910 2309 4949 seu
2338 4896 2489 4950 vitia.

2047 5215 2193 5288 quod
2250 5217 2556 5288 ἐνδελεχείᾳ
2588 5221 2908 5276 mutandum
2963 5223 3184 5288 coniicit
3212 5225 3374 5279 Gesn.
3425 5231 3622 5285 merito

2046 5285 2203 5339 Billio
2236 5285 2506 5366 displicet.
2533 5285 2784 5366 'Acsane
2811 5307 2915 5345 vox
2953 5303 3035 5366 est
3066 5285 3140 5366 in,
3177 5294 3476 5366 Seripturis
3505 5299 3619 5355 fre-

2044 5371 2240 5427 quens,-
2276 5372 2375 5424 pro
2407 5357 2654 5427 diligenti
2687 5376 2862 5427 exque
2883 5364 3067 5416 animo
3091 5357 3398 5420 divinarum
3432 5383 3618 5425 rerum

2042 5425 2482 5495 consideratione
2513 5425 2602 5481 ‘ac
2662 5425 3018 5487 meditatione
3043 5434 3152 5495 ;sic
3182 5435 3328 5490 Isaac
3353 5447 3471 5491 erat
3498 5439 3622 5493 ἀδο-

2041 5494 2248 5564 λετχῶν
2274 5496 2326 5548 in
2368 5511 2497 5564 agro
2528 5512 2649 5551 eum
2687 5500 2932 5555 Rebecca
2971 5504 3018 5556 ei
3048 5494 3264 5559 obviam
3294 5507 3436 5561 facta
3470 5517 3554 5561 est
3601 5527 3615 5563 :

2040 5563 2118 5616 sic
2169 5565 2310 5632 apud
2365 5563 2622 5644 Davidem
2643 5571 2868 5637 passim,
2895 5573 3199 5644 ἐνδελέχεια
3226 5593 3346 5640 vox,
3368 5577 3518 5632 nulla
3544 5593 3615 5635 eo

2039 5648 2202 5688 sensu
2229 5644 2403 5690 exstat
2428 5635 2479 5690 in
2496 5634 2800 5707 Scriptura.
