4128 6210
435 374 573 445 1045

1306 373 1641 439 CAPITUM
1677 372 1777 433 DE
1812 367 2242 431 CHARITATE
2278 347 2667 429 CENTURIA
2705 367 2819 428 III.

3553 364 3681 427 161ιὸ

428 492 658 550 δυνατὸν
684 491 859 553 ἄλλως
884 490 1187 559 στῆσαι,ἐί
1228 491 1303 561 μή
1344 508 1398 544 τι
1427 491 1655 561 κρύψεις
1699 488 1884 544 αὐτόν.
1936 486 1998 539 Εἰ
2030 519 2039 542 ι

2140 500 2156 538 ι
2183 494 2233 540 te
2261 467 2415 551 boni',
2469 488 2625 557 cujus
2657 486 2754 540 tibi
2787 466 2950 553 causa
2984 483 3224 551 invidet;
3272 500 3372 541 nec
3401 485 3554 541 aliter
3592 485 3684 541 ttat

427 586 484 639 δὲ
518 583 749 646 πολλοὺς
789 583 886 653 μὲν
914 581 1135 650 ὠφελεῖ,
1176 583 1385 637 ἐκεῖνον
1410 583 1467 636 δὲ
1493 582 1677 647 λυπεῖ,
1710 582 1869 635 ποίου
1902 580 2003 651 μέ·-

434 693 563 748 ρους
588 674 892 746 περιφρονή
904 690 1011 737 ast;
1032 691 1047 741 ;
1065 675 1390 742 Ἀναγκαῖον
1417 668 1510 728 οῦν
1537 674 1635 743 τῆς
1655 672 1763 726 τῶν
1791 670 2003 724 πολλῶν

2110 584 2171 630 ut
2199 577 2319 647 ejus
2351 577 2516 631 sistas
2545 577 2799 640 livorem,
2826 576 2960 646 quin
2992 575 3199 645 aliquid
3239 591 3366 630 eum
3391 576 3683 632 celaveris.

2111 665 2206 721 Sin
2229 675 2413 721 autem
2450 667 2583 721 illud
2620 667 2891 737 ejusmodi
2922 666 3014 730 sit,
3045 666 3191 736 quod
3224 667 3426 722 multos
3458 665 3688 749 quidem

437 764 690 834 γενέσθαι
721 763 1019 834 ὠφελείας,
1068 762 1326 818 κάκείνου
1365 762 1423 816 δὲ
1471 762 1613 816 κατὰ
1647 761 1876 832 δύναμιν
1929 761 2005 831 μὴ

2140 766 2280 823 livet,
2312 758 2394 813 illi
2432 766 2613 813 autem
2642 757 2850 813 doloris
2891 765 3128 829 segetem
3176 757 3470 822 ministret,
3502 766 3684 813 utram

440 856 659 928 ἀμελεῖν
681 872 696 886 ·
769 856 907 927 μηδὲ
935 860 1005 928 τῇ
1037 854 1134 910 τοῦ
1161 854 1365 918 πάθους
1393 854 1629 925 πονηρίᾳ
1655 852 2009 923 συναπαχοῆοι

441 966 530 1002 ναι
550 966 563 981 ·
595 949 671 1012 ὡς
699 949 820 1019 οὐχὶ
843 946 923 1018 τῷ
956 947 1141 1012 πάθει,
1172 946 1310 1000 ἀλλὰ
1332 945 1413 1017 τῷ
1437 946 1699 1016 πάσχοντι
1720 944 2005 1016 άμυνόμιο

441 1059 532 1095 νον
556 1057 570 1070 ·
612 1040 747 1094 ἀλλὰ
774 1043 840 1112 τῇ
879 1040 1355 1112 ταπεινοφροσύνῃ
1374 1037 1628 1110 ἡγεῖσθαι
1657 1037 1820 1094 αὑτὸν
1846 1037 2012 1109 ὑπερ-

445 1134 639 1203 έχοντα
666 1132 916 1198 σεαυτοῦ,
951 1133 1042 1186 κα1
1096 1132 1154 1186 ὲν
1198 1132 1361 1185 παντὶ
1388 1130 1564 1203 καιρῷ
1596 1130 1690 1186 καὶ
1727 1130 1877 1199 τόπῳ
1916 1129 2012 1183 καὶ

446 1226 752 1295 πράγματι,
786 1226 1058 1297 προτιμᾷν
1088 1224 1272 1279 αὐτόν.
1303 1224 1408 1277 Τὸν
1429 1223 1488 1278 δὲ
1514 1222 1604 1276 σὺν
1632 1222 1825 1292 φθόνον
1852 1220 2013 1275 δύναι-

449 1332 538 1369 σαι
569 1318 784 1385 στῆσαι,
812 1316 909 1369 ἐὰν
932 1319 988 1369 ὲν
1013 1310 1096 1378 οἷς
1119 1314 1302 1386 χαίρει
1325 1316 1353 1368 ὁ
1377 1314 1483 1368 ὑπὸ
1512 1315 1604 1368 σοῦ
1625 1313 2011 1384 φθονούμενος,

450 1405 782 1476 συγχαίρης·
829 1408 923 1460 καὶ
951 1407 1009 1460 ὲν
1043 1398 1126 1470 οἷς
1155 1406 1427 1468 λυπεῖται,
1459 1407 1557 1459 καὶ
1586 1404 1754 1467 αὐτὸς
1786 1405 1850 1458 σὺ
1883 1403 2014 1457 συλ-

446 1493 621 1564 λυπῇ·
687 1494 908 1566 πληρῶν
960 1495 1021 1548 τὸ
1071 1496 1168 1549 τοῦ
1234 1496 1587 1559 Ἀποστόλου,
1638 1495 1723 1559 τὸ,
1777 1496 2017 1565 Χαίρειν

445 1586 594 1655 μετὰ
627 1586 976 1653 χαιρόντων,
1009 1584 1107 1638 καί
1135 1586 1369 1641 κλαίειν
1391 1587 1543 1654 μετὰ
1573 1588 1906 1641 κλαιόντων
1935 1624 1951 1642 .

2109 861 2324 921 partem
2347 850 2709 905 contemnes?
2739 850 2909 921 Igitur
2929 865 3152 907 necesse
3175 857 3279 915 est,
3307 858 3367 905 ut
3391 867 3422 904 a
3442 850 3682 920 plurium

2110 942 2372 1012 vulgique
2396 941 2633 996 utilitate
2659 948 2792 1006 stes,
2824 954 2926 995 nec
2951 948 3165 1004 tamen,
3185 948 3387 1009 quanta
3432 939 3683 1003 facultas,

2110 1033 2268 1089 illum
2299 1033 2565 1102 negligas,
2599 1046 2769 1086 neeve
2797 1040 2849 1086 te
2875 1032 2992 1086 vitii
3014 1032 3284 1102 pravitate
3307 1024 3685 1109 pariter'trabi

2112 1124 2282 1190 sinas,
2323 1123 2497 1193 utqui
2525 1138 2635 1178 non
2666 1122 2878 1188 morbo,
2909 1123 3004 1179 sed
3033 1138 3099 1177 eo
3118 1108 3387 1178 laboranti
3416 1138 3576 1192 opem
3606 1125 3688 1178 te-

2113 1231 2242 1271 ras:
2277 1214 2374 1270 sed
2424 1230 2619 1270 sensus
2662 1214 2948 1279 modestia,
2985 1230 3111 1270 eum
3156 1229 3374 1285 semper
3404 1214 3501 1270 tibi
3525 1231 3691 1285 supe-

2111 1306 2317 1361 riorem
2338 1303 2641 1368 existimes,
2672 1302 2932 1374 omnique
2967 1312 3212 1374 tempore
3246 1313 3301 1359 et
3334 1304 3455 1359 loco
3497 1320 3562 1360 ae
3589 1320 3687 1359 ue.-

2115 1397 2263 1470 gotio
2304 1396 2513 1467 primas
2546 1396 2623 1451 illi
2664 1395 2849 1451 cedas.
2881 1395 3055 1450 Tuam
3101 1412 3234 1451 vero
3264 1396 3381 1467 ipse
3423 1397 3688 1452 invidiam

2116 1488 2310 1544 sedare
2336 1495 2513 1557 potes,
2568 1486 2614 1541 si
2644 1486 2847 1557 quibus
2893 1486 3117 1558 gaudet,
3171 1488 3433 1558 inquem
3484 1489 3689 1546 invidia

2117 1579 2435 1643 concitaris,
2474 1580 2680 1649 pariter
2725 1579 2984 1650 gaudeas,
3016 1594 3080 1634 ac
3104 1580 3308 1650 quibus
3349 1580 3518 1647 dolet,
3574 1583 3690 1653 ipse

2119 1669 2282 1725 etiam
2305 1670 2512 1739 pariter
2539 1670 2747 1736 doleas,
2784 1670 3017 1739 implens
3057 1670 3189 1725 illud
3216 1672 3460 1741 Apostoii
3491 1694 3502 1727 :
3546 1673 3690 1729 Gan-

2120 1761 2243 1815 dere
2271 1777 2391 1815 cum
2432 1760 2798 1831 gaudentibus,
2838 1769 2889 1814 et
2921 1764 3049 1831 ﬂere
3077 1778 3196 1815 cum
3225 1763 3468 1832 ﬂentibus
3488 1764 3554 1816 ".

522 1847 630 1920 Ῑ-ιβό
671 1849 729 1903 Ὀ
756 1848 879 1914 νοῧς
909 1850 1068 1921 ἡμῶν
1099 1850 1267 1922 μέσος
1293 1851 1443 1924 [1189.
1469 1854 1520 1918 1,
1560 1854 1746 1928 μέσον]
1783 1856 1901 1910 ἐστὶ
1928 1855 2022 1910 δύο

2187 1849 2274 1905 92.
2302 1851 2455 1904 Mens
2498 1859 2685 1905 nostra
2714 1850 2949 1907 duorum
2985 1851 3351 1921 quorumdam
3376 1854 3555 1909 media
3586 1868 3692 1918 est,

457 1938 640 2001 τινῶν,
671 1938 903 1993 ἑκάστου
947 1937 1019 1992 τὰ
1051 1940 1160 1993 ῐδια
1207 1940 1590 2011 ἐνεργοῦντος·
1631 1942 1725 1996 τοῦ
1774 1942 1891 2013 μὲν,
1920 1941 2020 2013 τὴν

456 2030 686 2100 ἀρετήν·
748 2028 842 2083 τοῦ
867 2030 945 2095 δὲ,
984 2031 1083 2101 τὴν
1114 2032 1339 2087 κακίαν·
1403 2033 1646 2088 τουτέστι
1670 2035 1902 2103 ἀγγέλου
1931 2035 2024 2089 καὶ

457 2119 733 2189 δαίμονος.
776 2119 1055 2186 Ἐξουσίαν
1084 2122 1141 2176 δὲ
1171 2122 1285 2193 ἔχει
1318 2125 1346 2178 ὁ
1375 2124 1520 2191 νοῦς,
1566 2125 1661 2180 καὶ
1697 2125 1927 2181 δύναμιν
1983 2115 2029 2193 ᾧ

458 2209 600 2264 θέλει
626 2211 736 2265 εἴτε
761 2210 1013 2280 ἔπεσθαι,
1044 2214 1154 2268 εἴτε
1183 2216 1521 2288 ἀντιστῆναι.

528 2385 633 2456 ιγ’.
686 2388 753 2441 Δί
794 2386 892 2459 μὲν
939 2390 1089 2459 ἅγιαι
1122 2393 1389 2463 Δυνάμεις
1445 2388 1837 2465 προτρὲπονται
1886 2395 2032 2468 ἡμᾶς

460 2478 555 2530 ἐπὶ
584 2477 651 2531 τὰ
678 2477 819 2533 καλά
842 2494 856 2511 ·
914 2479 984 2533 τὰ
1018 2481 1075 2534 δὲ
1117 2481 1321 2552 φυσικὰ
1349 2482 1638 2554 σπέρματα
1670 2484 1764 2538 xui.
1792 2487 1826 2557 ἡ
1855 2484 2035 2556 ἀγαθὴ

462 2568 802 2639 προαίρεσις,
858 2568 1144 2640 βοηθοῦσιν
1185 2574 1315 2644 ἡμῖν
1341 2589 1355 2604 ·
1413 2572 1512 2638 τάς
1540 2575 1597 2628 δὲ
1628 2575 1738 2631 τῶν
1766 2576 2036 2648 δαιμόνων

452 2658 796 2730 προσϐολάς,
855 2661 922 2714 τά
953 2661 1098 2733 πάθη
1133 2664 1224 2717 καὶ
1255 2666 1287 2735 ἡ
1315 2665 1525 2737 πονηρὰ
1559 2669 1878 2739 προαίρεσις
1911 2686 2036 2726 συν-

463 2768 670 2806 ιστωσι.

535 2846 633 2914 ιιόν.
689 2849 793 2902 Τὸν
841 2849 1080 2922 καθαρὸν
1130 2848 1286 2912 νοῦν,
1345 2852 1474 2905 ποτὲ
1503 2852 1621 2923 μὲν,
1664 2848 1882 2917 αὑτὸςὸ
1911 2853 2041 2917 Θεὸς
2098 2898 2099 2905 η

466 2939 613 3011 αὐτῷ
641 2942 934 2997 ἐπιϐαίνων
961 2943 1226 2999 διδάσκει·
1263 2944 1390 2998 ποτὲ
1412 2944 1489 3009 δὲ,
1514 2946 1569 2998 at
1594 2945 1746 3013 άγιαι
1774 2946 2042 3017 Δυνάμεις

466 3033 535 3086 τά
578 3034 717 3088 καλὰ
766 3036 1143 3091 ὑποτίθενται·
1212 3038 1338 3093 ποτὲ
1377 3038 1466 3104 δὲ,
1514 3040 1548 3111 ἡ
1580 3037 1737 3110 φύσις
1766 3039 1874 3093 τῶν
1903 3056 2046 3112 πρα-

468 3124 694 3194 γμάτων
723 3127 1098 3200 θεωρουμένη.

538 3307 640 3371 ιβ’.
698 3305 818 3378 Χρὴ
849 3304 943 3359 τὸν
969 3308 1374 3374 καταξιωθέντα
1403 3310 1656 3379 γνώσεως
1679 3309 1807 3364 νοῦν
1825 3349 1839 3375 ,
1887 3309 1957 3364 τά
1981 3326 2042 3362 τε

469 3394 718 3463 νοήματα
747 3399 934 3467 τηρεῖν
961 3398 1284 3476 ἀπαθῆ-τῶν
1304 3401 1666 3473 πραγμάτων·
1706 3400 1795 3456 καὶ
1822 3401 1890 3455 τὰ
1912 3401 2043 3455 θεω-

474 3488 709 3557 ρήματα,
733 3488 969 3561 ἀσφαλῆ·
1001 3491 1093 3544 καὶ
1123 3492 1220 3563 τὴν
1245 3492 1345 3561 τῆς
1370 3495 1680 3566 προσευχῆς
1708 3499 2045 3550 κατάστασιν

472 3576 758 3632 ἀθόλωτον.
828 3581 901 3632 Ού
948 3580 1168 3635 δύναται
1214 3584 1271 3637 δὲ
1319 3584 1491 3638 ταῦτα
1525 3585 1610 3638 ἀεὶ
1635 3587 1822 3657 τηρεῖν
1851 3585 2046 3640 ἐκτῶν

473 3669 573 3738 τῆς
605 3671 805 3741 σαρκὸς
832 3672 1133 3726 ἀντιδόσεων
1154 3714 1167 3737 ,
1221 3674 1310 3728 διὰ
1342 3675 1443 3744 τῆς
1486 3676 1594 3731 τῶν
1624 3677 1897 3749 δαιμόνων
1926 3679 2047 3732 ἑπι-

478 3758 674 3829 ϐουλῆς
704 3756 1117 3835 καπένιζόμενος.
1525 3785 1528 3789 '

552 3955 666 4018 L_g'.
718 3954 792 4007 Οὐ
821 3955 1004 4010 δι’ὄσα
1032 3957 1367 4031 λυπούμεθα,
1397 3960 1487 4014 διά
1509 3960 1683 4016 ταῦτα
1712 3963 1807 4016 καὶ
1836 3963 2053 4033 ὀργιζὸ·

487 4042 646 4114 μεθα.
711 4046 999 4111 Πλεονάζει
1048 4049 1156 4119 γάρ
1216 4049 1283 4102 τά
1334 4048 1431 4118 τὴν
1475 4049 1654 4124 λύπην
1699 4053 2051 4123 ἐμποιοῦντα,

487 4133 635 4203 παρὰ
666 4135 764 4206 τὴν
793 4137 981 4210 ὀργήν.
1041 4133 1187 4206 Οἷον,
1240 4140 1476 4213 ἐκλάσθη
1498 4136 1624 4196 τόδε
1655 4143 1755 4215 (α)·
1806 4143 2054 4198 ἀπώλετο

485 4224 602 4278 τόδε
622 4244 634 4256 ·
682 4226 948 4282 ἀπέθανεν
975 4229 1004 4281 ὁ
1031 4228 1197 4284 δεῖνα.
1229 4230 1328 4285 Διὰ
1352 4231 1457 4304 γάρ
1478 4224 1553 4286 τιὰ
1577 4232 1820 4297 τοιαῦτα,
1854 4235 2055 4290 λυπού-

2123 1958 2360 2012 quorum
2399 1952 2631 2013 uterque
2661 1954 2942 2013 Operatur,
2978 1960 3099 2014 qum
3120 1943 3227 1999 sibi
3257 1947 3480 2016 propria
3502 1947 3692 2013 habet;

2124 2033 2283 2097 alter,
2316 2033 2615 2097 virtutem;
2653 2034 2813 2097 alter,
2857 2034 3083 2099 vitium;
3118 2034 3264 2089 inter
3285 2036 3500 2093 scilicet
3534 2054 3697 2109 ange-
3742 2080 3757 2105 ,

2125 2128 2239 2181 lum
2265 2132 2429 2194 atque
2461 2125 2787 2181 dmmoncm.
2823 2125 3021 2186 Libera
3062 2142 3193 2181 vero
3226 2127 3305 2183 illi
3327 2127 3558 2184 facultas
3590 2139 3695 2196 est,

2130 2226 2292 2288 atque
2317 2225 2580 2287 potestas,
2615 2227 2798 2271 utrum
2828 2218 2959 2272 velit
2986 2218 3163 2288 sequi,
3199 2226 3294 2272 aut
3324 2218 3411 2273 cui
3446 2220 3698 2278 resistere

2133 2309 2305 2363 malit.

2200 2397 2360 2471 M3
2385 2398 2473 2455 93.
2512 2398 2725 2453 Sancta:
2758 2396 3023 2463 Virtutes,
3052 2413 3152 2453 nos
3185 2397 3251 2453 ad
3288 2414 3351 2453 ea
3379 2406 3696 2469 prevocant,

2135 2505 2255 2559 quae
2281 2489 2509 2544 honesta
2534 2504 2597 2544 ac
2622 2487 2784 2543 ofﬁcii
2811 2496 2941 2543 sunt
2970 2506 2983 2541 ε
3022 2488 3295 2543 naturalia
3332 2482 3463 2544 vero
3495 2491 3702 2547 semina

2137 2594 2201 2633 ac
2232 2579 2378 2633 bona
2416 2579 2694 2645 voluntas,
2734 2594 2838 2651 ope
2887 2580 3082 2651 juvant
3118 2597 3131 2632 :
3171 2579 3481 2635 daemonum
3521 2591 3705 2637 autem

2138 2671 2415 2736 incursus,
2447 2670 2678 2725 aﬂ‘eetus
2707 2686 2769 2725 ac
2788 2672 2921 2725 vitia
2953 2671 3206 2743 malaque
3239 2672 3490 2727 voluntas
3520 2688 3709 2727 corro-

2139 2763 2356 2818 borant.
3057 2779 3062 2782 ·

2211 2855 2299 2910 94.
2360 2857 2558 2912 Puram
2613 2866 2874 2925 mentem,
2919 2857 3252 2930 quandoque
3296 2858 3517 2931 quidem
3554 2856 3710 2912 'Deus

2145 2948 2261 3015 ipse
2293 2947 2368 3003 illi
2401 2950 2689 3018 immeans,
2721 2950 2914 3019 docet;
2959 2949 3289 3022 quandoque
3336 2967 3467 3007 vero
3511 2957 3712 3006 sancta:

2144 3040 2411 3105 Virtutes,
2444 3057 2566 3111 quae
2588 3032 2723 3096 sunt
2752 3043 2985 3098 honesta
3015 3050 3316 3119 suggerunt
3340 3059 3353 3097 :
3382 3041 3712 3113 quandoque

2147 3133 2263 3203 ipsa
2306 3150 2490 3188 rerum
2538 3134 2751 3191 indoles
2787 3135 3105 3208 diligentius
3142 3136 3326 3192 animo
3374 3136 3617 3207 inspecta
3650 3149 3715 3190 ac

2144 3226 2508 3281 considerata.

2215 3315 2303 3369 95.
2356 3314 2516 3377 Eum,
2575 3314 2670 3385 qui
2733 3314 2977 3371 scientiae
3040 3330 3268 3387 compos
3321 3316 3553 3371 effectus
3606 3322 3713 3379 est,

2145 3418 2373 3463 necesse
2403 3413 2509 3472 est,
2541 3414 2657 3461 tum
2694 3416 3226 3478 rerum'eonceptus
3263 3423 3485 3464 servare
3521 3423 3552 3462 a
3589 3406 3717 3461 libi-

2148 3497 2278 3553 dine
2322 3496 2524 3568 puros;
2584 3508 2698 3553 tum
2751 3514 2948 3554 sensus
2998 3499 3297 3570 Spiritales,
3345 3508 3493 3555 tutos
3537 3517 3550 3553 :
3603 3507 3715 3553 tum

2148 3588 2388 3659 denique
2414 3588 2768 3660 tranquillum
2795 3591 3062 3646 orationis
3093 3598 3316 3645 statum.
3354 3589 3506 3645 Haud
3537 3600 3719 3645 tamen

2153 3679 2267 3735 fieri
2291 3687 2472 3751 potest
2497 3678 2558 3735 ut
2584 3681 2701 3736 ba’c
2728 3695 2946 3752 semper
2980 3698 3092 3753 prae
3128 3683 3308 3738 carnis
3339 3682 3721 3753 eruptionibus

2152 3781 2369 3851 servet;
2405 3771 2556 3826 fumo
2586 3772 2795 3828 scilicet
2821 3789 2920 3842 per
2948 3772 3175 3828 insidias
3195 3773 3503 3827 dromonum
3538 3772 3589 3827 ei
3620 3773 3720 3828 ob-

2150 3865 2426 3920 turbante.

2225 3958 2313 4013 96.
2346 3957 2464 4012 Non
2504 3956 2764 4011 omnibus
2799 3954 3004 4025 quibus
3043 3953 3313 4019 dolemus,
3336 3952 3424 4009 bis
3450 3963 3506 4009 et
3530 3954 3722 4008 irasci-

2155 4063 2300 4102 mur.
2340 4046 2502 4101 Plura
2530 4045 2680 4100 enim
2722 4053 2853 4099 sunt
2881 4059 3004 4114 qua:
3048 4042 3328 4098 tristitiam
3366 4041 3725 4111 doloremque

2159 4140 2338 4201 cient,
2369 4153 2533 4208 quam
2561 4152 2682 4207 qua:
2707 4126 2842 4190 iram
2883 4135 3044 4199 Puta,
3077 4149 3172 4189 vas
3200 4133 3433 4188 fraetum
3456 4141 3573 4198 est;
3599 4148 3725 4202 per-

2162 4234 2247 4297 iit,
2276 4248 2372 4288 seu
2415 4232 2677 4285 amissum
2718 4238 2836 4296 est;
2883 4228 2973 4284 hic
3017 4227 3239 4299 quidam
3273 4227 3420 4281 diem
3450 4225 3608 4280 obiit.
3646 4223 3727 4280 Ob

492 4317 631 4387 μεθα
677 4318 868 4389 μόνον·
929 4320 1016 4374 διὰ
1054 4320 1110 4375 δὲ
1157 4323 1225 4376 τά
1262 4321 1443 4388 λοιπὰ,
1498 4325 1591 4378 καὶ
1620 4324 1934 4397 λυπούμεθα
1963 4328 2039 4382 κα¹

2158 4328 2276 4382 haec
2300 4325 2446 4381 enim
2471 4331 2528 4379 et
2562 4322 2784 4386 similia,
2813 4320 3066 4375 dolemus
3087 4326 3332 4384 tantum;
3360 4317 3429 4372 ob
3451 4317 3556 4371 alia
3576 4332 3727 4379 vero,

490 4408 838 4482 ὀργιζόμεθα,
867 4408 1207 4484 ἀφιλοσόφως
1233 4415 1581 4487 διακείμνοι.

562 4603 664 4671 ne.
699 4603 992 4675 Δεχόμενος
1017 4605 1045 4657 ὁ
1070 4604 1192 4669 νοῦς
1217 4604 1285 4658 τά
1306 4603 1415 4659 τῶν
1436 4606 1772 4677 πραγμάτων
1793 4607 2054 4679 νοήματα,

493 4702 624 4768 πρὸς
681 4697 909 4750 ἕκαστον
965 4697 1143 4768 νόημα
1200 4696 1773 4768 μετασχηματίζεσθαι
1826 4701 2058 4771 πέφυκε.

492 4788 721 4861 θεωρῶν
747 4788 802 4840 δὲ
832 4787 1002 4842 ταῦτα
1030 4788 1415 4860 πνευματικῶς
1437 4831 1451 4854 ,
1503 4786 1638 4860 πῶς
1666 4790 1893 4847 ἕκαστον
1924 4790 2058 4845 θεῶν

495 4898 649 4952 ρημα
699 4881 954 4946 ποικίλως
1009 4881 1508 4953 μεταμορφοῦσθαι.
1551 4881 1640 4935 Ἐν
1668 4882 1725 4936 δὲ
1766 4883 1881 4955 Θεῷ
1906 4885 2063 4953 γενό-

498 4989 697 5042 μενος,
745 4973 989 5044 ἄμορφος
1037 4974 1212 5045 πάντη
1266 4972 1358 5028 καὶ
1398 4975 1805 5046 ἀσχημάτιστος
1830 4975 2060 5044 γίνεται.

496 5064 601 5118 Τὸν
646 5066 754 5136 γάρ
812 5065 1058 5136 μονοειδῆ
1107 5066 1363 5138 θεωρῶν,
1422 5067 1699 5139 μονοειδὴς
1730 5070 1939 5137 γίνεται
1970 5071 2065 5125 καὶ

498 5153 617 5218 ὅλος
644 5155 952 5226 φωτοειδής.

570 5315 613 5348 ’⁷
640 5314 799 5370 Item.
835 5331 931 5382 xu,
962 5316 1049 5371 15.

572 5454 649 5525 (τι)
701 5450 1013 5525 Ἐξιλᾴσθηᾲ
1043 5451 1196 5525 was,
1230 5453 1349 5508 Non
1393 5452 1528 5508 satis
1566 5450 1711 5525 felici
1749 5459 2067 5525 conjectura

503 5521 639 5581 Bill.
666 5523 896 5593 perinde
938 5523 1149 5591 ὲκλάπη
1181 5523 1286 5593 legi
1327 5538 1501 5593 posse
1526 5521 1876 5593 existimarit,
1908 5521 2066 5593 quod

502 5612 642 5668 puro
670 5591 928 5668 typorum
970 5593 1173 5668 mendo
1207 5591 1572 5668 augmen.
1605 5591 1718 5646 Nec
1747 5600 1855 5668 tam
1895 5591 2062 5646 Gesn.

501 5660 910 5729 emendaverat,
941 5679 1105 5734 quam
1129 5664 1323 5734 legisse
1352 5663 1677 5734 Obsopazum
1715 5660 2060 5734 adverterat:

509 5745 739 5806 uterque
780 5730 1247 5806 enimfFrartu'rn
1307 5742 1383 5787 est
1433 5730 1640 5806 nliquid
1678 5747 1696 5785 :
1743 5746 1869 5785 eum
1918 5730 2068 5806 furto

510 5800 774 5873 ablatum,
820 5805 997 5876 ipsum
1028 5820 1167 5876 pene
1202 5804 1271 5860 sit
1303 5802 1448 5874 quod
1489 5800 1787 5868 amissum;
1824 5816 1924 5855 nee
1967 5800 2036 5856 de

2162 4421 2413 4477 dolemus
2434 4416 2596 4474 simul
2619 4423 2677 4472 et
2701 4414 2990 4469 irascimur
3012 4428 3108 4468 seu
3141 4412 3510 4482 indignamur,
3535 4409 3733 4465 animis

2091 4523 2135 4579 υ
2162 4528 2273 4567 non
2308 4510 2442 4564 satis
2476 4522 2544 4562 ex
2564 4503 2788 4561 virtutis
2827 4502 3041 4559 ratione
3067 4500 3412 4572 compositis.

2235 4604 2323 4659 97.
2380 4600 2612 4656 Animus
2665 4612 2850 4651 rerum
2894 4602 3197 4664 conceptus
3251 4592 3580 4663 suscipiens,
3633 4606 3734 4660 pro

2168 4694 2596 4765 uniuscujusque
2624 4689 2835 4744 ratione
2867 4687 2975 4742 alio
3008 4686 3224 4756 alioque
3263 4683 3429 4738 modo
3454 4683 3735 4751 componi-

2167 4800 2274 4844 tur.
2304 4788 2442 4841 Dum
2474 4792 2656 4839 autem
2686 4781 3008 4853 spiritaliter
3030 4777 3365 4841 considerat,
3399 4774 3466 4830 ad
3491 4773 3735 4845 singulos
3794 4796 3797 4799 ·

2167 4878 2446 4952 spiritales
2489 4890 2685 4931 sensus
2734 4873 2885 4928 varie
2930 4871 3376 4926 transformatur.
3420 4868 3488 4921 At
3526 4866 3585 4920 in
3624 4866 3735 4920 Deo

2168 4986 2414 5033 versans,
2443 4969 2628 5023 omnis
2652 4967 2840 5022 forma:
2870 4973 3037 5034 atque
3075 4962 3258 5033 ﬁgura:
3285 4975 3512 5031 prorsus
3543 4974 3737 5028 expers

2166 5064 2423 5123 efficitur.
2467 5061 2600 5133 Ejus
2637 5059 2787 5115 enim
2836 5056 2931 5127 qui
2966 5054 3257 5109 uniformis
3299 5061 3387 5129 est
3424 5051 3737 5107 considera-

2171 5159 2344 5220 tione,
2376 5152 2670 5211 uniformis
2695 5151 2812 5221 ipse
2839 5157 3097 5218 totusque
3121 5144 3340 5201 lucidus
3369 5143 3648 5200 redditur.

2172 5450 2385 5523 buerit_
2410 5447 2675 5523 Maximus
2715 5441 2960 5523 ejusbem
3011 5455 3153 5523 pene
3191 5437 3413 5523 generis
3459 5436 3740 5523 geminare

2173 5505 2444 5589 exempla,
2470 5518 2675 5571 omisso
2708 5505 2855 5589 quod
2892 5514 2974 5569 sic
3013 5505 3069 5589 i_n
3098 5505 3357 5581 promptu
3394 5505 3498 5563 est.
3530 5505 3741 5589 Quotus

2171 5575 2584 5667 enim-quisque
2611 5575 2849 5667 estfqui
2878 5600 2989 5639 non
3020 5575 3347 5667 [ra-etesias}
3368 5592 3516 5667 fasti
3544 5575 3742 5667 aliquo

2171 5646 2382 5721 doleat:
2394 5646 2620 5783 pergrade
2643 5646 2714 5713 ac
2727 5646 2911 5726 aliquo
2934 5652 3166 5709 amisso?
3187 5650 3266 5729 ita
3282 5646 3518 5717 denique
3544 5658 3742 5715 reprae-

2173 5737 2394 5783 sentant
2419 5743 2483 5783 co
2567 5768 2581 5782 .

2173 5737 2394 5788 sontant
2419 5737 2581 5784 οοιιιι.
