4128 6210
495 353 512 415 1
523 350 629 418 047

1722 363 1783 423 S.
1824 362 2113 423 MAXIMI
2150 364 2661 428 CONFESSORIS

3608 356 3746 429 1M8

559 465 651 523 98.
701 467 897 527 Antma
936 466 1179 538 periecta
1221 475 1328 534 est,
1366 470 1527 541 cujus
1568 466 1696 542 pars
1741 471 1988 542 patibilis
2015 476 2054 527 vi

2238 478 2350 547 iur.
2403 477 2563 549 Ψυχή
2613 478 2730 530 ἔστι
2773 476 2952 531 τελεία
2975 518 2991 543 ,
3049 472 3118 549 ἧς
3150 476 3182 547 ἡ
3213 473 3489 547 παθητικὴ
3520 473 3747 545 δύναμις

490 566 610 614 tota
631 558 811 629 vergit
836 557 891 612 in
918 558 1113 613 Deum.

555 650 644 706 99.
672 649 821 703 Mens
844 648 1082 719 perfecta
1108 660 1212 716 est,
1239 666 1363 722 quae
1390 667 1491 723 per
1528 667 1715 709 veram
1756 654 1943 715 ﬁdem.
1981 654 2066 724 ip-

485 755 607 795 sum
623 739 983 796 excedentem
1022 756 1240 796 omnem
1266 742 1553 798 scientiam
1587 744 1751 798 modo
1775 744 2060 800 scientiam

484 845 703 885 omnem
733 830 1057 896 excedente,
1091 846 1259 903 supra
1288 848 1510 890 omnem
1543 835 1788 892 scientiae
1826 836 2051 892 modum

482 923 764 992 cognovit,
806 923 1041 994 ejusque
1092 939 1345 995 operum,
1392 928 1653 983 universa
1696 928 2062 999 contemplata

481 1024 591 1080 est,
630 1015 799 1086 inque
830 1016 914 1071 eis
951 1017 1324 1073 Providentiae
1356 1034 1420 1074 ac
1454 1019 1648 1092 judicii
1690 1021 2061 1077 universalem

480 1107 767 1163 scientiam
804 1106 1093 1180 (quantum
1140 1109 1352 1165 scilicet
1385 1125 1706 1167 concessum
1739 1112 2060 1169 hominibus

479 1198 588 1271 est)
619 1201 854 1269 accepit.

549 1289 672 1344 100.
726 1289 968 1360 Tempus
998 1290 1260 1347 trifariam
1295 1292 1590 1359 dividitur;
1629 1309 1693 1347 ac
1730 1291 1953 1363 quidem
1993 1290 2058 1345 ll-

476 1380 593 1446 des,
621 1381 800 1437 tribus
835 1383 956 1454 ejus
977 1384 1227 1453 partibus
1262 1385 1675 1440 coextcnditur:
1703 1400 1829 1454 spes
1849 1392 2056 1449 autem,

476 1472 575 1527 uni
599 1472 906 1529 duntaxat:
939 1475 1203 1541 charitas,
1244 1476 1479 1533 duabus;
1530 1479 1607 1532 Ae
1645 1476 1870 1548 quidem
1919 1476 2057 1531 ﬁdes

476 1574 640 1636 atque
688 1581 835 1636 spes,
877 1567 945 1621 ad
989 1577 1196 1623 certam
1239 1584 1415 1639 usque
1461 1569 1780 1640 periodum;
1816 1568 2057 1624 charitas

475 1673 609 1713 vero
655 1659 711 1713 in
757 1659 969 1715 inﬁnita
1013 1662 1212 1716 saecula
1255 1662 1307 1716 ei
1355 1661 1531 1726 unita,
1564 1662 1658 1731 qui
1698 1676 1866 1731 super
1890 1674 2055 1731 quam

474 1747 727 1806 inﬁnitus
749 1758 855 1817 est,
882 1767 1212 1821 semperque
1249 1752 1367 1823 ipsa
1402 1751 1583 1821 seipsa
1625 1751 1840 1806 auctior
1868 1765 2055 1821 perse-

474 1849 645 1896 verat.
680 1841 756 1895 Ac
778 1842 903 1896 ideo
931 1861 942 1895 :
982 1841 1232 1897 Omnibus
1257 1845 1432 1914 major
1468 1854 1543 1898 est
1570 1844 1803 1898 Charitas
1841 1841 1910 1896 ⁸⁸.

998 2055 1162 2130 444
1190 2058 1516 2116 EIUSDEM

724 2145 928 2213 Quater
952 2160 1171 2204 centena
1206 2153 1382 2222 capita
1418 2155 1483 2206 de
1522 2154 1803 2209 charitate.

546 2240 599 2295 1.
628 2239 817 2295 Primo
846 2241 1155 2297 admiratur
1196 2243 1415 2300 animus
1456 2244 1700 2301 divinam
1737 2264 1839 2318 per
1868 2247 2053 2304 omnia

476 2336 804 2393 infinitatem
872 2337 1140 2408 cogitans,
1206 2339 1472 2411 illudque,
1514 2339 1931 2410 impermeabile
1988 2355 2054 2395 ac

476 2429 666 2485 multis
693 2429 1016 2486 nominibus
1028 2431 1332 2502 expetitum
1354 2432 1581 2504 pelagus
1604 2440 1886 2502 reputans.
1911 2431 2052 2486 Tum

476 2530 681 2592 stupet,
714 2521 994 2592 quomodo
1037 2538 1106 2579 ex
1134 2523 1331 2588 nihilo,
1362 2538 1549 2581 rerum
1578 2531 1640 2579 ut
1678 2531 1883 2588 essent,
1920 2539 2052 2595 pro-

474 2612 696 2667 duxerit
735 2622 1012 2669 naturam.
1042 2614 1516 2681 Quemadmodum
1545 2632 1680 2672 vero
1723 2615 2055 2688 magnitudi-

474 2703 564 2760 nis
601 2704 723 2775 ejus
763 2720 875 2760 non
915 2714 1002 2761 est
1038 2706 1163 2761 linis
1194 2708 1262 2772 ”,
1293 2706 1374 2762 sic
1403 2723 1582 2778 neque
1621 2707 1743 2779 ejus
1770 2707 2054 2779 sapientiae

475 2797 726 2853 inventio
756 2798 976 2854 exsistit
996 2802 1035 2852 ‘.

540 2889 597 2945 Ξ.
629 2890 916 2957 Quomodo
940 2889 1087 2947 enim
1126 2906 1236 2946 non
1275 2900 1513 2962 stupeat,
1559 2891 1886 2947 immensum
1917 2892 2054 2948 illud

473 3000 804 3056 omnemque
846 2984 1121 3041 excedens
1168 2992 1472 3054 stuporem,
1513 2984 1778 3039 bonitatis
1830 2985 2055 3055 pelagus

472 3074 866 3131 considerans?
912 3074 1023 3128 Aut
1067 3072 1345 3144 quomodo
1394 3089 1509 3129 non
1560 3083 1745 3129 mente
1800 3073 2050 3141 excedat,

473 3181 660 3222 secum
694 3166 812 3237 ipse
837 3164 1112 3236 cogitans,
1139 3180 1247 3235 qua
1280 3164 1495 3220 ratione
1535 3181 1600 3220 ac
1626 3164 1772 3220 unde
1803 3174 1926 3220 orta
1958 3165 2049 3231 sit,

474 3259 760 3316 rationalis
793 3258 1216 3330 intelligensque
1252 3257 1583 3323 substantia,
1628 3273 1845 3313 necnon
1910 3274 2050 3328 qua-

475 3362 603 3407 tuor
630 3352 927 3414 elementa.
959 3329 1027 3407 ex
1060 3350 1265 3421 quibus
1306 3357 1436 3405 sunt
1464 3365 1718 3420 corpora,
1747 3365 1871 3405 cum
1904 3350 2055 3405 nulla
2082 3329 2123 3386 (ἶ

472 3441 702 3498 materia
747 3442 1050 3513 prmiverit,
1093 3441 1238 3496 unde
1285 3441 1400 3498 haec
1445 3440 1725 3497 orirentur
1758 3450 2056 3512 essentque

474 3535 851 3606 procreanda?
899 3533 1098 3601 Quaeve
1135 3535 1226 3589 illa
1265 3535 1511 3605 potentia
1558 3533 1614 3588 in
1655 3544 1839 3590 actum
1879 3543 2049 3598 mota,

473 3626 591 3681 haec
616 3624 674 3679 in
699 3640 886 3681 rerum
930 3633 1185 3681 naturam
1225 3624 1519 3695 produxit?
1557 3624 1757 3681 Verum
1797 3623 1972 3680 Graeci
1999 3622 2055 3678 id

474 3732 587 3774 non
611 3716 934 3782 admittunt,
959 3715 1055 3788 qui
1081 3716 1516 3786 omnipotentem
1547 3713 1873 3779 bonitatem,
1904 3714 2053 3785 ejus-

473 3824 581 3878 que
601 3809 712 3863 vim
735 3807 1038 3872 efﬁcacem,
1074 3821 1403 3877 omnemque
1443 3820 1668 3862 sensum
1693 3804 2052 3862 excedentem

473 3899 796 3972 sapientiam
825 3908 881 3955 et
905 3898 1214 3964 scientiam,
1240 3896 1467 3965 minime
1494 3896 1769 3953 noverint.

542 3991 597 4047 5.
647 3992 793 4047 Deus
842 3992 962 4062 ipse
1010 3989 1080 4045 ab
1124 3998 1332 4047 aaterno
1370 3989 1663 4056 conditor,
1721 4003 1846 4045 cum
1893 3989 2051 4054 libet,

473 4083 657 4142 Verbo
682 4083 790 4140 sibi
811 4081 1268 4141 consubstantiali
1293 4097 1359 4139 ac
1382 4082 1589 4153 Spiritu
1621 4083 1764 4154 (qua:
1783 4083 1903 4153 ejus
1924 4082 2051 4138 inﬁ—

474 4175 589 4231 nita
617 4175 836 4232 bonitas
866 4175 1010 4243 est!)
1043 4188 1133 4229 res
1159 4173 1349 4229 condit
1376 4188 1441 4228 ac
1475 4172 1626 4229 facit.
1669 4171 1859 4244 Neque
1895 4173 2054 4229 dixe-

473 4267 553 4324 ris
577 4286 592 4323 :
621 4267 740 4335 Qua
760 4282 912 4323 nunc
954 4269 1167 4323 ratione
1191 4266 1475 4334 Condidit,
1504 4266 1601 4337 qui
1636 4280 1855 4336 semper
1876 4265 2057 4322 bonus

472 4360 659 4416 esset?
694 4359 833 4415 Nam
874 4367 931 4414 et
977 4374 1079 4431 ego
1125 4358 1489 4430 respondebo,
1531 4356 1760 4414 inﬁnita:
1802 4358 2056 4415 essentia;

476 4451 1010 4523 imperscrutabilem
1038 4451 1386 4523 sapientiam,
1420 4450 1523 4507 sub
1553 4449 1838 4507 scientiam
1859 4448 2055 4504 bumac

473 4559 603 4602 nam
633 4560 745 4599 non
784 4543 1005 4602 cadere.

2167 565 2418 621 νένευκεν
2449 566 2710 632 ὑλοτελῶς
2745 566 2879 637 πρὸς
2903 565 3056 620 Θεόν.

2236 654 2340 723 ιιθι.
2393 655 2537 720 Νοῦς
2581 658 2696 711 ἐστι
2750 656 2986 721 τέλειος,
3036 656 3066 708 ὁ
3106 655 3199 710 διὰ
3224 654 3456 718 πίστεως
3488 653 3745 726 ἀληθοῦς,

2162 744 2255 800 τὸν
2279 746 2378 799 ὑπε
2390 746 2699 816 ράγνωστον
2724 744 3162 819 ὑπεραγνιῖητως
3193 744 3621 820 ὑπερεγνωκώς·
3653 746 3746 800 καὶ

2164 836 2274 891 τῶν
2299 838 2461 892 αὑτοὺ
2490 840 3011 911 δημιουργημάτων,
3038 839 3108 893 τὰ
3134 839 3365 894 καθόλου
3388 839 3742 910 Θεασάμενος⁶

2163 929 2260 982 καὶ
2290 929 2388 999 τῆς
2414 931 2473 984 ὲν
2498 931 2683 994 αὐτοῖς
2717 930 2983 1003 Προνοίας
3014 931 3109 984 καὶ
3137 930 3408 1001 κρίσεως,
3462 928 3562 998 τὴν
3584 946 3745 1001 περιο-

2162 1021 2432 1093 ληπτικὴν
2458 1020 2661 1091 γνῶσιν
2691 1024 2842 1093 παρὰ
2868 1023 3006 1077 Θεοῦ
3030 1022 3267 1093 εἰληφώς
3293 1039 3307 1053 ·
3342 1021 3417 1086 ὡς
3445 1022 3504 1075 ὲν
3530 1020 3744 1092 ἀνθρώ-ι

2164 1131 2287 1180 ποις
2311 1115 2369 1171 δέ
2398 1133 2563 1188 φημι.

2233 1299 2300 1363 ρ’.
2354 1292 2568 1364 Τριχῶς
2596 1294 2849 1363 τέμνεται
2877 1295 2906 1348 ὁ
2933 1295 3124 1366 χρόνος
3147 1309 3161 1323 ο
3215 1296 3311 1348 καὶ
3339 1295 3372 1364 ή
3405 1292 3505 1363 μὲν
3536 1292 3739 1358 πίστις,

2159 1386 2273 1448 τοῖς
2313 1384 2465 1453 τρισὶ
2508 1384 3008 1455 συμπαρατείνεται
3051 1384 3301 1456 τμήμασι
3327 1399 3342 1414 ⁸
3401 1386 3433 1452 ἡ
3463 1383 3519 1436 δὲ
3562 1382 3738 1447 ἐλπὶς,

2158 1474 2236 1545 τῷ
2284 1475 2399 1529 ἑνί·
2460 1477 2493 1547 ἡ
2534 1475 2591 1529 δὲ
2627 1476 2840 1548 ἀγάπη,
2886 1478 2996 1539 τοῖς
3025 1476 3167 1530 δυσί.
3229 1476 3340 1529 Καὶ
3369 1477 3401 1547 ὴ
3431 1476 3529 1545 μὲν
3560 1475 3740 1535 πίστις

2158 1569 2253 1624 καὶ
2281 1569 2434 1633 ἐλπὶς
2464 1569 2623 1641 μέχρι
2648 1569 2812 1634 τινός·
2840 1572 2872 1641 ὴ
2899 1569 2957 1623 δὲ
2983 1569 3193 1640 ἀγάπη,
3227 1569 3308 1634 είς
3330 1568 3589 1640 ἀπείρους
3608 1565 3739 1622 αἰῶ-

2157 1678 2256 1724 νας
2310 1659 2388 1732 τῷ
2438 1661 2792 1733 ὑπεραπείρῳ
2822 1662 3218 1733 ὑπερηνωμένη
3245 1702 3260 1725 ,
3315 1660 3407 1714 καὶ
3453 1661 3540 1713 ἀεὶ
3568 1660 3737 1728 ὑπερ-

2157 1752 2396 1818 αὑξουσα
2424 1752 2689 1823 διαμένει.
2746 1753 2857 1805 Καὶ
2886 1751 2975 1805 διὰ
3000 1750 3158 1804 τοῦτο
3182 1791 3197 1817 ,
3249 1747 3473 1811 Μείζωγ
3497 1748 3738 1803 πάντων

2083 1826 2125 1881 Β
2154 1841 2192 1911 ἡ
2214 1840 2436 1911 ἀγάπη.

2654 2102 2657 2105 ρ
2747 2068 2879 2121 ΤΟΥ
2929 2065 3165 2122 ΑΥΤΟΥ

2223 2159 2364 2227 Περὶ
2399 2159 2645 2228 ἀγάπης
2680 2158 2928 2227 τετάρτη
2957 2159 3297 2228 κεφαλαίων
3322 2156 3666 2226 ἐκατοντάς.

2222 2257 2290 2305 α’.
2326 2250 2548 2321 Πρῶτον
2582 2251 2680 2321 μὲν
2713 2249 2984 2325 Θαυμάζει
3012 2252 3041 2303 ὁ
3071 2251 3195 2313 νοῦς
3221 2250 3318 2322 τὴν
3349 2249 3499 2304 Θείαν
3529 2249 3734 2304 ἐννοού-

2155 2359 2314 2415 μενος
2344 2342 2486 2396 κατά
2511 2342 2689 2396 πάντα
2714 2341 2988 2412 ἀπειρίαν,
3020 2341 3115 2396 καὶ
3143 2340 3206 2395 τὸ
3232 2340 3531 2395 ἀνέκϐατον
3561 2342 3733 2395 ἐκεῖνο

2153 2436 2246 2491 καὶ
2277 2434 2652 2507 πολυπόθητον
2681 2434 2937 2504 πέλαγος.
2974 2434 3237 2507 Δεύτερον
3261 2434 3317 2486 δὲ
3345 2432 3732 2504 ἐκπλήττεται,

2155 2526 2273 2592 πῶς
2296 2528 2361 2581 ὲκ
2389 2525 2484 2581 τοῦ
2509 2527 2737 2600 μηδενὸς
2770 2528 2871 2598 τὴν
2902 2526 3013 2580 τῶν
3032 2525 3198 2581 ὅντων
3228 2527 3308 2590 εἰς
3339 2525 3399 2579 τὸ
3423 2522 3566 2581 εἶναι
3592 2542 3735 2597 παρ-

2153 2621 2358 2691 ήγαγεν
2390 2617 2643 2690 ὕπαρξιν.
2688 2617 2826 2672 Ἀλλ’
2884 2617 3072 2687 ὥσπερ
3111 2619 3208 2690 τῆς
3249 2617 3623 2689 μεγαλοσὺνης
3642 2617 3736 2672 αὑ-

2154 2711 2250 2765 τοῦ
2277 2711 2376 2766 οὑκ
2405 2710 2521 2765 ἐστι
2544 2710 2740 2783 πέρας.
2770 2708 2943 2773 οὕτως
2971 2708 3091 2763 οὑδὲ
3114 2710 3213 2780 τῆς
3236 2709 3552 2781 φρονήσεως
3575 2706 3733 2763 αὑτοῦ

2154 2803 2302 2857 ἔστιν
2334 2801 2572 2874 εὑρεσις.

2218 2897 2290 2969 ﬁl.
2348 2895 2474 2961 Πῶς
2508 2896 2618 2966 γάρ
2673 2895 2734 2948 οὑ
2768 2894 3035 2965 θαυμάζει
3062 2893 3123 2947 τὸ
3149 2892 3381 2947 ἄπλετον
3404 2894 3578 2946 ἐκεῖνο
3602 2892 3735 2947 Θεω-

2154 2990 2289 3062 ρῶν,
2344 2992 2437 3046 καὶ
2486 2991 2626 3060 ὑπὲρ
2652 2987 2919 3059 ἔκπληξιν
2965 2988 3064 3057 τῆς
3093 2985 3427 3057 ἀγαθότητος
3453 2984 3686 3051 πέλαγος
3714 2998 3731 3046 ς

2154 3085 2225 3136 Ἢ
2258 3082 2376 3147 πῶς
2408 3083 2509 3137 οὑκ
2533 3081 2831 3147 ἐξίσταται,
2885 3078 3255 3151 ἐννοούμενος,
3311 3076 3429 3140 πῶς
3453 3075 3549 3129 καὶ
3571 3074 3734 3129 πόθεν

2153 3176 2187 3247 ῆ
2215 3192 2273 3229 τε
2299 3173 2491 3245 λογικὴ
2521 3175 2615 3227 καὶ
2640 3172 2800 3244 νοερά
2826 3171 3050 3241 γέγονεν
3072 3170 3247 3236 οὑσία,
3281 3169 3375 3222 καὶ
3400 3167 3470 3220 τὰ
3493 3166 3733 3236 τέσσαρα

2155 3268 2395 3338 στοιχεῖα
2414 3307 2430 3333 ,
2466 3265 2525 3332 ἐξ
2555 3259 2629 3319 ὧν
2658 3265 2728 3319 τά
2755 3264 3004 3333 σώματα,
3038 3261 3303 3334 μηδεμιᾶς
3329 3259 3464 3330 ὑλης
3486 3258 3586 3329 τῆς
3611 3254 3732 3309 τοὺ-

2155 3374 2265 3412 των
2310 3344 2740 3426 προῦπᾶρξάσης
2786 3354 3084 3424 γενέσεως;
3132 3352 3271 3407 Ποία
3312 3366 3373 3403 τε
3428 3350 3464 3420 ἡ
3503 3349 3733 3417 δύναμις

2154 3447 2361 3517 ἐκείνη,
2394 3446 2427 3517 ἡ
2452 3448 2532 3509 είς
2554 3445 2839 3519 ἐνέργειαν
2864 3442 3170 3514 κινηθεῖσα,
3200 3439 3373 3494 ταῦτα
3402 3440 3485 3502 είς
3512 3437 3574 3491 τὸ
3596 3432 3731 3490 εῖναι

2157 3540 2517 3611 παρήγαγενς
2563 3537 2727 3592 Ἀλλά
2751 3535 2910 3591 τοῦτο
2939 3535 3211 3606 Ἐλλήνων
3238 3532 3427 3596 παῖδες
3459 3532 3521 3584 οὑ
3552 3545 3725 3601 παρα-

2152 3632 2398 3703 δέχονται
2415 3668 2436 3696 ,
2494 3629 2816 3700 ἀγνοοῦντες
2844 3628 2941 3701 τὴν
2968 3625 3377 3696 παντοδὺναμον
3399 3623 3727 3693 ἀγαθότητα,

2154 3723 2248 3775 καὶ
2290 3718 2387 3791 τὴν
2426 3719 2750 3790 δραστήριον
2783 3718 2953 3789 αὐτῆς
2984 3716 3079 3771 καὶ
3106 3716 3247 3789 ὑπὲρ
3272 3712 3396 3769 νοῦν
3419 3714 3612 3785 σοφίαν
3640 3713 3729 3766 καὶ

2154 3832 2373 3884 γνωσιν.

2225 3999 2296 4062 γ’.
2347 3990 2436 4058 Ἐξ
2482 3986 2651 4044 ἀϊδίου
2698 3985 3025 4058 δημιουργὸς
3071 3983 3333 4056 ὑπάρχων
3372 3982 3399 4033 ὁ
3439 3976 3594 4044 Θεὸς,
3643 3979 3728 4032 ὅτε

2158 4085 2408 4157 βούλεται
2452 4083 2776 4154 δημιουργεῖ
2820 4079 2979 4149 Λόγῳ
3023 4075 3293 4149 ὁμοουσίῳ
3334 4075 3428 4127 καὶ
3451 4071 3727 4142 Πνεὺματι

2153 4179 2220 4233 δι’
2241 4179 2467 4247 ἄπειρον
2494 4172 2826 4245 ἀγαθότητα.
2864 4171 2975 4226 Καὶ
3005 4168 3082 4249 μὴ
3106 4168 3265 4242 εἴπῃς
3281 4207 3296 4234 ,
3345 4165 3470 4220 Τίνι
3494 4162 3571 4236 τῷ
3593 4163 3729 4233 λόγῳ

2153 4270 2248 4325 νῦν
2278 4267 2708 4340 ἐδημιούργησεν
2735 4263 2822 4318 ἀεὶ
2841 4260 3041 4331 ἀγαθὸς
3062 4259 3320 4331 ὑπάρχων
3343 4256 3553 4326 ;“Επεὶ,
3579 4251 3729 4322 κάγώ

2154 4378 2238 4416 σοι
2287 4360 2461 4430 λέγω,
2515 4360 2597 4413 ὅτι
2645 4358 2680 4430 ἡ
2727 4358 2828 4428 τῆς
2850 4353 3078 4425 ἀπείρου
3116 4351 3304 4416 οὐσίας
3331 4346 3728 4421 ἀνεξιχνίαστος

2155 4453 2339 4523 σοφία,
2375 4454 2443 4524 τῇ
2469 4447 2787 4521 ἀνθρωπίνῃ
2812 4446 2912 4518 οὑχ
2938 4444 3233 4500 ὑποπίπτει
3254 4440 3474 4513 γνώσει.

543 4636 605 4692 4.
651 4634 736 4691 Ab
785 4642 994 4693 eterno
1053 4635 1111 4690 in
1162 4635 1285 4705 ipso
1340 4635 1809 4707 praeexsistentem
1861 4649 2049 4691 rerum

2222 4631 2284 4688 δ’.
2330 4631 2441 4702 Τὴν
2470 4630 2528 4697 ἐξ
2561 4628 2731 4685 ἀϊδίου
2763 4627 2823 4681 ὲν
2850 4624 3001 4697 αὑτῷ
3018 4625 3047 4677 ὁ
3066 4619 3410 4693 Δημιουργδς
3437 4617 3546 4672 τῶν
3567 4616 3723 4733 ovem:

470 4729 782 4797 scientiam,
812 4739 951 4796 tum,
977 4743 1103 4784 cum
1139 4727 1369 4799 placuit,
1393 4727 1651 4783 conditor
1673 4727 1916 4783 essentia
1942 4725 2045 4784 do-

468 4820 624 4878 navit
648 4829 813 4892 atque
846 4819 1129 4892 produxit.
1166 4818 1483 4875 Absurdum
1512 4818 1662 4874 enim
1704 4826 1790 4873 est
1821 4818 1876 4872 in
1910 4818 2042 4886 Deo,

470 4911 567 4983 qui
618 4912 691 4968 sit
740 4912 1107 4983 omnipotens,
1150 4910 1426 4977 dubitare,
1485 4926 1556 4965 an
1608 4908 1784 4980 possit
1836 4908 2045 4979 aliquid

468 5003 707 5061 essentia
732 5003 940 5060 donare
972 5019 1036 5060 ac
1061 5002 1389 5074 producere,
1414 5017 1538 5058 cum
1557 5000 1808 5058 libuerit.

536 5118 594 5173 5.
618 5118 989 5184 Quamobrem
1027 5118 1174 5173 Deus
1206 5129 1297 5172 res
1328 5114 1678 5179 Condiderit,
1714 5129 1932 5185 quaere;
1956 5122 2043 5170 est

466 5208 614 5265 enim
644 5224 735 5264 res
766 5209 1037 5281 ejusmodi
1075 5224 1197 5280 qua:
1238 5208 1368 5264 sciri
1412 5208 1600 5277 queat.
1631 5204 1916 5273 Quomodo
1947 5219 2045 5259 au-

467 5314 576 5356 tem
619 5315 684 5356 ac
725 5316 890 5371 quam
931 5301 1005 5355 ob
1056 5314 1279 5355 causam
1321 5298 1562 5363 noviter,
1604 5296 1719 5352 noli
1757 5311 2039 5367 quaerere;

2153 4724 2614 4797 προϋπάρχουσαν
2655 4719 2876 4791 γνῶσιν,
2926 4717 3013 4770 ὅτε
3049 4713 3332 4797 ἐσομλήθη,
3379 4710 3609 4765 οὑσίωσε
3637 4704 3722 4759 καὶ

2555 4774 2792 4866 ’Ᾰτοπον
2817 4774 2926 4882 γάρ
2958 4811 3104 4863 ἐστιν
3130 4774 3382 4859 ἐπὶ-Θεοῦ
3410 4801 3506 4857 τοῦ
3531 4813 3716 4890 παντο·-

2148 4886 2387 4981 δυνάμου
2417 4903 2689 4970 διστάσαι,
2744 4902 2795 4956 εί
2820 4900 3045 4959 δύναταί
3074 4916 3127 4953 τι
3156 4895 3443 4960 οὑσιῶσαι,
3493 4895 3577 4949 ὅτε
3604 4886 3715 4962 βού-

2146 5000 2320 5056 λεται.

2218 5118 2278 5166 ε’.
2313 5108 2393 5163 Δι’
2414 5109 2482 5180 ἣν
2514 5109 2613 5179 μὲν
2647 5104 2826 5162 αἰτίαν
2858 5107 2887 5160 ὁ
2912 5104 3043 5167 Θεὸς
3071 5101 3490 5174 ἐδημιούργησε,
3533 5096 3703 5169 ζήτειο

2138 5204 2255 5257 ἐστὶ
2279 5204 2388 5276 γὰρ
2415 5203 2639 5273 γνῶσις.
2689 5202 2763 5257 Τὸ
2790 5201 2848 5256 δὲ
2879 5199 3019 5263 πῶς,
3051 5196 3147 5252 καὶ
3174 5196 3262 5250 διὰ
3287 5196 3340 5249 τί
3370 5193 3700 5287 προσφάτωξν

2142 5294 2218 5367 μὴ
2262 5294 2450 5366 ζήτει*
2507 5295 2608 5349 οὑκ
2653 5293 2769 5348 ἐστι
2811 5291 2921 5363 γάρ
2968 5288 3049 5361 τῷ
3101 5287 3178 5358 σῷ
3219 5286 3586 5340 ὑποπίπτουσα
3609 5293 3691 5345 νῳ.

469 5412 647 5467 neque
677 5368 825 5452 enim
863 5394 1009 5452 istud
1045 5394 1152 5450 tale
1194 5403 1301 5459 est,
1342 5391 1490 5464 quod
1535 5392 1590 5447 in
1622 5398 1863 5448 mentem
1890 5400 2042 5445 tuam

2154 5387 2284 5440 διότι
2316 5388 2425 5440 τῶν
2455 5387 2637 5451 θείων,
2673 5385 2742 5440 τὰ
2772 5384 2871 5457 μὲν
2897 5381 3107 5455 ληπτὰ,
3162 5379 3235 5434 τὰ
3258 5378 3335 5443 δὲ,
3370 5377 3573 5467 ἄληπτοι
3599 5368 3695 5467 τοῖς

467 5489 648 5546 cadat.
688 5489 1013 5545 Divinarum
1059 5487 1231 5550 enim,
1275 5486 1379 5541 alia
1424 5484 1751 5540 mortalibus
1790 5496 2044 5553 compre-

2154 5476 2469 5551 Ξινορὼποις.
2525 5478 2746 5547 Θεωρία
2774 5454 2882 5548 γὰρ
2909 5474 3306 5546 ἀχαλίνωτος,
3339 5468 3488 5540 τάχα
3514 5464 3582 5519 ἂν
3605 5454 3695 5512 καὶ

469 5582 637 5638 bendi
679 5589 929 5653 possunt,
956 5580 1061 5637 alia
1097 5579 1177 5636 eis
1214 5577 1675 5648 incomprehensa
1717 5575 2032 5631 exsistunt:

538 5758 585 5792 "
612 5757 785 5815 lCor.
815 5773 930 5822 xm,
966 5759 1028 5811 l5
1128 5758 1172 5789 ”
1206 5757 1345 5812 Psal.
1382 5773 1556 5823 exntv,
1582 5756 1633 5811 3.

2143 5570 2294 5626 κατὰ
2325 5569 2605 5640 κρημνῶν
2631 5568 2866 5635 ὤσειεν,
2897 5568 2973 5632 ὡς
2996 5567 3103 5640 ἔφη
3128 5583 3216 5633 τις
3242 5565 3354 5621 τῶν
3374 5560 3549 5632 ἀγίωνι

1770 5751 1983 5809 Barucb
2038 5767 2121 5821 ιιι,
2154 5752 2248 5808 l8.
