4128 6210
449 345 466 405 l
481 346 590 412 039

1321 347 1654 408 CAPITUM
1693 346 1792 407 DE
1829 311 2258 406 CHARITATE
2296 347 2678 409 CENTURIA
2725 351 2822 412 ιν.

3569 357 3712 448 1050

449 457 835 530 Contemplatio
885 458 1032 514 enim
1078 474 1183 513 non
1228 461 1450 514 coercita
1504 477 1566 513 ac
1612 459 1844 524 liberior,
1882 459 2017 529 forte
2055 458 2212 511 etiam
2254 459 2307 512 in
2352 477 2581 531 pra‘ceps
2654 471 2801 533 agat,
2839 472 2900 518 ut
2973 472 3058 521 est
3098 467 3274 525 sancti
3311 467 3601 540 cujusdam
3628 472 3700 544 (b)

450 553 752 610 sententia.

519 645 596 711 ς’.
663 643 820 706 Τινὲς
875 660 1008 713 φασι
1060 643 1427 714 συνυπάρχειν
1481 641 1540 708 ἐξ
1585 642 1753 696 ἀϊδίου
1796 640 1875 712 τῷ
1915 642 2010 726 Θεᾷ

2205 642 2366 714 445
2399 646 2452 698 6.
2497 645 2637 702 Sunt
2667 648 2762 718 qui
2801 648 2988 704 dicant
3023 665 3112 705 res
3156 660 3370 706 creatas
3401 651 3469 706 ab
3500 663 3707 710 aeterno

442 739 512 792 τὰ
559 737 1040 808 δημιουργήματα,
1087 737 1226 806 ὅπερ
1269 737 1570 806 ἀμήχανον.
1629 735 1752 798 Πῶς
1797 735 1904 805 γὰρ
1952 734 2029 805 τῷ

448 829 622 897 πάντη
653 826 892 897 ἀπείρῳ,
947 827 1015 880 τὰ
1046 826 1186 880 κατὰ
1221 827 1395 879 πάντα
1424 825 1847 895 πεπερασμένα,
1901 842 2027 877 συν-

448 919 712 989 υπάρχειν
742 919 958 972 δύναται
991 919 1052 982 ἐξ
1073 918 1278 983 ἀϊδίους
1333 918 1366 988 ἦ
1399 918 1517 980 πῶς
1547 918 1751 987 κυρίως
1775 917 2028 988 δημιουρο

445 1014 705 1083 γήματα,
762 1013 813 1064 εἰ
867 1011 1112 1065 συναῒδια
1152 1011 1231 1082 τῷ
1277 1008 1642 1080 Δημιουργῷς
1688 1009 1826 1062 Ἀλλ’
1873 1005 2027 1073 οὗτος

445 1101 472 1153 ὀ
528 1101 682 1169 λόγος
730 1100 839 1154 τῶν
888 1101 1154 1171 Ἑλλήνων
1201 1100 1380 1154 ἐστίν·
1439 1101 1635 1162 οἵτινες
1678 1099 1876 1152 οὐσιῶν
1926 1100 2025 1170 μὲν

443 1192 692 1262 οὐδαμῶς
717 1231 732 1256 ,
792 1193 1094 1260 ποιοτήτων
1134 1191 1192 1244 δὲ
1235 1190 1393 1261 μόνον
1421 1190 1750 1262 δημιουργὸν
1779 1190 1869 1242 τὸν
1892 1189 2024 1242 Θεὸν

443 1283 774 1350 εἰσάγουσιν.
823 1281 1014 1352 Ἡμεῖς
1050 1281 1107 1334 δὲ
1156 1281 1248 1334 τὸν
1293 1281 1696 1350 παντοδύναμον
1723 1281 2025 1350 ἐγνωκότες

443 1374 603 1438 Θεὸν,
656 1375 718 1427 οὐ
747 1375 1066 1443 ποιοτήτων,
1119 1373 1232 1426 ἀλλ’
1254 1371 1452 1425 οὐσιῶν
1482 1372 1893 1442 πεποιωμένων,
1925 1373 2022 1442 δη-

446 1470 704 1540 μιουργὸν
737 1466 899 1522 αὑτὸν
926 1463 1068 1521 εἷναί
1100 1485 1300 1537 φαμεν.
1338 1468 1399 1521 Εἰ
1429 1466 1486 1520 δὲ
1515 1467 1693 1532 τοῦτο,
1725 1466 1824 1521 οὐκ
1855 1467 1913 1533 ἐξ
1937 1467 2022 1520 an.

440 1562 552 1616 δίου
589 1561 944 1631 συνύπαρκτα
970 1559 1047 1630 τῷ
1071 1558 1190 1629 Θεῷ
1217 1560 1286 1613 τὰ
1313 1560 1795 1631 δημιουργήματα.

511 1844 579 1909 ζ’.
633 1843 794 1898 Κατά
839 1863 890 1899 τι
943 1845 1040 1915 μὲν
1073 1843 1311 1913 γνωστὸν
1360 1844 1421 1896 τὸ
1457 1843 1609 1898 Θεϊον
1643 1844 1739 1898 καὶ
1767 1846 1835 1898 τὰ
1860 1845 2012 1900 θεῖα·

2131 735 2244 790 Deo
2299 738 2654 802 coexsistere,
2695 741 2843 810 quod
2895 750 2980 798 est
3022 743 3380 813 impossibile.
3421 744 3706 811 Quomodo

2129 828 2274 882 enim
2331 830 2506 898 possit
2554 830 2694 897 fieri,
2739 841 2799 886 ut
2844 851 2966 904 qua:
3012 835 3191 890 modis
3242 837 3501 891 omnibus
3552 839 3702 893 finita

2128 928 2276 983 sunt,
2296 919 2364 973 ab
2392 932 2598 975 aeterno
2625 923 2700 976 illi
2721 925 3073 988 coexsistant,
3103 925 3195 994 qui
3236 940 3336 994 per
3363 928 3542 980 omnia
3583 928 3704 981 infi-

2127 1007 2279 1062 nitus
2321 1011 2438 1062 est?
2477 1021 2570 1064 aut
2593 1013 2870 1080 quomodo
2897 1024 3166 1070 creatura:
3191 1032 3317 1070 vere
3358 1033 3422 1070 ac
3457 1020 3700 1088 proprie,

2126 1113 2248 1166 qua:
2285 1097 2536 1154 Creatori
2580 1110 2742 1170 atque
2783 1105 2989 1158 auctori
3038 1114 3324 1160 coaeternus
3355 1107 3704 1162 exsistant"!

2127 1190 2328 1246 Verum
2354 1192 2608 1247 doctrina
2641 1194 2755 1248 haec
2781 1194 3096 1250 Graecorum
3120 1206 3224 1261 est,
3254 1197 3348 1267 qui
3387 1199 3558 1251 Deum
3594 1215 3702 1254 non

2125 1283 2348 1352 quidem
2374 1284 2836 1350 substantiarum,
2863 1287 2958 1341 sed
2999 1288 3345 1342 solummodo
3375 1289 3702 1359 qualitatum

2125 1375 2469 1432 conditorem
2495 1393 2616 1432 esse
2649 1378 2884 1432 tradant.
2917 1380 3026 1434 Nos
3051 1396 3182 1435 vero
3207 1381 3302 1450 qui
3330 1382 3498 1435 Deum
3525 1382 3702 1436 omni-

2123 1476 2402 1534 potentem
2433 1469 2774 1534 noverimus,
2804 1486 2911 1524 non
2936 1463 3283 1540 qualitatum,
3320 1472 3414 1526 sed
3442 1473 3698 1529 substan-

2123 1559 2344 1616 tiarum
2380 1561 2488 1615 illis
2534 1561 2905 1627 imbutarum,
2953 1563 3132 1632 ipsum
3184 1564 3525 1619 conditorem
3577 1581 3698 1620 esse

2121 1647 2374 1704 dicimus.
2407 1650 2561 1716 Quod
2603 1651 2647 1705 si
2684 1652 2757 1705 ita
2801 1663 2906 1717 est,
2954 1669 3076 1723 qua:
3105 1664 3232 1708 sunt
3272 1665 3455 1710 creata
3486 1673 3596 1711 non
3625 1656 3696 1712 ab

2118 1751 2346 1805 aeterno,
2373 1743 2487 1812 Deo
2506 1745 2872 1799 coexsistunt.

2192 1839 2241 1892 7.
2275 1837 2476 1892 Partim
2505 1839 2649 1895 Deus
2670 1841 2922 1910 cognosci
2950 1848 3130 1910 potest
3157 1857 3219 1896 ac
3247 1841 3464 1908 divina;
3493 1843 3693 1912 partim

438 1937 581 1990 κατά
621 1955 674 1990 τι
713 1937 790 2003 δὲ,
831 1937 1131 2006 ἄγνωστον.
1194 1938 1302 1990 Καὶ
1330 1937 1569 2004 γνωστὸν
1596 1939 1712 2008 μὲν,
1749 1940 1861 2002 τοῖς
1889 1940 2010 2011 περὶ

2116 1929 2280 1985 nobis
2338 1930 2556 2000 ignotus
2610 1939 2716 1986 cst.
2780 1931 2856 1985 Ac
2907 1932 3129 2000 quidem
3180 1934 3436 2002 cognosci
3489 1942 3692 2002 potest,

438 2032 569 2085 αὐτὸ
598 2030 972 2102 θεωρήμασιν·
1010 2030 1287 2100 ἄγνωστον
1308 2029 1385 2094 δὲ,
1418 2031 1530 2094 τοῖς
1557 2031 1675 2083 κατ’
1699 2031 1850 2083 αὐτό.

503 2219 575 2292 η’.
627 2219 719 2291 Μὴ
753 2219 894 2284 ἕξεις
936 2218 1030 2272 καὶ
1055 2217 1498 2288 ὲπιτηδειότητας
1529 2215 1770 2288 ζητήσῃς
1799 2217 1890 2270 ἐπὶ
1916 2217 2016 2288 τῆς

435 2313 610 2380 ἁπλῆς
661 2311 754 2364 καὶ
803 2311 1030 2380 ἀπείρου
1075 2309 1261 2374 οὐσίας
1291 2309 1392 2379 τῆς
1423 2310 1584 2378 ἁγίας
1610 2310 1873 2382 Τριάδος,
1929 2312 2018 2366 ἵνα

439 2405 512 2474 μὴ
566 2403 818 2456 σύνθετον
868 2401 1034 2473 αὐτὴν
1085 2402 1352 2472 ποιήσῃς,
1407 2400 1595 2471 ὥσπερ
1622 2403 1689 2455 τὰ
1721 2403 2013 2474 κτίσματα⁶

432 2497 568 2566 ὅπερ
598 2497 796 2549 ἄτοπον
823 2496 917 2546 καὶ
947 2494 1204 2564 ἀθέμιτον
1232 2494 1324 2547 ἐπὶ
1352 2493 1488 2546 Θεοῦ
1522 2496 1794 2565 ἐννοῆσαι.

505 2587 569 2641 θ’.
625 2587 778 2656 Μόνη
815 2585 961 2654 ἁπλῆ
1011 2585 1104 2639 καὶ
1137 2584 1414 2656 μονοειδὴς
1468 2586 1561 2638 καί⁵
1590 2586 1782 2650 ἄποιος
1804 2588 1872 2657 (c)
1922 2588 2016 2642 καὶ

432 2679 708 2748 εἰρηναῖος
765 2677 862 2730 καὶ
909 2676 1308 2743 ἀστασίαστος,
1363 2679 1396 2750 ὴ
1449 2678 1678 2750 ἄπειρος
1715 2679 1872 2732 οὐσία
1920 2681 2015 2734 καὶ

435 2770 843 2842 παντοδύναμος
897 2761 989 2822 καὶ
1021 2769 1389 2841 δημιουργικὴ
1419 2770 1526 2824 τῶν
1555 2771 1714 2832 ὅλων.
1770 2773 1926 2825 Πᾶσα
1954 2773 2013 2826 δὲ

435 2863 468 2932 ἡ
501 2861 678 2925 κτίσις
701 2901 715 2923 ,
776 2859 1028 2918 σύνθετος
1054 2860 1288 2930 ὑπάρχει
1317 2860 1376 2925 ἐξ
1401 2860 1588 2924 οὐσίας
1617 2863 1710 2916 καὶ
1736 2862 2012 2933 συμϐεϐη-

433 2952 589 3015 κότος
612 2967 625 2981 °
682 2951 775 3005 καὶ
804 2949 1022 3020 ἐπιδεὴς
1053 2951 1139 3003 ἀεὶ
1169 2952 1266 3022 τῆς
1294 2951 1442 3016 θείας
1471 2952 1747 3023 προνοίας,
1783 2953 1859 3017 ὼς
1885 2970 2012 3025 τρο-

431 3040 541 3110 πῆς
571 3040 671 3094 οὐκ
700 3040 983 3111 ἐλευθέρα.

460 3196 466 3204 ι
505 3139 555 3186 ι’.
610 3135 766 3187 Πᾶσα
814 3137 846 3206 ἡ
895 3136 1054 3208 νοερὰ
1087 3135 1242 3189 οὐσία
1266 3176 1282 3200 ,
1342 3135 1437 3189 καὶ
1464 3135 1787 3207 αἰσθητικὴ,
1819 3135 2011 3191 ἐλαϐεν

429 3221 684 3292 δυνάμεις
733 3225 884 3295 παρὰ
927 3226 1063 3279 θεοῦ
1117 3227 1199 3290 εἰς
1237 3225 1298 3280 τὸ
1322 3221 1460 3280 εἶναι
1491 3225 1835 3298 παραχθείσα
1863 3227 2010 3280 ἀντι-

429 3314 696 3385 ληπτικὰς
726 3317 831 3372 τῶν
861 3317 1047 3372 ὄντων·
1084 3321 1117 3389 ἡ
1151 3320 1249 3390 μὲν
1278 3317 1442 3388 νοερὰ
1495 3319 1595 3383 τὰς
1627 3321 1858 3391 νοήσεις·
1895 3320 2007 3392 ἠδὲ
2033 3340 2075 3399 C

433 3408 741 3480 αἰσθητικὴ,
777 3410 877 3475 τὰς
909 3411 1212 3474 αἰσθήσεις.

500 3575 590 3631 ια’.
633 3578 694 3629 Ὀ
725 3578 820 3647 μὲν
847 3579 980 3642 θεὸς
1004 3617 1018 3641 ,
1077 3581 1365 3649 μετέχεται
1399 3581 1559 3656 μόνον
1583 3596 1596 3609 ·
1656 3581 1690 3650 ἡ
1721 3579 1779 3633 δὲ
1808 3579 2003 3643 κτίσις.

427 3667 523 3721 καὶ
575 3669 790 3738 μετέχει
851 3670 944 3721 καὶ
987 3670 1329 3739 μεταδίδωσι.
1392 3671 1498 3723 Καὶ
1537 3671 1756 3740 μετέχει
1787 3671 1884 3740 μὲν
1909 3667 2004 3722 τοῦ
2101 3660 2237 3714 "ill"
2307 3677 2468 3731 quam
2525 3663 2768 3732 ἰιηρθτιὶι
2828 3679 2842 3715 ε

427 3758 564 3812 εἶναι
586 3800 601 3823 ,
657 3761 750 3820 καὶ
779 3759 872 3812 τοῦ
900 3757 960 3813 εὖ
987 3757 1158 3814 εἶναι’
1197 3762 1516 3832 μεταδίδωσι
1540 3762 1618 3826 δὲ,
1650 3761 1743 3814 τοῦ
1776 3757 1834 3814 εὖ
1865 3757 2004 3814 εἶναι

429 3852 610 3922 μόνον’
637 3851 751 3905 ἀλλ’
773 3852 974 3924 ἑτέρως
1001 3855 1098 3924 μὲν
1121 3856 1155 3926 ἡ
1181 3857 1487 3918 σωματικὴ,
1514 3854 1714 3925 ἑτέρως
1737 3854 1794 3906 δὲ
1815 3856 1848 3925 ἡ
1872 3853 2009 3908 ἀσώ-

429 3964 598 4018 ματος
623 3947 802 4002 οὐσία.

497 4127 586 4199 ιβ’.
633 4127 697 4183 Ἥ
747 4131 846 4200 μὲν
897 4130 1187 4202 ἀσώματος
1241 4129 1414 4194 οὐσία,
1481 4130 1576 4184 καὶ
1619 4129 1852 4199 λέγουσα
1905 4131 2000 4185 καὶ

425 4219 738 4288 πράττουσα
767 4222 860 4275 καὶ
891 4221 1241 4294 θεωρουμὲνη
1268 4221 1369 4290 (d),
1403 4222 1497 4275 τοῦ
1526 4217 1584 4276 εὖ
1615 4219 1754 4276 εἶναι
1788 4223 2001 4294 μεταδί-

423 4309 602 4366 δωσιν·
640 4314 674 4383 ἡ
705 4312 763 4366 δὲ
796 4313 1103 4386 σωματικὴ,
1137 4314 1484 4387 θεωρουμένη
1516 4315 1698 4386 μόνον.

504 4499 691 4568 'Cant.
727 4527 804 4577 ιη,
831 4511 917 4566 20.

2045 1997 2089 2055 Β
2116 2029 2383 2090 quantum
2418 2021 2486 2075 ad
2528 2037 2614 2085 ea,
2637 2037 2760 2090 quae
2786 2030 2916 2076 sunt
2951 2023 3096 2076 circa
3142 2022 3320 2091 ipsum
3352 2023 3693 2078 theoremata

2115 2119 2172 2167 et
2191 2127 2380 2176 sensa;
2418 2110 2565 2180 quod
2605 2125 2738 2164 vero
2773 2111 2888 2180 ipse
2911 2110 3148 2175 exsistit,
3182 2111 3402 2182 ignotus
3425 2120 3530 2166 est.

2186 2199 2238 2254 8.
2284 2199 2406 2256 Noli
2441 2199 2496 2253 in
2537 2198 2772 2267 simplici
2812 2213 2876 2252 ac
2914 2197 3127 2252 inﬁnita
3165 2210 3366 2254 sancta:
3402 2199 3692 2254 Trinitatis

2115 2291 2422 2346 substantia
2450 2291 2675 2345 habitus
2697 2297 2754 2344 et
2790 2289 3102 2344 habilitatcs
3137 2305 3409 2359 quaerere,
3439 2306 3508 2344 ne
3536 2304 3688 2342 com-

2113 2383 2347 2453 positam
2372 2398 2490 2437 eam
2525 2382 2748 2446 feceris,
2775 2381 3008 2452 perinde
3049 2397 3114 2435 ac
3143 2391 3369 2437 creata:
3403 2381 3551 2452 quod
3587 2381 3688 2435 ab-

2113 2475 2342 2531 surdum
2370 2482 2425 2528 et
2446 2473 2599 2529 nefas
2638 2473 2692 2528 in
2727 2475 2837 2528 Deo
2865 2473 3127 2543 cogitare.

2183 2566 2236 2620 9.
2271 2565 2397 2620 Sola
2440 2565 2673 2635 simplex
2713 2576 2770 2621 ct
2815 2566 3130 2631 uniformis,
3178 2565 3438 2634 nullaque
3479 2565 3686 2619 imbuta

2113 2656 2398 2726 qualitate,
2417 2665 2472 2710 et
2496 2665 2687 2726 pacata
2717 2665 2774 2711 et
2813 2658 3128 2728 tranquilla,
3161 2655 3376 2710 infinita
3412 2665 3469 2712 et
3502 2653 3684 2710 omni-

2112 2756 2328 2816 potens,
2347 2748 2703 2818 omniumque
2719 2748 2968 2803 effectrix
2996 2746 3255 2803 essentia.
3287 2745 3476 2801 Omnis
3505 2755 3684 2802 autem

2113 2846 2365 2892 creatura
2393 2839 2698 2909 composita
2733 2848 2910 2894 estex
2953 2839 3262 2894 substantia
3305 2845 3361 2892 et
3402 2838 3686 2893 accidente

2109 2937 2343 2998 egetque
2371 2929 2554 2984 divina
2598 2929 2974 2996 Providentia,
3013 2939 3074 2984 ut
3103 2945 3225 3001 qua:
3262 2928 3488 2984 minime
3511 2928 3686 2986 libera

2110 3021 2235 3075 sita
2259 3021 2584 3076 mutatione.

2181 3113 2268 3167 10.
2321 3113 2512 3168 Omnis
2571 3113 2885 3185 intelligens
2937 3114 3289 3185 sentiensque
3342 3111 3684 3179 substantia,

2109 3205 2258 3258 vires
2291 3220 2322 3258 a
2351 3205 2461 3259 Deo
2499 3204 2844 3274 percipiendi
2864 3204 3095 3274 accepit,
3131 3204 3186 3258 in
3215 3217 3398 3258 rerum
3428 3209 3683 3257 naturam

2109 3292 2379 3362 producta
2422 3311 2436 3348 :
2486 3294 2646 3365 cujus
2693 3293 2919 3364 quidem
2969 3295 3209 3364 partium
3270 3301 3331 3348 ut
3394 3292 3682 3361 intelligat,

2107 3385 2254 3440 vires
2292 3387 2664 3458 intelligendi;
2699 3387 2860 3459 cujus
2889 3401 3022 3442 vero
3049 3395 3109 3443 ut
3131 3386 3354 3452 sentiat,
3378 3385 3526 3440 vires
3562 3399 3684 3439 sen-

2107 3477 2301 3532 ﬁendL

2178 3571 2262 3623 ll.
2323 3571 2468 3626 Deus
2518 3571 2741 3642 quidem
2799 3570 2951 3625 solus
2999 3569 3207 3624 nullius
3263 3569 3343 3624 rei
3385 3566 3680 3637 particeps,

2908 3673 2963 3716 at
3039 3668 3332 3724 creatura,
3409 3668 3466 3714 et
3549 3674 3678 3728 par-

2104 3750 2275 3819 ticeps
2305 3759 2470 3806 estet
2516 3753 2764 3822 impertit
2790 3769 2804 3807 :
2829 3752 3104 3823 particeps
3146 3751 3200 3805 in
3231 3751 3356 3815 hoc,
3389 3759 3448 3803 ut
3489 3749 3580 3810 sit,
3626 3756 3683 3804 et

2109 3840 2248 3896 bene
2281 3842 2383 3909 sit;
2429 3843 2674 3913 impertit
2712 3853 2895 3898 autem
2927 3844 3104 3899 solum
3148 3841 3288 3896 bene
3327 3855 3447 3896 esse
3478 3858 3491 3893 :
3522 3840 3684 3896 aliter

2109 3940 2291 3988 tamen
2322 3935 2629 3990 substantia
2655 3951 2942 4006 corporea,
2982 3935 3145 3990 aliter
3190 3947 3324 3989 vero
3358 3931 3681 4004 incorporea

2109 4031 2166 4077 et
2196 4024 2479 4093 spiritalis.

2186 4115 2272 4170 12.
2311 4119 2637 4187 lncorporca
2685 4117 2909 4190 quidem
2949 4123 3006 4171 et
3050 4114 3315 4185 spiritalis
3353 4112 3681 4183 substantia,

2106 4221 2222 4268 tum
2277 4210 2576 4282 loquendo,
2641 4219 2755 4264 tum
2810 4208 3043 4280 agendo,
3095 4215 3319 4276 tumque
3375 4207 3541 4262 etiam
3592 4206 3679 4262 sui

2104 4305 2567 4370 consideratione,
2597 4313 2659 4358 ut
2688 4305 2762 4359 sit
2798 4304 2940 4358 bene
2976 4301 3219 4372 impertit
3250 4318 3263 4354 :
3303 4316 3368 4356 ac
3395 4316 3678 4372 corporea,

2106 4395 2193 4452 sui
2219 4394 2486 4450 duntaxat
2508 4402 2806 4466 conspectu
2831 4401 2887 4447 et
2911 4388 3374 4446 consideratione.

496 4645 572 4727 (ibi)
589 4646 780 4727 (ireg.1
799 4643 951 4698 Orat.
975 4642 1198 4727 Iri-diem
1213 4642 1477 4726 natalem,
1504 4641 1616 4725 eti
1644 4643 1712 4727 μη
1764 4642 1992 4727 Pascha.
2027 4649 2074 4709 D
2099 4660 2482 4727 seniper_csse,
2517 4645 3084 4727 qt_t:e_babem_us.sine
3117 4645 3297 4708 nobis,
3333 4659 3362 4698 a
3393 4643 3508 4727 Dco_
3531 4645 3681 4727 ;_sei-

444 4754 446 4756 -
499 4713 568 4788 (ej
612 4713 722 4788 1ςαῖ
746 4716 973 4778 ἄποιος.
1019 4713 1135 4788 Hoc
1173 4713 1440 4788 nimirum
1480 4714 1755 4788 singulare
1795 4714 1998 4788 divina

423 4783 766 4842 substantize.
802 4792 864 4837 ut
903 4791 1014 4837 tota
1054 4783 1361 4838 substantia
1399 4784 1492 4850 sit,
1539 4783 1688 4837 nulla
1729 4784 1996 4852 qualitate

424 4858 657 4920 imbuta,
703 4856 848 4924 quod
890 4854 1090 4908 creatis
1118 4854 1376 4924 omnibus
1406 4853 1481 4907 ita
1512 4855 1790 4924 convenit,
1835 4863 1893 4908 ut
1927 4856 1997 4910 ab

421 4942 487 4980 ea
509 4923 733 4980 absolvi
753 4925 1069 4980 conditione
1095 4939 1205 4977 non
1235 4923 1466 4992 possint.
1497 4923 1616 4978 Non
1653 4923 1794 4978 bene
1821 4940 1998 4980 novus

426 5011 622 5050 vocum
657 5010 820 5049 cusor
847 5004 1012 5063 atque
1056 4994 1290 5063 interpr.
1331 4992 1535 5062 Obsop.
1580 4993 1648 5046 Et
1688 5010 1790 5046 non
1829 4994 1994 5062 facta,

423 5065 589 5119 Gesn.
624 5073 672 5118 et
705 5063 957 5134 ser/nalis,
983 5063 1140 5134 quod,
1159 5063 1293 5116 mihi
1329 5063 1588 5117 licentius
1609 5080 1708 5134 pro
1733 5064 1884 5118 Vocis
1912 5065 1999 5118 in-

426 5080 589 5119 uesn.
624 5080 672 5118 et
705 5080 957 5134 sequens,
983 5080 1129 5130 quon
1159 5080 1293 5116 mlm
1329 5080 1588 5117 licentius
1647 5080 1708 5118 ro
1733 5080 1884 5118 VOCIS
1912 5081 1998 5118 In-

426 5134 930 5197 solcntia;etiamsi
959 5133 1068 5186 vim
1112 5133 1311 5188 Graeca:
1337 5134 1491 5188 vocis
1528 5080 1762 5188 recrdere
1800 5135 1998 5190 voluit.

423 5205 579 5271 Quod
597 5206 814 5259 demum
831 5203 884 5275 in
907 5203 1150 5275 linecap.
1169 5212 1276 5275 est,
1291 5203 1364 5266 ὼς
1381 5205 1588 5272 τροπῆς
1603 5205 1702 5256 οὐκ
1722 5205 2000 5275 ἐλευθέρα,

427 5291 550 5345 qua:
590 5290 716 5328 vera
747 5274 890 5345 ratio
922 5273 1123 5345 divina:
1149 5273 1220 5345 Ain
1264 5289 1482 5345 omnem
1522 5273 1996 5345 creaturampro-

425 5343 707 5406 videmiae,
731 5343 876 5413 quod
902 5359 1012 5397 non
1041 5343 1114 5396 sit
1146 5343 1409 5396 immunis
1430 5359 1458 5396 a
1487 5344 1814 5400 mutatione.
1837 5343 2003 5414 Lepi-

425 5417 532 5470 dus
583 5415 794 5470 scilicet
837 5415 1066 5484 interpr.
1123 5413 1325 5482 Obsop.
1371 5423 1628 5484 tanquam
1670 5430 1773 5467 non
1826 5413 2002 5470 liberte

425 5485 798 5540 conversionis.
833 5482 877 5537 Ο
913 5485 1133 5552 stupor!

501 5557 577 5634 (ti)
629 5555 752 5634 καί·
789 5551 1180 5634 θεωέῖουμένηζ
1232 5551 1426 5608 Sermo
1469 5562 1554 5608 est
1584 5553 1672 5634 'de
1703 5553 1972 5634 creaturi

427 5622 842 5680 conferentibus
872 5623 940 5678 ad
968 5622 1136 5677 vitam
1167 5623 1307 5678 bene
1333 5639 1510 5693 exque
1545 5622 1990 5693 virtute_compo--

429 5695 690 5758 nendum,
738 5693 885 5765 quod
946 5693 1152 5762 ubique
1197 5690 1436 5765 Maximo
1471 5702 1555 5748 est
1583 5693 1666 5765 τὸ
1718 5690 1778 5746 εὖ
1833 5690 1995 5754 εἶναι,

429 5765 577 5834 quod
625 5763 794 5820 unum
845 5775 1093 5819 nostrum
1135 5772 1240 5824 est,
1292 5763 1530 5818 medium
1579 5763 1724 5818 inter
1759 5778 1900 5827 esse,
1944 5773 1994 5818 et

2103 4713 2266 4786 teque
2293 4713 2585 4786 distinguit
2623 4715 2691 4769 de
2725 4715 2955 4784 spiritali
2982 4725 3037 4771 et
3068 4717 3395 4785 incorporea
3424 4713 3681 4768 substan-

2105 4785 2201 4850 tia,
2226 4795 2283 4838 et
2309 4785 2378 4838 de
2409 4785 2680 4855 corporali
2707 4801 2722 4848 ;
2747 4786 2894 4854 quod
2930 4787 3018 4840 illa
3057 4786 3274 4840 confert
3298 4798 3552 4855 sermone
3582 4800 3679 4838 seu

2104 4855 2382 4910 locutione
2410 4853 2646 4924 vitaeque
2682 4853 2954 4924 exemplo,
2995 4865 3058 4924 ut
3087 4857 3143 4910 in
3172 4854 3379 4924 angelis
3408 4859 3465 4907 et
3485 4853 3680 4924 ibomi-

2104 4927 2288 4988 nibus,
2336 4923 2606 4995 quatenus
2641 4934 2696 4979 et
2745 4923 2854 4995 ipsi
2889 4941 3141 4980 sermone
3181 4923 3402 4985 docent,
3444 4923 3680 4995 vitaeque

2105 4992 2368 5064 exempla
2392 4997 2599 5059 edunt;
2634 4994 2847 5048 confert
2879 4996 3068 5058 etiam,
3096 4995 3226 5064 quia
3258 4999 3440 5063 potest
3469 4992 3602 5061 ipsa
3624 4995 3678 5048 in

2101 5081 2160 5120 se
2191 5066 2552 5129 considerari,
2586 5072 2646 5117 ut
2679 5065 2774 5118 Dei
2815 5065 3024 5118 scilicet
3055 5081 3211 5134 opus,
3243 5064 3298 5117 in
3323 5076 3434 5132 quo
3467 5065 3679 5134 eluceat

2100 5136 2372 5205 sapientia
2432 5135 2787 5203 potentiaque
2831 5134 3059 5205 artificis
3093 5133 3117 5187 ξ
3175 5150 3286 5203 quo
3342 5147 3452 5186 uno
3491 5133 3678 5197 modo,

2099 5203 2352 5261 conferre
2424 5205 2500 5259 ait
2575 5203 2937 5257 substantiam
3019 5205 3384 5273 corporalem.
3455 5205 3678 5272 Resque

2101 5277 2305 5337 notior,
2344 5291 2507 5341 quam
2539 5284 2599 5328 ut
2627 5273 2803 5327 notari
2843 5273 3051 5341 aliquid
3086 5290 3317 5328 necesse
3355 5273 3540 5336 fuerit,
3570 5273 3678 5327 nisi

2101 5292 2305 5337 nouor,
2385 5292 2507 5328 nam
2539 5292 2599 5328 nt
2627 5292 2803 5327 nonan
2843 5292 3051 5341 anqqu
3086 5292 3317 5328 necesse
3355 5292 3540 5336 luerit,
3570 5292 3678 5327 ms:

2101 5292 2558 5414 cogeret‘imsop.
2594 5352 2786 5414 stupor
2805 5351 2970 5410 atque
3007 5344 3172 5414 Gesn.
3209 5344 3414 5412 quibus
3447 5344 3680 5412 θεωρου-

2103 5412 2238 5483 μένη
2267 5423 2353 5468 est
2374 5412 2760 5482 contemplans,
2797 5420 2847 5483 et
2872 5412 3280 5483 contemplanda
3309 5431 3327 5468 :
3357 5415 3681 5483 quasicon-

2111 5482 2391 5551 templatio
2424 5484 2541 5552 ipsa
2581 5483 2759 5537 active
2808 5482 2878 5535 sit
2920 5482 3260 5552 perficiendo
3300 5485 3459 5548 alios,
3497 5482 3678 5552 sitque

2147 5553 2330 5622 ropria
2356 5553 2677 5622 substantiae
2710 5552 3038 5620 corporalis;
3066 5562 3121 5607 et
3155 5554 3243 5608 illa
3271 5569 3376 5607 una
3409 5555 3476 5609 ad
3509 5554 3676 5606 vitam

2144 5621 2246 5676 ene
2289 5621 2745 5688 componendam,
2788 5622 2902 5676 [nec
2957 5623 3115 5676 nobis
3147 5624 3415 5683 conferat,
3447 5638 3574 5678 cum
3623 5628 3675 5675 et

2106 5705 2256 5762 nntta
2281 5692 2372 5756 sit,
2408 5691 2617 5758 ἄλογος.
2650 5707 2752 5746 nec
2786 5691 3021 5762 actionis
3047 5693 3112 5745 ad
3145 5693 3453 5761 exemplum
3485 5706 3676 5762 capax.

2103 5760 2148 5819 0
2173 5763 2298 5819 novi
2329 5762 2538 5819 scilicet
2560 5760 2932 5818 commatisdc
2953 5762 3168 5818 Calvini
3196 5760 3328 5818 hara
3360 5760 3664 5836 theologos:
