4128 6210
503 310 643 402 1051'

1631 333 1688 392 S.
1731 326 2016 390 ΜᾹΧΙΜΙ
2058 324 2566 388 CONFESSORIS

3626 324 3763 391 1052

572 444 657 499 15.
691 443 763 500 Ut
793 442 1013 515 quidem
1051 441 1262 496 ratione
1304 448 1465 498 utens
1503 458 1566 499 ac
1593 443 1903 513 intelligens
1938 439 2070 494 sub-

2244 445 2332 504 ιγ’.
2371 440 2445 493 Τὸ
2474 441 2574 510 μὲν
2603 441 2690 495 ἀεὶ
2716 439 2852 495 εῗναι
2874 481 2889 505 ,
2943 440 2977 510 ἢ
3015 440 3089 511 μὴ
3116 439 3381 511 eiusa-rip
3407 439 3635 509 λογικὴν
3666 441 3769 494 καὶ

501 536 703 590 stantia
751 548 965 602 semper
1001 533 1250 597 exsistat,
1293 545 1389 589 aut
1429 550 1537 588 non
1577 534 1822 599 exsistat,
1866 534 1919 587 in
1951 532 2071 601 ejus

502 627 744 696 positum
771 626 1051 680 voluntate
1096 634 1175 680 est
1225 626 1317 696 qui
1362 627 1547 681 omnia
1583 626 1724 680 bona
1763 624 2009 680 condidit
2054 640 2069 677 :

504 725 568 770 ut
629 724 815 771 autem
870 716 988 771 brec
1050 716 1216 772 animi
1273 718 1556 787 proposito
1612 718 1753 771 bona
1805 716 1916 771 sint
1978 722 2074 768 aut

502 810 664 873 mala,
689 825 883 863 eorum
912 825 1034 879 qua:
1069 820 1196 865 sunt
1216 810 1438 865 condita
1467 791 1765 865 voluntatis
1791 819 1895 865 est.

571 894 737 966 446
769 896 856 950 14.
893 896 1014 950 Non
1041 896 1185 950 circa
1215 897 1508 951 essentiam
1538 911 1749 959 eorum,
1791 910 1913 965 qua:
1944 909 2077 949 eon-

503 986 617 1041 dita
652 996 800 1051 sunt,
833 988 1035 1041 malum
1063 987 1464 1051 consideratur,
1489 986 1585 1041 sed
1622 987 1768 1040 circa
1792 994 2073 1041 errantem

503 1089 555 1135 c‘.
582 1080 952 1135 inconsultum
983 1088 1211 1135 motum.

578 1172 664 1226 15.
708 1170 940 1226 Animus
976 1179 1107 1226 tunc
1135 1187 1203 1226 ex
1229 1172 1442 1227 ratione
1477 1181 1751 1239 movetur,
1788 1189 1912 1228 cum
1955 1174 2074 1243 ejus

503 1277 630 1332 pars
655 1263 1055 1334 concupiscens
1099 1264 1437 1319 continentia
1481 1264 1638 1329 nitet,
1689 1280 1920 1335 parsque
1964 1265 2074 1320 ira-

504 1366 667 1407 scens
696 1353 882 1407 odium
906 1362 1173 1418 aversata,
1197 1354 1477 1409 dilectioni
1499 1354 1682 1409 studet
1710 1372 1722 1407 :
1759 1369 1824 1408 ac
1853 1354 2074 1409 demum

505 1445 737 1499 rationis
795 1446 1048 1509 facultas,
1105 1446 1299 1500 orandi
1351 1444 1673 1500 assiduitate
1728 1461 1794 1501 ac
1843 1444 2076 1515 spiritali

505 1535 990 1604 contemplatione,
1050 1535 1194 1605 apud
1264 1535 1436 1590 Deum
1496 1550 1746 1601 versans,
1811 1535 1888 1590 illi
1946 1550 2080 1591 con-

506 1626 730 1681 sucscit.

573 1719 655 1773 16.
688 1718 933 1774 Necdum
966 1718 1258 1787 perfectam
1284 1726 1476 1773 nactus
1498 1726 1583 1774 est
1608 1718 1949 1785 cliaritatem,
1976 1736 2079 1776 nec

508 1803 709 1864 divina:
734 1810 1101 1865 Providentiae
1127 1809 1288 1863 altam
1326 1820 1613 1865 assecutus
1646 1811 1953 1876 scientiam,
1982 1813 2077 1882 qui

509 1899 564 1954 in
616 1908 860 1971 tempore
907 1900 1245 1965 tentationis,
1300 1901 1355 1955 in
1410 1902 1571 1957 malis
1619 1918 1741 1973 quae
1792 1904 2075 1970 eveniunt,

507 2006 617 2046 non
656 1992 988 2062 longanimis
1025 2009 1089 2048 ac
1126 1994 1352 2064 prolixae
1378 1994 1658 2065 patientia:
1695 1996 1946 2063 exsistit;
1981 2000 2077 2052 sed

510 2098 540 2137 a
562 2083 793 2153 spiritali
820 2084 1047 2139 fratrum
1078 2085 1373 2140 dilectione
1408 2087 1648 2157 seipsum
1674 2087 1967 2142 abscindit.

582 2176 668 2229 17.
713 2175 920 2230 Divinas
958 2177 1322 2232 Providentia:
1363 2176 1487 2231 ﬁnis
1525 2185 1630 2243 est,
1672 2186 1733 2232 ut
1764 2194 1842 2233 ex-
1873 2176 2079 2234 malitia

510 2274 674 2336 atque
697 2266 831 2321 vitio
855 2267 909 2321 in
933 2267 1084 2322 varia
1108 2268 1328 2332 scisses,
1350 2285 1448 2339 per
1470 2278 1673 2324 rectam
1699 2270 1859 2325 (idem
1890 2287 1954 2326 ac
1969 2273 2080 2343 spi-

509 2357 724 2412 ritalem
770 2357 1126 2414 dilectionem
1185 2361 1413 2415 unitatis
1460 2361 1680 2416 vinculo
1715 2364 2075 2435 constringat.

509 2448 634 2505 Ilaec
653 2450 798 2505 enim
821 2465 982 2506 causa
1019 2459 1105 2505 est
1141 2467 1239 2506 cur
1271 2451 1521 2507 Salvator
1550 2461 1723 2509 morte
1758 2454 1976 2511 functus
2008 2457 2079 2513 sit

508 2555 572 2595 ac
594 2555 785 2610 passus
818 2559 830 2596 :
868 2542 933 2597 Ut
954 2541 1050 2597 Dei
1075 2543 1234 2612 ﬁlios,
1270 2547 1360 2616 qui
1393 2545 1613 2616 dispersi
1646 2555 1819 2613 erant,
1856 2565 2076 2620 congre-

506 2642 657 2702 garet
678 2635 731 2687 in
764 2649 927 2689 unum
953 2635 993 2689 ³.
1025 2636 1128 2703 Qui
1156 2652 1287 2707 ergo
1321 2638 1549 2693 molesta
1571 2654 1681 2693 non
1716 2640 1950 2695 sustinet
1974 2657 2078 2697 nec

508 2722 704 2779 tolerat
730 2725 927 2792 tristia,
965 2742 1067 2781 nec
1107 2726 1161 2781 in
1197 2728 1266 2783 iis
1311 2744 1431 2798 qua:
1459 2730 1704 2785 laborem
1740 2731 1943 2787 habent
1978 2748 2077 2802 pa-

507 2814 755 2871 tientiam
791 2827 994 2882 servat,
1028 2830 1181 2873 extra
1219 2820 1458 2875 divinam
1497 2822 1816 2878 cbaritatcm
1858 2841 1922 2881 ac
1946 2825 2081 2881 Pro-

505 2904 762 2963 videntia:
788 2908 950 2964 ﬁnem
980 2911 1244 2966 ambulat.

579 3000 666 3056 18.
690 3000 828 3057 Cum
855 3004 1087 3059 Charitas
1120 3004 1458 3077 longanimis,
1492 3008 1819 3081 benignaque
1858 3027 1921 3064 ac
1950 3028 2079 3065 sua-

2172 531 2363 601 νοεράν
2406 532 2635 597 οὐσίαν,
2698 534 2755 585 ἐν
2798 535 2864 603 τῇ
2915 532 3169 602 βουλήσει
3200 534 3317 584 ἐστὶ
3363 531 3458 585 τοῦ
3486 530 3557 584 τὰ
3581 531 3761 585 πάντα

2173 623 2311 676 καλά
2334 623 2851 696 δημιουργήσαντος·
2887 624 2949 677 τὸ
2973 625 3029 677 δὲ
3056 623 3235 691 ἀγαθά
3259 623 3431 677 ταῦτα
3454 620 3592 676 εἶναι
3621 624 3761 677 κατά

2173 717 2495 789 προαίρεσιν
2521 718 2554 788 ἦ
2588 717 2786 788 φαῦλα,
2840 719 2900 771 ὲν
2922 718 3001 789 τῷ
3023 718 3292 789 θελήματι
3316 717 3423 771 τῶν
3457 717 3760 785 γεγονότων

2176 810 2431 879 ὑπάρχει.

2247 902 2325 955 ιδ’.
2385 902 2459 954 Οὐ
2496 902 2625 971 περὶ
2653 902 2754 970 τὴν
2782 901 2972 954 οὐσίαν
3002 899 3111 953 τῶν
3137 896 3462 969 γεγονότων,
3496 900 3557 952 τὺ
3588 899 3760 954 κακὸν

2175 990 2464 1061 θεωρεῖται
2490 1009 2504 1022 ο
2540 992 2676 1046 ἀλλά
2704 992 2835 1045 πεοὶ
2860 978 2959 1062 τὴν
2985 990 3328 1061 ὲσφαλμένην
3358 992 3454 1044 καὶ
3476 990 3761 1059 ἀλόγιστον

2175 1083 2412 1154 κίνησιν.

2249 1182 2330 1230 ιε’.
2392 1176 2644 1247 Εὑλόγως
2675 1181 2906 1234 κινεῖται
2938 1181 2971 1251 ἡ
3002 1178 3149 1249 ψυχὴ
3172 1220 3186 1242 ,
3244 1178 3373 1231 ὅταν
3409 1176 3471 1230 τὸ
3500 1176 3601 1247 μὲν
3630 1177 3755 1229 ἑπι-

2177 1267 2478 1338 θυμητικδν
2506 1269 2676 1339 αὐτῆς
2708 1272 2774 1341 τῇ
2807 1269 3104 1342 ἐγκρατείᾳ
3129 1270 3457 1322 πεποίωταιο
3489 1268 3552 1321 τὸ
3577 1268 3636 1321 δὲ
3660 1267 3759 1321 θυ-

2181 1357 2360 1428 μικὸν,
2414 1358 2516 1429 τῆς
2536 1360 2758 1428 ἀγάπης
2785 1361 3091 1430 ἀντέχεται,
3138 1361 3198 1414 τὺ
3223 1364 3381 1430 μῖσος
3410 1360 3755 1430 ἀποστρεφό-

2181 1465 2342 1519 μενον
2364 1466 2377 1480 ·
2431 1450 2492 1503 τὸ
2516 1450 2574 1503 δὲ
2602 1450 2908 1521 λογιστικὸν
2926 1491 2942 1516 ,
2989 1451 3127 1522 πρὸς
3153 1452 3245 1504 τὸν
3270 1450 3406 1504 Θεὸν
3435 1450 3633 1519 διάγει,
3667 1451 3759 1504 διά

2177 1543 2486 1614 προσευχῆς
2519 1543 2616 1597 καὶ
2643 1543 2877 1615 Θεωρίας
2904 1545 3302 1615 πνευματικῆς.

2254 1724 2347 1783 ις’.
2408 1716 2574 1772 υῦπω
2616 1718 2731 1788 ἔχει
2771 1719 2981 1773 τελείαν
3008 1718 3227 1790 ἀγάπην
3252 1758 3267 1781 .
3322 1718 3444 1773 οῦδὲ
3476 1718 3575 1787 τῆς
3606 1717 3759 1782 θείας

2180 1809 2445 1881 Προνοίας
2490 1810 2632 1864 κατά
2676 1809 2836 1880 βάθος
2869 1810 2967 1880 τὴν
2993 1810 3194 1877 γνῶσιν
3216 1849 3231 1872 ,
3285 1811 3313 1863 ὁ
3353 1811 3410 1862 ὲν
3436 1808 3614 1879 καιρῷ
3640 1825 3761 1861 πειο

2180 1901 2392 1974 ρασμοῦ
2430 1902 2505 1972 μὴ
2538 1900 2904 1971 μακροθυμῶν
2942 1903 3034 1955 ἐπὶ
3056 1904 3169 1965 τοῖς
3190 1901 3551 1971 συμϐαίνουσι
3576 1900 3757 1969 λυπη-

2183 1997 2295 2066 ροῖς
2321 2009 2335 2023 ο
2392 1993 2506 2047 ἀλλ’
2528 1993 2854 2047 ἀποκόπτων
2884 1992 3075 2046 ἑαυτὸν
3106 1993 3203 2063 τῆς
3231 1992 3340 2047 τῶν
3370 1991 3761 2063 πνευματικῶν

2177 2087 2422 2156 ἀδελφῶν
2446 2087 2690 2158 ἀγάπης.

2251 2180 2335 2244 ιζ’.
2374 2179 2582 2242 Σκοπὸς
2615 2178 2716 2248 τῆς
2745 2177 2897 2241 θείας
2923 2164 3215 2248 Προνοίας,
3262 2179 3344 2240 τό,
3373 2177 3497 2239 τοὺς
3529 2176 3634 2230 ῦπδ
3656 2177 3759 2247 τῆς

2180 2270 2379 2332 κακίας
2426 2269 2690 2331 ποικίλως
2727 2267 3136 2337 διεσχισμένους
3158 2308 3173 2329 ,
3227 2265 3315 2318 διὰ
3346 2266 3444 2336 τῆς
3467 2266 3635 2337 ὀρθῆς
3668 2266 3759 2319 πί-

2180 2376 2348 2423 στεως
2402 2359 2494 2414 καὶ
2549 2360 2926 2430 πνευματικῆς
2964 2359 3183 2429 ἀγάπης
3222 2358 3507 2410 ἐνοποιεῖν.
3582 2357 3760 2425 Εἴπερ

2176 2453 2263 2508 διὰ
2306 2453 2462 2506 τοῦτο
2505 2452 2774 2505 πέπονθεν
2819 2455 2847 2506 ὁ
2890 2451 3121 2522 Σωτὴρ.
3179 2452 3303 2505 Ἵνα
3337 2449 3408 2503 τὰ
3436 2449 3619 2503 τέκνα
3653 2449 3760 2502 τοῦ

2180 2543 2325 2600 Θεοῦ
2354 2544 2426 2597 τὰ
2452 2541 2976 2613 διεσκορπισμένα,
3001 2540 3312 2610 συναγάγῃ
3339 2540 3425 2606 είς
3450 2539 3540 2593 ἓν.
3580 2539 3639 2593 '0
3665 2534 3761 2593 οῦν

2181 2638 2255 2708 μὴ
2283 2637 2488 2704 στέγων
2518 2635 2584 2689 τά
2610 2636 2842 2707 ὀχληρὰ,
2881 2634 3015 2705 μηδὲ
3044 2634 3222 2705 φέρων
3251 2634 3318 2686 τὰ
3342 2632 3584 2704 λυπηρὰ,
3622 2632 3762 2702 μηδὲ

2178 2728 2463 2798 ὑπομένων
2489 2725 2581 2780 ⁸τά
2625 2727 2880 2792 ἐπίπονα,
2934 2724 3089 2789 ἐκτὸς
3120 2723 3218 2791 τῆς
3238 2722 3396 2786 θείας
3420 2722 3638 2791 ἀγάπης
3664 2721 3760 2775 καὶ

2177 2819 2270 2875 τοῦ
2303 2817 2504 2873 σκοποῦ
2530 2820 2627 2889 τῆς
2656 2818 2916 2890 Προνοίας
2935 2818 3256 2888 περιπατεῖς

2249 3009 2339 3073 ιη’.
2392 3002 2454 3055 ει
2501 3001 2540 3069 ἡ
2578 2998 2784 3069 ἀγάπη
2818 2993 3191 3067 μακροθυμεῖ
3224 2994 3321 3049 καὶ
3345 2994 3762 3063 χρηστεύεται,

506 3091 583 3145 vis
611 3091 678 3145 sit
717 3091 760 3158 ⁸,
789 3094 882 3163 qui
911 3111 1079 3165 parvo
1112 3096 1176 3151 ac
1217 3097 1428 3168 dejecto
1468 3101 1654 3155 animo
1697 3111 1781 3157 est
1821 3103 1877 3156 in
1918 3104 2073 3160 malis

2180 3096 2207 3149 ὁ
2253 3092 2589 3164 ὀλιγοψυχῶν
2642 3091 2733 3143 ἐπὶ
2776 3092 2890 3153 τοῖς
2933 3087 3288 3159 συμϐαίνουσι
3319 3088 3613 3158 λυπηροῖς,
3664 3086 3764 3140 καὶ

511 3196 633 3253 qum
662 3184 942 3251 accidunt,
975 3203 1207 3258 eamque
1231 3189 1303 3244 ob
1343 3206 1456 3245 rem
1494 3192 1729 3264 maligne
1760 3194 1871 3265 agit
1898 3195 1952 3249 in
1982 3212 2079 3252 eos

509 3274 603 3344 qui
632 3275 838 3346 aliquid
866 3278 1144 3344 Lescrunt,
1169 3295 1233 3335 ac
1253 3297 1310 3337 se
1336 3298 1365 3336 a
1392 3283 1679 3350 cbaritate,
1702 3302 1823 3355 qua:
1845 3294 1929 3341 est
1952 3303 2078 3357 erga

510 3365 651 3432 illos,
707 3368 1011 3435 abscindit;
1069 3371 1343 3441 quomodo
1390 3390 1420 3428 a
1466 3373 1666 3430 divinae
1717 3376 2081 3433 Providentiae

510 3457 618 3513 ﬁne
645 3474 751 3513 non
783 3460 1020 3515 excidit?

584 3551 671 3606 19.
708 3552 939 3608 Attende
967 3553 1087 3619 tibi,
1124 3570 1186 3610 ac
1215 3571 1365 3621 cave,
1402 3572 1471 3612 ne
1500 3557 1641 3613 forte
1675 3559 1821 3629 quod
1855 3568 1909 3615 te
1941 3560 2074 3615 diri-

512 3637 613 3692 mit
638 3654 668 3693 a
698 3638 863 3694 fratre
897 3642 1120 3706 malum,
1151 3660 1261 3698 non
1291 3646 1344 3699 in
1381 3646 1495 3711 illo,
1524 3647 1620 3703 sed
1654 3647 1709 3703 in
1742 3658 1795 3705 te
1832 3650 2080 3707 invenia-

511 3737 631 3797 tur;
672 3745 736 3786 ac
767 3732 925 3787 stude
971 3734 1080 3790 cito
1126 3734 1203 3789 illi
1247 3737 1613 3803 reconciliari,
1644 3754 1713 3795 ne
1751 3755 1782 3795 a
1824 3732 2107 3797 mandato-

511 3823 733 3878 excidas
755 3824 1062 3881 charitatis.

580 3912 672 3967 20.
706 3912 849 3969 Cave
896 3926 1231 3987 praeceptum
1283 3918 1566 3975 charitatis
1611 3920 1901 3991 despicias,
1940 3940 2081 3994 quo-

509 4004 659 4058 niam
700 4020 800 4074 per
846 4007 1023 4077 ipsum
1074 4008 1171 4063 Dei
1218 4008 1363 4066 illius
1406 4012 1567 4067 eris:
1617 4014 1845 4085 ejusque
1893 4016 2081 4072 violati

513 4111 662 4162 reus,
692 4096 835 4153 filius
862 4098 1123 4169 gebennze
1158 4101 1478 4159 invenieris.

576 4188 668 4243 21.
716 4186 842 4244 Hzec
883 4189 997 4245 fere
1033 4200 1164 4246 sunt
1190 4208 1313 4262 qua:
1341 4193 1411 4248 ab
1449 4193 1753 4250 amicorum
1783 4194 2081 4253 dilectione

510 4277 861 4350 disjungunt;
894 4280 1142 4337 invidere
1180 4291 1276 4337 aut
1308 4284 1581 4341 sustinere
1610 4286 1893 4354 invidiam,
1921 4288 2079 4343 dam-

514 4382 643 4422 num
673 4368 851 4425 facere
884 4380 979 4426 aut
1007 4371 1139 4441 pati,
1172 4373 1374 4442 probro
1405 4374 1607 4431 habere
1642 4386 1735 4431 aut
1767 4378 1989 4445 haberi;
2014 4395 2080 4435 ac

2179 3187 2267 3241 διά
2291 3186 2450 3240 τοῦτο
2473 3183 2905 3256 πονηρευόμενος
2929 3183 3021 3235 ἐπὶ
3044 3183 3156 3244 τοῖς
3182 3182 3458 3251 λυπήσασι
3478 3219 3493 3241 ,
3538 3178 3634 3232 καὶ
3660 3180 3764 3249 τῆς

2181 3279 2317 3351 πρδς
2362 3278 2558 3340 αὐτοὺς
2603 3275 2824 3343 ἀγάπης
2863 3272 3057 3328 ἑαυτὸν
3089 3272 3414 3325 ἀποκόπτων
3435 3311 3451 3337 ,
3513 3270 3629 3333 πῶς
3661 3267 3764 3323 τοῦ

2180 3368 2384 3424 σκοποῦ
2416 3366 2517 3437 τῆς
2545 3366 2694 3429 θείας
2726 3363 2988 3435 Προνοίας
3016 3364 3116 3416 οὐκ
3140 3364 3419 3417 ἐκπίπτει.

2250 3542 2339 3598 tO'.
2399 3542 2641 3611 Πρόσεχε
2698 3540 2939 3611 σεαυτῷ,
2995 3541 3204 3612 μήποτέ
3252 3541 3286 3606 ἠ
3336 3538 3648 3609 χωρίζουσά
3705 3556 3766 3591 σε

2179 3634 2243 3686 ἐκ
2269 3631 2362 3686 τοῦ
2389 3633 2619 3701 ἀδελφοῦ
2650 3633 2838 3696 κακία,
2875 3633 2972 3685 οὐκ
3006 3634 3063 3685 ὲν
3090 3630 3166 3701 τῷ
3193 3631 3426 3699 ἀδελφῷέ
3458 3629 3571 3684 ἀλλ’
3595 3631 3657 3683 ὲν
3682 3632 3768 3683 σοὶ

2179 3727 2502 3798 εὑρίσκηται
2522 3744 2534 3758 ’
2592 3728 2686 3781 καὶ
2712 3727 2945 3780 σπεῦσον
2971 3725 3118 3795 αῦτῷ
3144 3725 3519 3795 διαλλαγῆναι,
3555 3725 3645 3777 ἵνα
3680 3724 3767 3794 μὴ

2179 3820 2277 3889 τῆς
2305 3818 2526 3889 ἐντολῆς
2556 3820 2657 3890 τῆς
2682 3820 2903 3888 ἀγάπης
2927 3817 3187 3888 ἑκπέσης.

2180 3904 2185 3911 ’
2253 3916 2325 3965 κ’.
2384 3910 2475 3981 Μὴ
2517 3910 2930 3981 καταφρονήσῃς
2981 3908 3082 3978 τῆς
3121 3907 3338 3977 ἐντολῆς
3386 3906 3485 3974 τῆς
3519 3908 3766 3976 ἀγάπης,

2178 4004 2261 4057 ὅτι
2312 4004 2378 4057 δι’
2414 4003 2583 4072 αὐτῆς
2638 4004 2751 4067 υίὸς
2776 4000 2911 4057 Θεοῦ
2940 4002 3068 4074 ἔσῃ·
3135 4003 3200 4073 ἣν
3230 4000 3602 4073 παραϐαίνων,
3650 4002 3768 4064 υίὸς

2179 4097 2406 4167 γεέννης
2434 4097 2702 4169 εὐρεθήσῃ
2717 4138 2736 4157 .

2249 4196 2355 4244 κα’.
2418 4189 2499 4243 Τά
2548 4187 2851 4259 χωρίζοντα
2896 4187 2997 4258 τῆς
3036 4186 3145 4241 τῶν
3171 4186 3340 4256 φίλων
3369 4186 3610 4257 ἀγάπης,
3661 4187 3767 4241 εισι

2178 4279 2353 4333 ταῦτα
2431 4279 2492 4332 τὸ
2516 4279 2752 4348 φθονεῖν,
2800 4278 3192 4350 ἣφθονεϊσθαι*
3228 4279 3289 4331 τὸ
3315 4276 3568 4349 ζημιοῦν,
3601 4279 3635 4349 ἢ
3670 4281 3766 4347 ζη-

2184 4370 2471 4443 μιοῦσθαι·
2533 4370 2595 4424 τὸ
2647 4372 2973 4442 ἀτιμάζειν,
3029 4371 3062 4442 ἢ
3113 4369 3512 4441 ἀτιμάζεσθαι,
3574 4372 3669 4424 καὶ
3719 4372 3766 4424 οί

511 4475 646 4529 quas
705 4461 1044 4530 suspiciosus
1102 4463 1317 4519 animus
1384 4468 1627 4525 rationes
1675 4469 1941 4525 obtrudit.
2001 4470 2079 4527 Nc

2184 4466 2244 4532 ἐξ
2279 4464 2532 4529 ὑπονοίας
2565 4463 2831 4534 λογισμοί.
2865 4464 3093 4532 Μήποτε
3122 4459 3214 4518 οὖν
3244 4464 3474 4534 ἔδρασάς
3505 4481 3556 4517 τι
3587 4463 3768 4517 τοιοῦ-

511 4549 650 4605 forte
680 4551 845 4622 igitur
869 4552 1075 4622 aliquid
1106 4554 1376 4624 ejusmodi
1416 4557 1618 4627 egeris,
1655 4560 1741 4614 vel
1770 4576 1962 4629 passus
1985 4561 2082 4626 sis,

508 4658 739 4712 eamque
774 4643 846 4698 ob
871 4659 986 4698 rem
1011 4644 1079 4699 ab
1104 4645 1265 4700 amici
1305 4646 1604 4703 dilectione
1635 4648 1971 4717 abjungeris.

579 4737 668 4791 22.
693 4737 910 4792 Accidit
929 4736 1051 4801 tibi,
1077 4736 1244 4792 fratre
1272 4746 1517 4803 auctore,
1543 4740 1810 4793 nonnulla
1833 4740 2082 4807 tentatio,

509 4838 918 4898 conecptusque
941 4828 1104 4899 dolor
1135 4828 1191 4882 in
1229 4829 1418 4885 odium
1456 4830 1694 4900 impulit.
1731 4830 1874 4886 Cave
1902 4847 1973 4887 ne
2015 4833 2092 4888 ab‘

510 4921 638 4976 odio
661 4922 920 4985 vincaris,
961 4921 1058 4978 sed
1081 4922 1242 4977 vince
1275 4922 1461 4977 odium
1489 4922 1543 4977 in
1571 4923 1859 4980 cbaritate.
1895 4926 1966 4982 Ut
1987 4941 2086 4981 au-

511 5022 622 5068 tem
647 5014 856 5078 vincas,
902 5013 977 5069 ita
1017 5014 1240 5069 demum
1282 5013 1396 5077 fiet,
1440 5014 1486 5069 si
1523 5029 1653 5070 vere
1682 5030 1751 5069 ex
1790 5016 1974 5071 animo
2013 5017 2083 5073 ad

512 5102 681 5157 Deam
710 5118 811 5174 pro
844 5119 911 5158 eo
944 5103 1210 5169 oraveris,
1259 5103 1420 5176 447
1463 5105 1693 5175 ejusque
1731 5105 1847 5175 ipse
1890 5107 2084 5162 defen-

509 5195 721 5251 sionem
749 5195 1093 5265 susceperis;
1125 5211 1189 5250 ac
1232 5204 1346 5251 tum
1386 5193 1479 5251 illa
1512 5211 1639 5251 eum
1674 5195 1928 5262 delinias,
1969 5206 2083 5252 tum

512 5288 744 5358 teipsum
795 5288 1115 5344 tentationis
1142 5298 1427 5344 auctorem
1455 5286 1767 5367 arbitreris,
1794 5288 1957 5360 longa
1990 5306 2088 5359 pa-

504 5381 704 5436 tientia
771 5380 973 5446 fcrens,
1035 5381 1213 5437 donec
1271 5382 1448 5438 nubes
1506 5381 1610 5436 ista
1677 5382 2086 5452 obscurumque

515 5474 822 5530 transierit.

587 5592 609 5625 ⁸
647 5594 804 5650 Joan.
833 5611 907 5659 xl,
936 5595 1023 5649 52.
1102 5593 1168 5649 ⁸1
1199 5595 1327 5651 Cor.
1372 5611 1487 5659 xm,
1525 5595 1579 5650 ιι.

2183 4574 2275 4611 τον
2303 4557 2336 4628 ἢ
2367 4556 2661 4619 πέπονθας,
2698 4557 2792 4610 καὶ
2822 4554 2911 4609 διὰ
2936 4555 3094 4609 τοῦτο
3120 4556 3219 4627 τῆς
3244 4554 3337 4610 τοῦ
3365 4556 3518 4626 φίλου
3546 4557 3766 4627 ἀγάπης

2184 4646 2393 4721 χωρίζῃ
2422 4648 2582 4720 [unus
2606 4647 2730 4718 Reg.
2762 4646 3130 4722 ἀποχωρίζῃι.
3629 4706 3636 4713 ,

2257 4739 2360 4810 κβ¹.
2420 4740 2628 4810 Συνέϐη
2678 4757 2764 4792 σοι
2810 4740 3116 4811 πειρασμὸς
3149 4739 3212 4793 ὲκ
3241 4736 3335 4792 τοῦ
3369 4737 3601 4807 ἀδελφοῦ
3625 4779 3640 4802 ,
3676 4737 3762 4791 καὶ

2185 4831 2386 4901 ἠλῦπη
2416 4831 2496 4894 είς
2521 4830 2676 4901 μῖσός
2707 4847 2767 4883 σε
2794 4830 2992 4901 ἤγαγε.
3027 4829 3115 4901 Μὴ
3149 4829 3285 4884 νικῶ
3313 4828 3413 4882 ὑπὸ
3432 4829 3526 4884 τοῦ
3552 4829 3757 4900 μίσους,

2186 4922 2322 4977 ἀλλά
2350 4922 2477 4977 νίκα
2507 4924 2565 4976 ὲν
2596 4924 2661 4994 τῇ
2688 4921 2875 4993 ἀγάπῃ
2905 4922 2966 4976 τὸ
2997 4924 3175 4993 μῖσος.
3210 4921 3473 4993 Νικήσεις
3494 4920 3549 4974 δὲ
3579 4920 3756 4991 τρόπῳ

2186 5014 2443 5087 τοιούτῳ·
2499 5016 2938 5087 προσευχόμενος
2979 5015 3120 5085 ὑπὲρ
3162 5012 3326 5068 αὐτοῦ
3362 5013 3598 5084 γνησίως
3629 5011 3755 5081 πρὸς

2186 5108 2278 5162 τὸν
2301 5107 2468 5161 Θεόν*
2516 5107 2619 5177 τήν
2644 5124 2704 5159 τε
2736 5105 3031 5173 ἀπολογίαν
3055 5105 3221 5158 αὑτοῦ
3248 5104 3537 5174 δεχόμενος
3557 5120 3570 5133 ·
3605 5104 3636 5173 ἢ
3665 5100 3749 5154 καὶ

2186 5201 2349 5263 αὐτὸς
2382 5200 2468 5253 διὰ
2494 5199 2699 5265 ταύτης
2726 5198 2887 5252 αὐτὸν
2913 5196 3253 5268 θεραπεύων,
3306 5197 3401 5251 καὶ
3431 5196 3649 5250 σεαυτὸν
3666 5192 3745 5247 αῖ-

2191 5307 2306 5346 τιον
2351 5288 2445 5345 τοῦ
2487 5288 2795 5361 πειρασμοῦ
2823 5288 3172 5360 λογιζόμενος
3198 5330 3215 5356 ,
3273 5290 3367 5342 καὶ
3396 5282 3743 5362 μακροθυμῶν

2198 5383 2395 5455 μέχρις
2420 5376 2483 5437 οὗ
2515 5382 2764 5454 παρέλθῃ
2792 5382 2853 5436 τὸ
2878 5383 3057 5453 νέφος.

516 5709 725 5784 quisic
758 5711 930 5784 sacris
957 5709 1334 5784 profanisque
1362 5711 1705 5784 sapientibus
1754 5710 1996 5765 inaudita
2028 5726 2092 5764 ac
2129 5725 2231 5784 nec
2253 5707 2437 5778 stipite
2468 5706 2651 5777 digna,
2689 5701 2904 5758 Maximi
2969 5699 3299 5756 confessoris
3363 5697 3581 5752 nomine
3601 5689 3762 5766 (lauti

522 5777 732 5833 scilicet
763 5777 1001 5832 nominis
1030 5777 1293 5851 theologi)
1324 5777 1607 5849 ingeram!
