4066 6188
378 324 520 393 1053

1258 324 1591 386 CAPITUM
1628 323 1728 383 DE
1764 320 2194 383 CHARITATE
2232 324 2621 386 CENTURIA
2657 323 2757 383 IV.

3500 306 3630 371 1054

444 445 553 505 κγ’.
590 434 956 509 Μακρόθυμός
1022 438 1194 499 ἐστιν,
1227 437 1256 489 ὁ
1303 441 1368 493 τό
1406 439 1559 501 τέλος
1602 434 1961 506 ἐκδεχόμενος

2132 440 2223 495 ‘23.
2274 434 2626 510 Longa‘mmis
2682 431 3015 503 prolixeeque
3063 421 3340 496 patientia:
3382 428 3488 485 est,
3540 416 3633 487 qui

371 530 471 582 τοῦ
496 527 832 600 πειρασμοῦ,
859 528 954 581 καὶ
981 526 1041 581 τὸ
1061 526 1326 599 καύχημα
1353 527 1455 597 τῆς
1484 525 1784 598 καρτερίας
1815 523 1958 594 λαμ-

381 620 585 675 δάνων.

452 714 550 769 κδ’.
598 711 782 780 Ἀνὴρ
827 713 1212 781 μακρόθυμος
1235 751 1250 776 ,
1284 710 1479 776 πολὺς
1504 710 1576 763 ἐν
1624 708 1915 779 φρονήσει
1943 725 1957 741 ο

383 810 466 863 ὅτι
496 805 678 859 πάντα
727 803 797 857 τὰ
846 802 1210 871 συμϐαίνοντα
1241 804 1333 856 ἐπὶ
1370 803 1432 855 τὸ
1480 801 1630 866 τέλος
1674 800 1957 872 ἀναφέρει⁸

384 898 607 953 κάκεῖνο
652 892 985 963 περιμένων,
1016 892 1267 963 ἀνέχεται
1294 908 1297 909 ⁷
1321 890 1430 945 τῶν
1462 888 1746 961 λυπηρῶν.
1792 889 1863 943 Τὸ
1894 887 1961 940 δὲ

385 988 562 1053 τέλος
588 985 742 1047 ἐστὶ,
776 984 887 1052 ζωὴ
919 982 1178 1049 αἰώνιος,
1208 982 1348 1037 κατά
1393 982 1487 1035 τὸν
1528 981 1672 1035 θεῖον
1705 979 1964 1033 Ἀπόστο-

386 1078 673 1145 λον.Αὕτη
703 1075 769 1130 δέ
793 1076 965 1129 ἐστιν
988 1074 1026 1140 ὴ
1053 1073 1289 1139 αἰώνιος
1318 1072 1457 1142 ζωὴ,
1480 1073 1583 1128 ἵνα
1619 1070 1964 1142 γινώσκωσι

387 1188 460 1226 σε
490 1170 595 1223 τὸν
620 1168 813 1238 μόνον
839 1165 1133 1233 ἀληθινὸν
1170 1164 1341 1230 Θεὸν,
1365 1164 1461 1219 καί
1493 1163 1567 1218 ὃν
1597 1163 1965 1229 ἀπέστειλας

402 1260 646 1330 Ἰησοῦν
674 1261 955 1327 Χριστόν.

459 1358 557 1404 κε’.
594 1348 687 1420 Μὴ
740 1347 960 1410 εὔκολος
1011 1346 1241 1400 ἔσο-ἐπὶ
1294 1345 1533 1416 ἀποϐολῇ
1588 1343 1965 1414 πνευματικῆς

384 1444 631 1512 ἀγάπης,
664 1439 798 1493 διότι
831 1438 963 1507 ἄλλη
1020 1436 1291 1508 σωτηρίας
1324 1436 1442 1501 ὁδὸς
1462 1437 1560 1507 οὐχ
1586 1433 1967 1489 ὑπολέλειπται

390 1539 507 1599 τοῖς
529 1531 856 1605 ἀνθρώποις.

466 1632 579 1692 κςν.
604 1626 697 1695 Μὴ
719 1624 810 1677 τὸν
835 1622 961 1693 χθὲς
994 1618 1364 1690 πνευματικὸν
1394 1616 1622 1687 ἀδελφὸν
1661 1617 1756 1669 καὶ
1782 1615 1970 1686 ἐνάρεο

394 1737 487 1774 τον
517 1718 648 1789 (56),
670 1717 757 1771 διὰ
784 1715 844 1768 τὸ
868 1717 926 1767 ὲν
952 1713 1033 1767 σοὶ
1066 1714 1305 1783 σήμερον
1350 1708 1410 1773 ἐξ
1455 1706 1718 1779 ἐπηρείας
1750 1705 1844 1759 τοῦ
1872 1721 1969 1759 πο-

2059 533 2380 589 tentationis
2400 528 2746 601 praestolatur
2765 522 2947 585 tinem,
2969 535 3033 574 ac
3053 514 3391 573 sustinentia:
3408 510 3633 582 gloriam

2060 627 2250 682 refert.

2130 722 2218 776 2-4.
2258 719 2349 773 Vir
2384 714 2723 787 longanimis,
2758 707 2953 764 multus
2984 706 3038 759 in
3073 698 3349 774 prudentia
3381 696 3402 728 ⁵
3434 711 3450 759 ;
3487 690 3634 763 quod

2062 815 2274 871 scilicet.
2303 810 2487 865 omnia
2518 823 2639 880 quae
2682 803 2758 859 illi
2790 799 3073 859 eveniunt,
3122 794 3177 847 in
3224 792 3388 845 finem
3433 786 3632 849 refert;
3669 804 3672 807 ν

2062 902 2321 970 illiusque
2362 895 2792 970 exspectatione,
2817 898 3089 944 aerumnas
3131 882 3382 948 malaque
3418 875 3632 931 suilert.

2064 990 2208 1045 Finis
2238 1000 2435 1050 autem,
2467 993 2542 1040 est
2566 987 2670 1038 vita
2701 989 2919 1043 aeterna,
2956 981 3016 1029 nt
3048 972 3216 1028 sentit
3247 969 3469 1023 divinus
3496 965 3639 1034 Apo-

2065 1084 2240 1140 stolus
2267 1083 2307 1134 '.
2347 1080 2471 1135 Haec
2496 1087 2569 1132 est
2593 1083 2769 1130 autem
2788 1073 2895 1125 vita
2928 1074 3149 1126 aeterna,
3171 1073 3227 1116 ut
3252 1063 3566 1130 cognoscant
3590 1064 3639 1108 te

2065 1178 2238 1233 solum
2290 1174 2458 1229 Deum
2504 1185 2705 1232 verum,
2750 1173 2799 1218 et
2841 1179 2993 1233 quem
3034 1156 3221 1212 misisti
3258 1152 3439 1207 Iesum
3487 1145 3639 1202 Chri-

2070 1280 2211 1327 stum
2236 1272 2280 1323 ⁷.

2137 1364 2227 1418 25.
2254 1361 2398 1416 Cave
2426 1354 2687 1428 spiritalis
2719 1345 3030 1405 dilectionis
3060 1343 3329 1413 jacturam
3370 1330 3527 1387 facile
3559 1328 3640 1383 fe-

2069 1455 2215 1511 ceris
2246 1471 2261 1520 ;
2291 1422 2495 1522 quippe
2528 1462 2652 1503 cum
2682 1449 2885 1514 praeter
2914 1437 3082 1499 illam,
3110 1431 3257 1487 nulla
3290 1427 3393 1481 alia
3428 1422 3642 1491 reliqua

2070 1546 2143 1601 sit
2169 1542 2489 1600 hominibus
2513 1553 2638 1608 spes
2661 1532 2875 1590 salutis.

2138 1636 2226 1691 26.
2262 1632 2497 1695 Videsis,
2554 1643 2621 1682 ne
2667 1625 2892 1679 fratrem
2932 1616 3056 1673 heri
3100 1609 3404 1683 spiritalem
3443 1618 3508 1659 ac
3532 1602 3646 1656 vir-

2074 1734 2189 1785 tute
2217 1727 2437 1789 fultum,
2466 1693 2537 1777 ob
2560 1719 2747 1775 odium
2779 1714 2876 1769 tibi
2904 1710 3069 1765 hodie
3098 1698 3427 1774 nequissimi
3452 1693 3646 1750 fraude

398 1828 467 1879 νη
479 1767 572 1881 ρόῦ
596 1767 945 1876 ἐγγινόμενον
976 1767 1153 1873 μῖσος,
1175 1767 1326 1871 κρῖνε
1355 1767 1559 1867 φαῦλον
1571 1767 1671 1851 ’καὶ
1694 1767 1929 1865 πονηρόν
1951 1812 1979 1829 ν

2080 1767 2189 1785 ,μιν
2217 1767 2437 1789 .υ.......,
2469 1767 2534 1777 νυ
2564 1767 2746 1775 πη---
3192 1767 3207 1774 _

2080 1840 2135 1879 ac
2166 1821 2288 1877 labe
2324 1816 2648 1875 immissum,
2684 1809 2883 1863 malum
2918 1800 3129 1874 judiccs
3160 1804 3216 1852 et
3252 1804 3480 1864 pravum
3507 1804 3523 1840 :
3549 1784 3647 1840 sed

399 1891 538 1955 ἅλλά
581 1897 671 1952 διὰ
701 1894 802 1965 τῆς
856 1889 1315 1963 μακροθυμούσης
1363 1887 1585 1955 ἀγάπης
1629 1886 1698 1938 τὰ
1750 1882 1973 1954 χθεσινά

400 1990 543 2045 καλὰ
573 1986 937 2057 λογιζόμενος,
963 1984 1024 2036 τὸ
1053 1983 1293 2053 σήμερον
1325 1982 1481 2052 μῖσος
1505 1978 1605 2046 τῆς
1634 1976 1813 2048 ψυχῆς
1835 1974 1975 2029 ἀπόο

400 2084 551 2139 ὄαλε.

471 2174 576 2239 κζ’.
615 2172 708 2243 Μὴ
739 2170 798 2224 ὃν
826 2168 1047 2241 ἐπῄνεις
1079 2172 1203 2238 χ’)ὲς
1231 2168 1303 2229 ὡς
1325 2161 1512 2229 καλὸν,
1545 2160 1642 2215 καὶ
1670 2158 1990 2237 ἐνεκωμίαπ

403 2267 494 2332 ζις
518 2234 603 2327 la;
651 2234 933 2332 ἐνάρετον,
962 2234 1200 2328 σήμερον
1246 2254 1322 2317 ὡς
1354 2250 1560 2323 φαῦλον
1611 2250 1707 2303 καὶ
1740 2234 1976 2318 πονηρὸν

407 2355 804 2425 κακολογήσῃς,
825 2352 912 2406 διὰ
943 2351 1043 2420 τὴν
1071 2349 1170 2417 σὴν
1192 2348 1249 2414 ἐξ
1278 2346 1498 2415 ἀγάπης
1524 2345 1603 2405 είς
1634 2344 1789 2413 μῖσος
1820 2357 1978 2410 μετα-

406 2447 567 2520 tio‘uhv
596 2446 688 2499 τὸν
716 2444 811 2498 τοῦ
845 2440 1075 2513 ἀδελφοῦ
1097 2439 1264 2510 ψόγον
1285 2477 1300 2501 ,
1324 2435 1618 2504 ἀπολογίαν
1651 2432 1744 2485 τοῦ
1792 2432 1850 2483 ὲν
1896 2430 1977 2482 σοὶ

408 2540 645 2612 πονηροῦ
704 2539 895 2611 μίσους
929 2534 1250 2606 ποιούμενος
1271 2547 1286 2561 ·
1316 2530 1455 2586 ἀλλὰ
1503 2533 1615 2591 τοῖς
1665 2528 1851 2589 αὐτοῖς
1886 2526 1979 2593 ἐγ-

400 2635 638 2705 κωμίοις
664 2632 964 2702 ἐπίμεινον,
996 2627 1098 2681 κᾶν
1128 2625 1210 2679 ἔτι
1242 2624 1344 2679 ὑπὸ
1377 2623 1473 2691 τῆς
1494 2620 1672 2689 λύπης
1699 2616 1972 2687 κεκράτηο

409 2744 519 2790 σαι,
558 2724 652 2779 καὶ
704 2725 784 2787 είς
835 2721 935 2793 τὴν
988 2716 1263 2789 σωτηρίαν
1316 2713 1538 2783 ἀγάπην
1590 2708 1835 2781 εὐχερῶς
1875 2709 1976 2759 ὲπ-

402 2818 634 2891 ανέρχῃ.

478 2919 587 2983 κη’.
615 2909 706 2982 Μὴ
756 2909 847 2963 τὸν
899 2905 1102 2976 συνήθη
1148 2902 1242 2956 τοῦ
1294 2898 1526 2969 ἀδελφοῦ
1568 2896 1789 2950 ἔπαινον
1823 2891 1935 2964 (37)
1961 2933 1975 2957 ,

405 3006 496 3062 διὰ
521 3002 620 3077 τήν
649 3004 727 3057 ἑτι
752 3005 810 3056 ἐν
858 3000 943 3055 σοὶ
990 2998 1125 3070 πρὸς
1164 2994 1328 3049 αὐτὸν
1356 2992 1708 3063 ὑπάρχουσαν
1737 3002 1981 3056 κεκρυμ-

2072 1912 2257 1983 potius
2281 1902 2566 1962 charitatis
2601 1894 2884 1970 patientia,
2925 1891 3179 1945 hesterna
3213 1882 3364 1936 illius
3383 1878 3528 1932 bona
3559 1886 3649 1929 re-

2073 2011 2294 2074 putans,
2326 1992 2582 2052 hodierni
2616 1989 2727 2045 odii
2753 1986 2906 2041 virus
2933 1997 3000 2036 ex
3032 1978 3217 2034 animo
3246 1971 3443 2028 abiice.

2146 2181 2237 2235 27.
2271 2177 2374 2240 Ne,
2415 2186 2579 2244 quem
2604 2166 2727 2223 heri
2756 2178 2867 2235 pro:
2896 2171 3112 2215 morum
3145 2154 3433 2208 honestate
3461 2142 3650 2199 lauda-

2075 2275 2193 2337 bas,
2219 2287 2282 2327 ac
2304 2266 2527 2324 virtutis
2550 2260 2771 2317 nomine
2789 2251 3145 2327 praadicabas,
3171 2243 3335 2299 hodie
3359 2248 3422 2295 ut
3445 2237 3647 2291 malum

2074 2370 2415 2433 pravumque
2446 2352 2748 2421 vituperes,
2774 2323 2921 2413 quod
2959 2335 3313 2391 dilectionem
3337 2339 3487 2381 tuam
3521 2323 3650 2378 odio

2076 2414 2128 2433 τί
2331 2414 2343 2425 .
2572 2414 2586 2421 -

2075 2448 2405 2513 mutaveris;
2452 2456 2650 2511 nempe
2702 2434 2939 2507 improbi
2982 2430 3061 2486 tui
3111 2414 3224 2481 odii
3274 2417 3649 2476 defensionem

2077 2557 2348 2616 qurerens,
2395 2534 2541 2609 quod
2583 2534 2805 2587 fratrem
2849 2521 3202 2582 criminaris:
3234 2515 3330 2571 sed
3361 2522 3653 2584 persevera

2079 2640 2133 2694 in
2170 2635 2365 2691 iisdem
2398 2629 2680 2691 laudibus,
2721 2620 2937 2679 tametsi
2972 2616 3152 2671 adhuc
3186 2623 3333 2680 aegro
3374 2603 3556 2660 animo
3578 2600 3654 2655 sis

2078 2731 2397 2798 doleasque,
2427 2723 2697 2789 facileque
2734 2716 2801 2772 ad
2840 2713 3116 2770 salubrem
3148 2703 3499 2762 dilectionem
3535 2695 3655 2750 ani-

2078 2819 2344 2890 meequior
2379 2816 2555 2870 factus
2587 2807 2904 2866 reverteris.

2147 2878 2237 2967 28-.
2266 2908 2410 2966 Cave
2452 2921 2522 2960 ne
2553 2901 2772 2958 laudem
2801 2912 2907 2967 qua
2950 2892 3173 2948 fratrem
3218 2878 3481 2957 prosequi
3520 2890 3656 2933 con-

2081 3017 2361 3065 sueveras,
2397 2998 2467 3054 ob
2501 2996 2748 3052 dolorem
2778 2989 2960 3046 adhuc
2990 2984 3047 3039 in
3079 2980 3244 3037 corde
3273 2978 3559 3035 latentem,
3598 2967 3654 3021 iu

411 3062 590 3175 μένην.
610 3097 809 3167 λύπην,
847 3095 906 3146 ἒν
944 3094 1011 3163 τῇ
1035 3062 1162 3143 ’τῶν
1216 3085 1419 3141 λοιπῶν
1448 3062 1693 3152 ἀδελφῶν
1724 3077 1979 3149 συντυχίᾳ

2081 3095 2313 3150 fratrum
2342 3088 2684 3158 reliquorum
2726 3088 2871 3137 coetu
2918 3081 3324 3144 congressuque
3352 3062 3653 3120 adulteres,

2685 3171 2701 3175 ‘
3023 3163 3035 3175 ο
3192 3159 3207 3175 ι
3297 3154 3433 3175 ﬂ---)
3470 3149 3543 3175 :n:
3572 3147 3624 3175 ..ε

408 3172 670 3265 νοθεύσῃς
706 3207 721 3221 ·
754 3183 1235 3258 συμπαραμίσγων
1288 3180 1401 3242 τοῖς
1462 3176 1640 3244 λόγοις
1677 3172 1978 3243 λεληθότως

404 3290 499 3344 τὸν
517 3264 683 3358 ψόγον
704 3298 719 3314 ⁸
758 3280 893 3336 ἀλλὰ
923 3275 1145 3348 καθαρῷ
1195 3272 1274 3344 τῷ
1307 3269 1513 3341 ἐπαίνῳ
1537 3271 1594 3322 ἐν
1616 3270 1685 3339 τῇ
1720 3264 1981 3335 συντυχίᾳ

408 3381 633 3453 χρῆσαι,
662 3375 759 3430 καὶ
795 3372 1029 3443 γνησίως
1054 3367 1197 3439 ὑπὲρ
1226 3362 1413 3428 αὐτοῦ,
1441 3362 1516 3424 ὡς
1550 3357 1770 3424 σαυτοῦ,
1808 3374 1950 3429 προσ
1968 3389 1979 3399 -

408 3449 571 3543 εύχου
613 3486 629 3501 ⁸
663 3467 757 3523 καὶ
814 3464 907 3519 τοῦ
970 3460 1213 3532 ὀλεθρίου
1269 3456 1460 3529 μίσους
1520 3453 1753 3524 τάχιστα
1807 3449 1984 3504 ἀπαλ-

410 3570 602 3641 λάττῃ.

480 3639 584 3718 xi)".
614 3659 705 3730 Μή
748 3656 910 3728 εἴπῃς
930 3671 943 3685 ·
975 3651 1050 3706 Οὐ
1086 3647 1228 3720 μισῶ
1249 3644 1340 3700 τὸν
1362 3643 1610 3714 ἀδελφὸν,
1636 3640 1735 3711 τὴν
1764 3639 1986 3709 μνήμην

413 3756 577 3814 αὺτοῦ
606 3748 1099 3822 ἀποστρεφόμενος.
1141 3740 1301 3796 Ἀλλά
1340 3740 1567 3793 ἄκουσον
1608 3732 1878 3794 Μωῦσέως
1900 3730 1989 3782 λέ-

412 3867 598 3921 γοντος
618 3865 631 3879 ⁸
659 3849 717 3901 Μ
724 3844 756 3913 ὴ
784 3839 1062 3913 μισήσῃς
1084 3836 1190 3890 τὸν
1219 3832 1487 3900 ἀδελφόν
1513 3844 1627 3881 σου
1652 3824 1727 3894 τῇ
1754 3824 1987 3889 διανοίᾳ

413 3916 563 4000 σουσ
599 3933 826 4008 ἔλεγ’μῷ
853 3931 1117 4003 ἐλέγξεις
1170 3927 1277 3981 τὸν
1327 3921 1592 3991 ἀδελφόν
1618 3934 1734 3974 σου
1766 3916 1864 3971 καὶ
1915 3917 1987 3969 οὐ

413 4036 599 4104 λήψῃ
626 4032 698 4086 δι’
731 4027 919 4083 αὑτὸν
954 4021 1258 4093 ἁμαρτίαν.

484 4100 717 4181 £9an
773 4116 997 4186 ἁδελφὸς
1047 4112 1211 4182 τυχὸν
1278 4104 1671 4180 πειραζόμενος
1730 4100 1987 4171 ἐπιμείνη

417 4215 732 4285 κακολογῶν
765 4231 853 4276 σε,
890 4207 1027 4264 ἀλλά
1064 4203 1128 4258 σύ
1169 4219 1233 4270 γε
1270 4200 1345 4271 μὴ
1394 4196 1678 4268 ἐξενεχθῇς
1724 4193 1823 4264 τῆς
1853 4194 1991 4261 ἀγα-

418 4308 655 4381 πητικῆς
689 4302 1107 4361 καταστάσεως,
1140 4291 1234 4346 τοῦ
1265 4289 1429 4344 αὐτοῦ
1460 4284 1697 4358 πονηροῦ
1737 4284 1991 4354 δαίμονος

417 4374 763 4470 ἀνεχόμενος,
790 4386 1133 4459 ἐνοχλοῦντος
1169 4382 1309 4437 κατὰ
1352 4380 1613 4434 διάνοιαν.
1650 4377 1767 4429 Οὐκ
1808 4374 1988 4439 ἐξενε-

418 4464 596 4566 χθήὲιί
630 4487 686 4541 δὲ
711 4483 915 4551 ταύτης
934 4522 949 4546 ,
975 4478 1068 4531 ἐὰν
1097 4472 1503 4546 λοιδορούμενος
1535 4467 1865 4539 εύλογήσῃς·
1893 4464 1989 4517 ἐὰν

420 4557 928 4647 ἔπι-ϐουλευόμενος,
960 4570 1243 4639 εύνοήσῃς.
1282 4563 1429 4635 Αὕτη
1483 4561 1630 4615 ἐστὶν
1671 4560 1705 4630 ἡ
1745 4559 1862 4620 ὁδὸς
1893 4557 1993 4626 τῆς

420 4676 562 4733 κατά
595 4669 825 4745 Χριστὸν
857 4663 1176 4734 φιλοσοφίας
1210 4676 1224 4691 ’
1258 4658 1352 4712 καὶ
1380 4658 1409 4709 ό
1432 4654 1509 4727 μὴ
1535 4652 1739 4723 ταύτην
1771 4648 1971 4704 ὁδεύων

420 4774 481 4825 οὐ
507 4762 882 4828 συναυλίζεται
908 4754 1080 4825 αὐτῷ.

492 4941 595 4996 λα’.
626 4936 720 5010 Μή
768 4936 844 4998 ὡς
899 4927 1221 4990 εὐνοοῦντας
1251 4922 1493 4992 λογίζου,
1519 4921 1645 4984 τοὺς
1686 4917 1877 4986 λόγους
1917 4934 2001 4971 σοι

424 5029 688 5104 φέροντας
707 5006 891 5096 *λύπην
917 5014 977 5075 ὲν
1007 5018 1092 5073 σοὶ
1136 5015 1231 5070 καὶ
1285 5015 1440 5085 μῖσος
1475 5010 1565 5064 τὸν
1613 5008 1748 5081 πρὸς
1775 5006 2001 5076 ἀδελφὺν

424 5095 825 5193 ἐργαζομένους
871 5110 1004 5182 (38),
1045 5108 1150 5161 κᾶν
1179 5103 1463 5173 ἀληθεύειν
1489 5099 1719 5153 δοκῶσιν
1741 5115 1754 5129 ·
1783 5096 1897 5152 dar
1926 5095 2001 5159 ὡς

426 5204 789 5265 θανατοῦντας
822 5199 975 5269 ὄφεις
1001 5197 1126 5259 τοὺς
1174 5192 1448 5253 τοιούτους
1488 5188 1834 5258 ἀποστρέφου
1859 5203 1872 5216 ·
1915 5186 2002 5239 ἵνα

426 5297 711 5359 κάκείνους
739 5292 833 5347 τοῦ
859 5288 1174 5356 κακολογεῖν
1200 5283 1501 5355 ἀνακόψῃς,
1523 5283 1616 5337 καὶ
1645 5280 1744 5351 τήν
1769 5276 1994 5332 σεαυτοῦ

424 5388 605 5463 ψυχὴν
628 5382 891 5456 πονηρίας
918 5378 1256 5448 ἀπαλλάξῃς.

498 5563 597 5634 λβ¹.
632 5561 729 5633 Μὴ
752 5559 930 5628 λόγοις
952 5556 1009 5611 δί
1048 5551 1389 5624 αἰνιγμάτων
1418 5548 1510 5605 τὸν
1536 5546 1762 5618 ἀδελφὸν
1810 5545 1999 5614 κεντή-

2080 3185 2219 3240 clam
2259 3181 2405 3235 inter
2443 3171 2803 3231 fabulandum
2837 3159 3268 3221 commiscendo,
3289 3154 3434 3225 quod
3470 3149 3544 3205 illi
3572 3147 3655 3201 vi-

2082 3275 2298 3346 tuperio
2341 3270 2501 3328 cedat
2544 3285 2557 3322 :
2598 3264 2694 3320 sed
2735 3259 2907 3331 magis
2944 3271 3071 3313 cum
3114 3264 3295 3307 sermo
3335 3241 3649 3300 miscendus

2081 3367 2207 3424 erit.
2243 3376 2436 3433 puram
2468 3354 2670 3413 adhibe
2704 3350 2946 3414 laudem,
2982 3356 3220 3411 vereque
3243 3354 3311 3393 ex
3338 3334 3520 3389 animo
3550 3344 3650 3400 pro

2085 3419 2207 3511 illo,
2232 3419 2295 3507 ac
2327 3464 2427 3520 pro
2453 3446 2650 3516 teipse,
2676 3455 2808 3506 ora;
2844 3436 3049 3505 ﬁetque
3084 3437 3145 3485 ut
3179 3425 3334 3483 brevi
3362 3419 3658 3478 admodum

2085 3544 2318 3600 exitiosa
2345 3538 2459 3593 odii
2483 3536 2607 3592 labe
2639 3529 2914 3587 libereris.

2154 3635 2245 3691 29.
2300 3632 2378 3686 Ne
2436 3628 2590 3683 dicas
2635 3632 2686 3677 te
2731 3637 2842 3675 non
2887 3617 3070 3673 odisse
3115 3612 3360 3672 fratrem,
3406 3605 3500 3676 qui
3544 3603 3663 3673 ejus

2088 3723 2411 3782 memoriam
2437 3715 2730 3774 averseris.
2748 3713 2953 3768 Verum
2972 3704 3100 3761 audi
3118 3703 3320 3756 Mosem
3346 3697 3620 3752 dicentem
3646 3709 3661 3744 ε

2087 3812 2205 3874 Νδη
2225 3814 2396 3870 oderis
2432 3812 2653 3883 fratrem
2676 3815 2825 3858 tuum
2840 3803 2897 3855 in
2920 3797 3073 3853 corde
3105 3804 3236 3848 tuo:
3264 3787 3666 3862 reprehensione

2090 3905 2431 3979 reprehendes
2473 3901 2697 3972 fratrem
2737 3905 2907 3957 tuum,
2951 3898 3000 3945 et
3033 3904 3138 3942 non
3177 3897 3410 3939 assumes
3453 3883 3666 3950 prapter

2091 4001 2243 4057 illum
2276 4003 2547 4069 peceatum
2575 3993 2618 4044 ⁸.

2158 4088 2249 4144 50.
2276 4061 2338 4142 Si
2366 4086 2505 4139 forte
2539 4080 2842 4148 contingat,
2873 4082 2932 4129 ut
2962 4072 3133 4127 frater
3166 4064 3463 4122 tentatione
3485 4061 3667 4132 pulsa-

2093 4190 2201 4245 tus,
2240 4174 2581 4234 detrahendo
2618 4168 2891 4226 morosior
2916 4163 3170 4227 insistat;
3218 4168 3273 4212 tu
3307 4165 3485 4210 tamen
3513 4166 3666 4216 cave,

2091 4288 2161 4328 ne
2217 4269 2410 4326 eodem
2438 4264 2744 4337 proposito,
2775 4256 3158 4328 interpellante
3197 4247 3528 4319 nequissimo
3561 4244 3670 4298 dre-

2054 4370 2277 4428 'mone,
2314 4378 2346 4417 a
2383 4336 2669 4416 cbaritatis
2714 4344 2859 4409 sIatu
2899 4346 3184 4405 transferri
3215 4353 3266 4399 te
3301 4340 3465 4413 448
3493 4336 3669 4409 patia-

2092 4458 2190 4512 ris.
2226 4454 2296 4511 Ut
2328 4458 2515 4508 autem
2557 4443 2907 4502 transferaris
2955 4452 3237 4508 nunquam
3280 4433 3391 4497 ﬁat,
3422 4430 3465 4485 si
3500 4428 3671 4482 male-

2089 4546 2254 4604 dictis
2277 4542 2586 4604 lacessitus,
2616 4533 2968 4592 benedixeris
3002 4549 3015 4584 :
3047 4530 3093 4584 si
3132 4526 3350 4583 insidiis
3376 4521 3668 4592 appetitus.

2087 4634 2534 4695 benevolentiam
2576 4628 2845 4686 tenueris.
2887 4624 3013 4679 Πωο
3054 4620 3380 4676 Christiana:
3423 4612 3670 4683 philoso-

2091 4731 2237 4803 phiae
2262 4729 2387 4797 via;
2422 4741 2550 4798 qua,
2583 4723 2678 4794 qui
2705 4719 3000 4781 exorbitat,
3023 4714 3169 4770 haud
3206 4723 3446 4780 unquam
3466 4704 3671 4760 Christi

2092 4816 2460 4876 contubernio
2486 4829 2549 4869 ac
2572 4812 2836 4867 societate
2857 4805 3143 4879 gaudebit.

2166 4910 2256 4964 51.
2290 4907 2369 4962 Ne
2393 4903 2550 4974 quasi
2570 4899 2870 4956 benevolos
2899 4896 3088 4965 tuique
3120 4890 3361 4946 cultores
3392 4882 3673 4940 existima-

2094 4999 2263 5063 veris,
2288 4996 2384 5068 qui
2413 4994 2511 5050 tibi
2544 4993 2601 5047 in
2631 5004 2821 5046 aurem
2847 4999 3135 5044 sermones
3152 4983 3524 5038 insusurrant,
3549 4972 3672 5044 qui-

2096 5089 2202 5143 bus
2224 5087 2279 5142 in
2305 5065 2529 5141 iratrem
2570 5080 2791 5137 tristitia
2832 5086 2996 5147 atque
3035 5072 3163 5127 odio
3208 5065 3540 5128 incendaris,
3585 5073 3670 5118 ta-

2098 5180 2260 5236 metsi
2290 5192 2422 5233 vera
2439 5188 2667 5231 narrare
2697 5170 3016 5231 videantur;
3049 5163 3143 5220 sed
3167 5173 3423 5231 tanquam
3450 5155 3674 5229 pestife-

2099 5287 2190 5327 ros
2213 5278 2497 5339 serpentes
2529 5266 2650 5336 ejus
2695 5260 2915 5332 generis
2943 5257 3198 5331 homines
3224 5265 3474 5308 aversare
3498 5265 3513 5315 ;
3556 5257 3673 5301 tum

2098 5370 2162 5417 ut
2192 5362 2411 5416 illorum
2453 5351 2892 5411 maledicentiam
2926 5361 3260 5419 compescas,
3307 5350 3421 5397 tum
3460 5351 3522 5397 ut
3559 5339 3674 5411 ipse

2101 5451 2347 5507 animum
2387 5458 2541 5505 tuum
2572 5463 2604 5501 a
2632 5444 2878 5516 nequitia
2915 5442 3137 5497 liberes.
3517 5433 3523 5439 ’

2173 5544 2263 5600 52.
2298 5542 2376 5598 Ne
2411 5541 2665 5597 obscuris
2709 5552 2775 5594 ac
2798 5534 3077 5608 perplexis
3104 5530 3290 5589 verbis
3316 5528 3540 5584 fratrem
3570 5537 3675 5591 pu-

505 5727 526 5763 ⁸
547 5730 708 5786 Prov.
734 5743 840 5793 inv,
865 5728 953 5784 29.
1029 5728 1050 5759 ⁸
1074 5728 1232 5783 Rom.
1256 5742 1329 5791 vr,
1354 5725 1443 5779 22.
1517 5723 1536 5752 τ
1564 5721 1721 5775 Rom.
1749 5731 1876 5784 xvn,
1908 5715 1960 5769 '5.

2087 5709 2259 5767 Lovit.
2288 5722 2397 5773 XIX,
2444 5706 2522 5763 l7.
