4128 6210
463 286 601 355 1055

1641 290 1705 350 Β.
1747 288 2031 350 MAXIM!
2069 287 2579 350 LONFESSORIS

3566 281 3713 351 1056

458 395 712 468 pugeris;
767 409 839 450 ne
903 394 996 448 illo
1049 392 1201 464 paria
1266 392 1657 465 respondente,
1721 393 2035 450 dilectionis

2152 410 2258 467 της,
2293 394 2380 448 ἵνα
2408 393 2482 465 μὴ
2518 392 2589 448 τά
2613 392 2776 463 ὃμοια
2795 389 2917 462 παῤ
2955 388 3121 447 αὐτοῦ
3145 385 3585 461 ἀναδεχόμενος.
3608 393 3723 457 τὴν

459 484 716 539 allectum
745 498 813 537 ex
848 483 1134 538 amborum
1170 483 1370 539 animis
1407 483 1726 555 expuleris:
1767 483 1863 539 sed
1896 483 2030 538 cba-

2152 487 2229 559 ςῆς
2252 486 2468 556 ἀγάπης
2496 483 2733 538 διάθεσιν
2756 481 2816 550 ἐξ
2839 480 3166 552 ἀμφοτέρων
3214 479 3515 551 ἀπελάσῃς.
3554 481 3728 536 Ἀλλὰ

461 577 639 633 ritatis
682 575 900 640 fiducia,
944 574 1102 639 vade,
1143 590 1382 645 eumque
1423 590 1593 647 argue
1624 575 1668 640 ’,
1702 583 1763 630 ut
1799 574 2032 631 sublatis

460 685 582 739 qua:
613 667 857 724 dolorem
884 668 1066 723 animo
1102 667 1443 739 ingerebant,
1490 676 1543 723 te
1581 666 1789 739 pariter
1827 667 2038 737 ipsum-

462 774 570 830 que
596 757 909 812 turbatione
937 766 1102 827 atque
1133 757 1303 813 animi
1330 756 1654 828 egritudine
1684 756 1907 812 liberes.

533 848 621 903 '55.
652 846 813 903 Omni
844 848 1127 918 diligentia
1166 857 1413 903 scrutare
1444 847 1837 904 conscientiam
1865 855 2035 913 tuam,

464 955 534 995 ne
563 939 704 993 forte
730 947 822 993 tua
856 938 1015 1008 culpa
1051 938 1223 992 frater
1261 953 1369 993 non
1402 937 1790 993 reconciliatus
1817 936 2040 992 absces-

466 1031 641 1095 serit;
698 1046 763 1089 ac
804 1045 874 1084 ne
920 1030 1055 1085 falsa
1105 1028 1264 1099 quasi
1319 1028 1707 1099 supputatione
1748 1026 2040 1083 fallendam

468 1138 587 1177 eam
621 1122 921 1192 putaveris,
945 1138 1064 1191 quae
1091 1121 1307 1180 noverit
1330 1120 1543 1176 occulta
1574 1128 1688 1185 tua,
1722 1127 2043 1175 accusatura

470 1230 580 1284 quo
622 1222 865 1282 tempore
910 1212 1050 1266 vivis
1093 1211 1346 1278 excedes,
1381 1226 1446 1266 ac
1478 1209 1811 1266 oli‘endiculo
1860 1208 2046 1264 futura

472 1303 604 1357 dum
638 1303 901 1373 precaris.
1848 1311 1855 1318 '

537 1394 625 1449 54.
665 1393 743 1449 Ne
782 1394 933 1464 pacis
974 1402 1242 1464 tempore,
1282 1407 1476 1447 eorum
1522 1407 1645 1462 qua:
1681 1391 1830 1446 dicta
1859 1398 1987 1445 sunt
2015 1404 2048 1445 a

472 1485 663 1549 fratre,
695 1502 821 1541 cum
864 1486 910 1540 is
950 1501 1094 1556 aegro
1131 1487 1317 1540 animo
1356 1496 1519 1547 esset
1571 1483 1908 1547 memineris,
1932 1484 2050 1539 sive

474 1578 567 1633 ille
596 1578 650 1633 in
682 1578 875 1633 faciem
913 1593 976 1633 ac
1004 1593 1189 1633 coram
1230 1578 1428 1632 acerba
1456 1578 1674 1632 locutus
1707 1586 1813 1641 est,
1843 1576 1959 1631 sive
1980 1574 2049 1629 ad

471 1668 639 1723 alium
661 1669 974 1734 oblocutus,
1004 1684 1071 1723 ex
1098 1684 1209 1739 quo
1239 1680 1427 1739 postea
1467 1668 1711 1724 audieris
1744 1686 1756 1722 :
1794 1684 1885 1731 ne,
1917 1667 2049 1722 dum

2138 578 2278 651 μετὰ
2309 576 2620 651 παρρησίας
2647 573 3015 646 ἀγαπητικῆς,
3048 571 3248 641 ὕπαγε,
3279 573 3496 641 ἔλεγξον
3525 573 3729 641 αὐτὸν,

2136 671 2223 725 ἵνα
2251 670 2351 735 τάς
2400 669 2580 732 αἰτίας
2598 668 2698 739 τῆς
2724 665 2902 738 λύπης
2933 664 3122 729 λύσας,
3143 664 3390 736 ταραχῆς
3416 666 3512 720 καὶ
3541 663 3737 734 λύπης

2137 762 2477 835 ἀμφοτέρους
2508 758 2845 831 ἀπαλλάξῃς.

2211 852 2316 924 λγ’.
2360 851 2684 924 Ἐρτύνησον
2710 850 2807 922 τὴν
2851 850 3157 918 συνείδησιν
3192 848 3330 920 μετά
3363 848 3543 919 πάσης
3566 851 3732 919 ἀκρι-

2139 945 2313 1011 ϐείας,
2332 945 2539 1016 μήποτε
2567 946 2633 1015 τῇ
2657 946 2724 1014 σῇ
2769 941 2918 1013 αίτίᾳ
2937 942 2967 995 ὁ
2981 940 3207 1010 ἀδελφὸς
3224 940 3287 994 ού
3308 939 3565 1012 διηλλάγη
3590 957 3605 971 ’
3623 939 3739 993 καὶ

2143 1038 2221 1110 μὴ
2254 1035 2616 1108 παραλογίζου
2667 1034 2873 1107 ταύτην
2904 1034 3063 1105 (e-u),
3084 1032 3153 1087 τά
3181 1032 3399 1104 κρυπτά
3428 1049 3523 1086 σου
3553 1031 3701 1101 γινὼ

2145 1146 2402 1191 σκουσαν,
2432 1129 2528 1184 καὶ
2585 1126 3001 1199 κατηγοροῦσαν
3035 1143 3129 1179 σου
3173 1125 3234 1178 ὲν
3288 1123 3367 1195 τῷ
3410 1122 3591 1194 καιρῷ
3617 1123 3732 1193 τῆς

2143 1222 2347 1287 ἐξόδου,
2370 1221 2462 1275 καὶ
2491 1222 2548 1275 tv
2578 1218 2757 1290 καιρῷ
2784 1218 2843 1272 δὲ
2892 1218 3218 1290 προσευχῆς,
3255 1214 3595 1288 πρόσκομμά
3637 1231 3734 1269 σοι

2143 1313 2458 1383 γινομένην.
3116 1304 3119 1305 ν

2217 1402 2310 1456 λδ’.
2338 1402 2430 1473 Μὴ
2463 1400 2771 1472 μνημόνευε
2797 1401 2857 1454 ὲν
2884 1398 2967 1470 τῷ
3014 1398 3196 1470 καιρῷ
3221 1401 3323 1469 τῆς
3342 1399 3588 1469 εἰρήνης,
3612 1395 3741 1451 τῶν

2148 1490 2208 1542 ὲν
2226 1488 2304 1559 τῷ
2333 1487 2511 1559 καιρῷ
2535 1488 2635 1558 τῆς
2663 1487 2835 1558 λύπης
2864 1487 2969 1541 ὑπὸ
2996 1486 3091 1541 τοῦ
3120 1487 3350 1556 ἀδελφοῦ
3388 1486 3695 1558 λεχθέντων
3713 1504 3731 1520 ο

2150 1580 2251 1634 κάν
2278 1596 2339 1632 τε
2378 1578 2521 1633 κατά
2569 1578 2860 1650 πρόσωπον
2886 1578 2957 1633 τὰ
3006 1578 3228 1650 λυπηρά
3262 1577 3495 1650 ἐρρέθη,
3529 1578 3632 1633 κάν
3667 1595 3735 1632 τε

2151 1672 2289 1743 πρὸς
2314 1672 2471 1727 ἀλλον
2494 1672 2624 1742 περὶ
2654 1670 2773 1731 σοῦ.
2802 1670 2898 1724 καὶ
2930 1669 3069 1739 μετά
3119 1668 3293 1723 ταῦτα
3333 1669 3573 1739 ἡκούσας
3598 1685 3614 1700 ο
3641 1669 3737 1722 ῑνα

472 1762 679 1815 veteris
727 1760 857 1815 rixa:
900 1775 965 1815 ac
1017 1759 1230 1830 injuria:
1275 1759 1636 1831 cogitationes
1683 1759 1946 1826 admittis,
1981 1758 2048 1813 ad

2157 1764 2231 1836 μὴ
2260 1764 2369 1818 τῶν
2405 1762 2682 1835 λογισμῶν
2727 1762 2828 1832 τῆς
2862 1762 3228 1833 μνησικακίας
3272 1761 3622 1831 ἀνεχόμενος,
3650 1764 3739 1826 είς

474 1847 769 1902 exitiosum
804 1846 990 1902 fratris
1019 1847 1206 1902 odium
1242 1847 1557 1902 revertaris.

546 1936 637 1991 55.
675 1935 794 1990 Non
839 1944 1023 2007 potest
1061 1936 1279 1991 animus
1332 1945 1491 1992 utens
1528 1936 1761 2002 ratione,
1807 1934 2052 2006 quandiu

478 2041 667 2082 secum
709 2027 903 2098 ipsein
942 2028 1221 2083 hominem
1250 2028 1350 2083 alit
1374 2028 1561 2084 odium
1591 2044 1656 2083 ac
1680 2027 1900 2098 premit,
1927 2041 2057 2082 cum

476 2118 612 2180 Deo.
638 2119 732 2188 qui
760 2117 913 2173 dedit
945 2119 1284 2181 mandatum.
1305 2134 1495 2189 pacem
1522 2119 1725 2174 habere
1754 2136 1767 2170 ε
1797 2117 1854 2173 Si
1881 2117 2051 2182 enim,

477 2209 677 2279 inquit,
704 2225 810 2262 non
846 2210 1149 2264 dimiseritis
1177 2211 1469 2264 hominibus
1504 2216 1719 2281 peccata
1741 2225 1941 2275 eorum,
1962 2224 2055 2263 nec

475 2299 643 2355 Pater
671 2308 837 2355 vester
856 2300 1076 2356 calcatis
1110 2302 1339 2356 dimittet
1370 2301 1511 2356 vobis
1536 2308 1749 2372 peccata
1787 2307 1957 2355 vestra
1986 2300 2051 2355 ¹⁶.

479 2388 578 2446 Siu
600 2400 784 2446 autem
825 2391 917 2447 ille
956 2408 1148 2464 pacem
1176 2394 1317 2449 nolit
1354 2394 1554 2458 colere,
1593 2402 1651 2448 tu
1683 2394 1874 2456 saltem
1901 2401 1954 2448 te
1983 2391 2055 2449 ab

478 2481 608 2537 odio
639 2483 937 2538 immunem
976 2500 1157 2548 serva,
1175 2500 1305 2541 vere
1323 2500 1390 2540 ex
1415 2484 1599 2541 animo
1619 2500 1720 2557 pro
1745 2484 1840 2542 illo
1865 2500 2053 2550 orans,

478 2589 582 2631 nec
609 2574 752 2646 apud
800 2576 970 2632 ullum
1002 2577 1050 2632 ei
1082 2577 1423 2634 obtrectans.

550 2750 639 2807 '56.
672 2750 1001 2807 Sanctorum
1040 2749 1358 2821 angelorum
1388 2750 1539 2805 nulla
1561 2749 1854 2805 verborum
1878 2748 1931 2803 vi
1957 2764 2056 2804 ex-

484 2841 758 2915 plicabilis
794 2859 919 2913 pax,
958 2841 1165 2913 duplici
1198 2842 1304 2896 hoc
1340 2841 1541 2896 affectu
1581 2841 1737 2896 firma
1772 2840 2053 2906 consistit;

481 2951 677 3007 nempe
705 2936 995 3001 cltaritate,
1027 2951 1136 3006 qua
1161 2934 1359 2992 Deum.
1386 2943 1441 2990 et
1468 2950 1574 3006 qua
1611 2934 1715 3005 ipsi
1751 2933 1890 2989 alter
1923 2933 2057 2989 alte-

483 3038 605 3078 rum
652 3033 1084 3094 prosequuntur.
1127 3022 1396 3078 Similiter
1436 3039 1570 3079 vero
1609 3023 1776 3079 etiam
1807 3024 2053 3079 omnium

483 3090 801 3170 sanctorum
826 3090 923 3185 qui
951 3130 980 3169 a
1004 3114 1203 3170 saeculo
1227 3113 1470 3170 fuerunt.
1488 3114 1865 3181 Pulcherrime
1890 3114 2055 3185 igitur
2082 3090 2126 3148 θ

483 3219 549 3260 ac
571 3205 777 3275 optime
807 3204 1017 3260 dictum
1050 3204 1316 3260 Salvatori
1360 3214 1551 3260 nostro
1585 3213 1670 3260 est
1708 3223 1722 3260 :
1758 3205 1824 3261 In
1859 3206 2060 3261 duobus

486 3295 567 3350 Itis
602 3295 871 3351 mandatis
921 3304 1031 3349 tota
1062 3293 1145 3349 lex
1169 3295 1355 3366 pendet
1418 3302 1469 3348 et
1495 3295 1761 3367 propheta:
1789 3296 1851 3349 ¹¹.
2016 3292 2023 3300 ’

552 3386 717 3461 449
746 3390 832 3444 57.
870 3388 949 3444 Ne
978 3389 1076 3444 tibi
1131 3386 1247 3457 ipse
1277 3387 1517 3458 placeas,
1565 3396 1623 3443 et
1656 3386 1883 3442 fratrem
1933 3388 2064 3443 odio

487 3494 596 3533 non
624 3478 853 3534 habebis
886 3497 899 3533 :
928 3486 1108 3535 necte
1134 3479 1250 3549 ipse
1281 3493 1347 3534 ac
1386 3492 1609 3547 carnem
1646 3493 1814 3550 prave
1841 3494 2066 3536 amave-

487 3569 586 3635 ris,
622 3569 831 3640 Deique
862 3585 1055 3625 amans
1092 3585 1154 3626 ac
1177 3569 1469 3641 religiosus
1488 3569 1619 3624 eris.

554 3660 643 3716 38.
699 3659 989 3732 Siquidem
1038 3676 1163 3717 cum
1221 3661 1572 3733 spiritalibus
1626 3660 1796 3717 vitam
1860 3659 2065 3718 ducere

487 3750 673 3808 animo
726 3754 1089 3810 constitutum
1125 3763 1246 3821 est,
1306 3770 1375 3811 ex
1428 3753 1563 3826 ipsis
1592 3754 1780 3810 statim
1828 3753 2064 3819 foribus,

490 3842 599 3900 tuis
624 3844 1003 3901 voluntatibus
1042 3844 1301 3900 nuntium
1335 3845 1575 3902 remitte.
1607 3843 1731 3900 Non
1767 3843 1918 3902 enim
1958 3845 2065 3899 ali-

489 3942 576 3990 ter
613 3918 729 3988 fleri
755 3933 981 4005 poterit,
1027 3940 1090 3989 ut
1122 3934 1208 3990 vel
1250 3949 1376 3989 cum
1405 3934 1537 3999 Deo,
1569 3933 1654 3990 vel
1681 3949 1807 3989 cum
1840 3933 1948 3989 illis
1969 3950 2067 4005 pa-

489 4039 609 4081 cem
636 4024 860 4091 habeas,
898 4025 1229 4096 quibuscum
1265 4026 1392 4082 vitae
1416 4025 1738 4087 societatem
1771 4025 1987 4081 inieris.

566 4113 655 4168 ‘59.
707 4112 808 4170 Cui
852 4113 1152 4185 perfectam
1203 4112 1447 4171 nancisci
1500 4114 1825 4170 cbaritatem
1875 4114 2064 4179 licuit,

494 4220 796 4276 omnesque
820 4205 946 4261 vita:
982 4220 1097 4261 suae
1124 4205 1367 4262 rationes
1387 4205 1456 4261 ad
1484 4221 1603 4262 eam
1630 4206 1958 4277 composuit,
1977 4205 2068 4261 hic

492 4295 684 4367 utique
731 4296 1021 4354 Dominum
1051 4296 1237 4353 Jesum
1279 4297 1335 4353 in
1370 4295 1581 4369 Spiritu
1605 4304 1797 4354 sancto
1835 4296 1971 4352 dicit
1998 4296 2097 4363 υς,

491 4385 847 4455 vicissimque
878 4386 1177 4441 contraria.

562 4474 652 4529 40.
692 4474 821 4543 Quae
859 4474 915 4530 in
945 4476 1117 4531 Deum
1152 4475 1395 4531 charitas
1430 4481 1535 4540 est,
1575 4473 1645 4530 ad
1676 4473 1863 4529 divina
1890 4474 2065 4530 collo-

493 4564 623 4636 quia
664 4567 956 4622 sublimem
989 4581 1259 4638 propense
1309 4581 1529 4637 semper
1578 4567 1824 4622 animum
1882 4563 2064 4623 levat:

493 4670 615 4726 quae
639 4668 821 4713 autem
854 4656 923 4712 ad
965 4656 1278 4729 proximum
1317 4665 1423 4723 est,
1456 4656 1596 4712 bene
1630 4672 1847 4728 semper
1876 4655 1945 4712 de
1972 4657 2068 4714 illo

495 4746 628 4805 facit
661 4750 928 4821 cogitare.

2149 1857 2212 1910 τὸ
2243 1854 2486 1926 ὀλέθριον
2521 1856 2678 1924 μῖσος
2702 1853 2799 1907 τοῦ
2841 1851 3071 1922 ἀδελφοῦ
3097 1852 3466 1922 ύποστρέψῃς.

2221 1948 2314 2002 λε’.
2345 1947 2421 2000 υύ
2466 1946 2690 2001 δύναται
2733 1944 2879 2016 ψυχὴ
2912 1943 3108 2016 λογικὴ
3151 1943 3289 2015 πρὸς
3320 1943 3610 2014 ἄνθρωπον
3645 1945 3739 2015 μῖ-

2154 2058 2245 2104 σος
2295 2039 2590 2110 τρέφουσα,
2619 2036 2756 2110 πρὸς
2802 2037 2893 2090 τὸν
2929 2036 3062 2090 Θεὸν
3114 2036 3462 2108 είρηνεῦσαι,
3495 2035 3589 2089 τὸν
3620 2035 3738 2089 τῶν

2150 2130 2381 2187 ἐντολῶν
2411 2130 2616 2202 δοτῆρα
2637 2147 2652 2164 ·
2703 2128 2840 2183 Ἐὰν
2870 2128 3001 2199 γὰρ,
3049 2129 3220 2200 φησὶ,
3249 2127 3336 2197 μὴ
3374 2128 3569 2197 ἀφῆτε
3605 2126 3740 2193 τοῖς

2150 2223 2485 2293 ἀνθρώποις
2529 2221 2602 2277 τὰ
2631 2219 3072 2292 παραπτώματα
3116 2219 3316 2275 αὐτῶν
3334 2260 3350 2283 ,
3383 2220 3528 2275 οὐδὲ
3553 2223 3589 2275 ό
3617 2224 3741 2275 Πα-

2151 2315 2264 2385 τὴρ
2298 2314 2467 2385 ἡμῶν
2520 2317 2593 2371 οὐ
2643 2314 2924 2383 οὐράνιος
2977 2312 3202 2382 ἀφήσει
3237 2312 3381 2383 ὑμῖν
3425 2311 3500 2367 τὰ
3548 2328 3742 2382 παραυ

2112 2477 2118 2482 _
2151 2406 2431 2477 ,πτώματα
2457 2403 2645 2476 ὑμῶν.
2683 2406 2746 2458 El
2785 2404 2842 2458 δὲ
2881 2405 3090 2466 ἐκεῖνος
3129 2403 3433 2475 εἰρηνεύειν
3459 2402 3521 2456 οὐ
3558 2401 3738 2466 θέλει,

2152 2495 2291 2551 ἀλλά
2326 2495 2390 2551 σύ
2428 2512 2492 2565 γε
2528 2494 2755 2550 σεαυτὸν
2785 2494 2895 2549 ἀπὸ
2934 2493 3123 2564 μίσους
3158 2492 3411 2563 φύλαξον.
3434 2493 3743 2564 προσευχό-

2157 2602 2314 2656 μενος
2346 2585 2489 2655 ὑπὲρ
2519 2584 2683 2640 αὐτοῦ
2726 2585 2985 2656 γνησίως,
3019 2583 3116 2639 καὶ
3153 2582 3229 2655 μὴ
3275 2582 3592 2653 κακολογῶν
3632 2582 3739 2637 αύ-

2154 2677 2245 2732 τὸν
2279 2676 2415 2748 πρός
2450 2694 2594 2732 τινα.
2700 2683 2712 2692 ’

2224 2768 2334 2835 λς’.
2380 2770 2444 2823 'll
2480 2768 2590 2823 τῶν
2632 2768 2804 2839 ἁγίων
2873 2767 3123 2838 ἀγγέλων
3185 2768 3465 2841 ἄφραστος
3516 2767 3736 2838 εἰρήνη,

2153 2859 2273 2921 ταῖς
2307 2858 2427 2912 δυσὶ
2451 2858 2673 2922 ταύταις
2702 2859 3033 2931 κεκράτηται
3060 2857 3333 2912 διαθέσεσι
3362 2874 3376 2890 ·
3414 2859 3480 2928 τῇ
3506 2874 3566 2910 τε
3595 2856 3742 2927 πρὸς

2154 2951 2247 3006 τὸν
2283 2951 2436 3017 Θεὸν,
2475 2954 2570 3006 καὶ
2620 2954 2690 3023 τῇ
2747 2951 2886 3023 πρὸς
2932 2951 3198 3022 ἀλλήλους
3243 2951 3451 3022 ἀγάπῃ.
3500 2949 3740 3020 ὐμοίως

2155 3042 2235 3108 δι.
2266 3045 2361 3099 καὶ
2415 3045 2633 3101 πάντων
2677 3044 2788 3099 τῶν
2835 3044 2929 3097 ἀπ’
2959 3042 3153 3107 αίῶνος
3200 3042 3390 3111 ἀγίων.
3420 3041 3736 3110 Παγκάλως

2156 3131 2250 3189 οὖν
2277 3135 2490 3207 ιίρηται
2532 3136 2637 3189 ὑπὸ
2685 3135 2779 3190 τοῦ
2827 3134 3083 3206 Σωτῆρος
3117 3134 3295 3206 ήμῶν,
3329 3134 3415 3187 ὅτι
3460 3136 3565 3189 Ἐν
3598 3134 3739 3188 ταύ-

2158 3242 2289 3294 ταις
2338 3226 2470 3294 ταῖς
2517 3226 2703 3282 δυσὶν
2747 3226 3024 3294 ἐντολαῖς
3058 3229 3091 3281 ό
3127 3226 3310 3296 νόμος
3354 3224 3497 3292 ὅλος
3550 3224 3651 3280 καί
3683 3225 3741 3278 υι

2161 3317 2459 3389 ,προφῆται
2485 3320 2823 3391 κρέμανται.

2233 3409 2333 3475 λζ’.
2372 3412 2464 3482 Μὴ
2520 3411 2613 3465 luo
2650 3410 3008 3481 αύτάρεσκος,
3040 3409 3133 3462 καὶ
3178 3409 3277 3463 οῦκ
3324 3408 3425 3479 ἔσῃ
3476 3406 3740 3478 μισάδελ-

2163 3517 2292 3573 φος·
2324 3502 2418 3556 καὶ
2451 3500 2529 3573 μὴ
2557 3500 2648 3555 tuo
2675 3501 2949 3572 φίλαυτος,
2974 3501 3071 3555 καὶ
3098 3499 3199 3573 ἔσῃ
3232 3499 3495 3569 φιλόθεος.

2232 3667 2334 3742 λη’.
2375 3669 2768 3740 Πντυματικοϊς
2794 3667 3032 3737 συζῆσαι
3051 3665 3452 3739 προῃρημένος,
3486 3665 3600 3727 τοῖς
3626 3666 3741 3726 σοῖς

2165 3764 2465 3835 θελήμασιν
2508 3762 2618 3817 ἀπὸ
2651 3762 2829 3835 θυρῶν
2862 3762 3163 3829 ἀπόταεαιο
3205 3763 3267 3815 ού
3315 3761 3391 3833 μὴ
3418 3761 3524 3833 γὰρ
3569 3759 3738 3830 ἑτέρῳ

2163 3856 2352 3927 τρόπῳ
2380 3853 2695 3927 ιίρηντῦσαι
2727 3853 2952 3928 δυνήσῃ,
2975 3851 3099 3907 οὔτε
3128 3851 3265 3925 πρὸς
3309 3852 3401 3906 τὸν
3427 3851 3586 3917 Θεὸν,
3615 3849 3736 3903 οῦτε

2167 3947 2302 4019 πρὸς
2330 3946 2454 4011 τοὺς
2485 3945 2780 4011 συζῶντας.

2232 4121 2335 4178 λθ⁹.
2387 4122 2448 4176 '0
2476 4120 2690 4177 τελείαν
2737 4120 2958 4193 ἀγάπην
3004 4119 3304 4191 κτήσασθαι
3350 4118 3619 4184 δυνηθεὶς,
3644 4116 3734 4169 καὶ

2165 4211 2285 4268 ὅλον
2336 4209 2427 4265 τὸν
2467 4209 2580 4282 βίον
2611 4209 2777 4265 αὐτοῦ
2798 4249 2815 4278 ,
2856 4210 2994 4281 πρὸς
3018 4209 3218 4280 ταύτην
3246 4207 3541 4280 ρυθμίσας,
3581 4202 3729 4266 οὗτος

2164 4302 2313 4374 λέγει
2350 4301 2555 4374 Κύριον
2599 4300 2806 4373 Ἰησοῦν
2839 4302 2898 4355 ὲν
2918 4299 3374 4372 Πνεύματιάγίῳ.
3409 4300 3519 4353 Καὶ
3550 4300 3613 4352 ἐκ
3639 4294 3729 4349 τοῦ

2097 4422 2143 4480 D
2170 4393 2435 4460 ἐναντίου,
2463 4393 2534 4448 τά
2558 4392 2776 4448 ἐναντία
2802 4392 3064 4463 δηλονότι.

2242 4491 2315 4558 μ’.
2365 4484 2433 4538 Ἦ
2465 4484 2566 4556 μὲν
2606 4483 2688 4549 είς
2735 4483 2867 4536 Θεὸν
2899 4482 3109 4552 ἀγάπη,
3162 4482 3243 4547 είς
3282 4480 3383 4552 τὴν
3418 4481 3570 4536 θείαν
3614 4482 3726 4549 ὁμιο

2169 4574 2289 4630 λίαν
2322 4575 2410 4630 ἀεὶ
2436 4574 2582 4645 φιλεῖ
2617 4573 2897 4645 πτερῶσαι
2922 4571 3014 4626 τὸν
3045 4571 3202 4627 νοῦν’
3235 4572 3348 4643 ἠδὲ
3378 4573 3457 4636 είς
3481 4573 3573 4627 τὸν
3599 4569 3727 4637 πλη-

2175 4667 2310 4735 σίον,
2347 4667 2437 4721 ἀεὶ
2456 4666 2601 4721 καλά
2622 4664 2931 4735 λογίζεσθαι
2959 4663 3090 4736 περὶ
3114 4662 3279 4719 αὐτοῦ
3311 4659 3723 4736 παρασκευάζει.

566 4913 590 4946 ⁸
622 4911 813 4968 Matth.
847 4927 996 4978 xvtu,
1030 4911 1117 4968 l5.
1196 4912 1240 4946 ¹⁶
1265 4911 1457 4969 Matth.
1486 4928 1561 4980 vr,
1591 4913 1677 4970 ll.
1754 4914 1797 4948 ¹¹
1826 4913 2017 4972 Matth.
2052 4932 2183 4984 xxu,
2208 4916 2299 4973 40.
2377 4916 2420 4950 ¹⁹
2448 4914 2620 4973 lCor.
2644 4930 2739 4983 xu,
2763 4913 2819 4971 '5.

568 5053 703 5126 (βοη)
732 5053 947 5126 καὶμὴ
971 5053 1367 5126 medior-(CW
1403 5055 1659 5126 ,ταύῖηνε
1709 5052 1899 5122 Quasi.
1930 5057 2067 5126 scim

500 5125 729 5195 ratione:
767 5122 948 5193 fallas.
993 5122 1131 5195 Nota
1176 5122 1327 5179 vecis
1372 5123 1796 5195 signiﬁcatioex
1827 5122 2071 5195 Budfct

500 5192 643 5257 aliis,
675 5192 1073 5263 auctorumque
1114 5194 1386 5263 frequenti
1428 5192 1559 5253 usu.
1596 5193 1650 5248 in
1691 5192 1757 5249 iis
1790 5194 1884 5263 qui
1919 5193 2071 5250 falsis

499 5263 986 5333 supputationibus
1011 5279 1077 5319 ac
1113 5264 1442 5330 rationibus,
1483 5263 1694 5333 aliquid
1732 5263 2068 5330 subducere,

501 5332 640 5404 utin
662 5334 1041 5404 vectigalibus.
1058 5350 1125 5404 ac
1142 5333 1438 5398 similibus,
1461 5332 1734 5404 satagunt.
1760 5334 1909 5389 Nihil
1932 5334 2073 5389 bene

500 5401 704 5472 Obsop.
735 5409 791 5457 et
812 5401 987 5459 'Gesn.
1020 5403 1087 5458 Et
1116 5420 1180 5457 ue
1216 5413 1520 5458 contemnas
1546 5401 1718 5458 illam.
1771 5404 1887 5459 Etsi
1919 5404 2068 5459 enim

503 5470 594 5543 hic
616 5470 966 5543 conscientiae
984 5483 1329 5543 contemptus
1349 5480 1452 5538 est,
1477 5482 1533 5528 at
1551 5473 1931 5543 explicandum
1944 5488 2070 5543 cum

506 5540 759 5614 Maximo,
784 5544 838 5596 in
862 5558 1101 5613 quonam
1125 5540 1220 5614 est
1236 5550 1587 5614 contemptus
1608 5540 1637 5608 ξ
1662 5544 1809 5614 ineo
1835 5542 2068 5614 scilicet,

506 5609 654 5682 quod
705 5614 832 5680 quis
882 5609 1039 5682 putet
1083 5613 1189 5667 sibi
1242 5609 1572 5682 consultum,
1622 5621 1684 5666 ut
1722 5612 1872 5667 illius
1918 5611 2073 5667 fallat

507 5676 772 5743 rationes,
839 5676 995 5749 quasi
1041 5682 1127 5736 vel
1178 5680 1387 5736 nesciat
1419 5698 1541 5751 qua:
1579 5683 1720 5737 mala
1770 5682 1905 5737 tlunt
1975 5690 2072 5735 aut

2167 5058 2320 5115 velut
2349 5054 2779 5134 praevaricari},
2815 5069 2939 5134 quae
2975 5051 3193 5134 noverit
3221 5050 3543 5134 possitnnon
3574 5056 3715 5134 acet!-

2168 5143 2309 5184 sare.
2349 5115 2512 5194 'Quod
2531 5133 2670 5203 erat,
2714 5115 2775 5178 ὲν
2812 5115 2890 5194 τῷ
2931 5122 3158 5203 κρυπῖῷ
3188 5115 3531 5203 171:_5_5'55Wv
3573 5115 3716 5203 δξξῗ’

2171 5204 2460 5267 quantque
2486 5195 2581 5267 qui
2619 5209 2807 5267 supra,
2837 5194 3151 5267 necessario
3190 5198 3459 5267 mutatum
3498 5194 3704 5267 crauis}:

2171 5257 2343 5341 {vel};
2371 5257 2592 5341 'xatég').
2623 5257 2718 5341 _Ut
2758 5279 2875 5341 vox_
2909 5260 3138 5341 κρυπτῷ
3179 5259 3491 5341 retinendaz
3533 5257 3705 5341 dirige

2174 5282 2230 5321 εν
2263 5284 2343 5337 τῳ
2393 5282 2592 5389 καιῇρ.
2649 5282 2718 5321 υι
2758 5282 2864 5319 VO!
2909 5282 3138 5384 κὲυπτῳ
3180 5282 3489 5341 τειιηειιαξι,
3533 5282 3701 5336 uin."-

2174 5336 2456 5391 debuisset
2551 5334 2788 5404 aximus,
2815 5333 2914 5403 τῆς
2973 5332 3198 5404 ιανοίας.
3230 5328 3494 5404 _v_e_l_quid
3532 5317 3701 5404 sumlf:

2176 5383 2797 5474 saﬁn'aio";.;;a;;;é
2828 5383 3047 5474 salsa.
3077 5383 3197 5466 Τῆξ
3227 5383 3429 5465 ἐξόδοῦσ
3466 5393 3632 5474 ροιίυξ
3644 5383 3705 5474 ff

2177 5474 2369 5546 ἄδηλον
2398 5482 2483 5530 est
2496 5490 2524 5546 Δε
2542 5466 2774 5546 'Incerta
2805 5466 2985 5546 mortis
3013 5471 3143 5546 hora
3173 5477 3331 5538 atque
3342 5466 3589 5546 excessus;
3603 5466 3703 5546 3131:

2176 5532 2431 5600 occultus
2458 5541 2585 5597 vita:
2615 5542 2818 5605 exitus,
2848 5540 2948 5598 sed
2978 5539 3138 5597 valde
3163 5532 3350 5607 notus,
3377 5549 3536 5609 quem
3566 5532 3709 5585 item

2175 5629 2290 5671 non
2316 5613 2425 5671 sibi
2456 5612 2662 5669 instare
2685 5611 2842 5668 sciat.
