4066 6188
251 305 254 308 ι
329 267 464 334 1057

1206 263 1540 324 (ΖΛΡῙΤΠΜ
1580 261 1678 322 DE
1719 257 2150 320 CIIARITATE
2189 259 2575 320 CENTURIA
2617 261 2715 340 ιν.

3471 263 3600 327 Ιῦὓὸ

407 380 519 447 μα’.
563 375 673 430 Τοῦ
706 377 786 429 ἔτι
833 375 990 442 δόξαν
1032 375 1354 442 ἀγαπῶντος
1385 372 1570 442 κενὴν,
1597 371 1632 442 ἦ
1666 387 1770 423 τινι
1804 367 1914 422 τῶν

2087 369 2176 422 41.
2214 369 2346 439 Ejus
2383 380 2469 424 est
2518 370 2612 438 qui
2656 368 2877 422 inanem
2919 369 3099 424 adhuc
3128 368 3360 439 gloriam
3394 369 3595 441 diligit,

334 471 535 528 ὐὶικῶν
567 469 906 540 πραγμάτων
935 465 1356 536 προσκειμένου,
1403 466 1522 517 ἐστὶ
1550 463 1611 516 τὸ
1657 461 1792 532 πρὸς
1826 461 1921 513 ἀνσ-

331 559 586 629 Ορώπους
635 557 923 610 λυπεῖσθαι
970 556 1057 609 διὰ
1110 554 1514 626 πρόσκαιρα,ἢ
1559 553 1920 623 μνησικακεῖν

333 654 538 718 αὐτοῖς,
574 652 606 722 ἢ
648 653 800 720 μῖσος
833 649 974 719 ἔχειν
1009 647 1145 718 πρὸς
1176 646 1397 710 αὐτοὺς,
1427 645 1458 714 ἢ
1484 644 1764 713 λογισμοῖς
1803 642 1922 694 δου-

333 744 509 797 λεύειν
541 745 781 812 αἰσχροῖς
800 756 813 770 ·
844 741 941 810 τῆς
983 739 1042 793 δὲ
1071 736 1318 808 φιλοθέου
1357 735 1556 807 ψυχῆς,
1587 733 1759 787 ταῦτα
1790 733 1924 787 πάν-

333 851 400 888 τα
435 834 708 903 ἀλλότρια.

408 1005 516 1076 μβ⁸.
561 1007 728 1059 Ὅταν
787 1005 950 1076 μηδὲν
996 1006 1175 1076 εἴπῃς,
1241 1006 1375 1077 μηδὲ
1426 1004 1643 1078 πράξῃς
1696 1005 1923 1076 αίσχρδν

337 1098 482 1151 κατά
505 1097 765 1160 διάνοιαν,
795 1098 885 1150 καὶ
913 1099 1041 1151 ὅταν
1065 1097 1144 1168 τῷ
1185 1097 1528 1168 ζημιώσαντι
1553 1098 1585 1169 ἢ
1623 1098 1926 1169 κακολογή-

341 1204 494 1240 σαντι
524 1187 600 1257 μὴ
647 1189 1064 1258 μνησικακήσῃς
1085 1205 1098 1217 °
1142 1191 1233 1242 καὶ
1258 1191 1384 1242 ὅταν
1417 1191 1474 1242 ὲν
1502 1191 1578 1262 τῷ
1605 1189 1782 1262 καιρῷ
1817 1191 1924 1260 τῆς

340 1275 652 1346 προσευχῆς
699 1278 860 1331 ἀῦ).ον
906 1279 1000 1330 καὶ
1053 1278 1291 1332 ἀνείδεον
1339 1281 1426 1333 ἀεὶ
1461 1280 1591 1351 ἔχῃς
1644 1282 1734 1334 τὸν
1774 1280 1921 1344 νοῦν,

341 1368 461 1420 τότε
495 1368 683 1435 γνῶθι,
717 1369 798 1421 ὅτι
822 1368 1062 1438 ἔφθασας
1101 1372 1180 1422 εἰς
1212 1371 1270 1422 τὸ
1303 1373 1502 1442 μέτρον
1527 1373 1627 1442 τῆς
1655 1372 1924 1436 ἀπαθείας

341 1459 437 1511 καὶ
464 1460 564 1529 τῆς
593 1459 803 1522 τελείας
828 1461 1068 1529 ἀγάπης.

418 1633 528 1704 μγ’.
573 1635 646 1688 Οὐ
704 1636 900 1708 μικρὸς
951 1635 1100 1703 ἀγὼν
1163 1638 1468 1705 κενοδοξίας
1515 1640 1920 1711 ἀπαλλαγῆναι.

343 1725 744 1780 ἀπαλλάττεται
789 1727 846 1779 δέ
897 1743 1002 1790 τις,
1040 1727 1129 1780 διὰ
1181 1729 1424 1800 κρυπτῆς
1455 1730 1563 1782 τῶν
1599 1731 1805 1802 ἀρετῶν
1835 1735 1923 1803 ὲρ-

341 1819 564 1889 γασίας,
609 1820 703 1872 καὶ
741 1819 1072 1890 συχνοτέρας
1118 1819 1448 1890 προσευχῆς.
1480 1822 1710 1892 Σημεῖον
1738 1824 1795 1876 δὲ
1822 1825 1923 1894 τῆς

342 1912 684 1981 ἀπαλλαγῆς,
726 1911 786 1964 τὸ
837 1911 1035 1982 μηκέτι
1083 1913 1438 1982 μνησικακεῖν
1487 1911 1567 1967 τῶ
1620 1914 1925 1983 κακολογή-

346 2023 520 2072 σαντι,
542 2005 574 2076 ἢ
600 2004 1005 2074 κακολογοῦντι.

427 2195 532 2265 μᾶ.
575 2196 638 2249 El
669 2195 849 2260 θέλεις
885 2193 1024 2250 εἶναι
1058 2196 1282 2264 δίκαιος,
1313 2198 1553 2270 ἀπόνεμε
1585 2201 1798 2272 ἑκάστῳ
1816 2200 1924 2254 τῶν

347 2287 404 2338 ὲν
436 2288 520 2340 σοὶ
560 2289 741 2358 μερῶν
776 2289 844 2341 τὰ
873 2288 996 2341 κατ’
1018 2289 1205 2352 ἀξίαν·
1230 2290 1374 2361 ψυχῇ
1408 2291 1550 2360 λέγω
1574 2293 1666 2345 καὶ
1690 2293 1920 2364 σώματι.

349 2380 459 2431 Καὶ
489 2377 566 2448 τῷ
599 2379 698 2448 μὲν
723 2378 1012 2450 λογιστικῷ
1045 2379 1143 2447 τῆς
1175 2381 1374 2450 ψυχῆς,
1401 2382 1803 2453 ἀναγνώσματα
1828 2385 1924 2438 καὶ⁹

347 2471 680 2542 θεωρήματα
726 2470 1090 2538 πνευματικὰ,
1136 2470 1231 2522 καὶ
1256 2476 1572 2544 προσευχήν
1593 2490 1606 2503 ·
1639 2474 1715 2546 τῷ
1743 2475 1798 2528 δὲ
1830 2476 1925 2530 ου-

351 2564 518 2634 μικῷ,
549 2564 768 2634 ἀγάπην
820 2564 1220 2635 πνευματικὴν,
1257 2565 1355 2635 τὴν
1387 2564 1464 2635 τῷ
1497 2565 1646 2636 μίσει
1687 2569 1926 2621 ἀντικει·

350 2657 519 2726 μένην
538 2671 550 2685 ·
581 2656 658 2725 τῷ
691 2657 746 2709 δὲ
777 2655 1176 2728 ἐπιουμητικῴ,
1224 2657 1577 2732 σωφροσύνην
1603 2660 1697 2712 καὶ
1722 2659 1925 2730 ἐγκρά-

347 2764 495 2800 τειαν
518 2764 530 2777 ο
572 2747 648 2815 τῷ
683 2747 740 2798 δὲ
788 2745 996 2818 σαρκίῳ
1019 2788 1033 2812 ,
1069 2746 1362 2819 διατροςὴν
1409 2750 1504 2802 καὶ
1543 2750 1922 2822 σκεπάσματα,

347 2837 420 2890 τὰ
450 2839 586 2909 μόνα
617 2839 1037 2908 ἀναγκαιότερα.

2021 461 2108 515 vel
2143 471 2376 516 terrena:
2411 461 2504 516 ulli
2537 461 2616 516 rei
2648 461 2900 515 addictus
2927 473 3033 525 est,
3059 470 3119 516 ut
3145 461 3216 517 ob
3242 470 3599 532 temporanea

2023 567 2148 622 erga
2179 552 2392 622 aliquos
2420 569 2566 623 aegro
2598 553 2784 607 animo
2823 554 2916 617 sit,
2942 562 3036 608 aut
3068 553 3123 608 in
3152 569 3248 609 eos
3272 556 3598 624 injuriarum

2023 656 2256 707 memor,
2286 645 2560 698 morosior
2581 644 2830 708 exsistat,
2852 645 2937 699 vel
2973 645 3101 700 odio
3124 645 3274 715 ipsos
3299 661 3602 716 prosequa-

2023 742 2134 798 tur,
2166 734 2253 787 vel
2300 735 2556 804 turpibus
2597 735 3024 804 cogitationibus
3058 736 3326 790 inserviat
3356 754 3369 788 :
3405 751 3600 790 verum

2024 831 2219 878 cuncta
2250 825 2366 880 haec
2404 825 2564 896 longe
2597 825 2777 880 aliena
2817 835 2948 880 sunt
2995 827 3066 880 ab
3117 826 3304 880 animo
3339 826 3600 896 religioso

2027 936 2092 976 ac
2121 923 2216 977 Dei
2245 923 2483 977 cultore.

2095 1012 2183 1066 42.
2227 1010 2366 1066 Cum
2424 1018 2605 1066 tecum
2672 1010 2790 1080 ipse
2850 1011 3034 1064 animo
3098 1011 3236 1064 nihil
3298 1019 3456 1080 turpe
3508 1021 3605 1066 aut

2025 1102 2231 1157 dixeris
2253 1111 2416 1157 autve
2449 1103 2653 1174 egeris,
2689 1116 2794 1157 nec
2829 1103 2881 1156 ei
2923 1103 3017 1172 qui
3075 1102 3215 1157 lmsit
3246 1103 3479 1173 injuria,
3515 1106 3602 1158 vel

2024 1193 2181 1248 famae
2215 1194 2473 1259 detraxit,
2519 1210 2586 1249 eo
2613 1194 2835 1249 nomine
2877 1195 3015 1248 iram
3059 1195 3470 1260 rescrvaveris;
3517 1195 3601 1248 in-

2028 1293 2218 1354 terque
2248 1285 2582 1355 precandum
2639 1293 2881 1339 mentem
2926 1301 3145 1354 semper
3186 1286 3334 1340 nulla
3383 1293 3604 1341 terrcua

2026 1375 2357 1443 cogitantem
2415 1375 2689 1445 nullisque
2731 1374 3001 1428 imbutam
3065 1374 3257 1429 formis
3303 1375 3602 1436 habueris,

2027 1475 2142 1520 tum
2177 1466 2398 1520 noveris
2437 1476 2751 1521 assecutum
2800 1474 2853 1520 te
2889 1480 3008 1520 esse
3055 1466 3279 1520 modum
3309 1468 3604 1536 impertur-

2026 1557 2266 1611 hationis
2298 1573 2362 1612 ac
2399 1557 2659 1627 perfectae
2683 1557 2989 1613 charitatis.

2100 1651 2189 1704 45.
2234 1650 2388 1704 llaud
2423 1651 2541 1704 leve
2593 1659 2874 1705 certamen
2909 1660 3012 1716 est,
3039 1659 3100 1704 ut
3145 1650 3214 1704 ab
3242 1650 3392 1705 inani
3427 1651 3603 1722 gloria

2038 1741 2316 1795 libereris.
2351 1740 2434 1794 Ab
2455 1755 2516 1793 ea
2544 1749 2727 1794 autem
2759 1741 2984 1795 liberari
3037 1750 3299 1810 praestant
3334 1743 3603 1797 virtutum

2023 1831 2292 1887 occultata
2307 1831 2631 1885 exercitatio
2657 1847 2719 1886 ac
2738 1833 2940 1890 cultus.
2958 1832 3319 1900 crebriorque
3353 1833 3418 1886 ad
3434 1834 3605 1888 Deum

2022 1923 2224 1978 oratio.
2256 1921 2485 1993 Signum
2520 1937 2650 1978 vero
2684 1923 2852 1976 animi
2877 1924 2990 1994 jam
3021 1922 3090 1977 ab
3122 1939 3186 1977 ea
3208 1923 3452 1986 liberati,
3481 1939 3608 1978 cum

2024 2015 2174 2069 nulla
2237 2013 2516 2069 simultate
2581 2025 2836 2070 movetur
2874 2014 2929 2068 in
2985 2029 3112 2068 eum
3180 2014 3276 2084 qui
3336 2013 3606 2080 detraxit,

2023 2114 2185 2162 autve
2213 2103 2477 2159 detrahit.

2092 2195 2180 2249 44.
2216 2194 2273 2250 Si
2312 2194 2399 2248 vis
2421 2208 2544 2248 esse
2559 2194 2764 2263 justus.
2789 2192 3022 2262 singulis
3049 2191 3104 2244 in
3135 2199 3186 2245 te
3220 2189 3474 2260 partibus
3506 2190 3606 2243 tri-

2022 2287 2153 2353 bue,
2188 2287 2333 2358 quod
2363 2302 2430 2340 ex
2453 2285 2636 2340 meriti
2665 2285 2878 2340 ratione
2913 2293 2969 2339 et
2993 2283 3175 2338 otlicio
3209 2282 3311 2347 sit;
3343 2289 3454 2334 tum
3493 2281 3599 2335 sci-

2022 2379 2153 2432 licet
2186 2378 2401 2441 animaa,
2437 2387 2553 2430 tum
2585 2375 2828 2444 corpori.
2861 2373 2937 2429 Ac
2958 2374 3181 2444 quidem
3213 2372 3356 2442 parti
3405 2373 3603 2426 anima:

2025 2485 2146 2540 qua:
2169 2470 2383 2523 ratione
2409 2468 2565 2532 vivit,
2597 2467 2864 2522 lectiones
2903 2480 3176 2534 sensaque
3217 2464 3508 2534 spiritalia,
3551 2472 3608 2518 et

2025 2576 2222 2631 preces
2248 2578 2261 2614 :
2289 2560 2536 2614 facultati
2567 2568 2751 2613 autem
2797 2557 2912 2622 im,
2938 2557 3264 2612 charitatem
3299 2555 3607 2625 spiritalem

2025 2652 2153 2706 odio
2193 2651 2528 2705 contrariam
2566 2668 2581 2704 :
2613 2649 2758 2720 parti
2812 2663 2944 2703 vero
2995 2645 3434 2716 concupiscenti,
3471 2653 3610 2698 tem-

2025 2743 2334 2814 perantiam
2359 2751 2411 2797 et
2439 2741 2840 2797 continentiam
2872 2757 2884 2793 :
2917 2755 2982 2795 ac
3002 2739 3226 2793 demum
3253 2735 3606 2807 corpusculo,

2025 2851 2122 2891 eos
2141 2835 2407 2891 duntaxat
2427 2835 2582 2890 cibos
2606 2844 2663 2890 et
2699 2835 3096 2904 integumenta,
3121 2847 3244 2903 quae
3261 2831 3473 2885 fuerint
3497 2845 3611 2883 ma-

2027 2928 2109 3000 gis
2151 2928 2485 2983 necessaria.

424 3021 527 3088 με’.
567 3018 726 3070 Κατά
745 3015 905 3085 φύσιν
935 3017 963 3068 ὁ
987 3014 1110 3078 νοῦς
1141 3017 1354 3087 ἐνεργεῖ
1369 3016 1504 3089 (39),
1532 3017 1660 3072 ὅταν
1691 3019 1759 3072 τά
1782 3021 1928 3098 πάοη

2103 3021 2192 3074 45.
2241 3019 2398 3073 Tunc
2432 3033 2589 3072 mens
2617 3027 2678 3072 ut
2717 3019 2794 3072 illi
2837 3033 2904 3072 ex
2937 3024 3132 3071 natura
3161 3027 3265 3081 est,
3294 3016 3458 3088 450
3477 3033 3613 3087 ope-

353 3110 453 3181 ἔχῃ
487 3108 921 3178 ὑποτεταγμένα,
953 3107 1048 3160 καὶ
1077 3107 1204 3170 τοὺς
1241 3106 1431 3175 λόγους
1460 3109 1567 3162 τῶν
1594 3109 1764 3165 ὄντων
1793 3113 1930 3194 Θεω-

359 3203 449 3272 ρῇ,
484 3202 576 3251 καὶ
612 3199 746 3269 πρὸς
771 3198 861 3250 τὸν
886 3197 1018 3250 Θεὸν
1043 3197 1225 3268 διάγῃ.

431 3298 547 3364 μςν.
591 3293 802 3362 Ὠσπερ
848 3289 1004 3358 ὑγεία
1045 3289 1138 3342 καὶ
1181 3289 1333 3351 νόσος
1362 3289 1497 3359 πρὸς
1516 3289 1579 3342 τὺ
1610 3291 1768 3362 σῶμα
1793 3292 1930 3348 θεω-

355 3388 532 3457 ρεῖται
565 3385 655 3437 τοῦ
692 3383 850 3448 ζὼου,
880 3383 974 3434 καὶ
1013 3382 1130 3450 φῶς
1173 3381 1276 3433 καὶ
1318 3381 1507 3445 σκότος
1545 3383 1680 3453 πρὸς
1716 3385 1807 3437 τὸν
1829 3385 1930 3455 ὑφ.

354 3477 595 3548 θαλμόν·
635 3475 806 3538 οὕτως
863 3473 1032 3545 ἀρετὴ
1082 3475 1176 3526 καὶ
1225 3473 1394 3526 κακία
1443 3473 1580 3544 πρὸς
1607 3475 1706 3547 τὴν
1729 3476 1928 3548 ψυχὴν,

355 3571 453 3625 καὶ
484 3570 681 3639 γνῶσις
710 3569 803 3621 καὶ
830 3566 1072 3635 ἀγνωσία
1114 3565 1250 3634 πρὸς
1282 3566 1371 3618 τὸν
1398 3565 1546 3619 νοῦν.

431 3664 540 3733 μζ’.
596 3663 680 3714 Ἐν
715 3663 826 3723 τοῖς
857 3659 1005 3730 τρισὶ
1045 3657 1258 3719 τούτοις
1301 3658 1330 3710 ὁ
1370 3658 1693 3727 Χριστιανὸς
1722 3661 1935 3728 φιλοσο-

361 3756 477 3820 φεῖ·
515 3753 573 3805 ἐν
623 3753 741 3815 ταῖς
789 3751 1051 3813 ἐντολαῖς,
1081 3749 1138 3801 ὲν
1186 3749 1301 3809 τοῖς
1344 3745 1602 3816 δόγμασι,
1636 3755 1731 3801 καὶ
1769 3750 1828 3803 ὲν
1863 3752 1930 3821 τῇ

355 3845 562 3898 πίστει.
594 3843 702 3895 Καὶ
724 3844 780 3895 αἱ
812 3842 907 3911 μὲν
939 3839 1173 3905 ἐντολαὶ,
1201 3837 1310 3890 τῶν
1339 3836 1528 3891 παθῶν
1558 3839 1649 3891 τὸν
1675 3839 1800 3892 νοῦν
1827 3858 1934 3910 χω-

362 3937 605 4006 ρίζουσι’
642 3935 712 3986 τά
748 3933 804 3986 δὲ
837 3933 1105 4002 δόγματα,
1136 3932 1215 3992 εἰς
1252 3930 1352 4000 τὴν
1389 3928 1590 3996 γνῶσιν
1629 3931 1736 3982 τῶν
1764 3931 1934 3984 ὄντων

362 4027 524 4078 αὐτὴν
563 4025 872 4092 εἰσάγουσιο
907 4026 940 4094 ἡ
977 4023 1032 4075 δὲ
1077 4021 1281 4085 πίστις,
1315 4021 1395 4083 είς
1425 4019 1523 4092 τὴν
1566 4022 1798 4093 Θεωρίαν
1835 4023 1934 4091 τῆς

361 4115 528 4183 ἁγίας
548 4115 796 4184 ἰ’ριάδος.

439 4211 550 4275 μην.
587 4207 649 4258 Oi
683 4205 779 4274 μὲν
809 4205 916 4258 τῶν
935 4203 1373 4275 ἀγωνιζομένων,
1408 4203 1804 4272 ἀποκρούονται
1837 4205 1935 4276 μό-

360 4313 452 4349 νον
468 4297 593 4360 τοὺς
612 4297 874 4366 ἐμπαθεῖς
891 4294 1179 4365 λογισμούς
1198 4311 1212 4324 °
1245 4295 1293 4346 οι
1324 4294 1381 4347 δὲ
1409 4294 1506 4348 καὶ
1525 4294 1670 4347 αὐτά
1697 4293 1766 4347 τὰ
1786 4296 1933 4368 πάθη

2031 3117 2210 3173 ratur,
2237 3123 2360 3161 cum
2387 3108 2654 3178 subjectis
2687 3107 2765 3161 illi
2794 3107 3107 3171 aﬂ‘ectibus,
3153 3123 3336 3161 rerum
3368 3110 3614 3166 rationes

2029 3202 2370 3272 speculatur,
2394 3209 2450 3256 et
2473 3201 2541 3255 ad
2568 3202 2742 3256 Deum
2779 3201 3039 3254 traducit.

2100 3295 2190 3348 46.
2225 3293 2698 3359 Quemadmodum
2737 3293 2943 3347 sanitas
2983 3302 3040 3347 et
3073 3291 3364 3362 «egritudo,
3398 3293 3614 3348 ratione

2030 3385 2284 3439 animalis
2331 3385 2779 3448 considerantur,
2809 3384 3112 3455 lumenque
3133 3395 3190 3442 et
3221 3386 3488 3451 tenebrae,
3526 3402 3616 3440 ra-

2031 3476 2180 3530 tione
2223 3476 2368 3530 oculi
2403 3493 2415 3529 :
2456 3477 2536 3531 sic
2569 3477 2746 3531 virtus
2789 3486 2846 3531 et
2901 3477 3098 3531 vitium
3139 3478 3353 3533 ratione
3417 3478 3612 3544 animi,

2031 3567 2369 3637 scientiaque
2389 3576 2445 3622 et
2463 3568 2771 3637 ignorantia
2808 3569 3019 3623 ratione
3041 3571 3266 3624 mentis.

2106 3660 2195 3712 47.
2234 3659 2363 3712 Tria
2401 3659 2517 3712 haec
2546 3668 2676 3713 sunt
2723 3658 2778 3711 in
2806 3659 3011 3727 quibus
3055 3660 3222 3713 homo
3263 3660 3616 3716 Christianus

2031 3749 2486 3820 philosophatur;
2516 3749 2569 3803 in
2597 3749 2894 3814 mandatis,
2928 3750 2981 3802 in
3000 3748 3274 3818 dogmatis
3323 3751 3455 3804 etin
3484 3751 3611 3805 lide.

2034 3843 2112 3897 Ac
2144 3842 2369 3911 quidem
2400 3841 2678 3910 dogmata,
2707 3841 2954 3895 animum
2977 3841 3046 3895 ab
3071 3840 3366 3896 aﬂ'ectibus
3383 3858 3446 3896 ac
3468 3842 3615 3897 vitiis

2034 3941 2292 4003 separant
2325 3951 2338 3986 :
2375 3934 2630 4003 dogmata
2652 3948 2785 3987 vero
2817 3949 2912 3988 seu
2941 3933 3188 3998 decreta,
3220 3933 3275 3987 in
3311 3949 3494 3987 rerum
3523 3935 3612 3988 in-

2035 4027 2246 4080 ducunt
2275 4026 2567 4080 scientiam
2605 4042 2617 4077 :
2649 4025 2783 4079 ﬁdes
2815 4025 3075 4095 denique,
3118 4025 3172 4078 in
3199 4026 3615 4096 contemplatio-

2035 4131 2161 4170 nem
2193 4122 2400 4170 sanctze
2433 4113 2744 4168 Trinitatis.

2105 4205 2193 4259 48.
2230 4204 2332 4270 Qui
2368 4202 2669 4258 certamine
2702 4203 3028 4272 funguntur,
3077 4201 3170 4256 alii
3207 4202 3385 4256 solum
3418 4202 3613 4256 libidi-

2036 4309 2202 4350 nosas
2234 4294 2600 4364 cogitationes
2638 4293 2947 4362 repellunt;
2993 4291 3088 4346 alii
3119 4307 3272 4356 vero,
3301 4293 3449 4362 ipsos
3477 4307 3615 4362 quo-

367 4391 775 4460 περικόπτουσι.
819 4388 928 4442 Καὶ
963 4387 1327 4458 ἀποκρούεται
1375 4387 1472 4456 μέν
1495 4403 1578 4450 τις
1601 4388 1726 4449 τοὺς
1756 4390 1931 4457 ἐμπα-

2039 4403 2148 4456 que
2169 4362 2399 4440 atfectus
2441 4401 2506 4439 ac
2552 4384 2811 4439 libidines
2836 4391 3144 4454 amputant.
3174 4385 3251 4438 Ac
3280 4385 3503 4454 quidem
3529 4399 3616 4438 re-

365 4479 477 4544 θεῖς
522 4479 844 4548 λογισμούς·
896 4475 1027 4542 οἷον,
1076 4479 1108 4550 ἢ
1148 4478 1454 4548 ψαλμῳδίᾳ,
1492 4477 1524 4548 ἢ
1559 4481 1853 4549 προσευχῇ,
1898 4479 1931 4550 ἢ

369 4571 725 4642 μετεωρισμῷ
776 4572 872 4641 (ο),
913 4571 945 4641 ἢ
1001 4570 1145 4640 ἄλλῳ
1171 4570 1279 4622 τινὶ
1307 4567 1517 4639 τοπικῷ
1539 4562 1928 4640 περισπασμῷ.

377 4661 670 4719 Ἐκκόπτει
721 4663 775 4716 δὲ
823 4663 893 4715 τά
943 4660 1112 4731 πάθη,
1146 4661 1254 4713 τῶν
1313 4660 1659 4730 πραγμάτων
1707 4659 1932 4714 ἐκείνων

365 4753 733 4824 περιφρονῶν,
763 4752 898 4822 πρὸς
932 4752 1072 4822 ἅπερ
1101 4749 1238 4802 αὐτά
1270 4749 1554 4816 κέκτηται.

2041 4479 2194 4549 pellit
2239 4477 2439 4548 aliquis
2470 4476 2792 4532 libidinosas
2821 4477 3208 4547 cogitationes,
3234 4477 3392 4531 verbi
3417 4476 3612 4547 gratia,

2038 4580 2133 4625 aut
2160 4570 2519 4625 decantandis
2543 4569 2786 4639 psalmis,
2814 4579 2910 4623 aut
2940 4584 3168 4640 precum
3216 4569 3495 4633 instantia,
3518 4578 3614 4623 aut

2037 4660 2351 4715 sublimium
2405 4659 2846 4714 consideratione
2904 4675 2967 4714 ac
3003 4661 3056 4714 in
3109 4660 3190 4716 eis
3236 4661 3392 4730 quasi
3445 4659 3614 4713 animi

2037 4753 2380 4823 evagatione,
2440 4760 2538 4805 aut
2581 4751 2685 4806 alia
2739 4752 2974 4820 quadam
3008 4768 3077 4807 ex
3115 4753 3220 4808 loci
3279 4753 3490 4806 ratione
3554 4767 3619 4806 ac

367 4847 780 4913 circumstantia
805 4846 1185 4900 distractione.
1208 4843 1470 4913 Amputat
1504 4858 1636 4898 vero
1659 4843 1892 4900 aﬂ‘ectus
1926 4861 1990 4901 ac
2019 4848 2152 4904 vitia
2192 4865 2289 4904 seu
2331 4847 2617 4911 libidines,
2659 4862 2846 4900 rerum
2891 4846 3110 4900 illarum
3157 4851 3501 4912 contemptu,
3551 4842 3618 4895 ad

367 4957 510 5013 quas
547 4942 627 4996 sic
691 4940 893 4995 atl‘ectu
953 4954 1018 4994 ac
1044 4937 1275 4993 libidine
1328 4947 1599 4992 movetur.

444 5034 550 5104 μθ’.
594 5034 735 5104 Πρὸς
788 5034 930 5104 ἅπερ
969 5033 1037 5086 τὰ
1081 5031 1228 5102 πάθη
1267 5031 1585 5100 κεκτήμεθα
1615 5030 1938 5102 πράγματα,
1979 5050 1998 5059 “

367 5128 476 5182 εἱσι
506 5124 701 5190 ταῦτα,
736 5123 868 5188 οἷον,
895 5125 1053 5196 γυνὴ,
1078 5125 1358 5196 χρήματα,
1382 5123 1552 5194 δῶρα,
1581 5125 1674 5178 καὶ
1696 5124 1765 5178 τά
1791 5125 1938 5195 ἑξῆς.

443 5329 517 5402 (ο)
593 5331 661 5385 Ἦ
721 5326 1162 5402 μετξῳρισμῷερ
1199 5325 1248 5402 ἣ,
1303 5325 1473 5390 ἄλλῳ
1534 5325 1942 5402 τινὶ-,τοπικῷ

369 5395 784 5471 περισπασμῷ.
835 5395 1066 5471 Videtur
1113 5397 1384 5471 Maximus
1427 5396 1584 5471 quasi
1631 5395 1791 5471 aliam
1838 5398 1942 5471 alia

368 5465 506 5525 voce
551 5470 849 5539 explicare.
908 5469 1007 5522 Hic
1055 5465 1452 5539 peremptam;
1494 5465 1573 5520 illi
1637 5467 1728 5539 sit,
1783 5468 1942 5539 quasi

369 5539 540 5595 animi
585 5536 834 5594 avocatio
870 5539 936 5593 ad
969 5536 1358 5592 sublimia’scu
1388 5551 1550 5589 aerea
1585 5536 1670 5589 vel
1699 5537 1944 5591 cmlestia

369 5609 680 5691 cogitanda,
728 5610 877 5663 velut
919 5609 973 5661 in
1018 5609 1100 5662 eis
1129 5605 1451 5688 .evagaudo;
1501 5620 1943 5686 suspensumque

367 5677 539 5739 animi
575 5694 718 5744 esse,
753 5694 860 5748 qua
891 5677 1253 5748 suspensione
1293 5677 1510 5731 animus
1545 5692 1656 5731 non
1703 5677 1838 5732 satis
1859 5685 1942 5731 at-

2122 5033 2211 5088 49.
2256 5033 2365 5088 Res
2405 5033 2460 5087 in
2504 5046 2642 5102 quas
2691 5031 2892 5086 aﬂ'ectu
2936 5045 3000 5085 ac
3038 5028 3271 5083 libidine
3311 5041 3618 5097 movemur,

2050 5124 2167 5179 haec
2196 5133 2347 5190 sunt,
2373 5123 2660 5188 nimirum,
2704 5123 2922 5188 mulier,
2962 5122 3228 5192 pecuniae,
3275 5138 3526 5189 munera,
3557 5140 3621 5179 ac

2046 5327 2257 5392 tendat,
2276 5344 2339 5382 ac
2364 5327 2580 5383 vitiosis
2609 5326 3039 5397 cogitationibus
3067 5327 3331 5384 inhaereat
3360 5344 3372 5379 :
3396 5326 3620 5390 τοπικὸς

2044 5399 2452 5467 περισπασμὸς,
2499 5397 2787 5452 distractio
2825 5397 3113 5467 inanisque
3153 5399 3354 5452 mentis
3387 5413 3622 5466 occupa—

2045 5469 2122 5522 tio
2173 5468 2253 5522 sic
2300 5483 2366 5520 ex
2421 5469 2524 5521 loci
2577 5467 2865 5521 occasione
2916 5479 3011 5521 aut
3063 5467 3494 5523 circumstantia.
3545 5469 3620 5521 De

2043 5537 2215 5608 priori
2253 5537 2535 5608 vocevide
2571 5536 2750 5608 SliitL,
2792 5536 2952 5608 liud.
2979 5547 3084 5592 etc.
3123 5536 3509 5608 Μετεωρισμὸς
3535 5553 3622 5593 sa-

2044 5607 2154 5662 cris
2187 5606 2530 5675 auctoribus,
2562 5607 2700 5662 nihil
2732 5607 2786 5663 in
2814 5607 3018 5663 bonum
3049 5617 3232 5663 sonat.
