4128 6210
546 212 682 279 1059

1735 217 1795 277 S.
1837 213 2123 276 MAXIMI
2160 212 2669 276 CONFESSORIS

3654 215 3793 282 1οω

543 328 776 396 reliqua.
805 325 884 381 Ac
909 325 1133 395 quidem
1164 325 1452 380 mulierem
1486 325 1610 396 quis
1631 337 1989 382 contemnere
2012 341 2102 397 po-

2215 327 2326 381 Kat‘t
2356 327 2456 397 τῆς
2482 327 2580 397 μὲν
2603 325 2881 395 γυναικὸς,
2911 325 3030 378 τότε
3052 324 3273 385 δύναταί
3304 343 3385 390 τις
3421 330 3791 400 περιφρονεῖν,

543 423 695 486 terit,
726 437 850 476 cum
888 431 945 476 et
991 428 1116 489 post
1158 420 1528 477 secessionem
1560 421 1798 491 vitaeque
1850 422 2114 477 solitariae

541 523 757 584 captata
777 512 1013 576 silentia,
1040 512 1206 566 etiam
1239 528 1461 583 corpus,
1495 522 1679 583 utpar
1706 524 1811 578 cst,
1846 530 1946 585 per
1977 529 2111 569 con-

547 605 833 660 tinentiam
865 602 1242 672 severiorique
1293 603 1590 673 disciplina
1627 615 1911 671 macerat:
1945 621 2115 675 pecu-

543 697 662 751 nias
692 709 846 757 vero,
891 709 1018 748 cum
1052 694 1331 749 induxerit
1357 696 1602 751 animum
1647 707 1709 752 ut
1757 697 1812 750 in
1856 695 2114 752 omnibus

542 793 836 841 contentus
883 784 958 839 sit
1015 801 1082 840 eo
1111 786 1258 854 quod
1295 786 1528 843 sufﬁciat
1557 807 1570 842 :
1603 790 1845 858 itemque
1884 788 2113 858 gloriam

542 893 666 931 cum
706 877 760 931 in
803 877 1021 932 occulto
1052 877 1233 932 libens
1261 878 1537 932 virtutum
1568 895 1736 947 opera
1766 879 2020 950 gesserit,
2050 893 2114 934 ac

541 954 646 1023 sub
672 969 786 1023 Deo
817 968 936 1022 solo
986 977 1144 1033 teste,
1196 970 1543 1040 perindeque
1578 971 1637 1025 in
1670 971 1815 1025 aliis.
1872 971 1977 1037 Qui
2010 986 2114 1024 au-

544 1069 654 1115 tem
696 1062 813 1116 haec
831 1061 1155 1123 contemnit,
1193 1061 1239 1114 is
1267 1062 1545 1117 neminem
1577 1078 1820 1132 unquam
1848 1044 1983 1117 odio‘
2012 1062 2113 1117 ha-

543 1152 748 1208 buerit.

523 1280 531 1287 ~
614 1245 702 1300 50-
738 1245 842 1311 Qui
874 1245 1040 1300 rebus
1086 1245 1347 1300 nuntium
1396 1246 1645 1312 remisit,
1679 1261 1877 1315 nempe
1904 1244 2064 1300 uxori
2094 1284 2110 1309 ,

542 1340 795 1409 pecuniis
819 1354 884 1393 ac
908 1337 1155 1407 reliquis,
1186 1349 1335 1403 eum,
1359 1338 1456 1407 qui
1490 1338 1626 1392 foris
1653 1346 1758 1403 est,
1785 1337 2066 1393 hominem
2093 1378 2108 1401 ,

543 1432 872 1485 monachum
920 1429 1049 1484 fecit
1084 1448 1096 1482 :
1133 1430 1374 1483 nondum
1425 1446 1557 1485 vero
1591 1430 1794 1494 etiam,
1826 1445 1978 1493 eum,
2015 1428 2112 1499 qui

543 1530 626 1576 est
654 1523 824 1576 intus.
856 1520 960 1587 Qui
994 1530 1175 1575 autem
1215 1522 1428 1577 vitiosis
1465 1536 1530 1575 ac
1569 1520 1884 1575 libidinosis
1916 1520 2113 1575 borum

542 1613 893 1682 eogitatibus,
929 1614 1107 1681 ipsum
1140 1611 1237 1681 qui
1288 1623 1374 1667 est
1404 1613 1577 1678 intus,
1626 1613 1680 1667 id
1710 1620 1817 1676 est,
1846 1620 2108 1667 mentem.

2211 419 2298 473 ὅτε
2339 418 2434 472 καὶ
2466 418 2606 487 μετά
2626 417 2723 488 τὴν
2753 416 3117 490 ἀναχώρησιν,
3140 417 3232 471 καὶ
3256 418 3314 471 τὸ
3353 419 3511 487 σῶμα
3528 419 3602 483 ὡς
3623 419 3702 472 δεῖ
3723 418 3792 473 δι’

2209 511 2538 583 ἐγκρατείας
2580 512 2831 584 μαραίνει
2853 527 2866 541 ⁸
2897 511 3005 564 τῶν
3032 512 3089 565 δὲ
3113 511 3431 582 χρημάτων,
3469 514 3561 566 ὅτε
3595 512 3776 567 πείθει

2211 604 2302 658 τὸν
2328 602 2583 674 λογισμὸν
2627 605 2685 655 ἐν
2727 602 2891 656 παντὶ
2917 604 2980 673 τῇ
3009 601 3311 673 αὐταρκείᾳ
3344 602 3626 673 στοιχῆσαι
3652 621 3665 632 ’
3688 608 3789 674 τῆς

2211 695 2268 749 δὲ
2309 695 2489 765 δόξης,
2518 695 2607 748 ὅτε
2640 694 2739 765 τὴν
2783 693 3030 766 κρυπτὴν
3101 695 3379 764 ἀγαπήσει
3418 694 3528 749 τῶν
3577 696 3793 766 ἀρετῶν

2213 786 2496 858 ἐργασίαν,
2538 785 2632 839 καὶ
2665 784 2783 856 Θεῷ
2829 786 3162 857 φαινομένην
3207 786 3378 857 μόνῳ·
3416 786 3512 839 καὶ
3550 787 3643 840 ἐπὶ
3677 788 3790 841 τῶν

2213 877 2387 932 ἄλλων
2426 876 2687 940 ὡσαύτως
2709 892 2721 906 ο
2761 878 2790 929 ό
2821 877 2879 929 δὲ
2911 876 3116 931 τούτων
3151 876 3516 948 περιφρονῶν,
3543 877 3664 930 οὐδὲ
3706 879 3790 941 εἰς

2210 971 2370 1040 μῖσός
2401 986 2545 1032 τινος
2572 968 2788 1041 ἔρχεταί
2828 983 2958 1022 ποτε

2287 1269 2351 1316 ν’.
2407 1262 2465 1315 '0
2495 1261 2593 1331 μὲν
2612 1262 2725 1323 τοῖς
2747 1258 3067 1331 πράγμασιν
3114 1256 3545 1329 ἀποταξάμενος,
3575 1253 3689 1311 οἷον
3714 1261 3781 1330 τῇ

2214 1357 2436 1423 γυναικὶ
2484 1358 2581 1408 καὶ
2621 1356 2733 1416 τοῖς
2780 1352 3048 1422 χρήμασι,
3091 1352 3187 1404 καὶ
3226 1353 3337 1414 τοῖς
3374 1349 3522 1420 ἑξῆς,
3557 1351 3649 1403 τὸν
3676 1350 3784 1416 ἔξω

2214 1448 2498 1519 ἄνθρωπον
2528 1446 2749 1517 ἐποίησε
2793 1443 3052 1515 μοναχὸν·
3083 1442 3238 1497 οὔπω
3295 1443 3359 1498 δὲ
3385 1446 3475 1496 καὶ
3519 1443 3611 1495 τὸν
3650 1442 3779 1496 ἔσω.

2228 1538 2285 1591 '0
2326 1538 2385 1590 δὲ
2431 1541 2540 1601 τοῖς
2569 1538 2773 1591 τούτων
2823 1535 3094 1605 ἐμπαοέσι
3138 1537 3390 1604 νοήμασι,
3426 1534 3516 1586 τὸν
3551 1534 3660 1585 ἔσω
3687 1532 3781 1586 ἄν·

2217 1627 2453 1699 Θρωπον,
2495 1630 2523 1682 δ
2560 1631 2709 1681 ἐστιν
2734 1629 2762 1681 ό
2792 1627 2935 1690 νοῦς.
2967 1628 3072 1680 Καὶ
3090 1628 3181 1679 τὸν
3218 1626 3318 1696 μὲν
3342 1623 3445 1689 ἔξω
3471 1624 3774 1695 ἄνθρωπον,

540 1705 619 1759 Ac
648 1703 870 1772 quidem
906 1703 1233 1759 exteriorem
1263 1704 1543 1758 hominem
1588 1704 1744 1758 facile
1769 1704 1893 1773 quis
1918 1720 2102 1759 mona-

2215 1695 2452 1784 συκόλως
2479 1737 2562 1783 τις
2595 1721 2737 1772 ποιεί
2794 1717 3046 1788 μοναχὸν,
3084 1695 3242 1788 μόνον
3284 1716 3385 1770 ὲάνν
3413 1715 3649 1787 Θελήσῃ’
3677 1716 3779 1769 οὐκ

547 1795 715 1855 chum
767 1794 919 1858 facit,
963 1795 1093 1848 dum
1127 1795 1304 1849 solum
1337 1796 1619 1861 voluerit;
1649 1806 1711 1849 ut
1752 1806 1933 1851 autem
1967 1796 2097 1851 inte-

548 1884 749 1938 riorem
782 1884 1109 1937 monachum
1139 1884 1328 1949 facias,
1353 1900 1440 1939 res
1476 1884 1650 1940 ardua
1677 1894 1762 1940 est
1780 1892 1837 1940 et.
1862 1885 1918 1938 in
1942 1900 2106 1955 quam

520 1976 717 2035 _multo
748 1985 943 2029 conatu
981 1974 1229 2031 enitaris.

615 2066 702 2119 5t.
736 2065 868 2131 Quis
903 2080 1033 2135 ergo
1071 2065 1127 2117 in
1157 2066 1259 2120 hac
1287 2053 1446 2121 m’tate
1480 2073 1587 2129 est,
1614 2067 1709 2135 qui
1735 2081 1766 2120 a
1793 2065 2129 2120 libidinosis-

548 2171 615 2210 ac
643 2155 857 2209 vitiosis
890 2155 1316 2223 cogitationibus
1346 2173 1573 2225 prorsus
1597 2156 1864 2212 liberatus
1893 2158 1986 2221 sit,
2008 2173 2110 2226 pu-

549 2262 775 2315 ramque
808 2246 955 2300 illam
998 2262 1100 2302 nec
1141 2247 1298 2318 45],
1328 2249 1529 2302 terreni
1559 2248 1861 2317 quidquam
1900 2248 2108 2303 haben-

549 2347 655 2394 tem
703 2346 897 2394 nactus
945 2339 1251 2395 orationem
1285 2357 1297 2393 :
1331 2341 1478 2409 quod
1533 2340 1814 2396 interioris
1854 2339 2106 2395 monachi

540 2432 758 2503 signum
781 2432 1035 2487 exsistit?

611 2524 700 2580 52.
734 2525 888 2580 Multi
917 2524 1150 2580 alfectus
1174 2541 1238 2581 ac
1266 2526 1401 2580 vitia
1428 2529 1483 2581 in
1511 2526 1714 2583 animis
1741 2527 1950 2587 nostris
1978 2526 2099 2581 lati-

542 2624 680 2682 tant,
706 2624 947 2687 tuncque
988 2618 1319 2688 produntur,
1351 2632 1475 2675 eum
1501 2635 1592 2675 res
1620 2628 1920 2690 praesentes
1942 2621 2101 2676 exsti-

544 2711 715 2766 terint
739 2726 803 2765 ac
831 2711 1184 2765 emerserint.

607 2805 696 2859 55.
720 2805 909 2859 Potest
941 2804 1084 2875 quis,
1116 2812 1255 2869 tum,
1288 2820 1411 2859 cum
1449 2821 1536 2860 res
1584 2806 1807 2871 absunt,
1851 2822 1965 2862 non
1992 2822 2109 2865 m0-

536 2895 652 2951 veri
688 2895 978 2972 affectibus
1016 2911 1280 2950 eorumve
1315 2900 1426 2966 pati
1473 2898 1823 2964 molestiam;
1873 2915 1996 2968 qua:
2018 2908 2108 2955 est

536 3003 665 3058 pars
685 2987 930 3056 qutedam
964 2986 1490 3055 imperturbalionis,
1523 2989 1803 3059 animique
1835 2991 2105 3060 tranquil-

535 3080 693 3134 liorts
724 3086 901 3133 status
965 3077 1083 3149 (τῆς
1136 3080 1423 3148 ἀπαθείας)
1471 3094 1598 3135 mox
1653 3090 1837 3137 autem
1885 3098 1951 3136 ac
1998 3083 2105 3139 illae

534 3170 885 3233 emerserint,
931 3170 1194 3225 continuo
1227 3171 1458 3227 all‘ectus
1481 3188 1545 3227 ac
1570 3174 1832 3229 libidines
1859 3175 2102 3230 animum

533 3262 866 3319 distrahunt.

604 3359 691 3412 54.
733 3358 811 3412 Ne
841 3366 891 3412 te
925 3357 1220 3427 perfectam
1250 3358 1521 3429 ejusmodi
1553 3359 2103 3428 imperturbationem

533 3458 752 3504 nactum
774 3458 954 3519 putes,
994 3449 1236 3519 quandiu
1260 3466 1347 3504 res
1396 3450 1573 3505 abest.
1614 3450 1751 3504 Cum
1783 3459 1965 3505 autem
2010 3451 2103 3506 illa

533 3541 819 3595 emerserit
844 3580 858 3604 ,
905 3555 968 3594 ac
1000 3556 1128 3611 erga
1182 3556 1299 3595 rem
1330 3541 1560 3611 ejusque
1600 3540 1862 3610 deinceps
1888 3557 2100 3597 memo-

536 3631 673 3685 riam
724 3630 982 3683 immotus
1026 3630 1328 3695 manseris,
1366 3638 1499 3685 tunc
1531 3631 1674 3687 scias
1705 3632 1826 3701 ejus
1856 3639 1909 3685 te
1962 3630 2101 3686 lines

532 3720 838 3791 ingressum
868 3734 1008 3776 esse.
1042 3721 1246 3775 Verum
1270 3736 1373 3775 nec
1396 3721 1475 3777 sic
1500 3721 1723 3791 quidem
1757 3729 2102 3791 contempse-

532 3812 608 3866 ris
643 3831 655 3865 :
688 3828 812 3867 nam
840 3812 983 3866 sicut
1015 3812 1197 3867 virtus
1230 3812 1325 3867 diu
1356 3827 1579 3868 morans
1605 3812 1835 3868 affectus
1860 3812 2100 3882 vitiaque

529 3903 856 3973 exstinguit;
908 3903 990 3957 sic
1025 3918 1219 3959 rursus
1251 3904 1530 3973 neglecta,
1595 3902 1688 3957 illa
1716 3903 2017 3961 exsuscitat
2043 3912 2101 3960 et

529 4004 590 4051 ut
610 3995 793 4050 denuo
808 3996 1046 4067 vigeant,
1075 3995 1224 4052 facit.
1697 3984 1702 3990 ’

598 4088 685 4141 55.
739 4087 841 4153 Qui
884 4085 1165 4141 Christum
1192 4086 1394 4157 diligit,
1433 4086 1659 4143 omnino
1693 4087 1856 4142 etiam
1885 4104 1985 4158 pro
2012 4089 2097 4143 vi-

525 4179 614 4233 rili
638 4193 763 4232 eum
791 4178 1056 4232 imitatur.
1091 4177 1162 4233 Ut
1190 4179 1294 4232 sub
1317 4179 1568 4247 exemplo
1596 4180 1811 4248 loquar,
1835 4180 1954 4235 Non
1980 4196 2099 4236 ces-

524 4270 665 4325 savit
691 4269 974 4325 beneflciis
1004 4270 1256 4324 homines
1286 4268 1561 4324 demereri
1600 4286 1614 4323 :
1662 4286 1726 4324 ac
1759 4285 1884 4325 cum
1914 4272 2096 4342 ingra-

2213 1813 2393 1881 ὀλίγος
2421 1813 2478 1866 δὲ
2503 1811 2671 1881 ἀγὼν,
2708 1812 2799 1865 τὸν
2824 1811 2931 1864 ἔσω
2963 1812 3250 1883 ἄνθρωπον
3269 1810 3491 1878 ποιῆσαι
3525 1807 3775 1878 μοναχόν.

2281 2080 2383 2128 να¹.
2423 2072 2519 2137 Τίς
2554 2073 2663 2143 ἄρα
2690 2070 2835 2125 ἐστὶν
2864 2073 2922 2124 ἐν
2942 2074 3006 2142 τῇ
3036 2072 3199 2142 γενεᾷ
3221 2070 3414 2143 ταῦτῃ,
3436 2071 3466 2123 ό
3496 2069 3783 2123 παντάπα-

2216 2178 2298 2215 σιν
2326 2161 2660 2228 ἀπαλλαγεὶς
2698 2159 2962 2231 ὲμπαοῶν
2989 2159 3296 2229 νοημάτων,
3344 2157 3438 2211 καὶ
3477 2157 3577 2229 τῆς
3607 2156 3779 2209 καθα-

2217 2254 2315 2325 ρᾶς
2368 2254 2463 2308 καὶ
2506 2253 2671 2306 ἀΰλου
2715 2250 3071 2316 καταξιωαεὶς
3112 2250 3453 2321 προσευχῆ;’
3487 2250 3624 2318 ὅπερ
3660 2247 3778 2301 ἐστὶ

2210 2349 2443 2417 σημεῖον
2468 2345 2561 2398 τοῦ
2593 2345 2739 2398 ἔνδον
2768 2342 3000 2416 μοναχοῦ
3026 2360 3042 2409 ;

2281 2518 2382 2588 νβ’.
2423 2519 2600 2573 Πολλά
2650 2518 2798 2589 πάθη
2843 2520 2900 2572 ὲν
2948 2520 3068 2580 ταῖς
3116 2516 3313 2587 ψυχαῖς
3368 2514 3522 2587 ἡμῶν
3576 2513 3781 2586 κέκρυ·

2212 2628 2344 2666 πται
2377 2609 2521 2683 (40)·
2547 2610 2669 2663 τότε
2720 2609 2774 2662 δὲ
2831 2607 3162 2678 ἐλέγχονται,
3195 2607 3322 2660 ὅταν
3366 2605 3432 2658 τὰ
3478 2605 3779 2676 πράγματα

2213 2701 2608 2770 ἀναφαίνωντα.

2284 2798 2381 2863 νγθ.
2422 2792 2654 2845 Δύναταί
2687 2808 2768 2855 τις
2804 2791 2880 2863 μὴ
2910 2791 3183 2861 ὀχλεῖσθαι
3217 2790 3321 2844 ὑπὸ
3379 2789 3570 2849 παθῶν
3612 2790 3673 2843 ὲν
3708 2792 3775 2863 τῇ

2210 2884 2318 2938 τῶν
2346 2883 2685 2955 πραγμάτων
2707 2882 2964 2954 ἀπουσίᾳ,
3004 2884 3235 2954 μερικῆς
3262 2881 3440 2951 τυχὼν
3470 2880 3739 2945 ἀπαθείας
3757 2898 3773 2913 ·

2212 2976 2309 3030 ιάν
2340 2976 2399 3029 δὲ
2429 2975 2745 3040 ἀναφανῶσι
2770 2975 2841 3029 τὰ
2870 2974 3191 3046 πράγματα,
3229 2974 3389 3037 εὐθὺς
3415 2975 3483 3028 τὰ
3511 2973 3661 3043 «son
3681 2974 3777 3026 τὸν

2210 3067 2336 3122 νοῦν
2372 3067 2706 3139 περισπῶσι.
2870 3068 2878 3075 ’

2273 3357 2366 3410 νδ’.
2408 3355 2500 3426 Μὴ
2531 3353 2719 3424 νόμιζε
2753 3354 2965 3409 τελείαν
2992 3354 3138 3424 ἔχειν
3162 3353 3453 3417 ἀπάθειαν,
3476 3350 3572 3406 τοῦ
3598 3354 3774 3425 πραγ-

2205 3463 2373 3516 ματος
2414 3445 2488 3517 μὴ
2541 3446 2832 3517 παρόντος.
2865 3446 3035 3500 Ὅταν
3066 3445 3121 3497 δὲ
3145 3446 3309 3515 φανῇ,
3334 3444 3428 3498 καὶ
3457 3443 3625 3514 μένεις
3650 3443 3772 3497 ἀκί-

2201 3554 2381 3606 νητος,
2413 3537 2549 3608 πρός
2581 3553 2639 3589 τε
2663 3536 2724 3589 τὸ
2755 3537 3009 3606 πρᾶγμα,
3040 3536 3131 3601 καὶ
3150 3534 3248 3606 τὴν
3276 3534 3413 3604 μετά
3434 3532 3606 3586 ταῦτα
3637 3533 3775 3603 μνή-

2202 3648 2311 3701 μην
2367 3630 2557 3695 αὑτοῦ,
2609 3631 2731 3683 τότε
2773 3630 2944 3699 γνῶθι
2992 3631 3228 3684 σεαυτὸν
3259 3629 3367 3684 τῶν
3408 3631 3549 3700 ὅρων
3599 3630 3771 3699 αὐτῆς

2196 3722 2604 3792 ὶπιϐεὗηκέναι.
2636 3721 2781 3793 Πλὴν
2813 3721 2947 3793 μηδὲ
2996 3720 3141 3775 οὕτω
3168 3723 3605 3794 καταφρονήσῃς,
3634 3722 3772 3775 διότι

2197 3814 2367 3883 ἀρετὴ
2403 3815 2500 3883 μὲν
2528 3812 2872 3884 χρονίζουσα,
2899 3814 3176 3885 νεκροῖτά
3212 3814 3389 3885 πάθη·
3421 3813 3768 3886 ἀμελουμένη

2196 3903 2275 3969 δὲ,
2309 3904 2475 3957 πάλιν
2502 3905 2706 3979 ἐγείρει
2738 3906 2895 3960 αὐτά.

2266 4093 2361 4142 ve’.
2415 4087 2473 4141 Ὀ
2505 4087 2738 4156 ἀγαπῶν
2786 4087 2877 4141 τὸν
2929 4088 3161 4157 Χριστὸν
3197 4088 3332 4159 (Η),
3400 4088 3619 4152 πάντως
3671 4089 3768 4143 καὶ

2199 4179 2449 4248 μιμεῖται
2477 4177 2639 4231 αὐτὸν
2677 4176 2819 4231 κατά
2856 4176 3106 4247 δύναμιν.
3140 4173 3286 4242 Οἷον,
3318 4179 3347 4230 ὁ
3370 4179 3604 4250 Χριστὸς
3639 4180 3771 4243 τοὺς

2195 4267 2515 4340 ἀνθρώπους
2535 4270 2838 4340 εὐεργετῶν
2860 4269 2961 4323 οὐκ
2984 4270 3260 4324 ἐπαύσατο
3279 4286 3292 4299 ·
3320 4271 3414 4323 καὶ
3437 4270 3765 4341 ἀχαριστούο

524 4370 611 4414 tos
655 4360 844 4424 ferret,
889 4375 953 4414 ac
1003 4360 1098 4429 qui
1130 4360 1236 4429 ipsi
1281 4348 1662 4424 detraherent,
1706 4362 2095 4431 longanimiter

2204 4377 2358 4432 μενος
2398 4360 2497 4416 καὶ
2544 4359 3050 4431 βλασφημούμενος,
3102 4361 3509 4431 ὲμακροούμει·
3545 4365 3639 4415 καὶ
3675 4380 3769 4416 τυ·-

524 4450 793 4505 tolerabat
821 4467 834 4503 :
866 4464 1102 4519 cumque
1135 4450 1441 4505 caederetur
1465 4451 1536 4505 ab
1567 4451 1649 4506 eis
1671 4466 1735 4505 ac
1764 4451 1885 4506 neci
1916 4452 2097 4508 trade-

524 4550 697 4604 retur,
733 4540 1065 4603 sustinebat,
1115 4540 1255 4594 nulli
1298 4556 1527 4611 prorsus
1579 4543 1785 4597 malum
1812 4551 2093 4611 reputans.

520 4632 660 4687 Sunt
692 4642 873 4687 autem
902 4632 1019 4687 haec
1042 4632 1167 4696 tria,
1194 4632 1314 4701 ejus
1335 4648 1500 4701 opera
1522 4633 1829 4697 charitatis,
1855 4648 1978 4702 quae
2004 4650 2094 4689 re-

518 4724 680 4792 spicit
702 4725 1032 4792 proximum,
1066 4724 1184 4778 sine
1210 4723 1414 4793 quibus
1441 4725 1534 4793 qui
1563 4724 1698 4779 dicit
1726 4740 1785 4780 se
1806 4724 2091 4779 Christum

516 4814 875 4884 diligere,aut
893 4815 996 4869 sibi
1026 4830 1253 4882 regnum
1289 4814 1601 4884 pollicetur;
1629 4816 1746 4885 ipse
1764 4831 1824 4870 se
1847 4817 2082 4873 seducit:

518 4900 633 4955 Non
665 4904 805 4955 enim
823 4905 913 4973 qui
938 4903 1062 4956 dicit
1080 4903 1227 4969 mihi,
1248 4902 1484 4968 Domine,
1505 4903 1748 4968 Domine,
1774 4904 1953 4974 inquit
1982 4906 2085 4961 Do-

519 4995 720 5059 minus,
756 4995 974 5049 intrabit
990 4997 1045 5049 in
1078 5012 1298 5066 regnum
1330 4995 1600 5061 caelorum,
1630 4998 1720 5051 sed
1740 5000 1836 5069 qui
1847 4999 1974 5067 facit
1992 5016 2098 5088 vo-o

516 5084 775 5138 luntatem
814 5085 994 5140 Patris
1026 5087 1127 5140 mei
1150 5087 1212 5140 ¹³.
1269 5087 1337 5141 Ει
1372 5102 1604 5142 rursus:
1634 5088 1736 5154 Qui
1778 5089 1948 5160 diligit
1978 5107 2077 5158 me,

514 5173 768 5226 mandata
804 5190 919 5228 mea
950 5176 1174 5229 servabit
1195 5177 1259 5240 ”,
1282 5185 1390 5231 etc.

576 5262 663 5316 56.
682 5262 871 5318 Omnis
886 5267 1479 5335 schpusmandatorum
1498 5267 1798 5324 Salvatoris
1812 5270 1866 5324 in
1880 5286 1952 5329 eo
1975 5281 2079 5335 est,

515 5355 574 5400 ιιι
599 5348 667 5403 ab
700 5350 1023 5421 intemperie
1060 5364 1226 5424 atque
1265 5356 1395 5410 odio
1438 5347 1931 5425 liberet‘animum,
1968 5370 2075 5415 tra-

512 5438 713 5511 hatque
741 5442 795 5496 in
822 5460 975 5499 suam
1020 5461 1083 5502 ac
1113 5450 1346 5517 proximi
1372 5451 1730 5520 charitatem;
1771 5469 1838 5509 ex
1877 5454 2082 5527 quibus

579 5604 626 5636 ⁸³
659 5607 845 5663 Matth.
873 5627 962 5677 vn,
1000 5612 1089 5666 21.
1169 5615 1212 5646 ’⁸
1239 5616 1392 5671 Joan.
1433 5635 1537 5685 xw,
1576 5622 1638 5676 15

2202 4451 2467 4522 πτόμενος
2492 4451 2601 4504 ὑπ’-
2625 4451 2807 4506 αὐτῶν
2835 4453 2929 4504 καί⁵
2966 4453 3344 4522 φονευόμενος,
3375 4453 3634 4523 ὑπέμενε.
3663 4468 3805 4534 per.

2195 4542 2306 4596 δενὶ
2340 4542 2626 4597 τοσύνολον
2667 4543 2728 4596 τὸ
2775 4543 2944 4597 κακὸν
2988 4543 3356 4613 λογιζόμενος.
3398 4544 3585 4598 Ταῦτα
3614 4545 3672 4599 δὲ
3697 4544 3768 4599 τὰ

2195 4632 2343 4703 τρία,
2377 4632 2446 4686 τὰ
2481 4631 2618 4703 ἔργα
2646 4634 2754 4686 είσὶ
2781 4633 2879 4703 τῆς
2911 4633 2992 4696 είς
3024 4632 3116 4685 τὸν
3150 4633 3376 4703 πλησίον
3422 4634 3666 4704 ἀγάπης,
3690 4628 3767 4688 ὧν

2194 4724 2365 4794 χωρὶς
2400 4726 2429 4776 ό
2456 4724 2630 4791 λέγων
2650 4725 2871 4794 ἀγαπᾷν
2900 4724 2989 4777 τὸν
3017 4724 3271 4796 Χριστὸν,
3303 4724 3336 4795 ἢ
3359 4725 3456 4794 τῆς
3486 4726 3765 4796 βασιλείας

2194 4814 2361 4868 αὐτοῦ
2398 4818 2601 4886 τυχεῖν,
2639 4815 2831 4870 ἑαυτὸν
2856 4816 3041 4887 ἀπατᾷ
3061 4831 3075 4846 ·
3110 4817 3193 4870 Οὐ
3228 4817 3337 4886 τὰρ
3366 4817 3614 4887 όλέγων
3645 4836 3761 4886 μοι,

2192 4907 2349 4975 φησὶ,
2384 4907 2581 4973 Κύριε,
2617 4909 2816 4976 Κύριε,
2844 4903 3022 4972 οὗτος
3065 4910 3472 4964 εἰσελεύσεται
3521 4913 3609 4977 είς
3649 4911 3765 4979 τὴν

2183 4999 2509 5062 ,βασιλείαν
2536 4998 2653 5052 τῶν
2678 4998 2969 5067 οὐρανῶν,
3004 5000 3141 5054 ἀλλ’
3170 5003 3204 5055 ὀ
3224 5001 3409 5054 ποιῶν
3439 5002 3505 5056 τὸ
3535 5004 3761 5073 θέλημα

2189 5089 2295 5144 τοῦ
2324 5092 2552 5158 Πατρός
2578 5108 2718 5160 μου.
2754 5092 2862 5145 Καὶ
2901 5092 3063 5146 πάλιν
3083 5110 3097 5124 ο
3140 5094 3201 5146 '0
3229 5092 3477 5163 ἀγαπῶν
3504 5095 3630 5165 ἐμὲ,
3660 5096 3752 5149 καί

2116 5162 2159 5217 Β
2189 5183 2295 5247 τὰς
2322 5181 2575 5248 ἐντολάς
2599 5201 2720 5252 μου
2742 5183 3013 5252 τηρήσει,
3036 5185 3129 5239 καὶ
3156 5185 3225 5238 τὰ
3256 5162 3405 5256 ἑξῆς.

2260 5279 2367 5338 νς’.
2389 5274 2569 5336 "Ana;
2585 5275 2612 5326 ό
2636 5273 2835 5336 σκοπὸς
2864 5274 2970 5329 τῶν
3000 5276 3226 5329 ἐντολῶν
3243 5278 3338 5331 τοῦ
3373 5280 3640 5350 Σωτῆρος,
3663 5280 3748 5333 ἵνα

2188 5364 2459 5434 ἀκρασίας
2492 5366 2586 5418 καὶ
2624 5365 2816 5436 μίσους
2858 5367 2952 5420 τὸν
2998 5367 3123 5421 νοῦν
3165 5367 3523 5441 ἐλευθερώσῃ,
3554 5371 3644 5423 καὶ
3668 5371 3751 5433 εις

2185 5457 2285 5527 τὴν
2315 5456 2478 5511 αὐτοῦ
2512 5457 2732 5529 ἀγάπην
2771 5458 2867 5513 καὶ
2909 5458 3004 5513 τοῦ
3044 5459 3294 5532 πλησίον,
3339 5460 3517 5533 ἀγάγῃ
3539 5477 3553 5491 ·
3582 5461 3641 5529 ἐξ
3670 5454 3754 5519 ὧν
