4128 6210
371 227 497 293 met

1229 227 1564 288 CAPITUM
1606 227 1704 287 DE
1743 223 2174 284 CIIARITATE
2214 223 2599 284 CENTURIA
2641 224 2739 283 IV.

3491 221 3626 286 ltili?!

363 344 608 397 τίκτεται
650 340 710 393 τὸ
744 340 948 408 φέγγος
980 337 1080 409 τῆς
1120 339 1236 393 κατ’
1273 341 1556 410 ἐνέργειαν
1599 338 1760 406 ἁγίας
1797 334 1941 413 γνῶ·-

2067 341 2249 390 iuncta).
2275 335 2332 388 in
2369 343 2495 390 actu
2529 335 2862 406 cognitionis
2883 349 2946 390 ac
2973 335 3216 390 scientia:
3242 335 3416 389 iubar
3445 342 3628 392 nasci-

366 450 524 494 σεακμ

447 523 546 587 νζκ
589 523 841 594 Μερικῆς
873 523 1130 590 γνώσεως
1165 520 1318 590 παρᾶ
1353 519 1449 572 τοῦ
1499 519 1635 572 Θεοῦ
1690 517 1951 581 καταξιω·

367 616 503 678 θεὶς,
534 615 608 686 μὴ
637 614 830 686 ἀμέλει
881 615 1104 684 ἀγάπης
1128 613 1223 666 καὶ
1250 612 1598 682 ἐγκρατείας.
1647 603 1818 662 Abram.
1843 610 1948 678 γὰρ

369 709 430 760 τὸ
447 707 746 777 παθητικὸν
763 709 927 778 μέρος
955 706 1030 776 (p)
1048 708 1144 774 τῆς
1164 704 1344 774 ψυχῆς
1365 703 1793 772 ἐκκαθαίρουσαι
1812 701 1946 771 (42),

371 800 470 869 τὴν
494 801 586 852 ἐπὶ⁵
612 801 708 869 τὴν
736 798 936 867 γνῶσιν
955 798 1072 850 ὁδὸν
1099 797 1185 852 ἀεί
1226 813 1307 849 σοι
1336 793 1657 866 εὐτρεπίζοι)
1669 810 1770 846 σιν.

443 985 544 1049 νη’.
599 977 748 1041 Ὁδὸς
781 977 872 1029 ἐπὶ
903 977 1002 1046 τὴν
1029 973 1229 1043 γνῶσίν
1251 975 1399 1026 ἐστιν
1421 972 1558 1042 (45),
1583 970 1820 1024 ἀπάθεια
1850 971 1946 1024 καὶ

370 1070 704 1131 ταπείνωσις
724 1068 821 1138 (q).
850 1061 925 1120 ὧν
956 1067 1126 1138 χωρὶς
1153 1065 1331 1126 οὐδεὶς
1371 1062 1563 1133 ὄψεται
1597 1061 1687 1115 τὸν
1721 1060 1947 1131 Κύριον.

446 1160 542 1212 νθν.
596 1158 812 1229 Ἐπειδὴ
842 1159 874 1227 ἡ
907 1157 1109 1224 γνῶσις
1136 1155 1394 1224 φυσιοῖ,ἡ
1431 1153 1488 1205 δὲ
1519 1151 1708 1221 ἀγάπη
1731 1150 1943 1202 οἰκοδο-

379 1256 500 1323 μετ’
533 1249 787 1314 σύξευξον
816 1252 880 1320 τῇ
919 1247 1116 1316 γνώσει
1143 1246 1242 1314 τὴν
1281 1244 1525 1313 ἀγάπην.
1557 1241 1652 1295 καὶ
1685 1241 1781 1310 ἔσῃ
1809 1239 1935 1292 ἄτυ-

376 1361 507 1414 φοςξ
539 1344 634 1396 καὶ
668 1341 1037 1412 πνευματικὸς
1081 1337 1383 1406 οἰκοδόμος,
1423 1335 1517 1388 καὶ
1549 1333 1772 1388 σεαυτὸν
1802 1332 1950 1384 σίκο-

376 1435 578 1506 δομὼν,
615 1435 709 1487 καὶ
743 1433 949 1494 πάντας
971 1432 1096 1493 τοὺς
1117 1425 1432 1496 ἕγγίζοντάς
1463 1442 1564 1478 σοι.

449 1528 512 1593 ξ’.
566 1525 846 1578 Ἐντεῦθεν
901 1525 934 1593 ἡ
999 1524 1187 1591 ἀγάπη
1243 1519 1536 1588 οἰκοδομεῖ,
1587 1514 1774 1585 ἐπειδὴ
1834 1513 1953 1566 οὐδὲ

379 1617 584 1684 φθονεῖ,
639 1614 758 1666 οὐδὲ
799 1613 934 1683 πρὸς
996 1610 1325 1680 φθονοῦντας
1415 1605 1794 1677 πικραίνεται·
1831 1604 1952 1656 οὐδὲ

378 1707 438 1759 τὸ
462 1705 822 1775 φθονούμενον
867 1702 1181 1774 δημοσιεύει
1222 1699 1601 1758 ἐπιδεικτικῶς
1621 1713 1633 1729 ⁶
1661 1696 1780 1748 οὐδὲ
1807 1694 1954 1762 λογί-
1989 1676 2028 1730 Β

381 1797 534 1862 {erat
568 1795 756 1850 ἑαυτὸν
807 1795 908 1865 ἤδη
965 1791 1350 1860 κατειληφέναι
1389 1790 1459 1858 (r)
1481 1805 1492 1817 '
1543 1789 1636 1842 καὶ
1672 1781 1746 1839 ὧν
1782 1786 1836 1838 δὲ
1857 1787 1956 1838 οὐκ

382 1883 545 1947 οἶδεν,
585 1885 836 1955 ὁμολογεῖ
873 1883 1312 1954 ἀνερυθριάστως
1349 1881 1447 1950 τὴν
1491 1881 1737 1947 ἄγνοιαν.
1767 1876 1957 1938 Οὕτως

381 1971 476 2029 οὖν
516 1975 606 2027 τὸν
646 1974 770 2026 νοῦν
812 1975 1013 2041 ἄτυφον
1055 1972 1425 2041 ἀπεργάζεται
1457 1971 1590 2037 (Η),
1621 1971 1712 2022 καὶ
1757 1967 1956 2039 προκό-

383 2083 540 2119 πτειν
571 2067 651 2128 είς
687 2065 786 2135 τὴν
822 2064 1022 2132 γνῶσιν
1045 2064 1129 2116 ἀεὶ
1159 2061 1587 2132 παρασκευάζει.

459 2253 557 2317 ξαῆ
600 2253 816 2322 Πὲφυκέ
875 2270 994 2314 πως
1031 2251 1371 2322 παρέπεσθαι
1400 2253 1464 2320 τῇ
1502 2249 1701 2316 γνώσει
1727 2253 1759 2320 ἡ
1787 2251 1965 2321 οἴησις
1994 2297 1998 2302 .

386 2345 479 2397 καὶ
518 2344 710 2411 φθόνος
741 2343 807 2411 (ε)
875 2343 931 2394 ὲν
975 2341 1285 2412 προοιμίοις
1333 2340 1586 2408 μάλιστα.
1638 2341 1746 2393 Καὶ
1792 2342 1824 2409 ἡ
1861 2341 1960 2410 μὲν

385 2436 582 2504 οἴησις,
614 2432 827 2485 ἔνδοθεν
857 2432 1044 2501 μόνον·
1070 2433 1098 2484 ὁ
1137 2431 1195 2482 δὲ
1236 2429 1448 2498 φθόνος,
1484 2431 1578 2482 καὶ
1609 2429 1838 2494 ἔνδοθεν,
1869 2432 1960 2483 καὶ

389 2524 606 2588 ἔξωθεν.
634 2523 741 2575 Καὶ
765 2521 979 2575 ἔνδοθεν
1013 2522 1132 2591 μὲν,
1169 2521 1308 2590 πρὸς
1328 2522 1452 2584 τοὺς
1473 2520 1694 2590 ἔχοντας
1723 2521 1922 2588 γνῶσιν
1943 2539 1956 2551 ο

391 2613 590 2677 ἔξωθεν
637 2612 714 2674 δὲ,
750 2611 858 2666 ἀπὸ
889 2612 998 2664 τῶν
1050 2611 1304 2680 ἑχόντων.
1351 2611 1414 2662 Ἢ
1477 2607 1578 2663 οὖν
1630 2611 1838 2681 ἀγάπη,
1894 2612 1963 2663 τὰ

389 2705 515 2774 τρία
541 2703 866 2772 ἀνατρέπειο
895 2703 995 2773 τὴν
1046 2703 1145 2772 μὲν
1193 2700 1394 2770 οἴησιν,
1431 2702 1618 2773 ἐπειδὴ
1648 2703 1708 2754 οὐ
1741 2703 1964 2771 φυσιοῦ-

391 2813 502 2848 ται.
543 2796 648 2848 Τὸν
690 2795 746 2848 δὲ
788 2793 997 2848 ἔνδοθεν
1035 2793 1250 2862 φθόνον,
1301 2793 1422 2846 ἐπεὶ
1461 2794 1522 2846 οὐ
1561 2793 1748 2864 ζηλοῖ·
1779 2793 1870 2845 τὸν
1899 2794 1958 2845 δὲ

393 2887 610 2952 ἔξωθεν,
637 2885 824 2955 ἐπειδὴ
846 2885 1191 2955 μακροθυμεῖ
1220 2883 1314 2935 καὶ
1340 2883 1724 2954 χρηστεύεται.
1774 2883 1966 2951 Ἀνάγ-

393 2993 464 3046 κη
517 2971 608 3030 οὖν
662 2975 754 3028 τὸν
802 2977 992 3044 ἔχοντα
1035 2973 1259 3041 γνῶσιν,
1299 2971 1702 3042 προσλαϐέσθαι
1735 2970 1830 3022 καὶ
1868 2969 1965 3039 τὴν

2051 433 2163 479 tur.

2119 516 2206 568 57.
2246 514 2501 571 Βρὶοιιιῑιο
2547 524 2702 586 parte
2737 516 2920 585 aliqua
2955 516 3214 586 digna-tus
3241 531 3270 569 a
3295 517 3429 581 Deo,
3466 532 3629 573 cave-

2051 606 2128 660 sis
2149 605 2503 661 dilectionem
2542 606 2787 676 negligas
2811 622 2875 660 ae
2901 607 3318 660 continentiam.
3357 607 3449 662 Hae
3482 609 3630 662 enim

2050 695 2218 748 animi
2271 705 2480 764 partem
2524 695 2817 750 affectibus
2873 695 3164 749 obnoxiam
3227 706 3630 766 expurgantes,

2051 783 2194 837 viam
2226 799 2347 853 quae
2370 784 2437 838 ad
2469 784 2754 840 scientiam
2787 785 2944 839 ducit
2977 785 3075 839 tibi
3095 801 3313 855 semper
3335 788 3633 856 expediunt

2050 888 2116 926 ac
2149 884 2476 942 przeparant.

2123 970 2212 1024 58.
2240 970 2336 1024 Via
2358 970 2424 1024 ad
2452 971 2758 1034 scientiam,
2801 971 3222 1040 imperturbatio
3256 980 3340 1026 est
3367 981 3424 1027 et
3454 973 3634 1027 humi-

2050 1061 2200 1124 litas,
2236 1063 2356 1117 sine
2380 1063 2584 1132 quibus
2613 1079 2777 1117 nemo
2801 1065 3010 1118 videbit
3034 1064 3326 1118 Dominum
3355 1067 3398 1096 ¹⁵

2123 1153 2212 1208 59.
2243 1152 2377 1207 Cum
2403 1153 2633 1208 scientia
2659 1154 2832 1220 inﬂet,
2860 1156 3102 1211 Charitas
3123 1168 3307 1213 autem
3329 1161 3631 1226 aedificet”;

2053 1245 2377 1299 charitatem
2411 1245 2655 1300 scientite
2677 1248 2894 1316 copula,
2923 1248 3186 1317 nulloque
3213 1252 3485 1320 superbiae
3506 1261 3634 1322 typo

2057 1335 2304 1388 tumidus
2357 1335 2520 1406 452
2581 1352 2645 1390 ac
2689 1337 2951 1406 spiritalis
2989 1338 3290 1394 aedificator
3341 1343 3491 1404 eris,
3537 1341 3633 1412 qui

2054 1434 2170 1480 tum
2205 1427 2321 1495 ipse
2357 1436 2408 1481 te
2433 1427 2690 1489 aediﬁces,
2718 1436 2832 1481 tum
2865 1444 2962 1484 cos
2997 1446 3187 1485 omnes
3219 1433 3312 1502 qui
3333 1442 3383 1488 te
3407 1438 3633 1489 adeunt.

2125 1513 2210 1567 60.
2268 1515 2399 1568 lnde
2448 1525 2532 1569 est
2561 1516 2708 1584 quod
2735 1517 2976 1572 charitas
2999 1518 3252 1583 aediﬁcet,
3274 1523 3422 1590 quod
3455 1540 3634 1594 neque

2057 1605 2324 1669 invideat,
2355 1621 2535 1675 neque
2563 1607 2617 1660 in
2646 1623 2741 1662 eos
2761 1609 2853 1677 qui
2877 1610 3150 1676 invident,
3183 1615 3382 1667 animis
3406 1631 3636 1686 exaspe-

2059 1705 2243 1760 retur;
2272 1697 2609 1766 bonumque,
2633 1699 2780 1767 quod
2823 1699 3083 1754 invidiam
3117 1704 3280 1771 parit,
3311 1720 3408 1773 per
3430 1708 3644 1776 jactan-

2059 1790 2188 1844 tiam
2215 1790 2270 1842 in
2298 1790 2492 1860 vulgus
2521 1805 2630 1843 non
2655 1789 2956 1858 producat;
2990 1807 3092 1846 nec
3121 1809 3179 1847 se
3204 1795 3312 1863 jam
3337 1797 3640 1852 arbitretur

2057 1883 2546 1951 comprehendisse
2575 1883 2648 1947 ¹⁷;
2705 1882 2801 1937 sed
2829 1891 2886 1936 et
2917 1899 3112 1938 eorum
3146 1901 3267 1954 qua:
3308 1889 3483 1942 nescit
3521 1889 3640 1945 sine

2058 1971 2260 2025 rubore
2297 1971 2658 2041 ignoranti-am
2685 1971 2920 2026 fatetur:
2954 1974 3033 2032 sic
3055 1974 3218 2043 igitur
3244 1977 3484 2031 animum
3501 1978 3641 2033 fastu

2059 2062 2260 2116 liberat
2281 2102 2296 2125 ,
2333 2070 2496 2130 atque
2527 2061 2596 2115 ad
2649 2061 2926 2115 uberioris
2950 2077 3167 2117 semocr
3193 2065 3435 2120 scientia:
3461 2067 3644 2135 profe-

2061 2162 2207 2208 ctum
2245 2161 2537 2223 prtcparat.

2131 2246 2217 2299 (il.
2254 2245 2344 2299 Sic
2387 2245 2502 2299 fere
2539 2253 2918 2312 comparatum
2970 2254 3076 2308 est,
3125 2256 3184 2301 ut
3223 2247 3509 2302 scientiam
3557 2264 3642 2304 se-

2060 2346 2322 2408 quantur,
2346 2337 2502 2406 quasi
2529 2337 2578 2390 ei
2617 2337 2865 2397 comites,
2904 2337 3024 2405 ipso
3062 2340 3366 2407 praesertim
3402 2341 3522 2410 ejus
3541 2357 3644 2395 ex.

2062 2429 2242 2490 ordio,
2268 2428 2431 2482 elatio
2453 2428 2619 2482 animi
2665 2427 2806 2496 (ejus
2830 2429 3038 2483 scilicet
3063 2447 3203 2484 vane
3238 2431 3341 2484 sibi
3371 2433 3642 2500 placentis

2061 2520 2270 2590 Opinio)
2301 2525 2356 2573 et
2389 2519 2613 2573 invidia.
2635 2519 2714 2574 Ac
2736 2521 2955 2589 quidem
2993 2521 3157 2575 animi
3194 2523 3360 2576 elatio
3395 2539 3642 2593 vanaque

2062 2612 2154 2666 illa
2177 2611 2389 2680 opinio,
2424 2611 2658 2666 interius
2694 2613 2902 2678 solum;
2945 2614 3148 2667 invidia
3177 2630 3327 2676 vero,
3355 2631 3467 2668 tum
3502 2616 3640 2670 inte-

2064 2703 2199 2760 rius.
2221 2711 2335 2756 tum
2358 2703 2625 2756 exterius.
2649 2704 2722 2757 Ac
2740 2704 2962 2772 quidem
2986 2706 3240 2769 interius,
3263 2707 3529 2760 adversus
3544 2721 3642 2762 eos

2064 2794 2160 2862 qui
2215 2793 2447 2847 scientia
2481 2793 2724 2862 pollent;
2777 2795 3021 2849 exterius
3049 2811 3198 2859 vero,
3251 2796 3319 2849 ab
3357 2795 3423 2848 iis
3463 2797 3553 2864 qui
3583 2806 3636 2850 et

2069 2884 2170 2953 ipsi
2200 2884 2294 2938 illa
2329 2883 2558 2954 fulgent.
2609 2883 2864 2937 Charitas
2914 2901 3044 2954 ergo
3099 2886 3214 2939 haac
3259 2887 3365 2940 tria
3410 2887 3638 2952 evertit;

2069 2973 2237 3026 animi
2273 2973 2495 3041 quidem
2525 2975 2841 3037 elationem,
2877 2991 2940 3028 ca
2989 2976 3204 3030 ratione
3233 2977 3380 3044 quod
3426 2991 3535 3031 non
3562 2977 3646 3031 iu-

393 3068 638 3140 ἀγάπην,
679 3069 765 3120 ἵνα
795 3067 1048 3137 ἇτρωπον
1071 3065 1162 3117 τὸν
1193 3063 1312 3117 νοῦν
1345 3066 1402 3116 ὲν
1425 3063 1585 3116 παντὶ
1615 3063 1964 3132 διαφυλάττῃ.

2071 3064 2233 3118 flatur
2268 3082 2282 3117 :
2319 3065 2582 3118 invidiam
2615 3082 2744 3120 vero
2785 3082 2906 3134 qua:
2948 3068 3178 3120 interius
3219 3077 3323 3131 est,
3353 3077 3642 3136 propterea

395 3159 522 3227 quia
549 3174 656 3212 non
688 3157 1079 3223 aarnulatur‘“;
1125 3171 1245 3224 qua:
1285 3165 1469 3209 autem
1499 3155 1566 3208 ab
1594 3154 1964 3208 exterioribus
2003 3157 2277 3224 provenit,
2343 3157 2489 3226 quod
2545 3159 2876 3229 longanimis
2944 3174 3009 3212 ac
3064 3159 3280 3227 patiens
3335 3160 3422 3214 sit.
3473 3161 3646 3230 igitur

398 3271 620 3311 necesse
655 3265 740 3314 est
789 3262 848 3307 ut
887 3255 982 3323 qui
1041 3254 1270 3308 scientia
1294 3253 1560 3323 praeditus
1605 3261 1710 3317 est,
1745 3253 1964 3306 abunde
1999 3254 2168 3308 etiam
2236 3254 2560 3308 charitatem
2624 3255 2876 3319 asciseat,
2933 3263 2994 3308 ut
3044 3255 3265 3309 illaesam
3309 3256 3363 3309 in
3389 3256 3645 3310 omnibus

399 3356 635 3400 mentem
662 3345 956 3400 custodiat.

473 3437 571 3508 63'.
627 3439 684 3492 ’0
714 3438 804 3491 τοῦ
829 3439 1166 3508 χαρίσματος
1191 3438 1290 3508 τῆς
1310 3436 1562 3504 γνώσεως
1585 3436 1964 3502 καταξιωθεῖς,

401 3531 494 3584 καὶ
527 3531 724 3598 λύπην,
754 3531 785 3599 ἦ
823 3531 1191 3600 μνησικακίαν
1235 3529 1375 3598 πρὸς,
1409 3527 1694 3598 ἄνθρωπον
1739 3528 1900 3596 ἔχων,
1933 3529 1963 3582 ἢ

405 3625 578 3691 μῖσος,
621 3622 803 3690 ὅμοιός
837 3622 953 3674 ἐστι
996 3619 1073 3690 τῷ
1109 3617 1376 3680 ἀκάνθαις
1415 3618 1509 3670 καὶ
1550 3617 1816 3686 τριϐόλοις
1846 3618 1968 3678 τοὺς

474 3807 516 3838 ⁸⁵
539 3805 705 3861 Hebr.
736 3821 829 3870 xu,
857 3805 942 3860 l4.
1021 3805 1062 3836 ¹⁶
1087 3802 1254 3859 ICor.
1283 3819 1397 3867 Vill,
1425 3803 1476 3856 1.

476 3963 551 4034 (ρ)
599 3963 664 4016 Tt)
711 3964 1038 4034 παθητικὸν
1072 3961 1283 4034 μέρος.
1319 3958 1622 4034 Atfeetibus
1670 3956 1964 4034 obnoxiam

403 4026 634 4103 partem,
677 4049 738 4085 ae
765 4026 1086 4103 patibilem.‘
1111 4026 1229 4084 Non
1271 4031 1410 4084 bene
1449 4029 1651 4103 pbsop.
1695 4037 1748 4103 et
1793 4026 1961 4081 Gesn.

405 4098 851 4172 concupiscibilein
891 4111 1116 4172 partem,
1155 4115 1276 4169 quae
1298 4108 1383 4153 est
1416 4098 1586 4152 altera
1631 4098 1805 4172 solum
1840 4111 1966 4164 pars

405 4173 500 4226 τοῦ
531 4167 851 4236 παθητικοῦ,
877 4167 1239 4224 condistincta
1269 4178 1457 4222 contra
1490 4176 1698 4235 partem
1734 4167 1975 4219 irascen-

407 4251 550 4306 tem;
587 4243 743 4311 cujus
785 4240 1171 4311 perfectionem
1215 4239 1350 4311 alias
1385 4237 1490 4311 τὴν
1530 4238 1749 4311 ἀγάπην
1787 4236 1975 4289 docuit

2149 3437 2240 3491 62.
2276 3437 2377 3503 Qui
2409 3437 2653 3492 scientia:
2705 3437 2909 3491 donum
2973 3447 3323 3498 consecutus,
3363 3439 3640 3492 tristitiam

2075 3528 2338 3582 adversus
2373 3528 2631 3595 aliquem,
2677 3527 2761 3581 vel
2798 3527 3123 3596 injuriarum
3151 3527 3495 3591 memoriam,
3528 3529 3642 3582 sive

2075 3617 2266 3670 odium
2308 3617 2494 3678 habet,
2531 3617 2732 3672 similis
2763 3617 2841 3670 illi
2870 3626 2974 3682 est,
2995 3617 3088 3686 qui
3123 3617 3296 3686 spinis
3331 3627 3389 3673 et
3424 3618 3643 3674 tribulis

1551 3802 1591 3834 ¹⁷
1618 3801 1854 3872 Philipp.
1880 3816 1958 3867 ιιι,
1986 3802 2075 3855 12.
2145 3802 2188 3832 ’⁸
2213 3801 2231 3856 l
2253 3800 2379 3856 Cor.
2397 3818 2510 3865 xm,
2540 3805 2572 3858 4

2070 3972 2178 4026 pue
2208 3916 2429 4012 sancto:
2450 3957 2692 4028 insignit,
2729 3959 3017 4028 ipsumque
3040 3943 3298 4012 Sanetum
3329 3973 3640 4019 sanctorum

2071 4042 2138 4080 eo
2179 4028 2421 4096 plenum)
2451 4029 2528 4082 illi
2563 4029 2823 4081 ascribat.

2146 4097 2216 4168 (ν)
2267 4097 2419 4149 Οὐδὲ
2448 4097 2736 4168 λογίζεται
2765 4099 2982 4150 ἑαυτὸν
3034 4101 3148 4168 ἤδη
3200 4102 3637 4168 κατειληφέναι.

2079 4167 2256 4239 Verba
2285 4167 2673 4239 suutApostoli
2714 4169 2946 4239 Philipp.
2978 4167 3066 4229 ut,
3085 4186 3147 4224 ac
3173 4170 3444 4239 superﬂua
3472 4170 3638 4227 Gesn.

2079 4236 2415 4307 conjectura,
2447 4238 2582 4307 forte
2607 4238 2827 4303 σκοπόν,
2866 4246 3120 4307 tanquam
3152 4236 3256 4294 illa—
3279 4255 3382 4294 vox
3411 4241 3640 4294 Maximo

407 4305 688 4384 Maximus,
713 4305 844 4364 utet
875 4309 1315 4384 concupiscentis
1346 4305 1972 4384 rhv_éyxpa1:_etav'quae
2005 4329 2047 4384 ο
2078 4305 2456 4384 desideretur;
2517 4315 2577 4360 ut
2629 4307 2793 4384 etiam
2838 4305 3239 4384 adnotaverat‘
3275 4309 3642 4384 Bill._Auctor

409 4382 480 4434 sit
519 4382 668 4434 velut
715 4381 958 4434 severior
1002 4375 1284 4447 disciplina
1333 4376 1552 4447 modum
1601 4375 1974 4443 voluptatibus

409 4465 638 4518 ponens,
671 4465 794 4505 cum
826 4465 890 4502 ea
925 4445 1281 4518 pugnafquze
1318 4445 1540 4518 propria
1579 4455 1664 4500 est
1710 4461 1974 4518 exercen-

412 4516 547 4572 tium
603 4519 671 4573 ad
727 4516 1022 4587 pietatem,
1055 4517 1230 4587 donec
1289 4516 1579 4587 perfectam
1625 4516 1976 4587 σωφροσύνην

410 4589 485 4659 (id
531 4601 645 4659 est,
705 4584 1136 4659 tetnperantiam,
1184 4586 1473 4659 ipsamque
1515 4584 1593 4638 sic
1613 4584 1977 4659 _§_piritalibus

408 4653 758 4722 celebratam,
801 4653 1088 4724 ἇπάθειαν)
1143 4653 1285 4709 ιπιόιί
1337 4653 1560 4709 fuerint.
1613 4653 1715 4707 Hic
1755 4669 1976 4724 summa

411 4727 672 4781 Maximus
695 4729 911 4796 plenam
949 4725 1254 4781 doctrinam
1297 4725 1482 4796 tradit,
1524 4739 1686 4792 quam
1723 4723 1803 4778 sic
1839 4739 1975 4777 exo-

412 4797 502 4850 tici
533 4795 784 4850 homines
818 4811 914 4865 per
943 4796 1272 4865 imperitiam
1307 4795 1631 4865 diminutam
1658 4807 1975 4865 repraesen-

414 4874 547 4919 tant.
587 4867 717 4919 Vide
754 4862 871 4933 cap.
909 4867 995 4928 80,
1023 4862 1264 4935 itemque
1305 4879 1424 4934 cap.
1469 4863 1556 4927 66,
1589 4862 1748 4932 primi
1793 4871 1978 4916 cente-

412 4935 556 4988 narii
588 4950 709 4988 cum
733 4935 847 4988 sch.
895 4937 961 4989 ad
991 4935 1144 4988 illud.

481 5003 561 5127 ης)
636 5003 905 5057 Ἇπάθεια
978 5005 1078 5056 καὶ
1115 5003 1493 5066 ταπείνωσις.
1563 5000 1710 5066 Quas
1778 5001 1977 5057 Paulus

481 5089 583 5127 nr.
628 5089 726 5127 xu.
772 5073 1002 5127 virtutes
1045 5081 1221 5127 vocat.
1269 5075 1491 5127 εἰρήνην
1538 5073 1632 5122 καὶ
1685 5073 1971 5127 ἁγιασμόν.

415 5071 583 5127 Hebr.
628 5089 726 5139 xu,
772 5073 1002 5128 virtutes
1045 5081 1221 5128 vocat.
1269 5075 1491 5142 εἰρήνην
1538 5073 1651 5142 καί
1685 5073 1971 5142 ἁγιασμόν,

415 5142 515 5196 has
563 5143 828 5196 Maximus
881 5143 969 5197 hic
1024 5143 1289 5195 ἀπάθειαν
1325 5141 1452 5194 ﬁxa!
1491 5141 1863 5194 ταπείνωσιν.
1898 5141 1976 5194 Ac

415 5213 614 5282 prioris
648 5213 869 5281 quidem
909 5214 1051 5266 clara
1092 5213 1264 5276 ratio;
1295 5212 1348 5265 in
1379 5211 1522 5266 idem
1559 5211 1704 5263 enim
1728 5225 1866 5280 pene
1890 5225 1978 5264 so-

415 5291 550 5336 nant
603 5299 724 5350 pax,
757 5282 1034 5351 animique
1058 5283 1472 5351 imperturbatio
1501 5297 1563 5334 ac
1591 5296 1801 5351 summa
1829 5289 1978 5332 tran-

415 5354 677 5423 quillitas.
705 5350 959 5406 Alterum
980 5353 1101 5421 plus
1124 5353 1365 5423 mysterii
1402 5352 1582 5423 habet,
1607 5350 1751 5423 quod
1778 5363 1974 5423 nempe

413 5419 624 5478 natura:
648 5423 849 5476 utentis
874 5419 1084 5476 ratione
1109 5419 1463 5475 sanctimonia
1482 5422 1534 5473 in
1559 5420 1865 5472 humilitate
1890 5419 1974 5472 vel

417 5495 649 5548 maxime
681 5493 854 5561 posita
894 5493 984 5556 sit,
1022 5507 1128 5560 qua
1161 5491 1448 5559 subjicitur
1477 5491 1609 5552 Deo,
1655 5499 1714 5561 ut
1749 5488 1974 5561 abipso

417 5558 768 5632 perﬁcienda,
799 5563 963 5632 inque
989 5558 1107 5632 ejus
1144 5558 1384 5624 laudem,
1411 5567 1466 5614 et
1493 5569 1554 5612 ut
1582 5558 1849 5629 quidquid
1889 5567 1974 5632 est

419 5627 634 5701 (timore
675 5633 764 5688 illo
792 5627 940 5687 casto
969 5627 1062 5702 qui
1090 5640 1273 5686 manet
1300 5632 1353 5685 in
1379 5627 1664 5693 internum,
1697 5627 1758 5683 ac
1785 5627 1974 5697 praeci-

2076 4375 2250 4429 schol.
2294 4375 2361 4430 ad
2413 4377 2686 4430 intentum
2715 4377 2952 4440 Maximi,
2982 4379 3120 4433 bene
3152 4379 3320 4433 refert
3358 4379 3422 4432 ad
3467 4380 3646 4433 scien—

2079 4445 2208 4518 tiam
2261 4463 2274 4497 :
2341 4445 2626 4518 "(lembi
2698 4447 2799 4517 ἤδη
2879 4449 3262 4518 κατειληφέναι
3321 4450 3413 4501 καὶ
3475 4451 3641 4518 μηδὲν

2078 4517 2322 4588 ἀγνοεῖν,
2349 4513 2506 4588 δῆλον
2540 4515 2614 4578 ὡς
2635 4513 2853 4584 ἀγάπην
2882 4518 2981 4569 οὐκ
3004 4513 3148 4588 ἔχει’
3182 4518 3284 4582 Qui
3316 4535 3370 4571 se
3387 4513 3508 4587 jam
3541 4513 3643 4587 ap-

2077 4583 2547 4658 prehendissefseu
2579 4595 2933 4640 consecutum
2964 4583 3106 4658 esse)
3133 4583 3416 4652 existimat,
3438 4595 3486 4639 et
3511 4583 3642 4640 nihil

2076 4653 2345 4724 ignorare,
2383 4653 2539 4724 liquet
2568 4673 2670 4708 non
2703 4657 2891 4710 habere
2920 4653 3252 4711 clmritalem.

2150 4722 2214 4792 (δ)
2253 4723 2321 4796 Αᾘ
2347 4722 2921 4796 οἴησιςίκαὶςριιόνος.
2961 4726 3162 4796 Ohsop.
3193 4736 3244 4780 el
3271 4724 3434 4780 Gesn.
3469 4725 3642 4794 opinio

2079 4801 2125 4873 et
2157 4794 2375 4879 in‘vidi'a,
2407 4795 2559 4879 quasi
2595 4804 2740 4879 esset
2762 4796 3066 4879 6d§a.nNtin
3110 4794 3260 4879 enim
3304 4811 3408 4875 vo;
3443 4796 3638 4879 opinio,

2078 4862 2156 4916 sic
2179 4862 2424 4934 absolute
2445 4865 2671 4931 prolata,
2691 4864 2742 4917 id
2769 4863 3038 4933 significat
3058 4865 3201 4934 quod
3220 4865 3422 4918 Grmcis
3443 4862 3639 4934 οἴησις,

2077 4940 2170 5002 aut
2223 4933 2324 4984 rite
2372 4947 2555 4986 comes
2600 4934 2907 5002 assignatur
2952 4933 3191 4988 invidim.
3244 4934 3398 4989 Suid.
3446 4933 3638 5001 οἴησις,

2077 5001 2322 5070 ἔπαρμα,
2360 5003 2614 5073 -ὑπῷνοια,
2651 5001 2743 5056 ubi
2779 5005 3006 5073 Portus,
3040 5004 3197 5057 elatio
3228 5005 3411 5066 animi,
3445 5004 3639 5073 opinio.

2077 5087 2240 5140 quam
2283 5071 2394 5142 quis
2438 5071 2500 5122 de
2533 5088 2586 5124 se
2628 5071 2944 5142 praeclaram
2984 5075 3157 5138 habet,
3204 5075 3445 5142 suspirio.
3479 5071 3640 5138 Quod

2078 5148 2259 5212 tamen
2301 5140 2552 5212 ultimum
2596 5140 2702 5195 non
2756 5143 2949 5210 placet.
3008 5145 3173 5197 Recte
3221 5140 3440 5212 quidem
3486 5144 3641 5200 Suid.

2079 5211 2302 5282 ὑπόνοια
2325 5227 2338 5240 ·
2380 5210 2474 5282 sed
2517 5227 2678 5278 quam
2709 5227 2896 5266 vocem
2929 5213 3048 5282 ejus
3077 5214 3167 5267 hic
3194 5210 3379 5276 sensu,
3413 5229 3515 5265 vox
3545 5213 3645 5266 La-

2077 5279 2190 5351 tina
2217 5295 2326 5333 non
2352 5281 2486 5334 satis
2511 5282 2798 5348 exprimit;
2832 5283 2926 5336 sed
2958 5279 3105 5350 quod
3141 5298 3260 5335 eam
3291 5284 3516 5351 exponit
3540 5283 3642 5335 lle-

2077 5350 2228 5422 sych.
2256 5351 2636 5422 ζέιπερηφανία,
2669 5351 2866 5422 θράσος
2884 5368 2898 5381 ·
2933 5353 3196 5422 superbia,
3220 5350 3466 5416 audacia,
3490 5362 3643 5404 teme-

2077 5417 2226 5491 ritas.
2256 5417 2393 5491 [line
2418 5417 2910 5488 οῑηματίαςοὶόοιιι
2936 5417 3091 5476 Suid.
3134 5425 3457 5491 ἐπηρμένος.
3486 5423 3633 5475 Port.

2077 5487 2268 5561 elatus,
2312 5487 2550 5558 inﬂatus,
2597 5491 2874 5561 superbus.
2913 5492 3062 5546 ldem
3105 5487 3354 5561 pluribus
3397 5493 3630 5546 Phavor.

2075 5573 2178 5612 nec
2209 5557 2265 5614 in
2292 5573 2352 5614 re
2372 5557 2493 5612 tam
2515 5557 2897 5617 clara'diutius
2925 5557 3264 5618 haerendum.
