4128 6210
566 220 703 286 1063

1683 222 1745 282 s.
1787 218 2073 280 MAXIM!
2117 185 2624 278 comessoms

3672 207 3808 272 1061

559 334 751 390 oculos
794 335 1136 406 compungit.
1177 333 1298 400 Quo
1332 331 1428 401 lit,
1460 343 1521 388 ut
1549 333 1794 391 Charitas
1821 331 2126 389 necessario

2237 329 2551 399 ὀφθαλμοὺς
2623 320 3038 380 κατακεντοῦντι
3092 321 3204 395 [Fr.
3259 320 3350 374 τοῦ
3417 319 3810 378 κατακεντοῦν-

555 426 799 482 scientiae
827 423 1130 496 cepulanda
1161 425 1251 478 sit.

625 518 713 571 65.
741 517 884 571 Cave
909 530 1073 570 omne
1106 515 1280 569 otium
1313 524 1468 570 tuum
1510 524 1675 585 atque
1713 528 1940 584 operam
1973 511 2128 566 carni

555 606 910 677 impenderis,
940 607 1034 661 sed
1081 616 1343 676 quantam
1375 614 1631 676 praestare
1658 613 1834 676 potes,
1859 604 2131 659 exercita-

556 699 703 752 tione
736 699 786 752 ei
821 698 1139 762 constituta,
1182 699 1292 752 vim
1323 714 1541 753 onmem
1575 698 1744 752 animi
1770 697 1837 752 ad
1865 697 2128 752 interiora

551 797 705 842 verte
731 805 744 840 :
775 786 1082 858 Corporalis
1103 790 1244 842 enim
1287 790 1588 842 exercitatio
1608 789 1677 842 ad
1699 791 1958 843 modicum
1981 788 2129 844 utili:

554 887 661 944 est;
694 880 860 950 pietas
885 865 1064 934 autem
1097 883 1167 934 ad
1200 883 1378 934 omnia
1409 880 1552 934 utilis
1579 893 1654 934 est
1679 881 1744 946 ",
1773 890 1880 936 etc.

620 1057 710 1111 64.
740 1056 844 1124 Qui
868 1057 1244 1113 indesinenter
1276 1057 1333 1111 in
1360 1057 1719 1112 interioribus
1744 1067 2014 1124 moratur,
2039 1073 2128 1114 so-

556 1148 714 1203 brius
766 1157 822 1204 et
855 1149 1187 1219 longanimis
1233 1158 1290 1204 et
1341 1149 1613 1219 benignus
1648 1159 1705 1205 et
1752 1151 1978 1207 humilis
2019 1162 2122 1207 est.

550 1245 739 1314 Neque
764 1245 818 1298 id
843 1245 1026 1307 modo,
1050 1260 1242 1299 verum
1271 1245 1436 1300 etiam
1467 1247 1916 1316 contemplationi
1942 1247 2128 1302 studet

551 1335 857 1404 divinaeque
872 1335 1140 1399 scientiae,
1175 1350 1242 1389 ac
1283 1336 1542 1404 precibus
1581 1337 1838 1392 assiduus
1889 1348 1992 1393 est.
2024 1338 2125 1393 At-

548 1441 658 1495 que
726 1426 832 1481 hoc
889 1437 975 1482 est
1007 1428 1154 1497 quod
1201 1428 1279 1482 ait
1324 1429 1665 1498 Apostolus:
1700 1431 1903 1501 Spiritu
1936 1432 2125 1486 ambu-

551 1515 659 1570 late
685 1518 751 1581 ²⁰,
783 1527 891 1572 etc.

619 1609 707 1663 65.
749 1609 853 1675 Qui
905 1609 1204 1679 spiritalem
1251 1612 1393 1666 viam
1435 1613 1614 1668 nescit
1663 1612 1964 1679 ambulare,
2002 1613 2126 1668 libi-

2237 419 2353 492 τος]
2388 421 2474 490 (ι).
2511 418 2602 471 Διὸ
2641 415 2956 484 ἀναγκαίως
2988 415 3164 467 δέεται
3204 414 3237 481 ἡ
3265 410 3462 479 γνῶσις
3496 411 3738 491 ἀγάπης.

2308 510 2403 578 ξγθ.
2449 511 2541 580 Μὴ
2566 509 2692 580 ὅλην
2721 508 2821 578 τὴν
2856 506 3053 577 σχολήν
3089 522 3182 558 σου
3217 503 3348 574 περὶ
3369 503 3468 572 τὴν
3494 501 3674 572 σάρκα
3693 499 3806 570 ἔχε,

2233 602 2371 658 ἀλλὰ
2414 603 2596 672 ὅρισον
2633 601 2768 672 αὐτῇ
2808 599 2905 672 τὴν
2956 599 3096 652 κατά
3130 598 3362 668 δύναμιν
3402 596 3638 665 ἄσκησιν
3661 611 3674 624 ο
3711 596 3808 648 καὶ

2235 694 2355 748 ὃλον
2398 694 2490 746 τὸν
2529 691 2655 744 νοῦν
2703 707 2818 754 σου,
2860 689 2990 760 περὶ
3029 688 3098 741 τά
3136 687 3284 740 ἔνδον
3315 684 3512 754 τρέψον
3533 699 3544 711 ·
3591 683 3653 736 Ἡ
3697 681 3808 751 γὰρ

2235 784 2544 854 σωματικὴ
2577 783 2904 853 γυμνασία,
2943 781 3095 848 πρὸς
3131 780 3341 846 ὀλίγον
3383 776 3555 830 ἐστὶν
3597 774 3808 843 ὠφέλει

2231 895 2345 948 μσς
2363 893 2375 906 ·
2407 878 2445 944 ἡ
2477 876 2545 929 δὲ
2574 875 2864 938 εὐσέϐεια,
2894 872 3044 941 πρὸς
3073 870 3269 925 πάντα
3295 868 3466 923 ἐστίν
3489 867 3804 936 ὠφέλιμος.

2234 969 2328 1023 καὶ
2360 969 2428 1022 τὰ
2454 967 2602 1038 ἑξῆς.
3280 1039 3286 1044 ξ

2305 1061 2400 1128 ξδ’.
2451 1061 2509 1113 '0
2545 1055 2908 1119 ἀδιαλείπτως
2945 1051 3170 1125 περὶτὰ
3215 1050 3362 1104 ἔνδον
3390 1049 3490 1112 τάς
3525 1047 3808 1118 διατριϐὰς

2234 1150 2575 1221 ποιούμενος,
2633 1148 2918 1216 σωφρονεί,
2984 1141 3356 1213 μακροθυμεῖ,
3427 1138 3803 1209 χρηστεύεται,

2233 1243 2662 1312 ταπεινοφρονεῖ.
2711 1241 2788 1292 Ού
2829 1237 2988 1308 μόνον
3032 1235 3107 1298 δὲ,
3154 1233 3289 1288 ἀλλά
3337 1231 3433 1285 καὶ
3459 1231 3670 1302 θεωρεῖ.
3710 1233 3805 1284 καὶ

2234 1335 2495 1403 θεολογεῖ,
2549 1333 2644 1386 καὶ
2694 1332 3078 1402 προσεύχεται.
3107 1327 3216 1380 Καὶ
3243 1325 3400 1379 τοῦτό
3428 1327 3574 1378 ἐστιν
3597 1324 3626 1376 δ
3653 1322 3802 1391 λέγει

2233 1432 2262 1484 ὁ
2303 1425 2622 1489 Ἀπόστολος
2641 1441 2658 1457 ο
2687 1423 2984 1491 Πνεύματι
3017 1416 3412 1487 περιπατεῖτε,
3440 1415 3538 1468 καὶ
3561 1416 3632 1468 τὰ
3655 1412 3800 1483 ἑξῆς.

2307 1601 2398 1668 ξεί.
2443 1601 2503 1654 ⁸0
2537 1599 2638 1670 τὴν
2671 1593 3053 1666 πνευματικὴν
3081 1592 3198 1647 ὁδὸν
3223 1589 3428 1643 ὁδεύειν
3460 1587 3536 1658 μὴ
3581 1584 3802 1638 ὲπιστάο

549 1700 866 1756 dinosarum
896 1712 953 1756 et
981 1717 1106 1756 cum
1138 1703 1338 1757 affectu
1373 1705 1767 1775 cogitationum
1795 1719 1986 1759 curam
2016 1721 2125 1760 non

2232 1711 2409 1768 μενος,
2440 1691 2550 1745 τῶν
2581 1687 2846 1762 ὲμπαθῶν
2873 1683 3161 1754 νοημάτων
3187 1682 3247 1735 ού
3273 1683 3501 1734 ποιεῖται
3525 1675 3797 1748 φροντίδα’

549 1793 682 1862 agit,
729 1793 824 1847 sed
864 1808 1083 1848 omnem
1129 1809 1350 1863 operam
1393 1796 1540 1849 circa
1579 1811 1799 1850 carnem
1837 1797 2021 1865 ponit;
2062 1811 2126 1851 ac

547 1883 634 1936 vel
668 1882 808 1952 gulae
841 1897 904 1936 ac
935 1882 1165 1936 luxuria:
1203 1883 1474 1953 indulget,
1501 1883 1757 1952 doletque
1781 1897 1836 1937 et
1867 1883 2126 1938 irascitur

547 1981 606 2026 ct
635 1973 961 2043 injuriarum
992 1988 1204 2027 memor
1243 1980 1362 2038 est;
1392 1973 1630 2050 indeque
1660 1974 1902 2028 tenebris
1927 1973 2128 2028 obscu-

550 2075 638 2119 rat
685 2065 953 2129 aninmm,
988 2072 1083 2118 aut
1132 2065 1588 2120 immoderantius
1630 2063 1792 2136 453
1838 2064 2128 2133 disciplina

550 2165 730 2219 utens,
761 2166 999 2210 mentem
1035 2156 1241 2210 turbat.

619 2245 707 2299 66.
749 2245 966 2300 Nullam
1018 2261 1204 2300 rerum
1253 2247 1415 2302 nobis
1453 2261 1482 2301 a
1523 2247 1635 2302 Deo
1677 2247 1744 2302 ad
1792 2265 1950 2304 usum
1989 2267 2126 2306 con—

547 2351 828 2392 cessarum
889 2337 1031 2392 tollit
1098 2337 1425 2408 Scriptura,
1487 2339 1582 2394 sed
1649 2339 2126 2398 immoderantiam

549 2427 801 2498 castigat,
828 2437 886 2481 et
921 2428 1070 2497 quod
1094 2443 1125 2481 a
1157 2429 1369 2484 ratione
1412 2429 1707 2494 exorbitat,
1749 2431 1803 2485 id
1845 2433 2126 2489 emendat.

549 2520 708 2584 Puta,
742 2537 850 2574 non
879 2521 1134 2590 prohibet
1161 2522 1350 2586 edere,
1387 2521 1530 2577 ﬁlios
1577 2539 1890 2592 procreare,
1924 2526 2128 2582 habere

550 2611 836 2681 pecunias,
863 2626 928 2666 ac
971 2621 1118 2666 recte
1151 2612 1498 2681 dispensare;
1531 2613 1625 2666 sed
1657 2614 1914 2682 prohibet
1950 2615 2129 2670 ventri

550 2702 838 2772 indulgere
891 2713 950 2757 et
974 2702 1226 2764 scortari,
1260 2712 1368 2757 etc.
1399 2701 1504 2756 Sed
1535 2718 1712 2772 neque
1745 2704 1862 2760 hac
1887 2706 2128 2777 cogitare

548 2800 701 2846 vetat
747 2793 834 2862 (in
876 2793 983 2848 hoc
1027 2794 1174 2848 enim
1214 2793 1356 2848 facta
1393 2793 1566 2863 sunt),
1600 2794 1697 2850 sed
1739 2795 2038 2854 libidinose
2073 2809 2131 2854 et

551 2898 678 2938 cum
713 2884 913 2940 alfectu
948 2886 1210 2956 cogitare.

620 2976 708 3030 67.
747 2976 823 3029 Ea
863 2991 987 3046 quae
1037 2993 1068 3031 a
1116 2976 1281 3031 nobis
1332 2976 1536 3046 pietate
1584 2986 1874 3048 geruntur,
1930 2980 2129 3050 partim

547 3082 618 3122 ex
657 3077 928 3137 praecepto
976 3079 1260 3138 geruntur,
1302 3071 1501 3139 partim
1544 3085 1653 3125 non
1703 3086 1770 3125 ex
1815 3082 2123 3142 praecepto,

551 3158 649 3214 sed
695 3158 853 3227 quasi
896 3159 1238 3225 voluntaria,
1299 3169 1360 3215 ut
1419 3161 1543 3231 quis
1599 3161 1772 3228 dicat,
1825 3163 2126 3219 oblatione.

551 3249 689 3305 Puta
717 3265 786 3304 ex
815 3258 1091 3319 praecopto
1119 3251 1362 3318 quidem,
1394 3252 1622 3322 diligere
1649 3254 1820 3306 Deum
1849 3269 1912 3307 ac
1941 3255 2128 3324 proxi-

551 3356 724 3404 mum,
749 3340 1002 3394 inimicos
1040 3339 1299 3412 diligere,
1342 3358 1452 3396 non
1498 3343 1792 3409 mmchari,
1836 3360 1940 3399 nec
1984 3346 2132 3400 occi-

551 3433 704 3498 dere,
741 3443 796 3488 et
837 3449 958 3504 quze
992 3443 1326 3503 sequuntur;
1368 3451 1603 3504 quorum
1642 3436 1809 3490 etiam
1849 3447 2128 3508 trangres-

551 3526 728 3589 sione,
759 3525 1127 3581 damnationis
1161 3528 1241 3581 rei
1289 3527 1578 3582 éllicimur.
1609 3529 1729 3582 Non
1761 3544 1825 3583 ex
1857 3539 2129 3600 prmcepto

551 3625 756 3683 autem,
787 3617 1160 3687 virginitatem
1205 3620 1408 3684 colere,
1444 3621 1688 3675 caelibem
1737 3631 1794 3676 et
1831 3637 2126 3693 pauperem

552 3715 717 3776 atque
748 3709 1076 3762 monachum
1107 3724 1201 3763 seu
1237 3710 1543 3764 solitarium
1580 3727 1760 3780 agere,
1797 3728 1860 3767 ac
1891 3714 2124 3784 reliqua.

551 3796 768 3852 Habent
792 3799 909 3852 haec
932 3815 1221 3853 munerum
1249 3801 1541 3862 rationem,
1570 3812 1630 3856 ut
1653 3802 1698 3856 si
1723 3819 1829 3871 qua
1854 3813 2124 3874 praecepta

549 3903 619 3942 ex
654 3888 971 3943 inﬁrmitate
1015 3891 1119 3945 rite
1174 3892 1397 3959 exsequi
1446 3893 1890 3961 nequiveriims,
1933 3911 2126 3950 mune-

551 3993 674 4030 rum
723 3993 826 4047 ope
871 3979 1325 4049 benignissimum
1376 3980 1666 4035 Dominum
1708 3991 1960 4036 nostrum
1994 3997 2126 4052 pro-

552 4067 750 4138 pitium
783 4068 1097 4124 reddamus.

622 4159 709 4212 68.
749 4157 852 4224 Qui
897 4159 1062 4212 vitam
1116 4161 1360 4215 caelibem
1410 4163 1544 4217 colit
1579 4172 1674 4218 aut
1719 4163 2123 4234 virginitatem,

549 4265 774 4306 necesse
801 4258 884 4303 est
911 4258 973 4303 ut
1003 4251 1204 4305 habeat
1246 4253 1462 4308 lumbos
1490 4254 1832 4324 praecinctos,
1859 4265 1913 4310 et
1941 4257 2126 4311 lucer-

2226 1765 2344 1838 ἀλλ’
2389 1785 2519 1855 ὅλην
2564 1782 2663 1853 τὴν
2700 1777 2897 1850 σχολὴν
2927 1793 2992 1828 πε
3004 1776 3058 1846 ρ).
3086 1775 3184 1844 τὴν
3219 1773 3399 1842 σάρκα
3432 1769 3545 1838 ἔχει
3620 1767 3734 1830 καὶ,
3765 1765 3798 1836 ἢ

2225 1877 2634 1947 γαστριμαργεί
2682 1873 2777 1927 καὶ
2831 1866 3232 1928 ἀκολασταίνει,
3290 1861 3537 1916 λυπεῖταί
3589 1876 3651 1911 τε
3709 1859 3802 1912 καὶ

2226 1971 2505 2042 ὀργίζεται
2553 1966 2648 2020 καὶ
2699 1963 3048 2036 μνησικακεῖ,
3096 1958 3192 2012 καὶ
3247 1955 3496 2008 ἐντεῦθεν
3547 1953 3637 2005 τὸν
3678 1950 3802 2006 νοῦν

2229 2063 2466 2127 σκοτίζει
2487 2078 2501 2091 ·
2532 2061 2566 2132 ἢ
2595 2059 2850 2129 ἀμέτρως
2880 2057 2945 2125 τῇ
2985 2053 3217 2122 ἀσκήσει
3262 2051 3548 2120 κέχρηται,
3589 2045 3683 2099 καὶ
3716 2045 3803 2098 θο-

2227 2156 2310 2209 λοϊ
2343 2154 2440 2225 τὴν
2477 2152 2732 2206 διάνοιαν.
2754 2135 2761 2142 ”

2309 2241 2417 2306 Eg".
2455 2237 2620 2293 Οὐδὲν
2649 2237 2760 2290 τῶν
2787 2236 2850 2288 ὲκ
2873 2232 3007 2287 Θεοῦ
3036 2232 3116 2294 είς
3135 2231 3330 2302 χρῆσιν
3379 2229 3509 2299 ἡμῖν
3541 2227 3803 2280 δοθέντων

2228 2333 2500 2404 ἀναιρεῖή
2529 2331 2752 2402 Γραφή·
2786 2326 2922 2380 ἀλλά
2967 2327 3067 2394 τὴν
3113 2323 3383 2394 ἀμετρίαν
3427 2319 3676 2383 κολάζει,
3708 2318 3804 2372 καὶ

2226 2427 2325 2498 τὴν
2353 2423 2666 2493 ἀλογιστίαν
2703 2417 3032 2492 διορθοῦται.
3062 2411 3208 2480 υἷον,
3236 2415 3295 2468 ού
3325 2411 3524 2466 κωλύει
3562 2411 3797 2473 ἐσθίειν.

2228 2519 2348 2572 οὐδὲ
2395 2515 2752 2579 παιδοποιεῖν,
2801 2510 2924 2564 οὐδὲ
2977 2509 3241 2580 χρήματα
3289 2504 3430 2574 ἔχειν
3475 2502 3570 2556 καὶ
3610 2500 3793 2571 ὀρθῶς

2227 2613 2482 2666 διοικεῐνσ
2524 2606 2662 2661 ἀλλά
2732 2603 2934 2658 κωλύει
2992 2597 3451 2670 γαστριμαργεῑν,
3491 2591 3804 2662 πορνεύειν,

2230 2703 2327 2756 καὶ
2372 2700 2440 2754 τά
2475 2699 2621 2769 ἑξῆς.
2660 2696 2802 2752 Ἀλλ’
2835 2692 2956 2748 οὐδὲ
2985 2691 3049 2744 τὸ
3069 2691 3212 2743 νοεῖν
3249 2685 3424 2740 ταῦτα
3451 2683 3650 2737 κωλύει
3694 2681 3806 2753 (διὰ

2229 2793 2388 2851 τοῦτο
2412 2793 2520 2864 γὰρ
2546 2786 2880 2861 γεγόνασιν),
2915 2785 3052 2840 ἁλλά
3078 2783 3140 2836 τὸ
3162 2777 3428 2852 ἐμπαθῶς
3460 2779 3623 2830 νοεῖν.

2303 2987 2380 3053 ξζ*
2439 2987 2520 3041 Τά
2568 2987 2664 3056 μὲν
2695 2983 2802 3038 τῶν
2852 2978 3132 3050 ὑφ’ἠμῶν
3156 2976 3298 3030 κατά
3332 2975 3464 3028 Θεὸν
3495 2969 3805 3043 πραττομέ-

2234 3097 2364 3142 νων,
2407 3079 2525 3131 κατ’
2574 3075 2795 3146 ἐντολὴν
2832 3073 3168 3144 πράττεται·
3199 3067 3266 3120 τὰ
3309 3065 3387 3129 δὲ,
3414 3064 3472 3116 ού
3497 3063 3616 3115 κατ’
3649 3061 3809 3111 two-

2232 3174 2351 3242 λὴν,
2381 3173 2495 3226 ἀλλ’
2529 3171 2605 3233 ὡς
2634 3169 2698 3223 ἀν
2727 3185 2811 3231 τις
2843 3166 3006 3229 εἴποι,
3035 3161 3159 3217 καθ’
3180 3159 3424 3214 ἑκούσιον
3462 3153 3806 3226 προσφοράν.

2234 3261 2360 3318 Οἷον
2389 3265 2511 3317 κατ’
2538 3260 2758 3333 ἐντολὴν
2793 3259 2913 3329 μὲν,
2959 3257 3020 3309 τὸ
3062 3249 3400 3322 ἀγαπᾷνξτὸν
3428 3247 3560 3299 Θεὸν
3588 3245 3684 3298 καὶ
3705 3242 3808 3333 ,τὸν

2232 3353 2491 3420 πλησίον·
2530 3350 2590 3403 τὸ
2613 3351 2832 3418 ἀγαπᾷν
2869 3347 2995 3407 τοὺς
3028 3342 3286 3414 ἐχθρούς·
3314 3339 3375 3392 τὸ
3415 3337 3489 3406 μὴ
3527 3332 3809 3406 μοιχεύειν

2234 3443 2366 3514 μηδὲ
2415 3440 2660 3510 φονεύειν
2698 3438 2856 3510 [unus
2898 3436 3027 3507 Reg.
3073 3429 3332 3503 φθονεῖν],
3371 3430 3465 3482 καὶ
3495 3427 3563 3480 τά
3600 3423 3802 3477 λοιπά-

2229 3535 2385 3588 ἀτινα
2416 3532 2510 3586 καὶ
2549 3530 2915 3601 παραϐάντες,
2949 3522 3410 3595 κατακρινόμεθα.
3448 3518 3522 3571 Οὐ
3558 3517 3677 3569 κατ’
3711 3515 3808 3566 ἐνο

2227 3626 2387 3695 τολὴν
2415 3624 2494 3690 δὲ,
2527 3623 2590 3677 τὸ
2623 3619 2998 3693 παρθενεύειν,
3030 3620 3062 3686 ἠ
3095 3615 3326 3685 ἀγαμία,
3355 3614 3388 3681 ἡ
3410 3605 3803 3678 ἀκτημοσύνη,

2229 3715 2660 3789 ήάναχώρησις,
2713 3712 2808 3766 καὶ
2869 3710 2937 3764 τὰ
2980 3709 3127 3777 ἑξῆς.
3180 3705 3366 3759 Ταῦτα
3410 3700 3595 3770 δώρων
3629 3696 3805 3789 λόγον

2231 3787 2550 3878 ἐπέχουσιν·
2584 3805 2669 3858 ἵνα
2712 3804 2808 3857 ἐάν
2848 3818 2998 3865 τινας
3045 3799 3152 3852 τῶν
3191 3794 3418 3849 ὲντολῶν
3453 3787 3804 3858 κατορθῶσαι

2227 3901 2286 3966 ἐξ
2316 3897 2598 3958 ἀσθενείας
2622 3894 2696 3966 μὴ
2731 3891 3070 3961 δυνηθῶμεν,
3095 3888 3182 3941 διὰ
3204 3887 3311 3940 τῶν
3332 3883 3518 3954 δώρων
3543 3880 3631 3934 τὸν
3661 3880 3806 3947 ἀγα-

2227 3991 2319 4044 θὸν
2346 3988 2506 4062 ἡμῶν
2535 3983 2949 4054 ὲξιλεωσὼμεθα
2970 3979 3264 4049 Δεσπότην.

2297 4180 2399 4248 ξην.
2446 4176 2507 4229 Ὀ
2551 4174 2649 4244 τὴν
2692 4170 2933 4241 ἀγαμίαν
2973 4167 3148 4235 τιμῶν
3201 4165 3236 4234 ἢ
3281 4161 3595 4234 παρθενίαν,
3624 4160 3805 4226 ἀναγ-

2227 4269 2397 4332 καίως
2427 4265 2630 4336 ὀφείλει
2666 4263 2809 4334 ἔχειν
2842 4262 2940 4332 τὴν
2991 4261 3160 4328 ὀσφὺν
3210 4254 3671 4327 περιεζωσμένην,
3702 4253 3804 4305 καὶ

551 4354 675 4394 nam
704 4339 989 4394 ardentem
1013 4343 1054 4372 ²¹
1089 4359 1102 4394 :
1136 4342 1352 4397 lumbos
1389 4344 1612 4413 quidem
1646 4346 1989 4413 praecinctos,
2024 4333 2124 4416 per

2230 4361 2316 4413 τὸν
2339 4333 2532 4429 λύχνον
2565 4333 2854 4422 καιόμενον
2875 4368 2889 4382 '
2913 4350 3011 4422 τὴν
3040 4349 3139 4420 μὲν
3173 4347 3342 4417 ὀσφῦν
3359 4344 3424 4399 δι’
3447 4341 3800 4414 ἐγκρατείας·

550 4431 982 4498 continentiam;
1017 4433 1298 4488 lucernam
1329 4442 1510 4488 autem
1545 4435 1850 4499 ardentem,
1879 4452 1978 4506 per
2005 4452 2132 4506 pre-

551 4521 826 4581 cationem
872 4531 928 4578 et
972 4524 1494 4593 contemplationem
1531 4543 1595 4581 ac
1629 4527 1982 4583 dilectionem
2019 4528 2132 4599 spi-

553 4612 788 4666 ritalem.
2053 4670 2058 4675 .

621 4704 709 4760 69.
750 4704 984 4772 Quidam
1041 4703 1309 4772 fratrum,
1358 4717 1651 4765 extraneos
1696 4726 1756 4766 se
1804 4727 1835 4766 a
1893 4711 2130 4781 Spiritus

549 4797 725 4851 sancti
758 4797 918 4851 donis
950 4798 1289 4854 existimant.
1321 4800 1432 4855 Nec
1462 4801 1608 4856 enim
1640 4811 1866 4868 norunt,
1892 4819 1998 4873 qua
2033 4821 2131 4860 nc-

549 4889 807 4960 gligentia
852 4905 915 4944 ac
957 4889 1170 4945 incuria
1209 4891 1396 4946 divina
1437 4895 1690 4950 mandata
1726 4906 2123 4966 exsequuntur,

548 4995 676 5035 eum
703 4981 797 5050 qui
830 4981 992 5036 ﬁdem
1027 4982 1080 5036 in
1110 4981 1390 5038 Christum
1427 4985 1697 5040 sinceram
1724 4987 1912 5053 habet,
1939 4989 2126 5043 omnia

549 5071 738 5126 divina
765 5072 904 5128 dona
933 5073 1084 5128 velut
1111 5091 1221 5129 uno
1248 5077 1646 5147 comprehensa
1680 5077 1826 5134 fasce
1855 5079 1911 5134 in
1942 5082 2126 5152 seipse

623 5210 664 5241 ”
690 5209 710 5263 l
740 5208 880 5264 Tim.
907 5225 980 5274 ιν,
1012 5210 1065 5264 8.
1140 5211 1185 5243 ὀ
1210 5211 1389 5268 Galat.
1421 5229 1474 5279 ν,
1511 5213 1596 5269 l6.
1669 5216 1713 5246 ²¹
1741 5216 1874 5271 Luc.
1911 5232 2005 5282 xu,
2036 5217 2126 5272 55.

623 5352 688 5422 (ι)
719 5356 863 5432 ’ζοὺς
903 5353 1258 5432 ὀφθαλμοὺς·
1279 5355 1765 5432 κατακεντοῦντι.
1794 5356 1954 5432 Quod
1977 5364 2121 5421 erat,

548 5420 643 5494 θεὸν
663 5420 808 5485 νοῦν,
829 5437 893 5477 ac
910 5420 1170 5494 mendose
1196 5423 1400 5494 Obsop.
1428 5428 1635 5482 editum
1660 5438 1779 5482 erat
1802 5420 2050 5492 a'micum,
2067 5420 2123 5484 et

554 5489 720 5566 Gesn.
743 5493 1115 5566 emendatum,
1146 5489 1385 5548 animuin
1410 5495 1576 5566 (quod
1601 5505 1657 5552 et
1691 5496 1878 5551 Graeca
1905 5513 2008 5551 vox
2035 5489 2124 5552 so—

553 5562 670 5636 nat)
701 5563 836 5636 nihil
879 5563 1040 5631 plane
1073 5572 1264 5636 aptum
1295 5581 1308 5616 :
1340 5562 1613 5636 nec—enim
1647 5566 1819 5636 spina:
1844 5578 1902 5621 et
1931 5568 2123 5622 tribuli

556 5627 673 5686 (res
698 5627 906 5711 scilicet
947 5627 1234 5704 corporea)
1271 5634 1546 5703 attingunt
1573 5627 1816 5692 animum
1845 5645 1940 5693 aut
1969 5652 2123 5693 men-

2228 4451 2319 4504 τδν
2353 4449 2410 4502 δὲ
2451 4447 2664 4518 λύχνον,
2695 4444 2784 4499 διὰ
2808 4441 3116 4516 προσευχῆς
3141 4440 3236 4493 καὶ
3281 4437 3514 4509 θεωρίας
3544 4435 3640 4489 καὶ
3663 4435 3805 4502 ἀγά-

2230 4557 2338 4610 πης
2372 4534 2771 4608 πνευματικῆς.

2301 4713 2397 4779 ξθ’.
2437 4712 2596 4775 Τινὲς
2635 4709 2746 4764 τῶν
2787 4708 3052 4778 ἀδελφῶν,
3087 4706 3245 4769 ἐκτὸς
3284 4704 3509 4767 ἑαυτοὺς
3539 4698 3681 4757 εἶναι
3710 4721 3795 4756 νο-

2239 4805 2480 4877 μίζουσι,
2509 4804 2621 4858 τῶν
2645 4802 2742 4858 τοῦ
2784 4804 2943 4872 ἁγίου
2972 4799 3288 4871 Πνεύματος
3313 4797 3691 4869 χαρισμάτων.
3722 4795 3793 4849 Ob

2232 4899 2341 4970 γὰρ
2372 4899 2519 4952 ίσασι
2567 4895 2656 4950 διὰ
2686 4895 2785 4967 τὴν
2810 4894 3072 4966 ἀμέλειαν
3108 4891 3208 4962 τῆς
3234 4890 3343 4944 τῶν
3371 4887 3605 4942 ἐντολῶν
3632 4889 3794 4956 ἐργα-

2233 4990 2376 5054 σίας,
2410 4990 2493 5043 ὄτι
2521 4991 2550 5042 ὀ
2583 4988 2683 5057 τὴν
2715 4989 2795 5050 εἰς
2818 4985 3052 5058 Χριστὸν
3096 4983 3279 5037 πίστιν
3317 4981 3606 5036 ἀνόθευτον
3635 4981 3788 5050 ἔχων,

2231 5082 2410 5137 πάντα
2438 5079 2506 5134 τὰ
2539 5080 2658 5134 θεῖα
2685 5077 2999 5152 χαρίσματα
3026 5075 3328 5147 συλλήὸδην
3359 5072 3473 5145 ἔχει
3511 5075 3570 5125 ὲν
3598 5069 3786 5143 ἑαυτῷ.

2230 5365 2339 5412 tem
2391 5361 2528 5427 (rem
2569 5365 2775 5428 utique,
2803 5353 3130 5428 spiritalem)
3159 5364 3222 5410 ut
3256 5355 3329 5428 in_
3358 5355 3442 5410 eis
3486 5353 3786 5428 egemplum

2268 5425 2437 5482 onere
2477 5425 2732 5482 debuerit
2769 5425 3054 5481 Maximus.
3100 5425 3271 5481 Secus
3318 5425 3374 5480 in
3424 5425 3613 5489 oculis,
3652 5439 3796 5489 quos

2271 5443 2437 5482 onere
2477 5439 2732 5482 debuerit
2772 5439 3054 5481 maxumus.
3100 5439 3271 5481 secus
3318 5442 3374 5480 in
3424 5439 3613 5489 oculis,
3690 5439 3796 5478 uos

2271 5498 2316 5552 is
2339 5497 2628 5570 compungi
2651 5497 3029 5570 gravissimum
3057 5504 3161 5570 est,
3187 5505 3247 5549 ut
3270 5504 3325 5570 et
3367 5495 3520 5570 quod
3553 5439 3804 5566 illaqlad-

2228 5583 2385 5624 versa
2410 5565 2622 5625 scilicet
2647 5565 2903 5625 charitati
2937 5565 3087 5638 vitia)
3123 5566 3178 5621 in
3215 5566 3402 5622 animo
3432 5566 3667 5622 habeas.
