4128 6210
547 313 680 388 1067

1716 329 1777 389 s.
1820 326 2105 391 MAXIMI
2131 276 2650 389 ’CONFESSORIS

3658 319 3794 387 i068

578 432 584 441 δ
615 435 702 493 76.
739 436 989 491 Emunda
1033 436 1276 490 animum
1321 444 1475 492 tuum
1510 438 1579 491 ab
1620 436 1702 490 ira
1731 445 1787 491 et
1817 435 2118 499 simultate,

2298 443 2405 502 οςθ.
2447 437 2695 510 Κάθαιρε
2732 436 2828 489 τὸν
2858 435 2994 490 νοῦν
3028 451 3125 488 σου
3156 432 3265 488 ἀπὸ
3294 431 3490 504 όργῆς,
3526 430 3620 485 καὶ
3651 452 3794 504 μνη-

543 546 607 588 as
647 530 900 601 turpibus
939 530 1386 602 cogitationibus.
1436 532 1608 602 idque
1643 531 1738 587 ubi
1772 529 2120 602 praestiteris,

543 624 942 679 inhabitantem
970 622 1251 679 Christum
1280 638 1441 679 nosse
1477 624 1702 694 poteris.

613 717 699 769 77.
736 714 872 781 Quis
908 722 963 771 te
1001 714 1330 770 illuminavit
1374 715 1430 769 in
1467 714 1629 770 ﬁdem
1667 725 1868 769 sanctae
1897 720 1953 766 et
1992 727 2123 766 eon-

541 807 920 862 substantialis
972 821 1036 861 ac
1096 806 1388 862 adorandae
1452 805 1775 871 Trinitatis;
1838 814 1935 859 aut
1996 802 2121 872 quis

540 897 970 971 dispensationis
1018 900 1074 953 in
1125 914 1291 955 carne
1340 898 1503 954 unius
1546 915 1577 954 e
1615 907 1804 954 sancta
1851 895 2120 951 Trinitate

540 993 793 1047 notitiam
839 991 1060 1047 intulit?
1089 991 1224 1057 Quis
1263 1000 1398 1045 vero
1436 989 1733 1060 spirituum
1771 1003 1868 1043 seu
1906 987 2120 1041 animo-

539 1098 663 1141 rum
701 1084 945 1140 rationes
983 1083 1192 1148 docuit,
1227 1083 1311 1138 vel
1352 1098 1468 1147 eas,
1503 1097 1625 1151 quae
1663 1080 1731 1136 ad
1769 1086 1953 1134 ortum
1994 1092 2119 1147 spe-

538 1184 689 1232 ctant
754 1192 818 1231 ac
877 1174 1408 1230 consummationem
1472 1171 1664 1227 mundi
1729 1171 1894 1240 hujus
1942 1167 2118 1224 oculis

538 1266 926 1337 aspectabilis,
975 1265 1090 1320 sive
1132 1265 1301 1319 etiam
1347 1264 1415 1319 ad
1462 1262 1925 1319 resurrectionem
1968 1275 2119 1314 mor-

536 1368 761 1412 tuorum
786 1364 842 1413 et
863 1357 1033 1411 vitam
1054 1366 1337 1422 aeternam,
1356 1356 1441 1412 vel
1465 1356 1531 1410 ad
1554 1355 1784 1425 gloriam
1808 1360 1864 1408 et
1887 1367 2113 1423 regnum

537 1450 803 1504 calorum
858 1447 1318 1517 tremendumque
1359 1446 1671 1517 judicium?
1713 1443 1874 1517 455
1923 1443 2116 1497 Nonne

537 1558 658 1613 quae
701 1540 755 1595 in
799 1550 853 1595 te
896 1540 1111 1595 habitat
1150 1539 1354 1596 Christi
1399 1538 1598 1609 gratia,
1640 1546 1834 1605 estque
1877 1535 2115 1589 arrhaho

537 1635 711 1690 sancti
743 1633 1015 1704 Spiritus?
1047 1631 1189 1699 Quid
1226 1632 1329 1685 hac
1373 1631 1551 1704 majus
1598 1629 1811 1701 gratia?
1844 1636 1938 1681 aut
1980 1626 2112 1697 quid

538 1723 640 1779 hac
683 1702 1032 1794 prtestantius
1074 1721 1343 1792 sapientia
1378 1730 1436 1775 et
1479 1702 1740 1783 scientia,
1778 1719 1980 1790 quidve
2022 1719 2110 1781 iis,

536 1829 659 1884 qua:
695 1812 965 1884 promissa
999 1820 1149 1877 sunt,
1186 1811 1515 1867 sublimius?
1548 1810 1642 1866 Sin
1685 1819 1868 1865 autem
1908 1811 2115 1866 inertes

535 1916 840 1973 segnesque
883 1916 1094 1967 sumus,
1128 1916 1232 1957 nec
1264 1918 1295 1956 a
1339 1901 1855 1973 perturbationibus
1883 1915 1946 1955 ac
1978 1900 2113 1956 atie-

535 1991 721 2046 ctibus
780 1990 1213 2061 impedientibus
1270 2002 1620 2061 mentemque
1674 1990 2112 2058 excaecantibus,

536 2097 637 2136 nos
682 2081 785 2152 ipsi
826 2081 1210 2146 emundamus,
1252 2089 1315 2135 ut
1351 2082 1435 2137 vel
1483 2081 1602 2152 ipso
1637 2081 1841 2137 clarius
1871 2082 1986 2136 sole
2017 2082 2117 2136 ho-

534 2187 657 2225 rum
692 2173 935 2228 rationes
962 2172 1152 2227 videre
1173 2172 1470 2242 possimus,
1506 2174 1562 2227 in
1597 2188 1697 2229 nos
1722 2173 1871 2244 ipsos
1893 2188 2115 2230 causam

534 2264 882 2327 referamus,
935 2278 1037 2317 nec
1080 2277 1201 2333 quae
1254 2262 1311 2317 in
1366 2262 1527 2319 nobis
1582 2263 1827 2330 habitat,
1883 2264 2114 2336 gratiam

536 2355 889 2424 abnegemus.

605 2443 691 2497 78.
727 2443 830 2509 Qui
863 2443 959 2498 tibi
1009 2452 1213 2498 aeterna
1275 2444 1417 2499 bona
1464 2445 1741 2514 pollicitus
1781 2454 1884 2510 est,
1945 2445 2112 2511 Deus,

536 2534 699 2601 inque
739 2538 834 2586 tuo
861 2540 1082 2601 pectore
1130 2530 1369 2600 Spiritus
1424 2532 1790 2587 arrhabonem
1836 2532 2005 2598 dedit,
2047 2534 2112 2599 is,

536 2639 728 2693 magna
755 2637 885 2677 cura
936 2638 1001 2677 ac
1033 2622 1317 2693 diligentia
1357 2623 1484 2678 vitae
1531 2624 1774 2679 rationes
1818 2624 1916 2678 tibi
1960 2625 2117 2679 insti-

533 2715 763 2769 tuendas
793 2714 1084 2784 prrecepit;
1127 2722 1188 2768 ut
1217 2713 1381 2769 homo
1426 2716 1658 2771 interior
1706 2716 1775 2771 ab
1829 2716 2116 2773 affectibus

534 2815 699 2877 atque
750 2805 898 2860 vitiis
950 2805 1236 2873 liberatus,
1283 2807 1394 2877 jam
1439 2814 1554 2860 tum
1602 2804 1766 2861 bonis
1814 2805 1924 2860 frui
1974 2806 2114 2861 inci-

536 2907 711 2968 pcret.

604 2990 691 3042 79.
742 2988 1061 3042 Divinorum
1114 3002 1178 3043 ac
1226 2986 1546 3042 sublimium
1587 2988 2111 3058 contemplationum

2223 528 2499 593 σικακίας,
2531 528 2626 582 καὶ¹
2666 527 2775 582 τῶν
2817 527 3061 597 αἰσχρῶν
3086 523 3381 594 λογισμῶν.
3418 524 3529 577 Καὶ
3555 523 3677 578 τότε
3705 524 3790 577 δυ-

2221 622 2360 693 νήσῃ
2384 621 2587 690 γνῶναι
2619 620 2718 692 τὴν
2749 618 2845 673 τοῦ
2871 617 3110 690 Χριστοῦ
3136 617 3432 688 ἐνοίκησιν.

2290 713 2385 777 oi".
2429 712 2526 777 Τίς
2559 729 2617 765 σε
2649 712 2916 781 ἐφώτισεν
2947 714 3028 775 εἰς
3046 710 3154 781 τὴν
3177 710 3361 763 πίστιν
3382 710 3481 780 τῆς
3509 709 3675 778 ἁγίας
3694 709 3794 763 καὶ

2218 804 2503 873 ὀμοουσίου
2537 805 2631 857 καὶ
2658 805 3043 874 πῳσκυνητῆς
3072 801 3305 873 Τριάδος
3327 800 3476 870 (67);
3514 800 3549 870 ἢ
3579 799 3664 862 τίς
3706 816 3793 852 σοι

2219 893 2483 965 ἐγνώρισε
2512 895 2612 965 τὴν
2638 895 2903 965 ἓνσαρκον
2922 893 3235 963 οἰκονομίαν
3255 892 3349 946 τοῦ
3373 892 3492 955 ἐνὸς
3507 892 3606 963 τῆς
3628 892 3794 961 ἀγίας

2219 988 2471 1058 Τριάδος;
2511 987 2608 1051 Τίς
2658 986 2715 1040 δέ
2745 1003 2803 1040 σε
2860 985 3065 1052 ἐδίδαξε
3125 986 3257 1049 τοὺς
3304 985 3434 1056 περὶ
3479 985 3793 1054 ἀσωμάτων

2215 1078 2498 1149 λόγους,ἢ
2540 1081 2666 1142 τοὺς
2711 1079 2838 1149 περὶ
2890 1077 3158 1146 γενέσεως
3211 1079 3307 1131 καὶ
3355 1076 3668 1140 συντελείας
3692 1075 3791 1130 τοῦ

2217 1168 2501 1239 ὁρωμένου
2554 1170 2760 1240 κόσμου
2782 1185 2795 1200 ·
2829 1168 2863 1239 ἢ
2908 1169 3037 1240 περὶ
3083 1167 3186 1238 τῆς
3215 1169 3281 1222 ἐκ
3308 1167 3521 1240 νεκρῶν
3551 1168 3791 1223 ἀναστάο

2219 1277 2357 1322 σεως
2386 1269 2481 1313 καὶ
2508 1260 2728 1314 αἰωνίου
2755 1261 2924 1331 ζωῆς,
2954 1261 2988 1331 ἢ
3024 1261 3156 1332 περὶ
3183 1261 3283 1330 τῆς
3313 1259 3472 1329 δόξης
3495 1260 3596 1330 τῆς
3636 1260 3791 1330 βασι-ι

2216 1352 2366 1416 λείας
2398 1351 2506 1405 τῶν
2531 1354 2797 1424 οὐρανῶν,
2836 1353 2930 1407 καὶ¹
2958 1353 3056 1423 τῆς
3083 1353 3325 1424 φοϐερᾶς
3368 1352 3627 1424 κρίσεωςς
3652 1353 3790 1425 Οὐχὶ

2216 1446 2249 1514 ἡ
2270 1445 2432 1515 χάρις
2456 1443 2550 1497 τοῦ
2575 1443 2812 1514 Χριστοῦ
2843 1445 2875 1514 ἡ
2903 1445 3188 1497 ἐνοικοῦσα
3232 1446 3292 1497 ἐν
3319 1444 3433 1509 σοί;
3484 1445 3608 1515 ἥτις
3638 1446 3789 1498 ἐστὶν

2214 1537 2243 1588 ό
2270 1536 2526 1609 ἀρραϐὼν
2564 1536 2657 1590 τοῦ
2692 1536 2849 1605 ἁγίου
2875 1536 3229 1607 Πνεύματοςς
3266 1536 3333 1590 Τί
3366 1536 3552 1607 μεῖζον
3578 1537 3785 1607 ταύτης

2215 1624 2313 1698 τῆς
2359 1629 2614 1700 χάριτος;
2658 1629 2692 1699 ἢ
2742 1629 2794 1681 τί
2833 1628 3084 1700 κρεῖττον
3111 1628 3313 1698 ταύτης
3339 1630 3437 1700 τῆς
3469 1628 3665 1698 σοφίας
3692 1629 3787 1681 καὶ

2215 1721 2310 1790 τῆς
2364 1720 2658 1789 γνώσεως;
2702 1720 2735 1791 ἢ
2774 1720 2826 1772 τί
2874 1719 2981 1773 τῶν
3024 1719 3366 1789 ἐπαγγελιῶν
3417 1719 3785 1792 ύψηλότεροη

2215 1812 2280 1866 Ei
2307 1812 2364 1865 δέ
2398 1813 2568 1882 ἐσμεν
2615 1812 2777 1883 ἀργοὶ
2808 1810 2902 1864 καὶ
2945 1810 3186 1881 ἀμελεῖς.
3217 1809 3309 1864 καὶ
3341 1810 3415 1880 μὴ
3448 1809 3788 1882 καθαίρομεν

2215 1903 2441 1966 ἑαυτοὺς
2474 1901 2581 1955 τῶν
2628 1902 2945 1957 κωλυόντων
2992 1903 3160 1972 ἡμᾶς,
3196 1902 3290 1955 καὶ
3333 1901 3425 1955 τδν
3474 1901 3601 1955 νοῦν
3632 1902 3789 1973 ἡμῶν

2214 1998 2621 2067 ἐκτυφλοῦντων
2656 1997 2861 2062 παθῶν,
2892 1995 3033 2050 ὥστε
3055 1996 3311 2051 δύνασθαι
3340 1996 3434 2051 καὶ
3466 1996 3790 2069 τρανότερον

2215 2089 2369 2161 ἡλίου
2399 2091 2525 2153 τοὺς
2555 2091 2685 2162 περὶ
2706 2087 2914 2142 τούτων
2941 2088 3135 2157 λόγους
3156 2087 3309 2160 όρᾷν,
3346 2087 3572 2149 ἑαυτοὺς
3604 2087 3789 2140 αίτια-

2216 2181 2462 2253 σώμεθα,
2499 2181 2595 2235 καί
2626 2180 2702 2252 μὴ
2726 2180 2825 2251 τὴν
2854 2181 2952 2250 τῆς
2976 2179 3198 2251 χάριτος
3229 2177 3503 2248 ἐνοίκησιν
3535 2175 3790 2249 ἀρνησὼ-

2217 2267 2376 2340 μεθα.

2284 2450 2385 2513 οη’.
2456 2442 2514 2496 '0
2579 2440 3050 2511 ἐπαγγειλάμενός
3111 2458 3191 2493 σοι
3259 2438 3394 2502 Θεὸς
3463 2439 3533 2497 τὰ
3595 2438 3794 2493 αίὼνια

2214 2534 2416 2603 ἀγαθὰ,
2467 2533 2563 2587 καὶ
2609 2534 2701 2586 τὸν
2763 2532 3061 2604 ἀρραϐῶνα
3114 2531 3208 2585 τοῦ
3241 2530 3558 2600 Πνεύματος
3605 2531 3665 2583 ἐν
3719 2533 3793 2601 τῇ

2215 2628 2412 2698 καρδίᾳ
2457 2624 2704 2687 δεδωκὼς
2729 2665 2745 2689 ,
2816 2624 3121 2678 ἐνετείλατό
3169 2641 3250 2677 σοι
3304 2623 3685 2694 ἐπιμελεῖσθαί
3730 2640 3796 2676 σε

2211 2716 2307 2769 τοῦ
2340 2716 2477 2785 βίου,
2518 2715 2606 2770 ἵνα
2662 2717 2689 2769 ὁ
2742 2715 2848 2768 ἔσω
2902 2714 3191 2786 ἄνθρωπος
3231 2713 3340 2768 τῶν
3389 2714 3582 2768 παθῶν
3634 2714 3797 2766 ἐλευ-

2214 2804 2493 2877 θερωθεὶς,
2523 2806 2751 2878 ἄρξηται
2782 2806 3117 2861 ἀπεντεῦθεν
3140 2806 3238 2877 τῆς
3266 2805 3376 2860 τῶν
3400 2805 3627 2874 ἀγαθῶν
3650 2807 3798 2860 ἀπο-

2211 2897 2477 2961 λαύσεως.
3506 2917 3510 2921 ‘

2282 2991 2379 3046 οϐ’.
2425 2992 2549 3046 τῶν
2588 2992 2747 3046 θείων
2776 2992 2871 3047 καὶ
2908 2992 3131 3064 ὑψηλῶν
3179 2990 3542 3057 καταξιωθεὶς
3571 2988 3799 3060 θεωρη-

536 3098 759 3150 compos
810 3081 1060 3145 eﬂ'ectus,
1094 3094 1345 3151 magnam
1375 3078 1648 3135 charitati
1668 3095 1730 3134 ac
1762 3078 2114 3135 continentia:

2220 3085 2405 3155 μάτων
2425 3123 2441 3149 ,
2473 3083 2681 3154 σφόδρα
2728 3083 2991 3155 ἐπιμελοῦ
3023 3083 3249 3153 ἀγάπης
3277 3084 3373 3137 καὶ
3414 3081 3746 3152 ἐγκρατείας
3784 3097 3799 3113 ο

536 3172 875 3243 diligentiam
896 3170 1045 3226 habe
1072 3188 1084 3223 :
1115 3184 1225 3240 quo
1244 3184 1443 3241 nempe
1461 3177 1671 3241 partem
1703 3170 1870 3225 animi
1904 3170 2115 3226 aﬂeeti-

535 3267 638 3319 bus
658 3264 972 3327 obnoxiam,
1010 3263 1461 3334 imperturbatam
1515 3278 1760 3329 servans,
1796 3263 2118 3319 indeliciens

535 3357 704 3411 animi
726 3357 890 3427 jubar
915 3356 1183 3411 obtineas.

607 3445 693 3500 80.
723 3446 1057 3501 lrascentem
1107 3444 1276 3499 animi
1329 3452 1541 3515 partem
1582 3443 1854 3500 charitate
1914 3443 2112 3511 frena;

537 3538 763 3606 ejusque
794 3544 1003 3605 partem
1029 3535 1508 3607 concupiscentem
1541 3536 1893 3592 continentiae
1914 3537 2117 3592 labori.-

534 3624 641 3680 hus
668 3641 921 3680 macera:
977 3626 1087 3680 vim
1140 3635 1325 3681 autem
1386 3625 1616 3681 rationis
1661 3624 1928 3682 orationis
1965 3625 2117 3681 cultu

532 3714 831 3770 sublimem
845 3715 998 3782 leva;
1028 3730 1129 3770 nec
1157 3714 1296 3770 ullas
1323 3729 1563 3785 unquam
1584 3714 1784 3770 mentis
1803 3722 1911 3770 tua:
1930 3715 2117 3770 lumen

532 3806 798 3863 tenebras
830 3805 1097 3861 incurret.

611 3897 699 3953 8i.
735 3896 871 3964 Quae
928 3894 1284 3952 dilectionem
1332 3894 1575 3960 solvunt,
1623 3895 1741 3951 haec
1781 3895 1897 3952 fere
1953 3904 2114 3962 sunt;

539 4005 758 4060 nen‘ipe,
803 3989 1082 4044 detractus
1114 3988 1315 4055 honor,
1342 3986 1528 4042 damni
1580 3986 1718 4043 illati
1759 3987 1976 4061 injuria,
2028 4003 2119 4043 ca-

534 4077 768 4143 lumnia,
801 4076 914 4132 sive
941 4075 998 4131 in
1025 4074 1154 4141 ﬁde,
1186 4075 1301 4133 sive
1323 4075 1380 4130 in
1409 4076 1521 4131 vita
1552 4091 1617 4131 ac
1666 4077 1945 4145 moribus;
1991 4095 2119 4134 ver-

536 4170 693 4231 hera,
726 4167 974 4231 vulnera,
1020 4174 1127 4222 etc.
1176 4167 1355 4237 Atque
1398 4165 1516 4223 haec
1548 4167 1633 4222 vel
1671 4183 1792 4238 qua:
1823 4167 1925 4238 ipsi
1983 4183 2118 4223 eon-

540 4258 893 4331 tingant,vel
926 4273 1049 4329 quae
1093 4256 1335 4313 amnium
1382 4258 1621 4329 cuipiam
1664 4274 1761 4314 seu
1816 4259 2118 4315 amicorum

526 4352 875 4421 'irrogentnr.
902 4350 1005 4417 Qui
1037 4350 1204 4421 igitur
1233 4350 1433 4405 horum
1488 4350 1723 4423 alicujus
1753 4365 1917 4407 causa
1977 4351 2117 4407 dile-

548 4441 786 4495 ctionem
808 4439 1056 4495 solvitac
1080 4440 1426 4506 charitatem,
1479 4441 1525 4497 is
1571 4440 1808 4497 necdum
1862 4441 2115 4511 quisnam
2151 4449 2195 4504 ι)

550 4533 678 4587 ﬁnis
709 4534 781 4589 sit
803 4532 1187 4588 mandatorum
1220 4533 1422 4589 Christi
1449 4534 1724 4606 cognovit.

620 4623 706 4677 89.
762 4621 932 4679 Stude
984 4631 1191 4692 quanta
1240 4620 1470 4678 facultas
1525 4625 1777 4693 quemvis
1832 4624 2117 4680 hominum

543 4714 791 4785 diligere.
832 4713 927 4768 Sin
956 4721 1139 4768 autem
1173 4712 1244 4768 id-
1266 4713 1500 4769 necdum
1534 4723 1792 4785 praestare
1817 4716 1988 4782 vales,
2033 4718 2119 4773 vel

540 4815 692 4862 certe
725 4792 1025 4861 neminem“-
1059 4803 1262 4860 oderis.
1292 4804 1371 4860 Ac
1419 4820 1490 4860 ne
1543 4805 1650 4861 hoc
1699 4806 1923 4877 quidem
1972 4807 2121 4864 vales

547 4908 824 4969 jzrzestare,
857 4896 964 4952 nisi
988 4911 1111 4966 qua:
1128 4904 1258 4952 sunt
1283 4896 1477 4952 mundi
1504 4898 1923 4968 contempseris.

614 4990 701 5045 8'5.
740 4988 864 5044 Tibi
893 4987 1096 5059 aliquis
1126 4987 1449 5043 maledixit?
1472 4988 1550 5043 Ne
1604 4988 1754 5043 illum
1784 4988 1990 5056 oderis,
2022 4990 2118 5045 sed

544 5082 693 5153 quod
728 5082 784 5137 in
818 5090 870 5137 te
914 5082 1176 5153 iactatum
1203 5090 1289 5137 est
1352 5080 1726 5146 maledictum,
1764 5083 1991 5153 ejusque
2040 5084 2120 5153 ja-

544 5173 731 5230 ctandi
760 5180 1065 5232 auctorem.
1101 5171 1406 5228 diabolum.
1438 5171 1532 5227 Sin
1563 5180 1746 5226 autem
1783 5173 1960 5243 ipsum
1986 5175 2118 5229 ode-

544 5266 642 5331 ris,
676 5265 771 5335 qui
808 5264 1112 5330 maledixit,
1135 5263 1417 5327 hominem
1439 5263 1890 5336 odisti,-reusque
1914 5283 1974 5320 es
2000 5266 2113 5321 vio-

544 5355 636 5409 lati
670 5353 958 5410 mandati:
991 5368 1055 5411 ac
1111 5355 1258 5426 quod
1310 5355 1403 5411 ille
1462 5354 1592 5410 fecit
1645 5355 1837 5420 verbo,
1890 5364 1945 5410 tu
1987 5356 2122 5412 facis

539 5460 732 5518 upere.
758 5444 854 5502 Sin
879 5455 1066 5503 autem
1096 5462 1283 5503 servas
1303 5446 1642 5511 mandatum,
1668 5463 1788 5518 quae
1810 5446 2121 5504 dilectionis

543 5545 692 5605 sunt,
722 5538 946 5602 exhibe,
974 5553 1038 5594 ac
1070 5538 1117 5593 si
1150 5539 1283 5608 quid
1316 5554 1414 5608 per
1449 5538 1766 5595 facultatem
1799 5539 1951 5605 licet,
1978 5540 2119 5595 ferto

546 5635 728 5696 opera,
754 5636 816 5682 ut
844 5643 874 5682 a
901 5629 1047 5683 malo
1069 5629 1293 5684 liberes.

620 5719 709 5770 8.5.
741 5717 861 5772 Non
901 5719 1017 5772 vult
1039 5719 1312 5785 Christus,
1372 5728 1431 5773 ut
1492 5719 1753 5776 adversus
1808 5723 2119 5793 quempiam

2217 3175 2306 3229 ἵνα
2336 3174 2397 3228 τὸ
2437 3171 2741 3246 παθητικὸν
2789 3174 3066 3246 ἀτάραχον
3094 3174 3472 3243 διαφυλάττων
3496 3212 3511 3239 ,
3540 3172 3801 3227 ἀνέκλει-

2216 3286 2348 3321 πτον
2377 3266 2507 3339 ἒξῃς
2534 3260 2595 3320 τὸ
2622 3267 2722 3337 τῆς
2748 3266 2926 3337 ψυχῆς
2959 3266 3181 3335 φέγγος.

2287 3456 2361 3503 π’.
2399 3448 2474 3502 Τὸ
2520 3447 2751 3519 θυμικὸν
2798 3447 2897 3519 τῆς
2946 3446 3159 3517 ψυχῆς,
3214 3444 3403 3515 ἀγάπη
3443 3443 3750 3515 χαλίνωσον
3781 3460 3797 3473 ·

2216 3541 2312 3595 καὶ
2335 3540 2396 3593 τὸ
2417 3540 2575 3592 ἐπιθυ
2584 3537 2815 3610 μητικρν
2838 3538 3008 3608 αὐτῆς
3057 3536 3354 3608 ἐγκρατείᾳ
3376 3534 3800 3605 καταμάρανον·

2218 3634 2312 3687 καὶ¹
2344 3633 2405 3687 τὸ
2447 3632 2665 3701 λογικὸν
2700 3632 2871 3702 αὐτῆς
2911 3631 3188 3703 προσευχῇ
3243 3629 3528 3701 πτέρωσω
3551 3644 3567 3661 ·
3611 3626 3707 3683 καὶ
3737 3628 3805 3682 to

2219 3725 2334 3797 φῶς
2363 3723 2458 3778 τοῦ
2487 3724 2580 3778 νοῦ
2605 3724 2707 3778 οὐκ
2735 3722 3083 3794 ἀμαυροῦται
3115 3738 3270 3776 ποτε.

2290 3902 2404 3961 πα’.
2458 3903 2540 3957 Τά
2567 3903 2667 3976 τὴν
2714 3903 2938 3975 ἀγάπην
2988 3901 3208 3967 λύοντα,
3245 3903 3356 3957 eiul.
3402 3900 3615 3957 ταῦτα·
3651 3894 3797 3967 οἷον,

2219 3998 2431 4069 ἀτιμία.
2464 3996 2660 4067 ζημία,
2694 3995 3051 4065 συκοφαντία,
3080 3994 3114 4066 ἢ
3146 3995 3228 4058 είς
3251 3994 3457 4057 πίστιν,
3481 3994 3513 4064 ἢ
3541 3995 3621 4057 είς
3652 3993 3799 4063 βίον·

2219 4088 2420 4160 δαρμοὶ
2447 4130 2461 4153 ,
2511 4087 2761 4158 πληγαὶ,
2809 4087 2906 4140 καὶ
2940 4085 3008 4139 τὰ
3041 4087 3169 4156 ἑξῆς
3191 4104 3206 4117 ·
3242 4087 3340 4140 καὶ
3367 4086 3543 4142 ταῦτα
3571 4087 3605 4158 ἢ
3641 4088 3803 4159 αὐτῷ

2222 4180 2604 4251 συμϐαίνοντα,
2638 4180 2671 4249 ἦ
2705 4197 2813 4232 τινι
2852 4179 2959 4232 τῶν
2992 4177 3157 4232 αὐτοῦ
3204 4178 3489 4248 συγγενῶν
3518 4180 3552 4250 ἢ
3601 4179 3801 4249 φίλων.

2234 4272 2292 4325 '0
2317 4267 2411 4325 οὖν
2436 4271 2526 4325 διά
2558 4289 2609 4325 τι
2644 4270 2850 4324 τούτων
2883 4270 3023 4325 λύων
3049 4270 3149 4342 τὴν
3180 4270 3426 4340 ἀγάπην,
3469 4270 3625 4324 οῦπω
3650 4270 3803 4340 ἔγνω

2220 4368 2305 4430 τίς
2332 4369 2360 4421 ό
2388 4366 2587 4430 σκοπὸς
2620 4366 2730 4420 τῶν
2756 4364 2858 4418 τοῦ
2887 4362 3125 4436 Χριστοῦ
3153 4362 3406 4419 ἐντολῶν.

2293 4623 2404 4696 πβ’.
2456 4625 2766 4680 Σπούδασον
2817 4625 2943 4681 ὅσον
2993 4625 3218 4683 δύνασαι
3276 4626 3471 4681 πάντα
3505 4626 3798 4697 ἄνθρωπον

2222 4718 2529 4787 ἀγαπῆσαί.
2561 4716 2625 4771 El
2671 4717 2730 4771 δὲ
2759 4716 3101 4772 τοῦτοόὕπω
3138 4717 3367 4772 δύνασαι
3389 4759 3405 4782 ,
3442 4717 3548 4772 κᾶν
3589 4720 3798 4791 μηδένα

2224 4810 2481 4880 μισήσῃς.
2517 4809 2594 4862 Οὐ
2642 4808 2870 4864 δύνασαι
2917 4808 2974 4862 δὲ
3003 4810 3125 4863 οὐδὲ
3152 4808 3308 4864 τοῦτο
3339 4809 3603 4880 ποιῆσαι,
3641 4810 3691 4865 εί
3720 4810 3793 4880 μὴ

2219 4903 2330 4956 τῶν
2352 4902 2447 4956 τοῦ
2480 4902 2688 4974 κόσμου
2719 4902 3064 4975 πραγμάτων
3088 4904 3533 4976 καταφρονήσῃς.

2294 4998 2406 5063 πγν.
2452 4991 2511 5047 Ὀ
2535 4993 2684 5047 δεῖνα
2712 4992 3107 5064 ἐϐλασφήμησε
3130 5009 3144 5022 ·
3191 4991 3265 5064 μὴ
3296 4993 3538 5065 μισήσῃς
3568 4992 3790 5052 ἐκεῖνον,

2225 5080 2361 5135 ἀλλά
2389 5080 2487 5154 τὴν
2528 5080 2902 5153 βλασφημίαν,
2935 5081 3031 5137 καὶ
3067 5080 3159 5137 τὸν
3190 5080 3585 5153 βλασφημῆσαι
3624 5096 3791 5149 παρα·

2227 5172 2577 5227 σκευάσαντα
2622 5172 2876 5244 δαίμονα.
2940 5173 3005 5226 Ei
3061 5172 3116 5226 δὲ
3178 5173 3269 5226 τὸν
3323 5169 3785 5243 βλασφημήσαντα

2228 5269 2428 5336 μισεῖς,
2458 5267 2747 5339 ἄνθρωπον
2796 5268 3089 5339 ἐμίσησας,
3121 5269 3217 5322 καὶ
3248 5267 3349 5337 τὴν
3394 5267 3611 5338 ἐντολὴν
3642 5279 3782 5331 παρ-

2227 5356 2358 5429 έβηλς
2384 5374 2401 5390 ·
2429 5360 2525 5412 καὶ
2548 5360 2689 5430 ὅπερ
2716 5359 2925 5423 ἐκεῖνος
2958 5359 3035 5429 τῷ
3059 5358 3205 5429 λόγῳ
3237 5357 3483 5430 ἐποίησε,
3517 5356 3673 5425 ποιεῖς
3715 5353 3785 5405 σὺ

2225 5448 2306 5520 τῷ
2355 5447 2521 5521 ἔργῳ.
2576 5449 2637 5503 Et
2688 5449 2747 5503 δὲ
2795 5449 2894 5521 τὴν
2947 5449 3165 5521 ἐντολὴν
3216 5449 3541 5519 φυλάττεις,
3584 5445 3651 5499 τὰ
3688 5446 3796 5513 τῆς

2226 5540 2449 5611 ἀγάπης
2474 5539 2736 5606 ἐπίδειξαι
2757 5557 2771 5573 ·
2799 5542 2895 5595 καὶ
2933 5543 2986 5595 εί
3015 5559 3067 5595 τι
3097 5542 3348 5607 δύνασαι,
3385 5540 3674 5613 βοήθησον,
3710 5534 3812 5592 ἶνα

2224 5631 2320 5685 τοῦ
2352 5632 2526 5686 κακοῦ
2555 5634 2717 5687 αὐτὸν
2755 5634 3090 5706 ἀπαλλάξῃς.

2302 5722 2404 5780 τπδ’.
2436 5726 2509 5780 Οὐ
2544 5726 2687 5780 θέλει
2727 5744 2784 5780 σε
2811 5728 2839 5781 ό
2873 5728 3105 5799 Χριστὸς
3155 5729 3311 5797 μῖσος
3352 5726 3498 5796 ἔχειν
3527 5723 3665 5797 πρὸς
3710 5723 3816 5777 άν-
