4128 6210
438 347 574 413 1069

1316 343 1652 405 CAPITUM
1696 341 1792 404 DE
1832 339 2266 401 CHARITATE
2300 341 2688 405 CENTURIA
2729 344 2827 404 IV.

3557 342 3691 407 1070

432 462 674 532 θρωπον,
710 456 744 527 ἢ
774 455 951 526 λύπην
985 455 1212 528 ἣόργὴν
1247 455 1279 526 ἢ
1315 454 1686 525 μνησικακίαν
1719 452 2004 507 τοσύνολον

2116 451 2399 508 hominum
2432 456 2619 510 odium
2647 456 2871 519 habeas,
2893 453 3058 525 456
3085 463 3179 508 aut
3203 453 3334 524 aegri
3369 453 3538 508 animi
3565 469 3692 508 sen-

431 549 554 604 καθ⁹
605 547 1185 620 οίονδήποτεστρόπον,
1236 546 1269 616 ἢ
1318 546 1386 599 δι’
1421 546 1736 616 οίονδήποτε
1774 545 2008 613 πρᾶγμα

432 641 789 713 πρόσκαιρον.
844 641 953 694 Καὶ
985 640 1143 693 τοῦτο
1192 639 1368 709 πάντη
1425 637 1592 708 βοῶσι
1647 635 1720 690 τὰ
1764 636 2008 706 τέσσαρα

435 733 762 803 Εὑαγγέλια.

510 922 613 970 πε’.
641 912 834 968 Πολλοί
863 916 1033 984 ἐσμεν
1059 914 1110 968 οἱ
1143 911 1415 980 λέγοντες,
1439 911 1610 979 ὀλίγοι
1639 910 1694 963 δὲ
1723 910 1772 962 οἱ
1797 907 2012 960 ποιοῦν-

434 1027 544 1073 τες.
589 1007 729 1060 Ἀλλ’
776 1004 869 1059 οὖν
911 1006 1003 1059 τὸν
1038 1005 1196 1072 λόγον
1242 1004 1339 1057 τοῦ
1400 1001 1536 1055 Θεοῦ
1582 1001 1758 1063 οὐδεὶς
1809 998 2009 1068 ὤφειλε

435 1101 674 1156 νοθεύειν
704 1099 792 1152 διὰ
817 1099 914 1168 τὴν
951 1097 1087 1150 ἰδίαν
1116 1095 1380 1166 ἀμέλειαν
1401 1111 1416 1125 ο
1457 1093 1574 1149 ἀλλ’
1600 1091 1883 1163 ὁμολογεῖν
1912 1090 2010 1160 μὲν

434 1192 536 1261 τὴν
575 1187 772 1244 ἐαυτοῦ
819 1188 1126 1250 ἀσθένειαν,
1180 1186 1255 1256 μὴ
1289 1182 1665 1254 ἀποκρύπτειν
1692 1181 1748 1234 δέ
1783 1180 1882 1250 τὴν
1916 1179 2008 1232 τοῦ

435 1282 574 1336 Θεοῦ
611 1280 906 1351 ἀλήθειαν·
960 1280 1048 1331 ἵνα
1107 1277 1182 1346 μὴ
1213 1276 1457 1328 ὑπόδικοι
1505 1272 1818 1343 γενώμεθα.
1871 1270 2011 1342 μετὰ

433 1373 532 1443 τῆς
556 1371 664 1424 τῶν
693 1370 925 1424 ἐντολῶν
955 1368 1341 1440 παραϐάσεως,
1375 1368 1467 1420 καὶ
1489 1367 1586 1436 τῆς
1609 1363 1704 1416 τοῦ
1730 1363 1890 1431 λόγου
1916 1361 2010 1414 τοῦ

434 1463 569 1517 Θεοῦ
601 1479 742 1534 παρε
752 1462 1055 1531 ξηγήσεωςο

506 1636 627 1704 σις’.
673 1637 887 1707 ’Λγάπη
932 1638 1026 1690 καὶ
1051 1635 1390 1704 ἐγκράτεια,
1446 1630 1637 1684 παθῶν
1689 1630 1788 1700 τὴν
1832 1627 2010 1698 ψυχὴν

437 1729 850 1801 ἐλευθεροῦσινο
893 1729 1200 1795 ἀνάγνωσις
1244 1727 1337 1778 καὶ
1371 1724 1574 1794 Θεωρία
1600 1761 1614 1786 ,
1645 1722 1869 1791 ἀγνοίας
1919 1721 2010 1772 τὸν

2115 560 2259 610 sum,
2287 557 2380 602 aut
2410 548 2567 612 iram,
2597 548 2828 603 ullamve
2851 547 3045 617 quovis
3063 546 3287 600 omnino
3311 546 3493 610 modo,
3520 546 3604 600 vel
3628 548 3695 600 ob

2116 637 2280 692 ullam
2313 654 2542 708 prorsus
2576 655 2692 694 rem
2726 647 3162 708 temporaneam,
3224 644 3411 691 teneas
3463 637 3691 706 injuria-

2118 745 2237 783 rum
2265 730 2608 785 memoriam.
2642 731 2822 800 Atque
2864 729 2969 783 hoc
2997 727 3224 782 omnino
3245 735 3482 796 quatuor
3513 721 3688 781 Evan-

2117 822 2258 892 gelia
2292 824 2550 876 clamant.

2187 915 2274 970 85.
2309 915 2464 970 Multi
2509 930 2700 976 sumus
2729 916 2822 985 qui
2875 915 3143 982 dicamus,
3191 914 3352 983 pauci
3392 913 3487 984 qui
3532 912 3698 976 facie-

2118 1022 2261 1059 mus.
2299 1007 2471 1061 Nemo
2529 1014 2733 1070 tamen,
2782 1007 2926 1076 quod
2963 1007 3078 1078 ipse
3107 1006 3391 1076 negligens
3440 1005 3696 1073 inersque

2117 1107 2225 1160 est,
2251 1099 2349 1152 Dei
2381 1100 2612 1155 verbum
2639 1101 2803 1154 debet
2824 1101 3137 1154 adulterare
3168 1117 3181 1153 :
3244 1099 3339 1153 sed
3389 1114 3542 1152 suam
3577 1096 3698 1166 qni-

2117 1188 2242 1242 dem
2276 1190 2435 1244 fateri
2461 1191 2860 1247 inﬁrmitatem.
2886 1207 2987 1245 nec
3020 1201 3201 1245 tamen
3255 1197 3547 1260 propterea
3601 1187 3696 1240 Dei

2118 1282 2299 1337 celare
2333 1284 2650 1348 veritatem;
2679 1300 2748 1337 ne
2785 1284 3021 1354 duplicis
3048 1283 3299 1337 criminis
3331 1282 3407 1337 rei
3453 1280 3700 1357 invenia-

2121 1391 2268 1439 mur,
2318 1375 2466 1444 quod
2507 1391 2616 1428 non
2671 1375 2847 1428 solum
2889 1375 3144 1427 mandata
3207 1375 3693 1444 transgrediamur,

2120 1481 2309 1520 verum
2337 1467 2501 1521 etiam
2526 1467 2622 1521 Dei
2653 1467 2884 1520 verbum
2907 1483 2968 1520 ac
2993 1467 3329 1536 Scripturam
3362 1469 3501 1522 male
3529 1468 3699 1524 inter-

2119 1566 2418 1624 pretetnur.

2190 1644 2276 1698 86.
2308 1645 2536 1699 Dilectio
2559 1653 2614 1699 et
2649 1645 2990 1700 continentia
3021 1646 3256 1699 animam
3291 1647 3360 1700 ab
3406 1647 3698 1702 all‘ectibns

2120 1741 2284 1803 atque
2308 1733 2459 1787 vitiis
2483 1734 2720 1788 liberant
2753 1751 2765 1786 :
2801 1734 2964 1788 lectio
2985 1741 3165 1787 autem
3198 1743 3254 1787 et
3285 1737 3693 1805 contemplatio,

436 1821 561 1876 νοῦν
609 1818 1042 1874 ἀπαλλάττουσιν
1067 1834 1081 1848 ο
1118 1817 1151 1885 ὴ
1185 1816 1242 1868 δὲ
1270 1815 1367 1884 τῆς
1400 1812 1708 1882 προσευχῆς
1738 1811 2014 1863 κατάστα-

2117 1833 2356 1880 mentem
2407 1826 2476 1880 ab
2505 1825 2813 1895 ignorantia
2848 1825 3122 1889 eximunt;
3157 1835 3214 1879 at
3260 1841 3380 1880 eam
3433 1828 3700 1882 orationis

439 1928 522 1974 σις
547 1912 642 1980 (υ),
673 1909 820 1978 αὐτῷ
850 1907 1182 1977 παρίστησιν
1212 1904 1376 1959 αὑτὸν
1407 1903 1488 1973 τῷ
1517 1902 1657 1972 Θεῷ.

507 1999 616 2066 πζξ
645 2002 816 2054 Ὅταν
846 1999 1033 2052 ῐδωσιν
1067 1998 1212 2068 ἡμᾶς
1243 1997 1292 2049 oi
1333 1996 1588 2066 δαίμονες
1615 1994 1722 2048 τῶν
1753 1991 2013 2065 πραγμά-

436 2111 544 2148 των
573 2092 667 2145 τοῦ
717 2091 924 2160 κόσμου
978 2085 1455 2157 καταφρονοῦντας
1480 2083 1634 2153 (48),
1688 2083 1774 2136 ἵνα
1822 2084 1896 2152 μὴ
1945 2079 2012 2133 δι’

437 2186 578 2238 αὐτὰ
622 2182 748 2244 τοὺς
792 2179 1116 2251 ἀνθρώπους
1169 2178 1494 2247 μισήσωμεν
1525 2175 1746 2243 καὶτῆς
1791 2175 2013 2241 ἀγάπης

439 2276 782 2342 ἐκπέσωμεν,
807 2271 928 2324 τότε
961 2268 1327 2338 συκοφαντίας
1353 2265 1474 2318 καθ’
1501 2268 1532 2335 η
1543 2265 1657 2332 μῶν
1687 2262 2009 2333 ἐγείρουσιν,

439 2367 524 2418 ῐνα
557 2365 653 2431 τὴν
683 2362 862 2431 λύπην
903 2359 978 2430 μὴ
1011 2358 1268 2429 φέροντες
1291 2399 1304 2422 ,
1337 2356 1463 2420 τοὺς
1498 2356 2014 2422 συκοφαντήσαντας

442 2458 783 2526 μισήσωμεν.

510 2545 623 2616 πη’.
658 2546 775 2598 Οὐκ
805 2544 922 2597 ἔστι
966 2543 1127 2608 πόνος
1171 2542 1348 2612 ψυχῆς
1402 2539 1704 2611 βαρύτερος
1740 2554 2012 2605 συκοφανο

437 2639 554 2698 τίσις
587 2636 732 2706 (49),
765 2637 865 2690 κᾶν
907 2652 966 2688 τε
1016 2636 1094 2696 είς
1130 2637 1312 2686 πίστιν
1339 2671 1354 2696 ,
1401 2631 1502 2686 κάν
1552 2648 1612 2682 τε
1654 2632 1734 2692 είς
1768 2628 1882 2699 βίον
1929 2644 2013 2689 τις

421 2729 860 2796 -συκοφαντεῖται
883 2745 898 2759 υ
947 2727 1044 2778 καὶ
1078 2725 1256 2787 οὐδεὶς
1286 2723 1494 2792 ταύτης
1524 2723 1888 2791 καταφρονεῖν
1921 2715 2010 2771 δύ’-

439 2838 614 2876 ναται.
649 2821 696 2871 εἰ
730 2820 806 2888 μὴ
841 2818 996 2888 μόνος
1022 2818 1050 2870 ὁ
1080 2818 1157 2879 είς
1199 2815 1330 2866 Θεὸν
1373 2813 1816 2884 άποΰλεπόμενος
1869 2812 1944 2873 ὡς
1980 2812 2012 2881 ἡ

438 2911 719 2972 Σωσάννα,
765 2911 858 2964 τὸν
886 2911 1046 2980 μόνον
1088 2908 1391 2976 δυνάμενον
1420 2906 1512 2958 καὶ
1549 2904 1608 2969 ἐξ
1640 2902 1893 2973 ἀναγκῶν
1923 2902 2015 2973 ρύ-

441 3003 639 3056 σασθαι
668 3001 860 3070 ὥσπερ
893 2999 1177 3069 κάκείνην,
1218 2998 1316 3052 καὶ
1359 2998 1485 3060 τοὺς
1515 2994 1837 3066 ἀνθρώπους
1873 2993 2014 3064 πλη-

2114 1926 2289 1972 status
2315 1917 2418 1986 ipsi
2443 1918 2553 1971 Deo
2581 1917 2749 1971 sistit.

2181 2008 2268 2062 87.
2302 2007 2440 2061 Cum
2502 2023 2604 2063 nos
2656 2008 2899 2064 viderint
2949 2008 3229 2064 daemones
3281 2025 3345 2071 ea
3393 2025 3513 2080 quae
3569 2017 3699 2065 sunt

2114 2099 2305 2154 mundi
2331 2114 2618 2167 spernere,
2651 2115 2722 2156 ne
2755 2100 2974 2154 illorum
3010 2116 3174 2155 causa
3217 2102 3533 2171 quempiam
3563 2102 3697 2156 ode-

2115 2187 2289 2242 rimus
2322 2205 2385 2242 ac
2417 2189 2704 2243 charitatis
2731 2189 3000 2259 iacturam
3063 2190 3327 2245 faciamus
3355 2209 3367 2243 :
3411 2199 3543 2246 tunc
3602 2209 3697 2246 ca-

2113 2279 2352 2333 lumnias
2379 2279 2434 2332 in
2454 2295 2553 2334 nos
2582 2280 2844 2342 excitant,
2871 2290 2950 2343 ut,
2975 2281 3104 2349 aegri
3131 2281 3299 2335 animi
3320 2281 3566 2336 dolorem
3587 2296 3698 2336 non

2113 2369 2376 2436 ferentes,
2404 2386 2596 2425 earum
2621 2370 2784 2425 nobis
2817 2380 3120 2427 structores
3142 2372 3444 2426 oderimus.

2183 2544 2269 2598 88.
2291 2544 2485 2600 Nullus
2514 2545 2710 2600 animm
2740 2545 2957 2616 gravior
2981 2545 3157 2616 labor,
3179 2561 3344 2616 quam
3383 2545 3694 2612 calumniae,

2115 2635 2230 2689 sive
2262 2635 2380 2690 haec
2404 2636 2564 2691 ﬁdem
2599 2643 2770 2706 petat,
2820 2637 2933 2692 sive
2967 2638 3136 2692 vitam
3186 2653 3476 2708 moresque
3520 2639 3697 2709 respi-

2115 2726 2256 2791 ciat;
2295 2743 2397 2782 nec
2442 2728 2732 2798 quisquam
2779 2729 3182 2784 contemnendo
3225 2730 3315 2794 sit,
3365 2731 3471 2784 nisi
3521 2730 3696 2784 solum

2114 2819 2209 2888 qui
2247 2820 2420 2874 instar
2444 2819 2707 2876 Susanna)
2741 2821 2794 2874 in
2825 2821 2993 2875 Deum
3019 2822 3248 2891 aspiciat
3279 2823 3351 2887 '9;
3392 2821 3486 2890 qui
3525 2821 3694 2888 solus,

2116 2910 2269 2964 velut
2316 2911 2486 2975 illam,
2533 2926 2563 2963 a
2617 2909 3044 2966 necessitatibus
3088 2919 3269 2980 potest
3310 2911 3576 2980 liberare;
3634 2927 3699 2966 ac

2105 2993 2337 3050 ἐίουιίιι
2357 2996 2468 3061 illa,
2502 2997 2706 3050 malum
2759 3013 2961 3053 nomen
3011 2999 3308 3070 depellere,
3361 3008 3527 3070 atque
3579 3001 3700 3056 ani-

441 3096 764 3167 ροφορῆσαι,
796 3093 870 3156 ὼς
915 3093 1009 3147 καὶ
1037 3091 1165 3162 περὶ
1197 3090 1409 3160 ἐκείνης
1434 3104 1448 3119 ⁶
1484 3088 1578 3141 καὶ
1607 3086 1704 3157 τὴν
1736 3085 1915 3157 ψυχὴν
1944 3087 2012 3156 τῇ

2117 3101 2266 3139 mum
2297 3086 2413 3156 spei
2443 3087 2640 3142 solatio
2676 3087 2882 3149 levare.

439 3186 610 3239 ἐλπίδι
644 3181 1168 3254 παραμυθήσασθαι.

512 3279 620 3333 πθ¹.
651 3278 816 3331 Ὅσον
840 3274 977 3347 εύχη
1003 3277 1069 3328 ἐκ
1096 3276 1195 3344 τῆς
1234 3273 1414 3344 ψυχῆς
1444 3271 1583 3342 ὑπὲρ
1611 3271 1706 3326 τοῦ
1744 3287 2016 3339 συκοφαν-
2099 3333 2104 3336 _

439 3373 740 3442 τήσαντος,
786 3367 1039 3421 τοσοῦτον
1093 3366 1188 3420 καὶ
1233 3366 1262 3418 ό
1311 3365 1446 3429 Θεὸς
1495 3364 1838 3436 πληροφορεῖ
1887 3362 2016 3426 τοὺς

442 3460 947 3523 σκανδαλισθέντας.

511 3642 583 3706 Lf.
623 3637 786 3690 Φύσει
829 3635 1034 3705 ἀγαθὸς
1075 3636 1234 3706 μόνος
1263 3637 1291 3688 ό
1322 3635 1456 3699 Θεός
1480 3653 1494 3666 ·
1534 3637 1628 3690 καὶ
1655 3635 1850 3707 γνώμῃ
1882 3637 2020 3704 ἀγα-

440 3729 552 3795 θὸς,
583 3730 742 3800 μόνος
772 3732 801 3784 ὁ
827 3729 1182 3800 θεομίμητος.
1228 3728 1436 3791 Σκοπὸς
1461 3728 1572 3799 γάρ
1599 3728 1746 3799 αὑτῷ
1775 3731 1913 3793 ἐστι,
1938 3727 2017 3798 τῷ

441 3821 600 3891 φύσει
633 3819 822 3891 ἀγαθῷ
852 3821 978 3883 τοὺς
1017 3821 1290 3891 πονηροὺς
1333 3820 1588 3890 συνάψαι,
1629 3820 1716 3874 ἵνα
1750 3820 2016 3886 γένωνται

441 3913 656 3982 ἀγαθοί.
707 3913 806 3966 Διά
848 3912 1005 3966 τοῦτο
1050 3913 1141 3965 ὑπ’
1213 3911 1394 3967 αὐτῶν
1443 3910 1855 3982 λοιδορούμενος
1922 3914 2017 3965 εὑ-

442 4006 596 4075 λογῇ·
627 4006 952 4075 διωκόμενος
1005 4005 1276 4075 ἀνέχεται·
1336 4003 1823 4074 βλασφημούμενος
1847 4021 2019 4076 παρα-

443 4098 636 4150 καλεί⁶
719 4096 1076 4166 φονευόμενος
1161 4093 1547 4166 ὑπερεύχεται.
1606 4094 1792 4148 Πάντα
1852 4097 2014 4157 ποιεῖ,

442 4189 528 4242 ἵνα
553 4189 646 4242 τοῦ
681 4188 885 4241 σκοποῦ
913 4190 1012 4258 τῆς
1047 4187 1272 4258 ἀγάπης
1302 4186 1378 4258 μὴ
1404 4187 1640 4260 ἐκπέσῃ.

513 4361 620 4428 ιμ’.
648 4361 713 4414 Ai
745 4360 843 4431 μὲν
873 4359 1083 4414 ἐντολαὶ
1110 4359 1202 4413 τοῦ
1233 4359 1464 4429 Κυρίου,
1497 4359 1838 4414 διδάσκουσιν
1871 4363 2015 4432 ἡμᾶς

2190 3264 2277 3319 89.
2307 3262 2580 3330 Quantum
2611 3279 2677 3317 ex
2699 3263 2882 3318 animo
2910 3278 3008 3340 pro
3043 3279 3110 3320 eo
3134 3280 3280 3330 oras,
3309 3282 3339 3320 a
3367 3281 3475 3337 quo
3504 3282 3696 3338 asper-

2119 3371 2213 3412 sus
2242 3355 2513 3411 calumnia
2541 3369 2621 3420 es,
2651 3362 2859 3408 tantum
2887 3355 3034 3409 Deus
3074 3356 3218 3426 apud
3254 3356 3375 3412 illos
3409 3357 3694 3429 abstergit,

2119 3463 2260 3519 quos
2313 3447 2408 3502 illa
2465 3446 2797 3514 oll‘enderat,
2858 3449 3108 3520 laesaeque
3160 3449 3318 3504 [idem
3370 3449 3698 3509 innocentiae

2123 3541 2275 3595 facit.

2191 3635 2278 3688 90.
2312 3631 2475 3688 Solus
2504 3633 2650 3687 Deus
2682 3639 2877 3686 natura
2901 3631 3079 3696 bonus
3105 3642 3188 3687 est
3223 3651 3235 3686 :
3268 3633 3548 3689 voluntate
3599 3650 3697 3690 au-

2120 3736 2230 3782 tem
2258 3726 2538 3796 animique
2571 3725 2844 3780 sententia
2882 3725 3032 3779 solus
3065 3724 3242 3778 bonus
3267 3734 3372 3791 est,
3399 3727 3492 3795 qui
3524 3724 3696 3780 Deum

2117 3819 2387 3887 imitatur.
2426 3818 2486 3873 1d
2518 3820 2664 3873 enim
2693 3817 2919 3872 omnino
2974 3817 3190 3887 satagit,
3225 3828 3285 3872 ut
3332 3818 3404 3882 ei,
3458 3817 3553 3887 qui
3597 3834 3695 3872 na—

2085 3921 2242 3980 tura
2273 3912 2452 3968 bonus
2493 3913 2584 3976 sit,
2629 3912 2803 3967 malos
2853 3913 3166 3983 coniungat,
3217 3927 3327 3982 quo
3379 3919 3435 3967 et
3486 3912 3524 3966 ii
3566 3913 3694 3967 boni

2118 4004 2270 4058 ﬁant.
2295 4004 2502 4069 Idcirco
2529 4005 2636 4058 illis
2665 4004 3120 4059 maledicentibus
3164 4004 3476 4070 benedicit;
3510 4020 3697 4074 perse-

2118 4096 2416 4166 quentibus
2495 4096 2766 4161 sustinet;
2820 4095 3351 4164 blaSphemantibus,
3405 4096 3691 4160 obsecrat;

2118 4187 2496 4250 enecantibus,
2550 4196 2805 4255 precatur
2834 4188 2898 4239 ³ο.
2931 4184 3125 4240 Omnia
3155 4186 3394 4257 denique
3452 4187 3604 4253 facit,
3636 4196 3695 4242 ut

2120 4276 2187 4329 ab
2215 4288 2384 4344 sc0po
2407 4272 2720 4328 dilectionis
2750 4288 2859 4327 non
2883 4272 3119 4328 excidat.

2189 4366 2276 4421 9i.
2331 4367 2605 4434 Praecepta
2673 4363 2953 4419 Dominica
3020 4365 3108 4419 his
3168 4380 3292 4433 quae
3350 4373 3478 4418 sunt
3528 4366 3695 4421 medii

441 4455 553 4516 τοῖς
613 4455 799 4525 μέσοις
848 4455 1084 4524 εὐλόγως
1137 4459 1447 4528 χρήσασθαι
1495 4461 1824 4530 πράγμασι·
1886 4464 1918 4530 ὴ
1953 4461 2010 4514 δὲ

2116 4457 2329 4512 ordinis
2352 4455 2554 4509 docent
2577 4454 2971 4509 convenienter
2999 4470 3067 4508 ex
3107 4454 3317 4509 ratione
3348 4455 3459 4508 uti:
3497 4472 3696 4510 convc-

442 4543 658 4612 εὔλογος
687 4546 796 4598 τῶν
824 4546 1006 4616 μέσων
1042 4549 1256 4620 χρῆσις,
1290 4549 1388 4620 τὴν
1427 4551 1526 4620 τῆς
1557 4551 1734 4621 ψυχῆς
1759 4552 2013 4619 καθαίρει

441 4637 810 4690 κατάστασινο
854 4639 886 4709 ή
931 4638 988 4691 δέ
1023 4640 1241 4713 καθαρά
1288 4642 1642 4706 κατάστασις,
1694 4644 1872 4698 τίκτει
1915 4647 2014 4715 τὴν

438 4728 713 4800 διάκρισιν
741 4745 753 4758 '
785 4733 818 4801 ἡ
844 4731 902 4784 δέ
929 4730 1228 4802 διάκρισις,
1276 4737 1452 4788 τίκτει
1495 4735 1592 4806 τὴν
1619 4735 1890 4793 ἀπάθειαν
1911 4780 1925 4804 ,
1957 4739 2017 4803 ἐξ

438 4816 506 4893 ἦς
537 4823 781 4876 τίκτεται
809 4826 840 4894 ὴ
869 4825 1049 4879 τελεία
1073 4827 1283 4898 ἀγάπη.
2001 4814 2006 4820 ’

512 4989 617 5057 Li?“-
654 4989 820 5042 Οὔπω
873 4991 987 5061 ἔχει
1037 4992 1135 5062 τὴν
1190 4993 1460 5046 ἀπάθειαν
1488 5034 1500 5053 ,
1533 4997 1559 5048 ὁ
1592 4996 1678 5050 διὰ
1740 4997 2010 5067 σύμδαπν

443 5079 783 5149 πειρασμοῦ,
836 5081 897 5132 τὸ
951 5083 1238 5152 ἐλάττωμα
1294 5084 1384 5136 τοῦ
1430 5085 1583 5152 φίλου
1637 5089 2012 5156 παραϐλέπειν

445 5166 519 5235 μὴ
555 5166 882 5236 δυνάμενος,
918 5168 949 5239 ἢ
988 5167 1047 5220 ὃν
1094 5169 1274 5238 τυχὸν,
1321 5169 1353 5240 ἢ
1389 5170 1444 5222 δὲ
1495 5167 1636 5224 εἶναι
1685 5173 1892 5231 δοκοῦν.
1929 5180 2010 5232 Τά

1204 5305 1246 5338 ²⁰
1271 5307 1290 5359 l
1315 5303 1442 5359 Cor.
1471 5322 1542 5369 tv,
1573 5307 1658 5360 12.

512 5418 584 5489 (υ)
625 5419 687 5489 Ἠ
706 5417 773 5470 δὲ
803 5417 910 5489 τῆς
940 5419 1286 5488 προσευχῆς
1308 5418 1695 5485 κατάστασις.
1730 5423 1834 5476 Pro
1863 5432 2005 5479 statu

440 5504 505 5544 ac
524 5487 719 5561 indole
751 5487 991 5561 accipio;
1020 5487 1322 5561 secundum
1368 5489 1514 5558 quod
1541 5491 1782 5561 llesych.
1815 5502 1870 5546 et
1901 5494 2007 5549 Va-

443 5561 567 5612 rino
590 5559 672 5620 τὸ,
705 5560 1053 5620 κατάστασις,
1097 5575 1230 5613 voce
1257 5559 1386 5622 ἦθος
1419 5559 1686 5614 redditur.
1714 5561 1827 5616 Hoc
1858 5565 2008 5618 enim

517 5304 559 5334 ⁸³
594 5305 725 5357 Dan.
761 5320 876 5368 xm,
907 5305 931 5356 l
971 5320 1124 5374 seqq.

442 5630 636 5682 volunt
693 5629 826 5697 ipsa;
870 5628 1138 5682 orationis
1185 5628 1524 5682 deﬁnitionis
1569 5631 1902 5686 Damasceno
1955 5644 2011 5688 et

442 5698 563 5752 aliis
595 5698 850 5768 traditae:
882 5699 1129 5752 Ascensio
1167 5701 1354 5752 mentis
1387 5701 1442 5752 in
1482 5704 1673 5763 Deum,
1711 5702 1890 5768 petitio
1916 5705 2006 5756 de-

444 5771 670 5822 centium
711 5787 742 5822 a
791 5767 919 5833 Deo,
957 5778 1064 5824 etc.
1096 5768 1285 5824 Oratio
1315 5769 1497 5839 itaque
1527 5767 1720 5841 suapte
1750 5771 1931 5826 indole
1957 5783 2012 5827 et

1649 6005 1675 6021 κ

2122 4549 2281 4604 niens
2317 4555 2500 4601 autem
2528 4561 2709 4618 exque
2737 4546 2945 4599 ratione
2974 4562 3156 4600 rerum
3185 4546 3489 4601 mediarum
3538 4564 3692 4612 usus,

2121 4641 2288 4695 animi
2323 4648 2521 4693 statum
2548 4645 2775 4707 purgat;
2805 4637 2957 4706 isque
2993 4647 3274 4707 purgatus,
3303 4637 3690 4693 discretionem

2125 4733 2298 4803 parit;
2327 4731 2608 4794 discretio,
2647 4730 3196 4799 imperturbationem
3236 4731 3514 4800 animique
3560 4733 3694 4786 all}-

2123 4826 2397 4880 ctionibus
2428 4823 2582 4876 vacui
2635 4823 3120 4892 tranquillitatem;
3180 4837 3247 4876 ex
3303 4837 3410 4891 qua
3469 4821 3690 4875 demum

2123 4913 2362 4982 perfeeta
2396 4910 2636 4964 citat-itas
2670 4909 2939 4978 procedit.

2188 5001 2347 5073 457
2393 4999 2479 5052 92.
2516 4997 2768 5052 Nondum
2820 4995 3687 5067 imperturbationemanimique,

2120 5094 2323 5148 sedatis
2351 5090 2664 5153 affectibus,
2699 5088 3150 5158 tranquillitatem
3185 5088 3418 5157 adeptus
3464 5098 3566 5155 est,
3592 5093 3686 5160 qui

2118 5202 2184 5261 e9
2208 5183 2354 5254 quod
2379 5181 2609 5236 tentatio
2653 5181 2953 5248 duriusque
2998 5179 3200 5249 aliquid
3247 5179 3465 5245 accidit,
3528 5182 3688 5236 amici

2116 5427 2347 5483 ratione.
2398 5421 2776 5494 mentemAipsi
2806 5421 2918 5494 Deo
2963 5421 3126 5494 sistit.
3177 5423 3284 5477 Sic.
3329 5440 3450 5494 cap.
3491 5424 3550 5478 9l
3598 5441 3690 5478 ac-

2116 5496 2222 5565 cipi
2253 5495 2492 5554 videtur,
2532 5496 2565 5560 ὴ
2597 5492 2697 5565 τῆς
2726 5491 2903 5559 ψυχῆς
2932 5493 3280 5565 κατάστασις,
3310 5491 3472 5563 quam
3506 5511 3690 5547 rerum

2117 5562 2419 5619 mediarum
2451 5562 2786 5616 conveniens
2815 5575 2948 5614 usus
2984 5571 3040 5614 et
3065 5575 3129 5616 ex
3163 5562 3396 5625 ratione.
3432 5565 3690 5619 mundam

2116 5633 2370 5704 prazstét;
2400 5640 2461 5686 ut
2484 5631 2567 5704 _si_c
2585 5633 2799 5704 animus
2816 5630 2971 5699 quasi
3000 5631 3104 5704 sibi
3122 5647 3340 5702 suaeque
3369 5634 3537 5689 indoli
3566 5635 3691 5688 red-

2117 5701 2299 5770 datur,
2337 5701 2580 5772 depulsis
2620 5701 2883 5760 vitiorum
2917 5701 3195 5757 sordibus.
