4128 6210
479 320 604 384 1071

1635 324 1695 381 S.
1739 323 2024 384 ΜΑΧΙΜΙ
2061 315 2570 386 CONFESSORIS

3606 317 3740 384 Μ’ῖὲ

478 435 776 504 defectum,
809 439 924 492 sive
953 438 1046 507 qui
1084 452 1208 491 vere
1241 439 1421 509 rcip‘sa
1467 441 1556 506 sit,
1598 442 1712 496 sive
1747 445 1840 513 qui
1875 443 2060 497 videa-

2163 443 2270 514 γὰρ
2303 444 2600 514 ὲγκείμενα
2653 445 2718 512 τῇ
2759 441 2905 513 ψυχῇ
2945 439 3091 511 πάιοη
3125 438 3579 510 ἐκταρασσόμεηα
3603 440 3734 508 (5th.

478 536 584 590 tur,
623 528 972 583 dissimulare
1033 530 1231 584 nescit.
1285 531 1608 602 lngrucntes
1659 535 1806 588 enim
1869 535 2053 588 animo

478 620 678 674 turbati
701 636 763 674 ac
783 621 1090 690 exasperati
1109 621 1360 687 aﬂ‘ectus,
1377 634 1615 679 mentem
1639 636 1935 691 excaecant,
1952 643 2054 681 nec

477 709 746 778 fulgentes
799 710 1049 766 veritatis
1109 712 1296 766 radios
1341 713 1528 767 videre
1569 715 1777 778 sinunt,
1833 729 1937 769 nec
1995 725 2055 770 ιιι

479 799 650 854 virtus
675 801 1028 856 discernatur
1057 820 1087 858 a
1115 805 1269 859 vitio.
1303 806 1446 876 Ergo
1484 807 1578 876 qui
1624 808 1893 878 ejusmodi
1947 819 2051 874 est,

477 890 710 945 necdum
752 894 1055 961 perfecmm
1122 897 1461 966 comparavit
1531 897 1880 964 charitatem,
1934 915 2055 968 qua:

477 979 625 1036 foras
657 979 826 1037 mittit
847 983 1318 1053 judicii‘timorem
1344 986 1409 1039 ³³.

550 1073 638 1127 9'5.
669 1073 834 1126 A‘mici
861 1073 1030 1141 ﬁdelis
1055 1075 1210 1130 nulla
1259 1085 1330 1130 est
1366 1079 1706 1131 commutatio
1747 1077 1790 1109 "
1835 1095 1849 1130 :
1898 1077 2052 1144 Quod

484 1165 551 1226 is,
591 1163 752 1217 amici
788 1180 1062 1220 aerumnas
1111 1182 1173 1220 ac
1220 1169 1382 1234 mala,
1427 1184 1526 1223 sua
1583 1169 1757 1238 ipsius
1803 1178 2050 1238 reputet;

479 1256 726 1325 duraque
761 1265 823 1310 ac
854 1259 1081 1313 molesta
1129 1259 1207 1312 illi
1258 1261 1443 1314 socius
1495 1262 1560 1316 ad
1593 1272 1828 1316 mortem
1881 1278 2054 1332 usque

479 1349 699 1404 toleret.

543 1441 631 1495 94.
667 1439 982 1494 Amicorum
1008 1441 1231 1510 quidem
1258 1443 1451 1513 ingens
1477 1460 1767 1508 numerus,
1822 1445 1874 1498 id
1921 1461 2054 1500 vero

479 1530 644 1584 rebus
674 1531 930 1585 secundis
952 1547 1016 1586 ac
1043 1533 1321 1602 prosperis
1354 1551 1367 1587 :
1415 1544 1674 1590 caeterum
1719 1536 1912 1591 iisdem
1954 1554 2054 1592 nu—

482 1622 603 1676 bilis
632 1631 794 1692 atque
826 1623 1081 1690 turbatis,
1111 1624 1202 1677 vix
1233 1641 1404 1679 unum
1433 1625 1734 1682 inveneris.

547 1712 634 1766 92}.
688 1709 894 1768 Omnes
936 1713 1158 1783 quidem
1214 1731 1281 1769 ex
1332 1718 1518 1772 animo
1575 1719 1835 1790 diligendi
1883 1729 2050 1774 sunt:

2160 537 2419 604 ἐκτυφλοῖ
2443 535 2538 606 τὴν
2567 534 2824 598 διάνοιαν,
2854 533 2950 588 καὶ
2975 533 3075 586 οὐκ
3103 534 3176 604 ἐᾷ’.
3203 531 3604 596 διᾱῶέψα-ιείς
3641 531 3738 591 τὰς

2159 627 2258 697 τῆς
2287 621 2547 698 ἀληθείας
2575 626 2772 694 αὐγὰς,
2806 625 2924 680 οὐδὲ
2953 625 3234 696 διακρῖναι
3263 623 3326 676 τὸ
3355 626 3606 693 κρεῖττον
3629 623 3742 673 ἀπὸ

2161 718 2253 770 τοῦ
2287 719 2547 788 χείρονος.
2588 719 2700 772 Οὐκ
2733 718 2841 789 ἄρα
2867 713 2960 770 οὖν
2995 717 3115 769 οὐδὲ
3144 714 3241 783 τὴν
3270 713 3484 766 τελείαν
3517 713 3740 780 ἀγάπην

2159 813 2186 863 ὁ
2215 812 2455 875 τοιοῦτος
2485 813 2754 882 ἐκτήσατο
2774 851 2787 875 ,
2842 811 2940 881 τὴν
2981 808 3085 873 ἔξω
3130 806 3429 878 βάλλουσαν
3459 805 3549 857 τὸν
3576 804 3740 872 φόϐον

2159 905 2255 974 τῆς
2291 904 2549 974 κρίσεως.

2230 1085 2338 1150 ἥγ’.
2399 1081 2586 1134 Φίλου
2654 1077 2874 1132 πιστοῦ
2930 1078 3042 1130 οὐκ
3112 1071 3738 1141 ἐστινιάντάυατμη.

2171 1173 2390 1244 Ἐπειδὴ
2461 1172 2562 1235 τὰς
2617 1170 2713 1225 τοῦ
2791 1171 2948 1240 φίλου
3016 1167 3341 1239 συμφορὰς,
3410 1166 3546 1228 ιδίας
3591 1164 3740 1233 λογί-

2160 1263 2311 1326 ζεται
2337 1279 2351 1294 ο
2388 1261 2483 1314 καὶ
2518 1261 2883 1330 συνυποφέρει
2916 1257 3064 1328 αὐτῷ
3101 1257 3262 1327 μέχρι
3303 1255 3538 1309 θανάτου
3565 1270 3738 1309 xam-

2160 1352 2364 1406 παθῶν.

2229 1442 2332 1510 Lﬁ'.
2363 1443 2552 1497 Πολλοὶ
2607 1443 2706 1512 μὲν
2743 1441 2795 1494 οἱ
2830 1441 3010 1510 φίλοι,
3066 1437 3276 1492 ἀλλἰὲν
3323 1435 3504 1508 καιρῷ
3536 1437 3740 1506 εύημε·

2162 1533 2314 1604 ρίας·
2360 1533 2419 1585 ὲν
2463 1531 2520 1585 δὲ
2571 1530 2750 1602 καιρῷ
2795 1530 3158 1601 πειρασμῶν,
3197 1529 3350 1600 μόλις
3382 1527 3449 1582 ἂν
3476 1526 3739 1598 εὑρήσεις

2158 1621 2270 1678 ἕνα.

2229 1719 2328 1781 ιβ’.
2362 1715 2547 1769 Πάντα
2585 1715 2683 1784 μὲν
2714 1713 3024 1784 ἄνθρωπον,
3056 1715 3128 1766 -ὲκ
3151 1712 3332 1782 ψυχῆς
3375 1709 3694 1779 ἀγαπητέον
3721 1726 3736 1742 ο

481 1813 670 1858 verum
697 1804 750 1858 in
780 1807 897 1860 solo
933 1807 1043 1860 Deo
1082 1807 1401 1862 collocanda
1423 1825 1568 1879 spes,
1599 1826 1777 1880 exque
1814 1818 1927 1865 tota
1948 1811 2060 1864 vir-

2165 1808 2258 1859 ἐπὶ
2288 1804 2365 1876 τῷ
2395 1805 2514 1874 Θεῷ
2542 1805 2595 1858 δὲ
2630 1805 2775 1874 μόνῳ
2798 1805 2898 1872 τὴν
2927 1803 3120 1857 ἐλπίδα
3153 1801 3358 1864 Θετέον,
3390 1799 3486 1853 καὶ
3520 1799 3579 1864 ἐξ
3608 1797 3740 1867 ὅλης

483 1905 600 1952 tute
627 1897 704 1951 illi
742 1897 1116 1952 serviendum.
1147 1897 1403 1964 Quandiu
1435 1901 1582 1954 enim
1614 1916 1716 1956 nos
1777 1901 1894 1971 ipse
1928 1917 2060 1957 con-

479 1997 680 2052 servat,
709 1996 823 2060 tum
868 2004 968 2044 nos
998 2005 1190 2044 onmes
1225 1990 1383 2045 amici
1424 1992 1633 2055 colunt,
1680 2001 1794 2047 tum
1847 1989 2060 2046 inimici

481 2091 672 2132 omnes
699 2094 762 2133 ac
783 2079 1083 2133 adversarii
1111 2080 1248 2133 nihil
1298 2096 1501 2135 nocere
1527 2091 1778 2151 possunt.
1832 2083 1929 2136 lllo
1965 2098 2060 2137 au-

480 2179 590 2222 tem
620 2169 940 2233 deserente,
977 2178 1092 2224 tum
1158 2186 1258 2226 nos
1299 2172 1459 2226 amici
1499 2187 1690 2227 omnes
1716 2182 2056 2239 aversantur,

481 2269 598 2313 tum
627 2260 837 2315 inimici
864 2275 1059 2317 omnes
1081 2261 1374 2317 adversum
1403 2277 1504 2318 nos
1531 2265 1848 2331 praevalent.

553 2435 641 2489 96.
676 2436 928 2501 Quatuor
959 2436 1258 2491 universim
1283 2445 1412 2491 sunt
1441 2437 1821 2493 derelictionis
1864 2439 2010 2494 modi
2043 2458 2056 2493 :

486 2526 697 2594 primus
726 2533 874 2580 certa
899 2525 1131 2595 quadam
1165 2525 1577 2595 dispensatione
1607 2544 1670 2582 ac
1717 2529 1933 2583 consilii
1971 2546 2058 2584 ra-

486 2614 656 2675 tione,
685 2614 834 2668 velut
866 2614 921 2668 in
944 2613 1188 2680 Christo,
1215 2624 1276 2670 ut
1304 2631 1406 2686 per
1440 2631 1560 2671 eam
1601 2633 1723 2687 quae
1747 2618 2058 2683 videbatur,

485 2705 924 2772 derelictionem,
964 2706 1057 2776 qui
1088 2707 1342 2762 derelicti
1385 2718 1547 2764 erant
1590 2710 1824 2764 salutem
1870 2725 2062 2765 conse—

485 2783 820 2866 querentur;
851 2796 1292 2869 secundus,'qui'
1328 2809 1415 2855 est
1463 2801 1812 2871 probationis
1871 2817 2058 2869 causa,

485 2895 549 2942 ut
579 2889 640 2943 in
661 2889 802 2944 Jobo
816 2905 879 2944 ac
893 2890 1158 2969 'Josepho,
1187 2899 1248 2946 ut
1281 2892 1422 2946 alter
1442 2892 1667 2962 quidem
1695 2893 2058 2960 fortitudinis,

488 2976 626 3029 alter
667 2985 808 3030 ‘vcro
875 2977 1146 3034 castitatis
1213 2987 1412 3033 erectae
1483 2979 1752 3035 columna:
1807 2979 2061 3049 titulique

485 3067 853 3133 exsisterent;
881 3069 1097 3134 tertius,
1125 3069 1457 3124 eruditionis
1485 3085 1645 3124 causa
1691 3069 1973 3141 spiritalis,
2003 3077 2063 3124 ut

2164 1896 2345 1968 ίσχύος
2403 1896 2567 1952 αὐτὸν
2637 1895 3024 1967 θεραπευτέον.
3104 1894 3334 1963 Ἐφόσον
3415 1894 3526 1963 γὰρ
3577 1889 3741 1952 αὐτὸς

2161 1983 2309 2054 ἡμᾶς
2337 1984 2614 2054 συντηρεῖ,
2646 1983 2700 2036 οἵ
2723 2000 2783 2036 τε
2809 1983 2952 2053 φίλοι
2976 1981 3182 2047 πάντες
3205 1983 3352 2052 ἡμᾶς
3385 1979 3738 2050 περιέπουσι.

2160 2075 2256 2127 καὶ
2321 2077 2368 2128 οἱ
2427 2075 2613 2146 ἐχθροὶ
2679 2075 2883 2138 πάντες
2943 2073 3080 2145 πρὸς
3142 2075 3293 2144 ἡμᾶς
3355 2071 3734 2127 ἀδυνατοῦσιν.

2173 2162 2342 2216 Ἐπὰν
2376 2163 2431 2217 δὲ
2470 2162 2630 2227 αὐτὸς
2659 2165 2808 2234 ἡμᾶς
2837 2163 3204 2233 ἐγκαταλίπῃ,
3270 2161 3380 2218 οίτε
3415 2160 3560 2230 φίλοι
3595 2159 3739 2211 πάν-

2159 2270 2250 2317 τες
2277 2255 2424 2324 ἡμᾶς
2453 2255 2906 2324 ἀποστρέφονται,
2935 2253 3032 2308 καὶ
3061 2256 3109 2308 oi
3140 2249 3336 2325 ’ἐχθροὶ
3375 2252 3576 2316 πάντες
3609 2250 3740 2304 καθ’

2159 2346 2318 2416 ἡμῶν
2353 2345 2616 2416 ίσχύουσι.
3361 2395 3364 2398 .

2234 2443 2350 2506 ιις¹.
2401 2439 2676 2509 Τέσσαρές
2724 2441 2833 2492 είσι
2880 2439 3092 2507 γενικοὶ
3140 2436 3581 2508 ὲγκαταλείψεως
3605 2437 3742 2508 τρό-

2163 2549 2294 2584 ποι·
2335 2533 2368 2600 ἡ
2407 2533 2542 2601 μὲν,
2577 2529 2936 2601 οἰκονομικὴ,
2979 2531 3056 2592 ὡς
3105 2531 3198 2582 ἐπὶ
3240 2529 3341 2583 ³ἰξοῦ
3372 2528 3612 2598 Κυρίου·
3651 2529 3742 2582 ἵνα

2160 2624 2248 2678 διὰ
2271 2624 2372 2692 τῆς
2403 2623 2666 2684 δοκούσης
2701 2622 3166 2692 ὲγκαταλείψεως,
3209 2623 3261 2675 σί
3297 2620 3740 2690 ἐγκαταλελειμμ-

2165 2714 2314 2784 μένοι
2369 2713 2636 2767 σωθῶσιν.
2684 2713 2750 2766 Ἢ
2780 2713 2873 2776 δὲ,
2921 2713 3058 2783 πρὸς
3086 2711 3348 2782 δοκιμὴν,
3389 2711 3464 2765 ὡς
3502 2709 3596 2763 ἐπὶ
3641 2711 3742 2762 τοῦ

2174 2803 2294 2857 Ἰὼϐ
2323 2805 2417 2857 καὶ
2446 2805 2645 2874 Ἰωσήφ
2663 2821 2676 2835 ·
2711 2804 2797 2858 ἵνα
2824 2806 2852 2858 ό
2879 2804 2998 2874 μὲν,
3029 2802 3279 2873 ἀνδρείας
3312 2819 3326 2834 ⁸
3353 2804 3382 2856 ό
3411 2801 3492 2866 δὲ,
3527 2817 3744 2870 σωφρο-

2165 2897 2328 2966 σύνης
2370 2896 2562 2967 στῆλαι
2596 2897 2965 2966 ἀναφανῶσιν.
3029 2897 3093 2949 Ἥ
3121 2896 3180 2949 δὲ
3208 2935 3222 2960 ,
3271 2895 3407 2965 πρὸς
3457 2893 3742 2947 παίδευσιν

2163 2989 2561 3060 πνευματικὴν,
2607 2987 2682 3054 ὼς
2711 2989 2804 3042 ἐπὶ
2833 2989 2926 3043 τοῦ
2966 2987 3314 3052 Ἀποστὸ).ου,
3351 2987 3439 3041 ἵνα
3481 3001 3742 3039 ταπεινο-

2159 3080 2398 3151 ηφφνῶν,
2432 3081 2530 3151 τὴν
2567 3076 2874 3150 ὑπερϐολὴν
2903 3078 3111 3151 φυλάξῃ
3151 3078 3253 3148 τῆς
3278 3077 3530 3148 ¹χόιριτος.
3577 3075 3644 3128 Ἦ
3683 3073 3740 3126 δὲ

487 3161 541 3212 in
569 3159 864 3229 Apostolo,
903 3175 1013 3228 quo
1037 3160 1147 3225 ille,
1193 3177 1390 3216 sensus
1436 3162 1703 3217 modestia
1740 3177 1804 3217 ac
1834 3161 2060 3216 humili»

2171 3173 2310 3226 κατά
2337 3174 2706 3242 ἀποστροφὴν,
2738 3172 2812 3237 ὡς
2841 3172 2932 3225 ὲπὶ
2960 3171 3070 3224 τῶν
3131 3169 3423 3233 Ἰουδαίων,
3456 3166 3543 3220 ενα
3577 3165 3738 3219 κολα-

488 3259 618 3312 tate,
667 3251 1066 3320 praecellentem
1109 3253 1339 3323 gratiam
1388 3263 1772 3319 conservaret;
1828 3263 2060 3322 quartus

487 3356 585 3410 per
615 3341 978 3405 aversionem,
1008 3352 1067 3396 ut
1103 3342 1156 3396 in
1177 3337 1381 3398 Iudaeis
1404 3387 1418 3409 ,
1448 3353 1509 3397 ut
1559 3343 1771 3398 scilicet
1825 3341 2059 3412 castiga-

490 3435 638 3488 tione
692 3433 920 3499 eruditi,
965 3433 1033 3488 ad
1081 3435 1458 3504 poenitentiam
1500 3435 1873 3491 ﬂecterentur.
1921 3433 2063 3490 Sunt

490 3541 620 3579 vero
651 3540 845 3579 omnes
865 3525 1085 3580 himodi
1122 3527 1409 3590 salutares,
1435 3527 1740 3597 divinaeque
1799 3527 2062 3582 bonitatis

491 3613 635 3684 pleni
663 3629 727 3668 ac
754 3614 1145 3669 miserationis.
1413 3631 1420 3634 ·

559 3707 649 3761 97.
687 3705 725 3760 li
772 3707 1034 3761 duntaxat
1059 3707 1153 3776 qui
1187 3707 1454 3761 ‘mandata
1484 3707 1777 3778 diligenter
1819 3715 2060 3773 servant,

491 3809 724 3868 suntque
742 3799 867 3852 ‘veri
897 3798 1208 3853 divinorum
1233 3799 1566 3870 judiciorum
1603 3808 1809 3870 mystae,
1835 3800 2060 3865 amicos,

489 3890 585 3958 qui
608 3889 789 3943 divina
848 3889 1209 3958 permissione
1260 3898 1562 3956 tententur,
1604 3906 1714 3945 non
1777 3891 2060 3945 deserunt.

489 3979 592 4046 Qui
618 3989 802 4034 autem
831 3980 1086 4034 mandata
1115 3988 1495 4042 contemnunt.
1528 3996 1630 4034 nec
1654 3980 1836 4034 divina
1855 3980 2061 4051 judicia

491 4073 637 4127 docti
664 4082 813 4138 sunt,
843 4083 957 4126 tum
986 4073 1206 4142 quidem
1236 4088 1359 4127 cum
1381 4072 1592 4127 amicus
1615 4072 1874 4128 secundis
1901 4073 2066 4127 rebus

495 4164 689 4227 utitur,
725 4165 848 4234 ejus
876 4164 1010 4218 socii
1063 4163 1346 4218 felicitatis
1373 4163 1648 4217 accedunt
1688 4181 1700 4215 :
1756 4162 1853 4217 ubi
1883 4171 2064 4218 autem

494 4254 547 4306 in
573 4253 873 4306 tcntatione
895 4253 1105 4321 positus
1133 4252 1288 4306 malis
1313 4251 1564 4317 adicitur,
1593 4267 1718 4305 eum
1779 4251 2061 4307 deserunt.

494 4344 635 4409 Quin
662 4351 716 4397 et
742 4343 1068 4412 quandoque
1121 4345 1174 4397 in
1213 4343 1650 4398 adversariorum
1699 4353 1883 4412 partes
1932 4357 2066 4396 con-

495 4434 719 4488 cedunt.

2163 3263 2382 3334 ζόμενοι
2431 3263 2568 3334 πρὸς
2625 3262 2912 3333 μετάνοιαν
2956 3257 3420 3330 κατακαμφθῶσι.
3461 3256 3741 3326 ιΣωτὴριοι

2159 3355 2217 3411 δὲ
2250 3355 2444 3418 πάντες
2477 3356 2526 3408 οἱ
2553 3354 2744 3426 τρόποι
2777 3354 3114 3425 ὑπάρχουσι,
3157 3351 3250 3404 καὶ
3277 3353 3383 3421 τῆς
3410 3348 3563 3414 θείας
3595 3350 3739 3416 ἀγαο

2162 3447 2385 3517 θότητος
2414 3446 2509 3499 καὶ
2537 3445 2945 3516 φιλανθρωπίας
2975 3443 3294 3515 ἀνάμεστος..

2233 3711 2338 3779 ιιξν.
2369 3711 2536 3765 Μόνοι
2567 3712 2615 3764 oi
2662 3709 2912 3779 ἀκριϐεῖς
2937 3708 3052 3762 τῶν
3077 3705 3308 3760 ἐντολῶν
3338 3702 3604 3774 φύλακες.
3643 3703 3742 3756 καὶ

2155 3807 2374 3875 ’γνήσιοι
2422 3801 2530 3856 τῶν
2573 3801 2729 3854 θείων
2783 3799 3073 3871 χριμάτων
3123 3797 3358 3868 μύσται,
3417 3795 3547 3855 τοὺς
3595 3797 3740 3846 κατὰ

2165 3893 2514 3966 συγχώρησιν
2562 3891 2700 3944 Θεοῦ
2747 3889 3174 3962 πειραζομένους
3200 3927 3214 3951 ,
3262 3886 3324 3940 ού
3385 3884 3738 3952 καταλιμπά-

2162 4005 2314 4042 νουσι
2345 3986 2550 4054 φίλους.
2583 3987 2646 4038 Οἱ
2679 3984 2737 4037 δὲ
2770 3984 2880 4036 τῶν
2911 3982 3140 4039 ἐντολῶν
3181 3978 3616 4050 καταφρονηταὶ,
3648 3977 3741 4030 καὶ

2163 4081 2272 4134 τῶν
2304 4079 2464 4133 θείων
2492 4077 2776 4150 κριμάτων
2800 4075 3066 4146 ἀμύητοι,
3098 4075 3225 4126 ὅταν
3255 4072 3354 4140 μὲν
3386 4073 3415 4123 ὁ
3459 4068 3619 4138 φίλος
3656 4069 3740 4120 εὐ-

2162 4173 2369 4243 ημερῇ,
2403 4167 2867 4222 συναπολαύουσιν
2891 4162 3057 4236 αὐτῷ·
3089 4163 3228 4216 ὲπὰν
3256 4162 3311 4216 δὲ
3341 4159 3738 4230 πειραζόμενος

2165 4259 2486 4330 κακοπαθῇ,
2529 4257 3032 4326 καταλιμπάνουσιν
3071 4253 3256 4309 αὐτόν.
3311 4253 3466 4305 Ἐστι
3504 4249 3564 4302 δὲ
3609 4250 3739 4302 ὅταν

2166 4353 2261 4405 καὶ
2291 4350 2430 4420 μετὰ
2472 4349 2579 4402 τῶν
2610 4347 2868 4401 ἐναντίων
2904 4348 3171 4400 ἵστανται.

564 4523 729 4600 ᾆδε
755 4527 842 4582 98.
874 4525 1083 4582 Christi
1104 4526 1286 4590 amici,
1307 4541 1436 4580 vere
1457 4537 1510 4581 ct
1531 4541 1596 4580 ex
1624 4528 1808 4580 animo
1840 4535 2060 4581 cunctos

2243 4527 2349 4594 Lgnf.
2385 4527 2451 4579 0i
2495 4525 2591 4595 μὲν
2638 4523 2731 4577 τοῦ
2762 4521 3000 4594 Χριστοῦ
3033 4521 3200 4591 φίλοι,
3238 4521 3447 4583 πάντας
3477 4520 3740 4588 ἀγαπῶσι

497 4617 732 4687 diligunt
762 4635 774 4671 :
817 4634 925 4673 non
961 4628 1138 4672 tamen
1169 4617 1237 4671 ab
1266 4617 1520 4672 omnibus
1536 4618 1856 4688 diliguntur.
1883 4615 2067 4672 Mundi

496 4717 675 4762 autem
730 4709 913 4772 amici,
967 4723 1070 4762 nec
1125 4722 1318 4761 omnes
1367 4707 1621 4777 diligunt,
1654 4725 1758 4764 nec
1797 4709 1865 4762 ab
1895 4710 2071 4762 omni-

496 4800 600 4855 bus
627 4800 948 4870 diliguntur.
978 4800 1054 4852 Ac
1081 4799 1301 4869 quidem
1333 4799 1535 4854 Christi
1560 4801 1744 4864 amici,
1800 4801 1852 4853 in
1907 4800 2068 4854 ﬁnem

497 4905 724 4960 usquam
765 4889 1064 4958 perfectam
1099 4898 1320 4943 servant
1344 4889 1666 4943 charitatem
1698 4906 1712 4953 ;
1757 4887 1946 4941 mundi
1971 4903 2064 4940 au-

494 4989 628 5046 tem,
654 4982 829 5035 donec
863 4981 1003 5035 alter
1024 4981 1256 5036 alterum
1285 4996 1468 5036 rerum
1498 4980 1682 5034 saeculi
1711 4994 1875 5034 causa
1892 4978 2064 5034 oll‘en-

496 5073 702 5128 derint.

565 5167 654 5222 99.
707 5166 902 5220 Fidelis
971 5168 1194 5230 amicus,
1265 5167 1516 5235 proiectio
1582 5163 1742 5232 ﬁrma
1792 5165 1855 5218 ³³.
1910 5163 2067 5230 Quod

497 5275 692 5328 nempe
721 5260 917 5322 amico,
936 5269 992 5313 et
1014 5259 1142 5312 dtnn
1163 5257 1419 5313 secundis
1440 5258 1606 5312 rebus
1628 5257 1821 5321 utitur,
1858 5257 2066 5326 probus

497 5353 736 5406 monitor
754 5353 824 5405 sit
842 5368 904 5406 ac
924 5351 1273 5406 consiliarius
1299 5350 1681 5418 unanimisque
1702 5349 1930 5419 adjutor;
1952 5358 2066 5402 tum

499 5441 603 5498 illis
630 5441 837 5495 nubilis
862 5451 1024 5509 atquc
1052 5439 1320 5502 adversis,
1351 5437 1758 5492 sincerissimus
1807 5436 2066 5490 defensor

494 5546 559 5586 ac
584 5543 956 5604 propugnator
981 5531 1430 5587 olliciosissimus.
1485 5559 1490 5564 ο

568 5711 611 5742 ³¹
642 5710 799 5766 Joan.
832 5726 905 5774 tv,
935 5711 1020 5764 18.
1098 5712 1142 5743 θ’
1166 5709 1335 5764 Eccli.
1369 5724 1440 5773 tv,
1484 5708 1568 5763 15.
1647 5707 1690 5739 ³³
1715 5706 1881 5760 Eccli.
1917 5721 1989 5770 vr,
2028 5705 2110 5760 Η.

2167 4619 2420 4688 γνησίως.
2459 4616 2571 4684 Οὐχ
2605 4614 2708 4667 ὑπὸ
2735 4615 2954 4668 πάντων
2981 4613 3039 4667 δὲ
3067 4613 3410 4681 ἀγαπῶνται.
3442 4612 3506 4665 Oi
3553 4611 3614 4664 δὲ
3647 4610 3740 4662 τοῦ

2126 4713 2377 4781 ,κόσμου
2431 4710 2598 4778 φίλοι,
2655 4708 2777 4761 οὐδὲ
2839 4709 3045 4770 πάντας
3098 4707 3376 4775 ἀγαπῶσι,
3426 4706 3560 4759 οὐδὲ
3633 4707 3737 4759 ora

2171 4804 2390 4858 πάντων
2416 4801 2760 4871 ἀγαπῶνται.
2794 4802 2902 4854 Καὶ
2931 4800 3111 4870 οἱμὲν
3139 4799 3230 4854 τοῦ
3273 4797 3533 4868 Χριστοῦ,
3579 4799 3739 4868 μέχρι

2170 4895 2357 4957 τέλους
2403 4893 2501 4964 τὴν
2538 4894 2820 4962 συνέχειαν
2864 4893 2963 4960 τῆς
3004 4893 3223 4961 ἀγάπης
3265 4889 3620 4960 διατηροῦσιν
3646 4908 3658 4921 ·
3691 4890 3736 4939 οἱ

2170 4985 2226 5038 δὲ
2265 4985 2358 5037 τοῦ
2410 4984 2615 5053 κόσμου
2639 5024 2652 5046 ,
2704 4985 2898 5056 μέχρις
2929 4977 2989 5037 οὗ
3033 4982 3284 5054 ἀλλήλοις
3314 4981 3406 5034 διὰ
3432 4981 3735 5048 τὰ-κόσμου

2175 5075 2536 5148 προσκρούσω
2548 5092 2620 5128 σι.

2241 5169 2346 5235 ιβ’.
2379 5169 2558 5233 Φίλος
2587 5165 2823 5232 πιστὸς,
2861 5163 3062 5233 σκέπη
3091 5161 3356 5231 κραταρὰ.
3401 5161 3616 5231 Ἐπειδὴ
3645 5159 3730 5211 καὶ

2172 5257 2535 5329 εὐημεροῦντι
2570 5257 2644 5326 τῷ
2691 5255 2829 5325 φίλῳ
2878 5253 3180 5324 σύμϐουλός
3215 5254 3364 5305 ἐστιν
3393 5250 3591 5319 ἀγαθὸς
3640 5245 3726 5297 καὶ

2176 5352 2436 5421 συνεργὸς
2465 5348 2745 5420 σύμψυχος
2772 5363 2784 5375 ·
2824 5346 2919 5400 καὶ
2957 5344 3358 5398 κακοπαθοῦντι
3393 5340 3725 5409 ἀντιλήπτωρ

2174 5440 2541 5508 γνησιώτατος
2581 5439 2674 5493 καὶ
2706 5438 3021 5509 ύπέρμαχος
3058 5435 3522 5507 συμπαθέστατος.
