4128 6210
484 239 620 306 1073
1361 247 1695 308 CAPITUM
1737 250 1834 313 DE
1873 249 2305 315 CHARITATE
2345 253 2731 315 CENTURIA
2774 257 2867 317 IV.

547 363 615 426 ρ’.
660 355 854 410 Πολλοὶ
880 357 978 427 μὲν
1008 357 1177 411 πολλὰ
1211 362 1340 430 περὶ
1382 361 1601 430 ἀγάπης
1630 365 1919 434 εἰρήκασιν
1946 384 1957 394 ·
1993 367 2031 417 ἐκ

2228 367 2346 422 100.
2380 369 2533 423 Multi
2568 369 2635 423 de
2670 370 2935 425 charitate
2978 369 3145 425 locuti
3170 376 3298 423 sunt
3330 388 3342 423 :
3378 370 3518 425 hanc
3564 376 3735 429 enim-

479 450 664 518 μόνοις
701 448 759 501 δὲ
804 452 915 513 τοῖς
946 450 1180 521 Χριστοῦ
1237 453 1507 523 μαθηταῖς
1542 458 1743 526 ταύτην
1790 458 2028 527 ζητήσας

2156 476 2286 513 vero
2322 460 2368 514 si
2396 462 2703 530 quaesieris,
2757 462 2811 517 in
2845 461 2977 516 solis
3032 460 3281 516 invenies
3320 461 3523 516 Christi
3579 464 3739 519 disci~

473 542 731 612 εὑρήσεις
755 556 769 570 ⁸
816 542 937 594 ἐπεὶ
967 544 1063 595 καὶ
1096 544 1245 613 μόνοι
1290 546 1440 599 αὐτοὶ
1489 546 1634 616 εἶχον
1663 549 1759 617 τὴν
1794 550 2031 619 ἁληθινὴπ

2156 548 2318 616 pulis.
2348 549 2479 603 Nam
2500 560 2554 605 et
2601 550 2657 605 hi
2682 551 2783 608 soli
2836 566 3020 607 veram
3067 550 3391 609 charitalcm
3434 550 3734 619 habebant,

488 632 735 700 Ἀγάπην
768 635 866 702 τῆς
901 634 1121 704 ἀγάπης
1162 635 1510 700 διδάσκαλον,
1565 639 1691 707 περὶ
1722 635 1787 710 ἧς
1823 640 2008 707 ἔλεγον

2154 658 2275 709 ηυδε
2296 642 2519 697 doceret
2542 644 2900 708 cbaritatein;
2936 644 3003 701 de
3029 659 3135 713 qua
3176 643 3357 697 aiebat
3382 644 3675 712 Apostolus
3717 664 3731 699 :

490 722 635 777 Ἐὰν
662 724 782 795 ἔχω
804 727 1193 794 προφητείαν,
1214 727 1311 780 καὶ
1334 728 1469 781 εἰδῶ
1489 729 1559 782 τὰ
1570 731 1875 798 μυστήρια
1896 731 2031 785 πᾶνα

2153 731 2209 783 Si
2242 734 2470 788 habuero
2506 738 2835 806 prophetiam
2867 746 2911 789 et
2958 739 3190 791 noverim
3224 739 3472 805 mysteria
3529 739 3729 802 omnia,

474 814 671 878 τα,καὶ
689 814 896 873 πᾶσαν
906 819 1020 885 τὴν
1031 818 1276 889 γνῶσιν,
1292 820 1532 889 ἀγάπην
1546 821 1711 891 δὲμὴ
1729 822 2031 891 ἔχωβὺὃὲυι

2152 834 2199 877 et
2226 842 2431 881 omnem
2458 830 2754 893 scientiam,
2783 830 3096 887 charitatem
3126 837 3299 880 autem
3346 845 3451 880 non
3478 829 3727 893 habuero,

473 905 839 975 ὠφελοῦμαι.
885 908 944 961 '0
972 906 1068 963 οὖν
1101 912 1445 980 κτησάμενος
1478 913 1573 983 τὴν
1598 913 1846 983 ἀγάπην,
1884 914 2031 969 aiiva

2152 915 2284 967 nihil
2314 917 2437 969 milii
2467 918 2676 985 prodest
2702 918 2762 971 3".
2786 918 2886 983 Qui
2904 935 3035 988 ergo
3062 926 3251 973 nactus
3273 927 3355 971 est
3382 918 3725 983 charitatem,

474 999 566 1052 τὸν
599 1000 731 1057 Θεὸν
764 1000 1069 1071 ἐκτήσατο·
1122 1004 1310 1073 ἐπειδὴ
1366 1007 1394 1058 ὁ
1442 1006 1586 1071 Θεὸς
1622 1005 1822 1076 ἀγάπη
1853 1007 2026 1065 ἐστίν

2148 1005 2321 1061 Deum
2351 1017 2543 1065 nactus
2575 1019 2677 1071 est,
2724 1027 2789 1065 eo
2813 1012 2957 1079 quod
2987 1011 3123 1064 Deus
3157 1012 3387 1064 Charitas
3412 1019 3485 1063 est
3522 1012 3585 1063 ³⁸.
3621 1011 3724 1083 Ipsi

474 1091 633 1162 Αὑτῷ
666 1093 699 1162 ή
729 1092 855 1157 δόξα
883 1095 963 1158 είς
992 1096 1118 1158 τοὺς
1148 1095 1368 1158 αἰῶνας.
1408 1098 1600 1167 Ἀμήν.

2144 1094 2319 1162 gloria
2358 1098 2407 1149 in
2436 1101 2630 1152 szecula
2663 1101 3008 1165 saaculorun).
3038 1100 3229 1153 Amen.

3597 259 3732 323 10M

480 1206 657 1274 Τέλος
681 1207 801 1261 τῶν
828 1210 961 1279 περὶ
988 1210 1227 1283 ἀγάπης
1257 1213 1602 1283 κεφαλαίων
1622 1214 1731 1282 τῆς
1765 1216 2031 1283 τετάρτης

2249 1210 2389 1265 Finis
2423 1221 2611 1280 quater
2642 1224 2977 1267 centenorum
3006 1215 3237 1282 capitum
3260 1213 3322 1267 de
3343 1214 3617 1267 charitate.

1033 1281 1448 1348 ἐκατοντάδος.

807 1392 1295 1448 ΑΝΕΠΙΓΡΑΦΟΥ
1334 1396 1586 1450 ΣΧΟΛῙΑ
1609 1396 1707 1467 (π).

546 1507 616 1555 α’.
662 1501 850 1572 Ἡμεῖς
895 1505 1015 1557 οὐδὲ
1050 1505 1227 1574 λόγοις
1267 1508 1386 1559 οὐδὲ
1441 1508 1622 1579 ἔργοις
1674 1511 2040 1585 παιδεύειν,ῆ

477 1592 580 1646 κᾶν
618 1593 972 1648 παιδεύεσθαι
1006 1596 1333 1667 δυνάμενοι,
1381 1598 1561 1667 λόγοις
1599 1603 1874 1655 παιδεύειν
1918 1611 2040 1657 ἐπι-

2428 1393 2705 1449 lNCERTl
2742 1392 3086 1450 AUCTORIS
3121 1391 3433 1448 SCHOLLA.

2218 1504 2265 1556 l.
2292 1504 2400 1558 Nos
2429 1506 2521 1574 qui
2546 1519 2647 1560 nec
2694 1508 2880 1561 verbis
2926 1522 3029 1561 nec
3067 1506 3328 1576 operibus
3378 1507 3597 1571 docere,
3630 1516 3724 1561 aut

2142 1593 2333 1647 saltem
2365 1594 2551 1649 doceri
2577 1598 2872 1661 valeamus,
2927 1598 3115 1652 verbis
3149 1612 3211 1652 ac
3238 1598 3582 1652 sermonibus
3621 1598 3723 1651 do-

477 1684 768 1755 χειροῦμεν
791 1703 806 1717 ο
841 1687 933 1739 καὶ
956 1687 1130 1741 ἄλλων
1160 1689 1404 1755 γίνεσθαι
1439 1692 1612 1761 ἰατροὶ
1644 1692 1857 1747 ἕλκεσιν
1884 1697 2031 1750 αὐτοὶ

2142 1698 2267 1737 cere
2286 1693 2577 1747 tentamus,
2604 1697 2767 1754 atque
2797 1687 3027 1739 aliorum
3048 1686 3186 1740 eilici
3216 1687 3434 1751 medici,
3462 1687 3554 1756 qui
3578 1688 3723 1741 ulce-

477 1775 753 1846 βρύοντες.
788 1777 930 1849 Ὅρα
970 1777 1027 1830 δὲ
1074 1778 1167 1844 τὸ,
1207 1780 1287 1833 ὄτι
1339 1782 1420 1834 Οὐ
1454 1781 1647 1835 πάντα
1675 1784 1799 1849 τοῖς
1826 1785 2031 1848 βουλο·

2148 1775 2304 1830 ribus
2364 1776 2464 1845 ipsi
2516 1787 2842 1831 scateamus.
2872 1777 3110 1832 Observa
3162 1793 3294 1832 vero
3345 1778 3478 1831 illud
3535 1796 3548 1831 :
3604 1777 3722 1831 Non

468 1870 670 1938 μένοις
705 1870 863 1924 εἰσιν
893 1872 1182 1937 εὔληπτα,
1223 1870 1339 1926 κᾶν
1379 1872 1553 1928 τοῦτο
1598 1875 1769 1944 δοκῇ.
1814 1879 1922 1931 Καὶ
1961 1878 2031 1942 τίς

2146 1868 2323 1920 omnia
2348 1869 2427 1921 his
2460 1867 2548 1937 qui
2570 1869 2750 1933 velint,
2774 1872 2891 1940 capi
2924 1870 3078 1939 facile
3121 1880 3335 1939 possunt
3366 1886 3427 1922 ac
3473 1868 3719 1939 intelligi,

471 1962 534 2015 οὐ
558 1962 897 2033 θαυμάσεται
919 1965 1043 2027 τοὺς
1071 1966 1163 2019 καὶ
1189 1969 1454 2035 γυναῖκας
1475 1967 1742 2038 χλιδὼσας
1764 1971 1856 2023 καὶ
1878 1972 2031 2041 νήπιο

2146 1960 2241 2011 etsi
2273 1960 2349 2012 ita
2374 1961 2635 2013 videatur.
2671 1961 2872 2029 Ecquis
2935 1977 3043 2014 non
3084 1963 3319 2015 miretur
3370 1975 3485 2023 eos,
3520 1961 3613 2029 qui
3667 1968 3721 2013 et

471 2052 645 2107 ταῦτα
705 2054 978 2109 διδάσκειν
1034 2058 1544 2129 ἐπαγγελλομένους
1608 2061 1748 2130 μετά
1809 2062 2031 2134 σοὸαροῐ

2144 2049 2456 2105 luxuriosas
2481 2052 2836 2107 mulierculas
2862 2060 2918 2106 et
2946 2052 3199 2115 infantes,
3226 2053 3342 2106 haec
3363 2067 3420 2106 se
3438 2052 3718 2116 docturos,

2144 2150 2309 2191 sensu
2344 2139 2555 2193 tumido
2579 2156 2643 2194 ac
2676 2140 2933 2210 superbo,
2965 2142 3327 2209 proﬁteantur
3350 2142 3377 2193 ’ἒ

2212 2232 2266 2282 2.
2291 2228 2428 2284 Cum
2478 2232 2628 2285 dicat
2653 2232 2951 2303 Apostolus
3003 2250 3016 2286 :
3078 2231 3134 2286 Si
3164 2235 3283 2303 quis
3327 2242 3503 2286 autem
3545 2233 3718 2302 diligit

2140 2320 2333 2387 Deum,
2364 2324 2445 2376 hic
2475 2327 2715 2395 cognitus
2750 2334 2824 2378 est
2851 2326 2913 2378 ab
2947 2342 3004 2377 eo
3027 2327 3103 2391 ³⁶;
3136 2327 3397 2379 nimirum
3453 2326 3572 2379 vult
3616 2340 3717 2379 nos

2141 2410 2420 2485 diligendo
2468 2413 2759 2467 Dominum
2797 2416 3053 2485 cognosci
3092 2433 3107 2469 :
3155 2415 3236 2469 Ex
3268 2432 3328 2468 eo
3373 2422 3551 2469 autem
3578 2414 3717 2485 quod

2140 2502 2527 2572 cognoscimur,
2571 2504 2765 2569 doceri,
2803 2506 2945 2560 sicut
2994 2507 3091 2571 ait,
3147 2514 3263 2560 tum
3310 2507 3534 2561 virtutis
3579 2522 3719 2576 pra:-

2139 2594 2362 2659 stantia,
2391 2604 2507 2649 tum
2557 2596 2719 2651 laude
2779 2597 3069 2669 theologia:
3119 2613 3350 2668 magnus
3396 2596 3713 2667 Gregorius.

2138 2682 2296 2739 Hunc
2325 2695 2459 2754 puto
2480 2702 2703 2741 sensum
2733 2687 2935 2743 habere
2962 2698 3017 2742 et
3042 2688 3146 2743 hoc
3198 2687 3501 2757 capitulum
3533 2704 3545 2738 :
3574 2684 3715 2741 Cha-

2138 2776 2347 2829 ritatem
2381 2778 2590 2847 quidem
2615 2782 2757 2848 parit
2796 2780 3227 2851 imperturbatio;
3261 2780 3493 2833 charitos
3540 2786 3715 2832 autem

2133 2867 2512 2923 illustrationis
2542 2873 2774 2927 scientia:
2799 2889 2991 2943 parens
3016 2873 3238 2925 exsistit.

468 2145 562 2223 τού
593 2148 939 2218 φρονήματος
971 2166 985 2213 ;

541 2237 606 2307 β’.
642 2238 834 2306 Λέγων
860 2240 888 2291 ὁ
936 2240 1292 2304 Ἀπόστολοςο
1344 2244 1412 2296 El
1457 2242 1524 2296 δέ
1560 2260 1650 2309 τις
1699 2245 1904 2315 ἀγαπᾷ
1935 2247 2042 2301 τὸν

470 2326 658 2387 Θεὸν.
709 2323 887 2393 οὗτος
954 2328 1251 2397 ἔγνωσται
1306 2331 1407 2384 ὑπ’
1454 2333 1680 2386 αὐτοῦ·
1720 2333 1857 2403 δῆτα
1905 2336 2041 2404 ἀγα-

468 2417 686 2481 πῶντας
739 2420 884 2489 ἡμᾶς
932 2420 1025 2473 τὸν
1075 2422 1281 2492 Κύριον
1333 2422 1700 2491 γινώσκεσθαι
1742 2425 1991 2495 βούλεται
2022 2446 2035 2459 ·

479 2508 579 2561 Ἐκ
607 2506 675 2560 δὲ
711 2508 817 2562 τοῦ
857 2510 1273 2579 γινώσκεσθαι.
1318 2516 1382 2568 τὸ
1429 2514 1819 2571 διδάσκεσθαι
1846 2559 1861 2581 ,
1893 2519 2039 2575 καθά

465 2616 633 2670 φησιν
662 2602 691 2653 ὁ
744 2601 918 2671 μέγας
964 2604 1056 2657 καὶ
1105 2604 1204 2673 τὴν
1239 2605 1443 2676 ἀρετὴν
1488 2609 1582 2660 καὶ
1622 2610 1721 2678 τὴν
1755 2608 2037 2680 θεολογίαν

464 2692 785 2763 Γρηγόριος.
812 2694 1029 2764 Ταύτης
1058 2693 1210 2765 οἶμαι
1242 2699 1341 2767 τῆς
1369 2698 1578 2760 ἐννοίας
1602 2700 1719 2753 ἐστὶ
1739 2741 1752 2765 ,
1795 2704 1891 2755 καὶ
1919 2702 2037 2755 τόδε

462 2782 524 2835 τὸ
552 2770 873 2859 κεφάλαῖονο
920 2786 1185 2861 ’Λγάπην
1208 2787 1342 2856 μὲν,
1374 2790 1555 2843 τίκτει
1578 2792 1830 2847 ἀπάθεια
1859 2812 1871 2825 ·
1912 2797 1945 2862 ἠ
1970 2795 2039 2849 δὲ

463 2875 687 2944 ἀγάπη,
724 2876 830 2930 τοῦ
861 2878 1168 2947 φωτισμοῦ
1209 2878 1321 2947 τῆς
1361 2879 1637 2949 γνώσεώς
1663 2883 1793 2937 ἐστι
1825 2902 2035 2954 Ter-rn-

461 2968 617 3036 τική.

532 3062 603 3129 γ’.
661 3062 833 3115 Τίνων
871 3064 967 3134 οὐχ
1018 3063 1249 3117 ἅπτεται
1310 3064 1447 3135 αὕτη
1499 3066 1719 3130 ἔννοια,
1761 3063 1914 3139 οἶμαι
1977 3069 2031 3122 δὲ

2209 3062 2260 3114 5.
2285 3060 2431 3127 Quos
2463 3067 2731 3120 sententia
2768 3067 2884 3121 hrec
2910 3082 3018 3121 non
3044 3066 3374 3136 perstringat
3400 3082 3412 3118 :
3436 3063 3714 3133 Przecipue

466 3153 740 3225 μάλιστα,
788 3156 896 3213 τῶν
949 3156 1042 3209 τοῦ
1107 3160 1343 3229 μαμωνᾶ
1396 3160 2027 3233 ὑπεραποθνησκόντων·

460 3247 655 3300 ταυτὸν
687 3247 744 3300 δὲ
779 3249 953 3301 εἰπεῖν
993 3248 1088 3301 τοῦ
1136 3249 1431 3321 λεγομένου
1478 3252 1742 3323 δημοσίου
1796 3256 1891 3308 καὶ
1935 3256 2031 3309 τοῦ

461 3334 923 3406 κοσμοκράτορος.

532 3425 598 3477 δ’.
640 3427 701 3478 '0
730 3426 863 3489 Θεὸς
897 3427 1107 3493 πάντας
1129 3429 1449 3503 ἀνθρώπους
1476 3433 1621 3487 θέλει
1646 3434 1903 3506 σωθῆναι,
1936 3438 2031 3489 καὶ

461 3518 601 3589 ὑπὲρ
635 3519 853 3574 πάντων
881 3522 1176 3586 ἀπέθανεν,
1224 3524 1309 3577 ἴνα
1351 3526 1401 3577 οἱ
1433 3527 1633 3591 πάντες
1665 3528 1932 3583 σωθῶσιν.
1970 3530 2031 3583 'U

456 3608 553 3665 οὖν
572 3611 802 3681 ἀγαπῶν
828 3613 920 3667 τὸν
948 3615 1098 3676 Θεὸν,
1129 3614 1189 3668 τὸ
1221 3616 1442 3689 θελητδν
1466 3618 1560 3672 τοῦ
1584 3621 1720 3675 Θεοῦ
1747 3622 2027 3691 φυλάττει.

457 3706 746 3759 Φυλάττων
786 3705 866 3770 δὲ,
922 3705 1039 3770 πῶς
1069 3705 1169 3759 οὐκ
1218 3709 1497 3780 ἀγαπήσει
1551 3712 1760 3775 πάντας
1800 3713 1873 3775 ὡς
1909 3714 2029 3767 ἑαυο

457 3798 578 3863 τὸν,
615 3797 710 3850 καὶ
747 3797 964 3869 θελήσει
1013 3798 1225 3863 πάντας
1276 3801 1547 3872 σωθῆναι,
1580 3804 1740 3857 τοῦτο
1776 3804 2025 3872 θέλοντος

456 3891 550 3945 τοῦ
577 3890 731 3956 Θεοῦς

528 4078 588 4125 ε’.
639 4070 845 4124 Γνῶσιν
893 4070 989 4125 τοῦ
1031 4070 1164 4124 Θεοῦ
1208 4072 1306 4141 τὴν
1340 4073 1521 4127 πίστιν
1565 4074 1751 4143 λέγει’
1807 4077 2028 4150 ἀγάπην

455 4162 534 4228 δὲ,
564 4164 661 4233 τὴν
696 4164 927 4233 τήρησιν
966 4161 1076 4215 τῶν
1111 4163 1339 4217 ἐντολῶν
1362 4180 1375 4193 ’
1416 4165 1481 4234 ἢν
1510 4167 1604 4219 καὶ
1636 4167 1847 4237 θέλημα
1874 4170 2033 4223 καλεῖ

458 4254 553 4308 καὶ
585 4254 930 4325 δικαιώματα
978 4254 1076 4307 καὶ
1125 4255 1439 4326 ἐντάλματα
1491 4259 1584 4310 καὶ
1622 4259 2026 4330 προστάγματα

457 4346 551 4398 καὶ
605 4344 753 4413 φῶςο
798 4344 941 4399 κατά
982 4344 1077 4411 τὸ,
1120 4346 1272 4398 Διότι
1319 4345 1445 4415 φῶς
1484 4348 1555 4402 τὰ
1604 4350 2030 4420 προστάγγιατά

458 4451 595 4489 σου.
626 4436 737 4507 Τὴν
768 4435 1084 4508 ἔμπρακτον
1112 4436 1169 4490 δὲ
1203 4436 1405 4505 γνῶσιν
1442 4440 1738 4511 παρίστησι
1766 4442 1826 4494 τὸ
1857 4444 2026 4511 κεφά-

458 4526 626 4581 λαιον.

532 4625 606 4685 ς’.
658 4620 816 4675 Attia
865 4619 975 4674 τῶν
1025 4621 1236 4693 ἀρετῶν
1269 4623 1417 4676 ἐστιν
1456 4624 1483 4675 ὁ
1517 4624 1671 4688 Θεὸς.
1706 4626 1911 4679 Τούτου
1948 4626 2024 4690 δὲ,

457 4710 578 4764 κατ’
634 4711 917 4782 ἐνέργειαν
949 4712 1176 4781 γνῶσις,
1230 4714 1392 4783 ήτοῦ
1437 4716 1557 4769 κατ’
1618 4716 1876 4787 ἀλήθειαν
1928 4720 2027 4770 ἐπ-

457 4802 760 4868 εγνωκὸτος
793 4803 885 4855 τὸν
913 4803 1079 4868 Θεὸν,
1116 4804 1251 4875 πρὸς
1280 4805 1339 4858 τὸ
1375 4806 1591 4878 πνεῦμα
1620 4809 1759 4862 κατὰ
1787 4810 1885 4879 τὴν
1914 4809 2028 4876 ἕξιν

406 4957 415 4967 ν
458 4892 767 4957 ἀλλοίωσις.

528 4983 595 5047 ζ’.
639 4980 936 5051 Ἀνάγνωθι
964 4984 1025 5038 τὸ
1051 4993 1135 5050 ος¹
1176 4989 1276 5057 τῆς
1322 4989 1493 5058 αὐτῆς
1530 4998 1594 5061 ρ’,
1645 4993 1738 5045 καὶ
1774 4993 2026 5063 εὑρήσεις

457 5073 644 5143 ὅμοιον
670 5072 867 5144 πάντη,
896 5074 1046 5146 παρά
1073 5076 1133 5128 τὸ
1165 5079 1272 5131 τῶν
1303 5080 1585 5149 ὀνομάτων
1613 5081 1893 5154 διάφορον.

527 5253 598 5318 η’.
643 5248 707 5301 Εἰ
740 5248 1030 5320 φάρμακον
1077 5248 1175 5319 τῆς
1229 5251 1446 5321 ἀγάπης
1474 5256 1506 5323 ή
1539 5255 1724 5326 ἐντολὴ
1756 5258 1898 5312 κατά
1928 5262 2023 5315 τοῦ

456 5336 630 5409 θυμοῦ
675 5336 852 5409 ἐδόθψ
889 5339 1103 5403 πάντως
1140 5340 1172 5410 ή
1204 5339 1502 5409 ἐγκράτεια
1535 5345 1677 5398 κατὰ
1701 5348 1800 5420 τῆς
1831 5350 2023 5403 ἐπιθυ-

459 5425 590 5495 μίας
613 5425 933 5499 δεδώρηται.
974 5426 1270 5496 Ἀνάγνωθι
1303 5430 1363 5481 τὸ
1403 5430 1497 5483 σθ’.

2130 3167 2263 3209 vero
2290 3171 2406 3222 eos,
2446 3158 2541 3227 qui
2571 3174 2893 3213 mammona:
2930 3174 3091 3214 causa
3118 3158 3434 3213 moriuntur
3462 3174 3475 3210 :
3528 3158 3717 3226 perin-

2133 3246 2310 3316 deque
2350 3260 2435 3303 est
2484 3265 2548 3304 ac
2593 3250 2763 3314 dicas,
2815 3252 2937 3319 eius
2986 3251 3131 3320 quod
3186 3249 3474 3321 publicum
3537 3247 3713 3319 (quasi

2133 3338 2273 3395 forte
2303 3340 2575 3412 terarium)
2601 3350 2820 3406 vocant,
2844 3356 2899 3397 et
2921 3343 3111 3397 mundi
3139 3353 3429 3398 rectorem.

2204 3432 2255 3485 4.
2288 3433 2435 3487 Deus
2460 3450 2654 3489 omnes
2681 3435 2934 3489 homines
2956 3435 3077 3490 vult
3102 3435 3282 3490 salvos
3328 3434 3469 3499 ﬁeri,
3506 3445 3564 3488 et
3613 3450 3713 3504 pro

2133 3524 2393 3578 omnibus
2428 3532 2681 3579 mortuus
2738 3534 2842 3588 est,
2875 3532 2937 3578 ut
3000 3540 3193 3579 omnes
3240 3526 3471 3579 salutem
3516 3539 3713 3579 conse-

2133 3625 2373 3686 quantur
2405 3618 2469 3669 ³⁷.
2508 3618 2610 3683 Qui
2653 3634 2784 3688 ergo
2834 3618 3003 3671 Deum
3051 3618 3249 3685 diligit,
3287 3619 3392 3671 hoc
3446 3618 3709 3679 custodit,

2132 3707 2282 3776 quod
2326 3723 2393 3762 ex
2422 3709 2517 3763 Dei
2547 3711 2827 3764 voluntate
2858 3710 3092 3764 exsistit.
3119 3709 3222 3775 Qui
3256 3725 3388 3763 vero
3417 3711 3709 3769 custodiat.

2133 3797 2410 3864 quomodo
2440 3812 2550 3850 non
2593 3813 2785 3853 omnes
2818 3807 2880 3852 ut
2932 3799 3175 3868 seipsum
3227 3798 3425 3868 diligit,
3486 3798 3712 3867 vultque

2078 3946 2079 3949 η
2131 3901 2326 3943 omnes
2359 3886 2539 3941 salvos
2584 3887 2740 3953 ﬁeri,
2796 3903 2921 3943 cum
2963 3888 3082 3943 haec
3130 3888 3227 3943 Dei
3274 3888 3531 3943 voluntas
3564 3888 3711 3943 exsi-

2133 3979 2282 4033 stat?

2203 4071 2256 4123 5.
2297 4069 2597 4125 Scientiam
2623 4071 2741 4134 Dei,
2772 4069 2935 4126 ﬁdem
2978 4081 3159 4127 vocat.
3190 4070 3524 4141 Charitatem
3554 4086 3708 4132 vero,

2132 4160 2579 4215 observationem
2618 4162 3026 4229 mandatorum,
3057 4178 3222 4233 quam
3271 4171 3327 4218 et
3367 4163 3708 4217 voluntatem

2132 4252 2389 4320 appellat,
2422 4261 2476 4306 et
2501 4252 2925 4322 justiﬁcationes
2949 4263 3003 4308 et
3047 4254 3299 4308 mandata
3336 4264 3392 4308 et
3440 4262 3711 4323 praecepta

2131 4352 2187 4395 et.
2208 4343 2415 4406 lumen,
2445 4344 2598 4413 juxta
2634 4344 2765 4397 illud
2799 4362 2811 4397 :
2859 4344 2996 4410 Quia
3034 4344 3124 4399 lux
3156 4345 3414 4400 mandata
3442 4344 3508 4399 ³⁸.
3540 4344 3711 4399 Porro

2137 4444 2301 4504 caput
2332 4436 2437 4489 hoc
2480 4436 2766 4491 scientiam
2802 4438 3025 4493 exhibet
3069 4454 3195 4494 cum
3234 4439 3450 4494 actione
3480 4439 3713 4508 conjun-

2136 4538 2279 4582 ctam
2307 4544 2540 4599 eamque
2566 4530 2918 4601 dirigentem.

2205 4619 2257 4671 6.
2302 4620 2558 4676 Scientize
2593 4630 2785 4676 auctor
2832 4623 2978 4677 Deus
3010 4632 3113 4677 est.
3140 4623 3271 4695 Ejus
3303 4633 3486 4679 autem
3508 4622 3563 4676 in
3584 4629 3706 4676 actu

2134 4712 2385 4775 scicntia,
2416 4715 2535 4784 ejus
2561 4723 2645 4768 est
2674 4716 2769 4785 qui
2797 4715 2967 4769 Deum
2996 4716 3119 4781 scit,
3142 4716 3197 4772 in
3236 4716 3490 4786 spiritum
3514 4713 3707 4769 habitu

2134 4803 2461 4859 immutatio.

2200 4978 2249 5031 7.
2285 4978 2427 5049 Lege
2476 4990 2640 5050 caput
2690 4982 3153 5053 septuagesimum
3202 4992 3415 5037 sextum
3456 4984 3703 5053 ejusdem

2127 5070 2453 5133 centenarii,
2508 5070 2867 5141 inveniesque
2917 5088 3147 5142 prorsus
3195 5074 3397 5138 simile,
3422 5074 3530 5129 nisi
3554 5073 3704 5144 quod

2132 5164 2239 5218 alia
2261 5165 2485 5220 nomina
2512 5168 2690 5236 posita
2714 5176 2861 5221 sunt.

2202 5255 2368 5327 459
2390 5255 2441 5310 8.
2471 5257 2526 5311 Si
2550 5258 2840 5313 charitatis
2880 5258 3197 5312 mandatum
3247 5258 3553 5314 remedium
3608 5258 3706 5313 ad-

2129 5363 2322 5403 versus
2352 5351 2487 5403 iram
2514 5350 2699 5404 datum
2729 5359 2844 5413 est,
2883 5352 3039 5420 plane
3064 5348 3406 5406 continentia
3436 5352 3706 5418 advers.

2129 5440 2635 5510 concupiscentiam
2661 5457 2923 5497 concessa
2948 5452 3053 5498 est.
3084 5442 3226 5514 Lege
3250 5458 3371 5514 cap.
3402 5443 3489 5500 79.

526 5534 617 5592 ³³1
644 5534 768 5591 Cor.
800 5552 914 5601 xm,
944 5538 997 5591 2.
1075 5538 1120 5570 ³⁸
1154 5538 1352 5594 lJoan.
1389 5558 1459 5605 IV,
1496 5543 1581 5597 46.
1660 5544 1704 5575 ³⁸
1731 5545 1893 5600 lCor.
1928 5567 2031 5618 vui,

2195 5555 2235 5585 ³⁷
2269 5554 2286 5606 l
2324 5552 2465 5605 Tim.
2500 5568 2556 5617 ιι,
2593 5552 2645 5605 4.
2724 5552 2766 5585 ³⁸
2802 5554 2902 5607 lsa.
2938 5570 3081 5618 XXVI,
3114 5555 3167 5608 9.

515 5658 594 5732 (α)
654 5658 731 5717 Ex
767 5659 1060 5730 Bapbaclis
1098 5660 1366 5727 Dufrenii,
1423 5682 1568 5729 nunc
1599 5667 1786 5738 Regio,
1843 5672 2052 5728 codice.
