  <div class='ocr_page' id='page_1' title='image "/cluster/home/n/w/nwhite01/storage/ocr_20150623/90/hvd.32044073502197/543.png"; bbox 0 0 4128 6210; ppageno 0'>
   <div class='ocr_carea' id='block_1_1' title="bbox 409 302 544 369">
    <p class='ocr_par' dir='ltr' id='par_1_1' title="bbox 409 302 544 369">
     <span class='ocr_line' id='line_1_1' title="bbox 409 302 544 369; baseline 0.007 -1"><span class='ocrx_word' id='word_1_1' title='bbox 409 302 544 369; x_wconf 78' lang='grc' dir='ltr'><strong>1οἷ5</strong></span> 
     </span>
    </p>
   </div>
   <div class='ocr_carea' id='block_1_2' title="bbox 1569 294 2504 360">
    <p class='ocr_par' dir='ltr' id='par_1_2' title="bbox 1569 294 2504 360">
     <span class='ocr_line' id='line_1_2' title="bbox 1569 294 2504 360; baseline -0.001 -2"><span class='ocrx_word' id='word_1_2' title='bbox 1569 297 1630 359; x_wconf 91' lang='lat' dir='ltr'><strong>S.</strong></span> <span class='ocrx_word' id='word_1_3' title='bbox 1671 296 1959 360; x_wconf 84' lang='lat' dir='ltr'><strong>MAXIMI</strong></span> <span class='ocrx_word' id='word_1_4' title='bbox 1995 294 2504 357; x_wconf 84' lang='lat' dir='ltr'><strong>CONFESSORIS</strong></span> 
     </span>
    </p>
   </div>
   <div class='ocr_carea' id='block_1_3' title="bbox 3542 239 3693 364">
    <p class='ocr_par' dir='ltr' id='par_1_3' title="bbox 3542 239 3693 364">
     <span class='ocr_line' id='line_1_3' title="bbox 3542 239 3693 364; baseline 0.026 -4"><span class='ocrx_word' id='word_1_5' title='bbox 3542 295 3636 362; x_wconf 73' lang='lat'><strong>107</strong></span> <span class='ocrx_word' id='word_1_6' title='bbox 3650 239 3693 364; x_wconf 44' lang='grc' dir='ltr'><strong><em>ὃ.</em></strong></span> 
     </span>
    </p>
   </div>
   <div class='ocr_carea' id='block_1_4' title="bbox 474 403 2013 481">
    <p class='ocr_par' dir='ltr' id='par_1_4' title="bbox 474 405 1991 480">
     <span class='ocr_line' id='line_1_4' title="bbox 474 405 1991 480; baseline -0.007 -10"><span class='ocrx_word' id='word_1_7' title='bbox 474 416 529 472; x_wconf 82' lang='lat'><strong>9.</strong></span> <span class='ocrx_word' id='word_1_8' title='bbox 553 411 664 469; x_wconf 84' lang='lat' dir='ltr'><strong>Nos</strong></span> <span class='ocrx_word' id='word_1_9' title='bbox 693 424 828 466; x_wconf 88' lang='lat' dir='ltr'><strong>vero</strong></span> <span class='ocrx_word' id='word_1_10' title='bbox 850 410 944 480; x_wconf 86' lang='lat' dir='ltr'><strong>qui</strong></span> <span class='ocrx_word' id='word_1_11' title='bbox 995 408 1193 463; x_wconf 84' lang='lat' dir='ltr'><strong>horum</strong></span> <span class='ocrx_word' id='word_1_12' title='bbox 1218 405 1385 461; x_wconf 88' lang='lat' dir='ltr'><strong>trium</strong></span> <span class='ocrx_word' id='word_1_13' title='bbox 1416 406 1561 461; x_wconf 83' lang='lat' dir='ltr'><strong>servi</strong></span> <span class='ocrx_word' id='word_1_14' title='bbox 1593 407 1788 471; x_wconf 91' lang='lat' dir='ltr'><strong>simus,</strong></span> <span class='ocrx_word' id='word_1_15' title='bbox 1815 422 1991 476; x_wconf 85' lang='lat' dir='ltr'><strong>quan-</strong></span> 
     </span>
    </p>
   </div>
   <div class='ocr_carea' id='block_1_5' title="bbox 2114 403 3671 481">
    <p class='ocr_par' dir='ltr' id='par_1_5' title="bbox 2167 403 3671 481">
     <span class='ocr_line' id='line_1_5' title="bbox 2167 403 3671 481; baseline 0.002 -21"><span class='ocrx_word' id='word_1_16' title='bbox 2167 406 2232 460; x_wconf 90' lang='grc' dir='ltr'><strong>θ’.</strong></span> <span class='ocrx_word' id='word_1_17' title='bbox 2283 408 2344 459; x_wconf 76' lang='grc' dir='ltr'>Οἱ</span> <span class='ocrx_word' id='word_1_18' title='bbox 2375 405 2433 460; x_wconf 81' lang='grc' dir='ltr'>δὲ</span> <span class='ocrx_word' id='word_1_19' title='bbox 2475 403 2585 459; x_wconf 84' lang='grc' dir='ltr'>τῶν</span> <span class='ocrx_word' id='word_1_20' title='bbox 2611 405 2783 479; x_wconf 85' lang='grc' dir='ltr'>τριῶν</span> <span class='ocrx_word' id='word_1_21' title='bbox 2824 406 3023 475; x_wconf 87' lang='grc' dir='ltr'>δοῦλοι,</span> <span class='ocrx_word' id='word_1_22' title='bbox 3063 409 3229 465; x_wconf 80' lang='grc' dir='ltr'>πόσον</span> <span class='ocrx_word' id='word_1_23' title='bbox 3258 411 3416 481; x_wconf 75' lang='grc' dir='ltr'>μῖσος</span> <span class='ocrx_word' id='word_1_24' title='bbox 3435 409 3557 463; x_wconf 75' lang='grc' dir='ltr'>κατ’</span> <span class='ocrx_word' id='word_1_25' title='bbox 3583 409 3671 463; x_wconf 81' lang='grc' dir='ltr'><strong>ἀλ-</strong></span> 
     </span>
    </p>
   </div>
   <div class='ocr_carea' id='block_1_6' title="bbox 409 494 1992 566">
    <p class='ocr_par' dir='ltr' id='par_1_6' title="bbox 409 494 1992 566">
     <span class='ocr_line' id='line_1_6' title="bbox 409 494 1992 566; baseline -0.007 -7"><span class='ocrx_word' id='word_1_26' title='bbox 409 515 533 560; x_wconf 82' lang='lat' dir='ltr'><strong>tum</strong></span> <span class='ocrx_word' id='word_1_27' title='bbox 548 502 647 558; x_wconf 77' lang='lat' dir='ltr'><strong>alii</strong></span> <span class='ocrx_word' id='word_1_28' title='bbox 700 502 756 555; x_wconf 85' lang='lat' dir='ltr'><strong>in</strong></span> <span class='ocrx_word' id='word_1_29' title='bbox 790 500 929 553; x_wconf 89' lang='lat' dir='ltr'><strong>alios</strong></span> <span class='ocrx_word' id='word_1_30' title='bbox 954 496 1145 551; x_wconf 91' lang='lat' dir='ltr'><strong>odium</strong></span> <span class='ocrx_word' id='word_1_31' title='bbox 1174 495 1410 561; x_wconf 89' lang='lat' dir='ltr'><strong>alimus;</strong></span> <span class='ocrx_word' id='word_1_32' title='bbox 1433 495 1530 566; x_wconf 86' lang='lat' dir='ltr'><strong>qui</strong></span> <span class='ocrx_word' id='word_1_33' title='bbox 1571 494 1875 550; x_wconf 72' lang='lat' dir='ltr'><strong>insatiabili</strong></span> <span class='ocrx_word' id='word_1_34' title='bbox 1896 508 1992 549; x_wconf 88' lang='lat' dir='ltr'><strong>cu-</strong></span> 
     </span>
    </p>
   </div>
   <div class='ocr_carea' id='block_1_7' title="bbox 410 586 1564 667">
    <p class='ocr_par' dir='ltr' id='par_1_7' title="bbox 410 586 1564 667">
     <span class='ocr_line' id='line_1_7' title="bbox 410 586 1564 667; baseline -0.007 -18"><span class='ocrx_word' id='word_1_35' title='bbox 410 596 640 667; x_wconf 74' lang='lat' dir='ltr'><strong>piditate</strong></span> <span class='ocrx_word' id='word_1_36' title='bbox 668 591 769 648; x_wconf 85' lang='lat' dir='ltr'><strong>toti</strong></span> <span class='ocrx_word' id='word_1_37' title='bbox 804 598 1112 645; x_wconf 79' lang='lat' dir='ltr'><strong>teneamur.</strong></span> <span class='ocrx_word' id='word_1_38' title='bbox 1152 587 1295 659; x_wconf 86' lang='lat' dir='ltr'><strong>Lege</strong></span> <span class='ocrx_word' id='word_1_39' title='bbox 1327 602 1448 657; x_wconf 91' lang='lat' dir='ltr'><strong>cap.</strong></span> <span class='ocrx_word' id='word_1_40' title='bbox 1473 586 1564 642; x_wconf 67' lang='grc' dir='ltr'><strong>ϐαι.</strong></span> 
     </span>
    </p>
   </div>
   <div class='ocr_carea' id='block_1_8' title="bbox 477 675 1993 752">
    <p class='ocr_par' dir='ltr' id='par_1_8' title="bbox 477 675 1993 752">
     <span class='ocr_line' id='line_1_8' title="bbox 477 675 1993 752; baseline -0.008 -9"><span class='ocrx_word' id='word_1_41' title='bbox 477 687 564 743; x_wconf 87' lang='grc'><strong>10.</strong></span> <span class='ocrx_word' id='word_1_42' title='bbox 596 685 721 742; x_wconf 89' lang='lat' dir='ltr'><strong>Ubi&#39;</strong></span> <span class='ocrx_word' id='word_1_43' title='bbox 745 683 980 747; x_wconf 79' lang='lat' dir='ltr'><strong>dixerat,</strong></span> <span class='ocrx_word' id='word_1_44' title='bbox 1023 696 1146 752; x_wconf 88' lang='lat' dir='ltr'><strong>cap.</strong></span> <span class='ocrx_word' id='word_1_45' title='bbox 1187 682 1275 746; x_wconf 86' lang='lat'><strong>77,</strong></span> <span class='ocrx_word' id='word_1_46' title='bbox 1307 695 1406 751; x_wconf 89' lang='lat' dir='ltr'><strong>per</strong></span> <span class='ocrx_word' id='word_1_47' title='bbox 1445 678 1705 733; x_wconf 86' lang='lat' dir='ltr'><strong>mandata</strong></span> <span class='ocrx_word' id='word_1_48' title='bbox 1742 676 1811 734; x_wconf 87' lang='lat' dir='ltr'><strong>ab</strong></span> <span class='ocrx_word' id='word_1_49' title='bbox 1854 675 1993 732; x_wconf 63' lang='grc' dir='ltr'>απο-</span> 
     </span>
    </p>
   </div>
   <div class='ocr_carea' id='block_1_9' title="bbox 403 769 1995 845">
    <p class='ocr_par' dir='ltr' id='par_1_9' title="bbox 403 769 1995 845">
     <span class='ocr_line' id='line_1_9' title="bbox 403 769 1995 845; baseline -0.007 -10"><span class='ocrx_word' id='word_1_50' title='bbox 403 782 590 836; x_wconf 83' lang='lat' dir='ltr'><strong>ctibus</strong></span> <span class='ocrx_word' id='word_1_51' title='bbox 613 794 677 833; x_wconf 87' lang='lat' dir='ltr'><strong>ac</strong></span> <span class='ocrx_word' id='word_1_52' title='bbox 706 776 857 833; x_wconf 71' lang='lat' dir='ltr'><strong>Vitiis</strong></span> <span class='ocrx_word' id='word_1_53' title='bbox 887 775 1162 830; x_wconf 90' lang='lat' dir='ltr'><strong>immunes</strong></span> <span class='ocrx_word' id='word_1_54' title='bbox 1188 782 1446 845; x_wconf 54' lang='lat' dir='ltr'><strong>praestare</strong></span> <span class='ocrx_word' id='word_1_55' title='bbox 1475 789 1489 826; x_wconf 91' lang='lat'><strong>:</strong></span> <span class='ocrx_word' id='word_1_56' title='bbox 1522 772 1629 827; x_wconf 89' lang='lat' dir='ltr'><strong>hoc</strong></span> <span class='ocrx_word' id='word_1_57' title='bbox 1658 787 1809 826; x_wconf 90' lang='lat' dir='ltr'><strong>nunc</strong></span> <span class='ocrx_word' id='word_1_58' title='bbox 1840 769 1995 840; x_wconf 82' lang='lat' dir='ltr'><strong>capi—</strong></span> 
     </span>
    </p>
   </div>
   <div class='ocr_carea' id='block_1_10' title="bbox 410 864 1994 938">
    <p class='ocr_par' dir='ltr' id='par_1_10' title="bbox 410 864 1994 938">
     <span class='ocr_line' id='line_1_10' title="bbox 410 864 1994 938; baseline -0.004 -11"><span class='ocrx_word' id='word_1_59' title='bbox 410 873 525 928; x_wconf 75' lang='lat' dir='ltr'><strong>tulo</strong></span> <span class='ocrx_word' id='word_1_60' title='bbox 549 869 773 924; x_wconf 88' lang='lat' dir='ltr'><strong>modum</strong></span> <span class='ocrx_word' id='word_1_61' title='bbox 795 867 1072 933; x_wconf 90' lang='lat' dir='ltr'><strong>ostendit;</strong></span> <span class='ocrx_word' id='word_1_62' title='bbox 1099 883 1295 938; x_wconf 87' lang='lat' dir='ltr'><strong>nempe</strong></span> <span class='ocrx_word' id='word_1_63' title='bbox 1314 868 1368 921; x_wconf 84' lang='lat' dir='ltr'><strong>in</strong></span> <span class='ocrx_word' id='word_1_64' title='bbox 1393 866 1663 922; x_wconf 87' lang='lat' dir='ltr'><strong>charitate</strong></span> <span class='ocrx_word' id='word_1_65' title='bbox 1686 873 1743 920; x_wconf 91' lang='lat' dir='ltr'><strong>et</strong></span> <span class='ocrx_word' id='word_1_66' title='bbox 1760 864 1994 937; x_wconf 79' lang='lat' dir='ltr'><strong>jejunio,</strong></span> 
     </span>
    </p>
   </div>
   <div class='ocr_carea' id='block_1_11' title="bbox 410 959 1251 1031">
    <p class='ocr_par' dir='ltr' id='par_1_11' title="bbox 410 959 1251 1031">
     <span class='ocr_line' id='line_1_11' title="bbox 410 959 1251 1031; baseline -0.006 -13"><span class='ocrx_word' id='word_1_67' title='bbox 410 960 861 1031; x_wconf 84' lang='lat' dir='ltr'><strong>continentiaque</strong></span> <span class='ocrx_word' id='word_1_68' title='bbox 893 968 948 1013; x_wconf 88' lang='lat' dir='ltr'><strong>et</strong></span> <span class='ocrx_word' id='word_1_69' title='bbox 976 959 1251 1014; x_wconf 88' lang='lat' dir='ltr'><strong>oratione.</strong></span> 
     </span>
    </p>
   </div>
   <div class='ocr_carea' id='block_1_12' title="bbox 356 1042 1996 1122">
    <p class='ocr_par' dir='ltr' id='par_1_12' title="bbox 356 1042 1996 1122">
     <span class='ocr_line' id='line_1_12' title="bbox 356 1042 1996 1122; baseline -0.005 -12"><span class='ocrx_word' id='word_1_70' title='bbox 356 1042 363 1051; x_wconf 66' lang='grc'><strong>’</strong></span> <span class='ocrx_word' id='word_1_71' title='bbox 483 1055 570 1109; x_wconf 88' lang='grc'><strong>11.</strong></span> <span class='ocrx_word' id='word_1_72' title='bbox 602 1054 779 1108; x_wconf 84' lang='lat' dir='ltr'><strong>Etiam</strong></span> <span class='ocrx_word' id='word_1_73' title='bbox 818 1052 943 1122; x_wconf 88' lang='lat' dir='ltr'><strong>quis</strong></span> <span class='ocrx_word' id='word_1_74' title='bbox 992 1051 1260 1121; x_wconf 82' lang='lat' dir='ltr'><strong>spiritalis</strong></span> <span class='ocrx_word' id='word_1_75' title='bbox 1307 1065 1372 1105; x_wconf 90' lang='lat' dir='ltr'><strong>ac</strong></span> <span class='ocrx_word' id='word_1_76' title='bbox 1433 1048 1667 1105; x_wconf 86' lang='lat' dir='ltr'><strong>scientia</strong></span> <span class='ocrx_word' id='word_1_77' title='bbox 1714 1046 1996 1118; x_wconf 71' lang='lat' dir='ltr'><strong>praeditus,</strong></span> 
     </span>
    </p>
   </div>
   <div class='ocr_carea' id='block_1_13' title="bbox 416 1144 1430 1213">
    <p class='ocr_par' dir='ltr' id='par_1_13' title="bbox 416 1144 1430 1213">
     <span class='ocr_line' id='line_1_13' title="bbox 416 1144 1430 1213; baseline -0.007 -11"><span class='ocrx_word' id='word_1_78' title='bbox 416 1163 611 1203; x_wconf 84' lang='lat' dir='ltr'><strong>rursus</strong></span> <span class='ocrx_word' id='word_1_79' title='bbox 643 1144 960 1201; x_wconf 85' lang='lat' dir='ltr'><strong>detrahitur</strong></span> <span class='ocrx_word' id='word_1_80' title='bbox 985 1160 1050 1199; x_wconf 92' lang='lat' dir='ltr'><strong>ac</strong></span> <span class='ocrx_word' id='word_1_81' title='bbox 1077 1144 1430 1213; x_wconf 79' lang='lat' dir='ltr'><strong>degravatur.</strong></span> 
     </span>
    </p>
   </div>
   <div class='ocr_carea' id='block_1_14' title="bbox 483 1225 2002 1304">
    <p class='ocr_par' dir='ltr' id='par_1_14' title="bbox 483 1225 2002 1304">
     <span class='ocr_line' id='line_1_14' title="bbox 483 1225 2002 1304; baseline -0.008 -13"><span class='ocrx_word' id='word_1_82' title='bbox 483 1237 570 1290; x_wconf 75' lang='lat' dir='ltr'><strong>l2.</strong></span> <span class='ocrx_word' id='word_1_83' title='bbox 596 1235 708 1291; x_wconf 87' lang='lat' dir='ltr'><strong>Nos</strong></span> <span class='ocrx_word' id='word_1_84' title='bbox 739 1248 871 1289; x_wconf 86' lang='lat' dir='ltr'><strong>vero</strong></span> <span class='ocrx_word' id='word_1_85' title='bbox 897 1233 993 1304; x_wconf 92' lang='lat' dir='ltr'><strong>qui</strong></span> <span class='ocrx_word' id='word_1_86' title='bbox 1023 1232 1315 1288; x_wconf 65' lang='lat' dir='ltr'><strong>aﬂectibus</strong></span> <span class='ocrx_word' id='word_1_87' title='bbox 1338 1240 1504 1301; x_wconf 87' lang='lat' dir='ltr'><strong>atque</strong></span> <span class='ocrx_word' id='word_1_88' title='bbox 1528 1228 1682 1283; x_wconf 77' lang='lat' dir='ltr'><strong>vitiis</strong></span> <span class='ocrx_word' id='word_1_89' title='bbox 1704 1225 1889 1282; x_wconf 88' lang='lat' dir='ltr'><strong>obruti</strong></span> <span class='ocrx_word' id='word_1_90' title='bbox 1928 1226 2002 1280; x_wconf 89' lang='lat' dir='ltr'><strong>si-</strong></span> 
     </span>
    </p>
   </div>
   <div class='ocr_carea' id='block_1_15' title="bbox 416 1318 2005 1397">
    <p class='ocr_par' dir='ltr' id='par_1_15' title="bbox 416 1318 2005 1397">
     <span class='ocr_line' id='line_1_15' title="bbox 416 1318 2005 1397; baseline -0.007 -14"><span class='ocrx_word' id='word_1_91' title='bbox 416 1343 558 1390; x_wconf 87' lang='lat' dir='ltr'><strong>mus,</strong></span> <span class='ocrx_word' id='word_1_92' title='bbox 580 1326 857 1397; x_wconf 89' lang='lat' dir='ltr'><strong>quomodo</strong></span> <span class='ocrx_word' id='word_1_93' title='bbox 882 1324 1384 1395; x_wconf 89' lang='lat' dir='ltr'><strong>contemplabimur</strong></span> <span class='ocrx_word' id='word_1_94' title='bbox 1414 1340 1427 1376; x_wconf 91' lang='lat'><strong>:</strong></span> <span class='ocrx_word' id='word_1_95' title='bbox 1457 1329 1554 1376; x_wconf 88' lang='lat' dir='ltr'><strong>aut</strong></span> <span class='ocrx_word' id='word_1_96' title='bbox 1584 1318 1862 1390; x_wconf 90' lang='lat' dir='ltr'><strong>quomodo</strong></span> <span class='ocrx_word' id='word_1_97' title='bbox 1883 1333 2005 1388; x_wconf 69' lang='lat' dir='ltr'><strong>qua:</strong></span> 
     </span>
    </p>
   </div>
   <div class='ocr_carea' id='block_1_16' title="bbox 413 1411 2006 1488">
    <p class='ocr_par' dir='ltr' id='par_1_16' title="bbox 413 1411 2006 1488">
     <span class='ocr_line' id='line_1_16' title="bbox 413 1411 2006 1488; baseline -0.006 -11"><span class='ocrx_word' id='word_1_98' title='bbox 413 1420 687 1479; x_wconf 76' lang='lat' dir='ltr'><strong>fuerimus</strong></span> <span class='ocrx_word' id='word_1_99' title='bbox 727 1418 1103 1488; x_wconf 82' lang='lat' dir='ltr'><strong>contemplati,</strong></span> <span class='ocrx_word' id='word_1_100' title='bbox 1128 1433 1241 1472; x_wconf 92' lang='lat' dir='ltr'><strong>non</strong></span> <span class='ocrx_word' id='word_1_101' title='bbox 1272 1431 1375 1472; x_wconf 91' lang='lat' dir='ltr'><strong>nos</strong></span> <span class='ocrx_word' id='word_1_102' title='bbox 1402 1431 1469 1471; x_wconf 82' lang='lat' dir='ltr'><strong>ex</strong></span> <span class='ocrx_word' id='word_1_103' title='bbox 1492 1421 1696 1469; x_wconf 63' lang='lat' dir='ltr'><strong>sanctae</strong></span> <span class='ocrx_word' id='word_1_104' title='bbox 1717 1411 2006 1468; x_wconf 86' lang='lat' dir='ltr'><strong>Trinitatis</strong></span> 
     </span>
    </p>
   </div>
   <div class='ocr_carea' id='block_1_17' title="bbox 415 1510 1013 1571">
    <p class='ocr_par' dir='ltr' id='par_1_17' title="bbox 415 1510 1013 1571">
     <span class='ocr_line' id='line_1_17' title="bbox 415 1510 1013 1571; baseline -0.01 -1"><span class='ocrx_word' id='word_1_105' title='bbox 415 1512 647 1571; x_wconf 81' lang='lat' dir='ltr'><strong>scientia</strong></span> <span class='ocrx_word' id='word_1_106' title='bbox 674 1510 1013 1566; x_wconf 76' lang='lat' dir='ltr'><strong>extrudent?</strong></span> 
     </span>
    </p>
   </div>
   <div class='ocr_carea' id='block_1_18' title="bbox 488 1599 1698 1673">
    <p class='ocr_par' dir='ltr' id='par_1_18' title="bbox 488 1599 1698 1673">
     <span class='ocr_line' id='line_1_18' title="bbox 488 1599 1698 1673; baseline -0.005 -14"><span class='ocrx_word' id='word_1_107' title='bbox 488 1604 576 1660; x_wconf 77' lang='grc'><strong>15.</strong></span> <span class='ocrx_word' id='word_1_108' title='bbox 606 1603 773 1659; x_wconf 84' lang='lat' dir='ltr'><strong>Vides</strong></span> <span class='ocrx_word' id='word_1_109' title='bbox 799 1600 1280 1673; x_wconf 89' lang='lat' dir='ltr'><strong>contemplationis</strong></span> <span class='ocrx_word' id='word_1_110' title='bbox 1300 1599 1698 1655; x_wconf 86' lang='lat' dir='ltr'><strong>ascensiones?</strong></span> 
     </span>
    </p>
   </div>
   <div class='ocr_carea' id='block_1_19' title="bbox 489 1687 2008 1761">
    <p class='ocr_par' dir='ltr' id='par_1_19' title="bbox 489 1687 2008 1761">
     <span class='ocr_line' id='line_1_19' title="bbox 489 1687 2008 1761; baseline -0.005 -12"><span class='ocrx_word' id='word_1_111' title='bbox 489 1695 577 1749; x_wconf 78' lang='grc'><strong>14.</strong></span> <span class='ocrx_word' id='word_1_112' title='bbox 639 1692 1119 1761; x_wconf 83' lang='lat' dir='ltr'><strong>Quemadmodum</strong></span> <span class='ocrx_word' id='word_1_113' title='bbox 1180 1692 1236 1745; x_wconf 90' lang='lat' dir='ltr'><strong>in</strong></span> <span class='ocrx_word' id='word_1_114' title='bbox 1292 1690 1421 1751; x_wconf 84' lang='lat' dir='ltr'><strong>ﬁde,</strong></span> <span class='ocrx_word' id='word_1_115' title='bbox 1469 1691 1624 1747; x_wconf 90' lang='lat' dir='ltr'><strong>nulla</strong></span> <span class='ocrx_word' id='word_1_116' title='bbox 1668 1687 2008 1745; x_wconf 83' lang='lat' dir='ltr'><strong>inﬁdelitatis</strong></span> 
     </span>
    </p>
   </div>
   <div class='ocr_carea' id='block_1_20' title="bbox 2096 497 3680 574">
    <p class='ocr_par' dir='ltr' id='par_1_20' title="bbox 2096 497 3680 574">
     <span class='ocr_line' id='line_1_20' title="bbox 2096 497 3680 574; baseline 0.003 -23"><span class='ocrx_word' id='word_1_117' title='bbox 2096 497 2273 574; x_wconf 71' lang='grc' dir='ltr'>ληλων</span> <span class='ocrx_word' id='word_1_118' title='bbox 2325 498 2620 570; x_wconf 76' lang='grc' dir='ltr'><strong>τρέφομεν·</strong></span> <span class='ocrx_word' id='word_1_119' title='bbox 2661 501 2757 553; x_wconf 87' lang='grc' dir='ltr'><strong>τοῦ</strong></span> <span class='ocrx_word' id='word_1_120' title='bbox 2798 501 3005 566; x_wconf 78' lang='grc' dir='ltr'><strong>πάθους</strong></span> <span class='ocrx_word' id='word_1_121' title='bbox 3062 503 3175 556; x_wconf 82' lang='grc' dir='ltr'>ὅλοι</span> <span class='ocrx_word' id='word_1_122' title='bbox 3220 501 3322 573; x_wconf 78' lang='grc' dir='ltr'>τῆς</span> <span class='ocrx_word' id='word_1_123' title='bbox 3373 500 3680 574; x_wconf 74' lang='grc' dir='ltr'><strong>ἀπληστίας</strong></span> 
     </span>
    </p>
   </div>
   <div class='ocr_carea' id='block_1_21' title="bbox 2095 590 2953 661">
    <p class='ocr_par' dir='ltr' id='par_1_21' title="bbox 2095 590 2953 661">
     <span class='ocr_line' id='line_1_21' title="bbox 2095 590 2953 661; baseline 0.003 -18"><span class='ocrx_word' id='word_1_124' title='bbox 2095 590 2400 661; x_wconf 83' lang='grc' dir='ltr'>γενόμενοι.</span> <span class='ocrx_word' id='word_1_125' title='bbox 2446 590 2743 659; x_wconf 82' lang='grc' dir='ltr'>Ἀνάγνωθι</span> <span class='ocrx_word' id='word_1_126' title='bbox 2767 591 2828 644; x_wconf 77' lang='grc' dir='ltr'>τὸ</span> <span class='ocrx_word' id='word_1_127' title='bbox 2860 592 2953 657; x_wconf 82' lang='grc' dir='ltr'><strong>ξδ’.</strong></span> 
     </span>
    </p>
   </div>
   <div class='ocr_carea' id='block_1_22' title="bbox 2168 680 3676 756">
    <p class='ocr_par' dir='ltr' id='par_1_22' title="bbox 2168 680 3676 756">
     <span class='ocr_line' id='line_1_22' title="bbox 2168 680 3676 756; baseline 0.002 -22"><span class='ocrx_word' id='word_1_128' title='bbox 2168 688 2221 735; x_wconf 93' lang='grc' dir='ltr'><strong>ι’.</strong></span> <span class='ocrx_word' id='word_1_129' title='bbox 2251 680 2437 735; x_wconf 74' lang='grc' dir='ltr'>Εἰπὼν</span> <span class='ocrx_word' id='word_1_130' title='bbox 2480 682 2539 735; x_wconf 76' lang='grc' dir='ltr'><strong>ὲν</strong></span> <span class='ocrx_word' id='word_1_131' title='bbox 2587 682 2665 753; x_wconf 83' lang='grc' dir='ltr'>τῷ</span> <span class='ocrx_word' id='word_1_132' title='bbox 2717 681 2814 747; x_wconf 69' lang='grc' dir='ltr'>οξ,</span> <span class='ocrx_word' id='word_1_133' title='bbox 2861 684 2944 737; x_wconf 86' lang='grc' dir='ltr'>δτι</span> <span class='ocrx_word' id='word_1_134' title='bbox 2970 683 3060 738; x_wconf 85' lang='grc' dir='ltr'>διὰ</span> <span class='ocrx_word' id='word_1_135' title='bbox 3115 685 3214 756; x_wconf 79' lang='grc' dir='ltr'><strong>μὲν</strong></span> <span class='ocrx_word' id='word_1_136' title='bbox 3258 684 3371 739; x_wconf 85' lang='grc' dir='ltr'>τῶν</span> <span class='ocrx_word' id='word_1_137' title='bbox 3429 686 3676 748; x_wconf 76' lang='grc' dir='ltr'>ἐντολῶν,</span> 
     </span>
    </p>
   </div>
   <div class='ocr_carea' id='block_1_23' title="bbox 2099 773 3681 847">
    <p class='ocr_par' dir='ltr' id='par_1_23' title="bbox 2099 773 3681 847">
     <span class='ocr_line' id='line_1_23' title="bbox 2099 773 3681 847; baseline 0.002 -20"><span class='ocrx_word' id='word_1_138' title='bbox 2099 773 2334 836; x_wconf 82' lang='grc' dir='ltr'><strong>ἀπαθεῖς</strong></span> <span class='ocrx_word' id='word_1_139' title='bbox 2390 775 2713 845; x_wconf 78' lang='grc' dir='ltr'>ἐργάζεταιο</span> <span class='ocrx_word' id='word_1_140' title='bbox 2764 776 2859 830; x_wconf 90' lang='grc' dir='ltr'>νῦν</span> <span class='ocrx_word' id='word_1_141' title='bbox 2909 776 2998 831; x_wconf 82' lang='grc' dir='ltr'>διὰ</span> <span class='ocrx_word' id='word_1_142' title='bbox 3025 776 3181 830; x_wconf 80' lang='grc' dir='ltr'>τοῦδε</span> <span class='ocrx_word' id='word_1_143' title='bbox 3234 776 3331 831; x_wconf 83' lang='grc' dir='ltr'><strong>τοῦ</strong></span> <span class='ocrx_word' id='word_1_144' title='bbox 3380 777 3681 847; x_wconf 76' lang='grc' dir='ltr'>κεφαλαίου</span> 
     </span>
    </p>
   </div>
   <div class='ocr_carea' id='block_1_24' title="bbox 2096 866 3683 942">
    <p class='ocr_par' dir='ltr' id='par_1_24' title="bbox 2096 866 3683 942">
     <span class='ocr_line' id='line_1_24' title="bbox 2096 866 3683 942; baseline 0.001 -22"><span class='ocrx_word' id='word_1_145' title='bbox 2096 866 2336 921; x_wconf 85' lang='grc' dir='ltr'>δείκνυσι</span> <span class='ocrx_word' id='word_1_146' title='bbox 2360 868 2496 931; x_wconf 70' lang='grc' dir='ltr'>πῶς·</span> <span class='ocrx_word' id='word_1_147' title='bbox 2521 869 2603 923; x_wconf 82' lang='grc' dir='ltr'><strong>ὅτι</strong></span> <span class='ocrx_word' id='word_1_148' title='bbox 2627 870 2684 924; x_wconf 73' lang='grc' dir='ltr'><strong>ὲν</strong></span> <span class='ocrx_word' id='word_1_149' title='bbox 2705 868 2897 940; x_wconf 75' lang='grc' dir='ltr'>ἀγάπῃ</span> <span class='ocrx_word' id='word_1_150' title='bbox 2914 871 3009 924; x_wconf 78' lang='grc' dir='ltr'>καὶ</span> <span class='ocrx_word' id='word_1_151' title='bbox 3035 870 3281 942; x_wconf 78' lang='grc' dir='ltr'><strong>νηστείᾳ,</strong></span> <span class='ocrx_word' id='word_1_152' title='bbox 3304 873 3370 942; x_wconf 74' lang='grc' dir='ltr'><strong>τῇ</strong></span> <span class='ocrx_word' id='word_1_153' title='bbox 3394 887 3454 923; x_wconf 86' lang='grc' dir='ltr'><strong>τε</strong></span> <span class='ocrx_word' id='word_1_154' title='bbox 3475 870 3683 942; x_wconf 76' lang='grc' dir='ltr'>ἐγκρα-</span> 
     </span>
    </p>
   </div>
   <div class='ocr_carea' id='block_1_25' title="bbox 2099 960 2672 1032">
    <p class='ocr_par' dir='ltr' id='par_1_25' title="bbox 2099 960 2672 1032">
     <span class='ocr_line' id='line_1_25' title="bbox 2099 960 2672 1032; baseline 0.005 -21"><span class='ocrx_word' id='word_1_155' title='bbox 2099 960 2222 1029; x_wconf 83' lang='grc' dir='ltr'>τείᾳ</span> <span class='ocrx_word' id='word_1_156' title='bbox 2249 960 2344 1012; x_wconf 76' lang='grc' dir='ltr'>καὶ</span> <span class='ocrx_word' id='word_1_157' title='bbox 2372 963 2672 1032; x_wconf 78' lang='grc' dir='ltr'>προσευχῇ.</span> 
     </span>
    </p>
   </div>
   <div class='ocr_carea' id='block_1_26' title="bbox 2173 1052 3512 1125">
    <p class='ocr_par' dir='ltr' id='par_1_26' title="bbox 2173 1052 3512 1125">
     <span class='ocr_line' id='line_1_26' title="bbox 2173 1052 3512 1125; baseline 0.003 -20"><span class='ocrx_word' id='word_1_158' title='bbox 2173 1059 2262 1106; x_wconf 90' lang='grc' dir='ltr'><strong>ια’.</strong></span> <span class='ocrx_word' id='word_1_159' title='bbox 2296 1052 2407 1106; x_wconf 79' lang='grc' dir='ltr'><strong>Καὶ</strong></span> <span class='ocrx_word' id='word_1_160' title='bbox 2435 1055 2735 1123; x_wconf 87' lang='grc' dir='ltr'>γνωστικός</span> <span class='ocrx_word' id='word_1_161' title='bbox 2764 1072 2848 1120; x_wconf 89' lang='grc' dir='ltr'>τις</span> <span class='ocrx_word' id='word_1_162' title='bbox 2875 1055 3298 1125; x_wconf 80' lang='grc' dir='ltr'>ὲγκατασπᾶται</span> <span class='ocrx_word' id='word_1_163' title='bbox 3330 1054 3512 1109; x_wconf 84' lang='grc' dir='ltr'>πάλιν.</span> 
     </span>
    </p>
   </div>
   <div class='ocr_carea' id='block_1_27' title="bbox 2179 1225 3683 1299">
    <p class='ocr_par' dir='ltr' id='par_1_27' title="bbox 2179 1225 3683 1299">
     <span class='ocr_line' id='line_1_27' title="bbox 2179 1225 3683 1299; baseline 0.003 -20"><span class='ocrx_word' id='word_1_164' title='bbox 2179 1225 2265 1296; x_wconf 85' lang='grc' dir='ltr'><strong>ιβ’.</strong></span> <span class='ocrx_word' id='word_1_165' title='bbox 2311 1226 2523 1297; x_wconf 80' lang='grc' dir='ltr'><strong>Ἠμεῖς</strong></span> <span class='ocrx_word' id='word_1_166' title='bbox 2569 1227 2627 1281; x_wconf 86' lang='grc' dir='ltr'>δὲ</span> <span class='ocrx_word' id='word_1_167' title='bbox 2678 1233 3123 1299; x_wconf 75' lang='grc' dir='ltr'>συγκεχωσμένοι</span> <span class='ocrx_word' id='word_1_168' title='bbox 3154 1232 3269 1294; x_wconf 83' lang='grc' dir='ltr'>τοῖς</span> <span class='ocrx_word' id='word_1_169' title='bbox 3323 1229 3541 1295; x_wconf 80' lang='grc' dir='ltr'>πάθεσι,</span> <span class='ocrx_word' id='word_1_170' title='bbox 3569 1230 3683 1294; x_wconf 85' lang='grc' dir='ltr'><strong>πῶς</strong></span> 
     </span>
    </p>
   </div>
   <div class='ocr_carea' id='block_1_28' title="bbox 2105 1315 3686 1391">
    <p class='ocr_par' dir='ltr' id='par_1_28' title="bbox 2105 1315 3686 1391">
     <span class='ocr_line' id='line_1_28' title="bbox 2105 1315 3686 1391; baseline 0.003 -23"><span class='ocrx_word' id='word_1_171' title='bbox 2105 1315 2470 1388; x_wconf 79' lang='grc' dir='ltr'>θεωρήσωμεν</span> <span class='ocrx_word' id='word_1_172' title='bbox 2495 1334 2510 1383; x_wconf 86' lang='grc'><strong>;</strong></span> <span class='ocrx_word' id='word_1_173' title='bbox 2533 1317 2566 1388; x_wconf 83' lang='grc' dir='ltr'>ἢ</span> <span class='ocrx_word' id='word_1_174' title='bbox 2601 1317 2719 1380; x_wconf 81' lang='grc' dir='ltr'><strong>πῶς</strong></span> <span class='ocrx_word' id='word_1_175' title='bbox 2743 1320 2778 1372; x_wconf 81' lang='grc' dir='ltr'>ἃ</span> <span class='ocrx_word' id='word_1_176' title='bbox 2807 1318 3121 1390; x_wconf 80' lang='grc' dir='ltr'><strong>θεωροῦμεν</strong></span> <span class='ocrx_word' id='word_1_177' title='bbox 3145 1321 3246 1373; x_wconf 82' lang='grc' dir='ltr'>οὐκ</span> <span class='ocrx_word' id='word_1_178' title='bbox 3268 1320 3520 1374; x_wconf 76' lang='grc' dir='ltr'>ἐκϐάλλει</span> <span class='ocrx_word' id='word_1_179' title='bbox 3538 1321 3686 1391; x_wconf 74' lang='grc' dir='ltr'>ἡμᾶς</span> 
     </span>
    </p>
   </div>
   <div class='ocr_carea' id='block_1_29' title="bbox 2104 1407 3087 1482">
    <p class='ocr_par' dir='ltr' id='par_1_29' title="bbox 2104 1407 3087 1482">
     <span class='ocr_line' id='line_1_29' title="bbox 2104 1407 3087 1482; baseline 0.023 -26"><span class='ocrx_word' id='word_1_180' title='bbox 2104 1410 2205 1478; x_wconf 81' lang='grc' dir='ltr'>τῆς</span> <span class='ocrx_word' id='word_1_181' title='bbox 2236 1407 2488 1476; x_wconf 83' lang='grc' dir='ltr'>γνώσεως</span> <span class='ocrx_word' id='word_1_182' title='bbox 2515 1410 2613 1482; x_wconf 82' lang='grc' dir='ltr'>τῆς</span> <span class='ocrx_word' id='word_1_183' title='bbox 2648 1411 2809 1481; x_wconf 80' lang='grc' dir='ltr'>ἁγίας</span> <span class='ocrx_word' id='word_1_184' title='bbox 2831 1412 3087 1481; x_wconf 72' lang='grc' dir='ltr'>Τριάδοςί</span> 
     </span>
    </p>
   </div>
   <div class='ocr_carea' id='block_1_30' title="bbox 2185 1607 3451 1681">
    <p class='ocr_par' dir='ltr' id='par_1_30' title="bbox 2185 1607 3451 1681">
     <span class='ocr_line' id='line_1_30' title="bbox 2185 1607 3451 1681; baseline 0.002 -20"><span class='ocrx_word' id='word_1_185' title='bbox 2185 1616 2275 1679; x_wconf 85' lang='grc' dir='ltr'><strong>ιγ’.</strong></span> <span class='ocrx_word' id='word_1_186' title='bbox 2320 1609 2433 1673; x_wconf 78' lang='grc' dir='ltr'>Τὰς</span> <span class='ocrx_word' id='word_1_187' title='bbox 2475 1609 2774 1673; x_wconf 77' lang='grc' dir='ltr'><strong>ἀναϐάσεις</strong></span> <span class='ocrx_word' id='word_1_188' title='bbox 2793 1610 2897 1679; x_wconf 78' lang='grc' dir='ltr'>τῆς</span> <span class='ocrx_word' id='word_1_189' title='bbox 2932 1609 3165 1680; x_wconf 80' lang='grc' dir='ltr'><strong>Θεωρίας</strong></span> <span class='ocrx_word' id='word_1_190' title='bbox 3193 1607 3451 1681; x_wconf 76' lang='grc' dir='ltr'>βλέπειςς</span> 
     </span>
    </p>
   </div>
   <div class='ocr_carea' id='block_1_31' title="bbox 2185 1699 3687 1771">
    <p class='ocr_par' dir='ltr' id='par_1_31' title="bbox 2185 1699 3687 1771">
     <span class='ocr_line' id='line_1_31' title="bbox 2185 1699 3687 1771; baseline -0.003 -17"><span class='ocrx_word' id='word_1_191' title='bbox 2185 1700 2263 1754; x_wconf 86' lang='grc' dir='ltr'><strong>ιδ’.</strong></span> <span class='ocrx_word' id='word_1_192' title='bbox 2297 1700 2418 1753; x_wconf 88' lang='grc' dir='ltr'><strong>Ὅτι</strong></span> <span class='ocrx_word' id='word_1_193' title='bbox 2445 1699 2636 1771; x_wconf 85' lang='grc' dir='ltr'>ὥσπερ</span> <span class='ocrx_word' id='word_1_194' title='bbox 2662 1699 2972 1765; x_wconf 87' lang='grc' dir='ltr'>ἀπιστιδίας</span> <span class='ocrx_word' id='word_1_195' title='bbox 3003 1701 3062 1754; x_wconf 84' lang='grc' dir='ltr'><strong>ὲν</strong></span> <span class='ocrx_word' id='word_1_196' title='bbox 3095 1702 3277 1755; x_wconf 85' lang='grc' dir='ltr'>πίστει</span> <span class='ocrx_word' id='word_1_197' title='bbox 3310 1700 3466 1769; x_wconf 81' lang='grc' dir='ltr'><strong>λόγος</strong></span> <span class='ocrx_word' id='word_1_198' title='bbox 3490 1699 3687 1763; x_wconf 82' lang='grc' dir='ltr'>οὐδείς·</span> 
     </span>
    </p>
   </div>
   <div class='ocr_carea' id='block_1_32' title="bbox 419 1757 2013 1864">
    <p class='ocr_par' dir='ltr' id='par_1_32' title="bbox 419 1781 2008 1853">
     <span class='ocr_line' id='line_1_32' title="bbox 419 1781 2008 1853; baseline -0.004 -13"><span class='ocrx_word' id='word_1_199' title='bbox 419 1785 562 1840; x_wconf 88' lang='lat' dir='ltr'><strong>ratio</strong></span> <span class='ocrx_word' id='word_1_200' title='bbox 586 1792 710 1850; x_wconf 87' lang='lat' dir='ltr'><strong>est;</strong></span> <span class='ocrx_word' id='word_1_201' title='bbox 743 1784 825 1839; x_wconf 89' lang='lat' dir='ltr'><strong>sic</strong></span> <span class='ocrx_word' id='word_1_202' title='bbox 849 1799 1031 1853; x_wconf 88' lang='lat' dir='ltr'><strong>neque</strong></span> <span class='ocrx_word' id='word_1_203' title='bbox 1063 1783 1121 1837; x_wconf 90' lang='lat' dir='ltr'><strong>in</strong></span> <span class='ocrx_word' id='word_1_204' title='bbox 1162 1781 1476 1836; x_wconf 87' lang='lat' dir='ltr'><strong>rationibus</strong></span> <span class='ocrx_word' id='word_1_205' title='bbox 1501 1796 1622 1851; x_wconf 64' lang='lat' dir='ltr'><strong>quae</strong></span> <span class='ocrx_word' id='word_1_206' title='bbox 1664 1789 1880 1835; x_wconf 81' lang='lat' dir='ltr'><strong>suntex</strong></span> <span class='ocrx_word' id='word_1_207' title='bbox 1910 1797 2008 1835; x_wconf 91' lang='lat' dir='ltr'><strong>na-</strong></span> 
     </span>
    </p>
   </div>
   <div class='ocr_carea' id='block_1_33' title="bbox 2114 1757 3692 1864">
    <p class='ocr_par' dir='ltr' id='par_1_33' title="bbox 2114 1757 3692 1864">
     <span class='ocr_line' id='line_1_33' title="bbox 2114 1757 3692 1864; baseline -0.001 -17"><span class='ocrx_word' id='word_1_208' title='bbox 2114 1791 2282 1857; x_wconf 79' lang='grc' dir='ltr'>οὕτως</span> <span class='ocrx_word' id='word_1_209' title='bbox 2314 1792 2436 1846; x_wconf 80' lang='grc' dir='ltr'>οὐδὲ</span> <span class='ocrx_word' id='word_1_210' title='bbox 2488 1795 2546 1846; x_wconf 81' lang='grc' dir='ltr'><strong>ἐν</strong></span> <span class='ocrx_word' id='word_1_211' title='bbox 2588 1757 2701 1857; x_wconf 73' lang='grc' dir='ltr'>τοῖς</span> <span class='ocrx_word' id='word_1_212' title='bbox 2724 1792 2907 1861; x_wconf 84' lang='grc' dir='ltr'><strong>λόγοις</strong></span> <span class='ocrx_word' id='word_1_213' title='bbox 2950 1757 3096 1847; x_wconf 73' lang='grc' dir='ltr'>κατὰ</span> <span class='ocrx_word' id='word_1_214' title='bbox 3133 1792 3295 1863; x_wconf 81' lang='grc' dir='ltr'>φύσιν</span> <span class='ocrx_word' id='word_1_215' title='bbox 3353 1757 3590 1864; x_wconf 55' lang='grc' dir='ltr'>ὑπάρχει</span> <span class='ocrx_word' id='word_1_216' title='bbox 3630 1757 3692 1844; x_wconf 71' lang='grc' dir='ltr'>τὸ</span> 
     </span>
    </p>
   </div>
   <div class='ocr_carea' id='block_1_34' title="bbox 421 1870 2009 1946">
    <p class='ocr_par' dir='ltr' id='par_1_34' title="bbox 421 1870 2009 1946">
     <span class='ocr_line' id='line_1_34' title="bbox 421 1870 2009 1946; baseline -0.003 -15"><span class='ocrx_word' id='word_1_217' title='bbox 421 1876 566 1942; x_wconf 74' lang='lat' dir='ltr'><strong>tura,</strong></span> <span class='ocrx_word' id='word_1_218' title='bbox 601 1875 811 1946; x_wconf 90' lang='lat' dir='ltr'><strong>aliquid</strong></span> <span class='ocrx_word' id='word_1_219' title='bbox 844 1875 989 1929; x_wconf 90' lang='lat' dir='ltr'><strong>inest</strong></span> <span class='ocrx_word' id='word_1_220' title='bbox 1013 1872 1159 1944; x_wconf 90' lang='lat' dir='ltr'><strong>quod</strong></span> <span class='ocrx_word' id='word_1_221' title='bbox 1189 1888 1220 1926; x_wconf 90' lang='lat' dir='ltr'><strong>a</strong></span> <span class='ocrx_word' id='word_1_222' title='bbox 1254 1872 1469 1927; x_wconf 88' lang='lat' dir='ltr'><strong>ratione</strong></span> <span class='ocrx_word' id='word_1_223' title='bbox 1494 1872 1811 1926; x_wconf 84' lang='lat' dir='ltr'><strong>abhorreat.</strong></span> <span class='ocrx_word' id='word_1_224' title='bbox 1857 1870 2009 1942; x_wconf 90' lang='lat' dir='ltr'><strong>Opus</strong></span> 
     </span>
    </p>
   </div>
   <div class='ocr_carea' id='block_1_35' title="bbox 420 1963 2011 2032">
    <p class='ocr_par' dir='ltr' id='par_1_35' title="bbox 420 1963 2011 2032">
     <span class='ocr_line' id='line_1_35' title="bbox 420 1963 2011 2032; baseline -0.004 -9"><span class='ocrx_word' id='word_1_225' title='bbox 420 1978 603 2023; x_wconf 82' lang='lat' dir='ltr'><strong>autem</strong></span> <span class='ocrx_word' id='word_1_226' title='bbox 632 1967 1043 2029; x_wconf 86' lang='lat' dir='ltr'><strong>mandatorum,</strong></span> <span class='ocrx_word' id='word_1_227' title='bbox 1079 1965 1218 2018; x_wconf 88' lang='lat' dir='ltr'><strong>ratio</strong></span> <span class='ocrx_word' id='word_1_228' title='bbox 1242 1974 1328 2018; x_wconf 88' lang='lat' dir='ltr'><strong>est</strong></span> <span class='ocrx_word' id='word_1_229' title='bbox 1355 1979 1419 2018; x_wconf 92' lang='lat' dir='ltr'><strong>ac</strong></span> <span class='ocrx_word' id='word_1_230' title='bbox 1441 1978 1625 2018; x_wconf 90' lang='lat' dir='ltr'><strong>sermo</strong></span> <span class='ocrx_word' id='word_1_231' title='bbox 1648 1963 1829 2032; x_wconf 87' lang='lat' dir='ltr'><strong>reipsa</strong></span> <span class='ocrx_word' id='word_1_232' title='bbox 1853 1979 2011 2019; x_wconf 81' lang='lat' dir='ltr'><strong>exer-</strong></span> 
     </span>
    </p>
   </div>
   <div class='ocr_carea' id='block_1_36' title="bbox 420 2054 2008 2129">
    <p class='ocr_par' dir='ltr' id='par_1_36' title="bbox 420 2054 2008 2129">
     <span class='ocr_line' id='line_1_36' title="bbox 420 2054 2008 2129; baseline -0.002 -15"><span class='ocrx_word' id='word_1_233' title='bbox 420 2061 583 2115; x_wconf 82' lang='lat' dir='ltr'><strong>citus.</strong></span> <span class='ocrx_word' id='word_1_234' title='bbox 610 2058 754 2129; x_wconf 87' lang='lat' dir='ltr'><strong>Lege</strong></span> <span class='ocrx_word' id='word_1_235' title='bbox 785 2074 907 2127; x_wconf 88' lang='lat' dir='ltr'><strong>cap.</strong></span> <span class='ocrx_word' id='word_1_236' title='bbox 929 2056 1020 2122; x_wconf 67' lang='lat'><strong>84,</strong></span> <span class='ocrx_word' id='word_1_237' title='bbox 1054 2064 1110 2111; x_wconf 91' lang='lat' dir='ltr'><strong>et</strong></span> <span class='ocrx_word' id='word_1_238' title='bbox 1129 2054 1529 2125; x_wconf 90' lang='lat' dir='ltr'><strong>conquiesces;</strong></span> <span class='ocrx_word' id='word_1_239' title='bbox 1562 2054 1764 2111; x_wconf 86' lang='lat' dir='ltr'><strong>factum</strong></span> <span class='ocrx_word' id='word_1_240' title='bbox 1793 2056 2008 2113; x_wconf 85' lang='lat' dir='ltr'><strong>scilicet</strong></span> 
     </span>
    </p>
   </div>
   <div class='ocr_carea' id='block_1_37' title="bbox 423 2149 1887 2221">
    <p class='ocr_par' dir='ltr' id='par_1_37' title="bbox 423 2149 1887 2221">
     <span class='ocr_line' id='line_1_37' title="bbox 423 2149 1887 2221; baseline -0.009 -14"><span class='ocrx_word' id='word_1_241' title='bbox 423 2151 522 2208; x_wconf 87' lang='lat' dir='ltr'><strong>tibi</strong></span> <span class='ocrx_word' id='word_1_242' title='bbox 547 2151 682 2205; x_wconf 87' lang='lat' dir='ltr'><strong>satis</strong></span> <span class='ocrx_word' id='word_1_243' title='bbox 713 2149 982 2205; x_wconf 88' lang='lat' dir='ltr'><strong>invenies.</strong></span> <span class='ocrx_word' id='word_1_244' title='bbox 1884 2216 1887 2221; x_wconf 6' lang='grc' dir='ltr'>ἱ</span> 
     </span>
    </p>
   </div>
   <div class='ocr_carea' id='block_1_38' title="bbox 493 2240 2007 2310">
    <p class='ocr_par' dir='ltr' id='par_1_38' title="bbox 493 2240 2007 2310">
     <span class='ocr_line' id='line_1_38' title="bbox 493 2240 2007 2310; baseline -0.002 -12"><span class='ocrx_word' id='word_1_245' title='bbox 493 2244 581 2299; x_wconf 77' lang='grc'><strong>15.</strong></span> <span class='ocrx_word' id='word_1_246' title='bbox 614 2242 914 2306; x_wconf 84' lang='lat' dir='ltr'><strong>Naturalis,</strong></span> <span class='ocrx_word' id='word_1_247' title='bbox 942 2240 1140 2310; x_wconf 86' lang='lat' dir='ltr'><strong>inquit.</strong></span> <span class='ocrx_word' id='word_1_248' title='bbox 1170 2241 1569 2310; x_wconf 91' lang='lat' dir='ltr'><strong>contemplatio</strong></span> <span class='ocrx_word' id='word_1_249' title='bbox 1596 2240 2007 2306; x_wconf 85' lang='lat' dir='ltr'><strong>mandatorum,</strong></span> 
     </span>
    </p>
   </div>
   <div class='ocr_carea' id='block_1_39' title="bbox 424 2329 2011 2402">
    <p class='ocr_par' dir='ltr' id='par_1_39' title="bbox 424 2329 2011 2402">
     <span class='ocr_line' id='line_1_39' title="bbox 424 2329 2011 2402; baseline -0.002 -14"><span class='ocrx_word' id='word_1_250' title='bbox 424 2334 756 2402; x_wconf 86' lang='lat' dir='ltr'><strong>sinceraque</strong></span> <span class='ocrx_word' id='word_1_251' title='bbox 775 2347 904 2401; x_wconf 85' lang='lat' dir='ltr'><strong>erga</strong></span> <span class='ocrx_word' id='word_1_252' title='bbox 936 2329 1251 2400; x_wconf 86' lang='lat' dir='ltr'><strong>proximum</strong></span> <span class='ocrx_word' id='word_1_253' title='bbox 1290 2330 1537 2396; x_wconf 87' lang='lat' dir='ltr'><strong>dilectio,</strong></span> <span class='ocrx_word' id='word_1_254' title='bbox 1567 2346 1665 2386; x_wconf 92' lang='lat' dir='ltr'><strong>eos</strong></span> <span class='ocrx_word' id='word_1_255' title='bbox 1697 2330 1791 2400; x_wconf 89' lang='lat' dir='ltr'><strong>qui</strong></span> <span class='ocrx_word' id='word_1_256' title='bbox 1817 2331 2011 2386; x_wconf 90' lang='lat' dir='ltr'><strong>obser-</strong></span> 
     </span>
    </p>
   </div>
   <div class='ocr_carea' id='block_1_40' title="bbox 425 2422 2008 2495">
    <p class='ocr_par' dir='ltr' id='par_1_40' title="bbox 425 2422 2008 2495">
     <span class='ocr_line' id='line_1_40' title="bbox 425 2422 2008 2495; baseline -0.001 -18"><span class='ocrx_word' id='word_1_257' title='bbox 425 2432 574 2492; x_wconf 72' lang='lat' dir='ltr'><strong>vent,</strong></span> <span class='ocrx_word' id='word_1_258' title='bbox 600 2440 632 2478; x_wconf 88' lang='lat' dir='ltr'><strong>a</strong></span> <span class='ocrx_word' id='word_1_259' title='bbox 653 2439 825 2495; x_wconf 88' lang='lat' dir='ltr'><strong>pravo</strong></span> <span class='ocrx_word' id='word_1_260' title='bbox 848 2439 913 2477; x_wconf 87' lang='lat' dir='ltr'><strong>ac</strong></span> <span class='ocrx_word' id='word_1_261' title='bbox 935 2422 1142 2478; x_wconf 89' lang='lat' dir='ltr'><strong>carnali</strong></span> <span class='ocrx_word' id='word_1_262' title='bbox 1161 2438 1348 2478; x_wconf 88' lang='lat' dir='ltr'><strong>amore</strong></span> <span class='ocrx_word' id='word_1_263' title='bbox 1367 2431 1423 2478; x_wconf 87' lang='lat' dir='ltr'><strong>et</strong></span> <span class='ocrx_word' id='word_1_264' title='bbox 1441 2422 1727 2495; x_wconf 80' lang='lat' dir='ltr'><strong>tyrannide</strong></span> <span class='ocrx_word' id='word_1_265' title='bbox 1750 2422 2008 2477; x_wconf 87' lang='lat' dir='ltr'><strong>liberant.</strong></span> 
     </span>
    </p>
   </div>
   <div class='ocr_carea' id='block_1_41' title="bbox 423 2511 2011 2583">
    <p class='ocr_par' dir='ltr' id='par_1_41' title="bbox 423 2511 2011 2583">
     <span class='ocr_line' id='line_1_41' title="bbox 423 2511 2011 2583; baseline -0.001 -13"><span class='ocrx_word' id='word_1_266' title='bbox 423 2518 631 2573; x_wconf 78' lang='lat' dir='ltr'><strong>lterum</strong></span> <span class='ocrx_word' id='word_1_267' title='bbox 656 2527 790 2569; x_wconf 89' lang='lat' dir='ltr'><strong>vero</strong></span> <span class='ocrx_word' id='word_1_268' title='bbox 821 2512 1075 2577; x_wconf 90' lang='lat' dir='ltr'><strong>scientia,</strong></span> <span class='ocrx_word' id='word_1_269' title='bbox 1124 2528 1222 2568; x_wconf 91' lang='lat' dir='ltr'><strong>eos</strong></span> <span class='ocrx_word' id='word_1_270' title='bbox 1248 2512 1343 2583; x_wconf 89' lang='lat' dir='ltr'><strong>qui</strong></span> <span class='ocrx_word' id='word_1_271' title='bbox 1373 2511 1657 2582; x_wconf 89' lang='lat' dir='ltr'><strong>spiritales</strong></span> <span class='ocrx_word' id='word_1_272' title='bbox 1696 2528 1886 2583; x_wconf 88' lang='lat' dir='ltr'><strong>eaque</strong></span> <span class='ocrx_word' id='word_1_273' title='bbox 1922 2513 2011 2569; x_wconf 89' lang='lat' dir='ltr'><strong>in-</strong></span> 
     </span>
    </p>
   </div>
   <div class='ocr_carea' id='block_1_42' title="bbox 423 2604 2012 2676">
    <p class='ocr_par' dir='ltr' id='par_1_42' title="bbox 423 2604 2012 2676">
     <span class='ocr_line' id='line_1_42' title="bbox 423 2604 2012 2676; baseline -0.003 -13"><span class='ocrx_word' id='word_1_274' title='bbox 423 2607 621 2664; x_wconf 78' lang='lat' dir='ltr'><strong>structi</strong></span> <span class='ocrx_word' id='word_1_275' title='bbox 648 2613 799 2671; x_wconf 88' lang='lat' dir='ltr'><strong>sunt,</strong></span> <span class='ocrx_word' id='word_1_276' title='bbox 832 2605 902 2661; x_wconf 90' lang='lat' dir='ltr'><strong>ab</strong></span> <span class='ocrx_word' id='word_1_277' title='bbox 929 2604 1212 2660; x_wconf 90' lang='lat' dir='ltr'><strong>oblivione</strong></span> <span class='ocrx_word' id='word_1_278' title='bbox 1235 2614 1291 2660; x_wconf 92' lang='lat' dir='ltr'><strong>et</strong></span> <span class='ocrx_word' id='word_1_279' title='bbox 1320 2605 1631 2676; x_wconf 74' lang='lat' dir='ltr'><strong>ignorantia</strong></span> <span class='ocrx_word' id='word_1_280' title='bbox 1657 2604 1850 2660; x_wconf 89' lang='lat' dir='ltr'><strong>itidem</strong></span> <span class='ocrx_word' id='word_1_281' title='bbox 1869 2604 2012 2659; x_wconf 90' lang='lat' dir='ltr'><strong>libe-</strong></span> 
     </span>
    </p>
   </div>
   <div class='ocr_carea' id='block_1_43' title="bbox 425 2696 2013 2768">
    <p class='ocr_par' dir='ltr' id='par_1_43' title="bbox 425 2696 2013 2768">
     <span class='ocr_line' id='line_1_43' title="bbox 425 2696 2013 2768; baseline -0.003 -13"><span class='ocrx_word' id='word_1_282' title='bbox 425 2710 526 2755; x_wconf 87' lang='lat' dir='ltr'><strong>rat.</strong></span> <span class='ocrx_word' id='word_1_283' title='bbox 556 2698 770 2767; x_wconf 85' lang='lat' dir='ltr'><strong>Quibus</strong></span> <span class='ocrx_word' id='word_1_284' title='bbox 795 2698 1057 2754; x_wconf 83' lang='lat' dir='ltr'><strong>omnibus</strong></span> <span class='ocrx_word' id='word_1_285' title='bbox 1079 2699 1332 2764; x_wconf 88' lang='lat' dir='ltr'><strong>docetur,</strong></span> <span class='ocrx_word' id='word_1_286' title='bbox 1355 2696 1594 2752; x_wconf 88' lang='lat' dir='ltr'><strong>animam</strong></span> <span class='ocrx_word' id='word_1_287' title='bbox 1630 2697 1811 2752; x_wconf 89' lang='lat' dir='ltr'><strong>tribus</strong></span> <span class='ocrx_word' id='word_1_288' title='bbox 1840 2697 2013 2768; x_wconf 88' lang='lat' dir='ltr'><strong>parti-</strong></span> 
     </span>
    </p>
   </div>
   <div class='ocr_carea' id='block_1_44' title="bbox 424 2788 2017 2857">
    <p class='ocr_par' dir='ltr' id='par_1_44' title="bbox 424 2788 2017 2857">
     <span class='ocr_line' id='line_1_44' title="bbox 424 2788 2017 2857; baseline -0.002 -11"><span class='ocrx_word' id='word_1_289' title='bbox 424 2794 526 2849; x_wconf 80' lang='lat' dir='ltr'><strong>bus</strong></span> <span class='ocrx_word' id='word_1_290' title='bbox 550 2806 616 2848; x_wconf 90' lang='lat' dir='ltr'><strong>ac</strong></span> <span class='ocrx_word' id='word_1_291' title='bbox 639 2791 997 2847; x_wconf 81' lang='lat' dir='ltr'><strong>facultatibus</strong></span> <span class='ocrx_word' id='word_1_292' title='bbox 1025 2790 1282 2857; x_wconf 90' lang='lat' dir='ltr'><strong>divisam,</strong></span> <span class='ocrx_word' id='word_1_293' title='bbox 1317 2789 1451 2844; x_wconf 90' lang='lat' dir='ltr'><strong>dum</strong></span> <span class='ocrx_word' id='word_1_294' title='bbox 1499 2805 1567 2844; x_wconf 80' lang='lat' dir='ltr'><strong>ex</strong></span> <span class='ocrx_word' id='word_1_295' title='bbox 1596 2788 1811 2844; x_wconf 90' lang='lat' dir='ltr'><strong>ratione</strong></span> <span class='ocrx_word' id='word_1_296' title='bbox 1853 2796 2017 2844; x_wconf 91' lang='lat' dir='ltr'><strong>natu-</strong></span> 
     </span>
    </p>
   </div>
   <div class='ocr_carea' id='block_1_45' title="bbox 425 2878 2014 2956">
    <p class='ocr_par' dir='ltr' id='par_1_45' title="bbox 425 2878 2014 2956">
     <span class='ocr_line' id='line_1_45' title="bbox 425 2878 2014 2956; baseline -0.003 -16"><span class='ocrx_word' id='word_1_297' title='bbox 425 2878 595 2956; x_wconf 84' lang='lat' dir='ltr'><strong>raque</strong></span> <span class='ocrx_word' id='word_1_298' title='bbox 621 2895 927 2949; x_wconf 87' lang='lat' dir='ltr'><strong>moveatur,</strong></span> <span class='ocrx_word' id='word_1_299' title='bbox 980 2898 1200 2939; x_wconf 90' lang='lat' dir='ltr'><strong>omnem</strong></span> <span class='ocrx_word' id='word_1_300' title='bbox 1236 2894 1497 2953; x_wconf 66' lang='lat' dir='ltr'><strong>praestare</strong></span> <span class='ocrx_word' id='word_1_301' title='bbox 1539 2882 1840 2946; x_wconf 82' lang='lat' dir='ltr'><strong>virtutem,</strong></span> <span class='ocrx_word' id='word_1_302' title='bbox 1881 2882 2014 2936; x_wconf 91' lang='lat' dir='ltr'><strong>dum</strong></span> 
     </span>
    </p>
   </div>
   <div class='ocr_carea' id='block_1_46' title="bbox 421 2975 2015 3043">
    <p class='ocr_par' dir='ltr' id='par_1_46' title="bbox 421 2975 2015 3043">
     <span class='ocr_line' id='line_1_46' title="bbox 421 2975 2015 3043; baseline -0.004 -9"><span class='ocrx_word' id='word_1_303' title='bbox 421 2994 556 3034; x_wconf 77' lang='lat' dir='ltr'><strong>vero</strong></span> <span class='ocrx_word' id='word_1_304' title='bbox 602 2989 796 3034; x_wconf 88' lang='lat' dir='ltr'><strong>contra</strong></span> <span class='ocrx_word' id='word_1_305' title='bbox 851 2979 1123 3034; x_wconf 90' lang='lat' dir='ltr'><strong>rationem</strong></span> <span class='ocrx_word' id='word_1_306' title='bbox 1168 2986 1226 3032; x_wconf 90' lang='lat' dir='ltr'><strong>et</strong></span> <span class='ocrx_word' id='word_1_307' title='bbox 1271 2986 1545 3043; x_wconf 87' lang='lat' dir='ltr'><strong>naturam,</strong></span> <span class='ocrx_word' id='word_1_308' title='bbox 1593 2992 1758 3031; x_wconf 91' lang='lat' dir='ltr'><strong>omne</strong></span> <span class='ocrx_word' id='word_1_309' title='bbox 1816 2975 2015 3030; x_wconf 82' lang='lat' dir='ltr'><strong>vitium</strong></span> 
     </span>
    </p>
   </div>
   <div class='ocr_carea' id='block_1_47' title="bbox 422 3066 2015 3137">
    <p class='ocr_par' dir='ltr' id='par_1_47' title="bbox 422 3066 2015 3137">
     <span class='ocr_line' id='line_1_47' title="bbox 422 3066 2015 3137; baseline -0.003 -12"><span class='ocrx_word' id='word_1_310' title='bbox 422 3069 637 3126; x_wconf 70' lang='lat' dir='ltr'><strong>efﬁcere</strong></span> <span class='ocrx_word' id='word_1_311' title='bbox 664 3086 729 3125; x_wconf 90' lang='lat' dir='ltr'><strong>ac</strong></span> <span class='ocrx_word' id='word_1_312' title='bbox 761 3070 1049 3125; x_wconf 87' lang='lat' dir='ltr'><strong>malitiam.</strong></span> <span class='ocrx_word' id='word_1_313' title='bbox 1096 3069 1372 3125; x_wconf 82' lang='lat' dir='ltr'><strong>Memento</strong></span> <span class='ocrx_word' id='word_1_314' title='bbox 1424 3068 1528 3123; x_wconf 88' lang='lat' dir='ltr'><strong>tria</strong></span> <span class='ocrx_word' id='word_1_315' title='bbox 1571 3068 1689 3122; x_wconf 76' lang='lat' dir='ltr'><strong>haec</strong></span> <span class='ocrx_word' id='word_1_316' title='bbox 1727 3066 2015 3137; x_wconf 86' lang='lat' dir='ltr'><strong>originalia</strong></span> 
     </span>
    </p>
   </div>
   <div class='ocr_carea' id='block_1_48' title="bbox 424 3159 2016 3233">
    <p class='ocr_par' dir='ltr' id='par_1_48' title="bbox 424 3159 2016 3233">
     <span class='ocr_line' id='line_1_48' title="bbox 424 3159 2016 3233; baseline -0.006 -14"><span class='ocrx_word' id='word_1_317' title='bbox 424 3178 569 3231; x_wconf 85' lang='lat' dir='ltr'><strong>esse,</strong></span> <span class='ocrx_word' id='word_1_318' title='bbox 597 3178 926 3233; x_wconf 87' lang='lat' dir='ltr'><strong>summaque</strong></span> <span class='ocrx_word' id='word_1_319' title='bbox 960 3163 1141 3218; x_wconf 89' lang='lat' dir='ltr'><strong>omnis</strong></span> <span class='ocrx_word' id='word_1_320' title='bbox 1170 3161 1461 3232; x_wconf 81' lang='lat' dir='ltr'><strong>pravitatis</strong></span> <span class='ocrx_word' id='word_1_321' title='bbox 1493 3161 1828 3230; x_wconf 76' lang='lat' dir='ltr'><strong>malitizeque</strong></span> <span class='ocrx_word' id='word_1_322' title='bbox 1865 3159 2016 3229; x_wconf 53' lang='lat' dir='ltr'><strong>prin.</strong></span> 
     </span>
    </p>
   </div>
   <div class='ocr_carea' id='block_1_49' title="bbox 424 3254 2013 3326">
    <p class='ocr_par' dir='ltr' id='par_1_49' title="bbox 424 3254 2013 3326">
     <span class='ocr_line' id='line_1_49' title="bbox 424 3254 2013 3326; baseline -0.003 -16"><span class='ocrx_word' id='word_1_323' title='bbox 424 3254 603 3324; x_wconf 89' lang='lat' dir='ltr'><strong>cipia;</strong></span> <span class='ocrx_word' id='word_1_324' title='bbox 635 3255 1002 3326; x_wconf 79' lang='lat' dir='ltr'><strong>ignorantiam</strong></span> <span class='ocrx_word' id='word_1_325' title='bbox 1024 3254 1255 3317; x_wconf 89' lang='lat' dir='ltr'><strong>scilicet,</strong></span> <span class='ocrx_word' id='word_1_326' title='bbox 1285 3269 1527 3309; x_wconf 89' lang='lat' dir='ltr'><strong>amorem</strong></span> <span class='ocrx_word' id='word_1_327' title='bbox 1547 3254 1701 3307; x_wconf 90' lang='lat' dir='ltr'><strong>illum</strong></span> <span class='ocrx_word' id='word_1_328' title='bbox 1718 3267 2013 3322; x_wconf 90' lang='lat' dir='ltr'><strong>corporum</strong></span> 
     </span>
    </p>
   </div>
   <div class='ocr_carea' id='block_1_50' title="bbox 424 3344 2014 3417">
    <p class='ocr_par' dir='ltr' id='par_1_50' title="bbox 424 3344 2014 3417">
     <span class='ocr_line' id='line_1_50' title="bbox 424 3344 2014 3417; baseline -0.004 -13"><span class='ocrx_word' id='word_1_329' title='bbox 424 3364 524 3404; x_wconf 90' lang='lat' dir='ltr'><strong>seu</strong></span> <span class='ocrx_word' id='word_1_330' title='bbox 563 3348 867 3412; x_wconf 87' lang='lat' dir='ltr'><strong>carnalem,</strong></span> <span class='ocrx_word' id='word_1_331' title='bbox 910 3362 975 3402; x_wconf 91' lang='lat' dir='ltr'><strong>ac</strong></span> <span class='ocrx_word' id='word_1_332' title='bbox 1024 3346 1393 3417; x_wconf 81' lang='lat' dir='ltr'><strong>tyrannidem.</strong></span> <span class='ocrx_word' id='word_1_333' title='bbox 1442 3344 1570 3400; x_wconf 75' lang='lat' dir='ltr'><strong>Haec</strong></span> <span class='ocrx_word' id='word_1_334' title='bbox 1611 3345 1668 3399; x_wconf 91' lang='lat' dir='ltr'><strong>in</strong></span> <span class='ocrx_word' id='word_1_335' title='bbox 1716 3344 1878 3398; x_wconf 88' lang='lat' dir='ltr'><strong>nobis</strong></span> <span class='ocrx_word' id='word_1_336' title='bbox 1913 3359 2014 3398; x_wconf 91' lang='lat' dir='ltr'><strong>ne—</strong></span> 
     </span>
    </p>
   </div>
   <div class='ocr_carea' id='block_1_51' title="bbox 426 3436 2013 3509">
    <p class='ocr_par' dir='ltr' id='par_1_51' title="bbox 426 3436 2013 3509">
     <span class='ocr_line' id='line_1_51' title="bbox 426 3436 2013 3509; baseline -0.003 -15"><span class='ocrx_word' id='word_1_337' title='bbox 426 3438 732 3509; x_wconf 87' lang='lat' dir='ltr'><strong>quissimus</strong></span> <span class='ocrx_word' id='word_1_338' title='bbox 761 3439 852 3495; x_wconf 90' lang='lat' dir='ltr'><strong>ille</strong></span> <span class='ocrx_word' id='word_1_339' title='bbox 873 3437 1149 3505; x_wconf 89' lang='lat' dir='ltr'><strong>condidit,</strong></span> <span class='ocrx_word' id='word_1_340' title='bbox 1178 3454 1277 3509; x_wconf 91' lang='lat' dir='ltr'><strong>per</strong></span> <span class='ocrx_word' id='word_1_341' title='bbox 1312 3437 1485 3495; x_wconf 89' lang='lat' dir='ltr'><strong>animi</strong></span> <span class='ocrx_word' id='word_1_342' title='bbox 1513 3438 1569 3492; x_wconf 91' lang='lat' dir='ltr'><strong>in</strong></span> <span class='ocrx_word' id='word_1_343' title='bbox 1618 3437 1782 3492; x_wconf 90' lang='lat' dir='ltr'><strong>nobis</strong></span> <span class='ocrx_word' id='word_1_344' title='bbox 1810 3436 2013 3492; x_wconf 88' lang='lat' dir='ltr'><strong>virium</strong></span> 
     </span>
    </p>
   </div>
   <div class='ocr_carea' id='block_1_52' title="bbox 427 3530 681 3585">
    <p class='ocr_par' dir='ltr' id='par_1_52' title="bbox 427 3530 681 3585">
     <span class='ocr_line' id='line_1_52' title="bbox 427 3530 681 3585; baseline -0.004 0"><span class='ocrx_word' id='word_1_345' title='bbox 427 3530 681 3585; x_wconf 83' lang='lat' dir='ltr'><strong>abusum.</strong></span> 
     </span>
    </p>
   </div>
   <div class='ocr_carea' id='block_1_53' title="bbox 497 3620 2015 3694">
    <p class='ocr_par' dir='ltr' id='par_1_53' title="bbox 497 3620 2015 3694">
     <span class='ocr_line' id='line_1_53' title="bbox 497 3620 2015 3694; baseline -0.002 -16"><span class='ocrx_word' id='word_1_346' title='bbox 497 3624 586 3678; x_wconf 88' lang='grc'><strong>16.</strong></span> <span class='ocrx_word' id='word_1_347' title='bbox 621 3622 875 3677; x_wconf 83' lang='lat' dir='ltr'><strong>Mandata</strong></span> <span class='ocrx_word' id='word_1_348' title='bbox 924 3638 1110 3676; x_wconf 88' lang='lat' dir='ltr'><strong>rerum</strong></span> <span class='ocrx_word' id='word_1_349' title='bbox 1154 3623 1427 3694; x_wconf 90' lang='lat' dir='ltr'><strong>cogitatus</strong></span> <span class='ocrx_word' id='word_1_350' title='bbox 1458 3637 1727 3692; x_wconf 88' lang='lat' dir='ltr'><strong>sensaque</strong></span> <span class='ocrx_word' id='word_1_351' title='bbox 1764 3637 1796 3675; x_wconf 88' lang='lat' dir='ltr'><strong>a</strong></span> <span class='ocrx_word' id='word_1_352' title='bbox 1825 3620 2015 3677; x_wconf 88' lang='lat' dir='ltr'><strong>libidi-</strong></span> 
     </span>
    </p>
   </div>
   <div class='ocr_carea' id='block_1_54' title="bbox 428 3712 2013 3783">
    <p class='ocr_par' dir='ltr' id='par_1_54' title="bbox 428 3712 2013 3783">
     <span class='ocr_line' id='line_1_54' title="bbox 428 3712 2013 3783; baseline -0.002 -12"><span class='ocrx_word' id='word_1_353' title='bbox 428 3714 582 3771; x_wconf 87' lang='lat' dir='ltr'><strong>nosis</strong></span> <span class='ocrx_word' id='word_1_354' title='bbox 611 3714 734 3770; x_wconf 82' lang='lat' dir='ltr'><strong>istis</strong></span> <span class='ocrx_word' id='word_1_355' title='bbox 765 3721 825 3769; x_wconf 90' lang='lat' dir='ltr'><strong>et</strong></span> <span class='ocrx_word' id='word_1_356' title='bbox 855 3729 983 3770; x_wconf 87' lang='lat' dir='ltr'><strong>cum</strong></span> <span class='ocrx_word' id='word_1_357' title='bbox 1031 3715 1232 3770; x_wconf 76' lang='lat' dir='ltr'><strong>aﬂ‘ectu</strong></span> <span class='ocrx_word' id='word_1_358' title='bbox 1287 3722 1519 3770; x_wconf 87' lang='lat' dir='ltr'><strong>tenuant</strong></span> <span class='ocrx_word' id='word_1_359' title='bbox 1560 3712 2013 3783; x_wconf 77' lang='lat' dir='ltr'><strong>cogitationibus,</strong></span> 
     </span>
    </p>
   </div>
   <div class='ocr_carea' id='block_1_55' title="bbox 427 3805 1575 3879">
    <p class='ocr_par' dir='ltr' id='par_1_55' title="bbox 427 3805 1575 3879">
     <span class='ocr_line' id='line_1_55' title="bbox 427 3805 1575 3879; baseline -0.003 -17"><span class='ocrx_word' id='word_1_360' title='bbox 427 3808 572 3862; x_wconf 84' lang='lat' dir='ltr'><strong>utin</strong></span> <span class='ocrx_word' id='word_1_361' title='bbox 600 3822 724 3879; x_wconf 86' lang='lat' dir='ltr'><strong>cap.</strong></span> <span class='ocrx_word' id='word_1_362' title='bbox 751 3807 805 3872; x_wconf 72' lang='grc'>4,</span> <span class='ocrx_word' id='word_1_363' title='bbox 838 3806 915 3861; x_wconf 88' lang='lat' dir='ltr'><strong>ait</strong></span> <span class='ocrx_word' id='word_1_364' title='bbox 953 3805 1227 3861; x_wconf 90' lang='lat' dir='ltr'><strong>istiusmet</strong></span> <span class='ocrx_word' id='word_1_365' title='bbox 1249 3805 1575 3861; x_wconf 87' lang='lat' dir='ltr'><strong>centenarii.</strong></span> 
     </span>
    </p>
   </div>
   <div class='ocr_carea' id='block_1_56' title="bbox 500 3894 2018 3966">
    <p class='ocr_par' dir='ltr' id='par_1_56' title="bbox 500 3894 2018 3966">
     <span class='ocr_line' id='line_1_56' title="bbox 500 3894 2018 3966; baseline -0.001 -15"><span class='ocrx_word' id='word_1_366' title='bbox 500 3896 590 3952; x_wconf 89' lang='grc'><strong>17.</strong></span> <span class='ocrx_word' id='word_1_367' title='bbox 620 3895 754 3962; x_wconf 71' lang='lat' dir='ltr'><strong>Quae</strong></span> <span class='ocrx_word' id='word_1_368' title='bbox 794 3904 996 3966; x_wconf 70' lang='lat' dir='ltr'><strong>prmter</strong></span> <span class='ocrx_word' id='word_1_369' title='bbox 1050 3895 1149 3951; x_wconf 88' lang='lat' dir='ltr'><strong>Dei</strong></span> <span class='ocrx_word' id='word_1_370' title='bbox 1201 3896 1538 3950; x_wconf 82' lang='lat' dir='ltr'><strong>voluntatem</strong></span> <span class='ocrx_word' id='word_1_371' title='bbox 1590 3894 1731 3950; x_wconf 87' lang='lat' dir='ltr'><strong>ﬁunt</strong></span> <span class='ocrx_word' id='word_1_372' title='bbox 1796 3894 2018 3966; x_wconf 90' lang='lat' dir='ltr'><strong>(bonam</strong></span> 
     </span>
    </p>
   </div>
   <div class='ocr_carea' id='block_1_57' title="bbox 430 3985 2021 4058">
    <p class='ocr_par' dir='ltr' id='par_1_57' title="bbox 430 3985 2021 4058">
     <span class='ocr_line' id='line_1_57' title="bbox 430 3985 2021 4058; baseline -0.002 -15"><span class='ocrx_word' id='word_1_373' title='bbox 430 3988 578 4044; x_wconf 84' lang='lat' dir='ltr'><strong>illam</strong></span> <span class='ocrx_word' id='word_1_374' title='bbox 607 3997 665 4043; x_wconf 88' lang='lat' dir='ltr'><strong>et</strong></span> <span class='ocrx_word' id='word_1_375' title='bbox 690 3986 1092 4056; x_wconf 89' lang='lat' dir='ltr'><strong>beneplacitam</strong></span> <span class='ocrx_word' id='word_1_376' title='bbox 1119 3995 1176 4042; x_wconf 90' lang='lat' dir='ltr'><strong>et</strong></span> <span class='ocrx_word' id='word_1_377' title='bbox 1200 3987 1501 4057; x_wconf 80' lang='lat' dir='ltr'><strong>perfectam</strong></span> <span class='ocrx_word' id='word_1_378' title='bbox 1526 3985 1591 4058; x_wconf 72' lang='grc'><strong>³9)</strong></span> <span class='ocrx_word' id='word_1_379' title='bbox 1630 4002 1755 4056; x_wconf 63' lang='lat' dir='ltr'><strong>quae</strong></span> <span class='ocrx_word' id='word_1_380' title='bbox 1806 3985 2021 4041; x_wconf 87' lang='lat' dir='ltr'><strong>scilicet</strong></span> 
     </span>
    </p>
   </div>
   <div class='ocr_carea' id='block_1_58' title="bbox 432 4077 2019 4150">
    <p class='ocr_par' dir='ltr' id='par_1_58' title="bbox 432 4077 2019 4150">
     <span class='ocr_line' id='line_1_58' title="bbox 432 4077 2019 4150; baseline -0.003 -15"><span class='ocrx_word' id='word_1_381' title='bbox 432 4080 578 4135; x_wconf 88' lang='lat' dir='ltr'><strong>bona</strong></span> <span class='ocrx_word' id='word_1_382' title='bbox 606 4079 664 4134; x_wconf 91' lang='lat' dir='ltr'><strong>in</strong></span> <span class='ocrx_word' id='word_1_383' title='bbox 698 4077 1012 4150; x_wconf 82' lang='lat' dir='ltr'><strong>proximum</strong></span> <span class='ocrx_word' id='word_1_384' title='bbox 1065 4086 1294 4148; x_wconf 89' lang='lat' dir='ltr'><strong>propter</strong></span> <span class='ocrx_word' id='word_1_385' title='bbox 1343 4078 1516 4135; x_wconf 91' lang='lat' dir='ltr'><strong>Deum</strong></span> <span class='ocrx_word' id='word_1_386' title='bbox 1573 4077 1742 4132; x_wconf 88' lang='lat' dir='ltr'><strong>animi</strong></span> <span class='ocrx_word' id='word_1_387' title='bbox 1800 4077 2019 4132; x_wconf 80' lang='lat' dir='ltr'><strong>aﬁectio</strong></span> 
     </span>
    </p>
   </div>
   <div class='ocr_carea' id='block_1_59' title="bbox 429 4160 2022 4241">
    <p class='ocr_par' dir='ltr' id='par_1_59' title="bbox 429 4160 2022 4241">
     <span class='ocr_line' id='line_1_59' title="bbox 429 4160 2022 4241; baseline -0.001 -14"><span class='ocrx_word' id='word_1_388' title='bbox 429 4180 536 4236; x_wconf 84' lang='lat' dir='ltr'><strong>est,</strong></span> <span class='ocrx_word' id='word_1_389' title='bbox 559 4181 760 4241; x_wconf 81' lang='lat' dir='ltr'><strong>praeter</strong></span> <span class='ocrx_word' id='word_1_390' title='bbox 784 4160 993 4226; x_wconf 74' lang='lat' dir='ltr'><strong>rectum</strong></span> <span class='ocrx_word' id='word_1_391' title='bbox 1023 4171 1186 4227; x_wconf 83' lang='lat' dir='ltr'><strong>tinem</strong></span> <span class='ocrx_word' id='word_1_392' title='bbox 1218 4185 1282 4225; x_wconf 92' lang='lat' dir='ltr'><strong>ac</strong></span> <span class='ocrx_word' id='word_1_393' title='bbox 1309 4171 1646 4228; x_wconf 86' lang='lat' dir='ltr'><strong>destinatum</strong></span> <span class='ocrx_word' id='word_1_394' title='bbox 1681 4170 1839 4225; x_wconf 82' lang='lat' dir='ltr'><strong>ﬁunt.</strong></span> <span class='ocrx_word' id='word_1_395' title='bbox 1863 4168 2022 4237; x_wconf 88' lang='lat' dir='ltr'><strong>Quod</strong></span> 
     </span>
    </p>
   </div>
   <div class='ocr_carea' id='block_1_60' title="bbox 432 4262 2022 4327">
    <p class='ocr_par' dir='ltr' id='par_1_60' title="bbox 432 4262 2022 4327">
     <span class='ocr_line' id='line_1_60' title="bbox 432 4262 2022 4327; baseline 0.002 -12"><span class='ocrx_word' id='word_1_396' title='bbox 432 4277 567 4318; x_wconf 85' lang='lat' dir='ltr'><strong>vero</strong></span> <span class='ocrx_word' id='word_1_397' title='bbox 610 4262 709 4316; x_wconf 91' lang='lat' dir='ltr'><strong>Dei</strong></span> <span class='ocrx_word' id='word_1_398' title='bbox 751 4262 1022 4317; x_wconf 88' lang='lat' dir='ltr'><strong>voluntati</strong></span> <span class='ocrx_word' id='word_1_399' title='bbox 1077 4262 1418 4327; x_wconf 82' lang='lat' dir='ltr'><strong>adversetur,</strong></span> <span class='ocrx_word' id='word_1_400' title='bbox 1465 4278 1577 4318; x_wconf 92' lang='lat' dir='ltr'><strong>non</strong></span> <span class='ocrx_word' id='word_1_401' title='bbox 1630 4262 1777 4317; x_wconf 89' lang='lat' dir='ltr'><strong>bono</strong></span> <span class='ocrx_word' id='word_1_402' title='bbox 1837 4263 2022 4318; x_wconf 89' lang='lat' dir='ltr'><strong>animo</strong></span> 
     </span>
    </p>
   </div>
   <div class='ocr_carea' id='block_1_61' title="bbox 433 4352 2021 4422">
    <p class='ocr_par' dir='ltr' id='par_1_61' title="bbox 433 4352 2021 4422">
     <span class='ocr_line' id='line_1_61' title="bbox 433 4352 2021 4422; baseline -0.001 -14"><span class='ocrx_word' id='word_1_403' title='bbox 433 4367 565 4422; x_wconf 85' lang='lat' dir='ltr'><strong>erga</strong></span> <span class='ocrx_word' id='word_1_404' title='bbox 600 4353 912 4422; x_wconf 77' lang='lat' dir='ltr'><strong>proximum</strong></span> <span class='ocrx_word' id='word_1_405' title='bbox 939 4368 1082 4419; x_wconf 90' lang='lat' dir='ltr'><strong>esse,</strong></span> <span class='ocrx_word' id='word_1_406' title='bbox 1113 4352 1359 4409; x_wconf 85' lang='lat' dir='ltr'><strong>ostendit</strong></span> <span class='ocrx_word' id='word_1_407' title='bbox 1401 4353 1669 4410; x_wconf 87' lang='lat' dir='ltr'><strong>Dominus</strong></span> <span class='ocrx_word' id='word_1_408' title='bbox 1718 4353 1776 4408; x_wconf 90' lang='lat' dir='ltr'><strong>in</strong></span> <span class='ocrx_word' id='word_1_409' title='bbox 1838 4354 2021 4408; x_wconf 87' lang='lat' dir='ltr'><strong>Evan-</strong></span> 
     </span>
    </p>
   </div>
   <div class='ocr_carea' id='block_1_62' title="bbox 2109 1885 3693 1958">
    <p class='ocr_par' dir='ltr' id='par_1_62' title="bbox 2109 1885 3693 1958">
     <span class='ocr_line' id='line_1_62' title="bbox 2109 1885 3693 1958; baseline -0.001 -19"><span class='ocrx_word' id='word_1_410' title='bbox 2109 1885 2441 1957; x_wconf 79' lang='grc' dir='ltr'>παράλογον.</span> <span class='ocrx_word' id='word_1_411' title='bbox 2498 1887 2700 1958; x_wconf 81' lang='grc' dir='ltr'>Ἔργον</span> <span class='ocrx_word' id='word_1_412' title='bbox 2739 1885 2816 1957; x_wconf 66' lang='grc' dir='ltr'><strong>,δὲ</strong></span> <span class='ocrx_word' id='word_1_413' title='bbox 2858 1885 2967 1940; x_wconf 89' lang='grc' dir='ltr'>τῶν</span> <span class='ocrx_word' id='word_1_414' title='bbox 3020 1886 3274 1947; x_wconf 76' lang='grc' dir='ltr'>ἐντολῶν,</span> <span class='ocrx_word' id='word_1_415' title='bbox 3328 1885 3486 1955; x_wconf 84' lang='grc' dir='ltr'>λόγος</span> <span class='ocrx_word' id='word_1_416' title='bbox 3544 1885 3693 1938; x_wconf 73' lang='grc' dir='ltr'>ἐστὶν</span> 
     </span>
    </p>
   </div>
   <div class='ocr_carea' id='block_1_63' title="bbox 2110 1975 3692 2048">
    <p class='ocr_par' dir='ltr' id='par_1_63' title="bbox 2110 1975 3692 2048">
     <span class='ocr_line' id='line_1_63' title="bbox 2110 1975 3692 2048; baseline -0.001 -18"><span class='ocrx_word' id='word_1_417' title='bbox 2110 1978 2527 2048; x_wconf 78' lang='grc' dir='ltr'>ὲνεργούμενος.</span> <span class='ocrx_word' id='word_1_418' title='bbox 2590 1977 2891 2047; x_wconf 82' lang='grc' dir='ltr'>Ἀνάγνωθι</span> <span class='ocrx_word' id='word_1_419' title='bbox 2940 1978 3000 2032; x_wconf 76' lang='grc' dir='ltr'><strong>τὸ</strong></span> <span class='ocrx_word' id='word_1_420' title='bbox 3045 1977 3129 2032; x_wconf 87' lang='grc' dir='ltr'>πδ¹</span> <span class='ocrx_word' id='word_1_421' title='bbox 3195 1977 3492 2047; x_wconf 67' lang='grc' dir='ltr'>κεφάλαιον</span> <span class='ocrx_word' id='word_1_422' title='bbox 3529 2017 3544 2043; x_wconf 85' lang='grc'><strong>,</strong></span> <span class='ocrx_word' id='word_1_423' title='bbox 3595 1975 3692 2030; x_wconf 78' lang='grc' dir='ltr'>καὶ</span> 
     </span>
    </p>
   </div>
   <div class='ocr_carea' id='block_1_64' title="bbox 2110 2069 2416 2141">
    <p class='ocr_par' dir='ltr' id='par_1_64' title="bbox 2110 2069 2416 2141">
     <span class='ocr_line' id='line_1_64' title="bbox 2110 2069 2416 2141; baseline 0.003 -18"><span class='ocrx_word' id='word_1_424' title='bbox 2110 2069 2322 2125; x_wconf 84' lang='grc' dir='ltr'>ἁναπαύ</span> <span class='ocrx_word' id='word_1_425' title='bbox 2330 2087 2416 2141; x_wconf 80' lang='grc' dir='ltr'><strong>σῃ.</strong></span> 
     </span>
    </p>
   </div>
   <div class='ocr_carea' id='block_1_65' title="bbox 2186 2240 3694 2317">
    <p class='ocr_par' dir='ltr' id='par_1_65' title="bbox 2186 2240 3694 2317">
     <span class='ocr_line' id='line_1_65' title="bbox 2186 2240 3694 2317; baseline -0.007 -15"><span class='ocrx_word' id='word_1_426' title='bbox 2186 2255 2269 2303; x_wconf 83' lang='grc' dir='ltr'><strong>ιε’.</strong></span> <span class='ocrx_word' id='word_1_427' title='bbox 2308 2250 2372 2301; x_wconf 84' lang='grc' dir='ltr'><em>Ἦ</em></span> <span class='ocrx_word' id='word_1_428' title='bbox 2416 2247 2622 2317; x_wconf 82' lang='grc' dir='ltr'>φυσική</span> <span class='ocrx_word' id='word_1_429' title='bbox 2668 2263 2802 2317; x_wconf 80' lang='grc' dir='ltr'>φησι</span> <span class='ocrx_word' id='word_1_430' title='bbox 2838 2243 3040 2316; x_wconf 82' lang='grc' dir='ltr'>θεωρία</span> <span class='ocrx_word' id='word_1_431' title='bbox 3074 2243 3184 2298; x_wconf 83' lang='grc' dir='ltr'>τῶν</span> <span class='ocrx_word' id='word_1_432' title='bbox 3213 2240 3465 2305; x_wconf 72' lang='grc' dir='ltr'>ἐντολῶν,</span> <span class='ocrx_word' id='word_1_433' title='bbox 3502 2240 3536 2310; x_wconf 74' lang='grc' dir='ltr'><strong>ἦ</strong></span> <span class='ocrx_word' id='word_1_434' title='bbox 3570 2257 3634 2293; x_wconf 88' lang='grc' dir='ltr'>τε</span> <span class='ocrx_word' id='word_1_435' title='bbox 3658 2240 3694 2311; x_wconf 74' lang='grc' dir='ltr'>ἡ</span> 
     </span>
    </p>
   </div>
   <div class='ocr_carea' id='block_1_66' title="bbox 2113 2323 3695 2411">
    <p class='ocr_par' dir='ltr' id='par_1_66' title="bbox 2113 2323 3695 2411">
     <span class='ocr_line' id='line_1_66' title="bbox 2113 2323 3695 2411; baseline -0.006 -17"><span class='ocrx_word' id='word_1_436' title='bbox 2113 2323 2249 2411; x_wconf 76' lang='grc' dir='ltr'>πρὸς</span> <span class='ocrx_word' id='word_1_437' title='bbox 2292 2340 2384 2392; x_wconf 68' lang='grc' dir='ltr'>τὶν</span> <span class='ocrx_word' id='word_1_438' title='bbox 2434 2337 2666 2408; x_wconf 77' lang='grc' dir='ltr'>πλησίον</span> <span class='ocrx_word' id='word_1_439' title='bbox 2699 2335 2988 2399; x_wconf 84' lang='grc' dir='ltr'>ἀνόθευτος</span> <span class='ocrx_word' id='word_1_440' title='bbox 3028 2335 3240 2405; x_wconf 85' lang='grc' dir='ltr'><strong>ἀγάπη,</strong></span> <span class='ocrx_word' id='word_1_441' title='bbox 3272 2332 3562 2402; x_wconf 76' lang='grc' dir='ltr'>φιλαυτίας</span> <span class='ocrx_word' id='word_1_442' title='bbox 3602 2331 3695 2385; x_wconf 77' lang='grc' dir='ltr'>καὶ</span> 
     </span>
    </p>
   </div>
   <div class='ocr_carea' id='block_1_67' title="bbox 2111 2424 3696 2504">
    <p class='ocr_par' dir='ltr' id='par_1_67' title="bbox 2111 2424 3696 2504">
     <span class='ocr_line' id='line_1_67' title="bbox 2111 2424 3696 2504; baseline -0.005 -20"><span class='ocrx_word' id='word_1_443' title='bbox 2111 2432 2425 2504; x_wconf 71' lang='grc' dir='ltr'>τυραννίδος</span> <span class='ocrx_word' id='word_1_444' title='bbox 2456 2430 2733 2503; x_wconf 75' lang='grc' dir='ltr'>ἐλευθεροῖ</span> <span class='ocrx_word' id='word_1_445' title='bbox 2776 2430 2901 2492; x_wconf 79' lang='grc' dir='ltr'>τοὺς</span> <span class='ocrx_word' id='word_1_446' title='bbox 2931 2429 3324 2497; x_wconf 75' lang='grc' dir='ltr'>φυλάσσοντας.</span> <span class='ocrx_word' id='word_1_447' title='bbox 3367 2426 3433 2479; x_wconf 82' lang='grc' dir='ltr'><strong>Ἠ</strong></span> <span class='ocrx_word' id='word_1_448' title='bbox 3468 2425 3524 2478; x_wconf 86' lang='grc' dir='ltr'>δὲ</span> <span class='ocrx_word' id='word_1_449' title='bbox 3553 2424 3696 2493; x_wconf 81' lang='grc' dir='ltr'>γνῶ-</span> 
     </span>
    </p>
   </div>
   <div class='ocr_carea' id='block_1_68' title="bbox 2116 2515 3694 2593">
    <p class='ocr_par' dir='ltr' id='par_1_68' title="bbox 2116 2515 3694 2593">
     <span class='ocr_line' id='line_1_68' title="bbox 2116 2515 3694 2593; baseline -0.007 -14"><span class='ocrx_word' id='word_1_450' title='bbox 2116 2543 2201 2591; x_wconf 84' lang='grc' dir='ltr'>σις</span> <span class='ocrx_word' id='word_1_451' title='bbox 2226 2524 2355 2591; x_wconf 46' lang='grc' dir='ltr'>,τῶν</span> <span class='ocrx_word' id='word_1_452' title='bbox 2380 2523 2570 2591; x_wconf 77' lang='grc' dir='ltr'>ὄντων,</span> <span class='ocrx_word' id='word_1_453' title='bbox 2616 2521 2787 2593; x_wconf 77' lang='grc' dir='ltr'>λήθης</span> <span class='ocrx_word' id='word_1_454' title='bbox 2836 2521 2930 2574; x_wconf 79' lang='grc' dir='ltr'>καὶ</span> <span class='ocrx_word' id='word_1_455' title='bbox 2968 2519 3191 2589; x_wconf 80' lang='grc' dir='ltr'>ἀγνοίας</span> <span class='ocrx_word' id='word_1_456' title='bbox 3219 2515 3694 2577; x_wconf 74' lang='grc' dir='ltr'>ἁπαλλάττειτοῦς</span> 
     </span>
    </p>
   </div>
   <div class='ocr_carea' id='block_1_69' title="bbox 2113 2597 3694 2688">
    <p class='ocr_par' dir='ltr' id='par_1_69' title="bbox 2113 2597 3694 2688">
     <span class='ocr_line' id='line_1_69' title="bbox 2113 2597 3694 2688; baseline -0.009 -15"><span class='ocrx_word' id='word_1_457' title='bbox 2113 2615 2466 2688; x_wconf 74' lang='grc' dir='ltr'>γνωστικοῦς.</span> <span class='ocrx_word' id='word_1_458' title='bbox 2528 2597 2626 2668; x_wconf 63' lang='grc' dir='ltr'><strong>Διά</strong></span> <span class='ocrx_word' id='word_1_459' title='bbox 2674 2614 2879 2669; x_wconf 82' lang='grc' dir='ltr'>τούτων</span> <span class='ocrx_word' id='word_1_460' title='bbox 2927 2612 2983 2665; x_wconf 78' lang='grc' dir='ltr'>δὲ</span> <span class='ocrx_word' id='word_1_461' title='bbox 3038 2611 3279 2675; x_wconf 84' lang='grc' dir='ltr'>πάντων,</span> <span class='ocrx_word' id='word_1_462' title='bbox 3327 2608 3388 2661; x_wconf 80' lang='grc' dir='ltr'>τὸ</span> <span class='ocrx_word' id='word_1_463' title='bbox 3431 2605 3694 2677; x_wconf 70' lang='grc' dir='ltr'>τριμερὲς</span> 
     </span>
    </p>
   </div>
   <div class='ocr_carea' id='block_1_70' title="bbox 2112 2696 3693 2782">
    <p class='ocr_par' dir='ltr' id='par_1_70' title="bbox 2112 2696 3693 2782">
     <span class='ocr_line' id='line_1_70' title="bbox 2112 2696 3693 2782; baseline -0.009 -19"><span class='ocrx_word' id='word_1_464' title='bbox 2112 2713 2212 2782; x_wconf 82' lang='grc' dir='ltr'>τῆς</span> <span class='ocrx_word' id='word_1_465' title='bbox 2241 2707 2419 2778; x_wconf 77' lang='grc' dir='ltr'>ψυχῆς</span> <span class='ocrx_word' id='word_1_466' title='bbox 2451 2705 2796 2770; x_wconf 83' lang='grc' dir='ltr'>ὑποτίθεται,</span> <span class='ocrx_word' id='word_1_467' title='bbox 2852 2702 3199 2771; x_wconf 75' lang='grc' dir='ltr'>κατὰ”λόγον</span> <span class='ocrx_word' id='word_1_468' title='bbox 3250 2701 3350 2769; x_wconf 82' lang='grc' dir='ltr'><strong>μὲν</strong></span> <span class='ocrx_word' id='word_1_469' title='bbox 3394 2700 3490 2753; x_wconf 73' lang='grc' dir='ltr'>καὶ</span> <span class='ocrx_word' id='word_1_470' title='bbox 3530 2696 3693 2766; x_wconf 75' lang='grc' dir='ltr'>φύσιν</span> 
     </span>
    </p>
   </div>
   <div class='ocr_carea' id='block_1_71' title="bbox 2115 2787 3693 2870">
    <p class='ocr_par' dir='ltr' id='par_1_71' title="bbox 2115 2787 3693 2870">
     <span class='ocr_line' id='line_1_71' title="bbox 2115 2787 3693 2870; baseline -0.011 -15"><span class='ocrx_word' id='word_1_471' title='bbox 2115 2801 2458 2870; x_wconf 82' lang='grc' dir='ltr'>κινούμενον,</span> <span class='ocrx_word' id='word_1_472' title='bbox 2505 2797 2686 2851; x_wconf 81' lang='grc' dir='ltr'>πᾶσαν</span> <span class='ocrx_word' id='word_1_473' title='bbox 2734 2793 2936 2867; x_wconf 83' lang='grc' dir='ltr'>ἀρετὴν</span> <span class='ocrx_word' id='word_1_474' title='bbox 2985 2790 3304 2864; x_wconf 76' lang='grc' dir='ltr'>κατορθοῦν·</span> <span class='ocrx_word' id='word_1_475' title='bbox 3348 2790 3502 2860; x_wconf 77' lang='grc' dir='ltr'>παρὰ</span> <span class='ocrx_word' id='word_1_476' title='bbox 3536 2787 3693 2855; x_wconf 87' lang='grc' dir='ltr'>λόγον</span> 
     </span>
    </p>
   </div>
   <div class='ocr_carea' id='block_1_72' title="bbox 2115 2879 3690 2958">
    <p class='ocr_par' dir='ltr' id='par_1_72' title="bbox 2115 2879 3690 2958">
     <span class='ocr_line' id='line_1_72' title="bbox 2115 2879 3690 2958; baseline -0.008 -15"><span class='ocrx_word' id='word_1_477' title='bbox 2115 2890 2171 2942; x_wconf 79' lang='grc' dir='ltr'>δὲ</span> <span class='ocrx_word' id='word_1_478' title='bbox 2215 2889 2307 2943; x_wconf 71' lang='grc' dir='ltr'><strong>καὶ</strong></span> <span class='ocrx_word' id='word_1_479' title='bbox 2334 2886 2515 2958; x_wconf 78' lang='grc' dir='ltr'>φύσιν,</span> <span class='ocrx_word' id='word_1_480' title='bbox 2562 2888 2742 2940; x_wconf 81' lang='grc' dir='ltr'>πᾶσαν</span> <span class='ocrx_word' id='word_1_481' title='bbox 2785 2884 2986 2939; x_wconf 87' lang='grc' dir='ltr'>κακίαν</span> <span class='ocrx_word' id='word_1_482' title='bbox 3017 2881 3367 2952; x_wconf 75' lang='grc' dir='ltr'>ἐργάζεσθαι.</span> <span class='ocrx_word' id='word_1_483' title='bbox 3404 2879 3690 2951; x_wconf 79' lang='grc' dir='ltr'>Μέμνησο,</span> 
     </span>
    </p>
   </div>
   <div class='ocr_carea' id='block_1_73' title="bbox 2116 2970 3692 3052">
    <p class='ocr_par' dir='ltr' id='par_1_73' title="bbox 2116 2970 3692 3052">
     <span class='ocr_line' id='line_1_73' title="bbox 2116 2970 3692 3052; baseline -0.007 -17"><span class='ocrx_word' id='word_1_484' title='bbox 2116 2982 2200 3035; x_wconf 83' lang='grc' dir='ltr'>ὅτι</span> <span class='ocrx_word' id='word_1_485' title='bbox 2222 2980 2290 3034; x_wconf 82' lang='grc' dir='ltr'>τὰ</span> <span class='ocrx_word' id='word_1_486' title='bbox 2318 2978 2592 3052; x_wconf 81' lang='grc' dir='ltr'>ἀρχέγονα</span> <span class='ocrx_word' id='word_1_487' title='bbox 2640 2979 2735 3032; x_wconf 77' lang='grc' dir='ltr'>καὶ</span> <span class='ocrx_word' id='word_1_488' title='bbox 2766 2977 2947 3048; x_wconf 78' lang='grc' dir='ltr'>πάσης</span> <span class='ocrx_word' id='word_1_489' title='bbox 2989 2975 3182 3039; x_wconf 81' lang='grc' dir='ltr'>κακίας</span> <span class='ocrx_word' id='word_1_490' title='bbox 3216 2973 3533 3043; x_wconf 74' lang='grc' dir='ltr'>γεννητικὰ,</span> <span class='ocrx_word' id='word_1_491' title='bbox 3564 2970 3692 3041; x_wconf 88' lang='grc' dir='ltr'>τρία</span> 
     </span>
    </p>
   </div>
   <div class='ocr_carea' id='block_1_74' title="bbox 2117 3061 3691 3138">
    <p class='ocr_par' dir='ltr' id='par_1_74' title="bbox 2117 3061 3691 3138">
     <span class='ocr_line' id='line_1_74' title="bbox 2117 3061 3691 3138; baseline -0.008 -13"><span class='ocrx_word' id='word_1_492' title='bbox 2117 3071 2296 3127; x_wconf 84' lang='grc' dir='ltr'>ταῦτά</span> <span class='ocrx_word' id='word_1_493' title='bbox 2345 3074 2517 3138; x_wconf 78' lang='grc' dir='ltr'>ἐστιν,</span> <span class='ocrx_word' id='word_1_494' title='bbox 2559 3071 2754 3138; x_wconf 80' lang='grc' dir='ltr'>ἄγνοια</span> <span class='ocrx_word' id='word_1_495' title='bbox 2778 3109 2794 3135; x_wconf 95' lang='grc'><strong>,</strong></span> <span class='ocrx_word' id='word_1_496' title='bbox 2840 3067 3121 3138; x_wconf 77' lang='grc' dir='ltr'>φιλαυτία,</span> <span class='ocrx_word' id='word_1_497' title='bbox 3155 3064 3557 3136; x_wconf 53' lang='grc' dir='ltr'>καίτυραννίς</span> <span class='ocrx_word' id='word_1_498' title='bbox 3597 3061 3691 3115; x_wconf 70' lang='grc' dir='ltr'>καὶ</span> 
     </span>
    </p>
   </div>
   <div class='ocr_carea' id='block_1_75' title="bbox 2116 3154 3694 3235">
    <p class='ocr_par' dir='ltr' id='par_1_75' title="bbox 2116 3154 3694 3235">
     <span class='ocr_line' id='line_1_75' title="bbox 2116 3154 3694 3235; baseline -0.007 -17"><span class='ocrx_word' id='word_1_499' title='bbox 2116 3165 2198 3218; x_wconf 85' lang='grc' dir='ltr'><strong>ὃτι</strong></span> <span class='ocrx_word' id='word_1_500' title='bbox 2242 3164 2587 3235; x_wconf 74' lang='grc' dir='ltr'>ὑπεστήσατο</span> <span class='ocrx_word' id='word_1_501' title='bbox 2622 3160 2826 3224; x_wconf 85' lang='grc' dir='ltr'>ταύτας</span> <span class='ocrx_word' id='word_1_502' title='bbox 2850 3163 2877 3215; x_wconf 90' lang='grc' dir='ltr'>ὁ</span> <span class='ocrx_word' id='word_1_503' title='bbox 2904 3160 3138 3232; x_wconf 81' lang='grc' dir='ltr'>πονηρὸς</span> <span class='ocrx_word' id='word_1_504' title='bbox 3184 3161 3241 3212; x_wconf 80' lang='grc' dir='ltr'><strong>ὲν</strong></span> <span class='ocrx_word' id='word_1_505' title='bbox 3271 3159 3424 3228; x_wconf 82' lang='grc' dir='ltr'>ἡμῖν,</span> <span class='ocrx_word' id='word_1_506' title='bbox 3450 3155 3529 3226; x_wconf 82' lang='grc' dir='ltr'>τῷ</span> <span class='ocrx_word' id='word_1_507' title='bbox 3552 3154 3694 3208; x_wconf 72' lang='grc' dir='ltr'>κατὰ</span> 
     </span>
    </p>
   </div>
   <div class='ocr_carea' id='block_1_76' title="bbox 2118 3249 3693 3325">
    <p class='ocr_par' dir='ltr' id='par_1_76' title="bbox 2118 3249 3693 3325">
     <span class='ocr_line' id='line_1_76' title="bbox 2118 3249 3693 3325; baseline -0.009 -16"><span class='ocrx_word' id='word_1_508' title='bbox 2118 3256 2466 3325; x_wconf 79' lang='grc' dir='ltr'>παράχρησιν</span> <span class='ocrx_word' id='word_1_509' title='bbox 2510 3252 2653 3324; x_wconf 86' lang='grc' dir='ltr'>λόγῳ</span> <span class='ocrx_word' id='word_1_510' title='bbox 2680 3250 2788 3305; x_wconf 84' lang='grc' dir='ltr'><strong>τῶν</strong></span> <span class='ocrx_word' id='word_1_511' title='bbox 2823 3252 2882 3305; x_wconf 83' lang='grc' dir='ltr'><strong>ὲν</strong></span> <span class='ocrx_word' id='word_1_512' title='bbox 2921 3252 3056 3322; x_wconf 81' lang='grc' dir='ltr'>ἡμῖν</span> <span class='ocrx_word' id='word_1_513' title='bbox 3098 3249 3378 3319; x_wconf 82' lang='grc' dir='ltr'><strong>δυνάμεων</strong></span> <span class='ocrx_word' id='word_1_514' title='bbox 3419 3262 3693 3318; x_wconf 74' lang='grc' dir='ltr'>προσχρη-</span> 
     </span>
    </p>
   </div>
   <div class='ocr_carea' id='block_1_77' title="bbox 2118 3361 2369 3416">
    <p class='ocr_par' dir='ltr' id='par_1_77' title="bbox 2118 3361 2369 3416">
     <span class='ocr_line' id='line_1_77' title="bbox 2118 3361 2369 3416; baseline -0.004 -17"><span class='ocrx_word' id='word_1_515' title='bbox 2118 3361 2369 3416; x_wconf 85' lang='grc' dir='ltr'>σαμενος.</span> 
     </span>
    </p>
   </div>
   <div class='ocr_carea' id='block_1_78' title="bbox 2194 3600 3693 3688">
    <p class='ocr_par' dir='ltr' id='par_1_78' title="bbox 2194 3600 3693 3688">
     <span class='ocr_line' id='line_1_78' title="bbox 2194 3600 3693 3688; baseline -0.009 -13"><span class='ocrx_word' id='word_1_516' title='bbox 2194 3627 2289 3687; x_wconf 81' lang='grc' dir='ltr'><strong>ις’.</strong></span> <span class='ocrx_word' id='word_1_517' title='bbox 2324 3620 2545 3674; x_wconf 82' lang='grc' dir='ltr'>Τούτων</span> <span class='ocrx_word' id='word_1_518' title='bbox 2576 3618 2686 3673; x_wconf 82' lang='grc' dir='ltr'>τῶν</span> <span class='ocrx_word' id='word_1_519' title='bbox 2738 3600 3006 3688; x_wconf 76' lang='grc' dir='ltr'>ἐμπαθῶν</span> <span class='ocrx_word' id='word_1_520' title='bbox 3035 3612 3315 3685; x_wconf 81' lang='grc' dir='ltr'>λογισμῶν</span> <span class='ocrx_word' id='word_1_521' title='bbox 3353 3609 3605 3681; x_wconf 77' lang='grc' dir='ltr'>ψιλοῦσιν</span> <span class='ocrx_word' id='word_1_522' title='bbox 3638 3607 3693 3662; x_wconf 88' lang='grc' dir='ltr'><strong>αί</strong></span> 
     </span>
    </p>
   </div>
   <div class='ocr_carea' id='block_1_79' title="bbox 2119 3698 3694 3781">
    <p class='ocr_par' dir='ltr' id='par_1_79' title="bbox 2119 3698 3694 3781">
     <span class='ocr_line' id='line_1_79' title="bbox 2119 3698 3694 3781; baseline -0.013 -12"><span class='ocrx_word' id='word_1_523' title='bbox 2119 3714 2353 3779; x_wconf 76' lang='grc' dir='ltr'>ἐντολαὶ,</span> <span class='ocrx_word' id='word_1_524' title='bbox 2397 3712 2466 3765; x_wconf 87' lang='grc' dir='ltr'>τὰ</span> <span class='ocrx_word' id='word_1_525' title='bbox 2525 3711 2633 3765; x_wconf 77' lang='grc' dir='ltr'><strong>τῶν</strong></span> <span class='ocrx_word' id='word_1_526' title='bbox 2677 3708 3023 3781; x_wconf 84' lang='grc' dir='ltr'>πραγμάτων</span> <span class='ocrx_word' id='word_1_527' title='bbox 3054 3707 3325 3778; x_wconf 75' lang='grc' dir='ltr'>νοήματα·</span> <span class='ocrx_word' id='word_1_528' title='bbox 3359 3700 3502 3757; x_wconf 79' lang='grc' dir='ltr'>καθὰ</span> <span class='ocrx_word' id='word_1_529' title='bbox 3533 3701 3589 3753; x_wconf 83' lang='grc' dir='ltr'>ὲν</span> <span class='ocrx_word' id='word_1_530' title='bbox 3618 3698 3694 3769; x_wconf 84' lang='grc' dir='ltr'>τῷ</span> 
     </span>
    </p>
   </div>
   <div class='ocr_carea' id='block_1_80' title="bbox 2117 3799 3059 3877">
    <p class='ocr_par' dir='ltr' id='par_1_80' title="bbox 2117 3799 3059 3877">
     <span class='ocr_line' id='line_1_80' title="bbox 2117 3799 3059 3877; baseline -0.007 -15"><span class='ocrx_word' id='word_1_531' title='bbox 2117 3806 2157 3861; x_wconf 91' lang='grc' dir='ltr'>δ’</span> <span class='ocrx_word' id='word_1_532' title='bbox 2191 3806 2471 3877; x_wconf 85' lang='grc' dir='ltr'>κεφαλαίῳ</span> <span class='ocrx_word' id='word_1_533' title='bbox 2494 3805 2594 3874; x_wconf 79' lang='grc' dir='ltr'>τῆς</span> <span class='ocrx_word' id='word_1_534' title='bbox 2636 3803 2806 3873; x_wconf 79' lang='grc' dir='ltr'>αὐτῆς</span> <span class='ocrx_word' id='word_1_535' title='bbox 2839 3806 2884 3872; x_wconf 85' lang='grc' dir='ltr'>ρ’</span> <span class='ocrx_word' id='word_1_536' title='bbox 2906 3799 3059 3872; x_wconf 84' lang='grc' dir='ltr'>φησί.</span> 
     </span>
    </p>
   </div>
   <div class='ocr_carea' id='block_1_81' title="bbox 2193 3883 3695 3969">
    <p class='ocr_par' dir='ltr' id='par_1_81' title="bbox 2193 3883 3695 3969">
     <span class='ocr_line' id='line_1_81' title="bbox 2193 3883 3695 3969; baseline -0.012 -16"><span class='ocrx_word' id='word_1_537' title='bbox 2193 3900 2276 3964; x_wconf 76' lang='grc' dir='ltr'><strong>ιζ’.</strong></span> <span class='ocrx_word' id='word_1_538' title='bbox 2309 3897 2389 3951; x_wconf 79' lang='grc' dir='ltr'><strong>Τὰ</strong></span> <span class='ocrx_word' id='word_1_539' title='bbox 2419 3897 2571 3969; x_wconf 83' lang='grc' dir='ltr'>παρὰ</span> <span class='ocrx_word' id='word_1_540' title='bbox 2598 3894 2657 3949; x_wconf 83' lang='grc' dir='ltr'>τὸ</span> <span class='ocrx_word' id='word_1_541' title='bbox 2695 3894 2908 3965; x_wconf 78' lang='grc' dir='ltr'>θέλημα</span> <span class='ocrx_word' id='word_1_542' title='bbox 2944 3890 3294 3963; x_wconf 86' lang='grc' dir='ltr'>πραττόμενα</span> <span class='ocrx_word' id='word_1_543' title='bbox 3318 3887 3413 3941; x_wconf 82' lang='grc' dir='ltr'><strong>τοῦ</strong></span> <span class='ocrx_word' id='word_1_544' title='bbox 3448 3883 3605 3951; x_wconf 82' lang='grc' dir='ltr'>Θεοῦ,</span> <span class='ocrx_word' id='word_1_545' title='bbox 3636 3883 3695 3935; x_wconf 81' lang='grc' dir='ltr'>τὸ</span> 
     </span>
    </p>
   </div>
   <div class='ocr_carea' id='block_1_82' title="bbox 2092 3974 3697 4061">
    <p class='ocr_par' dir='ltr' id='par_1_82' title="bbox 2092 3974 3697 4061">
     <span class='ocr_line' id='line_1_82' title="bbox 2092 3974 3697 4061; baseline -0.013 -13"><span class='ocrx_word' id='word_1_546' title='bbox 2092 3984 2095 3985; x_wconf 15' lang='grc' dir='ltr'><em>ν</em></span> <span class='ocrx_word' id='word_1_547' title='bbox 2119 3991 2321 4061; x_wconf 77' lang='grc' dir='ltr'>ἀγαθὸν</span> <span class='ocrx_word' id='word_1_548' title='bbox 2358 3989 2453 4043; x_wconf 66' lang='grc' dir='ltr'><strong>καλ⁸</strong></span> <span class='ocrx_word' id='word_1_549' title='bbox 2479 3988 2772 4059; x_wconf 81' lang='grc' dir='ltr'>εὐάρεστον</span> <span class='ocrx_word' id='word_1_550' title='bbox 2824 3986 2920 4038; x_wconf 75' lang='grc' dir='ltr'>καὶ</span> <span class='ocrx_word' id='word_1_551' title='bbox 2945 3984 3171 4045; x_wconf 87' lang='grc' dir='ltr'>τέλειον,</span> <span class='ocrx_word' id='word_1_552' title='bbox 3197 3983 3334 4051; x_wconf 82' lang='grc' dir='ltr'>ὅπερ</span> <span class='ocrx_word' id='word_1_553' title='bbox 3362 3978 3514 4031; x_wconf 75' lang='grc' dir='ltr'>ἐστὶν</span> <span class='ocrx_word' id='word_1_554' title='bbox 3548 3977 3581 4048; x_wconf 80' lang='grc' dir='ltr'><strong>ἡ</strong></span> <span class='ocrx_word' id='word_1_555' title='bbox 3611 3974 3697 4028; x_wconf 75' lang='grc' dir='ltr'><strong>διὰ</strong></span> 
     </span>
    </p>
   </div>
   <div class='ocr_carea' id='block_1_83' title="bbox 2118 4064 3696 4152">
    <p class='ocr_par' dir='ltr' id='par_1_83' title="bbox 2118 4064 3696 4152">
     <span class='ocr_line' id='line_1_83' title="bbox 2118 4064 3696 4152; baseline -0.013 -12"><span class='ocrx_word' id='word_1_556' title='bbox 2118 4085 2208 4140; x_wconf 81' lang='grc' dir='ltr'><strong>τὸν</strong></span> <span class='ocrx_word' id='word_1_557' title='bbox 2264 4082 2396 4137; x_wconf 80' lang='grc' dir='ltr'><strong>Θεὸν</strong></span> <span class='ocrx_word' id='word_1_558' title='bbox 2435 4081 2570 4152; x_wconf 68' lang='grc' dir='ltr'>πρὸς</span> <span class='ocrx_word' id='word_1_559' title='bbox 2610 4079 2701 4133; x_wconf 82' lang='grc' dir='ltr'><strong>τὸν</strong></span> <span class='ocrx_word' id='word_1_560' title='bbox 2743 4076 2970 4149; x_wconf 87' lang='grc' dir='ltr'>πλησίον</span> <span class='ocrx_word' id='word_1_561' title='bbox 3014 4073 3194 4146; x_wconf 77' lang='grc' dir='ltr'>ἀγαθὴ</span> <span class='ocrx_word' id='word_1_562' title='bbox 3239 4070 3517 4133; x_wconf 84' lang='grc' dir='ltr'>διάθεσις,</span> <span class='ocrx_word' id='word_1_563' title='bbox 3551 4064 3696 4139; x_wconf 74' lang='grc' dir='ltr'>παρὰ</span> 
     </span>
    </p>
   </div>
   <div class='ocr_carea' id='block_1_84' title="bbox 2118 4154 3696 4245">
    <p class='ocr_par' dir='ltr' id='par_1_84' title="bbox 2118 4154 3696 4245">
     <span class='ocr_line' id='line_1_84' title="bbox 2118 4154 3696 4245; baseline -0.013 -16"><span class='ocrx_word' id='word_1_564' title='bbox 2118 4176 2210 4229; x_wconf 77' lang='grc' dir='ltr'>τὸν</span> <span class='ocrx_word' id='word_1_565' title='bbox 2244 4172 2403 4245; x_wconf 83' lang='grc' dir='ltr'>ὀρθόν</span> <span class='ocrx_word' id='word_1_566' title='bbox 2446 4173 2563 4225; x_wconf 75' lang='grc' dir='ltr'>ἐστι</span> <span class='ocrx_word' id='word_1_567' title='bbox 2623 4168 2825 4223; x_wconf 79' lang='grc' dir='ltr'>σκοπὸν</span> <span class='ocrx_word' id='word_1_568' title='bbox 2876 4165 3154 4235; x_wconf 86' lang='grc' dir='ltr'>γινόμενα.</span> <span class='ocrx_word' id='word_1_569' title='bbox 3190 4162 3313 4215; x_wconf 81' lang='grc' dir='ltr'>Ὀτι</span> <span class='ocrx_word' id='word_1_570' title='bbox 3342 4160 3399 4213; x_wconf 86' lang='grc' dir='ltr'>δὲ</span> <span class='ocrx_word' id='word_1_571' title='bbox 3440 4159 3595 4230; x_wconf 85' lang='grc' dir='ltr'>παρὰ</span> <span class='ocrx_word' id='word_1_572' title='bbox 3636 4154 3696 4209; x_wconf 81' lang='grc' dir='ltr'>τὸ</span> 
     </span>
    </p>
   </div>
   <div class='ocr_carea' id='block_1_85' title="bbox 2123 4251 3694 4336">
    <p class='ocr_par' dir='ltr' id='par_1_85' title="bbox 2123 4251 3694 4336">
     <span class='ocr_line' id='line_1_85' title="bbox 2123 4251 3694 4336; baseline -0.012 -16"><span class='ocrx_word' id='word_1_573' title='bbox 2123 4267 2332 4336; x_wconf 82' lang='grc' dir='ltr'>θέλημα</span> <span class='ocrx_word' id='word_1_574' title='bbox 2367 4263 2459 4319; x_wconf 87' lang='grc' dir='ltr'><strong>τοῦ</strong></span> <span class='ocrx_word' id='word_1_575' title='bbox 2499 4261 2632 4315; x_wconf 85' lang='grc' dir='ltr'>Θεοῦ</span> <span class='ocrx_word' id='word_1_576' title='bbox 2662 4261 2721 4315; x_wconf 76' lang='grc' dir='ltr'>τὸ</span> <span class='ocrx_word' id='word_1_577' title='bbox 2752 4261 2887 4334; x_wconf 85' lang='grc' dir='ltr'>πρὸς</span> <span class='ocrx_word' id='word_1_578' title='bbox 2915 4259 3006 4313; x_wconf 84' lang='grc' dir='ltr'><strong>τδν</strong></span> <span class='ocrx_word' id='word_1_579' title='bbox 3031 4256 3261 4328; x_wconf 87' lang='grc' dir='ltr'>πλησίον</span> <span class='ocrx_word' id='word_1_580' title='bbox 3286 4254 3345 4307; x_wconf 80' lang='grc' dir='ltr'>οὐ</span> <span class='ocrx_word' id='word_1_581' title='bbox 3371 4252 3557 4314; x_wconf 84' lang='grc' dir='ltr'>καλῶς</span> <span class='ocrx_word' id='word_1_582' title='bbox 3583 4251 3694 4303; x_wconf 78' lang='grc' dir='ltr'>δια-</span> 
     </span>
    </p>
   </div>
   <div class='ocr_carea' id='block_1_86' title="bbox 2124 4342 3693 4421">
    <p class='ocr_par' dir='ltr' id='par_1_86' title="bbox 2124 4342 3693 4421">
     <span class='ocr_line' id='line_1_86' title="bbox 2124 4342 3693 4421; baseline -0.01 -9"><span class='ocrx_word' id='word_1_583' title='bbox 2124 4358 2361 4421; x_wconf 84' lang='grc' dir='ltr'>κεῖσθαι,</span> <span class='ocrx_word' id='word_1_584' title='bbox 2398 4355 2669 4410; x_wconf 88' lang='grc' dir='ltr'>δείκνυσιν</span> <span class='ocrx_word' id='word_1_585' title='bbox 2706 4353 2763 4405; x_wconf 83' lang='grc' dir='ltr'>ὲν</span> <span class='ocrx_word' id='word_1_586' title='bbox 2800 4350 3153 4421; x_wconf 79' lang='grc' dir='ltr'>Εὑαγγελίοις</span> <span class='ocrx_word' id='word_1_587' title='bbox 3198 4347 3371 4417; x_wconf 84' lang='grc' dir='ltr'>λέγων</span> <span class='ocrx_word' id='word_1_588' title='bbox 3410 4347 3439 4399; x_wconf 87' lang='grc' dir='ltr'>ὁ</span> <span class='ocrx_word' id='word_1_589' title='bbox 3474 4342 3693 4414; x_wconf 83' lang='grc' dir='ltr'>Κύριος·</span> 
     </span>
    </p>
   </div>
   <div class='ocr_carea' id='block_1_87' title="bbox 432 4433 2013 4517">
    <p class='ocr_par' dir='ltr' id='par_1_87' title="bbox 432 4443 2013 4516">
     <span class='ocr_line' id='line_1_87' title="bbox 432 4443 2013 4516; baseline 0.001 -18"><span class='ocrx_word' id='word_1_590' title='bbox 432 4443 614 4514; x_wconf 83' lang='lat' dir='ltr'><strong>geliis,</strong></span> <span class='ocrx_word' id='word_1_591' title='bbox 638 4458 764 4497; x_wconf 85' lang='lat' dir='ltr'><strong>cum</strong></span> <span class='ocrx_word' id='word_1_592' title='bbox 787 4443 863 4497; x_wconf 88' lang='lat' dir='ltr'><strong>ait</strong></span> <span class='ocrx_word' id='word_1_593' title='bbox 893 4461 905 4498; x_wconf 92' lang='lat'><strong>:</strong></span> <span class='ocrx_word' id='word_1_594' title='bbox 938 4443 1212 4509; x_wconf 74' lang='lat' dir='ltr'><strong>Quatenus</strong></span> <span class='ocrx_word' id='word_1_595' title='bbox 1241 4445 1457 4514; x_wconf 74' lang='lat' dir='ltr'><strong>fecistis,</strong></span> <span class='ocrx_word' id='word_1_596' title='bbox 1482 4446 1570 4500; x_wconf 82' lang='lat' dir='ltr'><strong>vel</strong></span> <span class='ocrx_word' id='word_1_597' title='bbox 1599 4462 1704 4501; x_wconf 81' lang='lat' dir='ltr'><strong>non</strong></span> <span class='ocrx_word' id='word_1_598' title='bbox 1735 4446 1926 4516; x_wconf 79' lang='lat' dir='ltr'><strong>fecistis</strong></span> <span class='ocrx_word' id='word_1_599' title='bbox 1949 4444 2013 4511; x_wconf 70' lang='lat' dir='ltr'><strong>l&quot;’;</strong></span> 
     </span>
    </p>
   </div>
   <div class='ocr_carea' id='block_1_88' title="bbox 2114 4433 3693 4517">
    <p class='ocr_par' dir='ltr' id='par_1_88' title="bbox 2135 4433 3693 4517">
     <span class='ocr_line' id='line_1_88' title="bbox 2135 4433 3693 4517; baseline -0.013 -14"><span class='ocrx_word' id='word_1_600' title='bbox 2135 4449 2243 4517; x_wconf 74' lang='grc' dir='ltr'><strong>Ἐερ</strong></span> <span class='ocrx_word' id='word_1_601' title='bbox 2269 4447 2421 4501; x_wconf 83' lang='grc' dir='ltr'><strong>ὅσον</strong></span> <span class='ocrx_word' id='word_1_602' title='bbox 2447 4442 2792 4509; x_wconf 82' lang='grc' dir='ltr'>ἐποιήσατε,</span> <span class='ocrx_word' id='word_1_603' title='bbox 2825 4441 2920 4496; x_wconf 78' lang='grc' dir='ltr'>καὶ</span> <span class='ocrx_word' id='word_1_604' title='bbox 2940 4443 3013 4510; x_wconf 67' lang='grc' dir='ltr'><strong>ἐφ</strong></span> <span class='ocrx_word' id='word_1_605' title='bbox 3034 4441 3186 4494; x_wconf 80' lang='grc' dir='ltr'><strong>ὅσον</strong></span> <span class='ocrx_word' id='word_1_606' title='bbox 3215 4440 3326 4492; x_wconf 83' lang='grc' dir='ltr'>οὐκ</span> <span class='ocrx_word' id='word_1_607' title='bbox 3350 4433 3693 4500; x_wconf 76' lang='grc' dir='ltr'>ἐποιήσατε,</span> 
     </span>
    </p>
   </div>
   <div class='ocr_carea' id='block_1_89' title="bbox 432 4535 2022 4607">
    <p class='ocr_par' dir='ltr' id='par_1_89' title="bbox 432 4535 2022 4607">
     <span class='ocr_line' id='line_1_89' title="bbox 432 4535 2022 4607; baseline -0.001 -17"><span class='ocrx_word' id='word_1_608' title='bbox 432 4549 766 4591; x_wconf 87' lang='lat' dir='ltr'><strong>enumerans</strong></span> <span class='ocrx_word' id='word_1_609' title='bbox 802 4535 1087 4592; x_wconf 87' lang='lat' dir='ltr'><strong>charitatis</strong></span> <span class='ocrx_word' id='word_1_610' title='bbox 1133 4543 1300 4605; x_wconf 89' lang='lat' dir='ltr'><strong>atque</strong></span> <span class='ocrx_word' id='word_1_611' title='bbox 1336 4536 1447 4590; x_wconf 91' lang='lat' dir='ltr'><strong>odii</strong></span> <span class='ocrx_word' id='word_1_612' title='bbox 1505 4551 1727 4607; x_wconf 84' lang='lat' dir='ltr'><strong>genera.</strong></span> <span class='ocrx_word' id='word_1_613' title='bbox 1779 4536 2022 4591; x_wconf 88' lang='lat' dir='ltr'><strong>Observa</strong></span> 
     </span>
    </p>
   </div>
   <div class='ocr_carea' id='block_1_90' title="bbox 433 4626 2021 4698">
    <p class='ocr_par' dir='ltr' id='par_1_90' title="bbox 433 4626 2021 4698">
     <span class='ocr_line' id='line_1_90' title="bbox 433 4626 2021 4698; baseline -0.001 -17"><span class='ocrx_word' id='word_1_614' title='bbox 433 4639 589 4692; x_wconf 86' lang='lat' dir='ltr'><strong>vero,</strong></span> <span class='ocrx_word' id='word_1_615' title='bbox 617 4626 764 4698; x_wconf 90' lang='lat' dir='ltr'><strong>quod</strong></span> <span class='ocrx_word' id='word_1_616' title='bbox 788 4627 884 4697; x_wconf 76' lang='lat' dir='ltr'><strong>qui</strong></span> <span class='ocrx_word' id='word_1_617' title='bbox 905 4635 1097 4682; x_wconf 84' lang='lat' dir='ltr'><strong>contra</strong></span> <span class='ocrx_word' id='word_1_618' title='bbox 1133 4635 1344 4682; x_wconf 88' lang='lat' dir='ltr'><strong>rectum</strong></span> <span class='ocrx_word' id='word_1_619' title='bbox 1386 4626 1548 4682; x_wconf 84' lang='lat' dir='ltr'><strong>tinem</strong></span> <span class='ocrx_word' id='word_1_620' title='bbox 1590 4643 1655 4683; x_wconf 91' lang='lat' dir='ltr'><strong>ac</strong></span> <span class='ocrx_word' id='word_1_621' title='bbox 1685 4626 2021 4682; x_wconf 84' lang='lat' dir='ltr'><strong>destinatum</strong></span> 
     </span>
    </p>
   </div>
   <div class='ocr_carea' id='block_1_91' title="bbox 438 4716 2023 4787">
    <p class='ocr_par' dir='ltr' id='par_1_91' title="bbox 438 4716 2023 4787">
     <span class='ocr_line' id='line_1_91' title="bbox 438 4716 2023 4787; baseline -0.004 -10"><span class='ocrx_word' id='word_1_622' title='bbox 438 4725 652 4777; x_wconf 78' lang='lat' dir='ltr'><strong>(contra</strong></span> <span class='ocrx_word' id='word_1_623' title='bbox 678 4717 775 4777; x_wconf 87' lang='lat' dir='ltr'><strong>Dei</strong></span> <span class='ocrx_word' id='word_1_624' title='bbox 804 4716 1016 4773; x_wconf 90' lang='lat' dir='ltr'><strong>scilicet</strong></span> <span class='ocrx_word' id='word_1_625' title='bbox 1045 4716 1413 4787; x_wconf 89' lang='lat' dir='ltr'><strong>mandatum),</strong></span> <span class='ocrx_word' id='word_1_626' title='bbox 1449 4732 1682 4773; x_wconf 81' lang='lat' dir='ltr'><strong>excusso</strong></span> <span class='ocrx_word' id='word_1_627' title='bbox 1707 4717 2023 4771; x_wconf 88' lang='lat' dir='ltr'><strong>humanita-</strong></span> 
     </span>
    </p>
   </div>
   <div class='ocr_carea' id='block_1_92' title="bbox 436 4807 2019 4875">
    <p class='ocr_par' dir='ltr' id='par_1_92' title="bbox 436 4807 2019 4875">
     <span class='ocr_line' id='line_1_92' title="bbox 436 4807 2019 4875; baseline 0.001 -13"><span class='ocrx_word' id='word_1_628' title='bbox 436 4807 507 4863; x_wconf 90' lang='lat' dir='ltr'><strong>tis</strong></span> <span class='ocrx_word' id='word_1_629' title='bbox 528 4822 718 4870; x_wconf 90' lang='lat' dir='ltr'><strong>sensu,</strong></span> <span class='ocrx_word' id='word_1_630' title='bbox 744 4809 1018 4875; x_wconf 90' lang='lat' dir='ltr'><strong>fecerunt,</strong></span> <span class='ocrx_word' id='word_1_631' title='bbox 1046 4825 1174 4864; x_wconf 91' lang='lat' dir='ltr'><strong>cum</strong></span> <span class='ocrx_word' id='word_1_632' title='bbox 1197 4809 1336 4864; x_wconf 90' lang='lat' dir='ltr'><strong>nihil</strong></span> <span class='ocrx_word' id='word_1_633' title='bbox 1373 4809 1440 4864; x_wconf 89' lang='lat' dir='ltr'><strong>ad</strong></span> <span class='ocrx_word' id='word_1_634' title='bbox 1495 4809 1870 4866; x_wconf 84' lang='lat' dir='ltr'><strong>defensionem</strong></span> <span class='ocrx_word' id='word_1_635' title='bbox 1916 4809 2019 4864; x_wconf 88' lang='lat' dir='ltr'><strong>ha-</strong></span> 
     </span>
    </p>
   </div>
   <div class='ocr_carea' id='block_1_93' title="bbox 435 4900 2018 4973">
    <p class='ocr_par' dir='ltr' id='par_1_93' title="bbox 435 4900 2018 4973">
     <span class='ocr_line' id='line_1_93' title="bbox 435 4900 2018 4973; baseline 0.001 -17"><span class='ocrx_word' id='word_1_636' title='bbox 435 4900 659 4967; x_wconf 85' lang='lat' dir='ltr'><strong>berent,</strong></span> <span class='ocrx_word' id='word_1_637' title='bbox 688 4917 872 4973; x_wconf 85' lang='lat' dir='ltr'><strong>neque</strong></span> <span class='ocrx_word' id='word_1_638' title='bbox 893 4902 1061 4957; x_wconf 89' lang='lat' dir='ltr'><strong>etiam</strong></span> <span class='ocrx_word' id='word_1_639' title='bbox 1091 4900 1257 4957; x_wconf 80' lang='lat' dir='ltr'><strong>ﬁnem</strong></span> <span class='ocrx_word' id='word_1_640' title='bbox 1279 4917 1345 4958; x_wconf 90' lang='lat' dir='ltr'><strong>ac</strong></span> <span class='ocrx_word' id='word_1_641' title='bbox 1376 4900 1709 4958; x_wconf 76' lang='lat' dir='ltr'><strong>destinatum</strong></span> <span class='ocrx_word' id='word_1_642' title='bbox 1736 4916 2018 4972; x_wconf 87' lang='lat' dir='ltr'><strong>opponere</strong></span> 
     </span>
    </p>
   </div>
   <div class='ocr_carea' id='block_1_94' title="bbox 434 4993 2020 5064">
    <p class='ocr_par' dir='ltr' id='par_1_94' title="bbox 434 4993 2020 5064">
     <span class='ocr_line' id='line_1_94' title="bbox 434 4993 2020 5064; baseline 0.003 -20"><span class='ocrx_word' id='word_1_643' title='bbox 434 4993 696 5049; x_wconf 83' lang='lat' dir='ltr'><strong>videntur</strong></span> <span class='ocrx_word' id='word_1_644' title='bbox 737 5013 751 5048; x_wconf 92' lang='lat'><strong>:</strong></span> <span class='ocrx_word' id='word_1_645' title='bbox 788 4995 936 5064; x_wconf 91' lang='lat' dir='ltr'><strong>quod</strong></span> <span class='ocrx_word' id='word_1_646' title='bbox 965 5009 1167 5064; x_wconf 73' lang='lat' dir='ltr'><strong>nempe</strong></span> <span class='ocrx_word' id='word_1_647' title='bbox 1206 4994 1438 5059; x_wconf 89' lang='lat' dir='ltr'><strong>scirent,</strong></span> <span class='ocrx_word' id='word_1_648' title='bbox 1490 5009 1617 5049; x_wconf 89' lang='lat' dir='ltr'><strong>eum</strong></span> <span class='ocrx_word' id='word_1_649' title='bbox 1677 4994 1772 5063; x_wconf 91' lang='lat' dir='ltr'><strong>qui</strong></span> <span class='ocrx_word' id='word_1_650' title='bbox 1828 5002 2020 5059; x_wconf 80' lang='lat' dir='ltr'><strong>contra</strong></span> 
     </span>
    </p>
   </div>
   <div class='ocr_carea' id='block_1_95' title="bbox 435 5084 2019 5152">
    <p class='ocr_par' dir='ltr' id='par_1_95' title="bbox 435 5084 2019 5152">
     <span class='ocr_line' id='line_1_95' title="bbox 435 5084 2019 5152; baseline 0.001 -14"><span class='ocrx_word' id='word_1_651' title='bbox 435 5092 647 5140; x_wconf 83' lang='lat' dir='ltr'><strong>rectum</strong></span> <span class='ocrx_word' id='word_1_652' title='bbox 671 5084 767 5140; x_wconf 87' lang='lat' dir='ltr'><strong>Dei</strong></span> <span class='ocrx_word' id='word_1_653' title='bbox 799 5084 964 5141; x_wconf 85' lang='lat' dir='ltr'><strong>finem</strong></span> <span class='ocrx_word' id='word_1_654' title='bbox 987 5101 1054 5140; x_wconf 90' lang='lat' dir='ltr'><strong>ac</strong></span> <span class='ocrx_word' id='word_1_655' title='bbox 1071 5084 1410 5141; x_wconf 87' lang='lat' dir='ltr'><strong>destinatum</strong></span> <span class='ocrx_word' id='word_1_656' title='bbox 1438 5084 1626 5152; x_wconf 81' lang='lat' dir='ltr'><strong>faciat,</strong></span> <span class='ocrx_word' id='word_1_657' title='bbox 1679 5085 1895 5139; x_wconf 84' lang='lat' dir='ltr'><strong>tametsi</strong></span> <span class='ocrx_word' id='word_1_658' title='bbox 1933 5085 2019 5140; x_wconf 93' lang='lat' dir='ltr'><strong>in-</strong></span> 
     </span>
    </p>
   </div>
   <div class='ocr_carea' id='block_1_96' title="bbox 436 5177 2020 5250">
    <p class='ocr_par' dir='ltr' id='par_1_96' title="bbox 436 5177 2020 5250">
     <span class='ocr_line' id='line_1_96' title="bbox 436 5177 2020 5250; baseline 0.002 -19"><span class='ocrx_word' id='word_1_659' title='bbox 436 5192 693 5232; x_wconf 87' lang='lat' dir='ltr'><strong>numeras</strong></span> <span class='ocrx_word' id='word_1_660' title='bbox 722 5187 966 5247; x_wconf 89' lang='lat' dir='ltr'><strong>opponat</strong></span> <span class='ocrx_word' id='word_1_661' title='bbox 989 5178 1254 5243; x_wconf 87' lang='lat' dir='ltr'><strong>rationes,</strong></span> <span class='ocrx_word' id='word_1_662' title='bbox 1279 5177 1424 5233; x_wconf 87' lang='lat' dir='ltr'><strong>haud</strong></span> <span class='ocrx_word' id='word_1_663' title='bbox 1459 5193 1700 5250; x_wconf 88' lang='lat' dir='ltr'><strong>unquam</strong></span> <span class='ocrx_word' id='word_1_664' title='bbox 1715 5177 2020 5250; x_wconf 81' lang='lat' dir='ltr'><strong>gehennam</strong></span> 
     </span>
    </p>
   </div>
   <div class='ocr_carea' id='block_1_97' title="bbox 434 5283 750 5324">
    <p class='ocr_par' dir='ltr' id='par_1_97' title="bbox 434 5283 750 5324">
     <span class='ocr_line' id='line_1_97' title="bbox 434 5283 750 5324; baseline 0.006 -4"><span class='ocrx_word' id='word_1_665' title='bbox 434 5283 750 5324; x_wconf 83' lang='lat' dir='ltr'><strong>evasurum.</strong></span> 
     </span>
    </p>
   </div>
   <div class='ocr_carea' id='block_1_98' title="bbox 456 5360 2019 5443">
    <p class='ocr_par' dir='ltr' id='par_1_98' title="bbox 456 5360 2019 5443">
     <span class='ocr_line' id='line_1_98' title="bbox 456 5360 2019 5443; baseline 0.001 -28"><span class='ocrx_word' id='word_1_666' title='bbox 456 5360 598 5443; x_wconf 52' lang='lat' dir='ltr'><strong>d8.</strong></span> <span class='ocrx_word' id='word_1_667' title='bbox 638 5360 1009 5431; x_wconf 83' lang='lat' dir='ltr'><strong>Cupiditatem</strong></span> <span class='ocrx_word' id='word_1_668' title='bbox 1054 5360 1203 5417; x_wconf 86' lang='lat' dir='ltr'><strong>sistit</strong></span> <span class='ocrx_word' id='word_1_669' title='bbox 1258 5361 1357 5416; x_wconf 89' lang='lat' dir='ltr'><strong>Dei</strong></span> <span class='ocrx_word' id='word_1_670' title='bbox 1417 5362 1658 5419; x_wconf 77' lang='lat' dir='ltr'><strong>Charitas</strong></span> <span class='ocrx_word' id='word_1_671' title='bbox 1703 5379 1717 5415; x_wconf 88' lang='lat'><strong>:</strong></span> <span class='ocrx_word' id='word_1_672' title='bbox 1782 5360 2019 5431; x_wconf 72' lang='lat' dir='ltr'><strong>proximi</strong></span> 
     </span>
    </p>
   </div>
   <div class='ocr_carea' id='block_1_99' title="bbox 437 5452 1889 5524">
    <p class='ocr_par' dir='ltr' id='par_1_99' title="bbox 437 5452 1889 5524">
     <span class='ocr_line' id='line_1_99' title="bbox 437 5452 1889 5524; baseline 0.003 -19"><span class='ocrx_word' id='word_1_673' title='bbox 437 5461 622 5507; x_wconf 85' lang='lat' dir='ltr'><strong>autem</strong></span> <span class='ocrx_word' id='word_1_674' title='bbox 657 5452 883 5509; x_wconf 83' lang='lat' dir='ltr'><strong>dilectio</strong></span> <span class='ocrx_word' id='word_1_675' title='bbox 914 5453 995 5507; x_wconf 86' lang='lat' dir='ltr'><strong>ira</strong></span> <span class='ocrx_word' id='word_1_676' title='bbox 1041 5463 1426 5524; x_wconf 82' lang='lat' dir='ltr'><strong>exasperatum</strong></span> <span class='ocrx_word' id='word_1_677' title='bbox 1445 5455 1690 5509; x_wconf 89' lang='lat' dir='ltr'><strong>animum</strong></span> <span class='ocrx_word' id='word_1_678' title='bbox 1717 5454 1889 5510; x_wconf 90' lang='lat' dir='ltr'><strong>sedat.</strong></span> 
     </span>
    </p>
   </div>
   <div class='ocr_carea' id='block_1_100' title="bbox 510 5543 2029 5620">
    <p class='ocr_par' dir='ltr' id='par_1_100' title="bbox 510 5543 2029 5620">
     <span class='ocr_line' id='line_1_100' title="bbox 510 5543 2029 5620; baseline 0.003 -21"><span class='ocrx_word' id='word_1_679' title='bbox 510 5544 598 5602; x_wconf 87' lang='grc'><strong>19.</strong></span> <span class='ocrx_word' id='word_1_680' title='bbox 632 5543 737 5611; x_wconf 86' lang='lat' dir='ltr'><strong>Qui</strong></span> <span class='ocrx_word' id='word_1_681' title='bbox 784 5544 1086 5617; x_wconf 80' lang='lat' dir='ltr'><strong>imaginum</strong></span> <span class='ocrx_word' id='word_1_682' title='bbox 1110 5547 1393 5611; x_wconf 87' lang='lat' dir='ltr'><strong>materias,</strong></span> <span class='ocrx_word' id='word_1_683' title='bbox 1428 5546 1645 5605; x_wconf 87' lang='lat' dir='ltr'><strong>divinas</strong></span> <span class='ocrx_word' id='word_1_684' title='bbox 1682 5547 1882 5620; x_wconf 80' lang='lat' dir='ltr'><strong>figuras</strong></span> <span class='ocrx_word' id='word_1_685' title='bbox 1908 5547 2029 5603; x_wconf 79' lang='lat' dir='ltr'><strong>exi-</strong></span> 
     </span>
    </p>
   </div>
   <div class='ocr_carea' id='block_1_101' title="bbox 503 5712 1567 5787">
    <p class='ocr_par' dir='ltr' id='par_1_101' title="bbox 503 5712 1567 5787">
     <span class='ocr_line' id='line_1_101' title="bbox 503 5712 1567 5787; baseline 0.005 -15"><span class='ocrx_word' id='word_1_686' title='bbox 503 5712 548 5745; x_wconf 69' lang='lat'><strong>”</strong></span> <span class='ocrx_word' id='word_1_687' title='bbox 584 5717 741 5772; x_wconf 76' lang='lat' dir='ltr'><strong>Rom.</strong></span> <span class='ocrx_word' id='word_1_688' title='bbox 772 5737 866 5787; x_wconf 76' lang='lat' dir='ltr'><strong>xu,</strong></span> <span class='ocrx_word' id='word_1_689' title='bbox 899 5722 954 5776; x_wconf 76' lang='lat'><strong>2.</strong></span> <span class='ocrx_word' id='word_1_690' title='bbox 1032 5723 1076 5754; x_wconf 70' lang='grc' dir='ltr'>⁸ο</span> <span class='ocrx_word' id='word_1_691' title='bbox 1102 5722 1292 5776; x_wconf 79' lang='lat' dir='ltr'><strong>Matth.</strong></span> <span class='ocrx_word' id='word_1_692' title='bbox 1321 5740 1446 5787; x_wconf 76' lang='lat' dir='ltr'><strong>xxv,</strong></span> <span class='ocrx_word' id='word_1_693' title='bbox 1480 5725 1567 5780; x_wconf 65' lang='grc'><strong>40.</strong></span> 
     </span>
    </p>
   </div>
   <div class='ocr_carea' id='block_1_102' title="bbox 2123 4524 3695 4610">
    <p class='ocr_par' dir='ltr' id='par_1_102' title="bbox 2123 4524 3695 4610">
     <span class='ocr_line' id='line_1_102' title="bbox 2123 4524 3695 4610; baseline -0.02 -4"><span class='ocrx_word' id='word_1_694' title='bbox 2123 4542 2224 4610; x_wconf 81' lang='grc' dir='ltr'>τῆς</span> <span class='ocrx_word' id='word_1_695' title='bbox 2250 4538 2470 4609; x_wconf 77' lang='grc' dir='ltr'>ἀγάπης</span> <span class='ocrx_word' id='word_1_696' title='bbox 2497 4535 2567 4590; x_wconf 80' lang='grc' dir='ltr'><strong>τὰ</strong></span> <span class='ocrx_word' id='word_1_697' title='bbox 2603 4537 2718 4608; x_wconf 76' lang='grc' dir='ltr'>εἴδη</span> <span class='ocrx_word' id='word_1_698' title='bbox 2761 4537 2854 4590; x_wconf 69' lang='grc' dir='ltr'>καὶ</span> <span class='ocrx_word' id='word_1_699' title='bbox 2910 4532 3003 4587; x_wconf 88' lang='grc' dir='ltr'><strong>τοῦ</strong></span> <span class='ocrx_word' id='word_1_700' title='bbox 3052 4533 3241 4604; x_wconf 85' lang='grc' dir='ltr'>μίσους</span> <span class='ocrx_word' id='word_1_701' title='bbox 3280 4524 3695 4600; x_wconf 79' lang='grc' dir='ltr'>ἀπαριθμούμεο</span> 
     </span>
    </p>
   </div>
   <div class='ocr_carea' id='block_1_103' title="bbox 2124 4621 3691 4703">
    <p class='ocr_par' dir='ltr' id='par_1_103' title="bbox 2124 4621 3691 4703">
     <span class='ocr_line' id='line_1_103' title="bbox 2124 4621 3691 4703; baseline -0.012 -16"><span class='ocrx_word' id='word_1_702' title='bbox 2124 4650 2233 4696; x_wconf 92' lang='grc' dir='ltr'>νος.</span> <span class='ocrx_word' id='word_1_703' title='bbox 2272 4632 2411 4703; x_wconf 88' lang='grc' dir='ltr'>Ὅρα</span> <span class='ocrx_word' id='word_1_704' title='bbox 2440 4630 2498 4683; x_wconf 81' lang='grc' dir='ltr'>δὲ</span> <span class='ocrx_word' id='word_1_705' title='bbox 2534 4631 2615 4682; x_wconf 85' lang='grc' dir='ltr'><strong>ὃτι</strong></span> <span class='ocrx_word' id='word_1_706' title='bbox 2647 4629 2697 4680; x_wconf 81' lang='grc' dir='ltr'>οἱ</span> <span class='ocrx_word' id='word_1_707' title='bbox 2731 4626 2883 4698; x_wconf 79' lang='grc' dir='ltr'>παρὰ</span> <span class='ocrx_word' id='word_1_708' title='bbox 2909 4625 3000 4678; x_wconf 82' lang='grc' dir='ltr'><strong>τὸν</strong></span> <span class='ocrx_word' id='word_1_709' title='bbox 3029 4624 3188 4697; x_wconf 75' lang='grc' dir='ltr'>ὀρθὸν</span> <span class='ocrx_word' id='word_1_710' title='bbox 3220 4621 3549 4693; x_wconf 79' lang='grc' dir='ltr'>ποιήσαντες</span> <span class='ocrx_word' id='word_1_711' title='bbox 3575 4631 3691 4669; x_wconf 85' lang='grc' dir='ltr'>σκο·</span> 
     </span>
    </p>
   </div>
   <div class='ocr_carea' id='block_1_104' title="bbox 2126 4706 3692 4796">
    <p class='ocr_par' dir='ltr' id='par_1_104' title="bbox 2126 4706 3692 4796">
     <span class='ocr_line' id='line_1_104' title="bbox 2126 4706 3692 4796; baseline -0.013 -18"><span class='ocrx_word' id='word_1_712' title='bbox 2126 4724 2250 4787; x_wconf 81' lang='grc' dir='ltr'>πὸν,</span> <span class='ocrx_word' id='word_1_713' title='bbox 2283 4723 2454 4796; x_wconf 73' lang='grc' dir='ltr'>ἤγουν</span> <span class='ocrx_word' id='word_1_714' title='bbox 2483 4721 2635 4791; x_wconf 87' lang='grc' dir='ltr'>παρὰ</span> <span class='ocrx_word' id='word_1_715' title='bbox 2667 4719 2765 4790; x_wconf 79' lang='grc' dir='ltr'>τὴν</span> <span class='ocrx_word' id='word_1_716' title='bbox 2808 4717 3027 4787; x_wconf 76' lang='grc' dir='ltr'>ἐντολὴν</span> <span class='ocrx_word' id='word_1_717' title='bbox 3071 4716 3166 4770; x_wconf 88' lang='grc' dir='ltr'><strong>τοῦ</strong></span> <span class='ocrx_word' id='word_1_718' title='bbox 3198 4714 3355 4779; x_wconf 79' lang='grc' dir='ltr'>Θεοῦ,</span> <span class='ocrx_word' id='word_1_719' title='bbox 3400 4706 3692 4767; x_wconf 81' lang='grc' dir='ltr'>ἀποσεισά-</span> 
     </span>
    </p>
   </div>
   <div class='ocr_carea' id='block_1_105' title="bbox 2127 4802 3691 4887">
    <p class='ocr_par' dir='ltr' id='par_1_105' title="bbox 2127 4802 3691 4887">
     <span class='ocr_line' id='line_1_105' title="bbox 2127 4802 3691 4887; baseline -0.012 -17"><span class='ocrx_word' id='word_1_720' title='bbox 2127 4833 2278 4887; x_wconf 82' lang='grc' dir='ltr'>μενοι</span> <span class='ocrx_word' id='word_1_721' title='bbox 2307 4815 2366 4869; x_wconf 80' lang='grc' dir='ltr'>τὸ</span> <span class='ocrx_word' id='word_1_722' title='bbox 2404 4813 2808 4884; x_wconf 82' lang='grc' dir='ltr'>φιλάνθρωπον,</span> <span class='ocrx_word' id='word_1_723' title='bbox 2847 4809 3102 4881; x_wconf 76' lang='grc' dir='ltr'>οὐδεμίαν</span> <span class='ocrx_word' id='word_1_724' title='bbox 3151 4807 3363 4877; x_wconf 73' lang='grc' dir='ltr'>ἔχοντες</span> <span class='ocrx_word' id='word_1_725' title='bbox 3406 4802 3691 4871; x_wconf 81' lang='grc' dir='ltr'>ἀπολογίαν</span> 
     </span>
    </p>
   </div>
   <div class='ocr_carea' id='block_1_106' title="bbox 2124 4898 3687 4974">
    <p class='ocr_par' dir='ltr' id='par_1_106' title="bbox 2124 4898 3687 4974">
     <span class='ocr_line' id='line_1_106' title="bbox 2124 4898 3687 4974; baseline -0.01 -12"><span class='ocrx_word' id='word_1_726' title='bbox 2124 4909 2320 4973; x_wconf 74' lang='grc' dir='ltr'>εἰπεῖν,</span> <span class='ocrx_word' id='word_1_727' title='bbox 2374 4905 2496 4960; x_wconf 81' lang='grc' dir='ltr'>οὐδὲ</span> <span class='ocrx_word' id='word_1_728' title='bbox 2550 4905 2643 4959; x_wconf 85' lang='grc' dir='ltr'><strong>τὸν</strong></span> <span class='ocrx_word' id='word_1_729' title='bbox 2677 4904 2878 4959; x_wconf 84' lang='grc' dir='ltr'>σκοπὸν</span> <span class='ocrx_word' id='word_1_730' title='bbox 2927 4901 3357 4974; x_wconf 80' lang='grc' dir='ltr'>προὸαλλόμενοι</span> <span class='ocrx_word' id='word_1_731' title='bbox 3399 4898 3687 4968; x_wconf 82' lang='grc' dir='ltr'>φαίνονται·</span> 
     </span>
    </p>
   </div>
   <div class='ocr_carea' id='block_1_107' title="bbox 2124 4985 3688 5067">
    <p class='ocr_par' dir='ltr' id='par_1_107' title="bbox 2124 4985 3688 5067">
     <span class='ocr_line' id='line_1_107' title="bbox 2124 4985 3688 5067; baseline -0.012 -14"><span class='ocrx_word' id='word_1_732' title='bbox 2124 4999 2346 5063; x_wconf 77' lang='grc' dir='ltr'>εἰδότες,</span> <span class='ocrx_word' id='word_1_733' title='bbox 2377 4997 2453 5062; x_wconf 88' lang='grc' dir='ltr'>ὼς</span> <span class='ocrx_word' id='word_1_734' title='bbox 2500 4998 2528 5053; x_wconf 85' lang='grc' dir='ltr'>ὁ</span> <span class='ocrx_word' id='word_1_735' title='bbox 2577 4998 2729 5067; x_wconf 77' lang='grc' dir='ltr'>παρὰ</span> <span class='ocrx_word' id='word_1_736' title='bbox 2779 4995 2873 5049; x_wconf 84' lang='grc' dir='ltr'><strong>τὸν</strong></span> <span class='ocrx_word' id='word_1_737' title='bbox 2917 4993 3076 5065; x_wconf 80' lang='grc' dir='ltr'>ὀρθὸν</span> <span class='ocrx_word' id='word_1_738' title='bbox 3110 4991 3310 5045; x_wconf 81' lang='grc' dir='ltr'>σκοπὸν</span> <span class='ocrx_word' id='word_1_739' title='bbox 3342 4988 3439 5043; x_wconf 88' lang='grc' dir='ltr'><strong>τοῦ</strong></span> <span class='ocrx_word' id='word_1_740' title='bbox 3483 4985 3615 5041; x_wconf 79' lang='grc' dir='ltr'>Θεοῦ</span> <span class='ocrx_word' id='word_1_741' title='bbox 3640 4999 3688 5036; x_wconf 91' lang='grc' dir='ltr'><strong>τι</strong></span> 
     </span>
    </p>
   </div>
   <div class='ocr_carea' id='block_1_108' title="bbox 2128 5077 3685 5162">
    <p class='ocr_par' dir='ltr' id='par_1_108' title="bbox 2128 5077 3685 5162">
     <span class='ocr_line' id='line_1_108' title="bbox 2128 5077 3685 5162; baseline -0.013 -17"><span class='ocrx_word' id='word_1_742' title='bbox 2128 5090 2404 5162; x_wconf 87' lang='grc' dir='ltr'>πράττων,</span> <span class='ocrx_word' id='word_1_743' title='bbox 2438 5087 2540 5142; x_wconf 81' lang='grc' dir='ltr'>κᾶν</span> <span class='ocrx_word' id='word_1_744' title='bbox 2574 5088 2802 5161; x_wconf 82' lang='grc' dir='ltr'>μυρίους</span> <span class='ocrx_word' id='word_1_745' title='bbox 2829 5085 3021 5156; x_wconf 85' lang='grc' dir='ltr'>λόγους</span> <span class='ocrx_word' id='word_1_746' title='bbox 3067 5082 3383 5155; x_wconf 77' lang='grc' dir='ltr'>προεάλλοι,</span> <span class='ocrx_word' id='word_1_747' title='bbox 3420 5080 3520 5152; x_wconf 73' lang='grc' dir='ltr'><strong>τὴν</strong></span> <span class='ocrx_word' id='word_1_748' title='bbox 3548 5077 3685 5147; x_wconf 70' lang='grc' dir='ltr'>γέενο</span> 
     </span>
    </p>
   </div>
   <div class='ocr_carea' id='block_1_109' title="bbox 2128 5179 2717 5249">
    <p class='ocr_par' dir='ltr' id='par_1_109' title="bbox 2128 5179 2717 5249">
     <span class='ocr_line' id='line_1_109' title="bbox 2128 5179 2717 5249; baseline -0.003 -13"><span class='ocrx_word' id='word_1_749' title='bbox 2128 5199 2225 5236; x_wconf 88' lang='grc' dir='ltr'>ναν</span> <span class='ocrx_word' id='word_1_750' title='bbox 2247 5180 2345 5235; x_wconf 80' lang='grc' dir='ltr'>οὐκ</span> <span class='ocrx_word' id='word_1_751' title='bbox 2373 5179 2717 5249; x_wconf 75' lang='grc' dir='ltr'>ἐκφεύξεται.</span> 
     </span>
    </p>
   </div>
   <div class='ocr_carea' id='block_1_110' title="bbox 2201 5337 3672 5433">
    <p class='ocr_par' dir='ltr' id='par_1_110' title="bbox 2201 5337 3672 5433">
     <span class='ocr_line' id='line_1_110' title="bbox 2201 5337 3672 5433; baseline -0.009 -18"><span class='ocrx_word' id='word_1_752' title='bbox 2201 5368 2290 5433; x_wconf 90' lang='grc' dir='ltr'><strong>ιη’.</strong></span> <span class='ocrx_word' id='word_1_753' title='bbox 2334 5360 2663 5431; x_wconf 84' lang='grc' dir='ltr'>Ἐπιθυμίαν</span> <span class='ocrx_word' id='word_1_754' title='bbox 2695 5358 2907 5427; x_wconf 82' lang='grc' dir='ltr'>ἵστησιν</span> <span class='ocrx_word' id='word_1_755' title='bbox 2946 5358 2979 5427; x_wconf 74' lang='grc' dir='ltr'><strong>ἡ</strong></span> <span class='ocrx_word' id='word_1_756' title='bbox 3014 5355 3108 5410; x_wconf 87' lang='grc' dir='ltr'><strong>τοῦ</strong></span> <span class='ocrx_word' id='word_1_757' title='bbox 3147 5352 3282 5408; x_wconf 78' lang='grc' dir='ltr'>Θεοῦ</span> <span class='ocrx_word' id='word_1_758' title='bbox 3315 5337 3672 5420; x_wconf 70' lang='grc' dir='ltr'><strong>ἀγάπη·ἠτοῧ</strong></span> 
     </span>
    </p>
   </div>
   <div class='ocr_carea' id='block_1_111' title="bbox 2129 5446 3670 5524">
    <p class='ocr_par' dir='ltr' id='par_1_111' title="bbox 2129 5446 3670 5524">
     <span class='ocr_line' id='line_1_111' title="bbox 2129 5446 3670 5524; baseline -0.009 -16"><span class='ocrx_word' id='word_1_759' title='bbox 2129 5452 2357 5524; x_wconf 84' lang='grc' dir='ltr'>πλησίον</span> <span class='ocrx_word' id='word_1_760' title='bbox 2387 5452 2464 5515; x_wconf 77' lang='grc' dir='ltr'>δὲ,</span> <span class='ocrx_word' id='word_1_761' title='bbox 2498 5449 2664 5505; x_wconf 80' lang='grc' dir='ltr'>παύει</span> <span class='ocrx_word' id='word_1_762' title='bbox 2696 5450 2868 5520; x_wconf 72' lang='grc' dir='ltr'>θυμὸν</span> <span class='ocrx_word' id='word_1_763' title='bbox 2912 5446 3279 5519; x_wconf 75' lang='grc' dir='ltr'>ἠγριωμένον.</span> <span class='ocrx_word' id='word_1_764' title='bbox 3666 5508 3670 5517; x_wconf 31' lang='grc'><em>.</em></span> 
     </span>
    </p>
   </div>
   <div class='ocr_carea' id='block_1_112' title="bbox 2203 5529 3672 5609">
    <p class='ocr_par' dir='ltr' id='par_1_112' title="bbox 2203 5529 3672 5609">
     <span class='ocr_line' id='line_1_112' title="bbox 2203 5529 3672 5609; baseline -0.01 -10"><span class='ocrx_word' id='word_1_765' title='bbox 2203 5544 2287 5599; x_wconf 78' lang='grc' dir='ltr'><strong>ιϐ’.</strong></span> <span class='ocrx_word' id='word_1_766' title='bbox 2336 5546 2399 5599; x_wconf 81' lang='lat' dir='ltr'><strong>Ol</strong></span> <span class='ocrx_word' id='word_1_767' title='bbox 2453 5542 2728 5606; x_wconf 79' lang='grc' dir='ltr'>είκονικὰς</span> <span class='ocrx_word' id='word_1_768' title='bbox 2780 5541 2913 5606; x_wconf 84' lang='grc' dir='ltr'>ῦλας</span> <span class='ocrx_word' id='word_1_769' title='bbox 2953 5541 3077 5604; x_wconf 75' lang='grc' dir='ltr'>τοὺς</span> <span class='ocrx_word' id='word_1_770' title='bbox 3112 5538 3291 5602; x_wconf 86' lang='grc' dir='ltr'>θείους</span> <span class='ocrx_word' id='word_1_771' title='bbox 3347 5529 3672 5609; x_wconf 78' lang='grc' dir='ltr'>χαρακτῆρας</span> 
     </span>
    </p>
   </div>
  </div>
