4066 6188
417 223 552 290 1077

1299 221 1634 283 CAPITUM
1675 222 1773 282 DE
1810 209 2240 282 CHARITATE
2282 222 2672 286 CENTURIA
2713 225 2809 284 Iv.

3524 223 3660 291 1078

404 341 903 413 ὑπολαμϐάνοντες,
932 339 1322 412 παραχρῶνται
1353 342 1466 405 τοῖς
1481 341 1590 394 τῶν
1619 339 1980 411 χαρακτήρων

2087 341 2328 406 stimant,
2375 341 2670 412 ﬁgurarum
2735 337 3094 408 conceptibus
3151 336 3472 393 abutuntur.
3526 337 3660 394 Nam

403 436 662 505 νοήμασι.
711 431 820 486 Τοῦ
850 432 958 502 γὰρ
1007 432 1352 503 χαρακτῆρος
1400 432 1499 501 τὴν
1544 431 1839 484 ὑπόστασιν
1884 429 1977 498 δη-

403 528 644 591 λοῦντος·
683 526 838 582 αὐτοὶ
885 525 986 597 τὴν
1039 526 1248 590 οὐσίαν,
1280 527 1397 596 ἦτοι
1437 525 1539 594 τὴν
1579 521 1743 593 ὕλην,
1785 524 1843 575 ἐν
1951 523 1979 574 ό

402 620 695 692 χαρακτὴρ
723 620 1133 690 προσκυνεῖται,
1164 617 1488 688 χαρακτῆρα
1522 614 1808 668 ὑπέλαϐον.
1850 613 1977 666 Ἐν-

409 715 590 768 θεντοι
620 713 714 766 καὶ
746 710 1239 784 παραχρησάμενοι
1269 709 1344 779 τῷ
1369 710 1622 778 νοήματι,
1649 707 1705 773 ἐξ
1734 707 1979 774 ἀνάγκης

404 806 500 862 καὶ
528 805 606 875 τῷ
634 804 919 875 πράγματι
948 803 1384 873 παρεχρήσαντο·
1417 800 1492 862 ὡς
1526 799 1658 869 ὓλην
1693 797 1856 867 ψιλὴν
1885 795 1979 848 καὶ

403 897 595 968 κωφὴν
621 898 750 962 τοὺς
795 895 977 967 ἱεροὺς
1021 893 1379 964 χαρακτῆρας
1422 889 1654 952 ἀναιδῶς
1699 887 1978 943 κατακαύ-

405 1006 617 1053 σαντες.

336 1127 341 1134 .
473 1087 543 1135 κ’.
573 1079 749 1133 Βλέπε
785 1078 848 1131 τὸ
890 1077 1150 1146 διάφορον
1176 1076 1275 1145 τῆς
1309 1073 1487 1144 λύπης
1514 1074 1610 1126 καὶ
1636 1072 1735 1142 τῆς
1761 1071 1975 1140 ὀδύνης·

405 1172 500 1226 καὶ
535 1173 620 1224 ὅτι
650 1167 1194 1241 παρακολουθήματά
1229 1167 1386 1221 εἰσιν·
1417 1166 1452 1237 ἡ
1476 1165 1594 1236 μὲν,
1633 1164 1737 1234 τῆς
1765 1162 1975 1235 ἡδονῆς·

403 1263 544 1334 ἡδὲ,
584 1264 684 1331 τῆς
723 1260 1052 1327 κενοδοξίας.

473 1362 583 1411 καν.
612 1356 802 1422 Πάσης
841 1356 990 1424 ἡμᾶς
1021 1351 1314 1421 ἀπολογίας
1361 1349 1634 1404 ἀποπαύει
1663 1346 1759 1404 τοῦ
1789 1348 1978 1402 ἀποτι-

404 1447 554 1502 θέναι
577 1447 644 1501 τὰ
671 1447 950 1516 χρήματα,
974 1444 1041 1497 τὰ
1073 1441 1306 1514 καθεξῆς
1330 1430 1456 1512 τρία
1484 1438 1657 1496 ταῦτα
1682 1439 1977 1509 κεφάλαια.

473 1626 579 1697 κβ’.
625 1624 894 1695 Τεχνικὴν
927 1623 1138 1691 σοφίαν,
1174 1621 1236 1675 οὐ
1267 1619 1366 1691 τὴν
1390 1621 1455 1673 ἐκ
1485 1618 1774 1689 μαθήσεως
1806 1616 1976 1684 λέγει,

403 1717 545 1773 ἀλλά
582 1716 681 1786 τὴν
711 1716 778 1768 δι’
807 1711 876 1786 ἧς
901 1716 929 1767 6
954 1715 1086 1776 Θεὸς
1127 1713 1196 1765 τὰ
1230 1712 1406 1765 πάντα
1451 1710 1694 1781 ἐποίησε.

473 1807 582 1877 κγ’.
615 1808 740 1868 Τοίς
766 1805 1056 1874 τέσσαρσιν
1080 1804 1108 1855 6
1159 1801 1285 1865 νοῦς
1320 1818 1420 1872 μου
1449 1800 1778 1869 ἀκάθαρτος.
1825 1797 1980 1868 Ἔχει

397 1899 458 1955 δέ
484 1917 539 1952 τι
568 1899 663 1952 καὶ
685 1898 867 1964 πλέον,
894 1897 975 1950 ὅτι
1003 1897 1096 1949 καὶ
1120 1895 1229 1950 τῶν
1255 1894 1432 1949 ἄλλων
1455 1892 1645 1946 ἑαυτὸν
1674 1891 1980 1962 σοφώτερον

513 2005 625 2042 ται.

513 2005 625 2042 ται.

399 1989 581 2151 ἧγζίδθ.
622 2095 890 2150 Οὐδέποτε
922 2094 955 2163 ἠ
981 2093 1126 2163 ψυχή
1160 2108 1264 2163 μου
1287 2091 1432 2145 κατά
1466 2091 1628 2161 φύσιν
1659 2091 1978 2161 ἐνήργησεν-

405 2185 571 2255 οἶδεν,
602 2189 630 2241 6
667 2186 835 2257 μηδὲν
861 2185 1090 2254 ἀγνοῶν·
1129 2183 1224 2238 καὶ
1255 2183 1513 2238 οὐδέποτε
1543 2183 1642 2254 τῆς
1680 2184 1803 2238 κατ’
1834 2182 1982 2252 ἐνέρ-

407 2295 563 2348 γειαν
605 2276 882 2348 ἁμαρτίας
922 2275 1226 2346 ἠρέμησεν.

482 2456 581 2512 κε’.
616 2457 781 2509 Ὥστε
815 2454 890 2527 μὴ
937 2455 1026 2508 διὰ
1069 2455 1162 2507 τὸν
1208 2453 1442 2525 Χριστόν
1481 2471 1534 2506 τι
1583 2452 1885 2516 ποιοῦντες·
1917 2452 1984 2505 δι’

414 2551 541 2604 ἄλλο
572 2549 631 2603 δέ
671 2567 744 2614 τι,
781 2550 841 2602 οὺ
883 2548 1159 2617 δυνάμεθα
1199 2546 1600 2618 προϐάλλεσθαι
1641 2545 1732 2598 τὸν
1760 2544 1981 2598 σκοπόν·

413 2642 538 2695 ἐπεὶ
572 2640 726 2710 παρά
754 2641 846 2694 τὸν
871 2639 1072 2693 σκοπὸν
1091 2638 1185 2693 τοῦ
1215 2639 1372 2707 Θεοῦ,
1400 2640 1494 2692 καὶ
1532 2637 1675 2692 κατά
1700 2638 1762 2691 τὸ
1782 2637 1983 2709 ἡμέτε-

417 2749 510 2802 ρον
538 2732 906 2804 ἐργαζόμεθα.

486 2848 600 2906 κς’.
632 2842 696 2894 El
742 2840 982 2911 διψᾷτις
1015 2838 1257 2893 ἀλίσκειν
1287 2839 1379 2892 καὶ
1410 2837 1682 2910 ἁρπάζειν
1707 2839 1984 2910 ἀλλότρια,

414 2931 444 2986 δ
475 2932 546 3003 μή
581 2933 701 2984 ἐστι
733 2931 945 3003 θέλημα
977 2931 1073 2985 τοῦ
1124 2931 1280 2998 Θεοῦ,
1330 2930 1446 2993 πῶς
1498 2930 1853 3002 προϐαλείται
1896 2931 1988 2984 τὸν

2078 448 2204 485 cum
2234 432 2407 503 ﬁgura
2444 448 2540 488 seu
2569 433 2857 486 character
2897 445 3189 500 personam
3220 429 3524 500 signiﬁcet,
3559 429 3662 500 ipsi

2078 522 2438 576 substantiam
2503 522 2592 594 (id
2649 530 2768 587 est,
2827 523 3154 590 materiam)
3206 521 3260 575 in
3317 536 3426 590 qua
3484 519 3658 590 ﬁgura

2080 612 2361 681 adoratur,
2422 614 2649 684 ﬁguram
2704 613 3181 668 existimaverunt.
3235 612 3484 681 llincque
3525 611 3664 665 adeo

2080 714 2374 774 conceptu,
2423 706 2614 776 reique
2682 706 2909 762 notione
2962 706 3274 768 abutentes,
3349 703 3663 758 necessario

2079 797 2245 852 etiam
2276 798 2462 868 rcipsa
2501 791 2660 852 abusi
2717 806 2883 864 sunt;
2916 797 2991 851 ita
3045 796 3308 850 nimirum
3366 803 3426 848 ut
3461 794 3661 847 nudam

2081 898 2398 960 mutamque
2462 889 2749 945 materiam
2785 905 2967 943 sacras
3019 888 3218 959 ﬁguras
3266 903 3329 942 ac
3396 887 3663 956 imagines

2081 982 2430 1052 impudenter
2460 985 2568 1055 igni
2594 985 2891 1039 abolendas
2921 987 3256 1056 putaverint.

2151 1075 2240 1128 20.
2277 1075 2410 1130 Vide
2443 1075 2742 1131 discrimen
2771 1077 2914 1131 inter
2947 1077 3224 1132 tristitiam
3266 1087 3321 1132 ct
3373 1078 3618 1132 dolorem
3648 1096 3662 1143 ;

2082 1165 2343 1236 quodque
2368 1166 2522 1221 velut
2571 1167 2923 1238 appendices,
2948 1169 3118 1224 altera
3153 1168 3471 1238 voluptatis,
3529 1168 3668 1222 alter

2079 1257 2260 1311 inanis
2284 1256 2472 1326 gloria:
2506 1257 2638 1311 sint.

2148 1348 2238 1402 2i.
2281 1347 2511 1403 Omnem
2548 1349 2713 1404 nobis
2743 1347 2993 1408 adimunt
3053 1349 3466 1404 excusationem
3532 1351 3666 1419 quin

2080 1439 2342 1509 pecunias
2395 1439 2744 1511 abjiciamus,
2806 1456 2927 1510 quae
3009 1449 3319 1509 sequuntur
3391 1441 3490 1494 tria
3554 1441 3669 1495 hare

2094 1531 2290 1600 capita.

2151 1623 2241 1677 22.
2296 1621 2652 1675 Artiﬁeialcm
2686 1621 3010 1691 sapientiam
3039 1629 3217 1683 vocat,
3268 1637 3377 1675 non
3431 1636 3550 1690 qum
3601 1635 3670 1674 ex

2009 1678 2053 1738 Β
2085 1713 2371 1783 disciplina
2400 1713 2656 1775 habetur,
2686 1678 2781 1766 sed
2809 1727 2915 1781 qua
2952 1712 3095 1766 Deus
3117 1711 3364 1766 condidit
3389 1678 3591 1767 omnia.

2154 1809 2244 1864 2'5.
2278 1805 2633 1876 Quadruplici
2681 1820 2744 1859 ea
2796 1804 2918 1859 labe
2955 1820 3109 1859 mens
3154 1819 3271 1857 mea
3321 1804 3534 1873 impura
3562 1814 3663 1859 est.

2085 1902 2229 1968 Quin
2254 1908 2310 1954 et
2339 1898 2487 1953 aliud
2519 1897 2651 1967 quid
2675 1897 2910 1966 amplius
2931 1897 3116 1963 habet.
3147 1895 3293 1966 quod
3344 1904 3400 1951 et
3442 1896 3669 1966 reliquis

2088 1995 2354 2065 majorem
2386 1990 2490 2045 sibi
2519 1989 2843 2059 sapientiam
2876 1987 3174 2058 arrogavit.

2158 2104 2248 2157 24.
2295 2102 2587 2172 Nunquam
2635 2101 2815 2154 anima
2859 2115 2977 2153 mea
3025 2108 3248 2168 operata
3295 2107 3414 2163 est,
3477 2107 3538 2152 ut
3591 2098 3667 2152 illi

2089 2211 2154 2250 ex
2179 2203 2372 2247 natura
2393 2201 2772 2261 comparatum
2802 2197 2886 2243 est
2917 2207 2930 2241 :
2983 2187 3268 2256 novitque,
3315 2202 3479 2256 quem
3519 2188 3669 2242 nulla

2094 2297 2180 2335 res
2211 2280 2341 2334 latet
2377 2297 2389 2331 :
2443 2294 2508 2335 ac
2547 2278 2758 2332 nullum
2788 2287 2911 2331 actu
2961 2275 3223 2346 peccandi
3258 2290 3497 2343 unquam
3539 2275 3671 2330 fecit

2093 2374 2276 2426 ﬁnem.

2162 2465 2254 2519 25.
2286 2462 2496 2518 Idcirco
2521 2476 2632 2517 non
2655 2469 2880 2531 propter
2902 2459 3186 2514 Christum
3223 2457 3430 2528 aliquid
3461 2457 3668 2512 facien-

2096 2567 2194 2619 tes,
2238 2555 2334 2610 scd
2366 2555 2436 2609 ob
2467 2553 2675 2623 aliquid
2711 2553 2882 2617 aliud,
2920 2567 3030 2607 non
3058 2568 3352 2621 possumus
3374 2551 3536 2616 ﬁnem
3574 2551 3671 2604 ob—

2088 2649 2256 2718 jiccre
2279 2663 2340 2703 ac
2372 2647 2717 2718 propositum
2755 2663 2768 2698 :
2801 2646 3004 2715 quippe
3053 2644 3148 2715 qui
3202 2655 3398 2715 praeter
3439 2643 3536 2697 Dei
3572 2658 3669 2697 v0-

2093 2744 2381 2806 luntatem,
2419 2757 2595 2811 exque
2618 2749 2805 2794 nostra
2840 2755 3004 2809 opera
3028 2746 3370 2808 praestemus.

2159 2851 2325 2924 560
2357 2851 2446 2905 26.
2485 2850 2541 2906 Si
2593 2849 2718 2920 quis
2777 2849 2894 2905 sitit
2940 2857 3002 2904 ut
3050 2849 3228 2904 aliena
3256 2845 3469 2901 auferat
3505 2852 3672 2913 atque

2097 2943 2272 3012 rapiat
2323 2942 2490 3012 (quod
2540 2956 2653 2995 non
2702 2950 2787 2995 est
2829 2939 2926 2994 Dei
2973 2939 3318 3008 voluntatis),
3343 2950 3582 3006 quonam
3627 2936 3673 2988 is

415 3025 638 3089 σκοπὸν,
672 3019 734 3079 οῦ
793 3025 992 3088 σκοπὸς
1050 3023 1112 3077 τὺ
1163 3023 1335 3076 ἐλεεῖν
1388 3023 1535 3094 ἡμᾶς
1598 3023 1692 3076 καὶ
1722 3021 1986 3086 δανείζειν

2091 3033 2255 3088 modo
2319 3033 2667 3103 propositum
2722 3031 2996 3100 ﬁnemque
3052 3030 3279 3101 objiciet
3323 3030 3445 3099 ejus
3516 3027 3672 3096 cujus

415 3118 582 3186 ὲστίν;

488 3228 591 3292 κζ’.
627 3229 752 3280 Ὀτι
782 3229 810 3281 6
839 3227 1098 3298 φιλαυτία
1125 3227 1412 3293 δουλεύων,
1458 3228 1820 3300 βαρυκάρδιός
1853 3228 1990 3290 ἐστι,

421 3317 763 3387 ματαιότητα
813 3318 906 3370 καὶ
935 3317 1128 3387 ψεῦδος
1165 3319 1396 3386 ἀγαπῶν
1449 3319 1544 3372 καὶ
1594 3318 1773 3390 ζητῶν
1801 3335 1814 3348 ·
1857 3319 1992 3388 ὅπερ

417 3409 535 3461 ἐστὶ
590 3408 650 3460 τὸ
697 3407 962 3478 σαρκικὸν
1004 3407 1283 3478 φρόνημα·
1320 3409 1440 3480 ἦτοι
1473 3411 1572 3480 τῆς
1611 3408 1871 3479 σαρκὸςή
1906 3408 1994 3460 εὐο

421 3499 640 3553 πάθεια.

491 3608 598 3678 κη’.
631 3608 753 3661 Τῶν
779 3609 1222 3680 προειρημένων,
1252 3609 1409 3679 δῆλον
1448 3610 1756 3678 φιληδονίας
1788 3612 1880 3664 καὶ
1908 3629 1994 3680 φι-

422 3698 662 3764 λοδοξίας
693 3700 786 3752 καὶ
818 3699 1206 3771 φιλαργυρίας.
1245 3701 1307 3753 El
1366 3701 1423 3754 δέ
1452 3719 1537 3764 τις
1574 3701 1784 3764 τούτοις
1825 3703 1995 3772 ἀπρὶξ

425 3792 695 3863 ἐνίσχεται
738 3795 814 3858 ὡς
851 3795 981 3864 ἐγὼ,
1023 3797 1141 3860 πῶς
1177 3797 1312 3850 Θεοῦ
1357 3796 1828 3868 καταξιωθησεται
1855 3797 1996 3866 γνὼ-

429 3901 585 3949 σεως,
627 3887 857 3941 συνιδεῖν
891 3890 991 3940 οὐκ
1020 3891 1148 3959 ἔχω.

497 3992 598 4045 κθθ.
636 3994 705 4046 Ἢ
738 3995 845 4066 γὰρ
889 3995 965 4059 ὡς
1011 3996 1184 4050 δοῦλοι
1216 3997 1248 4067 ἢ
1283 3999 1379 4050 καὶ
1429 3996 1713 4068 μίσθιοι,ἢ
1752 3999 1826 4061 ὡς
1873 3999 1991 4051 υἱοί·

428 4082 724 4149 τουτέστιν,
783 4085 816 4156 ἢ
865 4087 940 4150 ὡς
979 4089 1270 4159 πρακτικοὶ
1315 4089 1494 4160 μόνον,
1537 4089 1570 4161 ἢ
1604 4091 1696 4143 καὶ
1739 4091 1812 4154 ὡς
1855 4091 1995 4159 γνὼ-

429 4184 568 4233 eam:
595 4173 1044 4239 καταξιωθέντες.
1993 4177 1998 4180 ”

2093 3122 2218 3176 ﬁnis
2237 3128 2340 3184 est,
2357 3131 2417 3176 ut
2440 3121 2766 3176 misereatur
2787 3120 2959 3174 nostri
2989 3134 3052 3173 ac
3078 3118 3427 3173 commodet?

2161 3231 2252 3284 27.
2277 3228 2381 3294 Qui
2412 3228 2618 3284 carnali
2642 3228 2816 3283 amori
2838 3227 3029 3292 servit,
3050 3227 3203 3298 gravi
3229 3227 3395 3282 corde
3421 3236 3540 3293 est;
3576 3227 3670 3295 qui

2092 3336 2289 3390 nempe
2327 3321 2623 3375 vanitatem
2655 3327 2712 3374 ct
2739 3319 3087 3374 mendacium
3129 3319 3322 3390 diligat
3349 3333 3414 3373 ac
3439 3326 3668 3388 quarrat,

2091 3413 2239 3481 quod
2280 3419 2365 3467 est
2388 3412 2572 3466 carnis
2610 3426 2808 3466 sensus
2832 3425 2896 3465 ac
2921 3410 3216 3481 prudentia
3251 3428 3264 3464 :
3303 3411 3426 3480 ejus
3463 3409 3673 3466 scilicet.

2092 3502 2340 3556 luxuries
2367 3502 2622 3570 bonaque
2658 3501 2943 3556 habitudo.

2162 3607 2252 3659 28.
2285 3606 2416 3671 Quae
2449 3606 2595 3660 dicta
2639 3615 2789 3668 sunt,
2824 3621 3025 3674 nempe
3059 3605 3264 3659 amoris
3307 3605 3670 3673 voluptatum,

2092 3697 2280 3766 gloriae
2302 3712 2364 3750 ac
2393 3697 2659 3765 pecunize.
2685 3695 2742 3750 Si
2782 3696 2906 3765 quis
2933 3705 3116 3749 autem
3165 3696 3220 3749 in
3264 3696 3374 3749 mei
3439 3709 3670 3757 morem,

2097 3790 2182 3842 his
2212 3788 2492 3842 mordicus
2518 3788 2707 3853 δίει-ει,
2737 3789 3015 3858 quomodo
3071 3788 3164 3842 Dei
3192 3787 3419 3843 scientia
3447 3787 3675 3858 dignan-

2097 3880 2202 3934 dus
2221 3880 2314 3944 sit,
2339 3879 2523 3934 nullus
2553 3880 2858 3950 intelligere
2891 3879 3068 3934 valeo.

2160 3989 2250 4042 29.
2285 3988 2390 4041 Aut
2436 3987 2582 4041 enim
2631 3996 2893 4058 tanquam
2952 3989 3119 4051 servi,
3172 4002 3270 4041 seu
3315 3986 3481 4041 etiam
3531 4001 3673 4038 nm-

2097 4078 2322 4141 cenarii,
2357 4079 2439 4132 vel
2465 4077 2662 4142 utﬁlii,
2725 4079 2831 4134 hoc
2858 4087 2962 4146 est,
2994 4080 3081 4133 vel
3109 4087 3167 4132 ut
3196 4077 3291 4148 qui
3335 4078 3511 4132 solum
3554 4086 3668 4131 sitt-

2100 4171 2264 4223 dcant
2306 4169 2532 4233 actioni,
2564 4171 2650 4223 vel
2682 4170 2777 4240 qui
2816 4171 2983 4226 etiam
3025 4170 3270 4226 scientia:
3313 4170 3519 4224 donum
3564 4171 3670 4222 sint

2098 4265 2400 4320 consecuti.

499 4350 564 4406 λ’.
595 4351 766 4416 Ψιλὸς
805 4353 1083 4425 λογισμὸς,
1137 4359 1166 4410 6
1201 4358 1322 4428 δῖχα
1368 4360 1603 4426 πάθους,
1642 4364 1670 4414 6
1707 4363 1929 4425 ἁπλοῦς·
1971 4366 1986 4416 ἐ

2169 4355 2256 4411 50.
2293 4355 2448 4410 Nuda
2475 4354 2734 4424 cogitatio
2752 4362 2856 4417 est,
2884 4368 3006 4423 qua:
3034 4352 3290 4407 aﬁ‘eetum
3321 4352 3673 4422 conjunctum

429 4448 538 4518 γὰρ
572 4449 845 4521 ἐμπαθὴς,
870 4451 1072 4519 ἀπάγει
1101 4452 1256 4507 Θεοῦ.
1283 4455 1468 4519 Οὕτως
1493 4457 1612 4510 οὐδὲ
1645 4460 1675 4528 ἡ
1705 4458 1834 4534 ψιλὴ
1855 4463 1995 4528 γνῶ⁴

433 4556 517 4604 σις
547 4543 746 4610 ἀπάγει
789 4545 899 4597 τῶν
969 4546 1344 4618 ἀνθρωπίνων*
1390 4549 1570 4622 ἀλλ’ἢ
1619 4551 1869 4606 παθοῦσα
1903 4555 1999 4624 τὴν

432 4633 675 4702 ἀγάπην·
705 4635 841 4706 ὅπερ
885 4638 1032 4691 ἐστὶν
1069 4641 1102 4710 ἡ
1137 4641 1273 4713 πρὸς
1319 4642 1379 4696 τὸ
1435 4643 1653 4714 πνεῦμα
1709 4644 1850 4697 κατά
1901 4646 2000 4717 τὴν

432 4720 548 4790 ἕξιν
576 4721 882 4786 ἀλλοίωσις.

505 4891 610 4944 λα’.
642 4893 764 4946 Ὅτι
797 4894 848 4945 οί
889 4893 1016 4959 υἱοὶ,
1045 4892 1244 4962 γνώσει
1299 4896 1393 4948 καὶ
1445 4897 1633 4970 ἀγάπῃ
1674 4899 1782 4951 τῶν
1817 4900 2004 4954 παθῶν

432 4983 749 5053 ἀπέχουσιν·
777 4986 827 5038 οί
862 4985 918 5038 δὲ
946 4985 1121 5038 δοῦλοι
1167 4987 1260 5039 καὶ
1288 4987 1511 5058 μίσθιοι,
1541 4986 1660 5058 ἤτοι
1687 4991 1736 5042 οἱ
1777 5007 2006 5062 πρακτι-

436 5074 543 5137 κοὶ,
580 5075 612 5144 ἢ
652 5074 825 5146 φόϐῳ,
865 5077 898 5144 ἢ
938 5076 1137 5130 ἐλπίδι.

505 5163 605 5234 λβ¹.
638 5167 750 5219 Καὶ
781 5167 957 5220 ταῦτα
986 5167 1240 5238 ἀπείργει
1269 5170 1392 5232 τοὺς
1416 5171 1649 5241 γράφειν
1675 5171 2000 5244 ᾑρημένους·

436 5256 718 5312 δεικνύντα
745 5260 928 5329 σαφῶς
950 5261 1049 5332 τὴν
1085 5261 1288 5332 βλάϐην
1331 5264 1395 5315 ἐκ
1431 5262 1528 5316 τοῦ
1564 5263 1768 5328 τέλους.

509 5436 610 5505 λγ⁰.
654 5436 821 5511 Οἶμαι
850 5441 987 5513 πρὸς
1011 5443 1158 5513 ἡμᾶς
1193 5442 1386 5497 έδλεπε
1415 5443 1592 5500 ταῦτα
1617 5449 1862 5517 γράφων.

512 5618 608 5677 λδ.
634 5623 749 5678 Οὐκ
777 5625 1006 5697 ἐνόησαν
1038 5628 1096 5681 τὸ
1128 5629 1192 5682 ἐκ
1225 5630 1319 5702 τῆς
1349 5630 1572 5701 μεθόδου
1601 5631 1801 5702 ταύτης
1825 5633 2012 5705 κέρδος

2097 4465 2207 4502 non
2239 4448 2423 4512 habet,
2450 4462 2571 4516 quae
2600 4455 2684 4501 est
2714 4445 2942 4515 simplex
2972 4461 2986 4498 :
3018 4459 3141 4514 qua:
3161 4445 3306 4498 enim
3329 4459 3452 4497 cum
3476 4443 3673 4496 aﬂ‘cetu

2097 4551 2182 4596 est
2229 4558 2293 4597 ac
2341 4541 2659 4605 libidinosa,
2685 4539 2909 4595 abducit
2935 4554 2967 4593 a
2997 4539 3129 4593 Deo.
3154 4538 3246 4593 Sic
3271 4554 3490 4607 quoque
3529 4536 3673 4590 nuda

2099 4648 2161 4687 ac
2185 4633 2415 4701 simplex
2446 4633 2696 4695 scientia,
2722 4646 2832 4685 non
2875 4629 2944 4684 ab
2983 4629 3238 4684 humanis
3281 4628 3525 4687 abducit,
3581 4622 3698 4680 sed

2099 4740 2220 4793 qua:
2241 4725 2592 4780 dilectionem
2625 4725 2860 4794 patitur;
2910 4722 3056 4792 quod
3112 4731 3197 4778 cst
3257 4718 3565 4775 immutatio
3619 4718 3674 4772 in

2101 4813 2355 4882 spiritum
2390 4830 2510 4884 quae
2540 4814 2729 4867 habitu
2756 4821 2858 4867 est.

2171 4904 2257 4958 5-1.
2288 4903 2390 4969 Qui
2433 4904 2528 4957 lilii
2573 4912 2726 4968 sunt,
2759 4903 2990 4956 scientia
3022 4911 3079 4956 et
3105 4901 3372 4956 charitate
3405 4899 3679 4956 seavitiis

2103 4996 2383 5052 abstinent
2410 5014 2422 5050 :
2451 4995 2599 5051 servi
2625 5005 2886 5051 autemet
2941 4994 3268 5050 mercenarii
3308 4994 3384 5055 (id
3433 5002 3538 5059 est,
3584 4994 3678 5063 qui

2104 5085 2376 5138 actionem
2400 5085 2610 5146 colunt)
2642 5091 2739 5138 aut
2773 5083 2972 5138 timore
2997 5093 3089 5137 aut
3119 5098 3236 5153 Spe.

2175 5173 2413 5230 32.Haec
2434 5189 2656 5244 quoque
2711 5175 3014 5239 deterrent,
3062 5175 3267 5243 quibus
3321 5182 3384 5230 ut
3434 5173 3682 5229 scribant

2106 5267 2288 5322 animo
2316 5267 2674 5320 constitutum
2702 5265 2774 5320 sit
2804 5281 2818 5318 :
2851 5280 2972 5334 quze
2998 5278 3197 5333 nempe
3222 5263 3483 5320 damnum
3503 5264 3680 5334 palam

2107 5377 2174 5415 ex
2199 5361 2305 5413 ﬁne
2322 5358 2636 5413 ostendant.

2179 5449 2268 5502 55.
2303 5448 2373 5503 Ει
2403 5448 2518 5503 haec
2545 5454 2679 5517 puto
2703 5446 2834 5502 dum
2875 5445 3164 5512 scriberet,
3192 5445 3261 5501 ad
3295 5461 3397 5502 nos
3439 5445 3684 5500 animum

2113 5538 2450 5594 intendebat.

2180 5631 2266 5686 54.
2301 5629 2420 5685 Non
2457 5628 2865 5698 intellexerunt,
2911 5626 3060 5702 quod
3087 5643 3154 5686 ex
3181 5627 3284 5685 bac
3315 5627 3576 5686 methodo
3596 5641 3684 5685 se-
