4128 6210
389 194 525 260 1’79

383 483 742 555 proﬁcerent.

451 573 542 632 55.
574 569 822 630 Morante
869 573 1104 644 simplici
1139 571 1398 646 nudaque
1427 577 1786 647 cogitatione,
1817 577 1967 634 exci-

387 679 538 725 tatur
566 667 799 722 aﬂ‘ectus
831 684 843 718 :
878 666 956 720 uti
984 666 1150 722 etiam
1177 683 1244 724 ea
1267 683 1394 738 qua:
1421 669 1645 726 aﬂectui
1674 673 1969 743 conjuncta

383 775 448 816 ac
469 757 766 814 libidinosa
789 768 896 823 est,
929 769 1222 830 praestatur
1242 776 1564 816 consensus.

448 851 536 906 56.
563 849 704 916 Scis,
725 850 974 915 Domine,
993 853 1498 924 quomodojudicer
1520 853 1708 919 hodie,
1727 863 1782 911 et
1805 870 1969 924 quam

380 943 452 998 ob
491 958 712 998 causam
747 958 816 997 ne
846 942 1198 1013 derelinquas
1226 960 1333 999 me.

450 1036 539 1088 57.
563 1034 684 1090 Non
712 1044 891 1106 potest
927 1035 1043 1090 haec
1075 1043 1360 1106 praestare,
1387 1037 1481 1106 qui
1517 1040 1634 1094 suis
1659 1039 1775 1095 lidit
1795 1040 1967 1096 ratio-

384 1125 572 1190 nibus,
604 1141 666 1180 ac
708 1141 768 1180 se
788 1125 899 1196 jam
957 1125 1444 1196 comprehendisse
1489 1128 1786 1194 existimat,
1823 1146 1965 1200 quat.

381 1227 737 1288 posteaquam
765 1216 931 1271 etiam
949 1215 1348 1286 comprehensa
1379 1225 1743 1284 su‘nt,natura
1764 1221 1969 1275 incom-

384 1306 663 1376 prehensa
693 1313 944 1361 manent.

453 1397 540 1453 58.
611 1391 860 1452 Tristitia
919 1397 1068 1468 (aegri
1128 1397 1342 1453 scilicet
1395 1397 1564 1452 animi
1611 1397 1856 1468 affectio)
1912 1409 1967 1454 et

383 1489 595 1554 odium,
633 1491 768 1545 vitia
791 1499 921 1547 sunt
942 1485 1114 1561 partis
1138 1491 1308 1546 animi
1337 1493 1584 1562 expertis
1609 1493 1859 1548 rationis.

453 1583 543 1639 39.
580 1583 717 1638 Vide
740 1583 1018 1653 quomodo
1048 1583 1414 1654 decipiamur,
1449 1585 1544 1655 qui
1578 1586 1856 1640 contraria
1885 1585 1966 1640 fa-

1547 203 1608 264 S.
1652 203 1937 266 MAXIMI
1972 203 2481 281 CONFESSORIS

381 305 570 375 quitur
593 305 828 368 lucrum,
855 303 948 374 qui
990 320 1047 358 se
1082 303 1220 358 scire
1253 305 1565 361 existimant
1594 325 1606 360 :
1641 324 1766 366 nam
1793 309 1840 364 si
1863 309 1973 364 sci-

2076 318 2125 368 οξ
2178 325 2488 392 νομίζοντες

262 411 268 416 ·
379 397 611 460 vissent,
639 395 987 450 commodum
1022 395 1127 450 hoc
1151 406 1545 465 reportassent,
1568 407 1631 454 ut
1659 398 1714 454 in
1738 399 1970 455 scientia

3514 227 3652 291 1083

2463 345 2488 389 ς
2541 329 2761 384 εἰδέναι.
2807 332 2869 384 Εἰ
2907 331 3017 404 γὰρ
3050 333 3316 402 ἔγνωσαν,
3348 333 3651 405 ἐκέρδησαν

2070 413 2138 467 ἂν
2169 417 2227 469 τὸ
2259 421 2587 488 προκόπτειν
2611 425 2690 487 εἰς
2718 422 2779 477 τὺ
2810 425 3034 480 εἰδέναι.

2143 595 2234 649 λε’.
2280 597 2404 651 Ὅτι
2437 598 2779 670 χρονίζοντος
2821 600 2918 655 τοῦ
2963 602 3122 672 ψιλοῦ
3162 602 3455 675 λοτοσμοϐ,
3483 607 3653 658 κινεῖ·-

2069 703 2164 739 ται
2185 687 2250 741 τὸ
2269 687 2458 754 πάθος·
2489 691 2682 764 ὥσπερ
2708 695 2802 746 καὶ
2827 693 2922 746 τοῦ
2952 693 3260 765 ὲμπαθοῦς,
3282 696 3493 764 γίνεται
3525 713 3654 764 σογ-

2072 776 2390 843 κατάθεσις.

2140 869 2249 934 λς’.
2275 866 2455 936 Οἶδας,
2480 873 2674 944 Κύριε,
2698 874 2846 938 ὅπως
2881 875 3143 945 κρίνομαι
3164 877 3430 948 σήμερον,
3461 877 3559 928 κοῒ
3582 876 3650 930 δι’

2069 959 2137 1030 ἢν
2173 962 2372 1014 αἰτίαν·
2409 964 2486 1033 μὴ
2519 964 2888 1037 ὲγκαταλίπῃς
2914 967 3085 1037 ἡμᾶς.

2139 1051 2238 1115 λζ’.
2266 1052 2341 1105 οὐ
2373 1053 2596 1108 δύναται
2638 1054 2812 1109 ταῦτα
2876 1057 3124 1127 ποιῆσαι,
3188 1059 3217 1111 ὀ
3279 1061 3390 1122 τοῖς
3427 1059 3651 1122 οἰκείοις

2071 1143 2372 1208 πιστεύσας
2420 1145 2727 1216 λογισμοῖς,
2764 1148 2860 1200 καὶ
2903 1147 3062 1210 δόξας
3103 1148 3203 1218 ἤδη
3235 1149 3651 1219 κατειληφέναι,

2067 1234 2139 1286 τὰ
2172 1235 2268 1288 καὶ
2309 1235 2448 1305 μετά
2481 1236 2541 1288 τὸ
2579 1237 2944 1307 κατειλῆφθαι
2983 1239 3356 1309 ἀκατάληπτα
3381 1240 3526 1294 κατά
3552 1240 3652 1310 φύ-

2071 1343 2161 1379 σιν
2186 1326 2524 1397 ὑπάρχοντα.

2139 1418 2242 1488 λη’.
2277 1419 2439 1491 Λτύπη
2481 1421 2576 1475 καὶ
2621 1421 2795 1491 μῖσος,
2824 1420 2920 1475 τοῦ
2949 1421 3148 1491 ἀλόγου
3186 1421 3388 1492 μέρους
3417 1420 3519 1491 τῆς
3546 1419 3652 1490 ψυ-

2069 1509 2172 1580 χῆς
2205 1509 2583 1581 ἐλαττώματα.

2142 1603 2241 1658 λθι.
2285 1605 2457 1659 Βλέπε
2506 1606 2580 1669 ὡς
2625 1605 2990 1676 ἀπατώμεθα,
3023 1605 3285 1659 τάναντία
3345 1603 3650 1666 ποιοῦντες.

384 1674 617 1738 ciamus,
646 1686 702 1729 et
729 1671 1040 1729 Christiana
1073 1691 1173 1729 nos
1215 1676 1418 1745 pietate
1462 1676 1650 1731 vivere
1691 1676 1970 1731 existime-

2076 1697 2168 1751 καὶ
2197 1698 2511 1768 νομίζοντες
2551 1652 2693 1752 ξατά
2743 1652 3408 1769 Χρῖστὺνῑπολιτεύεσθαιο
3451 1695 3516 1748 τὸ
3555 1652 3655 1763 βα-

386 1782 531 1831 mus,
568 1765 827 1837 quodque
864 1767 1086 1837 gravius
1115 1776 1220 1828 cst,
1257 1767 1368 1837 jam
1398 1782 1620 1836 quoque
1665 1766 1971 1836 spiritalem

386 1854 499 1925 pati
535 1851 888 1908 dilectionem
923 1854 1282 1908 arbitremur.

455 1944 546 2000 40.
584 1941 763 2000 liabet
787 1945 912 2014 quis
933 1945 1132 1999 vitium
1184 1945 1430 1999 avaritia:
1469 1963 1482 1998 :
1518 1960 1628 1998 non
1656 1945 1864 2016 indiget
1913 1954 1973 2000 ut

386 2053 488 2108 per
521 2036 809 2090 avaritiam
850 2035 953 2090 sibi
999 2035 1206 2105 aliquid
1238 2046 1480 2106 arroget,
1500 2046 1607 2090 'aut
1660 2045 1722 2090 ut
1771 2036 1972 2107 injuste

386 2127 629 2198 aliquem
684 2126 1102 2180 circumveniat.
1130 2125 1262 2197 Ejus
1291 2127 1370 2181 rei
1412 2137 1607 2182 nactus
1634 2123 1968 2192 Facultatem,

386 2220 571 2275 statim
595 2216 1054 2288 deprehenditur.
1083 2217 1260 2287 Atque
1290 2217 1343 2272 id
1367 2226 1558 2272 notum
1579 2226 1682 2272 est.

457 2311 547 2366 Μ.
581 2308 714 2366 Vide
757 2309 812 2364 in
851 2309 1056 2380 quibus
1089 2310 1506 2379 longanimitate
1556 2317 1612 2365 et
1663 2311 1717 2364 in
1768 2311 1972 2381 quibus

387 2402 649 2475 patientia
675 2400 964 2456 utendum.
997 2401 1236 2456 Tametsi
1259 2401 1410 2456 enim
1434 2411 1735 2474 utrumque
1762 2403 1817 2457 in
1848 2412 1969 2457 ten-

387 2491 693 2550 tationibus
741 2493 981 2554 dicatur,
1035 2506 1154 2560 qua:
1197 2491 1388 2547 invitis
1435 2493 1791 2564 exteriusque
1847 2507 1974 2548 eve-

387 2586 550 2644 niunt
577 2603 590 2639 :
623 2585 770 2657 quod
799 2591 980 2639 tamen
1007 2583 1114 2640 illa:
1139 2584 1194 2639 in
1221 2597 1507 2641 sermones
1533 2594 1699 2656 atque
1739 2587 1971 2640 verbera

387 2695 486 2737 seu
512 2681 700 2751 plagas
731 2678 1078 2742 dividuntur,
1124 2691 1235 2733 una
1267 2693 1488 2750 quoque
1523 2678 1637 2735 hmc
1663 2695 1850 2734 secum
1886 2679 1971 2734 vi-

389 2773 654 2831 dentibus
677 2771 954 2828 dividunt.

457 2865 549 2922 42.
575 2865 683 2922 Per
711 2863 1119 2921 continentiam
1136 2875 1192 2921 et
1215 2861 1565 2930 charitatem,
1587 2861 1730 2920 bona
1760 2862 1817 2918 in
1843 2871 1970 2918 actu

389 2956 623 3015 Ieientia
656 2960 974 3027 praestatur.

461 3049 554 3105 4‘5.
577 3047 736 3116 ,Quid
766 3063 898 3103 vero
936 3047 1177 3103 delirant
1214 3046 1366 3100 vitiis
1416 3053 1690 3102 scatentes
1748 3045 1974 3116 quidem

389 3152 561 3213 atque
579 3139 827 3212 superbi,
849 3139 1236 3196 existimantes
1262 3139 1391 3211 (qua
1424 3149 1636 3195 tument
1664 3139 1977 3211 arrogantia

392 3248 460 3290 ac
484 3229 650 3303 fastu)
680 3230 868 3286 divina
895 3231 1126 3288 scientia
1144 3245 1204 3286 se
1234 3230 1498 3302 praeditos
1519 3231 1686 3286 esse?
1710 3231 1804 3286 ita"
1829 3231 1979 3288 enim

395 3326 475 3381 illi
503 3341 571 3380 cx
602 3323 812 3395 ingenti
839 3323 1011 3379 animi
1042 3324 1313 3393 pravitate
1336 3331 1393 3378 et
1425 3322 1686 3377 elatione.

464 3415 556 3470 ιι.
586 3414 696 3481 Qui
717 3415 906 3468 autem
926 3413 1208 3469 existimat
1241 3428 1300 3469 se
1329 3414 1439 3484 jam
1470 3413 1978 3484 comprehendisse,

395 3519 462 3560 ac
495 3504 633 3559 nihil
671 3505 946 3574 ignorare.
982 3504 1153 3577 liquet
1207 3515 1334 3558 eum
1369 3503 1640 3558 eharitate
1689 3503 1980 3573 praeditum

397 3613 509 3653 non
535 3612 678 3654 esse.
710 3596 813 3664 Qui
850 3607 1038 3652 autem
1063 3613 1173 3651 non
1199 3613 1263 3652 ea
1290 3595 1554 3666 praeditus
1576 3595 1671 3662 sit,
1701 3597 1982 3667 quomodo

399 3687 458 3743 in
482 3687 714 3744 scientia
741 3686 1036 3756 proﬁciet?

463 3780 553 3835 l5.
580 3779 683 3847 Qui
707 3779 828 3836 vitii
875 3788 932 3836 et
967 3779 1292 3852 ignorantia
1313 3779 1492 3850 spinis
1513 3794 1579 3836 ac
1600 3780 1821 3836 tribulis
1846 3795 1982 3836 con-

398 3871 527 3928 ferti
558 3873 750 3937 simus,
793 3872 1053 3930 virtutem
1098 3884 1163 3928 ac
1210 3871 1515 3942 spiritalem
1547 3874 1836 3930 scientiam
1881 3889 1984 3930 nos

399 3963 606 4020 habere
636 3963 989 4019 conﬁdimus.

469 4053 687 4112 £6.11ic
723 4055 1020 4126 perfectius
1045 4056 1384 4112 charitatem
1411 4057 1706 4128 descripsit
1762 4075 1776 4112 :
1817 4057 1986 4114 duos-

400 4163 507 4219 que
542 4147 818 4212 denarios,
848 4135 1178 4202 charitatem
1225 4149 1280 4202 in
1339 4148 1512 4204 Deum
1573 4159 1628 4203 et
1670 4149 1983 4220 proximum

401 4239 616 4295 statuit.

467 4330 559 4384 47.
587 4330 649 4385 ln
675 4330 1068 4387 emnndatione
1096 4332 1274 4387 tribus
1298 4332 1550 4403 partibus
1570 4333 1759 4390 divisa:
1790 4335 1985 4390 animae

403 4421 704 4496 facultatis,
733 4420 940 4476 Christi
967 4421 1252 4478 scientiam
1271 4425 1539 4494 praestari.

472 4512 562 4568 48.
591 4511 916 4567 Necessario
931 4513 1024 4583 qui
1050 4513 1244 4568 mundi
1266 4530 1354 4569 res
1378 4515 1568 4570 colunt
1584 4516 1774 4588 eisque
1801 4517 1986 4572 animo

403 4601 610 4664 addicti
654 4611 804 4667 sunt,
841 4613 1086 4659 sanctam
1144 4604 1470 4661 charitatcm
1535 4607 1829 4674 amittunt;
1880 4609 1983 4663 im-

402 4695 780 4767 placabilcque
809 4697 997 4752 odium
1027 4713 1155 4768 erga
1184 4698 1545 4767 contribules,
1579 4715 1770 4755 earum
1795 4716 1980 4766 causa,

403 4787 629 4845 habent.

472 4879 560 4936 49.
585 4880 644 4934 ln
677 4881 926 4951 utrisque
964 4890 1189 4938 sanctus
1237 4885 1541 4940 monachus
1582 4885 1858 4941 Cedonius
1893 4902 1984 4942 ca-

405 4968 670 5024 lumniam
692 4985 886 5039 passus
914 4977 1032 5026 est:
1063 4971 1159 5040 qui
1192 4980 1376 5026 tamen
1397 4971 1465 5027 ad
1505 4971 1679 5027 Deum
1718 4972 1984 5030 Susanna:

408 5061 685 5131 respiciat,
716 5060 904 5117 divina
934 5063 1331 5118 corroboratur
1355 5078 1472 5135 spe.

477 5150 568 5207 50.
593 5149 698 5218 Qui
718 5152 889 5207 servit
924 5151 1148 5210 atl‘ectui
1199 5167 1263 5209 ac
1305 5153 1546 5220 libidini,
1587 5171 1765 5212 cacus
1801 5155 1986 5213 animo

407 5249 524 5300 est:
566 5242 887 5315 habensque
929 5245 1269 5301 obcaecatum
1302 5245 1594 5318 judicium,
1648 5248 1910 5305 virtutem
1955 5265 1984 5304 a

410 5332 550 5393 vitio
570 5335 888 5394 discernere
912 5353 1022 5395 non
1044 5346 1242 5409 potest.

2078 1790 2331 1861 ρύτερον.
2369 1792 2464 1846 καὶΙ
2509 1791 2611 1865 ἢδη
2658 1791 2853 1846 παθεῖν
2879 1790 2978 1862 τὴν
3024 1789 3405 1860 πνευματικὴν
3433 1788 3655 1856 ἀγάπην

2073 1879 2570 1950 ὑπολαμϐάνοντες.

2148 1980 2221 2044 μ’.
2259 1975 2413 2044 Ἔχει
2445 1991 2530 2037 τις
2555 1973 2726 2038 πάθος
2757 1973 3122 2040 πολεονεξίας·
3150 1971 3213 2024 οὐ
3235 1972 3406 2025 δεῖται
3424 1970 3482 2024 δὲ
3503 1968 3656 2022 πλεο-

2073 2066 2314 2130 νεκτεῖνς
2344 2066 2393 2118 εί
2421 2065 2576 2120 λάϐοι
2595 2064 2828 2136 δύναμιν
2856 2065 3220 2129 πλεονεκτεῖν,
3249 2063 3410 2127 εὐθὺς
3438 2060 3655 2131 ἐξελέγ-

2073 2173 2247 2227 χεται·
2289 2156 2384 2210 καὶ
2422 2156 2583 2210 τοῦτο
2622 2155 2800 2226 δῆλον.

2145 2339 2255 2402 μα’.
2287 2333 2430 2402 Ὅρα
2480 2329 2585 2384 ποῦ
2611 2330 2688 2400 τῷ
2725 2331 3099 2403 μακροθυμεῖν
3146 2331 3239 2384 καὶ
3275 2324 3376 2382 ποῦ
3413 2327 3492 2398 τῷ
3525 2327 3656 2381 ὐποο

2075 2423 2260 2493 μένειν
2285 2423 2578 2494 χρηστέον.
2617 2424 2736 2476 Κᾶν
2770 2423 2884 2493 γὰρ
2919 2425 3089 2494 ἀμφω
3123 2423 3218 2475 ὲπὶ
3245 2422 3354 2476 τῶν
3381 2420 3655 2475 ἀκουσίων

2072 2513 2302 2584 λέγηται
2348 2513 2694 2586 πειρασμῶν
2747 2515 2861 2568 ἀλλ’
2921 2516 2972 2567 οί
3030 2513 3282 2568 ἀκούσιοι
3332 2513 3412 2576 είς
3462 2511 3654 2579 λόγους

2071 2605 2441 2677 διαιρούμενοι
2485 2607 2580 2662 καὶ
2637 2607 2873 2679 πληγὰς,
2919 2607 3286 2667 ωνδιαιροῦσι
3337 2606 3437 2660 καὶ
3481 2603 3656 2659 ταῦτα

2074 2699 2186 2760 τοῖς
2227 2696 2510 2766 βλέπουσι.

2152 2871 2262 2944 μβ⁸.
2298 2871 2421 2927 Ὅτι
2445 2871 2514 2927 δι’
2542 2871 2873 2944 ἐγκρατείας
2903 2874 2996 2928 καὶ
3020 2872 3264 2944 ἀγάπης,
3288 2871 3326 2944 ἡ
3347 2870 3469 2926 κατ’
3498 2867 3648 2940 ἐνέρ-

2003 2987 2048 3046 C
2079 2981 2235 3033 γειαν
2261 2965 2442 3037 ἀγαθὴ
2467 2964 2667 3034 γνῶσις
2697 2965 2992 3033 ἐγγίνεται.

2155 3055 2264 3126 μγ’.
2291 3053 2402 3112 Καὶ
2426 3036 2482 3109 τί
2510 3054 2772 3126 ληροῦσιν
2799 3054 3065 3128 ἐμπαθεῖς
3089 3036 3232 3121 τινες
3261 3053 3539 3124 ἄνθρωποι
3565 3050 3659 3104 καὶ

2081 3147 2385 3219 ὑψαύχενες
2415 3149 2616 3216 γνῶσιν
2648 3147 2792 3218 ἔχειν
2846 3149 3296 3221 ἀλαζονευόμενοι
3325 3147 3476 3201 θείαν
3505 3164 3520 3214 ;
3567 3143 3661 3210 Ἐξ

2082 3240 2384 3312 ὲμπαθείας
2408 3239 2518 3312 γὰρ
2542 3241 2638 3295 καὶ
2669 3240 2972 3311 ὲπάρσειος.

2157 3425 2262 3496 μδκ
2312 3424 2372 3477 ὐ
2419 3424 2478 3478 δὲ
2527 3421 2705 3478 δοκῶν
2760 3422 2862 3496 ἤδη
2918 3421 3306 3493 κατειληφέναι
3361 3423 3454 3476 καὶ
3495 3421 3660 3492 μηδέν

2084 3521 2323 3588 ἀγνοεῖν,
2376 3517 2532 3585 δῆλον
2560 3517 2636 3581 ὡς
2664 3517 2888 3588 ἀγάπην
2925 3517 3025 3570 οὐκ
3079 3517 3214 3588 ἔχει.
3264 3514 3358 3589 Μὴ
3395 3515 3538 3586 ἔχων
3580 3513 3659 3580 δὲ,

2086 3611 2205 3674 πῶς
2235 3609 2502 3683 προκόψει
2532 3611 2611 3675 είς
2635 3609 2842 3679 γνῶσιν
2871 3628 2886 3677 ;

2159 3790 2262 3854 με’.
2304 3782 2572 3847 Ἀκάνθας
2621 3781 2835 3853 έχοντες
2873 3783 2969 3836 καὶ
3011 3781 3294 3852 τριϐόλους
3341 3780 3540 3844 κακίας
3569 3780 3665 3834 καὶ

2085 3877 2383 3944 ἀγνωσίας
2412 3877 2615 3947 ἀρετὴν
2649 3877 2942 3948 ἐλπίζομεν
2969 3875 3115 3947 ἔχειν
3139 3877 3234 3929 καὶ
3261 3873 3468 3943 γνῶσιν
3499 3890 3666 3926 πνευ-

2088 3967 2345 4036 ματικήν.

2157 4055 2272 4128 μς’.
2310 4054 2672 4126 Τελειώτιρον
2702 4049 2803 4109 ὦδε
2851 4054 2950 4127 τὴν
3002 4055 3231 4125 ἀγάπην
3261 4053 3660 4123 ὑπεζωγβάφψ

2088 4165 2167 4200 σεο
2207 4148 2301 4201 καὶ
2339 4147 2407 4201 τὰ
2462 4146 2555 4200 δύο
2603 4147 2855 4218 δηνάρια,
2887 4147 2987 4218 τὴν
3017 4147 3098 4211 είς
3142 4144 3234 4199 τὸν
3259 4145 3395 4198 Θεδν
3429 4145 3525 4198 καὶ
3570 4143 3666 4197 τὸν

2088 4237 2315 4308 πλησίον
2356 4237 2577 4308 ἀγάπην
2611 4235 2878 4306 ὑπέφηνε.

2019 4323 2060 4377 D
2104 4390 2119 4406 .
2167 4326 2274 4395 μζ.
2310 4327 2434 4380 Ὅτι
2470 4329 2529 4380 ὲν
2564 4329 2631 4398 τῇ
2666 4327 2930 4399 καθάρσει
2959 4327 3058 4397 τῆς
3095 4324 3391 4398 τριμεροῦς
3425 4325 3522 4394 τῆς
3555 4326 3660 4394 ’ᾆδ’

2088 4420 2185 4489 χῆς
2217 4419 2522 4488 δυνάμεως.
2560 4419 2592 4490 ἡ
2625 4418 2826 4488 γνῶσις
2853 4418 2946 4472 τοῦ
2991 4417 3231 4488 Χριστοῦ
3261 4417 3592 4485 ἐπιγίνεται.

2161 4515 2269 4582 μηθ.
2303 4511 2424 4565 Ὀτι
2457 4511 2516 4576 ἐξ
2551 4513 2798 4582 ἀνάγκης
2827 4512 2879 4565 οἱ
2906 4511 2972 4564 τὰ
2996 4511 3088 4564 τοῦ
3121 4511 3329 4581 κόσμου
3363 4509 3660 4580 περιέπον-

2085 4621 2174 4668 τες
2209 4604 2530 4674 πράγματα,
2587 4604 2686 4673 τῆς
2734 4603 2896 4673 ἁγίας
2932 4602 3154 4672 ἀγάπης
3197 4600 3540 4656 ὲκπίπτουσι’
3570 4601 3666 4655 καὶ

2090 4697 2247 4764 μῖσος
2277 4694 2346 4747 δι’
2395 4695 2535 4749 σθ·τά
2570 4693 2706 4766 πρὸς
2749 4695 2878 4759 τοὺς
2919 4693 3226 4766 ὁμοφύλους
3252 4691 3666 4748 ἀκατάλλακτον

2088 4788 2292 4858 ἔχουσι.
2419 4779 2515 4847 ’ἢ
3035 4781 3056 4800 ⁸

2169 4878 2274 4948 μθ¹.
2317 4879 2406 4931 Ἐν
2459 4879 2792 4950 ἀμφοτέροις
2839 4880 2868 4932 ὁ
2909 4877 3062 4946 ἅγιος
3116 4877 3349 4948 μοναχὸς
3404 4875 3665 4948 Κηδόνιος

2093 4974 2512 5042 σεσυκόφανται·
2561 4973 2640 5038 είς
2672 4973 2765 5026 τὸν
2817 4973 2915 5042 τῆς
2962 4973 3252 5043 Σωσάννης
3274 4971 3408 5026 Θοδν
3434 4970 3664 5026 ἀποϐλέ-

2094 5082 2230 5129 πων,
2265 5067 2384 5127 ταϊς
2431 5063 2604 5128 θείαις
2633 5063 2812 5118 ἐλπίσι
2844 5064 3163 5134 ρωννύεται.

2158 5161 2220 5210 v'.
2249 5155 2370 5208 Ὅτι
2400 5156 2429 5208 ὁ
2447 5153 2609 5209 πάθει
2633 5153 3256 5224 δουλεύωνβεπήρωται
3279 5149 3378 5223 τὴν
3400 5151 3656 5213 διάνοιαν,

2091 5247 2185 5300 καὶ
2213 5247 2413 5316 τυφλὸν
2444 5248 2759 5320 περιφέρων
2791 5247 3084 5317 διάκρισιν,
3121 5245 3184 5300 οὐ
3208 5245 3432 5301 δύναται
3453 5240 3654 5313 διακρῖ-

2091 5356 2180 5393 ναι
2212 5339 2272 5393 τὸ
2301 5342 2549 5412 κρεῖττον
2599 5340 2706 5394 ἀπὸ
2734 5337 2830 5394 τοῦ
2873 5339 3134 5410 χείρονος.
