4128 6210
415 281 556 351 103.83

1591 283 1651 346 8.
1693 280 1979 346 MAXIM!
2004 283 2518 347 CONFESSORIS

3540 281 3693 349 1081‘

1112 473 3663 502 Mm

1517 619 1656 673 ΤΟΥ
1693 619 1786 674 ΕΝ
1825 620 2048 673 ΔΓΙΟΙΣ
2073 619 2346 675 ΠΑΤΡΟΣ
2373 622 2573 675 ΗΜΩΝ

729 780 1533 923 ΜΑΞΙΜΟΥ
1660 790 2010 923 ΤΟΥ
2140 788 3360 945 ΟΜΟΛΟΓΗΤΟΥ

1678 1024 2246 1117 ΚΕΦΑΛΑΙΑ
2312 1027 2397 1120 Σ¹

1066 1217 1209 1285 Περὶ
1239 1215 1551 1287 θεολογίας
1570 1215 1670 1270 καὶ
1698 1213 1811 1285 τῆς
1832 1188 2138 1286 ἐνσάρνιου
2162 1203 2506 1288 οιᾶονομιας
2548 1216 2656 1272 τοῦ
2691 1215 2829 1272 Υιοῦ
2873 1216 3044 1273 Θεοῦ.

892 1504 1009 1617 s.
1081 1508 1207 1619 P.
1304 1505 1444 1619 N.
1542 1504 2074 1620 MAXIMI
2162 1500 3185 1651 consessoms,

1567 1736 1929 1820 CAPITA
1996 1739 2479 1818 DUCENTA

934 1910 1026 1973 Ad
1048 1908 1433 1991 theologiam
1464 1912 1703 1994 Deique
1730 1913 1871 1976 Filii
1898 1914 1966 1977 in
1995 1931 2185 1979 carne
2237 1915 2776 1998 dispensationem
2807 1916 3179 1997 spectantia.

736 2205 1062 2263 CENTENA
1113 2209 1381 2267 PRIMUM
1421 2211 1692 2269 CAPITA.

496 2324 544 2378 1.
588 2321 736 2376 Deus
783 2338 929 2377 unus
971 2331 1077 2388 est,
1112 2324 1372 2395 principii
1417 2340 1636 2397 expers,
1667 2326 2006 2398 incompre-

424 2413 652 2480 hensus,
704 2422 873 2493 totam
919 2426 1147 2487 prorsus
1195 2417 1411 2474 essendi
1458 2419 1570 2474 vim
1598 2420 2005 2490 complectens;

424 2520 490 2560 ac
522 2507 617 2575 qui
645 2521 863 2561 omnem
913 2507 1180 2577 temporis
1211 2508 1474 2579 modique
1501 2511 1722 2567 essendi
1751 2512 2009 2568 excludat

425 2596 720 2665 rationein,
766 2599 916 2653 velut
963 2598 1221 2654 omnibus
1274 2599 1613 2670 inaccessus,
1643 2603 1895 2674 nullique
1926 2605 2008 2660 rei

424 2685 611 2742 nativa
655 2703 721 2743 ex
772 2689 1253 2759 repraesentatione
1299 2692 1572 2761 cognitus.

501 2780 557 2834 2.
599 2780 765 2848 Deus,
809 2780 896 2834 sui
935 2780 1052 2850 ipse
1097 2781 1309 2838 ratione
1337 2781 1627 2853 (quantum
1670 2784 1836 2840 nobis
1867 2785 2010 2842 scire

426 2886 748 2929 concessum
775 2871 881 2942 est)
905 2886 1084 2941 neque
1117 2872 1475 2943 principium,
1521 2890 1701 2946 neque
1743 2877 2008 2946 medium,

426 2977 609 3031 neque
652 2954 778 3017 ﬁnis
822 2968 908 3016 est
949 2963 1001 3028 ‘;
1036 2968 1143 3017 nec
1172 2962 1479 3034 quidqdam
1529 2982 1757 3037 prorsus
1792 2984 2007 3035 eorum,

429 3069 552 3124 quae
605 3054 712 3121 his,
758 3069 879 3124 quae
925 3055 994 3109 ab
1029 3054 1124 3109 illo
1168 3056 1410 3111 secunda
1441 3067 1592 3126 sunt,
1630 3077 1728 3130 per
1757 3070 2011 3117 naturam

430 3146 611 3201 inesse
644 3145 1061 3216 intelliguntur.
1118 3148 1215 3202 Est
1268 3149 1418 3203 enim
1468 3150 1774 3208 immensus
1814 3162 1871 3210 et
1905 3155 2010 3210 im-

430 3237 653 3293 mobilis
701 3245 758 3294 et
808 3237 1079 3304 inﬁnitus,
1140 3247 1202 3293 ut
1258 3238 1354 3310 qui
1394 3242 1546 3297 omni
1588 3244 1895 3300 substantia
1955 3254 2013 3302 et

431 3329 681 3400 potentia
713 3337 771 3385 et
811 3330 1030 3385 actione
1066 3329 1300 3387 inﬁnitis
1349 3334 1603 3402 partibus
1636 3337 1893 3406 superior
1919 3338 2009 3393 sit.

501 3419 555 3475 5.
596 3420 757 3476 Omni
802 3420 1143 3488 substantiae,
1185 3438 1308 3491 quae
1358 3438 1467 3479 una
1503 3440 1693 3480 secum
1717 3441 1874 3482 suam
1912 3428 2011 3483 de-

2036 2220 2085 2275 A

2632 2211 3050 2269 ΕΚΔΤΟΝΤΑΣ
3084 2211 3163 2265 A'.

2182 2338 2253 2386 α’.
2298 2324 2396 2396 Εἷς
2424 2329 2579 2396 Θεὸς,
2613 2327 2868 2400 ἄναρχος,
2910 2325 3320 2397 ἀκατάληπτος,
3368 2322 3498 2395 ὅλην
3548 2323 3693 2395 ἔχων

2108 2421 2205 2476 τοῦ
2254 2417 2393 2477 εἶναι
2430 2421 2531 2493 τὴν
2582 2419 2815 2491 δύναμιν
2857 2417 3068 2471 διόλου·
3104 2414 3226 2488 τὴν,
3262 2415 3394 2468 πότε
3446 2416 3541 2468 καὶ
3570 2414 3691 2479 πῶς

2110 2512 2252 2572 εἶναι
2293 2515 2640 2571 παντάπασιν
2693 2507 3081 2580 ἀπωθούμενος
3126 2506 3370 2560 ἔννοιαν
3404 2504 3476 2567 ὡς
3524 2507 3693 2558 πᾶσιν

2109 2610 2330 2673 ᾶΰατος,
2361 2607 2455 2665 καὶ
2491 2604 2683 2678 μηδενὶ
2705 2603 2815 2657 τῶν
2843 2601 3011 2655 ὄντων
3043 2600 3109 2653 ἐκ
3138 2596 3369 2669 φυσικῆς
3400 2596 3693 2668 ἐμφάσεως

2108 2699 2525 2771 διεγνωσμένος.

2184 2791 2251 2865 β’.
2312 2794 2371 2846 ’0
2425 2790 2579 2854 Θεὸς.
2633 2787 2736 2843 οὐκ
2771 2786 2890 2841 ἐστι
2920 2786 2989 2840 δι’
3019 2784 3236 2851 ἑαυτὸν,
3275 2784 3352 2847 ὡς
3377 2784 3527 2854 ἡμᾶς
3554 2782 3695 2836 ειδέ-

2110 2904 2199 2942 ναι
2229 2883 2477 2940 δυνατόν·
2524 2881 2649 2936 οὔτε
2679 2879 2841 2952 ἁρχὴ,
2878 2878 3002 2933 οὐτε
3039 2877 3294 2949 μεσότης,
3343 2875 3466 2929 οὐτε
3513 2874 3720 2943 τέλος,ι

2111 2978 2235 3034 οὔτε
2260 2976 2396 3032 τιτὸ
2438 2973 2659 3028 σύνολον
2698 2972 2884 3042 ἕτερον
2916 2968 3025 3023 τῶν
3056 2970 3168 3031 τοῖς
3198 2966 3315 3038 μετ’
3350 2965 3515 3020 αὐτὸν
3546 2980 3693 3034 φυσι-

2112 3074 2223 3136 κῶς
2249 3066 2729 3141 ὲνθεωρουμένων’
2779 3063 3029 3134 ἀόριστος
3064 3060 3174 3130 γάρ
3225 3063 3343 3112 ἐστι
3375 3058 3470 3112 καὶ
3503 3057 3691 3127 ἀκίνησ

2110 3181 2201 3227 τος
2226 3163 2320 3216 καὶ
2347 3161 2594 3230 ἄπειρος,
2630 3157 2706 3220 ὡς
2736 3155 2918 3226 πάσης
2942 3152 3134 3216 οὐσίας
3166 3151 3266 3205 καὶ
3291 3150 3578 3216 δυνάμεως
3601 3148 3695 3202 καὶ
3715 3178 3728 3216 ι

2112 3252 2393 3325 ἐνεργείας
2433 3249 2761 3320 ὑπερέκεινα
2804 3243 3046 3316 ἀπείρως
3096 3241 3196 3296 ὢν.

2184 3434 2252 3503 γ’.
2272 3435 2429 3486 Πᾶσα
2449 3429 2605 3484 οὐσία
2619 3431 2708 3482 τὸν
2725 3426 2922 3493 ἑαυτῆς
2942 3426 3067 3495 ὅρον
3085 3424 3253 3494 ἑαυτῇ
3269 3422 3693 3489 συνεισάγουσα,

433 3509 741 3567 ﬁnitionem
774 3511 1017 3577 inducat,
1054 3522 1429 3583 comparatum
1457 3524 1543 3570 est
1571 3524 1635 3571 ιιι
1654 3517 1776 3588 ejus
1808 3528 2009 3586 motus,

2118 3526 2258 3597 ἀρχὴ
2289 3523 2534 3592 πέφυκεν
2560 3517 2719 3583 εἶναι,
2750 3518 2849 3586 τῆς
2874 3514 3355 3586 ὲπιθεωρουμένης
3373 3514 3515 3582 αὐτῇ
3556 3511 3695 3566 κατὰ

433 3600 528 3672 qui
587 3601 664 3655 illi
730 3601 975 3672 potentia
1018 3601 1199 3659 inesse
1254 3603 1612 3675 intelligitur.
1676 3608 2012 3680 principium

2118 3616 2347 3685 δύναμιν
2398 3613 2684 3681 κινήσεως.
2712 3609 2870 3661 Πᾶσα
2907 3606 2964 3659 δὲ
2996 3605 3202 3674 φυσικὴ
3230 3603 3368 3676 πρὸς
3405 3604 3689 3673 ἐνέργειαν
3750 3658 3753 3660 ς

432 3692 695 3748 exsistat.
723 3689 919 3746 Omnis
956 3703 1142 3758 autem
1192 3694 1463 3749 naturalis
1520 3695 1587 3749 ad
1636 3699 2013 3766 operationem

432 3792 635 3849 motus,
657 3782 819 3856 462
845 3784 939 3854 qui
964 3786 1241 3854 posterior
1255 3785 1479 3856 quidem
1499 3787 1829 3857 substantia,
1861 3792 2015 3861 prior

432 3893 565 3933 vero
590 3877 908 3948 operatione
945 3877 1300 3947 intelligatur,
1330 3878 1569 3934 medium
1592 3891 1698 3947 est,
1726 3897 1826 3952 pro
1848 3883 2014 3938 medii

433 3970 644 4027 scilicet
693 3970 839 4025 inter
885 3978 1187 4039 utrumque
1238 3969 1453 4025 ratione
1512 3978 1709 4025 natura
1777 3973 2011 4030 interce-

434 4060 589 4117 dens.
624 4060 817 4117 Omnis
852 4060 1091 4131 denique
1140 4060 1389 4131 operatio
1426 4077 1527 4116 sua
1572 4061 1747 4133 ipsius
1803 4065 2015 4121 ratione

434 4164 633 4210 natura
651 4154 1095 4223 circumscripta,
1134 4152 1259 4208 ﬁnis
1279 4163 1364 4208 est
1415 4135 1726 4210 essentialis
1750 4157 1871 4227 ejus
1897 4173 2015 4212 mo-

438 4256 545 4313 tus,
594 4247 692 4317 qui
731 4246 822 4300 illa
854 4245 1009 4316 prior
1033 4245 1246 4300 ratione
1276 4243 1487 4316 (subtili
1522 4246 1784 4301 nimirum
1816 4250 2018 4304 mentis

435 4337 698 4411 cogitatu)
732 4345 839 4394 est.

508 4432 564 4486 4.
602 4430 725 4486 Non
753 4439 838 4486 est
866 4428 1011 4485 Deus
1034 4428 1362 4494 substantia,
1408 4444 1509 4498 pro
1555 4430 1677 4502 ejus
1698 4430 2018 4486 substantia:

440 4524 678 4588 ratione,
731 4539 854 4593 quae
900 4522 1229 4593 simpliciter
1264 4531 1361 4576 aut
1405 4522 1499 4576 tali
1552 4522 1718 4577 modo
1758 4523 2018 4577 substan-

438 4619 514 4672 tia
543 4617 765 4684 dicitur,
798 4627 860 4672 ut
909 4624 967 4672 ct
1017 4615 1350 4686 principium
1404 4615 1517 4669 sit:
1553 4629 1733 4685 neque
1773 4616 2017 4685 potentia

414 4725 535 4764 seu
565 4709 798 4764 facultas
838 4717 951 4775 est,
995 4723 1098 4778 pro
1139 4708 1260 4778 ejus
1313 4706 1574 4776 potentia:
1609 4722 1707 4763 seu
1744 4708 2019 4763 facultatis

440 4800 674 4865 ratione,
704 4813 828 4868 qua
855 4796 1183 4868 simpliciter
1208 4806 1304 4851 aut
1334 4796 1429 4850 tali
1456 4796 1621 4850 modo
1648 4796 1893 4865 potentia
1922 4811 2017 4850 seu

2120 3706 2355 3777 κίνησις,
2375 3703 2472 3771 τῆς
2492 3701 2589 3772 μὲν
2612 3699 2798 3763 οὐσίας
2829 3695 3289 3769 μετεπινοουμένη
3308 3711 3323 3726 ο
3344 3709 3697 3763 προεπινοου-

2124 3797 2259 3869 μένη
2298 3794 2355 3849 δὲ
2381 3793 2481 3863 τῆς
2526 3788 2827 3861 ἐνεργείας,
2874 3787 3108 3858 μεσότης
3155 3786 3323 3849 ἐστὶν,
3363 3784 3439 3847 ὡς
3492 3784 3695 3854 ἀμφοῖν

2121 3889 2261 3943 κατὰ
2313 3887 2374 3940 τὸ
2433 3885 2598 3955 μέσον
2648 3880 2894 3951 φυσικῶς
2948 3877 3351 3949 διειλημμένη·
3400 3877 3498 3929 καὶ
3552 3877 3698 3929 πᾶσα

2121 3978 2371 4051 ἐνέργεια
2418 3972 2499 4044 τῷ
2553 3972 2672 4025 κατ’
2697 3969 2867 4041 αὐτὴν
2899 3968 3043 4038 λόγῳ
3089 3966 3335 4036 φυσικῶς
3360 3980 3698 4036 περιγραφο·

2126 4069 2286 4141 μένη,
2340 4064 2493 4128 τέλος
2547 4061 2668 4116 ἐστὶ
2717 4064 2815 4133 τῆς
2850 4059 2954 4132 πρὸ
2984 4059 3156 4129 αὐτῆς
3183 4058 3302 4112 κατ’
3335 4058 3583 4111 ἐπίνοιαν
3610 4055 3699 4110 οὐ·

2126 4158 2349 4222 σιώδους
2381 4156 2670 4228 κινήσεως.
2774 4232 2781 4235 ἡ

2196 4436 2259 4489 δ’.
2313 4433 2425 4487 Οὐκ
2458 4430 2607 4484 ἐστιν
2642 4429 2671 4481 ό
2712 4426 2845 4490 Θεὸς
2886 4425 3065 4489 οὐσία,
3112 4421 3255 4477 κατὰ
3298 4420 3399 4493 τὴν
3443 4420 3631 4484 ἁπλῶς
3665 4418 3697 4489 ἢ

2125 4529 2243 4591 πῶς
2275 4522 2579 4595 λεγομένην
2618 4519 2829 4585 οὐσίαν,
2885 4518 2971 4570 ἵνα
3026 4516 3121 4569 καὶ
3160 4515 3341 4584 ἀρχή⁶
3375 4511 3503 4566 οὔτε
3541 4512 3698 4565 δύνα-

2132 4639 2225 4693 μις
2252 4617 2393 4673 κατὰ
2424 4616 2525 4686 τὴν
2554 4610 2743 4670 ἁπλῶς
2774 4609 2807 4679 ἦ
2842 4608 2960 4671 πῶς
2990 4603 3292 4676 λεγομένην
3317 4602 3574 4672 δύναμιν,
3616 4601 3698 4693 ἵνα

2128 4691 2223 4768 παὶ
2252 4710 2505 4782 μεσότης·
2554 4703 2677 4758 οὔτε
2710 4701 2982 4771 ἐνέργεια,
3011 4696 3157 4751 κατὰ
3182 4696 3281 4766 τὴν
3304 4694 3495 4758 ἁπλῶς
3519 4695 3553 4765 ἢ
3585 4691 3697 4753 πῶς

2126 4802 2427 4873 λεγομένην
2469 4795 2772 4865 ἐνέργειαν,
2805 4791 2893 4849 ἵνα
2943 4789 3037 4843 καὶ
3077 4786 3234 4868 τέλος
3278 4785 3399 4838 ἐστὶ
3433 4785 3538 4855 τῆς
3562 4782 3695 4838 κατά

441 4891 671 4945 facultas
691 4890 1016 4961 appellatur,
1050 4902 1112 4945 ut
1133 4898 1191 4944 et
1216 4889 1462 4944 medium
1494 4890 1569 4944 sit
1600 4906 1613 4942 :
1646 4905 1749 4943 nec
1777 4888 2014 4958 denique

2118 4897 2348 4964 δύναμιν
2397 4883 2900 4960 προεπινοουμένης
2922 4878 3211 4943 οὐσιώδονς
3249 4880 3540 4947 κινήσεως·
3585 4874 3693 4929 ἀλλ’

440 4981 688 5051 operatio
718 4997 815 5038 seu
854 4982 1021 5047 actio,
1062 4996 1167 5052 pro
1204 4982 1327 5053 ejus
1354 4981 1590 5037 actionis
1629 4981 1864 5048 ratione,
1899 4997 2014 5051 quae

2121 4980 2433 5043 οὐσιοποιὺς
2471 4977 2567 5031 καὶ
2609 4971 2934 5046 ὑπερούσιος
2988 4969 3210 5040 όντότης
3236 4985 3252 5000 σ
3314 4969 3410 5022 καὶ
3467 4968 3692 5036 δυναμο-

441 5073 768 5145 simpliciter
810 5075 897 5129 vel
929 5074 1025 5129 tali
1062 5075 1228 5130 modo
1273 5074 1521 5145 operatio
1551 5089 1649 5129 seu
1694 5074 1837 5128 actio
1882 5089 2026 5127 nun-

2111 5074 2280 5137 ’ποιὸς
2338 5069 2434 5123 καὶ
2462 5063 2841 5137 ὐπερδύναμος
2895 5060 3124 5131 ἵδρυσιςο
3174 5060 3269 5113 καὶ
3325 5057 3510 5129 πάσης
3550 5058 3688 5124 ἐνερ·

443 5175 697 5235 cupatur,
733 5175 795 5220 ut
839 5175 896 5221 et
944 5164 1072 5221 ﬁnis
1112 5166 1184 5221 sit
1212 5176 1380 5236 atque
1412 5166 1679 5220 terminus
1715 5163 2014 5219 essentialis

2126 5166 2282 5234 γειας
2303 5155 2571 5233 δραστικὴ
2616 5154 2713 5210 καὶ
2738 5150 3095 5222 ἁτελεύτητος
3128 5150 3262 5216 ἕξιςο
3300 5150 3395 5203 καί
3423 5148 3686 5217 συντόμως

442 5258 563 5330 ejus
594 5267 798 5325 motus,
826 5258 920 5328 qui
960 5258 1267 5313 secundum
1304 5257 1607 5327 potentiam
1640 5256 1731 5310 illa
1762 5255 1915 5325 prior
1946 5255 2030 5308 in-

2124 5255 2326 5313 εἰπεῖν,
2357 5250 2540 5319 πάσης
2586 5244 2775 5308 οὐσίας
2822 5242 2918 5295 καὶ
2950 5241 3235 5319 δυνάμεῳς
3266 5238 3363 5293 καὶ
3392 5236 3680 5310 ἐνεργείας,

445 5316 754 5424 telligatur;
793 5316 888 5406 sed
926 5358 1013 5406 est
1057 5366 1147 5406 res
1194 5316 1467 5422 ejusmodi
1502 5356 1666 5418 atque
1714 5316 2014 5418 entitas(u1

2127 5345 2303 5415 ἀρχῆς
2333 5359 2392 5395 τε
2426 5316 2523 5393 καλ
2555 5336 2853 5408 μεσότητος
2889 5333 2988 5387 καὶ
3018 5316 3211 5395 τέλους
3246 5330 3528 5401 ποιητική.

443 5446 527 5502 sic
569 5419 738 5517 vloqui
785 5443 970 5515 liccat)
1034 5460 1157 5514 quae
1204 5419 1277 5499 sit
1322 5443 1645 5501 substantiae
1700 5451 1913 5507 auctor,
1962 5455 2027 5495 ac
2095 5453 2260 5508 quam
2330 5449 2433 5506 pro
2480 5429 2803 5489 substantiae
2845 5442 2943 5483 seu
2988 5426 3243 5482 essentia;
3286 5425 3499 5481 ratione
3533 5419 3671 5517 altius

444 5509 721 5605 emineat;
776 5509 1116 5607 ﬁrmitasque
1172 5535 1281 5592 vim
1314 5546 1580 5608 praestans
1615 5545 1672 5591 et
1722 5533 2044 5605 potentiam,
2084 5545 2150 5587 ac
2196 5543 2319 5600 quae
2357 5526 2469 5584 vim
2520 5537 2740 5582 omnem
2808 5535 2876 5577 ac
2925 5519 3227 5590 potentiam
3266 5509 3676 5588 Superexcedslz

519 5703 536 5723 ⁸
562 5700 692 5772 Cap.
730 5701 764 5755 5
792 5701 866 5755 De
895 5708 1044 5772 myst.
1080 5700 1237 5754 tlte-0!.
