  <div class='ocr_page' id='page_1' title='image "/cluster/home/n/w/nwhite01/storage/ocr_20150623/90/hvd.32044073502197/548.png"; bbox 0 0 4066 6188; ppageno 0'>
   <div class='ocr_carea' id='block_1_1' title="bbox 405 259 544 324">
    <p class='ocr_par' dir='ltr' id='par_1_1' title="bbox 405 259 544 324">
     <span class='ocr_line' id='line_1_1' title="bbox 405 259 544 324; baseline -0.014 0"><span class='ocrx_word' id='word_1_1' title='bbox 405 259 544 324; x_wconf 78' lang='lat'><strong>1085</strong></span> 
     </span>
    </p>
   </div>
   <div class='ocr_carea' id='block_1_2' title="bbox 1246 262 2820 338">
    <p class='ocr_par' dir='ltr' id='par_1_2' title="bbox 1246 262 2820 338">
     <span class='ocr_line' id='line_1_2' title="bbox 1246 262 2820 338; baseline 0.011 -18"><span class='ocrx_word' id='word_1_2' title='bbox 1246 262 1580 325; x_wconf 79' lang='lat' dir='ltr'><strong>CAPITUM</strong></span> <span class='ocrx_word' id='word_1_3' title='bbox 1618 263 1886 326; x_wconf 83' lang='lat' dir='ltr'><strong>THEOL.</strong></span> <span class='ocrx_word' id='word_1_4' title='bbox 1937 266 2032 326; x_wconf 87' lang='lat' dir='ltr'><strong>ET</strong></span> <span class='ocrx_word' id='word_1_5' title='bbox 2070 267 2305 329; x_wconf 77' lang='lat' dir='ltr'><strong>lECDN.</strong></span> <span class='ocrx_word' id='word_1_6' title='bbox 2347 269 2738 334; x_wconf 78' lang='lat' dir='ltr'><strong>CENTURIA</strong></span> <span class='ocrx_word' id='word_1_7' title='bbox 2769 277 2820 338; x_wconf 93' lang='grc' dir='ltr'><strong>Ι.</strong></span> 
     </span>
    </p>
   </div>
   <div class='ocr_carea' id='block_1_3' title="bbox 3531 277 3670 342">
    <p class='ocr_par' dir='ltr' id='par_1_3' title="bbox 3531 277 3670 342">
     <span class='ocr_line' id='line_1_3' title="bbox 3531 277 3670 342; baseline 0.022 -3"><span class='ocrx_word' id='word_1_8' title='bbox 3531 277 3670 342; x_wconf 79' lang='lat'><strong>1086</strong></span> 
     </span>
    </p>
   </div>
   <div class='ocr_carea' id='block_1_4' title="bbox 400 370 3666 459">
    <p class='ocr_par' dir='ltr' id='par_1_4' title="bbox 400 370 3666 459">
     <span class='ocr_line' id='line_1_4' title="bbox 400 370 3666 459; baseline 0.005 -34"><span class='ocrx_word' id='word_1_9' title='bbox 400 371 623 428; x_wconf 89' lang='lat' dir='ltr'><strong>habitus</strong></span> <span class='ocrx_word' id='word_1_10' title='bbox 665 370 905 440; x_wconf 87' lang='lat' dir='ltr'><strong>denique</strong></span> <span class='ocrx_word' id='word_1_11' title='bbox 963 372 1144 426; x_wconf 89' lang='lat' dir='ltr'><strong>omnis</strong></span> <span class='ocrx_word' id='word_1_12' title='bbox 1195 375 1532 443; x_wconf 80' lang='lat' dir='ltr'><strong>operationis</strong></span> <span class='ocrx_word' id='word_1_13' title='bbox 1609 393 1706 432; x_wconf 90' lang='lat' dir='ltr'><strong>seu</strong></span> <span class='ocrx_word' id='word_1_14' title='bbox 1774 378 2008 433; x_wconf 78' lang='lat' dir='ltr'><strong>actionis</strong></span> <span class='ocrx_word' id='word_1_15' title='bbox 2080 379 2270 435; x_wconf 83' lang='lat' dir='ltr'><strong>eﬁicax</strong></span> <span class='ocrx_word' id='word_1_16' title='bbox 2321 399 2383 437; x_wconf 91' lang='lat' dir='ltr'><strong>ac</strong></span> <span class='ocrx_word' id='word_1_17' title='bbox 2437 383 2786 442; x_wconf 86' lang='lat' dir='ltr'><strong>immortalis.</strong></span> <span class='ocrx_word' id='word_1_18' title='bbox 2835 389 3037 459; x_wconf 84' lang='lat' dir='ltr'><strong>Atque,</strong></span> <span class='ocrx_word' id='word_1_19' title='bbox 3086 397 3148 444; x_wconf 92' lang='lat' dir='ltr'><strong>ut</strong></span> <span class='ocrx_word' id='word_1_20' title='bbox 3193 404 3406 444; x_wconf 87' lang='lat' dir='ltr'><strong>summa</strong></span> <span class='ocrx_word' id='word_1_21' title='bbox 3465 390 3666 453; x_wconf 82' lang='lat' dir='ltr'><strong>dicam,</strong></span> 
     </span>
    </p>
   </div>
   <div class='ocr_carea' id='block_1_5' title="bbox 398 465 3666 545">
    <p class='ocr_par' dir='ltr' id='par_1_5' title="bbox 398 465 3666 545">
     <span class='ocr_line' id='line_1_5' title="bbox 398 465 3666 545; baseline 0.005 -25"><span class='ocrx_word' id='word_1_22' title='bbox 398 466 582 521; x_wconf 91' lang='lat' dir='ltr'><strong>omnis</strong></span> <span class='ocrx_word' id='word_1_23' title='bbox 611 465 932 520; x_wconf 70' lang='lat' dir='ltr'><strong>substantia:</strong></span> <span class='ocrx_word' id='word_1_24' title='bbox 960 480 1056 518; x_wconf 90' lang='lat' dir='ltr'><strong>seu</strong></span> <span class='ocrx_word' id='word_1_25' title='bbox 1077 469 1348 535; x_wconf 60' lang='lat' dir='ltr'><strong>essentia,</strong></span> <span class='ocrx_word' id='word_1_26' title='bbox 1375 479 1432 524; x_wconf 93' lang='lat' dir='ltr'><strong>et</strong></span> <span class='ocrx_word' id='word_1_27' title='bbox 1477 471 1735 540; x_wconf 66' lang='lat' dir='ltr'><strong>potentiae</strong></span> <span class='ocrx_word' id='word_1_28' title='bbox 1766 480 1822 526; x_wconf 90' lang='lat' dir='ltr'><strong>et</strong></span> <span class='ocrx_word' id='word_1_29' title='bbox 1852 471 2210 541; x_wconf 84' lang='lat' dir='ltr'><strong>Operationis,</strong></span> <span class='ocrx_word' id='word_1_30' title='bbox 2265 475 2638 545; x_wconf 88' lang='lat' dir='ltr'><strong>principiique</strong></span> <span class='ocrx_word' id='word_1_31' title='bbox 2681 489 2739 533; x_wconf 90' lang='lat' dir='ltr'><strong>et</strong></span> <span class='ocrx_word' id='word_1_32' title='bbox 2798 480 2968 535; x_wconf 85' lang='lat' dir='ltr'><strong>medii</strong></span> <span class='ocrx_word' id='word_1_33' title='bbox 3025 490 3080 536; x_wconf 90' lang='lat' dir='ltr'><strong>et</strong></span> <span class='ocrx_word' id='word_1_34' title='bbox 3142 481 3265 536; x_wconf 91' lang='lat' dir='ltr'><strong>ﬁnis</strong></span> <span class='ocrx_word' id='word_1_35' title='bbox 3295 497 3391 536; x_wconf 88' lang='lat' dir='ltr'><strong>seu</strong></span> <span class='ocrx_word' id='word_1_36' title='bbox 3449 483 3666 537; x_wconf 88' lang='lat' dir='ltr'><strong>termini</strong></span> 
     </span>
    </p>
   </div>
   <div class='ocr_carea' id='block_1_6' title="bbox 398 557 875 612">
    <p class='ocr_par' dir='ltr' id='par_1_6' title="bbox 398 557 875 612">
     <span class='ocr_line' id='line_1_6' title="bbox 398 557 875 612; baseline 0 0"><span class='ocrx_word' id='word_1_37' title='bbox 398 574 564 612; x_wconf 89' lang='lat' dir='ltr'><strong>causa</strong></span> <span class='ocrx_word' id='word_1_38' title='bbox 608 557 875 612; x_wconf 74' lang='lat' dir='ltr'><strong>effectrix.</strong></span> 
     </span>
    </p>
   </div>
   <div class='ocr_carea' id='block_1_7' title="bbox 470 649 1991 728">
    <p class='ocr_par' dir='ltr' id='par_1_7' title="bbox 470 649 1972 724">
     <span class='ocr_line' id='line_1_7' title="bbox 470 649 1972 724; baseline 0.004 -23"><span class='ocrx_word' id='word_1_39' title='bbox 470 656 530 701; x_wconf 86' lang='grc' dir='ltr'>ε’.</span> <span class='ocrx_word' id='word_1_40' title='bbox 571 649 634 701; x_wconf 83' lang='grc' dir='ltr'><strong><em>Ἥ</em></strong></span> <span class='ocrx_word' id='word_1_41' title='bbox 671 651 814 720; x_wconf 82' lang='grc' dir='ltr'>ἀρχὴ</span> <span class='ocrx_word' id='word_1_42' title='bbox 843 654 935 704; x_wconf 78' lang='grc' dir='ltr'>καὶ</span> <span class='ocrx_word' id='word_1_43' title='bbox 965 655 996 722; x_wconf 79' lang='grc' dir='ltr'>ἡ</span> <span class='ocrx_word' id='word_1_44' title='bbox 1029 654 1260 724; x_wconf 78' lang='grc' dir='ltr'><strong>μεσότης</strong></span> <span class='ocrx_word' id='word_1_45' title='bbox 1288 655 1381 707; x_wconf 71' lang='grc' dir='ltr'>καὶ</span> <span class='ocrx_word' id='word_1_46' title='bbox 1416 655 1476 707; x_wconf 78' lang='grc' dir='ltr'>τὸ</span> <span class='ocrx_word' id='word_1_47' title='bbox 1499 656 1672 718; x_wconf 85' lang='grc' dir='ltr'>τέλος,</span> <span class='ocrx_word' id='word_1_48' title='bbox 1706 654 1813 707; x_wconf 88' lang='grc' dir='ltr'><strong>τῶν</strong></span> <span class='ocrx_word' id='word_1_49' title='bbox 1850 655 1972 724; x_wconf 62' lang='grc' dir='ltr'>χρόα</span> 
     </span>
    </p>
   </div>
   <div class='ocr_carea' id='block_1_8' title="bbox 2064 649 3662 728">
    <p class='ocr_par' dir='ltr' id='par_1_8' title="bbox 2145 655 3662 728">
     <span class='ocr_line' id='line_1_8' title="bbox 2145 655 3662 728; baseline 0.004 -19"><span class='ocrx_word' id='word_1_50' title='bbox 2145 655 2197 709; x_wconf 79' lang='lat'><strong>5.</strong></span> <span class='ocrx_word' id='word_1_51' title='bbox 2235 656 2593 727; x_wconf 85' lang='lat' dir='ltr'><strong>Principium,</strong></span> <span class='ocrx_word' id='word_1_52' title='bbox 2618 660 2861 714; x_wconf 90' lang='lat' dir='ltr'><strong>medium</strong></span> <span class='ocrx_word' id='word_1_53' title='bbox 2882 670 2937 716; x_wconf 92' lang='lat' dir='ltr'><strong>et</strong></span> <span class='ocrx_word' id='word_1_54' title='bbox 2960 661 3104 728; x_wconf 91' lang='lat' dir='ltr'><strong>ﬁnis,</strong></span> <span class='ocrx_word' id='word_1_55' title='bbox 3133 671 3276 716; x_wconf 77' lang='lat' dir='ltr'><strong>nota:</strong></span> <span class='ocrx_word' id='word_1_56' title='bbox 3298 671 3662 718; x_wconf 65' lang='lat' dir='ltr'><strong>sunteoruma</strong></span> 
     </span>
    </p>
   </div>
   <div class='ocr_carea' id='block_1_9' title="bbox 398 741 1976 817">
    <p class='ocr_par' dir='ltr' id='par_1_9' title="bbox 398 741 1976 817">
     <span class='ocr_line' id='line_1_9' title="bbox 398 741 1976 817; baseline 0.006 -25"><span class='ocrx_word' id='word_1_57' title='bbox 398 758 473 808; x_wconf 85' lang='grc' dir='ltr'><strong>νῳ</strong></span> <span class='ocrx_word' id='word_1_58' title='bbox 498 741 782 810; x_wconf 86' lang='grc' dir='ltr'>διαιρετῶν</span> <span class='ocrx_word' id='word_1_59' title='bbox 812 745 920 795; x_wconf 75' lang='lat' dir='ltr'><strong>alat</strong></span> <span class='ocrx_word' id='word_1_60' title='bbox 959 745 1334 815; x_wconf 75' lang='grc' dir='ltr'><strong>γνωρίσματα·</strong></span> <span class='ocrx_word' id='word_1_61' title='bbox 1367 747 1510 799; x_wconf 74' lang='grc' dir='ltr'>εἴποι</span> <span class='ocrx_word' id='word_1_62' title='bbox 1540 747 1585 798; x_wconf 80' lang='grc' dir='ltr'>δ’</span> <span class='ocrx_word' id='word_1_63' title='bbox 1635 748 1700 800; x_wconf 86' lang='grc' dir='ltr'>ἄν</span> <span class='ocrx_word' id='word_1_64' title='bbox 1731 764 1816 810; x_wconf 87' lang='grc' dir='ltr'><strong>τις</strong></span> <span class='ocrx_word' id='word_1_65' title='bbox 1846 747 1976 817; x_wconf 73' lang='grc' dir='ltr'><strong>ἁλη⁴</strong></span> 
     </span>
    </p>
   </div>
   <div class='ocr_carea' id='block_1_10' title="bbox 399 825 1974 905">
    <p class='ocr_par' dir='ltr' id='par_1_10' title="bbox 399 825 1974 905">
     <span class='ocr_line' id='line_1_10' title="bbox 399 825 1974 905; baseline 0.006 -29"><span class='ocrx_word' id='word_1_66' title='bbox 399 825 590 889; x_wconf 82' lang='grc' dir='ltr'>θεύων,</span> <span class='ocrx_word' id='word_1_67' title='bbox 632 825 728 879; x_wconf 78' lang='grc' dir='ltr'>καὶ</span> <span class='ocrx_word' id='word_1_68' title='bbox 757 827 865 880; x_wconf 86' lang='grc' dir='ltr'><strong>τῶν</strong></span> <span class='ocrx_word' id='word_1_69' title='bbox 893 831 949 881; x_wconf 85' lang='grc' dir='ltr'>ὲν</span> <span class='ocrx_word' id='word_1_70' title='bbox 985 831 1142 882; x_wconf 87' lang='grc' dir='ltr'>αίῶνι</span> <span class='ocrx_word' id='word_1_71' title='bbox 1171 832 1588 901; x_wconf 81' lang='grc' dir='ltr'>συνορωμένων.</span> <span class='ocrx_word' id='word_1_72' title='bbox 1641 833 1698 886; x_wconf 85' lang='grc' dir='ltr'><strong>ὐ</strong></span> <span class='ocrx_word' id='word_1_73' title='bbox 1736 833 1832 902; x_wconf 81' lang='grc' dir='ltr'>μὲν</span> <span class='ocrx_word' id='word_1_74' title='bbox 1866 834 1974 905; x_wconf 78' lang='grc' dir='ltr'><strong>γὰρ</strong></span> 
     </span>
    </p>
   </div>
   <div class='ocr_carea' id='block_1_11' title="bbox 396 916 1974 995">
    <p class='ocr_par' dir='ltr' id='par_1_11' title="bbox 396 916 1974 995">
     <span class='ocr_line' id='line_1_11' title="bbox 396 916 1974 995; baseline 0.007 -28"><span class='ocrx_word' id='word_1_75' title='bbox 396 916 608 986; x_wconf 82' lang='grc' dir='ltr'>χρόνος,</span> <span class='ocrx_word' id='word_1_76' title='bbox 649 920 1024 990; x_wconf 80' lang='grc' dir='ltr'>μετρουμένην</span> <span class='ocrx_word' id='word_1_77' title='bbox 1059 920 1197 992; x_wconf 81' lang='grc' dir='ltr'>ἔχων</span> <span class='ocrx_word' id='word_1_78' title='bbox 1220 921 1318 993; x_wconf 78' lang='grc' dir='ltr'>τὴν</span> <span class='ocrx_word' id='word_1_79' title='bbox 1349 923 1584 991; x_wconf 84' lang='grc' dir='ltr'>κίνησιν,</span> <span class='ocrx_word' id='word_1_80' title='bbox 1625 924 1846 995; x_wconf 76' lang='grc' dir='ltr'>ἀριθμῷ</span> <span class='ocrx_word' id='word_1_81' title='bbox 1877 943 1974 978; x_wconf 89' lang='grc' dir='ltr'>πε-</span> 
     </span>
    </p>
   </div>
   <div class='ocr_carea' id='block_1_12' title="bbox 399 1007 1968 1086">
    <p class='ocr_par' dir='ltr' id='par_1_12' title="bbox 399 1007 1968 1086">
     <span class='ocr_line' id='line_1_12' title="bbox 399 1007 1968 1086; baseline 0.008 -28"><span class='ocrx_word' id='word_1_82' title='bbox 399 1007 748 1077; x_wconf 79' lang='grc' dir='ltr'>ριγράφεταιο</span> <span class='ocrx_word' id='word_1_83' title='bbox 789 1011 817 1061; x_wconf 80' lang='grc' dir='ltr'><strong><em>ὁ</em></strong></span> <span class='ocrx_word' id='word_1_84' title='bbox 863 1009 1002 1063; x_wconf 74' lang='grc' dir='ltr'>αἰὼν</span> <span class='ocrx_word' id='word_1_85' title='bbox 1051 1011 1108 1064; x_wconf 75' lang='grc' dir='ltr'>δὲ</span> <span class='ocrx_word' id='word_1_86' title='bbox 1170 1014 1661 1086; x_wconf 84' lang='grc' dir='ltr'>συνεπινοουμένην</span> <span class='ocrx_word' id='word_1_87' title='bbox 1715 1015 1856 1086; x_wconf 82' lang='grc' dir='ltr'>ἔχων</span> <span class='ocrx_word' id='word_1_88' title='bbox 1903 1018 1968 1086; x_wconf 74' lang='grc' dir='ltr'>τῇ</span> 
     </span>
    </p>
   </div>
   <div class='ocr_carea' id='block_1_13' title="bbox 395 1097 1970 1174">
    <p class='ocr_par' dir='ltr' id='par_1_13' title="bbox 395 1097 1970 1174">
     <span class='ocr_line' id='line_1_13' title="bbox 395 1097 1970 1174; baseline 0.008 -26"><span class='ocrx_word' id='word_1_89' title='bbox 395 1097 626 1167; x_wconf 76' lang='grc' dir='ltr'>ὑπάρξει</span> <span class='ocrx_word' id='word_1_90' title='bbox 670 1098 767 1169; x_wconf 80' lang='grc' dir='ltr'>τὴν</span> <span class='ocrx_word' id='word_1_91' title='bbox 797 1100 925 1153; x_wconf 84' lang='grc' dir='ltr'>πότε</span> <span class='ocrx_word' id='word_1_92' title='bbox 956 1104 1312 1173; x_wconf 81' lang='grc' dir='ltr'><strong>κατηγορίαν,</strong></span> <span class='ocrx_word' id='word_1_93' title='bbox 1342 1105 1537 1174; x_wconf 83' lang='grc' dir='ltr'><strong>πάσχει</strong></span> <span class='ocrx_word' id='word_1_94' title='bbox 1565 1105 1864 1174; x_wconf 84' lang='grc' dir='ltr'>διάστασιν,</span> <span class='ocrx_word' id='word_1_95' title='bbox 1894 1107 1970 1172; x_wconf 86' lang='grc' dir='ltr'><strong>ὡς</strong></span> 
     </span>
    </p>
   </div>
   <div class='ocr_carea' id='block_1_14' title="bbox 395 1185 1966 1264">
    <p class='ocr_par' dir='ltr' id='par_1_14' title="bbox 395 1185 1966 1264">
     <span class='ocr_line' id='line_1_14' title="bbox 395 1185 1966 1264; baseline 0.01 -25"><span class='ocrx_word' id='word_1_96' title='bbox 395 1187 568 1256; x_wconf 82' lang='grc' dir='ltr'>ἀρχὴν</span> <span class='ocrx_word' id='word_1_97' title='bbox 614 1187 710 1240; x_wconf 85' lang='grc' dir='ltr'><strong>τοῦ</strong></span> <span class='ocrx_word' id='word_1_98' title='bbox 743 1185 882 1243; x_wconf 82' lang='grc' dir='ltr'>εἶναι</span> <span class='ocrx_word' id='word_1_99' title='bbox 927 1191 1126 1247; x_wconf 79' lang='grc' dir='ltr'>λαϐὼν.</span> <span class='ocrx_word' id='word_1_100' title='bbox 1166 1195 1230 1247; x_wconf 86' lang='lat' dir='ltr'><strong>Ei</strong></span> <span class='ocrx_word' id='word_1_101' title='bbox 1255 1195 1310 1248; x_wconf 82' lang='grc' dir='ltr'>δὲ</span> <span class='ocrx_word' id='word_1_102' title='bbox 1353 1197 1543 1264; x_wconf 82' lang='grc' dir='ltr'><strong>χρόνος</strong></span> <span class='ocrx_word' id='word_1_103' title='bbox 1570 1200 1664 1250; x_wconf 79' lang='grc' dir='ltr'>καὶ</span> <span class='ocrx_word' id='word_1_104' title='bbox 1700 1200 1835 1254; x_wconf 74' lang='grc' dir='ltr'>αἰὼν</span> <span class='ocrx_word' id='word_1_105' title='bbox 1867 1202 1966 1256; x_wconf 87' lang='grc' dir='ltr'><strong>οὑκ</strong></span> 
     </span>
    </p>
   </div>
   <div class='ocr_carea' id='block_1_15' title="bbox 392 1280 1960 1363">
    <p class='ocr_par' dir='ltr' id='par_1_15' title="bbox 392 1280 1960 1363">
     <span class='ocr_line' id='line_1_15' title="bbox 392 1280 1960 1363; baseline 0.01 -30"><span class='ocrx_word' id='word_1_106' title='bbox 392 1280 626 1350; x_wconf 77' lang='grc' dir='ltr'>ἄναρχοι,</span> <span class='ocrx_word' id='word_1_107' title='bbox 665 1281 848 1352; x_wconf 87' lang='grc' dir='ltr'>πολλῷ</span> <span class='ocrx_word' id='word_1_108' title='bbox 881 1284 1081 1353; x_wconf 76' lang='grc' dir='ltr'>μᾶλλον</span> <span class='ocrx_word' id='word_1_109' title='bbox 1119 1287 1187 1339; x_wconf 76' lang='grc' dir='ltr'>τὰ</span> <span class='ocrx_word' id='word_1_110' title='bbox 1231 1289 1290 1340; x_wconf 85' lang='grc' dir='ltr'>ὲν</span> <span class='ocrx_word' id='word_1_111' title='bbox 1328 1288 1538 1352; x_wconf 75' lang='grc' dir='ltr'><strong>τούτοις</strong></span> <span class='ocrx_word' id='word_1_112' title='bbox 1569 1294 1960 1363; x_wconf 80' lang='grc' dir='ltr'>περιεχόμενα.</span> 
     </span>
    </p>
   </div>
   <div class='ocr_carea' id='block_1_16' title="bbox 2083 751 3662 819">
    <p class='ocr_par' dir='ltr' id='par_1_16' title="bbox 2083 751 3662 819">
     <span class='ocr_line' id='line_1_16' title="bbox 2083 751 3662 819; baseline 0.008 -24"><span class='ocrx_word' id='word_1_113' title='bbox 2083 761 2206 814; x_wconf 69' lang='lat' dir='ltr'><strong>qua:</strong></span> <span class='ocrx_word' id='word_1_114' title='bbox 2237 758 2481 818; x_wconf 90' lang='lat' dir='ltr'><strong>tempore</strong></span> <span class='ocrx_word' id='word_1_115' title='bbox 2513 751 2737 806; x_wconf 86' lang='lat' dir='ltr'><strong>dividua</strong></span> <span class='ocrx_word' id='word_1_116' title='bbox 2763 761 2928 819; x_wconf 89' lang='lat' dir='ltr'><strong>sunt;</strong></span> <span class='ocrx_word' id='word_1_117' title='bbox 2959 769 3064 808; x_wconf 89' lang='lat' dir='ltr'><strong>nec</strong></span> <span class='ocrx_word' id='word_1_118' title='bbox 3108 770 3138 807; x_wconf 91' lang='lat' dir='ltr'><strong>a</strong></span> <span class='ocrx_word' id='word_1_119' title='bbox 3171 769 3303 808; x_wconf 88' lang='lat' dir='ltr'><strong>vero</strong></span> <span class='ocrx_word' id='word_1_120' title='bbox 3324 755 3662 808; x_wconf 84' lang='lat' dir='ltr'><strong>aberraverit</strong></span> 
     </span>
    </p>
   </div>
   <div class='ocr_carea' id='block_1_17' title="bbox 2081 836 3662 912">
    <p class='ocr_par' dir='ltr' id='par_1_17' title="bbox 2081 836 3662 912">
     <span class='ocr_line' id='line_1_17' title="bbox 2081 836 3662 912; baseline 0.008 -25"><span class='ocrx_word' id='word_1_121' title='bbox 2081 836 2176 903; x_wconf 88' lang='lat' dir='ltr'><strong>qui</strong></span> <span class='ocrx_word' id='word_1_122' title='bbox 2202 837 2368 901; x_wconf 89' lang='lat' dir='ltr'><strong>dicat,</strong></span> <span class='ocrx_word' id='word_1_123' title='bbox 2395 841 2561 894; x_wconf 89' lang='lat' dir='ltr'><strong>etiam</strong></span> <span class='ocrx_word' id='word_1_124' title='bbox 2588 856 2780 895; x_wconf 90' lang='lat' dir='ltr'><strong>eorum</strong></span> <span class='ocrx_word' id='word_1_125' title='bbox 2825 859 2948 912; x_wconf 72' lang='lat' dir='ltr'><strong>qua:</strong></span> <span class='ocrx_word' id='word_1_126' title='bbox 2986 845 3039 898; x_wconf 91' lang='lat' dir='ltr'><strong>in</strong></span> <span class='ocrx_word' id='word_1_127' title='bbox 3068 861 3184 899; x_wconf 77' lang='lat' dir='ltr'><strong>:cvo</strong></span> <span class='ocrx_word' id='word_1_128' title='bbox 3217 860 3281 898; x_wconf 88' lang='lat' dir='ltr'><strong>ac</strong></span> <span class='ocrx_word' id='word_1_129' title='bbox 3314 846 3512 898; x_wconf 70' lang='lat' dir='ltr'><strong>smcnlo</strong></span> <span class='ocrx_word' id='word_1_130' title='bbox 3542 860 3662 900; x_wconf 85' lang='lat' dir='ltr'><strong>esse</strong></span> 
     </span>
    </p>
   </div>
   <div class='ocr_carea' id='block_1_18' title="bbox 2080 927 3663 1008">
    <p class='ocr_par' dir='ltr' id='par_1_18' title="bbox 2080 927 3663 1008">
     <span class='ocr_line' id='line_1_18' title="bbox 2080 927 3663 1008; baseline 0.008 -28"><span class='ocrx_word' id='word_1_131' title='bbox 2080 927 2487 1000; x_wconf 79' lang='lat' dir='ltr'><strong>intelliguntur.</strong></span> <span class='ocrx_word' id='word_1_132' title='bbox 2548 933 2681 987; x_wconf 87' lang='lat' dir='ltr'><strong>Nam</strong></span> <span class='ocrx_word' id='word_1_133' title='bbox 2726 942 2943 1004; x_wconf 84' lang='lat' dir='ltr'><strong>tempus</strong></span> <span class='ocrx_word' id='word_1_134' title='bbox 2983 936 3228 1006; x_wconf 88' lang='lat' dir='ltr'><strong>quidem,</strong></span> <span class='ocrx_word' id='word_1_135' title='bbox 3275 940 3434 1008; x_wconf 84' lang='lat' dir='ltr'><strong>cujus</strong></span> <span class='ocrx_word' id='word_1_136' title='bbox 3481 946 3663 992; x_wconf 87' lang='lat' dir='ltr'><strong>motus</strong></span> 
     </span>
    </p>
   </div>
   <div class='ocr_carea' id='block_1_19' title="bbox 2076 1024 3658 1086">
    <p class='ocr_par' dir='ltr' id='par_1_19' title="bbox 2076 1024 3658 1086">
     <span class='ocr_line' id='line_1_19' title="bbox 2076 1024 3658 1086; baseline 0.006 -18"><span class='ocrx_word' id='word_1_137' title='bbox 2076 1031 2309 1072; x_wconf 89' lang='lat' dir='ltr'><strong>numero</strong></span> <span class='ocrx_word' id='word_1_138' title='bbox 2365 1030 2740 1086; x_wconf 90' lang='lat' dir='ltr'><strong>mensuretur,</strong></span> <span class='ocrx_word' id='word_1_139' title='bbox 2792 1024 2909 1077; x_wconf 89' lang='lat' dir='ltr'><strong>suis</strong></span> <span class='ocrx_word' id='word_1_140' title='bbox 2965 1024 3218 1080; x_wconf 85' lang='lat' dir='ltr'><strong>terminis</strong></span> <span class='ocrx_word' id='word_1_141' title='bbox 3246 1025 3658 1080; x_wconf 87' lang='lat' dir='ltr'><strong>circumscribi-</strong></span> 
     </span>
    </p>
   </div>
   <div class='ocr_carea' id='block_1_20' title="bbox 2077 1112 3658 1189">
    <p class='ocr_par' dir='ltr' id='par_1_20' title="bbox 2077 1112 3658 1189">
     <span class='ocr_line' id='line_1_20' title="bbox 2077 1112 3658 1189; baseline 0.004 -22"><span class='ocrx_word' id='word_1_142' title='bbox 2077 1121 2186 1167; x_wconf 86' lang='lat' dir='ltr'><strong>tur.</strong></span> <span class='ocrx_word' id='word_1_143' title='bbox 2245 1112 2443 1167; x_wconf 74' lang='lat' dir='ltr'><strong>.IEvnm</strong></span> <span class='ocrx_word' id='word_1_144' title='bbox 2488 1122 2671 1168; x_wconf 88' lang='lat' dir='ltr'><strong>autem</strong></span> <span class='ocrx_word' id='word_1_145' title='bbox 2718 1131 2812 1170; x_wconf 91' lang='lat' dir='ltr'><strong>seu</strong></span> <span class='ocrx_word' id='word_1_146' title='bbox 2839 1118 3118 1181; x_wconf 64' lang='lat' dir='ltr'><strong>smculum,</strong></span> <span class='ocrx_word' id='word_1_147' title='bbox 3151 1119 3306 1189; x_wconf 87' lang='lat' dir='ltr'><strong>cujus</strong></span> <span class='ocrx_word' id='word_1_148' title='bbox 3327 1119 3658 1173; x_wconf 71' lang='lat' dir='ltr'><strong>exsistcntize</strong></span> 
     </span>
    </p>
   </div>
   <div class='ocr_carea' id='block_1_21' title="bbox 2073 1206 3656 1282">
    <p class='ocr_par' dir='ltr' id='par_1_21' title="bbox 2073 1206 3656 1282">
     <span class='ocr_line' id='line_1_21' title="bbox 2073 1206 3656 1282; baseline 0.004 -22"><span class='ocrx_word' id='word_1_149' title='bbox 2073 1206 2564 1276; x_wconf 67' lang='lat' dir='ltr'><strong>prmdicamentum</strong></span> <span class='ocrx_word' id='word_1_150' title='bbox 2602 1209 2822 1277; x_wconf 83' lang='lat' dir='ltr'><strong>quando</strong></span> <span class='ocrx_word' id='word_1_151' title='bbox 2847 1225 3030 1265; x_wconf 91' lang='lat' dir='ltr'><strong>comes</strong></span> <span class='ocrx_word' id='word_1_152' title='bbox 3065 1211 3424 1282; x_wconf 80' lang='lat' dir='ltr'><strong>intelligatur,</strong></span> <span class='ocrx_word' id='word_1_153' title='bbox 3450 1212 3656 1267; x_wconf 85' lang='lat' dir='ltr'><strong>distan-</strong></span> 
     </span>
    </p>
   </div>
   <div class='ocr_carea' id='block_1_22' title="bbox 2071 1299 3651 1373">
    <p class='ocr_par' dir='ltr' id='par_1_22' title="bbox 2071 1299 3651 1373">
     <span class='ocr_line' id='line_1_22' title="bbox 2071 1299 3651 1373; baseline 0.006 -22"><span class='ocrx_word' id='word_1_154' title='bbox 2071 1299 2203 1352; x_wconf 84' lang='lat' dir='ltr'><strong>tiam</strong></span> <span class='ocrx_word' id='word_1_155' title='bbox 2257 1299 2518 1364; x_wconf 88' lang='lat' dir='ltr'><strong>admittit,</strong></span> <span class='ocrx_word' id='word_1_156' title='bbox 2555 1315 2652 1356; x_wconf 87' lang='lat' dir='ltr'><strong>seu</strong></span> <span class='ocrx_word' id='word_1_157' title='bbox 2693 1317 2782 1355; x_wconf 90' lang='lat' dir='ltr'><strong>res</strong></span> <span class='ocrx_word' id='word_1_158' title='bbox 2821 1303 3113 1372; x_wconf 86' lang='lat' dir='ltr'><strong>ejusmodi,</strong></span> <span class='ocrx_word' id='word_1_159' title='bbox 3151 1320 3273 1373; x_wconf 73' lang='lat' dir='ltr'><strong>quze</strong></span> <span class='ocrx_word' id='word_1_160' title='bbox 3318 1319 3439 1359; x_wconf 90' lang='lat' dir='ltr'><strong>esse</strong></span> <span class='ocrx_word' id='word_1_161' title='bbox 3475 1305 3651 1360; x_wconf 72' lang='lat' dir='ltr'><strong>inca:-</strong></span> 
     </span>
    </p>
   </div>
   <div class='ocr_carea' id='block_1_23' title="bbox 392 1375 3654 1468">
    <p class='ocr_par' dir='ltr' id='par_1_23' title="bbox 392 1375 3654 1468">
     <span class='ocr_line' id='line_1_23' title="bbox 392 1375 3654 1468; baseline 0.008 -42"><span class='ocrx_word' id='word_1_162' title='bbox 392 1375 557 1444; x_wconf 87' lang='lat' dir='ltr'><strong>perit.</strong></span> <span class='ocrx_word' id='word_1_163' title='bbox 589 1375 686 1468; x_wconf 74' lang='lat' dir='ltr'><strong>Sin</strong></span> <span class='ocrx_word' id='word_1_164' title='bbox 714 1383 899 1468; x_wconf 85' lang='lat' dir='ltr'><strong>autem</strong></span> <span class='ocrx_word' id='word_1_165' title='bbox 930 1395 1000 1434; x_wconf 91' lang='lat' dir='ltr'><strong>ne</strong></span> <span class='ocrx_word' id='word_1_166' title='bbox 1025 1390 1241 1452; x_wconf 86' lang='lat' dir='ltr'><strong>tempus</strong></span> <span class='ocrx_word' id='word_1_167' title='bbox 1271 1384 1496 1454; x_wconf 88' lang='lat' dir='ltr'><strong>quidem</strong></span> <span class='ocrx_word' id='word_1_168' title='bbox 1517 1399 1582 1439; x_wconf 90' lang='lat' dir='ltr'><strong>ac</strong></span> <span class='ocrx_word' id='word_1_169' title='bbox 1617 1402 1793 1441; x_wconf 69' lang='lat' dir='ltr'><strong>aevum</strong></span> <span class='ocrx_word' id='word_1_170' title='bbox 1825 1389 2098 1461; x_wconf 90' lang='lat' dir='ltr'><strong>principio</strong></span> <span class='ocrx_word' id='word_1_171' title='bbox 2137 1403 2356 1460; x_wconf 85' lang='lat' dir='ltr'><strong>vacant,</strong></span> <span class='ocrx_word' id='word_1_172' title='bbox 2411 1396 2612 1466; x_wconf 85' lang='lat' dir='ltr'><strong>potiori</strong></span> <span class='ocrx_word' id='word_1_173' title='bbox 2679 1399 2839 1468; x_wconf 79' lang='lat' dir='ltr'><strong>longe</strong></span> <span class='ocrx_word' id='word_1_174' title='bbox 2909 1399 3120 1453; x_wconf 85' lang='lat' dir='ltr'><strong>ratione</strong></span> <span class='ocrx_word' id='word_1_175' title='bbox 3158 1413 3261 1453; x_wconf 89' lang='lat' dir='ltr'><strong>nec</strong></span> <span class='ocrx_word' id='word_1_176' title='bbox 3285 1413 3348 1453; x_wconf 91' lang='lat' dir='ltr'><strong>ea</strong></span> <span class='ocrx_word' id='word_1_177' title='bbox 3402 1398 3654 1468; x_wconf 66' lang='lat' dir='ltr'><strong>quasillis</strong></span> 
     </span>
    </p>
   </div>
   <div class='ocr_carea' id='block_1_24' title="bbox 393 1465 960 1532">
    <p class='ocr_par' dir='ltr' id='par_1_24' title="bbox 393 1465 960 1532">
     <span class='ocr_line' id='line_1_24' title="bbox 393 1465 960 1532; baseline 0.009 -16"><span class='ocrx_word' id='word_1_178' title='bbox 393 1465 960 1532; x_wconf 86' lang='lat' dir='ltr'><strong>comprehenduntur.</strong></span> 
     </span>
    </p>
   </div>
   <div class='ocr_carea' id='block_1_25' title="bbox 463 1553 1963 1641">
    <p class='ocr_par' dir='ltr' id='par_1_25' title="bbox 463 1553 1963 1641">
     <span class='ocr_line' id='line_1_25' title="bbox 463 1553 1963 1641; baseline 0.011 -32"><span class='ocrx_word' id='word_1_179' title='bbox 463 1561 538 1621; x_wconf 84' lang='grc' dir='ltr'>ς’.</span> <span class='ocrx_word' id='word_1_180' title='bbox 575 1553 671 1622; x_wconf 76' lang='grc' dir='ltr'>Εἷς</span> <span class='ocrx_word' id='word_1_181' title='bbox 716 1560 810 1612; x_wconf 72' lang='grc' dir='ltr'>καὶ</span> <span class='ocrx_word' id='word_1_182' title='bbox 853 1561 1013 1631; x_wconf 85' lang='grc' dir='ltr'>μόνος</span> <span class='ocrx_word' id='word_1_183' title='bbox 1042 1564 1184 1618; x_wconf 75' lang='grc' dir='ltr'>κατὰ</span> <span class='ocrx_word' id='word_1_184' title='bbox 1213 1564 1374 1634; x_wconf 83' lang='grc' dir='ltr'>φύσιν</span> <span class='ocrx_word' id='word_1_185' title='bbox 1405 1569 1490 1621; x_wconf 74' lang='grc' dir='ltr'><strong>ἀεὶ</strong></span> <span class='ocrx_word' id='word_1_186' title='bbox 1520 1570 1727 1641; x_wconf 97' lang='grc' dir='ltr'>κυρίως</span> <span class='ocrx_word' id='word_1_187' title='bbox 1763 1573 1908 1626; x_wconf 70' lang='grc' dir='ltr'>ἐστὶν</span> <span class='ocrx_word' id='word_1_188' title='bbox 1934 1574 1963 1625; x_wconf 85' lang='grc' dir='ltr'>ό</span> 
     </span>
    </p>
   </div>
   <div class='ocr_carea' id='block_1_26' title="bbox 391 1646 1961 1732">
    <p class='ocr_par' dir='ltr' id='par_1_26' title="bbox 391 1646 1961 1732">
     <span class='ocr_line' id='line_1_26' title="bbox 391 1646 1961 1732; baseline 0.01 -32"><span class='ocrx_word' id='word_1_189' title='bbox 391 1646 542 1711; x_wconf 81' lang='grc' dir='ltr'>Θεὸς,</span> <span class='ocrx_word' id='word_1_190' title='bbox 572 1648 692 1702; x_wconf 81' lang='grc' dir='ltr'>ὅλον</span> <span class='ocrx_word' id='word_1_191' title='bbox 717 1650 780 1704; x_wconf 82' lang='grc' dir='ltr'>τὸ</span> <span class='ocrx_word' id='word_1_192' title='bbox 809 1654 1012 1722; x_wconf 80' lang='grc' dir='ltr'><strong>κυρίως</strong></span> <span class='ocrx_word' id='word_1_193' title='bbox 1043 1651 1181 1710; x_wconf 83' lang='grc' dir='ltr'>εἴναι</span> <span class='ocrx_word' id='word_1_194' title='bbox 1207 1659 1347 1711; x_wconf 77' lang='grc' dir='ltr'>κατὰ</span> <span class='ocrx_word' id='word_1_195' title='bbox 1382 1661 1558 1712; x_wconf 82' lang='grc' dir='ltr'>πάντα</span> <span class='ocrx_word' id='word_1_196' title='bbox 1600 1662 1800 1732; x_wconf 82' lang='grc' dir='ltr'>τρόπον</span> <span class='ocrx_word' id='word_1_197' title='bbox 1831 1664 1961 1717; x_wconf 82' lang='grc' dir='ltr'>ἑαυ-</span> 
     </span>
    </p>
   </div>
   <div class='ocr_carea' id='block_1_27' title="bbox 389 1739 1962 1826">
    <p class='ocr_par' dir='ltr' id='par_1_27' title="bbox 389 1739 1962 1826">
     <span class='ocr_line' id='line_1_27' title="bbox 389 1739 1962 1826; baseline 0.011 -35"><span class='ocrx_word' id='word_1_198' title='bbox 389 1739 468 1810; x_wconf 86' lang='grc' dir='ltr'>τῷ</span> <span class='ocrx_word' id='word_1_199' title='bbox 503 1741 846 1811; x_wconf 83' lang='grc' dir='ltr'>περικλείων,</span> <span class='ocrx_word' id='word_1_200' title='bbox 873 1744 950 1806; x_wconf 85' lang='grc' dir='ltr'>ὡς</span> <span class='ocrx_word' id='word_1_201' title='bbox 981 1747 1074 1799; x_wconf 80' lang='grc' dir='ltr'>καὶ</span> <span class='ocrx_word' id='word_1_202' title='bbox 1100 1748 1262 1801; x_wconf 88' lang='grc' dir='ltr'>αὑτοῦ</span> <span class='ocrx_word' id='word_1_203' title='bbox 1281 1749 1371 1802; x_wconf 87' lang='grc' dir='ltr'><strong>τοῦ</strong></span> <span class='ocrx_word' id='word_1_204' title='bbox 1401 1747 1537 1804; x_wconf 77' lang='grc' dir='ltr'>εἶναι</span> <span class='ocrx_word' id='word_1_205' title='bbox 1561 1753 1765 1822; x_wconf 78' lang='grc' dir='ltr'><strong>κυρίως</strong></span> <span class='ocrx_word' id='word_1_206' title='bbox 1793 1755 1962 1826; x_wconf 81' lang='grc' dir='ltr'>ὑπέρ-</span> 
     </span>
    </p>
   </div>
   <div class='ocr_carea' id='block_1_28' title="bbox 389 1833 1962 1915">
    <p class='ocr_par' dir='ltr' id='par_1_28' title="bbox 389 1833 1962 1915">
     <span class='ocr_line' id='line_1_28' title="bbox 389 1833 1962 1915; baseline 0.011 -33"><span class='ocrx_word' id='word_1_207' title='bbox 389 1847 568 1914; x_wconf 76' lang='grc' dir='ltr'>τερος.</span> <span class='ocrx_word' id='word_1_208' title='bbox 620 1834 682 1886; x_wconf 77' lang='lat' dir='ltr'><strong>Et</strong></span> <span class='ocrx_word' id='word_1_209' title='bbox 712 1833 768 1887; x_wconf 87' lang='grc' dir='ltr'>δὲ</span> <span class='ocrx_word' id='word_1_210' title='bbox 801 1835 974 1898; x_wconf 77' lang='grc' dir='ltr'>τοῦτο,</span> <span class='ocrx_word' id='word_1_211' title='bbox 1008 1838 1262 1908; x_wconf 84' lang='grc' dir='ltr'>οὐδαμῶς</span> <span class='ocrx_word' id='word_1_212' title='bbox 1289 1841 1438 1894; x_wconf 80' lang='grc' dir='ltr'>οὐδὲν</span> <span class='ocrx_word' id='word_1_213' title='bbox 1471 1843 1708 1913; x_wconf 80' lang='grc' dir='ltr'><strong>οὐδαμοῦ</strong></span> <span class='ocrx_word' id='word_1_214' title='bbox 1743 1845 1818 1915; x_wconf 88' lang='lat' dir='ltr'><strong>(a)</strong></span> <span class='ocrx_word' id='word_1_215' title='bbox 1854 1847 1962 1900; x_wconf 87' lang='grc' dir='ltr'><strong>τῶν</strong></span> 
     </span>
    </p>
   </div>
   <div class='ocr_carea' id='block_1_29' title="bbox 390 1919 1962 2005">
    <p class='ocr_par' dir='ltr' id='par_1_29' title="bbox 390 1919 1962 2005">
     <span class='ocr_line' id='line_1_29' title="bbox 390 1919 1962 2005; baseline 0.011 -32"><span class='ocrx_word' id='word_1_216' title='bbox 390 1919 532 1976; x_wconf 79' lang='grc' dir='ltr'>εἶναι</span> <span class='ocrx_word' id='word_1_217' title='bbox 560 1924 867 1994; x_wconf 80' lang='grc' dir='ltr'>λεγομένων</span> <span class='ocrx_word' id='word_1_218' title='bbox 911 1927 972 1979; x_wconf 86' lang='grc' dir='ltr'>τὸ</span> <span class='ocrx_word' id='word_1_219' title='bbox 1028 1927 1244 1982; x_wconf 77' lang='grc' dir='ltr'>σύνολον</span> <span class='ocrx_word' id='word_1_220' title='bbox 1278 1931 1390 2000; x_wconf 79' lang='grc' dir='ltr'>ἔχει</span> <span class='ocrx_word' id='word_1_221' title='bbox 1442 1932 1524 1998; x_wconf 79' lang='grc' dir='ltr'>τὸ,</span> <span class='ocrx_word' id='word_1_222' title='bbox 1560 1937 1766 2005; x_wconf 86' lang='grc' dir='ltr'>κυρίως</span> <span class='ocrx_word' id='word_1_223' title='bbox 1803 1932 1962 1990; x_wconf 74' lang='grc' dir='ltr'>εἶναι.</span> 
     </span>
    </p>
   </div>
   <div class='ocr_carea' id='block_1_30' title="bbox 392 2013 1965 2096">
    <p class='ocr_par' dir='ltr' id='par_1_30' title="bbox 392 2013 1965 2096">
     <span class='ocr_line' id='line_1_30' title="bbox 392 2013 1965 2096; baseline 0.01 -33"><span class='ocrx_word' id='word_1_224' title='bbox 392 2013 602 2065; x_wconf 80' lang='grc' dir='ltr'>Οὐκοῦν</span> <span class='ocrx_word' id='word_1_225' title='bbox 627 2015 782 2067; x_wconf 77' lang='grc' dir='ltr'>οὐδὲν</span> <span class='ocrx_word' id='word_1_226' title='bbox 805 2015 953 2086; x_wconf 83' lang='grc' dir='ltr'><strong>αὑτῷ</strong></span> <span class='ocrx_word' id='word_1_227' title='bbox 975 2016 1036 2069; x_wconf 77' lang='grc' dir='ltr'>τὸ</span> <span class='ocrx_word' id='word_1_228' title='bbox 1067 2019 1328 2088; x_wconf 86' lang='grc' dir='ltr'>παράπαν</span> <span class='ocrx_word' id='word_1_229' title='bbox 1355 2019 1413 2084; x_wconf 79' lang='grc' dir='ltr'>ἐξ</span> <span class='ocrx_word' id='word_1_230' title='bbox 1445 2023 1615 2075; x_wconf 78' lang='grc' dir='ltr'>ἀϊδίου</span> <span class='ocrx_word' id='word_1_231' title='bbox 1643 2024 1965 2096; x_wconf 76' lang='grc' dir='ltr'>συνθεωρεῖ-</span> 
     </span>
    </p>
   </div>
   <div class='ocr_carea' id='block_1_31' title="bbox 390 2107 1967 2186">
    <p class='ocr_par' dir='ltr' id='par_1_31' title="bbox 390 2107 1967 2186">
     <span class='ocr_line' id='line_1_31' title="bbox 390 2107 1967 2186; baseline 0.009 -30"><span class='ocrx_word' id='word_1_232' title='bbox 390 2121 481 2156; x_wconf 87' lang='grc' dir='ltr'><strong>ται</strong></span> <span class='ocrx_word' id='word_1_233' title='bbox 514 2107 636 2158; x_wconf 84' lang='grc' dir='ltr'>κατ’</span> <span class='ocrx_word' id='word_1_234' title='bbox 663 2107 852 2160; x_wconf 84' lang='grc' dir='ltr'>οὑσίαν</span> <span class='ocrx_word' id='word_1_235' title='bbox 881 2110 1160 2178; x_wconf 76' lang='grc' dir='ltr'>διάφορον·</span> <span class='ocrx_word' id='word_1_236' title='bbox 1196 2112 1295 2164; x_wconf 78' lang='grc' dir='ltr'><strong>οὑκ</strong></span> <span class='ocrx_word' id='word_1_237' title='bbox 1324 2111 1477 2176; x_wconf 81' lang='grc' dir='ltr'>αἰὼν,</span> <span class='ocrx_word' id='word_1_238' title='bbox 1514 2115 1574 2166; x_wconf 90' lang='grc' dir='ltr'><strong>οὑ</strong></span> <span class='ocrx_word' id='word_1_239' title='bbox 1606 2116 1816 2186; x_wconf 85' lang='grc' dir='ltr'>χρόνος,</span> <span class='ocrx_word' id='word_1_240' title='bbox 1847 2117 1967 2170; x_wconf 87' lang='grc' dir='ltr'>οὑδέ</span> 
     </span>
    </p>
   </div>
   <div class='ocr_carea' id='block_1_32' title="bbox 393 2198 1968 2277">
    <p class='ocr_par' dir='ltr' id='par_1_32' title="bbox 393 2198 1968 2277">
     <span class='ocr_line' id='line_1_32' title="bbox 393 2198 1968 2277; baseline 0.008 -29"><span class='ocrx_word' id='word_1_241' title='bbox 393 2213 443 2248; x_wconf 84' lang='grc' dir='ltr'><strong>τι</strong></span> <span class='ocrx_word' id='word_1_242' title='bbox 480 2198 588 2249; x_wconf 88' lang='grc' dir='ltr'><strong>τῶν</strong></span> <span class='ocrx_word' id='word_1_243' title='bbox 627 2198 840 2263; x_wconf 81' lang='grc' dir='ltr'>τούτοις</span> <span class='ocrx_word' id='word_1_244' title='bbox 883 2201 1335 2272; x_wconf 85' lang='grc' dir='ltr'>ὲνδιαιτωμένων.</span> <span class='ocrx_word' id='word_1_245' title='bbox 1370 2205 1444 2257; x_wconf 89' lang='grc' dir='ltr'>Οὑ</span> <span class='ocrx_word' id='word_1_246' title='bbox 1495 2204 1604 2276; x_wconf 76' lang='grc' dir='ltr'>γὰρ</span> <span class='ocrx_word' id='word_1_247' title='bbox 1639 2207 1968 2277; x_wconf 76' lang='grc' dir='ltr'>συμϐαίνου-</span> 
     </span>
    </p>
   </div>
   <div class='ocr_carea' id='block_1_33' title="bbox 394 2291 1967 2367">
    <p class='ocr_par' dir='ltr' id='par_1_33' title="bbox 394 2291 1967 2367">
     <span class='ocr_line' id='line_1_33' title="bbox 394 2291 1967 2367; baseline 0.006 -23"><span class='ocrx_word' id='word_1_248' title='bbox 394 2309 478 2344; x_wconf 85' lang='grc' dir='ltr'>σιν</span> <span class='ocrx_word' id='word_1_249' title='bbox 530 2291 782 2363; x_wconf 85' lang='grc' dir='ltr'>ἀλλήλοις</span> <span class='ocrx_word' id='word_1_250' title='bbox 831 2293 1072 2359; x_wconf 81' lang='grc' dir='ltr'>πώποτε,</span> <span class='ocrx_word' id='word_1_251' title='bbox 1107 2295 1168 2349; x_wconf 87' lang='grc' dir='ltr'>τὸ</span> <span class='ocrx_word' id='word_1_252' title='bbox 1219 2295 1424 2367; x_wconf 80' lang='grc' dir='ltr'>κυρίως</span> <span class='ocrx_word' id='word_1_253' title='bbox 1471 2292 1613 2350; x_wconf 74' lang='grc' dir='ltr'>εἶναι</span> <span class='ocrx_word' id='word_1_254' title='bbox 1657 2299 1750 2354; x_wconf 76' lang='grc' dir='ltr'>καὶ</span> <span class='ocrx_word' id='word_1_255' title='bbox 1776 2300 1835 2352; x_wconf 88' lang='grc' dir='ltr'><strong>οὑ</strong></span> <span class='ocrx_word' id='word_1_256' title='bbox 1867 2317 1967 2354; x_wconf 90' lang='grc' dir='ltr'>κυ-</span> 
     </span>
    </p>
   </div>
   <div class='ocr_carea' id='block_1_34' title="bbox 395 2382 546 2454">
    <p class='ocr_par' dir='ltr' id='par_1_34' title="bbox 395 2382 546 2454">
     <span class='ocr_line' id='line_1_34' title="bbox 395 2382 546 2454; baseline 0.026 -19"><span class='ocrx_word' id='word_1_257' title='bbox 395 2382 546 2454; x_wconf 84' lang='grc' dir='ltr'>ρίως.</span> 
     </span>
    </p>
   </div>
   <div class='ocr_carea' id='block_1_35' title="bbox 463 2649 2018 2722">
    <p class='ocr_par' dir='ltr' id='par_1_35' title="bbox 463 2649 2018 2722">
     <span class='ocr_line' id='line_1_35' title="bbox 463 2649 2018 2722; baseline -0.001 -17"><span class='ocrx_word' id='word_1_258' title='bbox 463 2649 529 2716; x_wconf 78' lang='grc' dir='ltr'><strong>ζ’.</strong></span> <span class='ocrx_word' id='word_1_259' title='bbox 579 2650 748 2721; x_wconf 78' lang='grc' dir='ltr'>Ἀρχὴ</span> <span class='ocrx_word' id='word_1_260' title='bbox 777 2651 926 2703; x_wconf 81' lang='grc' dir='ltr'>πᾶσα</span> <span class='ocrx_word' id='word_1_261' title='bbox 967 2651 1060 2703; x_wconf 73' lang='grc' dir='ltr'><strong>καὶ</strong></span> <span class='ocrx_word' id='word_1_262' title='bbox 1101 2651 1336 2722; x_wconf 82' lang='grc' dir='ltr'><strong>μεσότης</strong></span> <span class='ocrx_word' id='word_1_263' title='bbox 1364 2652 1458 2706; x_wconf 72' lang='grc' dir='ltr'>καὶ</span> <span class='ocrx_word' id='word_1_264' title='bbox 1503 2652 1675 2716; x_wconf 82' lang='grc' dir='ltr'>τέλος,</span> <span class='ocrx_word' id='word_1_265' title='bbox 1710 2653 1791 2714; x_wconf 79' lang='grc' dir='ltr'><strong>είς</strong></span> <span class='ocrx_word' id='word_1_266' title='bbox 1821 2652 1966 2706; x_wconf 76' lang='grc' dir='ltr'>ἅπαν</span> <span class='ocrx_word' id='word_1_267' title='bbox 2013 2664 2018 2668; x_wconf 84' lang='grc'><strong>·</strong></span> 
     </span>
    </p>
   </div>
   <div class='ocr_carea' id='block_1_36' title="bbox 392 2743 1966 2815">
    <p class='ocr_par' dir='ltr' id='par_1_36' title="bbox 392 2743 1966 2815">
     <span class='ocr_line' id='line_1_36' title="bbox 392 2743 1966 2815; baseline -0.002 -18"><span class='ocrx_word' id='word_1_268' title='bbox 392 2744 493 2815; x_wconf 81' lang='grc' dir='ltr'>τὴν</span> <span class='ocrx_word' id='word_1_269' title='bbox 524 2744 777 2812; x_wconf 77' lang='grc' dir='ltr'>σχετικὴν</span> <span class='ocrx_word' id='word_1_270' title='bbox 799 2743 864 2795; x_wconf 82' lang='grc' dir='ltr'><strong>δι’</strong></span> <span class='ocrx_word' id='word_1_271' title='bbox 900 2743 1020 2796; x_wconf 83' lang='grc' dir='ltr'>ὅλου</span> <span class='ocrx_word' id='word_1_272' title='bbox 1054 2744 1394 2814; x_wconf 77' lang='grc' dir='ltr'>κατηγορίαν</span> <span class='ocrx_word' id='word_1_273' title='bbox 1420 2745 1520 2797; x_wconf 89' lang='grc' dir='ltr'><strong>οὑκ</strong></span> <span class='ocrx_word' id='word_1_274' title='bbox 1542 2745 1796 2814; x_wconf 75' lang='grc' dir='ltr'>ἤρνηται·</span> <span class='ocrx_word' id='word_1_275' title='bbox 1834 2744 1966 2805; x_wconf 78' lang='grc' dir='ltr'>Θεὸς</span> 
     </span>
    </p>
   </div>
   <div class='ocr_carea' id='block_1_37' title="bbox 392 2836 1968 2908">
    <p class='ocr_par' dir='ltr' id='par_1_37' title="bbox 392 2836 1968 2908">
     <span class='ocr_line' id='line_1_37' title="bbox 392 2836 1968 2908; baseline -0.001 -19"><span class='ocrx_word' id='word_1_276' title='bbox 392 2836 448 2891; x_wconf 77' lang='grc' dir='ltr'>δὲ</span> <span class='ocrx_word' id='word_1_277' title='bbox 479 2837 708 2889; x_wconf 78' lang='grc' dir='ltr'>καθόλου</span> <span class='ocrx_word' id='word_1_278' title='bbox 738 2836 920 2906; x_wconf 80' lang='grc' dir='ltr'>πάσης</span> <span class='ocrx_word' id='word_1_279' title='bbox 947 2837 1182 2905; x_wconf 85' lang='grc' dir='ltr'>σχέσεως</span> <span class='ocrx_word' id='word_1_280' title='bbox 1210 2837 1474 2908; x_wconf 83' lang='grc' dir='ltr'>ὑπάρχων</span> <span class='ocrx_word' id='word_1_281' title='bbox 1503 2837 1793 2907; x_wconf 82' lang='grc' dir='ltr'>ἀπειράκις</span> <span class='ocrx_word' id='word_1_282' title='bbox 1813 2836 1968 2889; x_wconf 86' lang='grc' dir='ltr'>ἀπεί-</span> 
     </span>
    </p>
   </div>
   <div class='ocr_carea' id='block_1_38' title="bbox 397 2925 1965 2998">
    <p class='ocr_par' dir='ltr' id='par_1_38' title="bbox 397 2925 1965 2998">
     <span class='ocr_line' id='line_1_38' title="bbox 397 2925 1965 2998; baseline 0.001 -19"><span class='ocrx_word' id='word_1_283' title='bbox 397 2944 503 2997; x_wconf 82' lang='grc' dir='ltr'><strong>ρως</strong></span> <span class='ocrx_word' id='word_1_284' title='bbox 531 2925 820 2997; x_wconf 81' lang='grc' dir='ltr'>ἀνώτερος,</span> <span class='ocrx_word' id='word_1_285' title='bbox 862 2926 984 2980; x_wconf 75' lang='grc' dir='ltr'>οὔτε</span> <span class='ocrx_word' id='word_1_286' title='bbox 1033 2928 1176 2998; x_wconf 84' lang='grc' dir='ltr'>ἀρχὴ</span> <span class='ocrx_word' id='word_1_287' title='bbox 1218 2927 1339 2980; x_wconf 85' lang='grc' dir='ltr'>οὑτε</span> <span class='ocrx_word' id='word_1_288' title='bbox 1385 2929 1616 2997; x_wconf 85' lang='grc' dir='ltr'><strong>μεσότης</strong></span> <span class='ocrx_word' id='word_1_289' title='bbox 1659 2927 1779 2981; x_wconf 72' lang='grc' dir='ltr'>οὔτε</span> <span class='ocrx_word' id='word_1_290' title='bbox 1813 2928 1965 2992; x_wconf 88' lang='grc' dir='ltr'>τέλος</span> 
     </span>
    </p>
   </div>
   <div class='ocr_carea' id='block_1_39' title="bbox 391 3014 1966 3088">
    <p class='ocr_par' dir='ltr' id='par_1_39' title="bbox 391 3014 1966 3088">
     <span class='ocr_line' id='line_1_39' title="bbox 391 3014 1966 3088; baseline 0.001 -20"><span class='ocrx_word' id='word_1_291' title='bbox 391 3017 614 3078; x_wconf 72' lang='grc' dir='ltr'>εἰκότως</span> <span class='ocrx_word' id='word_1_292' title='bbox 647 3017 794 3068; x_wconf 76' lang='grc' dir='ltr'>ἐστίν</span> <span class='ocrx_word' id='word_1_293' title='bbox 816 3032 830 3046; x_wconf 90' lang='grc'><strong>·</strong></span> <span class='ocrx_word' id='word_1_294' title='bbox 859 3015 978 3068; x_wconf 86' lang='grc' dir='ltr'>οὑδέ</span> <span class='ocrx_word' id='word_1_295' title='bbox 1015 3033 1067 3068; x_wconf 88' lang='grc' dir='ltr'><strong>τι</strong></span> <span class='ocrx_word' id='word_1_296' title='bbox 1121 3017 1181 3068; x_wconf 84' lang='grc' dir='ltr'>τὸ</span> <span class='ocrx_word' id='word_1_297' title='bbox 1220 3017 1439 3069; x_wconf 84' lang='grc' dir='ltr'>σύνολον</span> <span class='ocrx_word' id='word_1_298' title='bbox 1474 3018 1679 3088; x_wconf 76' lang='grc' dir='ltr'>ἕτερον,</span> <span class='ocrx_word' id='word_1_299' title='bbox 1710 3019 1839 3083; x_wconf 89' lang='grc' dir='ltr'>τῶν,</span> <span class='ocrx_word' id='word_1_300' title='bbox 1885 3014 1966 3081; x_wconf 71' lang='grc' dir='ltr'><strong>οἷς</strong></span> 
     </span>
    </p>
   </div>
   <div class='ocr_carea' id='block_1_40' title="bbox 392 3104 1962 3176">
    <p class='ocr_par' dir='ltr' id='par_1_40' title="bbox 392 3104 1962 3176">
     <span class='ocr_line' id='line_1_40' title="bbox 392 3104 1962 3176; baseline 0.003 -20"><span class='ocrx_word' id='word_1_301' title='bbox 392 3105 777 3174; x_wconf 80' lang='grc' dir='ltr'>ὲνΘεωρεῖσθαι</span> <span class='ocrx_word' id='word_1_302' title='bbox 811 3105 952 3158; x_wconf 84' lang='grc' dir='ltr'>κατὰ</span> <span class='ocrx_word' id='word_1_303' title='bbox 996 3104 1095 3174; x_wconf 80' lang='grc' dir='ltr'>τὴν</span> <span class='ocrx_word' id='word_1_304' title='bbox 1133 3107 1317 3176; x_wconf 82' lang='grc' dir='ltr'>σχέσιν</span> <span class='ocrx_word' id='word_1_305' title='bbox 1349 3107 1381 3176; x_wconf 80' lang='grc' dir='ltr'>ἡ</span> <span class='ocrx_word' id='word_1_306' title='bbox 1409 3105 1502 3159; x_wconf 84' lang='grc' dir='ltr'><strong>τοῦ</strong></span> <span class='ocrx_word' id='word_1_307' title='bbox 1536 3109 1684 3174; x_wconf 84' lang='grc' dir='ltr'>πρός</span> <span class='ocrx_word' id='word_1_308' title='bbox 1722 3123 1776 3160; x_wconf 87' lang='grc' dir='ltr'><strong>τι</strong></span> <span class='ocrx_word' id='word_1_309' title='bbox 1802 3106 1962 3160; x_wconf 86' lang='grc' dir='ltr'>δὺνα-</span> 
     </span>
    </p>
   </div>
   <div class='ocr_carea' id='block_1_41' title="bbox 389 3197 832 3268">
    <p class='ocr_par' dir='ltr' id='par_1_41' title="bbox 389 3197 832 3268">
     <span class='ocr_line' id='line_1_41' title="bbox 389 3197 832 3268; baseline 0.011 -19"><span class='ocrx_word' id='word_1_310' title='bbox 389 3213 480 3249; x_wconf 88' lang='grc' dir='ltr'><strong>ται</strong></span> <span class='ocrx_word' id='word_1_311' title='bbox 509 3197 832 3268; x_wconf 77' lang='grc' dir='ltr'>κατηγορία.</span> 
     </span>
    </p>
   </div>
   <div class='ocr_carea' id='block_1_42' title="bbox 464 3488 1962 3562">
    <p class='ocr_par' dir='ltr' id='par_1_42' title="bbox 464 3488 1962 3562">
     <span class='ocr_line' id='line_1_42' title="bbox 464 3488 1962 3562; baseline -0.006 -13"><span class='ocrx_word' id='word_1_312' title='bbox 464 3501 532 3562; x_wconf 83' lang='grc' dir='ltr'>η’.</span> <span class='ocrx_word' id='word_1_313' title='bbox 570 3494 756 3547; x_wconf 81' lang='grc' dir='ltr'>Πάντα</span> <span class='ocrx_word' id='word_1_314' title='bbox 805 3493 870 3546; x_wconf 75' lang='grc' dir='ltr'><strong>τὰ</strong></span> <span class='ocrx_word' id='word_1_315' title='bbox 907 3493 1056 3557; x_wconf 75' lang='grc' dir='ltr'>ὅντα,</span> <span class='ocrx_word' id='word_1_316' title='bbox 1093 3493 1361 3562; x_wconf 83' lang='grc' dir='ltr'>νοούμενα</span> <span class='ocrx_word' id='word_1_317' title='bbox 1413 3491 1671 3559; x_wconf 76' lang='grc' dir='ltr'>λέγεταιο</span> <span class='ocrx_word' id='word_1_318' title='bbox 1725 3489 1833 3542; x_wconf 82' lang='grc' dir='ltr'><strong>τῶν</strong></span> <span class='ocrx_word' id='word_1_319' title='bbox 1873 3488 1962 3540; x_wconf 78' lang='grc' dir='ltr'><strong>ἐπ’</strong></span> 
     </span>
    </p>
   </div>
   <div class='ocr_carea' id='block_1_43' title="bbox 393 3581 2001 3653">
    <p class='ocr_par' dir='ltr' id='par_1_43' title="bbox 393 3581 2001 3653">
     <span class='ocr_line' id='line_1_43' title="bbox 393 3581 2001 3653; baseline -0.004 -14"><span class='ocrx_word' id='word_1_320' title='bbox 393 3585 536 3639; x_wconf 74' lang='grc' dir='ltr'>αὑτὰ</span> <span class='ocrx_word' id='word_1_321' title='bbox 571 3584 824 3653; x_wconf 86' lang='grc' dir='ltr'>γνὼσεων</span> <span class='ocrx_word' id='word_1_322' title='bbox 853 3583 1267 3645; x_wconf 84' lang='grc' dir='ltr'>ὲναποδείκτους</span> <span class='ocrx_word' id='word_1_323' title='bbox 1314 3583 1508 3652; x_wconf 83' lang='grc' dir='ltr'>ἔχοντα</span> <span class='ocrx_word' id='word_1_324' title='bbox 1558 3582 1661 3645; x_wconf 84' lang='grc' dir='ltr'><strong>τὰς</strong></span> <span class='ocrx_word' id='word_1_325' title='bbox 1704 3581 1898 3651; x_wconf 84' lang='grc' dir='ltr'>ἀρχάς·</span> <span class='ocrx_word' id='word_1_326' title='bbox 1935 3581 1963 3632; x_wconf 85' lang='grc' dir='ltr'>ὁ</span> <span class='ocrx_word' id='word_1_327' title='bbox 1997 3581 2001 3584; x_wconf 74' lang='grc'><strong>’</strong></span> 
     </span>
    </p>
   </div>
   <div class='ocr_carea' id='block_1_44' title="bbox 394 3671 1964 3743">
    <p class='ocr_par' dir='ltr' id='par_1_44' title="bbox 394 3671 1964 3743">
     <span class='ocr_line' id='line_1_44' title="bbox 394 3671 1964 3743; baseline -0.003 -16"><span class='ocrx_word' id='word_1_328' title='bbox 394 3675 449 3727; x_wconf 87' lang='grc' dir='ltr'>δὲ</span> <span class='ocrx_word' id='word_1_329' title='bbox 471 3675 624 3738; x_wconf 78' lang='grc' dir='ltr'>Θεὸς,</span> <span class='ocrx_word' id='word_1_330' title='bbox 655 3674 714 3727; x_wconf 88' lang='grc' dir='ltr'><strong>οὑ</strong></span> <span class='ocrx_word' id='word_1_331' title='bbox 747 3672 1036 3743; x_wconf 88' lang='grc' dir='ltr'>νοοὺμενος</span> <span class='ocrx_word' id='word_1_332' title='bbox 1065 3673 1414 3741; x_wconf 78' lang='grc' dir='ltr'>ὀνομάζεται·</span> <span class='ocrx_word' id='word_1_333' title='bbox 1452 3672 1565 3724; x_wconf 84' lang='grc' dir='ltr'>ἀλλ’</span> <span class='ocrx_word' id='word_1_334' title='bbox 1589 3672 1654 3724; x_wconf 83' lang='grc' dir='ltr'>ἐκ</span> <span class='ocrx_word' id='word_1_335' title='bbox 1682 3671 1790 3722; x_wconf 87' lang='grc' dir='ltr'><strong>τῶν</strong></span> <span class='ocrx_word' id='word_1_336' title='bbox 1812 3687 1964 3723; x_wconf 91' lang='grc' dir='ltr'>νοου-</span> 
     </span>
    </p>
   </div>
   <div class='ocr_carea' id='block_1_45' title="bbox 398 3745 1964 3836">
    <p class='ocr_par' dir='ltr' id='par_1_45' title="bbox 398 3745 1964 3836">
     <span class='ocr_line' id='line_1_45' title="bbox 398 3745 1964 3836; baseline -0.003 -18"><span class='ocrx_word' id='word_1_337' title='bbox 398 3766 577 3836; x_wconf 87' lang='grc' dir='ltr'>μένων</span> <span class='ocrx_word' id='word_1_338' title='bbox 637 3745 797 3836; x_wconf 74' lang='grc' dir='ltr'>μόνον</span> <span class='ocrx_word' id='word_1_339' title='bbox 839 3761 978 3818; x_wconf 75' lang='grc' dir='ltr'>εἶναι</span> <span class='ocrx_word' id='word_1_340' title='bbox 1035 3763 1382 3818; x_wconf 65' lang='grc' dir='ltr'>πιστεύεταυ</span> <span class='ocrx_word' id='word_1_341' title='bbox 1431 3763 1620 3833; x_wconf 79' lang='grc' dir='ltr'>διόπερ</span> <span class='ocrx_word' id='word_1_342' title='bbox 1663 3761 1815 3816; x_wconf 82' lang='grc' dir='ltr'>οὐδὲν</span> <span class='ocrx_word' id='word_1_343' title='bbox 1853 3760 1964 3815; x_wconf 85' lang='grc' dir='ltr'><strong>τῶν</strong></span> 
     </span>
    </p>
   </div>
   <div class='ocr_carea' id='block_1_46' title="bbox 393 3856 1718 3929">
    <p class='ocr_par' dir='ltr' id='par_1_46' title="bbox 393 3856 1718 3929">
     <span class='ocr_line' id='line_1_46' title="bbox 393 3856 1718 3929; baseline -0.004 -17"><span class='ocrx_word' id='word_1_344' title='bbox 393 3859 700 3929; x_wconf 83' lang='grc' dir='ltr'>νοουμένων</span> <span class='ocrx_word' id='word_1_345' title='bbox 737 3857 889 3929; x_wconf 85' lang='grc' dir='ltr'>αὑτῷ</span> <span class='ocrx_word' id='word_1_346' title='bbox 920 3856 1042 3912; x_wconf 74' lang='grc' dir='ltr'>καθ’</span> <span class='ocrx_word' id='word_1_347' title='bbox 1074 3857 1253 3911; x_wconf 82' lang='grc' dir='ltr'>ὁτιοῦν</span> <span class='ocrx_word' id='word_1_348' title='bbox 1290 3856 1718 3929; x_wconf 78' lang='grc' dir='ltr'>παραϐάλλεται.</span> 
     </span>
    </p>
   </div>
   <div class='ocr_carea' id='block_1_47' title="bbox 465 4097 1963 4171">
    <p class='ocr_par' dir='ltr' id='par_1_47' title="bbox 465 4097 1963 4171">
     <span class='ocr_line' id='line_1_47' title="bbox 465 4097 1963 4171; baseline -0.004 -15"><span class='ocrx_word' id='word_1_349' title='bbox 465 4103 531 4156; x_wconf 81' lang='grc' dir='ltr'><strong>θ’.</strong></span> <span class='ocrx_word' id='word_1_350' title='bbox 550 4102 615 4154; x_wconf 82' lang='lat' dir='ltr'><strong>Al</strong></span> <span class='ocrx_word' id='word_1_351' title='bbox 649 4101 757 4155; x_wconf 84' lang='grc' dir='ltr'><strong>τῶν</strong></span> <span class='ocrx_word' id='word_1_352' title='bbox 785 4101 955 4155; x_wconf 74' lang='grc' dir='ltr'>ὄντων</span> <span class='ocrx_word' id='word_1_353' title='bbox 980 4099 1228 4170; x_wconf 82' lang='grc' dir='ltr'>γνώσεις,</span> <span class='ocrx_word' id='word_1_354' title='bbox 1260 4099 1697 4171; x_wconf 85' lang='grc' dir='ltr'>συνηρτημένους</span> <span class='ocrx_word' id='word_1_355' title='bbox 1717 4097 1963 4168; x_wconf 84' lang='grc' dir='ltr'>φυσικῶς</span> 
     </span>
    </p>
   </div>
   <div class='ocr_carea' id='block_1_48' title="bbox 395 4183 1962 4264">
    <p class='ocr_par' dir='ltr' id='par_1_48' title="bbox 395 4183 1962 4264">
     <span class='ocr_line' id='line_1_48' title="bbox 395 4183 1962 4264; baseline -0.004 -18"><span class='ocrx_word' id='word_1_356' title='bbox 395 4194 576 4264; x_wconf 77' lang='grc' dir='ltr'>έχουσι</span> <span class='ocrx_word' id='word_1_357' title='bbox 609 4193 747 4264; x_wconf 79' lang='grc' dir='ltr'>πρὸς</span> <span class='ocrx_word' id='word_1_358' title='bbox 781 4191 1059 4256; x_wconf 81' lang='grc' dir='ltr'>ἀπόδειξιν</span> <span class='ocrx_word' id='word_1_359' title='bbox 1083 4193 1209 4256; x_wconf 80' lang='grc' dir='ltr'>τοὺς</span> <span class='ocrx_word' id='word_1_360' title='bbox 1237 4192 1469 4254; x_wconf 85' lang='grc' dir='ltr'>οἰκείους</span> <span class='ocrx_word' id='word_1_361' title='bbox 1510 4191 1722 4258; x_wconf 87' lang='grc' dir='ltr'>λόγους,</span> <span class='ocrx_word' id='word_1_362' title='bbox 1753 4183 1834 4252; x_wconf 77' lang='grc' dir='ltr'>οἷς</span> <span class='ocrx_word' id='word_1_363' title='bbox 1863 4205 1962 4241; x_wconf 78' lang='grc' dir='ltr'>πε-</span> 
     </span>
    </p>
   </div>
   <div class='ocr_carea' id='block_1_49' title="bbox 396 4280 1962 4357">
    <p class='ocr_par' dir='ltr' id='par_1_49' title="bbox 396 4280 1962 4357">
     <span class='ocr_line' id='line_1_49' title="bbox 396 4280 1962 4357; baseline -0.004 -17"><span class='ocrx_word' id='word_1_364' title='bbox 396 4287 676 4357; x_wconf 75' lang='grc' dir='ltr'>ριγραφὴν</span> <span class='ocrx_word' id='word_1_365' title='bbox 712 4285 958 4354; x_wconf 85' lang='grc' dir='ltr'>φυσικῶς</span> <span class='ocrx_word' id='word_1_366' title='bbox 987 4286 1369 4356; x_wconf 88' lang='grc' dir='ltr'>ὑπομένουσιν·</span> <span class='ocrx_word' id='word_1_367' title='bbox 1400 4286 1426 4336; x_wconf 85' lang='grc' dir='ltr'>ὁ</span> <span class='ocrx_word' id='word_1_368' title='bbox 1455 4284 1510 4336; x_wconf 80' lang='grc' dir='ltr'>δὲ</span> <span class='ocrx_word' id='word_1_369' title='bbox 1539 4283 1692 4347; x_wconf 84' lang='grc' dir='ltr'>Θεὸς,</span> <span class='ocrx_word' id='word_1_370' title='bbox 1727 4282 1815 4335; x_wconf 78' lang='grc' dir='ltr'><strong>διὰ</strong></span> <span class='ocrx_word' id='word_1_371' title='bbox 1854 4280 1962 4334; x_wconf 87' lang='grc' dir='ltr'><strong>τῶν</strong></span> 
     </span>
    </p>
   </div>
   <div class='ocr_carea' id='block_1_50' title="bbox 394 4376 1964 4450">
    <p class='ocr_par' dir='ltr' id='par_1_50' title="bbox 394 4376 1964 4450">
     <span class='ocr_line' id='line_1_50' title="bbox 394 4376 1964 4450; baseline -0.004 -16"><span class='ocrx_word' id='word_1_372' title='bbox 394 4384 452 4434; x_wconf 82' lang='grc' dir='ltr'>ἐν</span> <span class='ocrx_word' id='word_1_373' title='bbox 477 4384 590 4445; x_wconf 85' lang='grc' dir='ltr'>τοῖς</span> <span class='ocrx_word' id='word_1_374' title='bbox 633 4377 754 4434; x_wconf 84' lang='grc' dir='ltr'>οὖσι</span> <span class='ocrx_word' id='word_1_375' title='bbox 785 4381 960 4450; x_wconf 91' lang='grc' dir='ltr'>λόγων</span> <span class='ocrx_word' id='word_1_376' title='bbox 1009 4377 1148 4434; x_wconf 85' lang='grc' dir='ltr'>εἷναι</span> <span class='ocrx_word' id='word_1_377' title='bbox 1197 4381 1356 4450; x_wconf 88' lang='grc' dir='ltr'>μόνον</span> <span class='ocrx_word' id='word_1_378' title='bbox 1399 4377 1732 4431; x_wconf 77' lang='grc' dir='ltr'>πιστεύεταιο</span> <span class='ocrx_word' id='word_1_379' title='bbox 1782 4376 1964 4445; x_wconf 81' lang='grc' dir='ltr'>πάσης</span> 
     </span>
    </p>
   </div>
   <div class='ocr_carea' id='block_1_51' title="bbox 395 4471 1962 4544">
    <p class='ocr_par' dir='ltr' id='par_1_51' title="bbox 395 4471 1962 4544">
     <span class='ocr_line' id='line_1_51' title="bbox 395 4471 1962 4544; baseline -0.003 -18"><span class='ocrx_word' id='word_1_380' title='bbox 395 4473 727 4537; x_wconf 81' lang='grc' dir='ltr'>ἀποδείξεως</span> <span class='ocrx_word' id='word_1_381' title='bbox 773 4472 1168 4544; x_wconf 84' lang='grc' dir='ltr'>βασιμώτερον,</span> <span class='ocrx_word' id='word_1_382' title='bbox 1205 4475 1315 4536; x_wconf 86' lang='grc' dir='ltr'>τοῖς</span> <span class='ocrx_word' id='word_1_383' title='bbox 1353 4471 1604 4524; x_wconf 78' lang='grc' dir='ltr'>εὐσεϐέσι</span> <span class='ocrx_word' id='word_1_384' title='bbox 1633 4471 1730 4541; x_wconf 78' lang='grc' dir='ltr'>τὴν</span> <span class='ocrx_word' id='word_1_385' title='bbox 1756 4471 1838 4523; x_wconf 86' lang='grc' dir='ltr'>ὅτι</span> <span class='ocrx_word' id='word_1_386' title='bbox 1865 4485 1962 4522; x_wconf 85' lang='grc' dir='ltr'>κυ-</span> 
     </span>
    </p>
   </div>
   <div class='ocr_carea' id='block_1_52' title="bbox 2138 1575 3650 1650">
    <p class='ocr_par' dir='ltr' id='par_1_52' title="bbox 2138 1575 3650 1650">
     <span class='ocr_line' id='line_1_52' title="bbox 2138 1575 3650 1650; baseline 0.005 -21"><span class='ocrx_word' id='word_1_387' title='bbox 2138 1575 2190 1629; x_wconf 85' lang='grc'>6.</span> <span class='ocrx_word' id='word_1_388' title='bbox 2261 1575 2414 1631; x_wconf 91' lang='lat' dir='ltr'><strong>Unus</strong></span> <span class='ocrx_word' id='word_1_389' title='bbox 2453 1578 2715 1650; x_wconf 88' lang='lat' dir='ltr'><strong>solusque</strong></span> <span class='ocrx_word' id='word_1_390' title='bbox 2763 1595 2862 1650; x_wconf 90' lang='lat' dir='ltr'><strong>per</strong></span> <span class='ocrx_word' id='word_1_391' title='bbox 2893 1589 3145 1635; x_wconf 86' lang='lat' dir='ltr'><strong>naturam</strong></span> <span class='ocrx_word' id='word_1_392' title='bbox 3183 1595 3400 1650; x_wconf 88' lang='lat' dir='ltr'><strong>semper</strong></span> <span class='ocrx_word' id='word_1_393' title='bbox 3429 1597 3557 1636; x_wconf 93' lang='lat' dir='ltr'><strong>vere</strong></span> <span class='ocrx_word' id='word_1_394' title='bbox 3587 1598 3650 1637; x_wconf 83' lang='lat' dir='ltr'><strong>ac</strong></span> 
     </span>
    </p>
   </div>
   <div class='ocr_carea' id='block_1_53' title="bbox 2067 1665 3646 1740">
    <p class='ocr_par' dir='ltr' id='par_1_53' title="bbox 2067 1665 3646 1740">
     <span class='ocr_line' id='line_1_53' title="bbox 2067 1665 3646 1740; baseline 0.005 -22"><span class='ocrx_word' id='word_1_395' title='bbox 2067 1665 2289 1735; x_wconf 87' lang='lat' dir='ltr'><strong>proprie</strong></span> <span class='ocrx_word' id='word_1_396' title='bbox 2339 1675 2425 1721; x_wconf 90' lang='lat' dir='ltr'><strong>est</strong></span> <span class='ocrx_word' id='word_1_397' title='bbox 2460 1669 2626 1733; x_wconf 87' lang='lat' dir='ltr'><strong>Deus,</strong></span> <span class='ocrx_word' id='word_1_398' title='bbox 2673 1670 2794 1739; x_wconf 91' lang='lat' dir='ltr'><strong>ejus</strong></span> <span class='ocrx_word' id='word_1_399' title='bbox 2846 1672 2992 1740; x_wconf 88' lang='lat' dir='ltr'><strong>quod</strong></span> <span class='ocrx_word' id='word_1_400' title='bbox 3019 1679 3104 1725; x_wconf 88' lang='lat' dir='ltr'><strong>est</strong></span> <span class='ocrx_word' id='word_1_401' title='bbox 3135 1685 3254 1725; x_wconf 89' lang='lat' dir='ltr'><strong>esse</strong></span> <span class='ocrx_word' id='word_1_402' title='bbox 3284 1671 3393 1724; x_wconf 88' lang='lat' dir='ltr'><strong>vim</strong></span> <span class='ocrx_word' id='word_1_403' title='bbox 3430 1687 3646 1726; x_wconf 87' lang='lat' dir='ltr'><strong>omnem</strong></span> 
     </span>
    </p>
   </div>
   <div class='ocr_carea' id='block_1_54' title="bbox 2067 1757 3646 1831">
    <p class='ocr_par' dir='ltr' id='par_1_54' title="bbox 2067 1757 3646 1831">
     <span class='ocr_line' id='line_1_54' title="bbox 2067 1757 3646 1831; baseline 0.005 -22"><span class='ocrx_word' id='word_1_404' title='bbox 2067 1757 2219 1810; x_wconf 91' lang='lat' dir='ltr'><strong>omni</strong></span> <span class='ocrx_word' id='word_1_405' title='bbox 2263 1758 2428 1813; x_wconf 92' lang='lat' dir='ltr'><strong>modo</strong></span> <span class='ocrx_word' id='word_1_406' title='bbox 2471 1759 2528 1813; x_wconf 91' lang='lat' dir='ltr'><strong>in</strong></span> <span class='ocrx_word' id='word_1_407' title='bbox 2563 1775 2622 1815; x_wconf 90' lang='lat' dir='ltr'><strong>se</strong></span> <span class='ocrx_word' id='word_1_408' title='bbox 2669 1762 3008 1816; x_wconf 89' lang='lat' dir='ltr'><strong>concludens</strong></span> <span class='ocrx_word' id='word_1_409' title='bbox 3051 1777 3114 1816; x_wconf 92' lang='lat' dir='ltr'><strong>ae</strong></span> <span class='ocrx_word' id='word_1_410' title='bbox 3153 1762 3646 1831; x_wconf 77' lang='lat' dir='ltr'><strong>comprehenderis,</strong></span> 
     </span>
    </p>
   </div>
   <div class='ocr_carea' id='block_1_55' title="bbox 1998 1850 3645 1947">
    <p class='ocr_par' dir='ltr' id='par_1_55' title="bbox 1998 1850 3645 1947">
     <span class='ocr_line' id='line_1_55' title="bbox 1998 1850 3645 1947; baseline 0.004 -46"><span class='ocrx_word' id='word_1_411' title='bbox 1998 1889 2041 1947; x_wconf 73' lang='grc' dir='ltr'><strong>Β</strong></span> <span class='ocrx_word' id='word_1_412' title='bbox 2068 1857 2129 1902; x_wconf 90' lang='lat' dir='ltr'><strong>ut</strong></span> <span class='ocrx_word' id='word_1_413' title='bbox 2169 1850 2262 1919; x_wconf 90' lang='lat' dir='ltr'><strong>qui</strong></span> <span class='ocrx_word' id='word_1_414' title='bbox 2311 1851 2430 1920; x_wconf 90' lang='lat' dir='ltr'><strong>ipso</strong></span> <span class='ocrx_word' id='word_1_415' title='bbox 2479 1867 2601 1907; x_wconf 90' lang='lat' dir='ltr'><strong>esse</strong></span> <span class='ocrx_word' id='word_1_416' title='bbox 2651 1869 2782 1908; x_wconf 85' lang='lat' dir='ltr'><strong>vere</strong></span> <span class='ocrx_word' id='word_1_417' title='bbox 2827 1855 3161 1924; x_wconf 87' lang='lat' dir='ltr'><strong>proprieque</strong></span> <span class='ocrx_word' id='word_1_418' title='bbox 3207 1855 3466 1909; x_wconf 89' lang='lat' dir='ltr'><strong>emineat.</strong></span> <span class='ocrx_word' id='word_1_419' title='bbox 3493 1855 3645 1920; x_wconf 85' lang='lat' dir='ltr'><strong>Quod</strong></span> 
     </span>
    </p>
   </div>
   <div class='ocr_carea' id='block_1_56' title="bbox 2069 1941 3648 2014">
    <p class='ocr_par' dir='ltr' id='par_1_56' title="bbox 2069 1941 3648 2014">
     <span class='ocr_line' id='line_1_56' title="bbox 2069 1941 3648 2014; baseline 0.003 -18"><span class='ocrx_word' id='word_1_420' title='bbox 2069 1941 2115 1996; x_wconf 90' lang='lat' dir='ltr'><strong>si</strong></span> <span class='ocrx_word' id='word_1_421' title='bbox 2165 1941 2239 1996; x_wconf 88' lang='lat' dir='ltr'><strong>ita</strong></span> <span class='ocrx_word' id='word_1_422' title='bbox 2291 1949 2395 2006; x_wconf 93' lang='lat' dir='ltr'><strong>est,</strong></span> <span class='ocrx_word' id='word_1_423' title='bbox 2449 1943 2590 1997; x_wconf 85' lang='lat' dir='ltr'><strong>nihil</strong></span> <span class='ocrx_word' id='word_1_424' title='bbox 2647 1961 2879 2014; x_wconf 88' lang='lat' dir='ltr'><strong>prorsus</strong></span> <span class='ocrx_word' id='word_1_425' title='bbox 2909 1955 3232 2012; x_wconf 91' lang='lat' dir='ltr'><strong>esteorum,</strong></span> <span class='ocrx_word' id='word_1_426' title='bbox 3272 1962 3393 2014; x_wconf 80' lang='lat' dir='ltr'><strong>quae</strong></span> <span class='ocrx_word' id='word_1_427' title='bbox 3423 1947 3648 2000; x_wconf 85' lang='lat' dir='ltr'><strong>omnino</strong></span> 
     </span>
    </p>
   </div>
   <div class='ocr_carea' id='block_1_57' title="bbox 2066 2033 3644 2106">
    <p class='ocr_par' dir='ltr' id='par_1_57' title="bbox 2066 2033 3644 2106">
     <span class='ocr_line' id='line_1_57' title="bbox 2066 2033 3644 2106; baseline 0.004 -20"><span class='ocrx_word' id='word_1_428' title='bbox 2066 2047 2187 2087; x_wconf 85' lang='lat' dir='ltr'><strong>esse</strong></span> <span class='ocrx_word' id='word_1_429' title='bbox 2234 2033 2513 2100; x_wconf 90' lang='lat' dir='ltr'><strong>dicuntur,</strong></span> <span class='ocrx_word' id='word_1_430' title='bbox 2566 2035 2713 2105; x_wconf 80' lang='lat' dir='ltr'><strong>quod</strong></span> <span class='ocrx_word' id='word_1_431' title='bbox 2743 2051 2872 2091; x_wconf 85' lang='lat' dir='ltr'><strong>vere</strong></span> <span class='ocrx_word' id='word_1_432' title='bbox 2921 2053 2984 2091; x_wconf 90' lang='lat' dir='ltr'><strong>ac</strong></span> <span class='ocrx_word' id='word_1_433' title='bbox 3025 2038 3247 2106; x_wconf 85' lang='lat' dir='ltr'><strong>proprie</strong></span> <span class='ocrx_word' id='word_1_434' title='bbox 3276 2053 3396 2091; x_wconf 90' lang='lat' dir='ltr'><strong>esse</strong></span> <span class='ocrx_word' id='word_1_435' title='bbox 3427 2039 3644 2094; x_wconf 84' lang='lat' dir='ltr'><strong>habeat.</strong></span> 
     </span>
    </p>
   </div>
   <div class='ocr_carea' id='block_1_58' title="bbox 2064 2120 3645 2193">
    <p class='ocr_par' dir='ltr' id='par_1_58' title="bbox 2064 2120 3645 2193">
     <span class='ocr_line' id='line_1_58' title="bbox 2064 2120 3645 2193; baseline 0.006 -20"><span class='ocrx_word' id='word_1_436' title='bbox 2064 2120 2211 2174; x_wconf 87' lang='lat' dir='ltr'><strong>Nihil</strong></span> <span class='ocrx_word' id='word_1_437' title='bbox 2252 2123 2434 2191; x_wconf 87' lang='lat' dir='ltr'><strong>itaque</strong></span> <span class='ocrx_word' id='word_1_438' title='bbox 2483 2125 2705 2193; x_wconf 90' lang='lat' dir='ltr'><strong>penitus</strong></span> <span class='ocrx_word' id='word_1_439' title='bbox 2747 2125 2816 2178; x_wconf 88' lang='lat' dir='ltr'><strong>ab</strong></span> <span class='ocrx_word' id='word_1_440' title='bbox 2858 2135 3087 2190; x_wconf 66' lang='lat' dir='ltr'><strong>aeterno,</strong></span> <span class='ocrx_word' id='word_1_441' title='bbox 3137 2127 3389 2181; x_wconf 70' lang='lat' dir='ltr'><strong>essentia:</strong></span> <span class='ocrx_word' id='word_1_442' title='bbox 3435 2129 3645 2182; x_wconf 88' lang='lat' dir='ltr'><strong>ratione</strong></span> 
     </span>
    </p>
   </div>
   <div class='ocr_carea' id='block_1_59' title="bbox 2067 2210 3646 2299">
    <p class='ocr_par' dir='ltr' id='par_1_59' title="bbox 2067 2210 3646 2299">
     <span class='ocr_line' id='line_1_59' title="bbox 2067 2210 3646 2299; baseline 0.004 -35"><span class='ocrx_word' id='word_1_443' title='bbox 2067 2210 2410 2276; x_wconf 91' lang='lat' dir='ltr'><strong>distinctum,</strong></span> <span class='ocrx_word' id='word_1_444' title='bbox 2464 2229 2572 2269; x_wconf 86' lang='lat' dir='ltr'><strong>una</strong></span> <span class='ocrx_word' id='word_1_445' title='bbox 2620 2231 2744 2299; x_wconf 69' lang='lat' dir='ltr'><strong>cum</strong></span> <span class='ocrx_word' id='word_1_446' title='bbox 2789 2216 2883 2269; x_wconf 93' lang='lat' dir='ltr'><strong>illo</strong></span> <span class='ocrx_word' id='word_1_447' title='bbox 2912 2232 2975 2270; x_wconf 87' lang='lat' dir='ltr'><strong>ac</strong></span> <span class='ocrx_word' id='word_1_448' title='bbox 3016 2217 3166 2271; x_wconf 88' lang='lat' dir='ltr'><strong>velut</strong></span> <span class='ocrx_word' id='word_1_449' title='bbox 3208 2217 3258 2272; x_wconf 91' lang='lat' dir='ltr'><strong>ei</strong></span> <span class='ocrx_word' id='word_1_450' title='bbox 3306 2218 3524 2272; x_wconf 85' lang='lat' dir='ltr'><strong>essendi</strong></span> <span class='ocrx_word' id='word_1_451' title='bbox 3554 2233 3646 2272; x_wconf 88' lang='lat' dir='ltr'><strong>co-</strong></span> 
     </span>
    </p>
   </div>
   <div class='ocr_carea' id='block_1_60' title="bbox 2067 2303 3642 2376">
    <p class='ocr_par' dir='ltr' id='par_1_60' title="bbox 2067 2303 3642 2376">
     <span class='ocr_line' id='line_1_60' title="bbox 2067 2303 3642 2376; baseline 0.004 -19"><span class='ocrx_word' id='word_1_452' title='bbox 2067 2319 2202 2367; x_wconf 91' lang='lat' dir='ltr'><strong>mes,</strong></span> <span class='ocrx_word' id='word_1_453' title='bbox 2251 2303 2574 2376; x_wconf 86' lang='lat' dir='ltr'><strong>intelligitur</strong></span> <span class='ocrx_word' id='word_1_454' title='bbox 2629 2323 2642 2360; x_wconf 92' lang='lat'><strong>:</strong></span> <span class='ocrx_word' id='word_1_455' title='bbox 2681 2322 2791 2361; x_wconf 89' lang='lat' dir='ltr'><strong>non</strong></span> <span class='ocrx_word' id='word_1_456' title='bbox 2829 2324 3006 2362; x_wconf 65' lang='lat' dir='ltr'><strong>mvum</strong></span> <span class='ocrx_word' id='word_1_457' title='bbox 3059 2324 3156 2363; x_wconf 89' lang='lat' dir='ltr'><strong>seu</strong></span> <span class='ocrx_word' id='word_1_458' title='bbox 3203 2310 3484 2372; x_wconf 70' lang='lat' dir='ltr'><strong>sacculum,</strong></span> <span class='ocrx_word' id='word_1_459' title='bbox 3535 2324 3642 2363; x_wconf 87' lang='lat' dir='ltr'><strong>non</strong></span> 
     </span>
    </p>
   </div>
   <div class='ocr_carea' id='block_1_61' title="bbox 2066 2395 3642 2467">
    <p class='ocr_par' dir='ltr' id='par_1_61' title="bbox 2066 2395 3642 2467">
     <span class='ocr_line' id='line_1_61' title="bbox 2066 2395 3642 2467; baseline 0.004 -21"><span class='ocrx_word' id='word_1_460' title='bbox 2066 2408 2256 2447; x_wconf 88' lang='lat' dir='ltr'><strong>eorum</strong></span> <span class='ocrx_word' id='word_1_461' title='bbox 2282 2395 2484 2464; x_wconf 89' lang='lat' dir='ltr'><strong>aliquid</strong></span> <span class='ocrx_word' id='word_1_462' title='bbox 2509 2412 2630 2465; x_wconf 78' lang='lat' dir='ltr'><strong>quae</strong></span> <span class='ocrx_word' id='word_1_463' title='bbox 2649 2396 2702 2450; x_wconf 89' lang='lat' dir='ltr'><strong>in</strong></span> <span class='ocrx_word' id='word_1_464' title='bbox 2725 2397 2833 2452; x_wconf 91' lang='lat' dir='ltr'><strong>illis</strong></span> <span class='ocrx_word' id='word_1_465' title='bbox 2855 2407 3166 2453; x_wconf 88' lang='lat' dir='ltr'><strong>versantur.</strong></span> <span class='ocrx_word' id='word_1_466' title='bbox 3185 2398 3474 2467; x_wconf 87' lang='lat' dir='ltr'><strong>Nunquam</strong></span> <span class='ocrx_word' id='word_1_467' title='bbox 3497 2398 3642 2452; x_wconf 91' lang='lat' dir='ltr'><strong>enim</strong></span> 
     </span>
    </p>
   </div>
   <div class='ocr_carea' id='block_1_62' title="bbox 2067 2481 3646 2556">
    <p class='ocr_par' dir='ltr' id='par_1_62' title="bbox 2067 2481 3646 2556">
     <span class='ocr_line' id='line_1_62' title="bbox 2067 2481 3646 2556; baseline 0.003 -21"><span class='ocrx_word' id='word_1_468' title='bbox 2067 2481 2182 2546; x_wconf 90' lang='lat' dir='ltr'><strong>ﬁat,</strong></span> <span class='ocrx_word' id='word_1_469' title='bbox 2218 2492 2278 2536; x_wconf 90' lang='lat' dir='ltr'><strong>ut</strong></span> <span class='ocrx_word' id='word_1_470' title='bbox 2311 2499 2432 2538; x_wconf 89' lang='lat' dir='ltr'><strong>esse</strong></span> <span class='ocrx_word' id='word_1_471' title='bbox 2464 2501 2593 2539; x_wconf 89' lang='lat' dir='ltr'><strong>vere</strong></span> <span class='ocrx_word' id='word_1_472' title='bbox 2635 2495 2690 2539; x_wconf 88' lang='lat' dir='ltr'><strong>et</strong></span> <span class='ocrx_word' id='word_1_473' title='bbox 2739 2487 2983 2556; x_wconf 88' lang='lat' dir='ltr'><strong>proprie,</strong></span> <span class='ocrx_word' id='word_1_474' title='bbox 3029 2495 3085 2539; x_wconf 91' lang='lat' dir='ltr'><strong>et</strong></span> <span class='ocrx_word' id='word_1_475' title='bbox 3115 2503 3225 2539; x_wconf 90' lang='lat' dir='ltr'><strong>non</strong></span> <span class='ocrx_word' id='word_1_476' title='bbox 3268 2501 3398 2540; x_wconf 87' lang='lat' dir='ltr'><strong>vere</strong></span> <span class='ocrx_word' id='word_1_477' title='bbox 3427 2501 3490 2540; x_wconf 91' lang='lat' dir='ltr'><strong>ac</strong></span> <span class='ocrx_word' id='word_1_478' title='bbox 3519 2502 3646 2556; x_wconf 85' lang='lat' dir='ltr'><strong>pro-</strong></span> 
     </span>
    </p>
   </div>
   <div class='ocr_carea' id='block_1_63' title="bbox 2066 2573 3272 2642">
    <p class='ocr_par' dir='ltr' id='par_1_63' title="bbox 2066 2573 3272 2642">
     <span class='ocr_line' id='line_1_63' title="bbox 2066 2573 3272 2642; baseline 0.003 -17"><span class='ocrx_word' id='word_1_479' title='bbox 2066 2573 2184 2642; x_wconf 89' lang='lat' dir='ltr'><strong>prie</strong></span> <span class='ocrx_word' id='word_1_480' title='bbox 2233 2589 2377 2634; x_wconf 88' lang='lat' dir='ltr'><strong>esse,</strong></span> <span class='ocrx_word' id='word_1_481' title='bbox 2426 2576 2760 2630; x_wconf 89' lang='lat' dir='ltr'><strong>conveniant</strong></span> <span class='ocrx_word' id='word_1_482' title='bbox 2814 2593 2878 2631; x_wconf 92' lang='lat' dir='ltr'><strong>ac</strong></span> <span class='ocrx_word' id='word_1_483' title='bbox 2921 2586 3272 2632; x_wconf 86' lang='lat' dir='ltr'><strong>concurrant.</strong></span> 
     </span>
    </p>
   </div>
   <div class='ocr_carea' id='block_1_64' title="bbox 2133 2652 3643 2735">
    <p class='ocr_par' dir='ltr' id='par_1_64' title="bbox 2133 2652 3643 2735">
     <span class='ocr_line' id='line_1_64' title="bbox 2133 2652 3643 2735; baseline 0 -19"><span class='ocrx_word' id='word_1_484' title='bbox 2133 2662 2294 2732; x_wconf 64' lang='grc'><strong>463</strong></span> <span class='ocrx_word' id='word_1_485' title='bbox 2332 2665 2382 2717; x_wconf 92' lang='lat'><strong>7.</strong></span> <span class='ocrx_word' id='word_1_486' title='bbox 2409 2663 2633 2717; x_wconf 86' lang='lat' dir='ltr'><strong>Nullum</strong></span> <span class='ocrx_word' id='word_1_487' title='bbox 2666 2652 3020 2735; x_wconf 84' lang='lat' dir='ltr'><strong>principium,</strong></span> <span class='ocrx_word' id='word_1_488' title='bbox 3051 2667 3374 2735; x_wconf 86' lang='lat' dir='ltr'><strong>nullumque</strong></span> <span class='ocrx_word' id='word_1_489' title='bbox 3403 2664 3643 2719; x_wconf 88' lang='lat' dir='ltr'><strong>medium</strong></span> 
     </span>
    </p>
   </div>
   <div class='ocr_carea' id='block_1_65' title="bbox 2066 2755 3647 2824">
    <p class='ocr_par' dir='ltr' id='par_1_65' title="bbox 2066 2755 3647 2824">
     <span class='ocr_line' id='line_1_65' title="bbox 2066 2755 3647 2824; baseline 0.003 -18"><span class='ocrx_word' id='word_1_490' title='bbox 2066 2765 2160 2809; x_wconf 91' lang='lat' dir='ltr'><strong>aut</strong></span> <span class='ocrx_word' id='word_1_491' title='bbox 2190 2755 2335 2819; x_wconf 90' lang='lat' dir='ltr'><strong>ﬁnis,</strong></span> <span class='ocrx_word' id='word_1_492' title='bbox 2380 2771 2599 2808; x_wconf 91' lang='lat' dir='ltr'><strong>omnem</strong></span> <span class='ocrx_word' id='word_1_493' title='bbox 2647 2756 2870 2824; x_wconf 90' lang='lat' dir='ltr'><strong>penitus</strong></span> <span class='ocrx_word' id='word_1_494' title='bbox 2930 2756 3336 2819; x_wconf 86' lang='lat' dir='ltr'><strong>habitudinem,</strong></span> <span class='ocrx_word' id='word_1_495' title='bbox 3373 2771 3466 2810; x_wconf 85' lang='lat' dir='ltr'><strong>seu</strong></span> <span class='ocrx_word' id='word_1_496' title='bbox 3508 2757 3647 2809; x_wconf 86' lang='lat' dir='ltr'><strong>rela-</strong></span> 
     </span>
    </p>
   </div>
   <div class='ocr_carea' id='block_1_66' title="bbox 2065 2842 3646 2913">
    <p class='ocr_par' dir='ltr' id='par_1_66' title="bbox 2065 2842 3646 2913">
     <span class='ocr_line' id='line_1_66' title="bbox 2065 2842 3646 2913; baseline 0.002 -18"><span class='ocrx_word' id='word_1_497' title='bbox 2065 2842 2291 2904; x_wconf 87' lang='lat' dir='ltr'><strong>tionem,</strong></span> <span class='ocrx_word' id='word_1_498' title='bbox 2329 2843 2456 2912; x_wconf 91' lang='lat' dir='ltr'><strong>quia</strong></span> <span class='ocrx_word' id='word_1_499' title='bbox 2487 2843 2592 2897; x_wconf 91' lang='lat' dir='ltr'><strong>alia</strong></span> <span class='ocrx_word' id='word_1_500' title='bbox 2617 2843 2739 2898; x_wconf 87' lang='lat' dir='ltr'><strong>aliis</strong></span> <span class='ocrx_word' id='word_1_501' title='bbox 2757 2853 3169 2913; x_wconf 86' lang='lat' dir='ltr'><strong>comparentur,</strong></span> <span class='ocrx_word' id='word_1_502' title='bbox 3205 2844 3468 2898; x_wconf 83' lang='lat' dir='ltr'><strong>excludit.</strong></span> <span class='ocrx_word' id='word_1_503' title='bbox 3501 2845 3646 2898; x_wconf 87' lang='lat' dir='ltr'><strong>Deus</strong></span> 
     </span>
    </p>
   </div>
   <div class='ocr_carea' id='block_1_67' title="bbox 2066 2934 3646 3005">
    <p class='ocr_par' dir='ltr' id='par_1_67' title="bbox 2066 2934 3646 3005">
     <span class='ocr_line' id='line_1_67' title="bbox 2066 2934 3646 3005; baseline 0.002 -19"><span class='ocrx_word' id='word_1_504' title='bbox 2066 2949 2200 2988; x_wconf 88' lang='lat' dir='ltr'><strong>vero</strong></span> <span class='ocrx_word' id='word_1_505' title='bbox 2237 2934 2331 3003; x_wconf 91' lang='lat' dir='ltr'><strong>qui</strong></span> <span class='ocrx_word' id='word_1_506' title='bbox 2384 2934 2646 2989; x_wconf 89' lang='lat' dir='ltr'><strong>inﬁnities</strong></span> <span class='ocrx_word' id='word_1_507' title='bbox 2691 2935 2904 2990; x_wconf 90' lang='lat' dir='ltr'><strong>inﬁnite</strong></span> <span class='ocrx_word' id='word_1_508' title='bbox 2949 2937 3100 2990; x_wconf 91' lang='lat' dir='ltr'><strong>omni</strong></span> <span class='ocrx_word' id='word_1_509' title='bbox 3150 2935 3374 3005; x_wconf 86' lang='lat' dir='ltr'><strong>penitus</strong></span> <span class='ocrx_word' id='word_1_510' title='bbox 3419 2935 3646 2990; x_wconf 81' lang='lat' dir='ltr'><strong>habitu-</strong></span> 
     </span>
    </p>
   </div>
   <div class='ocr_carea' id='block_1_68' title="bbox 2065 3023 3641 3096">
    <p class='ocr_par' dir='ltr' id='par_1_68' title="bbox 2065 3023 3641 3096">
     <span class='ocr_line' id='line_1_68' title="bbox 2065 3023 3641 3096; baseline 0.002 -19"><span class='ocrx_word' id='word_1_511' title='bbox 2065 3023 2180 3078; x_wconf 90' lang='lat' dir='ltr'><strong>dini</strong></span> <span class='ocrx_word' id='word_1_512' title='bbox 2227 3040 2291 3079; x_wconf 92' lang='lat' dir='ltr'><strong>ac</strong></span> <span class='ocrx_word' id='word_1_513' title='bbox 2326 3025 2581 3081; x_wconf 89' lang='lat' dir='ltr'><strong>relationi</strong></span> <span class='ocrx_word' id='word_1_514' title='bbox 2631 3027 2892 3090; x_wconf 86' lang='lat' dir='ltr'><strong>emineat,</strong></span> <span class='ocrx_word' id='word_1_515' title='bbox 2939 3027 3137 3082; x_wconf 90' lang='lat' dir='ltr'><strong>merito</strong></span> <span class='ocrx_word' id='word_1_516' title='bbox 3169 3042 3270 3081; x_wconf 90' lang='lat' dir='ltr'><strong>nec</strong></span> <span class='ocrx_word' id='word_1_517' title='bbox 3313 3027 3641 3096; x_wconf 85' lang='lat' dir='ltr'><strong>principium</strong></span> 
     </span>
    </p>
   </div>
   <div class='ocr_carea' id='block_1_69' title="bbox 2065 3118 3644 3188">
    <p class='ocr_par' dir='ltr' id='par_1_69' title="bbox 2065 3118 3644 3188">
     <span class='ocr_line' id='line_1_69' title="bbox 2065 3118 3644 3188; baseline 0 -19"><span class='ocrx_word' id='word_1_518' title='bbox 2065 3131 2245 3185; x_wconf 89' lang='lat' dir='ltr'><strong>neque</strong></span> <span class='ocrx_word' id='word_1_519' title='bbox 2295 3118 2536 3172; x_wconf 88' lang='lat' dir='ltr'><strong>medium</strong></span> <span class='ocrx_word' id='word_1_520' title='bbox 2591 3133 2768 3188; x_wconf 91' lang='lat' dir='ltr'><strong>neque</strong></span> <span class='ocrx_word' id='word_1_521' title='bbox 2805 3119 2929 3174; x_wconf 91' lang='lat' dir='ltr'><strong>ﬁnis</strong></span> <span class='ocrx_word' id='word_1_522' title='bbox 2980 3120 3190 3174; x_wconf 81' lang='lat' dir='ltr'><strong>exsistit</strong></span> <span class='ocrx_word' id='word_1_523' title='bbox 3236 3135 3390 3173; x_wconf 86' lang='lat' dir='ltr'><strong>:nec</strong></span> <span class='ocrx_word' id='word_1_524' title='bbox 3421 3131 3644 3188; x_wconf 86' lang='lat' dir='ltr'><strong>prorsus</strong></span> 
     </span>
    </p>
   </div>
   <div class='ocr_carea' id='block_1_70' title="bbox 1990 3209 3642 3280">
    <p class='ocr_par' dir='ltr' id='par_1_70' title="bbox 1990 3209 3642 3280">
     <span class='ocr_line' id='line_1_70' title="bbox 1990 3209 3642 3280; baseline -0.002 -17"><span class='ocrx_word' id='word_1_525' title='bbox 1990 3219 2032 3276; x_wconf 86' lang='lat' dir='ltr'><strong>c</strong></span> <span class='ocrx_word' id='word_1_526' title='bbox 2065 3209 2213 3263; x_wconf 84' lang='lat' dir='ltr'><strong>aliud</strong></span> <span class='ocrx_word' id='word_1_527' title='bbox 2267 3210 2547 3278; x_wconf 87' lang='lat' dir='ltr'><strong>quidpiam</strong></span> <span class='ocrx_word' id='word_1_528' title='bbox 2606 3225 2820 3275; x_wconf 89' lang='lat' dir='ltr'><strong>eorum,</strong></span> <span class='ocrx_word' id='word_1_529' title='bbox 2868 3211 2921 3265; x_wconf 93' lang='lat' dir='ltr'><strong>in</strong></span> <span class='ocrx_word' id='word_1_530' title='bbox 2980 3210 3181 3280; x_wconf 87' lang='lat' dir='ltr'><strong>quibus</strong></span> <span class='ocrx_word' id='word_1_531' title='bbox 3226 3211 3440 3280; x_wconf 88' lang='lat' dir='ltr'><strong>parium</strong></span> <span class='ocrx_word' id='word_1_532' title='bbox 3491 3223 3642 3262; x_wconf 91' lang='lat' dir='ltr'><strong>eom-</strong></span> 
     </span>
    </p>
   </div>
   <div class='ocr_carea' id='block_1_71' title="bbox 2067 3299 3646 3374">
    <p class='ocr_par' dir='ltr' id='par_1_71' title="bbox 2067 3299 3646 3374">
     <span class='ocr_line' id='line_1_71' title="bbox 2067 3299 3646 3374; baseline 0.002 -22"><span class='ocrx_word' id='word_1_533' title='bbox 2067 3300 2373 3369; x_wconf 84' lang='lat' dir='ltr'><strong>paratione,</strong></span> <span class='ocrx_word' id='word_1_534' title='bbox 2423 3317 2588 3371; x_wconf 90' lang='lat' dir='ltr'><strong>quam</strong></span> <span class='ocrx_word' id='word_1_535' title='bbox 2637 3311 2836 3358; x_wconf 88' lang='lat' dir='ltr'><strong>vocant</strong></span> <span class='ocrx_word' id='word_1_536' title='bbox 2878 3303 2947 3356; x_wconf 87' lang='lat' dir='ltr'><strong>ad</strong></span> <span class='ocrx_word' id='word_1_537' title='bbox 2982 3303 3206 3374; x_wconf 80' lang='lat' dir='ltr'><strong>aliquid,</strong></span> <span class='ocrx_word' id='word_1_538' title='bbox 3261 3300 3531 3373; x_wconf 82' lang='lat' dir='ltr'><strong>categoria</strong></span> <span class='ocrx_word' id='word_1_539' title='bbox 3564 3299 3646 3355; x_wconf 76' lang='lat' dir='ltr'><strong>in-</strong></span> 
     </span>
    </p>
   </div>
   <div class='ocr_carea' id='block_1_72' title="bbox 2072 3392 3588 3462">
    <p class='ocr_par' dir='ltr' id='par_1_72' title="bbox 2072 3392 3588 3462">
     <span class='ocr_line' id='line_1_72' title="bbox 2072 3392 3588 3462; baseline 0.005 -17"><span class='ocrx_word' id='word_1_540' title='bbox 2072 3393 2241 3462; x_wconf 82' lang='lat' dir='ltr'><strong>telligi</strong></span> <span class='ocrx_word' id='word_1_541' title='bbox 2300 3392 2496 3462; x_wconf 83' lang='lat' dir='ltr'><strong>possit.</strong></span> <span class='ocrx_word' id='word_1_542' title='bbox 3581 3413 3588 3417; x_wconf 78' lang='lat'><strong>‘</strong></span> 
     </span>
    </p>
   </div>
   <div class='ocr_carea' id='block_1_73' title="bbox 2140 3482 3644 3552">
    <p class='ocr_par' dir='ltr' id='par_1_73' title="bbox 2140 3482 3644 3552">
     <span class='ocr_line' id='line_1_73' title="bbox 2140 3482 3644 3552; baseline 0.001 -17"><span class='ocrx_word' id='word_1_543' title='bbox 2140 3483 2195 3535; x_wconf 91' lang='lat'><strong>8.</strong></span> <span class='ocrx_word' id='word_1_544' title='bbox 2238 3482 2345 3537; x_wconf 83' lang='lat' dir='ltr'><strong>Res</strong></span> <span class='ocrx_word' id='word_1_545' title='bbox 2387 3498 2579 3537; x_wconf 90' lang='lat' dir='ltr'><strong>omnes</strong></span> <span class='ocrx_word' id='word_1_546' title='bbox 2605 3491 2770 3552; x_wconf 89' lang='lat' dir='ltr'><strong>atque</strong></span> <span class='ocrx_word' id='word_1_547' title='bbox 2803 3484 2972 3546; x_wconf 89' lang='lat' dir='ltr'><strong>entia,</strong></span> <span class='ocrx_word' id='word_1_548' title='bbox 3006 3497 3069 3536; x_wconf 91' lang='lat' dir='ltr'><strong>ea</strong></span> <span class='ocrx_word' id='word_1_549' title='bbox 3098 3482 3377 3546; x_wconf 88' lang='lat' dir='ltr'><strong>dicuntur,</strong></span> <span class='ocrx_word' id='word_1_550' title='bbox 3409 3498 3531 3551; x_wconf 70' lang='lat' dir='ltr'><strong>qua:</strong></span> <span class='ocrx_word' id='word_1_551' title='bbox 3561 3482 3644 3536; x_wconf 91' lang='lat' dir='ltr'><strong>in-</strong></span> 
     </span>
    </p>
   </div>
   <div class='ocr_carea' id='block_1_74' title="bbox 2070 3573 3640 3643">
    <p class='ocr_par' dir='ltr' id='par_1_74' title="bbox 2070 3573 3640 3643">
     <span class='ocr_line' id='line_1_74' title="bbox 2070 3573 3640 3643; baseline 0.002 -18"><span class='ocrx_word' id='word_1_552' title='bbox 2070 3573 2424 3643; x_wconf 81' lang='lat' dir='ltr'><strong>telliguntur;</strong></span> <span class='ocrx_word' id='word_1_553' title='bbox 2457 3590 2580 3643; x_wconf 85' lang='lat' dir='ltr'><strong>quae</strong></span> <span class='ocrx_word' id='word_1_554' title='bbox 2610 3574 2818 3628; x_wconf 88' lang='lat' dir='ltr'><strong>scilicet</strong></span> <span class='ocrx_word' id='word_1_555' title='bbox 2847 3589 3060 3638; x_wconf 90' lang='lat' dir='ltr'><strong>eorum,</strong></span> <span class='ocrx_word' id='word_1_556' title='bbox 3095 3588 3219 3641; x_wconf 76' lang='lat' dir='ltr'><strong>quae</strong></span> <span class='ocrx_word' id='word_1_557' title='bbox 3258 3573 3326 3627; x_wconf 91' lang='lat' dir='ltr'><strong>de</strong></span> <span class='ocrx_word' id='word_1_558' title='bbox 3355 3574 3464 3627; x_wconf 87' lang='lat' dir='ltr'><strong>illis</strong></span> <span class='ocrx_word' id='word_1_559' title='bbox 3491 3583 3640 3639; x_wconf 90' lang='lat' dir='ltr'><strong>sunt,</strong></span> 
     </span>
    </p>
   </div>
   <div class='ocr_carea' id='block_1_75' title="bbox 2069 3664 3642 3732">
    <p class='ocr_par' dir='ltr' id='par_1_75' title="bbox 2069 3664 3642 3732">
     <span class='ocr_line' id='line_1_75' title="bbox 2069 3664 3642 3732; baseline 0.001 -16"><span class='ocrx_word' id='word_1_560' title='bbox 2069 3665 2355 3718; x_wconf 89' lang='lat' dir='ltr'><strong>notionum</strong></span> <span class='ocrx_word' id='word_1_561' title='bbox 2408 3665 2859 3719; x_wconf 86' lang='lat' dir='ltr'><strong>demonstrabilia</strong></span> <span class='ocrx_word' id='word_1_562' title='bbox 2905 3664 3175 3732; x_wconf 89' lang='lat' dir='ltr'><strong>principia</strong></span> <span class='ocrx_word' id='word_1_563' title='bbox 3207 3664 3462 3717; x_wconf 88' lang='lat' dir='ltr'><strong>habeant.</strong></span> <span class='ocrx_word' id='word_1_564' title='bbox 3499 3665 3642 3720; x_wconf 86' lang='lat' dir='ltr'><strong>Deus</strong></span> 
     </span>
    </p>
   </div>
   <div class='ocr_carea' id='block_1_76' title="bbox 2067 3755 3641 3826">
    <p class='ocr_par' dir='ltr' id='par_1_76' title="bbox 2067 3755 3641 3826">
     <span class='ocr_line' id='line_1_76' title="bbox 2067 3755 3641 3826; baseline 0.001 -17"><span class='ocrx_word' id='word_1_565' title='bbox 2067 3763 2250 3810; x_wconf 88' lang='lat' dir='ltr'><strong>autem</strong></span> <span class='ocrx_word' id='word_1_566' title='bbox 2295 3759 2341 3810; x_wconf 86' lang='lat' dir='ltr'><strong>ls</strong></span> <span class='ocrx_word' id='word_1_567' title='bbox 2383 3756 2609 3821; x_wconf 87' lang='lat' dir='ltr'><strong>dicitur,</strong></span> <span class='ocrx_word' id='word_1_568' title='bbox 2657 3757 2751 3826; x_wconf 86' lang='lat' dir='ltr'><strong>qui</strong></span> <span class='ocrx_word' id='word_1_569' title='bbox 2781 3771 2890 3809; x_wconf 92' lang='lat' dir='ltr'><strong>non</strong></span> <span class='ocrx_word' id='word_1_570' title='bbox 2925 3755 3284 3825; x_wconf 78' lang='lat' dir='ltr'><strong>intelligatur,</strong></span> <span class='ocrx_word' id='word_1_571' title='bbox 3339 3755 3431 3809; x_wconf 91' lang='lat' dir='ltr'><strong>sed</strong></span> <span class='ocrx_word' id='word_1_572' title='bbox 3461 3770 3526 3808; x_wconf 73' lang='lat' dir='ltr'><strong>ex</strong></span> <span class='ocrx_word' id='word_1_573' title='bbox 3555 3770 3641 3810; x_wconf 84' lang='lat' dir='ltr'><strong>re-</strong></span> 
     </span>
    </p>
   </div>
   <div class='ocr_carea' id='block_1_77' title="bbox 2069 3844 3636 3916">
    <p class='ocr_par' dir='ltr' id='par_1_77' title="bbox 2069 3844 3636 3916">
     <span class='ocr_line' id='line_1_77' title="bbox 2069 3844 3636 3916; baseline 0 -18"><span class='ocrx_word' id='word_1_574' title='bbox 2069 3844 2173 3899; x_wconf 89' lang='lat' dir='ltr'><strong>bus</strong></span> <span class='ocrx_word' id='word_1_575' title='bbox 2213 3861 2335 3915; x_wconf 74' lang='lat' dir='ltr'><strong>qua:</strong></span> <span class='ocrx_word' id='word_1_576' title='bbox 2371 3845 2774 3916; x_wconf 83' lang='lat' dir='ltr'><strong>intelliguntur,</strong></span> <span class='ocrx_word' id='word_1_577' title='bbox 2815 3845 3160 3901; x_wconf 86' lang='lat' dir='ltr'><strong>solummodo</strong></span> <span class='ocrx_word' id='word_1_578' title='bbox 3186 3861 3307 3899; x_wconf 87' lang='lat' dir='ltr'><strong>esse</strong></span> <span class='ocrx_word' id='word_1_579' title='bbox 3347 3844 3636 3899; x_wconf 88' lang='lat' dir='ltr'><strong>credatur:</strong></span> 
     </span>
    </p>
   </div>
   <div class='ocr_carea' id='block_1_78' title="bbox 2066 3936 3638 4008">
    <p class='ocr_par' dir='ltr' id='par_1_78' title="bbox 2066 3936 3638 4008">
     <span class='ocr_line' id='line_1_78' title="bbox 2066 3936 3638 4008; baseline 0.001 -19"><span class='ocrx_word' id='word_1_580' title='bbox 2066 3936 2215 4007; x_wconf 84' lang='lat' dir='ltr'><strong>qdod</strong></span> <span class='ocrx_word' id='word_1_581' title='bbox 2272 3936 2536 3991; x_wconf 90' lang='lat' dir='ltr'><strong>nimirum</strong></span> <span class='ocrx_word' id='word_1_582' title='bbox 2597 3953 2787 3992; x_wconf 89' lang='lat' dir='ltr'><strong>earum</strong></span> <span class='ocrx_word' id='word_1_583' title='bbox 2835 3951 3020 3992; x_wconf 89' lang='lat' dir='ltr'><strong>rerum</strong></span> <span class='ocrx_word' id='word_1_584' title='bbox 3062 3953 3184 4007; x_wconf 58' lang='lat' dir='ltr'><strong>qua;</strong></span> <span class='ocrx_word' id='word_1_585' title='bbox 3237 3937 3638 4008; x_wconf 78' lang='lat' dir='ltr'><strong>intelliguntur,</strong></span> 
     </span>
    </p>
   </div>
   <div class='ocr_carea' id='block_1_79' title="bbox 2067 4028 3313 4097">
    <p class='ocr_par' dir='ltr' id='par_1_79' title="bbox 2067 4028 3313 4097">
     <span class='ocr_line' id='line_1_79' title="bbox 2067 4028 3313 4097; baseline -0.001 -16"><span class='ocrx_word' id='word_1_586' title='bbox 2067 4028 2218 4081; x_wconf 88' lang='lat' dir='ltr'><strong>nulla</strong></span> <span class='ocrx_word' id='word_1_587' title='bbox 2256 4028 2369 4082; x_wconf 94' lang='lat' dir='ltr'><strong>ullo</strong></span> <span class='ocrx_word' id='word_1_588' title='bbox 2418 4028 2584 4083; x_wconf 90' lang='lat' dir='ltr'><strong>modo</strong></span> <span class='ocrx_word' id='word_1_589' title='bbox 2622 4043 2748 4084; x_wconf 91' lang='lat' dir='ltr'><strong>cum</strong></span> <span class='ocrx_word' id='word_1_590' title='bbox 2785 4043 2854 4083; x_wconf 91' lang='lat' dir='ltr'><strong>eo</strong></span> <span class='ocrx_word' id='word_1_591' title='bbox 2887 4035 3259 4097; x_wconf 85' lang='lat' dir='ltr'><strong>comparetur.</strong></span> <span class='ocrx_word' id='word_1_592' title='bbox 3307 4043 3313 4048; x_wconf 89' lang='grc'><strong>·</strong></span> 
     </span>
    </p>
   </div>
   <div class='ocr_carea' id='block_1_80' title="bbox 2136 4116 3644 4181">
    <p class='ocr_par' dir='ltr' id='par_1_80' title="bbox 2136 4116 3644 4181">
     <span class='ocr_line' id='line_1_80' title="bbox 2136 4116 3644 4181; baseline -0.001 -11"><span class='ocrx_word' id='word_1_593' title='bbox 2136 4116 2190 4170; x_wconf 90' lang='lat'><strong>9.</strong></span> <span class='ocrx_word' id='word_1_594' title='bbox 2230 4117 2436 4171; x_wconf 80' lang='lat' dir='ltr'><strong>Rerum</strong></span> <span class='ocrx_word' id='word_1_595' title='bbox 2473 4117 2717 4172; x_wconf 71' lang='lat' dir='ltr'><strong>scientiae</strong></span> <span class='ocrx_word' id='word_1_596' title='bbox 2747 4133 2813 4173; x_wconf 90' lang='lat' dir='ltr'><strong>ac</strong></span> <span class='ocrx_word' id='word_1_597' title='bbox 2847 4117 3118 4181; x_wconf 92' lang='lat' dir='ltr'><strong>notiones,</strong></span> <span class='ocrx_word' id='word_1_598' title='bbox 3152 4131 3425 4172; x_wconf 83' lang='lat' dir='ltr'><strong>connexas</strong></span> <span class='ocrx_word' id='word_1_599' title='bbox 3450 4125 3644 4170; x_wconf 91' lang='lat' dir='ltr'><strong>natura</strong></span> 
     </span>
    </p>
   </div>
   <div class='ocr_carea' id='block_1_81' title="bbox 2067 4209 3645 4280">
    <p class='ocr_par' dir='ltr' id='par_1_81' title="bbox 2067 4209 3645 4280">
     <span class='ocr_line' id='line_1_81' title="bbox 2067 4209 3645 4280; baseline 0.001 -17"><span class='ocrx_word' id='word_1_600' title='bbox 2067 4211 2272 4280; x_wconf 89' lang='lat' dir='ltr'><strong>quibus</strong></span> <span class='ocrx_word' id='word_1_601' title='bbox 2302 4213 2696 4268; x_wconf 89' lang='lat' dir='ltr'><strong>demonstratio</strong></span> <span class='ocrx_word' id='word_1_602' title='bbox 2747 4212 3086 4276; x_wconf 89' lang='lat' dir='ltr'><strong>instituatur,</strong></span> <span class='ocrx_word' id='word_1_603' title='bbox 3120 4227 3248 4266; x_wconf 89' lang='lat' dir='ltr'><strong>suas</strong></span> <span class='ocrx_word' id='word_1_604' title='bbox 3277 4210 3517 4264; x_wconf 87' lang='lat' dir='ltr'><strong>rationes</strong></span> <span class='ocrx_word' id='word_1_605' title='bbox 3544 4209 3645 4264; x_wconf 91' lang='lat' dir='ltr'><strong>ha-</strong></span> 
     </span>
    </p>
   </div>
   <div class='ocr_carea' id='block_1_82' title="bbox 2067 4302 3640 4374">
    <p class='ocr_par' dir='ltr' id='par_1_82' title="bbox 2067 4302 3640 4374">
     <span class='ocr_line' id='line_1_82' title="bbox 2067 4302 3640 4374; baseline -0.003 -16"><span class='ocrx_word' id='word_1_606' title='bbox 2067 4303 2231 4370; x_wconf 88' lang='lat' dir='ltr'><strong>bent,</strong></span> <span class='ocrx_word' id='word_1_607' title='bbox 2281 4305 2484 4374; x_wconf 78' lang='lat' dir='ltr'><strong>quibus</strong></span> <span class='ocrx_word' id='word_1_608' title='bbox 2551 4304 2764 4359; x_wconf 76' lang='lat' dir='ltr'><strong>scilicet</strong></span> <span class='ocrx_word' id='word_1_609' title='bbox 2828 4312 3028 4359; x_wconf 89' lang='lat' dir='ltr'><strong>natura</strong></span> <span class='ocrx_word' id='word_1_610' title='bbox 3089 4302 3640 4359; x_wconf 84' lang='lat' dir='ltr'><strong>cireumeribuntnr:</strong></span> 
     </span>
    </p>
   </div>
   <div class='ocr_carea' id='block_1_83' title="bbox 2068 4394 3643 4466">
    <p class='ocr_par' dir='ltr' id='par_1_83' title="bbox 2068 4394 3643 4466">
     <span class='ocr_line' id='line_1_83' title="bbox 2068 4394 3643 4466; baseline -0.003 -16"><span class='ocrx_word' id='word_1_611' title='bbox 2068 4395 2214 4450; x_wconf 88' lang='lat' dir='ltr'><strong>Deus</strong></span> <span class='ocrx_word' id='word_1_612' title='bbox 2261 4405 2446 4451; x_wconf 91' lang='lat' dir='ltr'><strong>autem</strong></span> <span class='ocrx_word' id='word_1_613' title='bbox 2499 4412 2600 4465; x_wconf 93' lang='lat' dir='ltr'><strong>per</strong></span> <span class='ocrx_word' id='word_1_614' title='bbox 2627 4396 2870 4452; x_wconf 89' lang='lat' dir='ltr'><strong>rationes</strong></span> <span class='ocrx_word' id='word_1_615' title='bbox 2906 4411 3028 4466; x_wconf 63' lang='lat' dir='ltr'><strong>quae</strong></span> <span class='ocrx_word' id='word_1_616' title='bbox 3060 4403 3189 4450; x_wconf 91' lang='lat' dir='ltr'><strong>sunt</strong></span> <span class='ocrx_word' id='word_1_617' title='bbox 3225 4396 3280 4450; x_wconf 93' lang='lat' dir='ltr'><strong>in</strong></span> <span class='ocrx_word' id='word_1_618' title='bbox 3329 4394 3517 4456; x_wconf 90' lang='lat' dir='ltr'><strong>rebus,</strong></span> <span class='ocrx_word' id='word_1_619' title='bbox 3551 4407 3643 4447; x_wconf 85' lang='lat' dir='ltr'><strong>so-</strong></span> 
     </span>
    </p>
   </div>
   <div class='ocr_carea' id='block_1_84' title="bbox 2068 4481 3643 4549">
    <p class='ocr_par' dir='ltr' id='par_1_84' title="bbox 2068 4481 3643 4549">
     <span class='ocr_line' id='line_1_84' title="bbox 2068 4481 3643 4549; baseline -0.003 -9"><span class='ocrx_word' id='word_1_620' title='bbox 2068 4488 2350 4542; x_wconf 91' lang='lat' dir='ltr'><strong>lummodo</strong></span> <span class='ocrx_word' id='word_1_621' title='bbox 2393 4503 2516 4542; x_wconf 89' lang='lat' dir='ltr'><strong>esse</strong></span> <span class='ocrx_word' id='word_1_622' title='bbox 2555 4488 2802 4542; x_wconf 89' lang='lat' dir='ltr'><strong>creditur</strong></span> <span class='ocrx_word' id='word_1_623' title='bbox 2840 4486 2962 4542; x_wconf 86' lang='lat' dir='ltr'><strong>:sic</strong></span> <span class='ocrx_word' id='word_1_624' title='bbox 3012 4496 3214 4549; x_wconf 89' lang='lat' dir='ltr'><strong>tamen,</strong></span> <span class='ocrx_word' id='word_1_625' title='bbox 3264 4494 3328 4540; x_wconf 90' lang='lat' dir='ltr'><strong>ut</strong></span> <span class='ocrx_word' id='word_1_626' title='bbox 3365 4483 3511 4539; x_wconf 91' lang='lat' dir='ltr'><strong>omni</strong></span> <span class='ocrx_word' id='word_1_627' title='bbox 3548 4481 3643 4536; x_wconf 89' lang='lat' dir='ltr'><strong>ﬁr-</strong></span> 
     </span>
    </p>
   </div>
   <div class='ocr_carea' id='block_1_85' title="bbox 399 4557 1991 4646">
    <p class='ocr_par' dir='ltr' id='par_1_85' title="bbox 399 4557 1963 4633">
     <span class='ocr_line' id='line_1_85' title="bbox 399 4557 1963 4633; baseline -0.001 -21"><span class='ocrx_word' id='word_1_628' title='bbox 399 4561 528 4633; x_wconf 80' lang='grc' dir='ltr'>ρίως</span> <span class='ocrx_word' id='word_1_629' title='bbox 567 4563 714 4615; x_wconf 75' lang='grc' dir='ltr'>ἐστὶν</span> <span class='ocrx_word' id='word_1_630' title='bbox 741 4562 1032 4631; x_wconf 84' lang='grc' dir='ltr'>ὁμολογίαν</span> <span class='ocrx_word' id='word_1_631' title='bbox 1070 4562 1160 4614; x_wconf 81' lang='grc' dir='ltr'>καὶ</span> <span class='ocrx_word' id='word_1_632' title='bbox 1203 4563 1384 4615; x_wconf 89' lang='grc' dir='ltr'>πίστιν</span> <span class='ocrx_word' id='word_1_633' title='bbox 1410 4561 1604 4624; x_wconf 78' lang='grc' dir='ltr'>διδούς.</span> <span class='ocrx_word' id='word_1_634' title='bbox 1639 4560 1826 4622; x_wconf 83' lang='grc' dir='ltr'>Πίστις</span> <span class='ocrx_word' id='word_1_635' title='bbox 1854 4557 1963 4628; x_wconf 86' lang='grc' dir='ltr'><strong>γάρ</strong></span> 
     </span>
    </p>
   </div>
   <div class='ocr_carea' id='block_1_86' title="bbox 2064 4557 3643 4646">
    <p class='ocr_par' dir='ltr' id='par_1_86' title="bbox 2067 4576 3643 4646">
     <span class='ocr_line' id='line_1_86' title="bbox 2067 4576 3643 4646; baseline -0.003 -14"><span class='ocrx_word' id='word_1_636' title='bbox 2067 4578 2299 4634; x_wconf 89' lang='lat' dir='ltr'><strong>miorem</strong></span> <span class='ocrx_word' id='word_1_637' title='bbox 2330 4578 2822 4642; x_wconf 89' lang='lat' dir='ltr'><strong>demonstratione,</strong></span> <span class='ocrx_word' id='word_1_638' title='bbox 2846 4593 2967 4633; x_wconf 91' lang='lat' dir='ltr'><strong>eam</strong></span> <span class='ocrx_word' id='word_1_639' title='bbox 2995 4586 3232 4632; x_wconf 88' lang='lat' dir='ltr'><strong>mentem</strong></span> <span class='ocrx_word' id='word_1_640' title='bbox 3268 4577 3375 4646; x_wconf 89' lang='lat' dir='ltr'><strong>piis</strong></span> <span class='ocrx_word' id='word_1_641' title='bbox 3411 4576 3643 4644; x_wconf 83' lang='lat' dir='ltr'><strong>ingerat,</strong></span> 
     </span>
    </p>
   </div>
   <div class='ocr_carea' id='block_1_87' title="bbox 397 4650 1963 4722">
    <p class='ocr_par' dir='ltr' id='par_1_87' title="bbox 397 4650 1963 4722">
     <span class='ocr_line' id='line_1_87' title="bbox 397 4650 1963 4722; baseline -0.001 -19"><span class='ocrx_word' id='word_1_642' title='bbox 397 4653 534 4712; x_wconf 73' lang='grc' dir='ltr'>ἐστι,</span> <span class='ocrx_word' id='word_1_643' title='bbox 575 4651 774 4720; x_wconf 89' lang='grc' dir='ltr'>γνῶσις</span> <span class='ocrx_word' id='word_1_644' title='bbox 814 4652 1020 4722; x_wconf 85' lang='grc' dir='ltr'>ἀληθὴς</span> <span class='ocrx_word' id='word_1_645' title='bbox 1053 4653 1474 4716; x_wconf 82' lang='grc' dir='ltr'>ἀναποδείκτους</span> <span class='ocrx_word' id='word_1_646' title='bbox 1504 4652 1703 4721; x_wconf 78' lang='grc' dir='ltr'>ἔχουσα</span> <span class='ocrx_word' id='word_1_647' title='bbox 1740 4650 1836 4713; x_wconf 84' lang='grc' dir='ltr'><strong>τὰς</strong></span> <span class='ocrx_word' id='word_1_648' title='bbox 1863 4651 1963 4718; x_wconf 83' lang='grc' dir='ltr'><strong>ἀρ-</strong></span> 
     </span>
    </p>
   </div>
   <div class='ocr_carea' id='block_1_88' title="bbox 397 4739 1965 4812">
    <p class='ocr_par' dir='ltr' id='par_1_88' title="bbox 397 4739 1965 4812">
     <span class='ocr_line' id='line_1_88' title="bbox 397 4739 1965 4812; baseline 0 -20"><span class='ocrx_word' id='word_1_649' title='bbox 397 4739 518 4810; x_wconf 79' lang='grc' dir='ltr'>χὰς,</span> <span class='ocrx_word' id='word_1_650' title='bbox 550 4741 626 4804; x_wconf 83' lang='grc' dir='ltr'>ὡς</span> <span class='ocrx_word' id='word_1_651' title='bbox 652 4740 761 4794; x_wconf 88' lang='grc' dir='ltr'><strong>τῶν</strong></span> <span class='ocrx_word' id='word_1_652' title='bbox 791 4740 929 4812; x_wconf 85' lang='grc' dir='ltr'>ὑπὲρ</span> <span class='ocrx_word' id='word_1_653' title='bbox 969 4741 1093 4795; x_wconf 89' lang='grc' dir='ltr'>νοῦν</span> <span class='ocrx_word' id='word_1_654' title='bbox 1131 4743 1226 4794; x_wconf 79' lang='grc' dir='ltr'>καὶ</span> <span class='ocrx_word' id='word_1_655' title='bbox 1262 4741 1418 4809; x_wconf 87' lang='grc' dir='ltr'>λόγον</span> <span class='ocrx_word' id='word_1_656' title='bbox 1467 4741 1787 4812; x_wconf 80' lang='grc' dir='ltr'>ὑπάρχουσα</span> <span class='ocrx_word' id='word_1_657' title='bbox 1820 4756 1965 4810; x_wconf 87' lang='grc' dir='ltr'>πρα-</span> 
     </span>
    </p>
   </div>
   <div class='ocr_carea' id='block_1_89' title="bbox 397 4831 1428 4902">
    <p class='ocr_par' dir='ltr' id='par_1_89' title="bbox 397 4831 1428 4902">
     <span class='ocr_line' id='line_1_89' title="bbox 397 4831 1428 4902; baseline 0.003 -16"><span class='ocrx_word' id='word_1_658' title='bbox 397 4831 625 4902; x_wconf 83' lang='grc' dir='ltr'>γμάτων</span> <span class='ocrx_word' id='word_1_659' title='bbox 665 4833 984 4897; x_wconf 80' lang='grc' dir='ltr'>ὑπόστασις.</span> <span class='ocrx_word' id='word_1_660' title='bbox 1423 4851 1428 4855; x_wconf 81' lang='lat'>‘</span> 
     </span>
    </p>
   </div>
   <div class='ocr_carea' id='block_1_90' title="bbox 469 5107 1966 5188">
    <p class='ocr_par' dir='ltr' id='par_1_90' title="bbox 469 5107 1966 5188">
     <span class='ocr_line' id='line_1_90' title="bbox 469 5107 1966 5188; baseline 0.007 -24"><span class='ocrx_word' id='word_1_661' title='bbox 469 5107 522 5165; x_wconf 88' lang='lat' dir='ltr'><strong>t&#39;.</strong></span> <span class='ocrx_word' id='word_1_662' title='bbox 568 5113 734 5185; x_wconf 73' lang='grc' dir='ltr'>Ἀρχὴ</span> <span class='ocrx_word' id='word_1_663' title='bbox 763 5113 871 5168; x_wconf 87' lang='grc' dir='ltr'><strong>τῶν</strong></span> <span class='ocrx_word' id='word_1_664' title='bbox 903 5115 1072 5170; x_wconf 72' lang='grc' dir='ltr'>ὄντων</span> <span class='ocrx_word' id='word_1_665' title='bbox 1101 5117 1196 5171; x_wconf 76' lang='grc' dir='ltr'>καὶ</span> <span class='ocrx_word' id='word_1_666' title='bbox 1231 5117 1467 5188; x_wconf 89' lang='grc' dir='ltr'>μεσότης</span> <span class='ocrx_word' id='word_1_667' title='bbox 1517 5117 1609 5172; x_wconf 60' lang='grc' dir='ltr'><strong>καὶ⁸</strong></span> <span class='ocrx_word' id='word_1_668' title='bbox 1639 5115 1790 5182; x_wconf 87' lang='grc' dir='ltr'>τέλος</span> <span class='ocrx_word' id='word_1_669' title='bbox 1819 5119 1966 5175; x_wconf 74' lang='grc' dir='ltr'>ἐστὶν</span> 
     </span>
    </p>
   </div>
   <div class='ocr_carea' id='block_1_91' title="bbox 467 5311 1963 5438">
    <p class='ocr_par' dir='ltr' id='par_1_91' title="bbox 467 5311 1963 5438">
     <span class='ocr_line' id='line_1_91' title="bbox 467 5311 1963 5438; baseline 0.006 -73"><span class='ocrx_word' id='word_1_670' title='bbox 467 5311 544 5391; x_wconf 78' lang='grc' dir='ltr'><strong>(α)</strong></span> <span class='ocrx_word' id='word_1_671' title='bbox 574 5311 858 5380; x_wconf 78' lang='grc' dir='ltr'>Οὐδαμῶς</span> <span class='ocrx_word' id='word_1_672' title='bbox 889 5313 1070 5367; x_wconf 77' lang='grc' dir='ltr'>οὐδὲν</span> <span class='ocrx_word' id='word_1_673' title='bbox 1101 5315 1384 5383; x_wconf 82' lang='grc' dir='ltr'>οὐδαμοῦ.</span> <span class='ocrx_word' id='word_1_674' title='bbox 1431 5315 1521 5370; x_wconf 88' lang='lat' dir='ltr'><strong>Sic</strong></span> <span class='ocrx_word' id='word_1_675' title='bbox 1565 5331 1783 5438; x_wconf 60' lang='lat' dir='ltr'><strong>quoque</strong></span> <span class='ocrx_word' id='word_1_676' title='bbox 1831 5318 1963 5374; x_wconf 77' lang='lat' dir='ltr'><strong>locis</strong></span> 
     </span>
     <span class='ocr_line' id='line_1_92' title="bbox 473 5383 1963 5438; baseline 0.002 -3"><span class='ocrx_word' id='word_1_677' title='bbox 473 5398 520 5435; x_wconf 83' lang='lat' dir='ltr'>IS</span> <span class='ocrx_word' id='word_1_678' title='bbox 565 5383 846 5438; x_wconf 81' lang='lat' dir='ltr'><strong>Maximus.</strong></span> <span class='ocrx_word' id='word_1_679' title='bbox 880 5383 1162 5438; x_wconf 87' lang='lat' dir='ltr'><strong>l&#39;usiusoue</strong></span> <span class='ocrx_word' id='word_1_680' title='bbox 1197 5386 1251 5438; x_wconf 91' lang='lat' dir='ltr'><strong>in</strong></span> <span class='ocrx_word' id='word_1_681' title='bbox 1280 5385 1482 5438; x_wconf 68' lang='lat' dir='ltr'><strong>Ouazst.</strong></span> <span class='ocrx_word' id='word_1_682' title='bbox 1532 5401 1560 5438; x_wconf 90' lang='lat' dir='ltr'><strong>a</strong></span> <span class='ocrx_word' id='word_1_683' title='bbox 1647 5386 1963 5438; x_wconf 67' lang='lat' dir='ltr'><strong>Gregorium</strong></span> 
     </span>
    </p>
   </div>
   <div class='ocr_carea' id='block_1_92' title="bbox 395 5383 1964 5456">
    <p class='ocr_par' dir='ltr' id='par_1_92' title="bbox 395 5383 1964 5456">
     <span class='ocr_line' id='line_1_93' title="bbox 395 5383 1964 5456; baseline 0.004 -21"><span class='ocrx_word' id='word_1_684' title='bbox 395 5383 520 5456; x_wconf 55' lang='lat' dir='ltr'><strong>aliis</strong></span> <span class='ocrx_word' id='word_1_685' title='bbox 553 5383 846 5456; x_wconf 68' lang='lat' dir='ltr'><strong>Maximus,</strong></span> <span class='ocrx_word' id='word_1_686' title='bbox 880 5383 1162 5456; x_wconf 81' lang='lat' dir='ltr'><strong>fusiusque</strong></span> <span class='ocrx_word' id='word_1_687' title='bbox 1197 5386 1251 5456; x_wconf 86' lang='lat' dir='ltr'><strong>in</strong></span> <span class='ocrx_word' id='word_1_688' title='bbox 1280 5385 1482 5450; x_wconf 70' lang='lat' dir='ltr'><strong>Qumst.</strong></span> <span class='ocrx_word' id='word_1_689' title='bbox 1532 5383 1964 5456; x_wconf 12' lang='lat' dir='ltr'><strong>adiG‘regoriutn</strong></span> 
     </span>
    </p>
   </div>
   <div class='ocr_carea' id='block_1_93' title="bbox 396 5451 1966 5536">
    <p class='ocr_par' dir='ltr' id='par_1_93' title="bbox 396 5451 1966 5536">
     <span class='ocr_line' id='line_1_94' title="bbox 396 5451 1966 5536; baseline 0.004 -31"><span class='ocrx_word' id='word_1_690' title='bbox 396 5451 754 5521; x_wconf 82' lang='lat' dir='ltr'><strong>Theologum.</strong></span> <span class='ocrx_word' id='word_1_691' title='bbox 787 5453 863 5507; x_wconf 88' lang='lat' dir='ltr'><strong>Ac</strong></span> <span class='ocrx_word' id='word_1_692' title='bbox 903 5451 1124 5536; x_wconf 64' lang='lat' dir='ltr'><strong>quidem</strong></span> <span class='ocrx_word' id='word_1_693' title='bbox 1167 5455 1210 5509; x_wconf 92' lang='lat' dir='ltr'><strong>si</strong></span> <span class='ocrx_word' id='word_1_694' title='bbox 1260 5471 1442 5536; x_wconf 65' lang='lat' dir='ltr'><strong>sermo</strong></span> <span class='ocrx_word' id='word_1_695' title='bbox 1479 5463 1564 5509; x_wconf 90' lang='lat' dir='ltr'><strong>est</strong></span> <span class='ocrx_word' id='word_1_696' title='bbox 1599 5455 1666 5536; x_wconf 78' lang='lat' dir='ltr'><strong>de</strong></span> <span class='ocrx_word' id='word_1_697' title='bbox 1694 5451 1966 5536; x_wconf 51' lang='lat' dir='ltr'><strong>coaeterno</strong></span> 
     </span>
    </p>
   </div>
   <div class='ocr_carea' id='block_1_94' title="bbox 397 5525 1967 5603">
    <p class='ocr_par' dir='ltr' id='par_1_94' title="bbox 397 5525 1967 5603">
     <span class='ocr_line' id='line_1_95' title="bbox 397 5525 1967 5603; baseline 0.006 -31"><span class='ocrx_word' id='word_1_698' title='bbox 397 5533 731 5603; x_wconf 75' lang='lat' dir='ltr'><strong>proprie,_ut</strong></span> <span class='ocrx_word' id='word_1_699' title='bbox 761 5539 865 5603; x_wconf 81' lang='lat' dir='ltr'><strong>nec</strong></span> <span class='ocrx_word' id='word_1_700' title='bbox 888 5525 1173 5603; x_wconf 78' lang='lat' dir='ltr'><strong>yirtualem</strong></span> <span class='ocrx_word' id='word_1_701' title='bbox 1206 5526 1360 5594; x_wconf 87' lang='lat' dir='ltr'><strong>quasi</strong></span> <span class='ocrx_word' id='word_1_702' title='bbox 1407 5526 1806 5603; x_wconf 68' lang='lat' dir='ltr'><strong>successionem</strong></span> <span class='ocrx_word' id='word_1_703' title='bbox 1848 5530 1967 5603; x_wconf 82' lang='lat' dir='ltr'><strong>ejus</strong></span> 
     </span>
    </p>
   </div>
   <div class='ocr_carea' id='block_1_95' title="bbox 396 5592 1965 5664">
    <p class='ocr_par' dir='ltr' id='par_1_95' title="bbox 396 5592 1965 5664">
     <span class='ocr_line' id='line_1_96' title="bbox 396 5592 1965 5664; baseline 0.005 -20"><span class='ocrx_word' id='word_1_704' title='bbox 396 5592 715 5646; x_wconf 82' lang='lat' dir='ltr'><strong>exsistentia</strong></span> <span class='ocrx_word' id='word_1_705' title='bbox 759 5593 1040 5661; x_wconf 87' lang='lat' dir='ltr'><strong>admittat;</strong></span> <span class='ocrx_word' id='word_1_706' title='bbox 1076 5595 1154 5650; x_wconf 88' lang='lat' dir='ltr'><strong>sic</strong></span> <span class='ocrx_word' id='word_1_707' title='bbox 1186 5592 1396 5649; x_wconf 80' lang='lat' dir='ltr'><strong>certum</strong></span> <span class='ocrx_word' id='word_1_708' title='bbox 1428 5603 1512 5649; x_wconf 89' lang='lat' dir='ltr'><strong>est</strong></span> <span class='ocrx_word' id='word_1_709' title='bbox 1550 5595 1688 5648; x_wconf 84' lang='lat' dir='ltr'><strong>nihil</strong></span> <span class='ocrx_word' id='word_1_710' title='bbox 1724 5592 1965 5664; x_wconf 75' lang='lat' dir='ltr'><strong>potuisse</strong></span> 
     </span>
    </p>
   </div>
   <div class='ocr_carea' id='block_1_96' title="bbox 396 5664 1964 5738">
    <p class='ocr_par' dir='ltr' id='par_1_96' title="bbox 396 5664 1964 5738">
     <span class='ocr_line' id='line_1_97' title="bbox 396 5664 1964 5738; baseline 0.003 -20"><span class='ocrx_word' id='word_1_711' title='bbox 396 5675 518 5718; x_wconf 72' lang='lat' dir='ltr'><strong>esse</strong></span> <span class='ocrx_word' id='word_1_712' title='bbox 549 5672 878 5720; x_wconf 70' lang='lat' dir='ltr'><strong>eoaeternum</strong></span> <span class='ocrx_word' id='word_1_713' title='bbox 908 5664 1037 5720; x_wconf 89' lang='lat' dir='ltr'><strong>Deo.</strong></span> <span class='ocrx_word' id='word_1_714' title='bbox 1080 5665 1173 5721; x_wconf 89' lang='lat' dir='ltr'><strong>Sin</strong></span> <span class='ocrx_word' id='word_1_715' title='bbox 1206 5673 1391 5720; x_wconf 90' lang='lat' dir='ltr'><strong>autem</strong></span> <span class='ocrx_word' id='word_1_716' title='bbox 1419 5665 1486 5721; x_wconf 92' lang='lat' dir='ltr'><strong>de</strong></span> <span class='ocrx_word' id='word_1_717' title='bbox 1518 5673 1792 5721; x_wconf 81' lang='lat' dir='ltr'><strong>coaeterno</strong></span> <span class='ocrx_word' id='word_1_718' title='bbox 1819 5669 1964 5738; x_wconf 88' lang='lat' dir='ltr'><strong>quod</strong></span> 
     </span>
    </p>
   </div>
   <div class='ocr_carea' id='block_1_97' title="bbox 2069 4664 3641 4738">
    <p class='ocr_par' dir='ltr' id='par_1_97' title="bbox 2069 4664 3641 4738">
     <span class='ocr_line' id='line_1_98' title="bbox 2069 4664 3641 4738; baseline -0.001 -15"><span class='ocrx_word' id='word_1_719' title='bbox 2069 4678 2132 4723; x_wconf 91' lang='lat' dir='ltr'><strong>ut</strong></span> <span class='ocrx_word' id='word_1_720' title='bbox 2161 4684 2282 4723; x_wconf 89' lang='lat' dir='ltr'><strong>esse</strong></span> <span class='ocrx_word' id='word_1_721' title='bbox 2317 4684 2442 4723; x_wconf 90' lang='lat' dir='ltr'><strong>eum</strong></span> <span class='ocrx_word' id='word_1_722' title='bbox 2470 4685 2600 4723; x_wconf 85' lang='lat' dir='ltr'><strong>vere</strong></span> <span class='ocrx_word' id='word_1_723' title='bbox 2625 4685 2687 4724; x_wconf 91' lang='lat' dir='ltr'><strong>ac</strong></span> <span class='ocrx_word' id='word_1_724' title='bbox 2726 4669 2946 4738; x_wconf 88' lang='lat' dir='ltr'><strong>proprie</strong></span> <span class='ocrx_word' id='word_1_725' title='bbox 2971 4669 3200 4724; x_wconf 89' lang='lat' dir='ltr'><strong>credant</strong></span> <span class='ocrx_word' id='word_1_726' title='bbox 3235 4682 3298 4720; x_wconf 92' lang='lat' dir='ltr'><strong>ac</strong></span> <span class='ocrx_word' id='word_1_727' title='bbox 3339 4664 3641 4722; x_wconf 88' lang='lat' dir='ltr'><strong>conﬁtean-</strong></span> 
     </span>
    </p>
   </div>
   <div class='ocr_carea' id='block_1_98' title="bbox 2069 4758 3641 4831">
    <p class='ocr_par' dir='ltr' id='par_1_98' title="bbox 2069 4758 3641 4831">
     <span class='ocr_line' id='line_1_99' title="bbox 2069 4758 3641 4831; baseline -0.001 -17"><span class='ocrx_word' id='word_1_728' title='bbox 2069 4769 2180 4815; x_wconf 93' lang='lat' dir='ltr'><strong>tur.</strong></span> <span class='ocrx_word' id='word_1_729' title='bbox 2208 4761 2367 4816; x_wconf 84' lang='lat' dir='ltr'><strong>Fides</strong></span> <span class='ocrx_word' id='word_1_730' title='bbox 2391 4777 2628 4831; x_wconf 91' lang='lat' dir='ltr'><strong>namque</strong></span> <span class='ocrx_word' id='word_1_731' title='bbox 2658 4776 2785 4815; x_wconf 92' lang='lat' dir='ltr'><strong>vera</strong></span> <span class='ocrx_word' id='word_1_732' title='bbox 2821 4760 3066 4830; x_wconf 79' lang='lat' dir='ltr'><strong>cognitio</strong></span> <span class='ocrx_word' id='word_1_733' title='bbox 3097 4767 3204 4823; x_wconf 86' lang='lat' dir='ltr'><strong>est,</strong></span> <span class='ocrx_word' id='word_1_734' title='bbox 3235 4758 3641 4812; x_wconf 83' lang='lat' dir='ltr'><strong>indemonstra-</strong></span> 
     </span>
    </p>
   </div>
   <div class='ocr_carea' id='block_1_99' title="bbox 2066 4848 3644 4924">
    <p class='ocr_par' dir='ltr' id='par_1_99' title="bbox 2066 4848 3644 4924">
     <span class='ocr_line' id='line_1_100' title="bbox 2066 4848 3644 4924; baseline -0.004 -17"><span class='ocrx_word' id='word_1_735' title='bbox 2066 4853 2196 4908; x_wconf 90' lang='lat' dir='ltr'><strong>bilia</strong></span> <span class='ocrx_word' id='word_1_736' title='bbox 2243 4853 2455 4908; x_wconf 86' lang='lat' dir='ltr'><strong>habens</strong></span> <span class='ocrx_word' id='word_1_737' title='bbox 2496 4853 2790 4924; x_wconf 88' lang='lat' dir='ltr'><strong>principia,</strong></span> <span class='ocrx_word' id='word_1_738' title='bbox 2826 4861 2888 4907; x_wconf 89' lang='lat' dir='ltr'><strong>ut</strong></span> <span class='ocrx_word' id='word_1_739' title='bbox 2916 4867 3038 4920; x_wconf 67' lang='lat' dir='ltr'><strong>quae</strong></span> <span class='ocrx_word' id='word_1_740' title='bbox 3073 4865 3265 4906; x_wconf 90' lang='lat' dir='ltr'><strong>earum</strong></span> <span class='ocrx_word' id='word_1_741' title='bbox 3303 4864 3483 4904; x_wconf 88' lang='lat' dir='ltr'><strong>rerum</strong></span> <span class='ocrx_word' id='word_1_742' title='bbox 3515 4848 3644 4903; x_wconf 86' lang='lat' dir='ltr'><strong>sub-</strong></span> 
     </span>
    </p>
   </div>
   <div class='ocr_carea' id='block_1_100' title="bbox 2063 4939 3644 5014">
    <p class='ocr_par' dir='ltr' id='par_1_100' title="bbox 2063 4939 3644 5014">
     <span class='ocr_line' id='line_1_101' title="bbox 2063 4939 3644 5014; baseline -0.003 -14"><span class='ocrx_word' id='word_1_743' title='bbox 2063 4945 2263 5000; x_wconf 88' lang='lat' dir='ltr'><strong>stantia</strong></span> <span class='ocrx_word' id='word_1_744' title='bbox 2293 4945 2538 5009; x_wconf 79' lang='lat' dir='ltr'><strong>exsistat,</strong></span> <span class='ocrx_word' id='word_1_745' title='bbox 2561 4960 2682 5014; x_wconf 82' lang='lat' dir='ltr'><strong>quae</strong></span> <span class='ocrx_word' id='word_1_746' title='bbox 2708 4945 2816 4998; x_wconf 85' lang='lat' dir='ltr'><strong>vim</strong></span> <span class='ocrx_word' id='word_1_747' title='bbox 2847 4958 3067 4998; x_wconf 92' lang='lat' dir='ltr'><strong>omnem</strong></span> <span class='ocrx_word' id='word_1_748' title='bbox 3096 4941 3296 4997; x_wconf 90' lang='lat' dir='ltr'><strong>mentis</strong></span> <span class='ocrx_word' id='word_1_749' title='bbox 3327 4956 3390 4996; x_wconf 90' lang='lat' dir='ltr'><strong>ac</strong></span> <span class='ocrx_word' id='word_1_750' title='bbox 3414 4939 3644 4996; x_wconf 85' lang='lat' dir='ltr'><strong>rationis</strong></span> 
     </span>
    </p>
   </div>
   <div class='ocr_carea' id='block_1_101' title="bbox 2064 5033 2360 5090">
    <p class='ocr_par' dir='ltr' id='par_1_101' title="bbox 2064 5033 2360 5090">
     <span class='ocr_line' id='line_1_102' title="bbox 2064 5033 2360 5090; baseline -0.007 -1"><span class='ocrx_word' id='word_1_751' title='bbox 2064 5033 2360 5090; x_wconf 81' lang='lat' dir='ltr'><strong>excedunt.</strong></span> 
     </span>
    </p>
   </div>
   <div class='ocr_carea' id='block_1_102' title="bbox 2137 5121 3640 5192">
    <p class='ocr_par' dir='ltr' id='par_1_102' title="bbox 2137 5121 3640 5192">
     <span class='ocr_line' id='line_1_103' title="bbox 2137 5121 3640 5192; baseline -0.002 -15"><span class='ocrx_word' id='word_1_752' title='bbox 2137 5123 2223 5178; x_wconf 74' lang='grc'><strong>10.</strong></span> <span class='ocrx_word' id='word_1_753' title='bbox 2265 5123 2431 5188; x_wconf 88' lang='lat' dir='ltr'><strong>Deus,</strong></span> <span class='ocrx_word' id='word_1_754' title='bbox 2473 5137 2657 5178; x_wconf 89' lang='lat' dir='ltr'><strong>rerum</strong></span> <span class='ocrx_word' id='word_1_755' title='bbox 2700 5131 2756 5177; x_wconf 90' lang='lat' dir='ltr'><strong>et</strong></span> <span class='ocrx_word' id='word_1_756' title='bbox 2808 5121 3140 5192; x_wconf 85' lang='lat' dir='ltr'><strong>principium</strong></span> <span class='ocrx_word' id='word_1_757' title='bbox 3170 5132 3256 5178; x_wconf 89' lang='lat' dir='ltr'><strong>est</strong></span> <span class='ocrx_word' id='word_1_758' title='bbox 3297 5131 3353 5179; x_wconf 92' lang='lat' dir='ltr'><strong>et</strong></span> <span class='ocrx_word' id='word_1_759' title='bbox 3399 5121 3640 5178; x_wconf 88' lang='lat' dir='ltr'><strong>medium</strong></span> 
     </span>
    </p>
   </div>
   <div class='ocr_carea' id='block_1_103' title="bbox 2065 5316 3640 5375">
    <p class='ocr_par' dir='ltr' id='par_1_103' title="bbox 2065 5316 3640 5375">
     <span class='ocr_line' id='line_1_104' title="bbox 2065 5316 3640 5375; baseline -0.003 0"><span class='ocrx_word' id='word_1_760' title='bbox 2065 5322 2371 5375; x_wconf 83' lang='lat' dir='ltr'><strong>extrinsece</strong></span> <span class='ocrx_word' id='word_1_761' title='bbox 2401 5317 2692 5375; x_wconf 68' lang='lat' dir='ltr'><strong>aeternitati</strong></span> <span class='ocrx_word' id='word_1_762' title='bbox 2727 5333 2848 5371; x_wconf 90' lang='lat' dir='ltr'><strong>cum</strong></span> <span class='ocrx_word' id='word_1_763' title='bbox 2907 5317 3128 5372; x_wconf 86' lang='lat' dir='ltr'><strong>virtuali</strong></span> <span class='ocrx_word' id='word_1_764' title='bbox 3162 5316 3510 5372; x_wconf 84' lang='lat' dir='ltr'><strong>successione</strong></span> <span class='ocrx_word' id='word_1_765' title='bbox 3551 5332 3640 5372; x_wconf 90' lang='lat' dir='ltr'><strong>re-</strong></span> 
     </span>
    </p>
   </div>
   <div class='ocr_carea' id='block_1_104' title="bbox 2065 5387 3639 5458">
    <p class='ocr_par' dir='ltr' id='par_1_104' title="bbox 2065 5387 3639 5458">
     <span class='ocr_line' id='line_1_105' title="bbox 2065 5387 3639 5458; baseline -0.002 -15"><span class='ocrx_word' id='word_1_766' title='bbox 2065 5390 2350 5458; x_wconf 78' lang='lat' dir='ltr'><strong>Spondeat,</strong></span> <span class='ocrx_word' id='word_1_767' title='bbox 2373 5405 2479 5442; x_wconf 90' lang='lat' dir='ltr'><strong>non</strong></span> <span class='ocrx_word' id='word_1_768' title='bbox 2510 5389 2668 5442; x_wconf 83' lang='lat' dir='ltr'><strong>facile</strong></span> <span class='ocrx_word' id='word_1_769' title='bbox 2698 5388 2873 5442; x_wconf 88' lang='lat' dir='ltr'><strong>evinei</strong></span> <span class='ocrx_word' id='word_1_770' title='bbox 2906 5395 3087 5458; x_wconf 87' lang='lat' dir='ltr'><strong>potest</strong></span> <span class='ocrx_word' id='word_1_771' title='bbox 3123 5404 3230 5442; x_wconf 90' lang='lat' dir='ltr'><strong>non</strong></span> <span class='ocrx_word' id='word_1_772' title='bbox 3259 5387 3501 5456; x_wconf 90' lang='lat' dir='ltr'><strong>potuisse</strong></span> <span class='ocrx_word' id='word_1_773' title='bbox 3525 5401 3639 5458; x_wconf 66' lang='lat' dir='ltr'><strong>rem</strong></span> 
     </span>
    </p>
   </div>
   <div class='ocr_carea' id='block_1_105' title="bbox 2066 5456 3640 5527">
    <p class='ocr_par' dir='ltr' id='par_1_105' title="bbox 2066 5456 3640 5527">
     <span class='ocr_line' id='line_1_106' title="bbox 2066 5456 3640 5527; baseline -0.001 -16"><span class='ocrx_word' id='word_1_774' title='bbox 2066 5456 2302 5527; x_wconf 84' lang='lat' dir='ltr'><strong>aliquam</strong></span> <span class='ocrx_word' id='word_1_775' title='bbox 2337 5459 2420 5511; x_wconf 90' lang='lat' dir='ltr'><strong>vel</strong></span> <span class='ocrx_word' id='word_1_776' title='bbox 2455 5458 2718 5513; x_wconf 91' lang='lat' dir='ltr'><strong>mundum</strong></span> <span class='ocrx_word' id='word_1_777' title='bbox 2760 5456 2938 5527; x_wconf 86' lang='lat' dir='ltr'><strong>ipsum</strong></span> <span class='ocrx_word' id='word_1_778' title='bbox 2986 5458 3066 5512; x_wconf 93' lang='lat' dir='ltr'><strong>sic</strong></span> <span class='ocrx_word' id='word_1_779' title='bbox 3108 5458 3176 5512; x_wconf 86' lang='lat' dir='ltr'><strong>ab</strong></span> <span class='ocrx_word' id='word_1_780' title='bbox 3217 5467 3422 5511; x_wconf 74' lang='lat' dir='ltr'><strong>zelerno</strong></span> <span class='ocrx_word' id='word_1_781' title='bbox 3455 5471 3486 5510; x_wconf 89' lang='lat' dir='ltr'><strong>a</strong></span> <span class='ocrx_word' id='word_1_782' title='bbox 3528 5456 3640 5510; x_wconf 89' lang='lat' dir='ltr'><strong>Deo</strong></span> 
     </span>
    </p>
   </div>
   <div class='ocr_carea' id='block_1_106' title="bbox 2066 5526 3636 5596">
    <p class='ocr_par' dir='ltr' id='par_1_106' title="bbox 2066 5526 3636 5596">
     <span class='ocr_line' id='line_1_107' title="bbox 2066 5526 3636 5596; baseline -0.002 -15"><span class='ocrx_word' id='word_1_783' title='bbox 2066 5526 2261 5589; x_wconf 83' lang='lat' dir='ltr'><strong>creari,</strong></span> <span class='ocrx_word' id='word_1_784' title='bbox 2288 5526 2361 5580; x_wconf 90' lang='lat' dir='ltr'><strong>ita</strong></span> <span class='ocrx_word' id='word_1_785' title='bbox 2389 5537 2450 5580; x_wconf 89' lang='lat' dir='ltr'><strong>ut</strong></span> <span class='ocrx_word' id='word_1_786' title='bbox 2477 5542 2693 5596; x_wconf 88' lang='lat' dir='ltr'><strong>semper</strong></span> <span class='ocrx_word' id='word_1_787' title='bbox 2716 5526 3168 5591; x_wconf 29' lang='lat' dir='ltr'><strong>ei’eoexsisteret,</strong></span> <span class='ocrx_word' id='word_1_788' title='bbox 3203 5527 3281 5579; x_wconf 92' lang='lat' dir='ltr'><strong>uti</strong></span> <span class='ocrx_word' id='word_1_789' title='bbox 3308 5535 3362 5581; x_wconf 88' lang='lat' dir='ltr'><strong>et</strong></span> <span class='ocrx_word' id='word_1_790' title='bbox 3392 5527 3447 5579; x_wconf 91' lang='lat' dir='ltr'><strong>in</strong></span> <span class='ocrx_word' id='word_1_791' title='bbox 3474 5533 3636 5579; x_wconf 63' lang='lat' dir='ltr'><strong>reter-</strong></span> 
     </span>
    </p>
   </div>
   <div class='ocr_carea' id='block_1_107' title="bbox 2065 5596 3635 5667">
    <p class='ocr_par' dir='ltr' id='par_1_107' title="bbox 2065 5596 3635 5667">
     <span class='ocr_line' id='line_1_108' title="bbox 2065 5596 3635 5667; baseline -0.001 -17"><span class='ocrx_word' id='word_1_792' title='bbox 2065 5613 2196 5650; x_wconf 88' lang='lat' dir='ltr'><strong>num</strong></span> <span class='ocrx_word' id='word_1_793' title='bbox 2228 5596 2322 5650; x_wconf 92' lang='lat' dir='ltr'><strong>Dei</strong></span> <span class='ocrx_word' id='word_1_794' title='bbox 2352 5611 2580 5652; x_wconf 90' lang='lat' dir='ltr'><strong>munere</strong></span> <span class='ocrx_word' id='word_1_795' title='bbox 2608 5598 2682 5651; x_wconf 90' lang='lat' dir='ltr'><strong>illi</strong></span> <span class='ocrx_word' id='word_1_796' title='bbox 2715 5599 3041 5662; x_wconf 78' lang='lat' dir='ltr'><strong>coexsistet,</strong></span> <span class='ocrx_word' id='word_1_797' title='bbox 3075 5597 3192 5667; x_wconf 91' lang='lat' dir='ltr'><strong>ipso</strong></span> <span class='ocrx_word' id='word_1_798' title='bbox 3223 5597 3277 5649; x_wconf 94' lang='lat' dir='ltr'><strong>in</strong></span> <span class='ocrx_word' id='word_1_799' title='bbox 3309 5605 3635 5665; x_wconf 87' lang='lat' dir='ltr'><strong>perpetuum</strong></span> 
     </span>
    </p>
   </div>
   <div class='ocr_carea' id='block_1_108' title="bbox 2064 5667 3452 5732">
    <p class='ocr_par' dir='ltr' id='par_1_108' title="bbox 2064 5667 3452 5732">
     <span class='ocr_line' id='line_1_109' title="bbox 2064 5667 3452 5732; baseline -0.001 -10"><span class='ocrx_word' id='word_1_800' title='bbox 2064 5676 2443 5732; x_wconf 84' lang='lat' dir='ltr'><strong>conservante,</strong></span> <span class='ocrx_word' id='word_1_801' title='bbox 2467 5667 2570 5722; x_wconf 90' lang='lat' dir='ltr'><strong>etsi</strong></span> <span class='ocrx_word' id='word_1_802' title='bbox 2603 5668 2776 5726; x_wconf 88' lang='lat' dir='ltr'><strong>libero</strong></span> <span class='ocrx_word' id='word_1_803' title='bbox 2808 5669 3029 5726; x_wconf 84' lang='lat' dir='ltr'><strong>decreto</strong></span> <span class='ocrx_word' id='word_1_804' title='bbox 3062 5684 3126 5723; x_wconf 85' lang='lat' dir='ltr'><strong>ac</strong></span> <span class='ocrx_word' id='word_1_805' title='bbox 3154 5667 3452 5724; x_wconf 85' lang='lat' dir='ltr'><strong>voluntate.</strong></span> 
     </span>
    </p>
   </div>
  </div>
