4128 6210
423 302 558 370 1039

1270 299 1609 359 CAPITUM
1644 297 1917 357 THEOL.
1961 297 2055 356 ET
2094 296 2332 357 (ῈΩΟΝ.
2377 298 2769 360 CENTURIA
2808 293 2860 359 ῐ,

3546 292 3686 358 1090

416 420 526 468 πᾶν
568 413 623 465 δὲ
668 414 780 473 τοίς
806 409 1084 480 ἑλομένοις
1118 410 1291 478 αὐτὴν
1325 408 1527 477 ἀγαθὸν
1552 407 1997 477 demoverat-cat,

2108 407 2376 461 diabolica
2431 408 2713 473 domatur,
2757 418 2874 463 tum
2928 401 3135 463 bimum
3190 414 3374 468 omne,
3424 402 3535 468 his.
3591 406 3688 473 (Ιιιί

414 504 511 558 καὶ
543 500 979 574 ἀραδιούργητον
1007 499 1451 567 διαφυλάττεται.

488 691 586 750 ις’.
616 685 673 739 Ὀ
696 684 987 748 πιστεύων,
1016 682 1282 752 φοϐεῖται·
1318 681 1419 734 ὁδὲ
1442 679 1775 749 φοϐούμενος
1805 695 2003 731 ταπει-

435 773 644 828 νοῦταιε
664 778 690 827 6
706 774 762 826 δὲ
781 774 1223 843 ταπεινούμενος,
1249 772 1574 839 πραΰνεται,
1602 770 1699 841 τὴν
1723 770 1830 821 τῶν
1850 769 2005 841 παρά

424 865 586 935 φύσιν
611 864 703 917 τοῦ
730 864 905 934 θυμοῦ
942 864 1039 917 καὶ
1081 864 1180 931 τῆς
1217 862 1514 932 ἐπιθυμίας
1550 862 1867 932 κινημάτων
1904 863 1997 915 ἀν-

421 958 717 1028 ενέργητον
739 956 852 1021 ἕξιν
872 954 1073 1008 λαϐὼν*
1098 956 1125 1007 6
1146 954 1200 1006 δὲ
1240 954 1440 1023 πραῢς,
1467 956 1623 1023 τηρεῖ
1638 953 1736 1015 τὰς
1762 953 1999 1016 ἐντολάς*

412 1049 509 1104 ὁδὶ
533 1048 717 1119 τηρῶν
748 1047 847 1111 τὰς
875 1046 1115 1109 ἐντολὰς,
1148 1046 1497 1115 καθαίρεται’
1528 1048 1556 1098 6
1584 1046 1643 1097 δὲ
1673 1044 1998 1115 καθαρθεὶς,

412 1141 771 1209 ὲλλάμπεταιο
797 1139 900 1192 όδὲ
920 1137 1270 1208 ὲλλαμφθεὶς,
1303 1140 1360 1191 ὲν
1393 1136 1471 1207 τῷ
1500 1136 1735 1207 ταμιείῳ
1765 1136 1870 1187 τῶν
1910 1154 2002 1206 μυο

416 1233 654 1303 στηρῐων
680 1230 931 1298 ἀξιοῦται
960 1230 1039 1301 τῷ
1070 1230 1291 1301 νυμφίῳ
1329 1230 1486 1301 Λόγῳ
1518 1228 1997 1297 συγκοιτασθῆναι.

490 1486 580 1552 ιζ’.
612 1488 823 1557 Ὥσπερ
846 1485 1114 1557 γεωργὸς,
1147 1485 1289 1556 ὑπὲρ
1316 1484 1412 1538 τοῦ
1450 1502 1504 1537 τι
1533 1484 1642 1538 τῶν
1668 1485 1878 1559 ἀγρίων
1904 1503 2001 1555 με·

414 1578 754 1650 ταφυτεῦσαι
777 1579 1009 1650 δένδρων
1032 1578 1253 1649 ἑπιτήδε
1263 1594 1340 1631 ιον
1368 1578 1586 1633 σκοπῶν
1608 1578 1832 1650 χωρίον,
1852 1579 2001 1631 ἀνελο

420 1673 599 1742 πίστῳ
641 1670 904 1742 θησαυρῷ
933 1670 1280 1740 περιπίπτει’
1317 1668 1462 1723 οὕτω
1492 1669 1587 1722 καὶ
1618 1672 1723 1733 πᾶς
1750 1670 1998 1740 ἀσκητὴς

420 1764 800 1832 ταπεινόφρων
846 1762 943 1815 καὶ
975 1762 1275 1826 ἄπλαστος,
1330 1762 1425 1815 καὶ
1471 1760 1615 1822 λεῖος
1657 1760 1798 1813 κατὰ
1821 1760 2000 1831 ψυχὴν
2035 1752 2073 1804 Β

421 1854 521 1924 τῆς
550 1852 741 1922 ὑλικῆς
769 1851 1091 1922 δασύτητος,
1137 1851 1281 1904 κατὰ
1308 1851 1399 1903 τὸν
1426 1851 1844 1922 μακαριώτατον
1892 1852 2001 1903 Ἰα-

422 1944 560 2011 κὼσ,
608 1945 715 1998 ὑπὸ
759 1942 852 1996 τοῦ
895 1945 1106 2015 Πατρός
1142 1942 1502 2014 ἐρωτώμενος
1552 1943 1653 2013 τῆς
1692 1945 2002 2013 ἐπιστήμης

418 2035 512 2092 τὸν
538 2036 759 2108 τρόπον·
792 2036 853 2089 Τί
897 2034 1073 2089 τοῦτο
1103 2035 1134 2089 ὃ
1179 2034 1330 2102 ταχὺ
1360 2030 1552 2102 εὗρες,
1595 2037 1845 2100 τέκνον;
1870 2036 2004 2087 ἁπο-

418 2123 868 2196 κρίνεταιλέγων’
883 2126 951 2177 Ὃ
962 2123 1269 2191 παρέδωκε
1286 2125 1500 2191 Κύριος
1517 2127 1549 2178 ό
1562 2124 1707 2189 Θεὸς
1723 2124 2006 2177 ἐναντίον

411 2236 555 2289 μου.
597 2217 766 2270 Ὅταν
810 2216 920 2288 γὰρ
947 2218 1078 2287 ἡμῖν
1113 2216 1141 2269 ὁ
1172 2215 1303 2279 Θεὸς
1335 2216 1561 2288 παραδῷ
1606 2217 1704 2288 τῆς
1743 2217 1878 2279 ἰδίας
1920 2231 2007 2269 σο-

419 2310 551 2381 φίας
580 2309 649 2362 τὰ
678 2309 820 2378 σοφὰ
861 2308 1199 2381 θεωρήματα
1232 2308 1482 2380 καμάτου
1512 2307 1703 2379 χωρὶς,
1744 2308 1803 2360 οὐ
1837 2323 2006 2378 προσ-

419 2404 705 2474 δοκήσασι,
754 2402 1023 2475 θησαυρὸν
1056 2400 1316 2471 ἐξαίφνης
1350 2399 1721 2470 πνευματικὸν
1769 2399 2004 2471 εὑρηκέ-

421 2516 509 2551 ναι
551 2496 884 2567 νομίσωμεν.
920 2495 1169 2564 Γεωργδς
1202 2494 1311 2566 γάρ
1361 2493 1727 2565 πνευματικός
1776 2494 1924 2545 ἐστιν
1977 2492 2006 2543 6

421 2589 641 2659 δόκιμος
666 2589 934 2658 ἀσκητὴς,
964 2586 1061 2657 τὴν
1102 2587 1235 2658 πρὸς
1278 2586 1531 2657 αἴσθησιν
1563 2585 1722 2656 [unus
1750 2584 1879 2655 Reg.
1906 2584 2007 2654 τὴν

424 2676 706 2749 αίσθητδν]
747 2677 854 2731 τῶν
886 2676 1098 2747 ὁρατῶν
1144 2677 1398 2748 θεωρίαν,
1445 2675 1522 2739 ὡς
1560 2677 1750 2747 ἄγριον
1791 2674 2008 2747 δένδρον

424 2769 559 2841 πρὸς
597 2770 696 2839 τὴν
729 2767 837 2821 τῶν
867 2768 1075 2837 νοητῶν
1118 2766 1302 2838 χώραν
1348 2766 1759 2837 μιταφυτεύων·
1790 2766 1882 2819 καὶ
1911 2765 2008 2836 θη-

426 2861 624 2933 σαυρὸν
668 2860 957 2929 εὑρίσκων,
990 2859 1091 2929 τὴν
1127 2858 1267 2912 κατά
1312 2858 1471 2929 χάριν
1515 2856 1614 2927 τῆς
1665 2858 1723 2909 ὲν
1753 2858 1865 2920 τοῖς
1890 2850 2008 2909 οὖσι

426 2953 617 3021 σοφίας
654 2952 980 3021 φανέρωσιν.

2109 496 2281 564 ipsam
2330 497 2618 567 elegerint,
2661 504 2972 567 praestatur,
3023 489 3366 561 iiimsumque
3419 506 3484 546 ac
3517 492 3691 547 inViO-

2105 588 2275 643 latum
2314 600 2583 643 servatur.
3497 590 3505 600 “

2180 680 2264 734 16.
2305 679 2407 746 Qui
2468 681 2665 745 credit,
2715 682 2915 737 timore
2968 681 3319 741 concutitur;
3366 675 3461 745 qui
3504 686 3689 730 autem

2108 770 2304 824 timore
2360 774 2701 836 concutitur,
2758 773 2972 826 animos
3008 772 3167 841 ponit
3221 786 3287 827 ac
3341 768 3686 823 humiliatnr.

2105 861 2256 914 mitis
2300 860 2360 913 ﬁt
2392 870 2448 914 et
2488 870 2831 923 mansuetus,
2883 862 3119 917 inertem
3179 876 3244 915 ac
3285 869 3549 917 ouantem
3607 864 3691 917 in-

2105 948 2438 1001 naturalium
2476 949 2570 1003 irae
2620 957 2675 1003 et
2708 950 3029 1019 cupiditatis
3074 957 3324 1005 motuum
3366 961 3561 1007 nactus
3588 953 3690 1008 lia-

2105 1038 2282 1092 bitum
2312 1056 2324 1093 :
2356 1040 2506 1094 mitis
2532 1057 2698 1111 porro
2723 1051 2780 1095 et
2810 1050 3152 1107 mansuetus,
3186 1042 3441 1098 mandata
3470 1054 3687 1100 servat:

2103 1134 2197 1201 qui
2227 1142 2408 1187 autem
2427 1144 2609 1188 servat
2628 1136 2903 1199 mandata,
2933 1144 3225 1205 purgatur;
3253 1145 3517 1207 purgatus
3533 1154 3688 1202 vero,

2105 1224 2411 1278 illustratur
2447 1244 2458 1277 :
2498 1225 2803 1279 illustratus
2825 1225 3089 1295 denique,
3119 1226 3173 1280 in
3198 1226 3455 1297 penitiori
3492 1237 3694 1299 myste-

2106 1317 2316 1370 riorum
2355 1318 2624 1379 conclavi,
2668 1334 2794 1373 cum
2828 1320 3011 1373 Verbo
3049 1334 3253 1389 sponso
3292 1318 3437 1374 thori
3478 1330 3690 1377 secreta

2105 1415 2291 1462 tenere
2334 1418 2597 1463 meretur.

2176 1498 2261 1551 17.
2324 1499 2800 1565 Quemadmodum
2848 1501 2935 1555 vir
2994 1502 3256 1572 agricola,
3318 1502 3449 1557 dum
3497 1517 3691 1573 agrum

2102 1591 2490 1653 commodum,
2555 1591 2609 1644 in
2676 1607 2787 1661 quo
2850 1592 3133 1647 silvestres
3193 1594 3410 1662 aliquas
3466 1594 3695 1650 arbores

2105 1680 2489 1747 transplantet,
2544 1682 2787 1749 dispicit,
2840 1682 3122 1750 insperato
3154 1682 3210 1735 in
3251 1683 3573 1738 thesaurum
3605 1683 3694 1737 in-

2104 1766 2239 1820 cidit
2274 1785 2285 1819 :
2316 1770 2394 1821 sic
2434 1785 2655 1837 quoque
2692 1770 2945 1839 quisquis
2979 1772 3272 1841 religiosus
3304 1772 3503 1836 cultor,
3527 1786 3694 1826 sensu

2105 1858 2387 1911 modestus
2442 1875 2505 1912 ac
2560 1859 2790 1929 simplex
2842 1861 3138 1930 animoque
3203 1860 3345 1916 lenis
3384 1877 3414 1916 a
3472 1868 3695 1916 terrena

2105 1948 2339 2000 hirsutie
2374 1964 2437 2002 ac
2488 1948 2779 2015 pilositate,
2840 1950 2986 2003 haud
3036 1965 3196 2007 secus
3243 1966 3306 2006 ac
3339 1951 3696 2006 beatissimus

2102 2038 2292 2100 Jacob,
2328 2038 2575 2103 exsistit;
2634 2048 2990 2107 percontante
3043 2040 3204 2112 565
3242 2052 3397 2112 patre
3445 2042 3694 2099 scientice

2105 2127 2326 2180 modum
2368 2146 2380 2179 :
2421 2125 2555 2191 Quid
2612 2129 2705 2179 hoc
2756 2129 2895 2197 quod
2938 2139 3048 2182 tam
3102 2132 3203 2183 cito
3257 2132 3524 2197 invenisti,
3561 2132 3697 2201 ﬁli?

2108 2215 2403 2285 respondet
2452 2215 2681 2269 dicens:
2716 2214 2865 2280 Quod
2902 2217 3122 2269 tradidit
3168 2217 3425 2273 Dominus
3458 2219 3598 2274 Deus
3634 2220 3693 2274 in

2106 2317 2380 2377 conspectu
2434 2323 2547 2360 meo
2578 2308 2619 2361 ³.
2657 2308 2793 2360 Cum
2840 2308 2987 2361 enim
3034 2308 3181 2362 Deus
3236 2309 3520 2379 sapientiae
3569 2325 3686 2366 sua:

2107 2398 2513 2469 sapientissima
2586 2399 2925 2453 theoremata
2984 2399 3411 2471 (solertissimas
3480 2402 3695 2458 scilicet

2109 2492 2351 2546 rationes
2403 2507 2468 2547 ac
2524 2490 3044 2560 contemplationes)
3096 2492 3249 2545 nullo
3306 2491 3497 2548 labore
3552 2492 3690 2547 nihil

2108 2580 2559 2649 exspectantibus
2634 2579 2805 2633 nobis
2860 2578 3173 2643 tradiderit,
3227 2579 3532 2649 Spiritalem
3589 2594 3695 2635 nos

2112 2672 2430 2726 thesaurum
2466 2670 2745 2726 invenisse
2791 2672 3192 2728 existimemus.
3241 2672 3515 2727 Probatus
3542 2671 3693 2726 enim

2110 2762 2477 2828 Exercitator,
2512 2763 2780 2833 spiritalis
2822 2765 3061 2835 agricola
3101 2774 3207 2831 est,
3246 2779 3432 2819 rerum
3478 2764 3697 2822 scilicet

2110 2854 2288 2910 oculis
2331 2856 2707 2927 subjectarum
2754 2872 2862 2926 qua
2906 2872 3071 2912 sensu
3121 2856 3526 2927 percipiuntur,
3562 2871 3694 2926 spe-

2112 2948 2468 3013 culationem,
2504 2948 2649 3002 haud
2680 2963 2842 3003 secus
2867 2963 2931 3003 ac
2977 2948 3283 3004 silvestrem
3329 2947 3608 3014 arborem,
3635 2948 3693 3004 in

424 3059 609 3100 rerum
662 3042 1015 3113 spiritalium,
1066 3056 1130 3097 ac
1167 3056 1290 3112 quae
1338 3048 1523 3095 mente
1586 3038 1996 3109 intelliguntur,
2041 3039 2218 3094 solum
2261 3040 2688 3109 transplantans,
2743 3047 2911 3108 atque
2990 3038 3312 3094 thesaurum
3376 3037 3691 3104 otl’endens,

424 3153 622 3209 nempe
664 3153 788 3209 qua:
830 3154 930 3209 per
968 3138 1198 3210 gratiam
1238 3144 1343 3199 est,
1369 3134 1657 3205 sapientia:
1686 3132 2002 3189 exsistentis
2040 3134 2094 3188 in
2148 3133 2314 3188 rebus
2366 3133 2886 3186 manifestationem.

494 3255 590 3321 ιη’.
638 3250 830 3319 Ἀφνω
868 3246 1252 3318 προσπεσοῦσα
1293 3245 1495 3314 γνῶσις
1530 3244 1689 3298 θείων
1718 3243 2007 3313 θεωρημά-
2035 3230 2076 3285 (ἶ

423 3341 531 3394 τῶν
560 3340 638 3411 τῷ
670 3342 883 3411 ἀσκητῇ
924 3344 997 3411 μὴ
1035 3340 1472 3410 προσδοκήσαντι
1501 3336 1588 3389 διά
1612 3337 1713 3406 τὴν
1738 3335 2005 3387 ταπείνω-

426 3447 531 3497 σιν,
564 3429 813 3500 κατακλᾷ
855 3430 945 3481 τὸν
983 3428 1246 3498 λογισμὸν
1273 3422 1537 3497 τοῦπρδς
1571 3425 1835 3490 ἐπίδειξιν
1869 3424 2008 3494 μετά

425 3523 673 3591 καμάτου
724 3522 819 3574 καὶ
859 3521 1025 3573 πόνου
1056 3519 1262 3589 ταύτην
1305 3517 1615 3587 ζητοῦντος,
1662 3517 1755 3569 καὶ
1801 3516 1875 3586 μὴ
1914 3516 2005 3568 εὑο

426 3612 707 3683 ρίσκοντος
741 3628 753 3640 ⁸
796 3611 892 3665 καὶ
940 3612 1104 3680 γεννᾷ
1143 3608 1221 3679 τῷ
1260 3608 1453 3678 ἄφρονι
1494 3606 1687 3674 φθόνον
1716 3606 1839 3673 είκῆ
1871 3606 2007 3675 πρὸς

426 3705 515 3758 τδν
554 3706 803 3774 ἀδελφὸν,
842 3705 937 3757 καὶ
970 3702 1129 3773 φόνου
1169 3702 1418 3772 μελέτην,
1455 3699 1548 3754 καὶ
1596 3698 1776 3768 ἑαυτῷ
1806 3698 2003 3767 λύπην,

425 3796 515 3852 διὰ
544 3798 606 3853 τὸ
638 3799 715 3869 μὴ
739 3797 881 3868 ἔχειν
911 3796 1010 3867 τὴν
1040 3798 1104 3849 ὲκ
1133 3794 1240 3849 τῶν
1274 3793 1514 3848 ἐπαίνων
1540 3791 1827 3860 φυσίωσιν,

502 4040 590 4095 ιθθ.
643 4042 708 4094 Ol.
751 4037 1041 4109 ζητοῦντες
1088 4036 1227 4106 μετὰ
1275 4034 1439 4088 πόνου
1480 4032 1704 4101 γνῶσιν,
1748 4030 1841 4083 καί
1876 4031 2009 4082 ἀπο-

429 4130 811 4201 τυγχάνοντες,
846 4130 880 4200 ἢ
914 4130 1003 4182 διὰ
1050 4127 1310 4181 ἀπιστίαν
1345 4122 1807 4193 ἀποτυγχάνουσι,
1850 4122 1883 4192 ἢ
1920 4138 2009 4173 τυ-

430 4222 522 4292 χὺν
543 4222 631 4275 διὰ
662 4221 722 4274 τὸ
748 4221 933 4288 ἀφυῶς
959 4217 1173 4289 μέλλειν
1196 4217 1391 4279 αὐτοὺς
1441 4213 2008 4284 ἀντιφιλονεικοῦντας

430 4311 753 4384 ἐπαίρεσθαι
782 4311 849 4379 (c)
880 4308 1025 4363 κατά
1056 4308 1167 4362 τῶν
1210 4306 1607 4376 γινωσκόντων,
1669 4304 1744 4365 ὼς
1796 4306 1824 4357 6
1880 4303 2009 4366 λα’,ς

433 4402 773 4474 πάλαι-κατά
801 4400 1080 4463 Μωῦσέως
1107 4415 1121 4429 ο
1166 4398 1307 4471 πρὸς
1339 4396 1431 4460 οὓς
1459 4397 1486 4449 6
1518 4398 1679 4465 νόμος
1714 4396 1830 4466 ἐρεῖ
1873 4395 2011 4446 δεόν-

429 4512 559 4559 τως,
577 4496 660 4548 ὅτι
692 4491 1175 4563 παραϐιασάμενοί
1199 4507 1364 4554 τινες,
1387 4488 1662 4558 ἀνέδησαν
1683 4489 1762 4550 είς
1780 4486 1840 4539 τὸ
1862 4486 2007 4555 ὄρος,

2185 3225 2269 3277 18.
2310 3224 2447 3278 Cum
2497 3232 2745 3291 repente,
2779 3222 2917 3276 nihil
2954 3222 3061 3278 tale
3097 3237 3211 3291 pra:
3244 3220 3563 3277 humilitate
3599 3234 3692 3276 eo-

2107 3316 2302 3387 gitanti
2355 3316 2623 3369 monacho
2678 3316 2979 3384 (cxcrcenti
3030 3314 3240 3369 scilicet
3283 3313 3355 3367 ad
3406 3313 3694 3385 pietatem)

2108 3410 2421 3464 divinorum
2450 3408 2857 3463 theorematmn
2892 3422 3292 3478 scnsorumque
3333 3406 3563 3462 scientia
3601 3406 3692 3462 in-

2108 3501 2326 3563 ciderit,
2345 3502 2466 3570 ejus
2486 3498 2689 3569 frangit
2710 3500 2975 3561 animum,
3001 3500 3094 3567 qui
3120 3498 3507 3554 ostentationis
3525 3513 3692 3553 causa

2108 3607 2234 3646 cum
2275 3591 2461 3645 labore
2506 3599 2565 3667 et
2592 3599 2793 3644 conatu
2830 3590 3135 3658 qua'sitam,
3182 3590 3409 3644 minime
3444 3604 3567 3644 eam
3604 3588 3693 3644 of-

2108 3683 2319 3747 fendit;
2376 3690 2692 3752 temcrcque
2735 3682 3016 3751 insipienti
3062 3681 3322 3735 invidiam
3353 3681 3555 3737 conﬁat
3595 3680 3695 3735 ad-

2108 3789 2303 3827 versus
2356 3772 2612 3837 fratrem,
2646 3784 2701 3827 et
2754 3782 2815 3827 ut
2857 3789 3046 3827 necem
3100 3772 3176 3826 illi
3222 3772 3502 3837 moliatur,
3551 3772 3690 3827 sibi-

2108 3881 2215 3935 qne
2256 3865 2371 3935 ipse
2419 3866 2586 3918 animi
2638 3866 2880 3919 dolorem
2914 3866 3165 3928 asciscat,
3209 3863 3356 3933 quod
3395 3879 3544 3929 eum,
3595 3864 3692 3934 qui

2108 3967 2173 4007 ex
2225 3953 2481 4007 laudibus
2509 3963 2614 4016 est,
2652 3954 2828 4008 fastus
2867 3954 3107 4014 deﬁciat,
3152 3962 3345 4007 auctor
3376 3954 3615 4009 exsistit.

2182 4044 2267 4097 l9.
2308 4043 2425 4110 Qui'
2480 4045 2670 4099 labore
2738 4055 3109 4115 contentaque
3153 4060 3323 4113 opera
3380 4052 3693 4114 qumrentes

2108 4136 2416 4199 scientiam,
2465 4136 2583 4205 ejus
2637 4136 2862 4190 minime
2913 4146 3199 4204 compotes
3249 4136 3425 4200 ﬁunt,
3471 4143 3532 4189 ut
3578 4150 3690 4189 non

2109 4225 2244 4281 ﬁant
2294 4234 2390 4280 aut
2423 4226 2782 4281 incredulitas
2814 4227 2867 4280 in
2897 4242 3064 4280 causa
3104 4234 3207 4291 est,
3252 4234 3348 4280 aut
3374 4225 3515 4280 forte
3541 4225 3690 4296 quod

2110 4317 2356 4371 futurum
2413 4318 2486 4371 sit
2527 4326 2585 4371 ut
2634 4334 2825 4386 parum
2874 4318 3109 4388 ingenue
3155 4317 3425 4372 adversus
3465 4332 3561 4373 eos
3591 4317 3688 4387 qui

2109 4408 2233 4462 fulti
2288 4409 2516 4463 scientia
2558 4419 2707 4471 sunt,
2758 4409 3165 4463 contcnsiosius
3194 4409 3274 4463 eis
3304 4408 3685 4481 repugnando,

2110 4495 2308 4548 animis
2360 4496 2686 4559 clferantur,
2737 4495 2883 4549 haud
2931 4511 3091 4550 secus
3142 4512 3205 4551 ac
3262 4496 3395 4551 olim
3444 4496 3684 4566 populus

431 4586 527 4636 καὶ
580 4582 802 4651 ἐξῆλθεν
829 4583 857 4635 ὁ
904 4582 1231 4651 Ἀμορραῖος
1263 4581 1291 4631 6
1312 4577 1475 4631 οἰκῶν
1503 4578 1559 4629 ὲν
1596 4575 1676 4645 τῷ
1715 4575 1830 4647 ὄρει
1861 4573 2005 4627 ὲκεί-

2108 4584 2372 4639 adversns
2420 4586 2676 4655 Moysut;
2724 4587 2777 4641 in
2804 4602 2943 4655 quos
2988 4588 3073 4641 lex
3118 4588 3316 4641 merito
3368 4587 3515 4642 dicat
3574 4586 3685 4641 vim

432 4690 544 4740 νῳ,
603 4674 697 4725 καὶ
754 4672 1085 4741 ἐτίτρωσκεν
1133 4669 1351 4732 αὐτούς.
1427 4667 1667 4736 Ἀνάγκη
1721 4667 1829 4737 γὰρ
1881 4666 2007 4729 τοὺς

434 4764 746 4829 δπιδείξεως
778 4765 961 4818 ἕνεκεν
994 4761 1525 4835 ἐπιμορφιζομένους
1552 4760 1651 4831 τὴν
1680 4758 1901 4832 ἀρετὴν,
1932 4758 2006 4829 μὴ

436 4858 595 4926 μόνον
626 4858 955 4929 σφάλλεσθαι
974 4856 1261 4919 δολοῦντας
1290 4855 1388 4926 τὴν
1419 4852 1886 4914 εὐσέϐειαν,νάλλὰ
1912 4852 2006 4905 καὶ

434 4951 537 5003 ὑπὸ
567 4952 659 5005 τοῦ
685 4953 987 5014 συνειδότος
1019 4947 1436 5019 τιτρώσκεσθαι.

2114 4672 2309 4730 fecisse
2333 4676 2601 4744 quosdam
2635 4689 2693 4729 ut
2719 4678 3083 4732 ascenderent
3116 4677 3170 4730 in
3202 4687 3476 4743 montem;
3503 4691 3691 4747 egres-

2114 4780 2347 4833 sumqne
2390 4766 2801 4832 Amorrhazum,
2858 4769 3062 4822 montis
3108 4768 3254 4822 illius
3298 4767 3554 4831 incolam,
3594 4782 3693 4821 eos

2115 4856 2433 4910 cecidisse“.
2462 4857 2696 4913 Necesse
2753 4861 2899 4913 enim
2945 4868 3113 4914 estut
3162 4860 3277 4930 qui,
3310 4857 3694 4913 ostentationis

2115 4963 2300 5013 causa,
2352 4949 2572 5004 virtutis
2598 4951 2804 5004 larvam
2852 4964 3158 5016 assumunt,
3208 4952 3411 5007 nedum
3453 4966 3549 5021 spe
3593 4965 3691 5007 sua

432 5044 788 5111 frustrentur,
818 5045 949 5101 dum
980 5046 1236 5114 pietatem
1265 5042 1599 5103 adulterant,
1624 5054 1813 5093 verum
1840 5039 2032 5105 etiam,
2073 5042 2405 5098 conscientia
2465 5045 2730 5109 credente,
2757 5046 2983 5100 vulnera
3015 5045 3304 5115 accipiant.

501 5208 521 5237 ‘
542 5205 679 5260 Gen.
700 5219 865 5267 xxvn,
889 5202 978 5257 20.
1055 5205 1076 5235 ⁸
1094 5203 1257 5258 Num.
1284 5220 1393 5267 xiv,
1416 5202 1511 5268 40;
1544 5202 1703 5257 Deut.
1726 5218 1764 5265 ι,
1788 5204 1874 5256 Η.

504 5337 571 5407 (c)
621 5332 841 5406 ’Ᾱφυῶς
891 5336 1261 5405 ἐπαίρεσθαι.
1301 5336 1500 5403 Quasi,
1553 5336 1747 5407 stulte,
1794 5335 2005 5407 inepte,

432 5405 593 5486 male,
622 5405 686 5462 et
704 5408 860 5486 quasi
888 5408 1057 5486 invita
1082 5416 1297 5486 natura,
1330 5423 1450 5486 quae
1479 5406 1799 5486 modestiam
1827 5405 2011 5486 potius

431 5481 706 5533 suaderet.
731 5478 1273 5546 ὲπιμορςραζομένους
1294 5477 1390 5546 τὴν
1411 5478 1636 5546 ἀρετήν,
1655 5477 1870 5530 virtutis
1891 5491 2013 5544 spe-

431 5547 570 5601 ciem
594 5545 966 5616 pracl‘erentes.
987 5545 1132 5601 Bene
1151 5547 1296 5601 enim
1315 5545 1498 5601 Varin.
1527 5546 2011 5616 ὲπιμορφάζοντες,

433 5614 882 5700 σχηματίζοντες.
910 5616 1021 5700 Νρσ
1058 5618 1237 5700 placet
1276 5616 1544 5700 :l‘hes‘aur.
1587 5614 1735 5700 quod
1774 5630 1894 5700 eam
1936 5615 2011 5668 si-

434 5682 839 5753 gniﬁcationem
884 5682 1293 5741 solum'tribuat
1320 5686 1489 5740 verbo
1533 5682 2015 5755 μορφίζω,ιιιίιιιιι-

2109 5334 2545 5407 queessedieat
2580 5336 2733 5390 verbi
2766 5336 3048 5407 μορφάζω,
3077 5336 3221 5407 quod
3255 5336 3487 5407 Hesych.
3516 5336 3692 5407 νεύειν

2112 5404 2435 5458 reddiderit.
2463 5406 2691 5460 Videtur
2720 5404 2849 5462 sane
2882 5404 3148 5462 remotior
3190 5405 3305 5461 haec
3346 5404 3497 5460 vocis
3546 5406 3694 5460 illius

2113 5473 2469 5544 signiﬁcatio;
2497 5477 2678 5546 nativa
2702 5493 2854 5541 vero,
2881 5493 3042 5546 quam
3076 5476 3440 5545 compositum
3472 5476 3690 5540 retinet,

2113 5559 2219 5615 qua
2259 5552 2316 5597 et
2348 5545 2596 5615 crebrius
2629 5546 2860 5601 Maximo
2896 5556 3213 5615 usurpatur.
3257 5546 3431 5599 liabet
3467 5556 3524 5599 et
3553 5546 3692 5614 ipsc,

2114 5630 2163 5667 c.
2198 5613 2266 5668 25
2313 5631 2325 5665 :
2374 5614 2767 5684 pop;t§6psvo;
2810 5616 3011 5684 φιλίαν*
3035 5613 3357 5669 amicitiam
3397 5613 3694 5682 simulans,

2116 5698 2234 5747 seu,
2270 5684 2381 5755 ejus
2416 5682 2621 5739 (mam
2655 5682 2962 5757 praferens,
2999 5696 3054 5741 ut
3089 5688 3330 5759 proximo
3356 5697 3563 5741 noceat.
