4066 6188
1611 147 1646 176 ἢ

446 288 575 351 1093
1281 287 1614 348 CAPITUM
1652 288 1922 349 THEOL.
1965 289 2010 348 E

2106 290 2336 351 [ΕΟΟΝ.
2380 290 2769 353 CENTURIA
2809 295 2858 353 Ι.
3548 297 3685 363 1091

438 400 672 472 Χριστὸν
697 398 972 461 ἀπλοῖκῶς
999 397 1034 469 ἢ
1063 398 1348 469 γινόμενον
1374 402 1407 470 ἢ
1439 401 1752 471 λεγόμενον,
1787 402 2005 471 ἥρπασε

2108 419 2250 467 rum,
2299 404 2380 457 vel
2435 404 2716 474 quidpiam
2746 405 3054 460 Christiana
3089 404 3275 460 indole
3319 408 3469 462 omni
3498 413 3688 479 procul

437 491 531 543 καὶ
571 489 844 560 διέφθειρε
880 506 894 518 ·
947 489 1176 559 μυρίους
1209 492 1494 560 καταχέων
1523 491 1767 562 μώμους,
1801 486 1875 545 ὧν
1904 495 2019 557 τοῖς

438 581 614 648 λόγοις
643 579 676 648 ἢ
711 581 822 642 τοῖς
851 579 1044 648 ἤθεσιν
1078 580 1378 634 ἐπιτίθεται
1404 597 1419 613 ·
1456 581 1647 652 ὥσπερ
1674 581 2017 646 κατάσκοπος

438 675 533 742 τῆς
563 673 622 723 ἐν
644 671 864 741 Χριστῷ
898 671 1006 724 τῶν
1034 671 1280 740 ἀδελφῶν
1323 673 1656 744 ἐλευθερίας.

513 921 628 980 κς¹.
670 914 730 966 '0
767 915 1192 987 ὑποκρινόμενος
1219 919 1428 989 σιωπὴν
1466 921 1802 991 κακουργίας
1829 921 2010 994 χάριν,

435 1006 512 1077 τῷ
565 1007 791 1076 πλησίον
845 1007 1186 1062 τεκταίνεται
1243 1008 1394 1063 δόλον
1427 1025 1439 1039 ·
1502 1005 1563 1063 οὗ
1621 1013 2011 1083 ἀποτυγχάνων

437 1097 645 1161 ἄπεισι,
672 1097 750 1168 τῷ
792 1099 908 1169 ἰδίῳ
945 1098 1108 1152 πάθει
1154 1100 1523 1171 προσθέμενος
1572 1102 1783 1174 όδύνην.
1849 1108 1906 1158 'O
1953 1105 2010 1157 δὲ

439 1188 657 1240 σιωπῶν
701 1189 968 1257 ὠφελείας
1004 1191 1187 1260 χάριν,
1237 1190 1440 1261 ηὔξησε
1493 1193 1712 1260 φιλίαν,
1765 1195 1860 1248 καὶ
1906 1199 2011 1250 ἁπ-

441 1277 714 1333 ελεύσεται
749 1280 975 1351 χαίρων,
1023 1282 1098 1346 ὠς
1143 1280 1320 1335 λαϐὼν
1350 1284 1626 1354 φωτισμὸν
1672 1285 1895 1350 σκότους
1919 1286 2010 1339 λυ-

438 1369 641 1439 τήριον.

509 1543 608 1607 κζ’.
680 1544 738 1596 '0
778 1545 837 1596 ὲν
885 1545 1143 1618 συνεδρίῳ
1189 1547 1363 1618 λόγων
1412 1550 1672 1621 ἀκρόασιν
1721 1552 2008 1622 προπετῶς

438 1635 775 1702 ἀνακόπτων,
815 1636 914 1690 οὐκ
963 1637 1121 1690 ἔλαθε
1179 1640 1475 1709 φιλοδοξίαν
1526 1643 1696 1695 νοσῶν
1727 1661 1742 1675 ο
1801 1645 1890 1712 ὑφ’
1937 1641 2006 1717 ἦς

445 1727 797 1797 ἁλισκόμενος
820 1767 834 1790 ,
894 1728 1120 1798 μυρίους
1149 1731 1509 1801 προϐάλλεται
1533 1733 1766 1805 δρόμους
1789 1736 1883 1788 καὶ
1915 1753 2007 1789 πε-

441 1818 724 1889 ριδρόμους
780 1819 1114 1891 προτάσεων,
1164 1822 1256 1876 τὸν
1307 1821 1500 1894 εἱρμὸν
1547 1823 1654 1876 τῶν
1696 1823 2006 1895 λεγομένων

437 1911 717 1981 διαστῆσαι
750 1909 1089 1983 βουλόμενος.
1178 1911 1184 1922 “

511 2101 615 2166 κη’.
655 2096 715 2148 ὐ
771 2095 953 2165 σοφὸς,
1005 2096 1100 2150 καὶ
1150 2097 1418 2152 διδάσκων
1465 2100 1562 2154 καὶ
1604 2100 2004 2172 διδασκόμενος,

443 2185 576 2254 μόνα
611 2187 856 2258 βούλεται
892 2187 961 2240 τά
989 2187 1305 2260 ὠφελοῦντα
1349 2191 1694 2246 διδάσκεσθαι
1736 2193 1830 2245 καὶ
1857 2193 2005 2248 διδά-

441 2296 588 2333 σκειν
614 2299 626 2311 ·
662 2283 690 2334 ό
715 2280 770 2334 δὲ
793 2265 1010 2352 δοκήσει
1047 2281 1226 2350 σορὸς,
1263 2285 1357 2337 καὶ
1396 2284 1614 2355 ἐρωτῶν
1657 2285 1751 2338 καὶ
1795 2286 2007 2357 ἐρωτώ-

442 2373 696 2440 μενος,τά
727 2375 1130 2446 περιεργότερα
1165 2377 1324 2447 μόνον
1356 2376 1744 2449 προϐάλλεται.

510 2547 611 2601 κθ’.
633 2541 734 2600 ’Ὧν
760 2549 986 2619 μετέσχε
1018 2567 1098 2613 τις
1126 2551 1265 2604 κατὰ
1291 2551 1424 2605 Θεοῦ
1455 2555 1612 2624 χάριν
1642 2557 1882 2624 ἀγαθῶν,
1913 2558 2004 2611 καὶ

439 2641 617 2705 ἄλλοις
647 2640 894 2710 ἀρθόνως
925 2642 1246 2712 μεταδοῦναι
1274 2644 1554 2716 χρεώστης
1593 2648 1729 2702 ἐστί.
1776 2649 2006 2718 Δωρεὰν

438 2733 564 2804 γὰρ,
591 2734 776 2802 φησιν,
811 2733 1071 2799 ἐλάϐετε,
1103 2733 1328 2802 δωρεὰν
1354 2736 1508 2791 δότε.
1546 2738 1603 2793 Ὀ
1625 2740 1731 2810 γὰρ
1759 2742 1861 2794 ὑπὸ
1903 2743 2004 2813 γῆν

439 2825 694 2892 κρύπτων
725 2822 822 2892 τὴν
855 2823 1084 2893 δωρεὰν,
1111 2823 1185 2888 ὡς
1220 2825 1454 2895 σκληρὸν
1482 2826 1753 2879 διαϐάλλει
1790 2829 1880 2881 τὸν
1917 2829 2005 2881 κύ-

439 2931 570 2982 ρτον,
599 2913 770 2981 φειδοῖ
798 2915 897 2985 τῆς
928 2915 1126 2987 σαρκὸς
1164 2916 1259 2986 τὴν
1297 2917 1495 2987 ἀρετὴν
1524 2916 1902 2990 ἑξομνύμενος.
1945 2923 2003 2974 Ὀ

436 3004 488 3056 δὲ
519 3006 842 3076 πιπράσκων
865 3005 1081 3078 ἐχθροῖς
1109 3008 1207 3076 τὴν
1252 3009 1530 3078 ἀλήθειαν,
1582 3009 1807 3082 ὕστερον
1840 3014 2001 3078 ἁλοὺς

435 3095 509 3159 ῶς
538 3097 827 3166 φιλόδοξος,
855 3099 930 3170 μὴ
958 3100 1137 3170 φέρων
1161 3100 1259 3171 τὴν
1282 3101 1544 3172 αἰσχύνην
1570 3103 1894 3174 ἀπάγχεται.

2119 494 2442 563 duplicitate
2469 496 2672 550 factum
2700 497 2976 552 dictumve
3006 496 3297 561 invenerit,
3329 498 3474 567 rapit
3508 500 3691 556 statim

2117 599 2182 637 ac
2208 585 2535 655 corrumpit,
2563 585 2872 641 innumeris
2894 603 3192 656 aspergens
3211 587 3556 654 criminibus,
3575 605 3692 654 eos,

2119 674 2172 726 in
2207 691 2444 743 quorum
2480 693 2766 732 sermones
2821 687 2916 731 aut
2976 694 3158 733 mores
3213 680 3530 744 invehitur,
3580 691 3696 736 tan-

2116 782 2276 833 quam
2316 767 2526 821 scilicet
2580 770 2896 838 explorator
2947 769 3220 824 libertatis
3266 769 3518 834 l‘ratrum,
3575 788 3697 841 qua:

2114 863 2200 908 est
2246 855 2301 908 in
2343 854 2566 910 Christo
2594 857 2722 911 .lcsu
2756 861 2798 910 ".
3165 925 3168 930 .

2182 945 2270 999 26.
2311 945 2415 1010 Qui
2452 947 2691 1016 maligno
2729 947 2995 1016 \‘al‘roque
3037 948 3269 1002 consilio
3303 950 3584 1005 silentium
3617 952 3694 1006 si-

2114 1035 2304 1098 mulat,
2362 1035 2549 1088 dolum
2601 1039 2854 1106 proximo
2906 1037 3260 1094 machinatur
3309 1058 3322 1094 :
3371 1039 3532 1113 467
3577 1043 3695 1097 fru-

2113 1133 2398 1195 stratoque
2428 1137 2631 1182 conatu
2673 1129 2810 1194 abit,
2849 1132 3045 1186 morbo
3076 1132 3155 1185 illi
3189 1148 3290 1187 suo
3343 1149 3407 1187 ac
3445 1135 3692 1198 all‘ectui,

2111 1216 2299 1271 dolore
2360 1220 2639 1289 adjuncto.
2698 1221 2800 1287 Qui
2867 1233 3049 1277 autem
3118 1225 3391 1278 commodi
3462 1227 3696 1298 alicujus

2110 1309 2281 1375 gratia
2315 1309 2460 1373 silet,
2499 1312 2797 1366 amicitiam
2849 1325 3031 1384 auget,
3069 1331 3131 1368 ac
3164 1316 3385 1370 recedet
3422 1318 3687 1386 gaudens,

2107 1398 2259 1451 velut
2303 1399 2510 1454 scilicet
2567 1402 2990 1460 illustrationem
3036 1415 3250 1470 nactus,
3291 1423 3397 1476 qua
3454 1410 3695 1466 tenebrae

2108 1486 2492 1557 dispellantur.

2178 1579 2266 1632 27.
2309 1578 2410 1645 Qui
2461 1581 2514 1635 in
2563 1584 2838 1638 communi
2887 1584 3117 1639 fratrum
3167 1587 3402 1643 concilio
3444 1590 3694 1645 auditum

2106 1683 2412 1722 sermonem
2458 1674 2663 1742 majore
2709 1676 2958 1742 procacia
2994 1677 3372 1748 interrumpit,
3404 1681 3550 1736 haud
3597 1683 3693 1738 ob—

2045 1740 2084 1795 Β
2115 1773 2275 1812 scure
2311 1759 2491 1815 inanis
2527 1764 2711 1831 gloria:
2737 1765 2873 1818 vitio
2904 1781 2961 1820 se
3003 1767 3252 1822 laborare
3284 1772 3554 1837 ostendit;
3587 1789 3692 1842 qua

2113 1849 2323 1904 scilicet
2367 1861 2581 1920 captus,
2629 1855 2951 1910 innumeros
3013 1861 3446 1928 propositionum
3501 1880 3696 1920 cursus

2112 1946 2278 2008 atQue
2308 1942 2586 2012 ambages,
2617 1947 2887 2002 sermonis
2913 1949 3112 2003 seriem
3138 1949 3539 2018 intercidendo,
3570 1969 3696 2024 pro»

2112 2029 2288 2096 ponit.
3293 2093 3298 2098 .

2181 2119 2270 2173 28.
2306 2119 2556 2188 Sapiens,
2595 2123 2708 2177 sive
2749 2123 2944 2180 doceat
2974 2127 3088 2183 sive
3125 2128 3409 2194 doceatur,
3449 2146 3514 2186 ea
3549 2131 3690 2185 dun-

2116 2217 2262 2264 taxat
2313 2211 2498 2264 doceri
2548 2215 2665 2267 vult
2696 2230 2761 2269 ac
2789 2215 3011 2284 docere,
3059 2221 3178 2289 q'uae
3209 2221 3365 2275 utilia
3411 2230 3557 2276 sunt.
3591 2223 3694 2289 Qui

2113 2317 2242 2356 vero
2269 2303 2452 2370 specie
2483 2314 2640 2359 tenus
2673 2307 2931 2377 larvaque
2960 2311 3261 2380 sapientem
3285 2321 3543 2377 ostentat,
3580 2317 3695 2368 sive

2112 2377 2274 2461 quem
2313 2395 2427 2463 ipse
2472 2390 2846 2464 percontetur,
2897 2401 3012 2455 sive
3061 2417 3127 2456 ex
3179 2403 3299 2473 ipso
3349 2409 3694 2474 percontanti

2112 2484 2461 2552 respondeat,
2494 2487 2797 2542 curiosiora
2837 2490 3179 2546 solummodo
3211 2493 3480 2550 obtendit.

2179 2576 2268 2630 ‘29.
2321 2577 2452 2643 Qua:
2500 2579 2625 2648 quis
2670 2581 2810 2636 bona
2851 2582 3039 2638 divino
3093 2601 3321 2641 munere
3363 2597 3695 2646 consecutus

2115 2676 2221 2731 est,
2259 2669 2373 2737 ipse
2420 2687 2640 2741 quoque
2676 2673 2824 2743 large
2875 2675 2997 2729 aliis
3045 2677 3314 2746 impartiri
3369 2679 3553 2734 debet.
3605 2680 3694 2734 Ait

2110 2758 2279 2823 enim,
2307 2760 2483 2816 Gratis
2517 2765 2808 2834 accepistis,
2843 2767 3010 2835 gratis
3042 2768 3166 2821 date
3192 2770 3254 2822 ¹⁰.
3292 2769 3394 2835 Qui
3421 2770 3566 2823 enim
3599 2786 3692 2824 ac-

2111 2859 2330 2917 ceptum
2363 2851 2564 2906 donum
2610 2855 2663 2908 in
2698 2864 2844 2910 terra
2871 2857 3178 2922 abscondit,
3223 2860 3348 2914 duri
3381 2875 3444 2914 ac
3487 2861 3692 2916 austeri

2116 2941 2325 2995 crimen
2365 2943 2587 2998 domino
2617 2947 2865 3018 impingit
2894 2950 2972 3012 “;
3004 2951 3099 3019 qui
3140 2952 3400 3006 nimirum
3436 2963 3498 3006 ut
3541 2955 3691 3008 carni

2109 3041 2296 3098 parcat
2324 3050 2387 3089 ac
2417 3035 2714 3107 indulgeat,
2746 3040 3011 3096 virtutum
3041 3043 3190 3096 cultu
3230 3043 3511 3099 laboribus
3540 3043 3691 3114 fungi

2034 3107 2074 3161 C
2109 3120 2374 3193 defugiat.
2427 3125 2530 3191 Qui
2583 3124 2772 3184 autem
2825 3130 3078 3186 hostibus
3131 3134 3418 3189 veritatem
3469 3107 3690 3200 vendit“,

436 3195 621 3259 postea
670 3189 1044 3259 deprehensus
1074 3200 1236 3260 atque
1282 3193 1587 3260 convictus,
1622 3196 1773 3250 velut
1824 3197 2003 3254 inanis
2039 3207 2225 3274 gloriae
2247 3189 2503 3283 cupidus,
2575 3218 2842 3287 probrum
2880 3237 2987 3275 non
3050 3221 3256 3286 ferens,
3290 3223 3395 3278 sibi
3420 3224 3536 3293 ipse
3569 3223 3691 3278 fau-

439 3295 528 3334 ces
561 3279 835 3349 praefocat.

507 3371 572 3423 λ’.
600 3371 738 3433 Τοὺς
764 3370 843 3422 ἔτι
861 3370 1169 3436 δειλιῶντας
1195 3372 1288 3426 τὸν
1312 3374 1448 3443 πρὸς
1473 3375 1539 3428 τὰ
1570 3375 1720 3446 πάθη
1747 3376 2003 3448 πόλεμον,

437 3463 531 3516 καὶ
559 3461 925 3532 φοϐουμένους
957 3461 1054 3532 τὴν
1085 3463 1194 3516 τῶν
1243 3465 1490 3533 ἀοράτων
1533 3465 1742 3537 ἐχθρῶν
1790 3467 2008 3536 ἐπιδρο-

440 3554 568 3625 μὴν,
596 3553 807 3623 σιωπᾷν
843 3552 924 3605 δεῖ
955 3570 968 3584 ·
1005 3553 1268 3618 τουτέστι,
1301 3556 1390 3607 τὸν
1425 3555 1566 3627 ὑπὲρ
1589 3556 1791 3628 ἀρετῆς
1822 3557 2007 3628 ἀντιρ.

439 3645 657 3716 ρητικὸν
698 3644 773 3714 μὴ
829 3645 1299 3716 μεταχειρίζεσθαι
1351 3646 1552 3717 τρόπον
1583 3663 1598 3676 ⁸
1649 3647 1783 3700 ἀλλά
1829 3663 2008 3718 παρα-

437 3738 634 3806 χωρεῖν
664 3735 740 3805 τῷ
763 3734 880 3805 Θεῷ
912 3734 978 3788 δι’
1034 3736 1220 3806 εὐχῆς,
1279 3736 1375 3808 τὴν
1418 3737 1555 3808 ὑπὲρ
1597 3737 1805 3791 ἑαυτῶν
1855 3737 2010 3808 μέρι-

442 3845 578 3900 μναν
611 3844 624 3858 ·
661 3827 794 3897 πρὸς
824 3826 916 3892 οὒς
949 3828 1007 3880 ἐν
1072 3826 1267 3898 Ἐξόδῳ
1291 3826 1508 3896 λέγεται
1539 3845 1552 3858 ο
1588 3829 1800 3896 Κύριος
1832 3836 2009 3885 πολε-

365 3929 373 3935 ·
434 3919 612 3990 μήσει
641 3921 773 3990 περὶ
823 3921 1010 3992 ὑμῶν,
1059 3921 1155 3976 καὶ
1194 3921 1363 3991 ὑμεῖς
1395 3922 1743 3990 σιγήσεσθε.
1789 3925 1927 3989 Τοὺς
1951 3925 2008 3980 δὲ

440 4015 539 4083 ἤδη
573 4013 712 4083 μετά
751 4013 847 4084 τὴν
881 4013 1158 4082 ἀναίρεσιν
1198 4013 1307 4066 τῶν
1343 4013 1666 4080 διωκόντων,
1719 4018 1844 4078 τοὺς
1899 4017 2009 4070 τῶν

438 4103 645 4172 ἀρετῶν
685 4103 1072 4174 ἐπιζητοῦντας
1106 4101 1343 4172 τρόπους
1387 4104 1522 4174 πρὸς
1559 4103 1875 4174 εὐγνώμονα
1903 4106 2008 4177 μά-

439 4197 613 4268 θησιν,
647 4197 762 4250 δέον
787 4197 929 4266 ἔχειν
959 4196 1118 4266 μόνον
1142 4197 1482 4267 ἠνεῳγμένον
1517 4197 1614 4267 τῆς
1662 4196 1897 4261 διανοίας
1949 4199 2010 4251 τὸ

438 4288 527 4350 οὒς
557 4305 570 4318 ο
619 4288 752 4357 πρὸς
783 4287 875 4351 οὖς
903 4304 1088 4356 φησιν,
1119 4287 1336 4340 Ἀκουε
1379 4285 1634 4354 Ἰσραήλ.
1666 4285 1757 4356 Τῷ
1789 4288 1844 4339 δὲ
1878 4288 2007 4356 σφό-

437 4380 538 4448 δρα
567 4378 654 4432 διὰ
683 4381 780 4450 τὴν
808 4379 1096 4450 κάθαρσιν,
1127 4380 1224 4448 τῆς
1259 4377 1407 4440 θείας
1436 4378 1709 4448 ἐφιεμένῳ
1730 4377 2005 4446 γνώσεως,

438 4474 692 4543 ἁρμόδιος
724 4475 756 4542 ἡ
789 4473 1019 4544 εὐλαϐὴς
1064 4473 1346 4544 παρρησία
1376 4489 1389 4502 ·
1429 4471 1563 4540 πρὸς
1603 4471 1664 4526 ὃν
1706 4473 2005 4545 εἰρήσεται,

446 4566 502 4616 Τί
519 4564 678 4632 ,ϐοᾷς
705 4567 854 4630 πρός
885 4580 999 4632 με;
1033 4563 1243 4617 Οὐκοῦν
1272 4566 1378 4634 ὅτῳ
1406 4565 1504 4633 μὲν
1532 4565 1710 4639 σιωπὴ
1735 4565 1821 4620 διὰ
1841 4567 2004 4633 φόεον

438 4657 862 4724 προστέτακται,
895 4657 1205 4725 πρόσφορος
1246 4655 1405 4725 μόνον
1433 4657 1465 4725 ἡ
1498 4654 1635 4726 πρὸς
1669 4656 1802 4709 Θεὸν
1835 4675 2005 4713 κατα·
2036 4641 2082 4699 D

438 4749 582 4817 φυγή
613 4763 631 4821 ἢ
649 4747 755 4816 ὅτῳ
783 4746 840 4799 δὲ
891 4746 1112 4800 ἀκούειν
1157 4747 1614 4816 παρακελεύεται,
1663 4750 1920 4819 ἁρμόδιος
1973 4753 2008 4821 ὴ

437 4837 570 4908 πρὸς
607 4819 856 4908 ύπακοὴν
888 4837 997 4891 τῶν
1036 4838 1196 4891 θείων
1227 4839 1453 4892 ἐντολῶν
1487 4840 1772 4912 ἑτοιμότης
1804 4857 1818 4871 ·
1853 4842 1932 4912 τῷ
1954 4842 2011 4896 δὲ

437 4927 743 4996 γνωστικῷ,
780 4927 840 4981 τὸ
886 4927 952 4980 δι’
1010 4927 1222 4981 ἱκεσίαν
1279 4929 1582 4994 ἀπαύστως
1633 4931 1763 5002 βοᾷν
1827 4933 2011 5004 tama-

433 5015 594 5082 δειον,
634 5018 772 5089 ὑπέρ
810 5035 871 5070 τε
898 5019 998 5088 τῆς
1039 5019 1148 5072 τῶν
1198 5019 1383 5074 κακῶν
1418 5021 1754 5094 ἀποτροπῆς,
1795 5024 1889 5078 καὶ
1918 5024 2012 5078 εὑ-

436 5111 720 5180 χαριστίας
750 5111 848 5180 τῆς
872 5111 982 5165 τῶν
1009 5111 1230 5179 ἀγαθῶν
1268 5113 1577 5183 μετουσίας.

502 5279 603 5332 λα’.
647 5280 912 5334 Οὐδέποτε
959 5281 1108 5351 ψυχὴ
1153 5278 1378 5334 δύναται
1413 5282 1549 5352 πρὸς
1600 5282 1802 5349 γνῶσιν
1842 5283 1999 5340 ἑκτα-

433 5369 596 5438 θῆναι
621 5371 779 5439 Θεοῦ,
813 5374 862 5426 εί
897 5372 972 5443 μὴ
1008 5371 1174 5435 αὐτὸς
1201 5375 1230 5426 ὁ
1252 5373 1383 5436 Θεὸς
1421 5373 1829 5442 συγκαταὸάσει
1867 5393 2006 5446 χρη-

435 5462 671 5531 σάμενος
709 5462 912 5533 ἅψηται
954 5463 1147 5533 αὐτῆς,
1193 5463 1291 5518 καὶ
1330 5465 1584 5536 ἀναγάγῃ
1615 5463 1753 5536 πρὸς
1791 5466 2004 5523 ἑαυτόν.

437 5643 522 5701 l5.

473 5575 526 5664 ν’
543 5574 716 5632 Galat.
743 5593 801 5641 ιι,
825 5579 876 5632 ι.
955 5578 998 5610 ¹⁰
1021 5577 1213 5635 Matth.
1237 5595 1290 5646 χ,
1315 5580 1366 5634 8.
1444 5580 1485 5611 ¹¹
1525 5577 1714 5632 Matth.
1757 5596 1881 5645 xxv,
1921 5581 2010 5636 24.

2112 5584 2131 5614 ¹
2175 5584 2342 5639 Exod.
2396 5603 2503 5654 xw,
2545 5589 2631 5643 Η.
2725 5591 2945 5649 “Deut.
3003 5613 3073 5662 vr,
3121 5601 3173 5651 4.

2177 3385 2266 3439 50.
2310 3388 2412 3454 Qui
2459 3391 2640 3447 adhuc
2689 3394 2993 3452 timidiores
3041 3406 3190 3460 sunt.
3241 3415 3405 3469 quam
3451 3411 3512 3456 ut
3559 3404 3689 3461 belli

2109 3476 2307 3532 molem
2338 3479 2601 3536 adversus
2620 3485 3066 3552 perturbationes
3089 3488 3333 3558 vitiaque
3359 3492 3686 3561 sustineant,

2107 3560 2575 3660 invisibiliunuLue
2616 3569 2855 3624 hostium
2896 3562 3312 3642 impressionem
3356 3578 3688 3642 formidant.

2107 3665 2286 3720 Operae
2302 3657 2533 3724 pretium
2560 3659 2629 3711 sit
2655 3668 2715 3712 ut
2740 3661 2934 3715 sileant
2954 3705 2966 3726 ,
3001 3665 3214 3719 tuenda:
3240 3668 3453 3722 scilicet
3473 3671 3690 3728 virtutis

2107 3754 2313 3812 partes,
2362 3747 2693 3805 adversariis
2745 3753 3147 3822 respondendo,
3194 3771 3305 3811 non
3350 3761 3685 3830 suscipiant;

2088 3833 2202 3887 .sed
2233 3834 2287 3888 in
2319 3852 2509 3904 preces
2540 3839 2722 3904 effusi,
2758 3842 2843 3896 sui
2876 3857 3063 3898 curam
3098 3845 3208 3899 Deo
3243 3848 3597 3917 permittant;
3621 3869 3689 3907 ex

2108 3939 2340 3993 quorum
2378 3929 2601 3984 nomine
2651 3931 2706 3984 in
2756 3932 2945 3987 Exodo
2992 3935 3194 3989 dicitur
3237 3955 3250 3990 :
3300 3937 3555 3996 Dominus
3590 3961 3688 4014 pu—

2107 4017 2286 4087 gnabit
2317 4036 2412 4089 pro
2444 4021 2605 4086 vobis,
2639 4031 2688 4074 et
2712 4039 2798 4076 vos
2820 4025 3050 4089 tacebitis
3078 4027 3138 4080 ¹¹.
3175 4027 3276 4093 Qui
3312 4040 3518 4096 autem,
3553 4036 3688 4089 sub-

2109 4104 2235 4161 latis
2287 4110 2399 4180 jam
2442 4104 2915 4180 persecutoribus,
2945 4115 3209 4172 virtutum
3241 4121 3528 4190 inquirunt
3567 4142 3688 4181 mo-

2109 4195 2228 4260 dos,
2281 4207 2498 4267 apertas
2541 4200 2806 4258 duntaxat
2850 4205 3088 4259 habeant
3136 4224 3361 4266 necesse
3403 4221 3488 4268 est
3519 4215 3688 4270 animi

2109 4303 2292 4352 aures,
2342 4299 2402 4344 ut
2448 4292 2688 4348 candore
2725 4295 3049 4361 addiscant;
3104 4301 3171 4354 ad
3216 4319 3354 4373 quos
3377 4307 3452 4360 ait
3483 4324 3495 4361 :
3527 4309 3688 4376 Audi,

2108 4375 2280 4431 Israel
2316 4379 2376 4433 ³³.
2413 4381 2550 4434 Ειιιη
2596 4383 2835 4454 denique
2865 4388 2957 4456 qui
2993 4394 3304 4462 purgatiore
3340 4399 3544 4466 animo,
3575 4375 3688 4457 acri

2111 4469 2307 4526 divinre
2336 4473 2578 4529 scientia
2603 4475 2876 4533 desiderio
2912 4490 3129 4547 :estuat,
3156 4484 3244 4553 pia
3279 4487 3438 4544 decet
3469 4491 3688 4562 religio-

2110 4578 2277 4633 saque
2327 4567 2600 4621 sermonis
2651 4568 2886 4637 ﬁducia;
2935 4573 3000 4627 ad
3053 4591 3215 4644 quem
3266 4577 3690 4647 diceturzouid

2107 4656 2308 4711 clamas
2359 4659 2429 4712 ad
2471 4677 2553 4716 me
2586 4661 2670 4714 “?
2703 4661 2804 4717 Cui
2837 4680 2968 4735 ergo
2998 4682 3112 4736 pra}
3143 4670 3338 4724 timore
3368 4670 3570 4726 silentii
3604 4673 3683 4727 lex

2106 4747 2284 4816 posita
2313 4757 2416 4812 est,
2453 4750 2505 4804 id
2547 4768 2713 4806 unum
2749 4757 3021 4826 congruit,
3059 4767 3120 4811 ut
3163 4759 3230 4812 ad
3274 4760 3445 4814 Deum
3491 4762 3686 4816 confu-

2107 4839 2218 4908 giat
2242 4858 2256 4893 :
2283 4841 2332 4895 ei
2368 4851 2551 4896 autem
2592 4845 2685 4912 qui
2715 4847 2906 4901 audire
2948 4848 3198 4917 jubetur,
3231 4865 3411 4918 opera:
3446 4853 3686 4921 pretium

2107 4939 2169 4984 ut
2200 4929 2403 4985 divinis
2448 4934 2719 4990 mandatis
2759 4947 3045 5006 promptus
3089 4940 3370 4996 obaudiat.
3415 4943 3685 4998 Caeterum

2109 5019 2272 5074 docto
2305 5034 2368 5074 ac
2398 5023 2633 5090 spiritali
2671 5035 2856 5094 aptum
2895 5027 2944 5080 id
2977 5044 3040 5082 ac
3075 5029 3356 5092 idoneum,
3387 5043 3448 5085 ut
3475 5035 3686 5103 suppli-

2105 5110 2278 5165 cando
2295 5111 2634 5168 incessanter
2651 5116 2867 5183 clamet,
2891 5128 3002 5173 tum
3031 5123 3166 5176 mala
3189 5125 3471 5178 avertendi
3497 5141 3683 5193 causa,

2104 5209 2218 5254 tum
2246 5210 2306 5256 ut
2333 5201 2400 5256 de
2432 5205 2703 5274 perceptis
2728 5206 2888 5263 bonis
2915 5211 3116 5280 gratias
3143 5223 3284 5283 agat.

2172 5291 2444 5362 46851.
2471 5295 2756 5364 Nunquam
2787 5299 2882 5352 fiat
2911 5304 3170 5358 utanima
3195 5306 3260 5360 ad
3293 5307 3385 5360 Dei
3419 5323 3476 5362 se
3506 5309 3687 5364 scien-

2106 5380 2234 5434 tiam
2281 5384 2562 5448 cxtendat,
2595 5387 2726 5455 quin
2763 5389 2926 5454 Deus,
2956 5408 3060 5459 qua
3095 5410 3154 5448 se
3189 5395 3264 5448 illi
3315 5395 3555 5451 demittit
3598 5399 3686 5452 in-

2103 5470 2420 5536 clinatione,
2453 5473 2687 5545 benigne
2729 5481 3125 5548 apprehensam
3156 5485 3220 5538 ad
3258 5503 3314 5541 se
3343 5488 3680 5542 suhvexerit.

3278 5599 3319 5631 ’⁸
3370 5601 3540 5656 Exod.
3572 5619 3679 5668 xw,
3725 5618 3736 5623 ’
