4128 6210
578 234 716 302 ιοῑιε)

1678 294 1681 297 λ
1738 227 1802 289 S.
1848 227 2138 290 ΜΑΧΙΜΙ
2175 227 2682 291 CONFESSORIS

3704 229 3847 318 non

578 370 700 412 rum
729 353 876 427 quod
922 357 1134 424 spectat
1174 347 1243 403 ad
1287 346 1552 403 virtutem
1580 352 1746 416 atque
1772 354 2050 413 naturam,
2079 363 2165 401 ra-

2267 349 2362 402 καὶ
2392 349 2555 418 φύσιν
2589 349 2699 403 τῶν
2745 350 2915 405 ὄντων
2951 348 3488 422 πνευματικωτέρων
3519 348 3697 419 λόγων
3729 340 3849 424 μετ’

578 436 790 504 tiouum
818 459 1005 502 rerum
1032 455 1158 498 cum
1195 438 1427 495 scientia
1450 438 1703 495 collectio
1734 453 1801 493 ac
1829 438 2057 509 agnitio.

527 543 535 563 '
649 538 738 595 45.
772 535 964 594 Mcssis
989 531 1188 589 messis
1210 539 1315 597 est,
1340 531 1556 587 cunctis
1591 529 1872 587 inaccessa
1903 537 2029 601 post
2055 528 2166 601 spi-

579 632 820 689 ritalium
854 643 1040 684 rerum
1069 625 1356 698 mysticam
1396 624 1941 695 contemplationem,
1979 623 2165 693 ignote

577 722 725 777 circa
774 726 1018 775 mentem
1046 715 1358 773 consistens
1388 715 1487 770 Dei
1534 713 1905 770 consideratio
1944 730 1958 768 :
1998 728 2165 784 quam

576 808 973 866 convenienter
1000 807 1115 862 Deo
1147 805 1338 871 oﬂ‘ert,
1357 805 1454 876 qui
1484 821 1553 861 ex
1592 805 1764 862 rebus
1802 804 2005 861 creatis
2034 804 2168 860 visi-

580 902 790 957 bilihus
818 908 877 957 et
903 898 1279 955 iuvisibilibus
1302 897 1466 969 digne
1491 897 1813 953 Creatorem
1839 897 2095 953 honorat.

646 993 736 1049 44.
772 992 881 1048 Est
901 999 957 1046 et
980 990 1088 1045 alia
1119 990 1316 1045 messis
1362 989 1693 1060 spiritalior,
1721 1005 1844 1060 quae
1868 988 2042 1060 ipsius
2068 988 2165 1044 Dei

579 1085 777 1141 messis
808 1083 1051 1149 dicitur;
1077 1082 1295 1153 aliaque
1326 1080 1508 1153 magis
1536 1081 1763 1153 mystica
1790 1081 2166 1150 sacratiorque

580 1174 949 1240 circumcisio,
981 1181 1148 1246 atque
1193 1172 1343 1229 aliud
1378 1173 1691 1228 abstrusius
1737 1171 2071 1237 Sahbatum;
2108 1171 2164 1225 in

577 1286 690 1340 quo
726 1270 872 1324 Deus
898 1268 967 1322 ab
1005 1266 1265 1337 operibus
1306 1265 1423 1321 suis
1463 1264 1812 1320 sabbatizans
1846 1263 2163 1334 requiescit,

571 1363 727 1433 juxta
772 1359 909 1415 illud
944 1358 1170 1414 :Messis
1198 1358 1408 1430 quidem
1449 1356 1649 1423 mlta;
1695 1357 1927 1428 operarii
1985 1363 2165 1410 autem

577 1455 737 1525 pauci
778 1453 848 1505 ".
883 1453 986 1506 Et:
1015 1449 1353 1506 Circumcisio
1397 1449 1568 1503 cordis
1618 1450 1677 1503 in
1707 1450 1898 1520 spiritu
1949 1448 2016 1501 “.
2052 1448 2161 1502 Et:

576 1546 857 1600 Benediazit
881 1543 1017 1597 Deus
1041 1542 1177 1597 diem
1199 1541 1502 1614 septimum,
1524 1549 1573 1595 et
1593 1540 1945 1611 sanctiﬁcavit
1973 1539 2163 1605 illum;

2267 441 2577 511 ἐπιστήμης
2606 439 2837 512 συλλογὴ
2860 442 2955 494 καὶ
2981 440 3298 511 ἐπίγνωσις.

2340 539 2452 603 μγ’.
2479 532 2684 606 Θέρους
2709 533 2869 605 θέρος
2897 533 3067 598 ἐστὶν,
3098 534 3132 605 ἡ
3175 534 3342 587 πᾶσιν
3372 532 3575 599 ἄϐατος
3608 534 3669 608 (i)
3706 537 3852 608 μετὰ.

2264 622 2366 694 τὴν
2392 623 2500 677 τῶν
2538 624 2746 694 νοητῶν
2778 625 3050 695 μυστικὴν
3073 621 3309 694 θεωρίαν
3342 623 3472 694 περὶ
3511 622 3640 679 νοῦν
3664 625 3847 695 ἀγνώ-

2267 730 2411 777 στως
2450 713 2818 785 συνισταμένη
2854 712 2951 767 τοῦ
2982 710 3119 766 Θεοῦ
3145 712 3480 784 κατανόησις
3508 732 3523 747 ·
3562 715 3631 786 ἢν
3674 733 3847 787 προσ-

2267 803 2428 876 φέρει
2459 804 2688 869 δεόντως
2714 806 2743 858 ὁ
2781 806 2847 858 ὲκ
2874 804 2983 857 τῶν
3025 802 3236 874 ὁρατῶν
3275 804 3369 858 καὶ
3421 806 3671 878 ἀοράτων
3725 824 3848 861 κτιο

2267 897 2490 967 σμάτων
2524 898 2690 963 ἀξέως
2730 897 3008 970 γεραίρων
3035 897 3126 950 τὸν
3158 897 3459 951 Κτίσαντα.

2338 990 2442 1060 μδ¹.
2475 991 2633 1044 Ἐστι
2665 992 2758 1044 καὶ
2793 990 2921 1045 ἄλλο
2962 989 3484 1061 πνευματικώτερον
3537 989 3717 1063 θέρος,
3746 992 3849 1045 αὖ·

2264 1082 2358 1136 τοῦ
2408 1083 2700 1153 λεγόμενον
2742 1079 2885 1136 εἶναι
2914 1082 3009 1136 τοῦ
3044 1081 3181 1136 Θεοῦ
3211 1099 3225 1114 °
3262 1084 3357 1137 mi
3388 1084 3521 1155 ἄλλη
3567 1102 3846 1155 μυστικω-

2264 1177 2398 1248 τέρα
2431 1177 2700 1246 περιτομή
2729 1192 2744 1207 ο
2778 1177 2869 1229 καὶ
2897 1176 3026 1231 ἄλλο
3048 1175 3329 1247 κρυφιὼτε
3341 1193 3434 1248 ρον
3451 1176 3752 1245 Σάδδατον,
3779 1181 3836 1233 ἐν

2263 1261 2308 1337 ᾧ
2337 1268 2446 1321 ἀπὸ
2495 1269 2603 1321 τῶν
2635 1268 2780 1322 ἰδίων
2831 1269 3009 1338 ἔργων
3071 1266 3418 1341 σαϐϐατίζων
3447 1270 3475 1322 ό
3522 1268 3658 1332 Θεὸς
3713 1271 3844 1323 ἀναο

2265 1362 2464 1425 παύει,
2503 1360 2646 1415 κατὰ
2679 1362 2759 1427 τὸ,
2790 1361 2869 1415 ’Ὅ
2906 1360 3025 1429 μὲν
3063 1360 3383 1429 θερισμὸς,
3413 1362 3608 1428 πολύς
3633 1378 3650 1392 ο
3683 1364 3739 1415 ol
3768 1362 3837 1415 δὲ

2263 1454 2519 1525 ἐργάται,
2555 1456 2769 1525 ὀλίγοι.
2801 1453 2911 1508 Καὶ
2931 1492 2946 1517 ,
2972 1451 3263 1522 Περιτομῆ
3296 1451 3548 1520 καρδίας
3568 1452 3640 1506 ἐν
3660 1453 3840 1507 πνεύ-

2256 1562 2420 1615 ματι.
2457 1545 2590 1606 Καὶ,
2640 1544 2998 1613 Εὺλότησεν
3029 1547 3063 1597 ό
3093 1542 3237 1609 Θεὸς
3298 1541 3416 1609 τὴν
3470 1539 3701 1612 ἡμέραν
3731 1540 3841 1611 τὴν

575 1639 702 1709 quia
732 1638 787 1691 in
818 1635 911 1691 illo
942 1642 1237 1689 cessaverat
1269 1634 1337 1688 ab
1367 1632 1611 1688 omnibus
1638 1632 1879 1704 operibus
1910 1632 2017 1686 suis
2046 1647 2164 1702 quae

2264 1635 2540 1705 ἑϐδόμην,
2574 1634 2671 1689 καὶ
2706 1636 2967 1705 ἡγίασεν
3022 1633 3219 1702 αὑτήν
3243 1650 3257 1665 ’
3290 1633 3379 1687 ὅτι
3411 1633 3483 1687 ἐν
3512 1632 3670 1702 αὐτῇ
3699 1652 3836 1688 κατ-

576 1728 715 1782 Dcus
743 1729 917 1798 facere
950 1732 1178 1796 ceperat
1211 1724 1280 1780 ⁸⁷.

532 1954 545 1970 κ
644 1915 737 1970 45.
767 1914 866 1970 Dei
899 1911 1097 1968 messis
1122 1920 1238 1978 est,.
1271 1925 1393 1981 qua:
1434 1909 1491 1964 in
1528 1907 1679 1981 ipso,
1708 1908 1765 1963 in
1799 1909 1906 1964 line
1936 1908 2163 1964 saeculo-

577 2006 1043 2078 rum,‘dignorum
1074 2019 1312 2077 prorsus
1334 2002 1521 2058 futura
1552 2000 1709 2056 firma
1751 1988 1964 2054 mansio
1986 2014 2050 2054 ac
2072 2013 2163 2059 sc-

577 2098 677 2153 des
702 2105 811 2151 est.

646 2188 741 2242 LF.
768 2184 1135 2241 Circumcisio
1157 2183 1341 2240 cordis
1369 2182 1426 2239 in
1458 2182 1657 2254 spiritu
1684 2191 1799 2249 est,.
1828 2182 2163 2238 naturalium

577 2292 776 2334 sensus
823 2275 1134 2347 mentisque
1176 2274 1584 2346 operationum,
1632 2275 1776 2330 circa
1811 2290 1877 2329 ea
1919 2290 2041 2345 quae
2076 2274 2161 2329 vel

577 2382 745 2425 sensu
781 2365 1164 2437 percipiuntur
1197 2363 1283 2418 vel
1319 2369 1502 2417 mente
1540 2361 1947 2433 intelliguntur.
1978 2362 2160 2431 plena,

578 2474 677 2528 per
710 2455 950 2526 Spiritus
975 2453 1344 2524 praesentiam,
1376 2451 1711 2522 amputatio;
1738 2466 1845 2521 qua
1885 2460 1998 2506 tum
2041 2465 2166 2506 cor-

582 2563 685 2618 pus
714 2555 828 2601 tum
859 2545 1098 2610 animus,
1141 2544 1198 2598 in
1231 2542 1289 2599 id
1327 2542 1479 2613 quod
1520 2542 1763 2598 divinius
1791 2550 1895 2607 est,
1944 2541 2166 2613 penitus

581 2635 1064 2693 transformentur.

648 2729 739 2783 47.
789 2728 887 2783 Dei
941 2726 1314 2782 sabbatismus
1357 2732 1475 2789 est,
1524 2740 1710 2781 rerum
1755 2732 2063 2780 crcatarum
2107 2723 2164 2778 in

580 2829 758 2895 ipsum
825 2821 986 2892 plena
1043 2820 1320 2885 reductio;
1381 2834 1504 2888 quae
1558 2817 1956 2873 divinissimam
2009 2831 2164 2873 suam

579 2914 979 2987 operationem,
1030 2928 1232 2967 arcana
1293 2911 1571 2980 nullisque
1623 2910 1808 2965 verbis
1852 2910 2165 2981 explicabili

581 3008 817 3072 ratione,
850 3022 883 3061 a
910 3004 1150 3061 naturali
1183 3004 1240 3059 in
1285 3003 1371 3058 eis
1402 3002 1721 3073 operatione
1764 3017 1978 3058 cessare
2008 3001 2158 3057 facit.
2189 3041 2231 3098 ο

577 3099 768 3154 Cessat
793 3096 940 3152 enim
970 3094 1201 3149 forsitan
1227 3093 1374 3148 Deus
1400 3101 1458 3148 et
1485 3091 1739 3170 quiescil_
1761 3108 1793 3148 a
1833 3092 2070 3147 naturali
2104 3091 2160 3146 in

578 3191 893 3262 quibusque
926 3187 1099 3243 rebus
1126 3186 1475 3257 operatione,
1502 3200 1609 3256 qua
1645 3200 1733 3240 res
1763 3184 2007 3255 singulas
2040 3198 2162 3239 mo-
2203 3194 2207 3200 '

580 3284 697 3339 veri
726 3290 924 3337 natura
947 3289 1322 3348 comparatum
1344 3286 1463 3345 est;
1490 3292 1615 3332 cum
1653 3275 1915 3333 nimirum
1941 3291 2042 3348 pro
2063 3290 2164 3331 sua

579 3388 812 3447 quasque
846 3371 1061 3427 ratione
1090 3378 1394 3440 captuque,
1431 3368 1617 3424 divina
1659 3368 2013 3438 apprehensa
2032 3380 2165 3438 ope-

580 3462 794 3519 ratione
817 3457 1129 3515 naturalem
1146 3472 1302 3513 suam
1325 3458 1471 3513 circa
1498 3456 1677 3527 ipsum
1700 3456 1872 3511 Deum
1904 3455 2165 3513 termina-

580 3555 743 3612 verit.

650 3644 743 3701 48.
773 3642 966 3713 Opera:
1000 3640 1237 3712 pretium
1277 3637 1559 3709 inquirant
1584 3634 1694 3693 Viri
1732 3634 1986 3703 studiosi,
2017 3652 2167 3708 quaa-

582 3752 708 3793 nam
738 3732 1097 3805 intelligenda
1144 3732 1256 3787 sint
1302 3745 1496 3801 opera,
1543 3745 1666 3801 quae
1709 3729 2050 3800 Deuscmpit
2080 3728 2165 3784 fa-

582 3844 741 3895 cere;
777 3842 841 3883 ac
873 3840 1125 3897 quanam
1168 3839 1363 3878 rursus
1411 3823 1522 3887 illa,
1573 3837 1695 3893 qua:
1727 3837 1839 3877 non
1885 3821 2070 3892 cepit.
2107 3820 2166 3876 Si

583 3918 813 3991 quidem
835 3919 982 3973 enim
1027 3914 1302 3987 requievit
1328 3914 1407 3970 ab.
1428 3914 1686 3970 omnibus
1725 3914 2008 3984 operibus,
2043 3929 2168 3985 qua:

586 4010 828 4083 cmper'at
858 4010 1040 4065 facere
1062 4025 1081 4075 ',
1106 4008 1280 4078 liquet
1307 4007 1376 4062 ab
1405 4007 1495 4063 eis
1516 4022 1627 4062 non
1659 4005 2017 4078 rcquievisse,
2045 4020 2168 4076 quae

586 4119 697 4160 non
723 4109 965 4173 coeperat
996 4098 1199 4155 facere.
1228 4098 1307 4154 Ne
1336 4097 1479 4154 forte
1503 4097 1673 4168 igitur
1714 4096 1811 4151 Dei
1843 4110 2011 4166 opera
2044 4109 2169 4166 quae

560 4204 942 4264 temporance
988 4198 1277 4261 cmperunt
1323 4188 1482 4261 47],
1526 4203 1672 4253 esse,
1701 4203 1791 4242 res
1823 4202 2014 4242 omnes
2056 4186 2169 4242 sint

596 4301 719 4356 qua:
750 4284 1108 4355 participant,
1159 4289 1312 4352 puta,
1361 4281 1593 4336 diversze
1624 4295 1807 4335 rerum
1848 4277 2169 4335 substantia

2196 1699 2237 1754 Β
2262 1728 2531 1782 ἐπαυσεν
2553 1727 2669 1781 ἀπὸ
2692 1725 2932 1781 πάντων
2948 1724 3065 1780 τῶν
3083 1725 3277 1797 ἔργων
3290 1726 3497 1793 αὐτοῦ,
3519 1720 3609 1780 ὧν
3622 1726 3839 1797 ἤρξατο

2262 1824 2296 1876 ό
2326 1821 2471 1888 Θεὸς
2499 1820 2772 1887 ποιῆσαι.

2337 1910 2439 1984 με’.
2469 1911 2603 1966 Θεοῦ
2630 1912 2790 1984 θέρος
2824 1912 2972 1965 ἐστὶν
2992 1952 3009 1977 ,
3045 1913 3087 1983 ἠ
3110 1913 3191 1976 εἰς
3224 1910 3389 1966 αὐτὸν
3427 1912 3571 1968 κατὰ
3595 1913 3695 1984 τὴν
3733 1913 3841 1967 τῶν

2261 2002 2473 2057 αἰώνων
2508 2002 2932 2071 ἀποπεράτωσιν
2948 2001 3209 2074 γινομένη
3241 2001 3349 2056 τῶν
3387 2002 3556 2067 ἀξίων
3610 2001 3843 2056 καθόλου

2263 2095 2400 2164 μονὴ
2434 2111 2494 2146 τε
2525 2092 2619 2147 καὶ
2657 2094 2886 2164 ἵδρυσις.

2336 2184 2455 2255 μς’.
2496 2187 2585 2240 Ἐν
2614 2184 2886 2257 πνεύματι
2915 2184 3188 2258 περιτομὴ
3215 2186 3446 2259 καρδίας
3478 2186 3653 2247 ἐστὶν,
3681 2185 3717 2255 ἡ
3749 2202 3834 2251 τι-

2263 2279 2465 2350 νομένη
2499 2277 2608 2331 τῶν
2634 2277 2755 2332 κατ’
2777 2276 3032 2349 αἴσθησιν
3056 2278 3150 2331 καὶ
3177 2277 3303 2332 νοῦν
3330 2278 3457 2350 περὶ
3489 2277 3560 2330 τὰ
3592 2276 3841 2347 nisi)qu

2262 2369 2356 2422 καὶ
2387 2368 2456 2421 τὰ
2478 2367 2646 2437 νοητὰ
2676 2366 2922 2436 φυσικῶν
2966 2366 3261 2439 ἐνεργειῶν
3297 2367 3569 2437 παντελὴς
3625 2365 3843 2438 περιαίο

2267 2477 2414 2533 ρεσις
2445 2478 2459 2491 ·
2495 2460 2583 2514 διὰ
2607 2458 2709 2531 τῆς
2741 2459 2964 2531 ἀμέσως
3016 2459 3079 2514 τό
3114 2476 3173 2513 τε
3201 2459 3359 2531 σῶμα
3395 2460 3491 2513 καὶ
3534 2460 3635 2531 τὴν
3664 2459 3846 2529 ψυχὴν

2261 2550 2457 2615 ὁλικῶς
2489 2549 2947 2622 μεταμορφοῦσης
2982 2549 3127 2622 πρὸς,
3170 2550 3234 2604 τδ
3284 2550 3562 2622 θειότερον
3583 2591 3599 2615 ,
3630 2565 3847 2622 παρου-

2264 2640 2388 2704 σίας
2408 2639 2501 2693 τοῦ
2538 2639 2680 2694 Πνεύ
2689 2653 2880 2709 ματος.

2337 2727 2442 2803 μετ’.
2478 2729 2617 2784 Θεοῦ
2672 2728 3042 2800 σαὸδατισμός
3074 2728 3246 2796 ἔστιν,
3275 2721 3421 2802 ἠξίς
3451 2731 3618 2784 αὑτὸν
3664 2729 3847 2784 διόλου

2262 2822 2372 2875 τῶν
2425 2819 2814 2891 πεποιημένων
2859 2819 3231 2890 κατάντησις·
3265 2819 3390 2874 καθ’
3418 2820 3486 2889 ἢν
3532 2819 3848 2874 καταπαύει

2263 2912 2365 2983 τῆς
2393 2912 2480 2965 ἐπ’
2511 2912 2698 2975 αὐτοῖς
2718 2911 2956 2983 φυσικῆς
2972 2911 3283 2986 elatae.
3313 2910 3413 2986 την
3434 2910 3604 2969 αὐτοῦ
3632 2912 3851 2967 θειοτά-

2264 3022 2364 3077 την
2420 3004 2681 3078 ἀρρήτως
2747 3004 3153 3077 ὲνεργουμέπῦ
3199 3005 3329 3080 [Fr.
3374 3007 3848 3079 ὲνεργουμένοις]

2263 3097 2567 3169 ἐνέργειαν.
2596 3094 2840 3152 Παύεται
2867 3097 2975 3167 γὰρ
3011 3098 3039 3150 ὁ
3072 3096 3207 3160 Θεὸς
3236 3099 3340 3168 τῆς
3388 3096 3449 3150 έν
3478 3096 3699 3166 ἑκάστῳ
3738 3098 3849 3150 τῶν

2268 3190 2439 3245 ὅντων
2480 3188 2643 3260 τυχὸν
2697 3189 2933 3258 φυσικῆς
2983 3188 3302 3260 ἐνεργείας,
3333 3188 3459 3242 καθ’
3480 3188 3549 3259 ἢν
3601 3189 3846 3243 brum

2262 3281 2373 3335 τῶν
2406 3279 2579 3333 ὅντων
2608 3278 2852 3348 φυσικῶς
2879 3278 3149 3333 κινεῖσθαι
3183 3278 3449 3348 πέφυκεν,
3472 3279 3681 3334 ὁπόταν
3710 3281 3848 3335 ἱκα-

2265 3387 2391 3426 στον
2424 3372 2524 3443 τῆς
2569 3369 2723 3434 θείας
2769 3368 3048 3439 ἀναλόγως
3096 3368 3487 3441 ἐπιλαϐόμενον
3538 3371 3851 3442 ἐνεργείας,

2263 3463 2364 3534 τὴν
2387 3461 2531 3516 κατᾶ
2554 3459 2717 3531 φύσιν
2738 3459 2945 3514 οἰκείαν
2976 3460 3107 3532 περὶ
3140 3461 3303 3516 αὐτὸν
3349 3460 3511 3533 ὁρίσῃ
3576 3460 3676 3515 τὸν
3714 3461 3847 3516 Θεὸν

2263 3552 2567 3626 ἐνέργειαν.
2998 3626 3003 3629 ι

2340 3644 2453 3717 μη¹.
2480 3643 2753 3717 Ζητητέον
2772 3645 2889 3708 τοῖς
2924 3641 3253 3710 σπουδαίοις,
3281 3644 3403 3697 τίνα
3437 3643 3678 3715 καθήκει
3707 3645 3846 3697 νοεῖν

2265 3733 2407 3792 εἶναι
2430 3736 2499 3791 τὰ
2538 3735 2675 3808 ἔργα
2705 3730 2782 3789 ὧν
2806 3734 3010 3806 ἤρξατο
3037 3733 3139 3805 τῆς
3165 3734 3435 3803 γενέσεως
3481 3735 3511 3789 ό
3538 3734 3678 3801 Θεός
3709 3753 3723 3765 ·
3754 3734 3847 3788 καὶ

2263 3832 2388 3886 τίνα
2421 3829 2604 3894 πάλιν,
2638 3821 2713 3882 ὧν
2739 3828 2840 3881 οὐκ
2879 3825 3102 3899 ἧρξατο.
3170 3827 3238 3883 Ei
3283 3825 3393 3898 γὰρ
3439 3826 3666 3882 πάντων
3714 3844 3843 3881 κατ-

2268 3920 2475 3975 έπαυσε
2501 3917 2609 3972 τῶν
2631 3917 2831 3990 ῑργων,
2869 3910 2944 3972 ὧν
2972 3916 3184 3988 ἤρξατο·
3223 3917 3473 3987 ποιῆσαι,
3495 3916 3663 3989 δῆλον
3710 3917 3849 3971 laesi-

2267 4027 2376 4064 νων
2406 4010 2466 4063 οὐ
2498 4000 3071 4075 κατέπαυσεν,ὧνούκ
3096 4006 3299 4078 ἤρξατο
3332 4008 3584 4077 ποιῆσαι.
3616 4009 3847 4080 Μήποτε

2266 4094 2389 4163 οὖν,
2406 4098 2551 4170 (pra.
2573 4097 2673 4169 μὲν
2694 4094 2830 4150 Θεοῦ
2855 4094 3125 4168 χρονικῶς
3147 4095 3398 4168 ὴργμένα
3415 4095 3509 4150 τοῦ
3532 4093 3681 4150 εἶναί
3704 4098 3844 4158 ἐστι,

2268 4188 2448 4243 πάντα
2476 4187 2547 4242 τὰ
2592 4186 2722 4241 ὅντα
2761 4186 3059 4259 μετέχοντα
3097 4202 3112 4216 ο
3150 4180 3263 4238 οἷον
3326 4187 3389 4239 αῖ
3426 4170 3679 4258 διάφοροι
3740 4186 3848 4239 τῶν

2267 4280 2438 4335 όντων
2466 4279 2666 4334 οὐσίαι.
2698 4277 2772 4331 Τδ
2802 4279 2911 4350 γὰρ
2948 4277 3021 4349 μὴ
3060 4276 3143 4345 δν,
3184 4277 3398 4349 ἔχουσιν
3435 4278 3620 4335 αὐτῶν
3656 4278 3752 4333 τοῦ
3772 4273 3847 4331 εἷ-

593 4390 692 4430 seu
741 4381 950 4429 natura:
997 4387 1061 4427 ac
1103 4371 1374 4426 essentne.
1425 4369 1641 4425 Habent
1683 4369 1830 4425 enim
1887 4382 1999 4423 non
2048 4381 2168 4423 esse

2273 4389 2362 4426 ναι
2406 4371 2800 4444 πρεσϐύτερον.
2831 4365 2942 4424 Ἦν
2970 4372 3078 4442 γάρ
3126 4387 3281 4436 ποτε,
3306 4371 3395 4424 ὅτε
3427 4370 3496 4423 τὰ
3525 4370 3662 4424 ὄντα
3719 4386 3845 4443 μετ-

596 4466 846 4539 (nihilum
889 4463 1115 4535 vocant),
1154 4462 1437 4533 antiquius
1481 4461 1599 4532 ipso
1631 4475 1819 4516 earum
1853 4475 1994 4516 esse.
2038 4459 2171 4516 Erat

594 4559 741 4615 enim
784 4555 1117 4627 aliquando,
1168 4570 1294 4610 eum
1343 4569 1437 4609 res
1483 4568 1606 4623 quae
1651 4552 2012 4623 participant,
2054 4566 2167 4606 non

594 4657 770 4704 erant.
801 4647 897 4702 Dei
920 4654 1102 4701 autem
1127 4644 1359 4699 forsitan
1381 4659 1571 4714 opera,
1598 4657 1721 4713 quae
1737 4658 1850 4699 non
1877 4650 2167 4714 ceperunt

597 4754 944 4812 temporance
987 4754 1130 4804 esse,
1164 4753 1228 4794 ea
1261 4745 1391 4793 sunt
1420 4752 1542 4808 quae
1575 4737 1686 4791 vim
1714 4736 1919 4791 habent
1948 4744 2011 4791 ut
2043 4751 2169 4806 par-

595 4831 912 4902 ticipentur,
939 4843 1177 4898 quorum
1200 4842 1290 4882 res
1312 4826 1407 4881 Dei
1429 4840 1659 4880 munere
1688 4834 1818 4880 sunt
1838 4824 2161 4896 participes;

592 4922 897 4995 cuiusmodi
931 4928 1082 4986 sunt,
1112 4919 1348 4990 exempli
1378 4934 1564 4982 causa,
1602 4918 1837 4984 bonitas,
1866 4932 1930 4973 ac
1957 4918 2003 4973 si
2034 4917 2171 4988 quid

593 5013 853 5071 bonitatis
886 5012 1100 5068 ratione
1140 5008 1630 5082 comprehenditur
1657 5026 1671 5063 :
1705 5010 2038 5079 omninoque
2062 5009 2174 5065 vita

592 5105 774 5159 omnis
816 5114 875 5161 et
912 5104 1297 5159 immortalitas
1335 5110 1392 5158 et
1420 5101 1746 5172 simplicitas
1774 5110 1832 5156 et
1857 5099 2176 5155 immutabi-

594 5197 720 5250 litas
751 5205 811 5252 et
834 5196 1110 5262 inﬁnitas;
1147 5203 1346 5251 cuncta
1369 5192 1608 5264 denique
1646 5208 1767 5262 qua:
1808 5192 1956 5248 circa
1998 5192 2175 5262 ipsum

595 5288 969 5345 cssentialitcr
1003 5287 1413 5359 intelliguntur;
1451 5300 1573 5355 quae
1605 5293 1663 5340 et
1692 5282 1790 5338 Dci
1826 5297 1993 5353 opera
2027 5294 2175 5351 sunt,

666 5452 710 5494 ."
735 5450 869 5503 Luc.
916 5467 970 5514 ι,
990 5448 1044 5502 ‘2.
1122 5448 1168 5479 ’θ
1190 5448 1350 5502 Rom.
1374 5461 1434 5510 ιι,
1458 5445 1549 5500 29.
1627 5445 1668 5476 ’⁷
1692 5442 1828 5498 Gen.
1854 5459 1913 5507 rt,
1935 5444 1992 5498 ε.

2284 4463 2482 4535 έχοντα
2508 4463 2609 4517 οὐκ
2629 4458 2719 4534 ἦν.
2746 4461 2880 4516 Θεοῦ
2910 4462 2965 4515 δὲ
2997 4462 3134 4533 ἔργα
3165 4462 3324 4533 τυχὸν
3346 4463 3446 4516 οὐκ
3475 4462 3730 4533 ἢργμένα
3751 4461 3842 4515 τοῦ

2271 4551 2413 4610 εἷναι
2457 4553 2748 4626 χρονικῶς,
2780 4552 2853 4607 τὰ
2891 4553 3021 4608 ὄντα
3086 4553 3347 4624 μεθεκτὰ,
3387 4549 3465 4607 ὧν
3498 4553 3646 4607 κατὰ
3683 4553 3842 4625 χάριν

2275 4646 2563 4718 μετέχουσι
2605 4645 2674 4700 τὰ
2723 4644 2853 4699 ὅντα
2908 4645 3203 4717 μετέχοντα
3232 4662 3248 4678 ·
3288 4639 3421 4712 οἷον,
3447 4646 3483 4715 ἡ
3549 4645 3842 4713 ἀγαθότης,

2270 4739 2367 4795 καὶ
2419 4739 2530 4792 πᾶν
2559 4738 2614 4792 ετ
2640 4755 2694 4791 τι
2734 4736 3080 4808 ἁγαθότητος
3113 4736 3506 4808 ἐμπεριέχεται
3542 4735 3704 4807 λόγῳ.
3736 4737 3843 4789 Καὶ

2273 4826 2459 4891 ἁπλῶς
2505 4829 2657 4881 πᾶσα
2705 4824 2840 4897 ζωὴ,
2872 4826 2968 4879 καὶ
3021 4824 3291 4879 ἀθανασία
3349 4828 3444 4880 καὶ
3480 4826 3723 4895 ἁπλότης
3752 4824 3841 4878 καὶ

2274 4917 2511 4991 ἀτρεψία
2532 4918 2628 4973 καὶ
2661 4916 2910 4989 ἀπειρία,
2945 4915 3038 4970 καὶ
3077 4916 3180 4970 ὅσα
3211 4916 3343 4987 περὶ
3372 4916 3539 4971 αὑτὸν
3569 4913 3839 4977 οὑσιωδῶς

2272 5009 2558 5081 θεωρεῖται
2595 5022 2611 5038 ο
2644 5007 2802 5061 ἅτινα
2844 5005 2937 5059 καὶ
2959 5004 3097 5075 ἔργα
3129 5004 3268 5058 Θεοῦ
3289 5007 3416 5068 εἱσι,
3452 5004 3552 5058 καὶ
3579 5003 3676 5056 οὐκ
3701 5001 3831 5070 ἠρτ-

2277 5103 2413 5175 μένα
2440 5100 2729 5173 χῳνικῶς.
2764 5100 2839 5155 Οὐ
2885 5099 2994 5173 γάρ
3025 5115 3156 5152 ποτε
3196 5095 3567 5170 πρεσΰῦτερον
3606 5091 3801 5166 ἀρετῆς
3812 5128 3827 5152 ι

2274 5194 2336 5248 τὸ
2366 5193 2468 5246 οὐκ
2487 5188 2556 5265 ἦν
2580 5210 2593 5224 ·
2623 5190 2744 5245 οὐδέ
2764 5207 2910 5255 τινος
2939 5189 3101 5244 ἄλλου
3132 5188 3240 5242 τῶν
3271 5187 3572 5259 εἰρημένων
3596 5201 3611 5215 ·
3644 5181 3743 5235 κᾶν
3761 5178 3831 5231 τὰ

2282 5284 2576 5357 μετέχοντα
2603 5282 2785 5337 αὐτῶν
2802 5280 2925 5336 καθ’
2951 5279 3116 5346 αὐτὰ,
3137 5274 3339 5352 ἦρκται
3365 5279 3460 5334 τοῦ
3490 5273 3623 5332 εἶναι
3645 5286 3829 5344 χρων-

669 5584 728 5650 (i)
776 5584 835 5637 Ἠ
871 5581 1060 5638 πᾶσιν
1103 5582 1338 5647 ἄϐατος.
1373 5580 1442 5636 Ει
1498 5580 1589 5635 hic
1636 5579 1801 5634 Marci
1836 5593 1956 5649 cap.
1994 5577 2048 5643 5,
2079 5592 2168 5632 suc

2264 5591 2306 5630 tn
2367 5573 2671 5645 νηπτικῶν,
2724 5591 2827 5632 nec
2848 5575 3038 5647 ipsum
3099 5576 3179 5632 illi
3212 5577 3348 5633 satis
3383 5571 3760 5637 emendatum,
3788 5580 3863 5627 ut

598 5652 745 5724 quod
774 5654 952 5724 primo
977 5661 1088 5720 est,
1131 5654 1195 5706 Ἦ
1226 5653 1374 5705 πᾶσα
1402 5650 1621 5720 ᾄϐατος,
1650 5659 1756 5704 etc.
