4128 6210
343 321 473 388 1101

1190 307 1526 376 CAPITUM
1563 305 1834 370 THEOL.
1877 304 1974 368 ET
2009 307 2245 368 (ECON.
2287 304 2672 366 CENTURIA
2715 306 2765 365 ῐ.

3399 326 3402 328 ·
3462 299 3598 361 1102

334 433 470 498 κῶς.
509 434 782 503 Ἀναρχος
831 431 939 500 γὰρ
1005 430 1152 483 πᾶσα
1199 427 1393 499 ἀρετὴ,
1456 427 1530 496 μὴ
1579 425 1775 493 ἔχουσα
1824 421 1956 484 τδνλ

2036 430 2075 475 ξι
2108 428 2458 490 temporauee
2487 434 2596 474 non
2631 427 2934 488 cuzpcrunt.
2968 416 3258 484 Nunquam
3299 415 3446 471 enim
3488 432 3598 470 non

335 524 528 595 χρόνον
571 524 773 593 ἑαυτῆς
814 521 1189 592 πρεσϐύτερον
1214 538 1228 552 ο
1268 514 1357 572 οἷα
1414 519 1504 570 τὸν
1537 517 1669 569 Θεὸν
1719 515 1914 585 ἔχουσα

335 616 430 669 τοῦ
465 613 604 669 εἶναι
638 614 949 687 μονώτατον
981 614 1168 677 άῖδξως
1198 614 1521 683 γεννήτορα.

2019 520 2158 574 erat,
2187 511 2392 564 virtute
2421 510 2702 578 antiquius
2732 507 2856 570 fuit,
2890 507 3071 562 ullove
3103 506 3212 561 alio
3242 521 3436 562 eorum
3479 523 3600 577 qua:

1985 602 2168 656 ‘dicta
2222 611 2378 668 sunt;
2419 601 2634 656 tametsi
2663 615 2728 654 ea
2772 614 2895 669 qua:
2939 597 3289 667 participant,
3337 598 3453 667 ipsa
3499 613 3594 652 sua

342 711 554 766 ratione
605 720 960 781 temperance
1015 725 1137 765 esse
1192 708 1481 778 eruperint.
1531 704 1721 761 Omnis
1771 702 1920 757 enim
1960 699 2137 753 virtus
2168 708 2373 752 :eterna
2405 707 2508 760 est,
2540 711 2661 765 quae
2689 703 2906 763 tempus
2933 707 2992 746 se
3049 691 3331 761 antiquius
3387 693 3596 751 nullum

343 807 584 863 habeat:
621 813 682 858 ut
708 819 828 874 qua:
860 804 1031 857 Demn
1067 798 1565 871 singularissimum
1607 796 1729 865 ejus
1773 789 1920 862 quod
1952 797 2058 854 est,
2094 798 2377 859 parentem
2409 788 2464 840 in
2493 785 2889 854 sempiternum
2920 781 3140 837 habeat.

415 898 525 973 pO'.
555 902 782 956 Πάντων
808 899 914 954 τῶν
952 898 1125 950 όντων
1157 897 1250 950 καὶ
1282 893 1617 965 μετεχόντων
1659 891 1752 944 καὶ
1791 888 1918 958 μεθ-

347 993 539 1056 εκτῶν,
575 991 872 1062 ἀπειράκις
915 989 1161 1060 ἀπείρως
1189 991 1217 1041 ὁ
1243 987 1375 1050 Θεὸς
1414 983 1770 1055 ὐπεξῇρηται.
1802 981 1918 1033 Πᾶν

345 1089 454 1156 γὰρ
487 1084 610 1138 εἴτι
638 1082 730 1135 τὸν
749 1080 842 1134 τοῦ
882 1076 1024 1132 εἶναι
1053 1080 1209 1147 λόγον
1243 1078 1357 1149 ἔχει
1399 1073 1914 1147 κατηγορούμενον,

352 1176 514 1244 ἔργον
543 1172 679 1226 Θεοῦ
706 1170 966 1240 τυγχάνει
991 1186 1005 1199 ·
1048 1169 1229 1222 κᾶντδ
1258 1168 1356 1238 μὲν
1389 1165 1531 1219 κατὰ
1559 1164 1771 1232 γένεσιν
1815 1157 1917 1231 ἧρ-

345 1283 470 1319 κται
505 1265 568 1334 (j)
599 1261 694 1317 τοῦ
730 1259 871 1314 εἶναι
899 1259 1167 1332 χρονικῶς
1194 1277 1208 1290 ·
1245 1258 1308 1310 τὸ
1329 1257 1413 1316 δὲ,
1445 1255 1588 1309 κατὰ
1610 1256 1782 1324 ,χάριν
1808 1255 1919 1315 τοῖς

344 1359 626 1426 γεγονόσιν
687 1355 1040 1425 ἐμπέφυκεν,
1069 1345 1160 1403 οἶά
1222 1366 1308 1411 τις
1368 1348 1595 1417 δύναμις
1648 1345 1918 1414 ἔμφυτος,

345 1447 437 1500 τὴν
473 1449 550 1512 ,ἐν
599 1445 764 1497 πᾶσιν
809 1442 939 1495 ὄντα
987 1440 1122 1493 Θεὸν
1169 1437 1508 1508 διαπρυσίως
1555 1434 1918 1506 κηρύττουσα.

426 1618 497 1672 ν’.
524 1617 606 1672 Τὰ
633 1619 878 1672 ἀθάνατα
918 1616 1116 1679 πάντα,
1147 1613 1242 1667 καὶ
1267 1610 1408 1682 αὑτὴ
1441 1612 1474 1680 ἡ
1501 1607 1769 1663 ἀθανασία
1791 1624 1804 1637 ’
1829 1605 1924 1659 καὶ

348 1711 418 1765 τὰ
471 1710 650 1774 ζῶντα
706 1709 903 1772 πάντα,
959 1707 1054 1760 καὶ
1105 1705 1242 1775 αὑτὴ
1274 1703 1446 1774 ἡζωὴ
1471 1717 1486 1731 ⁸
1522 1701 1616 1754 καὶ
1667 1700 1736 1752 τὰ
1791 1699 1923 1765 ἅγια

2093 886 2184 941 49.
2236 886 2383 940 Deus
2431 884 2601 938 rebus
2643 881 2899 936 omnibus
2949 894 3071 948 quae
3104 879 3463 949 participant,
3503 888 3600 936 aut

2018 977 2128 1031 vim
2157 977 2360 1031 habent
2387 983 2450 1030 ut
2478 975 2899 1045 participentur,
2933 971 3194 1026 inﬁnities
3220 972 3434 1028 inﬁnite
3459 975 3601 1029 emi-

2016 1077 2131 1124 net.
2167 1067 2447 1138 Quidquid
2490 1067 2639 1122 enim
2667 1073 2774 1128 est,
2801 1065 2872 1120 de
2896 1079 3010 1134 quo
3039 1065 3162 1135 ejus
3189 1065 3337 1134 quod
3374 1075 3458 1120 est
3481 1083 3603 1121 esse

2017 1162 2159 1216 ratio
2185 1161 2536 1230 pragdicetur,
2566 1159 2666 1213 Dei
2699 1171 2840 1226 opus
2878 1166 2992 1222 est;
3037 1158 3255 1212 tametsi
3286 1158 3434 1213 aliud
3483 1161 3605 1228 qui-

2018 1252 2143 1305 dem
2173 1261 2526 1321 temporanee
2558 1258 2682 1304 ortu
2726 1249 2960 1318 cmperit
2994 1263 3145 1313 esse,
3181 1249 3335 1304 aliud
3358 1250 3455 1305 Dei
3485 1268 3605 1304 mu-

2019 1358 2153 1397 nere
2181 1345 2382 1398 creatis
2411 1342 2638 1396 insitum
2666 1341 2759 1404 sit,
2787 1355 2886 1394 ceu
2914 1340 2997 1393 vis
3019 1339 3265 1409 quaedam
3297 1341 3366 1396 iis
3394 1343 3600 1407 innata,

2013 1451 2140 1504 qua:
2191 1436 2363 1489 Deum
2425 1435 2482 1488 in
2534 1432 2794 1488 omnibus
2856 1432 3212 1488 exsistentem
3262 1434 3409 1488 clare
3461 1451 3601 1504 prae-

2020 1527 2184 1581 dicet.

2083 1616 2178 1671 '50.
2241 1617 2578 1672 Immortalia
2629 1621 2850 1683 omnia,
2910 1619 3138 1688 ipsaque
3186 1619 3604 1684 immortalitas;

2022 1708 2374 1778 viventiaque
2401 1709 2608 1772 omnia,
2645 1709 2870 1779 ipsaque
2913 1710 3056 1774 vita;
3083 1717 3139 1763 et
3179 1719 3366 1765 sancta
3400 1711 3605 1772 omnia,

349 1803 548 1865 πάντα,
577 1802 673 1855 καὶ
700 1800 840 1871 αὐτὴ
873 1802 906 1870 ἡ
939 1797 1166 1867 ἁγιότης
1189 1813 1204 1828 ο
1239 1798 1336 1848 καὶ
1365 1795 1434 1848 τὰ
1464 1794 1694 1862 ὲνάρετα
1725 1793 1922 1854 πάντα,

2036 1803 2252 1871 ipsaque
2283 1801 2580 1864 sanctitas;
2627 1801 2942 1870 virtuthue
2981 1800 3212 1870 pmdita
3245 1803 3428 1857 omnia
3473 1803 3610 1874 (stu-

350 1897 449 1950 καὶ
481 1892 622 1964 αὐτὴ
648 1896 691 1964 ἡ
717 1893 886 1963 ἀρετή
919 1907 930 1919 ·
970 1891 1065 1944 καὶ
1097 1890 1166 1942 τὰ
1185 1886 1368 1956 ἀγαθὰ
1403 1886 1606 1947 πάντα,
1639 1883 1734 1937 καὶ
1778 1881 1918 1950 αὐτὴ

349 1990 381 2056 ἡ
423 1986 699 2056 ἀγαθὸτης
731 2001 744 2014 ·
775 1985 868 2037 καὶ
901 1983 968 2036 τὰ
1005 1983 1134 2036 ὅντα
1157 1983 1334 2035 πάντα
1359 2021 1374 2046 ,
1406 1979 1501 2032 καὶ
1542 1977 1680 2046 αὐτὴ
1710 1977 1743 2046 ἡ
1776 1973 1918 2028 ὀντό-

349 2096 470 2149 της,
509 2075 644 2131 Θεοῦ
696 2074 976 2148 προδήλως
1035 2072 1172 2144 ἔργα
1215 2071 1574 2141 τυγχάνουσιν
1599 2085 1612 2098 ·
1645 2066 1782 2120 ἀλλὰ
1806 2106 1821 2129 ,
1853 2065 1923 2116 τά

353 2171 473 2241 μὲν,
495 2170 589 2224 τοῦ
619 2165 760 2222 εἶναι
784 2167 1050 2238 χρονικῶς
1082 2165 1332 2236 ἠργμένα
1359 2181 1371 2192 ·
1409 2158 1478 2234 ἦν
1508 2161 1617 2230 γάρ
1639 2175 1767 2212 ποτε
1790 2199 1805 2224 ,
1835 2158 1924 2210 ὅτε

347 2264 453 2316 οὐκ
481 2258 588 2333 ἦν·
634 2263 704 2316 τὰ
750 2261 829 2325 δὲ,
857 2259 952 2313 τοῦ
996 2254 1140 2312 εἶναι
1180 2254 1448 2328 χρονικῶς
1493 2255 1595 2306 οὐκ
1649 2249 1924 2322 ἠργμὲνα.

352 2355 468 2408 Ούκ
497 2351 567 2426 ἦν
598 2354 710 2424 γάρ
744 2369 900 2416 ποτε,
930 2353 1020 2405 ὅτε
1053 2350 1154 2403 οὐκ
1197 2344 1267 2420 ἦν
1305 2346 1477 2417 ἀρετὴ
1526 2345 1620 2398 καὶ
1651 2340 1927 2409 ἀγαθὸτης

354 2449 449 2502 καὶ
493 2447 717 2516 ἁγιότης
770 2446 866 2497 καὶ
915 2441 1216 2496 ἀθανασία.
1259 2439 1368 2492 Καὶ
1411 2437 1480 2490 τὰ
1533 2435 1636 2505 μὲν
1677 2432 1930 2504 ὴργμένα

353 2535 647 2610 χρονικῶς,
681 2538 749 2607 τῇ
783 2536 984 2604 μετοχῇ
1034 2531 1145 2585 τῶν
1186 2529 1289 2583 οὐκ
1327 2528 1618 2600 ἠργμένων
1663 2523 1931 2597 χρονικῶς

356 2630 465 2684 εἰσὶ
507 2629 603 2682 καὶ
641 2626 890 2695 λέγονται
914 2623 1056 2677 τοῦθ’
1075 2623 1212 2692 ὅπερ
1242 2621 1338 2674 καὶ⁵
1374 2619 1480 2672 εἰσὶ
1511 2618 1608 2671 καὶ
1657 2616 1928 2684 λέγονται.

356 2721 545 2791 Πάσης
599 2719 709 2790 γὰρ
749 2718 894 2786 ξωῆς
933 2715 1029 2769 καὶ
1069 2711 1390 2774 ἀθανασίας,
1428 2707 1711 2780 ἀγιότητός
1744 2724 1804 2759 τε
1841 2705 1935 2758 καὶ

355 2813 602 2884 ἀρετῆς,
659 2807 991 2881 δημιουργός
1052 2807 1199 2858 ἐστιν
1240 2806 1269 2857 ὁ
1324 2803 1454 2864 Θεός
1489 2817 1502 2830 ’
1560 2800 1700 2870 ὑπὲρ
1746 2797 1934 2852 οὐσίαν

355 2907 466 2977 γὰρ
501 2905 720 2958 πάντων
771 2900 882 2954 τῶν
926 2916 988 2952 τε
1025 2895 1329 2967 νοουμένων
1380 2895 1474 2948 καὶ
1508 2893 1816 2962 λεγομένων
1849 2888 1935 2954 ἐξ·

356 2998 584 3069 ῄρηται.

2024 1893 2224 1958 diosa),
2247 1902 2303 1948 et
2325 1893 2502 1948 virtus
2525 1893 2672 1962 ipsa;
2700 1893 2954 1963 bonaque
2977 1893 3184 1956 omnia,
3211 1903 3268 1947 et
3305 1894 3420 1963 ipsa
3449 1893 3608 1948 boni-

2025 1993 2138 2050 tas;
2170 2001 2292 2055 qua:
2335 1996 2464 2040 sunt
2505 1987 2710 2047 omnia,
2754 1987 2978 2055 ipsaque
3027 1985 3230 2040 entitas
3266 1985 3349 2057 (ut
3389 1989 3608 2056 vocant)

2021 2079 2146 2147 ejus
2174 2077 2318 2146 quod
2347 2086 2432 2131 est
2462 2078 2602 2131 ratio
2623 2117 2638 2140 ,
2673 2077 2767 2131 Dei
2792 2077 2974 2146 palam
3011 2087 3140 2131 sunt
3179 2092 3342 2146 opera
3373 2095 3386 2129 :
3415 2093 3482 2131 ex
3524 2078 3612 2131 bis

2028 2178 2232 2233 tamen,
2262 2169 2368 2223 alia
2411 2180 2760 2239 temporanee
2800 2178 3092 2238 coeperunt
3129 2185 3251 2224 esse
3283 2169 3424 2239 (erat
3461 2170 3609 2224 enim

2027 2261 2327 2331 aliquando
2367 2261 2588 2331 quando
2633 2274 2742 2315 non
2771 2262 2974 2330 erant),
3001 2260 3108 2313 alia
3146 2274 3210 2314 ex
3244 2260 3398 2314 nullo
3423 2275 3612 2330 cmpe-

2029 2362 2160 2408 runt
2203 2361 2472 2421 tempore.
2507 2351 2798 2420 Nunquam
2828 2349 2976 2403 enim
3019 2349 3124 2402 fuit
3163 2363 3292 2402 cum
3338 2351 3514 2403 virtus
3553 2359 3614 2402 et

2029 2441 2248 2497 bonitas
2271 2451 2327 2495 et
2354 2439 2616 2494 sanctitas
2644 2447 2702 2492 et
2735 2437 3123 2491 immortalitas
3160 2451 3271 2489 non
3303 2447 3509 2492 essent.
3535 2440 3614 2492 Ac

2029 2531 2256 2602 quidem
2299 2545 2398 2595 ea,
2443 2544 2566 2598 quae
2609 2537 2962 2596 temperance
3001 2535 3182 2595 coepta
3230 2535 3388 2590 sunt,
3416 2542 3614 2581 eorum

2031 2639 2154 2694 qua:
2206 2639 2317 2677 non
2381 2631 2511 2676 sunt
2564 2627 2742 2689 empta
2787 2627 3145 2687 temperance
3197 2618 3619 2687 participatione

2032 2722 2164 2770 sunt
2212 2729 2276 2768 ac
2324 2712 2612 2776 dicuntur,
2653 2710 2731 2774 id,
2765 2708 2913 2778 quod
2955 2717 3012 2763 et
3059 2718 3188 2762 sunt
3231 2717 3289 2762 et
3333 2708 3617 2762 dicuntur.

2036 2806 2179 2860 Deus
2207 2819 2444 2874 namque
2473 2803 2654 2857 omnis
2678 2811 2734 2855 et
2759 2801 2886 2855 vita:
2910 2809 2968 2853 et
3011 2799 3455 2861 immortalitatis,
3496 2815 3624 2852 san-

2033 2895 2352 2964 ctitatisque
2385 2904 2434 2948 et
2474 2892 2701 2947 virtutis
2725 2889 2982 2944 conditor
3013 2901 3099 2944 est
3125 2906 3137 2941 :
3163 2889 3367 2958 quippe
3390 2889 3487 2958 qui
3532 2905 3625 2943 su-

2035 3004 2134 3059 pra
2174 2988 2469 3043 essentiam
2499 2985 2748 3040 omnium
2773 2999 2893 3054 quae
2920 2982 3324 3054 intelliguntur,
3363 2990 3463 3037 aut
3500 2998 3624 3053 qua:

2043 3079 2304 3133 dicuntur
2317 3117 2332 3142 ,
2369 3077 2596 3132 eminet.

433 3177 538 3233 να⁹.
583 3176 648 3230 Ἦ
692 3175 826 3244 ἕκτη
862 3172 1006 3227 κατὰ
1028 3172 1128 3243 τὴν
1173 3169 1212 3223 Γ
1217 3169 1396 3242 ραφὴν
1441 3166 1644 3238 ἡμέρα,
1677 3164 1776 3234 τὴν
1829 3161 1936 3215 τῶν

2109 3171 2198 3225 5i.
2248 3169 2412 3225 Sexta
2438 3169 2580 3232 dies,
2613 3169 2768 3238 juxta
2812 3165 3172 3236 Scripturam,
3218 3181 3416 3221 eorum
3463 3166 3626 3222 docet

361 3270 472 3327 ὑπὸ
513 3268 675 3339 φύσιν
731 3265 901 3318 όντων
955 3265 1261 3335 εἰσηγεῖται
1314 3260 1714 3329 συμπλήρωσιν
1747 3272 1760 3285 ·
1803 3257 1836 3324 ἡ
1881 3255 1938 3307 δὲ

361 3363 590 3432 ἑϐδόμη.
614 3361 714 3430 τῆς
745 3357 1008 3429 χρονικῆς
1041 3355 1306 3424 ἰδιότητος
1346 3351 1682 3422 περιγράφει
1730 3345 1830 3418 τὴν
1855 3347 1940 3397 κί-

363 3469 519 3523 νησιν
553 3466 566 3479 ·
601 3451 635 3521 ἡ
663 3449 719 3501 δὲ
740 3447 922 3516 ὀγδόη,
951 3446 1050 3515 τῆς
1087 3444 1230 3512 ὑπὲρ
1259 3441 1420 3509 φύσιν
1458 3441 1554 3494 καὶ
1579 3438 1773 3510 χρόνον
1806 3437 1940 3488 ὑπο-

363 3543 516 3614 δηλοῖ
545 3539 932 3599 καταστάσεως
965 3536 1058 3588 τὸν
1083 3533 1303 3606 τρόπον.

447 3717 548 3790 νβ’.
585 3717 644 3770 '0
700 3715 802 3782 τὴν
849 3713 1022 3783 ηέκτην
1061 3711 1222 3783 μόνον
1284 3709 1427 3763 κατὰ
1463 3711 1556 3763 τὸν
1585 3709 1750 3780 νόμον
1795 3709 1945 3777 ἄγων

369 3817 604 3887 ἡμέραν,
660 3811 758 3882 τὴν
809 3809 928 3862 κατ’
957 3809 1240 3879 ἐνέργειαν
1294 3805 1650 3860 ὲκθλίϐουσαν
1696 3806 1795 3876 τὴν
1843 3805 1947 3874 ψυ-

371 3909 473 3980 χὴν
534 3906 646 3959 τῶν
718 3902 908 3957 παθῶν
987 3903 1205 3971 φεύγων
1275 3899 1626 3961 δυναστείαν,
1692 3900 1778 3953 διὰ
1849 3900 1947 3970 τῆς

370 3997 650 4067 Θαλάσσης
705 3994 927 4064 ὰφὸὗως
972 3995 1066 4046 ἐπὶ
1104 3993 1204 4063 τὴν
1256 3993 1462 4063 ἔρημον
1505 3991 1772 4044 διαϐαίνει
1806 4008 1818 4020 ·
1846 3992 1947 4061 τὴν

368 4088 480 4143 τῶν
533 4086 724 4141 παθῶν
763 4085 966 4156 ἀργίαν
1023 4083 1190 4153 μόνην
1236 4081 1599 4147 σαϐϐατίζων.
1652 4083 1709 4134 '0
1739 4083 1794 4135 δὲ
1858 4083 1948 4136 τὸν

384 4179 664 4252 Ἰορδάνην
685 4177 898 4239 διαϐὰς,
929 4177 1024 4228 καὶ
1056 4173 1226 4243 αὐτὴν
1253 4173 1538 4227 ἀπολιπὼν
1568 4173 1664 4245 τὴν
1699 4176 1808 4228 τῶν
1843 4193 1948 4230 πα-

372 4272 480 4326 Οῶν
523 4271 683 4342 μόνον
705 4268 982 4340 ἀργοῦσαν
1009 4260 1366 4331 κατάστασιν,
1393 4262 1556 4334 ἦλθεν
1598 4269 1678 4330 εἰς
1715 4268 1815 4338 τὴν
1841 4269 1950 4322 τῶν

371 4365 585 4437 ἀρετῶν
616 4360 1003 4433 κληρονομίαν.

442 4548 544 4610 νγ’.
587 4541 648 4594 '0
681 4539 778 4609 τὴν
803 4538 966 4609 ἕκτην
989 4538 1358 4606 εῦαγγελικῶς
1385 4539 1534 4608 ἄγων
1559 4541 1792 4612 ἡμέραν,
1813 4544 1947 4596 ἀπο-

373 4634 590 4696 κτείνας
617 4632 878 4702 πρότερον
915 4630 983 4684 τὰ
1012 4630 1112 4701 τῆς
1141 4632 1420 4702 ἁμαρτίας
1472 4633 1667 4703 πρῶτα
1708 4637 1947 4706 κινήμα-

371 4739 462 4785 τα,
496 4721 594 4792 τὴν
629 4721 808 4788 πάσης
828 4720 1026 4782 κακίας
1059 4719 1266 4792 ἔρημον
1295 4720 1382 4774 διὰ
1401 4721 1511 4774 τῶν
1541 4723 1753 4794 ἀρετῶν
1776 4743 1949 4778 κατα-

373 4812 642 4883 λαμϐάνει
685 4814 786 4882 τῆς
837 4813 1106 4876 ἀπαθείας
1168 4814 1502 4867 κατάστασιν
1533 4829 1548 4843 ⁶
1609 4817 1952 4883 σαϐϐατίζων

373 4905 519 4960 κατὰ
548 4905 674 4959 νοῦν
703 4904 798 4959 xui.
828 4905 999 4972 αὐτῆς
1027 4903 1190 4974 ψιλῆς
1219 4904 1320 4972 τῆς
1347 4904 1458 4958 τῶν
1498 4904 1691 4958 παθῶν
1743 4925 1950 4976 φαντα-

448 5084 536 5156 (j)
599 5084 669 5137 Τὸ
726 5082 843 5156 μὲν
896 5083 1046 5156 acati;
1099 5083 1341 5156 γένεσιν
1396 5081 1627 5156 ἦρκται,
1681 5087 1803 5143 Alte
1860 5089 1952 5144 hic

375 5154 608 5220 Maximo
643 5154 890 5226 exposita
935 5154 1076 5226 ratio
1117 5155 1263 5226 entis
1308 5155 1500 5226 creati,
1548 5165 1604 5212 et
1654 5158 1950 5226 perfectio-

313 5263 318 5266 -
373 5237 507 5293 num
563 5223 1124 5293 quas’perl‘ectioncs
1193 5225 1516 5292 simpliciter
1569 5223 1789 5281 vocant.
1838 5229 1951 5283 Ens

371 5290 643 5353 creatum,
681 5290 857 5362 ips—um
892 5299 976 5347 est
1017 5294 1172 5360 cujus
1215 5290 1433 5363 proprie
1472 5297 1688 5363 genesis
1711 5308 1765 5352 et
1792 5309 1949 5354 ortus

373 5381 472 5420 seu
494 5364 807 5434 procreatio
846 5374 928 5434 est
952 5378 1015 5416 ac
1055 5363 1420 5434 dependentia
1448 5381 1477 5419 a
1506 5367 1618 5420 Deo
1643 5380 1888 5434 auctore,
1915 5387 1945 5424 a

373 5452 482 5504 qua
500 5433 674 5508 nulla
693 5449 781 5508 res
810 5433 1080 5487 exsistens
1113 5433 1168 5508 in
1204 5448 1299 5508 sua
1325 5436 1556 5508 _ratione
1591 5437 1800 5492 absolvi
1844 5433 1946 5508 po-

374 5503 516 5576 test.
543 5503 918 5576 Pcrl'ectiones
946 5518 1076 5576 vero
1104 5503 1446 5576 simpliciter,
1481 5515 1611 5560 sunt
1649 5508 1780 5576 ipsa!
1808 5503 1949 5563 divi-

374 5590 460 5628 me
487 5575 666 5636 dotes,
696 5589 832 5642 quas
858 5574 1002 5626 Deus
1030 5573 1219 5644 intime
1251 5575 1414 5628 rebus
1438 5573 1697 5644 przcsens,
1726 5579 1943 5641 iisdem,

375 5661 438 5716 ac
469 5646 624 5714 quasi
673 5644 915 5716 easdem,
949 5642 1093 5716 quod
1142 5644 1336 5698 attinet
1380 5642 1448 5697 ad
1488 5657 1817 5716 conceptum
1864 5651 1946 5702 sic

379 5715 811 5778 abstraheutcm,
842 5714 1085 5783 impartit
1112 5731 1124 5765 :
1149 5729 1256 5782 quo
1304 5716 1379 5778 lit,
1410 5725 1467 5769 ut
1498 5717 1574 5770 sic
1630 5714 1722 5770 Dei
1779 5732 1946 5788 opera
2023 5747 2026 5750 ν

2040 3262 2525 3332 complementum,
2556 3275 2678 3330 qua:
2708 3267 2837 3314 sunt
2875 3258 2980 3312 sub
3007 3267 3201 3312 natura
3229 3274 3246 3313 :
3270 3259 3500 3328 septima
3524 3274 3624 3313 au-

2041 3362 2172 3415 tem,
2201 3361 2566 3419 temporancae
2585 3349 2746 3421 472
2769 3349 3121 3419 pr0prietatis
3150 3358 3357 3404 motum
3381 3350 3624 3406 circum-

2041 3443 2272 3498 scribit:
2301 3452 2494 3496 octava
2539 3440 2781 3503 demum,
2823 3441 2943 3510 ejus
2973 3448 3148 3496 status
3179 3441 3273 3511 qui
3317 3448 3514 3496 natura
3541 3451 3613 3497 at-

2042 3551 2149 3604 que
2179 3545 2424 3604 tempore
2469 3534 2720 3604 superior
2752 3542 2856 3598 est,
2893 3533 3117 3588 modum
3164 3534 3426 3591 subnotat
3463 3545 3628 3606 atque

2046 3627 2249 3680 innuit.

2115 3718 2204 3772 52.
2247 3717 2351 3784 Qui
2393 3725 2600 3772 sextam
2644 3716 2911 3772 duntaxat
2939 3716 3089 3772 diem
3133 3716 3295 3788 legali
3325 3719 3437 3774 ritu
3478 3719 3626 3791 agit.

2046 3809 2474 3879 opprimentium
2524 3815 2641 3879 ipsa
2693 3824 2752 3864 re
2799 3819 3035 3879 actaque
3082 3809 3377 3865 all‘ectuum
3411 3826 3475 3866 ac
3501 3827 3629 3882 per-

2048 3900 2422 3954 turbationum
2465 3901 2808 3955 dominatum
2854 3901 3090 3971 fugiens,
3141 3901 3415 3972 intrepide
3463 3904 3632 3959 maris
3723 3889 3726 3892 1

2050 3992 2265 4048 tramite
2295 3993 2349 4046 in
2381 3993 2662 4048 desertum
2697 3994 2920 4060 transit;
2951 3994 3046 4064 qui
3076 3995 3285 4050 scilicet
3312 3996 3508 4050 horum
3535 4012 3630 4052 so-

2048 4083 2329 4139 lummodo
2349 4083 2547 4146 otium,
2571 4100 2667 4139 seu
2690 4084 2760 4139 ab
2783 4085 2870 4139 bis
2891 4085 3275 4151 cessationem,
3304 4086 3628 4144 Sttbbutizct.

2049 4177 2138 4240 At,
2170 4175 2265 4246 qui
2304 4183 2564 4245 superato
2590 4175 2856 4240 Jordane,
2896 4175 3074 4245 ipsum
3108 4191 3328 4246 quoque
3377 4179 3509 4233 solis
3549 4181 3631 4233 al-

2049 4268 2285 4323 l'ectibus
2316 4285 2380 4322 ac
2405 4267 2915 4338 perturbationibus
2947 4268 3210 4323 otiantcm
3241 4278 3402 4339 atque
3437 4286 3632 4326 vacan-

2047 4370 2160 4415 tem
2195 4369 2400 4415 statum
2435 4359 2677 4430 reliquit,
2710 4361 2881 4430 ipsam
2925 4359 3192 4414 virtutum
3227 4362 3631 4431 possessionem

2050 4451 2208 4506 adiit.

2123 4545 2212 4600 55.
2251 4543 2354 4610 Qui
2387 4552 2515 4598 ante
2547 4542 2851 4613 peremptis
2884 4543 3075 4612 primis
3112 4546 3320 4614 peccati
3369 4547 3630 4606 motibus.

2050 4644 2259 4692 sextam
2299 4635 2445 4690 diem
2478 4635 2792 4707 evangelice
2830 4636 2962 4705 agit,
2993 4636 3139 4689 omni
3169 4638 3436 4706 pravitate
3467 4647 3632 4709 atque

2052 4727 2186 4782 vitio
2223 4735 2532 4790 vacantem,
2586 4727 2736 4781 velut
2783 4727 3083 4793 desertum,
3135 4729 3401 4784 virtutum
3456 4732 3629 4794 cultu,

2053 4818 2565 4889 imperturbationis
2611 4818 2806 4888 arripit
2857 4826 3088 4883 statum,
3133 4821 3202 4875 ab
3247 4821 3365 4890 ipsa
3414 4839 3633 4894 quoque

2055 4911 2201 4966 nuda
2232 4911 2707 4981 perturbationum
2745 4909 3151 4980 aﬂ‘ectuumque
3179 4913 3511 4983 cogitatione
3535 4931 3630 4971 seu

2058 5091 2456 5165 intelligantur,
2483 5099 2552 5165 _et
2591 5105 2624 5144 a
2666 5090 2799 5165 Deo,
2836 5090 3182 5165 emanatione
3227 5093 3295 5165 ab
3331 5094 3471 5165 ipso,
3518 5098 3633 5152 sive

2061 5161 2278 5215 virtuali
2323 5161 2377 5215 in
2417 5161 2620 5230 seipso,
2665 5161 2948 5230 sivewreali
2993 5161 3046 5214 in
3090 5164 3313 5227 creatis,
3347 5161 3405 5221 ut
3451 5176 3632 5223 tamen

2057 5241 2235 5307 ca}an
2269 5229 2556 5307 χρονικῶς,
2586 5239 2644 5282 ιιι
2671 5231 2756 5307 sic
2789 5229 3108 5307 formalitcr,
3141 5242 3198 5307 et
3231 5235 3285 5288 in
3318 5234 3408 5290 illa
3452 5241 3634 5307 pcrl‘c-

2057 5302 2258 5355 ctionis
2283 5301 2548 5376 absoluta:
2584 5301 2815 5376 ratione,
2864 5312 2975 5355 n0n
3022 5301 3634 5376 intelligantur{quod

2052 5386 2182 5425 vere
2207 5370 2512 5441 secundum
2538 5379 2711 5423 totum
2741 5371 2891 5423 illum
2923 5370 3247 5441 conceptum
3275 5389 3337 5428 ac
3367 5370 3636 5432 rationem

2053 5441 2218 5494 etiam
2250 5441 2303 5493 in
2336 5442 2447 5511 Deo
2473 5440 2583 5511 sint
2611 5457 2622 5492 :
2654 5441 2707 5493 in
2737 5442 2872 5502 Deo,
2904 5442 3020 5511 ipsc
3051 5443 3222 5508 Deus;
3254 5447 3306 5497 in
3341 5449 3635 5508 creaturis.

2052 5512 2174 5580 ejus
2203 5510 2469 5563 bonitatis
2497 5509 2748 5572 eﬂcctus,
2800 5509 2946 5565 unde
2991 5523 3078 5568 est
3119 5522 3268 5567 utet
3311 5514 3482 5569 Deum
3535 5520 3641 5573 sub

2054 5582 2253 5663 talibus
2297 5580 2655 5650 conceptibus
2704 5591 2766 5636 ut
2816 5591 3097 5638 auctorem
3153 5583 3527 5655 intelligamus
3583 5598 3644 5640 ac

2051 5667 2418 5705 nominemus.
