4128 6210
333 270 471 333 1105

1184 274 1522 336 CAPITUM
1559 277 1831 338 THEOL.
1870 281 1964 341 ΕΤ
2004 283 2242 345 (ECON.
2285 289 2675 353 CENTURIA
2722 295 2769 354 Ι.

3469 297 3604 360 1106

324 381 633 453 γνωστικῆς
677 383 912 455 Θεωρίας
947 402 959 416 ο
989 385 1112 439 καθ’
1141 388 1208 458 ἣν
1254 389 1383 453 τοὺς
1428 390 1621 459 λόγους
1657 392 1764 445 τῶν
1817 393 1908 445 av.
1944 438 1949 459 γ

2030 403 2497 471 :ontemplattonis
2533 406 2780 476 requiem
2822 410 3105 476 transivit;
3143 428 3251 483 qua
3286 428 3479 467 rerum
3516 430 3607 467 ra-

325 489 438 527 των
493 473 810 542 περιλαϐὼν
865 474 1229 547 θεοπρεπῶς,
1265 480 1367 551 τῆς
1421 483 1572 537 κατά
1620 484 1746 537 νοῦν
1788 485 1919 556 περὶ

327 566 499 634 αὐτὴν
533 565 807 636 κινήσεως
839 567 1204 623 ἀναπαύεται.

399 658 462 722 ξ’.
502 658 561 712 '0
612 661 711 729 τῆς
744 659 814 713 δι’
858 663 1007 730 ἡμᾶς
1043 662 1413 735 ἑϐδοματικῆς
1458 667 1555 719 τοῦ
1594 668 1729 721 Θεοῦ
1782 686 1915 737 μετ-

329 749 580 818 εσχηκὼς
620 750 1016 815 ἀναπαύσεως,
1046 752 1143 805 καὶ
1174 754 1277 823 τῆς
1309 756 1474 809 αὑτοῦ
1502 756 1568 809 δι’
1599 760 1751 827 ἡμᾶς
1789 759 1919 829 μεθ-

328 840 440 905 έξει
465 841 606 894 κατά
636 842 734 912 τὴν
774 842 973 896 θέωσιν
1020 844 1349 914 ὀγδοατικῆς
1406 849 1713 918 ἐνεργείας,
1745 852 1921 903 εῑτουν

332 934 603 1002 μυστικῆς
630 934 982 997 ἀναστάσεως
1004 953 1016 964 ·
1050 935 1210 1005 ἀφεὶς
1240 937 1337 989 καὶ
1366 938 1528 1001 αὐτὸς
1564 941 1622 993 ἐν
1654 940 1733 1011 τῷ
1764 942 1921 1014 τάφῳ

328 1024 561 1094 κείμενα
594 1025 660 1079 τὰ
690 1025 899 1088 ὀθόνια,
928 1029 1023 1080 καὶ
1079 1027 1139 1080 τὸ
1180 1029 1273 1081 ἐπὶ
1323 1030 1423 1099 τῆς
1449 1031 1691 1102 κεφαλῆς
1726 1033 1921 1087 σουδά-

332 1134 446 1187 ριον
472 1135 485 1146 ·
517 1118 660 1189 ἅπερ
689 1118 1025 1189 θεωροῦντες
1059 1120 1113 1172 εἴ
1146 1138 1231 1184 τις
1275 1121 1481 1192 Πέτρος
1503 1122 1598 1178 καὶ
1642 1125 1919 1197 Ἰωάννης,

328 1206 677 1262 πιστεύουσιν
708 1209 1011 1280 ἐγηγέρθαι
1050 1211 1142 1264 τὸν
1168 1211 1395 1283 Κύριον.

402 1414 505 1483 ξα’.
528 1418 652 1488 Μνη
664 1418 817 1488 μεῖόν
847 1418 996 1471 ἐστιν
1039 1418 1171 1484 ἴσως
1199 1419 1555 1484 Δεσποτικὺν,
1590 1422 1623 1492 ἦ
1653 1422 1682 1474 ὁ
1715 1422 1923 1493 κόσμος

329 1503 509 1573 οὗτος,
540 1510 573 1579 ἢ
607 1512 639 1580 ἡ
680 1509 915 1564 ἐκάστου
948 1511 1060 1565 τῶν
1094 1513 1306 1566 πιστῶν
1346 1515 1544 1584 καρδία
1571 1533 1583 1545 ·
1615 1515 1682 1569 τά
1712 1515 1768 1569 δέ
1801 1514 1922 1569 ὀθό-

330 1621 441 1663 νια,
481 1604 530 1654 εί
560 1604 664 1656 τῶν
697 1603 972 1674 αἰσθητῶν
999 1606 1136 1674 μετά
1170 1605 1280 1660 τῶν
1321 1608 1440 1661 κατ’
1462 1609 1663 1680 ἀρετὴν
1704 1612 1921 1683 τρόπων

330 1693 643 1764 ὑπάρχουσι
676 1692 826 1761 λόγοι
856 1711 872 1725 ο
905 1695 966 1747 τὸ
992 1695 1049 1749 δέ
1112 1697 1420 1768 σουδάριον,
1450 1701 1483 1771 ὴ
1538 1701 1648 1754 τῶν
1710 1701 1918 1772 νοητῶν

332 1758 463 1836 ἐστι-
488 1758 624 1854 μετὰ
782 1785 1140 1857 ἐνδεχομένης
1171 1758 1449 1859 θεολογίας
1472 1758 1618 1863 ἀπλῆ
1644 1794 1739 1847 καὶ
1759 1758 1916 1846 ἀποί-
1954 1758 1994 1810 Β

331 1874 485 1937 κιλος
526 1875 750 1943 γνῶσις,
785 1877 854 1929 δι’
884 1872 961 1932 ὧν
992 1880 1319 1951 ἐγνωρίζετο
1361 1883 1626 1954 πρότερον
1664 1885 1693 1935 ὁ
1723 1884 1916 1952 Λόγος,

338 1965 626 2037 ἀχώρητον
690 1969 823 2037 ἡμῖν
866 1968 1005 2040 ἔχων
1039 1970 1359 2026 παντάπασι
1401 1974 1523 2045 δίχα
1558 1974 1784 2038 τούτων,
1819 1976 1919 2046 τὴν

332 2056 363 2108 ὑ
376 2058 473 2126 πὲρ
508 2057 679 2110 ταῦτα
713 2061 1042 2131 κατάληψιν.

405 2147 503 2218 ξβ’.
538 2152 599 2203 Οί
631 2150 931 2217 θάπτοντες
967 2155 1203 2223 ἐντίμως
1241 2156 1332 2211 τὸν
1372 2157 1599 2229 Κύριον,
1634 2162 1730 2213 καὶ
1773 2161 1921 2214 ἐνδό-

335 2239 443 2304 ξως
501 2241 815 2298 ἀναστάντα
864 2245 1196 2301 θεάσονται’
1263 2249 1430 2304 πᾶσιν
1482 2252 1611 2304 ὄντα
1667 2255 1782 2316 τοῖς
1846 2256 1920 2324 μὴ

334 2332 599 2400 τοιούτοις
625 2336 873 2392 ἀθέατον.
911 2340 1026 2394 Οὐκ
1070 2340 1150 2394 ἔτι
1181 2342 1291 2414 γὰρ
1330 2347 1443 2409 τοῖς
1474 2345 1921 2399 ἐπιϐουλεύουσῖν

336 2428 483 2480 ἐστιν
521 2430 745 2495 άλωτὸς,
773 2433 872 2485 ούκ
918 2432 1056 2503 ἔχων
1084 2433 1195 2487 τῶν
1224 2436 1386 2500 ἐκτὸς
1418 2437 1485 2491 τὰ
1512 2439 1919 2510 προκαλύμμα-

335 2536 422 2577 τα,
466 2520 535 2572 δι’
569 2514 644 2574 ὧν
674 2523 848 2577 ἐδόκει
889 2526 1059 2579 θέλων
1094 2528 1415 2584 ἁλίσκεσθαι
1455 2534 1604 2603 παρά
1634 2532 1744 2585 τῶν
1798 2533 1922 2603 βουκ

336 2611 602 2681 λομένων,
631 2617 722 2669 καὶ
779 2617 1009 2688 πάσχειν
1055 2621 1197 2692 ὑπὲρ
1241 2622 1340 2693 τῆς
1376 2623 1595 2677 πάντων
1642 2625 1922 2697 σωτηρίας

334 2706 605 2776 ἠνείχετο.

414 2794 515 2867 ξγ’.
562 2800 619 2854 '0
654 2800 877 2857 θάπτων
904 2806 1140 2876 ἐντίμως
1177 2807 1270 2860 τὸν
1305 2806 1535 2877 Κύριον,
1579 2809 1745 2862 πᾶσίν
1806 2811 1923 2863 ἐστι

340 2891 456 2953 τοῖς
513 2892 783 2959 φιλοθέοις
839 2897 1121 2967 αἰδέσιμος
1155 2916 1168 2929 ·
1198 2898 1471 2970 θριάμϐου
1496 2900 1603 2972 γάρ
1634 2901 1796 2954 αὑτὸν
1832 2902 1925 2955 καὶ

341 2977 580 3043 ὀνείδους
597 2981 948 3053 καθηκόντως
970 2985 1264 3059 ἐρρύσατο.
1287 2987 1639 3060 βλασφημίας
1666 2991 1925 3047 ὑπόθεσιν

2026 491 2207 545 tiones
2238 493 2423 550 divine
2461 498 2800 568 complexus,
2833 516 2862 554 a
2892 502 3093 557 mentis
3122 501 3271 557 circa
3300 518 3421 557 eam
3454 515 3609 558 motu

2023 582 2256 652 quiescit
2272 624 2291 641 .
2990 605 2994 608 ’

2094 674 2182 729 60.
2226 676 2327 743 Qui
2375 681 2624 750 septimae
2668 684 2873 753 quietis
2916 685 3011 740 Dei
3059 686 3113 739 in
3156 687 3331 740 nostri
3377 686 3608 758 gratiam

2023 770 2301 841 particeps
2320 772 2494 830 factus
2516 782 2630 841 est;
2657 777 2776 847 ejus
2798 794 3018 847 quoque
3043 788 3269 848 propter
3285 795 3384 833 nos
3406 786 3611 834 octavae

2024 859 2357 926 operationis
2393 877 2493 931 per
2520 864 2930 922 'deifieationcm
2972 868 3242 940 (mystica:
3275 869 3487 923 scilicet
3521 886 3610 923 re-

2024 952 2408 1027 surrectionis)
2443 954 2537 1012 ﬁet
2570 959 2871 1030 particeps;
2910 961 3026 1032 ipse
3057 962 3223 1016 etiam
3265 963 3319 1017 in
3354 964 3612 1033 sepulcro

2024 1039 2344 1100 linteamina
2372 1049 2573 1116 posita,
2599 1066 2662 1105 ac
2693 1053 2979 1108 sudarium
3010 1055 3156 1124 quod
3191 1055 3355 1124 capiti
3390 1056 3615 1125 imposi—

2026 1141 2142 1187 tum
2185 1133 2393 1203 fuerat,
2427 1139 2768 1210 relinquens.
2802 1141 2930 1199 Hzcc
2969 1159 3137 1214 porro
3174 1153 3535 1209 contuentes,
3567 1144 3614 1199 si

2024 1225 2150 1295 quis
2178 1228 2376 1285 Petrus
2407 1246 2471 1286 ac
2500 1224 2739 1291 Joannes
2772 1245 2885 1303 est,
2918 1237 3210 1293 Dominum
3247 1237 3615 1293 resurrexissc

2026 1320 2257 1376 credent
2279 1324 2344 1378 3°.

2096 1414 2187 1470 6'1.
2216 1413 2563 1474 Dominieum
2598 1418 2741 1476 forte
2777 1430 3227 1487 monumentum,
3253 1430 3349 1476 aut
3377 1422 3617 1477 mundus

2027 1505 2130 1559 iste
2173 1516 2291 1572 est,
2335 1515 2432 1563 aut
2477 1510 2719 1580 cujusvis
2772 1510 3021 1566 ﬁdelium
3071 1528 3167 1567 cor
3213 1513 3330 1567 sive
3374 1513 3611 1568 animus.

2026 1596 2355 1679 Sudarium,
2389 1601 2717 1671 spiritalium
2752 1612 2869 1667 est,
2900 1618 3025 1657 cum
3067 1618 3131 1657 ca
3169 1619 3334 1672 quam
3376 1603 3616 1659 nancisci

2029 1692 2190 1757 licet,
2220 1694 2526 1765 theologia,
2561 1694 2793 1764 simplex
2829 1695 3090 1764 omnique
3121 1710 3323 1749 vacans
3353 1696 3618 1750 varietate

2024 1784 2287 1851 scientia;
2320 1786 2523 1856 quibus
2556 1787 2710 1857 prius
2732 1786 2975 1841 Verbum
3002 1786 3353 1850 noscebatur,
3379 1786 3498 1841 sine
3532 1786 3619 1840 his

2026 1893 2255 1947 prorsus
2288 1878 2451 1934 nobis
2486 1879 3023 1949 incomprehensam,
3059 1895 3182 1950 quae
3213 1879 3323 1935 illis
3353 1879 3616 1945 emineat,

2025 1971 2581 2042 comprehensionem
2613 1972 2847 2027 habens.

2098 2154 2186 2210 62.
2231 2154 2337 2221 Qui
2384 2154 2688 2210 honoriﬁce
2735 2156 3029 2210 Dominum
3080 2156 3387 2225 sepeliunt,
3435 2154 3617 2223 ipsum

2027 2254 2247 2317 quoque
2271 2247 2509 2317 gloriose
2534 2255 2918 2318 resurgentem
2939 2247 3115 2301 visuri
3142 2254 3297 2307 sunt,
3326 2258 3450 2298 cum
3482 2242 3617 2297 alio-

2028 2341 2122 2411 qui
2146 2341 2423 2407 omnibus,
2447 2342 2541 2412 qui
2563 2357 2672 2395 non
2708 2348 2837 2395 sunt
2865 2338 3161 2411 ejusmodi,
3191 2336 3487 2393 invisibilis
3521 2335 3612 2389 sit.

2027 2432 2147 2487 Non
2188 2434 2337 2488 enim
2375 2433 2612 2504 amplius
2645 2433 2931 2504 expositus
2968 2441 3054 2487 est
3090 2431 3443 2486 inimicorum
3480 2426 3615 2482 insi-

2029 2523 2165 2588 diis,
2194 2524 2286 2594 qui
2321 2524 2490 2579 nullis
2521 2526 2856 2580 exteriorum
2892 2523 3193 2580 involucris
3226 2522 3480 2577 obtectus
3513 2518 3615 2583 sit,

2029 2612 2234 2683 quibus
2265 2623 2460 2683 sponte
2487 2629 2519 2668 a
2540 2613 2857 2668 volentibus
2886 2613 3007 2683 capi
3033 2611 3346 2676 videbatur,
3374 2608 3613 2666 sustine-

2032 2708 2235 2776 batque
2265 2707 2513 2762 omnium
2540 2722 2705 2762 causa
2729 2708 2922 2762 salutis
2949 2707 3082 2778 pati.

2100 2798 2191 2853 65.
2226 2797 2331 2863 Qui
2371 2796 2676 2853 honoriﬁce
2718 2797 3010 2851 Dominum
3051 2796 3276 2867 sepelit,
3311 2793 3475 2866 474
3512 2793 3617 2864 piis

2031 2887 2292 2944 omnibus
2330 2903 2394 2942 ac
2432 2886 2705 2958 religiosis
2758 2886 3093 2941 venerabilis
3128 2886 3372 2951 exsistit;
3415 2885 3618 2955 quippe

2032 2980 2127 3050 qui
2155 2979 2260 3034 rite
2292 2995 2359 3034 eo
2387 2978 2711 3050 perfunctus
2738 2979 2958 3049 pietatis
2981 2977 3179 3042 ofﬁcio,
3203 2977 3349 3049 quod
3383 2978 3439 3031 in
3470 2978 3618 3048 ligno

341 3071 444 3124 οὐκ
469 3072 630 3140 ἀφεὶς
656 3077 768 3137 τοῖς
790 3077 1066 3141 ἀπίστοις,
1094 3078 1192 3150 τὴν
1218 3081 1273 3131 ἐν
1297 3079 1376 3150 τῷ
1394 3080 1537 3152 ξύλῳ
1556 3081 1722 3137 αὐτοῦ
1751 3101 1925 3155 προσ-

2035 3073 2206 3129 clavis
2239 3072 2489 3128 conﬁxus
2525 3072 2618 3137 sit,
2645 3072 2961 3143 ignominia:
2993 3070 3326 3143 publicoque
3362 3069 3623 3125 dedecori

351 3163 573 3231 ήλωσιν.
604 3167 668 3219 Οἱ
700 3167 757 3221 δὲ
795 3171 1095 3241 σςραγῖδας
1152 3173 1485 3239 ἐπιτιθέντες
1516 3173 1593 3246 τῷ
1622 3176 1796 3249 τάφῳ,
1832 3176 1928 3230 καὶ

345 3256 684 3325 στρατιώτας
734 3261 1229 3332 προκαθιστῶντες,
1276 3268 1497 3337 μισητοὶ
1530 3267 1630 3338 τῆς
1670 3269 1919 3341 ἐγχειρή-

348 3364 487 3412 σεως
522 3364 536 3378 ·
569 3352 618 3404 οἳ
667 3352 761 3405 καὶ
803 3355 1115 3410 ἀναστάντα
1145 3358 1238 3410 τὸν
1269 3359 1464 3427 Λόγον,
1513 3358 1588 3423 ὡς
1650 3361 1930 3415 κλαπέντα

345 3441 729 3511 διαϐάλλουσιν
758 3461 771 3474 ⁸
809 3447 1082 3518 ἀργυρίῳ,
1120 3448 1312 3521 ὥσπερ
1338 3451 1429 3504 τὸν
1475 3452 1629 3506 νόθον
1679 3453 1931 3525 μαθητὴν

349 3535 428 3597 εἰς
459 3535 755 3601 προδοσίαν
779 3556 791 3568 ·
818 3538 965 3605 λέγω
998 3540 1054 3593 δέ
1077 3540 1167 3593 τὸν
1196 3542 1566 3597 ἐπιδεικτικὸν
1606 3545 1806 3615 τρόπον
1831 3547 1930 3618 τῆς

349 3627 550 3698 ἀρετῆς
580 3644 594 3658 ⁸
623 3627 765 3681 οὕτω
800 3630 1047 3694 καὶτοὺς
1090 3633 1426 3704 στρατιώτας
1471 3636 1607 3707 προς
1654 3654 1930 3707 συκοφαν-

349 3716 470 3770 τίαν
494 3718 587 3771 τοῦ
616 3719 945 3784 ἀναστάντος
1002 3722 1254 3794 Σωτῆρος
1284 3724 1613 3796 ὠνούμενοι.
1666 3727 1932 3781 Γινώσκει

348 3809 459 3863 τῶν
514 3809 825 3882 λεγομένων
879 3814 979 3885 τὴν
1024 3815 1305 3887 ἔμφασιν,
1352 3820 1379 3871 ὀ
1427 3821 1732 3886 γνωστικός
1763 3837 1777 3852 ·
1831 3821 1932 3875 οὐκ

352 3901 565 3970 ἀγνοῶν
604 3902 722 3966 πῶς
776 3921 835 3957 τε
866 3905 959 3957 καὶ
983 3906 1241 3976 ποσαχῶς
1278 3907 1610 3977 σταυροῦται
1644 3911 1671 3962 ὁ
1702 3908 1930 3980 Κύριος,

352 3992 449 4046 καὶ
508 3991 775 4048 θάπτεται
821 3998 916 4049 καὶ
968 3997 1298 4051 ἀνίσταται·
1359 3998 1491 4051 ὡσεὶ
1551 4001 1782 4072 νεκροὺς
1834 4001 1934 4073 μὲν

353 4082 522 4136 ποιῶν
543 4084 670 4147 τοὺς
694 4084 799 4139 ὑπὸ
823 4085 1093 4157 δαιμόνων
1116 4091 1181 4158 τῇ
1208 4088 1405 4160 καρδίᾳ⁵
1431 4091 1934 4162 παρακαθημένους

354 4175 623 4245 ἐμπαθεῖς
672 4178 968 4248 λογισμούς
997 4198 1012 4211 ·
1045 4180 1173 4243 τοὺς
1214 4181 1698 4254 διαμεριζομένους
1736 4184 1793 4236 ἐν
1819 4185 1932 4247 τοῖς

355 4270 684 4339 πειρασμοῖς
734 4269 925 4341 ὥσπερ
966 4271 1187 4341 ἱμάτια,
1219 4274 1347 4337 τοὺς
1382 4275 1620 4346 τρόπους
1666 4276 1767 4346 τῆς
1817 4277 1936 4347 ἠθι-

352 4360 458 4429 κῆς
485 4360 848 4431 εύπρεπείαςυ
884 4363 978 4414 καὶ
1004 4363 1351 4434 ὑπερϐαίνων
1376 4350 1577 4439 ἶῗισπερ
1628 4368 1932 4439 σφραγῖδας

2031 3166 2342 3237 expositum
2372 3180 2483 3221 non
2518 3164 2830 3234 reliquerit,
2857 3163 2954 3220 sed
2987 3180 3053 3219 eo
3088 3162 3489 3219 liberaverit".
3514 3161 3620 3230 Qui

2032 3267 2218 3313 autem
2251 3257 2533 3329 signacula
2568 3257 2956 3327 imposuerunt
2985 3256 3262 3327 sepulcro,
3294 3271 3358 3309 ac
3388 3255 3483 3325 qui
3514 3255 3620 3309 mi-

2032 3350 2161 3405 lites
2188 3350 2517 3420 praeliciunt,
2543 3349 2666 3421 ejus
2694 3349 2774 3404 rei
2803 3344 3284 3411 molimine,’omni
3314 3347 3464 3419 digni
3494 3347 3620 3401 odio

2033 3451 2183 3508 sunt,
2210 3444 2305 3513 qui
2328 3451 2386 3498 et
2410 3441 2656 3497 Verbum
2685 3456 2808 3496 cum
2840 3441 3165 3507 surrexerit,
3189 3450 3447 3511 tanquam
3477 3439 3622 3494 furto

2033 3536 2316 3591 sublatura
2351 3537 2443 3600 sit,
2475 3546 2795 3607 suspectum
2827 3534 3108 3590 reddunt:
3141 3534 3220 3589 sic
3252 3534 3533 3598 nimirum,
3566 3543 3625 3587 ut

2034 3630 2180 3684 sicut
2215 3629 2409 3683 falsum
2446 3629 2780 3700 discipulum
2823 3628 2954 3700 (quo
2989 3627 3213 3682 nomine
3246 3626 3469 3680 virtutis
3502 3642 3620 3679 mo-

2036 3720 2167 3776 dum
2200 3721 2555 3777 ostentationi
2584 3723 2940 3793 conjunctum
2965 3718 3258 3790 intelligo),
3286 3718 3365 3774 sic
3398 3726 3453 3772 et
3482 3717 3625 3771 mili-

2034 3822 2119 3868 tes
2148 3813 2214 3867 ad
2241 3813 2578 3868 calumniam
2605 3812 2830 3869 Christo
2861 3812 3207 3875 struendam,
3233 3808 3468 3880 pecunia
3495 3825 3625 3863 cou-

2035 3905 2266 3960 ducunt.
2296 3905 2471 3960 Porro
2500 3905 2585 3960 vir
2613 3904 2879 3975 spiritalis
2908 3920 2971 3959 ac
3004 3902 3274 3973 sapientia
3308 3910 3623 3971 provectus,

2032 4011 2225 4051 eorum
2252 4013 2373 4066 quze
2410 3997 2674 4052 dicuntur
2710 3997 2820 4051 vim
2861 3995 3044 4061 novit;
3090 4009 3254 4065 quem
3286 4008 3394 4047 non
3424 3993 3621 4055 lateat,

2034 4089 2312 4160 quomodo
2340 4105 2404 4145 ac
2432 4098 2569 4161 quot
2596 4088 2775 4144 modis
2803 4087 3070 4143 Dominus
3105 4086 3477 4157 cruciﬁgatur,
3511 4094 3623 4139 tra-

2034 4182 2311 4253 daturque
2354 4183 2650 4253 sepulturze
2698 4191 2863 4251 atque
2911 4189 3191 4251 resurgat;
3240 4179 3314 4233 ita
3362 4177 3624 4232 nimirum

2037 4284 2098 4331 ut
2143 4275 2469 4331 libidinosas
2514 4275 2879 4347 cogitationes
2920 4272 3243 4328 auctoribus
3284 4271 3626 4328 daemonibus

2038 4365 2216 4436 iisque
2266 4364 2708 4436 praeficientibus
2763 4361 2917 4418 cordi
2973 4360 3311 4426 assidentes,
3360 4377 3423 4416 ac
3475 4361 3627 4415 velut

352 4451 480 4513 τοὺς
508 4451 891 4519 ἐπικειμένους
918 4454 984 4524 τῇ
1022 4454 1167 4527 ψυχῇ
1207 4456 1433 4525 τύπους,
1470 4457 1581 4512 τῶν
1603 4460 1748 4514 κατά
1796 4460 1926 4531 πρὸς

2040 4455 2389 4521 vestimenta,
2411 4456 2639 4511 moralis
2670 4456 2978 4513 honestatis
3003 4465 3165 4527 atque
3190 4454 3407 4510 decoris
3435 4452 3625 4506 modos

351 4539 515 4611 ληψιν
542 4542 763 4613 ἀμαρτη
775 4542 979 4612 μάτων.

2044 4547 2444 4605 tentationibus
2475 4548 2814 4615 dividentes,
2839 4550 2993 4604 velut
3026 4558 3269 4604 mortuas
3302 4547 3521 4612 reddat;
3562 4561 3625 4597 ac

353 4636 509 4702 quasi
546 4636 846 4707 signacula,
880 4640 1112 4714 injectas
1180 4644 1376 4700 animm
1444 4643 1634 4717 illique
1674 4646 2005 4703 inhaerentes
2046 4656 2397 4718 peccatorum
2455 4653 2723 4715 occupata
2779 4646 3040 4716 opinione
3096 4646 3299 4716 figuras
3357 4651 3625 4716 notasque

354 4736 581 4796 superet
607 4746 671 4786 ac
701 4735 993 4792 transiliat.

425 4820 516 4888 ξδ’·
545 4823 662 4888 Πᾶς
698 4825 1035 4900 φιλάργυρος
1071 4828 1170 4898 (2),
1229 4828 1296 4882 δι’
1334 4828 1620 4898 εὐλαϐείας
1660 4834 1759 4904 τὴν
1808 4834 1937 4906 ἀρε-

352 4914 449 4985 τὴν
484 4915 931 4990 ὑποκρινόμενος,
973 4921 1195 4976 ἐπειδὰν
1256 4922 1393 4997 ε’ύρῃ
1452 4925 1555 4996 τὴν
1594 4925 1936 4998 ποθουμένην

354 5004 489 5077 ὓλην
510 5009 864 5080 πορίσασθαι,
891 5011 982 5065 τὸν
1010 5012 1213 5093 τρόπον
1242 5013 1576 5086 ἐξώμνυται,
1603 5018 1723 5071 καθ’
1744 5015 1806 5073 ὄν
1834 5036 1938 5090 μα-

353 5097 525 5169 θητὴς
558 5096 697 5155 εἶναι
730 5102 824 5155 τοῦ
850 5103 1023 5172 Λόγου
1049 5104 1109 5158 τὸ
1138 5105 1270 5176 πρὶν
1298 5107 1601 5178 ἐνομίζετο.

425 5187 516 5255 ξεί.
553 5193 722 5247 Ὅταν
773 5193 889 5265 ἴδῃς
933 5198 1085 5261 τινὰς
1146 5199 1533 5271 ὑπερηφάνους
1565 5200 1639 5273 μὴ
1670 5202 1937 5274 φέροντας

352 5282 694 5339 ἐπαινεῖσθαι
730 5288 857 5350 τοὺς
882 5289 1221 5358 κρείττονας,
1248 5292 1563 5363 ἀκήρυκτόν
1588 5310 1647 5345 τε
1679 5311 1935 5364 μηχανω-

354 5374 548 5442 μένους
579 5379 754 5431 ποιεῖν
780 5377 877 5449 τὴν
916 5378 1254 5452 λαλουμένην
1291 5380 1576 5448 ἀλήθειαν,
1607 5384 1826 5455 μυρίοις
1841 5385 1938 5438 azi-

350 5466 449 5537 τὴν
466 5469 836 5540 ἀπείργοντας
860 5474 1206 5543 πειρασμοῖς,
1223 5473 1317 5526 καὶ
1337 5472 1615 5544 ἀθεμίτοις
1638 5474 1932 5540 διαϐολαῖς·

350 5554 459 5608 νόει
492 5575 582 5633 μοι
616 5560 779 5615 πάλιν
817 5562 922 5617 ὑπὸ
943 5562 1150 5617 τούτων
1176 5562 1547 5632 σταυροῦσθαι
1591 5565 1683 5618 τὸν
1728 5565 1933 5638 Κύριον

422 5732 469 5768 ³⁰
490 5735 643 5795 Joau.
670 5757 757 5806 xx,
784 5742 814 5796 5
843 5757 993 5813 seqq.
1074 5743 1112 5776 ³¹
1142 5741 1330 5798 Matth.
1357 5757 1519 5809 xxvu,
1543 5742 1609 5799 57
1635 5758 1788 5815 seqq.

2105 4831 2193 4887 64.
2228 4830 2441 4885 Avarus
2474 4831 2654 4886 omnis
2690 4830 2949 4903 religioso
2982 4830 3173 4886 habitu
3211 4837 3474 4900 motuque
3509 4812 3624 4884 vir;

2036 4933 2208 4980 tutcm
2240 4924 2528 4988 simulans,
2555 4924 2647 4979 ubi
2681 4925 2949 4995 pecunim,
2978 4924 3134 4995 cujus
3161 4923 3438 4979 desiderio
3473 4934 3625 4979 teuc-

2035 5017 2220 5082 batur,
2252 5016 2509 5087 paranda:
2540 5016 2626 5072 via
2659 5017 2911 5088 ratioque
2942 5016 3269 5080 occurrerit,
3297 5032 3478 5072 mores
3507 5018 3625 5089 eju-

2035 5117 2122 5164 rat
2150 5108 2356 5179 quibus
2384 5109 2682 5178 putabatur
2707 5125 2829 5165 esse
2853 5109 3019 5165 Verbi
3050 5108 3374 5178 discipulus.

2106 5202 2194 5257 65.
2224 5201 2361 5257 Cum
2395 5201 2610 5272 aliquos
2638 5202 2911 5273 superbos
2942 5200 3277 5265 adverteris,
3307 5216 3416 5256 non
3446 5200 3625 5256 feren-

2035 5303 2120 5349 tes
2167 5293 2382 5349 laudari
2430 5308 2532 5348 eos
2573 5292 2669 5363 qui
2720 5293 2857 5363 ipsis
2908 5292 3169 5348 meliores
3219 5291 3362 5357 sint,
3405 5292 3623 5363 hocque

2032 5386 2326 5442 molientes
2358 5394 2419 5440 ut
2445 5385 2734 5441 veritatem
2763 5400 2887 5456 qua:
2915 5386 3207 5457 evulgatur
3238 5386 3294 5440 in
3325 5384 3621 5440 obscurum

2031 5484 2250 5549 cogant,
2282 5474 2699 5545 inuumcrisque
2730 5474 3132 5531 tentationibus
3156 5488 3275 5529 eam
3303 5472 3622 5535 cohibeant,

2032 5582 2098 5623 ac
2134 5564 2390 5623 nefandis
2433 5564 2727 5622 calumniis
2768 5565 3115 5636 opprimant;
3156 5563 3335 5635 cogita
3377 5562 3520 5619 mihi
3558 5560 3628 5616 ab
