4128 6210
506 323 639 390 ιιοτ

1674 316 1735 377 S.
1772 314 2060 376 MAXIM}
2099 312 2645 377 CON‘FESSORIS‘

3639 311 3658 376 Ι
3676 318 3775 380 108

502 437 589 491 eis.
615 435 817 489 iterum
845 427 1092 500 cruciﬁgi
1122 426 1416 482 Do‘minum
1452 442 1517 481 ac
1548 425 1792 497 sepeliri,
1818 424 2085 480 militum-

2198 429 2285 480 καὶ
2322 428 2667 482 θάπτεσθαι·
2702 428 2795 483 καὶ
2848 427 3215 499 στρατιώταις
3237 426 3333 483 καὶ
3355 432 3620 500 σφραγῖσι
3668 448 3778 500 φυ-

504 538 612 592 que
634 520 886 578 adhibita
908 534 1073 575 manu
1099 532 1166 573 ac
1191 516 1489 587 signaculis
1513 515 1803 571 custodiri.
1824 513 1935 570 Hos
1955 516 2089 571 Ver—

504 614 636 667 hum
685 611 803 667 suis
838 611 1085 681 ipsorum
1119 607 1575 664 machinamentis
1606 615 1883 679 evertens,
1906 621 2089 661 resur-

503 704 581 773 git
609 721 622 756 :
655 718 766 773 quo
801 702 1178 775 impugnatur.
1204 716 1271 756 eo
1303 700 1477 772 magis
1504 699 1915 767 inclarescens;
1942 697 2089 769 quod

506 793 769 847 nimirum
823 793 911 849 his
961 809 1083 864 quae
1139 792 1450 862 perpetitur
1498 791 1568 846 ad
1623 790 2096 861 impatibilitatem

506 884 1169 955 imperturbationemque
1205 884 1461 946 duretur.
1492 883 1590 940 Est
1626 882 1777 936 enim
1818 880 2101 939 universis.

508 975 728 1041 fortius,
756 985 818 1032 ut
847 975 995 1048 quod
1024 977 1233 1037 veritas
1261 984 1378 1032 tum
1407 974 1656 1038 exsistat,
1685 982 1908 1042 tumque
1936 971 2090 1030 dica-

510 1075 601 1123 tur
618 1067 764 1122 ω’.

578 1160 670 1216 66.
699 1160 835 1231 Ejus
869 1159 1019 1231 quod
1058 1167 1144 1215 est
1186 1158 1425 1216 Verbum
1452 1170 1670 1225 corpus
1705 1151 2099 1223 assumpsisse,

509 1253 868 1325 mysterium,
902 1250 1152 1306 omnium
1200 1249 1257 1311 in
1301 1248 1588 1317 Scriptura
1628 1246 1979 1315 aenigmatum
2029 1257 2094 1298 ac

510 1345 810 1417 ﬁgurarum
848 1343 961 1398 vim
999 1343 1167 1398 habet
1208 1359 1222 1395 :
1266 1348 1581 1397 creatorum
1624 1338 1785 1401 item,
1821 1346 1937 1391 tum
1973 1349 2096 1405 qua:

510 1437 691 1493 oculis
719 1435 1163 1506 conspiciuntur,
1183 1444 1298 1489 tum
1327 1448 1457 1503 quae.
1477 1439 1661 1485 mente
1685 1428 2092 1499 intelliguntur,

512 1531 824 1588 scientiam.
859 1531 1038 1600 Atque
1085 1530 1141 1585 is.
1170 1528 1393 1599 quidem
1449 1525 1547 1596 qui
1587 1523 1782 1586 crucis,
1814 1531 1872 1577 et
1914 1519 2098 1591 sepul-

512 1632 651 1677 turae
675 1623 828 1677 novit
866 1621 1223 1693 mysterium,
1248 1634 1445 1675 eorum
1476 1633 1598 1688 quae
1624 1615 1769 1677 dicta
1794 1621 1924 1669 sunt
1965 1629 2101 1684 per-.

512 1723 731 1784 spectas
783 1714 952 1769 habet
996 1713 1240 1773 rationes
1294 1728 1309 1769 ;
1354 1710 1451 1781 qui
1493 1718 1678 1764 autem
1715 1721 1974 1763 arcanam
2007 1721 2096 1761 re-

513 1806 876 1863 surrectionis
922 1805 1086 1878 575
1120 1804 1425 1877 potentiam
1458 1801 1674 1867 didicit,
1725 1799 1890 1863 ﬁnem
1936 1798 2105 1868 cujus~

512 1900 685 1970 gratia
710 1900 858 1955 Deus
883 1907 1090 1965 cuncta
1121 1899 1303 1968 primo
1334 1895 1659 1953 condiderat
1688 1893 1965 1964 pernovit.

583 1993 672 2048 67.
716 1990 849 2058 Quae
891 1989 1153 2044 videntur
1198 1987 1414 2053 omnia,
1454 2001 1619 2041 cruce
1664 1990 1857 2055 egent;
1901 1982 2094 2047 habitu

514 2082 726 2138 scilicet
747 2079 1044 2151 ejusmodi,
1066 2078 1161 2149 qui
1191 2093 1385 2133 eorum
1409 2092 1530 2147 quae
1551 2076 1605 2129 in
1630 2075 1712 2130 eis
1738 2089 1901 2129 sensu
1927 2089 2098 2144 agun-

516 2183 627 2239 tur,
655 2170 1009 2237 all‘ectionem
1041 2168 1537 2237 habitudinemque
1567 2173 1824 2229 coerceat
1854 2185 1866 2221 :
1896 2174 2094 2223 cuncta

513 2279 648 2319 vero
696 2278 820 2333 quae
874 2270 1058 2316 mente
1110 2260 1531 2331 intelliguntur,
1572 2268 1738 2329 egent
1785 2258 2100 2328 sepultura,

515 2350 931 2424 plena'scilieet
975 2351 1044 2406 ab
1090 2349 1189 2414 iis,
1225 2366 1347 2421 quae
1392 2350 1449 2407 in
1497 2349 1579 2405 eis
1627 2356 1810 2413 mente
1859 2357 2099 2418 aguntur

516 2443 827 2500 cessatione
861 2458 926 2505 ac
960 2442 1178 2514 quiete._
1192 2442 1310 2498 Una
1342 2442 1490 2499 enim
1522 2458 1648 2504 eum
1678 2439 1971 2505 aﬂectione
1998 2454 2105 2495 seu

517 2536 879 2600 habitudine,
925 2534 1140 2592 sublata
1195 2533 1435 2589 naturali
1493 2548 1623 2603 erga
1679 2548 1768 2587 res
1821 2529 2098 2600 quaslibet

515 2629 837 2703 operatione
868 2635 1154 2697 motuque,
1184 2625 1429 2694 Verbum
1460 2624 1637 2681 solum
1673 2623 1853 2693 ipsum
1890 2638 1986 2691 per
2014 2636 2096 2685 se,

515 2723 671 2795 quasi
695 2739 764 2778 ex
786 2721 1019 2777 mortuis
1042 2720 1369 2777 suscitatam
1396 2725 1644 2788 apparet,
1669 2724 1868 2776 cuncta
1890 2714 2109 2773 habens.

516 2828 639 2884 qua:
685 2829 756 2868 ex
802 2811 923 2883 ipso
971 2820 1103 2867 sunt
1147 2810 1452 2866 secundum
1496 2804 2096 2878 circumscriptionem,

516 2920 640 2958 eum
673 2903 824 2959 nulla
857 2918 1087 2974 prorsus
1120 2918 1214 2959 res
1241 2901 1480 2957 naturali
1512 2898 1839 2960 habitudine
1872 2914 1997 2953 cum
2031 2912 2100 2952 eo

517 2994 981 3051 necessitudinem
1026 2994 1247 3050 habeat.
1288 2993 1392 3050 Per
1427 2994 1659 3064 gratiam
1695 3008 1962 3064 namque,
1988 3008 2100 3051 non

516 3102 616 3156 per
636 3096 892 3148 naturain
918 3093 1004 3141 est
1026 3094 1087 3139 ut
1109 3083 1270 3147 electi
1295 3083 1526 3141 salutem
1547 3092 1979 3151 consequantur.

588 3174 675 3229 68.
702 3174 905 3235 Eorum
936 3190 1058 3243 qua:
1083 3181 1211 3227 sunt
1236 3172 1305 3227 ad
1330 3169 1555 3242 aliquid,
1583 3179 1697 3225 tum
1722 3170 1918 3237 saecula
1946 3177 2097 3233 sunt,
2168 3164 2173 3169 ’

522 3277 636 3321 tum
670 3275 925 3336 tempora.
952 3266 1218 3335 locaque;
1252 3274 1407 3319 extra
1439 3278 1560 3333 qua:
1593 3262 1730 3316 nihil
1763 3270 1848 3317 est
1875 3276 2099 3327 eorum,

519 3372 641 3427 quae
686 3373 797 3413 una
832 3373 956 3412 cum
998 3356 1107 3424 illis
1146 3355 1551 3428 intelliguntur.
1583 3354 1730 3408 Deus
1769 3363 1952 3408 autem
1991 3368 2104 3408 non

518 3465 713 3504 eorum
740 3457 846 3515 est,
870 3465 994 3520 qua:
1021 3456 1150 3504 sunt
1177 3449 1248 3504 ad
1282 3446 1506 3518 aliquid,
1544 3462 1670 3502 cum
1703 3446 1842 3512 nihil
1874 3460 2114 3516 prorsus,

520 3540 600 3595 illi
636 3555 824 3606 comes
861 3540 1217 3611 intelligatur.
1246 3538 1303 3608 Si
1338 3537 1563 3610 quidem
1598 3536 1769 3609 igitur
1801 3536 1947 3603 Deus
1978 3551 2103 3591 san-

520 3641 735 3697 ctorum
764 3631 1057 3697 bmreditas
1080 3640 1165 3687 est
1189 3647 1254 3703 ac
1278 3630 1578 3702 possessio,
1599 3629 1695 3699 qui
1724 3628 1831 3683 hoc
1857 3626 2105 3683 muneris

520 3725 783 3796 consequi
809 3725 1096 3792 meruerit,
1123 3740 1290 3795 super
1315 3722 1498 3778 omnia
1523 3721 1720 3778 saecula
1748 3730 2104 3792 temporaque

521 3825 579 3873 et
606 3817 732 3879 loca
762 3816 900 3883 erit,
933 3817 1094 3887 cujus
1130 3817 1287 3871 locus
1318 3815 1466 3870 Deus
1499 3814 1615 3885 ipse
1645 3814 1746 3879 sit,
1777 3814 1926 3885 juxta
1956 3813 2112 3884 quod.

520 3907 787 3978 scriptum
814 3917 898 3965 est
927 3926 941 3961 :
966 3907 1096 3962 Esto
1132 3908 1257 3961 mihi
1289 3907 1344 3961 in
1372 3904 1544 3967 Deum
1572 3914 1940 3978 protectorem,
1966 3914 2015 3958 et
2048 3906 2103 3973 in

524 3998 1006 4066 locum-munitum,
1035 4010 1093 4056 ut
1117 3998 1323 4067 salpum
1355 4015 1436 4053 me
1462 3998 1627 4069 facias
1649 3998 1716 4052 ³³.

594 4090 681 4148 69.
710 4091 869 4157 Finis
906 4092 1050 4147 nihil
1084 4107 1321 4164 prorsus
1340 4107 1465 4147 cum
1495 4090 1676 4149 medio
1703 4091 1871 4159 habet
1895 4090 2102 4159 simile,

522 4183 729 4254 alioqui
764 4182 889 4250 linis
919 4198 1030 4237 non
1063 4192 1229 4238 esset.
1259 4182 1400 4238 Sunt
1432 4189 1616 4236 autem
1656 4180 1927 4249 medium,
1952 4196 2104 4251 quaa-

524 4292 743 4346 cunque
777 4274 1081 4331 secundum
1114 4272 1447 4347 principium
1470 4282 1632 4349 retro
1668 4272 1829 4328 linem
1864 4281 2012 4330 sunt.
2047 4270 2104 4340 Si

524 4368 757 4438 quidem.
797 4366 965 4438 igitur
1006 4374 1204 4431 cuncta
1243 4365 1452 4433 saecula
1480 4371 1536 4420 et
1570 4374 1819 4434 tempora
1857 4372 1914 4429 et
1952 4364 2100 4429 loca,

2193 518 2503 573 λάττεσοαι.
2542 517 2651 583 Οὓς
2704 520 2917 582 ἑαυτοῖς
2979 521 3329 590 περιτρέπων
3358 523 3387 573 6
3415 520 3592 590 Λόγος
3617 562 3633 587 ,
3674 521 3775 576 ἁν-

2194 604 2402 658 ίσταται
2436 621 2449 634 ⁸
2488 606 2650 659 πλέον
2682 607 2760 677 τῷ
2782 607 3160 677 πολεμεῖσθαι,
3196 609 3613 681 διαφαινόμενος
3638 627 3652 639 ⁸
3695 610 3777 674 ὡς

2194 698 2331 769 πρὸς
2381 700 2653 754 ἀπάθειαν
2705 699 2792 755 διὰ
2830 700 2942 755 τῶν
2992 703 3338 774 παθημάτων
3374 707 3774 777 στομούμενος.

2194 790 2417 843 Πάντων
2447 792 2558 862 γάρ
2589 793 2740 846 ἔστιν
2790 793 3163 867 ἰσχυρότερος,
3191 796 3269 861 ὡς
3301 790 3531 870 ἀλήθεια
3562 798 3662 853 καὶ
3696 797 3781 856 ῶν

2193 886 2288 938 καὶ¹
2312 884 2672 956 καλούμενος,

2266 1159 2376 1225 Eg’.
2408 1159 2483 1212 T6
2514 1159 2618 1229 τῆς
2653 1161 3100 1229 ἐνσωματὼσεως
3126 1161 3226 1215 τοῦ
3254 1161 3432 1231 Λόγου
3453 1162 3775 1234 μυστήριον.

2196 1251 2411 1305 πάντων
2445 1249 2559 1321 ἔχει
2597 1251 2707 1305 τῶν
2747 1269 2808 1305 τε
2858 1254 3003 1308 κατὰ
3039 1254 3140 1326 τὴν
3169 1254 3397 1326 Γραφὴν
3425 1255 3774 1325 αἰνιγμάτων

2196 1340 2293 1394 καὶ
2321 1340 2511 1394 τύπων
2539 1341 2638 1412 τὴν
2680 1342 2936 1413 δύναμιν,
2980 1345 3075 1398 καὶ
3130 1344 3240 1399 τῶν
3290 1345 3638 1416 φαινομένων
3682 1348 3779 1400 καὶ

2195 1433 2504 1504 νοουμένων
2564 1436 2882 1506 κτισμάτων
2926 1437 3027 1506 τὴν
3084 1438 3427 1509 ἐπιστήμην.
3463 1439 3578 1491 Καὶ
3610 1440 3640 1492 ό
3678 1439 3779 1508 μὲν

2196 1524 2359 1593 γνοὺς
2403 1525 2641 1595 σταυροῦ
2695 1527 2791 1586 καὶ
2812 1528 2992 1599 ταφῆς
3032 1528 3101 1588 τὸ,
3128 1531 3451 1601 μυστήριον,
3483 1529 3627 1598 ἔγνω
3668 1529 3784 1583 τῶν

2198 1618 2615 1689 προειρημένων
2664 1619 2788 1683 τοὺς
2832 1619 3028 1688 λόγους
3061 1635 3076 1650 ⁸
3117 1621 3145 1674 6
3186 1621 3248 1674 δὲ
3284 1622 3384 1692 τῆς
3426 1622 3777 1685 ἀναστάσεως

2126 1758 2176 1820 Β
2205 1711 2437 1783 μυηθεὶς
2489 1709 2590 1783 τὴν
2641 1710 2955 1784 ἀπόρρητον
3007 1712 3282 1784 δύναμιν,
3341 1713 3486 1782 ἔγνω
3538 1712 3633 1767 τὸν
3688 1713 3776 1782 ἐφ’

2203 1800 2232 1826 τ

2195 1806 2241 1877 ᾧ
2297 1808 2370 1862 τὰ
2426 1806 2606 1862 πάντα
2665 1810 3099 1881 προηγουμένως
3149 1813 3179 1865 6
3229 1810 3366 1876 Θεὸς
3432 1812 3783 1884 ὑπεστήσατο

2196 1901 2419 1956 σκοπόν.

2300 1991 2362 2059 ξ’.
2401 1999 2418 2012 ⁹
2447 1993 2527 2047 Τὰ
2549 1994 2854 2066 φαινόμενα
2875 1994 3057 2050 πάντα
3079 1995 3254 2049 δεῖται
3278 1994 3514 2066 σταυροῦ
3543 1994 3609 2063 (ι)
3627 2011 3642 2024 ⁸
3671 1995 3777 2066 τῆς

2195 2086 2304 2139 τῶν
2368 2086 2456 2140 ἐπ’
2508 2088 2695 2151 αὐτοῖς
2748 2089 2870 2141 κατ’
2921 2087 3179 2158 αἴσθησιν
3231 2087 3643 2157 ἐνεργουμένων
3682 2089 3782 2142 ιπ-

2197 2175 2429 2245 εχούσης
2456 2176 2555 2245 τὴν
2586 2175 2790 2247 σχέσιν,
2814 2175 2982 2242 ἕξεως
3010 2191 3024 2206 ⁸
3076 2176 3147 2235 τὰ
3179 2176 3238 2230 δὲ
3269 2176 3540 2246 νοούμενα
3571 2177 3779 2244 πάντα,

2196 2263 2390 2337 χρῄζει
2418 2266 2593 2337 ταφῆς
2620 2282 2634 2296 ⁸
2667 2267 2767 2338 τῆς
2800 2267 2910 2320 τῶν
2955 2267 3044 2322 ἐπ’
3075 2267 3260 2332 αὐτοῖς
3298 2268 3443 2325 κατὰ
3469 2267 3597 2323 νοῦν
3622 2270 3782 2340 svsp-

2195 2360 2479 2429 γουμὲνων
2508 2358 2697 2431 ὑλικῆς
2722 2360 3032 2432 ἀκινησίας.
3068 2361 3148 2433 Τῇ
3164 2360 3272 2431 γὰρ
3308 2360 3495 2430 σχέσει
3518 2377 3784 2416 συναναι-

2200 2450 2472 2521 ρουμένης
2505 2450 2605 2518 τῆς
2631 2451 2757 2522 περὶ
2780 2451 2960 2505 πάντα
2983 2454 3222 2522 φυσικῆς
3259 2452 3546 2523 ἐνεργείας
3568 2468 3630 2506 τε
3683 2453 3785 2507 καὶ

2199 2544 2487 2613 κινήσεως,
2517 2545 2545 2596 ό
2572 2543 2730 2612 λόγος
2746 2544 2909 2615 μόνος
2939 2545 3029 2613 ἐφ’
3055 2545 3252 2598 ἑαυτὸν
3274 2545 3563 2616 ὑπάρχων,
3588 2544 3789 2614 ῶσπερ

2199 2638 2263 2689 ὲκ
2303 2635 2515 2706 νεκρῶν
2556 2636 2929 2707 ἐγηγερμένος
2975 2637 3360 2706 ἀναφαίνεται,
3407 2636 3590 2691 πάντα
3636 2635 3785 2689 κατὰ

2198 2724 2551 2797 περιγραφὴν
2575 2726 2717 2797 ἔχων
2742 2726 2812 2780 τὰ
2849 2723 2911 2791 ἐξ
2939 2725 3129 2793 αὐτοῦ,
3166 2726 3394 2796 μηδενὸς
3424 2728 3630 2797 φυσικῇ
3663 2725 3788 2797 σχέο

2200 2833 2285 2880 σει
2318 2816 2417 2886 τὴν
2451 2817 2589 2889 πρὸς
2619 2817 2785 2876 αὐτὸν
2821 2818 3136 2890 οἰκειότητα
3173 2817 3237 2872 τὸ
3276 2817 3500 2871 σύνολον
3539 2816 3783 2889 ἔχοντος.

2201 2907 2360 2963 Κατὰ
2397 2909 2560 2981 χάριν
2605 2911 2738 2980 γὰρ,
2778 2909 2895 2965 ἀλλ’
2937 2911 3000 2968 ού
3037 2912 3179 2973 κατὰ
3212 2910 3376 2987 φύσιν
3404 2910 3554 2965 ἐστὶν
3595 2911 3630 2982 ἠ
3668 2910 3799 2977 τῶν

2202 3000 2524 3072 σωζομένων
2559 3002 2824 3073 σωτηρία.

2275 3170 2377 3242 Er].
2409 3170 2532 3226 Τῶν
2564 3173 2714 3240 πρός
2750 3189 2833 3233 τι,
2867 3172 2963 3238 καὶ
2981 3172 3030 3225 οἱ
3055 3170 3254 3235 αίῶνές
3288 3173 3420 3236 εἱσι,
3444 3172 3539 3225 καὶ
3568 3172 3620 3224 οἱ
3649 3169 3799 3243 χρό’.

2202 3283 2307 3333 νοι,
2334 3267 2427 3318 καὶ
2463 3266 2513 3318 οἱ
2539 3264 2730 3318 τόποι⁸
2769 3258 2844 3317 ὧν
2881 3264 3033 3329 ἄνευ,
3074 3264 3229 3318 οὐδὲν
3280 3264 3389 3318 τῶν
3432 3280 3788 3317 συνεπινοου-

2206 3357 2382 3427 μένων
2423 3356 2631 3422 τούτοις
2660 3357 2829 3412 ἐστίν.
2888 3356 2947 3410 '0
2988 3356 3046 3409 δὲ
3083 3356 3237 3421 Θεὸς,
3272 3357 3332 3409 ού
3375 3354 3484 3408 τῶν
3529 3356 3681 3424 πρός
3730 3373 3797 3417 τι,

2202 3449 2387 3503 ὲστξν⁸
2434 3449 2496 3525 ού
2546 3448 2655 3522 γὰρ
2701 3448 2815 3520 ἔχει
2864 3466 2918 3504 τι
2962 3448 3197 3504 καθόλου
3261 3446 3786 3518 συνεπινοούμενον.

2202 3540 2372 3612 Εἴπερ
2404 3536 2497 3595 οὖν
2523 3540 2631 3610 ἄρα
2672 3540 3006 3612 κληρονομία
3036 3539 3144 3594 τῶν
3181 3538 3348 3605 ἀξίων
3379 3539 3541 3602 αύτός
3567 3540 3719 3592 ἐστιν
3757 3540 3790 3593 6

2202 3631 2358 3697 Θεὸς,
2391 3632 2771 3701 ὑπὲρπάντας
2798 3630 3004 3695 αἰῶνας
3036 3631 3133 3685 καὶ
3158 3631 3383 3703 χρόνους
3416 3630 3511 3684 καί
3530 3629 3737 3694 τόπους
3756 3629 3789 3683 6

2201 3723 2408 3793 ταύτης
2442 3722 2763 3797 ἀξιούμενος
2804 3723 2908 3790 τῆς
2956 3722 3180 3794 χάριτος
3221 3722 3396 3786 ἔσται,
3436 3722 3600 3774 τόπον
3641 3719 3789 3792 ἔχων

2204 3815 2366 3870 αὐτὸν
2402 3815 2493 3869 τὸν
2516 3816 2672 3881 Θεὸν,
2719 3815 2863 3870 κατὰ
2892 3815 2952 3869 τὸ
2975 3802 3360 3886 γεγραμμένον
3383 3829 3400 3849 ⁸
3446 3813 3644 3868 Γενθῦ
3678 3829 3790 3882 μοι

2202 3911 2291 3972 εἰς
2331 3905 2481 3961 Θεὸν
2520 3906 3010 3979 ὑπερασπιστὴν,
3053 3906 3151 3973 καὶ
3188 3909 3276 3973 εις
3302 3907 3491 3977 τόπον
3533 3904 3796 3983 ὀχυρὸν,

2204 3996 2312 4052 τοῦ
2347 3997 2550 4069 σῶσαι
2574 4016 2671 4068 με.

2276 4089 2375 4158 ξθο.
2439 4091 2512 4144 Τὸ
2563 4090 2715 4159 τέλος
2760 4091 2912 4145 οὐδὲν
2960 4091 3021 4144 τὸ
3074 4092 3339 4162 παράπαν
3385 4089 3623 4161 ἐμφερὲς
3666 4087 3795 4159 ἔχες

2208 4183 2501 4254 μεσότητι·
2534 4181 2660 4235 ἐπεὶ
2679 4181 2803 4235 οὐδὲ
2840 4182 3016 4247 τέλος.
3043 4183 3297 4253 Μεσότης
3325 4181 3382 4235 δέ
3424 4182 3564 4247 ἐστι,
3601 4180 3791 4234 πάντα

2204 4275 2274 4328 τὰ
2307 4273 2447 4344 μετὰ
2490 4274 2593 4346 τὴν
2640 4274 2814 4346 ἀρχὴν
2856 4274 3087 4341 κατόπιν
3132 4275 3263 4328 ὄντα
3299 4273 3394 4339 τοῦ
3448 4271 3660 4335 τέλους.
3722 4271 3787 4325 Ei

2206 4364 2386 4418 τοίνυν
2408 4364 2611 4436 παντες
2646 4366 2695 4417 οἱ
2733 4364 2923 4429 αἰῶνες
2967 4365 3064 4419 καὶ
3091 4366 3141 4418 οἱ
3185 4365 3370 4435 χρόνοι
3397 4361 3494 4417 καὶ
3531 4363 3583 4414 οἱ
3627 4362 3789 4415 τόποι

527 4472 653 4511 cum
683 4456 942 4511 omnibus
968 4471 1091 4525 qua:
1121 4470 1229 4509 una
1261 4469 1389 4510 cum
1422 4453 1505 4509 eis
1538 4452 1938 4524 intelliguntur,
1966 4451 2101 4505 illis-

2209 4458 2347 4528 μετὰ
2401 4456 2511 4510 τῶν
2539 4448 3041 4529 συνεπινοουμένων
3083 4460 3269 4522 αὐτοῖς
3310 4458 3587 4519 ἁπάντων,
3647 4455 3792 4525 μετᾷ

526 4564 635 4619 que
669 4554 1082 4619 comparantur,
1110 4555 1237 4601 sunt
1272 4545 1574 4605 secundum
1607 4542 1917 4613 Deum,qui
1951 4543 2103 4613 prino

525 4638 732 4710 cipium
768 4622 840 4694 sit
871 4637 1129 4721 principii
1164 4653 1380 4709 expers,
1408 4635 1884 4704 remotissimeque
1915 4634 1984 4690 ab
2015 4649 2105 4701 eo,

527 4741 589 4787 ut
617 4732 686 4788 ab
718 4730 936 4787 inﬁnito
966 4731 1094 4797 line,
1125 4740 1464 4800 sequuntur;
1500 4730 1663 4800 plane
1694 4744 1724 4782 a
1756 4726 1939 4782 medio
1966 4727 2105 4782 nihil

525 4822 793 4881 diﬂ'erunt
832 4840 845 4877 :
885 4837 1122 4892 cumque
1159 4819 1297 4876 adeo
1329 4821 1474 4885 Deus
1506 4818 1632 4873 ﬁnis
1665 4819 1967 4873 electorum
2004 4819 2105 4888 sit,

526 4913 673 4968 nulla
697 4911 863 4970 medii
889 4911 1029 4967 ratio
1051 4912 1132 4966 eis
1152 4896 1337 4966 comes
1359 4909 1712 4981 intelligetur,
1730 4908 1825 4981 qui
1847 4921 2111 4984 supremo}

526 5004 624 5060 lini
647 5003 851 5059 similes
873 5003 1203 5070 ex_stitcrint.
1891 5017 1897 5022 τ

596 5121 716 5165 ³²-³³
737 5121 807 5177 ιιι
836 5120 995 5177 Esdr.
1016 5137 1089 5188 tv,
1112 5120 1298 5180 55-ὖᾶ
1372 5121 1418 5152 ³⁸
1441 5120 1584 5179 Ρείὶιε
1615 5136 1735 5187 ιιι,
1762 5121 1818 5182 5·

2202 4549 2294 4603 τὸν
2320 4548 2453 4602 Θεόν
2476 4550 2633 4614 εἰσιν,
2663 4549 2840 4621 ἀρχὴν
2866 4549 3103 4620 ἄναρχον
3130 4550 3261 4602 ὄντα
3278 4564 3293 4581 ⁸
3337 4549 3431 4603 καὶ
3448 4546 3527 4609 ὡς
3550 4545 3785 4617 ἀπείρου

2203 4638 2394 4702 τέλους
2444 4637 2611 4710 αὐτοῦ
2660 4626 2799 4692 πολὺ
2838 4639 3072 4693 κατόπιν
3102 4638 3432 4710 ὑπάρχουσι,
3482 4635 3788 4707 μεσότητος

2203 4731 2357 4785 οὐδὲν
2389 4731 2712 4802 διαφέρουσι
2732 4746 2748 4760 ⁸
2794 4731 2949 4794 τέλος
2983 4731 3039 4785 δὲ
3075 4730 3183 4784 τῶν
3229 4728 3552 4800 σωζομένων
3586 4727 3733 4780 ἐστὶν
3755 4726 3784 4778 6

2205 4822 2358 4887 Θεὸς,
2414 4822 2567 4876 οὐδὲν
2623 4822 2777 4877 ἔσται
2820 4823 3121 4894 μεσότητος
3176 4821 3320 4877 κατᾶ
3363 4822 3426 4874 τὸ
3482 4820 3781 4892 ἀκρότατον

2209 4914 2362 4977 τέλος
2436 4913 2755 4987 γενομένοις
2836 4916 2948 4978 τοῖς
3030 4912 3364 4988 σωζομένοις
3448 4904 3778 4981 συνθεωρούέ

2215 5022 2402 5077 μενον..

595 5242 614 5261 ⁸
638 5240 806 5312 Marg.
852 5240 944 5296 Fr.
987 5241 1082 5294 τοὺ
1135 5240 1240 5313 πρὸ
1285 5239 1480 5294 τούτου
1539 5240 1838 5310 κεφαλαίου
1890 5241 2099 5312 σχόλιον
2136 5242 2325 5302 ὥσπερ
2356 5242 2718 5311 σαφέστατον,
2751 5240 2999 5295 τουτέστι
3025 5241 3087 5294 τὸ
3112 5240 3430 5311 κεφάλαιον.

599 5355 661 5425 (ι)
715 5354 906 5408 Δεῖται
963 5354 1250 5427 σταιφοῆ.
1284 5353 1449 5427 κειται
1497 5354 1935 5427 ὴιεολοιιίδείιηο
1988 5370 2104 5427 my—

525 5424 694 5490 stica;
739 5432 797 5478 et
826 5441 948 5494 quae
981 5433 1175 5479 auctor
1208 5424 1554 5479 Scholiorum
1602 5424 1706 5479 rite
1750 5434 1958 5490 monet,
1993 5424 2104 5480 cla-

526 5495 808 5569 rissimum
839 5495 1260 5569 scholiumesse
1279 5494 1581 5569 superioris
1607 5494 1824 5569 capitis.
1855 5495 1914 5549 in
1940 5496 2103 5551 nobis

525 5566 658 5635 ergo
678 5563 883 5622 Christi
909 5564 1233 5636 mysterium
1272 5563 1773 5635 exprimimus,qui
1815 5574 1871 5620 et
1910 5581 2106 5621 sensus

526 5637 676 5713 omni
701 5635 1011 5713 operationi
1040 5635 1360 5713 moriamur,
1387 5636 1667 5713 ipsiusque
1692 5637 1892 5713 mentis
1912 5650 2078 5713 opera

529 5705 696 5759 tionis
731 5705 1037 5760 cessatione
1071 5721 1242 5759 unum
1288 5705 1527 5760 Verbum
1571 5721 1601 5758 a
1645 5706 1880 5759 mortuis
1913 5706 2104 5762 vivens

531 5772 852 5839 habeamus,
884 5774 939 5830 in
974 5790 1081 5845 quo
1110 5774 1294 5830 omnia
1327 5775 1465 5829 κατὰ
1495 5778 1859 5845 περιγραφήν,
1890 5774 1963 5830 ita
1992 5776 2102 5830 sci-

2208 5356 2339 5410 licet
2367 5364 2427 5409 ut
2456 5354 2633 5424 ipsum
2668 5354 2807 5408 nihil
2841 5368 3033 5409 eorum
3067 5354 3160 5418 sit,
3198 5368 3301 5408 nec
3334 5367 3460 5406 cum
3490 5350 3595 5424 ullo
3622 5343 3766 5401 habi-

2166 5432 2173 5439 ‘
2212 5426 2457 5480 tudinem
2478 5420 2720 5488 'habeat,
2752 5424 2849 5479 sed
2878 5424 3094 5478 cunctis
3124 5423 3386 5486 emineat,
3419 5420 3770 5488 omnibusque

2210 5496 2523 5551 absolutum
2553 5485 2810 5565 exsistat.
2837 5491 3097 5565 Est_cap.
3145 5493 3311 5565 Marci
3344 5508 3504 5565 νηπτ.
3529 5505 3594 5565 Δες.
3623 5485 3774 5564 quod

2210 5566 2386 5645 primo
2424 5566 2680 5645 latuerat,
2711 5559 2875 5645 longe
2908 5555 3212 5645 hichuam
3246 5564 3299 5644 in
3335 5555 3789 5645 editis

2211 5630 2295 5690 vel
2324 5636 2437 5691 Pici
2468 5630 2837 5698 emendatius,
2866 5630 3111 5705 exceptis
3133 5630 3325 5700 timvis,
3352 5648 3493 5703 quos
3513 5630 3789 5698 interptc-

2210 5715 2325 5761 tutn
2360 5705 2634 5778 imperitia
2660 5705 2915 5775 aspersit.
