4066 6188
228 341 365 408 1109

293 464 359 513 ο’.
440 455 502 509 Ὀ
555 456 665 519 πᾶς
715 455 921 526 κόσμος

223 551 405 619 λόγοις
431 548 532 619 (5),
563 550 655 602 καὶ
692 549 853 613 τόπος
886 548 1213 618 λέγεταικαὶ
1239 550 1393 614 αίὼν,
1428 551 1535 604 τῶν
1564 554 1621 604 ὲν
1668 550 1817 620 αὐτῷ

227 641 602 711 διαιτωμένων
623 658 637 673 ·
667 641 907 712 τρόπους
927 639 1301 714 θεωρημάτων
1328 642 1467 713 ἔχων
1490 643 1631 695 κατὰ
1657 642 1819 710 φύσιν

226 734 357 796 τοὺς
381 734 438 785 ἐν
459 731 609 801 αὐτῷ
638 733 963 802 προσφυεῖς,
1001 732 1234 803 μερικὴν
1263 734 1596 802 κατανόησιν
1632 732 1819 795 αὐτοῖς

230 823 531 894 ἐμποιῆσαι
567 811 669 893 τῆς
698 822 791 876 ἐπὶ
826 822 1003 875 πάντα
1037 823 1231 891 σοφίας
1264 823 1358 876 τοῦ
1413 823 1548 876 Θεοῦ
1584 822 1821 892 δυναμέ-

242 930 387 977 νους·
421 908 501 976 οἷς
524 914 629 975 ἕως
649 913 889 985 χρῶνται
919 914 1057 985 προς
1098 915 1452 989 κατανόησιν,
1487 916 1548 967 οὐ
1568 914 1821 969 δύνανται

234 1006 355 1075 δίχα
428 1005 721 1075 μεσότητος
780 1001 921 1057 εἶναι
979 1006 1073 1058 καὶ
1128 1006 1360 1077 μερικῆς
1436 1004 1820 1077 καταλήψεως.

254 1098 475 1167 Ἐπειδὴ
512 1097 566 1149 δὲ
603 1096 665 1149 τὸ
687 1098 749 1149 ὲκ
787 1096 991 1167 μέρους
1020 1095 1113 1149 τοῦ
1146 1097 1349 1150 τελείου
1400 1098 1660 1167 φανέντος
1690 1115 1824 1151 κατ-

241 1193 512 1259 αργεῖται,
549 1189 645 1241 καὶ
684 1187 752 1241 τὰ
790 1188 1034 1259 ἔσοπτρα
1083 1188 1259 1241 πάντα
1290 1190 1384 1241 καὶ
1422 1189 1489 1243 τά
1528 1190 1826 1259 αίνίγματα

248 1281 633 1352 παρέρχονται,
671 1280 773 1350 τῆς
819 1282 1113 1351 πρόσωπον
1152 1280 1291 1351 πρὸς
1328 1282 1624 1351 πρόσωπον
1651 1299 1827 1353 παρα-

245 1373 537 1443 γενομένης
566 1373 845 1443 ὶληθείας,
877 1374 1017 1444 ὑπὲρ
1050 1373 1259 1436 πάντας
1284 1372 1436 1426 ἔσται
1473 1375 1715 1444 κόσμους
1736 1376 1830 1428 καὶ

249 1465 451 1527 αἰῶνας
492 1468 587 1517 καὶ
625 1467 845 1529 τόπους,
896 1459 978 1527 οἷς
1010 1465 1151 1529 τέως
1178 1465 1253 1525 ὡς
1301 1466 1489 1534 νήπιος
1523 1467 1832 1535 ὲπαιδαγω-

251 1560 421 1626 γεῖτο,
442 1556 751 1619 τελειωθεὶς
785 1555 927 1609 κατὰ
959 1556 1092 1609 Θεὸν
1117 1558 1145 1610 6
1183 1556 1513 1629 σωζόμενος.

324 1748 421 1795 oa'.
462 1741 522 1794 Ὀ
554 1741 805 1803 Πιλᾶτος,
823 1738 917 1793 τοῦ
944 1741 1088 1793 κατὰ
1122 1740 1284 1809 φύσιν
1313 1741 1477 1813 νόμου
1496 1742 1665 1806 τύπος
1694 1743 1828 1795 ἐστι’·

251 1833 345 1886 τοῦ
385 1831 449 1896 ,δὲ
497 1832 743 1903 γραπτοῦ
791 1832 982 1901 νόμου,
1017 1831 1077 1884 τὸ
1117 1832 1324 1902 πλῆθος
1369 1833 1477 1886 τῶν
1537 1833 1830 1888 Ἰουδαίων.

266 1924 325 1976 ὐ
358 1924 538 1975 τοίνυν
566 1923 708 1976 κατὰ
742 1922 923 1977 πίστιν
972 1924 1115 1995 ὑπὲρ
1150 1925 1278 1987 τοὺς
1307 1924 1401 1978 δύο
1436 1924 1510 1995 μὴ
1536 1925 1834 1996 γενόμενος

255 2013 476 2087 νόμους,
515 2017 576 2070 οὐ
615 2016 840 2071 δύναται
884 2017 1139 2084 δέξασθαι
1184 2018 1284 2090 τὴν
1337 2019 1480 2091 ὑπὲρ
1532 2018 1695 2089 φύσιν
1743 2022 1839 2075 καὶ

256 2109 413 2178 λόγον
453 2109 738 2180 ἀλήθειανο
788 2109 924 2165 ἀλλὰ
954 2114 1181 2181 σταυροῖ
1232 2110 1455 2175 πάντως
1499 2114 1591 2165 τον
1635 2114 1835 2182 Λόγονθ

260 2201 293 2268 ἢ
338 2200 414 2265 ὡς
462 2201 729 2264 Ἰουδαῖος,
791 2202 1116 2256 σκάνδαλον·
1171 2202 1204 2273 ἢ
1244 2203 1319 2267 ὠς
1359 2204 1582 2275 Ἕλλην,
1625 2206 1839 2277 μωρίαν

262 2291 562 2361 ἡγούμενος
583 2292 644 2345 τὸ
670 2291 1023 2361 Εὑαγγέλιον.

332 2379 429 2449 οβ’.
485 2381 654 2434 Ὅταν
701 2381 818 2453 ἴδῃς
875 2380 1123 2451 Ἡρώδην
1170 2382 1266 2434 καὶ
1308 2382 1543 2436 Πιλᾶτον
1586 2383 1841 2455 ἀλλήλοις

200 2538 203 2539 ν
265 2472 610 2539 φιλιάζοντας
645 2474 735 2525 ἐπὶ
766 2476 830 2543 τῇ
869 2473 1151 2545 ἀναιρέσει
1190 2473 1283 2527 τοῦ
1338 2474 1534 2545 Ἰησοῦ,
1567 2476 1689 2528 τότε
1730 2476 1841 2530 νόει

264 2562 361 2630 τὴν
378 2563 457 2623 είς
489 2562 549 2613 τὸ
572 2562 705 2614 αὐτὸ
733 2563 1041 2634 συνδρομήν
1064 2581 1078 2594 ·
1111 2564 1203 2617 τοῦ
1234 2582 1293 2617 τε
1324 2566 1423 2634 τῆς
1468 2566 1721 2637 πορνείας
1748 2569 1842 2621 καὶ

267 2651 363 2722 τῆς
419 2650 729 2716 κενοδῖξίας
776 2652 1063 2723 δαίμονος,
1122 2657 1215 2708 ἐπὶ
1260 2655 1339 2727 τῷ
1390 2656 1699 2711 θανατῶσαι
1750 2658 1842 2711 τὸν

264 2744 421 2812 λόγον
444 2743 544 2813 τῆς
580 2745 783 2814 ἀρετῆς
809 2747 903 2798 καὶ
932 2748 1031 2817 τῆς
1053 2746 1307 2815 γνώσεως
1341 2748 1589 2819 ἀλλήλοις
1615 2766 1842 2820 συμφω-

267 2837 526 2889 νούντων.
565 2836 624 2887 '0
664 2837 762 2905 μὲν
792 2836 901 2907 γὰρ
945 2837 1222 2903 κενόδοξος
1266 2840 1496 2910 δαίμων,
1541 2859 1843 2912 πνευματι-

266 2928 369 2996 κὴν
401 2927 606 2995 γνῶσιν
630 2928 1079 3001 ὑποκρινόμενος,
1113 2932 1477 3001 παραπέμπει
1512 2934 1591 3003 τῷ
1629 2935 1842 3005 δαίμονι

262 3020 364 3089 τῆς
398 3020 655 3088 πορνείας
679 3035 692 3048 ⁸
719 3022 748 3073 6
781 3021 838 3072 δὲ
871 3022 970 3093 τῆς
1017 3023 1273 3092 πορνείας
1320 3024 1445 3075 καθ’
1486 3024 1841 3097 ὑποχώρησιν

1077 342 1413 402 CAPITUM
1452 340 1725 401 THEOL.
1771 339 1865 398 ET
1909 338 2145 399 (ECON.
2187 339 2582 399 CENTURIA
2618 338 2667 397 Ι.

995 457 1092 528 (m)
1145 458 1299 521 ίδίοις
1358 458 1809 530 περιοριζόμενος
1840 462 1885 515 Α

3372 308 3521 389 mo

1988 458 2074 513 7t}.
2101 457 2335 513 Mundus
2360 458 2543 511 onmis
2564 455 2677 511 suis
2698 452 3155 522 circumscriptus
3173 449 3509 521 rationibus,

1919 565 2115 605 eorum
2149 559 2264 603 tum
2300 549 2454 603 locus
2490 547 2820 617 appellatur,
2854 553 2968 599 tum
3004 543 3296 606 sacculum,
3322 539 3418 611 qui
3454 540 3508 595 in

1920 646 2039 714 ipso
2071 643 2308 713 degunt;
2343 642 2755 705 convenientes,
2788 640 2842 694 in
2876 654 2943 694 eo
2976 636 3260 692 naturales
3293 635 3515 688 theore-

1922 743 2129 788 niatum
2158 732 2351 788 modos
2379 732 2608 798 habens,
2634 731 2726 801 qui
2758 729 2853 785 Dei
2891 743 3057 798 super
3088 725 3272 784 omnia
3303 720 3513 777 intelli—

1922 826 2122 897 gentia:
2153 841 2373 880 sensum
2404 840 2470 879 ex
2502 833 2659 894 parte
2688 822 2770 878 eis
2802 818 3176 892 ingenerando
3208 817 3336 871 sint.
3366 815 3515 881 Quos

1925 914 2004 969 illi
2056 916 2301 986 quandiu
2352 915 2419 970 ad
2476 912 2895 984 intelligendum
2956 910 3257 972 adhibent,
3305 908 3515 975 absque

1926 1008 2138 1072 medio,
2171 1023 2346 1077 eaque
2387 1005 2882 1076 comprehensione
2923 1018 3045 1073 qum
3087 1017 3154 1055 ex
3198 1007 3353 1069 parte
3398 1005 3513 1057 est,

1926 1117 2047 1157 esse
2078 1117 2187 1155 non
2216 1109 2465 1170 possunt.
2494 1097 2650 1165 Quod
2674 1113 2807 1151 vero
2841 1096 2917 1161 id,
2945 1094 3093 1165 quod
3126 1109 3191 1148 ex
3224 1100 3379 1163 parte
3408 1100 3514 1144 est.

1928 1209 2055 1249 cum
2086 1189 2407 1261 apparuerit
2437 1188 2585 1259 quod
2623 1186 2925 1258 perfectum
2955 1184 3122 1256 476
3148 1192 3255 1246 est,
3283 1196 3515 1235 evacua-

1934 1286 2111 1349 bitur,
2145 1294 2451 1352 cunctaque
2491 1280 2714 1352 specula
2752 1294 2814 1334 ac
2851 1278 3138 1347 renigmata
3181 1272 3513 1331 transibunt,

1930 1375 2258 1432 adveniente
2309 1374 2543 1427 veritate
2594 1386 2715 1441 qua:
2773 1380 2859 1423 est
2912 1368 3049 1421 facie
3101 1365 3168 1419 ad
3222 1362 3511 1425 faciem“;

1933 1469 2157 1523 mundis
2196 1466 2454 1521 omnibus
2489 1473 2544 1519 et
2575 1462 2789 1517 saeculis
2820 1468 2875 1515 et
2903 1460 3060 1524 locis,
3092 1458 3296 1528 quibus
3328 1457 3517 1510 hacte-

1935 1577 2038 1616 nus
2076 1570 2339 1629 tanquam
2386 1557 2647 1628 parvulus
2690 1554 3084 1618 erudiebatur,
3121 1551 3373 1621 superior
3414 1550 3519 1604 erit

1934 1653 2145 1707 electus
2168 1649 2470 1705 secundum
2499 1648 2673 1702 Deum
2704 1656 3143 1701 consummatus.

2007 1743 2094 1798 71.
2125 1743 2357 1805 Pilatus,
2383 1741 2519 1812 legis
2548 1749 2759 1794 natura:
2783 1737 2956 1809 ﬁgura
2981 1746 3093 1802 est;
3122 1736 3340 1806 scripta:
3364 1750 3517 1792 vero.

1936 1834 2095 1905 plebs
2122 1833 2457 1889 Judmorum.
2486 1830 2747 1901 Quisquis
2780 1830 2949 1901 igitur
2979 1828 3083 1883 [ide
3116 1828 3286 1882 fultus
3318 1827 3522 1898 duplici

1940 1928 2030 1983 illa
2060 1928 2179 1997 lege
2210 1925 2463 1997 superior
2491 1940 2602 1979 non
2633 1924 2894 1985 evaserit,
2921 1922 3213 1977 veritatem
3244 1932 3439 1976 natura
3464 1938 3527 1976 ac

1939 2033 2194 2074 sermone
2254 2016 2595 2087 superiorem
2660 2015 2907 2085 recipere
2967 2028 3078 2067 non
3145 2020 3366 2083 potest;
3431 2012 3525 2067 sed

1939 2112 2167 2168 omnino
2219 2109 2463 2165 Verbum
2513 2106 2829 2179 cruciﬁget;
2891 2106 2985 2177 qui
3049 2106 3135 2160 vel
3182 2114 3244 2159 ut
3297 2105 3522 2160 Jndreus

1940 2203 2294 2267 scandalum,
2321 2202 2410 2257 vel
2453 2209 2513 2256 ut
2547 2199 2770 2256 Graecus
2826 2198 3115 2255 stultitiam
3172 2197 3526 2267 Evangelium

1941 2294 2217 2352 existimet
2242 2293 2309 2347 '°.

2012 2387 2102 2441 72.
2128 2384 2265 2440 Cum
2301 2381 2574 2437 Herodem
2612 2389 2776 2450 atque
2807 2380 3045 2435 Pilatum
3080 2378 3378 2434 amicitiam
3404 2379 3530 2448 jun-

1943 2492 2071 2548 gere
2098 2474 2166 2529 ad
2197 2471 2625 2528 interimendum
2654 2472 2839 2526 Jesum
2864 2470 3094 2535 videris,
3125 2480 3306 2525 tecum
3335 2475 3529 2537 reputa

1945 2569 2002 2622 in
2035 2582 2205 2621 unum
2239 2578 2569 2620 concurrere
2599 2562 2984 2617 fornicationis
3021 2561 3311 2631 inanisque
3344 2560 3530 2631 gloria:

1946 2661 2277 2723 daemonem,
2312 2657 2516 2729 junctis
2553 2656 2697 2710 inter
2729 2672 2787 2711 se
2824 2653 3091 2719 consiliis,
3120 2661 3181 2707 ut
3213 2652 3435 2707 virtutis
3469 2666 3531 2705 ac

1945 2752 2191 2810 scientia:
2240 2765 2549 2806 sermonem
2596 2749 2891 2819 perimant.
2934 2746 3069 2801 Nam
3119 2744 3302 2798 inanis
3346 2744 3532 2814 gloria:

1946 2847 2181 2909 daemon,
2212 2843 2513 2913 spiritalem
2549 2840 2837 2896 scientiam
2870 2838 3158 2901 simulans,
3190 2836 3259 2891 ad
3292 2835 3531 2890 fornica-

1947 2936 2114 2991 tionis
2141 2936 2441 2991 dzemonem
2473 2932 2827 2997 transmittit;
2861 2930 3185 2999 darmonquc
3217 2925 3535 2982 fornicatio-

1946 3029 2032 3083 nis
2080 3027 2165 3082 sui
2211 3024 2577 3081 subduetione
2622 3022 2891 3093 tantisper
2935 3020 3229 3091 puritatem
3275 3019 3534 3075 simulato

265 3110 615 3181 καθαρότητα
652 3113 1139 3184 προσποιούμενος,
1174 3116 1489 3186 ἀναπέμπει
1528 3118 1604 3186 τῷ
1632 3117 1843 3187 δαίμονι

1950 3120 2256 3184 mentiens,
2286 3118 2351 3172 ad
2387 3117 2567 3172 inanis
2600 3116 2785 3187 gloriae
2819 3115 3123 3169 daemonem
3158 3111 3409 3167 remittit.
3444 3110 3534 3165 Id-

262 3197 367 3268 τῆς
404 3200 729 3267 κενοδοξίας.
780 3203 873 3256 Διὸ
908 3245 921 3268 ,
964 3205 1255 3273 Λαμπρὰν
1290 3208 1547 3275 περιθεὶς
1590 3209 1839 3277 ἐσθῆτα,

265 3296 476 3364 φησὶν,
541 3300 575 3351 ό
662 3297 951 3368 Ἡρώδης,
1036 3299 1348 3371 ἀνέπεμψε
1396 3304 1653 3371 ηΠιλὰτῳ
1739 3305 1845 3361 τὸν

277 3386 531 3454 Ἰησοῦν.

334 3485 438 3549 ογ⁸.
465 3482 645 3537 Καλὸν
685 3484 759 3555 μὴ
789 3486 1093 3555 συγχωρεῖν
1114 3488 1279 3559 σαρκὶ
1313 3489 1404 3542 καὶ
1443 3488 1640 3543 πάθεσι
1678 3509 1845 3562 προσο

266 3572 484 3642 ανέχειν
530 3574 621 3628 τὸν
667 3575 811 3631 νοῦν.
865 3579 948 3632 Οὐ
982 3577 1093 3649 γὰρ
1131 3580 1523 3649 συλλέγουσι,
1552 3586 1737 3653 φησὶν,
1766 3585 1837 3648 ἐξ

263 3664 545 3718 ἀκανθῶν
596 3667 793 3721 σῦκαο
846 3670 1157 3737 τουτέστιν,
1211 3673 1275 3725 ὲκ
1327 3673 1548 3738 παθῶν,
1608 3676 1841 3745 ἀρετήν’

267 3756 409 3810 οὔτε
428 3758 494 3810 ἐκ
514 3758 712 3821 ,βάτου
739 3763 1066 3830 σταφυλήν
1087 3780 1100 3793 ·
1140 3764 1440 3829 τουτέστιν,
1472 3767 1535 3818 ἐκ
1578 3768 1679 3838 τῆς
1710 3784 1844 3839 σαρ-

269 3847 383 3910 κὸς,
411 3848 511 3919 τὴν
538 3850 939 3918 εὐφραίνουσαν
969 3854 1192 3922 γνῶσιν.

339 3938 431 3992 (ιδ’.
462 3940 561 3993 Διά
588 3941 691 4011 τῆς
722 3943 1002 4014 ὑπομονῆς
1047 3946 1154 3999 τῶν
1186 3948 1511 4017 πειρασμῶν
1548 3950 1847 4021 δοκιμαζό-

272 4049 434 4101 μενος
467 4034 495 4086 6
528 4035 796 4106 ἀσκητὴς,
827 4037 923 4091 καὶ
948 4038 1037 4091 διὰ
1066 4040 1163 4108 τῆς
1212 4042 1530 4110 σωματικῆς
1572 4044 1847 4113 παιδαγω⁶

267 4123 393 4189 γίας
425 4124 839 4197 καθαιρόμενος,
873 4130 965 4183 καὶ
992 4130 1078 4185 διὰ
1111 4132 1210 4202 τῆς
1232 4134 1546 4201 ἐπιμελείας
1573 4136 1682 4189 τῶν
1716 4137 1851 4209 ὑψη-

270 4216 379 4268 λῶν
412 4216 780 4289 θεωρημάτων
820 4221 1215 4293 τελειούμενος,
1267 4224 1513 4288 ἀξιοῦται
1562 4227 1664 4299 τῆς
1698 4228 1851 4295 θείας

274 4310 692 4381 παρακλήσεως.
718 4313 932 4381 Κύριος
954 4314 1084 4384 γὰρ,
1102 4315 1265 4385 φησὶν
1293 4318 1320 4369 6
1340 4319 1600 4390 Μωῡσῆς,
1620 4321 1689 4375 ἐκ
1707 4320 1853 4377 Σινᾶ

271 4398 405 4465 ἥκει
436 4417 448 4431 ·
502 4404 800 4469 τουτέστιν,
832 4406 894 4458 ἐκ
919 4405 1027 4461 τῶν
1056 4408 1377 4480 πειρασμῶν
1406 4429 1422 4443 ν
1449 4414 1546 4465 καί
1584 4413 1853 4484 ἐπεφάνη

1949 3210 2098 3265 circo
2145 3209 2223 3263 ait
2267 3226 2280 3261 :
2328 3207 2581 3262 Indutum
2623 3213 2760 3260 veste
2804 3204 3033 3258 candida
3080 3200 3315 3257 Herodes
3354 3200 3535 3255 Iesum

1951 3300 2150 3355 remisit
2178 3298 2247 3352 ad
2276 3297 2513 3352 Pilatum
2538 3297 2602 3351 ⁸⁷.

2022 3498 2111 3551 75.
2159 3496 2417 3559 Prazstat,
2463 3510 2531 3547 ne
2586 3491 2741 3547 carni
2794 3489 3194 3559 aﬂ‘ectibusque
3246 3503 3344 3544 seu
3385 3488 3538 3543 vitiis

1953 3586 2198 3640 animum
2241 3583 2610 3638 attendamus.
2647 3580 2763 3635 Non
2802 3582 2941 3634 enim
2994 3578 3248 3649 colligunt
3277 3579 3340 3632 de
3370 3578 3536 3649 spinis

1952 3680 2112 3750 ﬁcus,
2141 3678 2322 3748 inquit
2355 3676 2483 3747 (hoc
2514 3684 2628 3739 est,
2655 3688 2721 3727 ex
2756 3672 3045 3727 affectibus
3076 3670 3333 3739 vitiisque
3366 3671 3573 3723 virtu-.

1956 3771 2111 3841 tem),
2154 3786 2247 3825 nec
2286 3785 2349 3823 ex
2393 3768 2519 3821 rubo
2562 3782 2719 3821 uvam
2745 3764 2817 3831 ³⁸;
2852 3778 3051 3835 nempe
3081 3778 3149 3818 ex
3191 3777 3379 3829 carne,
3417 3777 3539 3832 qua:

1954 3865 2198 3920 lanitium
2226 3871 2468 3933 praestet,
2495 3858 2777 3914 scientiam
2800 3858 2865 3911 ”.

2029 3959 2116 4014 74.
2164 3953 2517 4013 Sustinendis
2564 3950 2965 4008 tentationibus
3020 3956 3205 4003 asceta
3254 3946 3538 4020 (exercens

1958 4048 2171 4104 scilicet
2203 4046 2270 4102 ad
2307 4042 2589 4117 pietatem)
2626 4043 2921 4114 probatus,
2955 4040 3336 4110 corporalique
3370 4039 3538 4093 disci-

1958 4138 2106 4209 plina
2149 4136 2476 4200 mundatus,
2510 4150 2573 4188 ac
2616 4140 2824 4189 attenta
2864 4130 3185 4187 sublimium
3229 4129 3537 4185 theorema-

1961 4240 2076 4286 tum
2101 4226 2387 4300 diligentia
2414 4242 2657 4296 curaque
2682 4230 3115 4287 consummatus,
3144 4221 3384 4277 divinam
3410 4236 3539 4275 con-

1960 4324 2209 4393 sequitur
2242 4320 2693 4376 consolationem.
2727 4318 2983 4373 Dominus
3015 4317 3185 4383 enim,
3208 4315 3284 4371 ait
3307 4315 3538 4386 Moyses,

1962 4432 2024 4470 ea:
2060 4413 2191 4470 Sina
2224 4415 2365 4471 venit
2400 4412 2528 4484 (hoc
2560 4421 2676 4474 est,
2709 4427 2775 4467 ex
2810 4408 3209 4465 tentationibus
3241 4408 3538 4463 malorum-

343 4558 387 4589 ³⁸
410 4558 431 4613 l
458 4558 584 4614 Cor.
608 4576 725 4626 Im,
753 4560 936 4616 10-15.
1014 4564 1060 4597 ⁸⁸
1081 4564 1103 4619 Ι
1127 4563 1256 4619 Cor.
1281 4580 1319 4631 ι,
1343 4566 1433 4620 2‘5.
1512 4570 1554 4600 ³⁷
1582 4570 1713 4627 Luc.
1759 4588 1857 4627 χχιι

1945 4571 2019 4625 Η.
2098 4569 2146 4602 ⁸⁸
2169 4569 2362 4625 Matth.
2389 4584 2485 4633 vn,
2514 4566 2599 4622 16.
2678 4566 2893 4621 "'Psal.
2921 4581 3033 4630 cm,
3064 4564 3148 4619 15.

343 4716 440 4786 (⁷⁷⁸)
487 4715 550 4798 ξο
598 4714 716 4798 πίξς
749 4719 980 4798 κόσμρς
1046 4721 1213 4798 Quod
1256 4732 1450 4780 auctor
1487 4725 1843 4798 AScholiorum
1876 4733 1921 4788 D
1947 4729 2002 4784 in
2022 4729 2137 4785 suis
2158 4729 2546 4785 Antirrheticis
2578 4727 2794 4798 probat,
2832 4724 3204 4798 contrariique
3239 4731 3539 4798 assertores

268 4786 387 4867 haec
419 4786 592 4867 palam
620 4786 882 4867 adversus
914 4786 1301 4867 lconojnaehos
1325 4796 1543 4867 asserit,
1573 4814 1681 4852 non
1715 4801 1847 4853 satis

265 4856 432 4940 videt)
453 4856 603 4940 unde
640 4857 837 4940 habeat
866 4877 879 4913 :
912 4876 1035 4914 cum
1068 4862 1299 4940 Maximo
1345 4856 1540 4919 solum'
1565 4883 1749 4922 sermo
1776 4870 1849 4924 sit

269 4927 469 5009 ἀεῖ-Ι)εεί
501 4927 811 5009 cognitione
835 4944 902 4983 ex
933 4934 1526 5009 parte-etgnigmatica
1553 4953 1616 4991 ac
1646 4939 1699 4992 in
1725 4954 1849 5009 spe-

267 4998 483 5079 culoex
514 4998 817 5079 creaturis;
847 4998 968 5079 qua:
996 5001 1132 5079 nihil
1169 4998 1357 5079 facere
1382 5006 1598 5079 videtur
1624 5017 1684 5061 ut
1705 4998 1850 5073 Diana

268 5082 298 5147 ξι
327 5066 501 5147 nobis
524 5065 1033 5147 imaginibus-pingi
1064 5072 1273 5147 possit;
1304 5074 1407 5129 nisi
1449 5076 1588 5147 forte
1617 5065 1763 5147 quod
1790 5096 1851 5135 se

270 5136 504 5225 Itali
534 5136 1026 5225 far-magvisen‘dufn
1050 5136 1302 5197 exhibuit
1331 5161 1343 5197 :
1372 5146 1518 5225 quod
1550 5136 1727 5217 ipsum
1758 5165 1855 5203 na-

269 5206 510 5286 turalem
555 5206 650 5260 Dei
705 5207 759 5262 in
809 5210 978 5286 rebus
1032 5206 1585 5286 repriesentationem-
1614 5218 1851 5273 excedit.

270 5275 405 5339 lmo,
439 5276 603 5329 etiam
632 5286 796 5359 atque
822 5280 988 5359 etiam
1014 5275 1169 5337 cavet
1195 5283 1414 5359 divinus
1442 5300 1644 5359 sermo,
1670 5304 1740 5344 ne
1762 5290 1853 5345 cui

272 5361 463 5400 rerum
499 5348 785 5402 sensilium
821 5350 1068 5405 divinum
1110 5368 1314 5408 numen
1350 5353 1527 5409 simile
1568 5348 1851 5415 existime-

274 5431 415 5495 inus,
452 5424 548 5469 aut
594 5418 890 5495 simulacro
920 5420 1287 5495 etlingendurn
1334 5434 1624 5494 putemus;
1658 5429 1753 5483 sed
1781 5445 1848 5485 ex

273 5485 381 5539 illis
425 5501 728 5568 eorumque
774 5485 1082 5546 rationibus
1130 5501 1187 5548 et
1222 5485 1713 5559 theorematisfad
1746 5500 1848 5553 ali-

275 5570 436 5637 quam
467 5566 586 5626 ejus
620 5567 803 5614 mente
835 5576 1185 5637 assurgamus
1217 5566 1589 5637 cognitionem
1628 5585 1640 5621 :
1680 5568 1847 5637 ipsam

274 5634 533 5707 nimirum
558 5643 681 5707 qua:
709 5644 774 5683 ex
806 5640 959 5707 parte
986 5640 1089 5687 est.
1121 5634 1195 5689 De
1225 5634 1465 5700 Christo,
1493 5637 1586 5707 qui
1622 5634 1851 5707 corpore

279 5694 529 5781 pingatur
554 5694 997 5781 tit-humanitate,
1025 5718 1130 5781 qua
1159 5720 1284 5781 vere
1317 5694 1852 5781 περίλίραπτοςξθίίίι

284 5774 418 5821 ratio
445 5775 550 5834 est,
582 5775 641 5821 ut
675 5774 921 5825 omnium
959 5774 1164 5842 Optime
1206 5774 1501 5845 Nicephor.
1539 5777 1852 5848 patriarcha

1949 4801 2177 4864 erroris,
2226 4801 2551 4856 Docetarum
2578 4793 2692 4853 'seu
2739 4797 3243 4851 Phantasiastarum
3271 4800 3326 4846 et
3364 4793 3538 4846 Mani-

1950 4870 2227 4925 chaeorum
2253 4868 2338 4941 (ac
2364 4870 2409 4926 si
2433 4871 2526 4940 qui
2556 4867 2842 4941 in_Cl_tristi
2870 4865 3117 4921 doctrina
3140 4872 3203 4941 e_t_
3234 4864 3539 4941 wconoinia

1954 4941 2062 4994 ἀπὸ
2090 4940 2199 4993 τῶν
2250 4932 2516 5009 αἱρέσεων
2548 4938 2741 5009 primis
2787 4938 2898 5008 jam
2950 4933 3296 5003 temporibus
3338 4932 3531 4988 audie-

1954 5013 2107 5076 runt)
2142 5010 2389 5065 sobolem
2417 5009 2678 5064 ostendit.

2155 5081 2251 5134 Ἐκ
2279 5078 2427 5135 Σινᾶ
2466 5080 2618 5147 ἣκει.
2665 5076 2809 5144 Quin
2839 5073 3145 5145 respexerit
3178 5074 3447 5127 Maximus
3481 5072 3537 5127 in

2075 5167 2139 5206 us
2174 5151 2261 5206 his
2285 5150 2535 5206 vocibus.
2561 5164 2751 5204 earum
2786 5155 3052 5206 etymum,
3084 5144 3238 5206 juxta
3262 5142 3535 5206 vulgatam

1958 5142 2139 5207 tribus
2174 5151 2261 5206 his
2285 5142 2535 5213 vocibus,
2561 5142 2751 5204 earum
2786 5142 3053 5216 etymum,
3084 5144 3238 5215 juxta
3262 5142 3535 5211 vulgatam

1960 5220 2089 5275 olim
2113 5221 2396 5275 nominum
2415 5219 2808 5275 chraicorum
2826 5214 3245 5283 expositionem,
3266 5219 3349 5267 vel
3374 5230 3535 5283 quam

1960 5230 2089 5275 otim
2113 5230 2396 5275 nominum
2417 5230 2808 5275 Hebraicorum
2826 5230 3245 5283 exposmonem,
3266 5230 3349 5267 vei
3415 5230 3535 5266 uam

1960 5290 2076 5354 ipse
2108 5291 2214 5346 sibi
2258 5306 2326 5346 ex
2367 5288 2650 5345 Hebraicis
2679 5285 2983 5342 conabatur
3022 5230 3535 5354 exprimere,11aud

2000 5361 2208 5416 ubium.
2247 5360 2325 5416 Ac
2352 5360 2499 5430 quod
2546 5376 2577 5413 a
2612 5355 3030 5430 Sinatexponit
3066 5372 3115 5430 a_
3141 5354 3533 5430 mutationibus,

1956 5447 2043 5487 res
2088 5440 2173 5487 est
2220 5425 2416 5495 facilis,
2446 5445 2571 5485 cum
2620 5437 2673 5483 et
2702 5426 2882 5490 rubus,
2911 5434 2966 5479 et
2999 5425 3217 5496 Syriaco
3258 5425 3533 5496 inimicitia

1954 5509 2456 5571 exponatursmw,
2508 5500 2636 5571 odit.
2667 5506 2848 5571 nam),
2881 5495 3056 5549 odium
3088 5513 3131 5571 _:
3179 5496 3335 5571 cujus
3377 5495 3532 5571 quasi

1954 5563 2194 5639 speciem
2222 5570 2388 5624 habet
2425 5568 2655 5639 tentatio
2680 5568 3057 5639 malorumque
3087 5563 3396 5635 impressio.
3430 5563 3534 5639 VeT

1956 5632 2078 5723 rum
2117 5638 2343 5723 quidem
2394 5638 2551 5723 Sinai‘
2587 5637 2754 5723 scribi
2799 5652 2897 5723 per
2926 5632 3132 5723 gap-non
3165 5632 3346 5723 ρει-ις
3378 5650 3400 5713 ,ε
3435 5632 3532 5685 sed

1956 5718 2084 5764 sunt
2117 5702 2311 5765 littera:
2340 5708 2751 5780 permutabiles.
2797 5702 2952 5773 Quod
2995 5707 3147 5767 item,
3178 5702 3271 5780 Ex
3303 5702 3438 5764 Seir,
3470 5717 3536 5755 ea:

1958 5774 2637 5836 corvoralibus'laboribus
2682 5778 3112 5848 interpretatur,
3155 5774 3360 5829 clarum
3412 5780 3531 5836 est,
