4066 6188
375 276 511 341 1113

1215 278 1550 338 CAPITUM
1588 278 1858 338 THEOL.
1901 278 1996 336 ET
2037 277 2274 338 CECON.
2317 279 2708 340 CENTURIA
2753 283 2804 344 Ι.

3512 285 3650 350 1111

373 393 514 460 ὑπὲρ
534 391 640 461 γὰρ
671 387 744 460 (ο)
782 392 880 461 τὴν
911 391 1288 461 μετρουμένην
1329 391 1424 444 τοῦ
1458 391 1650 463 χρόνου
1682 390 1949 461 περίοδον,

2063 391 2172 463 stit)
2202 401 2414 448 natura:
2443 403 2652 461 autem,
2684 397 2900 454 ratione
2925 399 3166 470 quinarii
3200 399 3419 474 (natura
3442 403 3650 476 quippe

371 488 402 551 ἡ
434 483 544 536 τῶν
571 481 777 552 νοητῶν
805 483 920 536 ἐστι
948 482 1188 551 γένεσις·
1250 485 1556 555 προνοητὴν
1603 485 1681 545 δὲ,
1726 483 1817 536 διὰ
1861 483 1954 536 τοῦ

367 574 543 628 δέκα·
578 574 667 627 διά
709 591 770 626 τε
802 573 902 645 τὴν
944 575 1053 628 τῶν
1099 575 1333 629 ἐντολῶν
1383 576 1545 645 ἁγίαν
1590 575 1812 640 δεκάδα,
1859 574 1958 644 τὴν

375 665 513 736 πρὸς
551 665 613 718 τὸ
655 661 715 719 εὖ
762 663 892 728 τοὺς
929 663 1249 736 ἀνθρώπους
1289 665 1614 735 ὲνάγουσαν,
1655 668 1751 720 καὶ
1782 665 1872 720 διὰ
1897 665 1959 717 τὸ

375 758 565 811 τούτου
632 756 726 811 τοῦ
776 757 1107 829 γράμματος
1165 759 1446 828 μυστικῶς
1513 758 1793 830 άπῆρχθαι
1857 758 1959 828 τῆς

378 849 754 921 προσηγορίας
790 851 880 904 τὸν
915 850 1144 918 Κύριον,
1185 851 1346 922 ἡνίκα
1386 851 1608 920 γέγονεν
1647 851 1954 922 ἄνθρωπος.

381 943 630 1011 Συνὰψας
656 939 752 996 οὖν
785 942 876 995 τὸν
904 942 1086 1008 πέντε,
1120 943 1326 996 καὶτὸν
1357 941 1514 1008 ἑπτὰ,
1553 943 1648 996 καὶ
1681 943 1770 995 τὸν
1793 940 1958 1006 ὀκτὼ,

381 1033 594 1086 καὶτὸν
628 1033 782 1098 δέκα,
831 1033 922 1086 τὸν
970 1032 1267 1104 τριάκοντα
1320 1033 1548 1105 πληροῖς
1595 1032 1852 1105 άριθμόν.
1901 1034 1960 1086 '0

377 1127 558 1179 τοίνυν
591 1126 667 1188 ῶς
697 1125 928 1198 ἀρχηγῷ
962 1126 1041 1197 τῷ
1069 1127 1261 1198 Κυρίῳ
1308 1127 1491 1187 καλῶς
1535 1127 1763 1181 ἕπεσθαι
1796 1127 1961 1192 γινώ-

382 1237 547 1280 σκων,
589 1219 692 1272 οὐκ
731 1220 991 1290 ἀγνοήσει
1037 1219 1127 1273 τὸν
1161 1220 1340 1289 λόγον,
1389 1220 1511 1274 καθ’
1553 1219 1611 1273 ὃν
1659 1222 1753 1273 καὶ
1801 1219 1961 1282 αὐτὸς

380 1310 801 1381 τριακοντούτης
840 1313 1273 1384 ἀναφανήσεται,
1332 1312 1625 1383 κηρύττειν
1665 1313 1962 1382 δυνάμενος

379 1405 440 1458 τὸ
467 1404 803 1472 Εὐαγγέλιον
843 1405 943 1474 τῆς
992 1404 1292 1474 βασιλείας.
1325 1405 1453 1457 Ὅτε
1481 1405 1589 1475 γὰρ
1634 1403 1961 1474 ἀμέμπτως,

379 1499 568 1570 ῶσπερ
586 1498 710 1552 τινὰ
736 1497 898 1567 φύσιν
921 1499 1146 1568 ὁρατὴν,
1177 1498 1269 1552 τὸν
1292 1497 1436 1551 κατὰ
1471 1499 1668 1569 πρᾶξιν
1696 1498 1803 1550 τῶν
1838 1499 1966 1568 ἀρε-

379 1591 491 1645 τῶν
521 1591 917 1662 δημιουργήσει
948 1592 1172 1661 κόσμον,
1197 1591 1298 1662 τὴν
1326 1591 1413 1643 ἐπ’
1439 1590 1610 1660 αὐτῆς
1635 1591 1734 1660 τῆς
1759 1589 1961 1660 ψυχῆς,

381 1682 569 1753 ὥσπερ
595 1683 719 1736 τινὰ
743 1683 935 1754 χρόνον
981 1684 1068 1736 διὰ
1112 1681 1220 1736 τῶν
1251 1681 1509 1735 ἐναντίων
1563 1681 1963 1751 συμσαίνουσαν

2058 485 2312 554 quinaria
2356 496 2472 551 est,
2507 488 2580 543 ob
2612 504 2834 544 sensum
2868 493 3057 562 quinis
3092 495 3343 564 partibus
3377 495 3650 552 distribu-

2059 578 2197 649 tum)
2228 595 2419 635 eorum
2445 597 2578 636 vero
2602 599 2723 652 qua:
2755 593 2940 641 mente
2973 586 3362 657 intelliguntur
3391 604 3456 644 ac
3485 589 3650 658 spiri-

2061 670 2274 735 talium,
2305 672 2518 728 ratione
2550 677 2822 731 octonarii
2858 678 3286 748 (intellectilium
3318 682 3466 736 enim
3497 690 3653 736 ortus

2059 778 2122 817 ac
2147 764 2320 834 origo,
2345 781 2659 822 eommcnsa
2687 771 2952 838 temporis
2977 771 3208 840 periodo
3235 773 3488 841 superior
3509 774 3655 828 exsi-

2059 857 2178 917 stit)
2214 857 2564 926 providentia
2602 869 2785 916 autem
2822 873 3114 926 rectorem,
3151 863 3369 917 ratione
3406 865 3650 931 denarii;

2064 958 2178 1002 tum
2211 950 2283 1002 ob
2315 949 2698 1005 mandatorum
2730 964 2976 1009 sanctam
3009 956 3296 1017 deeadem,
3325 972 3446 1024 qua:
3475 956 3654 1009 homi-

2061 1058 2159 1096 nes
2179 1041 2348 1112 4⁸18
2371 1042 2437 1097 ad
2466 1043 2633 1097 vitam
2665 1044 2806 1099 bene
2840 1045 3238 1102 instituendam
3274 1048 3507 1112 inducit,
3537 1055 3651 1103 tum

2062 1132 2209 1201 quod
2247 1133 2316 1186 ab
2348 1149 2414 1188 eo
2451 1134 2754 1202 elemento,
2784 1139 2930 1207 quod
2970 1140 3091 1210 ejus
3124 1140 3341 1194 numeri
3376 1150 3505 1193 nota
3538 1149 3651 1204 est,

2062 1225 2279 1278 Domini
2309 1240 2534 1292 nomen,
2567 1236 2702 1292 tum,
2731 1245 2854 1284 cum
2893 1231 3059 1286 homo
3089 1231 3268 1286 factus
3295 1241 3399 1296 est,
3431 1232 3652 1288 initiutn

2063 1314 2239 1368 duxit.
2272 1316 2596 1382 Quinarium
2632 1321 2818 1390 igitur,
2848 1325 3247 1392 scptenarium,
3278 1325 3650 1390 octonarium,

2064 1405 2355 1460 denarium
2414 1426 2676 1465 numeros
2735 1417 2779 1466 si
2845 1415 3236 1484 conjunxeris,
3299 1417 3654 1470 tricenarium

2066 1499 2393 1568 complebis.
2418 1500 2522 1567 Qui
2554 1519 2686 1573 ergo
2715 1504 3009 1560 Dominum
3043 1516 3102 1560 ut
3127 1506 3323 1562 ducem
3355 1518 3519 1578 atque
3551 1525 3652 1564 au-

2063 1599 2272 1645 ctorem
2305 1592 2410 1646 rite
2441 1594 2598 1662 sequi
2629 1596 2802 1660 novit,
2838 1612 2940 1652 nec
2972 1599 3086 1668 ipse
3117 1599 3389 1654 rationem
3422 1601 3650 1665 nesciet,

2065 1697 2174 1751 qua
2210 1682 2433 1754 triginta
2467 1701 2738 1740 annorum
2773 1688 2950 1742 factus
2985 1689 3419 1746 manifestandus
3453 1692 3545 1757 sit,
3573 1691 3656 1746 sic

389 1774 466 1845 μὴ
508 1749 809 1838 ἀλλοιώσας
858 1773 1126 1845 περίοδον,
1165 1773 1257 1827 καὶ
1299 1773 1390 1826 διὰ
1433 1749 1666 1845 θεωρίας
1711 1773 1811 1842 τὴν
1854 1772 1962 1826 τῶν

2068 1784 2420 1843 comparatus
2453 1786 2512 1830 ut
2544 1777 2900 1848 Evangelium
2936 1782 3091 1850 regni
3128 1782 3426 1851 praedicare
3460 1783 3653 1853 possit.

379 1867 586 1937 νοητῶν
621 1867 934 1930 ἀπταίστως
967 1865 1221 1937 δρέψεται
1260 1865 1481 1934 γνῶσιν,
1526 1865 1621 1918 καὶ
1654 1863 1752 1934 τὴν
1789 1863 1960 1934 αὐτὴν

377 1963 473 2016 καὶ
523 1961 704 2026 ἄλλοις
753 1960 868 2025 ἒξιν
915 1957 1296 2030 προνοητικῶς
1349 1958 1584 2012 ἐνθεῖναι
1643 1957 1960 2028 δεδύνηται·

375 2055 498 2108 τότε
535 2054 632 2106 καὶ
658 2052 842 2118 αὐτὸς,
877 2051 952 2114 ῶς
1004 2051 1047 2103 δ’
1103 2051 1168 2104 ἂν
1218 2049 1315 2119 ἔχη
1365 2049 1686 2118 σωματικῆς
1723 2048 1960 2117 ἡλικίας,

376 2145 798 2219 τριακοντούτης
823 2145 939 2198 ἐστὶ
974 2142 1051 2213 τῷ
1098 2141 1389 2211 πνεύματι,
1438 2140 1814 2210 συνεμφαίνων
1852 2138 1961 2191 τῶν

377 2237 592 2290 οἰκείων
616 2234 837 2304 ἀγαθῶν
857 2233 954 2304 τὴν
979 2234 1036 2286 ὲν
1067 2232 1250 2294 ἄλλοις
1284 2231 1591 2301 ἐνέργειαν.

2070 1867 2172 1922 Ubi
2208 1869 2358 1922 enim
2394 1868 2514 1923 sine
2551 1869 2781 1924 crimine
2815 1887 2878 1925 ac
2915 1873 3192 1941 inculpate
3225 1875 3375 1927 velut
3403 1884 3654 1928 naturam

2061 1956 2359 2026 quamdam
2391 1957 2692 2022 visibilem,
2720 1958 2952 2013 actionis
2988 1961 3140 2014 cultu
3177 1970 3519 2016 constantem
3549 1963 3658 2015 vir-

2062 2053 2245 2102 tutum
2296 2048 2565 2103 mundum
2614 2049 2962 2115 condiderit,
3004 2066 3154 2113 eam,
3194 2067 3316 2121 qua:
3363 2052 3504 2106 inest
3554 2052 3656 2123 ipsi

2062 2138 2280 2204 animae,
2303 2141 2456 2196 velut
2482 2142 2761 2211 quoddam
2791 2153 3009 2213 tempus
3035 2160 3102 2199 ex
3133 2145 3201 2198 iis
3227 2161 3350 2213 qua:
3379 2146 3656 2200 contraria

2063 2231 2356 2296 accidunt,
2393 2234 2685 2302 periodum
2727 2250 2838 2288 non
2881 2244 3125 2299 mutans;
3170 2251 3233 2289 ac
3275 2251 3373 2304 per
3407 2243 3657 2290 contem-

379 2331 673 2402 plationem
713 2346 904 2385 earum
947 2337 1135 2384 rerum
1175 2339 1298 2398 quae
1337 2336 1520 2382 mente
1565 2327 1951 2398 intelliguntur
1989 2326 2277 2382 scientiam
2343 2329 2611 2385 inoﬂ'ense
2638 2331 2964 2400 decerpens,
2999 2331 3258 2386 eumdem
3328 2331 3496 2386 etiam
3533 2331 3656 2386 aliis

380 2420 912 2492 babitum,provida
945 2419 1169 2474 illorum
1203 2429 1368 2484 cura,
1440 2418 1692 2489 ingerere
1757 2417 2022 2482 valuerit;
2068 2426 2200 2473 tunc
2240 2428 2296 2472 et
2335 2419 2452 2489 ipse
2494 2430 2697 2490 quotus
2741 2431 2982 2490 quantus
3029 2423 3101 2477 sit
3142 2424 3418 2492 corporali
3467 2430 3651 2477 astatev

380 2520 601 2590 triginta
651 2530 925 2570 annorum
977 2513 1176 2584 spiritu
1237 2513 1489 2580 exsistit,
1533 2529 1640 2583 qua
1695 2512 1959 2566 nimirum
2032 2527 2257 2566 suorum
2339 2513 2616 2570 bonorum
2659 2514 2772 2570 vim
2815 2525 3112 2585 actumque
3167 2515 3223 2570 in
3275 2516 3402 2570 aliis
3450 2514 3657 2585 pariter

379 2610 644 2669 ostendit.

448 2707 525 2763 π’.
562 2710 578 2727 '
615 2707 672 2760 Ὁ
717 2707 839 2769 ταῖς
883 2705 1101 2776 ἡδοναῖς
1146 2701 1481 2773 παρειμένος
1530 2699 1624 2753 τοῦ
1681 2698 1956 2768 σώματος,

379 2799 502 2854 οὗτε
537 2799 676 2871 πρὸς
717 2798 916 2870 ἀρετήν
959 2799 1108 2850 ἐστιν
1147 2795 1390 2866 ἐνεργὸς,
1428 2791 1556 2847 οὔτε
1586 2792 1724 2862 πρὸς
1756 2791 1960 2857 γνῶσιν

381 2890 688 2960 εὐκίνητος.
748 2889 912 2942 Ὅθεν
959 2888 1079 2940 οὐδὲ
1122 2886 1407 2958 ἄνθρωπον
1464 2883 1608 2954 ἔχει·
1657 2882 1956 2946 τουτέστιν,

2133 2697 2220 2754 80.
2265 2698 2368 2765 Qui
2422 2702 2672 2771 corporis
2719 2702 3101 2771 voluptatibus
3157 2719 3221 2758 ac
3271 2703 3503 2757 libidine
3553 2717 3655 2757 ceu

2060 2795 2294 2866 paralysi
2325 2796 2626 2851 dissolutus
2656 2805 2739 2851 est
2761 2797 2826 2862 δι,
2855 2798 2901 2851 is
2930 2813 3108 2867 neque
3139 2797 3207 2851 ad
3237 2798 3500 2853 virtutem
3535 2798 3654 2854 etii--

2065 2899 2188 2949 cax,
2217 2903 2396 2957 neque
2426 2887 2492 2941 ad
2523 2887 2810 2942 scientiam
2846 2904 2907 2943 ac
2936 2889 3456 2958 contemplationem
3488 2904 3657 2958 expe-

380 2982 626 3050 ξμφρονα
658 2978 916 3050 λογισμόν
935 2995 950 3009 ·
984 2977 1072 3032 ἵνα
1098 2977 1225 3030 ὅταν
1252 2975 1498 3047 ταραχθῇ
1523 2975 1585 3027 τὸ
1627 2973 1788 3042 ὕδωρ,
1823 2973 1960 3044 βάλῃ

2063 2973 2213 3028 ditus
2250 2976 2533 3046 probeque
2572 2976 2792 3032 mobilis
2827 2989 2931 3032 est.
2965 2977 3122 3032 Unde
3160 2993 3339 3047 neque
3378 2978 3656 3033 hominem

380 3073 542 3128 αὑτὸν
591 3074 670 3134 εἰς
713 3070 814 3141 τὴν
871 3068 1287 3142 κολυμϐήθραν·
1356 3067 1659 3131 τουτέστιν,
1721 3067 1803 3129 εἰς
1857 3065 1957 3135 τὴν

381 3164 634 3234 δεκτικὴν
679 3167 778 3234 τῆς
829 3162 1087 3231 γνώσεως
1138 3161 1361 3233 ἀρετὴν,
1434 3160 1532 3232 τὴν
1606 3159 1960 3230 ἰατρεύουσαν

381 3254 560 3311 πᾶσαν
590 3257 763 3320 νόσον,
807 3257 856 3309 εἰ
900 3257 973 3326 μή
1003 3273 1104 3309 που
1134 3255 1222 3309 διὰ
1263 3253 1537 3326 ρᾳθυμίαν
1569 3255 1598 3307 ὀ
1627 3254 1801 3307 νοσῶν
1827 3255 1960 3307 ἀνα-

381 3349 729 3419 ϐαλλόμενος,
759 3349 851 3402 ὑπ’
877 3348 1035 3403 ᾶλλου
1061 3346 1348 3420 προληφθῇ
1375 3345 1469 3400 τοῦ
1490 3344 1792 3408 κωλύοντος
1814 3342 1962 3414 αὐτῷ

383 3441 791 3512 παραγενέσθαι
818 3440 916 3511 τὴν
946 3441 1111 3494 ίασιν.
1142 3441 1233 3493 Διὸ
1261 3440 1355 3492 καί
1380 3440 1672 3510 τριάκοντα
1697 3439 1791 3492 καί
1815 3438 1962 3491 ὀκτὼ

383 3535 476 3606 ἐτη
507 3539 572 3605 τῇ
598 3533 738 3603 νόσῳ
773 3533 1289 3601 συγκατακλίνεται.
1331 3531 1390 3584 '0
1417 3531 1526 3601 γάρ
1548 3531 1622 3602 μὴ
1645 3531 1781 3602 πρὸς
1801 3530 1961 3595 δόξαν

383 3625 515 3680 Θεοῦ
567 3625 666 3697 τὴν
715 3624 916 3697 ὀρατὴν
971 3623 1243 3694 θεώμενος
1288 3623 1487 3685 κτίσιν,
1540 3624 1633 3675 καὶ⁸
1680 3622 1816 3690 πρὸς
1852 3621 1961 3692 ιτὴν

383 3718 580 3788 νοητὴν
643 3715 806 3786 φύσιν
861 3712 1104 3778 εὐσεϐῶς
1161 3714 1508 3777 ἀναόιϐάζων
1571 3713 1669 3784 τὴν
1727 3713 1960 3773 ἔννοιαν,

383 3810 607 3872 εἰκότως
661 3807 833 3862 νοσῶν
890 3806 1134 3877 διαμένει
1184 3805 1277 3859 τὸν
1333 3804 1622 3877 εἰρημένον
1663 3804 1770 3856 τῶν
1824 3803 1960 3856 ἐτῶν

384 3899 636 3970 ἀριθμόν.
694 3899 752 3950 '0
781 3896 890 3966 γὰρ
925 3895 1218 3967 τριάκοντα
1255 3895 1502 3964 φυσικῶς
1549 3893 1960 3962 λαμϐανόμενος

383 3989 638 4062 ἀριθμὸς,
669 3985 766 4058 τὴν
798 3983 1063 4056 αἰσθητὴν
1105 3985 1360 4055 σημαίνει
1397 3982 1595 4052 φύσιν·
1639 3982 1829 4053 ὥσπερ
1867 3983 1962 4035 καὶ

383 4077 702 4152 πρακτικῶς
729 4075 1122 4146 σκοπούμενος,
1165 4075 1264 4145 τὴν
1287 4071 1599 4144 πρακτικὴν
1625 4073 1849 4143 ἀρετήν.
1902 4072 1961 4124 '0.

381 4173 438 4225 δὲ
493 4169 635 4224 ὀκτὼ
687 4167 931 4238 φυσικῶς
987 4165 1444 4237 κατανοοῦμενος,
1489 4165 1588 4236 τὴν
1627 4165 1823 4236 νοητὴν
1849 4164 1958 4218 τῶν

383 4263 688 4334 ἀσωμάτων
711 4261 1014 4331 παραδηλοῖ
1040 4259 1201 4329 φύσιν
1222 4273 1236 4288 ⁶
1287 4257 1477 4329 ὥσπερ
1516 4259 1611 4312 καὶ
1640 4258 1957 4327 γνωστικῶς

2065 3067 2232 3122 habet
2266 3068 2456 3139 (animi
2492 3069 2706 3124 scilicet
2736 3070 3069 3140 prudentem
3104 3071 3374 3124 rationem
3409 3087 3474 3125 ac
3507 3069 3658 3141 cogi-

2066 3160 2287 3232 tatum),
2310 3173 2370 3216 ut
2393 3178 2516 3217 cum
2545 3164 2762 3219 turbata
2784 3165 2954 3220 fuerit
2975 3181 3138 3235 aqua,
3160 3180 3288 3219 eum
3311 3164 3363 3218 in
3389 3164 3658 3234 piscinam

2062 3255 2270 3320 mittat;
2317 3255 2580 3311 virtutem
2627 3257 2890 3312 nimirum
2928 3257 3174 3313 scientiae
3213 3273 3504 3328 capacem,
3536 3274 3658 3328 qua:

2062 3359 2280 3400 omnem
2309 3347 2562 3402 morbum
2591 3356 2777 3413 sanet;
2807 3349 2914 3404 nisi
2939 3347 3103 3413 forte,
3129 3365 3237 3418 qua
3258 3348 3490 3420 segnitie
3514 3364 3660 3419 aeger

2063 3436 2299 3498 laborat,
2330 3437 2754 3493 cunctabundus
2782 3454 3076 3509 morasque
3111 3439 3358 3503 trahens,
3389 3438 3648 3508 occupari

2064 3551 2122 3590 se
2148 3534 2217 3588 ab
2247 3535 2356 3588 alio
2387 3535 2554 3600 sinat,
2582 3535 2913 3604 prohibente
2946 3551 3016 3590 ne
3050 3537 3166 3604 ipse
3195 3549 3424 3604 compos
3450 3533 3658 3588 sanita-

2064 3626 2135 3680 tis
2163 3625 2273 3679 tiat.
2298 3626 2470 3695 quue
2495 3627 2664 3680 etiam
2697 3642 2876 3680 causae
2902 3635 3007 3691 est,
3031 3641 3132 3680 cur
3156 3637 3212 3680 et
3236 3641 3410 3679 annos
3435 3625 3659 3695 triginta

2063 3723 2189 3772 octo
2240 3725 2482 3788 aegrotus
2537 3717 2854 3772 decumbat.
2907 3717 3012 3783 Qui
3067 3717 3216 3771 enim
3267 3732 3379 3770 non
3438 3717 3505 3770 ad
3560 3717 3659 3771 Dei

2063 3808 2292 3877 gloriam
2314 3849 2328 3872 ,
2356 3818 2666 3864 creaturam
2700 3808 2876 3863 oculis
2911 3807 3213 3878 subiectam
3247 3805 3426 3868 videt,
3455 3820 3557 3859 nec
3589 3805 3658 3860 ad

2066 3913 2255 3952 rerum
2286 3914 2410 3967 qua:
2442 3909 2627 3954 mente
2660 3899 3047 3968 intelliguntur
3077 3904 3330 3949 naturam
3361 3893 3450 3963 pie
3480 3893 3657 3962 perci-

2063 3990 2318 4060 piendam
2354 3991 2541 4045 animo
2575 3989 2836 4061 assurgit,
2870 3990 2916 4044 is
2953 3988 3174 4051 merito,
3204 4002 3368 4057 quem
3407 3985 3656 4040 dicebam

2063 4092 2338 4133 annorum
2401 4095 2730 4145 numerum,
2785 4096 2930 4150 aeger
2985 4077 3253 4148 persistit.
3303 4075 3660 4130 Tricenarins

2063 4170 2212 4226 enim
2241 4187 2507 4228 numerus
2537 4173 2868 4227 naturaliter
2897 4180 3177 4242 acceptus,
3204 4179 3456 4224 naturam
3488 4167 3657 4237 signi-

2066 4261 2230 4326 licat,
2280 4277 2402 4332 quae
2461 4263 2515 4316 in
2567 4277 2790 4317 sensum
2841 4261 3021 4329 cadit;
3077 4261 3157 4315 uti
3203 4260 3368 4316 etiam
3415 4258 3658 4329 practice

385 4355 775 4426 θεωρούμενος,
817 4353 916 4423 τήν
969 4353 1245 4421 πάνσοφον
1300 4351 1614 4420 θεολογίαν·
1679 4345 1769 4414 αἷς
1811 4353 1838 4405 ὁ
1887 4350 1963 4423 μὴ

2071 4354 2331 4427 (actiOnis
2378 4356 2593 4411 scilicet
2637 4355 2868 4427 ratione)
2916 4355 3327 4420 consideratus,
3363 4353 3655 4413 virtutem,

384 4447 702 4517 κινούμενος
752 4446 887 4516 πρὸς
933 4445 1086 4504 Θεὸν.
1138 4445 1372 4514 πάρετος
1425 4444 1596 4513 μένει,
1653 4443 1846 4515 μέχρις
1894 4443 1961 4498 ἂν

383 4538 551 4590 ἐλθὼν
601 4540 629 4590 ὁ
677 4537 871 4604 Λόγος,
919 4534 1105 4605 διδάξῃ
1158 4535 1324 4588 αὑτὸν
1369 4533 1462 4587 τὸν
1527 4533 1791 4606 σύντομον
1859 4533 1963 4605 τῆς

387 4633 580 4694 ίάσεως
604 4630 826 4700 τρόπον,
855 4629 1113 4697 φάσκων·
1148 4626 1441 4697 Ἐγειραι·
1478 4620 1628 4698 ἆρον
1657 4629 1764 4682 τὸν
1787 4628 1961 4696 κράϐ-

383 4726 564 4778 ΰατὸν
609 4738 749 4786 σου,
796 4722 892 4774 καὶ
935 4718 1277 4789 περιπάτει·
1310 4720 1662 4790 διαναστῆναι
1702 4720 1794 4773 τὸν
1834 4719 1959 4773 νοῦν

381 4815 480 4882 τῆς
501 4811 841 4882 κατεχούσης
873 4810 1204 4882 φιληδονίας,
1254 4811 1346 4863 καὶ
1381 4805 1511 4880 ἆραι
1538 4810 1602 4862 τὸ
1650 4809 1808 4879 σῶμα
1846 4812 1959 4873 τοῖς

381 4905 555 4976 ῶμοίς
609 4905 722 4958 τῶν
775 4903 1008 4973 ἀρετῶν,
1052 4903 1148 4957 καὶ
1192 4902 1446 4957 ἀπελθεῖν
1499 4903 1580 4965 είς
1623 4901 1715 4954 τὸν
1771 4899 1957 4956 οἶκον·

381 4998 582 5068 δηλαδὴ
613 4996 704 5050 τὸν
731 4996 979 5067 ούρανδν,
1013 4995 1454 5065 ἐγκελευόμενος.
1493 4993 1674 5048 Καλὸν
1701 4994 1812 5066 γὰρ
1857 4995 1963 5048 ὑπὸ

455 5156 500 5192 ⁸⁸
517 5162 676 5217 Joan.
700 5177 755 5224 v,
777 5157 810 5213 5
836 5171 992 5226 seqq.

457 5307 472 5324 ⁶
502 5303 670 5373 Marg.
695 5301 785 5356 Fr.
830 5300 924 5361 Εἰς
943 5296 1033 5373 τρν
1065 5293 1434 5373 παραλυτικόν
1455 5308 1470 5324 ·
1520 5293 1616 5346 καί⁵
1645 5293 1792 5373 ὅπως
1824 5293 1964 5362 μᾶλ-

381 5376 472 5428 λον
505 5363 667 5445 ἡμεῖς
698 5374 891 5445 ξσμεν,
937 5368 987 5419 οἱ
1023 5363 1490 5445 τοσούτοιςέτεσι
1539 5363 1960 5445 κατακείμενοι*

382 5445 461 5516 ὡς
493 5433 626 5515 μηδὲ
653 5433 988 5511 ίτδντρόπον
1014 5439 1114 5506 τῆς
1152 5433 1396 5505 ἰατρείας
1433 5433 1734 5504 δεχόμενοι.
1766 5433 1830 5487 1η
1869 5452 1970 5504 ραι·

455 5579 529 5651 (ο)
569 5579 739 5648 Ὑπὲρ
795 5577 924 5651 γᾴρ.
973 5575 1218 5651 Insinuat
1262 5575 1574 5651 Graecorum
1609 5588 1957 5651 communem

383 5644 714 5708 sententiam
749 5644 1081 5704 eisistentia:
1141 5647 1460 5716 angelorum
1505 5655 1632 5699 ante
1677 5644 1956 5716 fmgundnm

384 5735 711 5794 corporeum
741 5738 752 5773 :
783 5719 896 5774 haec
920 5718 1066 5774 enim
1095 5713 1366 5788 βιοτὴ-ἱρή
1395 5716 1606 5785 γένεσις
1632 5714 1827 5769 αὐτῶν.
1869 5713 1962 5776 Sic

2067 4463 2189 4516 quae
2234 4447 2468 4502 actionis
2509 4449 2660 4502 cultu
2706 4448 2980 4503 consistit.
3013 4445 3340 4502 Octonarius
3380 4452 3563 4500 autem
3601 4450 3659 4498 et

2064 4539 2183 4608 ipse
2218 4539 2550 4592 naturaliter
2581 4538 2924 4602 intellectus,
2957 4536 3288 4607 spirituum,
3319 4550 3440 4604 quae
3473 4542 3657 4588 mente

2065 4630 2423 4701 intelligitur,
2466 4630 2696 4686 denotat
2749 4638 3046 4696 naturam;
3103 4627 3181 4684 uti
3233 4635 3290 4682 et
3341 4624 3658 4693 γνωστικῶς

2065 4721 2298 4792 (altiore
2346 4721 2558 4777 scilicet
2601 4737 2666 4776 ac
2716 4719 2950 4790 sapienti
3001 4717 3201 4788 sensu)
3246 4714 3653 4779 consideratus,

2066 4814 2218 4868 omni
2267 4812 2534 4882 repletam
2581 4814 2854 4884 sapientia
2898 4811 3212 4866 divinorum
3257 4807 3544 4862 scientiam
3592 4821 3658 4860 ac

2071 4904 2426 4974 theologiam.
2460 4903 2702 4970 Quibus,
2733 4901 2985 4972 quisquis
3019 4900 3085 4954 ad
3119 4900 3290 4954 Deum
3328 4913 3437 4952 non
3473 4910 3645 4950 move-

2070 5004 2184 5061 tur,
2215 4995 2383 5068 479
2416 4996 2747 5067 paralyticus
2783 5002 2966 5050 manet
2999 4990 3373 5060 membrisque
3410 4988 3655 5043 dissolu-

2073 5292 2398 5364 ralyticum;
2434 5306 2642 5364 nosque
2679 5289 3025 5364 potius_esse,
3071 5288 3162 5364 qui
3197 5294 3272 5339 tot
3317 5286 3472 5340 annis
3499 5284 3660 5356 jacet:

2074 5358 2221 5430 mu};
2248 5372 2305 5416 ut
2330 5379 2422 5416 nec
2460 5358 2729 5416 medicina:
2761 5359 2969 5412 modum
3001 5358 3334 5428 recipiamus.

2065 5572 2317 5642 superior
2350 5570 2612 5642 temporis
2642 5586 2921 5639 mensura,
2957 5585 3051 5626 seu
3103 5566 3228 5623 vita:
3265 5568 3355 5622 illa
3395 5561 3656 5646 periodo,~

2065 5660 2186 5714 qua:
2212 5654 2458 5715 tempore
2484 5649 2859 5698 mensuratur.
