4128 6210
388 295 519 361 i117

1213 297 1548 358 CAPITUM
1585 299 1868 359 THEUL.
1908 297 2002 358 ET
2037 299 2273 360 (ECON.
2311 300 2698 364 CENTURIA
2736 307 2783 369 Ι.

3506 306 3642 369 1118

383 421 574 483 μόνον’
616 408 710 463 καὶ
756 407 918 474 αὐτὸς
963 407 1108 462 κατὰ
1133 407 1232 479 τὴν
1264 408 1450 480 νόησιν
1492 409 1670 475 οὐσία,
1711 409 1806 463 καὶ
1843 409 1964 473 ὅλος

2066 425 2251 466 comes
2283 411 2647 484 intelligatur,
2684 432 2752 471 ne
2794 417 3133 490 compositus
3179 421 3288 488 sit;
3332 419 3448 475 sive
3492 420 3656 474 inuel-

379 501 539 556 οὐσία
600 503 694 555 καὶ
741 501 936 572 μόνον’
979 501 1072 555 καὶ
1095 501 1236 573 ὑπὲρ
1290 502 1478 555 οὐσίαν
1533 502 1674 566 ὅλος,
1709 505 1800 556 καὶ
1825 503 1964 574 ὑπὲρ

377 594 568 666 νόησιν
591 594 733 659 ὃλος,
763 595 899 648 διότι
927 595 1022 648 καὶ
1052 595 1220 666 μονὰς
1257 595 1564 666 ἀδιαίρετος
1616 597 1711 648 καὶ
1751 597 1966 666 ἀμερὴς

381 687 478 740 καὶ
508 688 676 758 ἁπλῆ.
713 689 772 741 Ὀ
820 689 999 742 τοίνυν
1033 688 1158 742 καθ’
1188 689 1370 742 ὁτιοῦν
1397 689 1584 757 νόησιν
1617 687 1780 757 ἔχων,
1813 687 1966 742 οὔπω

381 780 485 848 τῆς
518 780 709 844 δυάδος
741 781 963 852 ἐξῆλθεν
990 797 1003 812 ’
1032 782 1060 834 ό
1085 781 1143 834 δὲ
1168 781 1370 851 ταύτην
1396 780 1628 850 πάμπαν
1660 780 1962 846 ἀπολιπὼν,

383 872 574 941 γέγονε
635 873 816 937 ποσῶς
850 875 908 927 ἐν
949 877 1014 944 τῇ
1066 874 1277 945 μονάδι,
1329 873 1422 946 τὴν
1471 872 1568 927 τοῦ
1604 875 1746 927 νοεῖν
1789 873 1962 944 ὑπερ-

382 968 582 1036 οχικὼς
615 965 954 1037 ἀποθέμενος
981 966 1234 1037 δύναμιν.

2070 514 2387 580 lectionem,
2426 533 2537 571 non
2584 518 2750 573 habet
2802 531 2998 576 natura
3042 522 3345 593 subjectam
3391 521 3652 577 substan-

2075 606 2227 670 tiam,
2257 624 2378 676 qua:
2404 608 2476 663 sit
2503 625 2673 679 capax
2697 611 3094 668 intellectionis
3125 629 3358 683 eamque
3391 613 3650 683 recipiat:

2063 695 2159 750 sed
2185 697 2329 752 Deus
2357 697 2475 767 ipse
2515 715 2615 769 per
2651 702 2948 760 essentiam
2988 702 3293 757 intellectio
3329 711 3444 768 est;
3473 711 3648 758 totus-

2062 803 2190 858 que.
2210 804 2274 841 οι,
2305 791 2484 844 solum
2509 791 2846 859 intellectio;
2874 795 3102 864 ipseque
3121 811 3228 864 qua
3253 794 3465 848 ratione
3488 794 3654 865 480

2063 874 2366 931 intellectio
2402 886 2506 939 est,
2544 879 2851 934 substantia
2891 897 2986 935 seu
3033 891 3258 945 natura;
3289 890 3570 950 totusque,
3597 889 3653 935 et

2060 968 2238 1021 solum
2279 971 2620 1036 substantia;
2659 979 2916 1042 totusque
2972 974 3336 1028 substantiam
3378 974 3652 1028 excedens

380 1072 478 1112 seu
502 1058 796 1114 essentiam
832 1067 888 1112 et
918 1066 1194 1122 naturam,
1265 1073 1330 1113 ac
1369 1066 1518 1113 totus
1578 1057 1852 1114 excedens
1913 1056 2214 1127 cogitatum
2257 1073 2320 1112 ac
2362 1058 2818 1125 intellectionem,
2852 1063 3056 1132 quippe
3099 1079 3220 1132 qua:
3282 1064 3468 1119 unitas
3510 1063 3654 1119 indi-

381 1152 497 1206 visa
524 1150 811 1220 nullasque
841 1149 1137 1205 admittens
1164 1159 1347 1220 partes
1376 1166 1442 1204 ac
1491 1149 1722 1218 simplex
1770 1146 2006 1202 exsistit.
2047 1146 2307 1216 Quisquis
2344 1147 2510 1218 igitur
2547 1150 2655 1204 ulla
2691 1152 2903 1206 ratione
2947 1152 3378 1207 intellectionem
3420 1169 3516 1207 seu
3557 1170 3652 1209 co-

380 1245 608 1313 gitatum
635 1242 823 1306 habet,
858 1242 1101 1296 nondum
1137 1242 1354 1296 binario
1385 1241 1619 1296 excessit
1681 1255 1775 1294 seu
1817 1239 2083 1294 dualitate
2126 1255 2139 1291 :

2220 1240 2312 1309 qui
2368 1251 2551 1294 autem
2609 1242 2759 1296 hunc
2821 1260 3050 1313 prorsus
3127 1243 3423 1309 abdicavit,
3472 1253 3530 1299 ut
3593 1244 3651 1300 in

380 1336 592 1390 unitate
620 1341 872 1389 versetur
901 1332 1165 1402 tantisper
1191 1340 1388 1387 nactus
1403 1342 1508 1395 est,
1536 1333 1631 1401 qui
1655 1331 1958 1386 secundum
1998 1331 2336 1386 excellentiae
2361 1333 2631 1388 rationem
2669 1336 3012 1407 intelligendi
3045 1337 3154 1392 vim
3184 1341 3507 1395 excusserit.

451 1431 564 1491 πγ’.
611 1423 699 1475 Ἐν
736 1423 833 1492 μὲν
875 1423 988 1484 τοῖς
1027 1421 1266 1485 πολλοῖς,
1299 1422 1556 1492 ἑτερότης
1588 1421 1684 1474 καὶ
1713 1421 1964 1490 ἀνομοιό-

381 1534 479 1586 της
504 1518 621 1569 ἐστὶ
647 1515 741 1569 καὶ
756 1514 1014 1585 διαφορά’
1044 1517 1102 1567 ὲν
1133 1514 1189 1566 δὲ
1223 1513 1300 1584 τῷ
1325 1514 1464 1584 Θεῷ,
1500 1515 1704 1585 κυρίως
1749 1514 1830 1566 ἐνὶ
1857 1514 1953 1566 καὶ

2130 1421 2217 1474 85.
2277 1422 2333 1477 In
2384 1425 2606 1489 multis,
2664 1425 2960 1482 diversitas
3012 1440 3096 1483 est
3144 1436 3199 1482 et
3255 1429 3652 1485 dissimilitudo

2057 1518 2223 1579 atque
2263 1510 2596 1580 discrimen;
2633 1513 2687 1567 in
2725 1515 2837 1569 Deo
2875 1524 3058 1570 autem
3080 1517 3172 1584 qui
3208 1533 3338 1571 vere
3376 1535 3518 1573 unus
3557 1533 3649 1573 so-

385 1605 534 1682 μόνῳ
577 1610 924 1678 τυγχάνοντι,
976 1607 1244 1677 ταυτότης
1275 1607 1372 1660 καὶ
1413 1607 1652 1678 ἁπλότης
1701 1606 1860 1676 μόνον
1893 1606 1961 1673 (ε)

2062 1601 2252 1670 [usque
2282 1603 2530 1668 exsistat,
2566 1604 2830 1660 identitas
2859 1615 2914 1660 et
2942 1607 3268 1676 simplicitas
3303 1609 3650 1664 solummodo
3676 1682 3678 1684 ν

381 1701 519 1768 ἐστὶ,
555 1701 644 1755 καὶ
673 1699 948 1776 ὁμοιότης.
986 1700 1099 1752 Οὐκ
1131 1699 1372 1768 ἀσφαλὲς
1401 1696 1494 1752 οὖν
1527 1701 1652 1770 πρὶν
1675 1699 1778 1764 ἔξω
1809 1699 1962 1766 γενὲο

2058 1707 2123 1747 ac
2148 1693 2476 1749 similitudo.
2509 1695 2663 1749 Haud
2693 1697 2859 1766 igitur
2895 1707 3072 1752 tutum
3104 1707 3202 1752 aut
3241 1703 3376 1755 satis
3402 1712 3646 1768 cautum,

383 1790 506 1844 σθαι
534 1789 644 1842 τῶν
673 1769 905 1854 πολλῶν,
953 1787 1268 1842 ἐπιϐάλλειν
1306 1791 1428 1851 ταῖς
1457 1769 1590 1858 περὶ
1637 1787 1774 1840 Θεοῦ
1819 1787 1960 1842 θεω-

2063 1793 2126 1839 ut
2163 1789 2752 1858 contemplationibus,
2797 1808 2921 1860 qum
2961 1793 3030 1847 de
3074 1793 3186 1847 Deo
3231 1803 3379 1860 sunt,
3424 1795 3652 1866 adjicias

383 1883 561 1954 ρίαις·
609 1882 702 1934 καὶ
729 1880 882 1950 δηλοῖ
931 1881 1092 1933 τοῦτο
1146 1881 1414 1952 Μωῦσῆς,
1451 1880 1556 1945 ἔξω
1609 1883 1709 1951 τῆς
1743 1897 1962 1950 παρεμ-

381 1973 546 2042 ϐολῆς
578 1971 928 2043 πηγνύμενος
956 1972 1057 2042 τὴν
1086 1973 1293 2042 σκηνὴν
1315 1973 1411 2041 τῆς
1431 1973 1695 2040 διανοίας,
1722 1972 1815 2026 καὶ
1837 1971 1959 2025 τότε

385 2060 730 2132 προσομιλῶν
766 2059 845 2130 τῷ
888 2060 1027 2131 Θεῷ.
1065 2061 1139 2113 Τὸ
1166 2061 1274 2132 γὰρ
1317 2061 1456 2130 μετά
1486 2061 1645 2130 λόγου
1691 2061 1785 2115 τοῦ
1817 2061 1961 2115 κατὰ

381 2153 664 2224 προφορὰν
702 2153 999 2224 πειρᾶσθαι
1038 2153 1205 2221 φάναι
1238 2153 1328 2206 τὸν
1355 2153 1616 2225 ἄρρητον,
1679 2154 1960 2208 ἐπικίνδυ-

379 2263 500 2299 νον·
551 2249 633 2300 ὅτι
671 2245 823 2310 δυάς,
869 2247 966 2302 καὶ
1010 2245 1176 2298 πλέον
1225 2247 1372 2299 ἐστὶν
1421 2247 1448 2298 ό
1481 2247 1626 2301 κατὰ
1674 2249 1960 2316 προφορὰν

377 2339 555 2407 λόγος.
597 2338 755 2392 Τὸδὲ
783 2337 912 2391 ἄνευ
965 2338 1149 2407 φωνῆς
1185 2338 1323 2412 μόνῃ
1354 2341 1420 2408 τῇ
1451 2337 1596 2410 ψυχῇ
1631 2339 1693 2391 τὸ
1715 2337 1774 2392 ὃν
1821 2339 1960 2392 θεωο-

381 2432 513 2501 ρεῐν,
549 2430 925 2500 ἰσχυρότατον·
960 2429 1042 2482 ὅτι
1073 2428 1214 2483 κατὰ
1269 2429 1368 2500 τὴν
1403 2430 1711 2501 ἀδιαίρετον
1741 2430 1959 2484 ἵσταται

383 2523 588 2594 μονάδα
610 2563 624 2588 ,
650 2525 742 2576 καὶ
772 2523 872 2576 οὐκ
902 2523 959 2576 ὲν
987 2525 1098 2586 τοῖς
1137 2523 1376 2586 πολλοῖς.
1412 2523 1472 2575 '0
1505 2522 1611 2594 γὰρ
1644 2524 1956 2594 ἀρχιερεὺς,

385 2615 534 2681 ἅπαξ
558 2614 650 2668 τοῦ
677 2613 925 2668 ἐνιαυτοῦ
960 2616 1038 2678 είς
1075 2615 1133 2668 τὰ
1159 2616 1328 2684 Ἅγια
1358 2615 1468 2668 τῶν
1500 2615 1672 2684 ἁγίων
1702 2615 1835 2668 είσω
1861 2613 1958 2669 τοῦ

379 2709 878 2778 καταπετάσματος
949 2707 1179 2760 είσιὲναι
1232 2707 1386 2778 μόλις
1458 2708 1956 2778 προστεταγμὲνος,

377 2802 618 2855 διδάσκει
673 2801 830 2871 μόνον
877 2801 991 2854 δεῖν
1040 2801 1270 2864 ἐκεῖνον,
1302 2800 1392 2852 τὸν
1421 2800 1522 2869 τὴν
1564 2799 1734 2871 αὐλὴν
1769 2799 1960 2853 καὶτὰ

379 2892 508 2961 άγια
531 2892 814 2954 διαϐάντα,
847 2892 942 2946 καὶ
971 2893 1053 2955 είς
1087 2891 1155 2944 τά
1182 2891 1350 2960 ’Ἅγια
1373 2892 1483 2945 τῶν
1506 2892 1678 2957 ἁγίων
1708 2893 1839 2946 εἴσω
1864 2911 1957 2961 γε-

378 2985 630 3054 νόμενον·
657 2984 926 3048 τουτέστι,
956 2982 1054 3054 τὴν
1088 2982 1307 3037 ἃπασαν
1333 2983 1441 3036 τῶν
1479 2983 1754 3054 αἰσθητῶν
1778 3002 1837 3038 τε
1864 2985 1959 3038 καὶ

378 3076 584 3148 νοητῶν
614 3076 950 3147 παρελθόντα
972 3078 1154 3146 φύσιν,
1191 3076 1287 3170 καλ
1311 3075 1494 3170 πάσης
1517 3076 1617 3146 τῆς
1641 3076 1785 3130 κατὰ
1807 3078 1959 3146 γὲνε-
1987 3113 2030 3170 c

380 3182 465 3220 σιν
519 3165 778 3236 ἰδιότητος
821 3166 1114 3237 γενόμενον
1182 3163 1498 3237 καθαρὸν⁹,
1561 3165 1808 3236 ἁνείμονι
1865 3167 1961 3220 καὶ

378 3262 557 3330 γυμνῇ
581 3263 648 3330 τῇ
682 3259 888 3331 διανοίᾳ
929 3257 1304 3329 προσϐάλλειν·
1323 3257 1446 3320 ταῖς
1503 3257 1634 3329 περὶ
1663 3258 1801 3312 Θεοῦ
1825 3276 1964 3328 φαν-

379 3350 612 3414 τασίαις.

450 3616 554 3670 πδ¹.
584 3614 828 3684 Μωῦσῆς
850 3616 877 3668 ὁ
909 3613 1102 3683 μέγας,
1129 3613 1236 3680 ἔξω
1271 3613 1372 3682 τῆς
1402 3613 1756 3684 παρεμϐολῆς
1781 3612 1956 3683 πηξά-

382 3725 539 3778 μενος
563 3707 752 3760 ὲαυτοῦ
791 3707 890 3777 τὴν
917 3707 1120 3776 σκηνήν
1137 3721 1152 3738 ο
1181 3705 1450 3771 τουτέστι,
1495 3706 1594 3774 τὴν
1621 3705 1960 3776 γνώμηνκαὶ

377 3801 476 3870 τὴν
512 3799 750 3853 διάνοιαν
792 3797 1145 3869 ἱδρυσάμενος
1174 3795 1279 3861 ἔξω
1313 3795 1420 3849 τῶν
1457 3796 1768 3866 ὁρωμένων,
1798 3811 1966 3866 προσ-

381 3892 566 3945 κυνεῖν
590 3891 683 3943 τὺν
713 3890 848 3944 Θεὸν
883 3891 1148 3961 ἄρχεται·
1181 3891 1276 3944 καὶ
1311 3890 1391 3950 είς
1434 3888 1525 3940 τὸν
1565 3888 1762 3955 γνόφον
1789 3887 1955 3940 εἰσελ-

381 3981 512 4044 θὼν,
546 3981 639 4034 τὸν
667 3982 825 4051 ἀειδῆ
849 3983 945 4036 καὶ
960 3981 1122 4036 ἄῦλον
1149 3980 1249 4049 τῆς
1272 3978 1525 4048 γνώσεως
1545 3979 1710 4032 τόπον
1741 3979 1827 4051 (ι),
1851 3981 1968 4034 ἐκεῖ

383 4071 536 4142 μένει
569 4070 668 4135 τὰς
685 4072 986 4143 ίερωτάτας
1014 4069 1339 4140 τελούμενος
1367 4068 1610 4132 τελετάς.

2064 1874 2329 1943 animum,
2387 1879 2713 1949 priusquam
2765 1895 2796 1934 e
2854 1882 3044 1936 multis
3098 1884 3426 1938 excesseris.
3481 1885 3652 1955 quue

2062 1966 2276 2037 Moyses
2318 1969 2567 2026 declarat
2611 1971 2678 2037 ⁸⁸,
2729 1988 2852 2027 cum
2893 1985 3046 2028 extra
3087 1986 3269 2031 castra
3311 1976 3418 2031 ﬁxo
3453 1977 3653 2033 mentis

2065 2056 2440 2124 tabernaculo,
2477 2069 2666 2130 postea
2701 2077 2825 2115 cum
2864 2062 2976 2117 Deo
3016 2065 3069 2117 in
3119 2067 3454 2139 colloquium
3479 2067 3649 2122 venit.

2059 2145 2180 2199 Non
2206 2147 2351 2200 enim
2383 2157 2538 2202 vacat
2567 2149 2838 2219 periculo,
2877 2167 2944 2206 co
2975 2155 3249 2208 sermonis
3280 2170 3480 2225 genere
3504 2156 3652 2225 quod

2060 2253 2157 2292 ore
2190 2239 2494 2308 profertur,
2542 2256 2670 2294 eum
2717 2249 2930 2298 tentare
2975 2244 3076 2297 fari
3117 2254 3284 2314 atque
3317 2245 3526 2314 eloqui,
3555 2246 3652 2314 qui

2060 2329 2171 2383 vim
2230 2346 2450 2386 omnem
2512 2333 2788 2388 sermonis
2840 2336 3112 2391 excedit:
3175 2338 3323 2406 quod
3389 2337 3651 2391 nimirum

2059 2419 2333 2490 ejusmodi
2370 2438 2555 2477 sermo
2596 2423 2777 2478 dualis
2821 2425 2914 2489 sit,
2942 2433 2998 2480 et
3039 2427 3182 2496 quid
3208 2427 3488 2498 amplius:
3535 2428 3654 2482 solo

2061 2522 2243 2568 autem
2276 2514 2460 2568 animo
2491 2517 2700 2586 absque
2727 2533 2884 2582 voce,
2923 2536 3050 2574 eum
3075 2521 3168 2590 qui
3193 2529 3276 2574 est
3303 2519 3655 2577 considerare

2058 2619 2124 2659 ac
2149 2608 2535 2675 contemplari,
2565 2609 2617 2661 id
2643 2625 2778 2664 vero
2821 2610 3220 2665 validissimum
3260 2619 3375 2677 est;
3404 2613 3552 2681 quod
3572 2612 3656 2666 ni~

2060 2698 2262 2751 mirum
2312 2700 2366 2753 in
2403 2701 2639 2755 indivisa
2681 2703 2914 2767 unitate,
2961 2711 3018 2758 et
3065 2719 3172 2757 nou
3222 2703 3276 2757 in
3331 2703 3518 2757 multis
3562 2703 3653 2756 ille

2059 2785 2333 2840 consistit.
2368 2787 2617 2842 Pontifex
2659 2805 2918 2860 namque,
2960 2791 3055 2860 qui
3092 2791 3182 2844 vix
3209 2791 3377 2846 semel
3421 2791 3476 2844 in
3507 2806 3655 2845 anno

2061 2878 2204 2932 intra
2257 2881 2440 2934 velum
2487 2881 2541 2934 in
2585 2881 2784 2937 Sancta
2818 2892 3135 2937 sanctorum
3197 2883 3409 2953 ingredi
3456 2883 3652 2954 jubea-

2062 2975 2153 3023 tur
2175 2969 2240 3034 δτ,
2267 2970 2374 3025 hoc
2397 2971 2597 3037 docet;
2627 2988 2848 3042 nempe,
2896 2989 3021 3028 eum
3071 2973 3338 3028 duntaxat
3376 2974 3471 3044 qui
3510 2974 3654 3029 atria

2063 3069 2366 3130 sanctaque
2414 3065 2717 3132 superavit,
2759 3073 2924 3134 atque
2977 3065 3034 3118 in
3082 3064 3283 3119 Sancta
3337 3073 3652 3119 sanctorum

2064 3153 2374 3223 penetravit
2409 3153 2538 3225 (hoc
2570 3163 2675 3220 est,
2723 3156 2817 3225 qui
2861 3157 3108 3211 omnium
3146 3173 3350 3222 rerum,
3392 3165 3506 3210 tum
3531 3172 3654 3226 quae

2065 3257 2230 3298 sensu
2257 3244 2668 3314 percipiuntur,
2704 3253 2820 3300 tum
2861 3263 2983 3316 quae
3015 3256 3198 3303 mente
3243 3247 3650 3317 intelliguntur,

2063 3345 2322 3391 naturam
2356 3337 2660 3392 excesserit
2701 3346 2867 3407 atque
2893 3338 2963 3392 ab
3008 3339 3156 3393 omni
3196 3355 3372 3409 purus
3397 3347 3556 3392 ortus
3589 3351 3655 3392 ac

2064 3436 2275 3483 naturae
2303 3429 2644 3498 pr0prietate
2661 3430 2922 3501 evaserit)
2953 3431 3152 3486 investi
3181 3431 3438 3501 nudaque
3467 3439 3652 3486 mente

2064 3519 2287 3574 divinas
2315 3521 2560 3576 visiones
2591 3537 2655 3577 ac
2677 3523 3173 3592 contemplationes
3201 3522 3438 3593 assequi.

2139 3611 2230 3664 84.
2260 3611 2488 3681 Magnus
2530 3613 2622 3667 ille
2665 3613 2863 3678 Moses,
2895 3612 3001 3667 ﬁxo
3027 3622 3182 3668 extra
3221 3623 3402 3668 castra
3431 3629 3532 3668 suo
3565 3623 3653 3669 ta-

2065 3700 2366 3757 bernaculo
2416 3705 2624 3773 (mente
2675 3703 2890 3758 scilicet
2930 3714 3095 3774 atque
3139 3704 3324 3758 animo
3364 3713 3516 3759 extra
3564 3720 3655 3760 res

2065 3793 2244 3848 oculis
2282 3794 2562 3864 subjectas
2605 3795 2763 3848 ﬁrma
2803 3795 3040 3850 statione
3077 3795 3276 3867 locata)
3311 3795 3483 3849 Deum
3515 3794 3652 3850 ado-

2065 3900 2189 3940 rare
2233 3887 2434 3956 coepit;
2468 3887 2862 3958 ingressusque
2919 3889 2974 3942 in
3007 3888 3294 3958 caliginem
3334 3887 3652 3958 (obscurum

2065 3977 2283 4032 scilicet
2325 3977 2676 4048 invisumque
2719 3996 2784 4034 ac
2817 3981 3062 4035 materia:
3090 3987 3374 4049 expertem
3408 3978 3654 4034 scientia:

2065 4069 2272 4141 locum)
2303 4071 2674 4126 sacratissima
2705 4088 2973 4143 peragens
3017 4071 3279 4144 mysteria
3323 4071 3501 4141 iisque
3539 4070 3650 4124 ini-

2067 4160 2314 4228 tiandus,
2345 4161 2460 4216 illic
2490 4171 2740 4218 moratur
2767 4164 2833 4218 ⁵⁸.

451 4296 498 4327 ⁸⁸
520 4296 692 4353 Exod.
715 4309 899 4359 χχχιιι,
927 4295 978 4347 7.
1057 4291 1100 4325 "
1124 4291 1294 4347 Hebr.
1318 4309 1390 4360 ix,
1417 4295 1468 4348 7.
1544 4295 1589 4327 ⁵⁸
1611 4295 1785 4350 Exod.
1809 4311 1982 4350 xxxiii

2069 4297 2321 4363 ;xx,21.

457 4442 473 4462 ‘
499 4439 669 4508 Marg.
700 4437 790 4508 Fr.
826 4436 991 4508 "Optat.
1028 4437 1061 4506 ἡ
1093 4435 1234 4489 κατὰ
1250 4435 1744 4508 γένεσινίίδιότης.
1771 4437 1804 4505 ἡ
1850 4435 1958 4508 τῶν

383 4505 657 4578 αἰσθητῶν
698 4507 792 4578 acati.
822 4505 1196 4578 νοητῶνίὲστι
1240 4505 1434 4578 φύσις·
1467 4507 1629 4576 ἦτουν
1679 4507 1854 4561 πάντα
1893 4505 1966 4558 τὰ

385 4574 708 4649 μετῷΘεόν·
739 4576 881 4642 Vide,
910 4574 1066 4638 Ortus
1093 4577 1416 4647 praprietas,
1438 4574 1636 4631 natura
1663 4585 1736 4631 est
1763 4593 1966 4640 eorum,

453 4696 542 4768 (ε),
579 4697 871 4764 Ταυτότης
907 4695 1004 4749 καί
1051 4696 1323 4768 ἁπλότης
1367 4699 1592 4768 μόνον.
1633 4694 1808 4750 Etiam
1863 4696 1969 4750 hoc

381 4766 549 4822 Marci
584 4768 881 4837 νηπτικῶν,
929 4781 1048 4836 cap.
1095 4767 1147 4820 9.
1186 4767 1284 4821 Est
1327 4777 1382 4821 et
1419 4767 1508 4821 hic
1541 4766 1744 4837 hiatus,
1801 4782 1964 4835 quem

383 4855 487 4893 nec
533 4835 773 4891 advertit
819 4835 1011 4900 Picus;
1067 4837 1147 4890 sic
1205 4845 1410 4891 temere
1463 4835 1633 4904 rapit,
1683 4844 1966 4906 certatque

384 4908 615 4962 reddere
641 4906 908 4977 quidquid
937 4907 1275 4972 occurrerit;
1306 4907 1404 4977 vel
1435 4907 1479 4969 si
1511 4907 1723 4977 nullum
1757 4907 1968 4977 invenit

383 4994 627 5041 sensum,
671 4976 993 5046 nullumque
1048 4977 1163 5046 ipse
1198 4976 1411 5030 meliori
1453 4976 1770 5045 conjectura
1803 4976 1964 5030 resti-

387 5049 522 5113 tuit,
557 5047 653 5102 sed
703 5047 870 5102 verba
910 5045 1094 5100 solum
1145 5046 1345 5100 fundit.
1394 5045 1688 5100 Altissimm
1723 5047 1961 5116 mysticae

386 5118 669 5186 theologia:
693 5117 857 5171 Marci
878 5118 994 5171 haec
1009 5117 1216 5180 omnia,
1239 5117 1359 5186 ipsa
1371 5116 1724 5186 solidissima,
1753 5118 1960 5170 omnis-

383 5206 491 5259 que
549 5185 891 5259 lahisgpura;
931 5186 1128 5240 merito
1167 5185 1399 5258 proinde
1443 5185 1678 5240 Maximo
1722 5188 1838 5242 suis
1877 5186 1964 5241 his

384 5257 659 5330 capitibus
693 5257 918 5330 inserta.

457 5325 523 5399 it)
559 5329 670 5381 Τὸν
707 5325 881 5399 ἀειδῆ
921 5325 1018 5399 καὶ
1055 5325 1246 5399 diti/tor
1275 5326 1388 5396 τῆς
1433 5329 1708 5396 γνώσεως·
1754 5329 1960 5399 τόπον.

389 5398 484 5453 llic
503 5396 730 5466 quoque
779 5397 940 5468 Picus
984 5397 1038 5448 in
1074 5397 1288 5468 Marco,
1335 5399 1491 5468 cujus
1533 5409 1617 5453 est
1664 5396 1963 5468 νηπτικῷ),

385 5482 505 5539 cap.
543 5470 630 5531 10,
657 5468 793 5539 ἀηδῆ
821 5466 951 5539 legit
974 5475 1030 5521 et
1057 5467 1334 5539 decoquit,
1363 5466 1791 5539 iuamwnude
1816 5466 1964 5520 enim

384 5536 566 5608 ἀηδὲς,
609 5537 852 5603 στυγνὸν,
903 5537 1146 5609 λυπηρὸν
1191 5536 1424 5609 llesyeh.
1467 5540 1635 5602 triste,
1667 5537 1963 5609 molestum.

387 5607 495 5662 sed
525 5625 634 5663 non
676 5607 966 5675 ejusmodi,
1000 5607 1066 5661 ex
1099 5623 1210 5676 quo
1241 5607 1384 5662 Deus
1410 5609 1630 5663 videtur
1664 5607 1718 5660 in
1748 5613 1963 5660 secreto

387 5677 884 5748 contemplationis,
933 5677 1097 5748 inque
1149 5678 1293 5731 nube
1355 5688 1412 5732 et
1459 5679 1712 5745 caligine,
1759 5678 1958 5731 locus:

387 5761 534 5818 tum,
562 5747 698 5805 teste
727 5747 1028 5813 Bernardo,
1060 5747 1237 5803 Brevis
1265 5750 1417 5816 hora,
1449 5748 1574 5816 felix
1597 5749 1653 5803 in
1673 5763 1740 5803 eo
1766 5763 1915 5801 mora
1941 5764 1959 5801 .-

2068 4452 2186 4506 quw
2215 4451 2385 4506 sensu
2407 4436 2789 4506 percipiuntur,
2822 4442 2872 4486 et
2895 4449 3015 4505 quae
3036 4444 3216 4506 mente
3242 4434 3649 4505 intelliguntur;

2070 4504 2260 4562 cuncta
2292 4505 2489 4561 scilicet
2511 4504 2628 4576 qua:
2661 4524 2694 4560 a
2714 4505 2824 4560 Deo
2851 4504 3078 4559 secunda
3101 4512 3244 4558 sunt.

2069 4696 2186 4762 sed,
2206 4697 2400 4761 ἀειδὲς,
2418 4695 2620 4761 eidem,
2644 4696 2866 4763 ἀφανὲς,
2884 4696 3129 4764 ἄμορφον
3148 4711 3162 4724 ο
3192 4693 3492 4764 obscurum,
3511 4691 3650 4764 quod

2068 4767 2234 4821 videri
2282 4784 2385 4820 non
2430 4775 2614 4837 potest,
2663 4761 2802 4836 quod
2846 4761 3189 4833 om'ni'forma
3224 4772 3397 4837 caret;
3441 4761 3650 4816 idcirco

2067 4838 2216 4906 quod
2246 4835 2438 4897 άῦλον,
2475 4835 2796 4906 ἀσώματον·
2837 4844 2996 4906 extra
3051 4835 3326 4887 materiam
3369 4841 3418 4885 et
3461 4848 3648 4906 corpus

2069 4901 2164 4962 est.
2204 4907 2300 4962 llis
2324 4906 2471 4961 enim
2503 4901 2732 4961 excedat
2759 4905 2976 4959 animus
3006 4919 3229 4958 necesse
3255 4911 3358 4966 est,
3395 4901 3489 4973 qui
3521 4917 3646 4956 cum

2071 4978 2182 5031 Deo
2209 4977 2318 5031 alta
2343 4975 2805 5044 contemplatione
2827 4974 3138 5044 amorisque
3162 4973 3650 5044 commerciocom-

2071 5062 2328 5101 suescere
2351 5045 2535 5100 habet.
2562 5041 2826 5112 Quodque
2858 5044 2911 5097 in
2936 5041 3358 5110 Ρίοίσφὰλμασι
3384 5041 3650 5112 tantiSper

2069 5131 2294 5180 versor,
2327 5131 2426 5170 nec
2463 5111 2598 5183 illud
2633 5111 2752 5170 non
2778 5129 2998 5183 possum
3032 5113 3338 5183 advertere,
3367 5111 3513 5183 quod
3545 5113 3651 5183 lle-

2069 5185 2243 5250 sychii
2278 5182 2668 5240 Antirrheticon
2719 5180 2863 5239 cent.
2894 5183 2947 5245 1,
2976 5199 3026 5236 c.
3057 5183 3147 5247 ἓξ,
3180 5181 3366 5245 habet,
3397 5182 3537 5250 Ὥρα
3573 5180 3647 5250 μὴ

1981 5253 1998 5268 ’“
2069 5245 2261 5326 οῗηθῇς
2291 5257 2430 5309 κατὰ
2463 5252 2550 5308 τὸν
2580 5255 2747 5307 πάλαι
2791 5252 3024 5324 Ἰσραὴλ,
3047 5245 3370 5326 red_di_tque__
3399 5245 3649 5326 Observa;

2072 5319 2267 5400 neque
2301 5325 2511 5400 ducaris
2533 5327 2774 5400 apinioue
2801 5319 3149 5400 ntore'populi
3178 5319 3464 5400 [sfaelitici
3480 5337 3498 5382 ;
3528 5335 3649 5400 pro,

2070 5391 2322 5464 οἰνώθῇς,
2354 5413 2418 5448 ne
2459 5391 2576 5450 vino
2607 5393 2909 5464 implearis,
2944 5391 3044 5447 seu
3090 5401 3142 5446 te
3190 5392 3283 5464 illo
3328 5391 3650 5464 ingurgitcs.

2069 5463 2144 5523 De
2181 5460 2335 5517 vituli
2372 5466 2519 5518 enim
2554 5460 2760 5517 fabrica
2795 5477 2976 5516 sermo
3005 5470 3110 5523 est,
3139 5461 3226 5515 cui
3270 5460 3486 5529 prativit
3537 5475 3649 5516 non

2067 5532 2276 5601 quaevis
2305 5533 2510 5603 Opinio,
2556 5533 2649 5587 sed
2685 5532 3032 5603 temulentia,
3077 5541 3138 5585 ut
3181 5531 3354 5603 liquet
3391 5544 3651 5603 exsach

2067 5598 2240 5666 textu,
2267 5598 2443 5672 exque
2477 5604 2580 5658 PP.
2619 5602 2820 5658 Basilio
2848 5609 2905 5656 et
2945 5601 3087 5672 aliis,
3121 5598 3322 5672 quibus
3350 5598 3648 5672 nihiicre—

2066 5672 2222 5799 grius
2263 5668 2385 5799 ho;
2408 5683 2750 5746 argumento,
2787 5681 2848 5728 ut
2899 5672 2968 5728 ab
3016 5668 3284 5728 ebrietate
3328 5668 3653 5744 poculisque

2102 5753 2316 5799 eterrea
2389 5783 2403 5799 .

2102 5751 2403 5806 eterreant.
