4128 6210
508 276 644 340 1119

507 476 754 531 materize
783 492 846 530 ac
879 476 1240 546 incorporeus
1264 483 1464 540 status,
1490 476 1862 545 exemplarem
1907 487 2094 526 rerum

506 567 798 622 scientiam
832 567 1044 622 habens
1075 584 1089 620 :
1120 567 1174 620 in
1231 582 1397 636 quam
1430 567 1523 636 qui
1563 567 1845 636 ingressus
1873 575 1978 628 est,
2005 563 2092 617 vel

508 667 568 712 ut
597 660 739 712 alius
768 659 1042 728 quispiam
1077 658 1273 722 Moses,
1309 659 1528 714 mortali
1566 669 1779 718 naturae
1812 657 2094 725 inaspecta

507 751 859 815 considerat;
909 751 1013 805 hac
1054 749 1340 816 nimirum,
1385 751 1704 806 divinarum
1741 750 1903 821 481
1950 750 2005 803 in
2037 765 2095 804 se

506 837 774 890 virtutum
801 837 1059 892 decorem
1091 839 1418 903 informans,
1454 848 1711 909 tanquam
1744 840 1946 894 tabella
1969 853 2095 910 gra-

506 926 668 996 phice
697 927 843 996 picta
883 927 1189 990 descendit,
1219 928 1490 998 principis
1519 929 1709 983 formae
1747 929 1978 999 ejusque
2005 927 2097 981 de-

505 1019 654 1074 coris
699 1035 1016 1090 expressam
1063 1022 1292 1091 pulchre
1337 1023 1762 1077 similitudinem
1803 1022 2092 1086 referens;

508 1112 627 1180 ipse
661 1127 718 1166 se
765 1113 874 1166 illis
920 1114 1232 1183 exemplum
1271 1114 1606 1184 producens,
1648 1115 1851 1185 quibus
1887 1123 1947 1168 ut
1980 1114 2095 1167 vir-

508 1213 684 1257 tutcm
729 1204 1016 1260 imitentur
1057 1207 1244 1260 animo
1286 1207 1650 1261 constitutum
1681 1217 1804 1272 est;
1855 1207 2097 1275 hincque

509 1297 648 1350 adeo
705 1308 978 1368 perceptae
1038 1300 1225 1369 gratia:
1283 1308 1448 1369 atque
1503 1301 1750 1354 muneris
1804 1300 2096 1370 benignam

509 1388 859 1457 largitionem
889 1399 1054 1459 atque
1087 1391 1424 1444 alliuentiam
1453 1391 1773 1446 ostendens.

578 1483 667 1535 86.
702 1480 804 1547 Qui
831 1482 970 1535 labis
1001 1483 1147 1552 puri,
1176 1483 1429 1554 religiosa
1461 1485 1665 1554 pietate
1700 1484 1970 1538 nitentem
2005 1499 2098 1537 co-

510 1571 633 1624 lunt
691 1573 1139 1644 phil050phiam,
1199 1575 1502 1628 maximum
1558 1590 1625 1630 ex
1682 1576 1803 1645 ejus
1865 1575 2094 1630 scientia

511 1665 726 1719 lucrum
775 1668 1214 1733 nanciscuntur;
1267 1667 1374 1722 hoc
1419 1682 1640 1736 nempe,
1685 1676 1746 1720 ut
1789 1682 1944 1720 mens
1990 1682 2095 1720 una

509 1773 636 1811 cum
692 1758 878 1822 rebus,
925 1775 1231 1830 earumque
1277 1760 1663 1813 immutatione
1707 1775 1817 1813 non
1859 1760 2098 1829 amplius

511 1859 787 1916 mutetur;
823 1850 917 1905 sed
945 1853 1221 1906 constanti
1255 1850 1537 1915 ﬁrmitate,
1576 1851 1846 1921 quidquid
1878 1851 2100 1906 virtutis

512 1942 711 1995 rationi
747 1951 1036 2013 congruat,
1080 1951 1336 2014 prompto
1367 1943 1550 1997 animo
1580 1952 1746 2012 atque
1790 1942 1959 1997 alacri
2008 1959 2102 2014 ag-

510 2033 856 2103 grediantur.

582 2127 670 2180 87.
704 2128 808 2194 Qui
845 2143 944 2198 per
978 2127 1248 2197 Spiritum
1283 2128 1530 2198 primain
1559 2128 1784 2184 Christo
1817 2145 1984 2186 carne
2017 2131 2100 2184 in-

509 2221 870 2289 corruptione
901 2221 1164 2290 baptizati
1204 2237 1416 2284 sumus,
1453 2237 1765 2290 supremam
1795 2223 2098 2276 secundum

513 2312 693 2382 ipsum
722 2312 775 2366 in
807 2313 1028 2382 spiritu,
1069 2322 1364 2383 augmento
1406 2313 1624 2376 scilicet
1653 2313 1923 2367 honorum
1964 2329 2099 2382 ope-

514 2419 656 2465 rum,
687 2403 992 2472 mortisque
1027 2401 1178 2456 illius
1205 2418 1328 2471 qua:
1360 2401 1531 2456 animi
1561 2401 1848 2472 proposito
1877 2411 2102 2471 prazsta-

513 2504 625 2560 tur,
669 2496 856 2565 priore
906 2496 1339 2549 incontaminata
1383 2505 1623 2559 servata,
1666 2503 2096 2564 exspectamus:

511 2601 678 2655 quam
710 2587 966 2656 quisquis
994 2587 1231 2657 adeptus
1269 2595 1374 2652 est,
1411 2601 1605 2642 eorum
1649 2601 1774 2656 qua:
1804 2585 1972 2641 habet
1997 2585 2100 2641 b0-

513 2694 712 2733 norum
736 2681 1014 2751 jacturam
1050 2694 1161 2734 non
1190 2679 1368 2734 timet.

583 2857 671 2911 88.
693 2857 830 2913 Cum
854 2859 966 2914 Deo
993 2859 1360 2914 constitutum
1381 2868 1550 2922 esset,
1577 2866 1637 2913 ut
1663 2859 1981 2913 mortalium
2005 2876 2102 2930 ge-

511 2949 655 3015 neri,
692 2967 800 3020 qua
841 2951 895 3005 in
922 2951 1102 3022 ipsum
1136 2951 1520 3008 misericordia
1548 2963 1653 3016 est,
1683 2951 1884 3008 divina:
1909 2969 1940 3008 e
1961 2954 2102 3008 cmlo

513 3043 736 3098 virtutis
780 3059 982 3100 munus
1015 3045 1374 3109 demitteret,
1416 3061 1637 3099 sacrum
1683 3046 1983 3118 symbolice
2016 3056 2100 3101 ta-

513 3137 898 3202 bernaculum,
944 3139 1173 3209 ejusque
1221 3154 1351 3192 vasa
1394 3139 1580 3193 omnia
1630 3138 1936 3196 fabricatus
1976 3150 2100 3206 est;

512 3230 659 3300 quod
699 3229 962 3285 nimirum
999 3247 1259 3301 expressa
1295 3231 1580 3302 sapientiae
1612 3232 1793 3302 imago
1823 3232 2103 3303 ﬁguraque

514 3341 578 3381 ac
603 3325 961 3380 simulacrum
982 3334 1151 3381 esset.

583 3418 673 3474 89.
709 3419 845 3473 Novi
885 3419 1223 3474 Testamenti
1270 3418 1451 3488 gratia
1508 3417 1738 3488 mystice
1788 3418 1846 3472 in
1890 3419 2104 3475 Veteris

515 3507 857 3564 Testamenti
889 3509 1073 3564 littera
1100 3509 1426 3564 abscondita
1455 3516 1540 3571 est
1573 3525 1588 3562 :
1620 3508 1830 3562 idcirco
1851 3510 1926 3564 ait
1959 3511 2105 3581 Apo-

514 3603 690 3656 stolus
747 3601 923 3672 legem
975 3603 1284 3673 Spiritalem
1329 3621 1452 3661 esse
1478 3605 1544 3659 δ’.
1597 3606 1710 3661 Lex
1755 3607 1963 3678 itaque,
2006 3609 2103 3664 lit-

517 3703 648 3748 tcrze
681 3694 904 3763 quidem
944 3695 1157 3752 ratione
1207 3697 1553 3767 antiquatur,
1596 3699 1947 3770 scnescitque
1970 3715 2102 3755 eva-

515 3787 822 3854 cuanda”;
857 3788 1056 3857 spiritu
1101 3805 1234 3844 vero
1259 3806 1480 3860 semper
1513 3789 1706 3846 eﬂicax
1740 3791 1908 3862 viget.
1949 3791 2107 3863 Ejus-

518 3878 665 3932 modi
689 3879 837 3934 enim
861 3889 947 3934 est
973 3879 1171 3951 gratia,
1192 3889 1254 3935 ut
1283 3880 1435 3936 nulla
1455 3880 1687 3936 omnino
1705 3882 1911 3938 sentiat
1945 3891 2106 3938 vetu-

517 3970 678 4025 statis
718 3971 1036 4042 dispendia.

585 4060 675 4116 90.
725 4061 838 4117 Lex
877 4061 1124 4132 quidem,
1162 4062 1446 4134 Evangelii
1490 4062 1743 4118 umbram
1791 4064 2000 4131 habet;
2047 4074 2106 4120 at

518 4150 898 4223 Evangelium,
931 4153 1244 4208 futurorum
1271 4154 1547 4210 bonorum
1580 4154 1760 4223 imago
1781 4162 1900 4221 est;
1938 4162 2105 4225 atque

520 4243 616 4297 illa
643 4244 892 4313 quidem,
935 4245 1077 4300 mala
1099 4247 1320 4316 operari
1370 4247 1664 4318 prohibet;
1715 4247 1842 4313 hoc,
1889 4245 2101 4319 agenda

519 4337 662 4392 bona
695 4340 958 4408 proponit
982 4348 1150 4411 atque
1173 4341 1423 4396 exhibet.

1673 274 1734 334 S.
1778 272 2064 333 MAXIMI
2104 271 2617 333 CONFESSORIS

577 382 667 439 85.
693 383 905 455 Caligo,
946 383 1216 442 obscurus
1244 390 1329 438 est
1364 398 1460 437 seu
1512 381 1748 448 invisus,
1784 395 2094 450 expersque
2125 383 2170 439 A

3647 269 3785 336 1120

2274 388 2376 434 na'.
2421 379 2481 432 '0
2505 381 2700 448 γνόςρος
2722 379 2889 444 ἐστὶν,
2914 381 2948 450 ἡ
2977 377 3163 448 ἀειδὴς
3193 377 3286 431 καὶ
3317 376 3478 441 ἀῦλος
3507 376 3603 431 καὶ
3633 377 3787 432 ἀ.σὼ-

2201 488 2369 540 ματος
2395 473 2748 535 κατάστασις,
2782 473 2814 542 ἡ
2847 471 2948 541 τὴν
2978 469 3496 541 παραδειγματικὴν
3533 470 3643 525 τῶν
3694 471 3789 524 ὃν-

2197 578 2305 613 των
2332 560 2530 630 ἔχουσα
2561 561 2762 630 γνῶσιν
2783 579 2797 591 ·
2825 563 2882 614 ὲν
2978 563 3006 614 ό
3047 561 3339 630 γενόμενος
3377 561 3556 626 ἐντὸς,
3609 562 3786 616 καθά-

2198 670 2304 724 περ
2333 670 2417 716 τις
2445 652 2603 716 ἄλλος
2653 652 2914 722 Μωῦσῆς,
2968 649 3129 720 φύσει
3191 651 3361 722 θνητῇ
3413 656 3670 706 κατανοεῖ
3715 652 3788 708 τὰ

2198 747 2437 800 ἀθέατα·
2469 745 2535 799 δι’
2562 739 2630 815 ἧς
2680 744 2788 798 τῶν
2830 745 2991 798 θείων
3026 743 3238 811 ἀρετῶν
3263 745 3322 796 ἐν
3357 743 3537 815 ἑαυτῷ
3569 745 3776 817 ζωγρα-

2199 840 2382 909 φήσας
2413 839 2474 892 τὸ
2521 839 2736 902 κάλλος,
2776 837 2967 908 ῶσπερ
3008 839 3228 909 γραφὴν
3255 837 3579 908 εύμιμήτως
3621 836 3785 908 [unus

2201 933 2329 1003 Reg.
2375 930 2700 1003 εὐμίμητον]
2733 930 2960 1002 ἔχουσαν
2992 929 3088 984 τοῦ
3119 929 3432 1002 ἀρχετύπου
3467 929 3697 993 κάλλους
3724 929 3788 980 τὸ

2199 1022 2591 1093 ἀπεικόνισμα,
2645 1022 2892 1075 κάτεισιν
2917 1039 2930 1052 ·
2955 1022 3149 1075 ἑαυτὸν
3186 1019 3626 1091 προῦαλλόμενος
3672 1022 3787 1082 tot;

2201 1113 2548 1186 βουλομένοις
2609 1110 2896 1183 μιμεῖσθαι
2949 1111 3048 1180 τὴν
3096 1110 3322 1182 ἀρετὴν,
3374 1111 3468 1162 καὶ
3504 1111 3562 1162 ἐν
3609 1108 3787 1178 τούτῳ

2197 1205 2435 1267 δεικνὺς,
2469 1197 2538 1274 ἧς
2599 1202 2913 1274 μετειλήφει
2945 1202 3186 1274 χάριτος,
3223 1201 3285 1256 τὸ
3314 1200 3697 1272 φιλάνθρωπόν
3725 1217 3786 1253 τε

2199 1295 2292 1350 καὶ
2319 1295 2569 1364 ἄφθονον.

2272 1473 2391 1538 πς’.
2419 1474 2437 1492 ⁶
2491 1471 2556 1525 0t
2601 1471 2845 1534 ἀσπίλως
2875 1469 2974 1542 τὴν
3029 1469 3172 1524 κατά
3211 1471 3349 1525 Θεὸν
3393 1471 3782 1543 μετερχόμενοι

2200 1564 2541 1634 φιλοσοφίαν,
2578 1561 2834 1632 μέγιστον
2859 1561 2924 1614 ὲκ
2961 1560 3062 1631 τῆς
3123 1564 3246 1616 κατ’
3277 1563 3447 1634 αὐτὴν
3472 1565 3784 1634 ἐπιστήμης

2202 1654 2392 1722 κέρδος
2443 1654 2756 1724 εὑρίσκουσι
2785 1670 2798 1684 ⁸
2857 1652 2940 1716 τὸ,
2991 1653 3192 1723 μηκέτι
3241 1653 3341 1724 τὴν
3406 1652 3636 1726 γνώμην
3674 1657 3784 1716 τοῖς

2131 1722 2172 1780 Β
2201 1746 2489 1817 πράγμασι
2512 1722 3089 1816 -συμμεταὸἀλλεσθαι
3108 1763 3121 1775 ·
3171 1722 3307 1799 ἀλλά
3348 1745 3467 1816 μετ’
3491 1722 3786 1808 εύσταθοῦς

2203 1837 2549 1908 βεϐαιότητος
2568 1843 2725 1908 [unus
2748 1836 2876 1908 Reg.
2896 1835 3296 1908 γενναιότητος]
3325 1837 3403 1908 (u)
3431 1837 3596 1908 πᾶσιν
3617 1839 3787 1906 ἐγχει-

2206 1934 2319 2003 ρεῖν
2366 1928 2662 2003 προθύμως
2694 1933 2806 1993 τοῖς
2854 1929 3155 2000 ἀρμόζουσι
3207 1930 3284 2002 τῷ
3335 1929 3478 2000 λόγῳ
3520 1930 3620 1993 τῆς
3657 1931 3790 2002 ἀρε-

2201 2039 2323 2091 της.

2275 2111 2383 2176 πζκ
2439 2111 2552 2183 Τὴν
2607 2111 2748 2164 κατά
2800 2110 2979 2182 σάρκα
3033 2109 3257 2180 πρώτην
3312 2110 3370 2164 ἐν
3425 2111 3647 2182 Χριστῷ
3701 2111 3788 2164 διὰ

2203 2207 2524 2276 Πνεύματος
2575 2204 2964 2275 βαπτισθέντες
3021 2203 3134 2276 [ιον.
3185 2203 3502 2275 κτηθέντες,
3560 2205 3788 2274 primum

2204 2302 2349 2356 nacti
2397 2297 2865 2370 incorruptionem]
2901 2297 3232 2369 ἀφθαρσίαν,
3278 2297 3376 2369 τὴν
3409 2298 3648 2368 ἐσχάτην
3665 2297 3789 2352 κατ’

2203 2396 2364 2450 αὑτὸν
2403 2398 2461 2449 ἐν
2499 2393 2816 2465 Πνεύματι·
2873 2391 2942 2444 δι’
2980 2392 3277 2456 ἐπιδόσεως
3333 2391 3514 2463 ἔργων
3565 2391 3792 2460 ἀγαθῶν

2203 2489 2468 2560 δηλονότι,
2495 2485 2710 2540 καὶτοῦ
2751 2486 2892 2539 κατὰ
2929 2485 3189 2558 πρόθεσιν
3221 2485 3476 2553 θανάτου,
3511 2485 3612 2558 τὴν
3655 2502 3791 2556 προ-

2203 2584 2367 2652 τέραν
2411 2581 2748 2652 φυλάξαντες
2816 2579 3172 2646 ἀκηλίδωτον,
3232 2579 3569 2650 ἑκδεχόμεθα
3593 2595 3606 2608 ³
3665 2581 3790 2634 καθ’

2203 2676 2269 2746 ἥν
2298 2674 2405 2734 τῶν
2441 2673 2694 2743 ἐχόντων,
2740 2669 2914 2735 οὐδεὶς
2965 2669 3238 2742 ἀποὸολὴν
3275 2670 3481 2726 δέδοικε
3513 2669 3621 2724 τῶν
3651 2686 3790 2741 κτη-

2205 2766 2402 2821 θέντων
2440 2765 2682 2834 ἀγαθῶν.

2277 2865 2388 2928 πη’.
2414 2859 2537 2922 Τοῖς
2571 2859 2664 2910 ἐπὶ
2703 2859 2828 2928 γῆς,
2859 2856 2962 2925 τῆς
3009 2855 3160 2917 θείας
3189 2854 3390 2925 ἀρετῆς
3437 2854 3531 2907 ἀπ’
3557 2850 3791 2923 οὐρανοῦ

2203 2952 2270 3003 δι’
2298 2950 2446 3004 ἔλεον
2470 2951 2560 3003 τὸν
2585 2951 2720 3023 πρὸς
2740 2952 2888 3022 ἡμᾶς
2911 2949 3010 3020 τὴν
3039 2948 3201 3019 χάριν
3215 2946 3569 3018 καταπέμψαι
3587 2946 3790 3017 βουληο

2207 3041 2319 3106 θεὶς
2368 3045 2396 3096 ὁ
2446 3042 2597 3109 Θεὸς,
2670 3043 3013 3115 συμϐολικῶς
3045 3042 3144 3114 τὴν
3180 3041 3330 3112 ἱερὰν
3363 3039 3567 3110 σκηνὴν
3598 3040 3696 3093 καὶ
3722 3039 3794 3092 τὰ

2206 3137 2264 3189 ὲν
2295 3137 2431 3206 αὐτῇ
2467 3137 2646 3190 πάντα
2673 3135 3046 3190 κατεσκεύασε
3069 3151 3081 3165 ⁸
3118 3134 3310 3204 σοφίας
3349 3127 3518 3185 οὖσαν
3565 3130 3796 3186 ἀπεικό-

2204 3245 2372 3297 νισμα
2395 3229 2488 3281 καὶ
2507 3229 2680 3282 τύπον
2704 3229 2801 3282 καὶ
2824 3227 3076 3299 μίμημα.

2276 3412 2384 3465 πθ⁹.
2427 3411 2491 3463 Ἦ
2519 3409 2678 3481 χάρις
2711 3410 2809 3479 τῆς
2847 3408 2994 3472 Νέας
3022 3408 3323 3478 Διαθήκης,
3379 3404 3660 3476 μυστικῶς
3709 3403 3793 3472 τῷ

2203 3505 2302 3575 τῆς
2358 3503 2604 3566 Παλαιᾶς
2679 3503 2987 3574 κέκρυπται
3055 3502 3376 3572 γράμματιο
3431 3499 3514 3553 διό
3564 3512 3730 3569 φησιν
3767 3498 3800 3550 6

2217 3597 2558 3660 ’Δπόστολος,
2586 3598 2668 3650 ὅτι
2719 3599 2747 3650 ό
2775 3596 2940 3666 νόμος
2971 3595 3357 3666 πνευματικῶς
3383 3597 3560 3647 ἐστιν.
3615 3593 3675 3645 'U
3701 3587 3799 3644 οὖν

2205 3691 2387 3762 νόμος,
2417 3689 2495 3760 τῷ
2532 3691 2632 3760 μὲν
2669 3689 2984 3760 γράμματι,
3019 3687 3349 3742 παλαιοῦται
3379 3687 3474 3740 καὶ
3520 3683 3799 3757 γηράσκει

2205 3780 2654 3854 καταργούμενος
2703 3797 2719 3812 ο
2789 3780 2868 3852 τῷ
2933 3781 2991 3834 δὲ
3037 3781 3338 3852 πνεύματι,
3415 3776 3600 3841 νεάζει
3679 3776 3801 3829 δια-

2205 3875 2410 3939 παντὸς
2460 3874 2878 3946 ἑνεργούμενος.
2914 3875 2981 3930 Ἦ
3004 3874 3115 3948 γὰρ
3143 3875 3308 3947 χάρις
3330 3871 3611 3936 παντελῶς
3650 3873 3804 3926 ἀπα-

2205 3968 2454 4032 λαίωτος.

2281 4066 2352 4128 ιγ’.
2392 4061 2452 4114 '0
2509 4060 2609 4130 μὲν
2648 4061 2834 4132 νόμος,
2859 4062 3018 4116 σκιὰν
3047 4062 3160 4134 ἔχει
3194 4061 3290 4116 τοῦ
3331 4061 3704 4132 Εὐαγγελίου·
3733 4061 3805 4115 τι.

2203 4153 2264 4206 δὲ
2295 4151 2652 4221 Εὑαγγὲλιον,
2680 4151 2847 4206 εἰκών
2882 4155 2998 4206 ἐστι
3036 4154 3146 4207 τῶν
3194 4154 3500 4225 μελλόντων
3547 4151 3801 4222 ἀγαθῶν.

2216 4245 2278 4297 '0
2309 4243 2409 4314 μὲν
2463 4245 2573 4315 γὰρ
2630 4244 2832 4298 κωλύει
2885 4245 2988 4310 τὰς
3050 4247 3160 4300 τῶν
3210 4247 3400 4300 κακῶν
3461 4245 3750 4320 ἐνεργείας
3785 4262 3801 4277 ⁸

2210 4336 2268 4391 τὸ
2294 4336 2371 4398 δὲ,
2394 4335 2492 4400 τὰς
2521 4337 2751 4408 πράξεις
2796 4338 2904 4391 τῶν
2943 4337 3164 4406 ἀγαθῶν
3201 4341 3580 4411 παρατίθεται.

589 4429 678 4484 9t.
711 4430 1033 4488 Universam
1069 4433 1415 4504 Scripturam
1457 4449 1692 4498 sacram,
1721 4434 1896 4489 instar
1935 4433 2104 4503 spiri-

2281 4428 2393 4497 μα’.
2445 4430 2558 4502 Τὴν
2587 4429 2749 4498 ἀγίαν
2784 4432 2916 4503 ὃλην
2967 4430 3214 4503 Γραφὴν,
3268 4433 3433 4503 σαρκὶ
3471 4430 3803 4505 διαιρεῖσθαι

522 4520 650 4576 talis
688 4523 977 4594 cujusdam
1030 4525 1296 4588 hominis,
1337 4541 1506 4582 carne
1560 4526 1732 4581 dividi
1785 4542 1850 4581 ac
1903 4524 2105 4595 spiritu

521 4613 779 4678 dicimus.
805 4616 943 4672 Nam
973 4619 1070 4688 qui
1103 4617 1251 4674 dicat
1280 4617 1581 4688 Scriptura:
1610 4629 1957 4682 contextum,
1985 4633 2109 4672 vcr—

592 4772 637 4806 ”
658 4775 818 4831 Rom.
841 4790 930 4828 vn.
961 4773 1046 4828 14.
1123 4773 1168 4806 ⁸ο
1192 4772 1360 4829 Hebr.
1383 4792 1497 4842 vm,
1524 4778 1611 4834 1'5.

591 4931 610 4951 ‘
643 4929 811 5005 Marg.
842 4930 1073 5005 FrLKai.
1090 4931 1264 4985 ταῦτα
1299 4933 1440 5005 κατά
1461 4932 1590 5005 γτῶν
1628 4933 2100 5005 Χριστιανοκατη-

596 4947 609 4951 “
644 4947 726 4985 lla
799 4973 811 4985 .
843 4947 932 4985 r'r.
965 4947 1264 4985 numam-at
1299 4947 1440 4987 κατα
1482 4949 1590 4986 των
1629 4947 2100 5005 λριστιανοκατη-

520 4947 872 5072 γόρωκ),ΐξτοι
918 5001 1384 5058 Είκονοκαυστῶν.
1449 5002 1574 5059 Haec
1618 5021 1822 5076 quoque
1855 5007 2108 5060 adversus

598 5155 674 5226 (ιι)
709 5158 845 5210 Μετ’
877 5158 1213 5224 εὐσταθοῦς
1233 5159 1645 5226 βεϐαιότητος.
1682 5159 1992 5216 Obscurum
2023 5161 2108 5215 vi-

525 5226 641 5280 deri
671 5236 998 5298 queat,rquo
1017 5244 1086 5283 ex
1115 5230 1294 5298 capite
1329 5230 1735 5286 existimaverit
1769 5232 2113 5288 Scholiastes

527 5297 817 5371 Dutrenii,
866 5297 983 5354 haac
1018 5297 1316 5371 adversari
1363 5301 1667 5371 imaginum
1707 5303 2110 5368 'eversoribus,

525 5383 651 5424 cum
681 5367 948 5422 Maximus
973 5369 1112 5423 nihil
1139 5369 1410 5426 hactenus
1447 5367 1666 5427 locutus
1707 5375 1781 5429 sit
1819 5372 1888 5428 de
1923 5367 2118 5429 imagi-

525 5438 713 5494 nibus.
735 5437 816 5507 An
833 5438 962 5507 quia
984 5439 1063 5493 illi
1085 5440 1458 5496 causabantur
1476 5442 1777 5500 descivisse
1800 5444 1866 5499 ad
1893 5437 2119 5499 idolola-

527 5509 690 5564 triam
717 5506 1062 5584 Christianos
1089 5525 1280 5584 earum
1319 5514 1492 5584 cultu,
1519 5514 1666 5583 quod
1697 5516 1859 5584 longe
1909 5524 1995 5569 est
2048 5515 2118 5570 ab

527 5591 722 5658 egrum
771 5579 1102 5658 constantia,
1151 5581 1243 5649 qui
1308 5579 1552 5637 divinam
1603 5579 1832 5658 strenue
1869 5586 2116 5655 philoso-

533 5647 718 5718 phiam
769 5651 976 5714 colunt,
1028 5665 1132 5704 nec
1170 5647 1368 5706 rerum
1422 5656 1729 5710 mutatione
1789 5647 2115 5717 mutantur;

534 5719 728 5788 quales
754 5721 1058 5789 prasscrtim
1083 5721 1375 5777 eluxerunt
1404 5739 1501 5794 per
1529 5725 1646 5780 haec
1709 5737 1978 5797 tempora,
2014 5726 2108 5796 qui

2212 4523 2448 4594 λέγομεν
2478 4524 2568 4576 καὶ
2601 4523 2872 4594 πνεύματι
2898 4541 2912 4555 ·
2979 4523 3231 4593 καθάπερ
3275 4522 3396 4575 τινὰ
3427 4526 3804 4594 πνευματικὸν

2214 4615 2499 4689 ἄνθρωπον
2528 4609 2714 4670 οὖσαν.
2751 4615 2809 4669 '0
2842 4615 2952 4687 γὰρ
2975 4616 3038 4668 τὸ
3062 4616 3227 4688 ῥητὸν
3260 4615 3355 4686 τῆς
3383 4615 3605 4688 Γραφῆς
3627 4615 3802 4670 εἰπὼν

2207 4931 2638 5010 Christianorum
2671 4927 3087 5010 tjiluperatores,
3125 4953 3212 4992 eos
3257 4935 3453 4991 scilicet
3483 4941 3574 5010 qui
3618 4956 3798 4994 sacras

2213 5006 2470 5079 imagines
2499 5008 2612 5077 igni
2645 5007 2946 5061 absumunt.

2218 5163 2492 5218 sanctiore
2527 5163 2783 5217 instituto
2820 5177 2922 5231 per
2959 5157 3244 5217 Orientem
3303 5163 3586 5218 vixerunt.
3643 5163 3785 5231 Quod

2180 5233 2288 5288 'de
2315 5233 2672 5288 tabernaculo
2698 5232 2868 5304 refert
2918 5231 3208 5304 Maximus?
3239 5233 3295 5288 in
3321 5247 3438 5304 seq.
3489 5235 3589 5290 Dei
3644 5237 3781 5304 jussu

2221 5304 2504 5358 conditum
2523 5317 2644 5357 esse
2659 5311 2720 5358 ut
2748 5301 3035 5372 sapientiae
3050 5301 3783 5372 simulacrum’ﬁnstxééwya

2217 5375 2314 5427 καὶ
2334 5372 2504 5445 τύπον
2537 5374 2632 5426 καὶ
2661 5374 2882 5445 μίμημα
2898 5407 2916 5436 ,
2943 5388 3072 5445 cum
3101 5373 3210 5428 illis
3229 5374 3492 5430 omnibus
3509 5391 3629 5445 qua:
3651 5375 3699 5427 in
3719 5387 3782 5427 eo

2217 5443 2671 5508 continebantur,
2693 5443 2923 5515 propius
2955 5444 3022 5499 ad
3062 5445 3328 5514 imagines
3351 5443 3787 5515 spectat,earnm.

2215 5527 2326 5584 que
2353 5515 2564 5570 cultum
2595 5531 2612 5581 ;
2647 5530 2774 5569 nam
2823 5524 2897 5584 et
2933 5515 3348 5569 tabernaculum
3388 5515 3801 5571 venerationem

2220 5583 2479 5648 habebat,
2522 5595 2586 5639 ut
2621 5585 2754 5654 quid
2783 5583 2996 5655 scilicet
3024 5585 3119 5640 Dei
3156 5592 3319 5654 atque
3345 5584 3599 5640 divinum
3629 5601 3818 5655 σχετι-

2221 5655 2354 5779 xd'ﬁ,
2390 5655 2485 5724 qui
2522 5652 2666 5711 unus
2690 5652 2970 5726 legitimus
2992 5665 3077 5710 est
3130 5652 3460 5712 Christianis
3505 5652 3814 5728 imaginqu

2221 5741 2286 5779 cu
2340 5741 2422 5779 us.

2219 5734 2422 5781 cultus.
