4128 6210
386 299 517 362 1121

1219 295 1551 357 CAPITUM
1590 294 1862 353 THEOL.
1903 293 1996 351 ET
2036 292 2270 352 (ECON.
2313 292 2700 353 CENTURIA
2744 292 2794 354 Ι.

3516 292 3655 357 1122

381 405 520 460 εἶναι
549 404 728 477 σάρκα
758 422 771 436 ·
814 405 905 459 τὸν
937 405 992 458 δὲ
1046 404 1249 475 ταύτης
1295 403 1443 468 νοῦν,
1501 401 1738 471 πνεῦμα,
1798 403 1967 471 ἤγουν

2072 404 2252 474 baque
2306 404 2419 472 ipsa
2472 418 2693 457 carnem
2747 417 2904 469 esse;
2956 403 3299 458 intellectum
3353 410 3539 457 autem
3589 420 3654 461 ac

380 494 581 566 ψυχὴν,
639 497 739 567 τῆς
781 496 1038 567 ἀληθείας
1094 490 1186 548 οὖν
1243 496 1645 566 ἁμαρτήσεται.
1691 492 1860 560 Σοφὸς
1906 490 1963 543 δὲ

384 586 688 658 προδήλως,
710 590 739 641 6
768 588 830 640 τὸ
884 587 982 659 μὲν
1034 586 1394 657 φθειρόμενον
1429 585 1588 653 ἀφείς
1608 601 1621 613 ·
1651 585 1768 647 ὅλος
1806 582 1963 655 [unus

390 676 514 748 Reg.
549 678 708 750 ὅλως]
739 679 796 732 δὲ
824 679 920 732 τοῦ
940 678 1221 749 ἀφθάρτου
1257 678 1570 747 γενόμενος.

459 857 565 927 ιβ’.
607 857 667 911 Ὀ
699 858 795 926 μὲν
845 857 1032 927 νόμος,
1062 855 1200 927 σάρξ
1229 858 1344 909 ἐστι
1373 854 1466 908 τοῦ
1499 853 1641 907 κατά
1686 852 1781 924 τὴν
1806 851 1967 921 ἀγίαν

384 949 610 1020 Γραφὴν
669 949 1044 1020 πνευματικοῦ
1090 947 1418 1019 ἀνθρώπου·
1470 946 1723 1017 αἴσθησις
1770 944 1848 1008 δὲ,
1916 946 1967 997 οί

387 1042 667 1112 προφῆται
695 1060 706 1072 ·
733 1042 793 1094 τὸ
819 1042 875 1095 δὲ
907 1042 1255 1110 Εὑαγγέλιον,
1295 1040 1445 1111 ψυχὴ
1474 1040 1662 1110 νοερά·
1692 1038 1780 1092 διὰ
1838 1053 1970 1107 σαρ-

389 1134 481 1196 κὸς
504 1133 600 1187 τοῦ
649 1135 840 1204 νόμου,
888 1136 982 1187 καὶ
1046 1135 1113 1187 δι’
1164 1133 1473 1204 αἰσθήσεως
1527 1132 1639 1186 τῶν
1673 1129 1968 1202 προφητῶν

388 1225 686 1298 ἑνεργοῦσα
709 1243 723 1259 ’
760 1228 855 1280 καὶ
876 1226 974 1299 τὴν
1002 1227 1204 1296 ἑαυτῆς
1245 1225 1472 1297 δύναμιν
1505 1228 1626 1288 ταῖς
1664 1223 1965 1295 ἐνεργείαις

387 1320 742 1389 ἐμφαίνουσα.

461 1413 569 1477 ιιγθ.
598 1410 765 1463 Σκιάν
792 1411 888 1480 μὲν
921 1406 1066 1479 εἶχεν
1096 1412 1122 1462 6
1143 1409 1324 1477 νόμος,
1349 1407 1531 1460 εἰκόνα
1562 1405 1618 1459 δὲ
1652 1405 1701 1458 οἱ
1755 1403 1960 1473 προφῆ-

388 1517 478 1554 ται
521 1501 629 1554 τῶν
666 1503 725 1554 ὲν
754 1501 831 1572 τῷ
884 1500 1199 1569 Εὐαγγελίῳ
1237 1499 1396 1551 θείων
1447 1498 1542 1551 καὶ
1580 1494 1971 1564 πνευματικῶν

391 1590 631 1657 ἀγαθῶν.
672 1590 814 1643 Αὐτὸ
841 1590 898 1643 δὲ
949 1590 1010 1642 τὸ
1061 1590 1412 1657 Εὑαγγέλιον,
1469 1588 1639 1656 αὐτὴν
1692 1586 1972 1659 παροῦσαν

391 1683 525 1752 ἡμῖν
555 1682 641 1735 διὰ
676 1683 784 1735 τῶν
829 1684 1172 1753 γραμμάτων
1202 1680 1371 1747 ἔδειξε
1400 1680 1499 1751 τὴν
1542 1678 1830 1749 ἀλήθειαν’
1873 1678 1973 1747 τὴν

2066 511 2314 558 sensum,
2352 495 2611 565 spiritum
2649 495 3033 564 appellaverit,
3084 496 3132 549 is
3172 511 3200 547 a
3243 496 3477 549 veritate
3512 495 3652 549 nihil

2067 586 2432 641 aberraverit.
2467 586 2766 655 Perspicue
2809 595 2990 639 autem
3021 585 3113 638 ille
3152 584 3313 653 sapit,
3352 585 3445 653 qui
3483 585 3653 638 misso

2066 695 2133 733 eo
2167 678 2311 749 quod
2339 678 2714 747 corrumpitur
2737 688 2903 747 atque
2942 678 3153 740 interit,
3184 686 3331 730 totus
3361 677 3435 730 illi
3465 677 3661 730 adha-

2068 776 2175 830 ret,
2207 766 2355 837 quod
2386 766 2522 820 nulli
2554 765 2896 836 corruptioni
2924 766 3222 819 obnoxium
3251 773 3356 818 est.

2137 860 2225 914 99..
2262 860 2394 925 Lex,
2425 874 2553 913 caro
2579 867 2682 921 est,
2715 859 2838 929 ejus
2868 858 3134 927 spiritalis
3170 857 3433 920 hominis,
3470 856 3562 926 qui
3599 858 3652 910 in

2070 952 2356 1022 Scriptura
2396 952 2821 1016 consideratur;
2860 951 3166 1019 prophetae,
3208 964 3432 1013 sensus;
3472 949 3651 1001 Evan-

2070 1046 2296 1117 gelium.
2331 1045 2512 1098 anima
2552 1043 2898 1112 intelligens;
2931 1043 3094 1113 482
3124 1057 3247 1110 quae
3270 1040 3529 1095 videlicet
3556 1056 3654 1110 per

2077 1153 2303 1193 carnem
2334 1137 2552 1207 (nempe
2572 1135 2795 1204 legem),
2822 1144 2877 1188 et
2900 1151 2996 1204 per
3029 1149 3250 1189 sensum
3278 1133 3353 1205 (id
3385 1142 3489 1196 est,
3520 1148 3651 1202 pro-

2072 1228 2290 1301 phetas)
2323 1238 2607 1300 operetur,
2646 1243 2911 1297 suamque
2946 1228 3060 1297 ipsa
3085 1227 3195 1280 vim
3227 1226 3447 1280 actibus
3474 1224 3654 1278 mani-

2072 1322 2396 1469 Γθῗῒῗίίεχ,
2446 1406 2698 1460 umbram
2731 1405 3081 1459 solummodo
3114 1404 3342 1469 habuit;
3372 1406 3656 1475 prOpheL'e

2072 1513 2227 1561 vero,
2264 1497 2585 1551 divinorum
2630 1512 2693 1550 ac
2735 1496 3063 1566 spiritalium
3107 1495 3401 1559 bonorum,
3441 1512 3563 1565 qua:
3598 1497 3653 1550 in

2074 1590 2377 1659 Evangelio
2420 1590 2798 1651 continentur,
2833 1588 3146 1657 imaginem.
3194 1580 3376 1655 Ipsum
3416 1588 3663 1657 denique

2076 1681 2458 1750 Evangelium,
2500 1680 2673 1749 ipsam
2699 1679 2860 1733 nobis
2898 1680 3068 1732 rebus
3095 1688 3425 1749 praesentem
3452 1681 3656 1734 verita-

390 1776 468 1844 τῷ
516 1775 666 1846 νόμῳ
748 1775 1234 1847 προσκιασθεῐσαν,
1312 1774 1407 1826 καὶ
1476 1776 1587 1836 τοῖς
1661 1772 1969 1842 προφήταις

2075 1779 2183 1825 tem
2211 1771 2486 1833 exhibuit,
2510 1784 2674 1839 quam
2707 1769 2793 1822 lex
2826 1767 3205 1837 praseuntibus
3237 1768 3427 1837 ﬁguris
3453 1769 3655 1823 obscu-

392 1864 911 1934 προεικονισθεῖσαν.

462 2046 561 2113 ιιδι.
610 2046 667 2099 ὐ
700 2045 787 2099 τὸν
819 2046 979 2117 νόμον
996 2048 1084 2101 διὰ
1112 2046 1225 2117 βίου
1271 2047 1365 2101 καὶ
1388 2047 1667 2111 πολιτείας
1684 2045 1967 2109 ἐπιτελῶν,

394 2140 572 2209 μόνων
599 2139 705 2191 τῶν
733 2139 832 2208 τῆς
870 2140 1072 2203 κακίας
1127 2141 1290 2213 ἀργεῖ
1337 2141 1821 2212 συμπερασμάτων
1875 2139 1970 2208 (υ),

391 2228 681 2282 καταθύων
727 2228 804 2299 τῷ
838 2229 957 2300 Θεῷ
1014 2230 1122 2284 τῶν
1173 2230 1384 2299 ἀλόγων
1450 2230 1638 2284 παθῶν
1669 2230 1768 2300 τὴν
1819 2228 1969 2298 ἐνέρ-

390 2338 564 2388 γειαν
595 2322 689 2376 καὶ
710 2322 885 2391 τούτῳ
906 2322 1041 2393 πρὸς
1067 2324 1340 2395 σωτηρίαν
1364 2323 1619 2393 ἀρκεῖται
1652 2321 1731 2392 τῷ
1755 2320 1965 2390 τρόπῳ,

390 2412 479 2468 διὰ
508 2413 605 2484 τὴν
626 2417 682 2468 ὲν
715 2413 863 2485 αὑτῷ
897 2416 1275 2487 πνευματικὴν
1311 2415 1637 2488 νηπιότητα.

461 2587 563 2656 ιε’.
606 2587 662 2641 ’0
701 2587 778 2658 τῷ
832 2586 1159 2659 προφητικῷ
1211 2587 1353 2658 λόγῳ
1428 2588 1967 2659 παιδαγωγούμενοςν

390 2679 529 2751 πρὸς
548 2682 614 2750 τῇ
649 2678 889 2750 ἀποϐολῇ
914 2680 1012 2750 τῆς
1045 2680 1154 2733 τῶν
1189 2679 1379 2733 παθῶν
1417 2681 1722 2750 ἐνεργείας,
1749 2682 1843 2733 καὶ
1872 2681 1970 2742 τὰς

391 2770 532 2825 κατά
568 2770 747 2845 ψυχὴν
786 2770 1185 2841 συνισταμένας
1241 2770 1420 2824 αὐτῶν
1465 2770 1736 2823 ἐκτίθεται
1765 2787 1969 2838 συγκα-

393 2861 644 2924 ταθέσεις
668 2880 682 2891 ο
737 2863 825 2915 ἵνα
875 2862 949 2932 μὴ
982 2862 1060 2931 τῷ
1114 2860 1353 2933 χείρονι,
1400 2864 1546 2931 φημὶ
1578 2862 1642 2931 δὴ
1676 2865 1741 2932 τῇ
1779 2863 1966 2931 σαρκὶ,

390 2954 562 3007 δοκῶν
618 2954 815 3018 κακίας
843 2953 1178 3025 ἀπέχεσθαι’
1212 2954 1291 3025 τῷ
1330 2954 1620 3024 κρείττονι,
1653 2954 1796 3021 λέγω
1822 2954 1878 3006 δὲ
1901 2956 1967 3024 τῇ

391 3044 559 3117 ψυχῇ,
589 3046 728 3117 λάθῃ
754 3046 957 3116 ταύτην
984 3044 1225 3115 δαψιλῶς
1253 3045 1666 3116 ὲνεργούμενος.

463 3250 578 3312 μές’.
617 3244 675 3298 Ὀ
700 3245 799 3314 τὴν
842 3241 1204 3313 εὐαγγελικὴν
1247 3242 1393 3314 ζωὴν
1434 3243 1673 3313 γνησίως
1723 3242 1969 3307 ἀσπαζόο-

395 3351 576 3405 μενος,
608 3335 705 3389 καὶ
751 3336 929 3407 ἀρχὴν
967 3337 1063 3388 καὶ
1093 3335 1245 3397 τέλος
1281 3335 1472 3387 ἑαυτοῦ
1516 3335 1611 3405 τῆς
1640 3335 1838 3398 κακίας
1880 3336 1968 3400 ἐξ-

391 3427 585 3495 ἐτεμε’
624 3424 716 3479 καὶ
747 3426 926 3478 πᾶσαν
964 3426 1168 3494 ἀρετὴν
1196 3423 1342 3494 ἔργῳ
1366 3441 1425 3476 τε
1462 3426 1556 3477 καὶ
1598 3425 1740 3493 λόγῳ
1774 3425 1969 3495 μετέρ-

390 3528 545 3581 χεται
566 3528 578 3541 °
609 3512 751 3569 Θόων
774 3512 961 3576 θυσίας
986 3513 1238 3576 αἰνέσεως
1266 3514 1360 3566 καὶ
1380 3512 1841 3584 ἐξομολογήσεως,
1864 3516 1969 3567 πά.-

394 3621 497 3674 σης
527 3605 629 3674 τῆς
670 3605 790 3657 κατ’
829 3605 1109 3674 ἐνέργειαν
1162 3605 1273 3657 τῶν
1308 3604 1497 3657 παθῶν
1548 3606 1968 3675 ἀπηλλαγμένος

388 3695 688 3767 ὀχλήσεως,
713 3697 806 3748 καὶ
834 3697 931 3766 τῆς
955 3695 1096 3749 κατά
1122 3695 1245 3748 νοῦν
1261 3695 1399 3766 πρὸς
1426 3695 1564 3748 αὐτά
1587 3697 1759 3766 μάχης
1790 3697 1967 3766 ὑπὲρ·

391 3806 501 3856 χων
543 3785 869 3858 ἐλεύθεροςο
925 3787 1021 3841 καὶ
1077 3787 1246 3857 μόνην
1304 3786 1446 3857 ἔχων
1493 3787 1593 3857 τὴν
1639 3787 1729 3839 ἐπ’
1793 3786 1968 3843 ἐλπίδι

387 3878 495 3931 τῶν
538 3878 845 3949 μελλόντων
898 3879 1123 3948 ἀγαθῶν
1174 3880 1272 3951 τὴν
1325 3878 1507 3951 ψυχὴν
1548 3878 1965 3949 διατρέφουσαν,

387 3970 685 4041 ἀκόρεστον
724 3972 939 4043 ἡδονήν.

462 4164 567 4231 ιιζν.
596 4166 721 4228 Τοῖς
750 4164 1195 4235 σπουδαιοτέροις
1230 4162 1339 4218 τῶν
1378 4164 1540 4219 θείων
1568 4165 1800 4236 Γραφῶν
1844 4166 1968 4218 ὲπι-

393 4256 673 4328 μληταῖς,
739 4257 834 4309 δύο
893 4256 1033 4325 ἔχων
1076 4256 1430 4323 ἀναφαίνεται
1501 4256 1717 4328 μορφάς
1751 4258 1780 4309 6
1825 4256 1967 4311 κατά

392 4346 594 4416 Κύριον
624 4346 830 4414 Λόγοςο
886 4347 984 4416 τὴν
1024 4346 1121 4416 μὲν
1172 4346 1358 4417 κοινὴν
1408 4348 1499 4400 καὶ
1546 4348 1966 4418 δημωδεστέραν

2073 1859 2191 1913 rius
2210 1859 2658 1925 adumbravcrit;
2688 1859 2973 1928 prophetae
2993 1873 3127 1911 vero
3149 1859 3301 1911 velut
3327 1858 3492 1912 ducta
3518 1860 3656 1912 ima-

2071 1951 2196 2021 gine
2228 1952 2563 2006 clarioribus
2600 1951 2770 2005 lineis
2800 1951 3069 2019 tantisper
3111 1949 3655 2019 repraesentaverint.

2143 2044 2230 2098 94.
2249 2042 2353 2108 Qui
2385 2044 2497 2097 vita
2527 2060 2591 2099 ac
2616 2043 3035 2097 conversatione
3062 2043 3237 2112 legem
3262 2041 3607 2111 exsequitur,
3626 2056 3658 2095 a

2071 2136 2204 2190 solis
2230 2145 2388 2190 vacat
2426 2137 2555 2190 mali
2587 2137 2821 2205 vitiique
2851 2135 3309 2191 conclusionibus
3347 2135 3423 2206 (id
3458 2144 3543 2189 est
3564 2150 3660 2189 ex-

2070 2226 2282 2298 tremis)
2304 2228 2598 2281 immolans
2616 2229 2748 2291 Deo,
2766 2227 2913 2295 quod
2938 2227 3340 2280 irrationalium
3359 2226 3654 2279 atl‘ectuum

2072 2334 2137 2374 ac
2165 2318 2456 2373 libidinum
2492 2326 2654 2381 nutu,
2680 2327 2803 2372 actu
2828 2318 3059 2387 geritur.
3095 2317 3322 2385 Hocque
3360 2317 3438 2371 illi
3466 2316 3653 2381 modo,

2071 2412 2143 2467 ob
2193 2412 2496 2482 spiritalem
2549 2411 2605 2466 in
2649 2424 2716 2466 eo
2768 2410 3082 2476 infantiam,
3121 2409 3189 2464 ad
3239 2410 3478 2465 salutem
3522 2409 3667 2467 satis-

2072 2504 2403 2559 consulitur.

2141 2598 2229 2651 95.
2264 2595 2367 2662 Qui
2398 2595 2729 2665 prophetico
2755 2610 3010 2650 sermone
3037 2594 3313 2655 eruditur,
3346 2594 3550 2648 nedum
3579 2593 3662 2649 af-

2072 2690 2319 2745 fectuum
2366 2689 2741 2758 vitiorumque
2787 2696 2971 2741 actum
3013 2686 3205 2757 abjieit
3234 2701 3331 2740 seu
3374 2686 3669 2751 effectum,-

2072 2800 2264 2838 verum
2310 2782 2479 2836 etiam
2517 2781 2611 2850 qui
2654 2781 2843 2835 animo
2883 2780 3218 2843 conﬂantur,
3262 2792 3457 2831 eorum
3503 2778 3663 2847 ponit

2073 2890 2397 2936 consensus,
2423 2887 2494 2927 ne
2526 2872 2657 2926 dum
2686 2872 2950 2926 deteriori
3010 2880 3163 2939 parte.
3196 2868 3382 2940 (carne
3422 2868 3665 2939 scilicet)

2074 2982 2103 3019 a
2128 2965 2272 3019 malo
2298 2979 2362 3017 ac
2378 2963 2649 3032 pravitate
2672 2963 2953 3016 abstinere
2977 2961 3223 3024 videtur,
3264 2974 3349 3022 ea,
3376 2974 3499 3028 qua:
3523 2974 3664 3027 pra:-

2073 3058 2308 3113 stantior
2334 3064 2419 3110 est
2449 3057 2667 3126 (nempe
2715 3052 2945 3124 animo),
2971 3053 3109 3107 illud
3150 3052 3475 3123 imprudens
3510 3052 3667 3123 large

2072 3158 2355 3222 operetur.

2142 3244 2231 3299 96.
2279 3242 2383 3308 Qui
2425 3257 2555 3295 vere
2584 3256 2651 3295 ex
2685 3239 2871 3294 animo
2906 3239 3279 3311 evangelicam
3320 3238 3491 3293 vitam
3540 3255 3661 3293 am-

2072 3334 2353 3404 plectitur,
2392 3348 2423 3386 a
2461 3347 2520 3386 se
2564 3330 2693 3384 mali
2739 3338 2905 3399 atque
2939 3330 3058 3383 vitii
3095 3344 3219 3383 cum
3268 3329 3511 3389 initium.
3539 3338 3658 3383 tum

2072 3427 2238 3481 tinem
2283 3424 2609 3494 amputavit,
2657 3437 2991 3491 omnemque
3034 3430 3091 3476 et
3128 3438 3298 3491 opere
3341 3431 3398 3477 et
3443 3423 3660 3477 ratione

2070 3535 2168 3574 seu
2196 3533 2451 3574 sermone
2490 3518 2755 3571 virtutem
2786 3515 2956 3578 colit,
2985 3530 3185 3584 nempe
3222 3515 3513 3569 immolans
3544 3516 3663 3569 Deo

2070 3612 2283 3666 hostias
2312 3611 2491 3664 laudis
2519 3618 2577 3664 et
2601 3607 2989 3669 confessionis,
3031 3607 3124 3675 qui
3169 3607 3318 3665 omni
3358 3606 3657 3660 atl‘ectuum

2070 3718 2134 3757 ac
2160 3702 2457 3756 libidinum
2489 3701 2547 3754 in
2584 3708 2713 3754 actu
2738 3708 2905 3769 atque
2944 3713 3113 3766 opere
3154 3696 3367 3750 solutus
3401 3696 3655 3751 molestia

2069 3797 2163 3859 sit,
2211 3803 2378 3865 atque
2423 3810 2452 3847 a
2498 3808 2679 3863 pugna
2721 3808 2846 3861 qua:
2884 3805 3009 3845 cum
3056 3788 3166 3845 illis
3206 3788 3392 3842 animo
3422 3788 3656 3857 geritur,

2069 3887 2213 3942 liber
2259 3904 2272 3940 :
2324 3887 2533 3956 quique
2578 3886 2694 3939 sola
2729 3884 2953 3939 demum
3010 3880 3309 3935 insatiabili
3348 3880 3652 3948 voluptate,

2068 3979 2385 4033 futurorum
2440 3976 2712 4031 bonorum
2761 3990 2858 4045 spe
2896 3979 3156 4043 pascente
3205 3986 3271 4025 ac
3318 3969 3654 4034 delectante,

2069 4071 2335 4143 praeditus
2358 4071 2449 4125 sit.

2140 4161 2232 4216 97.
2282 4160 2499 4214 Divinis
2527 4157 2836 4228 Scripturis
2862 4155 3187 4226 impensiori
3224 4152 3510 4224 diligentia
3551 4168 3652 4206 na-

2067 4254 2331 4308 vantibus
2388 4268 2637 4323 operam,
2699 4251 2907 4321 duplici
2972 4248 3131 4319 quasi
3194 4247 3373 4301 forma
3433 4245 3654 4300 Domini

2071 4343 2266 4399 Sermo
2292 4353 2520 4415 apparet
2568 4360 2665 4398 seu
2708 4341 3088 4411 conspicitur;
3127 4340 3300 4393 altera
3347 4336 3654 4401 communi,

387 4435 483 4488 καὶ
522 4436 621 4488 οὐκ
649 4434 852 4502 ὀλίγοις
885 4433 1079 4505 θεατὴν
1101 4475 1116 4500 ,
1158 4434 1280 4489 καθ’
1314 4436 1382 4507 ἢν
1413 4434 1630 4505 λέγεται
1668 4436 1727 4489 τὸ
1747 4480 1760 4501 ,
1796 4438 1965 4491 E160-

2072 4437 2354 4507 magisque
2391 4451 2459 4489 ex
2507 4450 2611 4489 usu
2646 4433 2794 4503 vulgi
2840 4447 2945 4486 nec
2981 4430 3175 4500 paucis
3216 4426 3561 4498 aspectabili,
3586 4439 3659 4480 ex

386 4540 499 4591 μεν
538 4523 747 4591 αὑτὸν,
782 4525 879 4577 καί
929 4527 1041 4579 οὐκ
1096 4522 1261 4594 εἶχεν
1308 4528 1470 4594 εἶδος
1511 4528 1654 4583 οὐδὲ
1702 4529 1962 4596 κὰ.ιλος’

387 4614 487 4684 τὴν
533 4615 589 4668 δὲ
623 4618 1005 4689 κρυφιωτέραν
1060 4622 1154 4672 καὶ
1200 4619 1399 4687 ὀλίγοις
1432 4619 1679 4690 ὲφικτὴν,
1720 4624 1829 4684 τοῖς
1864 4623 1964 4693 ἤδη

388 4706 531 4760 κατά
608 4708 815 4779 Πέτρον
860 4711 949 4762 καὶ
1026 4711 1281 4764 Ἰάκωϐον
1339 4712 1432 4765 καὶ
1497 4712 1773 4782 Ἰωάννην,
1843 4713 1970 4776 τοὺς

2071 4530 2232 4600 cujus
2277 4529 2493 4583 ratione
2530 4528 2737 4583 dicitur
2779 4527 2915 4581 illud
2948 4544 2960 4579 :
3000 4526 3232 4579 Vidimus
3280 4540 3421 4589 eum,
3466 4530 3514 4575 et
3551 4538 3659 4575 non

2071 4623 2292 4678 habebat
2332 4622 2555 4693 speciem
2599 4637 2766 4693 neque
2806 4622 3043 4674 decorem
3070 4620 3116 4650 δι
3160 4636 3174 4672 :
3213 4619 3385 4672 altera
3430 4616 3660 4670 abstru-

2069 4714 2238 4777 siore,
2279 4728 2343 4769 ac
2375 4728 2542 4783 quam
2578 4714 2740 4783 pauci
2768 4720 3170 4782 assequentur;
3217 4711 3253 4763 ii
3301 4709 3519 4763 scilicet
3558 4705 3660 4775 qui

390 4797 579 4865 ἁγίους
620 4800 954 4863 ἀποστόλους
982 4802 1284 4870 γεγονόσιν,
1328 4801 1413 4870 ἐφ’
1443 4794 1517 4855 ὧν
1548 4805 1576 4856 6
1606 4802 1811 4873 Κύριος
1841 4820 1971 4873 μετ-

2072 4806 2175 4875 iam
2200 4806 2407 4860 sanctis
2430 4805 2719 4874 apostolis,
2744 4805 2908 4859 Petro
2929 4812 2986 4859 et
3013 4802 3217 4859 Jacobo
3241 4812 3297 4855 et
3322 4800 3543 4863 Joanni,
3584 4800 3665 4853 εἰε-

389 4890 687 4961 εμορφὼθη
747 4893 884 4963 πρὸς
938 4893 1097 4957 δόξαν
1140 4895 1380 4947 νικῶσαν
1408 4896 1508 4965 τὴν
1538 4894 1810 4962 αἴσθησιν·
1847 4895 1968 4949 καθ’

389 4981 456 5049 ἣν
484 4979 658 5033 ἐστιν
687 4982 900 5049 ὡραῖος
927 4982 1139 5038 κάλλει
1160 4985 1320 5053 παρὰ
1347 4986 1489 5051 τοὺς
1520 4985 1691 5051 υἱοὺς
1716 4985 1837 5041 τῶν
1865 4988 1968 5040 ἀν-

463 5118 504 5150 ⁸³
532 5118 635 5173 lsa.
660 5134 769 5182 Llll,
792 5119 847 5173 2.

464 5228 536 5300 (υ)
564 5230 779 5301 Μίόνων
810 5228 928 5281 τῶν
954 5228 1064 5301 τῆς
1098 5232 1310 5301 κακίας
1345 5230 1515 5301 ἀργεῖ
1535 5233 1979 5301 συιιπερασμὰοσ

388 5317 526 5354 των.
580 5300 695 5355 Hoc
732 5314 953 5371 quoque
982 5300 1148 5353 Μαι-οἰ
1180 5302 1458 5371 νηπτικὼν
1485 5300 1606 5371 cap.
1643 5302 1729 5355 Η.
1765 5300 1971 5357 Sensus

390 5382 496 5432 est,
529 5386 655 5423 eum
679 5372 771 5440 qui
801 5370 900 5423 soli
932 5371 1058 5426 vita:
1087 5370 1271 5425 studet
1304 5388 1367 5425 ac
1391 5374 1819 5435 (-onvet'sationi,
1874 5390 1970 5427 seu

391 5442 485 5507 qui
536 5457 637 5509 pro
682 5441 1065 5509 incipienlium
1118 5443 1350 5503 ratione,
1415 5443 1673 5497 exteriori
1750 5443 1974 5499 virtutis

390 5512 566 5563 cultui
586 5513 763 5565 solum
784 5510 1140 5584 impenditur,
1175 5513 1279 5584 hoc
1309 5528 1476 5566 unum
1503 5529 1716 5576 cavere,
1745 5530 1813 5568 ne
1838 5514 1969 5584 quid

392 5596 556 5647 opere
590 5592 799 5649 peccet,
835 5582 1060 5650 ipsaque
1095 5583 1222 5635 vitia
1248 5592 1301 5635 et
1331 5584 1581 5647 allectus,
1636 5600 1729 5636 seu
1767 5582 1971 5637 conen-

392 5652 692 5719 piscentias
714 5652 1096 5721 exsequendo:
1125 5670 1244 5722 quae
1263 5662 1391 5707 sunt
1412 5656 1519 5705 τῶν
1539 5655 1746 5720 ἀλόγων
1782 5657 1971 5707 παθῶν

396 5724 857 5793 συμπεράσματα,
896 5725 1035 5776 velut
1065 5726 1455 5790 conclusiones;
1486 5742 1595 5794 (ιιιυ
1615 5742 1809 5796 nempe
1836 5728 1971 5779 irra-

2071 4898 2231 4952 miles
2262 4897 2608 4962 exstiterint;
2650 4897 2755 4951 sub
2782 4911 3022 4965 quorum
3063 4893 3354 4963 praesentia
3386 4890 3667 4945 Dominus

2070 4988 2495 5044 transformatus
2513 4998 2625 5053 est,
2653 5003 2719 5043 ea
2748 4987 2999 5042 claritate
3021 5002 3145 5056 qua:
3174 5001 3395 5041 sensum
3425 4999 3665 5053 exsupe~

2079 5234 2313 5289 tionales
2351 5233 2584 5290 affectus
2616 5244 2666 5290 et
2710 5236 2969 5289 libidines
3007 5235 3294 5289 innectunt
3326 5244 3379 5287 et
3407 5233 3662 5296 trahunt,

2078 5306 2157 5359 uti
2184 5314 2409 5375 exponit
2442 5305 2555 5360 Jac.
2590 5323 2629 5369 ι,
2672 5307 2760 5360 44.
2812 5307 2982 5360 Ducta
3035 5306 3349 5375 metaphora
3407 5320 3437 5357 a
3474 5304 3657 5375 syllo-

2078 5373 2273 5445 gismo;
2318 5375 2372 5428 in
2428 5392 2538 5445 quo
2602 5376 2682 5431 sic
2751 5377 3047 5446 pnemissac
3101 5373 3195 5429 ad'
3241 5373 3661 5446 conclusionem

2077 5444 2306 5514 ejusque
2388 5462 2673 5499 ascensum
2747 5444 3017 5500 inducunt
3090 5462 3153 5499 ac
3220 5454 3442 5513 cogunt.
3508 5444 3659 5497 Nihil

2079 5515 2421 5581 bcnel‘icns,
2456 5517 2509 5568 in
2557 5518 2753 5570 vitiosis
2801 5517 3063 5571 duntaxat
3123 5515 3531 5570 connexionibus
3566 5532 3662 5567 va—

2079 5595 2211 5648 cat;
2274 5587 2575 5657 tumquod
2623 5587 2791 5641 verbo
2832 5589 2990 5657 ἀργεῖ
3045 5586 3382 5641 contrarium
3436 5584 3663 5640 videtur

2080 5671 2301 5708 sensum
2364 5656 2663 5725 atlingcre;
2743 5656 3056 5728 tum'quod
3116 5672 3307 5711 vocem
3367 5672 3659 5728 συμπερασ

2079 5728 2301 5797 σματων
2333 5745 2440 5783 non
2473 5730 2605 5783 satis
2625 5728 2873 5798 exponit.
