4066 6188
567 233 708 298 1123
1740 234 1800 292 S.
1843 232 2125 291 MAXIM]

2254 233 2312 293 IN
2323 233 2686 293 FESSOBIS
3699 239 3820 306 1124

565 356 681 411 rat;
722 360 830 415 qua
869 352 944 400 est
974 347 1238 415 speciosus
1269 345 1441 415 forma
1487 359 1598 415 prce
1623 340 1752 410 ﬁliis
1778 343 2051 394 hominum
2081 342 2148 393 ⁸⁸.

2256 342 2522 410 Optimam.
2551 342 2769 395 Τούτων
2799 343 2855 395 δὲ
2885 342 2992 395 τῶν
3009 343 3103 397 δύο
3121 344 3368 416 μοροςῶν,
3397 347 3428 416 ἠ
3450 346 3553 417 μὲν
3577 351 3818 422 προτέρα,

567 437 740 490 Porro
775 435 1013 505 duplicis
1046 436 1211 506 hujus
1237 436 1447 500 formaa,
1483 435 1642 504 prior
1679 434 1904 503 quidem
1932 433 2021 487 his
2050 433 2144 502 qui

2254 437 2360 498 τοῖς
2411 437 2789 505 εἰσαγομένοις
2841 437 3097 507 ἁρμόδιος
3129 455 3143 468 ο
3198 438 3232 505 ή
3298 439 3526 510 δευτέρα
3592 441 3670 504 δὲ,
3723 447 3820 506 τοῖς

565 529 909 583 inducuntur
975 542 1040 582 ac
1097 527 1375 585 tironibus
1425 526 1760 580 conveniens
1808 534 1926 590 est;
1977 525 2150 578 altera

2254 526 2390 578 κατά
2419 525 2514 596 τὴν
2545 525 2747 595 γνῶσιν
2769 527 2844 591 ὼς
2866 529 3089 597 ἐφικτόν
3121 529 3487 584 τελειωθεῖσιν
3553 531 3815 601 ἀνάλογος.

567 635 696 674 vero
733 635 802 673 ex
836 633 1028 673 eorum
1075 628 1163 674 est
1213 618 1452 682 ratione,
1500 618 1595 687 qui
1643 616 1873 687 perfecti
1919 616 2150 671 scientia

2254 617 2363 670 Καὶ
2390 619 2422 686 ἡ
2455 617 2575 687 μὲν,
2598 618 2696 689 τῆς
2717 617 2942 689 πρώτης
2977 619 3070 672 τοῦ
3108 622 3312 691 Κυρίου
3348 623 3651 693 παρουσίας
3681 626 3814 681 ἐστὶν

565 718 695 764 sunt
735 725 800 764 ac
847 709 1240 772 consummati,
1283 709 1464 779 quoad
1509 710 1629 780 ejus
1674 708 1824 762 licet.
1871 707 2032 778 483
2077 707 2156 761 Ac

561 801 791 869 quidem
841 801 1040 870 prima,
1089 801 1302 855 Domini
1359 801 1563 870 prioris
1599 799 1869 854 adventus
1914 798 2156 868 speciem

566 890 754 955 refert,
797 891 863 945 ad
922 906 1082 960 quem
1129 891 1418 946 referenda
1473 890 1753 960 Evangelii
1801 891 2010 955 littera,
2055 890 2148 959 qui

567 996 764 1049 nempe
808 981 1079 1034 malorum
1127 995 1194 1034 ac
1238 995 1608 1034 mrumnarum
1655 979 2011 1048 perpessione
2053 993 2149 1032 eos

568 1072 848 1138 emundet,
876 1072 971 1142 qui
1001 1071 1206 1126 actioni
1241 1071 1468 1126 student
1497 1090 1510 1125 :
1547 1071 1743 1134 altera,
1766 1070 1995 1124 secundi
2027 1069 2147 1139 glo-

567 1164 812 1233 riosique
857 1164 1131 1218 adventus
1169 1163 1477 1232 designatio
1519 1171 1604 1217 est
1643 1171 1808 1232 atque
1849 1163 2045 1234 ﬁgura,
2080 1162 2149 1216 ad

565 1269 729 1322 quem
765 1262 1014 1324 spectare
1046 1253 1406 1324 intelligimus
1427 1255 1724 1323 spiritum;
1766 1254 1861 1322 qui
1892 1253 2153 1307 videlicet

562 1347 840 1415 spiritales
875 1362 940 1402 ac
977 1346 1295 1402 divinorum
1342 1345 1575 1401 scientia
1620 1345 1894 1410 excultos,
1931 1345 2152 1414 sapien-

2252 707 2437 772 εἰκὼν,
2470 709 2554 777 ἐφ’
2593 703 2660 780 ἧς
2688 709 2749 762 τὸ
2785 710 2946 780 ῥητὸν
2986 711 3080 764 τοῦ
3137 713 3468 781 Εὐαγγελίου
3519 714 3701 769 θετέον
3734 721 3814 784 τῆς

2252 799 2339 852 διὰ
2370 799 2710 870 παθημάτων
2741 801 3114 874 καθαιρούσης
3141 805 3266 866 τοὺς
3291 809 3630 876 πρακτικούς
3649 825 3664 837 ⁸
3691 811 3722 880 ἡ
3747 811 3808 872 δὲ,

2255 891 2353 958 τῆς
2375 889 2634 960 δευτέρας
2682 892 2774 944 καὶ
2823 893 3036 957 ἐνδόξου
3066 895 3369 966 παρουσίας
3399 898 3519 950 ἐστὶ
3551 900 3811 970 προδιατύ-

2256 997 2452 1045 πωσις,
2509 980 2593 1048 ἐφ’
2629 975 2698 1051 ἦς
2729 981 2789 1034 τὸ
2839 983 3057 1054 πνεῦμα
3085 988 3284 1038 νοεῖται
3309 999 3324 1013 ⁶
3376 985 3481 1056 τῆς
3517 987 3604 1042 διὰ
3646 991 3809 1059 σοφίας

2255 1073 2379 1135 τοὺς
2441 1076 2776 1140 γνωστικοὺς
2826 1079 3286 1148 μεταμορφούσης
3339 1079 3481 1148 πρὸς
3521 1078 3808 1133 θέωσινοέκ

2255 1166 2354 1234 τῆς
2399 1164 2456 1216 ὲν
2480 1168 2663 1230 αὐτοῖς
2688 1165 2781 1220 τοῦ
2807 1167 2966 1236 λόγου
2998 1169 3499 1240 μεταμορφώσεως,
3563 1172 3802 1226 ἀνακεκα-

2257 1255 2520 1328 λυμμένῳ
2569 1257 2848 1328 προσώπῳ
2903 1258 3002 1330 τὴν
3029 1259 3186 1327 δόξαν
3230 1261 3440 1332 Κυρίου
3481 1263 3805 1333 κατοπτριζο-

2264 1345 2476 1415 μένους.

567 1441 657 1494 tia:
686 1456 916 1497 munere
946 1441 1015 1495 ad
1038 1440 1453 1495 deiﬁcationem
1481 1439 1864 1504 transformet;
1895 1453 1962 1492 ex
1982 1435 2147 1493 Verbi
2189 1437 2247 1492 in
2273 1438 2356 1493 eis
2384 1437 2890 1510 transformatione,
2957 1436 3178 1496 Domini
3242 1439 3556 1495 claritatem
3600 1441 3800 1496 revelata

565 1533 706 1589 facie
727 1534 1078 1603 speculantes
1107 1533 1176 1588 ⁸³.

635 1623 726 1676 98.
779 1621 884 1689 Qui
941 1624 1168 1679 immota
1225 1624 1537 1680 constantia
1601 1631 1830 1694 propter
1886 1623 2148 1677 virtutem

2331 1620 2440 1692 ι-ιη’.
2478 1623 2536 1676 '0
2555 1624 2653 1694 μὲν
2673 1623 3079 1688 ἀκατασείστως
3099 1623 3240 1694 ὑπὲρ
3267 1624 3470 1695 ἀρετῆς
3493 1622 3797 1694 ἑγκαρτερῶν

567 1713 710 1769 mala
755 1714 974 1778 tolerat,
1026 1715 1267 1784 primum
1322 1715 1380 1768 in
1423 1730 1482 1769 se
1529 1715 1694 1768 Verbi
1736 1714 2056 1777 adventum,
2081 1713 2149 1767 ab

567 1805 717 1859 omni
745 1805 1141 1860 emundantem
1180 1807 1324 1870 labe,
1353 1806 1631 1861 eﬁicacem
1663 1805 1866 1860 habet:
1891 1806 1986 1874 qui
2020 1819 2152 1858 vero

566 1913 667 1967 per
721 1897 1244 1966 contemplationem
1295 1898 1363 1952 ad
1413 1905 1614 1952 statum
1670 1896 1880 1966 angelis
1932 1895 2150 1949 afﬁnem

563 1990 813 2046 animum
838 1989 1106 2053 traduxit,
1135 1989 1366 2044 secundi
1393 1989 1504 2042 vim
1529 1989 1801 2043 adventus
1824 1997 2019 2042 nactus
2045 1995 2150 2050 est,

568 2083 650 2136 illi
691 2098 721 2135 a
768 2081 928 2135 malis
965 2081 1371 2136 immunitatem
1417 2090 1770 2150 praestantem
1812 2089 1870 2136 et
1917 2091 1979 2134 ut
2028 2079 2150 2135 laedi

568 2171 866 2225 contrariis
902 2186 1010 2224 non
1045 2171 1238 2240 possit.

636 2282 728 2337 99.
786 2282 995 2336 Sensus
1039 2281 1116 2335 illi
1164 2296 1350 2336 comes
1392 2291 1496 2344 est,
1537 2282 1632 2352 qui
1674 2283 1949 2337 actionem
1983 2281 2148 2347 colit;

563 2373 664 2442 qui
692 2389 891 2443 nempe
927 2374 1118 2428 labore
1148 2374 1448 2428 virtutibus
1480 2363 1761 2445 fungitur;
1790 2374 2028 2444 sapienti
2050 2389 2153 2428 au-

570 2471 679 2516 tem
717 2477 783 2516 ac
831 2461 1087 2531 spiritali,
1130 2475 1326 2516 sensus
1368 2461 1619 2516 absentia
1662 2477 1726 2516 ac
1783 2470 1997 2532 stupor,
2057 2461 2153 2531 qui

569 2561 810 2608 mentem
841 2568 870 2607 a
916 2568 1080 2608 carne
1126 2561 1182 2608 et
1231 2552 1440 2607 mundo
1481 2553 1536 2607 in
1576 2554 1747 2607 Deum
1793 2553 2150 2607 contraxerit.

568 2645 704 2699 Nam
739 2645 892 2714 prior
920 2643 1165 2714 quidem,
1198 2645 1294 2713 qui
1327 2644 1600 2700 actionem
1632 2644 1962 2714 praestando,
1995 2655 2154 2699 natu-

571 2735 706 2789 ralis
743 2733 811 2788 ad
847 2749 1070 2788 carnem
1103 2734 1445 2790 habitudinis
1480 2736 1718 2790 vinculis
1748 2737 1994 2790 animum
2040 2736 2153 2790 sol-

567 2841 698 2880 vere
724 2825 1062 2889 connitatur,
1081 2826 1337 2880 eumdem
1366 2827 1562 2881 crebro
1581 2827 1868 2881 laboribus
1894 2827 2152 2881 fatiscen-

571 2925 678 2970 tem
708 2917 874 2971 habet
913 2935 925 2970 :
963 2918 1105 2972 alter
1129 2934 1281 2982 vero,
1327 2919 1421 2988 qui
1451 2919 1572 2989 ejus
1593 2920 1941 2974 babitudinis
1969 2920 2153 2975 clavos

567 3006 1051 3074 contemplationis
1103 3006 1156 3060 vi
1209 3008 1500 3073 evulserit,
1557 3009 1697 3064 nulli
1755 3011 1864 3080 jam
1927 3025 2154 3078 prorsus

571 3097 955 3167 mancipabilis
988 3106 1093 3162 est,
1138 3100 1208 3153 ab
1251 3116 1318 3155 eo
1357 3102 1467 3172 jam
1513 3103 1752 3157 mundus
1787 3103 2039 3167 eﬁ'ectus,
2085 3119 2154 3158 ex

571 3190 728 3259 cujus
756 3189 940 3245 indole
972 3200 1056 3245 est
1087 3199 1147 3244 ut
1181 3191 1456 3246 afﬁciatur
1481 3208 1544 3247 ac
1569 3203 1826 3248 teneatur
1859 3211 1954 3250 seu
1996 3193 2152 3248 subi-

570 3291 754 3352 gatur,
790 3282 858 3337 ab
891 3282 996 3348 eis,
1032 3284 1127 3352 qui
1156 3299 1354 3353 capere
1385 3301 1450 3340 ac
1473 3301 1788 3356 expugnare
1815 3286 2008 3340 velint.

642 3372 764 3427 100.
797 3372 954 3439 Quod
981 3375 1037 3428 in
1062 3375 1283 3430 deserto
1310 3377 1578 3432 lsraelitis
1607 3393 1803 3432 manna
1829 3377 2020 3432 datum
2044 3387 2148 3441 est,

572 3462 670 3516 Dei
697 3478 877 3518 sermo
897 3473 1001 3528 est,
1025 3464 1133 3529 bis,
1161 3465 1263 3534 qui-
1283 3466 1376 3520 illo
1396 3474 1720 3531 vescuntur,
1749 3465 1817 3520 ad
1847 3467 2150 3537 spiritalem

573 3569 790 3608 omnem
829 3555 1167 3625 voluptatem
1211 3556 1515 3621 sulﬁciens,
1555 3573 1766 3627 proque
1810 3557 2148 3613 sumentium

573 3646 790 3702 diversa
859 3647 1196 3719 cupiditate,
1265 3649 1336 3703 ad
1403 3665 1624 3705 omnem
1699 3655 2148 3718 contemperatus

573 3749 794 3811 gustum
860 3741 906 3773 “
960 3759 974 3794 :
1029 3741 1234 3812 quippe
1293 3743 1389 3814 qui
1467 3742 1651 3798 omnis
1709 3741 1820 3797 cibi
1881 3740 2146 3811 spiritalis

573 3842 790 3904 gustum
839 3832 1042 3888 habeat
1086 3849 1151 3889 ac
1191 3835 1533 3905 qualitatem.
1577 3835 1711 3889 Eam
1753 3834 1826 3890 ob
1870 3848 2008 3898 rem,
2058 3834 2145 3889 bis

574 3926 800 3996 quidem
825 3927 921 3996 qui
943 3927 1128 3983 denuo
1149 3943 1217 3982 ex
1240 3929 1567 3998 incorrupto
1589 3927 1800 3982 semine
1842 3943 1942 3996 per
1968 3926 2146 3996 Spiri-

579 4028 691 4072 tum
718 4020 831 4073 nati
866 4028 1015 4084 sunt,
1043 4019 1312 4074 rationale
1340 4019 1457 4074 sine
1484 4019 1619 4074 'dolo
1662 4020 1748 4074 lac
1784 4018 2026 4074 efﬁcitur
2061 4019 2140 4085 Bs;

575 4111 686 4164 illis
725 4119 910 4164 autem
952 4111 1046 4180 qui
1088 4119 1218 4164 sunt
1261 4109 1485 4174 inﬁrmi,
1533 4111 1656 4165 olus
1698 4111 1766 4175 ⁸⁸,
1803 4110 2150 4165 laborantem

573 4203 685 4256 vim
727 4202 897 4257 animi
940 4203 1341 4271 aﬂectibusque
1383 4201 1675 4256 obnoxiam
1719 4217 1973 4258 recreans
2019 4220 2032 4256 :
2079 4202 2150 4258 iis

2253 1713 2364 1774 τοῖς
2390 1711 2606 1776 δεινοῖς,
2632 1714 3028 1784 ἐνεργουμένην
3056 1715 3142 1782 ἐφ’
3181 1713 3377 1768 ἑαυτὸν
3405 1712 3524 1782 ἔχει
3554 1712 3648 1782 τὴν
3678 1709 3796 1782 πρώ-

2252 1821 2350 1874 την
2365 1803 2457 1857 τοῦ
2472 1805 2645 1871 Λόγου
2665 1805 2989 1874 παρουσίαν,
3007 1805 3186 1874 πάσης
3206 1803 3370 1856 αὑτὸν
3395 1802 3609 1872 κηλίδος
3635 1802 3792 1855 καθαί-

2257 1910 2452 1965 ρουσαν
2477 1911 2490 1924 °
2526 1897 2553 1948 ὁ
2589 1895 2646 1947 δὲ
2684 1895 2774 1949 τὸν
2811 1896 2936 1949 νοῦν
2987 1896 3123 1967 πρὸς
3167 1895 3264 1965 τὴν
3304 1894 3416 1946 τῶν
3463 1893 3696 1961 ἀγγέλων
3729 1889 3794 1944 διὰ

2253 1984 2488 2056 θεωρίας
2519 1986 2888 2057 μεταϐιϐάσας
2918 1988 3274 2050 κατάστασιν,
3313 1986 3416 2057 τῆς
3443 1985 3686 2056 δευτέρας
3704 1983 3790 2054 εχει

2254 2077 2555 2145 παρουσίας
2586 2078 2684 2149 τὴν
2707 2077 2958 2149 δύναμιν,
3005 2078 3337 2150 ἐνεργοῦσαν
3363 2078 3518 2148 ἀυτῷ
3542 2079 3600 2132 τὸ
3623 2076 3790 2139 ἀπαθὲς

2253 2167 2348 2220 καὶ
2377 2167 2672 2222 ἀνάλωτον.

2323 2280 2426 2347 ιιιθ’⁸
2460 2281 2722 2352 Αἴσθησις
2757 2283 2858 2354 μὲν
2888 2283 3080 2336 ἕπεται
3109 2283 3188 2353 τῷ
3218 2282 3538 2354 πρακτικῷ,
3564 2282 3643 2336 διὰ
3665 2283 3790 2335 πόνον

2254 2372 2606 2440 κατορθοῦντι
2631 2374 2732 2437 τὰς
2751 2375 2970 2445 ἀρετάς
2996 2373 3329 2444 ἀναισθησία
3349 2373 3413 2427 δὲ
3530 2372 3786 2442 γνωστικῷ,

2252 2464 2344 2516 τὸν
2371 2463 2494 2518 νοῦν
2526 2465 2633 2518 ἀπὸ
2659 2465 2756 2535 τῆς
2786 2466 2988 2536 σαρκὸς
3019 2465 3111 2518 καὶ
3137 2465 3232 2517 τοῦ
3261 2465 3474 2534 κόσμου
3499 2465 3788 2518 συστείλαντι

2255 2554 2392 2624 πρὸς
2420 2553 2572 2606 Θεόν.
2620 2553 2678 2606 ’0
2723 2553 2822 2624 μὲν
2869 2557 2981 2625 γὰρ
3029 2554 3192 2608 λῦσαι
3223 2556 3322 2624 τὴν
3349 2554 3530 2625 ψυχὴν
3559 2553 3656 2607 τῶν
3677 2553 3789 2606 κατὰ

2255 2646 2417 2715 φύσιν
2462 2648 2561 2716 τῆς
2594 2645 2835 2716 σχέσεως
2882 2647 3020 2716 πρὸς
3046 2646 3147 2716 τὴν
3175 2646 3357 2716 σάρκα
3390 2646 3593 2717 δεσμῶν
3617 2646 3693 2698 διὰ
3710 2643 3786 2712 τῆς

2255 2739 2567 2806 πρακτικῆς
2594 2736 2994 2808 ἀγωνιζόμενος
3015 2777 3031 2801 ,
3083 2736 3197 2807 ἔχει
3223 2736 3321 2806 τὴν
3343 2736 3567 2808 γνώμην
3593 2739 3690 2800 τοῖς
3710 2736 3784 2788 πό-

2253 2845 2366 2892 νοις
2396 2828 2634 2898 συνεχῶς
2665 2833 2684 2860 ~'
2712 2818 3144 2892 ὲποκλάζουσαν·
3181 2831 3209 2882 ὁ
3233 2830 3314 2895 δὲ,
3347 2830 3547 2898 ταύτης
3573 2830 3660 2900 τῆς
3683 2829 3783 2898 σχί-

2257 2935 2394 2983 σεως
2420 2919 2745 2982 ἀνασπάσας
2773 2920 2863 2974 διὰ
2891 2919 2994 2989 τῆς
3023 2920 3256 2990 θεωρίας
3283 2919 3457 2992 [unus
3479 2920 3593 2990 Reg.
3615 2920 3784 2989 θεωρη-

2254 3009 2436 3082 τικῆς]
2480 3013 2608 3074 τοὺς
2629 3011 2814 3082 ἥλους,
2845 3011 3023 3064 οὐδενὶ
3051 3012 3114 3064 τὸ
3147 3012 3373 3065 σύνολόν
3397 3014 3508 3065 ἐστι
3534 3011 3780 3071 καθεκτός·

2253 3102 2497 3172 καθαρὸς
2547 3103 2648 3174 ἤδη
2705 3101 2801 3155 τοῦ
2859 3104 3092 3174 πάσχειν
3133 3120 3192 3156 τε
3245 3105 3346 3156 καὶ
3391 3102 3676 3173 κρατεῖσθαι
3703 3116 3779 3152 πε-

2253 3195 2490 3264 φυκότος
2522 3194 2675 3266 παρά
2702 3195 2813 3248 τῶν
2840 3195 2978 3248 ἑλεῖν
3013 3195 3379 3267 βουλομένων,
3415 3195 3692 3266 γενόμενος.

2325 3373 2393 3445 ρ’.
2425 3373 2500 3426 Τὸ
2531 3372 2707 3443 μάννα
2737 3371 2893 3426 δοθὲν
2925 3371 3004 3443 τῷ
3038 3370 3255 3443 Ἰσραὴλ
3287 3370 3432 3425 κατά
3457 3371 3549 3440 τὴν
3587 3368 3774 3438 ἔρημον»

2251 3466 2282 3518 δ
2306 3463 2399 3518 τοῦ
2425 3463 2561 3517 Θεοῦ
2585 3463 2744 3532 λόγος
2771 3463 2888 3516 ἐστὶ
2911 3504 2926 3529 ,
2978 3463 3115 3534 πρὸς
3161 3463 3346 3516 πᾶσαν
3367 3461 3546 3534 ἡδονὴν
3572 3473 3772 3526 πνευμα-

2256 3556 2417 3627 τικὴν
2450 3556 2645 3627 ἁρμῶν
2675 3559 2790 3621 τοῖς
2828 3556 3101 3610 ἐσθίουσιν
3132 3556 3320 3620 αὑτὸν,
3362 3555 3600 3625 καὶπρὸς
3627 3551 3770 3604 πᾶσαν

2261 3648 2449 3716 γεῦσιν
2479 3649 2619 3703 κατά
2646 3650 2746 3720 τὴν
2784 3647 3047 3718 διαφορὰν
3075 3647 3172 3718 τῆς
3198 3647 3312 3700 τῶν
3339 3646 3602 3701 ἐσθιόντων
3621 3641 3768 3696 ἐπιθυ-

2261 3740 2410 3810 μίας,
2440 3740 2931 3812 μετακιρνώμενος.
2968 3740 3156 3811 Πάσης
3181 3740 3292 3811 γὰρ
3325 3734 3765 3810 ἔχειπνευματικῆς

2257 3831 2514 3902 βρώσεως
2548 3834 2827 3903 ποιότητα.
2857 3831 2948 3884 Διδ
2986 3831 3099 3893 τοῖς
3145 3829 3244 3900 μὲν
3287 3829 3486 3884 ἄνωθεν
3515 3830 3572 3880 ὲκ
3603 3824 3762 3891 σπὸρῦυ

2256 3923 2536 3994 ἀφθάρτου
2569 3923 2656 3977 διὰ
2705 3923 3013 3993 πνεύματος
3033 3921 3342 3990 γεννηθεῖσι
3363 3963 3376 3987 ,
3409 3920 3600 3988 λογικὺν
3615 3914 3760 3971 ἄδολον

2261 4015 2472 4084 γίνεται
2515 4016 2656 4084 γάλα
2678 4032 2692 4046 ο
2725 4017 2839 4079 τοῖς
2883 4015 2942 4068 δὲ
2971 4013 3278 4077 ἀσθενοῦσι,
3309 4014 3546 4084 λάχανον,
3568 4006 3649 4080 τὴν
3677 4023 3758 4059 πα-

2253 4107 2456 4162 θοῦσαν
2491 4107 2590 4177 τῆς
2632 4105 2815 4176 ψυχῆς
2859 4106 3352 4178 παραμυθούμενος
3398 4105 3638 4174 δύναμιν
3672 4100 3756 4158 τοῖς

2249 4195 2305 4250 δὲ
2332 4195 2420 4249 διὰ
2449 4197 2549 4262 τὴν
2577 4194 2690 4258 ἕξιν
2719 4192 2788 4247 τὰ
2828 4193 3155 4264 αἰσθητήρια
3195 4195 3294 4265 τῆς
3334 4193 3499 4264 ψυχῆς
3536 4201 3753 4257 γεγυμνα-
3774 4265 3785 4272 0

575 4297 816 4366 denique
847 4297 944 4365 qui
991 4303 1218 4365 propter
1257 4294 1528 4360 habitum,
1561 4310 1757 4350 sensus
1789 4295 1961 4350 animi
1993 4311 2150 4350 exer-

2255 4287 2429 4357 σμένα
2480 4285 2661 4357 ἔχουσι
2692 4287 2828 4356 πρὸς
2881 4283 3156 4354 διάκρισιν
3209 4284 3375 4340 καλοῦ
3402 4300 3456 4337 τε
3479 4280 3562 4334 καὶ
3597 4273 3749 4331 κακοῦ.

575 4389 775 4442 citatos
818 4387 1028 4441 habent
1075 4386 1144 4440 ad
1195 4385 1586 4441 discretionem
1626 4386 1758 4440 boni
1803 4394 1860 4442 et
1900 4387 2032 4440 mali
2079 4388 2148 4452 ⁸⁷,

574 4477 816 4546 seipsum
854 4476 1105 4545 praebens
1135 4476 1370 4530 solidum
1411 4476 1618 4531 cibum.
1648 4475 1790 4543 Quin
1820 4484 1877 4531 et
1909 4476 2153 4532 inﬁnitas

574 4569 712 4623 alias
738 4569 975 4622 virtutes
1003 4568 1100 4622 Dei
1123 4582 1306 4622 sermo
1335 4567 1521 4632 habet,
1555 4583 1692 4637 quas
1722 4567 1979 4637 praesenti
2009 4582 2149 4635 aevo,

575 4675 740 4714 nemo
769 4660 986 4730 capiat;
1029 4673 1169 4728 quas
1212 4659 1358 4728 ipsas
1405 4673 1618 4724 omnes,
1665 4673 1762 4714 seu
1807 4659 2040 4726 aliquas,
2082 4674 2150 4714 eo

573 4751 723 4820 quod
761 4751 817 4804 in
857 4750 1076 4804 modico
1121 4749 1297 4803 ﬁdelis
1337 4749 1632 4813 exstiterit,
1667 4741 1999 4818 ac’cepturus
2040 4757 2148 4815 est,

574 4843 670 4911 qui
698 4841 916 4896 mortali
953 4843 1169 4896 solutus
1197 4841 1331 4904 vita,
1370 4841 1570 4910 dignus
1609 4840 1907 4896 habebitur
1939 4841 2034 4910 qui
2062 4857 2156 4896 su-

541 4973 544 4975 .
576 4948 673 5003 pra
702 4934 892 4997 multa,
920 4933 1038 4988 sive
1067 4933 1254 4987 omnia
1281 4933 1656 4986 constituatur
1692 4933 1759 4986 ⁸⁸.
1784 4931 1976 4989 Omnis
2004 4934 2151 4989 enim

574 5024 865 5094 praesentis
887 5023 1013 5078 vitae
1042 5023 1314 5077 donorum
1355 5023 1662 5086 summitas,
1703 5023 1993 5078 minimum
2017 5025 2151 5095 quid

574 5123 659 5168 est
687 5123 742 5168 et
775 5113 1074 5177 modicum,
1111 5113 1525 5183 comparatione
1558 5113 1896 5169 futurorum.

573 5285 741 5360 484
787 5287 1113 5343 CENTENA
1168 5287 1436 5344 ITERUM
1491 5286 1822 5344 GNOSTICA
1874 5287 2146 5348 CAPITA.

645 5380 698 5434 1.
741 5380 894 5437 Unus
913 5381 1081 5445 Deus,
1113 5380 1261 5450 quod
1296 5397 1405 5435 una
1429 5380 1607 5435 deitas
1634 5398 1647 5433 :
1676 5381 1860 5437 unitas
1889 5383 2150 5455 principii

646 5503 690 5534 ⁸²
712 5502 854 5557 Psal.
880 5519 1020 5562 XLIV,
1044 5501 1096 5556 '5.
1175 5501 1221 5536 ³⁸³
1241 5500 1285 5554 ll
1309 5499 1437 5554 Cor.
1465 5517 1544 5560 Ill,
1572 5501 1656 5556 18.
1734 5500 1780 5531 ⁵⁸
1805 5498 1934 5570 Sap.
1961 5517 2065 5567 xw,
2088 5502 2150 5555 20

2255 5504 2301 5533 ⁸⁸
2327 5503 2347 5556 l
2378 5503 2527 5556 Petr.
2555 5518 2612 5567 ιι,
2635 5502 2690 5555 2.
2766 5502 2811 5533 ⁸⁸
2835 5501 2996 5556 Rom.
3021 5515 3128 5564 xlv,
3150 5500 3202 5553 2.
3275 5497 3318 5529 "
3339 5493 3485 5549 Hebr.
3504 5500 3541 5552 ν,
3560 5473 3616 5532 Ηο

577 5571 767 5642 Matth.
800 5589 944 5637 xxw,
969 5573 1068 5639 47;
1105 5588 1227 5634 xxv,
1253 5571 1344 5624 Ἣ.

2256 4380 2484 4450 στερεὰν
2531 4380 2723 4434 ἑαυτὸν
2767 4379 2952 4432 δίδωσι
2996 4381 3226 4452 τροφήν.
3263 4378 3486 4451 Ἐχειδὲ
3524 4370 3751 4430 καὶᾶλλως

2253 4472 2514 4542 ἀπείρους
2534 4472 2791 4542 δυνάμεις
2818 4474 2846 4525 ὁ
2870 4471 2963 4526 τοῦ
2990 4472 3126 4526 Θεοῦ
3149 4473 3325 4540 λόγος,
3353 4467 3568 4523 ἐνταῦθα
3592 4464 3651 4534 μὴ
3669 4478 3749 4530 xw-

2257 4564 2526 4636 ρουμὲνας
2549 4579 2564 4594 ⁶
2629 4563 2902 4628 ἀναλύσας
2949 4564 3006 4617 δέ
3048 4581 3171 4631 τις,
3225 4563 3319 4618 καὶ
3356 4561 3492 4625 ἄξιος
3518 4556 3744 4626 γενόμενος

2251 4660 2344 4711 ἐπὶ
2376 4657 2584 4712 πολλῶν
2603 4699 2618 4724 ,
2669 4661 2702 4732 ἢ
2737 4661 2830 4714 ἐπὶ
2859 4661 3076 4714 πάντων
3105 4641 3526 4726 κατασταθῆναι,
3567 4647 3742 4719 λήψεται

2253 4748 2513 4812 κάκείνας
2556 4748 2683 4813 ὅλας
2708 4790 2723 4816 ,
2784 4749 2820 4820 ἦ
2863 4765 3015 4812 τινας
3063 4747 3158 4801 τοῦ
3203 4747 3359 4814 λόγου
3402 4745 3492 4806 τὰς
3521 4736 3737 4803 δυνάμεις.

2250 4839 2338 4894 διὰ
2365 4840 2427 4893 τὸ
2455 4842 2512 4893 ὲν
2540 4840 2811 4910 ἐλαχίστῳ
2843 4840 3007 4893 αὐτὸν
3038 4837 3272 4892 ἐνταῦθα
3301 4833 3476 4889 πιστὸν
3494 4823 3733 4900 γεγονέναι-

2249 4934 2409 4986 Πᾶσα
2434 4931 2544 5003 γὰρ
2568 4933 2675 4985 τῶν
2702 4930 2942 4985 ἐνταῦθα
2967 4931 3259 5002 διδομένων
3288 4927 3439 4981 θείων
3458 4913 3733 4994 χαρισμάτων

2249 5025 2512 5096 ἀκρότης.
2573 5021 2855 5094 συγκρίσει
2908 5023 3017 5075 τῶν
3062 5020 3392 5091 μελλόντων.
3440 5003 3726 5079 ὲλάχιστόντι

2248 5117 2343 5170 καὶ
2376 5114 2597 5186 μέτριόν
2619 5116 2712 5167 ὲστ
2721 5131 2789 5168 ιν.

2347 5290 2490 5346 EKA
2501 5289 2771 5345 τοΝΤΑΣ
2800 5293 2858 5344 Βι
2886 5287 3075 5344 nvos
3083 5286 3298 5345 1‘1on
3319 5263 3643 5340 KEMAANN

2329 5393 2400 5439 α’.
2449 5379 2544 5447 Εἷς
2568 5383 2720 5450 Θεὸς,
2754 5383 2836 5437 δτι
2863 5381 2960 5453 μία
2981 5380 3193 5453 θεότης’
3247 5377 3407 5451 μονὰς
3425 5371 3554 5444 [dem
3571 5360 3622 5418 ἴδ’

650 5688 664 5704 ⁸
701 5682 855 5737 Unus
898 5685 1030 5752 Reg.
1070 5682 1284 5750 σαφῶς·
1336 5682 1495 5744 alter,
1533 5677 1762 5749 συχνῶς,
1796 5694 1918 5750 quae
1953 5681 2145 5756 etrvid

2254 5699 2309 5738 ur
2339 5681 2534 5736 melior
2557 5680 2741 5735 lectio.
