4094 6204
387 221 523 336 πιέδ

1228 265 1562 328 CAPITUM
1601 250 1869 324 TIIEOL.
1909 265 2000 324 ET
2041 263 2276 325 (ECON.
2317 266 2702 327 CEN'I‘URI.\
2745 269 2827 328 II.

3506 271 3647 334 1136

383 384 499 446 νὰς,
543 384 594 436 in
623 381 793 436 tribus
828 381 1028 454 Regiis]
1061 382 1298 451 ἄναρχος
1325 381 1420 434 καὶ
1443 379 1592 447 ἁπλῆ
1615 377 1710 430 καὶ
1739 374 1969 444 ὑπεροῦο

2074 392 2292 446 expers,
2322 378 2664 449 simplexque
2692 389 2747 434 et
2790 381 3302 449 superessentialis;
3343 380 3651 450 impartibi-

383 491 514 532 σιος·
550 477 644 527 καὶ
677 473 891 546 ἀμερὴς
925 469 1030 526 καῖ
1053 471 1396 541 ἀδιαίρετοςο
1431 472 1465 540 ἡ
1494 469 1634 538 αὑτὴ
1678 467 1844 538 μονὰς
1880 467 1971 519 καὶ

381 565 556 633 Τριάς
582 581 596 593 ·
655 565 753 633 ὅλη
803 564 971 634 μονὰς
1003 565 1037 634 ή
1065 562 1227 632 αὑτὴ,
1276 562 1370 615 καὶ
1402 562 1497 631 ὅλη
1529 559 1698 631 Τριάς
1729 560 1763 629 ὴ
1791 558 1928 628 αὖτῆ
1955 575 1968 588 ⁸

387 655 553 729 μονὰς
603 655 700 726 ὅλη
735 655 877 708 κατὰ
905 654 1006 726 τὴν
1035 654 1223 707 οὐσίαν
1251 656 1286 725 ἡ
1319 652 1494 724 αὑτὴ,
1551 651 1648 704 καὶ⁹
1679 648 1850 719 Τριὰς
1875 647 1971 717 ὅλη

385 745 531 800 κατὰ
558 745 658 808 τὰς
684 745 1014 820 ὑποστάσεις
1047 745 1080 814 ή
1111 743 1274 813 αὑτή.
1314 741 1504 811 Πατὴρ
1533 740 1665 810 γὰρ,
1700 738 1796 790 καὶ
1822 736 1968 799 Υἱὸς,

385 836 480 890 καὶ
514 835 740 906 Πνεῦμα
769 837 926 905 ἅγιον
961 837 993 905 ἡ
1023 834 1244 904 θεότης,
1275 832 1370 886 καὶ
1398 834 1457 885 ὲν
1486 831 1682 901 Πατρὶ,
1715 829 1812 882 καὶ
1836 826 1968 897 Υίῷ,

385 928 479 982 καὶ
512 927 653 998 ἁγίῳ
677 925 958 998 Πνεύμιιτι
993 927 1026 998 ἡ
1055 925 1266 996 θεότης.
1306 924 1446 994 Ὅλη
1476 925 1535 976 ἐν
1558 923 1665 994 ὅλῳ
1691 921 1770 992 τῷ
1799 920 1973 990 Πατρὶ

384 1022 416 1088 ἡ
447 1019 584 1090 αὐτή
611 1035 626 1050 ·
653 1018 747 1073 καὶ
795 1018 915 1081 ὅλος
943 1019 1004 1071 ὲν
1055 1017 1153 1090 ὅλῃ
1179 1019 1246 1088 τῇ
1271 1016 1409 1086 αὑτῇ
1441 1017 1469 1068 6
1492 1015 1683 1086 Πατήρ
1709 1031 1722 1044 ·
1746 1013 1839 1066 καὶ
1868 1011 1964 1081 ὅλη

383 1111 443 1162 ὲν
475 1109 584 1181 ὅλῳ
641 1107 720 1179 τῷ
775 1107 890 1178 Υἱῷ
943 1109 978 1179 ἡ
1021 1108 1160 1178 αὑτή
1181 1124 1196 1138 ⁸
1250 1107 1345 1160 καὶ
1373 1106 1494 1168 ὅλος
1519 1107 1577 1158 ὲν
1606 1105 1700 1175 ὅλῃ
1733 1107 1801 1176 τῇ
1833 1103 1970 1172 αὐτῇ

381 1205 410 1255 6
434 1202 584 1266 Υἱός.
622 1203 732 1254 Καὶ
762 1201 859 1270 ὅλη
891 1201 952 1253 ἐν
980 1200 1086 1270 ὅλῳ
1111 1200 1189 1269 τῷ
1213 1198 1495 1269 Πνεῦματι
1521 1197 1601 1268 τῷ
1629 1197 1772 1266 ἁγίῳ
1808 1198 1840 1267 ἡ
1870 1195 1972 1250 αὑ-

382 1291 450 1363 τή
478 1307 493 1322 ο
551 1291 647 1344 καὶ
697 1291 819 1344 ὅλον
866 1291 925 1343 ὲν
973 1288 1071 1361 ὅλῃ
1099 1291 1164 1359 τῇ
1189 1289 1326 1360 αὑτῇ
1355 1289 1418 1340 τὸ
1449 1287 1675 1357 Πνεῦμα
1705 1285 1766 1339 τὸ
1795 1287 1969 1354 ἅγιον.

385 1383 525 1454 Ὀλη
555 1383 769 1455 Πατὴρ,
803 1383 899 1436 καὶ
933 1383 991 1434 ὲν
1019 1381 1124 1452 ὅλῳ
1151 1379 1228 1450 τῷ
1255 1379 1429 1450 Πατρί
1453 1395 1466 1410 ·
1526 1382 1622 1432 καὶ
1649 1378 1768 1441 ὅλος
1797 1378 1855 1429 ὲν
1877 1377 1971 1448 ὅλῃ

384 1477 413 1529 6
440 1475 630 1547 Πατὴρ
649 1515 663 1541 ,
696 1474 792 1528 καὶ
821 1475 917 1544 ὅλη
948 1473 1067 1536 ὅλος
1097 1473 1125 1524 6
1149 1472 1360 1541 Πατήρ.
1398 1470 1507 1524 Καὶ
1533 1470 1629 1540 ὅλη
1654 1469 1772 1532 ὅλος
1799 1472 1828 1523 6
1851 1469 1972 1533 Υἱὸς

384 1569 418 1638 ἡ
463 1567 599 1637 αὐτή
627 1584 639 1598 ·
697 1567 792 1619 καὶ
835 1565 930 1636 ὅλη
979 1565 1038 1616 ἐν
1077 1563 1184 1633 ὅλῳ
1217 1562 1294 1632 τῷ
1324 1561 1437 1632 Υἱῷ
1470 1562 1503 1631 ἡ
1534 1561 1694 1631 αὐτή·
1734 1560 1827 1613 καὶ
1852 1561 1972 1623 ὅλος

384 1658 482 1726 ὅλη
509 1698 522 1719 ,
579 1657 678 1710 καὶ
723 1657 781 1709 ὲν
823 1656 919 1726 ὅλῃ
953 1657 1019 1726 τῇ
1046 1655 1184 1724 αὑτῇ
1211 1654 1239 1705 6
1265 1652 1412 1716 Υἱός.
1474 1653 1584 1706 Καὶ
1626 1651 1723 1721 ὅλη
1749 1649 1970 1720 Πνεῦμα

391 1749 549 1818 ἅγιον
576 1750 610 1818 ἡ
643 1748 803 1819 αὑτὴ,
838 1749 934 1802 καὶ
965 1748 1026 1800 έν
1046 1747 1154 1817 ὅλῳ
1175 1744 1252 1816 τῷ
1278 1744 1554 1814 Πνεῦματι
1583 1743 1660 1814 τῷ
1679 1743 1840 1813 ἁγίῳ*
1876 1743 1969 1796 καὶ

386 1841 454 1895 τὸ
487 1844 713 1912 Πνεῦμα
740 1840 802 1893 τὸ
828 1841 983 1908 ἅγιον
1008 1840 1128 1893 ὅλον
1148 1837 1266 1908 ὅλη,
1287 1837 1379 1889 καὶ
1395 1837 1514 1890 ὅλον
1535 1838 1592 1890 ὲν
1612 1836 1710 1908 ὅλῃ
1735 1838 1801 1905 τῇ
1829 1835 1966 1904 αὑτῇ

385 1931 686 2001 τὸΠνεῦμα
708 1930 768 1983 τὸ
799 1929 976 1998 ἅγιον.
1006 1929 1084 1983 Οὐ
1120 1928 1232 1998 γὰρ
1250 1930 1314 1981 ὲκ
1341 1926 1598 1997 rigat:ij;
1613 1925 1804 1995 θεότης
1822 1923 1969 1993 ὲντῷ

385 2023 583 2092 Πατρὶ,
603 2021 636 2091 ἢ
659 2023 723 2074 ὲκ
752 2020 952 2092 μέρους
976 2019 1109 2082 Θεὸς
1135 2020 1166 2072 6
1192 2019 1401 2089 Πατήρ·
1426 2017 1553 2070 οὔτε
1584 2019 1648 2069 ὲκ
1681 2015 1881 2086 μέρους
1913 2015 1969 2067 ἐν

385 2112 464 2182 τῷ
495 2111 609 2182 Υἱῷ
639 2113 671 2181 ἡ
699 2111 913 2180 θεότης,
944 2111 979 2180 ἢ
1005 2110 1075 2162 ὲκ
1112 2110 1311 2181 μέρους
1341 2107 1474 2170 Θεὸς
1503 2109 1531 2160 6
1561 2107 1687 2170 Υἱός
1709 2123 1722 2136 °
1756 2104 1880 2160 οῦτε
1903 2107 1969 2158 ὲκ

387 2206 591 2274 μέρους
626 2205 684 2256 ὲν
714 2201 791 2272 τῷ
817 2202 956 2272 ἁγίῳ
979 2201 1256 2272 Πνεῦματι
1289 2203 1323 2270 ἡ
1353 2199 1565 2270 θεότης,
1601 2198 1633 2269 ἢ
1675 2199 1742 2252 ἐκ
1769 2197 1969 2269 μέρους

386 2294 520 2357 Θεὸς
548 2294 608 2346 τὸ
642 2292 864 2363 Πνεῦμα
895 2293 955 2345 τὸ
979 2292 1153 2360 ἅγιον.
1210 2290 1350 2344 Οὔτε
1378 2290 1485 2360 γὰρ
1519 2289 1752 2360 μεριστὴ
1779 2290 1813 2358 ἡ
1848 2288 1968 2341 θεό-

384 2402 484 2454 της
507 2401 520 2414 °
578 2383 701 2437 οὗτε
752 2382 949 2454 ἀτελὴς
994 2382 1131 2445 Θεὸς
1179 2382 1208 2434 6
1251 2379 1443 2452 Πατὴρ
1471 2419 1486 2444 ,
1540 2380 1573 2450 ἢ
1604 2381 1632 2432 6
1664 2379 1812 2442 Υἱὸς,
1847 2379 1968 2450 ἣτὺ

387 2476 614 2547 Πνεῦμα
643 2476 706 2528 1:6
732 2475 890 2544 ἅγιον
912 2491 926 2506 ο
957 2475 1073 2528 ἀλλ’
1114 2473 1210 2544 ὅλη
1241 2473 1391 2527 ἐστὶν
1416 2475 1449 2544 ἡ
1487 2473 1626 2544 αὑτὴ
1665 2472 1846 2526 τελεία
1888 2490 1970 2525 τε-

382 2567 544 2630 λείως
570 2569 627 2620 ὲν
655 2566 845 2638 τελείῳ
874 2566 951 2637 τῷ
983 2565 1156 2637 Πατρί
1175 2583 1188 2596 ο
1216 2566 1313 2619 καὶ
1340 2565 1434 2638 ὅλη
1461 2565 1641 2619 τελεία
1663 2566 1881 2630 τελείως
1909 2567 1968 2618 ἐν

386 2659 579 2731 τελείῳ
607 2660 684 2731 τῷ
713 2660 826 2730 Υἱῷ
857 2661 890 2729 ἡ
916 2660 1075 2729 αὑτὴ·
1111 2658 1213 2712 καὶ
1232 2659 1328 2728 ὅλη
1354 2659 1534 2712 τελεία
1565 2659 1788 2722 τελείως
1812 2660 1845 2730 ἡ
1869 2659 1968 2713 αὑ·

384 2751 451 2822 τὴ
506 2752 564 2803 ἐν
606 2750 800 2820 τελείῳ
833 2749 914 2819 τῷ
938 2751 1078 2819 ἁγίῳ
1108 2748 1410 2820 Πνεύματι.
1445 2750 1603 2813 ⁹Ὀλος
1629 2750 1737 2820 γὰρ
1773 2751 1831 2803 ὲν
1863 2751 1968 2820 ὅλῳ

385 2838 463 2909 τῷ
519 2837 632 2908 Vit};
683 2839 777 2891 καὶ
829 2837 906 2909 τῷ
952 2835 1229 2904 Πνεύματι
1275 2836 1667 2910 τελείωςὲστὶν
1701 2837 1727 2888 6
1756 2837 1964 2906 Πατήρο

387 2928 480 2981 καὶ
526 2927 645 2991 ὅλος
679 2930 736 2980 ὲν
765 2927 870 2998 ὅλῳ
899 2925 976 2996 τῷ
1001 2925 1175 2994 Πατρὶ
1216 2925 1308 2976 καὶ¹
1338 2923 1414 2993 τῷ
1443 2924 1717 2994 Πνεῦματι
1748 2922 1968 2986 τελείως

387 3022 535 3074 ἐστιν
561 3020 590 3072 6
626 3019 752 3082 Υἱός
774 3035 787 3048 ·
824 3018 918 3072 καὶ
944 3017 1065 3070 ὅλον
1095 3017 1152 3069 ὲν
1177 3015 1282 3086 ὅλῳ
1306 3015 1380 3086 τῷ
1411 3016 1584 3087 Πατρὶ
1623 3014 1718 3068 καὶ
1750 3014 1825 3086 τῷ
1855 3014 1968 3085 Υἰῷ

389 3111 610 3174 τελείως
646 3111 766 3164 ἐστὶ
795 3109 854 3162 τὸ
882 3107 1107 3178 Πνεῦμα
1141 3107 1202 3159 τὸ
1235 3107 1408 3173 ἅγιον.
1441 3105 1532 3159 Διὸ
1553 3105 1644 3159 καὶ
1674 3100 1753 3170 εἷς
1783 3105 1915 3168 Θεὸς
1943 3108 1971 3159 6

392 3203 582 3274 Πατὴρ
618 3202 710 3255 καὶ
738 3204 766 3255 6
798 3200 924 3264 Υἱὸς
959 3200 1050 3252 καὶ
1078 3198 1137 3252 τὸ
1165 3198 1392 3270 Πνεῦμα
1421 3197 1482 3250 τὸ
1507 3197 1681 3266 ἅγιον.
1719 3198 1834 3251 Μία
1860 3198 1969 3268 γὰρ

393 3299 489 3349 καὶ
517 3295 550 3364 ὴ
579 3292 716 3364 αὑτὴ
748 3291 904 3345 οὑσία
937 3291 1032 3344 καὶ
1080 3289 1305 3360 δύναμις
1352 3290 1447 3343 καὶ
1476 3288 1724 3359 ἐνέργεια
1755 3289 1970 3358 Πατρὺς

389 3386 483 3439 xui
527 3383 660 3437 Υἱοῦ
694 3383 790 3436 καὶ
836 3381 993 3450 ἁγίου
1040 3380 1387 3452 Πνεῦματος’
1428 3381 1527 3433 οὐκ
1559 3379 1714 3444 ὅντος
1755 3379 1968 3443 οὐδενὸς

388 3475 483 3531 τοῦ
510 3475 698 3546 ἐτέρου
729 3475 898 3544 χωρὶς
925 3473 958 3542 ἢ
986 3472 1294 3542 νοουμένου.

461 3563 527 3633 β’.
585 3565 743 3617 Πᾶσα
788 3561 1017 3630 νόησις,
1069 3559 1178 3612 τῶν
1221 3557 1484 3612 νοούντων
1531 3557 1626 3611 καὶ
1664 3560 1972 3628 νοουμένων

343 3655 557 3760 (ἐστίν’
596 3656 624 3707 6
648 3653 710 3706 δὲ
735 3651 889 3713 Θεὸς,
926 3649 1047 3703 οὕτε
1081 3650 1186 3702 τῶν
1213 3650 1476 3702 νοούντων
1503 3649 1674 3715 ἐστὶν,
1709 3648 1832 3701 οὔτε
1864 3650 1972 3703 τῶν

572 3743 584 3760 .
689 3756 732 3760 __
800 3739 934 3760 s._t-
984 3738 1151 3760 ,μέμ
1193 3737 1297 3760 --ιη
1326 3754 1341 3760 -
1403 3737 1517 3760 ι..-ὶ
1553 3738 1944 3760 __-__--L_-___-

390 3743 734 3815 νοουμένων·
799 3739 939 3810 ὑπὲρ
981 3738 1154 3792 ταῦτα
1193 3737 1301 3806 γάρ
1326 3754 1342 3770 ο
1401 3737 1522 3790 ἐπεὶ
1550 3738 1970 3808 περιγράφεται,

389 3835 488 3906 τῆς
517 3833 612 3887 τοῦ
640 3832 932 3904 νοουμένου
966 3830 1223 3902 σχέσεως,
1260 3829 1336 3891 ὡς
1363 3828 1520 3894 νοῶν,
1554 3828 1970 3899 ’τειροσὸεόμενος⁹

390 3927 426 3998 ἢ
473 3925 552 3997 τῷ
592 3925 802 3981 νοοῦντι
852 3922 1097 3994 φυσικῶς
1144 3922 1495 3984 ὑποπίπτων,
1552 3919 1640 3972 διὰ
1667 3919 1766 3992 τὴν
1789 3921 1972 3991 σχέσιν

393 4019 702 4091 νοούμενος.
738 4016 1000 4071 Λείπεται
1023 4013 1174 4083 γοῦν,
1217 4015 1353 4083 μήτε
1376 4014 1534 4076 νοεῖν,
1573 4013 1708 4082 μήτε
1735 4013 1973 4069 νοεῖσθαι

391 4113 483 4166 τὸν
509 4113 641 4166 Θεὸν
669 4108 1072 4178 ὑπολαμϐάνειν
1089 4121 1101 4135 ⁸
1157 4105 1271 4158 ἀλλ’
1295 4103 1432 4174 ὑπὲρ
1457 4103 1517 4156 τὸ
1541 4106 1682 4157 νοεῖν
1711 4100 1850 4158 εἶναι
1878 4107 1974 4159 καὶ

393 4203 656 4258 νοεῖσθαι.
689 4201 812 4253 Τῶν
834 4199 944 4269 γὰρ
978 4199 1096 4269 μετ’
1118 4196 1301 4262 αὑτὸν,
1335 4195 1580 4264 φυσικῶς
1607 4195 1723 4249 ἐστι
1752 4197 1812 4250 τδ
1834 4199 1972 4251 νοεῖν

391 4296 486 4349 καὶ
516 4295 577 4348 τὸ
599 4291 858 4347 νοεῖσθαι.

2072 469 2251 538 lisque
2273 477 2331 523 et
2364 470 2630 536 indivisa;
2659 471 2850 526 eadem
2884 471 2999 540 ipsa
3022 481 3078 527 et
3108 474 3292 526 unitas
3307 472 3609 528 etTrinitas
3633 493 3646 527 :

2073 562 2253 614 unitas
2287 570 2394 616 tota
2429 563 2643 628 eadem,
2680 564 2982 634 eademque
3008 573 3122 620 tota
3144 565 3388 620 Trinitas
3416 583 3430 619 :
3466 568 3656 630 unitas.

2072 653 2266 706 eadem
2319 663 2434 708 tota
2471 655 2726 711 essentiae
2756 657 2992 720 ratione,
3033 657 3338 727 eademque
3371 658 3488 728 ipsa
3525 675 3651 728 per-

2074 760 2335 801 sonarum
2362 749 2576 804 ratione
2601 758 2710 804 tota
2728 748 2992 806 Trinitas.
3032 752 3196 806 Pater
3225 753 3372 805 enim
3402 762 3457 806 et
3479 754 3650 807 Filius

2043 891 2046 893 _
2077 843 2132 888 et
2160 834 2405 904 Spiritus
2435 847 2681 904 sanctus,
2714 839 2923 906 deitas;
2953 848 3010 893 et
3047 840 3102 897 in
3143 841 3304 894 Patre
3339 851 3396 894 et
3426 841 3564 895 Filio
3594 852 3651 896 et

2078 923 2290 994 Spiritu
2341 937 2552 994 sancto,
2601 929 2812 995 deitas;
2842 939 2957 984 tota
2985 931 3039 984 in
3070 938 3186 984 toto
3225 931 3384 985 Patre
3431 932 3646 997 eadem,

2073 1021 2334 1084 totusque
2361 1017 2417 1071 in
2445 1025 2556 1072 tota
2590 1019 2782 1074 eadem
2817 1020 3014 1086 Pater;
3046 1029 3267 1089 totaque
3289 1021 3344 1073 in
3372 1030 3486 1075 toto
3510 1023 3650 1077 Filio

2073 1106 2290 1171 eadem,
2327 1123 2391 1163 ac
2422 1117 2572 1164 totus
2594 1111 2651 1164 in
2681 1119 2796 1166 tota
2828 1111 3020 1166 eadem
3051 1110 3256 1177 Filius;
3303 1119 3412 1165 tota
3436 1113 3564 1168 item
3591 1115 3648 1168 in

2074 1206 2188 1253 toto
2211 1199 2418 1270 Spiritu
2452 1211 2644 1258 sancto
2685 1204 2900 1270 eadem,
2935 1221 2998 1260 ac
3024 1214 3174 1260 totus
3205 1206 3260 1259 in
3304 1215 3418 1259 tota
3455 1207 3653 1261 eadem-

2073 1288 2314 1358 Spiritus
2347 1301 2571 1348 sanctus
2599 1311 2610 1346 :
2663 1302 2775 1348 tota
2817 1295 3003 1358 Pater,
3033 1303 3090 1349 et
3125 1294 3180 1348 in
3205 1302 3320 1348 toto
3352 1295 3533 1358 Patre,
3564 1304 3649 1350 to-

2073 1390 2271 1452 tusque
2303 1384 2358 1437 in
2386 1392 2498 1438 tota
2540 1386 2721 1449 Pater,
2749 1395 2807 1440 et
2837 1394 2950 1441 tota
2985 1395 3136 1440 totus
3168 1387 3331 1441 Pater
3365 1405 3378 1440 :
3425 1396 3649 1458 totaque

2075 1485 2224 1529 totus
2266 1475 2438 1530 Filius
2473 1475 2686 1541 eadem,
2717 1486 2774 1531 et
2810 1484 2923 1532 tota
2979 1478 3034 1532 in
3087 1485 3203 1532 toto
3247 1478 3386 1533 Filio
3431 1479 3645 1543 eadem,

2076 1575 2334 1637 totusque
2385 1577 2518 1632 tota,
2566 1580 2622 1622 et
2662 1569 2718 1621 in
2767 1577 2880 1623 tota
2933 1569 3125 1624 eadem
3173 1570 3372 1636 Filius;
3426 1580 3648 1640 totaque

2075 1659 2316 1730 Spiritus
2349 1670 2575 1715 sanctus
2598 1660 2813 1723 eadem,
2850 1671 2907 1715 et
2949 1661 3002 1715 in
3033 1670 3148 1715 toto
3178 1660 3386 1730 Spiritu
3432 1672 3644 1721 sancto,

2071 1764 2135 1802 ac
2179 1747 2423 1818 Spiritus
2469 1757 2694 1802 sanctus
2747 1756 2898 1802 totus
2946 1759 3078 1812 tota,
3133 1756 3392 1818 totusque
3435 1749 3493 1802 in
3532 1756 3650 1802 tota

2069 1838 2260 1893 eadem
2285 1837 2528 1907 Spiritus
2549 1846 2792 1893 sanctus.
2817 1837 2937 1892 Non
2971 1838 3119 1893 enim
3149 1839 3326 1894 deitas
3351 1839 3553 1909 partim
3588 1840 3648 1893 in

2068 1929 2247 1992 Patre,
2304 1938 2400 1982 aut
2456 1930 2618 1984 Pater
2657 1929 2859 1999 partim
2901 1929 3080 1996 Deus;
3123 1945 3304 1999 neque
3345 1932 3541 2000 partim
3590 1931 3651 1985 in

2072 2020 2214 2074 Filio
2257 2020 2458 2084 deitas,
2502 2029 2666 2076 autve
2700 2022 2873 2076 Filius
2910 2022 3110 2090 partim
3159 2023 3340 2089 Deus;
3379 2039 3481 2078 nec
3520 2039 3656 2080 vero

2070 2113 2272 2183 partim
2313 2113 2369 2166 in
2414 2113 2622 2183 Spiritu
2662 2123 2853 2168 sancto
2895 2114 3096 2177 deitas,
3132 2125 3227 2168 aut
3266 2116 3467 2184 partim
3505 2116 3651 2170 Deus

2069 2202 2311 2272 Spiritus
2348 2211 2594 2257 sanctus.
2636 2203 2771 2257 Nam
2805 2218 2984 2272 neque
3023 2203 3202 2258 deitas
3245 2204 3518 2274 ejusmodi
3565 2214 3652 2258 εει

2069 2310 2192 2364 qua:
2222 2294 2397 2364 possit
2439 2294 2634 2358 dividi,
2683 2309 2865 2362 neque
2914 2295 3076 2349 Pater
3115 2295 3262 2350 Deus
3293 2294 3651 2364 imperfectus

2069 2397 2172 2452 est,
2194 2388 2280 2440 vel
2303 2387 2496 2451 Filius,
2521 2395 2615 2440 aut
2640 2385 2878 2456 Spiritus
2907 2394 3164 2453 sanctus;
3192 2388 3286 2442 sed
3317 2397 3427 2442 tota
3459 2387 3652 2442 eadem

2069 2473 2187 2543 ipsa
2232 2474 2475 2542 perfecta
2523 2474 2766 2543 perfecte
2812 2473 2868 2526 in
2917 2475 3163 2544 perfecto
3209 2476 3392 2541 Patre,
3431 2483 3650 2545 totaque

2068 2565 2310 2636 perfecta
2343 2564 2588 2634 perfecte
2633 2565 2686 2619 in
2723 2564 2976 2635 perfecto
3024 2559 3162 2618 Filio
3193 2563 3407 2628 eadem,
3439 2580 3503 2619 ac
3539 2573 3651 2619 tota

2069 2659 2316 2730 perfecta
2341 2658 2585 2728 perfecte
2618 2657 2674 2711 in
2709 2657 2957 2727 perfecto
2991 2654 3198 2726 Spiritu
3233 2666 3444 2711 sancto.
3480 2655 3659 2710 Totus-

2069 2753 2216 2808 enim
2267 2751 2325 2806 in
2374 2759 2490 2805 toto
2535 2750 2673 2805 Filio
2710 2759 2767 2804 et
2810 2750 3020 2819 Spiritu
3058 2757 3251 2803 saneto
3281 2747 3525 2817 perfecte
3567 2755 3654 2802 est

2068 2843 2254 2906 Pater,
2289 2849 2544 2910 totusque
2593 2841 2648 2895 in
2688 2848 2803 2894 toto
2855 2841 3018 2895 Patre
3065 2848 3121 2894 et
3163 2837 3370 2907 Spiritu
3407 2837 3651 2907 perfecte

2068 2941 2152 2987 est
2192 2933 2388 2997 Filius,
2432 2947 2497 2986 ac
2527 2939 2674 2986 totus
2708 2931 2764 2983 in
2796 2938 2911 2984 toto
2941 2931 3102 2984 Patre
3133 2937 3188 2982 et
3230 2928 3370 2981 Filio
3403 2927 3652 2996 perfecte

2073 3031 2157 3075 est
2190 3020 2428 3090 Spiritus
2450 3028 2695 3073 sanctus.
2727 3017 3098 3083 Quamobrem
3130 3015 3295 3071 etiam
3326 3031 3472 3070 unus
3508 3015 3656 3069 Deus

2075 3111 2242 3166 Pater
2272 3118 2327 3164 et
2369 3109 2547 3163 Filius
2573 3117 2630 3162 ct
2675 3107 2914 3176 Spiritus
2952 3113 3194 3159 sanctus.
3245 3105 3359 3160 Una
3398 3105 3544 3159 enim
3587 3119 3654 3158 ac

2074 3198 2267 3252 eadem
2305 3197 2547 3252 essentia
2585 3211 2690 3261 εει,
2723 3195 3011 3264 virtusque
3038 3205 3094 3248 et
3120 3193 3370 3264 operatio
3392 3195 3572 3248 Patris
3595 3199 3653 3247 et

2074 3291 2199 3346 Filii
2228 3297 2284 3345 et
2307 3289 2545 3359 Spiritus
2572 3286 2746 3342 sancti
2771 3303 2785 3350 ;
2823 3301 2948 3340 cum
2980 3295 3178 3341 neuter
3203 3301 3394 3340 eorum
3422 3285 3542 3340 sine
3568 3285 3650 3338 al-

2074 3392 2195 3439 tero
2222 3382 2450 3438 exsistat
2478 3388 2574 3435 aut
2600 3379 2964 3448 intelligatur.

2146 3559 2201 3613 2.
2231 3556 2424 3613 Omnis
2457 3554 2783 3620 intellectio,
2825 3568 3018 3608 eorum
3055 3559 3136 3606 est
3167 3568 3286 3622 quae
3317 3553 3649 3624 intelligunt,

2074 3658 2129 3702 et
2174 3664 2294 3718 qua:
2329 3645 2713 3716 intelliguntur
2761 3663 2773 3697 :
2825 3643 2973 3698 Deus
3016 3659 3166 3706 vero,
3207 3659 3384 3712 neque
3428 3644 3653 3712 horum,

2074 3754 2254 3808 neque
2291 3739 2508 3791 illorum
2539 3746 2643 3793 est.
2667 3736 2882 3808 Quippe
2912 3737 3161 3805 utrisque
3181 3734 3474 3804 superior:
3515 3738 3655 3792 alias

2073 3846 2310 3900 namque
2357 3829 2947 3893 circumscriberetur;
2984 3828 3135 3882 velut
3188 3827 3399 3882 scilicet
3445 3828 3653 3884 intelli-

2074 3939 2229 3994 gens,
2265 3923 2384 3993 ejus
2409 3920 2556 3991 quod
2607 3919 2936 3990 intelligitur
2968 3917 3350 3974 habitudinem
3395 3935 3653 3975 necessa-

2074 4019 2210 4071 riam
2246 4016 2475 4079 habens,
2505 4013 2591 4068 vel
2615 4011 2717 4067 sub
2757 4010 3118 4080 inteiligente,
3153 4011 3246 4080 qui
3281 4011 3350 4065 ob
3378 4011 3657 4067 habitudi-

2073 4122 2199 4161 nem
2249 4106 2674 4174 intelligeretur,
2729 4101 3058 4156 naturaliter
3111 4101 3333 4156 cadens.
3389 4103 3656 4172 Superest

2074 4198 2262 4269 igitur,
2297 4205 2359 4251 ut
2389 4212 2492 4250 nec
2521 4195 2831 4265 intelligere
2861 4210 2967 4248 nec
2991 4194 3222 4265 intelligi
3255 4194 3428 4250 Deum
3464 4196 3654 4252 existi-

2074 4304 2318 4352 memus;
2340 4287 2500 4358 485
2528 4287 2625 4342 sed
2643 4287 2905 4343 utrolibet
2927 4288 3124 4342 horum
3142 4287 3482 4358 superiorem
3501 4296 3664 4358 putev

392 4403 536 4458 mus.
579 4385 750 4442 Ambo
773 4381 921 4438 enim
965 4381 1104 4453 (tum
1146 4379 1408 4434 nimirum
1448 4379 1756 4451 intelligere
1797 4389 1912 4436 tum
1960 4381 2211 4452 intelligi)
2245 4380 2312 4434 ad
2353 4395 2416 4434 ea
2455 4396 2577 4450 qua:
2620 4396 2650 4434 a
2696 4380 2808 4435 Deo
2849 4379 3090 4436 secunda
3136 4388 3284 4446 sunt,
3328 4380 3666 4436 naturaliter

392 4485 658 4548 Speclant.

459 4574 530 4636 γ’.
587 4568 743 4619 Πᾶσα
787 4566 1007 4635 νόησις,
1061 4564 1251 4635 ῶσπερ
1296 4563 1355 4618 ὲν
1395 4564 1552 4636 οὑσίᾳ
1599 4566 1817 4632 πάντως
1858 4569 1973 4640 ἔχει

2142 4574 2194 4628 5.
2227 4571 2418 4628 Omnis
2475 4571 2777 4626 intellectio
2806 4571 2950 4626 sicut
3004 4569 3232 4624 omnino
3258 4570 3312 4622 in
3341 4567 3656 4623 substantia

389 4661 489 4730 τῆν
519 4659 666 4712 θέσιν
699 4660 774 4724 ὥς
805 4659 1046 4728 ποιότης,
1078 4657 1219 4711 οὕτω
1249 4657 1343 4710 καὶ
1372 4657 1500 4726 περῖ
1523 4657 1713 4712 οὐσίαν
1739 4678 1974 4715 πεποιω-

394 4750 561 4820 μένην
598 4751 708 4821 ἔχει
755 4751 854 4820 τὴν
892 4749 1125 4820 κίνησιν.
1186 4747 1263 4804 Οὑ
1294 4747 1401 4820 γὰρ
1433 4747 1630 4816 ἄφετόν
1660 4767 1712 4802 τι
1743 4752 1971 4806 καθόλου

391 4842 484 4893 καὶ
527 4840 730 4893 ἁπλοῦν
761 4839 884 4892 καθ’
906 4840 1068 4892 ἑαυτὸ
1098 4837 1343 4908 ὑφεστὼς
1372 4839 1595 4890 δυνατόν
1624 4840 1770 4892 ἔστιν
1800 4843 1972 4914 αὐτὴν

391 4930 775 4997 ὑποδέξασθαι,
797 4931 878 4983 ὅτι
904 4931 979 5000 μὴ
1003 4930 1196 4997 ἄφετός
1220 4933 1336 4982 ἐστι
1360 4930 1454 4984 καὶ
1473 4930 1640 5000 ἁπλῆ.
1659 4933 1718 4984 '0
1739 4933 1793 4985 δὲ
1818 4935 1969 4997 Θεὸς,

391 5019 513 5073 κατ’
543 5019 710 5090 ἄμφω
744 5021 975 5090 πάμπαν
1005 5020 1268 5090 ὑπάρχων
1293 5017 1520 5084 ἁπλοῦς,
1559 5021 1654 5074 καὶ
1685 5022 1847 5076 οὐσία
1877 5022 1970 5076 τοῦ

393 5111 450 5186 ἐν
476 5111 821 5181 ὑποκειμένῳ
846 5110 1035 5180 χωρὶς,
1090 5108 1184 5161 καὶ
1209 5109 1393 5178 νόησις
1427 5108 1502 5180 μὴ
1529 5108 1727 5179 ἔχουσά
1749 5129 1801 5164 τι
1831 5113 1967 5166 καθ-

391 5203 539 5270 άπαξ
571 5201 927 5272 ὑποκείμενον
948 5217 961 5230 ο
997 5200 1098 5254 οὑκ
1121 5199 1236 5254 ἔστι
1263 5199 1370 5252 τῶν
1393 5201 1657 5256 νοούντων
1691 5204 1784 5256 καὶ
1816 5222 1969 5257 νεου-

395 5295 606 5365 μένων,
667 5294 742 5358 ὼς
802 5293 943 5363 ὑπὲρ
986 5291 1172 5345 οὑσίαν
1232 5289 1495 5362 ὑπάρχων
1569 5292 1812 5364 δηλονότι
1880 5295 1972 5350 καὶ

389 5386 595 5457 νόησιν.

463 5569 526 5626 δ’.
550 5570 761 5639 Ὠσπερ
788 5567 846 5620 ὲν
866 5563 941 5636 τῷ
970 5563 1178 5636 κέντρῳ
1206 5562 1314 5618 τῶν
1335 5564 1396 5630 ὲξ
1416 5564 1581 5620 αὑτοῦ
1606 5567 1726 5620 κατ’
1751 5567 1966 5622 εὒθεῖαν

389 5661 763 5729 ὶκτεταμέινων
811 5655 1084 5729 γραμμῶν
1135 5656 1438 5727 ἀδιαίρετος
1497 5657 1777 5726 θεωρεῖται
1836 5675 1968 5715 παν-

2077 4667 2262 4720 sedem
2289 4665 2474 4726 habet,
2503 4663 2704 4733 quippe
2739 4679 2862 4717 cum
2914 4662 2985 4716 sit
3010 4663 3281 4731 qualitas;
3325 4659 3403 4714 sic
3432 4675 3662 4729 quoque:

2077 4756 2222 4810 circa
2254 4753 2618 4808 substantiam
2646 4753 2909 4822 qualitate
2942 4751 3207 4804 imbutam
3230 4756 3437 4802 motum
3466 4748 3661 4801 habet.

2077 4847 2194 4900 Non
2219 4845 2366 4898 enim
2411 4843 2530 4897 fieri
2580 4849 2784 4912 potest,
2810 4853 2871 4896 ut
2894 4841 3027 4910 quid
3073 4839 3300 4892 omnino
3337 4837 3663 4894 absolutum

2079 4951 2142 4990 ac
2186 4934 2417 5002 simplex
2442 4948 2540 5002 per
2580 4948 2638 4987 se
2671 4933 2964 4992 exsi’stens,
3008 4931 3156 4984 illam
3205 4928 3502 4998 suscipiat,
3527 4943 3661 4982 cum

2075 5042 2255 5096 neque
2303 5026 2393 5080 illa
2425 5025 2677 5080 absoluta
2713 5040 2777 5080 ac
2813 5024 3046 5092 simplex
3079 5023 3326 5077 exsistat.
3362 5022 3509 5076 Deus
3557 5036 3654 5076 au—

2079 5126 2188 5173 tem
2217 5127 2453 5188 utroque
2476 5117 2640 5172 modo
2671 5117 2788 5184 ipse
2836 5131 3063 5185 prorsus
3108 5115 3360 5184 simplex,
3415 5129 3478 5168 ac
3517 5111 3653 5168 sub-

2077 5211 2281 5265 stantia
2320 5225 2431 5264 non
2480 5209 2535 5262 in
2573 5208 2859 5278 subjecto,
2901 5206 3314 5275 intellectioque
3360 5205 3499 5259 nihil
3535 5204 3663 5274 ipsa

2075 5301 2305 5356 omnino
2334 5301 2644 5371 subjectum
2670 5299 2905 5363 habens,
2944 5313 3054 5352 non
3079 5313 3272 5353 eorum
3302 5304 3389 5351 est
3420 5311 3542 5366 qua:
3565 5296 3658 5350 in-

2075 5394 2332 5463 telligunt
2358 5401 2454 5446 aut
2493 5392 2904 5463 intelliguntur,
2957 5399 3017 5445 ut
3051 5390 3145 5461 qui
3177 5390 3439 5444 nimirum
3483 5405 3659 5459 supra

2078 5481 2441 5536 substantiam
2465 5480 3012 5549 intelleCtionemque
3037 5479 3288 5534 exsistat.

2147 5568 2200 5621 4.
2232 5566 2707 5632 Quemadmodum
2761 5568 3035 5623 linearum
3077 5575 3228 5622 recta
3268 5584 3297 5622 a
3324 5574 3518 5621 centro
3546 5568 3648 5624 du-

2079 5667 2289 5713 etarum
2326 5658 2558 5714 indivisa
2584 5660 2806 5732 penitus
2831 5660 2885 5713 in
2915 5676 2982 5715 eo
3011 5659 3394 5716 consideratur
3416 5657 3665 5730 positic';
