4094 6204
513 287 648 356 1127
1710 282 1773 341 S.
1815 275 2106 340 MAXIM!
2146 266 2659 333 CONFESSORIS
3661 260 3806 330 1128

509 414 594 470 sic
625 412 721 482 qui
770 408 983 465 versari
1016 423 1142 463 cum
1192 408 1309 462 Deo
1367 403 1657 466 meruerit,
1704 415 1901 457 omnes
1952 398 2007 455 in
2036 411 2104 452 eo

2207 388 2377 452 τελῶς
2403 391 2437 459 ἡ
2461 387 2610 450 θέσις
2631 402 2644 416 ⁶
2680 384 2854 450 οὕτως
2873 386 2901 439 ό
2924 382 3176 452 ἀξιωθεὶς
3197 382 3254 436 ὲν
3276 379 3355 452 τῷ
3376 378 3497 453 Θεῷ
3518 379 3803 450 γενέσθαι,

509 512 824 560 creatorem
856 500 1307 572 prazcxsistcutes
1324 497 1586 561 rationes,
1605 494 1843 565 simplici
1860 490 2098 562 quadam

2205 482 2417 545 πάντας
2448 479 2653 533 εἴσεται
2679 480 2808 543 τοὺς
2837 480 2896 533 ἒν
2915 477 3067 547 αὐτῷ
3085 476 3194 530 τῶν
3223 474 3529 543 γεγονότων
3552 477 3808 543 προῦφε-

508 611 573 652 ac
613 595 851 650 indivisa
877 592 1197 663 cognitione
1227 590 1519 661 intelliget.

580 687 633 739 5.
660 684 991 748 Intellectio,
1018 683 1088 738 iis
1128 683 1363 737 formata
1395 694 1519 752 quae
1547 678 1958 748 intelliguntur,
1988 687 2099 728 una

508 793 634 831 cum
691 775 782 841 sit,
839 791 944 846 pro
1000 775 1272 847 cujusque
1321 787 1669 841 eorumquaa
1717 768 2097 837 intelliguntur

508 870 695 938 specie
748 870 1082 937 formaque,
1140 869 1331 938 plures
1382 863 1791 920 iutellectiones
1837 859 2096 915 elllcitur.

509 961 613 1016 Ubi
668 969 854 1015 autem
895 976 1017 1014 eam
1081 959 1440 1013 formantium
1490 957 1761 1011 varietate
1817 959 2097 1023 superata,

510 1064 626 1108 tum
655 1056 869 1110 scilicet
899 1070 1092 1109 eorum
1139 1070 1261 1123 qua:
1305 1068 1471 1107 sensu
1516 1050 1935 1122 percipiuntur,
1980 1054 2099 1101 tum

510 1161 634 1215 quae
657 1147 769 1200 sola
793 1154 978 1200 mente
1008 1145 1416 1215 intelliguntur,
1441 1141 1669 1197 omnino
1689 1140 1879 1195 formae
1899 1152 2102 1208 expers

512 1238 752 1293 evaserit
781 1254 796 1289 :
831 1244 964 1291 tunc
989 1237 1396 1291 convenienter
1420 1234 1626 1288 mentis
1644 1247 1865 1287 omnem
1889 1229 2099 1301 cogita-

514 1337 628 1383 tum
673 1343 949 1398 superans
1000 1328 1145 1381 ratio
1205 1342 1305 1382 seu
1354 1326 1599 1381 Verbum
1637 1324 1742 1380 sibi
1782 1339 1904 1378 eam
1955 1320 2099 1377 asci-

510 1434 694 1483 secns,
739 1419 808 1472 ab
865 1418 976 1473 illis
1026 1433 1248 1473 cessare
1300 1423 1561 1488 praestat,
1599 1431 1722 1486 quae
1767 1430 1866 1485 per
1910 1428 2100 1469 rerum

511 1513 698 1566 animo
741 1512 1151 1567 intellectarum
1187 1511 1394 1567 formas
1436 1526 1505 1566 ex
1535 1510 1642 1564 alia
1692 1509 1855 1563 aliam
1894 1508 2100 1562 immué

512 1610 651 1656 tant.
683 1601 787 1657 Cui
807 1617 944 1657 vero
976 1602 1031 1656 id
1072 1601 1300 1666 accidit,
1330 1602 1585 1672 requievit
1614 1609 1666 1654 et
1688 1602 1800 1671 ipse
1830 1599 1895 1654 ab
1922 1599 2099 1669 opesi-

511 1694 604 1748 bus
637 1695 768 1759 suis,
804 1696 939 1748 sicut
971 1694 1110 1748 Deus
1142 1712 1174 1748 α
1204 1696 1314 1762 suis
1338 1694 1406 1748 ”.

582 1785 635 1839 6.
671 1783 777 1850 Qui
799 1784 868 1839 ad
889 1800 1015 1839 eum
1039 1783 1217 1838 evasit
1236 1781 1857 1852 pcriectionismodum,
1881 1781 1977 1851 qui
1998 1791 2100 1851 pro

511 1877 616 1931 hac
650 1878 762 1932 vita
786 1892 1088 1932 concessus
1120 1876 1449 1931 mortalibus
1489 1883 1595 1940 est,
1631 1872 1931 1929 fructiﬁcat
1965 1874 2097 1937 Deo,

512 1966 894 2032 dilectionem,
944 1982 1158 2037 pacem,
1208 1966 1861 2037 longanimitatemzpro
1914 1964 2101 2019 futuro

511 2068 695 2113 autem
730 2074 868 2123 aevo,
904 2058 1415 2128 incorruptionem.
1441 2056 2098 2127 essendipcrennitatem,

512 2150 714 2220 hisque
734 2151 959 2206 similia.
993 2151 1073 2206 Ne
1097 2150 1241 2205 forte
1260 2164 1395 2204 vero
1419 2150 1598 2220 prima
1628 2150 1711 2204 illi
1744 2148 2098 2215 conveniant,

510 2242 607 2311 qui
664 2240 900 2296 actionis
950 2250 1137 2310 partes
1171 2241 1447 2307 absolvit;
1482 2240 1731 2295 secunda
1762 2255 1896 2296 vero
1922 2251 1980 2297 et
2015 2254 2103 2294 se-

509 2333 761 2402 quentia,
818 2333 895 2398 ei,
941 2333 1037 2403 qui
1090 2348 1192 2403 per
1232 2333 1772 2389 veramscientiam
1821 2350 1851 2390 a
1894 2333 2101 2389 creatis

508 2426 768 2482 excessit.

508 2522 513 2525 ‘
583 2519 636 2571 7.
668 2516 825 2572 Sicut
867 2525 1181 2587 peccatum,
1208 2515 1501 2587 proprium
1543 2516 1939 2573 inobedientise
1960 2532 2103 2588 opus

510 2615 627 2671 est;
662 2607 743 2662 sic
786 2615 843 2662 et
874 2608 1080 2673 virtus,
1121 2607 1410 2678 proprium
1452 2622 1593 2678 opus
1630 2607 1982 2662 obedientise.
2024 2606 2104 2662 Ac

510 2700 657 2755 sicut
702 2700 1097 2756 inobedientize
1145 2715 1333 2755 comes
1378 2708 1466 2754 est
1498 2700 1884 2755 mandatorum
1918 2708 2102 2756 trans-

508 2793 757 2864 gressio,
795 2801 961 2863 atque
983 2792 1053 2847 ab
1083 2807 1172 2858 eo,
1200 2793 1296 2864 qui
1333 2792 1390 2847 in
1416 2792 1692 2848 mandatis
1725 2792 1973 2858 dederat,
2014 2792 2102 2847 di-

508 2886 681 2952 visio;
716 2886 797 2942 sic
845 2894 903 2940 et
941 2883 1279 2940 obedientiae
1332 2899 1522 2940 comes
1568 2892 1657 2940 est
1711 2883 2102 2939 mandatorum

508 2977 864 3042 observatio,
913 2992 978 3032 ac
1025 2992 1151 3032 cum
1186 2992 1254 3031 eo
1278 2976 1375 3047 qui
1406 2986 1777 3048 praeceperat,
1807 2977 1960 3033 unio.
1996 2978 2103 3046 Qui

512 3067 685 3138 igitur
710 3067 1024 3124 obediendo
1054 3068 1375 3123 mandatum
1406 3068 1665 3133 servavit,
1690 3076 1806 3122 tum
1832 3069 2102 3141 justitiam

512 3166 779 3229 operatus
803 3159 972 3232 486
992 3166 1098 3225 est,
1126 3168 1244 3214 tum
1270 3175 1395 3215 cum
1426 3175 1495 3215 eo
1514 3160 1608 3232 qui
1631 3170 1990 3231 praaceperat,
2021 3162 2106 3217 in-

512 3251 747 3306 divisam
768 3267 867 3323 per
893 3250 1248 3306 dilectionem
1280 3251 1541 3308 unionem
1563 3251 1825 3307 servavit.
1850 3251 1955 3318 Qui
1972 3267 2105 3307 vero

513 3357 615 3412 per
675 3342 1116 3398 inobedientiam
1172 3344 1498 3411 mandatum
1549 3350 1928 3415 transgressus
1977 3351 2102 3407 est,

513 3440 630 3486 tum
663 3440 955 3503 peccatum
988 3431 1140 3496 fecit,
1167 3439 1282 3487 tum
1310 3447 1369 3488 se
1401 3432 1472 3488 ab
1493 3431 1614 3504 ejus
1639 3432 1735 3499 qui
1769 3442 2107 3503 praeceperat

516 3525 729 3581 unitate
764 3524 1035 3596 abjunxit.

585 3613 637 3668 8.
659 3614 763 3681 Qui
785 3631 815 3670 a
841 3615 1134 3684 divisione,
1153 3632 1276 3688 quae
1294 3632 1362 3674 ex
1387 3616 1828 3688 transgressione
1852 3616 2104 3683 inolevit,

512 3705 817 3778 colligitur,
844 3708 1087 3778 primum
1128 3708 1199 3765 ab
1226 3708 1523 3765 atl‘ectibus
1556 3709 1821 3781 vitiisque
1854 3709 2105 3782 abjungi—

516 3808 609 3854 tur
642 3799 879 3856 :cximle
910 3817 940 3855 a
962 3800 1278 3871 libidinosis
1300 3808 1357 3856 et
1383 3815 1507 3871 quas
1542 3800 1682 3857 vitio
1707 3800 1942 3868 luerent,
1958 3801 2109 3873 cogi-

516 3891 820 3947 tationibus
850 3910 863 3946 :
895 3901 1008 3947 tum
1035 3908 1067 3947 a
1106 3902 1305 3951 natura
1328 3935 1342 3961 ,
1397 3892 1615 3965 illisque
1647 3892 1960 3949 rationibus
1984 3910 2108 3965 quae

515 3983 666 4039 circa
696 3999 820 4040 eam
864 3993 1197 4054 versantur;
1258 3993 1453 4058 postea
1491 4000 1524 4040 a
1551 3984 1718 4040 rebus
1763 3983 2108 4055 spiritalibus

513 4083 573 4130 et
609 4091 732 4146 quae
760 4077 816 4131 in
843 4085 1086 4133 mentem
1126 4077 1355 4145 cadunt,
1396 4077 1576 4148 iisque
1603 4077 1853 4132 scientiis
1876 4091 2001 4147 quae
2036 4076 2105 4132 de

515 4163 626 4221 illis
649 4167 926 4224 habentur
961 4186 976 4222 :
1002 4183 1067 4223 ac
1092 4177 1399 4240 postremo,
1431 4168 1799 4224 Providentiae
1824 4168 2106 4224 rationum

516 4257 788 4315 varietate
826 4261 944 4332 ipsa
992 4271 1275 4332 superata,
1310 4260 1378 4318 ad
1428 4261 1604 4332 ipsam
1652 4261 1838 4332 ignoto
1883 4259 2109 4316 devenit

516 4348 750 4404 unitatis
786 4351 1097 4417 rationem;
1121 4366 1190 4406 ex
1216 4366 1324 4422 qua
1345 4350 1461 4407 sola
1481 4365 1637 4405 suam
1661 4366 1818 4406 mens
1851 4350 2109 4405 immuta-

2205 574 2415 635 στῶτας
2450 571 2665 639 λόγους,
2704 570 2827 626 καθ’
2858 570 3039 641 ἁπλῆν
3075 584 3197 625 τινα
3219 564 3529 636 ἀδιαίρετον
3567 563 3799 633 γνῶσιν.

2273 670 2335 716 ε’.
2400 659 2773 733 Μορςουμένη
2825 663 2936 724 τοῖς
2979 658 3297 730 νοουμένοις
3342 657 3549 727 νόησις,
3602 653 3806 708 πολλαὶ

2200 756 2418 825 νοήσεις
2447 756 2479 825 ή
2508 753 2609 825 μία
2638 752 2965 807 καθίσταται
2994 751 3203 823 νόησις,
3253 748 3375 804 κατ’
3398 743 3540 811 εἶδος
3568 747 3805 801 ἕκαστον

2206 849 2563 924 μορφουμένη
2608 846 2720 900 τῶν
2752 843 3086 917 νοουμένων.
3134 842 3405 913 Ὀπηνίκα
3428 840 3486 894 δὲ
3517 839 3625 897 τῶν
3657 857 3805 910 μορε

2203 945 2449 1015 φούντων
2493 941 2668 1012 αὐτὴν
2706 938 2991 1010 αἰσθητῶν
3032 954 3092 990 τε
3142 936 3239 991 καὶ
3266 934 3474 1004 νοητῶν
3504 932 3566 987 τὸ
3593 931 3806 1004 πλῆθος

2203 1037 2497 1110 περάσασα
2521 1074 2537 1097 ,
2602 1031 2830 1101 γένηται
2884 1029 3119 1098 πάμπαν
3168 1025 3442 1115 ἀνείδεος,
3491 1021 3806 1097 τηνικαῦτα

2204 1125 2500 1198 προσφυῶς
2548 1121 2719 1193 αὐτὴν
2765 1123 2793 1174 ό
2834 1120 2975 1186 ὑπὲρ
3024 1118 3211 1188 νόησιν
3252 1113 3551 1170 οἰκειοῦται
3596 1113 3801 1180 Λόγος,

2202 1214 2539 1275 καταπαύων
2591 1212 2701 1265 τῶν
2739 1207 2986 1264 ἀλλοιοῦν
3020 1205 3192 1276 αὐτὴν
3224 1208 3347 1268 ταῖς
3375 1203 3484 1255 τῶν
3507 1202 3804 1272 νοημάτων

2209 1310 2449 1381 μορφαῖς
2479 1302 2825 1373 πεφυκότων·
2855 1301 2995 1371 ὅπερ
3024 1301 3053 1352 ὁ
3077 1296 3290 1359 παθὼν,
3314 1296 3416 1353 καὶ
3441 1294 3627 1361 αὐτὸς
3652 1311 3804 1348 κατε

2202 1402 2477 1457 ἐπαυσεν
2520 1398 2643 1454 ἀπὸ
2669 1394 2789 1453 τῶν
2814 1393 3009 1465 ἔργων
3037 1390 3248 1457 αὐτοῦ,
3278 1389 3485 1458 ὥσπερ
3509 1387 3633 1457 ἀπὸ
3678 1386 3807 1443 τῶν

2205 1495 2371 1549 ii?in
2398 1496 2433 1548 ό
2466 1491 2634 1556 Bede.

2279 1779 2353 1840 ς’.
2401 1773 2463 1827 '0
2486 1773 2587 1843 τὴν
2613 1768 2846 1840 ἔφικτὴν
2872 1763 3185 1838 ἀνθρώποις
3215 1761 3456 1818 ἐνταῦθα
3481 1757 3803 1831 τελειότητα

2208 1868 2441 1939 φθάσας,
2477 1865 2822 1936 καρποφορεῖ
2868 1860 2946 1931 τῷ
2982 1858 3104 1930 θεῷ
3142 1857 3387 1926 ἀγάπην,
3417 1854 3618 1926 χαρὰν,
3644 1853 3803 1924 εἰρή-

2206 1977 2335 2032 νην,
2390 1956 2808 2030 μακροθυμίαν·
2869 1952 3006 2026 πρὸς
3036 1951 3095 2005 δὲ
3128 1950 3192 2004 τὸ
3223 1947 3449 2021 μέλλον,
3485 1945 3805 2016 ἀφθαρσίαν

2207 2055 2303 2108 καὶ
2348 2049 2627 2120 ἀῖδιότητα
2650 2090 2667 2113 ,
2725 2046 2820 2101 καὶ
2850 2045 2920 2100 τά
2945 2043 3160 2106 τούτοις
3188 2042 3357 2111 ὅμοια
3379 2054 3396 2069 ⁶
3450 2037 3546 2097 καὶ
3585 2038 3803 2108 μήποτε

2206 2146 2278 2201 τὰ
2306 2145 2404 2217 μὲν
2439 2142 2632 2214 πρῶτα
2663 2140 2937 2212 προσῆκει
2986 2136 3067 2206 τῷ
3115 2134 3215 2206 τὴν
3241 2132 3556 2206 πρακτικὴν
3577 2131 3805 2186 τελειώ-

2210 2220 2367 2293 σαντι
2390 2254 2404 2268 ·
2463 2235 2534 2289 τὰ
2566 2233 2796 2305 δεύτερα
2822 2232 2903 2296 δὲ,
2948 2228 3027 2300 τῷ
3054 2226 3143 2282 διὰ
3164 2226 3421 2296 γνώσεως
3447 2223 3690 2295 ἀληθοῦς
3715 2225 3806 2279 tx-

2210 2332 2397 2385 στάντι
2424 2329 2536 2383 τῶν
2562 2324 2974 2401 πεποιημένων.

2281 2514 2349 2580 ζ’.
2387 2513 2599 2583 Ὥσπερ
2624 2509 2760 2563 ῖδιον
2792 2506 3081 2578 παρακοῆς
3105 2504 3269 2578 ἔργον
3296 2504 3450 2557 ὲοτὶν
3474 2504 3507 2574 ἠ
3533 2503 3801 2574 ἁμαρτία,

2207 2606 2383 2671 οὕτως
2396 2605 2535 2660 ἴδιον
2562 2600 2811 2673 ὖπακοῆς
2834 2600 2996 2671 ἔργον
3013 2597 3164 2653 ἐστὶν
3191 2598 3225 2667 ἡ
3252 2596 3453 2667 ἀρετή·
3482 2596 3576 2649 καὶ
3608 2595 3805 2667 ὥσπερ

2207 2702 2278 2771 τῇ
2314 2698 2411 2770 μὲν
2438 2697 2691 2768 παρακοῇ
2749 2688 3152 2761 παρακολουθεῖ
3195 2687 3512 2759 παράϐασις
3545 2688 3800 2752 ἐντολῶν,

2209 2795 2306 2849 καὶ
2326 2791 2423 2846 τοῦ
2447 2788 2829 2859 ἐντειλαμένου
2866 2783 3154 2856 διαίρεσις,
3188 2780 3333 2835 οὕτω
3364 2783 3434 2853 τῇ
3465 2781 3685 2851 ὑπακοῇ
3717 2781 3805 2848 ἐφη

2209 2888 2401 2942 έπεται
2432 2884 2764 2954 συντήρησις
2795 2875 3050 2941 ἐντολῶν,
3084 2875 3178 2929 καὶ
3210 2875 3243 2947 ἡ
3276 2874 3415 2944 πρὸς
3444 2873 3535 2928 τὸν
3559 2872 3807 2928 ἐντειλά-

2214 2995 2373 3051 μενον
2394 2977 2609 3039 ἒνωσις.
2654 2972 2713 3025 Ὀ
2740 2969 2872 3040 γοῦν
2904 2967 3256 3038 συντηρήσας
3285 2967 3354 3019 δι’
3377 2965 3624 3036 ὑπακοῆς
3646 2967 3802 3019 ἐντο-

2211 3074 2329 3147 λὴν,
2368 3073 2463 3127 καὶ
2493 3067 2843 3136 δικαιοσύνην
2869 3064 3185 3135 εἰργάσατο,
3218 3059 3314 3114 καὶ
3343 3060 3483 3135 πρὸς
3507 3059 3599 3112 τὸν
3630 3062 3806 3113 ἐντει-

2206 3169 2460 3239 λάμενον,
2481 3164 2676 3218 ἕνωσιν
2706 3159 2797 3214 διὰ
2822 3158 2923 3230 τῆς
2949 3156 3169 3227 ἀγάπης
3191 3155 3460 3227 ἐτήρησεν
3471 3152 3802 3222 ἀδιαίρετον·

2205 3264 2234 3316 ό
2252 3260 2311 3315 δὲ
2335 3256 2591 3330 παραϐὰς
2603 3253 2692 3309 διὰ
2705 3251 2991 3325 παρακοῆς
3019 3247 3260 3319 ἐντολὴν,
3278 3247 3376 3301 καὶ
3405 3246 3503 3316 τὴν
3521 3247 3803 3318 ἁμαρτίαν

2206 3351 2525 3423 εἰργάσατο,
2561 3346 2657 3402 καλ⁸
2682 3346 2783 3416 τῆς
2815 3343 2938 3398 κατ’
2958 3341 3180 3412 ἀγάπην
3209 3338 3403 3397 ἑαυτὸν
3437 3338 3573 3409 πρὸς
3602 3337 3702 3394 τὸν
3718 3339 3804 3392 ἐν..

2205 3443 2521 3514 τειλάμενον
2544 3435 2741 3493 διεῖλεν
2766 3434 3033 3499 ἑνώσεως.

2278 3622 2349 3690 η’.
2398 3614 2459 3671 '0
2510 3615 2577 3671 ὲκ
2628 3613 2729 3686 τῆς
2779 3612 2922 3667 κατά
2969 3611 3071 3683 τὴν
3117 3611 3433 3684 παράϐασιν
3481 3606 3800 3682 διαιρέσεως

2209 3710 2599 3780 συναγόμενος,
2632 3705 2849 3778 πρῶτον
2881 3703 3177 3776 χωρίζεται
3206 3703 3315 3763 τῶν
3343 3703 3533 3758 παθῶν
3556 3720 3571 3734 ·
3610 3705 3799 3758 ἔπειτα

2206 3802 2314 3856 τῶν
2344 3800 2610 3873 ὲμπαθῶν
2636 3796 2918 3868 λογισμῶν
2932 3812 2954 3829 ὀ
3012 3791 3133 3850 εἶτα
3162 3794 3379 3865 φῦσεως
3405 3795 3502 3849 καὶ
3528 3796 3641 3850 τῶν
3673 3794 3800 3867 περὶ

2207 3894 2372 3966 φύσιν
2404 3892 2602 3961 λόγων·
2640 3886 2765 3944 εἶτα
2796 3888 3109 3961 νοημάτων,
3163 3888 3258 3942 καὶ
3307 3887 3417 3942 τῶν
3478 3888 3613 3957 περὶ
3663 3887 3799 3941 αὺτά

2208 3985 2469 4056 γνὼσεων
2501 4000 2516 4016 ⁸
2576 3981 2673 4038 καὶ
2734 3981 3047 4036 τελευταῖον
3081 4020 3097 4047 ,
3166 3980 3278 4035 τῶν
3337 3981 3467 4053 περὶ
3531 3979 3798 4054 Προνοίας

2206 4079 2382 4147 λόγων
2409 4077 2634 4149 διαδρὰς
2662 4075 2722 4129 τὸ
2751 4074 3020 4140 ποικίλον,
3056 4077 3136 4139 είς
3161 4074 3326 4128 αὐτὸν
3348 4072 3646 4144 ἀγνώστοις
3670 4088 3799 4126 κατ-

2207 4169 2346 4240 αντᾷ
2393 4167 2487 4221 τὸν
2536 4166 2665 4240 περὶ
2718 4162 2946 4240 μονάδος
2986 4165 3174 4236 λόγον’
3214 4166 3338 4220 καθ’
3374 4166 3435 4222 ὃν
3475 4165 3640 4236 μόνον
3662 4163 3795 4218 θεω-

2208 4261 2384 4333 ρήσας
2424 4259 2619 4315 ἑαυτοῦ
2650 4259 2918 4331 ἀτρεψίαν
2949 4258 2979 4311 ό
3006 4257 3132 4322 νοῦς
3157 4299 3172 4323 ,
3227 4258 3412 4332 χαίρει
3441 4258 3540 4331 τὴν
3569 4256 3798 4317 ἀνεκλά-

2206 4350 2369 4423 λητον
2395 4351 2593 4423 χαράν·
2632 4350 2710 4415 ὡς
2738 4350 2838 4420 τὴν
2864 4351 3088 4423 εἰρήνην
3113 4348 3352 4421 εἰληφὼς
3381 4348 3474 4405 τοῦ
3505 4347 3669 4413 Θεοῦ,
3702 4347 3795 4417 τὴν

515 4438 790 4494 bilitatem
809 4441 1192 4505 considerans,
1220 4440 1421 4512 gaudio
1437 4440 1641 4512 gaudet
1660 4440 2016 4496 inenarrabili
2035 4440 2103 4508 '°;

2211 4441 2587 4514 ὑπερέχουσαν
2612 4442 2792 4497 πάντα
2816 4441 2942 4496 νοῦν
2970 4458 2985 4473 ·
3040 4441 3133 4495 καὶ
3163 4442 3512 4514 φρουροῦσαν
3533 4439 3795 4514 διηνεκῶς

512 4538 578 4584 ut
603 4546 725 4600 quae
742 4546 935 4601 pacem
960 4539 1121 4587 nacta
1144 4532 1236 4597 sit,
1264 4547 1388 4603 quae
1409 4539 1705 4603 exsuperat
1723 4547 1945 4588 omnem
1986 4547 2114 4587 sen-

2217 4534 2468 4591 άπτωτον
2501 4533 2593 4587 τὸν
2623 4534 2796 4603 αὐτῆς
2825 4532 3167 4606 ἀξιούμενον.

510 4640 641 4682 sum
665 4628 735 4693 “,
772 4642 839 4682 ac
861 4643 985 4698 quae
1016 4642 1143 4682 eum
1168 4627 1265 4699 qui
1322 4627 1499 4698 ipsam
1543 4629 1767 4699 assequi
1802 4628 2100 4694 meruerit,
2133 4629 2205 4685 ab
2230 4629 2380 4684 omni
2399 4631 2609 4702 jugiter
2634 4637 2861 4701 praestet
2885 4629 3048 4685 ruina
3079 4636 3263 4685 tutum
3289 4636 3459 4701 atque
3515 4643 3787 4687 securum

585 4724 642 4779 9.
668 4721 951 4780 Gchennze
980 4732 1183 4791 metus,
1206 4724 1474 4780 malitiam
1498 4724 1745 4796 vitiaque
1778 4732 2000 4796 praestat
2026 4723 2116 4779 fu-

513 4831 667 4886 gere,
708 4815 797 4870 bis
830 4815 927 4887 qui
973 4815 1316 4872 inducuntur
1372 4830 1437 4870 ac
1485 4815 1699 4871 tirones
1741 4824 1890 4891 sunt.
1936 4814 2116 4869 Bono-

516 4924 640 4962 rum
686 4918 875 4964 autem
926 4908 1401 4963 remunerationis
1444 4923 1603 4963 amor
1637 4923 1701 4963 ac
1745 4907 2109 4972 desiderium,

516 5000 942 5072 proﬁcientibus
999 5002 1215 5068 tribuit,
1263 5008 1327 5056 ut
1374 5001 1654 5057 virutibus
1700 5000 1873 5055 alacri
1921 4999 2107 5054 animo

516 5092 837 5164 fungantur.
865 5096 936 5151 At
963 5094 1258 5150 charitatis
1281 5092 1632 5167 mysterium,
1680 5093 1884 5149 creatis
1930 5092 2108 5147 omni-

586 5228 635 5260 ¹⁸⁹
662 5227 833 5284 Hebr.
859 5245 934 5295 tv,
972 5227 1060 5283 10.
1137 5228 1183 5261 ⁸⁸
1206 5226 1229 5282 Ι
1256 5228 1407 5283 Petr.
1432 5244 1471 5294 ι,
1501 5228 1555 5283 8.
1632 5229 1673 5261 "
1704 5227 1948 5298 Philipp.
1972 5242 2050 5291 1v,
2088 5225 2143 5280 7.

594 5383 672 5455 (π)
707 5382 873 5455 Ὀίδὲ
916 5385 1100 5451 πόθος
1126 5383 1239 5455 τῆς
1268 5382 1387 5439 τῶν
1421 5382 1658 5453 ἀγαθῶν
1716 5383 2104 5455 ἀντιδόσεως.

518 5454 727 5510 Ειίιορ
749 5454 914 5510 Marci
934 5454 1220 5525 νηπτικῶν
1263 5471 1385 5525 cap.
1420 5455 1508 5518 l5,
1554 5455 1611 5509 in
1642 5470 1754 5525 quo
1797 5454 1934 5525 nihil
1987 5468 2106 5525 sca-

517 5525 678 5579 brum
709 5534 804 5581 aut
840 5523 1082 5581 difﬁcile.
1125 5524 1218 5581 Sic
1243 5523 1424 5580 tanien
1457 5526 1619 5595 plana
1658 5523 1842 5588 Picus,
1884 5524 2105 5595 Deside-

518 5595 659 5667 rium
688 5606 866 5651 autem
894 5597 1271 5667 remunerandi
1302 5593 1515 5667 accepta
1555 5596 1712 5650 bona.
1739 5595 1922 5667 Ceno,
1957 5593 2106 5647 Desi-

518 5663 726 5732 glerium
750 5666 1188 5721 remunerationis
1211 5663 1497 5731 bonorum;
1529 5682 1719 5721 eorum
1752 5665 1963 5719 scilicet
1984 5678 2106 5732 qua:

517 5730 635 5789 Deo
654 5733 908 5808 adiutore
938 5738 1209 5793 virtutum
1244 5752 1411 5808 opera
1456 5730 1801 5807 praestamus.
1858 5730 2105 5801 Quorum

2284 4725 2349 4779 θ’.
2398 4727 2458 4780 '0
2504 4727 2606 4797 τῆς
2648 4726 2877 4797 γεέννης
2908 4726 3093 4796 φόϐος,
3128 4725 3330 4780 κακίαν
3362 4727 3590 4795 φεύγειν
3619 4742 3786 4797 παρα-

2212 4816 2469 4882 σκευάζει
2522 4818 2649 4883 τοὺς
2693 4818 3112 4889 εἰσαγομένους⁸
3174 4818 3204 4870 ό
3241 4817 3299 4870 δὲ
3350 4816 3517 4882 πόθος
3557 4817 3660 4889 τῆς
3686 4815 3785 4869 τῶν

2207 4909 2432 4974 ἀγαθῶν
2458 4910 2783 4974 ἀντιδόσεως
2807 4909 2910 4982 (π),
2930 4913 3044 4974 τοῖς
3069 4909 3445 4980 προκόπτουσι
3471 4911 3573 4983 τὴν
3600 4910 3685 4964 ἐπ’
3701 4910 3780 4961 ὲν-

2213 5005 2407 5076 εργείᾳ
2440 4988 2548 5058 τῶν
2579 5003 2790 5075 ἀρετῶν
2810 5002 3097 5075 χαρίζεται
3131 5001 3443 5072 προθυμίαν
3462 5017 3479 5032 ⁸
3526 5000 3667 5057 τὸδὲ
3692 4998 3781 5064 τῆς

2214 5094 2436 5167 ἀγάπης
2467 5095 2769 5168 μυστήριον
2794 5133 2810 5160 ,
2878 5093 3099 5149 πάντων
3131 5093 3417 5165 ὑπεραὶρει
3443 5092 3554 5148 τῶν
3579 5091 3781 5162 γεγονό-

2154 5348 2173 5357 ’
2210 5379 2497 5451 praemium
2534 5394 2757 5449 sperare
2791 5388 2848 5435 et
2872 5378 3191 5437 desiderare
3230 5379 3557 5437 Christianae
3595 5370 3763 5451 pielqti

2211 5438 2322 5505 non
2375 5450 2535 5505 obest
2556 5438 2581 5516 ς’
2627 5466 2806 5520 eoque
2861 5451 3071 5507 motivo
3110 5454 3188 5507 uti
3229 5452 3297 5506 ad
3339 5451 3562 5507 humani
3595 5438 3768 5520 cordi!

2206 5515 2564 5595 escitandum’
2584 5515 2885 5595 torporem.
2929 5521 3009 5595 Eo
3055 5531 3269 5595 spectat
3316 5521 3471 5595 quod
3524 5515 3770 5595 Dominus

2207 5590 2559 5661 Christiana
2599 5590 2826 5661 pietatis
2886 5590 3520 5661 capita'Beatituitinuu
3563 5590 3774 5661 nomine

2207 5662 2488 5786 3:01pm“.
2538 5658 2649 5717 Sed
2703 5661 2760 5717 in
2795 5677 2855 5719 re
2898 5658 3052 5718 facili
3112 5678 3227 5719 non
3286 5664 3523 5736 amplius
3571 5658 3781 5715 barel-

2289 5749 2304 5785 Ι
2348 5769 2364 5785 ο
