4066 6188
318 282 453 345 1129

1160 284 1495 345 CAPITUM
1532 282 1807 347 THEOL.
1847 284 1941 344 ET
1979 285 2214 347 CECON.
2257 287 2645 347 CENTURIA
2684 289 2767 348 Il.

3445 291 3579 354 1130

299 412 413 448 των
462 392 554 447 τὸν
599 391 765 454 νοῦν,
830 391 966 463 πρδς
1010 392 1188 446 πάντα
1240 394 1308 446 τὸ.
1356 392 1494 463 μετὰ
1527 392 1660 445 Θεὸν
1689 393 1890 462 τυφλὸν

1993 395 2097 451 bus
2126 396 2472 465 superiorem
2506 407 2746 451 mentem
2797 395 3075 459 attollens,
3128 394 3195 450 ad
3228 397 3413 453 omnia
3454 416 3577 470 quae

302 483 772 555 ἀπεργαζόμενον.
797 484 1006 546 Μόνους
1029 483 1138 554 γὰρ
1156 484 1282 546 τοὺς
1299 483 1534 554 τυφλοὺς
1557 483 1692 552 πρὸς
1712 483 1889 536 πάντα

303 573 374 627 τὰ
422 574 559 645 μετὰ
607 574 739 627 Θεὸν
788 575 1189 646 γεγενημένους
1220 574 1477 646 ὁΚύριος
1505 576 1739 644 σοφίζει,
1778 576 1889 628 δει-

305 665 439 729 κνὺς
471 664 539 719 τὰ
573 664 842 736 θειότερα.
1832 704 1877 731 λ

378 864 429 911 ι’.
478 856 537 909 ὐ
587 854 682 909 τοῦ
729 855 864 910 Θεοῦ
914 856 1103 924 λόγος,
1160 856 1345 928 κόκκῳ
1372 857 1643 919 σινάπεως
1677 856 1888 920 ἐοικὼς,

303 947 409 1019 πρὸ
441 948 539 1016 τῆς
566 948 840 1017 γεωργίας
872 948 1013 1001 πάνυ
1043 943 1354 1002 εἶναιδοκεῖ
1386 948 1605 1019 μικρός·
1668 947 1890 1001 ἐπειδὰν

303 1040 361 1092 δὲ
394 1037 690 1108 γεωργηθῇ
723 1038 973 1104 δεόντως,
1009 1039 1262 1092 τοσοῦτον
1292 1040 1657 1094 διαδείκνυται
1692 1040 1887 1110 μέγας,

302 1127 445 1182 ῶστε
474 1130 598 1192 τοὺς
628 1130 739 1181 τῶν
770 1129 1047 1200 αἰσθητῶν
1079 1131 1174 1184 καὶ
1206 1131 1315 1183 τῶν
1342 1132 1548 1202 νοητῶν
1576 1133 1891 1202 κτισμάτων

307 1218 670 1288 μεγαλοφυείς
710 1218 902 1287 λόγους
924 1221 1143 1291 πτηνῶν
1168 1222 1322 1292 δίκην
1354 1222 1505 1292 αὐτῷ
1538 1224 1892 1279 ὲπαναπαύε-

309 1309 453 1362 σθαι.
494 1309 721 1363 Πάντων
748 1312 856 1382 γὰρ
887 1313 937 1364 οἱ
978 1311 1128 1382 λόγοι
1159 1313 1565 1385 καθεστήκασιν
1597 1316 1748 1386 αὐτῷ
1782 1335 1891 1387 χω-

305 1402 481 1472 ρητοί·
532 1402 693 1466 αὐτὸς
731 1404 826 1469 δὲ,
860 1404 969 1458 τῶν
1003 1406 1170 1459 ὄντων
1220 1409 1366 1461 ἐστὶν
1404 1409 1580 1462 οὐδενὶ
1624 1410 1889 1481 χωρητός.

300 1495 391 1547 Διὸ
434 1493 524 1547 τὸν
564 1494 756 1564 ἔχοντα
788 1497 972 1551 πίστιν
1015 1498 1091 1562 ώς
1137 1499 1337 1553 κόκκον
1384 1502 1697 1567 σινάπεως,
1733 1502 1894 1555 δύνα-

303 1585 426 1639 σθαι
473 1587 785 1657 μεταθεῖναι
829 1590 973 1660 λόγῳ
1023 1591 1085 1643 τὸ
1130 1591 1257 1662 ὅρος
1293 1595 1320 1645 6
1346 1593 1546 1665 Κύριοι⁹
1573 1594 1699 1666 ἔφη·
1740 1612 1896 1647 τουτ-

304 1678 422 1732 ἐστι
448 1718 464 1743 ,
507 1679 568 1733 τὸ
599 1680 719 1733 καθ’
740 1681 898 1751 ἡμῶν
927 1681 1019 1735 τοῦ
1047 1683 1294 1737 διαϐόλου
1322 1686 1521 1755 κράτος
1546 1685 1892 1751 ἀποδιώκειν,

301 1773 395 1825 καὶ¹
433 1770 784 1841 μετατιθέναι
813 1773 915 1843 τῆς
949 1772 1182 1843 βάσεως.

374 1954 466 2006 ια’.
524 1950 744 2013 Κόκκος
788 1950 882 2003 τοῦ
934 1951 1208 2016 σινάπεώς
1236 1953 1387 2006 ἐστιν
1417 1954 1445 2006 6
1477 1953 1713 2025 Κύριος,
1754 1955 1895 2009 κατὰ

300 2041 488 2095 πίστιν
544 2041 603 2095 ἐν
649 2042 932 2112 ΙΙνεύματι
983 2044 1343 2116 σπειρόμενος
1393 2048 1453 2099 ἐν
1495 2049 1615 2109 ταῖς
1645 2046 1895 2116 καρδίαις

298 2134 408 2187 τῶν
437 2134 765 2206 δεχομένων·
797 2135 856 2189 ὃν
885 2137 913 2189 6
940 2136 1217 2207 ἐπιμελῶς
1241 2137 1331 2191 διὰ
1354 2138 1462 2191 τῶν
1486 2139 1699 2206 ἀρετῶν
1725 2156 1896 2209 γεωρ-

300 2228 475 2297 γήσας
494 2268 510 2291 ,
568 2227 628 2280 τὸ
655 2228 756 2298 μὲν
784 2228 911 2300 ὅρος
945 2228 1037 2283 τοῦ
1068 2229 1255 2300 χοϊκοῦ
1282 2231 1632 2302 φρονήματος
1666 2232 1893 2301 μετατί-

300 2321 463 2390 θησι,
521 2320 623 2392 τὴν
666 2322 986 2394 δυσκίνητον
1025 2324 1138 2388 ἕξιν
1182 2324 1379 2378 ἑαυτοῦ
1411 2326 1512 2395 τῆς
1545 2327 1745 2391 κακίας
1772 2327 1893 2381 κατ’

302 2411 552 2477 ἐξουσίαν
601 2415 991 2487 ἀπωθούμενος
1015 2432 1029 2448 ·
1087 2418 1212 2482 τοὺς
1250 2418 1307 2472 δὲ
1350 2418 1543 2486 λόγους
1576 2418 1753 2490 ἐαυτῷ
1783 2422 1893 2474 τῶν

301 2503 533 2557 ἐντολῶν
569 2506 665 2558 καὶ
690 2507 817 2569 τοὺς
842 2507 1100 2576 τρόπους,
1129 2508 1161 2577 ἢ
1193 2509 1288 2563 καὶ
1314 2508 1413 2573 τὰς
1437 2508 1584 2574 θείας
1608 2510 1889 2581 δυνάμεις,

300 2593 491 2667 ὥσπερ
526 2595 747 2649 πετεινὰ
776 2598 1007 2669 ούρανοῦ
1037 2600 1406 2655 ἐπαναπαύει.

373 2687 461 2757 ιβ’.
502 2686 592 2758 Τῷ
634 2688 825 2759 Κυρίῳ
870 2689 1123 2762 καθάπερ
1173 2692 1282 2745 τινὶ
1328 2691 1566 2763 θεμελίῳ
1623 2691 1888 2760 πίστεως,

300 2779 361 2834 τὸ
388 2777 522 2851 ὕψος
550 2781 1035 2851 ἐποικοδομοῦντες
1071 2784 1180 2838 τῶν
1233 2784 1478 2854 ἀγαθῶν,
1514 2786 1761 2857 χρυσίον,
1790 2787 1891 2858 ἀρ-

302 2871 512 2943 γύριον,
549 2871 729 2936 λίθους
755 2874 970 2945 τιμίους
1010 2874 1330 2947 ἐπιθώμεθα
1354 2892 1369 2906 ·
1404 2877 1674 2943 τουτέστι,
1705 2875 1887 2932 θεολο-

301 2964 427 3033 γίαν
479 2964 726 3035 καθαρὰν
782 2967 875 3019 καὶ
915 2966 1228 3039 ἀκίϐδηλον,
1254 2970 1349 3022 καὶ
1380 2968 1495 3039 βίον
1525 2969 1759 3042 διαφανῆ
1794 2970 1890 3024 καὶ

301 3054 575 3127 λαμπρὸν.
617 3056 712 3109 καὶ
746 3055 924 3147 θείους
952 3056 1250 3128 λογισμοὺς
1283 3058 1350 3112 τὰ
1379 3061 1717 3131 μαργαρώδη
1759 3061 1888 3133 νοήο
1915 3087 1958 3147 c

304 3162 485 3218 ματα·
536 3147 673 3202 ἀλλὰ
725 3146 798 3219 μὴ
843 3146 997 3215 ξύλα,
1059 3149 1135 3220 μὴ
1180 3150 1372 3221 χόρτον
1425 3152 1563 3222 μήτε
1600 3153 1885 3225 καλάμην·

301 3236 590 3301 τουτέστι,
653 3238 792 3308 μήτε
840 3238 1323 3311 εἰδωλολατρείαν·
1374 3241 1547 3312 ἤγουν
1609 3241 1710 3312 τὴν
1760 3243 1890 3314 περὶ

302 3328 372 3382 τὰ
419 3329 655 3399 αἰσθητὰ
718 3330 983 3401 πτόησιν·
1042 3331 1181 3403 μήτε
1229 3331 1345 3402 βίον
1404 3332 1711 3401 ἀλόγιστον,
1750 3335 1889 3405 μήτε

299 3415 594 3491 λογισμοὺς
624 3421 914 3490 ἐμπαθεῖς,
938 3422 1030 3475 καὶ
1049 3423 1147 3492 τῆς
1180 3423 1323 3477 κατὰ
1369 3423 1563 3494 σοφίαν
1616 3426 1889 3488 συνέσεως

303 3510 495 3582 ὥσπερ
532 3511 820 3583 ἀσταχύων
849 3514 1268 3585 ἐστερημένους.

379 3673 471 3738 ιγ’.
521 3667 582 3721 'O
633 3668 889 3738 γνώσεως
935 3671 1243 3742 ἐφιέμενος,
1305 3673 1743 3745 ἀμετακινήτους
1791 3675 1891 3739 τὰς

308 3758 494 3829 βάσεις
523 3761 622 3830 τῆς
655 3761 833 3833 ψυχῆς
866 3764 1136 3835 ὲρεισάτω
1188 3766 1340 3838 παρὰ
1396 3767 1475 3837 τῷ
1505 3767 1717 3839 Κυρίῳ,
1748 3767 1892 3821 καθά

307 3869 472 3922 φησιν
500 3854 526 3905 6
553 3852 684 3916 Θεὸς
714 3855 793 3926 τῷ
819 3856 1025 3927 Μωῦσῇ
1047 3872 1059 3886 ·
1094 3856 1178 3910 Σὺ
1212 3857 1281 3910 δὲ
1312 3859 1499 3913 αὐτοῦ
1531 3858 1712 3928 στῆθι
1760 3859 1889 3929 μετ’

306 3944 471 4013 ἐμσῦ.
515 3946 715 4000 ’ἰστέον
756 3947 833 4011 δὲ,
880 3949 960 4001 ὅτι
1000 3949 1096 4002 καὶ
1125 3951 1182 4001 ἐν
1212 3950 1396 4013 αὐτοῖς
1421 3954 1534 4014 τοῖς
1576 3951 1891 4021 ἱσταμένοις

308 4039 459 4109 παρᾶ
481 4038 556 4109 τῷ
576 4040 761 4111 Κυρίῳ
792 4041 909 4095 ἐστὶ
939 4042 1174 4113 διαφορά
1193 4061 1206 4074 ·
1241 4043 1403 4114 εἴπερ
1425 4046 1603 4099 ἐκεῖνο
1637 4047 1713 4115 μὴ
1745 4063 1892 4117 παρ-

308 4126 483 4199 έργως
542 4130 978 4193 ἀναγινώσκεται
1037 4135 1152 4196 τοῖς
1200 4133 1547 4205 φιλομαθέσι,
1593 4134 1694 4199 τὸ,
1756 4135 1892 4189 Εἰσί

307 4234 463 4285 τινες
486 4220 603 4274 τῶν
630 4216 745 4276 ὧδε
777 4223 1069 4289 ἑστώτων,
1105 4226 1323 4293 οἵτινες
1351 4229 1424 4281 οὐ
1447 4227 1534 4297 μὴ
1564 4228 1893 4297 γεύσωνται

309 4316 589 4381 θανάτου,
631 4317 743 4383 ἕως
795 4319 873 4372 ἂν
918 4319 1091 4373 ἴδωσι
1116 4319 1230 4388 τὴν
1248 4321 1581 4386 βασιλείαν
1605 4321 1712 4376 τοῦ
1741 4321 1890 4377 Θεοῦ

1994 504 2025 543 a
2062 489 2175 543 Deo
2211 488 2457 542 secunda
2494 498 2644 554 sunt,
2691 504 2892 544 caecam
2942 488 3146 544 reddit.
3185 490 3295 545 Eos
3342 507 3579 562 namque

1996 595 2137 634 unos
2167 580 2436 634 Dominus
2479 581 2759 650 sapientes
2790 580 2942 644 facit,
2975 580 3277 637 ostendens
3294 599 3415 651 qua:
3453 595 3599 639 sunt

1993 671 2295 737 diviniora,
2331 672 2440 726 illis
2486 673 2584 742 qui
2628 672 2694 725 ad
2746 673 2928 727 omnia
2958 689 3081 741 qua:
3114 689 3144 727 a
3181 674 3293 729 Deo
3340 677 3581 732 secunda

1994 771 2145 827 sunt,
2174 762 2300 816 caeci
2329 764 2606 817 exsistunt
2630 764 2695 817 δ’,

2076 854 2157 907 10.
2186 855 2283 909 Dei
2313 871 2517 919 sermo,
2551 869 2722 925 grano
2760 857 2971 925 sinapis
3003 856 3219 921 similis,
3257 857 3579 928 priusquam

1995 947 2234 1011 colatur,
2284 947 2519 1017 exiguus
2573 947 2873 1001 admodum
2925 953 3155 1017 apparet
3199 965 3213 1000 :
3250 947 3345 1002 ubi
3396 958 3578 1005 auteu‘

1994 1056 2139 1105 eam,
2175 1055 2296 1109 quae
2326 1039 2540 1105 deccat,
2564 1040 2839 1094 culturam
2870 1040 3165 1109 acceperit,
3200 1047 3349 1095 tanta
3382 1057 3582 1111 proce-

1998 1133 2161 1187 ritate
2194 1132 2485 1195 excrescit,
2550 1141 2613 1185 ut
2666 1140 3002 1196 crcatorum,
3054 1140 3169 1185 tum
3230 1147 3352 1201 qua:
3415 1148 3582 1188 sensu

1995 1222 2399 1292 percipiuntur,
2437 1229 2551 1275 tum
2600 1236 2721 1289 qua:
2773 1220 2890 1275 sola
2939 1229 3123 1274 mente
3169 1220 3582 1291 intelliguntur,

1998 1314 2299 1385 magniﬁcae
2332 1313 2578 1367 rationes
2601 1313 2892 1365 volucrum
2924 1311 3099 1365 instar
3141 1311 3200 1364 in
3234 1326 3302 1365 eo
3360 1311 3585 1381 requie-

2002 1416 2160 1463 scant
2184 1408 2251 1460 ω.
2300 1406 2557 1460 Omnium
2589 1406 2736 1459 enim
2764 1405 2855 1459 ille
2900 1404 3147 1459 rationes
3176 1405 3364 1473 capit:
3402 1404 3583 1474 ipsum

1997 1507 2181 1555 autem
2229 1500 2379 1568 quod
2428 1498 2603 1568 possit
2645 1514 2863 1567 capere,
2904 1498 3041 1551 nihil
3079 1498 3135 1550 in
3173 1497 3343 1552 rebus
3381 1508 3580 1554 exstat.

1996 1589 2127 1645 Ideo
2176 1589 2342 1643 etiam
2386 1588 2526 1642 dixit
2571 1587 2840 1641 Dominus
2866 1602 3015 1653 eum,
3044 1586 3139 1656 qui
3173 1586 3337 1641 ﬁdem
3383 1587 3584 1642 habeat

1997 1681 2141 1735 sicut
2171 1695 2403 1750 granum
2435 1679 2647 1748 sinapis
2697 1694 2859 1748 posse
2893 1679 3193 1732 transferre
3220 1688 3462 1733 montem
3486 1680 3532 1711 “
3566 1696 3579 1731 :

1924 1750 1968 1804 Β
1998 1769 2205 1824 diaboli
2235 1770 2449 1823 scilicet
2475 1768 2769 1822 adversum
2802 1784 2905 1823 nos
2930 1769 3223 1837 imperium
3251 1777 3310 1823 et
3337 1778 3584 1839 potesta-

2000 1869 2110 1915 tem
2132 1860 2344 1931 fugare,
2370 1876 2400 1914 a
2435 1859 2565 1914 sede
2591 1859 2856 1929 dejicere.

2068 1953 2155 2005 ll.
2186 1950 2432 2005 Granum
2482 1950 2693 2018 sinapis
2746 1949 3013 2004 Dominus
3057 1958 3163 2015 est,
3195 1966 3295 2020 per
3326 1950 3490 2006 ﬁdem
3528 1951 3583 2006 in

1996 2044 2194 2113 spiritu
2220 2043 2277 2096 in
2309 2041 2734 2112 suscipientium
2756 2041 3020 2097 cordibus
3048 2044 3354 2099 seminatus
3381 2062 3394 2097 :
3418 2060 3583 2114 quem

1994 2136 2089 2205 qui
2112 2135 2408 2205 diligenter
2434 2134 2671 2189 virtutes
2698 2135 3009 2203 praestando
3036 2136 3188 2199 colit,
3218 2137 3425 2192 terreni
3458 2153 3587 2192 sen-

1995 2243 2091 2282 sus
2136 2235 2386 2282 montem
2422 2226 2705 2281 transfert
2754 2225 2998 2297 (diﬁicile
3049 2227 3264 2281 scilicet
3319 2229 3582 2283 mobilem

1994 2327 2160 2388 atque
2190 2317 2497 2373 haerentem
2528 2315 2753 2371 malitia:
2779 2316 3032 2371 habitum
3070 2316 3302 2387 vitiique
3332 2334 3362 2372 a
3386 2334 3446 2373 se
3468 2319 3584 2388 ipse

1994 2426 2095 2481 per
2127 2417 2459 2481 potestatem
2482 2406 2792 2480 depellens)
2818 2407 3317 2481 mandatorumque
3341 2410 3587 2465 rationes

1992 2513 2050 2559 et
2071 2503 2235 2575 48⁵1
2265 2503 2479 2568 modos,
2513 2502 2629 2556 sive
2657 2501 2822 2557 etiam
2877 2500 3092 2557 divinas
3118 2501 3386 2566 virtutes,
3434 2504 3585 2557 velut

1992 2596 2117 2651 οωιὶ
2144 2596 2398 2650 volucres
2424 2596 2479 2649 in
2506 2610 2565 2649 se
2588 2593 2938 2663 requiescere
2970 2592 3123 2647 facit.

2075 2684 2163 2740 12.
2193 2684 2299 2751 Qui
2322 2699 2492 2755 super
2514 2684 2831 2750 Dominum,
2855 2692 3117 2754 tanquam
3155 2682 3282 2738 ﬁdei
3304 2682 3581 2763 quoddam

1989 2776 2437 2841 fundamentum,
2471 2777 2749 2831 excelsum
2774 2775 3051 2831 bonorum
3077 2775 3294 2830 culmen
3328 2783 3581 2830 exstrua-

1988 2882 2145 2933 mus;
2193 2881 2412 2931 aurum,
2462 2873 2771 2937 argentum,
2806 2865 3019 2936 lapides
3049 2866 3328 2936 pretiosos
3364 2868 3580 2938 (puram

1989 2958 2202 3014 scilicet
2218 2964 2382 3027 atque
2398 2956 2676 3011 sinceram
2694 2956 2763 3011 de
2784 2956 2896 3012 Deo
2910 2956 3245 3019 doctrinam,
3268 2957 3583 3027 claramque

1990 3059 2156 3121 atque
2190 3049 2461 3104 illustrem
2509 3050 2678 3104 vitam
2709 3089 2724 3115 ,
2765 3063 2985 3105 necnon
3020 3040 3181 3104 Sensa
3228 3050 3397 3104 animi
3421 3051 3583 3104 unio-

1990 3157 2123 3198 num
2148 3141 2326 3196 nitore
2347 3140 2634 3211 fulgentia)
2662 3155 2806 3206 ;non
2829 3140 2999 3212 ligna,
3021 3138 3233 3200 fenum,
3263 3140 3522 3210 stipulam
3537 3142 3582 3173 η

1994 3234 2198 3305 (neque
2254 3233 2469 3288 scilicet
2522 3232 2800 3288 idolorum
2842 3233 3075 3297 cultum,
3117 3231 3173 3286 id
3209 3241 3314 3296 est,
3348 3233 3584 3287 terrenis

1990 3325 2271 3381 addictum
2310 3324 2556 3380 animum
2600 3325 2778 3395 iisque
2812 3323 3052 3379 deﬁxum
3102 3338 3282 3394 neque
3333 3332 3581 3379 averSam

1991 3433 2021 3472 a
2057 3418 2274 3473 ratione
2295 3416 2488 3482 vitam,
2536 3432 2720 3487 neque
2749 3417 2971 3471 demum
3026 3416 3354 3471 libidinosas
3380 3415 3584 3487 cogita-

1991 3508 2192 3571 tiones,
2226 3517 2287 3561 ut
2333 3522 2457 3577 qua:
2489 3514 2750 3576 tanquam
2797 3505 2983 3575 spicis,
3038 3505 3323 3575 sapientia:
3375 3505 3584 3561 intelli-

1991 3598 2178 3669 gentia
2210 3597 2457 3669 careant)
2491 3597 2571 3652 illi
2601 3598 2974 3668 imponamus.

2060 3688 2147 3742 13.
2191 3687 2297 3753 Qui
2350 3687 2595 3743 scientia:
2647 3686 2927 3742 desiderio
2974 3695 3216 3751 tenetur,
3271 3687 3583 3743 immobiles

1991 3778 2161 3833 animi
2193 3794 2415 3850 gressus
2442 3778 2587 3849 apud
2611 3778 2907 3833 Dominum
2950 3786 3177 3843 statuat,
3221 3777 3581 3848 quemadmo—

1991 3870 2123 3925 dum
2174 3870 2250 3925 ait
2297 3871 2443 3926 Deus
2483 3871 2642 3937 Mosi,
2698 3871 2774 3926 Tu
2823 3880 2997 3926 autem
3032 3872 3114 3924 hic
3158 3878 3242 3925 sta
3291 3871 3574 3926 mecum“.

1992 3960 2142 4016 Istud
2180 3976 2349 4031 porro
2385 3961 2816 4027 observandum,
2856 3961 2913 4016 in
2954 3961 3022 4017 iis
3064 3960 3231 4016 etiam
3277 3962 3575 4019 discrimen

1991 4068 2112 4109 esse
2133 4054 2227 4124 qui
2253 4060 2401 4108 stant
2428 4053 2573 4124 apud
2602 4054 2916 4120 Dominum,
2942 4054 2986 4109 si
3026 4054 3191 4109 modo
3222 4054 3454 4109 studiosi
3481 4071 3577 4110 ve-

1993 4146 2151 4216 rique
2179 4155 2456 4210 amantes,
2503 4146 2653 4217 qttod
2685 4146 2758 4201 ita
2788 4147 3059 4217 scriptum
3103 4158 3209 4211 est,
3260 4162 3370 4202 non
3400 4147 3579 4204 obiter

1994 4237 2267 4309 legimus:
2302 4236 2440 4293 Sunt
2487 4240 2706 4310 quidam
2763 4240 2826 4293 de
2872 4242 2955 4294 hic
3002 4240 3284 4306 stantibus,
3326 4243 3417 4312 qui
3472 4258 3578 4296 non

1993 4336 2280 4401 gustabunt
2315 4341 2569 4395 mortem,
2605 4332 2769 4385 donec
2813 4332 3041 4386 viderint
3091 4349 3311 4403 regnum
3344 4333 3443 4387 Dei
3488 4350 3578 4388 ve-

310 4410 679 4476 ἐληλυθυῖαν
706 4413 775 4465 ἐν
802 4411 1069 4482 δυνάμει.
1115 4415 1189 4467 Ού
1244 4414 1354 4486 γὰρ
1404 4416 1571 4470 πᾶσιν
1622 4415 1709 4469 ἀεὶ
1752 4414 1894 4486 μετὰ

1997 4426 2146 4479 niens
2216 4427 2273 4480 in
2324 4426 2519 4479 virtute
2541 4425 2609 4480 ⁸⁷.
2662 4426 2783 4480 Νοιι
2835 4427 2984 4480 enim
3040 4426 3307 4481 Dominus
3360 4441 3580 4497 semper

310 4502 467 4570 δόξης
498 4501 525 4553 6
550 4501 755 4573 Κύριος
777 4504 1127 4573 ἐπιφαίνεται
1163 4507 1277 4569 τοῖς
1311 4505 1442 4577 παρ’
1465 4505 1617 4577 αὐτῷ
1660 4506 1891 4577 ἱσταμέ-

314 4611 440 4657 νοις,
478 4594 615 4647 ἀλλὰ
652 4597 765 4658 τοῖς
808 4595 907 4665 μὲν
942 4596 1340 4666 εἰσαγομένοις,
1373 4600 1431 4650 ἐν
1480 4597 1666 4652 δούλου
1704 4601 1884 4671 μορφῇ

315 4688 709 4757 παραγίνεται·
745 4691 857 4751 τοῖς
900 4688 958 4741 δὲ
987 4689 1307 4759 δυναμένοις
1338 4691 1703 4761 ἀκολουθῆσαι
1738 4692 1888 4763 αὐτῷ

311 4776 401 4829 ἐπὶ
418 4777 479 4830 τὸ
502 4777 707 4849 ὑψηλὸν
728 4779 1075 4833 ἀναϐαίνοντι
1093 4782 1191 4851 τῆς
1208 4781 1374 4835 αὐτοῦ
1399 4784 1886 4855 μεταμορφώσεως

308 4870 455 4939 ὅρος,
495 4868 553 4922 ἐν
577 4875 760 4942 μορφῇ
786 4872 921 4925 Θεοῦ
956 4874 1307 4943 ἐπιφαίνεται
1339 4874 1415 4947 (y)
1442 4893 1453 4904 ·
1491 4878 1551 4930 ἐν
1646 4878 1882 4949 ὑπῆρχε,

384 5024 429 5057 ⁸³
465 5026 610 5082 Psal.
646 5045 800 5095 την,
828 5027 880 5083 8.
957 5030 1002 5062 ⁸³
1017 5029 1210 5086 Matth.
1246 5047 1359 5096 xm,
1390 5031 1479 5084 3i.

315 5110 425 5159 vni,
465 5096 553 5153 39.

388 5232 464 5305 (y)
482 5232 962 5313 ‘EIItoggpﬁﬂsoﬁ
979 5238 1378 5313 ἐπιφαίνεται.
1402 5240 1467 5293 In
1487 5239 1580 5295 Dei
1596 5249 1645 5311 [o
1654 5260 1768 5295 rma
1790 5261 1887 5313 ap—

315 5315 491 5376 paret.
526 5306 819 5381 EstuMarci
847 5309 1125 5381 νῃπτικῷν
1143 5324 1265 5378 cap.
1303 5310 1389 5371 14,
1415 5306 1686 5381 suumque
1723 5306 1888 5367 Maii-

316 5390 447 5451 mu_s_
462 5377 827 5451 esscribendo
867 5379 998 5432 fecit
1026 5396 1038 5451 ς
1069 5379 1125 5433 in
1159 5377 1271 5448 quo
1300 5382 1575 5451 praecipua
1598 5377 1892 5438 diﬁicultas

318 5445 449 5523 quid
477 5447 546 5499 sit
570 5446 659 5501 illa
690 5448 914 5523 claritas
947 5450 1064 5513 Dei,
1089 5450 1161 5523 _in
1180 5445 1317 5520 'qua'
1337 5445 1593 5506 Christus
1614 5454 1888 5523 apparuit.

318 5515 530 5571 Idcirco
561 5518 706 5585 quod
746 5518 916 5573 Grreci
946 5515 1251 5589 sequiores.
1280 5523 1570 5577 occasione
1617 5515 1890 5578 dictorum

318 5588 681 5656 quorumdam
723 5590 966 5649 Patrum.
1008 5588 1078 5646 de
1126 5592 1403 5647 Thahorio
1434 5594 1639 5648 lumine
1678 5594 1757 5648 sic
1807 5595 1893 5649 di-

318 5655 540 5727 gladiati
572 5668 719 5721 sunt,
749 5667 808 5712 ut
843 5676 930 5715 res
952 5677 1050 5729 per
1078 5662 1462 5717 Palamitarnm
1487 5665 1893 5719 contentionem

320 5734 373 5787 in
410 5729 815 5799 putidiSstmam
865 5731 1116 5786 hmresim
1161 5732 1395 5798 abierit;
1461 5736 1893 5791 existimantium

592 5822 864 5885 Ρλιτιιοι..
911 5824 1023 5887 Gn.
1066 5825 1185 5887 XC.

1558 5032 1603 5065 ⁶¹⁵
1627 5033 1818 5086 Matth.
1846 5050 1974 5101 xvu,

1995 4515 2255 4571 omnibus
2308 4530 2434 4571 cum
2498 4516 2753 4571 claritate
2807 4524 3067 4588 apparet,
3114 4519 3209 4588 qui
3255 4524 3403 4572 stant
3432 4518 3577 4588 apud

1996 4608 2208 4678 ipsum;
2251 4608 2346 4663 sed
2378 4608 2447 4662 iis
2476 4607 2699 4678 quidem
2732 4609 2825 4679 qui
2881 4606 3223 4665 inducuntur
3272 4624 3335 4663 ac
3366 4608 3579 4664 tirones

1995 4708 2152 4765 sunt,
2205 4700 2430 4757 advenit
2479 4700 2733 4755 informa
2786 4702 2932 4756 servi
2968 4702 3075 4757 :iis
3093 4711 3273 4757 autem
3314 4701 3408 4771 qui
3448 4717 3573 4756 eum

1995 4790 2149 4860 sequi
2175 4791 2360 4847 valent
2380 4791 2768 4848 ascendentem
2809 4794 2862 4847 in
2893 4804 3134 4849 montem
3168 4794 3442 4849 excelsum
3464 4810 3577 4849 sua:
3631 4800 3635 4813 ‘

1994 4880 2583 4952 transﬁgurationis,in
2608 4882 2705 4937 Dei
2733 4882 2903 4936 forma
2934 4891 3181 4952 apparet,
3216 4882 3270 4936 in
3302 4898 3405 4951 qua
3436 4892 3575 4951 erat,
3664 4888 3668 4913 λ

2006 5035 2093 5090 l9.
2160 5037 2242 5089 ⁸⁸1
2270 5036 2397 5092 Cor.
2439 5036 2625 5104 "1,12.
2674 5040 2719 5071 ⁶⁶
2752 5038 2924 5093 Exod.
2962 5055 3124 5091 χχχιιι
3179 5038 3237 5090 2.
3338 5038 3381 5069 ⁸⁷
3409 5039 3573 5092 Marc.

1993 5245 2089 5299 Dei
2117 5244 2262 5318 illam
2293 5246 2619 5312 claritatem,
2651 5246 2747 5318 τὴν
2774 5248 2952 5314 δόξαν,
2973 5246 3175 5317 aliquid
3203 5247 3312 5301 Deo
3336 5262 3575 5302 corevum

1999 5331 2142 5387 esse,
2172 5316 2359 5385 illique
2402 5326 2597 5371 natura
2629 5316 3019 5387 conjunctum;
3058 5316 3159 5373 nec
3194 5327 3375 5371 tamen
3406 5318 3576 5387 ipsam

2003 5386 2097 5439 Dei
2133 5388 2429 5461 essentiam
2466 5404 2606 5461 esse,
2650 5386 2744 5442 sed
2772 5389 2926 5460 quasi
2969 5389 3117 5443 illius
3161 5386 3434 5461 virtutem
3476 5403 3574 5461 seu
3614 5454 3621 5461 ί

2002 5455 2338 5530 potentiam;
2373 5458 2520 5530 quod
2553 5466 2701 5530 certe
2733 5455 3000 5530 repugnat
3034 5459 3282 5513 maximze
3325 5458 3417 5530 Dei
3448 5457 3576 5530 sint;

2002 5524 2260 5599 plicitati,
2289 5524 2452 5595 quam
2489 5528 2603 5597 ipse
2636 5524 2901 5584 Maximus
2950 5530 3113 5599 paulo
3159 5529 3415 5598 superius
3465 5544 3513 5581 c.
3542 5529 3574 5583 θ

2003 5606 2059 5650 et
2113 5596 2167 5661 ὅ,
2220 5596 2322 5650 rite
2370 5596 2699 5666 prosecutus
2745 5610 2851 5662 est,
2894 5596 3111 5654 omnem
3142 5596 3366 5653 omnino
3395 5615 3425 5654 a
3465 5600 3578 5655 Deo

2003 5666 2455 5739 compositionem
2489 5670 2809 5725 excludcns.
2831 5670 2986 5736 Quod
3018 5679 3200 5725 autem
3230 5670 3347 5739 ipsa
3402 5670 3495 5724 lux
3524 5679 3579 5725 et

2004 5738 2247 5805 claritas,
2277 5740 2653 5811 corporalibus
2699 5743 3073 5811 apostolorum
3107 5738 3284 5796 oculis
3338 5740 3573 5811 objecta,

3115 5834 3193 5896 36
