4094 6204
591 277 722 344 1131

1751 280 1809 337 s.
1851 278 2136 338 MAXIMI
2176 262 2685 341 Coxssssoms

3700 293 3861 361 1132

590 402 886 461 antequam
934 388 1175 443 mundus
1224 397 1391 443 esset.
1429 388 1575 443 Fieri
1631 388 1799 458 igitur
1859 397 2061 458 potest,
2109 405 2137 442 u

2277 386 2384 458 πρὸ
2397 386 2491 440 τοῦ
2531 387 2629 443 τὸν·
2642 390 2847 460 κόσμον
2874 387 3293 450 εἷναι.-Δυνατδν
3312 392 3405 451 οὖν
3430 399 3567 466 ἔστι,
3590 399 3663 473 μὴ
3694 409 3860 459 κατὰ

552 474 559 481 ’
590 483 737 537 idem
783 484 900 551 ipse
938 479 1203 533 Dominus
1225 495 1336 534 non
1359 478 1551 534 eadem
1581 479 1793 534 ratione
1830 480 2046 534 cunctis
2071 495 2172 549 ap-

588 582 776 646 pareat
802 615 815 639 ,
855 572 949 643 qui
985 580 1134 626 stant
1174 571 1319 641 apud
1367 573 1575 642 ipsum;
1626 570 1723 625 sed
1764 571 1875 625 alio
1926 570 2166 640 alioque,

588 666 711 720 aliis
742 671 907 733 atque
952 663 1077 717 aliis
1107 663 1291 729 modo,
1330 680 1431 733 pro
1477 664 1745 734 cujusque
1792 661 2003 717 scilicet
2040 660 2181 715 lidei

587 754 814 811 modulo
852 754 1123 810 visionem
1154 755 1395 809 varians.

659 849 746 903 14.
781 847 885 905 Ubi
917 847 972 902 in
1002 846 1163 901 nobis
1198 846 1291 901 Dei
1320 862 1502 901 sermo
1535 846 1857 917 splendidus
1876 847 2165 918 clarusque

585 940 879 1002 exstiterit,
908 940 1137 1010 ejusque
1160 938 1329 993 facies
1359 939 1491 993 solis
1525 938 1700 994 instar
1725 938 2015 1003 cﬂ‘ulserit,
2034 949 2165 994 tunc

585 1046 810 1103 quoque
843 1031 961 1101 ejus
985 1029 1313 1083 vestimenta
1355 1037 1622 1098 apparent
1668 1028 1902 1083 candida
1938 1047 1950 1081 :
1996 1043 2164 1084 sacrae

586 1122 852 1177 nimirum
882 1122 1305 1191 Evangeliorum
1338 1119 1638 1190 Scriptura:
1683 1119 1865 1173 lucida
1904 1120 2072 1174 verba
2106 1128 2163 1174 et

588 1210 900 1282 perspicua,
932 1210 1184 1279 nihilque
1212 1209 1487 1263 occultum
1518 1207 1931 1275 abstrusiusque
1956 1206 2164 1261 haben-

589 1305 684 1357 tia.
719 1302 826 1357 Sed
869 1309 925 1355 et
962 1301 1173 1371 Moyses
1214 1301 1469 1369 Eliasque
1508 1315 1614 1353 una
1641 1299 1981 1360 adveniunt,
2022 1298 2161 1367 legis

587 1393 805 1449 scilicet
824 1401 882 1447 et
919 1392 1316 1462 prophetarum
1342 1390 1707 1460 spiritaliores
1745 1404 2030 1445 sermones
2060 1403 2157 1443 seu

583 1487 843 1542 rationes.

653 1580 739 1635 15.
778 1575 1249 1646 Quemadmodum
1276 1582 1545 1630 venturus
1572 1584 1659 1629 est
1696 1574 1865 1628 Filius
1894 1573 2153 1639 hominis,

580 1671 724 1727 sicut
752 1671 1021 1741 scriptum
1047 1678 1134 1723 est
1154 1669 1220 1733 ⁸⁸,
1249 1680 1374 1722 cum
1397 1667 1609 1739 angelis
1640 1666 1756 1722 suis
1785 1666 1837 1719 in
1865 1666 2035 1737 gloria
2056 1667 2157 1721 Pa-

2271 475 2332 529 τὸ
2359 476 2490 529 αὐτὸ
2516 479 2608 531 τὸν
2634 479 2794 532 αὐτὸν
2822 482 2955 534 πᾶσι
2994 484 3104 546 τοῖς
3129 486 3260 555 παρ’
3302 486 3466 559 αὐτῷ⁸
3481 491 3856 562 τυγχάνουσιν

2269 568 2653 637 ἐπιφαίνεσθαι
2682 570 2889 641 Κύριον
2910 589 2922 602 ·
2955 570 3091 627 ἀλλὰ
3119 579 3232 639 τοϊς
3264 577 3365 647 μὲν
3411 580 3605 646 οὕτως,
3638 588 3758 649 τοῖς
3794 587 3853 640 δὲ

2269 660 2492 750 έτέρως,
2522 663 2662 717 κατὰ
2701 666 2762 717 τὸ
2794 665 2993 737 μέτρον
3018 671 3118 738 τῆς
3141 672 3199 725 ἐν
3226 671 3444 744 ἑκάστῳ
3477 674 3715 741 πίστεως
3746 679 3853 750 δη-

2270 749 2440 805 λονότι
2473 754 2760 808 ποικίλλων
2786 756 2885 827 τὴν
2918 757 3169 830 Θεωρίανζ

2341 841 2424 895 ιδ’.
2468 843 2635 896 Ὅταν
2668 846 2977 918 περιφανὴς
3014 851 3113 904 καὶ
3144 851 3399 925 λαμπρὸς
3436 856 3493 908 ὲν
3531 856 3662 927 ἡμῖν
3687 859 3719 910 6
3748 858 3848 912 τοῦ

2264 930 2401 986 Θεοῦ
2425 933 2654 1004 γένηται
2686 936 2862 1005 λόγος,
2911 940 3006 993 καὶ
3029 942 3090 995 τὸ
3112 944 3405 1014 πρόσωπον
3439 947 3605 1000 αὐτοῦ
3632 947 3848 1020 λάμψει

2240 1023 2519 1096 οκαθὰπερ
2550 1027 2725 1096 ἥλιος,
2762 1026 2884 1083 τότε
2921 1032 3109 1087 καὶτὰ
3147 1036 3339 1105 ἱμάτια
3383 1039 3550 1093 αὐτοῦ
3582 1045 3845 1110 φαίνεται

2262 1112 2460 1170 λευκάο
2492 1118 2763 1184 τουτέστι,
2799 1122 2867 1173 τὰ
2900 1124 3123 1193 ῥήματα
3154 1127 3252 1197 τῆς
3309 1129 3468 1196 ἁγίας
3517 1132 3627 1184 τῶν
3661 1133 3845 1203 Εὐαγ-

2261 1209 2461 1276 γελίων
2493 1211 2717 1282 Γραφῆς
2744 1252 2758 1277 ,
2797 1214 2967 1284 τρανα
2994 1216 3089 1270 καὶ
3128 1218 3293 1287 σαφῆ,
3321 1219 3414 1272 καὶ
3446 1221 3613 1291 μηδὲν
3644 1222 3842 1293 ἔχοντα

2259 1301 2694 1372 κεκαλυμμένον.
2715 1304 2874 1357 Ἀλλὰ
2898 1306 2990 1359 καὶ
3007 1308 3247 1378 Μωῦσῆς
3268 1310 3360 1363 καὶ
3376 1310 3390 1331 ⁹
3406 1311 3574 1376 Πλίας
3603 1317 3725 1383 μετ’
3742 1318 3841 1369 αύ-

2257 1388 2352 1440 τοῦ
2383 1390 2775 1459 παραγίνονται
2796 1410 2810 1425 ο
2842 1394 3137 1462 τουτέστιν,
3168 1399 3217 1450 oi
3245 1397 3339 1451 τοῦ
3380 1399 3545 1471 νόμου
3587 1406 3681 1457 καὶ
3732 1406 3841 1460 τῶν

2256 1481 2551 1552 προφητῶν
2579 1486 2992 1554 πνευματᾰώτε
3003 1504 3085 1557 ροι
3115 1488 3282 1559 λόγοι.

2272 1590 2280 1597 ·
2331 1576 2411 1623 ιε’.
2459 1572 2670 1644 Ὥσπερ
2705 1573 2924 1645 ἔρχεται
2951 1576 2980 1629 6
3008 1578 3134 1642 Υἱὸς
3163 1579 3256 1633 τοῦ
3284 1581 3597 1655 ἀνθρώπου,
3632 1587 3714 1650 ὡς
3746 1590 3837 1656 γέ-

2259 1678 2525 1733 γραπται,
2558 1664 2697 1732 μετὰ
2737 1666 2847 1719 τῶν
2878 1668 3125 1736 ἀγγέλων
3175 1671 3340 1725 αὐτοῦ
3382 1676 3438 1727 ἐν
3480 1678 3546 1745 τῇ
3573 1677 3706 1748 δόξῃ
3741 1679 3831 1731 τοῦ

580 1764 680 1817 tris
705 1780 719 1815 :
748 1762 829 1818 sic
860 1732 956 1816 Dei
983 1775 1165 1816 sermo
1210 1760 1442 1830 singulis
1458 1759 1769 1829 quibusque
1784 1759 2007 1813 virtutis
2025 1774 2137 1828 pro-

2257 1732 2487 1824 Πατρὸς,
2518 1755 2688 1820 οὕτως
2709 1758 2829 1812 καθ’
2855 1732 3091 1833 ἑκάστην
3116 1765 3401 1835 προκοπὴν
3433 1732 3832 1839 ἀρετῆς-μετα·

578 1851 835 1915 t‘ectibus,
876 1850 961 1903 his
1000 1849 1094 1918 qui
1123 1848 1275 1919 digni
1316 1847 1427 1903 sint
1459 1846 1902 1910 transformatur,
1926 1847 2155 1902 veniens

576 1954 703 1999 cum
730 1934 939 2013 angelis
959 1940 1075 1995 suis
1099 1940 1153 1993 in
1179 1939 1352 2010 gloria
1378 1937 1575 1993 Patris.
1607 1937 1982 2006 Spiritaliorcs
2004 1938 2151 1992 enim

576 2035 633 2089 in
655 2033 774 2103 lege
800 2039 857 2088 et
883 2030 1165 2101 prophetis
1197 2029 1524 2084 exsistentes
1552 2043 1835 2083 sermones
1874 2043 1937 2083 ac
1982 2029 2152 2083 ratio-

574 2141 695 2190 nes,
739 2138 978 2194 quorum
1016 2122 1226 2193 Moyses
1262 2129 1320 2175 et
1353 2121 1500 2175 Elias
1527 2121 1644 2174 suis
1694 2120 1798 2189 ipsi
1845 2121 2152 2176 rationibus

572 2217 742 2289 488
781 2216 952 2286 ﬁgura
992 2214 1345 2275 exstiterunt,
1377 2227 1500 2267 cum
1545 2212 1778 2266 Domino
1797 2220 2147 2281 apparentes,

574 2323 685 2377 quo
718 2316 964 2376 tempore
1004 2304 1269 2359 Dominus
1297 2301 1719 2357 transformatus
1743 2313 1849 2367 est,
1878 2303 2000 2372 ejus
2035 2304 2148 2358 cla—

573 2399 774 2463 ritatis,
803 2414 925 2467 qua:
960 2397 1014 2450 in
1043 2397 1173 2466 ipsis
1193 2405 1296 2460 est,
1321 2394 1543 2448 modum
1568 2408 1870 2463 congruum
1895 2406 2145 2458 servant;

573 2508 738 2564 quam
774 2493 1040 2546 hactenus
1066 2489 1216 2560 digni
1253 2488 1465 2558 possint
1513 2501 1732 2556 capere.
1778 2485 2036 2541 virtutem
2084 2501 2150 2540 ac

573 2584 875 2656 potentiam
906 2581 1318 2653 patelacientes.

644 2678 731 2731 16.
767 2675 870 2742 Qui
907 2674 1174 2743 tantisper
1205 2673 1435 2727 unitatis
1488 2670 1753 2725 rationem
1806 2670 2002 2723 doctus
2038 2678 2143 2733 est,

567 2768 795 2823 omnino
817 2768 982 2822 etiam
1014 2766 1091 2820 illi
1120 2766 1441 2835 coniunctas
1473 2762 1834 2832 providentiae
1864 2777 1928 2815 ac
1949 2762 2144 2832 judicii

567 2861 875 2931 exploratas
918 2860 1082 2914 habet
1126 2857 1388 2913 rationes.
1422 2855 1603 2922 Quare
1630 2854 1818 2918 etiam,
1844 2855 1998 2908 velut
2046 2854 2147 2908 Pe-

568 2961 708 3014 trus,
742 2964 957 3019 aaquum
984 2946 1253 3009 decernit,
1289 2953 1349 2998 ut
1386 2945 1489 2997 tria
1522 2943 1665 3012 apud
1700 2942 1877 3011 ipsum
1915 2942 2144 2995 ﬁantta-

2258 1846 2563 1917 μορφοῦται
2604 1850 2718 1910 τοῖς
2761 1848 2933 1914 ἀξίοις
2960 1852 2988 1904 6
3018 1851 3113 1905 τοῦ
3140 1852 3276 1907 Θεοῦ
3315 1855 3493 1924 λόγος,
3529 1860 3829 1930 ἐρχόμενος

2257 1936 2393 2006 μετὰ
2427 1937 2534 1990 τῶν
2575 1938 2824 2008 ἀγγέλων
2868 1941 3033 1996 αὐτοῦ
3086 1944 3145 1996 ἐν
3185 1948 3248 2017 τῇ
3287 1946 3411 2018 δόξῃ
3459 1949 3553 2001 τοῦ
3590 1953 3826 2023 Πατρός.

2251 2031 2318 2083 Oi
2351 2033 2461 2102 γὰρ
2502 2034 2561 2085 ἐν
2612 2034 2761 2106 νόμῳ
2808 2036 2902 2090 καὶ
2951 2040 3258 2109 προφήταις
3317 2041 3825 2115 πνευματικῶτεροι

2252 2120 2420 2190 λόγοι,
2444 2123 2537 2187 οὓς
2563 2126 2808 2197 Μωῦσῆς
2840 2129 2935 2181 καὶ
2973 2129 3156 2193 ἸΙλίας
3188 2131 3257 2183 δι’
3285 2130 3494 2185 ἑαυτῶν
3524 2120 3829 2204 amomi;

2251 2229 2325 2276 σι,
2362 2215 2495 2284 μετᾶ
2520 2216 2615 2268 τοῦ
2643 2218 2851 2288 Κυρίου
2876 2219 3214 2290 φαινόμενοι,
3243 2221 3386 2274 κατὰ
3422 2221 3520 2292 τὴν
3548 2225 3825 2294 μεταμόρ-

2251 2320 2423 2371 φωσιν
2468 2305 2563 2358 τοῦ
2597 2307 2821 2377 Κυρίου,
2860 2309 2957 2380 τὴν
2997 2310 3285 2377 ἀναλογίαν
3345 2310 3580 2375 σώζουσι
3618 2314 3720 2384 τῆς
3769 2316 3825 2366 ἐν

2248 2399 2431 2461 αὐτοῖς
2466 2398 2657 2468 δόξης,
2690 2401 2788 2472 τὴν
2816 2401 2954 2466 τέως
2981 2405 3235 2477 χωρητὴν
3267 2408 3378 2470 τοῖς
3402 2405 3575 2473 ἀξίοις
3608 2410 3822 2463 dtu-texa-

2249 2490 2539 2555 λύπτοντες
2567 2493 2799 2563 δύναμιν
2820 2531 2831 2545 .

2269 2710 2284 2725 .
2321 2677 2417 2735 ις’.
2468 2671 2541 2724 '0
2565 2668 2659 2725 τὸν
2684 2674 2811 2744 περὶ
2863 2675 3087 2745 μονάδος
3123 2677 3302 2741 ποσῶς
3353 2677 3579 2750 μυηθεὶς
3641 2681 3815 2748 λόγον,

2245 2761 2462 2825 παντως
2492 2765 2586 2817 καὶ
2612 2765 2739 2828 τοὺς
2779 2768 2904 2836 περὶ
2938 2768 3193 2838 προνοίας
3220 2771 3312 2822 καὶ
3342 2767 3574 2839 κρίσεως
3604 2773 3816 2841 ἐπέγνω

2246 2853 2460 2921 λόγους,
2495 2856 2754 2917 συνόντας
2778 2858 2947 2927 αὐτῷ.
2973 2859 3065 2911 Διὸ
3095 2862 3188 2911 καὶ
3212 2863 3356 2932 τρεῖς
3389 2862 3643 2929 γενέσθαι
3686 2881 3816 2934 σκη-

2243 2944 2340 3009 νὰς
2388 2947 2517 3015 παρ’
2569 2948 2745 3016 ἑαυτῷ
2796 2948 2955 3020 [unus
2994 2949 3124 3021 Reg.
3175 2951 3302 3021 παρ’
3330 2952 3501 3025 αὐτῷ]
3543 2956 3682 3006 κατὰ
3724 2956 3815 3007 τὸν

567 3042 884 3104 bernaeula,
916 3042 1003 3094 bis
1032 3040 1125 3109 qui
1146 3045 1558 3108 apparuerunt;
1608 3045 1720 3090 tres
1746 3035 2008 3089 nimirum
2039 3035 2137 3088 ha-

2243 3035 2397 3102 ἅγιον
2422 3035 2646 3106 Πέτρον,
2679 3041 2792 3101 τοῖς
2823 3038 3066 3107 όραθεῖσι
3096 3040 3265 3094 καλὸν
3292 3037 3427 3095 εἶναι
3476 3043 3773 3114 ψηφίζεται
3795 3059 3807 3073 ·

567 3133 740 3197 bitus,
779 3132 982 3201 quibus
1018 3129 1180 3184 saluti
1231 3144 1501 3198 propenso
1526 3127 1878 3190 consulatur,
1918 3126 2141 3180 virtutis

476 3219 484 3223 “
562 3224 776 3281 scilicet
797 3222 1043 3278 scientiae.
1079 3235 1143 3275 ac
1188 3220 1497 3289 theologire.
1541 3219 1674 3272 Nam
1708 3218 1863 3288 prior
1891 3217 2137 3286 quidem,

558 3315 800 3372 actionis
826 3312 1027 3367 robore
1062 3327 1124 3366 ac
1151 3311 1400 3366 castitate
1430 3320 1573 3381 eget,
1595 3312 1754 3380 cujus
1778 3310 1949 3379 llgura
1972 3310 2141 3364 exsti-

558 3405 633 3457 tit
658 3403 852 3457 beatus
897 3401 1064 3455 Elias.
1102 3400 1351 3469 Sequens
1381 3415 1511 3454 vero
1535 3439 1549 3462 ,
1591 3399 1859 3453 naturalis
1886 3406 2136 3452 contem-

562 3492 822 3563 plationis
852 3491 1087 3562 justitia,
1120 3506 1281 3561 quam
1317 3505 1547 3560 magnus
1596 3489 1807 3561 Moyses
1841 3496 1969 3560 typo
1993 3490 2129 3545 desi-

561 3583 767 3655 gnavit.
787 3582 1008 3637 Tertius
1025 3582 1264 3651 demum,
1288 3597 1416 3637 vera
1446 3582 1755 3650 prudentia:
1772 3584 2133 3652 perfectione,

556 3688 725 3746 quam
761 3675 1027 3729 Dominus
1058 3672 1423 3743 signiﬁcabat.
1452 3673 1605 3727 Dicta
1631 3689 1761 3728 vero
1790 3685 1917 3729 sunt
1950 3674 2135 3729 taber-

559 3768 775 3831 nacula,
807 3766 954 3837 quod
984 3766 1105 3821 alite
1135 3767 1247 3821 sint
1280 3765 1366 3819 his
1409 3765 1668 3820 meliores
1708 3780 1771 3820 ac
1803 3766 2135 3822 illustriores

559 3856 615 3910 in
642 3856 889 3911 futurum
919 3856 1117 3925 dignos
1141 3863 1453 3924 exceptura:
1473 3855 1632 3910 sedes

623 4125 708 4179 l7.
751 4124 852 4190 Qui
888 4123 1091 4180 actioni
1126 4138 1349 4193 operam
1396 4124 1572 4192 ponit,
1622 4124 1673 4176 in
1719 4139 1884 4178 carne
1921 4124 2130 4179 advena

553 4232 712 4287 agere
732 4218 955 4283 dicitur,
981 4217 1075 4287 qui
1105 4216 1318 4271 scilicet
1339 4215 1602 4270 virtutum
1631 4215 1804 4280 cultu,
1846 4215 1917 4270 ab
1945 4215 2129 4268 animo

552 4307 856 4377 abscindat.
884 4323 989 4376 qua
1013 4306 1080 4361 ad
1109 4322 1327 4362 carnem
1356 4306 1647 4361 allectione
1680 4322 1746 4361 ac
1778 4305 2007 4361 libidine
2029 4305 2127 4359 du-

2240 3126 2506 3193 τουτέστι,
2543 3128 2643 3190 τὰς
2685 3133 2836 3200 τρεῖς
2882 3131 3024 3196 ἕξεις
3077 3132 3177 3200 τῆς
3222 3136 3531 3203 σωτηρίας·
3563 3136 3664 3207 τὴν
3713 3136 3810 3204 τῆς

2240 3219 2442 3288 ἀρετῆς
2485 3219 2648 3287 λέγω,
2707 3222 2801 3274 καὶ
2854 3222 2955 3292 τὴν
2999 3222 3102 3291 τῆς
3143 3223 3415 3292 γνώσεως,
3467 3226 3563 3278 καὶ
3590 3227 3688 3296 τὴν
3712 3227 3809 3294 τῆς

2239 3308 2536 3377 θεολογίας.
2580 3311 2643 3363 Ἠ
2680 3312 2778 3380 μὲν
2814 3313 2922 3383 γὰρ
2958 3313 3128 3366 δεῖται
3174 3314 3270 3383 τῆς
3302 3315 3441 3367 κατὰ
3490 3315 3691 3387 πρᾶξιν
3719 3319 3809 3370 ἀνι

2236 3400 2419 3470 δρείας
2442 3401 2537 3454 καὶ
2566 3402 2941 3473 σωφροσύνης,
2983 3399 3050 3474 ἧς
3078 3406 3107 3456 6
3137 3405 3403 3475 μακάριος
3430 3405 3601 3469 τύπος
3633 3407 3804 3476 ὑπῆρ-

2237 3507 2329 3560 χεν
2369 3491 2587 3554 Ἠλίας·
2623 3492 2656 3562 ἡ
2697 3492 2775 3556 δὲ,
2813 3496 2911 3563 τῆς
2971 3493 3111 3547 κατὰ
3159 3495 3258 3563 τὴν
3299 3496 3532 3567 φυσικὴν
3577 3497 3803 3567 Θεωρίαν

2233 3579 2599 3653 δικαιοσύνης,
2637 3584 2703 3652 ἢν
2732 3584 2760 3633 6
2787 3584 2961 3652 μέγας
2986 3586 3190 3655 ἐμήνυε
3219 3586 3284 3639 δι’
3319 3585 3512 3639 ἑαυτοῦ
3544 3586 3796 3655 Μωῦσῆςο

2234 3667 2266 3735 ἡ
2305 3665 2383 3727 δὲ,
2415 3667 2512 3749 τῆς
2542 3670 2683 3721 κατὰ
2706 3669 2803 3739 τὴν
2849 3672 3112 3740 φρόνησιν
3157 3672 3493 3742 ἀκραιφνοῦς
3534 3674 3799 3742 τελειότη-

2235 3773 2347 3820 τος,
2370 3758 2439 3828 ἢν
2464 3762 2492 3811 6
2523 3759 2725 3829 Κύριος
2759 3761 2971 3831 ἐδήλου.
3001 3763 3205 3832 Σκηναὶ
3257 3764 3311 3816 δὲ
3354 3765 3798 3837 προσηγορεύθη-

2234 3866 2353 3911 σαν,
2388 3851 2474 3904 διὰ
2503 3852 2565 3905 τὸ
2599 3852 2766 3916 ἄλλας
2807 3850 2945 3908 εἶναι
2982 3856 3188 3910 τούτων
3221 3858 3500 3928 κρείττους
3527 3860 3625 3913 καὶ
3651 3876 3798 3929 περι-

2230 3943 2588 4014 φανεστέρας,
2618 3944 2716 4008 τὰς
2746 3946 2873 4010 τοὺς
2913 3946 3096 4013 ἀξίους
3139 3950 3280 4004 κατὰ
3326 3951 3388 4004 τὸ
3419 3952 3615 4022 μέλλον
3640 3952 3793 4004 διαδε-

2231 4032 2464 4103 ξομένας
2491 4036 2692 4105 λήξεις.

2298 4123 2387 4187 ιζ’.
2440 4124 2498 4176 'U
2541 4124 2640 4192 μὲν
2677 4126 3006 4195 πρακτικδς,
3042 4127 3098 4180 ἐν
3147 4129 3313 4199 σαρκὶ
3365 4128 3581 4195 λέγεται
3617 4147 3788 4201 mpn-

2229 4216 2348 4270 κεῖν
2383 4214 2459 4286 (ll)
2488 4231 2502 4247 ’
2542 4215 2618 4278 ὡς
2647 4217 2747 4286 τῆς
2775 4217 2951 4287 ψυχῆς
2980 4218 3079 4288 τὴν
3115 4220 3250 4290 πρὸς
3278 4220 3375 4291 τὴν
3405 4206 3585 4288 σάρκα
3617 4222 3787 4291 σχέσιν

2225 4305 2313 4358 διὰ
2338 4305 2444 4358 τῶν
2473 4307 2683 4375 ἀρετῶν
2737 4309 3037 4377 ἐκτέμνων,
3070 4311 3163 4363 καὶ
3204 4312 3312 4364 τῶν
3355 4312 3553 4365 ύλικῶν
3608 4312 3787 4367 ἑαυτοῦ

552 4401 717 4463 citur,
771 4409 828 4452 et
869 4416 899 4452 a
931 4415 988 4453 se
1022 4400 1137 4468 ipse
1184 4408 1528 4454 terrenorum
1561 4399 1942 4468 deceptioncm
1970 4411 2123 4451 amo-

2242 4397 2611 4467 περιελόμενος
2630 4399 2731 4469 τὴν
2762 4399 2998 4468 ἀπάτην.
3054 4401 3112 4453 '0
3159 4401 3214 4454 δὲ
3244 4403 3563 4469 γνωστικὺς,
3608 4405 3695 4457 καὶ
3736 4405 3787 4454 ἑν

552 4487 733 4543 liatur.
774 4488 879 4555 Qui
907 4499 1090 4543 autem
1124 4488 1309 4543 studet
1338 4488 1787 4558 contemplationi
1820 4488 2125 4556 doctusque

622 4650 665 4679 ⁶⁴
689 4648 873 4702 Matth.
919 4663 1025 4711 xvi,
1050 4647 1136 4701 27.
1228 4648 1237 4651 ⁴

551 4787 790 4841 divinum
814 4786 991 4856 ipsum
1025 4786 1209 4840 lumen
1243 4786 1589 4840 intransitive
1629 4802 1690 4839 ac
1720 4785 1900 4840 Patris
1928 4786 2111 4856 splen-

547 4859 647 4912 dor
677 4856 969 4920 exstiterit,
1003 4872 1164 4925 quem
1194 4871 1383 4910 eorum
1412 4858 1556 4910 oculi
1598 4858 1963 4925 intuerentur,
2000 4873 2110 4911 non

545 4928 697 4997 quasi
729 4928 826 4996 ipsi
860 4942 889 4980 a
917 4942 974 4980 se
1005 4936 1197 4980 natura
1233 4926 1590 4989 sullicientes,
1631 4925 1726 4978 sed
1752 4926 2045 4981 confortati
2081 4943 2110 4979 a

548 5003 657 5052 lteo
688 5007 745 5052 et
768 4997 985 5057 clevati.
1015 4997 1309 5051 absurdius
1350 5004 1457 5059 est,
1506 5011 1668 5067 quam
1699 5005 1759 5050 ut
1798 5006 1954 5066 egeat
1982 5013 2114 5050 con—

549 5067 849 5132 l‘utatione;
886 5067 1054 5119 Deum
1085 5067 1296 5119 scilicet
1320 5068 1544 5135 ejusque
1577 5067 1873 5121 essentiam’
1906 5083 1967 5121 ac
1992 5067 2118 5121 Dei-

545 5140 672 5193 tatis
700 5152 983 5192 arcanum.
1011 5136 1213 5190 nedum
1247 5137 1419 5189 videri
1443 5138 1619 5190 oculis
1668 5137 1949 5202 corporeis
1992 5152 2114 5205 pos-

544 5226 618 5274 se,
666 5208 759 5263 sed
789 5216 845 5261 ct
868 5206 1044 5276 reipsa
1075 5207 1250 5261 visum
1275 5222 1395 5261 esse
1427 5207 1479 5260 in
1527 5215 1710 5260 monte
1744 5206 2118 5276 Transligura-

545 5279 736 5346 tionis;
778 5276 1043 5346 quidquid
1075 5277 1193 5331 viro
1222 5275 1385 5331 docto
1421 5277 1473 5329 in
1513 5292 1608 5330 sua
1636 5276 1931 5332 Orientalis
1958 5275 2115 5331 Occi-

542 5344 887 5416 dentalisquc
929 5344 1193 5402 Ecclesia:
1250 5355 1509 5417 perpetua
1531 5347 1847 5410 concordia,
1901 5363 2021 5417 eam
2058 5346 2114 5401 in

542 5436 654 5473 rem
677 5419 1007 5486 obrepserit,
1034 5416 1652 5487 tribuatqueplerisque
1678 5418 1884 5473 sanctis
1910 5416 2115 5472 Grecis

539 5488 880 5553 doctoribus,
903 5489 995 5556 qui
1039 5488 1247 5542 lestivis
1276 5486 1553 5542 Encomiis
1576 5489 1895 5557 mysterium
1929 5495 2111 5542 trans-

541 5559 878 5629 Iigurationis
920 5558 1122 5613 Christi
1158 5567 1514 5629 exornarunt,
1537 5559 1623 5611 vel
1647 5558 1742 5627 qui
1785 5558 1855 5629 de
1887 5558 2110 5629 illoipe-

538 5627 798 5683 cu'iarius
874 5629 1218 5697 strictimque
1297 5627 1642 5696 scripserunt
1711 5646 1724 5679 ;
1786 5628 1843 5680 in
1906 5628 2111 5696 quibus

537 5698 707 5754 etiam
726 5698 987 5765 Maximo;
1014 5698 1159 5752 hunc
1191 5698 1367 5768 ipsum
1401 5700 1543 5754 lorte
1570 5699 1687 5767 ejus
1719 5697 1899 5752 locum
1934 5698 2108 5765 respi-

2233 4489 2369 4560 αύτῇ
2405 4492 2471 4559 τῇ
2506 4490 2672 4561 ἀρετῇ
2705 4490 2923 4559 λέγεται
2972 4495 3283 4563 παροικεῖν
3316 4493 3392 4557 ὼς
3427 4496 3485 4567 ἐν
3514 4496 3785 4567 ἐσόπτροις

2211 4788 2361 4842 ciens
2389 4805 2400 4839 :
2432 4787 2483 4840 in
2519 4801 2628 4856 quo
2661 4796 2839 4840 tamen
2876 4788 3022 4841 nulla
3051 4787 3156 4840 alia
3182 4786 3471 4841 difﬁcultas
3498 4797 3602 4852 est,
3626 4801 3768 4856 quam

2254 4874 2332 4912 ure
2357 4858 2601 4925 ipsorum
2639 4858 2936 4911 verborum
2970 4857 3183 4912 Domini
3207 4866 3310 4913 est.
3342 4858 3499 4911 Jcau.
3531 4874 3651 4919 xvu,
3700 4856 3765 4909 5:

2254 4875 2332 4912 uae
2357 4875 2601 4925 Ipsorum
2639 4875 2936 4911 verborum
2970 4875 3183 4912 υωιηιῐιι
3207 4875 3310 4913 esr.
3342 4875 3499 4911 Jcau.
3531 4875 3651 4919 xvu,
3700 4875 3765 4909 az

2211 4875 2463 4996 glariﬁca
2494 4943 2599 4997 Ante,
2634 4935 2689 4979 tu
2725 4926 2903 4989 Pater,
2940 4931 3081 4997 apud
3132 4929 3483 4997 tcntctipsum,
3544 4927 3765 4997 claritate

2212 5015 2373 5069 quam
2412 4995 2594 5061 habui,
2642 4997 2789 5067 prius
2828 4995 2988 5067 quam
3036 4998 3261 5069 mundus
3311 4995 3471 5069 esset,
3519 4996 3654 5069 apud
3692 5003 3760 5053 te;

2212 5065 2546 5137 exponitque
2588 5065 2848 5137 August.,
2886 5075 3043 5120 tract.
3114 5069 3210 5121 105
3248 5068 3301 5119 in
3347 5065 3505 5137 Jomt.
3544 5065 3755 5121 divinam

2214 5136 2335 5193 eain
2373 5136 2702 5198 claritatem,
2763 5137 2987 5206 gloriam
3040 5136 3400 5191 humanitatis
3453 5146 3748 5206 exponens,

2212 5224 2375 5277 quam
2401 5207 2481 5262 sic
2510 5207 2705 5261 habuit
2727 5198 3019 5276 antequam
3063 5207 3302 5277 mundus
3330 5216 3477 5261 esset
3524 5198 3583 5260 et
3626 5198 3746 5277 apud

2209 5264 2445 5336 I‘atrem.
2476 5277 2667 5348 divina
2705 5264 2914 5331 scilicet
2949 5276 3449 5348 prmdestinatione,
3480 5264 3741 5348 ηοηέιῖξοιί

2210 5348 2300 5401 illa
2362 5349 2539 5416 reipsa
2573 5356 2629 5401 et
2660 5347 2715 5401 in
2753 5363 2812 5402 se
2832 5341 3140 5403 exsisteret.
3180 5346 3303 5401 Fuit
3359 5346 3542 5416 itaque
3585 5341 3739 5416 ᾧγῑιξει

2207 5410 2461 5481 claritas,
2486 5418 2722 5486 gloriosa
2755 5417 2970 5485 species
3021 5432 3089 5470 ex
3122 5417 3329 5471 Christi
3370 5410 3566 5478 ani-ma,
3607 5410 3739 5486 ὺςειιδ

2207 5476 2760 5550 [Μηίιιὶεοῦιιεοτιίο.
2787 5476 2860 5541 ’ἱιι
2888 5502 3091 5556 corpus
3135 5502 3421 5548 emanans,
3461 5496 3516 5541 ct
3551 5476 3740 5553 qualgm

2205 5557 2438 5611 decebat
2463 5557 2710 5612 divinum
2744 5570 2947 5625 corpus
2974 5573 3039 5611 ac
3067 5558 3178 5610 Deo
3211 5557 3456 5621 unitum;
3488 5563 3630 5626 quam
3662 5558 3743 5623 ιη’

2206 5643 2319 5681 sam
2357 5628 2643 5690 miraculo,
2675 5635 2735 5680 ut
2761 5634 2909 5683 esset
2939 5627 3219 5697 passibile,
3267 5642 3368 5696 per
3397 5629 3644 5696 reliquam
3667 5629 3748 5668 VP

2207 5707 2315 5752 tam
2349 5697 2731 5765 suspenderat.
