4094 6204
408 234 545 301 1133
1215 234 1549 298 CAPITUM
1584 234 1854 294 THEOL.
1896 234 1991 293 ET
2028 234 2264 292 (ECON.
2304 234 2686 293 CENTURIA
2728 234 2812 292 ΙῙ.
3518 234 3654 299 1134

405 349 488 402 ἔτι
539 348 636 402 καὶ
679 346 969 420 αἰνίγμασι
1000 347 1221 419 θεωρῶν
1249 347 1347 418 τὴν
1374 347 1652 416 ἀλήθειαν.
1675 345 1847 399 Οὔπω
1875 343 1983 415 γάρ

2085 343 2350 413 spiritalis
2383 351 2490 408 est,
2515 343 2684 400 etiam
2718 344 2774 397 in
2807 343 3012 399 virtute
3043 344 3251 401 advena
3276 360 3396 402 esse
3418 347 3653 411 dicitur:

398 437 555 510 ἀὐτῷ
584 438 653 491 τά
679 438 786 491 τῶν
808 438 1032 507 ἀγαθῶν
1074 439 1463 493 αύθυπόστατα
1483 422 1599 508 ἱῐδη
1629 436 1810 498 καθώς
1844 435 1981 487 εἰσιν

2084 433 2258 504 utqui
2287 433 2556 489 hactenus
2584 433 2872 489 veritatem
2914 434 2971 489 in
3013 436 3253 505 speculis
3285 447 3343 492 et
3370 439 3655 511 mnigmate

402 530 766 601 ἑθεάσθησαν,
797 529 884 583 διὰ
912 530 1012 599 τῆς
1045 529 1340 600 πρόσωπον
1366 529 1500 604 πρὸς
1533 527 1824 598 πρόσωπον
1845 526 1983 578 ἀπο·-

2084 524 2415 594 speculetur.
2449 524 2562 580 Nec
2594 525 2723 580 dum
2773 525 2921 580 enim
2949 542 3012 582 ea
3033 527 3382 597 jucunditate
3421 545 3544 600 quae
3573 542 3655 587 est
3697 530 3703 537 ’

405 619 766 683 λαύσεως.Ἐν
788 619 953 672 εἰκόνι
984 619 1091 690 γὰρ
1116 618 1221 671 τῶν
1250 617 1488 686 ἀγαθῶν,
1509 618 1582 680 ῶς
1606 616 1741 687 πρὸς
1761 613 1823 667 τὸ
1851 612 1982 683 μέλ-

2084 610 2220 668 facie
2267 613 2334 668 ad
2378 613 2598 680 faciem,
2651 615 2783 686 ipsa;
2822 614 3096 671 bonorum
3148 633 3277 673 vere
3328 621 3655 679 exsistentcs

408 716 518 778 λον,
551 713 657 775 πᾶς
697 710 850 779 ἂγιος
896 710 1297 782 διαπορεύεται,
1348 709 1513 780 βοῶν·
1548 706 1840 776 Πάροικός
1868 707 1982 773 ειμι

2084 702 2291 772 formae,
2326 707 2517 776 quales
2542 715 2688 772 sunt,
2722 706 2801 761 illi
2844 718 3161 777 patuerunt.
3201 706 3462 783 Quisquis
3509 715 3654 770 enim

408 805 505 858 καὶ
547 801 956 871 παρεπίδημος
990 801 1182 869 καθὼς
1205 801 1429 864 πάντες
1474 801 1528 853 οἱ
1562 798 1808 865 πατέρες
1838 814 1980 865 μου.

2084 797 2391 853 sanctitatis
2429 799 2596 853 radiis
2628 799 2819 870 fulget,
2843 801 2888 877 si
2924 817 3047 856 cum
3082 817 3149 857 eo
3173 818 3481 875 compares,
3509 803 3655 876 quod

409 893 657 948 futurum
683 902 1055 963 exspectatur,
1085 894 1139 948 in
1168 893 1440 949 bonorum
1471 892 1705 963 imagine
1722 890 1988 952 ambulat,
2030 888 2313 945 clamans:
2345 890 2559 945 Advena
2589 908 2683 963 ego
2718 908 2835 946 sum
2904 902 2953 945 et
2992 896 3335 965 peregrinus,
3374 899 3507 952 sicut
3546 915 3658 953 om-

1215 234 1549 298 CAPITUM
1584 232 1854 294 THEOL.
1896 232 1991 293 ET
2028 229 2264 292 (ECON.
2296 231 2686 319 ICENTURIA
2728 231 2812 292 ΙῙ.

409 999 500 1039 nes
527 991 704 1055 patres
739 984 843 1036 mei
858 982 923 1036 “.

481 1086 571 1149 ιη’.
613 1078 716 1132 Τὸν
772 1079 1066 1149 εὐχόμενον
1121 1080 1180 1132 οὐ
1226 1080 1308 1132 δεῖ
1353 1079 1543 1149 στῆναί
1576 1094 1705 1131 ποτε
1737 1078 1837 1146 τῆς
1885 1074 1978 1128 ἐπὶ

407 1168 539 1223 θεὸν
578 1170 819 1240 ἀγούσης
862 1168 1071 1240 ὑψηλῆς
1118 1170 1456 1233 ἀναϐάσεως.
1497 1170 1584 1233 Ὧς
1618 1167 1728 1238 γὰρ
1778 1165 1984 1220 ἀναϐά-

414 1278 530 1324 σεις
713 1260 950 1314 νοεῖσθαι
980 1261 1102 1333 [duo
1134 1261 1302 1332 Regii,
1343 1259 1646 1320 ποιεῖσθαι,
1675 1268 1733 1313 ut
1765 1267 1812 1312 ct
1839 1256 1980 1329 Fr.],

408 1338 553 1406 κατὰ
587 1353 686 1423 τὴν
726 1356 789 1407 ἐκ
821 1353 1100 1423 δυνάμεως
1124 1355 1203 1416 εἰς
1225 1352 1472 1423 δύναμιν,
1505 1354 1602 1423 τὴν
1632 1354 1689 1404 ὲν
1729 1354 1792 1420 τῇ
1834 1367 1977 1421 πρα-

411 1448 573 1517 κτικῇ
612 1444 721 1498 τῶν
761 1445 972 1516 ἀρετῶν
996 1446 1308 1516 προκοπήνο
1338 1445 1429 1497 καὶ
1455 1446 1553 1514 τὴν
1578 1443 1685 1496 ἀπὸ
1718 1442 1873 1513 δόξης
1902 1442 1982 1504 εἰς

410 1537 592 1606 δόξαν,
629 1538 737 1592 τῶν
772 1538 1157 1610 πνευματικῶν
1195 1540 1290 1605 τῆς
1326 1538 1559 1609 θεωρίας
1599 1534 1851 1606 γνώσεων
1885 1537 1983 1586 ἐπ-

2160 1071 2246 1125 18.
2276 1071 2340 1126 Ei
2366 1071 2459 1141 qui
2493 1072 2753 1142 precibus
2780 1070 3069 1139 incumbit,
3098 1090 3378 1147 nunquam
3402 1064 3655 1136 commit-

2088 1164 2312 1219 tendum
2342 1177 2458 1221 uta
2493 1167 2715 1222 sublimi
2747 1184 2981 1227 ascensu
3007 1170 3342 1241 provehente
3385 1173 3452 1229 ad
3481 1175 3655 1232 Deum

2086 1267 2284 1315 cesset.
2324 1261 2487 1315 Velut
2518 1260 2666 1315 eiiim
2705 1277 2968 1318 ascensus
3016 1263 3387 1335 intelligamus
3430 1283 3656 1324 necesse

2085 1359 2189 1417 est,
2223 1350 2317 1421 qui
2344 1359 2428 1407 est
2467 1353 2534 1408 de
2562 1353 2767 1407 virtute
2792 1353 2848 1407 in
2877 1353 3134 1409 virtutem
3178 1356 3404 1413 colenda
3439 1359 3656 1415 actione

2085 1441 2351 1496 virtutum
2382 1443 2746 1513 profectus”,
2771 1444 3208 1517 spiritaliumque
3241 1451 3658 1520 contemplatio—

2088 1532 2176 1587 nis
2205 1533 2522 1589 notitiarum
2559 1550 2588 1588 a
2611 1535 2931 1590 claritatein
2963 1537 3267 1592 claritatem
3297 1526 3654 1609 excessus";

416 1629 684 1683 ἀνάϐασιν
704 1647 717 1659 ·
745 1630 840 1683 καὶ
861 1629 957 1701 τὴν
982 1631 1088 1683 ἀπὸ
1108 1629 1200 1683 τοῦ
1220 1628 1384 1701 ῥητοῦ
1414 1629 1512 1698 τῆς
1536 1627 1692 1696 ἁγίας
1717 1628 1811 1680 καὶ
1835 1626 1983 1689 θείας

2086 1629 2249 1693 atque
2276 1640 2306 1679 a
2334 1640 2503 1680 sacrae
2534 1625 2840 1696 du'inchuc
2871 1627 3169 1698 Scripturae
3190 1630 3395 1696 littera,
3435 1632 3503 1688 ad
3539 1633 3655 1704 spi-

413 1718 655 1789 Γραφῆς,
687 1719 779 1772 ἐπὶ
802 1719 862 1771 τὸ
894 1718 1113 1789 πνεῦμα
1161 1717 1462 1789 μετάϐασιν
1482 1735 1497 1749 ο
1530 1716 1673 1770 οὕτω
1699 1717 1794 1771 καὶ
1823 1717 1881 1769 ὲν
1908 1715 1984 1786 τῷ

414 1809 544 1882 περὶ
575 1809 748 1880 εὐχῶν
767 1809 916 1883 τόπῳ
944 1810 1228 1883 γινόμενον
1266 1808 1372 1881 γρὴ
1396 1809 1598 1863 ’ποιεῖν⁹
1626 1808 1874 1883 ἐπαίρειν
1894 1808 1985 1861 τὸν

413 1880 541 1956 νοῦν
567 1903 676 1955 ἀπὸ
698 1902 805 1955 τῶν
844 1880 1204 1974 ἀνθρωπίνων
1226 1920 1238 1936 ι
1269 1880 1368 1958 καῖ
1389 1903 1449 1956 τὸ
1477 1901 1733 1974 φρόνημα
1757 1880 1856 1971 τῆς
1881 1899 1985 1971 ψυι

413 1995 533 2065 χῆς,
563 1995 655 2047 ἐπὶ
683 1994 750 2048 τὰ
780 1995 1056 2067 θειότερα·
1095 1997 1181 2049 ἵνα
1210 1997 1305 2048 καὶ
1334 1994 1536 2066 δυνηθῇ
1560 1996 1587 2047 6
1615 1993 1739 2057 νοῦς
1769 1992 1986 2046 ἀκολου-

414 2086 577 2159 θῆσαι
603 2087 681 2158 τῷ
708 2087 1043 2157 διεληλυθότι
1076 2088 1200 2151 τοὺς
1225 2086 1508 2159 οὐρανοὺς,
1548 2084 1722 2156 Ἰησοῦ
1762 2084 1841 2154 τῷ
1871 2083 1985 2155 Υἱῷ

416 2177 511 2230 τοῦ
542 2174 700 2242 Θεοῦ,
734 2177 1011 2248 πανταχοῦ
1053 2178 1188 2243 ὄντι,
1223 2179 1320 2231 καὶ
1345 2177 1521 2231 πάντα
1560 2175 1895 2246 διερχομένῳ
1918 2174 1984 2226 δι’

415 2269 565 2339 ἡμᾶς
593 2270 970 2341 οἰκονομικῶς,
1006 2270 1093 2323 ἵνα
1120 2271 1214 2323 καὶ
1242 2271 1401 2340 ἡμεῖς
1428 2265 1841 2329 ἀκολουθοῦντες
1891 2264 1989 2317 αύ-

413 2360 512 2432 τῷ,
544 2362 720 2415 πάντα
761 2361 1059 2433 διέλθωμεν
1086 2361 1155 2415 τὰ
1205 2363 1322 2432 μετ’
1353 2359 1513 2413 αὐτόν
1534 2376 1546 2389 ·
1578 2358 1676 2412 καὶ
1700 2355 1985 2427 γενώμεθα

417 2453 554 2525 προς
588 2454 770 2520 αὐτὸν,
803 2455 896 2508 ἐάν
923 2471 987 2523 γε
1017 2453 1226 2525 νοῶμεν
1256 2453 1442 2516 αὑτὸν,
1472 2449 1533 2505 οὐ
1569 2449 1711 2505 κατὰ
1734 2449 1830 2520 τὴν
1864 2465 1988 2519 σμι-

416 2544 659 2616 κρότητα
677 2546 777 2615 τῆς
803 2546 1152 2616 οἰκονομικῆς
1179 2544 1659 2614 συγκαταὸάσεως,
1691 2543 1828 2597 ἀλλά
1845 2542 1987 2595 κατά

416 2636 515 2709 τὴν
543 2637 943 2710 μεγαλειότητα
970 2637 1069 2707 τῆς
1098 2637 1335 2708 φυσικῆς
1362 2635 1667 2708 ἀοριστίας.

492 2815 575 2869 ιθ’.
607 2814 786 2870 Καλὸν
828 2815 916 2870 ἀεὶ
962 2815 1244 2887 σχολάζειν
1270 2815 1365 2867 καὶ
1393 2813 1577 2885 ζητεῖν
1603 2812 1693 2866 τὸν
1726 2810 1879 2875 Θεδν,
1909 2811 1986 2875 ῶς

419 2908 857 2978 προσετάγημεν.
910 2907 1028 2960 Κᾶν
1061 2907 1169 2978 γὰρ
1203 2906 1345 2961 κατά
1388 2904 1808 3000 την-παροῦσαν
1840 2903 1985 3000 ςωὴν
2012 2943 2055 3000 c

368 3040 380 3052 .
419 2998 706 3067 ζητοῦντες
736 2998 827 3052 ἐπὶ
852 2998 911 3052 τὸ
945 2999 1119 3071 πέρας
1152 2997 1324 3051 ἐλθεῖν
1358 2995 1451 3051 τοῦ
1496 2997 1694 3069 βάθους
1717 2996 1809 3050 τοῦ
1849 2996 1984 3050 Θεοῦ

418 3086 480 3140 οὐ
512 3086 818 3158 δυνάμεθα·
875 3088 991 3142 ἀλλ’
1026 3089 1155 3151 ἴσως
1184 3088 1279 3143 καὶ
1331 3086 1420 3141 ἐπ’
1448 3086 1627 3156 ὀλίγον
1663 3086 1757 3139 τοῦ
1792 3086 1990 3157 βάθους

419 3176 585 3231 αὐτοῦ
634 3177 947 3247 φθάνοντες,
981 3178 1293 3250 θεωροῦμεν
1344 3178 1514 3247 ἁγίων
1548 3176 1844 3249 άγιώτερα,
1895 3177 1989 3231 καὶ

420 3268 802 3338 πνευματικῶν
835 3270 1340 3345 πνευματικώτερα.
1398 3270 1508 3325 Καὶ
1539 3268 1689 3342 δηλοῖ
1739 3268 1988 3333 τυπικῶς

423 3361 452 3412 6
478 3361 784 3432 ἀρχιερεὺς,
811 3362 920 3415 ἀπὸ
945 3362 1052 3417 τῶν
1082 3364 1252 3432 ἁγίων
1278 3362 1388 3417 τῶν
1414 3363 1513 3433 τῆς
1547 3360 1720 3432 αὐλῆς
1760 3360 1988 3431 άγιωτέ-

424 3465 554 3521 ρων,
586 3451 680 3504 ἐπὶ
706 3450 775 3505 τὰ
801 3452 932 3522 ἅγια
956 3452 1066 3506 τῶν
1108 3453 1325 3522 ⁹Λγίων,
1370 3452 1648 3524 ἀγιῶτερα
1675 3452 1783 3507 τῶν
1817 3452 1987 3521 ἁγίων

423 3556 627 3595 εισιων.

490 3723 556 3771 κ’.
593 3718 705 3781 Πᾶς
736 3718 830 3772 τοῦ
863 3719 998 3773 Θεοῦ
1029 3720 1205 3789 λόγος,
1237 3720 1359 3775 οὔτε
1395 3721 1708 3791 πολύλογος,
1736 3721 1859 3776 οὔτε
1889 3741 1987 3777 που

419 3807 639 3878 λυλογία
671 3810 820 3864 ἐστίν
845 3827 859 3842 ο
912 3812 1026 3866 ἀλλ’
1061 3807 1163 3877 εἷς,
1196 3813 1462 3877 συνεστὼς
1495 3812 1666 3885 [Regii
1690 3814 1905 3885 quidam
1934 3824 1985 3869 ει

418 3898 510 3955 Fr.
559 3899 797 3973 συνετὸς]
837 3904 901 3955 ἐκ
939 3901 1209 3973 διαφόρων
1267 3903 1672 3974 θεωρημάτων·
1733 3898 1807 3959 ὧν
1855 3906 1986 3960 ἕκα-

421 4011 544 4047 στον
592 3994 756 4067 μέρος
810 3997 927 4049 ἐστὶ
971 3997 1066 4049 τοῦ
1124 3997 1303 4066 λόγου.
1334 3997 1497 4051 Ὥστε
1548 4001 1577 4051 6
1628 3999 1798 4069 λέγων
1845 4002 1983 4077 ὑπὲρ

419 4078 696 4150 ἀληθείας,
729 4080 832 4134 κᾶν
884 4082 1057 4145 οὕτως
1095 4083 1271 4137 εἰπεῖν
1322 4085 1528 4158 δυνηθῇ
1579 4088 1653 4152 ὠς
1709 4090 1876 4161 μηδὲν
1906 4094 1985 4156 είς

419 4171 483 4224 τὸ
513 4172 842 4242 ζητούμενον
893 4173 1242 4244 παραλιπεῖν,
1286 4174 1382 4227 ἕνα
1435 4175 1594 4248 λόγον
1640 4178 1829 4251 εἴρηκε
1886 4180 1982 4235 τοῦ

417 4260 574 4315 θεοῦ.

472 4358 595 4407 καν.
644 4352 733 4404 Ἐν
769 4351 867 4422 μὲν
893 4351 973 4422 τῷ
1002 4346 1243 4427 Χριστῷ,
1288 4355 1408 4427 Θεῷ
1439 4356 1552 4411 ὄντι
1583 4360 1677 4413 καὶ
1702 4360 1861 4432 Λόγῳ
1885 4362 1981 4417 τοῦ

416 4442 648 4513 Πατρὸς,
696 4441 817 4494 ὅλον
873 4443 993 4496 κατ’
1048 4444 1237 4498 οὐσίαν
1268 4447 1410 4500 οἰκεῖ
1453 4448 1516 4501 τὸ
1560 4451 1835 4523 πλήρωμα
1882 4455 1983 4526 τῆς

415 4533 667 4603 θεότητος
698 4534 1060 4606 σωματικῶς⁰
1110 4538 1166 4591 ὲν
1199 4541 1332 4609 ἡμῖν
1359 4539 1414 4593 δὲ
1447 4541 1589 4596 κατὰ
1631 4546 1792 4612 χάριν
1842 4547 1983 4600 οἰκεῖ

413 4614 782 4697 τδπληρωμα
815 4626 915 4697 τῆς
946 4627 1218 4699 θεότητος,
1266 4630 1429 4700 ἡνίκα
1462 4634 1643 4687 πᾶσαν
1672 4635 1731 4688 ὲν
1764 4637 1978 4703 ἑαυτοῖς

414 4714 757 4788 ἀθροίσωμεν
782 4719 881 4800 ἀρε
893 4718 987 4789 τὴν
1012 4722 1103 4773 καὶ
1131 4722 1327 4791 σοφίαν
1348 4764 1363 4786 ,
1401 4725 1593 4797 μηδενὶ
1618 4728 1805 4800 τρόπῳ
1837 4730 1979 4784 κατὰ

416 4807 477 4861 τὸ
500 4807 724 4862 δυνατὸν
752 4809 1026 4882 ἀνθρώπῳ
1059 4811 1389 4885 λειπομένην
1419 4817 1519 4886 τῆς
1552 4819 1689 4885 πρὸς
1721 4820 1783 4872 τὸ
1811 4820 1977 4891 ἀρχέ-

418 4914 585 4951 τυπον
615 4898 847 4968 ἀληθοῦς
878 4902 1256 4972 ὲκμιμήσεως.
1316 4906 1392 4957 Οὺ
1441 4906 1548 4978 γὰρ
1583 4910 1810 4972 dinam-‘2;
1839 4912 1979 4965 κατὰ

417 4989 505 5041 τὸν
544 4988 692 5042 θέσει
722 4989 903 5058 λόγον,
936 4992 1030 5044 καὶ
1076 4993 1134 5046 ἐν
1161 4995 1295 5064 ἡμῖν
1328 4996 1549 5065 οἰκῆσαι
1593 4998 1654 5051 τὸ
1704 5000 1979 5073 πλήρωμα

415 5080 510 5150 τῆς
534 5079 808 5151 θεότητος,
837 5080 897 5134 τὸ
924 5083 985 5135 ὲκ
1013 5082 1291 5155 διαφόρων
1317 5090 1649 5161 συνεστηκὸς
1680 5109 1980 5163 πνευματι-

414 5171 526 5226 κῶν
560 5171 957 5245 θεωρημάτων.
1052 5193 1059 5201 ‘

474 5431 588 5502 κβ’.
618 5431 826 5505 Ὥσπερ
855 5436 883 5489 6
921 5434 1050 5507 παρ’
1084 5438 1214 5507 ἡμῖν
1244 5435 1420 5507 λόγος,
1468 5442 1532 5494 ὲκ
1573 5442 1666 5502 τοῦ
1705 5444 1797 5499 νοῦ
1834 5446 1977 5501 κατὰ

2085 1715 2250 1768 ritum
2281 1715 2542 1771 transitus
2571 1734 2585 1771 :
2610 1717 2939 1789 sic-quoque
2967 1736 3026 1774 se
3061 1728 3216 1791 gerat
3239 1732 3460 1792 oportet
3481 1728 3576 1796 qui
3600 1727 3656 1780 in

2083 1807 2352 1862 orationis
2394 1808 2519 1864 loco
2559 1809 2895 1864 constitutus
2938 1820 3041 1875 est,
3082 1820 3322 1868 mentem
3353 1815 3565 1871 scilicet
3588 1816 3657 1870 ab

2084 1897 2363 1964 humanis,
2398 1900 2681 1971 animique
2722 1915 2945 1955 sensum
2988 1900 3055 1955 ad
3108 1902 3381 1961 diviniora
3420 1908 3655 1974 attollat,

2084 2004 2194 2058 quo
2226 2005 2423 2060 nempe
2453 1991 2618 2045 etiam
2648 1991 2836 2046 Jesum
2876 1992 3074 2047 Filium
3115 1994 3234 2063 Dei,
3258 1997 3352 2066 qui
3376 2000 3545 2052 oculos
3566 2014 3660 2068 pc-

2085 2079 2414 2145 netravit",
2442 2080 2598 2151 sequi
2632 2080 2846 2148 valeat;
2888 2083 2980 2152 qui
3012 2084 3273 2139 nimirum
3305 2087 3419 2157 ipse
3454 2089 3657 2159 ubique

2085 2169 2379 2237 exsistens,
2424 2172 2608 2226 omnia
2638 2182 2866 2242 prapter
2905 2190 3006 2229 nos
3036 2176 3339 2231 secundum
3367 2178 3658 2248 dispensa-

2087 2259 2293 2316 tionem
2325 2261 2587 2332 (hominis
2620 2262 2784 2334 489
2803 2262 3014 2319 scilicet
3064 2266 3310 2328 ratione)
3361 2278 3650 2337 pertrans-

2086 2360 2206 2417 eat;
2244 2361 2383 2407 utet
2409 2370 2509 2409 nos
2533 2354 2711 2424 ipsum
2735 2355 3039 2424 sequendo,
3086 2373 3213 2428 quae
3237 2360 3390 2415 abeo
3414 2363 3658 2417 secunda

2086 2451 2236 2507 sunt,
2299 2443 2479 2498 omnia
2532 2451 2899 2510 transeuntes,
2951 2447 3018 2501 ad
3069 2463 3195 2502 eum
3245 2449 3573 2519 evadamus;
3611 2453 3657 2508 si

2088 2531 2251 2586 modo
2291 2548 2402 2587 non
2429 2549 2515 2587 rex
2545 2534 2746 2600 carnis,
2796 2551 2904 2606 qua
2954 2552 3013 2592 sc
3052 2537 3216 2593 nobis
3249 2538 3657 2611 dispensatione

2087 2622 2309 2678 demisit
2346 2628 2423 2679 ac
2445 2624 2729 2681 inclinavit
2762 2627 3032 2697 parvitate
3053 2669 3068 2692 ,
3119 2629 3217 2689 sed
3255 2646 3324 2693 ex
3356 2633 3659 2697 maiestatis

2086 2714 2324 2768 naturali
2355 2715 2723 2773 immensitate
2750 2734 2876 2773 eum
2901 2720 3337 2779 intellexerimus
3358 2724 3422 2778 ⁷³.

2160 2804 2249 2859 19.
2287 2806 2535 2872 Praestat,
2564 2824 2664 2878 pro
2686 2824 2751 2864 co
2774 2825 2838 2864 ac
2875 2811 3036 2872 nobis
3069 2822 3402 2883 praeceptum
3427 2824 3532 2883 est,
3560 2832 3660 2872 va-

2089 2908 2214 2950 care
2248 2910 2467 2968 semper
2494 2899 2778 2968 Deumque
2800 2901 3122 2970 quaerere“.
3157 2903 3476 2976 Quanquam
3509 2908 3656 2964 enim

2088 2985 2219 3040 dum
2249 2986 2467 3041 mortali
2505 2987 2609 3042 hac
2659 2988 2772 3044 vita
2809 2991 3139 3061 qumrimus,
3181 2993 3384 3050 divina:
3415 2997 3661 3056 altitudi-

2087 3075 2177 3131 nis
2229 3075 2390 3131 finem
2428 3079 2647 3148 assequi
2678 3092 2789 3134 non
2833 3095 3153 3150 possumus;
3197 3084 3424 3142 forsitan
3474 3098 3658 3145 tamen

2089 3166 2365 3223 modicum
2421 3170 2613 3224 saltem
2660 3171 3037 3243 tantispcrque
3089 3189 3208 3229 eam
3254 3187 3654 3248 asscquentes,

2089 3259 2294 3314 sanctis
2315 3261 2614 3329 sanctiora,
2639 3270 2695 3318 et
2719 3264 3058 3331 spiritalibus
3083 3266 3416 3337 spiritaliora
3433 3280 3659 3329 contue-

2087 3350 2290 3406 bimur.
2330 3351 2499 3424 quue
2542 3369 2644 3425 per
2672 3353 2901 3426 ﬁguram
2932 3357 3181 3414 declarat
3203 3376 3450 3420 summus
3472 3380 3656 3421 sacer-

2089 3442 2210 3509 dos,
2238 3459 2362 3498 cum
2393 3460 2427 3498 a
2474 3446 2701 3507 sanctis,
2735 3462 2857 3517 qua:
2899 3456 3028 3504 sunt
3070 3451 3213 3506 atrio
3259 3455 3554 3523 sanctiora,
3587 3457 3656 3513 ad

2089 3533 2289 3591 Sancta
2321 3544 2664 3604 sanctorum,
2710 3554 2833 3609 qua:
2873 3546 3003 3594 sunt
3031 3542 3238 3599 sanctis
3269 3547 3542 3603 sanctiora
3572 3549 3659 3604 in-

2087 3624 2355 3694 greditur.
2382 3628 2387 3633 ’

2156 3713 2245 3768 20.
2282 3714 2471 3773 Omnis
2504 3718 2603 3775 Dei
2650 3736 2855 3787 sermo,
2902 3738 3005 3778 nec
3042 3724 3391 3797 multiloquio
3418 3740 3655 3797 constat,

2087 3818 2189 3859 nec
2220 3806 2630 3879 multiloquium
2672 3827 2771 3867 seu
2805 3813 3098 3884 garrulitas
3126 3823 3244 3882 est;
3276 3819 3371 3873 sed
3403 3837 3545 3878 unus
3588 3840 3657 3881 ex

2068 3894 2320 3952 'diversis
2340 3898 2696 3957 theorematis
2717 3918 2780 3958 ac
2805 3902 3343 3963 considerationibus
3370 3919 3653 3980 constans;

2084 4005 2318 4061 quorum
2362 3992 2664 4062 quodlibet,
2715 3986 2847 4064 pars
2894 3997 3166 4053 sermonis
3195 4008 3296 4054 est.
3338 4000 3439 4069 Qui
3473 4002 3657 4075 itaque

2085 4098 2249 4138 causa
2269 4083 2515 4140 veritatis
2539 4092 2679 4151 orat,
2700 4086 2785 4140 vel
2817 4086 2860 4141 si
2885 4086 2961 4142 ita
2982 4105 3236 4158 perorare
3259 4106 3384 4147 eum
3415 4095 3659 4168 contige-

2085 4175 2179 4241 rit,
2214 4185 2276 4231 ut
2314 4175 2454 4230 nihil
2486 4176 2632 4246 quod
2668 4186 2880 4248 spectet
2905 4179 2973 4234 ad
2997 4181 3359 4250 quaestionem
3399 4184 3476 4239 illi
3508 4186 3656 4243 desi-

2014 4276 2057 4330 ι)
2086 4264 2333 4328 deretur,
2367 4283 2537 4322 unum
2571 4268 2666 4322 Dei
2702 4283 3011 4325 sermonem
3043 4270 3202 4326 dixit.

2154 4355 2244 4410 21.
2304 4354 2447 4411 Sane
2485 4356 2540 4410 in
2581 4355 2838 4423 Christo,
2893 4359 2987 4428 qui
3039 4360 3185 4414 Deus
3239 4362 3310 4416 sit
3358 4378 3443 4422 ac.
3476 4365 3652 4420 Patris

2088 4445 2299 4512 Sermo,
2334 4455 2446 4502 tota
2470 4448 2771 4502 secundum
2804 4451 3097 4505 essentiam
3131 4451 3342 4508 habitat
3367 4455 3654 4525 plenitudo

2086 4536 2395 4593 divinitatis
2432 4538 2796 4608 corporaliter
2819 4540 2904 4593 ἠε
2939 4540 2995 4594 in
3041 4541 3205 4597 nobis
3244 4560 3374 4599 vere
3409 4561 3506 4614 per
3534 4563 3656 4615 gra—

2086 4627 2216 4681 tiam
2247 4627 2461 4683 habitat
2508 4628 2795 4701 plcnitudo
2826 4629 3164 4695 divinitatis;
3200 4641 3329 4687 tunc
3370 4633 3653 4703 nimirum,

2084 4735 2207 4774 cum
2229 4718 2285 4773 in
2312 4720 2472 4775 nobis
2495 4736 2714 4777 omnem
2758 4722 2979 4776 cumulo
3021 4723 3281 4778 virtutem
3303 4725 3655 4792 sapientiam-

2075 4826 2182 4881 que
2208 4813 2673 4874 acervaverimus,
2706 4828 2812 4882 qua
2849 4812 2988 4867 nihil
3018 4813 3182 4877 desit,
3214 4815 3396 4884 quoad
3442 4816 3649 4873 homini

2076 4917 2397 4957 concessum
2424 4911 2528 4968 est,
2553 4920 2663 4974 quo
2691 4920 2874 4959 veram
2907 4905 3213 4974 principem
3250 4904 3481 4961 formam
3524 4908 3650 4963 imi-

2078 5001 2278 5047 temur.
2326 4995 2439 5048 Nec
2485 4995 2633 5049 enim
2682 4995 2976 5066 quidquam
3042 4995 3304 5050 abhorret
3359 4999 3652 5068 quominus

2077 5083 2317 5153 gratuito
2342 5084 2436 5139 Dei
2490 5100 2718 5140 munere
2765 5086 2996 5155 ejusque
3028 5086 3345 5153 voluntate,
3394 5082 3450 5144 in
3491 5093 3652 5151 nobis

2081 5190 2300 5245 quoque
2333 5176 2604 5231 inhabitet
2650 5176 2934 5246 plenitudo
2975 5177 3301 5245 divinitatis,
3328 5197 3448 5251 qua:
3475 5198 3543 5237 ex
3569 5185 3653 5239 di-

2081 5267 2257 5321 versis
2301 5268 2658 5323 theorematis
2717 5268 3027 5337 sensisque‘
3060 5270 3405 5339 spiritalibus
3453 5276 3650 5332 coalita

2083 5365 2185 5411 est.

2153 5446 2240 5501 22.
2276 5446 2744 5514 Quemadmodum
2776 5457 2963 5517 noster
3005 5452 3291 5519 hominum
3322 5468 3522 5515 sermo.
3553 5471 3654 5527 per

479 5553 524 5639 ξ’
553 5554 692 5639 ξἐτιι.
714 5558 1064 5639 xxxvi",
1102 5626 1114 5639 ‘
1138 5558 1185 5587 '°
1218 5558 1611 5639 Psalz‘uxxnl,
1648 5565 1698 5620 8.
1776 5565 1820 5597 "
1845 5566 1890 5620 ll
1916 5564 2041 5623 Cor.
2073 5581 2151 5631 ut,
2192 5565 2275 5623 18.
2354 5568 2399 5600 ’⁷³
2425 5530 2591 5623 Hebr.
2623 5586 2695 5639 tv,
2722 5571 2807 5626 {4.
2884 5570 2932 5604 ⁷³
2962 5569 3006 5625 ll
3030 5568 3155 5627 Cor.
3187 5588 3241 5637 v,
3278 5571 3359 5629 l6.
3401 5568 3449 5604 "
3503 5573 3649 5631 Psal.

413 5637 530 5689 xxv,
559 5625 617 5679 ll
642 5642 656 5689 ;
682 5640 785 5692 CIV,
819 5628 870 5678 4.
949 5626 991 5659 ⁷⁵
1020 5626 1229 5682 Coloss.
1256 5645 1314 5695 ιι,
1346 5629 1399 5683 9.
