4062 6198
286 342 421 405 1]όῖ

1109 338 1443 398 CAPITUM
1481 336 1753 399 THEOL.
1794 333 1888 394 ET
1928 329 2165 395 (ECON.
2207 338 2594 400 CENTURIA
2634 340 2717 399 Il.

3397 332 3534 399 1138

282 452 350 517 ἥν
380 446 409 496 6
440 443 676 513 ἀψευδὴς
706 442 839 505 Θεὸς
861 442 1103 497 δείκνυσι
1131 446 1225 497 καὶ
1249 445 1647 513 ἐπαγγέλλεται
1669 440 1859 496 δώσειν
1888 442 1909 498 Δ

1987 442 2107 495 )eus
2135 445 2396 510 ostendit,
2424 462 2487 501 ac
2518 463 2575 502 se
2602 446 2860 501 daturum
2880 443 3037 515 quasi
3061 442 3281 499 virtutis
3310 445 3536 514 prmmio

284 535 475 606 ὥσπερ
504 536 737 589 ἔπαθλον
762 536 985 606 ἀρετῆς,
1021 540 1132 601 τοῖς
1164 539 1448 606 ἀγαπῶσιν
1474 539 1656 593 αὐτόν.

359 628 462 691 κζ’.
512 629 572 680 Εἰ
607 627 925 699 ἐσταυρώθη
957 628 1023 681 δι’
1054 630 1204 699 ἡμᾶς
1252 630 1311 696 ἐξ
1362 628 1646 690 ἀσθενείας
1688 628 1717 680 6
1767 624 1862 679 τοῦ

291 719 426 773 Θεοῦ
461 720 656 788 Λόγος,
699 721 792 773 καὶ
835 720 1048 791 ἠγέρθη
1078 722 1145 774 ἐκ
1174 721 1453 790 δυνάμεως
1499 720 1658 786 Θεοῦ,
1708 718 1866 789 δῆλον

296 812 374 863 ὅτι
420 808 813 878 πνευματικῶς
861 810 930 863 δι’
982 810 1130 879 ἡμᾶς
1161 811 1249 862 ἀεὶ
1287 808 1447 862 τοῦτο
1475 807 1570 862 καὶ
1603 810 1749 861 ποιεῖ
1774 808 1868 860 καὶ

296 901 535 971 πάσχει·
584 901 659 964 ὡς
702 904 839 954 πᾶσι
886 900 1065 955 πάντα
1095 901 1401 970 γινόμενος,
1443 901 1530 954 ῐνα
1565 897 1714 971 σῴσῃ
1743 899 1869 961 τοὺς

294 994 526 1057 πάντας.
584 993 795 1047 Οὐκοῦν
850 992 1032 1056 καλῶς
1060 994 1087 1045 6
1126 993 1266 1056 θεῖος
1301 991 1620 1055 Ἀπόστολος
1668 992 1726 1043 ἐν
1755 991 1869 1052 τοῖς

298 1086 607 1157 Κορινθίοις
641 1084 981 1152 ἀσθενοῦσιν,
1017 1084 1167 1139 οὐδὲν
1201 1085 1412 1156 ἔκρινεν
1445 1083 1668 1149 εἰδέναι,
1700 1084 1748 1136 εί
1793 1082 1869 1153 μὴ

310 1175 517 1245 Ἰησοῦν
557 1174 813 1245 Χριστὸν,
853 1174 947 1227 καὶ
996 1173 1185 1226 τοῦτον
1248 1170 1682 1243 ἐσταυρωμένον.
1710 1169 1870 1237 Ἐφε-

301 1272 433 1334 σίοις
465 1270 523 1322 δὲ
575 1268 795 1339 γράφει,
827 1267 1053 1331 τελείοις
1079 1262 1219 1331 οὖσι,
1260 1264 1321 1318 τδ
1342 1304 1356 1329 ,
1413 1262 1740 1332 Συνήγειρε
1771 1259 1870 1313 καὶ

298 1361 701 1416 συνεκάθισεν
751 1359 911 1427 ἡμᾶς
943 1362 977 1413 ὀ
1032 1358 1176 1423 Θεὸς
1224 1358 1293 1410 ἐν
1328 1354 1453 1420 τοῖς
1491 1351 1873 1421 ἐποιφανίοις

297 1456 366 1507 ἐν
395 1454 627 1523 Χριστῷ
670 1452 866 1520 Ἰησοῦ
888 1468 902 1481 ”
948 1451 1091 1505 κατὰ
1115 1450 1211 1522 τὴν
1240 1446 1616 1515 ἀναλογοῦσαν
1658 1444 1873 1512 ἑκάστῳ

299 1548 551 1616 δύναμιν,
608 1546 700 1599 τὸν
743 1542 839 1597 τοῦ
890 1542 1027 1597 Θεοῦ
1088 1543 1260 1611 Λόγον
1320 1537 1569 1609 γίνεσθαι
1626 1536 1874 1607 φάσκων.

302 1639 640 1712 Σταυροῦται
663 1637 843 1693 τοίνυν
872 1639 987 1701 τοῖς
1005 1635 1095 1689 -ἐτι
1138 1634 1273 1705 πρὸς
1307 1632 1591 1687 εὐσέϐειαν
1637 1642 1876 1699 πρακτι-

304 1734 415 1797 κῶς
438 1733 829 1802 εἰσαγομένοις,
854 1732 952 1794 τὰς
974 1728 1242 1799 ἐμπαθεῖς
1264 1724 1443 1779 αὐτῶν
1465 1723 1543 1794 τῷ
1569 1721 1699 1791 θείῳ
1725 1717 1876 1789 φόϐῳ

306 1826 593 1899 προσηλῶν
638 1823 939 1896 ἐνεργείας.
976 1822 1284 1877 ’Λνίσταται
1322 1819 1379 1873 δὲ
1415 1818 1510 1871 καὶ
1544 1816 1750 1871 ἄνεισιν
1796 1814 1878 1877 είς

304 1912 590 1983 οὐρανοὺς,
626 1914 736 1975 τοῖς
766 1911 885 1965 ὅλον
917 1910 1009 1963 τὸν
1035 1909 1263 1964 παλαιὸν
1293 1904 1762 1975 ἀπεκδυσαμένοις
1785 1903 1879 1958 ἆν-

309 2003 545 2076 θρωπον,
576 2003 666 2057 τὸν
703 2003 1058 2074 φθειρόμενον
1092 2001 1233 2056 κατὰ
1283 1999 1385 2063 τὰς
1434 1998 1733 2068 ἐπιθυμίας
1778 1995 1879 2066 τῆς

310 2095 527 2162 ἀπάτης
547 2112 560 2125 ’
593 2096 683 2149 καὶ
711 2094 829 2148 ὄλον
860 2094 949 2147 τὸν
974 2094 1093 2147 νέον
1118 2091 1522 2162 ἐνδυσαμένοις,
1549 2089 1639 2143 τὸν
1671 2087 1758 2141 διὰ
1784 2086 1878 2141 τοῦ

312 2187 619 2256 πνεύματος
653 2172 773 2240 κατ’
810 2186 994 2239 εἰκόνα
1034 2185 1170 2239 Θεοῦ
1216 2184 1561 2253 κτιζόμενον,
1601 2181 1696 2235 καὶ
1740 2178 1880 2251 πρὸς

309 2278 401 2329 τὸν
452 2277 672 2348 Πατέρα
736 2277 833 2346 τῆς
889 2278 949 2328 ὲν
1000 2278 1188 2339 αὐτοῖς
1254 2275 1476 2345 χάριτος
1532 2271 1878 2342 γενομένοις’

321 2368 623 2438 ’Υπερίίνω
652 2368 861 2436 πάσης
897 2367 1107 2437 Ἀρχῆς
1140 2367 1239 2420 καὶ
1286 2365 1607 2430 Ἐξουσίας
1636 2362 1732 2417 καί
1776 2364 1882 2415 Δυ-

311 2458 541 2527 νάμεως
592 2459 690 2512 καὶ
744 2459 1122 2525 Κυριότητος,
1168 2456 1262 2510 καὶ
1309 2450 1537 2520 παντὸς
1591 2453 1883 2520 ὀνόματος

312 2550 763 2619 ὀνομαζομένου,
798 2552 917 2604 εἴτε
974 2551 1042 2603 ἐν·
1083 2549 1162 2614 ζῷ
1196 2548 1366 2603 αἰῶνι
1392 2548 1599 2613 τούτῳ,
1643 2546 1763 2599 εἴτε
1814 2544 1885 2597 ἐν

312 2639 393 2705 τῷ
413 2641 719 2710 μέλλοντι.
756 2643 941 2696 Πάντα
969 2643 1078 2713 γὰρ
1126 2642 1194 2695 τὰ
1243 2642 1382 2713 μετὰ
1406 2640 1559 2702 Θεὸν,
1610 2639 1701 2692 καί
1741 2637 1887 2708 πρά-

312 2747 500 2800 γματα
547 2732 641 2784 καὶ
684 2733 923 2802 ὀνόματα
974 2734 1069 2786 καὶ
1116 2730 1429 2803 ἀξιώματα,
1459 2729 1564 2783 ὑπὸ
1592 2728 1681 2783 τὸν
1722 2728 1779 2781 ἐν
1808 2728 1888 2800 τῷ

312 2822 431 2896 Θεῷ
457 2824 545 2877 διὰ
571 2827 669 2895 τῆς
695 2826 920 2895 χάριτος
951 2824 1316 2896 γενησόμενον
1342 2823 1517 2878 ἔσται.

387 3009 494 3073 κη’.
534 3002 749 3073 Ὥσπερ
780 3001 888 3073 πρὸ
920 3004 1021 3073 τῆς
1054 3001 1335 3073 ἐμφανοῦς
1382 3002 1478 3056 καὶ
1530 3002 1676 3057 κατὰ
1709 3003 1889 3073 σάρκα

320 3096 623 3166 παρουσίας
664 3095 762 3166 (9),
792 3095 1005 3164 νοητῶς
1052 3096 1081 3148 6
1126 3094 1219 3148 τοῦ
1247 3094 1396 3162 ,Θεοῦ
1436 3096 1609 3165 Λόγος
1631 3098 1745 3159 τοῖς
1780 3113 1888 3150 πα-

316 3189 607 3259 τριάρχαις
640 3188 736 3242 καὶ
782 3189 1093 3259 προφήταις
1145 3188 1418 3258 ἐνεδήμει,
1483 3188 1779 3259 προτυπῶν
1824 3188 1892 3242 τὰ

323 3280 601 3352 μυστήρια
630 3280 731 3349 τῆς
782 3279 947 3333 αὑτοῦ
995 3280 1341 3351 παρουσίας·
1406 3278 1551 3334 οὕτω
1604 3280 1699 3332 καὶ
1756 3279 1894 3350 μετὰ

320 3370 525 3441 ταύτην
568 3372 667 3440 τὴν
704 3372 986 3441 ἐνδημίαν,
1018 3371 1079 3424 ού
1123 3371 1285 3441 μόνον
1318 3372 1376 3426 ὲν
1414 3373 1525 3434 τοῖς
1569 3370 1650 3423 ἔτι
1681 3370 1893 3440 νηπίοις

323 3465 712 3535 παραγίνεται,
777 3463 1083 3534 διατρέφων
1145 3461 1533 3534 πνευματικῶς
1594 3463 1690 3516 ml.
1747 3464 1894 3529 ἄγων

324 3556 461 3628 πρὸς
501 3557 714 3626 ἡλικίαν
744 3557 843 3626 τῆς
868 3556 1011 3611 κατὰ
1041 3556 1177 3609 Θεὸν
1212 3554 1556 3626 τελειότητος
1582 3572 1593 3585 ο
1631 3552 1768 3607 ἀλλὰ
1799 3553 1894 3606 καὶ⁸

323 3652 382 3705 ἐν
410 3653 520 3716 τοῖς
549 3653 799 3717 τελείοις,
840 3652 1265 3724 προδιαγράφων
1303 3652 1491 3713 αὐτοῖς
1517 3652 1767 3723 κρυφίως
1800 3652 1897 3721 τῆς

328 3744 633 3815 μελλούσης
677 3744 845 3798 αὐτοῦ
898 3744 1203 3813 παρουσίας
1234 3744 1308 3809 ὠς
1354 3746 1412 3799 ἐν
1442 3746 1609 3798 εἰκόνι
1640 3743 1767 3806 τοὺς
1800 3760 1898 3812 χα-

329 3853 631 3906 ρακτηρας.

397 3929 499 3982 κθ’.
518 3929 729 4000 Ὥσπερ
761 3928 810 3981 oi
843 3927 1129 3998 coivdpou
1154 3929 1250 3982 καὶ
1268 3928 1377 3982 τῶν
1409 3927 1704 3999 προφητῶν
1728 3928 1895 3997 λόγοι,

328 4022 626 4092 πρόδρομοι
653 4020 1016 4088 τυγχάνοντες
1044 4022 1142 4091 τῆς
1192 4021 1332 4074 κατὰ
1363 4021 1541 4092 σάρκα
1576 4020 1672 4074 τοῦ
1725 4022 1899 4089 Λόγου

329 4115 649 4187 παρουσίας,
684 4115 784 4177 τὰς
820 4114 1001 4184 ψυχὰς
1031 4114 1109 4177 εἰς
1157 4113 1392 4184 Χριστὸν
1448 4113 1860 4182 ἐπαιδαγώγουν
1884 4133 1896 4145 ·

327 4208 469 4261 οὕτω
496 4208 593 4260 καὶ
618 4208 780 4269 αὐτὸς
804 4207 832 4258 6
866 4206 1254 4275 δεδοξασμένος
1282 4205 1374 4259 τοῦ
1403 4204 1536 4259 Θεοῦ
1572 4206 1743 4273 Λόγος
1771 4223 1902 4277 σαρ⁹

330 4299 548 4363 κωθεὶς,
599 4300 909 4371 πρόδρομος
936 4300 1034 4368 τῆς
1065 4300 1445 4370 πνευματικῆς
1475 4298 1643 4352 αὐτοῦ
1695 4316 1904 4371 παρου·

333 4392 453 4455 σίας
486 4391 777 4460 γεγένηται
803 4408 817 4422 ο
884 4391 1254 4459 παιδαγωγῶν
1303 4391 1403 4454 τὰς
1429 4390 1609 4462 ψυχὰς
1648 4389 1738 4443 διὰ
1793 4390 1902 4442 τῶν

1965 535 2275 603 pollicetur,
2304 537 2390 592 his
2415 538 2509 607 qui
2537 539 2715 607 ipsum
2745 537 2999 607 diligunt.

2035 627 2123 681 27.
2184 628 2467 698 Siquidem
2512 630 2609 683 Dei
2659 628 2852 684 Sermo
2888 643 2977 685 ex.
3006 627 3325 683 inﬁrmitate
3364 628 3540 685 nostri

1967 738 2133 778 causa
2153 722 2450 779 cruciﬁxus
2477 730 2581 789 est,
2612 732 2668 777 et
2698 722 2998 777 resurrexit
3026 722 3081 775 in
3110 721 3316 779 virtute
3342 721 3439 776 Dei
3456 722 3499 753 ⁸¹
3523 739 3538 787 ;

1968 816 2127 884 plane
2160 814 2334 883 liquet
2358 814 2412 868 id
2439 830 2567 869 eum
2600 828 2816 884 semper
2840 821 3064 883 propter
3091 826 3192 866 nos
3219 811 3543 881 spiritaliter

1968 921 2154 977 agere,
2190 913 2413 978 tumque
2443 906 2521 960 illi
2542 906 2825 969 accidere;
2851 913 2909 958 ut
2931 904 3025 975 qui
3065 902 3324 958 omnibus
3360 904 3545 959 omnia

1971 999 2084 1066 ﬁat,
2131 1008 2193 1055 ut
2217 1013 2410 1055 omnes
2455 998 2633 1055 salvos
2670 997 2853 1052 faciat.
2894 997 3063 1051 Recte
3114 995 3283 1065 igitur
3327 995 3547 1050 divinus

1970 1092 2307 1165 Apostolus,
2351 1089 2495 1161 apud
2551 1088 2902 1153 Corinthios,
2943 1088 3040 1157 qui
3087 1087 3290 1142 inﬁrmi
3337 1096 3542 1153 essent,

1971 1183 2112 1240 nihil
2163 1198 2223 1238 se
2258 1180 2708 1259 judicavitpscire
2760 1180 2868 1235 nisi
2914 1179 3099 1235 Jesum
3129 1178 3432 1245 Christum,
3486 1190 3545 1235 et

1972 1275 2121 1330 hunc
2173 1273 2584 1330 cruciﬁxum”.
2613 1272 2868 1343 Ephesiis
2919 1279 3123 1336 autem,
3168 1270 3262 1341 qui
3312 1270 3543 1341 perfecti

1972 1367 2132 1440 491
2158 1376 2362 1431 essent,
2394 1366 2450 1422 in
2482 1366 2599 1421 haec
2628 1364 2792 1419 verba
2840 1363 3034 1420 scribit
3064 1380 3077 1415 :
3113 1361 3553 1418 Conrasusritavit

1975 1478 2068 1515 nos
2092 1500 2108 1525 ,
2175 1469 2225 1514 et
2264 1459 2545 1514 consedere
2580 1474 2673 1512 nos
2724 1458 2843 1529 fecit
2886 1457 3025 1514 Deus
3080 1458 3134 1512 in
3165 1456 3457 1512 calestibus
3494 1458 3551 1510 in

1975 1550 2181 1607 Christo
2241 1551 2368 1606 Iesu
2384 1552 2460 1617 “;
2498 1566 2600 1621 pro
2653 1552 2920 1623 cujusque
2974 1550 3251 1606 facultatis
3286 1550 3549 1610 modulo.

1976 1644 2072 1701 Dei
2103 1644 2425 1699 Sermonem
2454 1660 2520 1699 ac
2545 1643 2784 1699 Verbum
2808 1659 2867 1698 se
2890 1643 3094 1698 habere
3122 1642 3331 1699 dicens.
3366 1642 3554 1712 Itaque

1978 1737 2342 1809 cruciﬁgitur,
2372 1737 2461 1801 iis,
2490 1736 2584 1806 qui
2615 1735 2849 1791 actionis
2874 1736 3026 1791 cultu
3056 1734 3126 1791 ad
3163 1735 3419 1804 pietatem
3456 1750 3553 1788 ru.

1980 1832 2222 1888 dimenta
2265 1838 2512 1901 ponunt,
2544 1844 2663 1895 seu,
2694 1827 2789 1899 qui
2822 1823 2911 1884 illa
2955 1827 3325 1890 inducuntur,
3360 1840 3554 1881 eorum

1979 1924 2305 1980 libidinosas
2332 1923 2577 1992 vitioque
2627 1928 2916 1977 concretas
2954 1918 3201 1975 actiones
3244 1916 3435 1975 divino
3484 1916 3554 1969 ti-

1980 2030 2130 2070 more
2159 2012 2458 2084 conﬁgcns.
2491 2010 2895 2081 Resurgitvero
2918 2017 2974 2066 et
3005 2009 3061 2067 in
3083 2008 3252 2064 cenios
3282 2005 3553 2067 ascendit,

1982 2107 2089 2171 his,
2120 2105 2213 2176 qui
2255 2112 2497 2159 veterem
2551 2111 2725 2158 totum
2784 2102 3063 2159 hominem
3108 2105 3404 2161 exuentes,
3460 2098 3563 2166 qui

1982 2194 2361 2265 corrumpitur
2397 2191 2699 2247 secundum
2759 2190 3034 2245 desideria
3088 2188 3329 2251 erroris,
3383 2195 3556 2243 totum

1985 2301 2185 2339 novum
2218 2284 2542 2346 induerunt,
2573 2279 2668 2350 qui
2701 2293 2800 2349 per
2825 2277 3091 2347 Spiritum
3123 2283 3340 2330 creatur
3356 2288 3559 2327 secun-

1984 2377 2115 2433 dum
2139 2376 2235 2431 Dei
2262 2374 2554 2445 imaginem
2578 2371 2660 2437 3’;
2708 2380 2763 2425 et
2787 2370 2854 2424 ad
2880 2370 3021 2439 ejus,
3055 2382 3178 2437 qua:
3221 2365 3276 2419 in
3310 2363 3420 2417 illis
3451 2371 3556 2424 est.

1984 2469 2170 2539 gratia:
2218 2468 2506 2521 Parentem
2533 2470 2827 2519 evaserunt
2860 2478 2871 2516 :
2901 2460 3071 2531 Super
3100 2473 3306 2511 omnem
3347 2454 3557 2509 Princi-

1986 2566 2171 2629 patum
2202 2565 2249 2610 ct
2278 2555 2601 2610 Potestatem
2633 2551 2991 2619 Virtutemque
3030 2557 3077 2601 et
3110 2546 3561 2607 Dominatiouem,

1987 2658 2036 2701 et
2068 2663 2220 2701 omne
2245 2661 2434 2700 nomen
2471 2642 2610 2713 quod
2649 2642 2954 2696 nominatur
2976 2640 3081 2693 sive
3113 2638 3168 2691 in
3214 2638 3308 2690 hoc
3346 2633 3559 2697 swculo,

1986 2741 2093 2794 sive
2125 2740 2181 2793 in
2206 2735 2467 2808 futuro“.
2512 2732 2707 2789 Omnia
2738 2732 2885 2786 enim
2935 2746 3057 2799 qua:
3105 2744 3135 2783 a
3180 2728 3291 2781 Deo
3324 2723 3561 2782 secunda
3644 2710 3645 2713 “

1988 2840 2139 2896 sunt,
2176 2847 2264 2885 res
2297 2828 2504 2899 pariter
2532 2836 2588 2882 et
2620 2825 2797 2895 capita
2832 2832 2889 2879 et
2918 2820 3236 2892 dignitates,
3271 2817 3371 2881 illi,
3392 2814 3487 2887 qui
3508 2814 3562 2868 in

1990 2926 2102 2981 Deo
2136 2938 2236 2993 per
2265 2921 2494 2993 gratiam
2524 2919 2649 2982 erit,
2684 2914 3070 2986 subjiciuntur.

2058 3015 2147 3069 28.
2188 3010 2661 3080 Quemadmodum
2702 3016 2827 3062 ante
2873 3003 3232 3073 conSpicuum
3282 3016 3345 3055 ac
3399 3013 3568 3053 carne

1916 3136 1963 3199 α
1994 3107 2306 3163 exbibitum
2350 3104 2649 3159 adventum
2677 3138 2692 3163 ,
2736 3097 2833 3153 Dei
2871 3096 3066 3152 Sermo
3103 3092 3429 3199 spiritaliter
3468 3104 3568 3194 pa:-

1995 3200 2255 3257 triarcbis
2307 3206 2365 3254 et
2410 3193 2698 3267 prophetis
2743 3188 3114 3251 adveniebat,
3159 3185 3430 3241 adventus
3482 3181 3569 3237 sui

1992 3289 2257 3361 mysteria
2288 3285 2646 3357 prmﬁgurans
2672 3299 2687 3336 :
2714 3282 2797 3337 sic
2830 3294 3055 3350 quoque
3089 3292 3156 3333 eo
3185 3277 3298 3347 jam
3332 3273 3571 3329 adventu

1994 3382 2300 3451 completo,
2336 3394 2446 3435 non
2473 3377 2636 3433 modo
2662 3375 2770 3433 illis
2807 3372 3069 3436 advenit,
3101 3369 3195 3440 qui
3223 3368 3407 3424 adhuc
3445 3381 3573 3435 par-

1994 3473 2109 3530 vuli
2138 3479 2267 3528 sunt
2293 3512 2305 3533 ,
2336 3486 2475 3540 quos
2499 3467 2825 3539 spiritaliter
2848 3466 2959 3521 alat
2986 3503 3001 3527 ,
3036 3471 3092 3517 et
3126 3461 3193 3515 ad
3224 3461 3345 3531 ejus
3390 3458 3571 3528 perfe-

1997 3564 2198 3621 ctionis
2236 3570 2476 3623 aetatem,
2507 3575 2627 3628 qua:
2665 3566 2750 3614 est
2793 3554 3097 3611 secundum
3136 3552 3332 3615 Deum,
3371 3549 3571 3611 ducat;

1997 3671 2191 3713 verum
2225 3657 2393 3710 etiam
2424 3650 2709 3721 perfectis,
2744 3647 2962 3703 occulte
2985 3646 3068 3701 eis
3096 3642 3272 3699 futuri
3301 3641 3575 3697 adventus

1999 3747 2084 3803 sui
2112 3746 2462 3801 characteres
2484 3742 2638 3797 velut
2660 3741 2715 3795 in
2742 3738 2978 3810 imagine
3001 3736 3316 3807 designans.

2069 3923 2159 3981 29.
2200 3918 2682 3988 Quemadmodum
2724 3918 2863 3988 legis
2908 3930 2973 3972 ac
3013 3913 3411 3985 prophetarum
3458 3925 3576 3965 ser-

2002 4029 2215 4078 mones,
2240 4011 2336 4081 qui
2359 4008 2646 4066 Sermonis
2675 4008 2731 4063 in
2767 4021 2933 4062 carne
2960 4005 3082 4076 (seu
3114 4001 3307 4071 Verbi)
3340 4016 3581 4071 praecur-

2003 4115 2157 4156 sores
2175 4106 2382 4162 essent,
2415 4112 2515 4167 pro
2539 4095 2817 4166 paedagogi
2840 4094 2997 4164 quasi
3022 4107 3252 4147 munere
3278 4090 3489 4145 animas
3509 4088 3574 4143 ad

2003 4194 2281 4251 Christum
2326 4190 2699 4246 erudiebant:
2750 4188 2829 4243 sic
2873 4196 2928 4242 ct
2960 4187 3075 4256 ipse
3120 4183 3456 4240 clariﬁcatus
3480 4180 3578 4235 Dei

2006 4284 2201 4341 Sermo
2244 4282 2566 4338 incarnatus
2585 4320 2599 4343 ,
2627 4277 2893 4347 spiritalis
2917 4276 3190 4330 adventus
3218 4272 3304 4329 sui
3335 4286 3580 4341 praecur-

2007 4392 2100 4432 sor
2124 4376 2356 4431 eﬁ‘cctus
2374 4382 2454 4428 est
2466 4414 2481 4439 ,
2504 4388 2603 4442 per
2619 4384 2907 4426 sermones
2923 4384 3054 4424 suos
3070 4374 3234 4435 atque
3251 4364 3579 4425 doctrinam,

330 4458 546 4538 οἰκείων
570 4458 764 4553 λόγων,
801 4484 937 4556 πρὸς
972 4482 1237 4554 ὑποδοχὴν
1279 4483 1379 4552 τῆς
1436 4458 1710 4552 ἐμφανοῦς
1740 4481 1903 4535 αὑτοῦ

2011 4470 2125 4541 ipse
2172 4483 2394 4539 quoque
2444 4466 2512 4521 ad
2563 4464 2926 4534 conspicuum
2977 4460 3226 4516 divinum
3284 4458 3583 4516 adventum

334 4576 520 4644 θεῖκῆς
556 4575 858 4645 παρουσίας
882 4593 895 4607 ο
930 4576 997 4645 ἣν
1027 4575 1114 4628 ἀεὶ
1144 4575 1244 4643 μὲν
1272 4577 1527 4639 ποιεῖται,
1558 4574 1907 4645 μεταϐάλλων

334 4669 441 4722 ἀπὸ
470 4669 567 4737 τῆς
615 4668 817 4736 σαρκὸς
868 4666 1002 4737 πρὸς
1053 4665 1112 4720 τὸ
1160 4666 1380 4736 πνεῦμα
1431 4666 1521 4719 διὰ
1554 4666 1661 4721 τῶν
1696 4666 1906 4736 ἀρετῶν

332 4761 459 4824 τοὺς
509 4759 693 4825 ἀξίους
718 4774 733 4789 ’
781 4760 999 4829 ποιήσει
1043 4758 1102 4812 δὲ
1148 4758 1246 4814 καὶ⁹
1276 4760 1369 4812 ἐπὶ
1394 4759 1539 4812 τέλει
1566 4758 1660 4813 τοῦ
1686 4760 1903 4825 αἰῶνος,

337 4850 595 4921 ἐμφανῶς
625 4848 1033 4903 ἀποκαλύπτων
1062 4848 1132 4901 τὰ
1162 4848 1300 4912 τέως
1327 4850 1494 4903 πᾶσιν
1523 4850 1831 4920 ἀπόρρητα.

406 5026 472 5081 λ’.
498 5028 664 5080 Ὅσον
690 5025 801 5093 ἐγώ
832 5024 947 5094 εἰμι
991 5022 1189 5093 ἀτελὴς
1234 5022 1330 5077 καὶ
1380 5022 1773 5085 ἀνυπότακτος,
1834 5022 1908 5093 μὴ

339 5119 631 5173 ὑπακούων
669 5116 763 5170 τοῦ
812 5113 950 5168 Θεοῦ
998 5115 1087 5168 διὰ
1134 5115 1235 5184 τῆς
1288 5114 1554 5184 ἐργασίας
1612 5113 1723 5166 τῶν
1756 5115 1909 5167 ἐντο-

338 5211 448 5263 λῶν
477 5211 568 5281 (b)°
626 5209 764 5282 μήτε
809 5209 1091 5279 γινόμενος
1123 5206 1263 5261 κατὰ
1316 5206 1415 5279 τὴν
1457 5205 1659 5273 γνῶσιν
1706 5205 1911 5271 τέλειος

339 5306 461 5369 ταῖς
486 5303 680 5378 φρεσίν
700 5320 714 5334 ο
770 5301 969 5373 ἀτελὴς
1016 5300 1114 5355 καὶ
1163 5299 1541 5362 ἀνυπότακτος
1570 5297 1629 5352 τὸ
1659 5300 1778 5352 κατ’
1809 5299 1909 5369 ἐμὲ

340 5398 438 5452 καὶ
465 5395 701 5468 Χριστὸς
723 5393 1004 5465 νομίζεται
1038 5393 1106 5445 δι’
1137 5393 1241 5462 ἐμέ
1262 5407 1276 5422 ·
1316 5390 1455 5462 μειῶ
1483 5390 1593 5461 γὰρ
1622 5390 1787 5443 αὐτὸν
1815 5391 1912 5444 καὶ

2008 4579 2171 4618 suum
2220 4558 2658 4630 suscipiendum,
2701 4556 2917 4611 animos
2966 4552 3248 4607 erudiens.
3311 4548 3585 4604 lluneille

2008 4653 2305 4707 adventum
2361 4664 2579 4719 semper
2623 4647 2777 4711 facit,
2808 4645 3078 4699 virtutum
3138 4641 3288 4696 cultu
3341 4653 3437 4694 eos
3490 4635 3582 4705 qui

2008 4744 2159 4815 digni
2192 4744 2307 4799 sint
2353 4756 2385 4795 a
2428 4754 2596 4795 carne
2641 4738 2709 4792 ad
2756 4736 3015 4807 spiritum
3069 4739 3421 4790 convertens.
3471 4735 3583 4780 tum

2006 4853 2140 4893 vero
2188 4836 2356 4891 etiam
2416 4834 2471 4887 in
2516 4832 2624 4887 ﬁne
2670 4828 2857 4887 saeculi
2886 4828 3142 4883 facturus
3186 4832 3305 4887 est,
3357 4836 3421 4874 ea
3468 4834 3589 4889 qua:

2014 4930 2230 4987 cunctis
2255 4928 2525 4983 hactenus
2544 4938 2741 4979 arcana
2764 4928 2912 4984 sunt,
2940 4918 3117 4988 palam
3146 4914 3376 4971 faciens.

2087 5022 2175 5079 50.
2216 5019 2472 5087 Quandiu
2506 5030 2609 5087 ego
2646 5014 3006 5083 imperfectus
3045 5023 3168 5064 sum
3200 5014 3257 5061 ct
3294 5019 3406 5061 non
3454 5002 3588 5057 sub-

2012 5117 2213 5187 jectus,
2258 5110 2353 5181 qui
2399 5106 2652 5163 mandata
2696 5100 2975 5173 implendo
2998 5140 3012 5165 ,
3046 5100 3161 5153 Deo
3194 5112 3305 5150 non
3336 5109 3586 5166 paream;

2015 5186 2142 5267 nec,
2204 5200 2350 5274 quod
2402 5200 2599 5255 attinet
2641 5194 2709 5249 ad
2754 5191 3066 5255 scientiam,
3120 5188 3288 5242 animi
3334 5186 3592 5241 sensibus

2018 5294 2302 5367 perfectus
2339 5291 2496 5355 ﬁam;
2542 5288 2709 5343 etiam
2743 5284 3000 5341 Christus
3025 5280 3131 5337 mei
3157 5295 3358 5343 causa,
3402 5284 3593 5348 quate-

2019 5403 2130 5443 nus
2149 5388 2338 5449 homo,
2372 5381 2730 5452 imperfectus
2756 5385 2812 5433 et
2836 5376 2954 5447 ipse
2977 5374 3135 5429 audit
3154 5381 3210 5427 et
3264 5387 3375 5425 non
3405 5369 3591 5439 subje-

404 5557 450 5586 "
486 5556 528 5610 ll
567 5554 693 5612 Cor.
728 5570 840 5620 xm,
869 5556 923 5610 4.
994 5552 1085 5607 ⁸⁸1
1123 5552 1249 5607 Cor.
1287 5567 1344 5616 ιι,
1372 5550 1427 5604 2.
1518 5551 1563 5583 "
1587 5549 1787 5621 Ephes.
1822 5566 1879 5615 ιι,

2061 5547 2105 5579 ⁸⁸
2134 5545 2335 5619 Ephcs.
2368 5559 2439 5609 tv,
2487 5538 2683 5607 22-24;
2708 5536 2917 5594 Coloss.
2956 5550 3035 5602 ιιι,
3066 5532 3121 5600 9,
3164 5531 3248 5588 10.
3320 5528 3369 5563 ⁸⁸
3397 5524 3591 5597 Ephes.

349 5626 497 5683 κει.

413 5761 487 5827 (bl
517 5760 641 5815 llaec
661 5760 907 5829 pluribus
937 5761 1231 5832 Gregorius
1257 5761 1411 5827 Nar..,
1439 5769 1581 5815 orat.
1610 5761 1640 5815 4
1662 5760 1735 5814 De
1761 5756 2037 5826 theologia.
