4062 6198
344 227 480 296 1141

347 425 517 492 ἐστὶν,
551 425 586 494 ἡ
617 423 693 495 τῷ
723 425 940 497 θανάτῳ
960 426 1358 482 ταπεινωθεῖσα
1405 428 1565 500 σάρξ.
1609 430 1720 482 Καὶ
1746 430 1775 482 6
1821 428 1921 498 μὲν

346 517 498 589 ἥλιός
518 518 689 581 ἐστιν,
722 519 750 571 6
777 518 1025 587 φωτίζων
1054 518 1145 573 τὸν
1171 520 1294 574 νοῦν
1325 521 1519 588 Λόγος,
1548 521 1643 574 καὶ
1669 504 1923 591 χορηγῶν

351 610 502 682 αὐτῷ
529 610 908 682 θεωρημάτων
934 611 1166 683 δύναμιν
1186 628 1200 642 ·
1241 613 1338 667 καὶ
1366 614 1551 684 πάσης
1584 614 1808 682 ἀγνοίας
1838 613 1933 667 αὺ-

351 702 443 755 τὸν
470 702 836 763 ἀπαλλάσσων
855 717 870 732 ⁸
918 704 952 773 ἡ
1005 702 1060 755 δὲ
1092 703 1309 774 σελήνη,
1344 705 1373 757 6
1404 704 1545 758 κατὰ
1576 704 1737 773 φύσιν
1765 703 1928 777 νόμος

352 795 524 855 ἐστὶν,
556 797 585 849 6
619 794 820 849 πείθων
852 795 951 867 τὴν
987 794 1167 865 σάρκα
1198 796 1446 868 νομίμως
1476 798 1817 869 ὑποταγῆναι
1851 797 1927 864 τῷ

355 886 649 965 πνεύματι,
678 887 814 958 πρὸς
841 886 902 940 τὸ
927 887 1182 951 δέξασθαι
1220 886 1328 942 τῶν
1354 888 1586 943 ἐντολῶν
1612 890 1707 944 τὸν
1739 889 1925 958 ζυγόν.

353 978 573 1044 Φῷσεως
603 979 661 1031 δὲ
698 977 971 1047 σύμϐολον
997 980 1031 1050 ἡ
1063 979 1284 1050 σελήνη,
1306 980 1393 1034 διὰ
1421 980 1483 1035 τὸ
1511 981 1742 1053 τρεπτόν
1760 998 1773 1013 °
1810 981 1927 1035 ἀλλ’

355 1072 413 1124 ὲν
444 1074 555 1133 τοῖς
580 1071 760 1135 ἁγίοις
794 1073 1065 1143 ἄτρεπτος
1093 1073 1367 1144 διαμένει,
1390 1074 1478 1128 διὰ
1503 1074 1604 1146 τὴν
1632 1075 1934 1131 ἀναλλοίω-

355 1178 448 1215 τον
478 1161 591 1227 ἕξιν
625 1164 724 1232 τῆς
746 1162 975 1231 ἀρετῆς.

422 1254 515 1309 λε’.
543 1256 657 1309 Οὐκ
701 1254 805 1319 ἔξω
843 1254 954 1309 τῶν
999 1255 1305 1325 ζητούντων
1353 1256 1459 1328 χρὴ
1510 1255 1790 1328 ζητεῖσθαι
1841 1258 1933 1311 τὸν

357 1347 559 1415 Κύριον
590 1361 602 1373 ·
623 1344 743 1398 ἀλλ’
775 1345 832 1397 ὲν
861 1345 1093 1409 ἑαυτοῖς,
1122 1345 1211 1398 διὰ
1237 1346 1335 1415 τῆς
1369 1347 1428 1398 ἐν
1471 1345 1653 1417 ἔργοις
1692 1346 1929 1410 πίστεως

357 1432 517 1487 αῢτὸν
540 1432 644 1503 χρὴ
687 1432 870 1502 ζητεῖν
899 1432 1023 1496 τοὺς
1066 1431 1382 1502 ζητοῦντας.
1421 1433 1632 1504 Ἐγγὺς
1661 1431 1770 1502 γάρ
1792 1447 1933 1496 σου,

356 1522 509 1593 φησὶ,
536 1523 599 1577 τὸ
616 1522 782 1591 ῥῆμά
810 1524 980 1577 ἐστιν
1008 1522 1078 1577 ἐν
1108 1522 1189 1588 τῷ
1213 1522 1468 1592 στόματί
1495 1539 1612 1578 σου
1637 1524 1733 1577 καὶ
1763 1523 1835 1577 ἐν
1860 1521 1937 1593 τῇ

355 1613 569 1681 καρδίᾳ
589 1628 726 1667 σου³
754 1611 1027 1668 τουτέστι
1052 1615 1120 1667 τὸ
1135 1612 1298 1682 ῥῆμα
1310 1613 1419 1683 τῆς
1435 1614 1714 1680 πίστεωςο
1740 1614 1814 1677 ὡς
1836 1614 1936 1667 αὑ-

356 1704 451 1758 τοῦ
485 1704 638 1766 ὄντος
677 1703 771 1757 τοῦ
798 1704 1035 1778 Χριστοῦ
1075 1706 1170 1759 καὶ
1194 1706 1437 1778 ῥήματος
1458 1704 1551 1758 τοῦ
1577 1703 1932 1775 ζητουμένου.

424 1793 534 1859 λς’.
569 1795 722 1865 Μήτε
762 1794 823 1848 τὸ
851 1774 987 1865 ῦψος
1014 1795 1112 1865 τῆς
1137 1774 1323 1864 θεῖκῖξς
1352 1794 1611 1865 ἀπειρίας
1646 1796 1935 1865 ἐννοήσαν-

355 1901 464 1951 τες,
503 1883 894 1955 άπελπίσωμεν
924 1884 1024 1955 τὴν
1056 1884 1150 1938 τοῦ
1196 1883 1332 1938 Θεοῦ
1380 1883 1814 1957 φιλανθρωπίαν,
1862 1882 1938 1946 ὠς

353 1977 415 2029 οὐ
449 1976 756 2045 φθάνουσαν
781 1976 869 2030 διὰ
900 1975 962 2028 τὸ
990 1975 1123 2045 ὕψος
1150 1976 1340 2047 μέχρις
1369 1976 1527 2047 ἡμῶν
1554 1994 1568 2007 ·
1613 1978 1747 2049 μήτε
1777 1977 1936 2031 ἄπει-

358 2083 450 2138 ρον
491 2066 653 2137 βάθος
684 2067 787 2132 τῆς
819 2067 976 2139 ἡμῶν
1007 2067 1095 2120 διὰ
1122 2066 1217 2138 τὴν
1252 2068 1530 2138 ἁμαρτίαν
1563 2066 1823 2131 πτώσεως
1854 2068 1940 2121 ὲν-

356 2157 710 2229 θυμηθέντες,
729 2159 1024 2213 ἀνάστασιν
1044 2158 1290 2228 γίνεσθαι
1326 2159 1426 2228 τῆς
1456 2161 1514 2212 ὲν
1550 2161 1683 2230 ἡμῖν
1735 2175 1939 2230 νεκρω⁸

358 2249 546 2319 θείσης
574 2249 779 2321 ἀρετῆς
815 2241 1224 2321 ἀπιστήσωμεν,
1265 2249 1577 2321 ’Δμφότερα
1606 2250 1712 2320 γὰρ
1740 2248 1940 2304 δυνατὰ

358 2338 434 2408 τῷ
464 2337 582 2411 Θεῷ
607 2355 623 2370 ·
659 2338 752 2391 καὶ
773 2338 832 2391 τὸ
850 2337 1129 2392 κατελθεῖν
1157 2339 1251 2391 καὶ
1272 2339 1501 2408 φωτίσαι
1526 2337 1616 2393 τὸν
1640 2338 1763 2393 νοῦν
1784 2339 1940 2410 ἡμῶν

356 2429 443 2483 διὰ
458 2428 711 2498 γνώσεως
734 2447 748 2461 ·
786 2429 880 2483 καὶ
901 2429 962 2484 τὸ
996 2426 1299 2501 ἀναστῆσαι
1328 2430 1491 2484 πάλιν
1524 2433 1622 2503 τὴν
1656 2430 1854 2504 ἀρετὴν
1883 2433 1940 2487 ἐν

358 2524 508 2592 ἡμῖν,
547 2522 643 2576 καὶ
693 2522 868 2593 ἑαυτῷ
913 2522 1223 2592 συνυψῶσαι
1258 2522 1346 2576 διὰ
1377 2523 1487 2577 τῶν
1515 2522 1692 2594 ἔργων
1723 2524 1823 2594 τῆς
1861 2524 1942 2578 δι-

360 2613 672 2686 καιοσύνης.
691 2617 749 2669 Μ
757 2613 790 2683 ἡ
820 2613 930 2684 γὰρ
952 2615 1150 2683 εἴπῃς,
1165 2615 1352 2685 φησὶν,
1376 2615 1445 2669 ἐν
1469 2614 1546 2684 τῇ
1564 2614 1781 2685 καρδίᾳ
1800 2630 1938 2672 σου·

365 2706 464 2772 Τίς
506 2706 876 2774 ἀναϐήσεται
919 2708 1007 2772 είς
1039 2706 1146 2760 τὸν
1169 2706 1471 2774 οὐρανόν;
1495 2706 1770 2762 τουτέστι
1804 2709 1941 2776 Χρι-

358 2798 513 2853 στὸν
557 2798 916 2869 καταγαγεῖν
943 2816 957 2830 ·
1002 2797 1063 2868 ἢ,
1098 2798 1193 2865 Τίς
1240 2799 1640 2867 καταϐήσεται
1686 2803 1773 2868 εις
1827 2799 1944 2870 τὴν

354 2890 636 2946 ἄϐυσσον
653 2908 672 2956 ;
700 2890 974 2945 τουτέστι
995 2890 1254 2958 Χριστὸν
1269 2890 1336 2945 ἐκ
1352 2891 1583 2960 νεκρῶν
1596 2891 1943 2963 ἀναγαγεῖν.

1183 232 1517 300 CAPITUM
1553 232 1825 293 THEOL.
1865 232 1960 293 ET
2000 230 2237 321 (ECON.
2278 229 2669 323 CENTURIA
2710 230 2789 291 ΙΙ.

414 336 511 389 λδν.
540 331 606 386 Ἦ
634 332 835 388 Γαϐαώ
858 332 1029 400 ἔστιν,
1060 334 1089 386 6
1117 335 1321 406 ὑψηλὸς
1353 337 1476 401 νοῦς
1499 353 1511 366 ·
1545 339 1579 406 ἡ
1613 337 1668 391 δὲ
1699 336 1920 408 φαραγξ
1949 376 1957 396 λ

2095 340 2184 394 54.
2226 340 2474 403 Gabaon,
2530 353 2687 392 mens
2737 333 2981 393 sublimis
3044 346 3127 391 est

3466 226 3603 293 1142

3176 355 3189 391 :
3237 338 3402 393 vanis
3449 352 3604 411 vero,

2026 435 2224 490 mortis
2275 448 2475 489 occasu
2521 431 2577 486 in
2623 429 2834 485 humile
2888 429 3148 499 depressa
3181 445 3333 485 caro.
3383 432 3461 488 Ac
3487 435 3584 503 qui

2028 523 2155 580 dein
2189 524 2292 588 sol,
2342 522 2586 580 Verbum
2639 530 2724 575 est
2773 528 3014 575 mentem
3064 520 3404 588 illuminans,
3468 525 3609 594 spiri

2030 618 2334 688 taliumque
2362 630 2653 671 sensorum
2683 613 2793 668 vim
2843 613 2922 668 illi
2965 613 3413 679 subministrans,
3446 626 3612 688 atque

2028 707 2190 779 593
2241 707 2310 761 ab
2341 705 2491 760 omni
2527 702 2835 774 ignorantia
2872 718 2994 758 eam
3030 702 3308 766 liberans;
3340 704 3471 759 luna
3510 721 3612 760 an-

2030 803 2161 858 tem,
2198 795 2285 848 lex
2320 792 2623 848 naturalis.
2652 792 2804 847 carni
2842 792 3083 847 suadens
3113 800 3174 846 ut
3222 792 3471 863 legitime
3498 796 3614 865 spi-
3671 849 3689 862 ,

2030 886 2166 941 ritui
2217 885 2567 956 subjiciatur,
2603 884 2670 939 ad
2705 884 3058 939 subeundum
3100 884 3486 939 mandatorum
3517 887 3611 956 ju—

2030 991 2179 1046 gum.
2224 975 2380 1029 Luna
2411 984 2626 1030 natura:
2671 974 2981 1046 symbolum
3014 983 3117 1041 est,
3150 974 3298 1043 quod
3330 976 3614 1032 mutabilis

2030 1073 2116 1119 est
2146 1080 2160 1118 :
2197 1063 2252 1118 in
2300 1063 2506 1118 sanctis
2531 1071 2735 1129 tamen,
2771 1062 2842 1118 ob
2867 1063 3091 1119 virtutis
3135 1063 3513 1120 invariabilem
3550 1080 3615 1122 ac

2032 1162 2380 1211 constantem
2422 1154 2696 1219 habitum,
2753 1154 3113 1210 immutabilis
3160 1166 3471 1226 permanet.

2102 1247 2191 1301 '55.
2236 1247 2358 1303 Non
2399 1255 2552 1303 extra
2596 1246 2747 1316 ipsos
2796 1256 3128 1316 quaerentes,
3168 1247 3500 1316 quaerendus
3530 1255 3616 1304 est

2032 1336 2340 1394 Dominus:
2378 1337 2473 1393 sed
2522 1337 2580 1392 in
2618 1336 2819 1407 seipsis
2870 1352 2969 1407 per
3009 1336 3285 1393 eﬂicacem
3320 1337 3484 1393 ﬁdem
3510 1338 3617 1409 ipsi

2034 1430 2130 1499 qui
2150 1435 2426 1499 quaerunt,
2465 1443 2693 1484 necesse
2714 1438 2799 1484 εει
2822 1436 2883 1483 ιιι
2907 1444 3034 1483 eum
3066 1437 3333 1497 quaerant.
3357 1427 3530 1499 Pmpe
3567 1436 3617 1482 te

2034 1520 2204 1583 enim,
2241 1519 2441 1589 inquit,
2469 1527 2545 1573 est
2585 1520 2797 1573 uerbum
2824 1521 2879 1573 in
2908 1535 2997 1572 ore
3028 1526 3137 1583 tuo,
3164 1519 3289 1572 etin
3319 1517 3473 1571 corde
3495 1524 3617 1581 tuo;

2037 1614 2131 1667 hoc
2158 1620 2233 1665 est
2263 1612 2475 1666 verbum
2504 1611 2630 1679 ﬁdei
2669 1612 2712 1644 ⁸⁷
2753 1630 2766 1665 :
2799 1627 2864 1667 ac
2906 1611 2952 1666 si
2984 1610 3240 1666 Christus
3269 1609 3448 1680 ipsum
3477 1609 3614 1666 Ver-

2037 1703 2170 1758 bum
2204 1703 2297 1767 sit,
2332 1702 2483 1771 quod
2515 1701 2805 1771 quaeritur.

2107 1794 2198 1850 36.
2230 1793 2310 1848 Ne
2339 1792 2540 1849 divinae
2572 1791 2859 1847 inﬁnitatis
2890 1791 3278 1846 celsitudinem
3312 1790 3492 1845 anima
3530 1804 3618 1844 re-

2037 1893 2314 1954 putantes,
2352 1883 2555 1940 divinae
2584 1882 2982 1939 misericordiae
3029 1898 3095 1937 ac
3126 1882 3455 1945 clementia»,
3490 1889 3616 1936 tan-

2039 1991 2205 2047 quam
2254 1974 2324 2030 ad
2374 1991 2477 2030 nos
2529 1990 2707 2045 usque
2756 1974 2827 2029 ob
2883 1982 3091 2029 tantam
3121 1973 3267 2029 illam
3308 1972 3620 2027 sublimita-

2038 2073 2149 2121 tem
2217 2079 2330 2120 non
2396 2065 2785 2136 pertingentis,
2838 2080 2991 2135 spem
3055 2064 3411 2135 abjiciamus;
3479 2078 3621 2119 neve

2038 2156 2313 2212 inﬁnitam
2368 2164 2573 2212 nostra:
2623 2172 2690 2212 ex
2721 2166 2946 2227 peccato
2990 2154 3167 2210 ruinae
3192 2154 3620 2226 profunditatem

2039 2251 2478 2313 considerantes,
2541 2250 2658 2305 fore
2708 2260 2769 2305 ut
2816 2251 3090 2306 exstincta
3145 2249 3200 2303 in
3248 2248 3410 2302 nobis
3446 2247 3624 2302 virtus

2041 2339 2384 2395 conviviscat
2432 2337 2764 2393 diuidamus.
2809 2339 3114 2407 Utrumque
3158 2336 3307 2390 enim
3343 2336 3455 2390 Deo
3493 2349 3622 2404 pos-

2042 2429 2202 2485 sibilc
2248 2437 2362 2496 est;
2399 2440 2516 2493 tum
2544 2444 2743 2499 nempe
2785 2437 2847 2482 ut
2879 2428 2995 2497 ipse
3024 2427 3092 2481 ad
3123 2442 3223 2481 nos
3265 2424 3624 2480 inclinatione

2041 2525 2251 2586 utatur;
2278 2530 2638 2591 nostramque
2674 2529 2914 2575 mentem
2934 2519 3175 2577 scientia
3203 2519 3471 2583 illustret;
3506 2525 3623 2572 tum

2042 2620 2105 2668 ut
2154 2612 2210 2667 in
2247 2613 2411 2668 nobis
2456 2612 2642 2668 denuo
2693 2602 2958 2667 virtutem
3010 2612 3341 2673 exsuscitet,
3394 2626 3460 2666 ac
3515 2626 3625 2665 una

2042 2720 2232 2761 secum
2296 2721 2398 2775 per
2428 2704 2657 2775 justitiae
2695 2719 2861 2775 opera
2908 2719 3009 2759 nos
3062 2702 3283 2757 exaltet.
3328 2702 3407 2757 Ne
3462 2704 3623 2766 enim,

2044 2796 2249 2867 inquit,
2297 2799 2493 2852 dixeris
2521 2800 2577 2853 in
2618 2797 2774 2853 corde
2810 2806 2899 2853 tuo
2931 2814 2947 2852 :
2987 2795 3115 2863 Quis
3143 2794 3389 2850 ascendet
3426 2796 3482 2849 in
3521 2811 3625 2850 ca:—

2046 2892 2155 2948 lum
2178 2893 2204 2946 ?
2230 2894 2324 2948 hoc
2353 2904 2429 2948 est
2454 2893 2720 2949 Christum
2750 2894 3005 2949 deducere
3037 2909 3054 2948 :
3081 2902 3174 2948 aut
3208 2894 3322 2962 quis
3354 2890 3627 2947 descendet

361 2980 532 3050 Τυχὸν
556 2980 612 3033 δὲ
642 2981 762 3034 κατ’
795 2980 962 3051 ἀλλην
992 2980 1239 3052 ἐκδοχὴν,
1282 2981 1519 3046 ἀϐυσσός
1564 2983 1701 3048 ἐστι,
1756 2982 1939 3038 πάντα

2043 2986 2101 3039 in
2135 2986 2427 3057 abyssum?
2457 2988 2551 3041 hoc
2579 2994 2676 3053 est,
2699 2985 2967 3045 Christum
2989 3004 3023 3040 a
3048 2987 3265 3040 mortuis
3293 2998 3536 3039 revocare
3558 2981 3625 3034 ’⁸.

360 3072 429 3126 τά
454 3072 589 3142 μετὰ
611 3072 744 3127 Θεόν
772 3089 786 3104 ·
821 3075 879 3127 ἐν
914 3069 996 3136 οἷς
1036 3073 1157 3137 ὅλος
1201 3073 1345 3138 ὅλοις
1399 3073 1544 3128 κατά
1604 3073 1864 3144 πρόνοιαν
1909 3077 1940 3130 6

360 3162 454 3217 τοῦ
481 3162 616 3217 Θεοῦ
646 3164 858 3232 γίνεται
885 3164 1079 3233 Λόγος,
1116 3164 1191 3228 ὡς
1219 3164 1333 3237 ζωὴ
1362 3166 1576 3237 νεκροῖς
1604 3165 1941 3235 ὲπιςροιτῶσα

361 3257 475 3320 τοῖς
523 3253 662 3310 οὖσι.
724 3256 915 3325 Νεκρὰ
970 3256 1079 3326 γὰρ
1129 3257 1308 3312 πάντα
1357 3256 1428 3311 τὰ
1488 3257 1669 3323 ζῶντα
1725 3258 1942 3329 μεθέξει

364 3349 530 3419 ζωῆς.
579 3349 820 3421 Οὐρανὸν
873 3349 953 3416 δὲ,
1009 3349 1106 3420 τὴν
1141 3350 1377 3422 φυσικὴν
1405 3350 1498 3404 τοῦ
1537 3350 1673 3405 Θεοῦ
1715 3351 1941 3423 κρυφιό-

363 3437 663 3508 τητα,καθ¹
691 3439 757 3508 ἢν
787 3438 952 3492 πᾶσίν
993 3439 1140 3493 ἐστιν
1178 3440 1580 3511 ἀκατάληπτος.
1632 3443 1695 3495 El
1751 3442 1808 3495 δέ
1856 3459 1942 3505 τις

364 3527 585 3582 ὲκλάϐοι
614 3530 1041 3601 πάλιν,οῦρανὸν
1074 3532 1171 3600 μὲν
1200 3527 1339 3584 εἶναι
1378 3532 1468 3585 τὸν
1518 3532 1619 3602 τῆς
1665 3533 1943 3603 θεολογίας

365 3618 522 3688 λόγον
551 3635 567 3652 ο
615 3620 852 3674 ἄϐυσσον
893 3621 973 3685 δὲ,
1018 3621 1078 3675 τὸ
1122 3622 1223 3692 τῆς
1258 3623 1569 3693 οἰκονομίας
1623 3626 1921 3696 μυστήριον

365 3712 463 3765 οὐκ
499 3711 802 3775 ἀπεικότως
838 3714 953 3784 ἐρεῖ
979 3714 1122 3767 κατά
1142 3714 1234 3768 τὸν
1260 3713 1390 3785 ὲμὸν
1413 3715 1589 3784 λόγον.
1635 3716 1947 3787 ’Δμφότερα

365 3803 471 3874 γὰρ
524 3803 860 3858 δυσεπίϐατα
913 3807 1028 3868 τοῖς
1078 3805 1472 3870 ἀποδεικτικῶς
1508 3806 1691 3876 ζητεῖν
1739 3809 1949 3877 ἐπιχειο

369 3894 562 3964 ροῦσι’
601 3893 803 3965 μᾶλλον
849 3895 906 3948 δὲ
952 3895 1233 3959 παντελῶς
1281 3895 1479 3959 ἄϐατα,
1535 3896 1659 3966 δίχα
1710 3897 1946 3960 πίστεως

367 3986 391 4037 ἒ
399 3984 730 4058 ρευνὼμενα.

2039 3076 2247 3133 Forsan
2297 3094 2432 3133 vero
2485 3078 2595 3134 alio
2622 3093 2811 3143 sensu,
2861 3078 3092 3150 abyssus
3128 3087 3234 3142 est,
3282 3092 3628 3147 quacunque

2041 3183 2072 3224 a
2124 3169 2239 3225 Deo
2299 3169 2545 3225 secunda
2587 3177 2738 3234 sunt,
2799 3170 2855 3224 in
2903 3169 3111 3239 quibus
3170 3168 3266 3224 Dei
3314 3183 3497 3225 sermo
3542 3183 3633 3223 sc-

2041 3261 2287 3316 cundum
2320 3261 2726 3331 providentiam
2756 3269 2903 3317 totus
2934 3261 3065 3317 totis
3087 3261 3332 3322 immeat,
3368 3266 3629 3328 tanquam

2043 3353 2259 3409 scilicet
2290 3353 2402 3408 vita
2440 3354 2678 3409 mortuis
2710 3353 2878 3409 rebus
2927 3351 3250 3408 adveniens.
3296 3350 3437 3406 Sunt
3478 3349 3628 3404 enim

2032 3452 2263 3500 'mortua
2309 3444 2514 3507 omnia,
2573 3459 2695 3513 qure
2740 3459 2804 3499 ea
2858 3444 3075 3498 ratione
3114 3442 3324 3505 vivant,
3363 3439 3513 3510 quod
3551 3439 3637 3493 vi-

2045 3540 2156 3587 tam
2205 3534 2560 3603 participent.
2613 3533 2826 3588 Caelum
2859 3548 3026 3602 porro
3069 3548 3194 3587 cum
3247 3531 3429 3591 audis,
3485 3530 3630 3599 quod

2047 3622 2105 3678 in
2164 3623 2260 3677 Dei
2314 3633 2510 3678 natura
2563 3622 2843 3678 occultum
2908 3622 3174 3691 intellige,
3224 3637 3336 3691 quo
3388 3637 3458 3676 ex
3503 3620 3630 3675 uni-

2045 3715 2223 3771 versis
2253 3714 2748 3784 incomprehensus
2782 3722 2886 3768 est.
2929 3713 3025 3769 Sin
3060 3715 3187 3784 quis
3217 3722 3400 3768 autem
3439 3728 3635 3767 rursus

2046 3806 2215 3862 etiam
2261 3804 2339 3860 ita
2381 3814 2642 3876 exponat,
2697 3814 2758 3861 ut
2810 3805 3034 3871 coelum,
3074 3821 3196 3876 qum
3243 3804 3312 3859 de
3366 3804 3478 3857 Deo
3522 3810 3630 3866 εει,

2053 3896 2360 3951 doctrinam
2406 3896 2703 3967 intelligat;
2773 3897 3028 3968 abyssum
3080 3904 3288 3960 autem,
3341 3894 3631 3964 dispensa-

2055 3988 2221 4044 tionis
2261 3988 2581 4060 mysterium
2616 3988 2791 4051 dicat;
2823 3988 2890 4052 is,
2924 3988 3069 4043 baud
3097 3987 3360 4049 absurde,
3398 3992 3460 4040 ut
3495 3984 3633 4042 mibi

368 4096 500 4139 sane
549 4081 792 4146 videtur,
848 4081 1108 4151 loquatur
1166 4091 1263 4138 aut
1311 4084 1535 4139 sentiat.
1598 4084 1741 4140 Sunt
1791 4083 1940 4139 enim
2018 4083 2183 4139 ambo
2239 4085 2358 4139 haec
2410 4097 2636 4140 accessu
2687 4081 2948 4146 diﬂicilia,
3021 4082 3067 4137 si
3116 4081 3240 4151 quis
3289 4080 3633 4136 demonstra-

371 4173 581 4231 tionum
625 4175 680 4231 vi
726 4191 974 4246 quaarcre
1022 4178 1371 4245 connitatur;
1428 4179 1565 4249 quin
1624 4188 1682 4236 et
1719 4180 1945 4236 omnino
1981 4181 2283 4246 inaccessa,
2336 4179 2448 4236 nisi
2501 4178 2770 4235 scrutanti
2806 4176 2940 4233 fides
2967 4192 3152 4233 comes
3176 4192 3282 4231 una
3311 4175 3561 4232 accedat.

436 4266 535 4332 λζ’.
580 4269 667 4321 Ἐν
691 4269 788 4340 μὲν
819 4270 1128 4341 πρακτικῷ,
1162 4273 1275 4337 τοῖς
1301 4271 1413 4326 τῶν
1458 4272 1670 4344 ἀρετῶν
1722 4273 1949 4344 τρόποις

370 4358 743 4429 παχυνόμενος
770 4360 799 4412 6
830 4360 1011 4427 λόγος,
1041 4359 1251 4427 γίνεται
1279 4359 1420 4433 σάρξ
1445 4376 1460 4392 ⁸
1496 4362 1555 4414 ὲν
1590 4360 1648 4414 δὲ
1699 4359 1778 4431 τῷ
1826 4360 1954 4414 θεω-

371 4449 575 4521 ρητικῷ
593 4490 608 4513 ,
660 4453 771 4514 τοῖς
828 4453 1218 4521 πνευματικοῖς
1256 4452 1490 4522 νοήμασι
1528 4450 1919 4522 λεπτυνόμενος
1938 4491 1953 4517 ,

367 4541 575 4607 γίνεται
598 4542 786 4613 ὥσπερ
806 4538 872 4614 ἦν
894 4544 952 4595 ἐν
979 4543 1142 4615 ἀρχῇ,
1169 4542 1301 4607 Θεὸς
1334 4544 1526 4615 Λόγος.

443 4718 547 4790 λη’.
578 4719 732 4775 Ποιεῖ
768 4718 947 4789 σάρκα
976 4717 1067 4771 τὸν
1109 4716 1287 4787 λόγον,
1333 4719 1362 4771 6
1405 4718 1813 4790 παραδείγμασι
1853 4720 1949 4776 καὶ

373 4813 579 4884 ῥήμασι
606 4811 934 4882 παχυτέροις
969 4809 1056 4864 διὰ
1082 4809 1180 4881 τὴν
1209 4809 1468 4879 ἀνάλογον
1504 4810 1613 4865 τῶν
1641 4811 1947 4866 ἀκουόντων

372 4903 625 4976 δύναμιν,
675 4902 872 4974 ἠθικὴν
920 4903 1015 4957 τοῦ
1062 4902 1222 4971 λόγου
1267 4901 1366 4973 τὴν
1394 4902 1741 4957 διδασκαλίαν
1769 4903 1946 4957 ποιού-

373 5012 532 5068 μενος
555 5013 571 5029 ·
606 4997 713 5053 καὶ.
744 4995 907 5051 πάλιν
946 4997 1090 5050 ποιεῖ
1108 4994 1326 5067 πνεῦμα
1375 4995 1466 5049 τὸν
1515 4995 1694 5065 λόγον,
1740 4998 1768 5050 6
1830 4999 1942 5063 τοῖς

373 5087 598 5159 ὑψηλοῖς
675 5088 994 5161 θεωρήμασι
1081 5088 1178 5160 τὴν
1253 5087 1523 5159 μυστικὴν
1596 5088 1946 5162 ἐκτιθέμενος

374 5180 678 5251 θεολογίαν.
1926 5242 1927 5245 η

445 5271 544 5326 λθ’.
587 5274 647 5326 Ὀ
686 5272 787 5344 μὲν
825 5273 890 5325 ἐκ
920 5269 1029 5324 τῶν
1071 5270 1273 5323 θέσεων
1330 5271 1717 5340 καταφατικῶς
1773 5271 1952 5327 θεολο-

374 5364 511 5434 γῶν,
559 5366 736 5435 σάρκα
783 5367 928 5417 ποιεῖ
964 5362 1056 5416 τὸν
1089 5362 1249 5429 λόγον
1274 5378 1287 5391 ⁸
1330 5363 1429 5415 οὐκ
1469 5362 1607 5432 ἔχων
1638 5363 1878 5428 ἄλλοθεν,
1916 5362 1949 5433 ἢ

2126 4275 2216 4329 57.
2256 4273 2318 4328 In
2355 4288 2424 4329 eo
2475 4272 2701 4343 quidem
2747 4271 2838 4341 qui
2872 4270 3081 4326 actioni
3123 4269 3328 4336 studet,
3362 4268 3634 4325 virtutum

2059 4364 2240 4420 modis
2275 4374 2554 4421 crassatus
2600 4378 2805 4426 sermo,
2857 4378 2987 4418 caro
3021 4360 3286 4428 edicitur;
3336 4362 3394 4416 in
3443 4376 3512 4416 eo
3537 4376 3635 4416 au-

2065 4463 2174 4511 tem
2217 4455 2312 4525 qui
2365 4453 2815 4524 contemplationi
2852 4452 3097 4508 animum
3139 4451 3363 4515 addicit,
3413 4451 3638 4521 spirita-

2056 4544 2206 4600 libus
2247 4543 2428 4601 sensis
2488 4558 2553 4599 ac
2594 4542 2958 4613 conccptibus
3017 4549 3295 4605 tenuatus,
3346 4539 3401 4593 id
3448 4539 3636 4594 evadit

2052 4641 2201 4713 quod
2241 4642 2301 4697 in
2343 4639 2618 4711 principio
2661 4646 2803 4704 erat,
2849 4638 2997 4693 Deus
3035 4636 3301 4693 Verbum.

2118 4733 2210 4789 58.
2251 4732 2576 4788 Sermonem
2607 4746 2829 4787 carnem
2860 4729 3010 4795 facit,
3043 4727 3134 4797 qui
3177 4723 3340 4797 494
3366 4722 3634 4793 exemplis

2047 4810 2344 4895 verbisqde
2375 4822 2741 4880 crassioribus
2776 4819 3089 4875 auditorum
3134 4832 3195 4871 se
3221 4813 3469 4870 facultati
3496 4826 3632 4871 con-

2048 4916 2341 4972 venienter
2370 4922 2763 4982 attemperans,
2814 4908 3089 4993 moralem,
3114 4904 3386 4961 sermonis
3426 4904 3635 4959 doctri-

2049 5021 2175 5064 nam
2198 5003 2461 5061 instituit.
2485 5004 2808 5071 Rursusque
2824 5012 3138 5054 sermoncm
3156 4995 3409 5065 spiritum
3428 4993 3630 5058 reddit,

2050 5094 2147 5165 qui
2188 5091 2520 5149 sublimibus
2554 5088 2912 5145 theorematis
2973 5103 3038 5142 ac
3086 5086 3286 5148 sensis,
3322 5082 3633 5143 abstrusio-
3684 5087 3702 5097 ‘

2049 5197 2189 5245 rem,
2226 5196 2349 5250 quze
2383 5178 2450 5233 de
2493 5178 2606 5232 Deo
2635 5184 2740 5240 est,
2789 5174 3096 5230 doctrinam
3125 5172 3373 5243 exponit.

2117 5274 2205 5328 59.
2245 5271 2347 5338 Qui
2373 5286 2440 5325 ex
2466 5266 2837 5338 positionibus
2858 5263 3123 5320 affirmate
3150 5263 3217 5317 de
3248 5262 3356 5318 Deo
3386 5258 3632 5324 disserit,

2049 5375 2359 5417 sermonem
2394 5371 2616 5415 carnem
2653 5355 2817 5420 facit;
2849 5355 2946 5426 qui
2977 5367 3175 5423 nempe
3223 5351 3443 5408 nonnisi
3471 5367 3536 5407 ex
3566 5350 3633 5407 iis

373 5454 439 5507 ἐκ
476 5451 586 5506 τῶν
615 5450 906 5523 ὁρωμένων
936 5451 1032 5507 καὶ
1067 5451 1481 5524 ψηλαφωμῧιων
1513 5452 1604 5507 τὸν
1634 5452 1765 5508 Θεὸν
1791 5451 1953 5524 γινώ-

2051 5468 2171 5523 qua:
2207 5451 2380 5507 oculis
2433 5449 2679 5521 subjecta
2712 5456 2860 5507 sunt.
2893 5463 2957 5501 ac
2987 5460 3151 5501 manu
3183 5451 3629 5506 contrectantnr,

446 5635 690 5709 "item.
738 5650 789 5701 ι,
832 5635 883 5689 8.
962 5637 982 5668 ν
1037 5636 1171 5693 ibid.
1210 5636 1263 5705 6,
1296 5638 1349 5695 7.
1442 5712 1445 5715 γ
