4094 6204
468 256 603 319 1143

1643 261 1702 318 S.
1749 259 1804 318 Μ
1816 260 2034 318 ΑΧΙΜΙ
2079 259 2588 325 CONFE‘SSORIS

3613 265 3747 323 1‘44

468 369 640 426 Deum
679 377 737 422 ut
788 377 1074 424 auctorem
1123 384 1459 439 cognoscere
1493 371 1687 439 possit.
1717 337 1825 436 Qui
1861 381 2046 425 autem

2158 388 2307 427 σκειν
2338 375 2415 439 ὡς
2436 375 2611 430 αἴτιον
2637 393 2649 404 ·
2699 377 2730 428 ό
2759 376 2814 429 δὲ
2856 373 3209 442 «irroga-tm};
3239 374 3304 425 ἐκ
3354 371 3464 424 τῶν
3514 371 3746 443 ἀφαιρέ-

465 462 779 529 inﬁcianter
817 477 883 515 ex
923 460 1315 530 negationibus
1363 459 1432 516 de
1475 461 1588 516 Deo
1624 461 1890 530 loquitur,
1942 475 2059 515 ser-

465 569 684 608 monem
741 553 997 622 spiritum
1050 552 1202 618 facit,
1256 553 1408 608 velut
1441 553 1496 607 in
1549 552 1822 622 principio
1856 553 2056 618 Deum,

427 681 430 685 ν
464 660 530 698 ac
565 643 711 714 apud
762 644 974 708 Deum;
1016 645 1111 713 qui
1148 643 1254 698 rite
1295 659 1362 698 ex
1397 643 1548 698 nullo
1581 658 1811 713 prorsus
1838 657 2054 706 eorum,

463 751 587 804 qua:
613 735 875 805 cognosci
920 745 1173 804 possunt,
1205 737 1388 806 ipsum
1416 750 1583 805 supra
1614 750 1780 804 quam
1806 734 2056 806 ignotum

463 826 638 896 probe
679 835 1000 898 cognoscat.

535 919 623 975 40.
660 919 766 986 Qui
816 920 1259 990 patriarcharum
1312 935 1468 975 more
1507 918 1744 974 actionis
1796 918 1947 973 cultu
1994 932 2061 972 ac

465 1012 968 1081 contemplationis,
1035 1013 1091 1066 in
1158 1012 1281 1082 ipso
1336 1012 1670 1068 exsistentes
1720 1010 1944 1065 virtutis
1992 1023 2059 1064 ac

464 1103 710 1158 scientia:
739 1112 938 1174 puteos
984 1105 1142 1159 novit
1188 1103 1401 1171 fodere,
1433 1104 1582 1158 intus
1617 1102 1899 1158 Christum
1939 1101 2062 1156 fon-

465 1204 576 1251 tem
620 1196 745 1250 vitae
783 1196 1052 1260 offendet,
1108 1213 1176 1251 ex
1219 1212 1331 1266 quo
1363 1196 1644 1266 Sapientia
1693 1195 1854 1266 jubet
1885 1204 1944 1248 ut
1975 1195 2060 1248 bi-

463 1286 681 1349 bamus,
716 1287 948 1342 dicens:
973 1287 1104 1342 Bibe
1135 1305 1302 1359 aquas
1337 1289 1401 1342 de
1437 1290 1577 1342 vasis
1610 1289 1732 1352 tuis,
1765 1297 1812 1340 et
1844 1287 1907 1340 de
1925 1303 2059 1340 vena

463 1389 743 1449 puteorum
801 1389 1017 1434 tuorum
1052 1381 1129 1448 ”;
1164 1381 1337 1450 ’quod
1385 1380 1518 1435 dum
1571 1380 1891 1443 fecerimus,
1939 1379 2061 1448 ejus

464 1472 608 1527 intra
647 1489 750 1528 nos
786 1473 1118 1528 exsistentes
1168 1474 1458 1529 thesauros
1523 1473 1890 1528 inveniemus.

532 1651 625 1706 41.
666 1649 771 1716 Qui
798 1650 1087 1705 brutarum
1113 1649 1481 1704 animantium
1512 1663 1686 1713 more,
1722 1646 2060 1702 demerendo

465 1741 816 1795 solummodo
867 1740 1058 1795 sensui
1108 1740 1275 1794 vitam
1333 1740 1650 1804 instituunt,
1701 1738 1896 1809 grandi
1953 1737 2057 1792 sibi

465 1833 716 1902 periculo
757 1847 1073 1886 sermonem
1125 1846 1350 1886 carnem
1414 1832 1658 1897 faciunt;
1709 1831 1804 1901 qui
1858 1846 2058 1900 nempe

469 1934 529 1978 ut
563 1925 859 1979 affectibus
904 1939 968 1978 ac
1005 1923 1226 1978 libidini
1281 1938 1493 1978 morem
1543 1931 1736 1994 gerant
1787 1922 1989 1978 creatis
2028 1937 2059 1976 a

466 2018 581 2071 Deo
627 2017 966 2082 abutantur;
1023 2032 1128 2071 nec
1182 2017 1486 2085 sapientia),
1523 2031 1647 2086 quae
1698 2017 1756 2071 in
1800 2015 2059 2070 omnibus

470 2107 678 2172 elucet,
723 2108 994 2162 rationem
1057 2107 1434 2173 considerent,
1493 2116 1554 2162 ut
1585 2107 1759 2164 Deum
1819 2123 1888 2162 ex
1939 2107 2060 2178 ejus

464 2201 736 2270 operibus
788 2210 1130 2271 cognoscant
1159 2216 1224 2256 ac
1256 2201 1589 2266 clarifieent;
1619 2199 2054 2270 intelligantque,

464 2299 633 2355 unde,
667 2304 731 2344 ac
778 2290 936 2360 quid,
993 2291 1047 2344 in
1096 2305 1330 2360 quemve
1374 2288 1564 2353 linem,
1615 2305 1678 2343 ac
1723 2303 1834 2358 quo
1883 2286 2058 2341 utfe-

464 2396 676 2446 ramur,
712 2396 813 2451 per
851 2396 916 2436 ea
950 2397 1074 2451 qua:
1109 2381 1290 2436 oculis
1327 2383 1625 2450 conspicua
1665 2390 1814 2444 sunt,
1845 2377 2056 2434 conditi

462 2467 674 2534 simus;
706 2468 804 2524 sed
843 2469 901 2522 in
938 2469 1186 2524 tenebris
1238 2477 1418 2524 totum
1447 2468 1594 2538 quod
1626 2470 1840 2540 agimus
1885 2482 2060 2522 saecu-

461 2561 578 2616 lum
611 2561 981 2628 ambulantes,
1027 2561 1199 2617 solam
1243 2561 1342 2616 Dei
1387 2560 1754 2630 ignorantiam
1783 2560 2054 2615 ambabus

462 2654 722 2709 manibus
770 2655 1014 2725 palpent.

531 2748 621 2802 42.
649 2747 754 2813 Qui
775 2749 908 2804 solis
943 2762 1114 2803 sacra:
1139 2747 1440 2818 Scriptura:
1471 2747 1659 2802 verbis
1687 2747 1930 2802 animum
1961 2747 2058 2801 ad-

462 2838 743 2917 hibentes,
775 2839 1050 2908 corporali
1097 2837 1234 2908 legis
1281 2838 1432 2893 cultu
1461 2839 1629 2893 animi
1662 2837 2056 2909 ingenuitatem

463 2929 732 3000 obligant,
767 2929 1136 3001 vituperando
1164 2946 1304 2985 ausu
1335 2945 1652 2984 sermonem
1693 2930 1801 2984 sibi
1831 2920 2054 2985 carnem

2163 483 2300 519 σεων
2338 467 2878 536 θεολογῶνππνεῦμα
2905 469 3054 518 ποιεῖ
3073 465 3168 518 τδν
3189 464 3367 532 λόγον,
3399 463 3474 526 ὼς
3507 466 3562 516 ἐν
3596 465 3740 536 ἀρχῇ

2159 559 2295 611 Θεὸν
2319 559 2469 623 ὂντα,
2502 560 2598 613 καὶ
2627 560 2767 630 πρὸς
2789 559 2921 611 Θεὸν
2943 558 3096 622 ὄντα,
3133 556 3193 621 ἐξ
3226 556 3446 618 οὐδενὸς
3473 556 3538 608 τὸ
3568 557 3746 626 παρά-

2160 668 2268 704 παν
2302 651 2411 705 τῶν
2437 651 2749 722 γνωσθῆναι
2774 648 3114 720 δυναμένων,
3145 647 3329 710 καλῶς
3348 645 3634 715 γινώσκων
3652 646 3748 700 τὸν

2161 743 2604 814 ὑπεράγνωστον.

2233 929 2308 994 μ’.
2345 923 2404 976 Ὀ
2435 920 2619 993 μαθὼν
2649 920 2938 993 όρρύσσειν
2966 919 3112 975 κατὰ
3130 920 3255 983 τοὺς
3281 919 3628 989 πατριάρχας
3654 919 3745 973 διὰ

2160 1016 2415 1087 πράξεως
2443 1016 2540 1068 καὶ
2568 1014 2800 1085 θεωρίας
2835 1013 2904 1066 τά
2955 1015 3013 1066 ὲν
3056 1011 3207 1084 αὑτῷ
3253 1015 3356 1082 τῆς
3405 1011 3609 1083 ἀρετῆς
3648 1011 3746 1064 καὶ

2158 1107 2261 1176 τῆς
2288 1105 2544 1174 γνώσεως
2569 1106 2803 1177 φρέατα,
2838 1103 2932 1156 τὸν
2957 1102 3195 1174 Χριστὸν
3219 1101 3368 1155 ἔνδον
3390 1101 3615 1172 εὑρήσει
3644 1099 3746 1171 τὴν

2160 1198 2340 1270 πηγὴν
2367 1199 2467 1269 τῆς
2505 1198 2653 1268 ζωῆς
2685 1213 2701 1229 ο
2737 1196 2830 1266 ἀφ’
2859 1189 2928 1268 ἦς
2957 1195 3136 1248 πίνειν
3166 1195 3313 1265 ἡμᾶς
3340 1196 3374 1263 ἠ
3430 1193 3590 1260 σοφία
3636 1209 3743 1244 πα-

2164 1289 2539 1360 ρακελεύεται,
2589 1289 2828 1358 λέγουσα
2853 1301 2869 1317 ⁸
2909 1288 3058 1341 [lira
3090 1286 3281 1341 ὕδατα
3315 1285 3436 1340 ἀπὸ
3469 1284 3597 1338 σῶν
3635 1285 3742 1352 ἀγ·-

2161 1385 2356 1452 γείων,
2387 1383 2486 1436 καὶ
2509 1381 2628 1436 ἀπὸ
2659 1380 2789 1435 σῶν
2808 1380 3080 1448 φρεάτων
3101 1377 3323 1446 πηγῆςο
3358 1378 3496 1446 ὅπερ
3526 1376 3743 1429 ποιοῦν-

2163 1493 2271 1540 τες,
2295 1475 2608 1546 εὑρήσομεν
2632 1472 2779 1526 ἔνδον
2802 1471 2962 1543 ἡμῶν
3004 1469 3167 1533 ὄντας
3186 1470 3314 1532 τοὺς
3332 1469 3500 1538 αὐτῆς
3533 1467 3743 1538 Θησαυο

2163 1568 2310 1639 ρούς.

2090 1712 2132 1767 Β
2237 1665 2347 1731 μα’.
2385 1659 2448 1712 Ol
2478 1656 2769 1728 κτηνωδῶς
2808 1655 2946 1726 πρὸς
2990 1654 3159 1726 μόνην
3189 1653 3289 1722 τὴν
3323 1651 3576 1721 αἴσθησιν
3601 1649 3741 1714 ζῶν-

2159 1771 2272 1818 τες,
2309 1751 2629 1820 ἐπισφαλῶς
2674 1751 2890 1812 ἑαυτοῖς
2921 1748 3103 1818 σάρκα
3152 1743 3363 1798 ποιοῦσι
3415 1743 3506 1796 τὸν
3559 1742 3739 1809 λόγον⁴

2160 1847 2241 1909 είς
2268 1844 2575 1914 ὑπηρεσίαν
2607 1843 2704 1914 μὲν
2744 1841 2956 1904 παθῶν,
2997 1840 3110 1901 τοῖς
3150 1836 3246 1889 τοῦ
3279 1833 3413 1888 Θεοῦ
3452 1832 3741 1902 καταχρώ-

2163 1955 2312 2010 μενοι
2337 1937 2596 2007 κτίσμασι
2618 1951 2633 1966 ”
2669 1934 2761 1987 τὸν
2791 1933 2847 1986 δὲ
2880 1932 2980 2002 τῆς
3009 1929 3200 2000 σοφίας
3217 1928 3317 1998 τῆς
3337 1928 3503 1980 πᾶσιν
3531 1926 3741 1996 ἐμφαι-

2159 2027 2490 2099 νομένης,οὐ
2509 2023 2896 2086 κατανοοῦντες
2925 2022 3106 2088 λόγον,
3165 2018 3305 2089 πρὸς
3327 2017 3390 2069 τὸ
3414 2016 3619 2085 γνῶναι
3644 2015 3742 2068 καὶ

2157 2121 2380 2187 δοξάσαι
2407 2119 2496 2173 τὸν
2519 2117 2653 2170 Θεὸν
2681 2119 2744 2170 ὲκ
2770 2114 2878 2167 τῶν
2902 2110 3069 2167 αὑτοῦ
3096 2111 3416 2181 ποιημάτων
3443 2126 3456 2139 ο
3485 2109 3582 2161 καὶ
3615 2124 3743 2159 συν-

2163 2213 2299 2267 ιέναι
2350 2211 2537 2274 πόθεν,
2569 2210 2666 2263 καὶ
2693 2207 2768 2271 τί,
2805 2207 2900 2260 καὶ
2927 2206 3021 2258 ἐπὶ
3039 2204 3168 2267 τίνι,
3203 2203 3297 2255 καὶ
3331 2199 3435 2253 ποῦ
3475 2199 3740 2269 φέρεσθαι

2158 2305 2248 2358 διὰ
2277 2305 2385 2356 τῶν
2414 2302 2710 2373 ὁρωμένων
2731 2299 3037 2368 γεγόναμεν
3067 2312 3082 2326 ·
3132 2293 3249 2348 ἀλλ’
3299 2294 3358 2345 ἐν
3413 2290 3592 2344 σκότει
3647 2289 3741 2342 τὸν

2159 2397 2332 2451 αἰῶνα
2363 2394 2554 2447 τοῦτον
2579 2389 3048 2462 διαπορευόμενοι,
3085 2386 3254 2458 μόνην
3284 2384 3387 2456 τὴν
3437 2383 3567 2454 περὶ
3607 2382 3740 2436 Θεὸν

2159 2490 2363 2559 ἀμφοῖν
2390 2486 2510 2540 ταῖν
2535 2485 2716 2554 χεροῖν
2748 2479 3075 2553 ψηλαφῶσιν
3103 2475 3399 2547 ἀγνωσίαν.

2235 2753 2619 2829 utr-01M“?
2656 2749 2736 2821 τῷ
2766 2746 2916 2822 ρητῷ
2939 2747 3040 2814 τῆς
3086 2743 3246 2814 ἁγίας
3273 2740 3504 2814 Γραφῆς
3555 2755 3737 2810 παρα·

2159 2851 2484 2921 καθήμενοι,
2505 2845 2596 2900 κοιλ⁸
2616 2845 2682 2914 τῇ
2717 2841 3004 2910 σωματικῇ
3026 2838 3121 2891 τοῦ
3161 2839 3329 2906 νόμου
3371 2831 3597 2903 λατρεία
3645 2830 3740 2883 δε-

2161 2942 2424 3012 σμοῦντες
2449 2938 2554 3008 τῆς
2575 2933 2753 3006 ψυχῆς
2774 2931 2836 2984 τὺ
2861 2930 3100 3000 ἀξίωμα,
3127 2925 3342 2997 eam;
3357 2924 3597 2978 ποιοῦσιν
3615 2923 3740 2974 ἑαυ-

460 3021 712 3088 t'aciunt;
754 3023 834 3076 sic
885 3023 1170 3087 nimirum,
1228 3032 1291 3077 ut
1338 3023 1628 3078 brutarum
1685 3022 2048 3086 animantium

2158 3037 2266 3095 τοῖς
2298 3032 2478 3102 σάρκα
2505 3028 2596 3082 τὸν
2626 3026 2782 3094 λόγον
2816 3039 2828 3053 ·
2864 3021 3076 3090 ἀλόγων
3107 3020 3260 3086 ζώων
3293 3017 3505 3079 θυσίαις
3545 3015 3740 3106 εὐαρε-

461 3113 704 3169 victimis
749 3114 926 3169 Deum
978 3115 1245 3170 delectari
1278 3116 1630 3179 existiment;
1658 3114 1913 3168 homines
1941 3112 2053 3168 sci-

463 3205 619 3270 licet,
668 3204 764 3275 qui
807 3205 1032 3274 corpori
1089 3206 1340 3261 exterius
1388 3205 1678 3262 lustrando
1723 3219 1832 3258 non
1877 3204 2053 3258 levem

465 3313 660 3352 curam
711 3297 1038 3363 adhibeant,
1069 3299 1240 3353 animi
1273 3315 1408 3354 vero
1441 3297 1938 3368 pulchritudinem,
1971 3297 2054 3350 vi-

466 3391 673 3445 tiorum
707 3390 940 3445 maculis
980 3391 1318 3460 compuneti,
1359 3390 1672 3462 negligant;
1703 3390 1862 3460 cujus
1888 3403 2054 3444 causa

465 3481 648 3536 omnis
702 3496 892 3536 rerum
934 3481 1111 3536 oculis
1140 3482 1516 3552 subiectarum
1561 3482 1740 3536 virtus
1789 3479 2056 3551 producta

464 3579 572 3636 est,
621 3571 914 3641 omnisque
966 3571 1188 3626 divinus
1239 3586 1422 3627 sermo
1453 3586 1518 3625 ac
1570 3571 1658 3625 lex
1693 3571 1863 3625 edita.

535 3665 624 3721 45.
667 3665 728 3720 ln
765 3666 980 3719 ruinam
1027 3673 1082 3721 et
1123 3665 1590 3720 resurrectionem
1643 3665 1942 3719 multorum
2001 3663 2056 3716 in

463 3759 670 3818 Israelc
714 3759 956 3829 positum
1001 3774 1124 3814 esse
1177 3759 1492 3820 Dominum,
1549 3765 1785 3812 testatur
1837 3771 2056 3811 sacrum

465 3853 824 3925 Evangelium
870 3855 908 3906 ι.
975 3852 1138 3925 495
1205 3852 1406 3907 Animo
1457 3852 1625 3923 igitur
1677 3851 2053 3913 attendamus,

465 3965 600 4003 num
639 3948 694 4002 in
745 3962 940 4002 eorum
988 3945 1212 4016 quidem
1265 3947 1505 4010 ruinam,
1552 3945 1647 4014 qui
1696 3944 1808 4000 sola
1861 3959 2060 3998 sensus

465 4040 644 4114 gratia
703 4048 957 4094 naturam
1004 4039 1180 4094 oculis
1221 4039 1527 4111 subiectam
1576 4044 1934 4098 contuentur,
1964 4051 2059 4091 eo-

465 4149 705 4204 rumque
738 4133 832 4202 qui
864 4132 999 4189 solis
1024 4131 1331 4202 Scriptura:
1354 4131 1544 4186 verbis
1573 4130 1822 4192 haerent;
1853 4128 2056 4198 quippe

464 4227 560 4298 qui
604 4241 705 4296 per
747 4223 1044 4278 amentiam
1072 4237 1137 4276 ac
1181 4221 1567 4286 stoliditatem,
1599 4219 1668 4273 ad
1693 4234 1898 4273 novum
1929 4232 2057 4288 gra-

463 4321 558 4375 tia:
585 4317 840 4389 spiritum
881 4314 1118 4370 transire
1154 4330 1264 4369 non
1295 4314 1552 4380 valeant;
1592 4311 2056 4368 resurrectionem

2161 3126 2403 3182 στεϊσθαι
2440 3123 2750 3194 νομίζοντες
2776 3121 2868 3175 τὸν
2915 3117 3049 3172 Θεόν
3078 3131 3092 3145 °
3142 3109 3226 3176 οἷς
3273 3110 3408 3164 πολὺ
3457 3108 3518 3161 τὸ
3576 3105 3739 3194 σῶμα

2157 3193 2570 3283 πεφρόντισται,
2603 3212 2714 3272 τοῖς
2751 3207 2906 3271 ἐκτὸς
2943 3202 3262 3273 καθαρσίοις
3286 3218 3299 3231 ·
3340 3201 3436 3270 τῆς
3473 3196 3529 3250 δὲ
3559 3193 3740 3264 ψυχῆς

2159 3304 2547 3376 παρημέληται
2575 3301 2637 3355 τὸ
2659 3301 2876 3364 κάλλος,
2905 3299 3026 3360 ταῖς
3050 3296 3158 3349 τῶν
3188 3292 3378 3348 παθῶν
3406 3289 3590 3362 κηλὶσι
3619 3303 3743 3340 στι-

2159 3397 2387 3466 ξάμενον
2417 3410 2431 3424 ⁶
2458 3392 2596 3462 ὑπὲρ
2623 3389 2711 3465 ἧς.
2740 3394 2772 3463 ἡ
2806 3393 2958 3444 πᾶσα
2985 3388 3094 3442 τῶν
3113 3385 3407 3458 ὁρωμένων
3434 3376 3710 3451 προϐέϐλη

2157 3507 2252 3542 ται
2273 3487 2526 3558 δύναμις,
2551 3487 2644 3538 καὶ
2677 3487 2786 3548 πᾶς
2829 3484 2989 3552 λόγος
3039 3482 3180 3543 Θεῖος
3230 3477 3326 3531 καὶ
3368 3475 3533 3545 νόμος
3580 3470 3740 3525 ἐκδέ-

2157 3580 2326 3633 δοται.

2237 3677 2347 3742 μγ’.
2374 3669 2469 3733 Εἰς
2508 3668 2719 3721 πτῶσιν
2765 3666 2859 3720 καὶ
2911 3665 3210 3718 ἀνάστασιν
3264 3657 3474 3714 πολλῶν
3525 3655 3745 3709 κεῖσθαι

2159 3765 2250 3818 τὸν
2286 3761 2490 3834 Κύριον
2522 3761 2672 3828 λέγει
2701 3758 2762 3811 τὸ
2798 3759 2954 3826 ἅγιον
2990 3753 3345 3822 Εὑαγγὲλιον,
3373 3747 3584 3802 Οὑκοῦν
3616 3762 3745 3798 σκο-

2161 3855 2445 3926 πήσωμεν,
2495 3853 2691 3923 μήπως
2723 3851 2808 3914 εἰς
2857 3848 3065 3902 πτῶσιν
3109 3847 3228 3916 μὲν,
3261 3844 3370 3896 τῶν
3390 3859 3448 3894 τε
3478 3840 3613 3911 πρὸς
3647 3837 3745 3908 μό-

2158 3963 2258 4016 νην
2287 3945 2387 4014 τὴν
2416 3941 2670 4013 αἴσθησιν
2693 3941 2790 4012 τὴν
2824 3937 3113 4009 ὁρωμένην
3154 3931 3505 4004 θεωρούντων
3538 3929 3744 3991 κτίσιν,

2160 4040 2254 4092 καὶ
2280 4037 2388 4090 τῶν
2418 4035 2564 4107 μόνῳ
2593 4033 2671 4104 τῷ
2705 4030 2856 4105 ρητῷ
2884 4028 3240 4100 στοιχούντων
3280 4026 3381 4095 τῆς
3406 4023 3566 4091 ἁγίας
3597 4021 3744 4090 F90.-

2160 4131 2268 4199 φῆς
2291 4143 2306 4160 ⁸
2341 4126 2417 4190 ὡς
2459 4123 2534 4196 μὴ
2557 4123 2870 4193 δυναμένων
2903 4121 3040 4192 πρὸς
3066 4119 3127 4171 τὸ
3164 4117 3351 4171 καινὸν
3383 4113 3598 4180 πνεῦμα
3627 4111 3746 4163 δια-

2161 4219 2319 4290 δῆναι
2356 4219 2456 4288 τῆς
2501 4217 2725 4287 χάριτος
2765 4212 2855 4266 διὰ
2885 4211 2983 4282 τὴν
3035 4211 3220 4264 ἄνοιαν
3249 4224 3264 4240 ο
3315 4205 3615 4259 ἀνάστασιν
3661 4199 3742 4263 δὲ,

2159 4310 2268 4364 τῶν
2290 4305 2678 4380 πνευματικῶς
2705 4304 2776 4359 τά
2795 4319 2854 4358 τε
2882 4303 3159 4372 κτίσματα
3203 4298 3299 4352 τοῦ
3345 4295 3482 4349 Θεοῦ
3534 4293 3629 4346 καὶ
3676 4290 3745 4343 τὰ

463 4427 599 4467 vero
661 4423 880 4470 eorum,
927 4407 1021 4478 qui
1085 4406 1321 4477 spiritali
1371 4405 1586 4460 ratione
1643 4413 1761 4458 tum
1802 4419 1893 4458 res
1943 4404 2055 4458 Deo

2163 4405 2384 4476 ῥήματα
2413 4401 2764 4472 Θεωρούντων
2785 4415 2846 4450 τε
2873 4396 2969 4450 καὶ
2995 4392 3322 4450 ἀκουόντων.
3355 4389 3449 4441 καὶ⁹
3482 4387 3593 4447 τοῖς
3612 4381 3747 4478 καῦ-

465 4511 694 4559 auctore
721 4499 997 4565 conditas,
1025 4508 1142 4554 tum
1165 4500 1287 4570 ejus
1320 4498 1491 4554 verba
1512 4497 1864 4568 conspiciunt
1891 4507 2058 4568 atque

465 4593 738 4660 audiunt;
783 4591 1025 4660 hincque
1071 4588 1212 4644 adeo
1254 4587 1356 4642 soli
1395 4587 1598 4643 divina:
1644 4587 1892 4658 imagini,
1934 4602 2058 4656 quae

465 4689 526 4743 in
564 4686 750 4741 animo
799 4683 1029 4748 residet,
1062 4680 1321 4752 congruis
1351 4678 1602 4736 moribus
1631 4695 1821 4736 curam
1847 4680 2061 4749 impen-

467 4777 632 4831 dunL
1121 4831 1123 4833 ,

540 4870 630 4924 Μ.
670 4867 828 4935 Quod
864 4866 940 4922 ita
981 4865 1252 4936 scriptum
1295 4873 1400 4930 est,
1435 4864 1678 4934 positum
1711 4877 1832 4918 esse
1874 4860 2062 4916 Domi-

464 4975 600 5016 num
645 4959 702 5013 in
749 4957 967 5012 ruinam
1013 4965 1070 5011 et
1123 4955 1593 5011 resurrectionem
1649 4953 1949 5007 multorum
2004 4951 2061 5005 in

464 5053 690 5117 lsraele,
737 5050 782 5104 si
838 5051 893 5104 in
940 5048 1125 5104 laudis
1176 5057 1392 5118 partem
1439 5047 1617 5102 solum
1674 5044 2061 5115 intelligatur,

417 5127 428 5132 ί
467 5144 528 5200 in
551 5143 768 5200 ruinam
793 5140 1177 5211 accipiendum
1209 5148 1323 5193 tum
1355 5138 1618 5193 vitiorum
1650 5146 1706 5191 et
1744 5137 2061 5200 libidinum,

467 5248 589 5294 tum
622 5249 916 5308 pravarum
943 5232 1343 5304 cogitationum
1375 5231 1428 5284 in
1480 5229 1711 5300 singulis
1744 5227 2060 5297 quibusque

468 5330 748 5394 ﬁdelium;
801 5325 1265 5383 resurrectionem
1321 5339 1452 5378 vero
1491 5322 1784 5385 virtutum,
1815 5319 2058 5390 piarum-

470 5437 579 5494 que
614 5422 862 5477 omnium
908 5436 970 5474 ac
1019 5419 1394 5488 religiosorum
1441 5415 1858 5487 cogitationum.

540 5514 629 5570 45.
671 5514 773 5579 Qui
805 5527 989 5568 rerum
1018 5509 1366 5566 solummodo
1417 5508 1814 5579 generabilium
1849 5523 1912 5563 ac
1941 5523 2061 5562 cor-

552 5678 594 5708 M
619 5688 781 5747 Prov.
814 5707 865 5756 ι’,
899 5690 980 5744 ίῦ.
1047 5689 1060 5717 ¹
1099 5689 1230 5743 Luc.
1272 5705 1331 5754 ιι,
1367 5689 1436 5746 54

2165 4502 2364 4572 ήκουσι
2399 4497 2622 4569 τρόποις
2661 4494 2826 4565 μόνης
2881 4491 2981 4562 τῆς
3023 4488 3164 4542 κατὰ
3190 4484 3367 4556 ψυχὴν
3412 4481 3563 4543 Θείας
3607 4475 3748 4530 εἰκό-

2165 4608 2254 4655 νος
2283 4587 2544 4659 ὲπιμελου
2553 4585 2752 4658 μένων.

2236 4863 2339 4936 μδ’.
2379 4863 2472 4928 Τὸ,
2509 4857 2725 4914 κεῖσθαι
2768 4855 2860 4909 τὸν
2911 4853 3116 4926 Κύριον
3153 4852 3236 4914 είς
3283 4847 3493 4902 πτῶσιν
3537 4842 3753 4898 πολλῶν

2164 4959 2258 5014 καὶ
2277 4959 2573 5012 ἀνάστασιν
2599 4953 2656 5006 ὲν
2685 4952 2763 5022 τῷ
2800 4949 3039 5022 Ἰσραὴλ,
3073 4942 3372 5006 ὲπαινετῶς
3407 4940 3567 5012 μόνον
3601 4937 3751 4992 νοού⁴

2167 5068 2348 5123 μενον,
2385 5049 2465 5111 εις
2484 5045 2693 5098 πτῶσιν
2736 5043 2835 5113 μὲν
2857 5041 3078 5102 νοεῖται,
3119 5035 3229 5089 τῶν
3280 5034 3338 5085 ὲν
3375 5029 3596 5097 ἑκάστῳ
3642 5025 3750 5078 τῶν

2166 5119 2532 5196 πιστευόντων
2565 5136 2674 5190 τῶν
2713 5132 2902 5188 παθῶν
2929 5148 2990 5184 τε
3019 5130 3114 5183 καὶ
3141 5125 3396 5196 πονηρῶν
3424 5119 3705 5190 λογισμῶν
3731 5131 3746 5145 ⁶

2166 5236 2463 5290 ἀνάστασιν
2494 5228 2572 5293 δὲ,
2623 5226 2732 5280 τῶν
2793 5221 3004 5295 ἀρετῶν
3061 5221 3156 5274 καὶ
3217 5217 3418 5278 παντὸς
3471 5209 3747 5281 θεοφιλοῦς

2161 5327 2443 5396 λογισμοῦ.

2240 5515 2339 5579 με’.
2384 5507 2445 5558 '0
2492 5503 2652 5576 μόνον
2690 5501 2797 5553 τῶν
2821 5500 2884 5553 ἐν
2911 5495 3122 5566 γενέσει
3152 5492 3246 5546 καὶ
3285 5489 3462 5560 φθορᾷ
3498 5488 3748 5557 equm?-
