4062 6198
373 322 510 386 1H5

1187 313 1524 374 CAPITUM
1562 309 1836 371 THEOL.
1876 310 1972 370 ET
2009 308 2246 372 (ECON.
2287 309 2678 378 CENTURIA
2714 310 2794 370 II.

3494 314 3632 379 “46'

366 437 466 507 γδν
493 435 731 508 νομίζων
762 433 852 489 τὸν
883 432 1108 503 Κύριον,
1155 429 1234 492 είς
1259 425 1537 497 κηπουρὸν
1569 423 1732 502 αὐτὸν
1764 437 1946 491 παρα-

2051 421 2401 490 ruptibilium
2450 430 2735 477 auctorem
2780 419 3078 476 Dominum
3125 434 3247 475 esse
3309 419 3635 488 arbitratur,

366 529 644 600 γνωρίζει,
701 528 842 582 κατά
886 526 986 596 τὴν
1028 519 1396 592 Μαγδαληνὴν
1419 517 1660 588 Μαρίαν.
1692 513 1783 567 Διὸ
1811 512 1947 584 πρὸς

365 623 633 694 ὠφέλειαν
655 621 845 689 φεύγει
877 619 972 672 τοῦ
1005 616 1246 671 τοιούτου
1277 614 1375 682 τὴν
1407 611 1554 680 ἁφὴν
1591 612 1620 662 ὁ
1647 607 1946 676 Δεσπότης,

371 713 540 784 μήπω
564 712 693 780 παρ’
735 707 884 778 αὐτῷ
924 705 1170 775 δυνηθεὶς
1207 701 1474 770 ἀναϐῆναι
1522 698 1658 769 πρὸς
1694 696 1786 750 τὸν
1837 696 1951 748 Πα-

367 805 522 876 τέρα,
551 803 726 872 λέγων
755 818 769 831 ·
809 799 906 866 Μή
935 815 1053 868 μου
1089 797 1304 852 ἅπτου.
1345 791 1610 846 Γινώσκει
1653 787 1763 859 γὰρ
1817 786 1948 858 βλά-

371 894 634 958 πτεαθαι,
696 894 790 946 τὸν
836 892 974 963 μετά
1022 889 1275 959 τοιαύτης
1321 883 1471 956 αὐτῷ
1511 881 1950 954 προσερχόμενον

368 987 752 1056 ταπεινοτέρας
769 981 1112 1055 προλήψεως.
1498 993 1504 997 ·

444 1245 560 1319 μς⁹.
608 1247 673 1301 Οἱ
712 1244 803 1299 διὰ
837 1243 929 1297 τὸν
989 1241 1150 1320 φόϐον
1193 1240 1302 1294 τῶν
1359 1239 1627 1302 Ἰουδαίων
1670 1255 1814 1294 κατα
1847 1238 1946 1308 τὴν

373 1338 666 1393 Γαλιλαίαν
707 1336 782 1407 (d)
815 1337 872 1389 ἐν
906 1335 984 1405 τῷ
1018 1331 1252 1402 ὑπερῴῳ
1286 1331 1601 1395 κλείσαντες
1637 1331 1738 1394 τὰς
1776 1331 1948 1400 θύρας

371 1428 673 1500 καθήμενα
700 1442 714 1455 ·
745 1425 1014 1488 τουτέστι,
1043 1425 1092 1476 oi
1118 1424 1206 1476 διὰ
1234 1422 1322 1476 τὸν
1357 1422 1518 1489 ᾳόϐον
1551 1423 1662 1475 τῶν
1703 1421 1948 1491 πνευμά-

372 1537 483 1575 των
505 1520 608 1590 τῆς
644 1517 931 1589 πονηρίας,
965 1515 1106 1570 κατὰ
1149 1515 1250 1585 τὴν
1295 1513 1477 1584 χώραν
1515 1514 1624 1566 τῶν
1667 1512 1947 1567 ἀποκαλύ-

371 1614 540 1686 ψεων,
571 1612 630 1664 ὲν
655 1610 734 1680 τῷ
767 1607 893 1678 ῦψει
924 1607 1035 1660 τῶν
1076 1605 1233 1659 θείων
1272 1605 1646 1676 θεωρημάτων
1690 1603 1948 1672 ἀσφαλῶς

376 1703 689 1777 βεϐηκότες,
723 1700 904 1772 θυρῶν
947 1699 1103 1770 δίκην
1153 1696 1420 1768 μύσαντες
1464 1696 1563 1759 τὰς
1617 1695 1902 1766 αίσθήσεις
1928 1737 1943 1758 ,

2049 512 2228 568 instar
2271 514 2456 570 Mariae
2516 516 2870 586 Magdalente,
2907 514 3054 569 circa
3087 528 3212 568 eum
3251 512 3323 567 in.
3353 512 3636 568 hortulani

2047 607 2234 674 specie
2289 605 2587 675 decipitur.
2617 605 2831 660 Idcirco
2873 605 3045 660 etiam
3093 604 3360 658 Dominus
3395 603 3452 658 id
3507 619 3638 674 spe-

2049 704 2206 752 etans
2259 698 2409 767 quod
2454 699 2591 752 utile
2647 698 2740 763 sil,
2789 698 2936 768 tangi
2977 713 3036 751 se
3081 707 3242 751 cavet
3299 697 3368 750 ab
3426 712 3492 751 eo
3541 697 3636 766 qui

2046 789 2318 859 ejusmodi
2371 799 2475 854 εει,
2511 791 2657 860 quod
2715 790 2948 845 necdum
2983 790 3133 843 illius
3171 788 3534 844 aestimatione
3572 806 3637 844 ac

2047 895 2214 935 sensu
2255 882 2556 937 ascendere
2588 883 2655 936 ad
2696 884 2913 938 Patrem
2953 882 3218 952 potuerit,
3257 881 3485 935 dicens:
3514 880 3638 935 Noli

2048 987 2131 1026 me
2185 981 2402 1042 tangere
2450 975 2493 1027 ².
2539 973 2655 1028 Scit
2697 975 2844 1028 enim
2890 975 3010 1028 fore
3047 982 3108 1028 ut
3142 973 3378 1028 laedatur
3404 973 3636 1027 damno-

2046 1076 2156 1130 que
2188 1061 2474 1127 adiciatur,
2521 1063 2617 1132 qui
2657 1064 2856 1117 humili
2904 1063 2996 1118 illa
3053 1072 3324 1132 occupato
3374 1061 3638 1132 opinione

2045 1153 2306 1208 laborans
2347 1155 2412 1208 ad
2453 1171 2578 1208 eum
2627 1157 2940 1211 accesserit.

2120 1247 2209 1299 46.
2251 1245 2355 1311 Qui
2396 1246 2468 1300 ob
2516 1255 2723 1300 metum
2755 1247 3069 1302 Judaaorum
3099 1245 3154 1300 in
3191 1245 3409 1301 Galilzea
3443 1244 3498 1299 in
3525 1259 3638 1299 cot-

2046 1336 2245 1389 naculo
2290 1337 2476 1406 januis
2517 1337 2720 1391 clausis
2759 1338 2953 1392 sedent
2989 1340 3030 1402 ³,
3067 1337 3172 1393 boc
3203 1349 3309 1401 εει,
3356 1339 3449 1408 qui
3485 1345 3634 1391 metu

2047 1425 2340 1493 spirituum
2391 1427 2675 1495 nequitiae,
2723 1428 2780 1481 in
2833 1428 3231 1482 revelationum
3277 1428 3523 1497 regione,
3578 1426 3634 1482 in

2049 1516 2274 1570 sublimi
2320 1516 2639 1572 divinorum
2683 1534 2974 1573 sensorum
3006 1535 3071 1573 ac
3107 1520 3633 1589 contemplationum

2047 1622 2174 1664 arce
2202 1615 2321 1662 tuto
2371 1610 2702 1676 consistunt,
2735 1612 2939 1666 clausis
2988 1614 3279 1682 januarum
3319 1628 3473 1668 more
3505 1628 3636 1667 sen-

2050 1695 2235 1759 sibus;
2259 1695 2337 1760 hi,
2373 1696 2558 1767 ignota
2589 1697 2823 1762 ratione,
2862 1698 3246 1753 advenientem
3282 1700 3378 1754 Dei
3415 1700 3637 1754 Sermo-

373 1794 810 1866 παραγινόμενον
869 1789 1160 1859 ἀγνώστως
1215 1789 1461 1858 δέχονται
1515 1788 1606 1841 τὸν
1661 1787 1755 1841 τοῦ
1808 1786 1944 1840 Θεοῦ

2046 1804 2173 1843 nem
2210 1789 2540 1858 suscipiunt,
2576 1789 2788 1859 absque
2844 1791 2956 1845 ulla
2992 1806 3192 1845 sensus
3219 1792 3538 1861 operatione
3576 1806 3636 1846 se

375 1884 570 1955 Λόγον,
602 1885 728 1940 ἄνευ
760 1885 858 1953 τῆς
883 1884 1002 1936 κατ’
1033 1881 1284 1950 αἴσθησιν
1311 1881 1586 1953 ἐνεργείας
1609 1879 1790 1942 αὐτοῖς
1823 1881 1946 1932 ὲπι-

375 1975 738 2045 φαινόμενον
784 1971 1053 2034 ἀπάθειάν
1097 1987 1156 2023 τε
1198 1969 1285 2022 διὰ
1311 1971 1409 2040 τῆς
1446 1970 1688 2040 εἰρήνης,
1723 1970 1818 2022 καὶ
1855 1985 1951 2050 με-

376 2068 609 2138 ρισμοὺς
664 2064 980 2135 Πνεύματος
1026 2063 1183 2131 ἁγίου
1226 2062 1314 2116 διὰ
1352 2062 1450 2130 τῆς
1473 2061 1824 2130 ὲμπνεύσεως
1849 2061 1950 2112 δω-

376 2155 639 2228 ρούμενον
672 2169 686 2184 ’
721 2156 816 2208 καὶ
837 2156 939 2223 τὴν
977 2152 1117 2206 κατά
1151 2151 1475 2221 πνευμάτων
1514 2149 1766 2219 πονηρῶν
1797 2147 1949 2214 ἐξου-

375 2248 495 2300 σίαν
523 2246 854 2316 παρέχοντα,
893 2245 987 2298 καὶ
1010 2243 1322 2296 δεικνύοντα
1361 2239 1469 2293 τῶν
1516 2237 1682 2292 αὑτοῦ
1745 2253 1951 2306 μυστη-

376 2338 508 2408 ρίων
532 2337 600 2389 τὰ
623 2336 686 2389 σύ
696 2335 888 2406 μὸολα.

449 2425 556 2499 μξ.
587 2427 712 2489 Τοῖς
745 2425 846 2496 μὲν
873 2423 1014 2477 κατὰ
1044 2423 1222 2493 σάρκα
1243 2421 1332 2474 τὸν
1360 2419 1488 2492 περὶ
1511 2418 1606 2472 τοῦ
1633 2417 1766 2471 Θεοῦ
1791 2418 1950 2486 λόγον

375 2517 692 2589 ἐρευνῶσιν,
722 2519 750 2569 ὁ
776 2516 980 2585 Κύριος
1010 2515 1109 2567 οὐκ
1132 2512 1410 2566 ἀναϐαίνει
1432 2511 1567 2581 πρὸς
1595 2510 1684 2562 τὸν
1706 2509 1945 2580 Πατέρα’

372 2611 485 2673 τοῖς
514 2608 570 2662 δὲ
604 2607 744 2660 κατὰ
776 2607 992 2676 πνεῦμα
1039 2605 1129 2660 διὰ
1165 2604 1273 2657 τῶν
1313 2602 1532 2672 ὑψηλῶν
1579 2601 1948 2673 θεωρημάτων

372 2699 698 2769 ἐκζητοῦσιν
716 2698 901 2759 αὑτὸν,
937 2696 1216 2751 ἀναὸαίνει
1242 2695 1378 2766 πρὸς
1421 2694 1514 2748 τὸν
1567 2692 1808 2764 Πατέρα.
1854 2691 1948 2764 Μὴ

370 2792 551 2845 τοίνυν
580 2791 668 2845 διὰ
700 2789 900 2852 παντὸς
927 2789 1219 2860 κρατῶμεν
1248 2787 1419 2850 κάτω,
1458 2787 1548 2840 τὸν
1598 2785 1739 2854 ὑπὲρ
1789 2787 1822 2856 ἠ
1832 2785 1948 2854 μῶν

372 2885 524 2938 κάτω
552 2881 641 2936 διὰ
669 2879 1079 2952 φιλανθρωπίαν
1107 2879 1396 2949 γενόμενον
1419 2895 1434 2908 ·
1485 2877 1599 2930 ἀλλ’
1649 2878 1761 2930 ἀνω
1811 2876 1948 2947 πρὸς

369 2976 463 3030 τὸν
495 2975 714 3046 Πατέρα
746 2975 843 3027 σὺν
871 2971 1022 3042 αὐτῷ
1061 2971 1371 3054 γενώμεθα,
1415 2971 1513 3042 τὴν
1561 2969 1666 3039 γῆν
1721 2969 1948 3037 ἀφέντες

369 3068 466 3120 καὶ
504 3065 575 3120 τὰ
616 3064 744 3136 περὶ
779 3065 878 3134 τὴν
919 3065 1042 3134 γῆν,
1081 3062 1168 3117 ἵνα
1204 3062 1279 3133 μὴ
1309 3058 1417 3114 κᾶὶ·
1439 3062 1566 3133 ἡμῖν
1599 3061 1730 3131 είπῃ
1754 3059 1814 3112 τὺ
1845 3061 1947 3130 ρη-

321 3215 333 3227 .
376 3155 463 3212 θὲν
509 3159 623 3220 τοῖς
692 3155 965 3218 Ἰουδαίοις
1013 3152 1360 3226 ἁδιορθώτοις
1391 3153 1657 3223 μείνασιν,
1709 3143 2016 3220 Tuti-310C

369 3247 524 3303 ὅπου
550 3246 718 3317 ὑμεῖς
748 3249 820 3301 οὺ
867 3245 1140 3300 δύνασθε
1196 3243 1414 3298 ἐλθεῖν.
1456 3244 1638 3314 Χωρὶς
1690 3243 1799 3313 γάρ
1847 3242 1942 3295 τοῦ

369 3342 568 3410 Λόγου,
601 3339 737 3412 πρὸς
761 3339 852 3394 τὸν
879 3339 1098 3408 Πατέρα
1123 3337 1217 3390 τοῦ
1268 3337 1444 3406 Λόγου
1489 3335 1763 3404 γενέσθαι,
1799 3334 1944 3406 ἀμή-

368 3449 550 3505 χανον.

443 3531 556 3596 μηθ.
585 3524 668 3590 ,Ἥ
695 3523 770 3594 γῆ
801 3523 910 3577 τῶν
938 3522 1222 3577 Χαλδαίων
1245 3522 1412 3586 ἐστὶν,
1439 3523 1468 3574 ὁ
1495 3519 1750 3592 ἐμπαθὴς
1780 3517 1893 3590 βίος
1925 3533 1940 3550 ο

373 3617 427 3671 ὲν
461 3611 506 3687 ᾧ
543 3618 652 3672 τῶν
692 3617 1103 3687 ἁμαρτημάτων
1135 3615 1544 3685 δημιουργεῖται
1576 3613 1672 3665 καὶ
1700 3627 1942 3679 προσκυ-

367 3712 539 3762 νεῖται
567 3709 636 3763 τά
657 3709 870 3761 εἴδωλα.
906 3709 970 3760 Ἦ
1008 3708 1064 3760 δὲ
1112 3709 1266 3785 Μέση
1306 3706 1416 3759 τῶν
1462 3704 1722 3774 ποταμῶν
1772 3705 1939 3766 ἐστιν,

366 3799 395 3852 δ
421 3797 872 3870 ὲπαμηοτερίζων
894 3801 1009 3862 τοῖς
1037 3798 1298 3860 ἐναντίοις
1320 3798 1536 3867 τρόπος.
1576 3797 1641 3848 Ἦ
1666 3796 1722 3848 δὲ
1748 3795 1819 3866 γῆ
1843 3794 1944 3863 τῆς

367 3891 701 3958 ἐπαγγελίας
754 3890 923 3955 ἐστὶν,
974 3892 1008 3960 ἠ
1065 3888 1260 3952 παντὸς
1293 3887 1500 3956 ἀγαθοῦ
1535 3886 1942 3958 πεπληρωμένη

367 3984 726 4047 κατάστασις.
762 3985 876 4045 Πᾶς
925 3980 1017 4036 οὖν
1071 3986 1099 4036 ὁ
1143 3982 1345 4052 ταύτης
1393 3980 1550 4034 κατ-ἀλ
1584 3979 1676 4032 τὸν
1719 3979 1943 4032 παλαιὸν

381 4070 598 4144 Ἰσραὴλ
635 4073 850 4144 ἀμελῶν
894 4074 994 4144 τῆς
1034 4072 1200 4136 ἕξεως
1259 4071 1390 4144 (10),
1419 4072 1553 4141 πρὸς
1575 4069 1818 4124 δουλείαν
1839 4069 1943 4122 πά-

366 4164 449 4220 λιν
493 4165 858 4234 κατασύρεται
916 4165 1124 4230 παθῶν,
1177 4163 1275 4234 τῆς
1329 4163 1576 4233 δοθείσης
1631 4161 1944 4233 ἐλευθερίας

370 4275 459 4312 ατε
467 4257 560 4329 ρού
569 4275 751 4327 μενος.

440 4352 548 4422 μθ’.
583 4351 946 4421 Σημειωτέον,
973 4350 1050 4416 ὡς
1081 4349 1256 4413 οὐδεὶς
1290 4349 1399 4403 τῶν
1458 4349 1630 4417 ἁγίων
1681 4349 1944 4414 ἑκουσίως

2048 1881 2160 1934 illis
2229 1879 2587 1948 conspicuum
2637 1881 2984 1946 reddentem,
3035 1882 3298 1952 pacisque
3362 1883 3635 1937 acclama-

2049 1973 2200 2026 tione
2239 1973 2446 2026 sedatis
2468 1973 2759 2028 affectibus
2786 1974 3359 2043 imperturbationem,
3421 1991 3636 2030 necnon

2049 2064 2439 2128 insuil'latione,
2478 2063 2719 2132 Spiritus
2758 2067 2928 2120 sancti
2965 2067 3391 2122 distributiones
3418 2068 3634 2123 donan-

2049 2160 2198 2218 tem,
2261 2153 2638 2223 adversusque
2702 2155 2933 2223 spiritus
3001 2171 3237 2226 nequam
3299 2166 3633 2226 potestatem

2047 2245 2406 2314 praebentem,
2442 2261 2507 2300 ac
2541 2247 2929 2316 mysteriorum
2967 2262 3194 2301 suorum
3239 2248 3486 2318 symbola
3533 2263 3634 2302 ex-

2049 2338 2356 2392 bibentem.

2116 2431 2205 2484 47.
2247 2429 2352 2495 Qui
2389 2429 2600 2484 carnali
2639 2429 2876 2492 ratione.
2905 2447 3028 2500 quae
3051 2431 3118 2486 de
3147 2432 3260 2487 Deo
3290 2439 3396 2498 est,
3427 2432 3635 2489 doctri-

2047 2534 2174 2573 nam
2235 2527 2574 2583 scrutantur,
2634 2519 2720 2574 bis
2776 2521 3045 2575 Dominus
3107 2521 3176 2575 ad
3250 2523 3467 2578 Patrem
3519 2538 3631 2576 non

2046 2612 2327 2675 ascendit;
2363 2612 2431 2667 iis
2454 2627 2586 2667 vero
2614 2613 2708 2682 qui
2731 2614 2966 2683 Spiritali
2999 2616 3212 2670 ratione
3244 2631 3344 2684 per
3372 2615 3632 2670 sublimia

2046 2717 2208 2757 sensa
2256 2703 2438 2773 ipsum
2488 2704 2807 2774 exquirunt,
2870 2705 2938 2760 ad
2980 2707 3197 2762 Patrem
3227 2707 3497 2762 ascendit.
3532 2706 3636 2762 Ca-

2046 2808 2272 2848 veamus
2329 2809 2460 2864 ergo
2512 2809 2583 2849 ne
2641 2811 2862 2866 semper
2905 2796 2962 2851 in
3017 2805 3164 2852 terra
3214 2798 3380 2867 inque
3430 2798 3634 2854 intimis

2045 2899 2174 2940 cum
2223 2893 2530 2951 teneamus,
2565 2886 2662 2955 qui
2704 2895 2934 2957 propter
2969 2904 3071 2943 nos
3096 2888 3357 2943 clementi
3386 2889 3632 2944 bonitate

2046 2975 2106 3030 in
2149 2984 2354 3030 terram
2387 2976 2714 3042 descendit;
2777 2978 2873 3032 sed
2925 2995 3143 3033 sursum
3180 2979 3247 3033 ad
3282 2979 3499 3035 Patrem
3552 2980 3632 3037 illi

2046 3078 2278 3123 comites
2308 3069 2498 3124 relicta
2540 3069 2706 3141 5.96
2737 3079 2886 3125 terra
2935 3087 2998 3126 ac
3029 3087 3151 3141 quae
3195 3080 3418 3126 terrena
3476 3081 3627 3139 sunt,

2045 3159 2428 3222 ascendamus,
2471 3177 2539 3214 ne
2583 3161 2745 3215 nobis
2794 3163 3027 3230 perinde
3091 3179 3155 3217 ac
3211 3163 3435 3229 Judreis,
3503 3179 3631 3221 eum

2044 3250 2184 3304 nihil
2229 3251 2506 3305 emendati
2547 3260 2754 3317 essent,
2800 3253 2988 3309 dicat:
3036 3254 3200 3320 Vada,
3242 3272 3344 3326 quo
3375 3272 3463 3310 vos
3525 3273 3631 3311 non

2044 3344 2260 3414 potestis
2323 3345 2502 3397 venire
2548 3343 2590 3398 ⁸.
2645 3346 2760 3400 Nisi
2810 3348 2958 3401 enim
3015 3348 3302 3405 Sermonis
3369 3365 3495 3420 ope,
3561 3351 3632 3407 ad

2044 3434 2326 3490 Sermonis
2369 3436 2590 3491 Patrem
2638 3437 2827 3492 venire
2877 3439 3105 3494 minime
3163 3455 3488 3495 concessum
3523 3451 3628 3497 est.

2112 3527 2202 3581 48.
2241 3526 2630 3582 Chaldzeorum
2670 3538 2838 3596 terra,
2880 3530 2989 3584 vita
3026 3541 3111 3587 est
3157 3531 3309 3587 vitiis
3341 3532 3528 3587 dedita
3576 3540 3633 3588 et

2043 3621 2358 3687 libidinosa,
2404 3625 2460 3677 in
2509 3640 2619 3694 qua
2672 3624 3020 3680 fabricantur
3065 3636 3121 3681 et
3165 3627 3467 3682 adorantur
3503 3643 3634 3698 pec-

2045 3725 2292 3769 catorum
2338 3714 2505 3769 idola.
2557 3715 2952 3785 MeSOpotamia
3008 3727 3216 3781 autem,
3275 3735 3458 3774 mores
3503 3729 3632 3775 sunt

2044 3806 2334 3861 contrariis
2363 3807 2669 3862 commistis
2694 3807 2984 3878 ancipites.
3025 3809 3196 3863 Terra
3224 3809 3468 3880 denique
3497 3827 3631 3881 pro-

2044 3901 2230 3966 missa,
2283 3907 2459 3956 status
2501 3902 2665 3957 bonis
2709 3903 2970 3958 omnibus
3020 3903 3321 3959 confertus.
3367 3905 3629 3977 Quisquis

2043 4007 2174 4063 ergo
2199 4009 2350 4049 more
2377 3995 2582 4050 veteris
2621 3995 2842 4050 lsraelis
2868 3997 3079 4051 huncce
3104 3997 3351 4052 habitum
3379 4001 3627 4071 negligit,

2045 4084 2098 4138 in
2134 4085 2394 4140 vitiorum
2436 4104 2631 4143 rursus
2675 4103 2738 4144 ac
2780 4089 3259 4160 perturbationum
3304 4092 3628 4146 servitutem

2046 4176 2302 4244 trahitur,
2345 4178 2569 4246 amissa,
2610 4197 2774 4252 quam
2828 4181 3139 4235 libertatem
3184 4182 3366 4237 fuerat
3432 4199 3628 4239 conse-

2044 4278 2226 4324 cutus.

2034 4400 2040 4405 -
2114 4362 2201 4437 49.
2236 4362 2652 4419 Observandum
2680 4374 2783 4431 est,
2822 4381 2930 4420 non
2967 4365 3144 4421 videri
3177 4374 3496 4423 sanctorum
3527 4367 3627 4422 ali-

364 4443 610 4512 φαίνεται
635 4442 912 4496 κατελθὼν
932 4446 1013 4506 εἰς
1038 4443 1138 4513 τὴν
1162 4442 1524 4497 Βαϐυλωνίαν.
1546 4443 1619 4496 Οῦ
1641 4443 1748 4514 γὰρ
1763 4441 1938 4513 θέμις,

2044 4471 2207 4524 quem
2267 4455 2447 4526 ipsum
2493 4466 2690 4527 sponte
2746 4457 2800 4512 in
2862 4459 3195 4531 Babylonem
3252 4460 3625 4517 descendisse.

361 4530 486 4584 οὔτε
510 4531 776 4595 συνέσεώς
807 4534 920 4585 ἐστι
955 4532 1208 4605 λογικῆς,
1249 4533 1356 4585 τῶν
1395 4533 1615 4601 ἀγαθῶν
1664 4533 1939 4604 ἀνθαιρεῖ-

367 4623 490 4676 σθαι
521 4623 591 4677 τὰ
629 4624 868 4694 χείρονα,
904 4627 1029 4690 τοὺς
1065 4627 1155 4680 τὸν
1187 4627 1320 4681 Θεὸν
1369 4627 1716 4694 ἀγαπῶντας.
1771 4629 1834 4680 Et
1881 4627 1938 4680 δέ

361 4731 505 4779 τινες
531 4715 712 4769 αὐτῶν
738 4717 881 4770 κατά
909 4718 1030 4787 βίαν
1069 4720 1186 4772 ἐκεῖ
1229 4719 1305 4790 τῷ
1339 4719 1452 4791 λαῷ
1488 4720 1934 4791 συναπήχθησαν,

363 4805 589 4876 νοοῦμεν
640 4806 728 4861 διὰ
779 4809 980 4862 τούτων
1034 4811 1159 4873 τοὺς
1214 4812 1287 4881 μὴ
1321 4812 1765 4880 προηγουμένως,
1799 4812 1937 4866 ἀλλὰ

362 4898 504 4953 κατά
530 4901 848 4972 περίστασιν
883 4900 975 4972 (e),
1013 4903 1288 4973 σωτηρίας
1330 4903 1515 4957 ’ἐνεκεν
1552 4903 1663 4956 τῶν
1705 4905 1937 4976 χρῃζὸν-

449 5051 644 5110 'Joan.
675 5071 766 5122 xx,
809 5055 898 5110 l7.
974 5055 995 5088 ³
1028 5055 1163 5111 ibid.
1196 5055 1284 5112 l9.
1362 5056 1565 5112 ‘Joan.
1590 5073 1705 5124 vni,
1741 5056 1832 5113 2!.

435 5185 705 5264 MK“?
728 5187 844 5256 τὴν
873 5189 1228 5264 ιάτὶιλᾳιάτ.
1251 5188 1415 5243 Gesta
1457 5189 1573 5244 haec
1620 5189 1937 5264 Hierosoly-

360 5257 499 5321 mis,
523 5257 638 5326 ipsa
666 5259 1110 5330 Resurrectionis
1137 5258 1345 5330 dictet
1372 5268 1496 5330 post
1525 5275 1646 5314 eam
1695 5257 1896 5316 octava
1918 5302 1934 5329 ,

359 5343 465 5382 nec
481 5337 607 5382 ante
637 5329 867 5398 apostoli
889 5329 1149 5382 videntur
1173 5329 1227 5383 in
1251 5327 1524 5384 Galilagam
1547 5332 1888 5387 concessisse
1919 5327 1932 5395 ,

358 5398 507 5469 quod
532 5397 767 5462 Marcus,
794 5400 952 5469 cujus
996 5406 1082 5454 est
1135 5398 1282 5453 istud
1314 5406 1498 5467 caput,
1551 5400 1700 5454 illius
1737 5420 1931 5469 νηπτι-

359 5467 494 5532 κῶν,
526 5469 613 5532 17,
647 5485 756 5524 non
785 5467 920 5524 satis
944 5469 1164 5524 videtur
1196 5470 1536 5524 attendisse:
1585 5472 1701 5526 sive
1751 5467 1931 5529 noluit

358 5536 630 5593 Maximus
645 5540 966 5612 emendare,
999 5540 1115 5612 sive
1143 5539 1223 5592 illi
1253 5539 1445 5612 arrisit
1469 5539 1630 5594 Marci
1649 5542 1932 5612 allegoria,

358 5622 483 5676 quae
521 5616 705 5680 tamen
736 5610 1062 5680 nitirdebuit
1088 5609 1205 5680 ipsa
1234 5609 1313 5680 rei
1351 5619 1516 5680 gesta:
1565 5609 1816 5680 veritate.
1870 5626 1932 5669 ut

358 5686 503 5749 esset
528 5679 778 5747 probata.
804 5679 876 5732 ἰδ
898 5682 955 5732 ἐν
985 5679 1061 5748 τῷ
1079 5678 1334 5749 ὑπερῴῳ,
1361 5678 1507 5748 quod
1532 5679 1714 5734 reddit
1744 5682 1927 5749 Picus,

357 5747 413 5800 in
434 5748 694 5816 tabulato,
720 5750 948 5806 minime
972 5747 1169 5822 placet.
1190 5747 1473 5808 Cinnaculi
1497 5765 1620 5819 vox,
1642 5751 1756 5824 ipsa
1781 5747 1925 5824 apta,

2046 4546 2235 4616 Neque
2279 4547 2426 4601 enim
2466 4547 2550 4602 fas
2586 4557 2691 4615 est,
2751 4565 2851 4605 cve
2918 4551 3150 4606 rationis
3184 4552 3501 4620 prudentia,
3568 4564 3630 4607 ut

2045 4639 2141 4708 qui
2192 4640 2364 4694 Deum
2411 4641 2668 4712 diligunt,
2730 4642 2890 4697 bonis
2943 4643 3294 4713 posthabitis,
3341 4660 3453 4714 qua
3502 4654 3630 4699 sunt

2043 4729 2320 4786 deteriora
2362 4732 2465 4802 ipsi
2509 4733 2771 4805 deligant.
2821 4734 2916 4789 Sin
2963 4745 3148 4790 autem
3197 4751 3390 4791 eorum
3434 4737 3624 4807 aliqui,

2042 4833 2150 4872 una
2183 4835 2307 4874 cum
2337 4823 2540 4892 populo
2569 4823 2622 4876 vi
2663 4824 2758 4878 illo
2799 4824 2979 4879 abacti
3019 4833 3148 4879 sunt
3185 4834 3348 4895 atque
3381 4826 3624 4892 abducti,

2041 4907 2241 4964 horum
2281 4909 2456 4982 ﬁgura
2485 4913 2610 4969 illos
2640 4913 3030 4984 intelligamus,
3062 4914 3156 4984 qui
3189 4930 3300 4971 non
3330 4917 3431 4987 ipsi
3460 4917 3629 4973 desti-

2039 5204 2388 5276 sacroqueet
2419 5196 2651 5276 profano
2674 5214 2777 5254 usu
2806 5209 3028 5276 recepta
3041 5218 3068 5276 _;7
3091 5201 3187 5256 sed
3213 5204 3360 5274 quod
3387 5219 3623 5276 sequen-

2038 5266 2189 5341 tibus
2221 5265 2446 5341 regem:
2473 5266 2624 5332 Quod
2651 5286 2762 5341 per,
2787 5265 3248 5341 tranduillitatem-
3270 5285 3318 5328 et
3363 5265 3614 5329 dist'ribu-

2038 5338 2231 5412 tionem
2266 5335 2494 5406 Spiritus
2534 5335 2707 5412 sancti
2730 5335 3018 5412 insitﬂlims
3048 5343 3247 5412 confert
3289 5346 3623 5412 aﬂ'ectionum

2030 5407 2392 5484 vacuitatem;
2419 5408 2708 5484 nesciocui
2724 5407 3025 5484 bilemnon
3051 5407 3284 5468 moveat.
3307 5407 3410 5468 Per
3433 5431 3621 5484 pacem

2032 5485 2088 5550 et
2109 5475 2536 5550 insulllationem
2572 5478 2776 5548 (dando
2798 5480 3012 5536 scilicet
3036 5498 3223 5550 pacem
3247 5495 3304 5538 et
3337 5475 3622 5540 insintllan-

2033 5545 2125 5626 do)
2157 5547 2274 5626 bzec
2305 5545 2542 5626 Domino
2582 5545 2870 5626 praestita;
2911 5545 3052 5606 data'
3095 5555 3466 5626 tranquillitas
3519 5571 3620 5610 seu

2033 5615 2652 5694 impcrtur_batio,_dataa
2677 5619 2917 5694 Spiritus
2947 5625 3120 5678 sancti
3147 5615 3570 5681 disirtbutiones
3595 5642 3616 5694 ;

2033 5685 2141 5741 non
2177 5700 2274 5754 per
2302 5685 2418 5740 haec
2449 5686 2666 5742 dicatur
2699 5685 3026 5747 iiisuﬂlasse.

2107 5757 2176 5828 (ι’)
2220 5755 2393 5811 Ἀλλὰ
2420 5757 2986 5833 κατὰ-περίστασιν.
3013 5765 3202 5836 Marc.,
3231 5782 3352 5841 cap.
3393 5765 3478 5824 t9.
3505 5761 3615 5836 Ope
