4094 6204
446 295 575 365 ΗΠ

1616 301 1675 359 S.
1712 298 1994 361 ΜΛΧΙΜΙ
2029 296 2532 358 CONFESSORIS

3553 304 3683 366 1143

445 422 570 467 nata
634 412 941 479 voluntate,
1001 414 1098 469 sed
1137 429 1266 471 casu
1299 414 1485 486 aliquo
1542 430 1607 470 ac
1663 414 2014 479 necessitate,

2138 432 2226 467 ξων
2260 413 2645 490 χειραγωγίας,
2678 412 2912 479 ἀφέντας
2947 412 3037 465 τὸν
3067 411 3398 485 ὑψηλότερον
3425 416 3526 484 τῆς
3544 414 3685 482 γνώο

446 517 637 557 eorum
659 505 851 559 salutis
877 520 1040 559 causa
1068 505 1163 576 qui
1187 506 1327 561 duce
1352 513 1550 577 egeant
1572 522 1636 561 ac
1659 513 2016 576 prteccptore,

447 595 758 650 sublimiori
798 596 1041 651 scientiae
1072 612 1324 653 sermone
1359 600 1627 669 tantisper
1651 598 1876 663 omisso,
1900 613 2022 667 quae

448 685 517 739 de
548 685 697 739 vitiis
723 694 805 740 est
842 696 899 741 et
935 686 1247 754 affectibus,
1278 700 1657 761 exsequuntur
1692 690 2018 745 doctrinam.

449 773 696 845 llincque
731 777 873 831 adeo
910 788 998 832 est
1028 795 1127 835 cur
1151 788 1208 835 et
1244 796 1477 852 magnus
1503 781 1801 852 Apostolus
1832 782 2025 837 utilius

449 864 779 934 iudicaverit
806 883 930 922 esse
965 869 1021 922 in
1047 884 1212 924 carne
1242 871 1543 942 (immorari
1571 872 1782 927 scilicet
1806 887 2025 926 morum

450 955 719 1011 doctrinas
755 958 812 1011 in
842 958 1238 1029 discipulorum
1264 962 1522 1034 gratiam)
1555 977 1680 1016 cum
1719 970 1836 1017 toto
1874 962 2027 1018 desi-

452 1045 612 1101 derio
663 1055 879 1118 optaret
915 1064 980 1104 ea
1014 1051 1244 1117 exsolvi,
1288 1066 1353 1106 ac
1393 1068 1492 1121 per
1529 1053 2027 1122 supermundanam

453 1136 869 1209 simplicemque
894 1142 1096 1196 mentis
1129 1143 1668 1214 contemplationem,
1710 1159 1835 1198 cum
1863 1143 2029 1199 Chri-

454 1234 540 1279 sto
577 1229 786 1282 versari
823 1229 870 1283 ⁵.

526 1317 613 1372 50.
654 1318 1128 1386 Quemadmodum
1191 1322 1434 1389 Saulem,
1507 1336 1741 1396 augente
1791 1328 2031 1399 maligno

460 1409 679 1477 spiritu,
708 1412 906 1468 beatus
944 1414 1114 1470 David
1148 1416 1373 1485 pulsans
1419 1416 1709 1481 citharam,
1759 1420 2030 1488 psallens-

459 1512 567 1565 que
633 1498 853 1555 levabat
892 1500 947 1566 ⁶;
997 1502 1078 1557 sic
1112 1510 1171 1557 et
1205 1504 1384 1559 omnis
1416 1505 1675 1573 spiritalis
1705 1521 1908 1572 sermo,
1946 1523 2034 1563 sa-

459 1584 743 1654 pientibus
788 1587 1077 1658 doctisque
1116 1590 1294 1646 sensis
1328 1606 1392 1645 ac
1440 1592 1799 1648 theorematis
1841 1594 2036 1648 condi-

461 1681 571 1738 tus,
603 1676 760 1744 quasi
788 1676 982 1731 morbo
1005 1677 1220 1733 soutico
1242 1678 1582 1734 laborantem
1610 1680 1753 1735 levat
1785 1681 2031 1736 animum

457 1756 622 1830 atQue
675 1773 908 1831 recreat,
945 1765 1016 1820 ab
1053 1775 1287 1837 augente
1320 1782 1447 1823 eum
1503 1770 1648 1825 mala
1696 1771 2033 1827 conscientia
2064 1750 2105 1804 Β

459 1852 727 1910 liberans.

531 1946 620 2000 5L
658 1946 855 2004 Colore
890 1949 1047 2006 rufus
1066 1966 1191 2006 eum
1220 1951 1507 2007 oculorum
1544 1962 1849 2019 venustate,
1886 1954 2033 2009 haud

461 2050 620 2092 secus
653 2052 718 2092 ac
739 2053 967 2109 magnus
992 2042 1185 2108 David,
1217 2044 1434 2098 exsistit
1454 2045 1497 2107 ⁷,
1529 2044 1625 2113 qui
1661 2059 1785 2099 cum
1817 2045 1941 2100 vita:
1968 2061 2039 2099 ex

460 2126 662 2182 divinis
692 2129 1003 2186 rationibus
1035 2131 1301 2188 institutae
1340 2133 1614 2197 claritate,
1647 2134 1891 2189 scicntia:
1917 2150 2036 2189 ser-

461 2232 681 2273 nionem
718 2233 825 2273 una
863 2220 1193 2275 alluceutem
1237 2221 1516 2291 adjungit;
1568 2221 1770 2291 quibus
1803 2222 2039 2292 geminis

461 2307 606 2362 actio
664 2310 920 2365 consistit
956 2321 1012 2365 et
1049 2312 1478 2381 contemplatio:
1521 2312 1614 2367 illa
1642 2312 1887 2382 quidem,
1927 2315 2041 2368 vir-

464 2407 644 2456 tutum
682 2404 942 2471 praaclare
992 2403 1172 2459 modis
1210 2404 1433 2471 nitens;
1463 2405 1581 2461 haec
1627 2420 1780 2470 vero,
1834 2406 2042 2463 divinis

463 2492 643 2548 sensis
675 2508 740 2547 ac
772 2494 1134 2565 conceptibus
1165 2496 1575 2566 splendescens.

536 2584 627 2640 52.
658 2584 838 2641 Saulis
877 2601 1125 2657 regnum,
1171 2588 1473 2659 corporalis
1523 2588 1660 2660 legis
1692 2589 1874 2644 cultus
1897 2606 2045 2660 pra:-

466 2671 573 2737 [οι-ι
613 2672 933 2756 imaginem;
968 2690 1129 2743 quem
1171 2675 1437 2732 Dominus
1474 2676 1774 2747 abrogavit,
1802 2692 1869 2732 eo
1893 2677 2043 2748 quod

466 2762 604 2817 nulli
657 2773 945 2833 praestaret
995 2763 1158 2836 497
1203 2765 1630 2826 absolutionem.
1674 2766 1821 2820 Nihil
1869 2768 2039 2833 enim,

465 2852 666 2924 inquit,
701 2856 771 2911 ad
798 2857 1083 2927 perfectum
1101 2858 1322 2913 adduxit
1346 2858 1431 2912 lea:
1445 2860 1489 2915 ⁸.
1520 2860 1698 2930 Magni
1726 2871 1908 2916 autem
1943 2862 2047 2917 Da-

470 2946 610 3003 vidis
650 2963 900 3019 regnum,
940 2948 1113 3019 ﬁgura
1143 2959 1230 3005 est
1259 2951 1440 3006 cultus
1474 2952 1811 3022 evangelici;
1840 2952 2045 3023 quippe

468 3036 563 3105 qui
584 3051 777 3092 omnes
814 3037 869 3091 in
903 3040 1066 3094 corde
1090 3038 1187 3094 Dei
1216 3040 1548 3097 exsistentes
1573 3042 1885 3098 voluntates
1914 3058 2044 3112 per-
2068 3068 2113 3131 ο

470 3126 613 3181 lecte
645 3129 1042 3198 complectatur
1057 3131 1100 3185 ’.

540 3218 632 3273 55.
667 3218 820 3286 Saul,
843 3228 1054 3276 natura:
1075 3221 1163 3277 lex
1193 3232 1297 3288 est,
1322 3223 1467 3278 cuia
1502 3224 1774 3294 principio
1833 3232 2045 3279 naturas

471 3307 763 3377 imperium
795 3324 825 3362 a
856 3307 969 3363 Deo
992 3309 1366 3366 concreditum
1396 3318 1501 3367 est.
1532 3312 1582 3366 ls
1619 3326 1786 3381 porro
1831 3327 1929 3382 per
1962 3311 2048 3367 iu-

472 3399 844 3454 obedientiam
872 3399 1121 3455 divinum
1156 3406 1531 3472 transgressus
1555 3403 1895 3469 mandatum,
1921 3419 2048 3473 par-

472 3492 647 3548 cendo
673 3493 817 3563 Agag
846 3491 957 3564 regi
990 3475 1212 3549 Amalec
1241 3493 1369 3565 (hoc
1390 3503 1492 3559 est,
1524 3495 1792 3565 corporis)
1834 3495 2047 3565 lapsus-

474 3599 581 3652 que
611 3582 667 3635 in
690 3582 821 3636 vitia
857 3598 921 3637 ac
954 3582 1237 3650 libidines,
1269 3600 1443 3656 regno
1470 3587 1682 3656 eiectus
1711 3594 1795 3640 est
1824 3589 1867 3619 ³ο
1892 3604 1907 3652 ;
1935 3602 2048 3656 quo

476 3676 687 3730 scilicet
758 3674 929 3730 David
990 3675 1251 3732 lsraelem
1314 3678 1612 3748 regendum
1687 3679 2044 3749 susciperet:

475 3781 673 3836 nempe
724 3766 813 3821 lex
888 3766 1137 3836 spiritus,
1192 3768 1309 3837 ipsa
1376 3768 1537 3823 Pacis
1588 3770 1603 3789 ⁶
1664 3785 1863 3840 parcns
1927 3784 2048 3839 quae

477 3856 955 3927 contemplationis
978 3857 1240 3928 templum
1277 3857 1392 3912 Deo
1425 3857 1730 3929 .magnilice
1781 3865 2045 3913 exstruat.

548 4035 635 4090 54.
657 4034 900 4102 Samuel,
932 4035 978 4090 si
1011 4051 1213 4091 nomen
1244 4034 1649 4105 interpreteris,
1677 4034 1772 4088 Dei
1806 4034 2051 4087 obedien-

479 4128 554 4181 tia
583 4126 803 4181 dicitur.
848 4125 1104 4193 Quandiu
1151 4143 1283 4196 ergo
1304 4142 1402 4197 per
1449 4125 1820 4181 obedientiam
1862 4124 2050 4180 Sermo

2122 523 2257 568 σεως
2308 506 2484 572 λόγον,
2528 504 2623 557 καὶ
2654 504 2751 574 τὴν
2785 500 2912 575 περῖ
2935 503 3120 557 παθῶν
3155 505 3585 575 μετερχομένους
3606 506 3684 560 δε-

2120 595 2414 651 δασκαλίαν
2442 608 2457 625 ⁸
2512 594 2635 648 καθ’
2681 596 2748 666 ἢν
2801 596 2897 647 καὶ
2945 595 2975 647 6
3031 595 3202 663 μέγας
3258 595 3578 660 Ἀπόστολος
3627 599 3685 650 ἐν

2123 689 2286 756 σαρκὶ
2309 686 2742 757 λυσιτελέστερον
2795 685 3008 755 ἔκρινεν
3056 681 3195 738 εἶναι
3227 701 3242 716 ·
3305 687 3570 748 τουτέστι,
3616 689 3683 755 τῇ

2120 779 2283 848 ἠθικῇ
2308 776 2646 849 διδασκαλίᾳ,
2674 776 2763 831 διὰ
2804 777 2929 838 τοὺς
2960 775 3208 846 μαθητάς
3235 792 3250 806 ·
3282 775 3399 827 ὅλον
3434 774 3570 845 ἔχω’
3596 775 3686 827 τὸν

2122 866 2286 919 πόθον
2347 864 2611 919 ἀναλῦσαι
2661 864 2760 934 τῆς
2811 863 3010 934 ἠθικῆς
3053 864 3419 927 διδασκαλίας,
3470 866 3563 918 καὶ
3592 865 3690 917 σὺν

2122 956 2343 1027 Χριστῷ
2370 957 2645 1026 γενέσθαι,
2692 955 2793 1009 5ιᾶ
2826 955 2925 1025 τῆς
2968 954 3112 1009 κατά
3146 954 3270 1010 νοῦν
3314 955 3688 1026 ὑπερκοσμίου

2124 1050 2221 1103 καὶ
2251 1049 2427 1120 ἁπλῆς
2459 1049 2709 1119 θεωρίας.

2196 1319 2260 1367 ν’.
2301 1313 2515 1381 Ὠσπερ
2564 1309 2886 1380 πνιγόμενον
2929 1298 3009 1376 τῷ
3055 1306 3275 1378 πονηρῷ
3303 1307 3572 1376 πνεύματι
3602 1303 3713 1360 τὸν

2128 1404 2315 1467 Σαοὺλ,
2341 1402 2557 1472 ψάλλων
2592 1402 2731 1473 μετά
2763 1401 2863 1471 τῆς
2911 1399 3170 1469 κιννύρας
3210 1398 3484 1451 ἀνέπαυεν
3519 1399 3549 1450 6
3592 1414 3701 1464 μα-

2129 1498 2319 1568 κάριος
2363 1494 2526 1549 Δαὸίδ
2558 1509 2573 1529 ⁸
2620 1492 2764 1549 οὕτω
2811 1491 2904 1546 καὶ
2957 1492 3066 1553 πᾶς
3108 1490 3265 1557 λόγος
3310 1488 3703 1558 πνευματικὸς,

2130 1590 2448 1655 γνωστικοῖς
2491 1586 2815 1658 ήδυνόμενος
2864 1584 3235 1654 θεωρήμασιν,
3288 1579 3553 1635 ἀναπαύει
3606 1577 3705 1631 τὸν

2133 1677 2628 1748 ἐπιληπτευόμενον
2648 1675 2797 1742 νοῦν,
2842 1677 2941 1746 τῆς
2978 1672 3278 1744 πνιγούσης
3320 1670 3481 1726 αὐτόν
3529 1687 3705 1739 πονη-

2138 1770 2237 1842 ρᾶς
2269 1767 2569 1840 ἐλευθερῶν
2592 1768 2973 1837 συνειδήσεως.

2206 1951 2307 2000 να¹.
2339 1942 2637 2015 Πυρῤἀκης
2669 1941 2808 2012 μετά
2830 1939 3060 2003 κάλλους
3088 1937 3384 2008 ὀφθαλμῶν
3413 1937 3528 1990 ἐστι
3559 1935 3705 1989 κατά

2135 2032 2226 2092 τὸν
2262 2038 2431 2107 μέγαν
2460 2034 2625 2090 Δαὸὶδ
2649 2034 2782 2105 (ll),
2815 2035 2844 2087 6
2891 2032 2968 2103 τῷ
3012 2030 3221 2102 φαιδρῷ
3253 2028 3347 2082 τοῦ
3388 2028 3524 2082 κατά
3568 2027 3705 2080 Θεὸν

2141 2132 2279 2201 βίου,
2310 2130 2402 2183 τὸν
2432 2130 2536 2197 τῆς
2567 2126 2817 2195 γνώσεως
2845 2125 3000 2189 λόγον
3021 2123 3158 2192 ἔχων
3201 2121 3701 2189 συνεπιλάμποντω

2138 2222 2259 2277 καθ’
2287 2220 2381 2285 οὓς
2407 2221 2441 2290 ή
2475 2219 2671 2291 πρᾶξίς
2699 2236 2758 2271 τε
2795 2217 2891 2270 καὶ
2940 2217 2975 2285 ἡ
3026 2214 3226 2285 Θεωρία
3271 2212 3659 2282 συνεστήκασιν
3682 2226 3702 2242 ο

2140 2317 2172 2385 ή
2209 2315 2327 2385 μὲν,
2359 2311 2567 2383 ἀρετῶν
2590 2306 3017 2380 λαμπρυνομένη
3047 2307 3270 2378 τρόποις
3294 2322 3309 2336 ο
3339 2307 3375 2373 ἡ
3416 2303 3495 2365 δὲ,
3538 2302 3703 2366 θείοις

2141 2406 2481 2477 φωτιζομένη
2507 2404 2792 2474 νοήμασιν.

2208 2590 2310 2662 νβ’,
2354 2590 2421 2643 Ἥ
2459 2588 2556 2658 μὲν
2588 2585 2682 2641 τοῦ
2713 2585 2886 2640 Σαοὺλ
2918 2585 3184 2656 βασιλεία,
3234 2588 3332 2657 τῆς
3389 2585 3710 2655 σωματικῆς

2141 2680 2235 2736 τοῦ
2261 2682 2427 2751 νόμου
2454 2677 2706 2748 λατρείας
2750 2677 2896 2730 ἐστὶν
2934 2675 3097 2730 εἰκών
3129 2692 3143 2708 ·
3180 2676 3296 2746 ήνό
3346 2672 3557 2745 Κύριος
3580 2692 3711 2731 κατ-

2143 2774 2407 2844 ήργησεν,
2459 2768 2534 2832 ὡς
2566 2769 2734 2840 μηδὲν
2769 2766 3158 2821 τελειώσασαν.
3189 2767 3381 2821 Οὐδὲν
3418 2768 3550 2839 γὰρ,
3600 2786 3707 2838 φη-

2144 2868 2250 2927 σὶν,
2284 2861 2633 2916 ἐτελείωσεν
2659 2861 2692 2914 ό
2712 2860 2914 2927 νόμος.
2955 2860 3020 2911 Ἦ
3042 2858 3099 2912 δὲ
3129 2857 3224 2913 τοῦ
3263 2859 3496 2929 μέγαλου
3547 2859 3711 2913 Δαόὶδ

2148 2955 2411 3028 βασιλεία,
2437 2954 2536 3023 τῆς
2567 2951 2927 3023 εὐαγγελικῆς
2954 2953 3070 3005 ἐστι
3120 2950 3373 3021 λατρείας
3421 2950 3710 3022 προδιατύ-

2144 3063 2319 3109 πωσις
2343 3062 2359 3077 ο
2389 3043 2570 3098 πάντα
2593 3042 2791 3113 γᾶραά
2820 3044 2879 3096 ὲν
2907 3041 3102 3113 καρδίᾳ
3131 3042 3225 3095 τοῦ
3259 3041 3394 3096 Θεοῦ
3429 3042 3713 3112 θελήματα

2149 3137 2366 3199 τελείως
2395 3136 2660 3206 περιέχει.

2224 3224 2323 3293 νγ’.
2367 3225 2425 3278 Ὀ
2457 3223 2646 3285 Σαοὺλ,
2675 3225 2704 3277 6
2734 3222 2960 3291 φυσικός
2988 3223 3104 3275 ἐστι
3137 3220 3299 3290 νόμος
3326 3237 3339 3251 ·
3385 3222 3415 3273 6
3450 3222 3567 3274 κατ’
3610 3221 3716 3290 ἀρ-

2150 3316 2251 3388 χάς
2289 3314 2564 3387 κυριεύειν
2597 3315 2698 3383 τῆς
2727 3314 2945 3384 φύσεως
2973 3314 3123 3385 παρά
3152 3312 3245 3366 τοῦ
3280 3313 3485 3383 Κυρίου
3511 3313 3714 3383 λαχών.

2158 3409 2252 3470 Ὃς
2291 3406 2475 3476 ἐπειδὴ
2507 3406 2721 3477 παρέόη
2755 3406 2854 3475 τὴν
2887 3406 3104 3474 ἐντολήν
3140 3404 3225 3458 διὰ
3256 3404 3562 3475 παρακοῆς,
3599 3422 3720 3471 φει-

2153 3496 2386 3565 σάμενος
2429 3493 2525 3548 τοῦ
2578 3492 2751 3561 ’Δγάγ
2806 3492 3069 3561 βασιλέως
3129 3490 3372 3561 Ἀμάληκ
3404 3507 3418 3521 ·
3473 3489 3719 3542 τουτέστι

2150 3586 2245 3640 τοῦ
2271 3585 2525 3655 σώματος
2556 3600 2570 3613 ·
2601 3586 2696 3638 καὶ⁵
2724 3584 2860 3655 πρὸς
2891 3582 2961 3637 τά
2994 3582 3140 3654 πάθη
3176 3581 3505 3636 κατώλισθεν
3535 3597 3549 3609 ο
3586 3581 3720 3644 eam-

2139 3678 2325 3733 ⁹θεῖται
2374 3677 2475 3746 τῆς
2523 3674 2819 3746 βασιλείας,
2871 3675 2957 3730 ἵνα
2991 3674 3280 3746 παραλάϐῃ
3318 3673 3408 3726 τὸν
3449 3672 3664 3742 Ἰσραὴλ
3691 3672 3722 3722 6

2153 3770 2318 3824 Δαϐίδ
2342 3784 2356 3798 ³
2390 3768 2667 3821 τουτέστιν
2702 3769 2732 3820 6
2762 3766 2924 3836 νόμος
2952 3765 3046 3818 τοῦ
3080 3764 3411 3835 πνεύματος,
3448 3762 3475 3815 6
3516 3760 3722 3828 γεννῶν

2153 3861 2254 3930 τὴν
2283 3861 2508 3931 εἰρήνην
2546 3857 2645 3928 τὴν
2689 3856 3077 3929 οἰκοδομοῦσαν
3127 3853 3436 3926 περιφανῶς
3478 3851 3556 3922 τῷ
3601 3850 3723 3919 Θεῷ

2154 3952 2245 4005 τὸν
2265 3950 2362 4021 τῆς
2392 3949 2622 4020 θεωρίας
2640 3949 2785 4003 ναόν.
3452 3994 3455 3997 .

2232 4038 2325 4094 νδ’.
2359 4037 2612 4109 Σαμουὴλ
2634 4033 2875 4103 ὑπακοὴ
2917 4034 3065 4090 Θεοῦ
3099 4032 3477 4106 ἑρμηνεύεται.
3509 4026 3720 4081 Οὐκοῦν

2157 4132 2261 4195 ἕως
2305 4131 2371 4185 ἂν
2413 4130 2533 4184 καθ’
2557 4128 2801 4198 ὑπακοὴν
2830 4128 2859 4180 6
2881 4127 3037 4195 λόγος
3065 4129 3122 4180 έν
3153 4127 3283 4196 ἡμῖν
3312 4121 3584 4193 ίερατεύῃ,
3616 4119 3721 4173 κᾶν

480 4215 535 4272 in
557 4217 716 4273 nobis
767 4217 1076 4272 sacerdotio
1108 4216 1376 4287 fungitur,
1436 4216 1652 4271 tametsi
1700 4215 1831 4271 Saul
1870 4214 2046 4286 Agaga

2159 4224 2411 4294 φεισηται
2442 4222 2537 4275 τοῦ
2579 4221 2749 4289 Ἀγάγ
2785 4223 2815 4274 6
2862 4218 3036 4274 Σαούλ
3065 4234 3081 4250 ο
3111 4218 3379 4284 τουτέστι,
3409 4214 3501 4268 τοῦ
3535 4210 3719 4283 χοϊκοῦ

479 4316 669 4379 parcat
701 4308 945 4379 (terreno
975 4309 1187 4364 scilicet
1224 4308 1434 4380 sensui)
1482 4310 1602 4363 zelo
1644 4318 1828 4363 tamen
1860 4323 2046 4363 accen-

2159 4315 2541 4386 φρονήματοςσ
2577 4311 2691 4366 ἀλλ’
2725 4306 2816 4365 οῦν
2840 4310 3131 4364 ἀποκτενεῖ
3173 4306 3363 4362 τοῦτον
3409 4304 3655 4376 ζηλώσας
3693 4303 3723 4355 6

481 4416 577 4455 sus
627 4400 820 4455 Sermo
869 4400 1145 4464 sacerdos,
1202 4400 1355 4455 illum
1401 4398 1623 4469 perimit
1667 4400 1732 4463 ”,
1782 4398 2046 4454 animum-

2158 4407 2332 4477 ἱερεὺς
2351 4405 2542 4472 Λόγος,
2563 4404 2656 4457 καὶ
2680 4402 2901 4473 πλήττει
2932 4398 3305 4469 καταισχύνων
3324 4398 3413 4450 τὸν
3443 4396 3722 4465 φιλαμαρ-

482 4507 590 4560 que
640 4490 849 4560 peccati
893 4490 1119 4546 libidine
1164 4492 1469 4561 impensum
1520 4490 1899 4554 confundens,
1953 4506 2046 4544 ceu

2157 4500 2367 4569 τήμονα
2388 4498 2533 4562 νοῦν,
2566 4496 2641 4561 ὡς
2666 4494 2988 4567 παραϐάτην
3010 4493 3117 4547 τῶν
3135 4492 3292 4545 θείων
3314 4488 3727 4558 δικαιωμάτων.

483 4581 798 4637 divinorum
837 4584 1545 4655 trausgressoremjurium,
1589 4582 1843 4652 percellit
1866 4597 1931 4636 ac
1976 4581 2056 4635 fe-
2520 4584 2523 4587 ’

483 4672 579 4727 rit.
1294 4674 1304 4682 '

551 4764 639 4818 55.
674 4763 778 4820 Ubi
803 4763 1018 4819 animus
1038 4763 1295 4834 superbia
1322 4763 1520 4828 elatus,
1540 4762 1810 4818 doctriure
1838 4777 2046 4816 sermo-

2228 4761 2319 4810 νε⁹,
2359 4754 2528 4808 Ἐπὰν
2560 4754 2587 4806 6
2617 4751 2738 4815 νοῦς
2772 4748 3239 4822 ὑψηλοφρονήσας,
3263 4747 3351 4801 τὶν
3372 4746 3514 4799 κατα
3538 4743 3729 4797 παθῶν

481 4867 633 4918 nem,
689 4867 855 4923 aquo
900 4852 1164 4908 adversus
1220 4851 1353 4906 vitia
1405 4852 1744 4922 all‘ectusque
1793 4850 2046 4905 iuunctus

2157 4848 2318 4901 αὐτὸν
2341 4845 2605 4918 χρίσαντα
2630 4846 2730 4915 τῆς
2754 4841 3100 4925 διδασκαλίας
3137 4839 3296 4909 λόγον
3338 4838 3474 4909 (19.),
3514 4835 3603 4890 διὰ
3626 4835 3729 4904 τῆς

540 5031 817 5102 “Philipp.
889 5031 1040 5102 1,23.
1111 5030 1195 5102 fl
1243 5031 1375 5102 Reg.
1441 5029 1685 5102 “1,23.
1760 5026 1947 5082 'ibid.
2009 5026 2046 5079 lt

2165 5022 2373 5079 'llebr.
2436 5038 2528 5086 vn,
2571 5019 2655 5078 l9.
2729 5019 2794 5073 Ἰ
2829 5018 2965 5089 Reg.
3023 5032 3125 5084 va,
3169 5017 3228 5083 l;
3286 5014 3403 5070 Act.
3461 5028 3575 5079 xm,
3634 5010 3724 5064 ἓξ.

488 5100 533 5133 ¹⁰
559 5101 577 5155 Ι
606 5100 741 5171 Reg.
767 5100 862 5166 xv,
893 5100 946 5157 9.
1025 5100 1066 5132 “
1109 5100 1130 5155 Ι
1166 5101 1300 5170 Reg.
1334 5100 1443 5166 'xv,
1492 5100 1576 5154 l7.

560 5259 580 5280 ‘
613 5256 819 5327 Nempe
852 5255 1181 5319 Salomonis,
1216 5254 1365 5325 quod
1402 5254 1610 5308 dictum
1665 5269 1695 5306 a
1750 5264 1886 5321 pace
1940 5263 2168 5304 nomen.

490 5414 648 5485 ponit
675 5412 773 5484 τῷ,
807 5412 1249 5485 προηγουμένως·
1277 5410 1506 5485 Cogente
1522 5408 1703 5485 aliqua
1728 5408 2054 5485 necessitate,
2163 5411 2391 5485 [centum
2424 5402 2703 5485 disciplina
2746 5398 3021 5485 parataita
3039 5396 3269 5485 Lvalde
3288 5394 3721 5485 _{ll‘l_SDllll‘IB-_.eff;

492 5468 604 5539 ἶιοιι
642 5468 788 5539 ultro
811 5468 877 5537 ac
900 5468 1174 5537 destinata
1197 5468 1504 5543 Lvolun'tate.
1540 5468 1702 5535 Picus
1740 5468 2058 5549 περίστασιν
2163 5468 2450 5549 ipsumque
2473 5468 2592 5541 ejus
2615 5468 2761 5549 quod
2790 5470 3003 5549 Marcus
3039 5468 3412 5549 Maximusque
3442 5468 3725 5549 statuunt_,

494 5536 785 5623 ὂέήηρὶᾱςζ
804 5536 1201 5623 circumstantia
1218 5536 1891 5623 qqunzsalutisLPro'PO
1912 5545 2061 5623 (1⁸³οᾴ
2164 5536 2534 5623 έ⁰¹¹¹ῗθῆἓ¹¹¹ίῖ
2574 5536 2648 5595 π-
2666 5540 2816 5623 ΥθΙἮ
2840 5539 2953 5592 haec
2991 5538 3116 5623 il’ﬁi‘.
3144 5536 3589 5623 Ῠὶίέίῖῳωίθῆδ
3615 5545 3728 5587 κῃ

498 5606 916 5692 estnam-rupta;
962 5622 1190 5692 ἕνεκεν)
1230 5606 1623 5692 ἒαίιιιίεεωωα.
1655 5606 1750 5692 Ἷξδ.
1783 5615 1881 5692 τὴν
1927 5606 2046 5692 περὶ

2167 5615 2345 5670 monis
2373 5612 2597 5667 dimissa
2617 5609 2866 5675 scientia,
2902 5622 3013 5661 non
3040 5606 3118 5659 illi
3143 5606 3415 5675 opposita.

499 5689 685 5744 παθῶν
709 5686 1136 5762 μετερχομένους
1158 5690 1524 5756 διδασκαλίαν,
1551 5688 1697 5756 quod
1730 5686 1940 5750 reddit,
1975 5691 2069 5749 al-
