4094 6204
462 290 597 356 ιιιρ
688 250 696 262 ’

1268 291 1601 353 CAPITUM
1636 292 1909 355 THEOL.
1949 293 2046 353 ET
2084 292 2322 355 (ECON.
2364 294 2753 356 CENTURIA
2793 295 2879 355 II.

3540 262 3717 361 .1150

455 405 842 480 προσηκούσης
869 406 1097 476 ἐρεύνης
1150 406 1443 478 ἐπερωτῶν
1464 409 1591 479 περὶ
1619 409 1728 461 τῶν
1768 410 2036 479 ποιητέων

2140 409 2476 479 fuerat.qua
2500 425 2597 479 par
2619 406 3011 477 estdiligentia
3057 423 3121 464 ac
3176 408 3459 465 scrutandi
3520 410 3724 465 seduli-

456 498 552 551 καὶ
598 496 659 549 ού
714 494 987 565 ποιητέων
1018 494 1312 561 παύσαιτο,
1355 499 1467 562 τοῖς
1492 498 1690 551 πάθεσι
1716 500 1939 561 πάντως
1981 499 2039 561 ἐξ

456 584 684 655 ἀγνοίας
736 574 1065 640 ἁλίσκεται·
1123 585 1195 638 δι’
1251 579 1326 639 ὧν
1371 587 1516 642 κατὰ
1560 589 1728 659 μέρος
1754 582 1858 643 ’τοῦ
1902 589 2039 642 Θεοῦ

457 678 846 755 χωριζόμενος,
879 679 938 729 ἐν
965 679 1085 740 ταῖς
1104 677 1380 742 ἀκουσίως
1403 681 1756 749 περιστάσεσι
1790 698 2041 751 προσχω-

462 771 548 841 ρεϊ
571 770 681 830 τοῖς
735 768 976 839 δαίμοσι,
1017 768 1118 838 τὴν
1149 770 1356 823 κοιλίαν
1383 770 1643 823 θεοποιῶν
1670 787 1682 801 ·
1716 771 1927 825 ἐκεῖθεν
1952 773 2043 825 εὑ-

462 861 649 933 ρέσθαι
675 859 847 914 θέλων
881 859 990 914 τῶν
1017 859 1311 924 πιεζόντων
1340 860 1703 931 παράκλησιν.
1754 861 1863 913 Καὶ
1915 878 2038 914 πει-

461 953 601 1007 θέτω
630 970 686 1005 σε
719 952 912 1017 Σαοὺλ,
942 956 999 1006 ὲν
1027 954 1161 1007 πᾶσι
1188 952 1490 1023 σύμϐουλον
1522 955 1595 1024 μὴ
1630 954 1919 1024 λαμϐάνων
1947 957 2038 1008 τδν

460 1042 734 1114 Σαμουὴλ,
767 1042 826 1107 ἐξ
857 1044 1100 1113 ἀνάγκης
1123 1043 1261 1114 πρὸς
1290 1043 1705 1112 είδωλολατρίαν
1737 1061 2035 1114 μεταστρε-

463 1134 716 1203 φόμενος,
748 1135 843 1187 καὶ
871 1135 969 1204 τὴν
1012 1134 1487 1206 Ἑγγαστρίμυθον
1516 1136 1590 1200 ὡς
1633 1137 1696 1207 δή
1746 1154 1872 1191 τινα
1905 1138 2038 1191 Θεὸν

462 1225 745 1297 ἐπερωτᾷν
775 1226 1120 1297 ἀνεχόμενος.

532 1405 640 1464 νςθ.
702 1400 761 1453 ’0
791 1400 880 1454 τὸν
906 1400 1068 1470 ἄρτον
1091 1400 1383 1473 εὐχόμενος
1402 1400 1591 1455 λαϐεῖν
1617 1400 1710 1455 τὸν
1737 1399 2033 1466 ἐπιούσιον,

461 1491 523 1544 οὐ
558 1492 773 1556 πάντως
807 1492 925 1546 ὅλον
954 1493 1174 1563 δέχεται
1208 1493 1388 1557 καθὼς
1421 1493 1585 1557 αὐτὸς
1615 1495 1643 1546 ὁ
1672 1492 1835 1561 ἄρτος
1866 1489 2033 1545 ἐστίν’

463 1584 601 1639 ἀλλά
660 1586 840 1650 καθὼς
890 1587 1052 1650 αὐτὸς
1097 1589 1126 1640 ό
1166 1587 1453 1658 δεχόμενος
1479 1585 1726 1642 δύναται.
1771 1587 1912 1640 Πᾶσι
1936 1584 2037 1654 μὲν

2143 505 2274 561 tate,
2307 499 2376 559 de
2404 498 2633 569 agendis
2658 507 2715 552 ct
2737 514 2846 551 non
2880 498 3108 567 agendis
3140 499 3449 568 percontati
3472 498 3717 563 desierit,

2140 588 2367 643 omnino
2389 605 2457 644 ex
2482 589 2787 659 ignorantia
2818 588 3012 643 iisdem
3038 589 3314 644 obnoxius
3374 590 3467 655 fit;
3518 590 3722 659 quibus

2140 696 2170 734 a
2202 680 2310 735 Deo
2330 680 2593 749 paulatim
2632 680 2918 745 recedens,
2946 680 3197 735 adversis
3247 680 3468 735 casibus
3515 681 3721 750 quibus

2141 767 2350 823 invitus
2411 770 2780 832 examinator,
2831 769 2898 822 ad
2966 768 3244 824 daemones
3312 770 3558 836 accedit;
3624 771 3718 840 qui

2138 858 2310 913 Deum
2361 868 2613 914 ventrem
2648 860 2819 914 faciat
2847 861 2910 923 ¹⁹,
2942 860 3180 929 indeque
3236 877 3265 914 a
3300 862 3478 927 malis,
3515 863 3719 931 quibus

2137 951 2431 1019 premitur,
2456 952 2704 1006 levamen
2739 968 2803 1007 ac
2838 952 3095 1006 solatium
3128 961 3360 1021 quaerat.
3419 954 3457 1006 F
3465 953 3717 1023 idemque

2138 1041 2301 1095 faciat
2323 1042 2475 1107 Saul,
2516 1043 2724 1097 idcirco
2746 1043 2891 1112 quod
2922 1059 3032 1097 non
3068 1044 3122 1097 in
3153 1043 3411 1097 omnibus
3435 1045 3717 1099 consuluit

2138 1131 2469 1197 Samuclem,
2500 1134 2813 1188 necessario
2834 1133 2899 1186 ad
2929 1133 3201 1188 idolorum
3229 1132 3554 1187 servitutem
3584 1150 3718 1187 con-

2137 1239 2349 1287 versus,
2386 1239 2449 1278 ac
2479 1225 2574 1293 qui
2608 1224 3013 1293 ventriloquam
3040 1239 3139 1278 ceu
3179 1239 3385 1277 numen
3438 1225 3714 1294 quoddam

2134 1316 2507 1370 acoraculum
2546 1316 2837 1372 consulere
2874 1331 2984 1369 non
3012 1315 3269 1369 abnuerit
3292 1315 3356 1368 ¹³.

2205 1407 2292 1461 56.
2333 1408 2435 1474 Qui
2462 1424 2658 1477 panem
2690 1408 3076 1478 quotidianum
3112 1416 3266 1478 rogat
3298 1409 3568 1479 accipere,
3600 1425 3711 1464 non

2135 1496 2361 1551 omnino
2396 1505 2570 1551 totum
2595 1496 2816 1565 accipit,
2853 1504 3093 1564 quantus
3112 1495 3232 1564 ipse
3267 1495 3425 1577 panis
3457 1504 3561 1559 est,
3614 1495 3711 1549 sed

2135 1587 2314 1663 quoad
2358 1588 2648 1657 accipienti
2707 1604 2807 1657 per
2846 1587 3163 1643 facultatem
3209 1586 3359 1641 licet.
3403 1587 3538 1640 Nam
3593 1587 3711 1657 ipsc

462 1678 571 1748 γὰρ
612 1678 802 1732 ἑαυτὸν
836 1679 1019 1733 δίδωσι
1055 1682 1165 1743 τοῖς
1204 1679 1413 1734 αἰτοῦσι
1435 1680 1465 1732 ὁ
1488 1679 1587 1749 τῆς
1610 1681 1753 1750 ζωῆς
1775 1679 1935 1750 ἄρτος
1958 1677 2035 1741 ὡς

2136 1677 2357 1746 quidem
2381 1678 2538 1747 panis
2564 1678 2689 1733 vita:
2714 1678 2776 1740 “,
2805 1692 3077 1746 propensa
3125 1678 3372 1731 bonitate
3422 1694 3541 1742 sua,
3577 1694 3713 1733 eun-

462 1769 858 1841 φιλάνθρωπος,
888 1771 949 1823 οὐ
978 1772 1120 1825 κατά
1152 1772 1214 1825 τὸ
1242 1772 1372 1825 αὐτὸ
1395 1769 1453 1825 δὲ
1493 1773 1699 1825 πᾶσιν
1740 1769 1877 1824 ἀλλά
1920 1770 2034 1833 τοῖς

2133 1766 2238 1823 etis
2294 1782 2354 1824 se
2411 1767 2751 1837 petentibus.
2785 1768 2888 1822 etsi
2932 1782 3042 1822 non
3095 1766 3289 1823 eadem
3340 1768 3597 1823 omnibus
3627 1785 3715 1823 ra-

463 1860 565 1929 μὲν
596 1860 804 1930 μεγάλα
827 1862 1173 1932 δικαιοσύνης
1205 1861 1341 1933 ἔργα
1372 1862 1716 1936 πεποιηκόσι,
1746 1862 2022 1924 πλειόνως*

457 1952 571 2013 τοῖς
616 1950 675 2004 δὲ
701 1950 907 2004 τούτων
937 1952 1180 2023 ἥττοσιν,
1218 1953 1456 2019 ἡττόνως
1477 1967 1492 1984 ⁸
1522 1953 1739 2023 ἑκάστῳ
1780 1951 1962 2015 καθὼς
1995 1952 2028 2021 ἡ

332 2070 343 2079 ε
382 2116 391 2123 ο
457 2042 601 2095 κατὰ
622 2041 744 2097 νοῦν
782 2043 909 2109 ἀξία
940 2043 1198 2109 δέξασθαι
1222 2043 1465 2097 δύναται.

526 2311 626 2375 νζν.
673 2310 732 2365 Ὀ
772 2310 975 2382 Κύριος
1010 2309 1141 2363 ποτὲ
1178 2309 1278 2380 μὲν
1306 2309 1597 2381 ἀποδημεῖ,
1629 2310 1758 2364 ποτὲ
1781 2310 1838 2362 δὲ
1870 2308 2029 2379 ἐνδη-

456 2406 570 2472 μεί.
615 2402 928 2472 ’Λποδημεί,
957 2402 1097 2455 κατά
1128 2401 1226 2472 τὴν
1249 2401 1541 2473 πρόσωπον
1576 2402 1706 2470 πρὸς
1739 2400 2027 2472 πρόσωπον

454 2493 687 2563 θεωρίαν
713 2509 727 2523 ο
760 2493 1000 2564 ὲνδημεῑ,
1034 2492 1174 2547 κατὰ
1199 2494 1298 2563 τὴν
1349 2496 1408 2549 ὲν
1452 2495 1701 2566 ἐσόπτρῳ
1745 2494 1837 2548 καὶ
1884 2493 2028 2547 αίνί-

452 2603 627 2657 γμασι
654 2587 907 2660 θεωρίαν.
1382 2586 1389 2593 ’

522 2767 623 2839 νη⁰.
660 2769 751 2841 Τῷ
778 2770 878 2841 μὲν
914 2772 1227 2842 πρακτικῷ,
1271 2772 1491 2842 ἐνδημεῖ
1536 2772 1625 2825 διὰ
1671 2770 1778 2824 τῶν
1814 2769 2024 2841 ἀρετῶν

452 2857 481 2910 δ
512 2856 714 2929 Κύριος
738 2876 754 2892 ·
785 2860 879 2914 τοῦ
909 2862 966 2915 δὲ.
1005 2864 1209 2932 μηδένα
1238 2864 1395 2931 λόγον
1422 2863 1744 2932 ποιουμένου
1769 2860 1867 2931 τῆς
1898 2862 2026 2930 ἀρε-

450 2949 572 3020 τῆς,
599 2952 889 3023 ἀποδημεῖ.
917 2954 1026 3007 Καὶ
1055 2955 1237 3020 πάλιν,
1289 2956 1367 3026 τῷ
1420 2956 1519 3025 μὲν
1548 2951 1888 3024 θεωρητικῷ,
1935 2953 2023 3007 διὰ

450 3046 704 3112 γνώσεως
727 3046 833 3100 τῶν
860 3046 1027 3101 ὄντων
1054 3047 1289 3117 ἀληθοῦς
1318 3048 1440 3117 ὲνδη
1453 3049 1540 3117 μεῖ
1563 3062 1579 3079 ·
1603 3043 1695 3098 τοῦ
1731 3042 1789 3095 δὲ
1824 3041 2024 3115 ταύτης
2052 3068 2092 3123 C

451 3136 593 3190 κατά
616 3153 667 3189 τι
686 3139 1149 3208 παρασραλέντος,
1170 3141 1200 3192 ἀ
1211 3138 1344 3209 ποδη
1353 3141 1461 3209 μετ.

523 3309 622 3397 νθ’.
660 3311 959 3381 Ἀποδημεί
982 3314 1203 3384 σαρκὸς,
1236 3315 1265 3366 ὁ
1292 3312 1427 3384 πρὸς
1456 3314 1554 3386 τὴν
1584 3315 1888 3390 γνωστικὴν
1910 3318 2026 3383 ἕξιν

457 3402 694 3473 μεταϐὰς
755 3404 861 3457 ἀπὸ
911 3405 1009 3468 τῆς
1057 3406 1366 3476 πρακτικῆς
1396 3424 1410 3438 ’
1446 3409 1823 3479 ἁρπαζόμενος
1858 3412 1934 3475 ὠς
1968 3413 2025 3464 ὲν

451 3493 722 3561 νεφέλαις,
753 3496 865 3557 τοῖς
887 3495 1239 3565 ὑψηλοτέροις
1263 3498 1553 3566 νοήμασιν,
1578 3501 1653 3562 είς
1679 3500 1770 3552 τὸν
1791 3501 2023 3572 διαφανῆ

450 3584 551 3653 τῆς
587 3587 853 3654 μυστικῆς
889 3586 1124 3654 θεωρίας
1162 3587 1301 3656 ἀέρα
1334 3603 1348 3616 ’
1404 3588 1525 3641 καθ’
1575 3588 1634 3640 ὃν
1687 3589 1784 3641 σὺν
1836 3590 2025 3660 Κυρίῳ

450 3670 593 3728 εῖναι
649 3674 940 3745 δυνήσεται
985 3676 1236 3730 πάντοτε.
1278 3677 1540 3747 Ἐκδημεί
1569 3678 1625 3731 δὲ
1647 3679 1757 3730 ἀπὸ
1786 3678 1880 3732 τοῦ
1912 3682 2026 3734 Κυ-

453 3767 595 3837 ρίου,
625 3767 654 3819 ό
687 3767 856 3838 μήπω
883 3765 1008 3837 δίχα
1035 3751 1143 3821 τῶν
1175 3768 1297 3821 κατ’
1322 3767 1578 3837 αἴσθησιν
1607 3769 1894 3837 ἐνεργειῶν
1920 3787 2023 3824 κα-

453 3855 605 3926 θαρῷ
635 3856 715 3910 νοῒ
747 3856 1022 3927 θεωρῆσαι
1055 3857 1197 3911 κατά
1225 3858 1285 3911 τὸ
1312 3858 1531 3928 ἐφικτὸν
1559 3858 1628 3911 τά
1663 3859 1908 3929 νοήματα
1933 3860 2023 3914 δυ-

451 3946 706 4016 νάμενος,
738 3950 833 4002 καὶ
858 3949 951 4003 τὸν
973 3950 1101 4021 περὶ
1129 3949 1223 4002 τοῦ
1253 3950 1460 4021 Κυρίου
1487 3949 1644 4019 λόγον
1672 3951 1880 4006 ἁπλοῦν
1917 3970 2026 4023 χω-

444 4033 541 4103 ρὶς
560 4036 895 4105 αίνιγμάτων
926 4037 999 4106 μὴ
1035 4037 1247 4108 χωρῶν.

522 4206 583 4272 ξ’.
628 4207 685 4260 '0
713 4207 806 4261 τοῦ
834 4208 970 4262 Θεοῦ
990 4211 1161 4285 Λόγος
1201 4212 1285 4283 (f),
1320 4213 1380 4266 οὐ
1415 4213 1577 4283 μόνον
1606 4214 1799 4269 καθότι
1824 4216 2023 4286 σεσάρσ

450 4315 621 4351 κωται
646 4297 861 4367 λέγεται
896 4300 1066 4373 σάρξ·
1101 4302 1238 4357 ἀλλά
1258 4302 1446 4357 καθότι
1472 4306 1603 4369 Θεὸς
1631 4305 1801 4373 Λόγος
1837 4306 2022 4370 ἁπλῶς

2134 1858 2283 1914 tione
2316 1858 2545 1928 parique
2567 1858 2954 1914 distributione
2978 1858 3217 1928 pnebet;
3254 1858 3373 1924 sed,
3430 1858 3539 1914 illis
3582 1859 3711 1928 qui-

2131 1949 2257 2004 dem
2308 1948 2561 2016 abunde,
2619 1950 2713 2019 qui
2772 1965 2967 2020 magna
3019 1949 3431 2021 designaverint
3479 1949 3712 2020 iustitiae

2130 2056 2328 2110 opera;
2377 2041 2467 2096 his
2520 2050 2703 2097 autem
2734 2041 2830 2110 qui
2868 2041 3113 2096 minores
3157 2042 3493 2103 exstiterint,
3546 2040 3711 2110 paulo

2128 2132 2369 2201 parcius,
2401 2132 2602 2202 cuique
2636 2133 2869 2196 scilicet,
2894 2142 3159 2202 quantum
3185 2149 3284 2203 pro
3312 2133 3481 2188 animi
3532 2132 3713 2203 digni-

2132 2232 2240 2280 tate
2269 2233 2434 2293 atque
2466 2224 2668 2278 merito
2702 2231 2879 2293 potest
2902 2239 3120 2296 capere.
3622 2225 3635 2233 '

2200 2316 2287 2370 57.
2317 2316 2600 2379 Dominus,
2625 2315 2823 2385 partim
2845 2314 3069 2384 quidem
3097 2314 3321 2379 absens,
3348 2314 3548 2382 partim
3570 2329 3711 2382 prm-

2128 2422 2254 2460 scns
2292 2418 2398 2459 est.
2459 2405 2674 2461 Absens
2694 2414 2802 2469 est,
2846 2404 2993 2474 quod
3025 2404 3092 2459 ad
3135 2419 3254 2459 eam
3288 2403 3553 2457 visionem
3584 2401 3711 2456 atti-

2126 2506 2242 2560 net,
2264 2513 2386 2568 quaz
2415 2506 2499 2552 est
2519 2497 2652 2552 facis
2674 2498 2741 2552 ad
2756 2496 2923 2567 498
2944 2496 3136 2551 faciem
3158 2512 3172 2560 ;
3194 2504 3278 2549 est
3301 2510 3431 2549 vero
3448 2509 3705 2565 prmsens,

2127 2597 2393 2657 quantum
2418 2587 2483 2641 ad
2510 2602 2629 2641 eam
2655 2585 3170 2656 contemplationem
3186 2585 3377 2655 quain
3396 2584 3621 2654 speculo
3645 2598 3708 2638 ac

2125 2678 2412 2743 aenigmate
2436 2687 2520 2732 est
2544 2679 2608 2733 ".

2152 2818 2155 2819 ν
2198 2771 2285 2824 58.
2326 2771 2410 2831 Ei,
2441 2770 2533 2839 qui
2596 2785 2655 2823 se
2692 2767 2894 2823 actioni
2944 2766 3237 2837 impendit,
3290 2765 3557 2819 Dominus
3609 2780 3708 2835 per

2125 2862 2360 2916 virtutes
2408 2864 2596 2924 adest;
2629 2860 2698 2915 ab
2733 2875 2801 2915 eo
2844 2868 3029 2915 autem
3072 2858 3165 2929 qni
3224 2858 3430 2912 nullam
3485 2856 3706 2911 virtutis

2126 2952 2401 3005 rationem
2459 2950 2644 3010 habet,
2701 2964 2931 3019 peregre
2972 2956 3076 3012 est,
3143 2948 3463 3023 Rursusque
3504 2945 3705 2999 colt-nti

2125 3039 2437 3101 scientiam,
2472 3053 2536 3091 ac
2562 3036 3011 3106 contemplationi
3053 3035 3239 3089 dedito
3262 3050 3360 3103 per
3386 3049 3566 3087 veram
3619 3049 3708 3086 re-

2126 3145 2247 3183 rum
2274 3128 2642 3197 cognitionem
2670 3143 2911 3196 przesens
2931 3126 2993 3181 fit
3016 3144 3031 3192 ;
3061 3126 3128 3179 ah
3177 3142 3244 3181 eo
3270 3135 3451 3180 autem
3508 3125 3708 3180 absens

2126 3230 2231 3281 est,
2262 3220 2357 3290 qui
2387 3220 2497 3274 ulla
2525 3220 2737 3273 ratione
2768 3219 2834 3273 ab
2866 3234 2928 3272 ea
2954 3216 3316 3272 aberraverit.

2195 3312 2284 3367 59.
2319 3312 2554 3380 Peregre
2571 3318 2707 3364 esta
2749 3324 2933 3371 carne,
2969 3308 3060 3376 qui
3098 3307 3166 3361 ab
3212 3306 3430 3361 actione
3473 3305 3708 3359 commi-

2124 3403 2300 3471 gravit
2325 3400 2391 3455 ad
2424 3398 2669 3455 scientia
2703 3398 2992 3463 habitum;
3054 3397 3147 3467 qui
3182 3397 3333 3451 velut
3368 3395 3421 3448 in
3460 3394 3705 3449 nubibus

2124 3492 2373 3560 rapiatur
2431 3489 2784 3559 (sublimibus
2837 3488 3050 3542 scilicet
3095 3487 3293 3555 sensis)
3352 3487 3407 3540 in
3461 3487 3705 3556 mystica:

2124 3580 2606 3650 contemplationis
2650 3579 2985 3649 pellucidum
3036 3594 3240 3641 aerem,
3272 3578 3366 3632 ubi
3414 3594 3533 3632 esse
3578 3592 3704 3631 eum

2123 3673 2356 3727 Domino
2386 3686 2605 3741 semper
2628 3671 2834 3741 pot'erit
2865 3669 2930 3735 ’⁸,
2958 3669 3190 3739 Peregre
3213 3684 3348 3723 vero
3390 3677 3475 3723 est
3518 3683 3548 3721 a
3598 3669 3705 3722 Do-

2123 3763 2293 3824 mino,
2328 3762 2422 3831 qui
2453 3762 2689 3817 necdum
2717 3761 2925 3816 otiante
2956 3776 3123 3815 sensu
3161 3760 3389 3829 ejusque
3446 3759 3702 3813 submota

2122 3852 2359 3915 actione,
2412 3867 2551 3920 pura
2610 3858 2816 3915 mente,
2869 3865 3027 3905 sensa
3076 3850 3215 3919 ipsa.
3264 3848 3443 3919 quoad
3493 3848 3703 3902 homini

2122 3954 2447 3994 concessum
2504 3948 2608 4003 est,
2668 3938 3032 4008 contemplari
3096 3937 3392 4007 potest;is
3435 3937 3697 4006 denique,

2121 4030 2217 4100 qui
2255 4030 2560 4099 simplicem
2596 4030 2664 4085 de
2691 4030 2803 4085 Deo
2830 4045 3141 4086 sermonem
3169 4041 3333 4100 atque
3372 4028 3699 4093 doctrinam,

2121 4121 2329 4190 absque
2368 4121 2718 4190 aanigmatum
2755 4119 3056 4174 involucris
3085 4134 3195 4173 non
3229 4118 3393 4189 capit.
3648 4128 3649 4131 ‘

2193 4213 2280 4269 60.
2316 4213 2414 4269 Dei
2443 4198 2708 4275 Verbum,
2743 4211 2945 4266 nedum
2970 4212 3337 4282 qua.ratione
3366 4227 3585 4267 carnem
3620 4228 3706 4268 as-

2125 4303 2381 4373 sumpsit,
2411 4319 2541 4358 caro
2568 4305 2907 4373 appellatur;
2937 4303 3031 4358 sed
3067 4319 3173 4373 qua
3205 4303 3371 4358 etiam
3393 4303 3540 4358 Deus
3568 4303 3705 4359 Ver-

452 4391 736 4461 νοούμενος
766 4393 823 4446 ἐν
846 4394 987 4465 ἀρχῇ
1024 4394 1165 4466 πρὸς
1185 4396 1277 4449 τὸν
1306 4397 1438 4450 Θεὸν
1465 4398 1562 4452 καὶ
1621 4399 1862 4470 Πατέρα,
1929 4399 2023 4453 καὶ

2129 4393 2257 4449 bum
2281 4394 2606 4464 simpliciter
2628 4394 2683 4448 in
2713 4394 2987 4464 principio
3017 4393 3161 4465 apud
3192 4393 3364 4448 Deum
3397 4402 3452 4448 et
3486 4395 3701 4449 Patrem

452 4486 644 4550 σαφεῖς
678 4500 770 4537 κιι
798 4488 1038 4556 γυμνοὺς
1066 4488 1192 4552 τοὺς
1214 4490 1311 4560 τῆς
1340 4488 1597 4559 ἀληθείας
1617 4490 1868 4562 περὶτῶν
1888 4492 2026 4545 ὅλων

454 4571 596 4642 ἔχων
615 4575 842 4643 τύπους,
872 4579 935 4631 οὐ
961 4578 1207 4650 περιέχει
1239 4580 1554 4651 παραϐολὰς
1584 4583 1676 4635 καὶ
1707 4582 2022 4651 αἰνίγματα’

454 4664 577 4717 οὐδὲ
600 4667 839 4737 ίστορίας
867 4669 1129 4739 δεομένας
1153 4671 1483 4743 ἀλληγορίας
1508 4686 1523 4702 °
1558 4673 1698 4726 ἐπάν
1728 4674 1783 4727 δὲ
1817 4674 2027 4745 ἀνθρώ-

452 4769 578 4817 ποις
628 4754 944 4829 ὲπιδημήσῃ
1006 4757 1081 4829 μὴ
1117 4758 1435 4830 δυναμένοις
1476 4761 1668 4831 γυμνῷ
1696 4761 1775 4832 τῷ
1816 4761 1896 4815 νοτ
1925 4780 2025 4831 γυ-

454 4846 605 4914 μνοῖς
645 4845 1002 4915 προσϐάλλειν
1027 4851 1139 4912 τοῖς
1167 4851 1395 4919 νοητοῖς·
1421 4850 1529 4903 ἀπὸ
1562 4850 1668 4904 τῶν
1696 4851 1878 4916 αὐτοῖς
1904 4870 2025 4907 συν-

452 4933 601 5004 ήθων
633 4935 1036 5007 διαλεγόμενος,
1069 4938 1157 4993 διά
1183 4940 1282 5010 τῆς
1313 4939 1421 4993 τῶν
1453 4941 1705 5013 ἱστοριῶν
1738 4943 1829 4997 καὶ
1880 4945 2024 4997 αίνι-

451 5024 679 5096 γμάτων
699 5027 795 5081 καὶ
820 5028 1142 5099 παραϐολῶν
1180 5030 1278 5085 καὶ
1315 5032 1606 5086 σκοτεινῶν
1636 5033 1809 5103 λόγων
1841 5052 2021 5091 ποικι-

524 5178 576 5252 “_
594 5179 831 5252 Philipp.
895 5196 974 5249 ιιι,
1025 5180 1109 5238 l9.

1222 5183 1317 5240 “1
1362 5185 1496 5257 Reg.
1539 5203 1723 5252 xxvm,
1773 5188 1804 5241 7
1846 5202 1992 5260 seqq.

451 5264 527 5316 ιτ,
559 5249 642 5305 l6.

524 5407 597 5488 (f)_
632 5408 696 5462 Ὀ
726 5409 833 5463 τοῦ
869 5410 1025 5488 98οῇ
1057 5412 1268 5488 Λόγος.
1297 5413 1539 5468 Utuntur
1569 5413 1742 5470 Graeci
1777 5414 2014 5488 theologi

452 5478 691 5555 quadam
740 5479 1104 5555 amplitudine
1132 5478 1236 5555 hac
1281 5498 1595 5555 vocetnec
1642 5500 1782 5554 saepe
1828 5478 2016 5555 aptum

452 5547 682 5604 omnino
733 5547 1012 5618 est—quod
1061 5550 1301 5605 Verbum
1361 5552 1610 5607 redditur
1654 5571 1668 5607 :
1719 5547 1802 5608 uti
1852 5547 2017 5609 etiam

452 5633 580 5692 eum
612 5618 702 5673 hic
739 5618 1025 5692 Maximus,
1079 5636 1180 5690 per
1210 5622 1422 5692 singula
1469 5624 1671 5692 scripta
1705 5625 1905 5687 verba,
1949 5625 2019 5678 δι’

455 5688 686 5745 ἑκάστου
706 5688 815 5744 τῶν
835 5688 1337 5765 ἀναγεγραμμένων
1368 5688 1647 5764 ῥημάτων,
1673 5694 1749 5749 ait
1774 5693 2023 5750 incarna-

2125 4485 2493 4550 intellectum,
2527 4484 2814 4554 clarasque
2844 4500 2907 4539 ac
2926 4484 3103 4539 nudas
3139 4485 3522 4539 universorum
3552 4485 3702 4539 veri-

2125 4577 2255 4631 tatis
2280 4576 2488 4631 formas
2517 4575 2747 4642 babens,
2780 4576 2962 4630 nullas
2995 4575 3286 4645 parabolas
3320 4592 3383 4630 ac
3412 4575 3703 4645 aenigmata

2123 4682 2248 4723 cum
2304 4667 2722 4736 complectatur,
2755 4682 2920 4724 easve
2954 4665 3217 4721 historias
3248 4681 3387 4735 quas
3434 4681 3535 4735 per
3564 4666 3701 4719 alle-

2122 4758 2331 4830 goriam
2374 4773 2652 4828 exponere
2696 4773 2922 4813 necesse
2954 4758 3057 4823 sit;
3088 4757 3184 4810 ubi
3217 4757 3285 4811 ad
3325 4755 3579 4810 homines
3602 4771 3700 4811 ve-

2129 4852 2232 4915 nit,
2258 4851 2353 4922 qui
2380 4850 2525 4905 nuda
2562 4860 2745 4905 mente
2770 4865 2858 4906 res
2883 4843 3182 4920 spiritales,
3228 4847 3378 4918 ipsas
3408 4848 3583 4901 nudas
3613 4847 3703 4901 in-

2130 4943 2374 5014 telligere
2403 4959 2515 4998 non
2565 4941 2813 5013 possint;
2864 4958 2932 4997 ex
2989 4939 3056 4995 iis
3107 4940 3389 4995 disserens
3437 4955 3559 5009 quae
3592 4938 3702 4994 illis

2125 5042 2390 5091 consueta
2442 5049 2619 5103 exque
2655 5048 2759 5088 usu
2801 5038 3007 5096 essent,
3043 5029 3401 5086 historiarum
3435 5031 3699 5102 aenigma-

2120 5186 2163 5220 “
2185 5187 2340 5244 Joan.
2381 5203 2455 5253 τι,
2504 5187 2593 5243 55.
2703 5188 2799 5243 “I
2836 5188 2965 5244 Cor.
3017 5204 3132 5251 xm,
3176 5189 3264 5243 l2.
3371 5187 3465 5242 “1
3502 5187 3695 5245 Thess.

2124 5414 2169 5468 ri
2204 5413 2294 5467 τὸν
2324 5414 2515 5481 Λόγον·
2554 5411 2627 5467 ita
2660 5420 2716 5467 ut
2744 5412 2911 5465 verba
2935 5418 3001 5481 et
3018 5425 3183 5465 voces
3207 5408 3320 5464 sint
3350 5407 3501 5462 velut
3526 5420 3696 5481 caro,

2125 5483 2275 5538 illius
2295 5474 2510 5538 eximia:
2537 5483 2729 5551 Λόγου,
2755 5481 2929 5544 Verbi,
2964 5479 3255 5551 Sermonis,
3287 5491 3451 5551 quem
3473 5485 3527 5531 et
3550 5474 3699 5551 Scri-

2126 5562 2303 5623 ptura:
2338 5552 2464 5679 ξῦν
2499 5546 2652 5619 dicit,
2676 5546 2732 5609 et
2761 5551 3000 5608 Verbum
3037 5550 3094 5605 in
3124 5546 3397 5621 principio
3422 5546 3566 5619 apud
3597 5546 3697 5602 Pas

2128 5633 2287 5680 trem.
2313 5638 2342 5679 e
2406 5662 2422 5678 .

2272 5664 2287 5691 ,
2313 5638 2422 5679 etc.
