4094 6204
416 295 548 364 1:51
617 249 622 254 ’

1577 296 1638 356 S.
1682 291 1965 354 ΜΑΧΙΜΙ
2006 291 2519 355 CONFESSORIS

3555 289 3688 354 ιιεθ

414 413 641 474 tumque
675 413 730 458 ct
748 401 1132 472 parabolarum
1157 399 1658 470 obscuriorumque
1679 417 1989 456 sermonum

2100 399 2221 464 λίας
2247 402 2648 474 συντιθέμενος,
2669 403 2876 472 γίνεται
2908 403 3062 476 σάρξ.
3097 404 3257 458 Κατὰ
3278 403 3384 476 γὰρ
3410 403 3505 474 τήν
3535 403 3672 474 πρώ-

413 498 680 551 varictatc
733 493 1140 562 compositum,
1195 509 1325 548 caro
1380 493 1636 549 etlicitur.
1687 495 1806 549 Non
1847 495 1998 548 enim

413 589 590 657 prima
630 587 816 640 statim
843 585 1320 650 consideratione,
1372 601 1530 640 mens
1568 595 1757 641 nostra
1788 586 1999 639 nudum

413 679 593 749 ipsum
632 679 871 732 Verbum
911 677 1135 749 attingit
1182 693 1250 733 ac
1308 678 1601 748 intelligit,
1635 677 1732 733 sed
1757 678 2000 732 Verbum

415 774 788 835 iucarnatum,
817 771 1126 826 dictionum
1145 770 1360 824 scilicet
1374 770 1640 824 varietate
1663 769 1997 839 implexum:

413 865 594 934 ipsum
641 864 866 934 quidem
910 871 1106 918 natura
1139 862 1416 928 Verbum;
1466 863 1562 917 sed
1611 863 1759 932 quod
1815 871 1999 915 tamen

411 973 540 1012 caro
571 957 964 1026 conspiciatur,
1021 956 1102 1010 sic
1143 955 1407 1008 nimirum
1451 963 1512 1009 ut
1543 955 1734 1024 plures
1777 968 2000 1008 carnem

411 1066 523 1104 non
583 1049 824 1105 Verbum
879 1049 1068 1103 videre
1113 1047 1220 1103 sibi
1266 1048 1598 1112 videantur;
1647 1046 1752 1101 etsi
1804 1061 2000 1100 revera

410 1141 652 1195 Verbum
692 1149 795 1195 est.
835 1141 955 1194 Non
997 1139 1142 1194 enim
1171 1138 1266 1208 qui
1303 1139 1468 1207 vulgo
1494 1137 1733 1198 videtur.
1772 1139 1817 1191 is
1847 1135 2002 1190 Scri-

409 1242 587 1304 pturzc
615 1249 811 1288 sensus
838 1241 924 1288 est
953 1249 1020 1287 ac
1049 1232 1386 1296 intellectus,
1417 1231 1512 1285 sed
1545 1231 1688 1284 alius
1714 1245 1878 1298 quam
1903 1227 2002 1297 qui

2095 510 2194 564 την
2243 495 2572 565 προσϐολὴν,
2613 497 2674 548 οῦ
2705 496 2897 567 γυμνῷ
2941 496 3276 567 προσϐάλλει
3305 495 3464 566 Λόγῳ
3495 498 3522 548 ὁ
3549 496 3683 566 ἡμέ-

2093 601 2253 657 τερος
2279 586 2404 649 νοῦς
2433 604 2445 618 ο
2495 587 2633 640 ἀλλὰ
2675 588 2835 658 Λόγῳ
2872 588 3284 659 σεσαρκωμένῳ
3310 595 3330 619 ⁸
3363 587 3564 659 δηλαδὴ
3614 590 3682 659 τῇ

2097 677 2342 747 ποικιλίᾳ
2370 677 2481 730 τῶν
2524 677 2725 744 λέξεων
2751 697 2764 710 ο
2815 680 2974 750 Λόγῳ
3025 679 3124 748 μὲν
3173 679 3307 744 ὄντι,
3349 681 3418 749 τῇ
3475 678 3677 748 φύσει·

2099 769 2266 838 σαρκὶ
2294 767 2350 820 δὲ
2379 772 2444 838 τῇ
2479 768 2598 838 ὄψει
2629 785 2642 800 ⁸
2673 769 2815 823 ὥστε
2843 771 2970 834 τοὺς
3003 769 3255 835 πολλοὺς,
3293 770 3471 841 σάρκα
3501 772 3593 823 καὶ
3621 772 3681 824 οῦ

2098 857 2270 926 Λόγον
2293 860 2426 929 ὁρᾷν
2448 859 2626 913 δοκεῖν
2653 859 2757 913 κᾶν
2791 861 2839 912 εἰ
2870 858 3015 913 κατὰ
3048 859 3308 931 ἀλήθειάν
3340 861 3460 912 ἐστι
3489 861 3668 929 Λόγος.

2099 953 2174 1005 υύ
2223 952 2332 1025 γὰρ
2369 955 2506 1025 ὅπερ
2549 954 2696 1006 δοκεῖ
2727 957 2842 1019 τοῖς
2889 955 3129 1020 πολλοῖς,
3151 955 3310 1008 τοῦτο
3331 957 3429 1026 τῆς
3459 956 3683 1025 Γραφῆς

2097 1044 2248 1096 ἐστιν
2277 1047 2305 1098 ό
2335 1044 2479 1109 νοῦς,
2510 1045 2628 1099 ἀλλ’
2665 1047 2856 1118 ἕτερον
2897 1049 3050 1120 παρὰ
3081 1048 3144 1102 τὸ
3186 1047 3400 1102 δοκοῦν.
3466 1049 3523 1102 '0
3573 1051 3688 1116 γὰρ

2097 1135 2290 1202 Λόγος.
2334 1136 2401 1190 δι’
2438 1139 2674 1194 ἑκάστου
2715 1139 2824 1193 τῶν
2855 1141 3370 1212 ἀναγεγραμμένων
3420 1142 3685 1212 ῥημάτων

2098 1226 2311 1295 γίνεται
2354 1228 2512 1298 σάρξ.

411 1326 490 1380 ita
540 1327 781 1381 videtur.
819 1327 952 1382 Nam
1001 1327 1244 1383 Verbum
1281 1326 1497 1397 (Λόγος,
1542 1341 1640 1380 seu
1683 1323 1900 1394 Sermo)
1938 1337 1989 1392 ρ(

2092 1321 2323 1393 singulas
2368 1340 2492 1394 qum
2565 1325 2788 1396 scriptae
2821 1336 2953 1382 sunt
2999 1344 3165 1384 voces
3212 1327 3520 1400 (ῥημάτων)
3550 1344 3685 1384 caro

409 1417 669 1472 efﬁcitur.

479 1508 568 1563 61.
607 1507 792 1562 Prima
851 1523 1139 1562 nominum
1194 1507 1264 1563 ad
1321 1507 1584 1578 pietatem
1629 1505 1946 1561 rudimenta
1977 1542 1994 1568 ,

409 1601 565 1670 quasi
591 1600 656 1655 ad
694 1616 920 1655 carnem
950 1600 1069 1656 ﬁeri
1103 1609 1536 1656 consueverunt.
1573 1599 1782 1654 Littera
1821 1597 1994 1662 enim,

2174 1503 2276 1570 ξα’.
2338 1505 2403 1560 Ἦ
2450 1506 2677 1578 ἀπαρχὴ
2719 1508 2823 1578 τῆς
2873 1508 3016 1580 πρὸς
3052 1509 3349 1564 εὐσέϐειαν.
3380 1510 3686 1582 μαθητείας

2097 1592 2208 1647 τῶν
2261 1592 2588 1664 ἀνθρώπων,
2642 1594 2719 1658 ὡς
2766 1595 2906 1666 πρὸς
2959 1595 3141 1668 σάρκα
3172 1596 3418 1666 γίνεσθαι
3448 1599 3684 1666 πέφυκε.

409 1708 520 1745 non
553 1690 751 1760 spiritu
800 1690 1253 1756 consuescimus;
1290 1705 1417 1745 cum
1453 1689 1694 1759 primum
1723 1687 1791 1742 ad
1820 1687 1989 1757 pieta-

2098 1683 2393 1755 Γράμματι
2427 1683 2559 1756 γάρ,
2598 1683 2719 1740 ἀλλ’
2747 1685 2808 1738 οὐ
2843 1685 3118 1758 πνεύματι
3145 1688 3288 1742 κατά
3319 1688 3418 1758 τὴν
3457 1687 3686 1761 πρώτην

411 1791 519 1836 tem
548 1782 794 1835 animum
833 1781 1141 1851 adjicimus.
1173 1781 1442 1836 Paulatim
1475 1796 1609 1836 vero
1636 1779 1705 1834 ad
1736 1779 1995 1849 spiritum

409 1873 804 1942 provehentes,
844 1872 1338 1943 subtilioribusque
1381 1872 1548 1944 599
1580 1873 1758 1928 sensis
1799 1871 1998 1926 dictio-

409 1981 544 2019 num
582 1965 891 2019 crassitiem
926 1965 1258 2020 deradentes
1310 1981 1374 2019 ac
1407 1974 1720 2027 tenuantes,
1761 1965 1817 2018 in
1853 1979 1995 2034 puro

408 2074 545 2128 pure
574 2057 821 2123 Christo,
860 2058 1041 2127 quoad
1077 2073 1176 2128 per
1208 2057 1525 2113 facultatem
1574 2056 1896 2111 hominibus
1923 2056 1993 2110 li-

407 2158 517 2212 cet,
549 2150 886 2213 invenimur;
921 2149 996 2203 ita
1042 2158 1106 2202 ut
1141 2149 1296 2219 juxta
1351 2164 1611 2218 magnum
1661 2147 1989 2218 Apostolum

407 2239 685 2308 possimus
715 2239 904 2298 dicere
937 2258 949 2292 :
983 2239 1099 2293 Etsi
1122 2241 1456 2310 cognovimus
1488 2239 1755 2296 Christum
1803 2255 1992 2293 secun-

404 2329 530 2383 dum
558 2346 772 2383 carnem
794 2370 808 2393 ,
847 2329 939 2383 sed
966 2347 1103 2382 nunc
1145 2346 1248 2383 non
1292 2331 1530 2383 novimus
1553 2330 1633 2394 ‘7;
1678 2343 1747 2383 eo
1777 2327 1992 2383 scilicet

405 2421 552 2488 quod
609 2421 847 2492 simplici
897 2421 1103 2475 mentis
1138 2421 1585 2476 consideratione
1621 2420 1862 2476 Verbum
1902 2420 1991 2474 in-

403 2507 737 2579 telligamus,
787 2509 997 2578 absque
1030 2509 1140 2564 illis
1188 2509 1488 2563 involucris
1529 2509 1734 2578 quibus
1763 2509 1988 2579 tegitur;

404 2616 602 2671 nempe
633 2601 988 2672 proficientes
1017 2601 1086 2654 ab
1105 2616 1173 2655 eo
1198 2600 1346 2671 quod
1374 2609 1460 2656 est
1493 2600 1734 2656 Verbum
1761 2616 1989 2656 carnem

400 2709 756 2764 cognoscere,
787 2693 856 2748 ad
900 2695 1021 2765 ejus
1049 2692 1282 2764 gloriam
1323 2693 1480 2762 quasi
1515 2691 1798 2764 Unigeniti
1825 2709 1855 2748 a
1882 2694 1989 2748 Pa-

402 2795 486 2840 tre
525 2787 590 2841 "’.

470 2877 561 2934 62.
590 2877 697 2945 Qui
727 2878 896 2932 vitam
929 2894 1052 2949 qua:
1107 2887 1194 2934 est
1244 2878 1299 2932 in
1342 2875 1571 2933 Christo
1631 2875 1907 2940 instituit,
1941 2875 1990 2930 is

401 2981 520 3028 tum
547 2970 764 3041 legalis,
797 2979 913 3025 tum
946 2970 1216 3025 naturalis
1243 2969 1471 3040 iustitia:
1505 2976 1680 3023 metas
1712 2967 1984 3034 excessit;

2098 1776 2181 1839 εἰς
2210 1775 2525 1830 θεοσέϐειαν
2557 1777 2868 1848 προσϐολὴν
2895 1778 3218 1850 ὁμιλοῦμεν.
3243 1779 3402 1836 Κατὰ
3433 1781 3598 1852 μέρος
3624 1781 3687 1835 δὲ

2097 1865 2522 1936 προσϐαίνοντες
2543 1867 2623 1938 τῷ
2645 1867 2943 1940 πνεύματι,
2981 1871 3077 1924 καὶ
3100 1871 3161 1924 τδ
3189 1872 3338 1942 παχὺ
3371 1873 3485 1926 τῶν
3508 1873 3685 1943 ρημά·

2093 1975 2202 2012 των
2241 1961 2356 2022 τοῖς
2407 1958 2758 2032 λεπτοτέροις
2809 1963 3164 2034 θεωρήμασιν
3212 1965 3561 2031 ἀποξέοντες,
3622 1967 3684 2018 ὲν

2095 2051 2322 2122 καθαρῷ
2353 2052 2610 2123 καθαρῶς
2638 2053 2718 2122 τῷ
2747 2053 2972 2125 Χριστῷ
3003 2056 3271 2126 γινόμεθα
3317 2057 3458 2111 κατὰ
3488 2058 3550 2110 τὸ
3588 2058 3684 2111 δυ-

2094 2143 2254 2196 νατὸν
2281 2141 2592 2214 ἀνθρώποις
2621 2159 2634 2172 ’
2663 2145 2742 2208 εἰς
2771 2144 2832 2198 τὸ
2875 2144 3136 2200 δύνασθαι
3174 2147 3356 2216 λέγειν
3402 2148 3542 2202 κατὰ
3585 2149 3680 2202 τὸν
3749 2151 3757 2157 ’

2107 2234 2427 2288 Ἀπόστολον
2461 2253 2473 2266 ⁸
2506 2237 2575 2290 Εἰ
2623 2236 2721 2290 καὶ
2757 2236 3103 2306 ἐγνώκαμεν
3134 2239 3284 2292 κατὰ
3312 2238 3511 2308 σάρκα
3544 2241 3678 2309 Χρι-

2093 2323 2264 2389 στὸν,
2325 2326 2489 2381 ἀλλὰ
2544 2326 2663 2381 νῦν
2711 2327 2914 2382 οὐκέτι
2971 2328 3347 2398 γινώσκομεν
3368 2346 3381 2359 ·
3436 2330 3527 2384 διὰ
3578 2330 3678 2399 τὴν

2093 2416 2275 2488 ἁπλῆν
2301 2418 2546 2490 δηλονότι
2577 2419 2714 2490 πρὸς
2746 2419 2837 2475 τὸν
2860 2421 3032 2489 Λόγον
3067 2421 3241 2493 χωρὶς
3272 2420 3382 2475 τῶν
3414 2423 3501 2475 ἐπ’
3530 2421 3677 2492 αὐτῷ

2092 2511 2469 2582 καλυμμάτων
2502 2511 2598 2566 τοῦ
2634 2511 2755 2576 νοὸς
2811 2513 3120 2584 προσϐολήν
3155 2531 3170 2546 ο
3211 2514 3320 2568 ἀπὸ
3365 2513 3459 2567 τοῦ
3499 2515 3678 2582 σάρκα

2089 2603 2180 2656 τὸν
2212 2603 2383 2672 Λόγον
2405 2602 2719 2672 γινώσκειν,
2757 2605 2837 2665 εἰς
2871 2605 2989 2676 τήν,
3023 2605 3101 2669 ὡς
3133 2605 3477 2676 Μονογενοῦς
3525 2606 3677 2676 παρὰ

2092 2694 2305 2764 Πατρὸς
2334 2695 2502 2750 αὐτοῦ
2537 2695 2696 2762 δόξαν
2720 2697 3116 2769 προκόψαντες.

2163 2866 2262 2940 ξβ’.
2304 2869 2362 2924 '0
2389 2868 2491 2942 τήν
2532 2871 2592 2925 ὲν
2645 2871 2865 2944 Χριστῷ
2913 2873 3087 2944 ζήσας
3135 2874 3302 2946 ζωὴν,
3331 2871 3432 2946 τήν
3473 2893 3533 2930 τε
3578 2875 3676 2932 τοῦ

2089 2959 2256 3029 νόμου
2283 2961 2380 3016 καὶ
2411 2961 2511 3032 τῆς
2541 2963 2759 3031 φύσεως
2792 2962 3040 3035 ὑπερέϐη
3069 2963 3420 3037 δικαιοσύνην
3447 2984 3460 2998 ο
3493 2969 3627 3039 ὅπερ
3645 2971 3677 3024 ὁ

397 3065 546 3136 quod
579 3064 802 3119 divinus
852 3064 1146 3134 Apostolus
1181 3063 1335 3118 hisce
1384 3061 1573 3118 verbis
1618 3059 1984 3132 signiﬁcavit:

2095 3056 2240 3119 θεῖος
2284 3056 2696 3129 ινδεικνύμενος
2740 3060 3062 3124 Ἀπόστολός
3119 3079 3285 3132 φησιν
3315 3077 3330 3092 ⁸
3399 3064 3501 3118 Ἔν
3565 3065 3678 3134 γὰρ

397 3153 461 3207 In
493 3153 701 3209 Christo
729 3153 854 3208 Jcsu
895 3171 1062 3224 neque
1094 3155 1422 3208 circumcisio
1449 3161 1546 3218 est,
1583 3167 1750 3222 neque
1777 3165 1990 3222 prwpu-

398 3246 624 3312 tium";
677 3245 1127 3301 circumcisionis
1185 3245 1409 3316 quidem
1458 3244 1706 3307 nomine,
1755 3243 1986 3313 legalem

394 3338 667 3408 justitiam
712 3338 1032 3404 declarans;
1069 3337 1326 3408 praeputii
1359 3351 1512 3403 vero,
1553 3334 1988 3408 aequabilitatem

397 3439 613 3485 natura:
647 3430 1072 3486 convenientem
1105 3429 1488 3485 subindicans.

467 3522 556 3576 63.
587 3521 693 3576 Alii
735 3538 801 3577 ex
836 3537 979 3592 aqua
1027 3530 1083 3577 et
1123 3522 1324 3592 spiritu
1372 3530 1766 3586 renascuntur;
1805 3518 1899 3574 alii
1930 3518 1988 3574 in

398 3611 612 3682 Spiritu
645 3624 836 3668 sancto
853 3621 908 3669 et
932 3612 1056 3685 igne
1089 3613 1365 3683 baptisma
1391 3611 1783 3682 suscipiunt".
1815 3611 1990 3666 Porro

397 3712 636 3776 quatuor
668 3705 806 3772 haec,
839 3722 1038 3777 aquam
1073 3706 1288 3762 scilicet
1316 3713 1374 3760 et
1415 3703 1672 3776 spiritum
1703 3713 1761 3760 et
1802 3705 1984 3775 ignem

397 3806 453 3849 et
480 3795 749 3866 Spiritum
789 3806 1064 3862 sanctum,
1102 3812 1278 3852 unum
1309 3793 1679 3865 eumdemque
1714 3794 1981 3865 Spiritum

397 3885 494 3941 Dei
525 3885 793 3958 intelligo.
843 3887 983 3943 Aliis
1029 3901 1269 3958 namque
1301 3885 1540 3958 Spiritus
1569 3893 1795 3942 sanctus
1839 3901 1980 3956 aqua

395 3988 500 4041 est,
533 3979 682 4033 velut
712 3979 804 4050 qui
853 3979 1102 4036 exterius
1153 3981 1346 4036 sordes
1392 3979 1648 4050 corporis
1698 3979 1987 4051 detergere

396 4067 632 4134 habeat;
670 4069 794 4124 aliis
829 4086 962 4124 vero
993 4070 1342 4125 solummodo
1375 4069 1626 4140 spiritus,
1657 4075 1718 4122 ut
1752 4068 1845 4138 qui
1873 4068 1988 4122 vir-

397 4159 531 4213 tutis
573 4158 714 4214 bona
745 4160 798 4214 vi
834 4176 932 4215 sua
963 4161 1200 4229 elliciat;
1231 4161 1356 4216 aliis
1391 4168 1574 4215 autem
1615 4159 1780 4232 ignis,
1809 4167 1871 4213 ut
1891 4161 1986 4231 qui

395 4251 546 4306 intus
576 4251 694 4322 ipso
728 4253 900 4306 animi
933 4243 1060 4307 sirYu
1093 4253 1369 4308 haerentes
1410 4253 1607 4308 sordes
1642 4252 1986 4307 emundandi

393 4343 448 4396 vi
481 4344 687 4412 polleat
727 4363 737 4396 :
768 4345 837 4399 iis
867 4345 1109 4416 denique
1138 4347 1231 4416 qui
1257 4361 1516 4418 magnum
1551 4346 1836 4401 Danielem
1863 4360 1986 4400 mo-

395 4433 554 4487 ribus
597 4432 863 4499 referant,
898 4433 1140 4504 Spiritus
1168 4444 1410 4499 sanctus,
1438 4443 1499 4490 ut
1531 4434 1626 4504 qui
1658 4433 1984 4505 sapientiam

394 4539 460 4579 ac
495 4524 783 4579 scientiam
813 4525 1220 4581 subministrat.
1263 4514 1342 4581 Ei
1380 4527 1598 4582 diversa
1633 4527 1784 4581 enim
1839 4525 1984 4580 circa

395 4617 704 4687 subjectum
747 4619 1071 4689 operatione
1105 4659 1119 4683 ,
1178 4619 1315 4674 alias
1345 4619 1595 4690 aliasque
1627 4635 1771 4674 unus
1819 4627 1985 4689 atque

395 4709 544 4765 idem
579 4709 820 4780 Spiritus
841 4711 1073 4767 sortitur
1103 4711 1519 4783 appellationes.

463 4805 552 4861 64.
587 4806 664 4861 Ea
695 4807 784 4862 lex
834 4807 1048 4862 ratione
1083 4805 1390 4862 Sabbatum
1429 4803 1727 4868 concessit,
1763 4802 1849 4864 Ut,
1893 4799 1982 4854 in-

393 4897 534 4971 quit,
561 4899 851 4970 rcquiescat
891 4899 1198 4970 jumentum
1249 4909 1399 4952 tuum
1454 4907 1502 4951 et
1540 4911 1719 4951 servus
1764 4902 1884 4947 tuus
1909 4890 1976 4944 ¹¹.

395 4986 569 5044 Porro
593 4977 757 5045 ambo
785 4990 902 5046 haec
922 4989 1222 5045 verborum
1251 4989 1486 5060 quadam
1517 4986 1746 5056 ambage
1775 4985 1979 5042 obscu-

393 5077 554 5148 rique
607 5079 882 5133 sermonis
937 5078 1326 5149 perplexitate.
1385 5092 1590 5148 corpus
1643 5074 1978 5145 signiﬁcant.

393 5166 609 5238 Corpus
649 5168 797 5224 enim
837 5169 1148 5242 iumentum
1181 5177 1269 5224 est
1319 5167 1488 5222 animi
1530 5165 1768 5222 colentis
1804 5165 1982 5220 actio-

398 5276 544 5326 item,
575 5261 723 5331 quod
750 5261 1013 5316 nimirum
1040 5271 1301 5330 tanquam
1325 5274 1488 5321 onus,
1506 5258 1777 5312 virtutum
1801 5254 1983 5310 modis

396 5367 493 5416 per
521 5353 820 5415 actionem,
847 5353 901 5406 vi
931 5361 1152 5423 portare
1184 5359 1434 5424 cogatur.
1461 5351 1595 5421 Ejus
1624 5364 1758 5403 vero
1786 5363 1982 5403 servus

397 5443 494 5513 qui
520 5443 707 5500 studet
758 5443 1255 5516 contemplationi,
1301 5442 1456 5498 velut
1484 5442 1597 5513 jam
1627 5439 1978 5513 spiritalibus

397 5684 431 5742 ..1
444 5688 475 5740 z’.

2088 3147 2322 3214 Χριστῷ
2359 3149 2575 3217 Ἰησοῦ,
2603 3151 2742 3206 οὔτε
2775 3153 3061 3223 περιτομή
3086 3153 3260 3210 ἐστιν
3281 3197 3295 3218 ,
3320 3157 3458 3211 οὔτε
3493 3157 3674 3225 ἀκρο-

2090 3240 2324 3295 ϐυστία.
2356 3241 2456 3294 Διὰ
2491 3242 2591 3312 μὲν
2611 3243 2712 3312 τῆς
2740 3248 3064 3317 περιτομῆς,
3083 3245 3181 3318 τήν
3211 3248 3444 3320 νομικὴν
3463 3249 3677 3302 δικαιο-

2091 3331 2260 3403 σύνην
2295 3332 2542 3404 δηλώσας
2568 3352 2581 3366 ο
2627 3335 2716 3389 διὰ
2766 3335 2824 3389 δὲ
2866 3338 2966 3408 τῆς
2997 3339 3400 3408 ἀκροϐυστίας,
3430 3341 3528 3409 τὴν
3568 3360 3676 3411 cpu-

2090 3425 2251 3494 σικὴν
2283 3426 2559 3494 ἰσονομίαν
2584 3427 2951 3496 αἰνιξάμενος.

2161 3512 2264 3584 ξγ⁹.
2299 3517 2364 3570 Οἰ
2395 3516 2514 3588 μὲν,
2548 3517 2617 3571 δι’
2651 3517 2848 3582 ὕδατος
2872 3519 3278 3588 άναγεννῶνται
3301 3525 3399 3577 καὶ⁵
3423 3523 3675 3596 πνεῦμα·

2088 3621 2181 3664 τος
2205 3622 2220 3636 ο
2255 3607 2304 3659 οἰ
2333 3606 2415 3670 δὲ,
2454 3609 2513 3661 ἐν
2554 3607 2830 3679 πνεύματι
2877 3611 3022 3682 ἁγίῳ
3058 3613 3151 3665 καὶ
3204 3614 3340 3684 πυρὶ
3369 3614 3431 3668 τὺ
3479 3615 3675 3685 βάπτι-

2091 3715 2206 3765 σμα
2237 3698 2507 3769 δέχονται.
2549 3699 2631 3754 Τὰ
2676 3702 2920 3774 τέσσαρα
2971 3704 3031 3757 δὲ
3078 3703 3274 3768 ταῦτα,
3311 3706 3373 3760 τὸ
3425 3706 3569 3778 ὕδωρ
3611 3707 3675 3764 τὲ

2091 3808 2257 3862 φημι,
2281 3791 2380 3846 καὶ
2418 3792 2479 3846 τὸ
2523 3792 2762 3864 πνεῦμα,
2796 3795 2893 3848 καὶ
2942 3779 3182 3868 τδπῦρ,
3222 3797 3318 3850 xui.
3351 3799 3412 3852 τὸ
3457 3801 3675 3869 πνεῦμα

2091 3880 2266 3949 ἅγιον,
2297 3881 2359 3935 τὸ
2386 3881 2445 3934 ἓν
2469 3882 2560 3937 καὶ
2593 3883 2656 3936 τὸ
2679 3884 2812 3937 αὐτὸ
2835 3884 3060 3956 Πνεῦμα
3099 3887 3207 3940 νοῶ
3233 3887 3328 3940 τοῦ
3353 3888 3510 3944 Θεοῦ.
3549 3895 3673 3960 Τοῖς

2093 3973 2191 4043 μὲν
2213 3971 2323 4044 γὰρ
2355 3973 2501 4043 ὕδωρ
2545 3973 2663 4027 ἐστὶ
2691 3973 2752 4027 τὸ
2791 3974 3016 4045 Πνεῦμα
3047 3977 3110 4030 τὺ
3157 3978 3332 4045 ἅγιον,
3369 3977 3446 4041 ὡς
3475 3981 3673 4050 ῥυπτι-

2089 4066 2185 4120 κὸν
2226 4065 2334 4118 τῶν
2387 4065 2543 4128 ἐκτὸς
2596 4066 2725 4136 περί
2767 4067 2829 4121 τὸ
2886 4067 3046 4138 σῶμα
3089 4069 3383 4140 μολυσμῶν
3414 4085 3429 4100 ο
3456 4072 3568 4135 τοίς
3616 4071 3673 4124 δὴ

2091 4157 2308 4228 πνεῦμα
2329 4157 2512 4227 μόνον,
2549 4158 2626 4222 ὡς
2653 4159 3004 4230 ἐνεργητικὸν
3025 4160 3134 4214 τῶν
3164 4164 3284 4215 κατ’
3309 4163 3515 4234 ἀρετὴν
3542 4165 3671 4232 ἀγα·

2091 4247 2219 4301 θῶν·
2252 4251 2364 4313 τοίς
2391 4249 2446 4302 δὲ
2480 4248 2611 4321 πῦρ,
2643 4249 2719 4314 ὡς
2751 4250 3088 4322 καθαρτικὸν
3113 4251 3222 4306 τῶν
3255 4253 3406 4315 ἐντος
3437 4253 3580 4307 κατὰ
3608 4255 3669 4308 τὸ

2091 4340 2255 4411 βάθος
2277 4341 2406 4413 περὶ
2434 4340 2615 4413 ψυχὴν
2646 4341 2881 4414 κηλίδων
2913 4359 2928 4375 ο
2957 4346 3070 4406 τοῖς
3093 4344 3148 4397 δὲ
3186 4345 3326 4398 κατὰ
3362 4346 3453 4398 τὸν
3490 4348 3668 4415 μέγαν

2089 4432 2307 4505 Δανιὴλ,
2347 4434 2564 4505 πνεῦμα
2594 4435 2767 4503 ἅγιον,
2790 4436 2868 4498 ὼς
2904 4435 3098 4505 σοφίας
3135 4437 3230 4489 καὶ
3257 4435 3514 4504 γνώσεως
3538 4456 3668 4509 χορ-

2089 4523 2244 4593 ηγόν.
2295 4524 2391 4577 Ἐκ
2430 4523 2540 4595 γὰρ
2561 4525 2661 4595 τῆς
2690 4524 2947 4595 διαφόρου
2997 4525 3128 4596 περὶ
3173 4525 3234 4579 τὸ
3295 4527 3660 4597 ὑποκείμενον

2090 4613 2394 4685 ἐνεργείας,
2415 4613 2706 4684 διαφόρους
2735 4613 3007 4684 λαμϐάνει
3035 4614 3094 4667 τὸ
3119 4613 3176 4684 ἓν
3202 4614 3296 4667 καὶ
3331 4615 3466 4667 αὐτὸ
3495 4615 3668 4668 Πνεῦ-

2093 4726 2169 4778 μα
2201 4707 2298 4771 τὰς
2320 4706 2711 4778 προσηγορίας.

2162 4795 2255 4863 ξδ’.
2297 4797 2355 4850 ’0
2382 4797 2545 4868 νόμος
2588 4797 2648 4850 τὸ
2682 4796 2963 4851 Σάϐϐατον
3007 4797 3259 4860 δέδωκεν,
3287 4798 3442 4861 Ἵνα,
3479 4797 3668 4868 φησὶν,

2083 4891 2507 4958 ἀναπαύσηται
2537 4890 2600 4943 τὸ
2631 4887 2952 4959 ὑποζύγιόν
2997 4905 3114 4944 σου
3143 4889 3241 4944 καί
3282 4892 3315 4944 ὀ
3345 4889 3487 4955 παῖς
3523 4905 3664 4943 σου.

2096 4979 2405 5050 Ἀμφότεροι
2430 4979 2486 5032 δὲ
2515 4977 2690 5032 ταῦτα
2712 4979 2782 5032 δι’
2813 4979 3156 5048 αἰνιγμάτων
3178 4980 3240 5032 τὸ
3273 4980 3431 5051 σῶμα
3474 4979 3663 5048 δηλοῦο

2087 5088 2160 5125 σι.
2195 5069 2300 5124 Τοῦ
2320 5070 2427 5141 γὰρ
2453 5070 2758 5140 πρακτικοῦ
2779 5070 2898 5134 νοὸς
2929 5069 3224 5138 ὑποζύγιόν
3251 5073 3364 5124 ἔστι
3387 5069 3453 5123 τὸ
3481 5069 3665 5138 σῶμα,

2087 5160 2410 5232 ἀχθοφορεῖν
2477 5159 2570 5230 βίᾳ
2638 5160 2749 5223 τοῖς
2810 5160 3034 5232 τρόποις
3073 5161 3183 5215 τῶν
3259 5159 3469 5233 ἀρετῶν
3525 5158 3665 5212 κατὰ

2088 5254 2187 5324 τὴν
2281 5251 2476 5322 πρᾶξιν
2517 5251 3007 5322 εάναγκαζόμενον.
3082 5250 3191 5305 Τοῦ
3273 5250 3332 5304 δὲ
3401 5249 3664 5319 θεωρητι-

2089 5343 2188 5398 κοῦ
2242 5346 2390 5407 παῖς,
2425 5342 2501 5406 ὡς
2567 5343 2666 5414 ἤδη
2723 5342 2971 5412 λογισθὲν
3029 5343 3376 5415 θεωρήμασι,
3436 5341 3531 5392 καὶ
3575 5340 3659 5391 λο-

2088 5435 2261 5506 γικῶς
2287 5437 2407 5497 ταῖς
2437 5436 2767 5503 γνωπικαίς
2796 5436 3084 5504 ἐπιταγαῖς
3129 5434 3226 5488 τοῦ
3279 5434 3402 5496 νοὸς
3463 5433 3656 5502 ὑπηρε-

445 5640 518 5722 δη
556 5641 600 5696 ll
631 5641 759 5698 Cor.
789 5661 842 5710 v,
898 5644 980 5700 l6.
1063 5645 1102 5676 ¹⁸
1129 5643 1286 5700 Joan.
1327 5660 1366 5708 ι,
1409 5641 1494 5697 Η.
1575 5643 1616 5675 ¹⁹
1694 5641 1869 5696 Galat.
1911 5656 1984 5707 vt,
2042 5639 2126 5695 l5.
2222 5640 2267 5672 '°
2301 5637 2493 5694 Matth.
2529 5653 2608 5704 ιιι,
2663 5639 2759 5707 ll;
2797 5638 2953 5696 Joan.
2992 5656 3071 5706 Ill,
3232 5641 3272 5672 ²¹
3303 5639 3473 5696 Exod.
3511 5653 3662 5705 κχιιι,
