4094 6204
523 287 661 352 1155

1633 352 1664 364 _
1700 282 1760 343 s.
1804 280 2089 342 MAXIM!
2126 279 2635 342 CONFESSORIS

3637 275 3765 342 1156

519 412 747 454 manans
771 395 1253 465 contemplationis
1293 395 1517 451 habitus
1542 403 1746 465 praesto
1772 403 1878 460 est,
1904 404 1966 450 ut
1995 394 2091 467 qui

2200 393 2293 464 θὴν
2309 393 2403 447 καὶ
2436 394 2703 464 σωτήριον
2735 390 3046 463 ποταμηδὺν
3093 389 3388 465 προχέουσι
3423 390 3767 447 διδασκαλίαν

518 488 801 557 sapientia:
828 486 1091 556 praebitor
1112 486 1202 541 sit.
1234 486 1349 541 Illis
1372 486 1612 556 denique
1640 484 1843 540 ﬂuvius
1866 491 1970 549 est,
1994 483 2092 555 qui

518 578 665 649 piam
690 585 748 631 et
780 584 984 629 rectam
1038 591 1102 631 ac
1147 579 1445 632 salutarem
1490 575 1799 632 doctrinam
1847 574 2094 630 ﬂuminis

518 669 691 724 instar
711 668 934 721 uberem
956 667 1322 737 profundunt,
1345 669 1495 724 velut
1523 669 1618 738 qui
1647 668 1902 724 homines
1925 675 2093 736 atque

514 760 761 830 jumenta
794 759 1107 827 bestiasque
1130 767 1188 814 et
1232 761 1461 815 arbores
1500 758 2089 829 stirpesque-ubertim

518 849 791 915 inebriet;
820 864 932 919 quo
962 850 1173 904 scilicet
1193 858 1308 904 tum
1338 850 1589 903 homines
1607 848 1812 903 deitate
1838 846 2095 901 imbuan-

522 951 632 1004 tur,
663 955 855 994 eorum
884 956 1003 1009 qua:
1030 940 1289 994 dicuntur
1318 938 1649 993 sublimibus
1678 936 1857 992 sensis
1879 935 2091 1000 evecti,

523 1040 637 1085 tum
668 1029 762 1099 qui
786 1029 1044 1084 vitiorum
1074 1031 1195 1084 labe
1214 1046 1277 1084 ac
1296 1030 1610 1093 libidinum,
1634 1029 1688 1082 in
1717 1029 2093 1098 iumentorum

521 1130 724 1176 sortem
753 1121 1135 1185 desciverunt,
1190 1122 1411 1176 virtutis
1444 1120 1635 1174 modos
1688 1119 1937 1173 saniores
1967 1116 2101 1171 dili-

519 1223 710 1283 genter
739 1214 1046 1283 prmstando
1066 1213 1320 1267 homines
1350 1212 1554 1277 eﬂ‘ecti,
1580 1210 1846 1265 naturalis
1871 1210 1981 1263 vim
2002 1224 2091 1264 ra-

524 1302 689 1356 tionis
729 1304 999 1373 recipiant
1029 1321 1042 1357 :
1078 1305 1225 1373 iique
1259 1304 1352 1373 qui
1403 1303 1586 1372 pravis
1619 1300 1905 1356 habilibus
1932 1299 2088 1369 501

522 1390 789 1466 malisque
822 1398 1087 1467 operibus
1136 1397 1433 1451 bestiarum
1465 1393 1705 1448 indolem
1757 1391 2091 1455 hauserunt,

521 1487 633 1541 leni
667 1488 927 1556 mollique
966 1488 1340 1541 admonitione
1368 1484 1580 1539 deliniti
1624 1499 1688 1537 ac
1712 1481 1974 1544 cieurati,
2027 1479 2095 1534 ad

521 1578 761 1632 nativam
800 1578 1279 1631 mansuetudinem
1309 1576 1539 1630 redeant
1571 1592 1583 1627 :
1611 1589 1674 1628 ac
1708 1572 1968 1641 denique,
2002 1571 2098 1641 qui

2196 485 2272 547 ὡς
2297 483 2640 555 ἀνθρώπους,
2667 483 2762 538 καὶ
2781 486 2952 555 κτήνη
2985 485 3079 538 καὶ
3109 484 3279 555 θηρία.
3308 485 3403 538 καὶ
3437 484 3583 553 φυτά
3617 484 3771 554 δαψι-

2199 575 2309 639 λῶς
2330 576 2566 641 ποτίζων
2598 591 2612 606 ο
2650 576 2736 630 ἵνα
2769 575 2864 630 καὶ
2907 576 3187 647 ἄνθρωποι
3226 575 3490 639 θεωθῶσι,
3518 577 3628 640 τοῖς
3662 577 3769 630 τῶν

2197 666 2506 737 λεγομένων
2530 667 2838 736 semen-re;
2865 668 3104 738 νοήμασι
3130 684 3144 697 ⁸
3181 669 3276 723 καὶ
3319 669 3369 721 oi
3404 666 3769 738 κτηνωθέντες

2196 760 2308 822 τοῖς
2327 760 2548 824 πάθεσι,
2563 760 2651 812 διὰ
2668 760 2765 830 τῆς
2786 759 3049 830 ἀκριϐοῦς
3066 759 3175 814 τῶν
3193 760 3313 814 κατ’
3337 759 3538 830 ἀρετὴν
3554 760 3772 830 τρόπων

2197 848 2525 914 ἀποδείξεως
2555 848 3043 920 ἀνθῳπισθέντες,
3075 850 3176 921 τὴν
3223 849 3460 921 φυσικὴν
3503 850 3773 904 ἐπαναλά-

2200 937 2337 991 6ωσι
2364 938 2650 1010 λογιότητα
2676 956 2690 970 ·
2731 941 2828 993 καὶ
2854 941 2904 992 οἱ
2942 939 3309 1011 θηριωθέντες
3336 943 3459 1004 ταῖς
3507 942 3772 1010 πονηραῖς

2197 1028 2343 1093 ἐξεσι
2372 1030 2468 1097 καὶ
2508 1015 2933 1099 κακοπραγίαις,
2962 1032 3051 1086 διὰ
3095 1032 3193 1102 τῆς
3235 1032 3539 1103 προσηνοῦς
3574 1048 3633 1085 τε
3674 1031 3774 1083 καὶ

2199 1119 2437 1190 εύαφοῦς
2470 1122 2846 1192 παραινέσεως
2874 1121 3343 1188 τιθασσευθέντες,
3376 1123 3513 1193 πρὸς
3543 1121 3643 1193 τὴν
3670 1121 3773 1189 τῆς

2199 1211 2415 1281 φύσεως
2440 1212 2805 1266 ἐπανέλθωσιν
2838 1214 3149 1284 ἡμερότητα
3185 1231 3199 1244 ·
3234 1215 3326 1268 καὶ
3372 1214 3423 1273 οἱ
3476 1212 3660 1283 φυτῶν
3690 1212 3772 1265 δίο

2196 1320 2302 1373 κην
2329 1302 2781 1374 ἀναισθητοῦντες
2807 1305 2917 1358 τῶν
2944 1305 3185 1373 ἀγαθῶν,
3222 1307 3310 1360 διὰ
3340 1306 3438 1375 τῆς
3481 1306 3562 1368 είς
3607 1304 3772 1374 βάθος

2196 1394 2291 1449 τοῦ
2307 1395 2467 1464 λόγου
2482 1396 2783 1460 διαὸἀσεως
2806 1398 3226 1463 ἀπαλυνθέντες,
3253 1400 3487 1453 λάϐωσιν
3517 1399 3772 1468 αἴσθησιν

2198 1487 2334 1557 πρὸς
2365 1486 2757 1558 καρπογονίαν,
2803 1491 2893 1542 καὶ
2915 1490 3145 1560 δύναμιν
3204 1490 3303 1562 τὴν
3335 1490 3530 1554 αὐτοὺς
3554 1489 3773 1559 διατρέ-

2202 1592 2429 1643 φουσαν,
2456 1575 2550 1629 τοῦ
2590 1576 2755 1655 λόγου.
2779 1576 3061 1647 ποιότητα.

520 1667 672 1720 velut
719 1667 956 1734 stirpes,
1008 1666 1276 1718 bonorum
1342 1678 1565 1717 sensum
1627 1661 1949 1723 amiserunt,
2009 1658 2292 1718 Sermonis
2338 1664 2396 1717 in
2453 1665 2792 1734 profundum
2847 1667 3047 1736 illapsu
3112 1667 3365 1731 emolliti,
3418 1682 3642 1722 sensum
3698 1667 3771 1722 ad

520 1755 801 1809 fructuum
857 1756 1184 1823 frugumque
1245 1751 1644 1822 parturigines,
1701 1749 1922 1819 vimque
1975 1751 2313 1819 enutriendi,
2372 1754 2768 1826 pinguedinem
2820 1759 3096 1813 sermonis
3135 1759 3257 1829 (seu
3300 1756 3583 1829 doctrinae.)
3624 1759 3774 1814 acci-

522 1850 699 1920 piant.

525 2055 538 2091 l
567 2039 611 2092 is
641 2036 793 2091 cultu
841 2046 1177 2102 strenueque
1211 2031 1437 2086 virtutis
1479 2029 1719 2085 stadium
1754 2028 2093 2095 decurrunt;

520 2143 586 2182 ac
637 2126 729 2196 qui
771 2141 949 2193 neque
1001 2123 1067 2176 ad
1109 2122 1412 2185 dexteram,
1452 2120 1630 2174 inanis
1665 2120 1853 2190 gloria:
1886 2118 2094 2183 studio,

520 2233 697 2286 neque
729 2216 795 2269 ad
842 2215 1142 2276 sinistram,
1177 2211 1606 2281 proclivioribus
1641 2210 1696 2264 in
1722 2211 1855 2265 vitia
1881 2227 1943 2265 ac
1970 2210 2099 2265 libi-

520 2307 679 2361 dines
704 2306 905 2359 animis
931 2346 944 2367 ,
991 2303 1306 2366 declinant;
1342 2310 1523 2356 rectos
1551 2301 1658 2355 illis
1688 2301 1943 2372 religiosa
1977 2301 2097 2370 pie-

523 2405 633 2451 tate
671 2412 891 2468 gressus
930 2403 1199 2465 praestans
1228 2408 1367 2462 quos
1411 2408 1536 2446 cum
1593 2393 1701 2446 Asa
1731 2407 1827 2445 rex
1859 2392 2000 2446 Juda
2023 2391 2095 2456 ’⁸,

520 2482 669 2543 baud
711 2488 954 2558 legitime
993 2486 1048 2539 in
1082 2485 1243 2539 linem
1296 2498 1471 2551 usque
1512 2490 1814 2547 servasset,
1839 2489 2098 2551 vergente

523 2581 630 2651 iam
661 2587 819 2633 aztate
840 2576 1044 2631 dicitur
1066 2574 1308 2629 doluisse
1328 2571 1531 2641 pedes;
1565 2571 1719 2625 velut
1764 2570 1975 2625 scilicet
2002 2569 2101 2625 de-

523 2669 688 2723 bilior
721 2670 916 2733 factus,
945 2682 1108 2735 quam
1144 2680 1244 2735 pro
1267 2664 1523 2717 instituto
1551 2677 1620 2716 ex
1649 2662 1853 2717 divinis
1872 2661 2100 2717 rationi-

523 2758 628 2812 bus
658 2756 934 2830 (religiosa
968 2756 1177 2809 scilicet
1205 2750 1433 2821 pietate)
1459 2746 1647 2804 cursu.

592 2849 679 2904 69.
733 2850 827 2902 Dei
885 2847 1077 2901 Sermo
1130 2851 1335 2898 ostium
1379 2842 1691 2911 appellatur
1721 2842 1787 2906 ",
1827 2840 1978 2897 velut
2009 2840 2097 2908 iis,

524 2938 618 3009 qui
648 2954 868 2992 omnem
920 2936 1181 3006 praeclare
1226 2934 1494 2987 virtutum
1533 2933 1676 2986 viam
1708 2932 2100 3001 irrcprebenso

525 3028 763 3083 actionis
815 3027 969 3080 cultu
1020 3032 1387 3094 peregerunt,
1449 3022 1660 3076 aditum
1731 3021 1981 3091 pandens
2029 3022 2098 3075 ad

525 3118 849 3182 scientiam;
878 3125 932 3171 et
962 3124 1023 3169 ut
1047 3116 1257 3179 lumen,
1301 3115 1460 3184 longe
1485 3113 1858 3168 lucidissimos
1882 3113 2101 3182 sapien-

526 3212 615 3265 tia:
640 3211 928 3265 thesauros
950 3206 1264 3261 ostendens.
1285 3206 1432 3259 Idem
1459 3205 1604 3259 enim
1634 3212 1689 3259 et
1710 3204 1795 3259 via
1816 3212 1865 3259 el
1896 3204 2098 3258 ostium

525 3312 581 3356 et
630 3300 800 3354 clavis
848 3307 903 3352 et
930 3311 1158 3366 regnum
1192 3303 1544 3365 nuncupatur
1575 3312 1589 3347 :
1624 3295 1711 3348 via
1754 3295 1999 3363 quidem,
2039 3303 2100 3348 ut

527 3392 756 3456 ductor;
797 3390 966 3444 clavis
1000 3397 1204 3450 autem,
1234 3396 1296 3441 ut
1342 3388 1437 3456 qui
1470 3386 1651 3457 dignis
1680 3385 1883 3455 quibus
1913 3385 2099 3439 divina

528 3482 876 3551 praebeantur
905 3478 1116 3547 aperiat
1140 3486 1196 3531 et
1219 3476 1535 3545 aperiatur;
1564 3474 1766 3529 ostium
1786 3483 1992 3538 autem,
2039 3482 2100 3527 ut

529 3573 644 3642 ipse
670 3570 959 3633 admissor;
993 3582 1220 3637 regnum
1248 3566 1511 3635 denique,
1541 3574 1602 3618 ut
1629 3566 1724 3633 qui
1748 3563 2100 3633 possideatur

527 3672 585 3719 et
627 3664 681 3717 in
713 3660 978 3715 omnibus
1029 3658 1115 3712 sui
1168 3657 1590 3728 participatione
1640 3671 1704 3711 ac
1763 3654 2100 3711 commercio

527 3753 776 3809 exsistat.

600 3845 687 3896 '70.
728 3839 994 3894 Dominus
1023 3839 1117 3892 lux
1164 3835 1494 3906 appellatur,
1543 3841 1600 3887 et
1623 3831 1735 3886 vita
1762 3839 1819 3886 et
1848 3845 2100 3886 resurre-

530 3933 640 3989 ctio
667 3942 830 4000 atque
852 3929 1080 3984 veritas.
1106 3926 1150 3959 "
1180 3927 1297 3980 Lux
1319 3924 1565 3995 quidem,
1598 3931 1654 3977 et
1687 3933 1749 3976 ut
1787 3921 2099 3975 animorum

530 4022 771 4085 claritas,
796 4028 853 4074 et
876 4028 936 4073 ut
960 4019 1153 4088 fugans
1185 4016 1507 4086 ignorantia:
1529 4014 1806 4079 tenebras,
1838 4023 2003 4083 atque
2040 4022 2101 4069 ut

531 4114 598 4168 ad
636 4128 699 4167 ea
762 4126 883 4180 quae
928 4124 1125 4163 arcana
1171 4114 1332 4171 sunt,
1366 4104 1723 4175 intelligenda
1758 4104 2097 4169 illuminans,

530 4204 770 4272 solisque
792 4201 997 4255 mundo
1029 4199 1194 4253 corde
1216 4196 1569 4268 aspectabilia
1601 4196 1861 4267 mysteria
1898 4210 2100 4264 propa-

532 4296 681 4360 lans;
716 4294 827 4347 vita
858 4300 1062 4355 autem,
1095 4298 1156 4344 ut
1182 4290 1276 4360 qui
1305 4286 1665 4357 diligentibus
1687 4285 2001 4347 Dominum,
2043 4283 2100 4339 in

533 4387 621 4441 his
644 4401 763 4455 quae
789 4383 973 4437 divina
1006 4390 1163 4446 sunt,
1201 4388 1407 4434 motum
1458 4376 1731 4447 praebeat;
1768 4374 2100 4428 resurrectio

533 4494 686 4542 vero,
716 4478 893 4545 utqui
922 4491 954 4529 a
982 4481 1197 4527 mortua
1220 4480 1564 4525 terrenarum
1594 4466 1826 4521 libidine
1858 4472 2099 4519 mentem

592 1944 679 1999 £8.
715 1943 944 1997 Divinus
972 1940 1163 1995 Sermo
1193 1939 1280 1994 via
1313 1947 1397 1995 est
1442 1935 1487 1966 "
1515 1938 1621 2002 his,
1662 1938 1759 2007 qui
1792 1946 1895 1992 rite
1925 1936 2098 1991 actio-

2271 1936 2371 2008 ξη’.
2413 1940 2562 2006 Ὀδός
2585 1944 2730 1996 ἐστιν
2751 1942 2780 1995 6
2811 1942 2902 1996 τοῦ
2928 1943 3060 1997 Θεοῦ
3081 1944 3273 2011 Λόγος,
3295 1946 3405 2008 τοῖς
3425 1943 3603 2007 καλῶς
3627 1948 3772 2000 κατὰ

2197 2026 2294 2098 τὴν
2324 2033 2655 2102 πρακτικὴν,
2682 2033 2772 2086 καὶ
2806 2032 3037 2095 εὐτόνως
3071 2034 3131 2085 τὸ
3154 2034 3251 2104 τῆς
3281 2033 3483 2105 ἀρετῆς
3510 2038 3767 2106 τρέχουσι

2201 2118 2410 2177 στάδιον
2442 2137 2455 2151 ·
2489 2123 2581 2175 καὶ
2625 2125 2760 2195 μήτε
2791 2124 2939 2188 δεξιὰ
2976 2123 3064 2177 διὰ
3114 2124 3441 2189 κενοδοξίας,
3476 2127 3609 2196 μήτε
3648 2128 3769 2198 ἀρι-

2200 2209 2368 2279 στερά
2396 2209 2485 2263 διὰ
2517 2213 2616 2282 τῆς
2651 2213 2787 2283 πρὸς
2809 2212 2876 2266 τά
2906 2213 3053 2285 πάθη
3083 2214 3254 2285 ῥοπῆς
3285 2215 3643 2280 ἐκκλίνουσιν,
3669 2218 3766 2271 εύ-

2200 2298 2373 2355 θύνων
2404 2302 2546 2356 κατά
2567 2304 2697 2356 Θεὸν
2726 2305 2794 2358 τὰ
2825 2305 3135 2377 διαδήματα
3159 2324 3171 2338 ·
3202 2308 3340 2378 ὅπερ
3377 2308 3457 2371 είς
3502 2310 3655 2373 τέλος
3687 2307 3767 2382 μὴ

2198 2392 2443 2462 φυλάξας
2477 2396 2610 2453 um
2653 2396 2681 2449 6
2744 2396 2996 2465 βασιλεὺς
3057 2398 3247 2464 Ἰούδα,
3290 2399 3504 2468 λέγεται
3546 2401 3676 2472 περὶ
3705 2402 3766 2455 τὸ

2198 2482 2375 2555 γῆρας
2404 2484 2568 2538 αὐτοῦ
2599 2486 2973 2555 πεπονηκέναι
3003 2488 3128 2550 τοὺς
3163 2487 3330 2552 πόδας
3357 2504 3371 2518 ·
3401 2488 3479 2552 ῶς
3510 2492 3637 2561 περὶ
3675 2492 3765 2546 τὸν

2198 2572 2396 2645 δρόμον
2424 2572 2518 2628 τοῦ
2549 2575 2693 2629 κατά
2721 2576 2852 2630 Θεὸν
2884 2577 3001 2648 βίου
3031 2578 3355 2650 ἀσθενήσας.

2271 2833 2369 2902 ἔθ’.
2394 2835 2545 2907 Θύρα
2570 2835 2790 2906 λέγεται
2814 2839 2842 2891 6
2866 2837 2960 2892 τοῦ
2995 2837 3129 2892 Θεοῦ
3154 2840 3347 2907 Λόγος,
3382 2840 3458 2905 ῶς
3487 2841 3613 2906 τοὺς
3665 2859 3769 2897 κα-

2198 2927 2305 2991 λῶς
2333 2925 2510 2981 πᾶσαν
2544 2928 2864 2997 διηνυκότας
2888 2928 2987 3001 τὴν
3007 2929 3123 2983 ὁδὸν
3152 2930 3260 2984 τῶν
3286 2931 3497 3002 ἀρετῶν
3516 2935 3653 2986 κατά
3674 2934 3769 2987 τὸν

2200 3017 2489 3088 ἄμεμπτον
2524 3016 2721 3088 δρόμον
2776 3018 2875 3087 τῆς
2922 3018 3192 3087 πράξεως,
3241 3020 3376 3089 πρὸς
3424 3021 3622 3089 γνῶσιν
3657 3023 3775 3074 εἰσ-

2202 3107 2356 3178 άγων
2388 3123 2405 3140 °
2441 3108 2538 3161 καὶ
2569 3108 2643 3173 ὡς
2673 3108 2808 3178 φῶς,
2834 3108 3048 3172 δεικνὺς
3073 3111 3199 3174 τοὺς
3241 3110 3534 3180 πολυφαεῖς
3553 3114 3651 3182 τῆς
3681 3098 3779 3167 eo?

2202 3201 2331 3269 φίας
2361 3199 2687 3272 θησαυρούς.
2725 3198 2784 3252 '0
2813 3200 2974 3263 αὐτὸς
2997 3200 3104 3272 γὰρ
3144 3202 3236 3254 καὶ
3264 3201 3381 3266 όδός
3396 3204 3513 3255 ἐστι
3551 3204 3645 3256 καὶ
3670 3203 3772 3255 θύα

2200 3310 2269 3363 ρα
2301 3291 2394 3345 καὶ
2430 3291 2577 3354 κλεὶς
2631 3291 2725 3344 καὶ
2778 3290 3026 3361 βασιλεία
3052 3309 3066 3324 ο
3108 3291 3223 3356 ὁδὸς
3252 3292 3372 3363 μὲν,
3410 3293 3486 3357 ὡς
3526 3294 3719 3364 ὁδηγὸς
3754 3308 3768 3324 ο

2200 3378 2348 3441 κλεὶς
2376 3378 2453 3445 δὲ,
2482 3378 2557 3442 ὡς
2585 3379 2814 3447 ἀνοίγων
2838 3382 2951 3443 τοῖς
2981 3379 3154 3446 ἀξίοις
3182 3379 3290 3433 τῶν
3319 3380 3476 3435 θείων
3494 3383 3588 3436 καὶ
3617 3385 3772 3435 ἀνοι-

2198 3468 2429 3538 γόμενος
2459 3482 2475 3499 ο
2543 3466 2682 3538 θύρα
2725 3467 2804 3531 δὲ,
2844 3467 2920 3531 ὼς
2962 3467 3337 3536 εἰσαγωγεύςο
3390 3468 3636 3538 βασιλεία
3687 3467 3770 3530 δέ,

2199 3558 2275 3621 ὡς
2337 3557 2865 3629 κληρονομούμενος,
2929 3557 3023 3611 καὶ
3084 3556 3224 3610 κατά
3281 3557 3498 3628 μέθεξιν
3531 3558 3590 3610 ἐν
3634 3559 3774 3611 πᾶσι

2199 3664 2501 3718 γινομενος.

2270 3825 2334 3882 ο’.
2374 3827 2493 3891 Φῶς
2529 3829 2559 3881 6
2587 3825 2790 3897 Κύριος
2821 3826 3061 3896 λέγεται,
3092 3827 3186 3880 καὶ
3212 3826 3325 3899 ζωὴ
3350 3829 3446 3880 καὶ
3474 3826 3775 3891 ἀνάστασις

2201 3919 2296 3973 καὶ
2334 3918 2580 3990 ἀλήθεια.
2612 3917 2731 3981 Φῶς
2773 3920 2894 3988 μὲν,
2948 3918 3040 3970 κα)⁵
3077 3917 3152 3981 ὡς
3202 3918 3520 3989 λαμπρότης
3558 3916 3770 3987 ψυχῶν,

2200 4013 2294 4067 καὶ
2323 4011 2399 4075 ὡς
2442 4011 2663 4080 ἀγνοίας
2704 4011 2929 4075 σκότους
2972 4009 3234 4082 διώκτης·
3264 4011 3358 4064 καὶ
3400 4011 3475 4074 ὡς
3518 4010 3774 4081 φωτίζων

2201 4102 2291 4156 τὸν
2323 4101 2447 4177 νοῦν
2483 4101 2619 4171 πρὸς
2646 4102 2972 4172 κατανόησιν
2998 4100 3106 4154 τῶν
3139 4102 3465 4173 ἀπορρήτων
3485 4118 3499 4130 ·
3530 4101 3627 4153 καὶ
3654 4101 3736 4153 δει
3753 4132 3769 4141 -

2203 4192 2353 4256 κνὺς,
2372 4190 2439 4244 τὰ
2467 4189 2650 4260 μόνοις
2683 4189 2993 4253 θεατὰ-τοϊς
3020 4189 3282 4258 καθαροῖς
3309 4192 3586 4261 μυστήρια
3605 4207 3622 4224 ο
3654 4190 3772 4258 ζωὴ

2200 4281 2278 4346 δὲ,
2315 4281 2390 4343 ῶς
2425 4283 2525 4351 τὴν
2563 4280 2879 4353 πρέπουσαν
2917 4280 3114 4350 ψυχαῖς
3143 4280 3469 4349 ἀγαπώσαις
3514 4280 3607 4333 τὸν
3653 4280 3771 4333 Κύ-

2203 4390 2318 4444 ριον
2346 4374 2404 4426 ἐν
2432 4373 2546 4435 τοῖς
2575 4362 2740 4434 θείοις
2771 4372 3145 4442 παρεχόμενος
3176 4370 3393 4441 κίνησιν
3430 4388 3444 4400 ·
3472 4372 3771 4435 ἀνάστασις

2202 4462 2279 4527 δέ,
2306 4461 2381 4526 ὡς
2410 4463 2508 4532 τῆς
2538 4462 2738 4533 νεκρᾶς
2768 4461 2876 4515 τῶν
2904 4460 3103 4514 ὑλικῶν
3131 4461 3504 4532 προσπαθείας
3539 4462 3771 4532 ἐγείρων

534 4571 866 4627 exsuscitet.
908 4566 1091 4620 omnis
1132 4562 1352 4633 generis
1396 4558 1771 4628 corruptionis
1799 4555 2097 4611 mortiﬁca-

2203 4555 2296 4607 τὸν
2320 4553 2466 4617 νοῦν,
2503 4553 2709 4623 φθορᾶς
2732 4552 2993 4615 παντοίας
3022 4551 3263 4623 καθαρὸν
3286 4552 3379 4605 καὶ
3407 4552 3733 4623 νεκρότητος
3754 4569 3770 4584 ·

534 4662 812 4730 tionisque
844 4658 964 4712 labe
988 4670 1212 4726 puram;
1239 4669 1302 4707 ac
1325 4653 1546 4706 demum
1578 4649 1800 4712 veritas,
1831 4649 1983 4703 velut
2001 4648 2098 4701 im-

2203 4644 2431 4717 ἀλήθεια
2449 4644 2525 4709 δὲ,
2541 4643 2618 4706 ὡς
2631 4642 2742 4709 ἐξιν
2757 4642 2864 4695 τῶν
2886 4640 3107 4710 ἀγαθῶν
3122 4644 3235 4704 τοῖς
3249 4642 3422 4709 ἀξίοις
3433 4641 3776 4713 δωρούμενος

534 4753 853 4810 mutabilem
894 4751 1165 4805 bonorum
1206 4747 1452 4801 habitum
1475 4786 1490 4813 ,
1528 4743 1615 4800 his
1658 4743 1753 4814 qui
1788 4742 1938 4813 digni
1970 4742 2100 4808 sint,

535 4844 791 4901 muniﬁce
814 4848 1099 4912 praestans.

605 4936 693 4988 7|.
726 4933 821 4987 Dei
869 4931 1093 5001 quidem
1139 4943 1203 4983 ac
1232 4926 1412 4983 Patris
1452 4926 1598 4979 Deus
1626 4922 1839 4987 Sermo,
1875 4919 2105 4975 cuilibet

537 5026 766 5098 mystice
797 5024 960 5086 inest,
996 5036 1210 5083 eorum,
1240 5034 1361 5088 qua:
1387 5023 1658 5087 praecepta
1679 5014 1766 5087 .ab
1814 5027 1880 5067 eo
1914 5019 2045 5065 sunt
2086 5028 2100 5063 :

538 5118 791 5186 Deosque
834 5130 897 5169 ac
925 5115 1085 5169 Pater
1120 5118 1268 5165 lotus
1310 5108 1363 5163 in
1408 5115 1522 5161 toto
1548 5104 1876 5160 naturaliter
1920 5102 2099 5165 inest,

536 5211 686 5265 nulla
733 5207 1017 5269 distantia,
1065 5204 1330 5259 Sermone
1373 5215 1474 5255 suo
1503 5207 1560 5253 et
1582 5197 1786 5253 Verbo.
1810 5194 1914 5260 Qui
1936 5193 2106 5263 igitur

537 5302 781 5357 divinum
817 5297 1134 5352 mandatum
1178 5292 1410 5363 suscipit
1461 5290 1721 5359 facitque.
1752 5286 2107 5342 exsistentem

538 5387 592 5441 in
625 5386 720 5440 illo
737 5383 983 5439 divinum
1024 5380 1344 5435 Sermonem
1389 5375 1642 5444 suscipit.
1665 5372 1767 5440 Qui
1798 5380 1980 5427 autem
2011 5384 2110 5439 per

535 5477 789 5532 mandata
841 5474 999 5544 502
1054 5473 1377 5528 Sermonem
1421 5466 1748 5536 susceperit,
1791 5478 1891 5534 per
1929 5462 2108 5531 ipsum

534 5580 644 5620 una
667 5581 887 5634 quoque
930 5564 987 5617 in
1029 5578 1096 5618 eo
1129 5561 1460 5615 naturaliter
1501 5557 1860 5613 exsistentem
1889 5553 2108 5607 Patrem

2199 4735 2485 4807 ἄτρεπτον.

2271 4910 2372 4966 οα’.
2411 4912 2470 4965 '0
2521 4911 2619 4982 μὲν
2665 4910 2759 4965 τοῦ
2804 4910 2963 4979 Θεοῦ,
3008 4910 3099 4964 καὶ
3140 4910 3352 4982 Πατρὸς
3388 4911 3521 4973 Θεὸς
3578 4911 3774 4980 Λόγος,

2211 5002 2415 5074 ἐκάστῃ
2445 5002 2721 5073 μυστικῶς
2741 5005 3038 5074 ἐνυπάρχει
3068 5002 3177 5056 τῶν
3212 5004 3426 5058 οἰκείων
3452 5003 3683 5057 ἐντολῶν
3706 5020 3721 5033 '
3746 5005 3776 5057 6

2208 5094 2265 5148 δέ
2287 5094 2419 5160 Θεὸς
2444 5093 2542 5148 καὶ
2575 5093 2766 5165 Πατὴρ
2786 5135 2802 5161 ,
2832 5094 2952 5158 ὅλος
2987 5096 3136 5150 ἐστὶν
3161 5093 3463 5166 ἀχώριστος
3485 5097 3543 5150 ἐν
3566 5096 3672 5166 ὅλῳ
3697 5095 3774 5165 τῷ

2206 5188 2391 5258 οἰκείῳ
2408 5188 2567 5256 Λόγῳ
2590 5185 2854 5255 φυσικῶς.
2873 5187 2930 5240 Ὀ
2951 5186 3132 5240 τοίνυν
3150 5185 3440 5255 δεχόμενος
3464 5185 3611 5238 θείαν
3625 5186 3769 5237 ἐντος

2206 5281 2306 5351 λὴν
2338 5280 2432 5333 καὶ
2459 5277 2630 5331 ποιῶν
2660 5279 2851 5348 αὐτὴν,
2881 5276 2972 5330 τὸν
3006 5279 3064 5330 ἐν
3106 5277 3243 5347 αὐτῇ
3273 5276 3369 5330 τοῦ
3396 5274 3532 5329 Θεοῦ
3561 5275 3766 5343 δέχεται

2205 5372 2401 5439 Λόγον.
2443 5369 2503 5424 ‘0
2534 5369 2589 5422 δὲ
2619 5367 2711 5422 τὸν
2740 5367 2912 5438 Λόγον
2935 5366 3022 5421 διὰ
3044 5367 3151 5420 τῶν
3185 5365 3417 5420 ἐντολῶν
3455 5366 3764 5435 δεξάμενος.

2205 5461 2272 5514 δι’
2302 5458 2469 5513 αὑτοῦ
2508 5458 2599 5512 τὸν
2627 5458 2685 5511 ἐν
2711 5456 2861 5525 αὐτῷ
2891 5455 3138 5525 φυσικῶς
3167 5456 3297 5509 ὄντα
3325 5453 3635 5518 συνεδέξατο
3662 5452 3772 5505 Πα-

2206 5548 2361 5620 τέρα,
2390 5548 2482 5601 καὶ
2521 5548 2583 5601 τὸ
2605 5548 2664 5599 ἐν
2697 5546 2848 5615 αὐτῷ
2874 5545 3125 5615 φυσικῶς
3161 5544 3223 5599 ὃν
3260 5543 3573 5612 ωνεδέξατο
3598 5540 3779 5596 Πνεῦο

615 5729 657 5760 ’³
684 5740 839 5797 Joan.
864 5755 972 5805 xxv,
998 5739 1050 5793 6.
1128 5740 1174 5773 "
1210 5737 1279 5792 ill
1303 5737 1435 5806 Reg.
1464 5751 1551 5801 xv,
1575 5733 1663 5787 25.
1737 5731 1781 5764 ⁸⁷
1801 5730 2031 5796 Joan.x,
2064 5727 2098 5785 θ

2200 5725 2243 5761 ³⁸
2265 5726 2421 5784 Joan.
2452 5740 2566 5794 vm,
2597 5725 2694 5792 42;
2721 5742 2795 5792 ιι,
2824 5725 2926 5789 25;
2958 5741 3067 5790 xxv.
3102 5725 3156 5782 6.
