4094 6204
341 344 471 410 1157
574 412 588 419 ἢ

1139 340 1475 401 CAPITUM
1512 339 1785 400 TIIEOL.
1824 338 1921 397 ET
1959 337 2194 398 (ECON.
2236 338 2624 400 CENTUBIA
2663 342 2744 402 II.

3462 349 3596 416 1153

280 472 283 475 '
340 455 644 528 μα.’Λιιὶιν
672 452 803 523 γὰρ.
840 467 995 522 φησι,
1029 450 1188 520 λέγω
1228 451 1390 520 ὑμῖν,
1418 453 1452 504 ό
1476 437 1800 519 λαμϐάνων
1838 449 1913 501 ὅν
1939 486 1954 522 λ

2035 448 2287 517 Luscepit;
2312 457 2478 519 atque
2511 450 2564 503 in
2590 465 2658 504 eo
2681 449 3007 504 naturaliter
3031 451 3197 507 etiam
3234 454 3591 511 cxsistentem

336 562 471 601 τινα
495 546 732 614 πέμψω,
753 543 859 613 ἐμὲ
886 541 1178 611 ,λαμϐάνει
1205 556 1220 572 ο
1255 545 1289 596 ό
1330 541 1400 595 δὲ
1432 541 1536 611 ἐμὲ
1565 539 1909 610 λαμϐάνων,

336 635 627 706 λαμϐάνει
682 634 791 688 τὸν
845 632 1170 703 πέμψαντά
1213 649 1311 702 με.
1345 631 1407 685 '0
1435 631 1564 700 γοῦν
1587 631 1808 702 ἐντολὴν
1830 631 1915 684 ὕες

343 726 573 798 ξάμενος
594 727 688 779 καὶ
725 726 959 794 ποιήσας
1009 725 1200 796 αὐτὴν,
1231 723 1412 778 λαϐὼν
1465 723 1577 793 ἔχει
1641 721 1919 793 μυστικῶς

340 820 439 889 τὴν
461 818 625 886 ἁγίαν
656 815 880 885 Τριάδα.

412 995 512 1067 οβῖ.
541 995 765 1060 Δοξάζει
808 995 900 1049 τὸν
930 995 1066 1052 Θεὸν
1090 995 1148 1048 ἐν
1183 993 1384 1065 ἑαυτῷ,
1419 995 1517 1065 οὐχ
1548 996 1575 1047 ὁ
1605 994 1787 1062 λόγοις
1827 995 1921 1063 μό-

344 1106 435 1143 νον
458 1089 736 1159 γεραίρων
771 1088 865 1142 τὸν
887 1088 1037 1149 Θεὸν,
1059 1088 1175 1140 ἀλλ’
1198 1090 1227 1141 ὁ
1248 1086 1338 1140 διὰ
1364 1088 1455 1140 τὸν
1481 1088 1612 1142 Θεὸν
1637 1089 1777 1157 ὑπὲρ
1800 1088 1923 1158 ἁρε-

343 1181 445 1250 τῆς
471 1180 539 1234 τά
564 1180 671 1232 τῶν
710 1181 888 1233 πόνων
920 1180 1207 1250 ὑπομένων
1260 1178 1562 1249 παθήματα
1592 1194 1605 1208 ·
1640 1180 1733 1231 καὶ
1778 1179 1924 1230 ἀντι-

345 1272 627 1339 δοξάζεται
651 1271 804 1341 παρὰ
834 1270 1006 1334 Θεοῦ,
1037 1269 1136 1341 τὴν
1183 1272 1240 1321 ὲν
1287 1268 1366 1338 τῷ
1417 1269 1536 1339 Θεῷ
1586 1269 1762 1334 δόξαν,
1813 1263 1922 1320 οἷον

348 1363 552 1435 ἀρετῆς
582 1361 814 1415 ἔπαθλον
835 1362 976 1415 κατὰ
1001 1360 1223 1431 μέθεξιν
1245 1360 1344 1431 τὴν
1369 1361 1467 1430 τῆς
1516 1359 1788 1421 ἀπαθείας
1832 1376 1924 1411 κ’)-

352 1454 645 1525 μιζόμενος
678 1454 838 1525 χάριν
863 1454 961 1525 (Ιι).
996 1454 1107 1516 Πᾶς
1137 1453 1246 1523 γάρ
1267 1455 1295 1507 ὁ
1326 1454 1563 1519 δοξάζων
1591 1452 1682 1506 τὸν
1701 1453 1835 1506 Θεὸν
1865 1453 1927 1504 ἐν

322 1544 528 1616 -ὲαυτῷ
553 1545 640 1599 διά
659 1545 767 1600 τῶν
790 1546 931 1600 κατὰ
959 1545 1058 1616 τὴν
1086 1545 1400 1616 πρακτικὴν
1422 1546 1563 1616 ὑπὲρ
1587 1544 1789 1616 ἀρετῆς
1823 1560 1925 1596 παι

351 1637 631 1708 θημάτων,
667 1636 759 1689 καὶ
795 1635 956 1699 αὐτὸς
1006 1637 1065 1689 ἐν
1102 1634 1182 1706 τῷ
1206 1635 1326 1707 Θεῷ
1359 1636 1676 1701 δοξάζεται,
1710 1637 1797 1688 διὰ
1825 1636 1925 1704 τῆς

350 1725 495 1779 κατὰ
520 1725 618 1796 τὴν
647 1723 880 1795 Θεωρίαν
920 1723 1166 1787 ἀπαθοῦς
1210 1724 1318 1778 τῶν
1367 1724 1527 1778 θείων
1581 1724 1918 1794 ἐλλάμψεως.

2014 538 2262 608 suscepit
2301 537 2567 608 Spiritum
2607 548 2882 593 sanctum.
2915 541 3007 595 Ait
3054 543 3203 596 enim
3233 562 3246 597 :
3282 545 3451 599 Amen
3481 547 3597 602 dico

1969 670 1972 674 .
2015 627 2175 693 vobis,
2210 630 2301 698 qui
2330 631 2519 699 accipit
2551 630 2598 682 si
2622 646 2774 700 quem
2795 633 3003 696 misero,
3034 650 3114 686 me
3136 636 3361 705 accipit;
3387 637 3477 708 qui
3498 655 3599 692 au-

2017 726 2122 771 tem
2148 735 2227 772 me
2253 722 2461 790 accipit,
2497 723 2686 791 accipit
2711 726 2828 775 eum
2861 725 2950 793 qui
2983 741 3063 777 me
3101 726 3242 778 misit
3263 726 3328 781 ”.
3360 726 3464 793 Qui
3483 728 3591 799 igi-

2021 820 2110 864 tur
2162 810 2478 865 mandatum
2530 813 2742 882 accepit
2774 814 3020 884 illudque
3055 815 3222 882 fecit,
3269 825 3440 873 totam
3472 836 3592 891 my-

2016 902 2156 957 stice
2172 911 2417 957 sanctam
2452 902 2777 958 Trinitatem
2810 907 3044 975 accepit.

2089 993 2177 1047 72.
2215 994 2275 1047 In
2313 994 2496 1063 seipso
2526 994 2698 1048 Deum
2728 995 3017 1063 clariﬁcat,
3046 1015 3157 1053 non
3183 998 3482 1069 quiverbis
3505 1017 3599 1057 so-

2017 1084 2302 1139 lummodo
2345 1084 2518 1138 Deum
2559 1084 2829 1150 honorat,
2879 1087 2975 1142 sed
3003 1089 3096 1157 qui
3131 1099 3357 1159 propter
3390 1092 3561 1146 Deum
3583 1130 3598 1155 ,

2019 1189 2242 1232 Virtutis
2273 1190 2437 1229 causa
2459 1216 2472 1238 ,
2518 1174 2768 1229 laborum
2807 1178 3087 1233 molestias
3131 1188 3295 1248 atque
3326 1196 3604 1235 {erumnas

2020 1264 2295 1334 patienter
2339 1266 2563 1331 tolerat;
2609 1266 2964 1337 vicissimque
3007 1269 3347 1324 claritit-atur
3387 1288 3417 1325 a
3450 1273 3559 1325 Deo
3584 1312 3600 1334 ,

2021 1356 2116 1424 qui
2148 1356 2454 1411 claritatem
2492 1372 2613 1426 qua:
2654 1357 2708 1411 in
2740 1359 2852 1412 Deo
2882 1368 2988 1424 est,
3032 1360 3183 1413 velut
3214 1363 3433 1417 virtutis
3463 1379 3604 1431 pric-

2021 1447 2213 1513 mium,
2243 1449 2614 1519 ejusquodam
2635 1451 2992 1514 commercio,
3026 1451 3411 1521 imperturbati
3434 1454 3603 1508 animi

2022 1554 2087 1593 ac
2112 1540 2393 1609 tranquilli
2423 1556 2623 1596 munus
2662 1541 2883 1595 referat.
2917 1541 3179 1611 Quisquis
3204 1544 3351 1597 enim
3381 1546 3606 1600 virtutis

2023 1645 2186 1685 causa
2217 1646 2318 1700 pro
2356 1631 2520 1685 activi
2566 1648 2796 1686 munere
2829 1632 3048 1688 labores
3073 1633 3397 1688 desudando
3426 1637 3602 1690 Deum

2024 1721 2310 1785 clariﬁcat,
2336 1721 2450 1790 ipse
2496 1723 2660 1777 etiam
2687 1738 2717 1777 a
2740 1723 2854 1776 Deo
2890 1723 3246 1790 clariﬁcatur,
3272 1740 3371 1795 per
3405 1726 3607 1796 imper-

349 1816 488 1885 Φησὶ
512 1815 674 1887 γὰρὸ
715 1816 921 1887 Κύριος
965 1815 1059 1868 ἐπὶ
1109 1815 1171 1868 τὸ
1220 1816 1390 1880 πάθος
1438 1816 1769 1888 ἐρχόμενος·
1797 1816 1928 1870 Νῦν

2035 1812 2232 1868 turbati
2263 1814 2432 1867 animi
2468 1814 2909 1884 contemplandis
2930 1815 3134 1869 divinis
3158 1814 3603 1873 illustrationem.

349 1904 651 1974 ἐδοξάσθη
680 1910 713 1960 ὀ
750 1909 882 1974 Υιύς
915 1907 1019 1962 τοῦ
1041 1907 1375 1977 ἀνθρώπου,
1399 1907 1496 1961 καὶ
1539 1911 1572 1962 ό
1607 1909 1752 1972 Θεὸς
1796 1906 1926 1961 ἐδο-

351 1997 548 2065 ξάσθη
570 1999 637 2052 ἐν
664 1998 842 2065 αὐτῷ.
872 2002 941 2054 Ei
969 2004 1002 2055 ό
1029 2001 1169 2062 Θεὸς
1202 1999 1504 2066 ἐδοξάσθη
1525 2000 1595 2053 ἐν
1615 1997 1774 2064 αὐτῷ
1793 2037 1806 2060 ,
1826 1998 1923 2051 καὶ

352 2091 386 2140 ό
411 2089 554 2154 Θεὸς
581 2088 827 2153 δοξάσει
853 2093 1041 2145 αὐτὸν
1079 2092 1149 2144 ἐν
1172 2090 1365 2156 ἐαυτῷ
1392 2108 1408 2125 ⁸
1449 2093 1550 2145 καὶ
1597 2091 1779 2155 εὐθὺς
1822 2090 1894 2143 δο

352 2178 527 2241 ἐάσει
566 2182 772 2237 αὐτόν.
815 2182 904 2245 Ὠς
954 2182 1202 2235 ἐντεῦθεν
1255 2178 1395 2237 εἶναι
1440 2183 1629 2254 δῆλον,
1677 2185 1759 2235 ὅτι
1812 2182 1926 2242 τοῖς

355 2271 497 2341 ὑπὲρ
524 2272 726 2343 ἀρετῆς
756 2273 1096 2345 παθήμασιν,
1125 2274 1551 2329 ἐπακολουθοῦσι
1582 2274 1653 2331 τὰ
1680 2273 1800 2327 θεῖα
1826 2289 1928 2342 χα-

358 2379 615 2435 ρισματα.

428 2537 527 2607 ογ’.
562 2539 707 2602 Ἕως
737 2539 828 2593 τὸν
851 2541 909 2593 ὲν
951 2541 1030 2612 τῷ
1061 2541 1209 2614 ῥητῷ
1242 2541 1301 2613 (ἱ)
1328 2541 1425 2612 τῆς
1488 2542 1649 2611 ἁγίας
1708 2540 1932 2611 Γραφῆς

358 2629 621 2693 ποικίλως
671 2630 758 2683 διὰ
778 2630 887 2684 τῶν
926 2633 1264 2702 αἰνιγμάτων
1299 2632 1770 2703 σεσωματωμένον
1797 2630 1933 2703 ὀρῶ-

362 2741 461 2795 μεν
494 2724 584 2777 τὸν
630 2723 723 2776 τοῦ
753 2721 887 2776 Θεοῦ
936 2726 1131 2793 Λόγον,
1174 2723 1327 2778 οὔπω
1360 2725 1450 2778 τὸν
1495 2724 1786 2795 ἀσώματον
1838 2724 1933 2777 καὶ

360 2814 566 2869 ἁπλοῦν
599 2816 690 2868 καὶ
735 2815 932 2868 ἑνιαϊον
963 2818 1055 2869 καὶ
1100 2816 1258 2887 μόνον
1277 2857 1292 2879 ,
1332 2815 1408 2881 ὡς
1440 2817 1497 2869 ὲν
1531 2816 1809 2886 ἀσωμάτῳ
1837 2814 1933 2868 καὶ

362 2906 521 2978 ἁπλῷ
547 2908 644 2960 καὶ
679 2906 867 2978 ἐνιαίῳ
894 2907 990 2961 καὶ
1041 2908 1186 2979 μόνῳ
1221 2907 1334 2978 Υἱῷ
1377 2908 1583 2978 νοητῶς
1626 2906 1936 2978 τεθεάμεθα

361 2998 602 3067 Πατέρα,
662 2997 805 3051 κατὰ
846 2996 906 3050 τὸ
937 3035 953 3061 ,
995 2997 1059 3051 '0
1110 2997 1381 3064 ἑωρακὼς
1419 2996 1524 3067 ἐμὲ
1575 2997 1796 3067 ἑώρακε
1829 2998 1949 3070 τόν⁵

2025 1907 2117 1961 Ait
2144 1907 2291 1961 enim
2312 1907 2577 1961 Dominus
2608 1906 2673 1961 ad
2699 1905 3009 1976 passionem
3032 1907 3240 1961 vadens
3273 1924 3287 1960 :
3318 1907 3472 1962 Nunc
3496 1906 3609 1962 cla-

2022 1999 2266 2067 ‘riﬁcatus
2298 2005 2373 2051 est
2418 1997 2584 2052 Filius
2640 1998 2885 2064 hominis,
2927 2006 2976 2051 et
3012 1997 3153 2052 Deus
3182 1998 3506 2068 cluriﬁcatus
3533 2007 3608 2054 est

2027 2091 2081 2143 in
2111 2106 2190 2142 eo.
2237 2088 2294 2142 Si
2321 2088 2459 2141 Deus
2489 2087 2811 2156 clari/iratus
2847 2097 2924 2141 est
2950 2089 3003 2141 in
3037 2104 3117 2151 eo,
3147 2096 3196 2141 et
3239 2088 3377 2142 Deus
3411 2087 3613 2156 clariﬁ-

2028 2180 2164 2234 cabit
2213 2196 2331 2233 eum
2387 2180 2443 2231 in
2505 2180 2822 2249 semetipso,
2871 2187 2921 2231 et
2978 2180 3223 2232 continuo
3289 2178 3611 2245 clari/icabit

2029 2286 2150 2324 eum
2177 2269 2243 2323 ³ο.
2267 2269 2339 2325 Ut
2363 2268 2492 2323 inde
2513 2269 2691 2338 palam
2721 2275 2909 2336 queat,
2954 2267 3142 2322 divina
3169 2282 3401 2321 munera
3451 2267 3610 2320 labo-

2030 2377 2120 2417 res
2154 2360 2409 2416 comitari
2462 2374 2603 2429 quos
2656 2358 2884 2413 virtutis
2934 2372 3098 2413 causa
3153 2358 3512 2423 sustinemus,
3548 2372 3613 2413 ac

2028 2468 2324 2509 mrumnas.

2104 2545 2199 2609 73.,
2223 2544 2479 2611 Quandiu
2504 2542 2558 2597 in
2587 2557 2760 2598 sacrae
2794 2541 3101 2612 Scriptura:
3126 2543 3315 2598 littera
3349 2541 3499 2598 varie
3516 2557 3615 2612 per

2031 2635 2321 2707 aenigmata
2372 2634 2469 2688 Dei
2508 2632 2833 2689 Sermonem
2884 2639 3239 2702 corporatum
3296 2631 3612 2696 cernimus,

2032 2726 2279 2782 nondum
2318 2727 2707 2796 incorporeum
2738 2723 3161 2794 simplicemque
3193 2722 3525 2793 singularem
3552 2737 3616 2777 ac

2034 2818 2283 2881 unicum,
2317 2817 2472 2871 velut
2507 2817 2564 2871 in
2599 2816 2929 2885 incorporeo
2956 2822 3013 2869 et
3044 2813 3284 2883 simplici
3311 2828 3377 2867 ac
3422 2811 3612 2883 singu-

2034 2909 2137 2964 lari
2158 2917 2324 2978 atque
2354 2908 2520 2963 unico
2554 2906 2712 2972 Filio,
2738 2906 2982 2961 vidimus
3009 2906 3254 2971 Patrem,
3289 2905 3443 2976 juxta
3464 2903 3612 2975 quod

2036 3002 2300 3072 scriptum
2325 3008 2409 3055 est
2436 3016 2449 3053 :
2477 2998 2578 3065 Qui
2618 3000 2745 3053 vidit
2780 3015 2888 3062 me,
2918 2998 3048 3052 vidit
3078 3006 3128 3050 et
3157 2996 3376 3051 Patrem
3415 2997 3481 3052 ".
3510 2996 3613 3050 Et:

363 3091 615 3159 Πατέρα.
657 3092 810 3146 Καί·
852 3093 1000 3162 Ἐγὼ
1023 3092 1094 3146 ἐν
1139 3090 1219 3157 τῷ
1269 3091 1485 3161 “arpi,
1518 3093 1617 3147 καὶ
1670 3095 1702 3147 ό
1736 3092 1935 3162 Πατὴρ

2039 3093 2153 3164 Ego
2178 3093 2233 3147 in
2260 3091 2447 3155 Patre,
2483 3099 2531 3144 et
2548 3090 2712 3144 Pater
2737 3091 2794 3144 in
2824 3105 2907 3143 me
2929 3097 3003 3143 est
3022 3089 3086 3142 ³⁸.
3113 3088 3305 3160 Magna
3341 3103 3474 3160 ergo
3512 3104 3616 3143 no-

362 3182 433 3236 ἐν
460 3158 612 3252 ἐμοί.
642 3181 854 3253 Πολλῆς
874 3158 966 3236 οῦν
988 3181 1148 3253 χρεία
1174 3183 1272 3254 τῆς
1295 3158 1629 3253 ἐπιστήμης,
1657 3179 1798 3235 ὥστε
1823 3158 1933 3235 δια-

2040 3158 2128 3240 bi's
2156 3198 2296 3255 opus
2322 3183 2545 3238 solertia
2574 3191 2678 3247 est,
2719 3190 2781 3237 ut
2804 3181 3089 3252 perruptis
3122 3158 3281 3252 prius
3316 3158 3617 3237 verborum

362 3269 560 3334 δόντας
586 3271 848 3342 πρότερον
884 3271 955 3324 τὰ
1000 3270 1132 3341 περὶ
1159 3270 1249 3325 τὸν
1278 3271 1449 3341 Λόγον
1505 3273 1615 3326 τῶν
1676 3270 1938 3342 ῥημάτων

364 3362 721 3434 καλύμματα,
753 3362 895 3417 οὕτω
947 3363 1137 3434 γυμνῷ
1178 3362 1255 3434 τῷ
1285 3362 1366 3416 νοῒ
1395 3362 1632 3436 καθαρὸν
1652 3364 1813 3417 αὐτὸν
1855 3364 1939 3432 ἐφ’

367 3454 564 3507 ἑαυτὸν
593 3453 811 3507 ἑστῶτα
846 3453 1145 3508 θεάσασθαι
1175 3452 1335 3526 [unus
1359 3454 1486 3525 Reg.
1510 3454 1818 3526 τεθεᾶσθαι]
1848 3456 1940 3508 τὸν

365 3544 561 3614 Λόγον,
604 3545 693 3598 τὸν
714 3546 772 3597 ὲν
802 3543 982 3614 ἑαυτῷ
1011 3545 1197 3613 σαφῶς
1227 3545 1302 3609 ὡς
1369 3546 1590 3614 ἐφικτὸν
1633 3545 1940 3617 ἀνθρώποις

364 3637 460 3691 τὸν
486 3636 702 3708 Πατέρα
734 3635 1040 3689 δεικνύντα.
1077 3637 1275 3706 Διόπερ
1304 3636 1520 3705 ἀνάγκη
1566 3637 1656 3691 τὸν
1700 3637 1941 3701 εὐσεϐῶς

362 3724 460 3780 τὸν
491 3725 623 3779 Θεὸν
659 3723 1044 3792 ἐπιζητοῦντα,
1074 3722 1265 3794 μηδενὶ
1310 3724 1630 3792 κρατεῖσθαι
1657 3726 1828 3796 ῥητῷ,
1855 3725 1944 3778 ἵνα

372 3819 447 3890 μὴ
478 3818 598 3872 ἀντὶ
630 3817 788 3882 Θεοῦ,
816 3817 886 3871 τὰ
911 3816 1038 3889 περὶ
1060 3816 1194 3870 Θεὸν
1220 3816 1361 3890 λάθῃ
1383 3816 1562 3869 λαϐὼν
1593 3834 1607 3848 ·
1642 3818 1940 3879 τουτέστιν,

367 3910 490 3964 ἀντὶ
509 3908 601 3962 τοῦ
656 3907 961 3978 Λόγου,τά
1003 3909 1142 3981 ῥητὰ
1185 3909 1427 3979 στέργων
1470 3907 1788 3979 ἐπισφαλῶς
1845 3908 1942 3977 τῆς

366 4000 410 4055 Γ
413 4001 609 4073 ραφῆς,
630 4001 722 4057 τοῦ
755 4001 929 4069 Λόγου
950 4001 1302 4071 διαφυγόντος
1330 3999 1421 4052 τὸν
1447 3999 1573 4055 νοῦν
1620 4001 1684 4061 ὲκ
1713 3999 1822 4053 τῶν
1850 4018 1946 4053 πε..

373 4094 728 4166 ριϐλημάτων
744 4094 968 4166 κρατεῖν
995 4092 1259 4146 δοκοῦντα
1284 4091 1375 4145 τὸν
1401 4090 1694 4161 ἀσώματον
1724 4092 1897 4160 Λόγον
1926 4110 1940 4125 ο

368 4188 513 4240 κατά
554 4203 618 4255 γε
659 4186 758 4258 τὴν
790 4182 1117 4253 Αἰγυπτίαν,
1147 4182 1247 4253 τὴν
1292 4182 1367 4253 μὴ
1406 4180 1500 4235 τοῦ
1540 4182 1763 4255 Ἰωσὴφ,
1808 4181 1945 4236 ἀλλὰ

368 4276 479 4329 τῶν
527 4274 692 4330 αὑτοῦ
747 4272 1150 4345 ἐπιλαϐομένην
1217 4273 1449 4344 ἱματίων
1478 4289 1493 4306 '
1524 4274 1634 4341 ,καὶ
1678 4276 1802 4338 τοὺς
1837 4292 1943 4327 πα-

370 4367 554 4432 λαιοὺς
585 4364 908 4441 ἀνθρώπους
930 4404 945 4429 ,
974 4366 1021 4418 oi
1053 4365 1189 4438 μόνῃ
1221 4367 1287 4436 τῇ
1328 4366 1635 4438 εὐπρεπείᾳ
1661 4368 1768 4421 τῶν
1809 4368 1944 4440 δρω-

2041 3275 2454 3346 integumentis,
2483 3273 2629 3330 circa
2665 3273 2988 3330 Sermonem
3016 3290 3113 3330 seu
3136 3273 3373 3330 Verbum
3401 3282 3616 3328 exstan-

2041 3369 2189 3423 tibus
2238 3368 2528 3437 ipsumque
2579 3366 3080 3431 convestientibus,
3116 3365 3197 3423 sic
3242 3364 3391 3420 nuda
3433 3373 3619 3439 mente

2042 3460 2223 3531 ipsum
2257 3460 2312 3514 in
2342 3474 2401 3514 se
2426 3474 2628 3529 purum
2672 3474 2772 3529 per
2800 3474 2858 3513 se
2887 3459 3243 3515 exsistentem
3268 3457 3615 3521 Sermonem,

2043 3552 2222 3622 ipsum
2268 3552 2323 3604 in
2375 3566 2434 3605 se
2471 3551 2641 3615 clare,
2678 3549 2859 3620 quoad
2910 3551 3240 3605 mortalibus
3295 3565 3617 3604 concessum

2041 3651 2162 3707 est,
2209 3642 2428 3695 Patrem
2479 3641 2884 3706 ostendentem,
2916 3641 3220 3696 videamus.
3252 3639 3618 3706 Quamobrem

2042 3745 2267 3785 necesse
2292 3738 2397 3796 est,
2434 3738 2495 3784 ut
2524 3729 2618 3799 qui
2655 3729 2829 3784 Deum
2863 3728 2952 3799 pie
2979 3729 3209 3800 quaerit,
3242 3728 3379 3783 nulli
3414 3729 3621 3783 haereat

2042 3822 2243 3877 littera:
2277 3820 2494 3885 cortici,
2521 3835 2592 3876 ne
2627 3835 2730 3890 pro
2759 3820 2893 3884 Deo,
2926 3834 3049 3888 quae
3076 3825 3205 3873 sunt
3229 3818 3377 3873 circa
3404 3819 3577 3873 Deum
3601 3859 3617 3884 ,

2044 3910 2369 3982 imprudens
2419 3919 2633 3976 sumat;
2685 3926 2754 3965 ne
2807 3910 3020 3965 scilicet
3048 3908 3334 3965 Sermonis
3361 3909 3483 3964 loco
3521 3924 3621 3965 seu

2042 4002 2211 4061 Verbi
2241 4001 2353 4075 (τοῦ
2383 4002 2580 4073 Λόγου)
2611 4001 2912 4077 Scriptura:
2941 4011 3201 4056 contexta
3234 4000 3402 4055 verba
3430 4016 3622 4056 errore

2043 4094 2426 4165 amplectatur,
2461 4093 2725 4149 Sermone
2755 4094 2876 4164 ipso
2923 4108 2989 4147 ac
3040 4093 3222 4148 Verbo
3249 4101 3491 4147 mentem
3529 4091 3623 4147 fu-

2045 4184 2229 4256 giente
2262 4200 2276 4237 :
2304 4198 2427 4253 qua:
2443 4182 2702 4237 videlicet
2733 4199 2801 4237 ex
2834 4182 3198 4246 indumentis,
3234 4181 3626 4251 incorporeum

2045 4289 2103 4329 se
2129 4272 2451 4329 Sermonem
2480 4281 2667 4328 tenere
2705 4273 3030 4339 arbitretur,
3054 4273 3198 4326 haud
3221 4287 3381 4328 secus
3412 4287 3476 4327 ac
3501 4286 3628 4325 mu-

2044 4362 2148 4418 lier
2178 4363 2271 4418 illa
2302 4362 2555 4435 Egyptia
2584 4379 2707 4434 quae
2736 4380 2847 4418 non
2884 4364 3209 4435 Josepbum,
3259 4363 3354 4419 sed
3382 4364 3502 4435 ejus
3527 4379 3628 4434 ap—

376 4461 554 4531 μένων
587 4456 1064 4527 ἐναπομείναντες,
1090 4455 1280 4511 ἔλαθον
1306 4459 1370 4530 τῇ
1399 4457 1944 4532 κτίσειλατρεύοντες

2047 4456 2347 4527 prehendit
2395 4457 2624 4513 lacinias
2671 4458 2909 4514 vestium
2935 4459 3105 4526 “;ac
3155 4460 3301 4515 sicut
3333 4460 3623 4515 hominum

374 4551 527 4622 παρὰ
559 4549 653 4603 τὸν
676 4548 961 4602 κτίσαντα.

442 4812 536 4867 τπδ’.
579 4812 639 4866 '0
662 4812 759 4883 τῆς
783 4812 947 4882 ἁγίας
973 4813 1198 4884 Γραφῆς
1227 4812 1406 4882 λόγος,
1441 4810 1585 4867 κατὰ
1629 4802 1795 4884 μέρος
1836 4817 1953 4883 τοῖς

449 4968 494 4999 ’³
519 4967 677 5024 Joan.
710 4984 826 5034 xm,
855 4966 947 5021 20.
1025 4967 1069 4999 ³ο
1097 4966 1233 5023 ibid.
1273 4966 1362 5020 5i.

450 5111 524 5183 (It)
560 5110 679 5176 Τὴν
706 5108 825 5183 τῆς
865 5110 1155 5183 ἀπαρειάς
1179 5108 1578 5183 ’κομιζόμενος
1600 5108 1817 5183 χάριν,
1850 5110 1965 5177 τὴν

376 5179 691 5243 ἀπάθειαν,
732 5179 1101 5233 universalius
1138 5179 1230 5233 hic
1263 5180 1432 5233 sumit
1472 5179 1764 5243 Maximus,
1810 5190 1865 5235 et
1900 5190 1962 5235 ut

376 5254 546 5308 etiam
573 5251 975 5306 immunitatem
1004 5249 1139 5304 dicit
1164 5264 1194 5302 a
1225 5249 1449 5303 virtutis
1481 5249 1773 5303 laboribus
1801 5252 1958 5305 viue-

419 5339 485 5378 ue
514 5320 811 5385 aerumnis;
847 5328 902 5373 et
936 5336 1047 5374 non
1064 5320 1241 5374 solum
1267 5335 1298 5373 a
1326 5319 1809 5388 perturbationum
1833 5321 1960 5375 libi-

419 5340 485 5378 ue
514 5340 811 5385 (erumnis;
847 5340 902 5373 ει
938 5340 1047 5374 non
1064 5340 1241 5374 SOllllll
1267 5340 1298 5373 3
1326 5340 1809 5388 perturuattonum
1833 5340 1957 5375 Ill"-

377 5340 679 5460 :iinumque
703 5390 992 5455 molestia;
1019 5406 1126 5459 qua
1183 5398 1365 5460 tamen
1406 5390 1688 5460 prmcipue
1739 5390 1957 5447 divino-

380 5477 502 5517 rum
556 5458 1362 5528 contemplationisillustratio
1394 5458 1552 5579 gipsa
1586 5458 1805 5515 divinae
1846 5462 1965 5516 cla-

382 5532 563 5579 rimis
586 5530 971 5579 narticinatum
1002 5527 1247 5579 munusl
1282 5530 1396 5579 ἀπα
1435 5527 1498 5579 it:
1551 5528 1628 5579 illi
1694 5530 1902 5579 dicitur
1937 5548 1950 5579 ε

382 5532 563 5587 ritatis
586 5527 971 5601 participatum
1002 5544 1201 5582 munus
1223 5527 1498 5650 ὶὶὰπαθὴς
1551 5528 1628 5584 illi
1694 5530 1902 5584 dicitur
1937 5548 1951 5596 ;

382 5617 543 5650 mnam
579 5601 648 5650 ad
680 5600 975 5650 nassionem
1004 5599 1199 5650 vadens
1273 5599 1616 5650 οηιίηιιευὲπὶ
1676 5597 1737 5650 τὸ
1784 5601 1951 5650 πάθος

380 5617 543 5670 quam
579 5597 648 5654 ad
680 5597 1199 5671 passionemvadens
1223 5597 1616 5671 Donz_inus,_~éni
1676 5597 1737 5652 τὸ
1784 5601 1953 5665 πάθος

380 5667 695 5741 ἐρχόμενος,
729 5668 1146 5741 sibinohisque
1186 5667 1585 5741 postulaverit2

555 5742 708 5806 Ἕως
762 5739 869 5794 τοῦ
916 5740 985 5794 ἐν
1039 5736 1119 5803 τῷ
1158 5736 1339 5806 ῥητῷ.
1417 5737 1512 5791 Est
1565 5737 1727 5794 Marci
1780 5740 1945 5810 capit.

2048 4543 2232 4615 prisca
2265 4554 2417 4611 mtas,
2448 4560 2572 4614 quae
2601 4544 2658 4600 in
2682 4545 2797 4600 sola
2827 4562 3013 4601 rerum
3045 4547 3221 4602 oculis
3249 4547 3627 4618 expositarum

1974 4708 1980 4713 ξ
2054 4633 2214 4706 503
2245 4634 2651 4706 magniﬁcentia
2689 4637 2999 4702 immorata,
3047 4653 3161 4692 non
3189 4637 3427 4694 advertit
3475 4654 3631 4693 crca-

2052 4736 2191 4780 tura:
2214 4742 2271 4781 se
2304 4727 2489 4797 potius
2518 4729 2746 4792 servire.
2776 4745 2940 4800 quam
2963 4729 3210 4785 Creatori
3238 4730 3303 4784 ³⁸.

2125 4817 2213 4872 74.
2250 4817 2433 4874 Sacra:
2468 4818 2768 4888 Scripturae
2796 4836 3001 4887 sermo,
3033 4819 3455 4876 sublimioribus
3484 4824 3632 4890 ‘pau-

1438 4967 1481 4999 ³¹
1516 4967 1672 5022 Joan.
1703 4980 1812 5034 xtv,
1843 4970 1895 5024 9.

2037 4971 2173 5027 ibid.
2206 4972 2292 5028 10.
2370 4973 2416 5005 ⁸³
2436 4972 2575 5029 Gen.
2608 4990 2788 5041 χχχιχ,
2826 4975 2910 5029 1‘2.
2985 4975 3031 5006 ἰ
3064 4976 3220 5029 ltum.
3241 4976 3388 5042 1,25.

2070 5114 2349 5186 νηπτικῶν
2381 5114 2555 5186 2|,_in
2595 5129 2706 5182 quo
2722 5120 2841 5186 tum
2870 5121 3051 5186 textus
3087 5112 3217 5167 Pico
3258 5114 3489 5186 laborat.
3522 5122 3636 5186 tum

2069 5183 2186 5253 ipse
2204 5202 2231 5238 a
2255 5200 2313 5239 se
2331 5184 2529 5238 menda
2550 5183 2870 5238 cumulavit.
2901 5184 3014 5253 Nec
3050 5197 3275 5237 necesse
3298 5184 3507 5251 singula
3531 5185 3616 5240 dis
3632 5216 3646 5225 -

2068 5252 2279 5309 cutcre.
2339 5253 2587 5309 Suﬂiciat
2626 5254 2774 5307 illius
2804 5252 2999 5306 mutila
3046 5261 3101 5306 et
3128 5261 3461 5322 praepostera
3516 5271 3639 5309 cum

2062 5325 2274 5379 nostris
2303 5324 2536 5393 integris
2573 5322 2834 5393 sanisque
2865 5321 3158 5393 conferre;
3208 5321 3260 5375 in
3291 5323 3495 5393 quibus
3528 5326 3649 5379 clu-

2063 5403 2172 5453 cet.
2232 5403 2347 5449 tum
2410 5392 2738 5463 Marcialta
2789 5392 3085 5462 theologia,
3136 5400 3252 5446 tum
3303 5392 3520 5447 Maximi
3557 5395 3648 5463 ju-

2064 5464 2271 5517 dicium
2325 5472 2381 5517 et
2420 5462 2680 5533 solertia;
2750 5463 2845 5531 qui
2918 5470 3177 5533 tanquam
3231 5463 3465 5533 geminis
3523 5465 3648 5533 pul-

2062 5533 2399 5603 cherrimis,
2464 5531 2578 5603 illis
2627 5531 2798 5585 Marci
2848 5532 3164 5603 capitibus,
3217 5547 3317 5603 sua
3380 5531 3648 5603 lucc—pu-

2060 5602 2263 5684 taverit
2293 5602 2523 5684 ditanda
2551 5615 2682 5657 vere
2713 5602 3010 5671 γνωστικά,
3036 5615 3101 5677 ac
3130 5601 3418 5671 sapientiae
3436 5601 3649 5672 plenis-

2056 5687 2195 5728 snna
2241 5684 2438 5744 capita.
