4094 6204
520 308 654 378 1159

1675 304 1737 365 S.
1787 302 2074 365 MAXIMI
2112 300 2618 364 CONFESSORIS

3614 299 3762 367 1160

519 421 672 477 latim
696 415 1020 473 notiombus
1051 411 1362 483 sensisque,
1403 426 1598 467 eorum
1632 426 1755 481 quas
1793 412 1850 466 in
1880 425 1949 467 eo
1971 425 2093 465 cor-

2200 410 2545 482 ΰψηλοτέροις
2579 412 2814 484 νοήμασι
2848 410 2949 483 τὴν.
2978 410 3086 465 τῶν
3117 411 3205 467 ἐπ’
3228 408 3379 481 αὐτῷ
3434 413 3762 481 σωματικῶς

517 511 783 585 poraliter
839 509 964 562 ﬁcta
1006 506 1290 570 dicuntur,
1343 504 1802 575 compositionem
1854 517 2087 568 exuens,

520 615 780 673 tanquam
820 602 876 655 in
903 615 1037 653 voce
1066 613 1215 652 aura:
1247 598 1430 652 tenuis
1457 598 1733 653 exsistens
1770 597 1838 662 ⁸⁸,
1876 596 2091 667 perspi-

510 690 723 749 ‘caciori
762 689 933 745 menti
973 689 1319 755 ostenditur;
1350 688 1402 744 ei
1436 689 1693 743 nimirum
1729 703 1852 758 qua:
1874 700 2091 743 summe

517 799 636 839 eam
658 781 1042 838 deﬁcientibus
1059 780 1401 835 naturalibus
1415 779 1847 850 operationibus,
1867 792 2089 833 sensum

518 872 781 926 duntaxat
825 870 1107 939 percipere
1155 866 1351 937 potuit,
1399 868 1516 938 ejus
1558 866 1943 937 simplicitatis,
1980 880 2091 936 qua

521 963 599 1017 illi
621 961 815 1017 Sermo
852 960 969 1031 (seu
1008 959 1269 1030 Verbum)
1311 959 1575 1029 tantisper
1601 958 1909 1024 indicatur;
1945 956 2091 1011 haud

520 1070 680 1111 secus
723 1069 785 1109 ac
830 1067 1059 1122 magnus
1099 1052 1267 1116 Elias,
1305 1051 1394 1106 cui
1454 1052 1509 1106 in
1560 1066 1724 1121 specu
1772 1050 1953 1104 Horeb
1998 1049 2092 1103 illa

520 1143 659 1198 visio
687 1141 900 1211 obtigit.
941 1138 1122 1194 lloreb
1150 1141 1320 1204 enim,
1365 1139 1411 1193 si
1446 1155 1646 1213 nomen
1690 1136 2089 1207 interpreteris,

525 1233 717 1289 navale
748 1239 852 1295 est,
882 1230 1031 1301 quod
1067 1231 1332 1285 virtutum
1365 1230 1607 1294 habitus,
1639 1231 1695 1284 in
1723 1245 1866 1284 novo
1907 1228 2094 1299 gratia:

523 1325 722 1394 Spiritu
762 1331 865 1377 est.
909 1322 1119 1391 Specus
1158 1333 1363 1386 autem,
1398 1322 1615 1377 occulta
1654 1322 1839 1375 animo
1878 1330 1965 1376 est
2003 1336 2092 1376 sa-

524 1413 743 1484 pientia:
771 1411 1003 1473 latebra,
1033 1410 1293 1479 illiusque
1324 1411 1475 1465 velut
1509 1411 1772 1482 adytum;
1805 1424 1969 1480 quam
1998 1408 2094 1479 qui

526 1502 803 1572 ingressus
840 1500 1026 1565 fuerit,
1060 1500 1371 1571 scientiam,
1408 1517 1528 1570 qua:
1557 1516 1773 1555 omnem
1800 1506 2095 1569 exsuperat

526 1608 748 1649 sensum
777 1592 841 1656 ",
875 1591 1100 1661 mystice
1130 1590 1465 1660 persentict;
1504 1590 1558 1643 in
1585 1606 1690 1659 qua
1718 1590 1865 1643 Deus
1893 1587 2096 1641 dicitur

526 1687 813 1740 exsistere.
861 1683 1121 1752 Quisquis
1158 1699 1289 1752 ergo
1340 1682 1512 1737 instar
1544 1682 1721 1751 magni
1755 1680 1886 1735 Elia:
1924 1681 2096 1733 Deum

524 1792 651 1829 vere
676 1775 895 1843 quaerit,
923 1789 1031 1827 non
1057 1780 1267 1825 tantum
1297 1787 1355 1826 se
1380 1772 1435 1825 in
1467 1772 1646 1826 lloreb
1675 1770 1920 1825 conferet
1948 1769 2093 1837 (tan-
2125 1758 2167 1813 Β

526 1880 687 1933 quam
713 1866 937 1920 scilicet.
952 1864 1045 1933 qui
1080 1864 1279 1918 actioni
1306 1863 1542 1928 studeat;
1573 1864 1840 1918 virtutum
1861 1861 2095 1931 arripiet

527 1956 822 2025 habitum),
856 1970 1047 2010 verum
1082 1955 1245 2009 etiam
1274 1955 1329 2008 in
1359 1970 1578 2025 specum
1606 1954 1662 2008 in
1704 1952 1886 2008 lloreb
1935 1953 2097 2008 sitam

527 2044 824 2115 pervadct;
856 2052 1112 2113 tanquam
1131 2043 1343 2098 scilicet
1374 2042 1827 2113 contemplationi
1854 2040 2095 2106 deditus,

529 2136 582 2190 in
611 2136 893 2205 sapientite
933 2134 1199 2188 latebram
1252 2133 1542 2203 sinumque
1578 2132 1930 2202 penitiorem,
1975 2144 2099 2201 quas

529 2221 586 2276 in
614 2222 879 2275 virtutum
913 2220 1180 2274 duntaxat
1212 2218 1406 2273 habitu
1445 2217 1630 2273 sedem
1665 2217 1886 2273 habeat.

594 2314 682 2369 75.
706 2302 844 2367 Tum
868 2311 1051 2367 clarus
1079 2310 1327 2366 veritatis
1375 2325 1556 2365 sermo
1588 2309 1770 2364 animo
1794 2310 2097 2377 illucescet,

525 2420 673 2461 verae
709 2405 761 2459 ei
791 2405 1036 2459 scientia:
1061 2403 1392 2458 documenta
1424 2400 1699 2472 prmbcns,
1726 2400 1962 2471 vitasque
2002 2416 2097 2456 su-

527 2481 761 2567 perioris
788 2505 1190 2565 squammarum
1215 2507 1366 2546 more
1402 2490 1458 2546 in
1486 2506 1553 2546 eo
1577 2498 1937 2561 prtesumptas
1974 2488 2098 2559 opi-

528 2586 725 2640 nioncs
762 2584 861 2639 abs
898 2584 1239 2654 spiritalibus
1279 2580 1456 2637 oculis
1492 2580 1793 2650 depellens,
1820 2595 1946 2635 cum
1978 2579 2027 2634 is
2067 2594 2100 2634 a

530 2694 589 2734 se
623 2678 893 2731 haerentes
922 2676 1026 2731 sibi
1071 2673 1403 2743 multiplices
1436 2672 1744 2742 opiniones,
1790 2672 1872 2726 uti
1912 2687 1971 2727 se
2009 2686 2099 2727 res

529 2770 587 2825 in
614 2769 800 2825 divino
828 2784 1133 2839 magnoque
1167 2766 1412 2838 apostolo
1454 2766 1625 2821 Paulo
1660 2763 1872 2829 habuit,
1905 2779 2101 2819 excus-

532 2861 669 2917 serit
695 2860 767 2913 ⁸⁷.
797 2859 961 2915 Plane
988 2859 1136 2914 enim
1171 2872 1469 2927 squammze
1508 2864 1638 2910 sunt
1674 2854 1841 2909 animi
1878 2852 2102 2909 lumini-

532 2952 637 3008 bus
671 2951 962 3016 haerentes,
1000 2951 1212 3021 nitique
1258 2965 1321 3004 ac
1360 2963 1672 3004 commeare
1711 2947 1779 3002 ad
1820 2947 2099 3002 sincerum

530 3039 784 3096 veritatis
833 3055 1140 3095 sermonem
1189 3038 1586 3110 prohibentes,
1642 3043 1757 3090 tum
1800 3035 1900 3091 soli
1946 3033 2099 3090 Scri-

2188 502 2678 573 διαπεπλασμένων
2709 505 2888 575 ῥητῶν
2911 504 3276 571 ἐκδυσάμενος
3312 500 3583 567 σύνθεσιν,
3602 502 3676 566 ώς
3697 508 3764 555 ἐν

2190 595 2343 663 φωνῇ
2373 590 2547 663 αὔρας
2579 593 2781 664 λεπτῆς
2807 594 3065 665 ὑπάρχων
3093 592 3371 648 δείκνυται
3403 587 3484 662 τῷ
3520 592 3766 662 διορατι-

2189 687 2416 756 κωτέρῳ
2444 686 2527 739 νοΐ
2552 701 2564 714 ⁸
2596 685 2674 755 τῷ
2702 685 2792 740 διὰ
2822 684 2924 757 τὴν
2952 685 3131 757 ἄκραν
3153 684 3439 755 ἀπόλειψιν
3476 684 3585 738 τῶν
3617 688 3767 739 atati

2191 775 2354 846 φύσιν
2388 776 2697 846 ἐνεργειῶν,
2729 775 2983 847 αἴσθησιν
3020 776 3182 847 μόνον
3221 775 3504 848 δυνηθέντι
3554 774 3772 837 λαϐεῖν,

2189 872 2289 941 τῆς
2339 867 2431 921 τὸν
2478 869 2649 937 Λόγον
2690 866 2872 933 ποσῶς
2935 868 3250 939 μηνυούσης
3278 867 3599 937 ἁπλότητος,
3623 869 3767 920 κατά

2190 961 2281 1015 τὸν
2308 960 2481 1031 μέγαν
2525 960 2709 1015 Ἠλίαν
2733 960 2825 1015 τὸν
2845 962 2902 1015 ὲν
2928 960 3006 1032 τῷ
3028 960 3277 1031 σπηλαίῳ
3304 959 3509 1030 Χωρὴϐ
3561 958 3770 1026 ταύτης

2191 1048 2493 1114 ἀξιωθέντα
2553 1050 2652 1117 τῆς
2718 1049 2917 1120 ὅψεως.
2971 1048 3176 1122 Χωρήῦ
3229 1048 3340 1118 γὰρ
3400 1047 3769 1119 ἑρμηνεύεται

2191 1140 2569 1214 reuna-[unus
2602 1140 2731 1212 Reg.
2755 1139 2979 1212 νόημαῙ,
3012 1141 3150 1210 ὅπερ
3172 1140 3319 1194 ἐστὶν
3350 1141 3387 1210 ἡ
3412 1140 3470 1191 ὲν
3488 1139 3565 1206 τῷ
3595 1136 3771 1209 καινῷ

2194 1230 2464 1301 πνεύματι
2488 1231 2589 1301 τῆς
2630 1231 2852 1300 χάριτος
2894 1229 3006 1296 ἕξις
3034 1229 3142 1282 τῶν
3172 1228 3406 1299 ἀρετῶν.
3429 1227 3501 1280 Τὸ
3532 1227 3589 1281 δὲ
3621 1227 3773 1296 qui;-

2193 1319 2367 1383 λαιον,
2394 1320 2427 1390 ἡ
2460 1322 2558 1391 τῆς
2581 1319 2774 1390 σοφίας
2795 1320 2911 1373 ἐστὶ
2938 1319 3082 1374 κατά
3105 1319 3228 1373 νοῦν
3249 1318 3567 1390 κρυφιότης·
3589 1326 3648 1375 ιν
3740 1320 3774 1373 6

2194 1410 2507 1482 γενόμενος,
2534 1411 2630 1481 τῆς
2662 1410 2806 1482 ὑπὲρ
2831 1412 3083 1482 αἴσθησιν
3128 1409 3409 1481 μυστικῶς
3445 1408 3773 1478 αἰσθήσεται

2195 1500 2469 1571 γνώσεως.
2498 1501 2556 1554 ἐν
2677 1501 2893 1569 λέγεται
2930 1500 3217 1570 τυγχάνειν
3260 1500 3289 1553 6
3322 1499 3476 1562 Θεὸς.
3513 1500 3626 1561 Πᾶς
3673 1492 3771 1551 οὖν

2197 1594 2339 1646 κατὰ
2377 1592 2470 1646 τὸν
2512 1592 2686 1662 μέγαν
2721 1590 2908 1645 Ἠλίαν
2942 1591 3122 1662 ζητῶν
3155 1589 3372 1660 ἀληθῶς
3398 1591 3490 1644 τὸν
3518 1590 3673 1653 Θεὸν,
3701 1588 3769 1642 οῦ

2202 1682 2363 1753 μόνον
2378 1684 2436 1735 ὲν
2463 1683 2665 1754 Χωρὴὸ
2692 1684 2984 1755 γενήσεται
3016 1699 3031 1713 ⁸
3068 1682 3382 1748 τουτέστιν,
3415 1681 3492 1744 ὡς
3532 1698 3773 1751 πρακτι-

2196 1776 2291 1838 κὸς
2316 1776 2375 1828 ἐν
2400 1778 2467 1846 τῇ
2491 1773 2603 1840 ἕξει
2623 1775 2731 1829 τῶν
2748 1775 2959 1847 ἀρετῶν
2982 1791 2996 1805 ·
3036 1774 3176 1829 ἀλλὰ
3203 1775 3298 1828 καὶ
3327 1777 3385 1828 ὲν
3404 1774 3483 1842 τῷ
3514 1772 3772 1843 σπηλαίῳ

2195 1865 2274 1937 τῷ
2300 1867 2357 1920 ὲν
2390 1866 2612 1938 Χωρή6’
2644 1867 2943 1934 τουτέστιν,
2976 1867 3052 1932 ὡς
3078 1867 3411 1938 θεωρητικὸς
3438 1868 3497 1920 ὲν
3528 1869 3597 1938 τῇ
3631 1884 3772 1938 κρυ-

2196 1954 2411 2024 φιὸτητι
2432 1955 2533 2025 τῆς
2571 1956 2760 2027 σοφίας
2787 1958 2856 2029 τῇ
2886 1958 2943 2011 ὲν
2974 1956 3111 2029 μόνῃ
3162 1954 3503 2026 τυγχανούσῃ
3549 1957 3617 2026 τῇ
3654 1954 3769 2021 {Eat

2195 2043 2304 2098 τῶν
2333 2042 2566 2112 ἀρετῶν.

2268 2290 2362 2349 σε’.
2397 2294 2567 2348 Ὅταν
2594 2296 2622 2349 ὀ
2653 2293 2776 2358 νοῦς
2824 2293 2924 2359 τάς
2960 2286 3333 2365 ἐπικειμένας’
3362 2293 3515 2365 αὖτῷ
3568 2291 3769 2355 πολλὰς

2198 2388 2329 2460 περὶ⁵
2360 2386 2469 2443 τῶν
2495 2386 2667 2441 ὄντων
2690 2387 3034 2457 ὲκτινάξηται
3064 2386 3238 2453 δόξας,
3268 2385 3391 2439 τότε
3419 2386 3595 2457 σαφὴς
3620 2384 3769 2454 αὐτῷ

2196 2481 2297 2552 τῆς
2323 2479 2579 2551 ἀληθείας
2597 2481 2626 2532 6
2649 2478 2806 2548 λόγος
2860 2479 3218 2549 ἀναφαίνεται
3235 2519 3251 2545 ,
3281 2477 3457 2541 διδους
3492 2475 3642 2547 αὐτῷ
3669 2477 3767 2544 τῆς

2197 2570 2367 2633 ὅντως
2390 2568 2643 2637 γνώσεως
2667 2568 2768 2632 τάς
2813 2566 3232 2638 ὑποθήκας,καὶ
3283 2564 3383 2629 τάς
3434 2562 3624 2635 πρώην
3676 2560 3768 2615 ἐπ’

2199 2659 2349 2730 αὐτῷ
2396 2657 2694 2730 προλήψεις
2740 2658 2873 2711 ὡσεὶ
2914 2656 3133 2720 λεπίδας
3178 2655 3287 2709 τῶν
3323 2655 3565 2710 ὀπτικῶν
3605 2654 3767 2709 δυνά-

2202 2768 2349 2823 μεων
2400 2749 2810 2820 ἀπωθούμενος,
2839 2748 2978 2802 κατά
3017 2747 3108 2801 τὸν
3137 2746 3428 2801 Θεσπέσιον
3469 2746 3563 2800 καὶ
3596 2745 3768 2816 μέγαν

2210 2840 2533 2897 Ἀπόστολον
2570 2839 2807 2895 Παῦλον.
2832 2839 3065 2902 Λεπίδες
3097 2838 3207 2910 γάρ
3238 2840 3397 2899 εἰσιν,
3428 2837 3505 2901 ώς
3530 2837 3764 2909 ἀληθῶς,

2199 2933 2547 3005 ἐπικείμεναι
2581 2932 2658 3002 τῷ
2689 2930 2984 3002 διορατικῷ
3010 2929 3108 2999 τῆς
3132 2928 3327 3000 ψυχῆς,
3354 2929 3453 2983 καὶ
3476 2930 3767 3000 ἀπείργουο

2203 3044 2293 3079 σαι
2318 3025 2416 3097 τὴν
2443 3023 2576 3094 πρδς
2597 3024 2688 3079 τὸν
2710 3022 2986 3094 ἀκραιφνῆ
3014 3022 3117 3092 τῆς
3147 3020 3407 3092 ἀληθείας
3451 3018 3628 3090 λόγον,
3649 3020 3766 3075 aia-

531 3138 709 3203 plura:
723 3130 923 3185 littera
936 3132 1162 3200 ejusque
1173 3085 1323 3184 vrelut
1336 3128 1529 3183 cortici
1545 3126 1773 3182 addicta:
1788 3125 2097 3197 opiniones,

2201 3085 2385 3186 6aotv:
2408 3118 2469 3172 αἴ
2487 3085 2714 3188 τενπρὺς
2825 3085 2989 3187 ῥητὸν
3012 3085 3171 3186 μένον
3197 3085 3295 3183 si};
3318 3085 3540 3185 Γραφῆς
3566 3085 3771 3187 ὑπολή-

402 3266 419 3289 ,
532 3230 651 3277 tum
685 3235 866 3276 rerum
895 3218 1312 3289 aspectabilium
1349 3232 1517 3273 sensu
1555 3225 1714 3272 tenus
1741 3230 1866 3270 cum
1899 3214 2099 3270 affectu

532 3326 605 3367 ae
624 3310 853 3365 libidine
874 3318 1147 3379 usurpata:
1170 3309 1431 3363 visiones.

603 3418 690 3472 76.
726 3417 955 3472 Divinus
985 3416 1206 3485 quidem
1244 3416 1525 3486 apostolus
1567 3415 1792 3481 Paulus,
1835 3430 1904 3470 ex
1945 3423 2102 3485 parte

533 3525 592 3567 se
619 3510 786 3566 Verbi
829 3509 1193 3579 cognitionem
1238 3518 1457 3563 nactum
1496 3523 1620 3563 esse
1648 3508 1727 3562 ait
1754 3506 1833 3574 ³⁸;
1873 3523 2102 3579 magnus

532 3616 665 3656 vero
713 3601 951 3656 Joannes
990 3599 1343 3670 evangelista,
1382 3601 1501 3670 ejus
1535 3614 1593 3654 se
1630 3600 1857 3670 gloriam
1897 3600 2102 3655 vidisse

533 3691 686 3746 dicit.
729 3689 961 3744 Vidimus
992 3690 1159 3752 enim,
1207 3689 1405 3757 inquit,
1445 3688 1672 3760 gloriam
1710 3692 1845 3761 ejus,
1875 3690 2102 3762 gloriam

534 3784 688 3853 quasi
719 3781 982 3853 Unigenili
1002 3800 1031 3834 α
1048 3780 1229 3843 Patre,
1251 3780 1463 3850 plenum
1490 3782 1679 3851 gratiae
1708 3790 1756 3834 et
1779 3784 2015 3836 veritatis
2034 3783 2099 3837 ”.

533 3871 677 3927 Num
739 3885 874 3926 vero
936 3878 1160 3925 sanctus
1210 3870 1432 3939 quidem
1498 3871 1748 3935 Paulus,
1816 3888 1882 3927 ex
1949 3882 2101 3942 parte

536 3972 764 4015 nactum
787 3975 844 4015 se
874 3960 1161 4014 scientiam
1180 3959 1338 4023 dixit,
1380 3967 1635 4029 tanquam
1664 3959 1760 4014 Dei
1791 3960 2103 4031 Verbillﬁx

535 4053 949 4122 operationibus
973 4051 1120 4105 enim
1151 4065 1373 4121 quoquo
1410 4050 1574 4114 modo
1602 4051 1781 4106 solum
1812 4052 2059 4132 negatur
2085 4069 2098 4106 :

536 4136 738 4205 quippe
772 4150 897 4189 eum
922 4134 1062 4205 ejus,
1093 4133 1239 4202 quod
1278 4133 1346 4188 ad
1379 4134 1672 4189 essentiam
1707 4134 2103 4189 substantiam-

536 4242 645 4297 que
683 4234 911 4296 spectat,
948 4225 1165 4291 notitia,
1200 4224 1362 4296 50a.
1401 4225 1616 4281 cunctis
1656 4226 1890 4297 perinde
1940 4240 2104 4297 ange-

537 4318 713 4388 lisque
753 4324 809 4371 et
854 4316 1173 4371 hominibus
1211 4317 1283 4371 sit
1327 4317 1624 4384 inaccessa,
1677 4317 1827 4372 nulla
1875 4333 2104 4389 prorsus

2198 3210 2343 3282 ψεις,
2382 3209 2479 3263 καὶ
2508 3209 2616 3263 τῶν
2656 3208 2949 3281 ὁρωμένων
2982 3208 3040 3262 αἱ
3077 3207 3198 3261 κατ’
3228 3206 3479 3277 αἴσθησιν
3524 3222 3773 3279 προσπαρ-

2201 3303 2314 3367 θεῖς
2345 3303 2588 3375 θεωρίαι.

2275 3394 2383 3461 ος’.
2415 3399 2433 3416 '
2470 3397 2529 3448 ὐ
2579 3395 2678 3466 μὲν
2715 3393 2859 3457 θεῖος
2900 3391 3219 3456 Ἀπόστολος
3266 3390 3496 3455 Παῦλος,
3519 3391 3618 3462 τὴν
3672 3389 3771 3444 τοῦ

2202 3487 2378 3558 Λόγου
2403 3485 2625 3555 γνῶσιν,
2652 3486 2718 3539 ὲκ
2757 3485 2956 3556 μέρους
2985 3484 3090 3553 ἔφη
3110 3482 3420 3551 γινώσκειν.
3462 3482 3521 3536 '0
3564 3482 3624 3536 δὲ
3674 3481 3774 3552 μέ-

2200 3594 2303 3648 γας
2326 3576 2717 3647 εῦαγγελιστὴς
2756 3576 3011 3647 Ἰωάννης
3049 3574 3338 3629 τεθεᾶσθαι
3376 3574 3523 3642 λέγει
3543 3573 3644 3645 τὴν
3673 3574 3775 3627 αὖα

2199 3668 2295 3723 τοῦ
2315 3667 2488 3733 δόξαν.
2520 3667 2924 3736 Ἐθεασάμεθα
2947 3667 3078 3738 γάρ,
3104 3667 3288 3737 φησιν,
3315 3664 3430 3734 τὴν
3448 3665 3637 3728 δόξαν
3660 3666 3772 3719 αὑ-

2200 3762 2330 3825 τοῦ,
2358 3760 2549 3824 δόξαν
2577 3760 2657 3825 ὡς
2676 3757 3058 3827 Μονογενοῦς
3085 3758 3246 3826 παρὰ
3260 3756 3510 3825 Πατρὸς,
3536 3754 3775 3824 πλήρης

2201 3851 2449 3922 χάριτος
2477 3851 2577 3905 καὶ
2622 3851 2931 3918 ἀληθείας.
2975 3849 3084 3903 Καὶ
3147 3849 3358 3919 μήποτε
3384 3850 3414 3901 6
3468 3847 3570 3918 μὲν
3617 3847 3774 3914 ἅγιος

2205 3945 2415 4007 Παῦλος
2466 3944 2565 4015 τὴν
2621 3943 2694 4007 ὡς
2733 3941 2868 3996 Θεοῦ
2899 3941 3074 4009 Λόγου
3107 3940 3309 4009 γνῶσιν
3339 3941 3403 3994 lx
3435 3941 3636 4011 μέρους
3662 3939 3774 4010 εφη

2202 4036 2513 4106 γινώσκειν.
2545 4035 2641 4089 Ἐκ
2690 4034 2801 4105 γὰρ
2849 4033 2960 4089 τῶν
3006 4032 3329 4104 ἐνεργειῶν,
3383 4031 3563 4096 ποσῶς
3611 4032 3774 4103 μόνον

2203 4127 2553 4198 γινώσκεται.
2597 4126 2662 4181 Ἥ
2727 4128 2837 4200 γὰρ
2893 4127 2982 4180 ἐπ’
3011 4125 3158 4196 αὺτῷ
3209 4125 3329 4180 κατ’
3354 4125 3541 4178 οὐσίαν
3568 4142 3629 4178 τε
3676 4124 3775 4178 καὶ

2205 4220 2500 4275 ὑπόστασιν
2541 4218 2774 4289 γνῶσις,
2828 4218 3033 4290 ὁμοίως
3071 4219 3236 4272 πᾶσιν
3274 4217 3527 4286 ἀγγέλοις
3577 4234 3637 4270 τε
3675 4216 3776 4270 καὶ

2204 4307 2514 4380 ἀνθρώποις
2541 4347 2557 4372 ,
2603 4307 2944 4378 καθέστηκεν
2981 4307 3201 4370 ἄϐατος,
3241 4308 3361 4361 κατ’
3392 4306 3550 4360 οὐδὲν
3597 4306 3777 4360 οὐδενὶ

538 4409 751 4464 ratione
787 4408 884 4463 ulli
922 4409 1222 4478 explorata.
1253 4408 1488 4463 Sanctus
1522 4424 1655 4463 vero
1686 4408 1945 4473 Joannes,
1974 4425 2100 4479 per-

2207 4399 2586 4470 γινωσκομένη
2612 4414 2625 4427 ³
2653 4398 2683 4451 6
2723 4398 2783 4452 δὲ
2827 4398 2983 4468 ἅγιος
3016 4398 3288 4468 Ἰωάννης,
3328 4397 3533 4450 τέλειον
3580 4396 3658 4458 ώς
3716 4398 3777 4450 ἐν

540 4496 702 4558 lecte.
749 4496 893 4566 quod
942 4511 1266 4551 concessum
1310 4496 1632 4552 hominibus
1675 4506 1779 4563 est,
1808 4496 1976 4553 Verbi
2016 4498 2104 4553 in-

540 4587 911 4641 carnationem
950 4576 1204 4650 edoctus,
1256 4586 1484 4656 gloriam
1543 4601 1624 4652 se,
1676 4586 1832 4657 quasi
1883 4575 2106 4641 carnem

540 4678 805 4743 Verbum,
842 4679 919 4733 ait
955 4677 1335 4746 conspexisse;
1369 4692 1585 4747 nempe,
1616 4677 1819 4732 vidisse
1848 4693 1907 4732 se
1936 4676 2108 4732 ratio-

541 4784 667 4826 nem
716 4777 772 4823 et
813 4767 999 4832 linem,
1052 4766 1359 4822 secundum
1401 4783 1566 4837 quem
1611 4768 1756 4823 Deus
1804 4766 1982 4823 factus
2022 4776 2110 4823 est

541 4859 728 4923 homo,
759 4860 980 4929 plenum
1022 4858 1209 4929 gratim
1256 4866 1312 4912 et
1351 4858 1620 4912 veritatis.
1655 4858 1777 4912 Non
1812 4857 1962 4912 enim
2000 4872 2109 4927 qua

542 4950 754 5005 ratione
779 4951 1080 5006 secundum
1106 4950 1398 5005 essentiam
1420 4950 1585 5012 Deus,
1609 4948 1965 5020 ejusdemque
1982 4964 2109 5005 eum

544 5041 705 5096 Patre
742 5040 997 5095 essentia:
1035 5049 1139 5103 est,
1178 5039 1510 5110 Unigenitus
1544 5039 1719 5109 gratia
1759 5049 1955 5095 auctus
1988 5050 2107 5107 est;

543 5129 640 5186 sed
680 5146 787 5201 qua
818 5131 1031 5185 ratione
1062 5128 1247 5183 altiori
1288 5129 1519 5183 consilio
1567 5145 1632 5184 ac
1675 5129 2108 5198 dispensatione,

547 5218 723 5278 factus
755 5229 841 5276 est
869 5220 1036 5274 homo
1076 5226 1273 5272 natura
1310 5217 1665 5287 ejusdemque
1702 5218 1987 5273 nobiscum
2021 5234 2112 5274 es-

544 5312 757 5377 sentite,
783 5326 868 5374 ea,
904 5318 1132 5381 propter
1168 5324 1291 5373 nos,
1323 5307 1417 5377 qui
1452 5309 1627 5380 gratia
1654 5323 1902 5379 egemus,
1931 5325 2109 5380 exque

538 5404 661 5474 ejus
700 5416 918 5472 semper
960 5399 1300 5470 plenitudine
1343 5401 1400 5455 in
1446 5399 1597 5455 omni
1631 5399 1884 5470 profectu
1921 5411 2112 5456 nostro

2205 4489 2532 4562 ἀνθρώποις,
2560 4489 2650 4543 τὸν
2677 4490 2777 4561 τῆς
2803 4489 3271 4562 ἐνανθρωπήσεως
3300 4487 3394 4543 τοῦ
3426 4488 3603 4558 Λόγου
3637 4505 3779 4561 itu-q-

2207 4581 2322 4645 θεὶς
2348 4582 2528 4650 λόγον,
2560 4582 2659 4652 τὴν
2691 4582 2768 4645 ὡς
2811 4582 2990 4653 σάρκα
3017 4582 3189 4651 Λόγον
3234 4580 3393 4646 δόξαν
3442 4580 3547 4652 ἐφη
3585 4580 3778 4635 τεθεᾶ-

2208 4673 2334 4727 σθαι
2357 4689 2372 4703 '
2406 4673 2674 4739 τουτέστι,
2708 4673 2799 4726 τὸν
2820 4673 3001 4741 λόγον,
3039 4674 3209 4744 ἢγουν
3259 4673 3352 4727 τὸν
3398 4673 3624 4736 σκοπὸν,
3651 4672 3774 4727 καθ’

2205 4764 2268 4818 δν
2287 4764 2317 4818 6
2336 4763 2469 4828 Θεὸς
2495 4764 2720 4833 γέγονεν
2741 4762 3050 4836 ἄνθρωπος,
3079 4763 3259 4837 πλήρη
3299 4765 3521 4836 χάριτος
3548 4765 3777 4820 ὲθεάσα·

2209 4872 2291 4918 το,
2333 4854 2430 4908 καὶ
2479 4854 2753 4923 ἀληθείας.
2786 4854 2863 4908 Οὐ
2909 4854 3018 4925 γὰρ
3046 4853 3168 4907 καθ’
3190 4855 3220 4911 ὃ
3247 4854 3365 4908 κατ’
3398 4854 3587 4907 οὐσίαν
3620 4854 3775 4919 Θεὸς,

2211 4947 2304 5002 καὶ
2330 4946 2410 5017 τῷ
2432 4945 2552 5016 Θεῷ
2573 4946 2746 5018 Πατρὶ
2775 4945 3057 5017 ὀμοούσιος
3084 4948 3113 5000 6
3129 4946 3439 5017 Μονογενὴς
3475 4946 3782 5019 κεχαριτω-

2209 5056 2323 5104 ται,
2349 5037 2484 5092 ἀλλά
2522 5036 2646 5092 καθ’
2670 5036 2699 5090 ὃ
2726 5036 2886 5107 φύσει
2912 5037 3029 5092 κατ’
3048 5038 3360 5108 οἰκονομίαν
3411 5037 3662 5107 γέγονεν,
3688 5038 3780 5092 ἀν-

2213 5127 2430 5198 θρωπος
2480 5127 2576 5180 καὶ
2617 5128 2751 5198 ἡμῖν
2799 5125 3103 5197 ὀμοοῦσιος,
3135 5127 3202 5181 δι’
3239 5128 3390 5199 ἡμᾶς
3414 5129 3779 5201 κεχαρίτωται

2212 5217 2339 5280 τοὺς
2372 5217 2668 5289 χρῄζοντας
2710 5218 2978 5288 χάριτος·
3020 5220 3114 5274 καὶ
3140 5220 3205 5273 εκ
3259 5218 3354 5273 τοῦ
3414 5217 3779 5290 πληρώματος

2214 5308 2704 5372 αὐτοῦ’διαπαντδς
2726 5309 2868 5363 κατά
2918 5311 3100 5364 πᾶσαν
3124 5310 3285 5382 ἡμῶν
3332 5311 3616 5384 προκοπὴν
3675 5310 3775 5379 τὴν

2215 5398 2586 5472 ἀναλογοῦσαν
2638 5400 2961 5472 δεχομένους
2996 5401 3179 5474 χάριν.
3212 5403 3373 5457 Ὥστε
3415 5404 3447 5457 6
3491 5402 3581 5459 τὸν
3621 5400 3777 5471 λόγον

614 5559 660 5591 ³³
688 5556 756 5613 Ill
778 5557 915 5629 Reg.
952 5573 1062 5623 xix,
1091 5556 1178 5611 12.
1255 5555 1300 5587 ⁸⁸
1327 5554 1565 5627 Philipp.
1591 5570 1665 5625 tv,
1694 5557 1749 5613 7.
1829 5557 1874 5637 ε’
1903 5556 2025 5613 Aet.
2056 5572 2100 5612 nl

2200 5557 2246 5611 Β.
2324 5557 2367 5589 ³⁸
2400 5557 2421 5614 Ι
2448 5557 2577 5614 Cor.
2609 5576 2722 5627 xm,
2754 5560 2807 5621 9.
2885 5562 2930 5595 ⁸⁵
2954 5561 3111 5617 Joan.
3138 5578 3177 5627 ι,
3204 5561 3289 5617 14.

614 5676 636 5699 ⁶
656 5673 741 5731 CI.
764 5674 967 5742 Quaest.
990 5673 1024 5729 9
1050 5673 1120 5730 ad
1149 5671 1510 5728 Thalassium.
