4062 6198
345 216 479 288 1161

1160 228 1495 294 CAPITUM
1529 231 1799 293 THEOL.
1842 231 1937 293 ET
1976 232 2211 296 (ECON.
2253 236 2642 309 CENTURIA
2680 244 2762 305 II.

3483 254 3616 321 1162

339 340 547 393 τελειον
596 338 656 393 ἃν
710 338 894 413 ἑαυτῷ
948 340 1212 411 φυλάξας,
1235 346 1504 419 ἀϐέϐηλον
1552 351 1647 404 τοῦ
1686 350 1922 421 δι’ἡμᾶς

2026 355 2449 414 convenientem
2505 362 2740 432 gratiam
2792 363 3115 435 recipimus,
3156 370 3332 440 gratia
3378 373 3615 435 donatus

340 429 724 501 ωρκωθέντος
754 432 892 486 Θεοῦ
922 433 1099 502 Λόγου
1119 475 1136 501 ,
1166 435 1266 508 τὴν
1302 438 1486 511 πλήρη
1552 439 1776 511 χάριτος
1832 440 1927 494 καὶ

337 523 598 594 ἀληθείας
631 524 923 594 κομίσεται
953 525 1133 594 δόξαν,
1162 530 1258 584 τοῦ
1299 530 1370 585 δι’
1399 533 1549 604 ἡμᾶς
1580 534 1771 587 ἑαυτὸν
1802 531 1926 587 καθ’

338 617 489 688 ἡμᾶς
525 616 851 684 δοξάσαντός
878 634 938 673 τε
960 620 1056 674 καὶ
1074 620 1405 690 ἀγιάσαντος
1434 624 1573 678 κατά
1616 623 1716 696 τὴν
1758 624 1924 679 αὑτοῦ

340 707 667 779 παρουσίαν.
704 708 893 766 Ὅταν
924 712 1055 783 γὰρ,
1086 713 1272 785 φησὶν,
1304 713 1533 781 ἐκεῖνος
1580 714 1922 785 φανερωθῇ,

340 800 529 871 ὅμοιοι
570 802 733 871 αὐτῷ
752 804 1033 876 ἐσόμεθα.
1705 836 1735 885 ι

409 1062 506 1128 οῖ’.
538 1065 685 1129 Ἕως
717 1066 750 1137 ἡ
777 1067 948 1140 ψυχὴ,
982 1071 1081 1143 τὴν
1112 1072 1221 1126 ἀπὸ
1243 1073 1531 1146 δυνάμεως
1555 1077 1637 1140 είς
1664 1076 1919 1148 δύναμιν,

337 1156 433 1211 καὶ
494 1157 595 1230 τὴν
642 1159 753 1213 ἀπὸ
798 1160 960 1232 δόξης
987 1164 1068 1227 εἰς
1099 1163 1258 1231 δόξαν
1292 1168 1531 1220 ποιεῖται
1577 1168 1879 1238 μετάϐασιν
1905 1186 1919 1200 ·

336 1248 608 1313 τουτέστι,
661 1249 763 1322 τὴν
816 1253 928 1306 ἀπὸ
992 1255 1197 1326 ἀρετῆς
1264 1258 1345 1322 είς
1408 1259 1612 1331 ἀρετὴν
1693 1261 1922 1331 μείζονα

335 1341 646 1410 προκοπὴν,
681 1342 780 1396 καὶ
825 1343 924 1415 τὴν
962 1345 1071 1399 ἀπὸ
1111 1345 1370 1415 γνώσεως
1407 1351 1488 1415 είς
1534 1350 1737 1418 γνῶσιν
1780 1351 1920 1422 ὑψη-

334 1425 558 1500 λοτέραν
584 1430 874 1500 ἀνάϐασιν,
911 1435 1013 1489 οὐκ
1044 1436 1327 1493 ἐπαύσατο
1359 1441 1705 1511 παροικοῦσα
1728 1480 1743 1504 ,
1775 1444 1921 1498 κατὰ

333 1519 396 1574 τδ
434 1523 727 1593 εἰρημένον
752 1539 766 1555 ⁸
825 1527 1038 1581 Πολλὰ
1095 1530 1460 1600 παρώκησεν
1497 1534 1537 1602 ἡ
1578 1536 1749 1604 ψυχή
1774 1555 1914 1606 μου.

335 1610 480 1665 Πολὺ
509 1612 618 1683 γάρ
647 1615 765 1667 ἐστι
793 1613 856 1668 τὸ
887 1615 1181 1688 διάστημα,
1207 1621 1301 1673 καὶ
1329 1622 1391 1674 τὸ
1408 1622 1613 1693 πλῆθος
1639 1624 1748 1679 τῶν
1770 1627 1918 1695 ὀφει-

333 1702 542 1758 λουσῶν
580 1705 709 1777 παρ’
736 1707 909 1777 αὐτῆς
936 1708 1259 1781 διαϐαθῆναι
1305 1714 1587 1783 γνὼσεων,
1618 1717 1812 1789 μέχρις
1853 1713 1915 1772 οῦ
1946 1696 1989 1751 Β

333 1792 704 1851 διελεύσεται
733 1798 993 1879 ἐνὶτόπῳ
1024 1804 1264 1872 σκηνῆς
1285 1808 1658 1878 θαυμαστῆς,
1684 1810 1795 1877 ἕως
1810 1811 1918 1867 τοῦ

332 1886 506 1941 οἴκου
526 1888 632 1943 τοῦ
650 1891 820 1945 Θεοῦ·
852 1892 923 1946 ἐν
949 1893 1122 1964 φωνῇ
1152 1896 1570 1966 ἀγαλλιάσεως
1592 1900 1692 1955 καὶ
1710 1903 1917 1973 ἐξομο-

329 1981 662 2052 λογήσεως,
682 1985 839 2055 ἤχου
872 1987 1253 2057 ἑορτάζοντας
1278 2008 1292 2021 ’
1319 1992 1409 2047 ἀεὶ
1452 1997 1679 2064 φωναῖς,
1710 1997 1914 2069 φωνὴν,

331 2079 571 2148 νοεραῖς,
613 2080 805 2149 νοεράν
844 2082 1205 2153 προστιθεῖσα
1229 2088 1296 2157 τῇ
1332 2091 1587 2159 προκοπῇ
1622 2090 1732 2143 τῶν
1754 2090 1917 2145 θείων

332 2168 725 2242 θεωρημάτων,
746 2174 887 2242 μετά
906 2174 1003 2245 τῆς
1024 2177 1165 2229 κατά
1188 2177 1311 2231 νοῦν
1328 2179 1421 2232 ἐπὶ
1435 2182 1547 2245 τοῖς
1562 2181 1916 2254 θεωρηθεῖσιν

330 2263 727 2331 ἀγαλλιάσεως,
764 2266 933 2337 ἤγουν
982 2272 1193 2339 χαρᾶς,
1228 2275 1322 2327 καὶ
1380 2273 1479 2344 τῆς
1536 2276 1913 2350 ἀναλογοῦσης

330 2354 708 2426 εὐχαριστίας.
730 2358 1004 2424 Τοιαύτας
1036 2362 1148 2435 γὰρ
1176 2365 1496 2435 ἑορτάζουσι
1523 2367 1747 2433 πάντες,
1779 2371 1828 2424 οἱ
1854 2372 1915 2425 τὸ

332 2446 556 2517 Πνεῦμα
591 2450 690 2517 τῆς
714 2451 937 2520 χάριτος
962 2453 1266 2523 εἰληφότες,
1283 2457 1354 2510 ἐν
1381 2458 1510 2525 ταῖς
1526 2460 1797 2529 καρδίαις
1809 2466 1916 2518 αὺ-

330 2538 448 2594 τῶν
477 2540 725 2609 κράζων·
774 2544 970 2605 Ἀϐϐά,
1005 2549 1037 2600 ό
1060 2543 1285 2615 Πατήρ.

399 2721 501 2793 οη’.
548 2724 607 2778 '0
632 2724 733 2794 τῆς
765 2725 1086 2799 θαυμαστῆς
1120 2730 1325 2802 σκηνῆς
1359 2733 1544 2799 τόπος,
1569 2736 1666 2790 καὶ
1694 2737 1913 2811 ἀπαθής

332 2815 449 2870 ἔστι
499 2817 593 2870 καὶ
629 2819 872 2890 ἀπήμων
916 2820 1030 2886 ἕξις
1072 2822 1184 2877 τῶν
1236 2825 1449 2895 ἀρετῶν
1475 2844 1488 2857 ο
1516 2828 1638 2882 καθ’
1661 2830 1730 2901 ἢν
1762 2832 1793 2884 ὁ
1816 2832 1912 2885 τοῦ

330 2905 467 2960 Θεοῦ
492 2910 777 2979 γινόμενος
800 2912 1294 2986 Λόγος,διαφὸροις
1324 2916 1537 2988 ἀρετῶν
1567 2919 1791 2976 κάλλεσι
1814 2940 1914 2977 κα-

2028 453 2134 499 est.
2169 446 2381 504 Idcirco
2408 451 2503 521 qui
2541 454 2842 524 perfectam
2876 456 2932 511 in
2964 458 3152 529 seipse
3184 463 3453 520 rationem
3497 483 3617 523 ser-

2030 540 2273 605 vaverit,
2308 543 2799 602 incontaminatam
2847 564 3156 622 puramque
3192 555 3287 610 Dei
3312 557 3477 614 Verbi
3512 577 3616 633 pro

2028 626 2190 682 nobis
2222 628 2517 700 incarnati,
2557 636 2775 706 plenam
2803 640 2994 709 gratia:
3018 650 3075 695 et
3104 643 3359 702 veritatis
3380 626 3611 720 gloriam

2029 722 2369 791 reportabit;
2410 726 2533 797 ejus
2577 729 2845 785 nimirum
2885 732 2982 802 qui
3019 735 3199 790 nostri
3241 752 3408 795 causa
3448 744 3614 800 nobis

2027 811 2228 870 similis
2273 815 2329 869 in
2370 832 2472 873 suo
2515 820 2756 879 adventu
2801 823 2919 894 ipse
2968 840 3029 881 se
3076 835 3134 883 et
3179 830 3509 889 clariﬁcavit
3557 844 3615 893 et

2028 904 2399 963 sanetilicavit
2430 909 2497 965 "°.
2541 911 2674 967 Cum
2704 915 2853 969 enim
2882 916 2996 984 ille,
3034 919 3238 990 inquit,
3276 930 3610 997 apparuerit,

2027 994 2228 1050 similes
2263 999 2311 1052 ei
2344 1001 2543 1057 erimus
2570 1003 2635 1058 δ’.

2099 1085 2187 1140 77.
2213 1086 2469 1154 Quandiu
2486 1094 2703 1151 animus
2725 1096 2792 1153 de
2814 1099 3019 1157 virtute
3048 1102 3104 1157 in
3120 1104 3405 1173 virtutem,
3430 1110 3610 1183 deque

2025 1178 2272 1236 claritate
2298 1182 2353 1238 in
2383 1186 2690 1244 claritatem
2721 1193 2950 1259 transit,
2981 1195 3089 1251 hoc
3111 1207 3215 1263 est,
3247 1199 3315 1253 ad
3346 1178 3611 1273 majorem

2024 1269 2094 1326 de
2118 1272 2326 1336 virtute
2350 1277 2405 1331 in
2428 1278 2690 1336 virtutem
2719 1283 3050 1353 profectum,
3077 1286 3255 1358 deque
3286 1269 3513 1348 scientia
3541 1296 3612 1352 ad

2023 1363 2313 1422 scientiam
2339 1371 2591 1426 ascendit
2621 1374 2899 1442 altiorem,
2934 1379 3169 1433 necdum
3204 1380 3368 1435 tinem
3405 1383 3612 1439 incola-

2023 1462 2115 1511 tus
2139 1456 2291 1524 fecit,
2322 1462 2479 1532 juxta
2512 1466 2659 1534 quod
2692 1468 2959 1538 scriptum
3002 1480 3088 1525 est
3118 1486 3131 1524 :
3168 1471 3397 1527 Multum
3433 1475 3610 1532 incola

2026 1547 2126 1617 fuit
2164 1553 2348 1606 anima
2388 1571 2503 1608 mea
2538 1556 2605 1609 “.
2650 1556 2835 1629 Longa
2879 1560 3028 1614 enim
3069 1562 3331 1618 distantia
3375 1573 3479 1631 est,
3527 1568 3612 1621 in-

2025 1653 2269 1710 gensque
2317 1642 2394 1697 illi
2431 1647 2746 1715 superanda
2777 1650 3099 1707 notitiarum
3145 1668 3210 1708 ac
3247 1655 3609 1713 scientiarum

2024 1732 2204 1800 copia,
2238 1732 2419 1789 donec
2445 1744 2684 1793 transeat
2713 1741 2770 1794 in
2806 1741 2977 1797 locum
3007 1744 3340 1801 tabernaculi
3373 1750 3613 1806 admira-

2019 1822 2160 1890 bilis,
2203 1842 2368 1897 usque
2404 1829 2476 1883 ad
2510 1832 2725 1887 domum
2759 1833 2886 1901 Dei;
2916 1838 2971 1890 in
3002 1853 3123 1891 voce
3161 1839 3531 1897 exsultationis
3560 1852 3611 1898 et

2018 1914 2385 1984 confessionis,
2422 1923 2627 1976 sonitus
2661 1923 2927 1994 cpulantis
2959 1926 3033 1991 ἠς
3067 1937 3129 1982 ut
3159 1944 3380 2000 semper
3412 1948 3605 1990 vocem

2020 2006 2283 2073 vocibus,
2343 2010 2709 2085 intelligentis
2766 2016 2937 2073 animi
2992 2034 3182 2075 vocem
3244 2022 3607 2096 lntelligentis

2018 2097 2186 2152 animi
2207 2101 2440 2157 vocibus
2457 2103 2774 2161 divinorum
2798 2108 3048 2178 profectu
3074 2116 3606 2185 contemplationum

2017 2201 2420 2264 sensorumque
2460 2195 2648 2262 addat,
2679 2212 2805 2253 cum
2838 2202 3063 2267 mentis,
3096 2203 3154 2258 in
3186 2204 3256 2260 iis
3285 2222 3409 2276 quae
3438 2209 3605 2265 intel-

2016 2274 2158 2331 lecta
2192 2277 2402 2335 fuerint
2431 2290 2596 2353 atque
2624 2285 2869 2355 dispecta
2899 2274 3445 2359 exsultationeisive
3472 2314 3606 2368 gauo

2017 2364 2131 2431 dio,
2178 2372 2647 2444 convenientique
2704 2392 2807 2447 pro
2857 2379 2980 2449 ejus
3034 2383 3251 2439 ratione
3299 2364 3603 2456 gratiarum

2017 2461 2252 2517 actione.
2321 2464 2475 2521 Talia
2539 2468 2689 2523 enim
2760 2471 2924 2541 epula
2996 2476 3294 2544 epulantur
3352 2477 3604 2550 festaque

2016 2565 2207 2625 agunt,
2269 2558 2590 2631 quicunque
2654 2561 2926 2632 Spiritum
2989 2568 3181 2637 gratiae
3241 2582 3600 2640 acceperunt,

2016 2648 2339 2705 clamantem
2367 2653 2424 2705 in
2444 2669 2623 2709 eorum
2642 2655 2909 2732 cordibus:
2930 2656 3097 2721 Abba,
3126 2658 3291 2713 Pater
3316 2659 3382 2715 “.

2088 2740 2175 2795 78.
2210 2740 2392 2797 Locus
2432 2743 2772 2799 tabernaculi
2805 2745 3172 2813 admirabilis,
3217 2750 3604 2819 paeatissimus

2017 2839 2104 2886 est
2130 2838 2188 2886 et
2217 2830 2480 2888 innoxius
2520 2832 2790 2887 virtutum
2830 2834 3090 2901 habitus;
3125 2850 3237 2906 quo
3278 2836 3375 2891 Dei
3407 2836 3603 2892 Sermo

2016 2922 2341 2986 adveniens,
2368 2922 2596 2980 diverso
2627 2924 2898 2981 virtutum
2932 2927 3110 2991 cultu,
3143 2928 3319 2984 instar
3347 2930 3605 2985 taberna.

326 3005 597 3072 τακοσμεί
647 3002 898 3076 καθάπερ
941 3007 1147 3078 σκηνὴν
1182 3008 1281 3081 τὴν
1310 3009 1511 3082 ψυχήν.
1556 3013 1615 3067 '0
1664 3013 1723 3067 δὲ
1760 3011 1937 3081 οἶκος,

2018 3017 2150 3082 culi,
2181 3017 2444 3087 praeclare
2495 3020 2743 3076 animum
2789 3030 2952 3078 ornat
2986 3032 3152 3093 atque
3197 3022 3445 3078 instruit.
3503 3024 3602 3080 Dei

328 3093 421 3147 τοῦ
450 3095 674 3167 Θεοῦ,ή
719 3098 784 3150 ἐκ
830 3097 1043 3152 πολλῶν
1093 3099 1190 3155 καὶ
1242 3100 1518 3173 διαφόρων
1570 3108 1908 3180 συγκειμένη

329 3186 703 3259 θεωρημάτων
729 3189 932 3259 γνῶσίς
965 3194 1081 3247 ἐστι
1113 3210 1129 3226 ο
1159 3195 1284 3250 καθ’
1309 3198 1376 3269 ἢν
1400 3198 1648 3270 ἐνδημῶν
1670 3204 1737 3273 τῇ
1762 3202 1907 3275 ψυχῇ

326 3279 357 3332 ὁ
381 3280 533 3346 Θεὸς,
565 3281 660 3334 τοῦ
687 3283 787 3353 τῆς
816 3284 1007 3353 σοφίας
1052 3286 1333 3358 κρατῆρος
1389 3291 1797 3363 ὲμπίμπλησιν.
1846 3296 1908 3347 Ἠ

325 3372 381 3426 δὲ
408 3374 561 3446 φωνὴ
603 3376 701 3446 τῆς
742 3378 1120 3446 ἀγαλλιάσεώς
1156 3383 1295 3447 ἐστι,
1338 3384 1400 3437 τὸ
1434 3385 1528 3438 ἐπὶ
1575 3386 1655 3457 τῷ
1686 3387 1907 3458 πλούτῳ

324 3466 435 3522 τῶν
469 3468 681 3539 ἀρετῶν
714 3470 811 3541 τῆς
834 3471 1015 3544 ψυχῆς
1044 3473 1344 3547 σκίρτημα.
1381 3478 1445 3531 Ἠ
1475 3478 1533 3532 δὲ
1572 3480 1669 3550 τῆς
1719 3480 1910 3552 ἐξομο-

324 3557 620 3631 λογήσεως,
646 3563 681 3633 η
718 3562 813 3615 ἐπὶ
859 3566 925 3635 τῇ
960 3563 1086 3637 δόξῃ
1135 3567 1237 3637 τῆς
1267 3568 1408 3623 κατά
1453 3569 1552 3641 τὴν
1593 3574 1786 3641 σοφίαν
1815 3576 1907 3628 εὑ-

324 3651 496 3721 ωχίας
546 3653 695 3708 ἐστὶν
731 3655 1073 3728 εὐχαριστία.
1117 3659 1178 3712 '0
1210 3660 1271 3713 δὲ
1305 3656 1460 3731 ἦχος,
1491 3667 1525 3735 ἡ
1572 3665 1631 3729 ἐξ
1676 3667 1904 3736 ἀμφοῖν,

324 3746 700 3815 ἀγαλλιάσεὼς
725 3765 869 3820 φημι
894 3750 990 3803 καὶ
1007 3750 1474 3822 ὲξομολογήσεως,
1502 3757 1646 3810 κατά
1668 3758 1905 3829 σύγκρα-

326 3857 411 3895 σιν
440 3842 702 3914 γινομὲνη
718 3843 980 3917 διηνεκὴς
1010 3846 1248 3918 μυστικὴ
1269 3846 1566 3917 δοξολογία.

392 4030 488 4085 οθ’.
534 4031 593 4085 ’0
635 4029 902 4100 γενναίως
937 4029 1356 4093 καταπαλαίσας
1392 4032 1459 4087 τὰ
1493 4033 1642 4107 πάθη
1673 4035 1768 4088 τοῦ
1799 4036 1905 4090 σώ-

324 4140 512 4195 ματος,
542 4124 637 4178 καὶ
664 4127 778 4188 τοῖς
815 4124 1151 4196 ἀκαθάρτοις
1180 4125 1484 4195 πνεύμασιν
1520 4127 1720 4191 ἱκανῶς
1748 4129 1905 4183 πολε-

2013 3117 2199 3165 autem
2231 3110 2454 3177 domus,
2498 3113 2734 3169 scientia
2770 3124 2878 3181 est,
2912 3132 2980 3171 ex
3024 3117 3215 3172 multis
3254 3117 3603 3190 diversisque

2014 3205 2377 3261 theorematis
2429 3207 2722 3276 sensisque
2768 3208 3064 3278 exquisitis
3120 3210 3446 3277 constituta,
3493 3228 3600 3282 qua

2011 3298 2159 3352 Deus
2193 3299 2393 3353 animat
2431 3299 2721 3363 immeans.
2750 3300 3036 3371 sapientize
3080 3317 3203 3356 eam
3249 3312 3463 3359 cratere
3501 3305 3601 3359 imo

2009 3389 2142 3469 plet.
2181 3391 2294 3446 Vox
2320 3406 2456 3447 vero
2474 3392 2885 3458 exsultationis,
2912 3395 3082 3449 animi
3102 3395 3408 3467 tripudium
3438 3397 3600 3470 505

2010 3494 2117 3547 est,
2155 3483 2227 3539 ob
2256 3484 2526 3539 virtutum
2561 3484 2765 3539 uberes
2801 3484 3046 3541 divitias.
3091 3486 3208 3542 Vox
3243 3497 3428 3543 autem
3465 3505 3601 3545 con-

2009 3575 2289 3640 fessionis,
2342 3575 2645 3645 gratiarum
2691 3577 2838 3632 actio
2878 3592 2980 3646 pro
3019 3594 3084 3633 ea
3124 3580 3397 3646 claritate,
3434 3597 3598 3651 quam

2010 3667 2297 3735 sapientia:
2362 3667 2679 3721 convivium
2734 3667 2951 3723 tribuit.
3016 3670 3303 3726 Postremo
3358 3675 3596 3739 sonitus,

2009 3774 2131 3827 quae
2155 3772 2221 3811 ex
2253 3765 2488 3826 utraque
2520 3758 2658 3827 (tum
2683 3759 2897 3814 scilicet
2920 3760 3293 3816 exsultatione
3317 3769 3433 3815 tum
3465 3777 3599 3817 con-

2008 3848 2272 3919 fessione)
2306 3849 2541 3918 quadam
2585 3849 2991 3920 temperatione
3028 3850 3178 3921 jugis
3211 3852 3441 3921 mystica
3474 3853 3596 3906 lau-

2007 3938 2157 3993 datio
2182 3939 2431 4010 emergit.

2080 4032 2166 4086 79.
2192 4030 2296 4097 Qui
2317 4039 2544 4085 strenue
2564 4029 2805 4101 l‘ortiquc
2829 4029 3032 4086 robore
3064 4033 3316 4102 corporis
3336 4032 3597 4091 libidines

2007 4130 2171 4191 atque
2196 4121 2331 4176 vitia
2362 4120 2685 4187 debellavit,
2715 4136 2780 4176 ac
2812 4131 3081 4192 quantum
3119 4124 3255 4179 satis
3294 4126 3367 4179 sit
3399 4125 3597 4182 adver-

324 4215 525 4285 μήσας,
561 4213 656 4268 καὶ
682 4215 784 4285 τῆς
820 4213 1016 4267 ἑαυτοῦ
1062 4213 1406 4285 κατάψυχὴν
1429 4214 1615 4286 χώρας
1638 4216 1904 4283 ἐξελάσας

2016 4230 2104 4270 sus
2151 4214 2468 4270 immundos
2511 4213 2745 4284 spiritus
2792 4214 3150 4285 depugnavit,
3194 4231 3372 4287 exque
3420 4218 3593 4273 animi

320 4306 501 4360 αὐτῶν
530 4305 599 4359 τὰ
627 4307 900 4379 νοήματα’
934 4305 1161 4376 καρδίαν
1195 4305 1439 4377 εὐχέσθω
1482 4307 1730 4378 καθαρὰν
1753 4306 1903 4377 αὐτῷ

2016 4310 2098 4366 sui
2156 4309 2383 4379 regione
2438 4322 2636 4363 eorum
2689 4307 2966 4378 cogitatus
3019 4308 3287 4378 expulit:
3333 4310 3595 4380 precibus

319 4397 562 4468 δοθῆναι,
598 4397 697 4450 καὶ
733 4395 952 4464 πνεῦμα
996 4395 1151 4459 εὑθὲς
1177 4396 1237 4448 ὲν
1267 4398 1379 4459 τοῖς
1416 4397 1672 4465 ὲγκάτοις
1714 4399 1937 4465 ὲγκαιοιξ

2016 4401 2259 4457 enitatur
2276 4415 2375 4453 cor
2401 4400 2507 4455 sibi
2535 4399 2803 4454 mundum
2827 4399 2967 4464 dari,
2995 4408 3053 4456 et
3084 4401 3343 4471 spiritum
3380 4416 3594 4459 rectum

319 4490 565 4562 νισθῆναι
588 4506 602 4521 °
633 4489 903 4549 τουτέστι,
943 4489 1166 4552 τελείως
1190 4489 1299 4542 τῶν
1344 4490 1444 4559 μὲν
1478 4490 1697 4558 φαύλων
1734 4509 1903 4544 κενω-

2016 4494 2068 4548 in
2107 4493 2418 4549 visceribus
2475 4493 2591 4547 suis
2641 4492 2894 4567 innovari
2936 4492 3015 4559 u;
3060 4504 3122 4550 ut
3164 4495 3376 4551 scilicet
3414 4498 3596 4566 pravis

319 4584 480 4653 θῆναι
506 4583 808 4655 λογισμῶν,
841 4582 949 4635 τῶν
978 4584 1036 4636 δὲ
1084 4582 1244 4635 θείων
1291 4581 1515 4636 ἐννοιῶν
1545 4582 1902 4655 πληρωθῆναι

2016 4586 2444 4658 cogitationibus
2480 4586 2640 4655 plene
2677 4586 2969 4651 abdicatis,
3017 4586 3223 4643 divinis
3255 4589 3444 4659 gratia»
3474 4606 3595 4643 mu-

317 4676 404 4731 διὰ
434 4676 532 4745 τῆς
554 4675 813 4746 χάριτος·
848 4674 934 4726 ἵνα
987 4672 1215 4742 γένηται
1264 4673 1469 4742 κόσμος
1512 4673 1650 4727 Θεοῦ
1694 4675 1902 4745 νοητῶς

316 4766 569 4838 λαμπρός
623 4782 682 4818 τε
723 4764 816 4819 καὶ
868 4765 1063 4835 μέγας,
1092 4763 1151 4830 ἐξ
1171 4762 1377 4833 ἠθικῶν
1406 4762 1501 4817 καὶ
1536 4764 1783 4833 φυσικῶν
1806 4766 1902 4818 καὶ

318 4860 647 4930 θεολογικῶν
679 4857 952 4923 συνεστὼς
983 4858 1378 4929 θεωρημάτων.

2010 4695 2146 4736 nere
2187 4680 2503 4735 rationibus
2527 4682 2862 4751 impleatur;
2903 4697 3015 4751 quo
3049 4681 3314 4736 nimirum
3351 4683 3594 4752 splendi-

2010 4772 2116 4828 dus
2158 4787 2501 4844 magnusque
2536 4773 2632 4827 Dei
2674 4776 2938 4838 mundus,
2971 4788 3040 4828 ex
3066 4773 3391 4837 moralibus,
3425 4766 3590 4827 natu-

2008 4864 2221 4919 ralibus
2253 4871 2417 4935 atque
2449 4862 2655 4917 divinis
2680 4863 3041 4919 theorematis
3065 4863 3355 4933 sensisque
3388 4863 3591 4918 constio

2010 4964 2183 5020 tutus,
2216 4955 2506 5012 eﬂiciatur.

388 5048 462 5096 π’.
513 5042 571 5094 ὐ
592 5041 693 5111 τὴν
735 5037 960 5109 καρδίαν
1005 5037 1251 5111 καθαρὰν
1283 5036 1677 5109 ἐργασάμενος,
1709 5038 1770 5090 οὐ
1802 5039 1901 5108 μό-

2078 5047 2164 5102 80.
2197 5047 2302 5114 Qui
2332 5063 2429 5102 cor
2457 5045 2725 5101 mundum
2755 5045 3015 5109 reddidit,
3049 5045 3256 5100 nedum
3288 5060 3473 5100 rerum
3502 5046 3590 5100 in-

317 5152 408 5189 νον
427 5134 541 5188 τῶν
563 5132 987 5203 ὑποϐεϐηκότων
1021 5131 1117 5185 κα)⁸
1151 5130 1291 5200 μετὰ
1313 5129 1446 5183 Θεὸν
1472 5130 1741 5198 γνώσεται
1775 5130 1901 5193 τοὺς

2016 5138 2272 5194 Γοιὶοιυιη
2317 5146 2373 5191 et
2432 5153 2553 5207 qua:
2601 5152 2628 5190 a
2676 5137 2790 5191 Deo
2840 5134 3097 5190 secunda:
3154 5144 3303 5199 sunt.
3346 5136 3591 5189 rationes

314 5229 532 5298 λόγους,
564 5228 700 5283 ἀλλά
760 5228 854 5281 καὶ
889 5224 1037 5297 αὐτῷ
1081 5225 1262 5288 ποσῶς
1312 5223 1449 5295 μετὰ
1480 5223 1578 5293 τὴν
1624 5223 1732 5276 τῶν
1763 5223 1900 5276 ὅλων

2016 5230 2317 5304 intelliget,
2360 5246 2555 5285 verum
2598 5229 2763 5283 etiam
2793 5229 2847 5282 in
2902 5227 3080 5297 ipsum
3123 5228 3298 5282 Deum
3333 5227 3591 5283 omnibus

314 5318 584 5385 διάϐασιν,
614 5322 775 5392 ἐνορᾷ
803 5337 817 5351 ·
867 5320 1006 5390 ὅπερ
1057 5319 1206 5370 ἐστὶν
1267 5316 1568 5387 ἀκρότατον
1602 5316 1755 5379 τέλος
1788 5316 1896 5370 τῶν

313 5413 538 5487 ἀγαθῶν
559 5429 573 5442 ·
597 5414 655 5465 ὲν
752 5411 1046 5482 γενόμενος
1074 5411 1103 5463 ὁ
1132 5410 1286 5473 Θεὸς,
1313 5408 1456 5474 ἀξιοῖ
1486 5408 1553 5463 τὰ
1581 5408 1687 5462 ἴδια
1708 5410 1893 5481 γράμ-

316 5523 462 5578 ματα
492 5504 580 5560 διὰ
603 5504 695 5559 τοῦ
727 5503 1039 5574 πνεύματος
1078 5500 1455 5573 ἐγχαράττειν,
1489 5499 1742 5572 καθάπερ
1786 5490 1897 5558 τισὶ

393 5623 459 5749 1‘;
476 5620 635 5677 Joan.
664 5635 793 5688 xvu,
825 5618 912 5686 £0,
948 5619 1038 5675 l9.

310 5711 343 5754 ι
393 5711 459 5749 Π
636 5790 912 5849 Ριτιιοι..
945 5787 1063 5849 Gn.
1100 5787 1231 5849 XC.

1142 5620 1185 5653 δ’
1216 5620 1231 5674 l
1257 5618 1413 5675 Joan.
1440 5632 1517 5686 tu,
1553 5617 1608 5673 2.

2007 5325 2284 5394 superatis
2306 5337 2531 5392 quoquo
2572 5320 2736 5375 modo
2763 5320 2933 5375 animi
2970 5321 3190 5375 oculum
3235 5320 3465 5391 deliget;
3495 5319 3591 5390 qui

2005 5417 2282 5472 bonorum
2318 5428 2612 5484 supremus
2642 5411 2767 5467 linis
2796 5420 2881 5467 est
2920 5429 2934 5465 :
2982 5412 3072 5467 cui
3117 5427 3314 5482 nempe
3356 5412 3591 5468 illabens

2006 5510 2175 5572 Deus,
2202 5521 2334 5561 suas
2376 5505 2493 5575 ipse
2529 5503 2747 5558 litteras
2783 5503 2936 5559 velut
2974 5503 3229 5558 Mosaicis
3264 5503 3466 5558 tabulis
3493 5518 3591 5574 per

1718 5623 1763 5657 δ’
1790 5625 1934 5681 Psal.

2016 5641 2104 5695 nx,
2140 5623 2194 5680 6.
2272 5622 2319 5655 “
2350 5620 2493 5677 Psal.
2532 5636 2641 5686 xu,
2678 5620 2734 5676 5.
2811 5619 2858 5650 “
2892 5617 3072 5675 Galat.
3116 5635 3189 5679 tv.
3220 5618 3274 5675 6.
3349 5619 3395 5651 "
3445 5620 3590 5678 Psal.

3213 5783 3290 5842 37
