4094 6204
473 287 641 372 itte:

1663 308 1727 369 S.
1770 308 2060 368 ΜΛΧΙΜΙ
2103 306 2616 370 CONFESSORIS

3632 307 3764 375 1168

503 423 832 497 geatumted
866 431 1106 494 utquam
1139 423 1398 493 adeptum
1425 430 1511 478 est
1535 423 1738 479 molem
1763 434 2083 480 conservet:

2197 425 2302 486 τοῖς
2333 423 2674 496 θεωρήμασι,
2705 423 2902 498 μέχρις
2932 420 2996 478 οὒ
3032 425 3266 481 διαϐᾶσα
3307 424 3378 479 τὰ
3421 423 3553 480 ὄντα
3593 425 3768 479 πάντα

503 517 585 574 sic
609 527 668 572 et
692 517 746 571 in
775 517 954 571 anima
981 515 1186 587 duplex
1219 516 1467 571 alimenti
1496 517 1638 571 ratio
1666 519 1931 573 occurrit.
1970 520 2084 574 Nu-

505 609 672 664 tritur
693 607 841 662 enim
871 606 1211 676 proficiendo
1236 607 1540 663 virtutibus
1575 623 1641 662 ac
1668 610 2086 678 contemplatio-

504 700 692 764 nibus,
732 700 911 755 donec
967 700 1229 756 omnibus
1285 701 1582 770 superatis,
1639 701 1708 756 ad
1767 717 2084 758 mensuram

486 788 989 860 ,pertingattetatis
1013 789 1379 860 plenitudinis
1403 789 1610 846 Christi
1636 809 1650 844 :
1685 807 1848 860 quam
1865 791 2082 862 adepta,

504 881 574 936 ab
602 881 752 936 omni
777 881 890 953 jam
931 881 1180 952 profectu
1209 891 1410 948 cessat,
1450 897 1562 952 quo
1595 897 1696 953 per
1735 883 1916 938 media
1959 899 2087 954 pro-

504 971 814 1026 vehebatur
840 981 1007 1042 atque
1028 971 1346 1038 crescebat;
1372 987 1496 1042 quae
1517 972 1780 1028 videlicet
1805 973 1926 1030 sine
1966 989 2086 1029 me-

504 1063 598 1118 dio
629 1064 934 1128 nutriatur,
965 1062 1296 1118 immortalis
1322 1063 1473 1118 illius
1495 1063 1823 1118 uutrimenti
1857 1079 2082 1133 genere,

503 1155 671 1227 508
701 1155 849 1226 quod
890 1155 1317 1226 intelligentiam
1359 1170 1581 1210 omnem
1623 1165 1868 1226 superat,
1908 1171 2086 1227 eaque

503 1249 738 1304 forsitan
780 1247 997 1303 ratione
1023 1255 1322 1318 augmento
1357 1248 1615 1318 superius
1647 1258 1759 1314 est;
1801 1263 1912 1318 quo
1955 1264 2086 1303 con-

501 1355 714 1396 ecssam
754 1339 1079 1396 deiformem
1121 1337 1518 1409 perfectionem
1550 1349 1864 1404 conservet,
1897 1339 2084 1394 inﬁni-

504 1442 699 1503 tasque
727 1433 848 1504 ejus
881 1431 1212 1487 nutrlmenti
1235 1430 1463 1486 delicias
1491 1439 1708 1486 exserat
1730 1439 1894 1500 atque
1908 1430 2083 1500 expli-

503 1535 588 1581 cet
621 1543 635 1580 :
665 1541 778 1596 quo
812 1525 1077 1596 denique,
1104 1523 1301 1579 eodem
1339 1539 1400 1580 se
1432 1524 1597 1580 modo
1624 1539 1845 1594 semper
1880 1524 2087 1580 haben—

505 1627 617 1673 tem
681 1617 786 1688 ipsi
853 1616 1209 1687 coniunctam
1274 1621 1444 1684 atque
1515 1622 1845 1684 praesentem
1925 1624 2087 1670 nacta

506 1706 849 1772 felicitatem,
874 1705 1074 1760 divinae
1097 1703 1285 1775 gratiae
1313 1704 1648 1759 commercio
1665 1706 1802 1759 deus
1826 1703 2082 1770 edicitur,

2196 517 2378 587 φθάσῃ
2405 516 2465 568 τὸ
2503 517 2702 588 μέτρον
2726 518 2826 587 τῆς
2870 517 3088 587 ἡλικίας
3119 518 3214 571 τοῦ
3261 517 3627 590 πληρώματος
3673 515 3767 570 τοῦ

2193 606 2430 678 Χριστοῦ
2455 624 2469 638 ο
2509 608 2568 659 ἐν
2595 602 2640 675 ᾦ
2671 607 2956 680 γινομένη,
2993 609 3176 680 πάσης
3223 610 3322 679 τῆς
3365 608 3503 682 πρὸς
3534 606 3771 662 ἐπίδοσίν

2191 716 2251 752 τε
2282 699 2376 753 καὶ
2422 699 2652 771 αὑξησιν
2696 700 2786 755 διὰ
2841 701 2949 753 τῶν
2984 701 3164 771 μέσων
3198 703 3412 754 ἵσταται
3451 701 3770 771 προκοπῆς·

2191 792 2414 862 ἁμέσως
2454 793 2762 863 τρεφομένη
2798 794 2858 847 τὸ
2900 794 3042 864 ὑπὲρ
3077 794 3262 864 νόησιν
3289 811 3304 825 ο
3350 795 3446 847 καὶ
3489 793 3577 846 διὰ
3613 791 3771 846 τοῦτο

2191 884 2354 955 τυχὸν
2397 885 2539 956 ὑπὲρ
2579 885 2807 955 αὔξησιν
2831 905 2845 920 ο
2881 889 2983 958 τῆς
3034 886 3314 958 ἀφθάρτου
3353 886 3562 958 τροφῆς
3609 881 3771 948 εἶδος,

2193 977 2332 1048 πρὸς
2367 979 2700 1049 συντήρησιν
2744 979 2844 1048 τῆς
2900 977 3150 1048 δοθείσης
3208 979 3346 1050 αὑτῇ
3387 976 3654 1039 θεοειδοῦς
3682 993 3775 1029 τε-

2191 1069 2502 1140 λειότητος,
2547 1071 2640 1123 καὶ
2694 1069 2957 1140 ἔκφανσιν
3003 1069 3114 1123 τῶν
3164 1071 3264 1142 τῆς
3305 1069 3516 1141 τροφῆς
3561 1069 3780 1136 ἐκείνης

2193 1161 2436 1232 ἀπείρων
2453 1160 2712 1229 ἀγλαῖῶν,
2732 1161 2856 1216 καθ’
2877 1161 2945 1232 ἧν
2961 1161 3022 1215 τδ
3038 1162 3124 1216 ἀεὶ
3147 1157 3206 1216 εῦ
3232 1162 3495 1225 ὡσαύτως
3521 1157 3662 1213 εἶναι
3693 1162 3784 1214 ἐν-

2191 1251 2446 1322 δημῆσαν
2473 1252 2611 1323 αὑτῇ
2643 1253 2931 1323 δεχομένη,
2959 1253 3170 1322 γίνεται
3191 1253 3309 1318 θεὸς
3339 1257 3406 1326 τῇ
3436 1253 3652 1324 μεθέξει
3680 1253 3785 1322 τῆς

2195 1341 2383 1411 θεῖκῆς
2406 1342 2650 1413 χάριτος,
2681 1343 2873 1397 πασῶν
2902 1345 3010 1398 τῶν
3062 1345 3204 1399 κατὰ
3231 1344 3356 1398 νοῦν
3386 1345 3483 1398 καὶ
3522 1343 3783 1415 αἴσθησιν

2195 1432 2508 1503 ἐνεργειῶν,
2546 1435 2685 1505 αὑτή
2721 1451 2778 1489 τε
2827 1436 3180 1508 παυσαμένη,
3227 1439 3321 1490 καὶ
3355 1437 3520 1507 ἑαυτῇ
3547 1435 3642 1498 τὰς
3681 1434 3784 1488 τοῦ

2151 1549 2162 1560 ·
2197 1524 2450 1595 σώματος
2486 1527 2946 1582 συναναπαὺσασα
2966 1529 3201 1598 φυσικὰς
3222 1529 3521 1600 ἐνεργείας,
3545 1528 3787 1582 συνθεω-

2195 1614 2382 1678 θέντος
2431 1617 2568 1688 αὐτῇ
2600 1617 2741 1671 κατὰ
2789 1619 2891 1688 τὴν
2946 1606 3315 1688 ὰναῖογοῦσαν
3371 1617 3520 1688 αὑτῷ
3561 1615 3788 1687 μέθεξιν

2195 1707 2296 1777 τῆς
2327 1708 2596 1773 θεώσεως.
2615 1709 2778 1762 Ὥστε
2815 1710 2976 1779 μόνον
2997 1710 3089 1764 τὸν
3119 1711 3250 1763 Θεὸν
3277 1710 3365 1764 διὰ
3397 1727 3456 1762 τε
3483 1711 3582 1779 τῆς
3603 1708 3790 1777 ψυχῆς

506 1807 623 1853 tum
647 1799 766 1869 ipsa
794 1797 864 1852 ab
898 1796 1161 1852 omnibus
1191 1795 1396 1851 mentis
1417 1810 1726 1867 sensusque
1751 1798 2089 1868 operationi-

2197 1798 2288 1851 καὶ
2323 1798 2418 1852 τοῦ
2465 1798 2720 1870 σώματος
2757 1799 3080 1867 φαίνεσθαι,
3111 1800 3442 1870 νικηθέντων
3486 1797 3670 1851 αὑτῶν
3711 1799 3787 1867 τῇ

504 1889 611 1946 bus
650 1905 896 1957 cessans,
945 1897 1063 1943 tum
1117 1903 1228 1944 una
1265 1903 1457 1944 secum
1509 1890 1792 1945 naturales
1842 1889 2095 1960 corporis

2201 1890 2485 1962 ὑπερόολῇ,
2507 1892 2607 1962 τῆς
2643 1891 2804 1963 δόξης
2823 1931 2838 1957 ,
2870 1893 2977 1946 τῶν
3005 1893 3249 1963 φυσικῶν
3289 1892 3709 1963 γνωρισμάτων.

503 1984 859 2056 operationes
884 1996 1108 2038 cessare
1149 1988 1439 2051 praestans,
1469 1981 1617 2051 quod
1649 1982 1828 2052 ipsum
1859 1997 1962 2052 pro
1991 1997 2091 2037 sua
2131 1983 2347 2040 ratione
2391 1985 2507 2057 pari
2551 2001 2678 2040 cum
2719 1986 2812 2042 illa
2847 1987 3180 2043 commercio
3247 1987 3455 2042 deitate
3519 1985 3787 2045 donatum

490 2075 581 2132 :sit
608 2092 622 2129 :
654 2073 1021 2130 itatnimirum
1055 2080 1119 2127 ut
1155 2079 1213 2126 et
1239 2071 1426 2126 animo
1462 2081 1628 2143 atque
1668 2088 1923 2143 corpore,
1967 2074 2258 2130 amborum
2314 2077 2662 2132 naturalibus
2720 2080 3084 2148 qualitatibus
3139 2079 3407 2135 claritatis
3457 2078 3787 2134 excellentia

507 2167 672 2224 victis
696 2167 961 2237 velutque
999 2165 1332 2235 suppressis,
1356 2179 1502 2219 unus
1537 2165 1686 2221 Deus
1713 2165 1952 2222 eluceat.

577 2259 665 2313 89.
715 2257 859 2313 Sunt
901 2257 997 2325 qui
1049 2254 1373 2325 indaganda:
1416 2255 1672 2310 veritatis
1711 2255 1898 2312 studio
1938 2271 2090 2326 quie-

507 2359 906 2419 rant,quonam
924 2346 1089 2403 modo
1111 2347 1300 2402 futura
1321 2347 1394 2402 sit
1416 2347 1725 2402 caelestium
1743 2349 2092 2404 mansionum

509 2441 1054 2513 promissionumque
1085 2438 1395 2504 distinctio,
1422 2453 1556 2494 num
1591 2438 1754 2495 locali
1797 2439 1917 2510 ipsa
1961 2439 2095 2495 sub-

511 2530 734 2593 stantia,
769 2546 837 2586 an
871 2530 1143 2602 cujusque
1179 2528 1407 2600 propria
1437 2528 1766 2592 mansionis,
1797 2543 1897 2598 per
1920 2529 2062 2585 ratio

512 2637 660 2687 nem,
689 2603 927 2692 spiritaii
953 2617 1368 2695 tumqualitate
1399 2627 1516 2674 tum
1547 2618 1879 2689 quantitate.
1913 2617 2096 2689 Atque

511 2713 638 2768 aliis
677 2711 900 2783 quidem
947 2712 1217 2782 primum,
1253 2709 1379 2766 aliis
1419 2711 1656 2766 alterum
1689 2711 1889 2780 placet.
1921 2709 2094 2766 (ἔπιε-

511 2820 633 2858 rum
656 2805 751 2874 qui
791 2803 1008 2858 noverit
1037 2800 1169 2872 quid
1195 2800 1302 2857 sibi
1337 2800 1471 2855 velit
1499 2819 1512 2854 :
1546 2800 1785 2871 Regnum
1819 2799 1916 2854 Dei
1950 2801 2095 2854 intra

510 2913 600 2952 vos
627 2905 703 2951 est
733 2895 815 2963 ";
846 2893 1072 2965 quidve,
1116 2892 1420 2948 Hamiones
1460 2891 1642 2946 multa:
1671 2900 1794 2946 sunt
1822 2892 1966 2962 apud
1989 2891 2096 2947 Pa-

511 2999 648 3043 trem
682 2987 753 3053 ",
778 2985 1036 3044 secunda:
1055 2985 1345 3041 sententia:
1383 2987 1568 3056 potius
1595 2984 1920 3040 adhaerebit.

581 3078 672 3135 90.
699 3076 842 3134 Sunt
865 3077 962 3148 qui
984 3085 1255 3146 qurerant,
1291 3091 1402 3146 qua
1429 3076 1642 3132 ratione
1671 3090 1900 3147 regnum
1927 3075 2094 3131 caelo-

513 3185 660 3236 rum,
686 3177 745 3224 et
774 3183 1004 3240 regnum
1030 3167 1129 3222 Dei
1158 3167 1600 3239 distinguantur;
1632 3183 1765 3222 num
1786 3166 2095 3223 secundum

501 3259 879 3315 substantiam
910 3267 1076 3328 atque
1109 3257 1380 3328 subjecto,
1419 3273 1491 3312 an
1530 3257 1736 3312 mentis
1771 3257 2014 3328 cogitatu
2039 3265 2097 3312 et

516 3354 750 3408 ratione.
780 3351 996 3419 Quibus
1022 3366 1086 3406 ea
1112 3349 1399 3420 responsio
1422 3359 1528 3414 est,
1564 3349 1829 3420 distingui
1855 3349 1949 3404 illa
1971 3349 2096 3420 qui-

504 3446 661 3509 dem,
711 3461 831 3499 non
877 3453 1059 3499 tamen
1109 3443 1417 3498 substantia
1470 3451 1637 3512 atque
1687 3442 1958 3513 subjecto,
1997 3443 2092 3498 sed

516 3533 974 3606 subtili-cogitatu
1009 3542 1066 3588 et
1103 3533 1339 3588 ratione.
1381 3533 1558 3588 Ambo
1585 3532 1732 3588 enim
1772 3549 1942 3588 unum
1972 3535 2099 3590 sub-

513 3623 715 3678 stantia
747 3638 812 3678 ac
840 3623 1088 3694 subjecto
1124 3630 1287 3689 sunt;
1319 3637 1511 3677 verum
1552 3621 1770 3678 ratione
1795 3622 2097 3693 subtilique

515 3715 780 3786 cogitatu,
812 3729 1040 3786 regnum
1075 3714 1365 3778 caelorum,
1396 3729 1543 3768 vera:
1565 3721 1654 3768 est
1683 3728 1874 3769 rerum
1898 3711 2099 3769 seéun-

515 3807 647 3863 dum
681 3805 937 3876 proprias
961 3805 1015 3860 in
1048 3806 1162 3860 Deo
1199 3804 1645 3875 pmexsistentes
1673 3805 1920 3860 rationes
1955 3821 2097 3875 pra:-

513 3910 742 3955 aeternae
787 3897 1121 3970 cognitionis
1157 3897 1584 3968 comprehensio
1614 3915 1626 3950 :
1663 3897 1759 3952 Dei
1793 3906 1978 3953 autem
2008 3913 2098 3953 re-

516 4005 708 4061 gnum,
759 3988 1033 4044 bonorum
1078 4003 1201 4058 quae
1238 3986 1568 4042 naturaliter
1605 3987 1718 4042 Deo
1771 3986 1961 4041 insunt
1999 4001 2100 4057 per

514 4080 748 4153 gratiam
788 4079 1092 4150 impartitio
1137 4096 1151 4132 :
1189 4086 1356 4148 atque
1394 4077 1630 4132 alterum
1669 4076 1892 4148 quidem
1929 4092 2100 4148 penes

518 4189 709 4229 rerum
735 4175 899 4227 linem
920 4213 934 4237 ,
966 4172 1206 4226 alterum
1231 4184 1386 4234 vero,
1419 4178 1689 4240 quantum
1725 4168 1918 4226 subtili
1947 4168 2098 4239 cogi-

519 4274 636 4320 tatu
673 4263 1053 4335 intelligimus,
1083 4270 1214 4334 post
1247 4277 1434 4318 rerum
1465 4261 1629 4317 ﬁnem
1649 4269 1755 4318 est.

2273 2257 2381 2311 πθ’.
2420 2256 2652 2328 Ζητοῦσί
2694 2275 2839 2324 τινες
2889 2260 3000 2314 τῶν
3048 2258 3401 2331 φιλομαθῶν,
3445 2261 3588 2314 κατὰ
3629 2262 3784 2315 ποῖον

2197 2350 2352 2403 ἐσται
2403 2349 2670 2421 τρόπονή
2733 2353 2842 2406 τῶν
2900 2353 3136 2407 αίωνῖων
3189 2352 3366 2422 μονῶν
3410 2369 3470 2406 τε
3527 2355 3623 2406 καὶ
3679 2355 3783 2407 ἐπ·-

2199 2440 2472 2508 αγγελιῶν
2508 2442 2776 2513 διαφορά·
2822 2443 3055 2514 πότερον
3104 2443 3229 2497 καθ’
3278 2445 3578 2498 ὑπόστασιν
3624 2461 3781 2498 τοπι-

2200 2532 2302 2603 κὴν
2330 2532 2480 2606 (Ι),ἢ
2540 2537 2660 2588 κατ’
2705 2535 2946 2590 ἐπίνοιαν
2981 2537 3079 2608 τῆς
3126 2535 3437 2608 ίδιαζοὺσης
3486 2535 3612 2590 καθ’
3648 2535 3780 2590 ἐκά-

2197 2639 2332 2692 στην
2359 2625 2528 2696 μονὴν
2566 2628 2945 2698 πνευματικῆς
2989 2628 3272 2699 ποιότητός
3320 2646 3380 2681 τε
3409 2629 3501 2682 καὶ
3549 2630 3779 2698 ποσότη-

2196 2731 2306 2779 τος.
2333 2717 2444 2770 Καὶ
2474 2721 2582 2782 τοῖς
2629 2719 2728 2788 μὲν
2766 2719 2914 2774 δοκεί
2945 2721 3006 2774 τὸ
3033 2721 3247 2791 πρῶτον
3270 2739 3284 2752 ·
3318 2724 3433 2784 τοῖς
3461 2721 3541 2782 δέ,
3569 2722 3631 2774 τὸ
3656 2721 3780 2775 δεύ-

2198 2825 2386 2878 τερονο
2419 2809 2449 2861 ό
2479 2809 2538 2862 δὲ
2571 2813 2756 2879 γνοὺς,
2799 2812 2853 2864 τί
2882 2812 2974 2875 τὸ,
3021 2813 3084 2868 Ἠ
3113 2814 3407 2878 βασιλειά
3465 2815 3572 2868 τοῦ
3628 2815 3777 2868 Θεοῦ

2192 2897 2368 2966 ἐντὸς
2399 2900 2567 2968 ὑμῶν
2602 2901 2755 2966 ἐστι,
2794 2902 2887 2955 καὶ
2923 2901 2976 2954 τί
3002 2902 3063 2954 τὸ
3084 2944 3098 2967 ,
3132 2904 3363 2959 "oua!
3392 2905 3574 2973 μοναί
3615 2902 3777 2973 παρὰ

2198 2989 2280 3056 τῷ
2309 2993 2517 3060 Πατρί,
2541 2991 2636 3046 τοῦ
2671 2992 2933 3064 δευτέρου
2972 2993 3176 3065 μᾶλλον
3204 2997 3513 3066 γενήσεται.

2185 3107 2189 3110 ·
2271 3087 2342 3149 ιιι.
2376 3084 2611 3154 Ζητοῦσί
2634 3103 2813 3149 τινες,
2852 3087 3011 3140 ποίαν
3043 3088 3310 3159 διαφορὰν
3348 3088 3461 3159 ἔχει
3504 3089 3641 3161 πρὸς
3674 3089 3778 3160 τὴν

2196 3174 2292 3228 τοῦ
2320 3174 2459 3230 Θεοῦ
2489 3175 2768 3247 βασιλείαν
2793 3181 2826 3249 ἡ
2858 3178 2966 3232 τῶν
3007 3181 3254 3251 οὐρανῶν
3286 3180 3533 3251 βασιλεία
3565 3198 3580 3212 ·
3618 3181 3780 3234 πότε-

2200 3284 2294 3337 ρον
2339 3267 2464 3322 καθ’
2524 3270 2824 3324 ὑπόστασιν
2869 3270 3220 3343 διαφέρουσιν
3263 3272 3608 3344 ἀλλήλων,ἢ
3654 3273 3778 3326 κατ’

2196 3360 2459 3414 ἐπίνοιαν.
2491 3361 2636 3433 Πρὸς
2679 3361 2772 3425 οὓς
2805 3363 3020 3432 ῥητέον,
3050 3363 3134 3417 ὅτι
3187 3363 3504 3434 διαφέρουσι
3548 3364 3649 3434 μέν
3671 3378 3686 3393 ο
3711 3363 3778 3416 οὑ

2197 3451 2320 3505 καθ’
2343 3451 2641 3505 ὑπόστασιν
2669 3453 2746 3508 δέ.
2778 3453 2894 3508 Μία
2927 3453 3036 3525 γὰρ
3087 3455 3210 3510 καθ’
3247 3456 3548 3510 ὑπόστασιν
3569 3458 3741 3526 ἄμφω
3761 3473 3780 3489 °

2197 3541 2334 3598 ἀλλὰ
2378 3543 2500 3597 κατ’
2529 3545 2776 3599 ἐπίνοιαν
2807 3563 2821 3578 ο
2850 3547 2884 3617 ἡ
2919 3547 3018 3617 μὲν
3048 3551 3158 3620 γὰρ
3191 3547 3439 3619 βασιλεία
3467 3549 3575 3602 τῶν
3613 3550 3786 3621 οὖρα-

2198 3633 2324 3702 νῶν,
2358 3638 2458 3707 τῆς
2494 3637 2604 3691 τῶν
2655 3637 2826 3692 ὄντων
2881 3639 3220 3710 ἀκραιφνοῦς
3246 3641 3390 3696 κατὰ
3409 3643 3536 3705 τοὺς
3567 3639 3786 3696 ἑαυτῶν

2197 3725 2393 3795 λόγους
2419 3728 2480 3781 ἐν
2508 3728 2588 3800 τῷ
2617 3729 2737 3800 Θεῷ
2778 3731 3105 3802 προαιωνίου
3153 3731 3406 3802 γνώσεώς
3443 3736 3564 3787 ἐστι
3609 3732 3787 3788 κατά-

2198 3815 2391 3887 ληψις·
2421 3820 2455 3888 ἠ
2493 3819 2551 3874 δὲ
2577 3819 2672 3873 τοῦ
2703 3819 2838 3875 Θεοῦ
2887 3820 3159 3891 βασιλεία,
3189 3823 3296 3877 τῶν
3344 3823 3657 3894 προσόντων
3701 3823 3786 3895 τῷ

2199 3908 2320 3980 Θεῷ
2358 3912 2605 3979 φυσικῶς
2638 3913 2862 3981 ἀγαθῶν
2907 3913 3051 3968 κατὰ
3081 3915 3242 3986 χάριν
3287 3917 3408 3970 ἐστὶ
3449 3915 3781 3988 μετάδοσις·

2201 4005 2297 4058 καὶ
2321 4005 2354 4074 ἠ
2388 4003 2488 4073 μὲν
2513 4006 2656 4060 κατά
2687 4005 2750 4058 τὸ
2771 4005 2924 4070 τέλος
2953 4009 3063 4061 τῶν
3090 4009 3260 4062 ὄντων
3287 4048 3303 4074 ,
3337 4010 3372 4081 ἡ
3399 4009 3457 4065 δὲ
3505 4010 3628 4065 κατ’
3649 4010 3785 4064 ἐπί-

2201 4112 2351 4152 νοιαν
2383 4097 2524 4166 μετὰ
2552 4097 2612 4150 τὸ
2640 4098 2792 4164 τέλος
2829 4099 2938 4153 τῶν
2962 4101 3132 4156 ὄντων
3163 4101 3296 4156 ἐστί.

585 4356 678 4411 9i.
704 4355 862 4421 Quod
900 4355 975 4409 ita
1010 4351 1221 4409 dictum
1253 4362 1358 4418 est,
1385 4352 1843 4424 Appropinquavit
1881 4369 2093 4423 regnum

2274 4350 2382 4418 μα’.
2409 4351 2518 4417 Τὸ,
2555 4352 2836 4422 Ἤγγικεν
2881 4354 2918 4422 ἡ
2958 4355 3249 4419 ,ϐασιλεία
3304 4357 3421 4410 τῶν
3463 4358 3742 4426 οἱιριινῶν
3763 4399 3780 4424 ,

517 4445 769 4501 caelorum
789 4447 861 4512 ⁸⁷,
890 4453 952 4500 ut
976 4443 1200 4515 quidem
1235 4444 1513 4510 existimo,
1540 4459 1651 4498 non
1680 4459 1746 4499 eo
1771 4452 2002 4514 spectat,
2037 4451 2099 4498 ut

519 4539 862 4594 contractior
901 4537 1170 4608 temporis
1197 4552 1353 4592 mora
1389 4537 1770 4607 intelligatur:
1804 4537 1923 4591 Non
1950 4540 2096 4594 enim

519 4634 690 4688 veniet
713 4649 832 4687 cum
852 4631 1240 4697 observatione;
1261 4647 1428 4702 neque
1457 4631 1663 4686 dicent:
1691 4629 1824 4684 Ecce
1844 4630 1947 4694 hic,
1988 4644 2101 4682 ecce

589 4772 636 4806 ⁸⁸
667 4771 802 4828 Luc.
836 4786 966 4837 xvtt,
1005 4771 1097 4827 21.
1172 4771 1220 4804 "
1241 4770 1400 4826 Joan.
1431 4786 1539 4834 xw,
1562 4768 1616 4822 2.
1694 4769 1737 4800 ⁸⁷
1760 4766 1950 4821 Matth.
1977 4783 2053 4830 ιιι,
2086 4766 2140 4821 5.

485 4892 494 4928 ι
592 4889 650 4960 (ι)
725 4888 983 4960 Πότερον
1032 4884 1160 4938 καθ’
1209 4885 1555 4960 ὑπόστασιν
1586 4880 1863 4960 τρπικήν.
1895 4879 2100 4960 Crebra

521 4950 704 5016 Marco
731 4950 1027 5019 ὑπόστασις
1056 4971 1183 5015 vox,
1221 4962 1278 5008 et
1303 4953 1683 5008 ὑποστατικόν.
1711 4967 1812 5022 pro
1848 4966 1915 5022 eo
1951 4950 2098 5022 quod

516 5040 604 5086 est
624 5043 754 5084 vere
799 5035 994 5082 natura
1034 5025 1325 5084 exsistens,
1355 5033 1413 5079 et
1449 5031 1612 5093 prout
1639 5020 2000 5093 distinguitur
2031 5020 2100 5073 ab

517 5115 606 5163 eo,
641 5097 788 5168 quod
843 5105 1025 5168 mente
1065 5091 1466 5168 consideratur,
1527 5091 1831 5168 subtilique
1860 5091 2100 5168 cogitatu

519 5162 899 5240 distinguitur.
937 5164 1491 5240 Sicque_mansiones
1524 5162 1876 5240 probabilius
1919 5162 2099 5240 docet,

519 5256 630 5295 non
674 5230 803 5293 \7era
851 5230 1096 5290 locorum
1137 5233 1415 5296 distantia,
1445 5230 1546 5287 sed
1571 5232 1685 5302 ipsa
1713 5231 1898 5302 glorizn
1922 5230 2100 5302 quali-

522 5320 630 5366 tate
653 5317 709 5363 et
742 5307 1089 5378 quantitate,
1118 5320 1222 5378 seu
1247 5303 1585 5374 perfectione
1617 5301 1880 5378 disCern‘i.
1923 5301 2000 5378 ᾼι
2030 5316 2099 5354 ne

519 5382 610 5436 hic
662 5371 891 5448 quidem,
937 5376 1121 5431 omisit
1168 5371 1328 5430 Picus
1367 5388 1496 5427 suos
1543 5371 2088 5448 s_pa_rgere_l‘urfures,

519 5441 801 5505 laborante
847 5447 1109 5522 ci__tcx‘tu,
1131 5461 1293 5515 quem
1336 5452 1515 5498 tamen
1548 5441 1706 5497 facile
1736 5441 1842 5522 [uit
1869 5457 2092 5522 sanare,

520 5521 737 5589 «ntalem
783 5533 851 5572 cx
898 5511 1656 5589 Maxinio'repraesentam_us,
1712 5515 1812 5589 τῆς
1869 5511 2098 5589 relegas—

522 5580 622 5658 6ης
659 5587 1030 5658 πνευματικῆς
1078 5580 1346 5658 ποιότῆτὰ
1377 5601 1436 5637 τε
1464 5585 1582 5658 Δκαὶ
1625 5580 1917 5658 ποσότητα.
1958 5580 2098 5658 Quis

521 5649 666 5712 enim
725 5649 836 5713 non
869 5649 1051 5711 videat
1077 5657 1183 5725 leg.
1225 5649 1602 5725 πίοιότητόςητε
1629 5655 1721 5725 καὶ
1751 5649 2049 5725 ποσότητος
2076 5649 2099 5725 ﬁ"

2204 4442 2304 4496 οὑκ
2332 4440 2500 4507 ἔστιν,
2529 4442 2602 4506 ὡς
2626 4440 2801 4512 οἶμαι,
2824 4445 3086 4515 χρονικῆς
3114 4446 3491 4516 συστολῆςβιι)
3513 4461 3528 4474 ⁶
3557 4449 3642 4501 Οὐ
3671 4447 3784 4518 γὰρ

2204 4533 2439 4603 ἔρχεται
2455 4535 2606 4602 μετὰ
2634 4535 3100 4604 παρατηρήσεως
3121 4554 3135 4568 ο
3167 4538 3304 4592 οὔτε
3325 4536 3598 4606 ἐροῦσιν
3627 4537 3784 4593 Ἰδοὺ

2205 4621 2342 4690 ὧδε,
2373 4625 2501 4680 ίδοὺ
2555 4627 2679 4682 ἐκεῖ
2703 4644 2716 4657 ·
2755 4628 2893 4682 ἀλλὰ
2931 4629 3028 4699 τῆς
3061 4630 3197 4700 πρὸς
3239 4630 3411 4700 αὑτὴν
3462 4628 3573 4683 τῶν
3615 4629 3785 4694 ἀξίων

2205 4880 2456 4949 spiritali,
2475 4889 2580 4933 etc.
2625 4881 2756 4946 Quae
2778 4878 2924 4950 enim
2966 4879 3079 4934 haec
3107 4879 3364 4950 spiritalis
3391 4880 3707 4950 hypostasis,
3731 4892 3787 4938 et

2206 4950 2350 5004 unde
2394 4950 2604 5019 petita?
2625 4950 2838 5015 Quibus
2872 4949 3053 5019 Marco
3089 4949 3275 5004 verbis
3299 4949 3557 5019 expressa
3581 4951 3606 5002 τ’

2278 5020 2376 5091 (m)
2541 5021 2715 5074 ἐστιν
2737 5017 3025 5091 morr-1317c
3053 5017 3388 5091 σι’στοέίῆςζ
3428 5020 3634 5075 Eadem
3661 5036 3785 5076 sen-

2209 5089 2381 5162 tentia
2426 5089 2592 5162 Marci
2657 5091 2760 5144 sub
2799 5089 3033 5162 initium
3065 5089 3196 5162 libri
3245 5089 3320 5143 De
3353 5092 3534 5161 posuit.
3567 5106 3636 5145 ex
3673 5108 3783 5162 quo

2207 5158 2388 5231 potuit
2426 5159 2690 5231 Maximus
2725 5161 2985 5231 mutuari.
3011 5161 3083 5213 Οὑ
3107 5161 3317 5231 πάντως
3344 5158 3598 5229 γρονικὴν
3630 5158 3775 5231 εἰρη-

2209 5228 2320 5292 κὼς
2370 5229 2818 5300 ἐγγύτηταμτῆς,
2851 5228 3142 5300 βασιλείας.
3195 5229 3394 5300 inquit,
3450 5231 3527 5293 ὡς
3558 5228 3776 5300 ξναγάς

2208 5298 2569 5368 ἐπικειμένην
2617 5298 2692 5367 τῷ
2752 5298 2942 5368 κόσμῳ
2979 5316 2992 5328 '
3051 5299 3166 5351 ἀλλ’
3227 5299 3383 5362 εἰδὼς
3438 5301 3528 5352 τὸν
3586 5298 3774 5352 ἑαυτοῦ

2201 5369 2376 5437 λόγον,
2411 5370 2501 5422 καὶ
2524 5369 2800 5434 βασιλείας
2827 5371 2921 5420 καὶ
2973 5369 3256 5436 μετανοίας
3286 5369 3519 5439 δύναμιν
3551 5371 3735 5438 ἔχοντα
3755 5385 3770 5400 ⁸

2208 5459 2226 5491 ι
2276 5441 2615 5510 ΜετανοεῖτεΔ
2637 5477 2650 5497 ,
2708 5440 2903 5510 gms-iw
2946 5440 3142 5508 ἧγγικε
3197 5441 3304 5509 γὰρ
3340 5439 3639 5510 ὴβασελεία
3669 5439 3781 5493 τῶν

2202 5508 2448 5582 οὐρανῶν
2472 5527 2484 5539 ο
2511 5529 2528 5559 ι
2566 5505 2728 5562 Haud
2754 5505 2976 5582 prorsus
2993 5505 3114 5582 jum
3144 5505 3376 5582 tempore
3400 5505 3784 5582 'pmpinquum,

2204 5526 2448 5632 ουρανων
2472 5527 2484 5539 ο
2511 5529 2528 5559 ι
2566 5526 2721 5562 naua
2729 5526 2967 5631 frontis
2993 5526 3114 5577 Jum
3144 5526 3376 5578 tempore
3406 5527 3784 5582 prapmquum,

2204 5595 2262 5632 ue
2290 5588 2344 5631 ut
2374 5579 2549 5652 ipsum
2599 5595 2730 5652 muni
2764 5597 2794 5632 ο
2825 5581 3062 5648 proxime
3096 5581 3377 5633 imminens
3397 5623 3413 5645 ,
3461 5597 3683 5652 regnum
3706 5582 3792 5634 di-

2206 5665 2361 5714 cens;
2390 5650 2480 5703 sed
2528 5650 2618 5722 qui
2659 5651 2815 5722 sciret
2869 5666 3163 5702 sermonem
3193 5666 3347 5702 suum
3401 5650 3561 5722 atque
3589 5650 3787 5707 doctri-

526 5727 725 5784 ltcddit
747 5739 951 5797 itaque,
977 5726 1056 5781 An
1080 5720 1363 5780 secundum
1388 5722 1814 5788 intellectionem,
1838 5721 2106 5791 hypostasi
2209 5734 2357 5786 nam,
2391 5721 2540 5790 regni
2568 5720 2673 5773 vim
2701 5720 2892 5774 habere
2911 5737 2974 5774 ac
2995 5721 3360 5790 ρωιιὶιριιιίω..
