4094 6204
357 381 496 452 1169

1200 375 1539 440 CAPITUM
1575 373 1836 437 PHEOL.
1867 370 1962 433 ET
2001 367 2236 431 (ECON.
2273 367 2662 430 CENTURIA
2690 368 2772 433 II.

357 493 528 565 αὐτῆς
563 489 704 547 κατὰ
730 489 971 545 διάθεσιν
1015 485 1252 560 σχέσεώς
1277 463 1466 542 ’ἐστιν’
1505 485 1571 542 Ἠ
1615 481 1722 557 γὰρ
1755 483 1935 550 βασιο
1967 524 1974 543 Α

2053 479 2149 534 illic
2183 479 2264 544 ",-
2297 478 2393 534 sed
2422 485 2482 534 ut
2504 494 2718 545 eorum,
2745 475 2840 548 qui
2873 478 2968 534 illo
2988 477 3141 552 digni
3173 480 3412 548 sunt,ad
3443 482 3624 554 ipsum

353 587 488 643 λεία
516 585 623 640 τοῦ
660 583 830 648 Θεοῦ,
866 581 1052 654 φησιν,
1076 579 1252 648 ἐντός
1290 579 1459 649 ὑμῶν
1495 578 1688 633 ἐστιν.

430 766 539 834 ιιβο.
571 765 637 816 Ἥ
673 761 766 816 τοῦ
809 759 945 815 Θεοῦ
993 761 1089 814 καὶ
1137 758 1351 828 Πατρὸς
1390 744 1639 828 βασιλεία
1666 796 1682 824 ,
1711 754 1939 825 δυνάμει

363 857 460 926 μὲν
485 857 544 908 ὲν
576 855 708 907 πᾶσί
745 855 894 906 ἐστιν
943 855 1057 915 τοῖς
1089 849 1437 918 πιστεύουσιν
1467 866 1482 882 ·
1515 847 1768 919 ἐνεργείᾳ
1797 845 1853 899 δὲ
1883 846 1942 898 ὲν

357 951 472 1012 τοῖς
508 946 870 1016 ἀποθεμένοις
903 943 1080 999 διόλου
1115 941 1412 1004 διαθέσεως
1441 941 1626 994 πᾶσαν
1665 937 1765 1009 τὴν
1799 937 1944 991 κατά

360 1038 523 1108 φύσιν
550 1039 730 1108 ψυχῆς
749 1053 807 1090 τε
833 1037 929 1090 κοιλ⁵
957 1034 1210 1104 σώματος
1255 1032 1423 1103 ζωὴν,
1461 1031 1556 1085 καὶ
1599 1029 1769 1100 μόνην
1809 1045 1934 1098 κτη-

364 1130 622 1201 σαμένοις
671 1129 772 1199 τὴν
813 1121 911 1180 τοῦ
959 1125 1314 1195 πνεύματος,
1363 1122 1458 1176 καὶ
1493 1121 1811 1192 δυναμένοις
1855 1119 1946 1172 λέ-

361 1241 482 1293 γειν
507 1241 523 1257 ο
571 1221 662 1276 Ζῶ
688 1220 796 1286 δὲ,
831 1218 1035 1274 οὐκέτι
1093 1215 1244 1288 ἐγὼ,
1276 1213 1344 1285 ζεῖ
1403 1213 1472 1268 δὲ
1517 1214 1590 1267 ἐν
1632 1212 1760 1283 ἐμοὶ
1812 1213 1947 1280 Χρι-

362 1315 529 1381 στός.

434 1411 542 1474 ια’.
581 1405 694 1477 Τὴν
733 1403 1016 1476 βασιλείαν
1057 1399 1168 1455 τῶν
1207 1396 1456 1470 οὐρανῶν
1489 1392 1628 1449 εἷναί
1675 1409 1822 1455 τινες
1853 1389 1946 1443 λέ-

362 1513 545 1566 γουσι,
582 1496 683 1566 τὴν
712 1495 772 1548 ὲν
803 1493 1052 1566 οὐρανοῖς
1077 1492 1187 1544 τῶν
1222 1488 1389 1556 ἀξίων
1433 1487 1735 1556 διαγωγήν*
1764 1482 1946 1553 ἕτεροι

363 1588 440 1652 δὲ,
475 1587 574 1658 τὴν
603 1586 798 1656 ὁμοίαν
836 1588 950 1648 τοῖς
989 1582 1245 1652 ἀγγέλοις
1274 1581 1383 1634 τῶν
1413 1578 1740 1658 σωζομένων
1779 1574 1948 1628 κατά⁹

367 1657 558 1732 στασιν
576 1692 593 1709 ⁸
620 1677 768 1731 ἄλλοι
791 1677 869 1738 δὲ,
899 1675 960 1730 τὸ
990 1670 1128 1737 εἶδος
1163 1671 1294 1726 αὐτὸ
1331 1671 1430 1742 τῆς
1459 1657 1648 1738 θεῖκῆς
1679 1665 1948 1737 ὡραιότη-

365 1787 456 1833 τος
491 1769 602 1823 τῶν
653 1769 1000 1840 φορεσάντων
1046 1766 1149 1836 τὴν
1197 1763 1381 1817 εἰκόνα
1420 1760 1517 1815 τοῦ
1561 1755 1943 1828 Ἐπουρανίου.

366 1863 663 1934 Συνᾲδουσι
694 1862 752 1915 δὲ
780 1863 845 1932 τῇ
881 1858 1131 1931 ἀληθεία,
1161 1856 1302 1911 κατά
1345 1855 1408 1908 τδ
1445 1851 1570 1925 ἐμοὶ
1605 1849 1819 1915 δοκοῦν,
1849 1847 1946 1901 καὶ
1977 1840 2019 1896 Β

365 1956 424 2011 αι
447 1957 595 2027 τρεῖς
621 1955 752 2027 περὶ
782 1953 974 2007 τούτου
997 1950 1168 2018 δόξαι.
1208 1949 1350 2002 llth
1376 1945 1485 2017 γὰρ
1515 1944 1658 1999 κατά
1689 1943 1790 2015 τὴν
1812 1943 1946 1997 ἀνα-

365 2047 555 2116 λογίαν
593 2045 692 2116 τῆς
743 2046 801 2098 ὲν
838 2043 1023 2104 αὐτοῖς
1055 2039 1198 2094 κατά
1235 2037 1390 2090 ποιόν
1423 2053 1484 2088 τε
1528 2035 1625 2090 καὶ
1661 2033 1830 2087 ποσὸν
1866 2031 1950 2086 δι-

367 2138 682 2208 καιοσύνης,
715 2138 750 2209 ἡ
785 2135 1054 2208 μέλλουσα
1082 2131 1283 2186 δίδοται
1312 2129 1494 2216 χάρις.

412 2317 542 2386 ιδ’.
581 2315 726 2378 Ἕως
774 2316 896 2370 ὅτου
943 2311 1088 2366 κατὰ
1123 2309 1223 2382 τὴν
1268 2307 1579 2381 πρακτικὴν
1604 2303 1949 2376 φιλοσοφίαν,

367 2408 642 2482 ἀνδρικῶς
691 2407 820 2468 τούς
853 2405 1030 2468 Θείους
1076 2401 1412 2474 διεξέρχεταί
1449 2418 1534 2463 τις
1561 2398 1780 2468 ἀγῶνας
1803 2413 1818 2428 ο
1856 2394 1952 2450 τδν

367 2500 458 2554 διά
483 2499 594 2554 τῶν
623 2497 852 2553 ὲντολῶν
884 2496 1169 2562 ἐξελθόντα
1199 2493 1352 2563 παρὰ
1387 2490 1482 2544 τοῦ
1514 2489 1724 2559 [ἰατρὸς
1758 2487 1837 2550 εις
1861 2487 1952 2542 τὸν

369 2593 596 2664 κόσμον,
630 2592 762 2662 παρ’
794 2588 969 2658 ἑαυτῷ
996 2587 1218 2656 κατέχει
1249 2584 1446 2652 Λόγον.
1481 2580 1736 2636 Ἐπειδὰν
1757 2580 1814 2634 δὲ
1843 2579 1952 2633 τῶν

369 2685 513 2739 κατά
557 2683 656 2754 τὴν
703 2680 901 2751 πρᾶξιν
941 2677 1076 2752 πρὸς
1120 2677 1190 2731 τὰ
1239 2675 1386 2745 πάθη
1422 2672 1817 2744 παλαισμάτων
1846 2672 1953 2740 ἀφ-

371 2777 586 2848 έμενος,
622 2775 696 2838 ὡς
716 2771 942 2844 νικητὴς
963 2769 1152 2824 παθῶν
1179 2769 1273 2822 καὶ
1302 2767 1573 2837 δαιμόνων
1596 2761 1950 2832 άποφανθεὶς,

371 2871 510 2943 πρὸς
549 2871 651 2942 τὴν
691 2867 780 2922 διὰ
835 2866 1066 2936 Θεωρίας
1112 2861 1420 2932 γνωστικὴν
1471 2857 1705 2930 μετέλθῃ
1742 2857 1956 2928 φιλοσο-

373 2965 523 3034 φίαν,
569 2960 844 3030 συγχωρεῖ
891 2956 970 3028 τῷ
1009 2955 1167 3024 Λόγῳ
1205 2951 1481 3021 μυστικῶς
1531 2951 1747 3020 ἀφεῖναι
1793 2949 1955 3003 πάλιν

372 3055 466 3110 τὸν
494 3054 722 3125 κόσμον,
767 3049 863 3104 καὶ
910 3046 1246 3119 πορευθῆναι
1285 3043 1422 3116 πρὸς
1446 3043 1539 3096 τὸν
1581 3041 1825 3111 Πατέρα.
1865 3041 1956 3093 Διό

374 3164 541 3218 φησιν
577 3147 605 3200 ὁ
634 3144 836 3212 Κύριος
863 3143 976 3203 τοῖς
1008 3138 1398 3210 μαθηταῖς,ὅτι
1424 3133 1624 3204 Ὑμεῖς
1649 3133 1754 3203 ἐμὲ
1778 3149 1954 3207 ,πεφι-

374 3235 624 3302 λήκατε,
645 3233 742 3287 καί
773 3229 1214 3285 πεπιστεύκατε
1241 3227 1330 3279 ὅτι
1359 3223 1473 3294 ἐγὼ
1496 3223 1656 3292 παρὰ
1679 3223 1788 3276 τοῦ
1806 3221 1954 3276 Θεοῦ

375 3327 659 3398 ἐξῆλθον.
695 3323 1016 3391 ’Ἔξῆλθον
1060 3319 1220 3388 παρὰ
1251 3317 1359 3373 τοῦ
1402 3315 1654 3385 Πατρός,
1689 3313 1787 3369 καὶ
1813 3313 1958 3382 ἐλή-

375 3422 533 3473 λυθα
564 3415 788 3483 εἱς-τὸν
823 3416 1077 3482 κόσμον·
1106 3406 1294 3464 πάλιν
1329 3409 1544 3479 ἀφίημι
1568 3407 1674 3461 τὸν
1700 3406 1954 3475 κόσμον,

377 3509 474 3564 καὶ
523 3509 842 3577 πορεύομαι
899 3503 1047 3573 πρὸς
1078 3503 1188 3556 τὸν
1231 3499 1462 3568 Πατέρα
1484 3517 1498 3532 ο
1545 3499 1749 3568 κόσμον
1788 3496 1957 3551 εἰπὼν

374 3601 559 3672 τυχὸν,
591 3599 691 3670 τὴν
730 3595 874 3650 κατά
921 3593 1020 3664 τὴν
1067 3593 1265 3664 πρᾶξιν
1304 3591 1412 3643 τῶν
1462 3589 1672 3658 ἀρετῶν
1701 3587 1957 3639 ἐπίπονον

378 3691 679 3764 ἐργασίαν⁸
724 3687 946 3756 Πατέρα
991 3685 1070 3748 δὲ,
1116 3685 1214 3754 τὴν
1250 3679 1391 3734 κατὰ
1424 3679 1549 3732 νοῦν
1588 3678 1958 3749 ὐπερκόσμιον

379 3780 474 3834 καὶ
511 3777 710 3840 παντὸς
746 3773 1038 3843 ἐλευθέραν
1071 3771 1256 3826 ὐλικοῦ
1293 3773 1642 3839 φρονήματος
1681 3766 1957 3826 κατάστα-

382 3885 486 3924 σιν·
521 3867 648 3922 καθ’
675 3869 741 3938 ἦν
767 3856 824 3920 ὲν
847 3867 978 3938 ἡμῖν
1021 3865 1049 3917 ὁ
1082 3862 1176 3916 τοῦ
1215 3861 1354 3915 Θεοῦ
1387 3860 1599 3928 γίνεται
1638 3859 1828 3927 Λόγος,
1858 3859 1955 3930 τῆς

381 3962 520 4035 πρὸς
547 3960 615 4014 τὰ
638 3959 783 4028 πάθη
823 3959 919 4010 καὶ
945 3956 1069 4019 τοὺς
1095 3954 1358 4022 δαίμονας
1403 3952 1583 4022 μάχης
1616 3951 1949 4021 παυόμενος.

453 4051 553 4121 ιβ’.
594 4051 653 4105 '0
693 4049 944 4120 δυνηθεὶς
980 4045 1254 4116 νεκρῶσαι
1303 4042 1390 4096 διά
1433 4039 1687 4111 πράξεως
1722 4040 1791 4095 τὰ
1820 4041 1957 4112 μέλη

379 4147 451 4201 τὰ
480 4130 573 4200 sui.
612 4143 715 4213 τῆς
751 4143 872 4210 γῆς,
893 4140 987 4193 καὶ
1019 4136 1244 4203 νικῆσαι
1273 4135 1361 4189 διὰ
1387 4133 1482 4188 τοῦ
1524 4134 1701 4202 Λόγου
1732 4135 1843 4186 τῶν
1875 4136 1961 4187 ἐν·

381 4237 550 4292 στολῶν
581 4234 672 4288 τὸν
700 4235 756 4285 ὲν
783 4230 932 4300 αὐτῷ
961 4228 1070 4282 τῶν
1104 4227 1289 4280 παθῶν
1326 4227 1550 4295 κόσμον,
1571 4225 1826 4295 οὐδεμίαν
1848 4224 1961 4290 ἕξει

382 4327 568 4383 λοιπὸν
599 4323 809 4393 θλίψιν·
839 4322 932 4375 τὸν
969 4320 1174 4390 κόσμον
1217 4319 1382 4381 ἐάσας
1436 4317 1560 4388 ήδη,
1590 4317 1682 4370 καὶ
1727 4317 1787 4370 ὲν
1826 4319 1962 4389 Χρι-

385 4419 499 4492 στῷ
526 4415 912 4486 γεγενημένος,
943 4412 1020 4482 τῷ
1044 4412 1136 4465 τὸν
1166 4412 1370 4481 κόσμον
1399 4408 1680 4477 νικήσαντι
1711 4407 1821 4462 τῶν
1856 4426 1961 4462 παι

385 4511 514 4574 θῶν,
556 4507 650 4560 καὶ
679 4507 859 4574 πάσης
898 4503 1122 4574 εἰρήνης
1151 4499 1392 4571 χορηγῷ.
1426 4499 1486 4550 '0
1525 4497 1633 4567 γὰρ
1665 4495 1763 4567 τὴν
1791 4515 1960 4569 προσ.

385 4602 618 4656 πάθειαν
659 4598 769 4652 τῶν
813 4596 1013 4650 ὐλικῶν
1057 4593 1133 4666 μὴ
1175 4595 1357 4662 ἀφεὶς,
1397 4590 1486 4644 διὰ
1535 4589 1737 4653 παντὸς
1766 4589 1964 4660 -ολίψιν

386 4693 520 4757 ἷξεν
567 4693 678 4753 τοῖς
742 4689 884 4743 κατά
941 4686 1102 4756 φύσιν
1150 4685 1553 4754 ἀλλοιουμένοις
1597 4680 1696 4751 τὴν
1737 4681 1963 4752 γνώμην

391 4781 894 4853 συναλλοιούμενος.
950 4781 1008 4832 ’0
1033 4780 1090 4832 δὲ
1120 4778 1414 4847 γενόμενος
1456 4778 1515 4829 ὲν
1566 4775 1809 4847 Χριστῷ,
1842 4773 1966 4827 κατ’

388 4878 578 4934 οὐδένα
626 4877 782 4946 λόγον
819 4874 1138 4943 αἰσθήσεται
1181 4872 1282 4940 τῆς
1322 4870 1542 4924 οίασοῦν
1573 4870 1763 4937 ὑλικῆς
1802 4883 1967 4937 μετα-

388 4970 670 5029 πτώσεως.
712 4967 803 5017 Διό
844 4979 1010 5032 φησιν
1059 4962 1088 5013 ό
1143 4958 1368 5029 Κύριος·
1421 4957 1610 5010 Ταῦτα
1651 4954 1968 5021 λελάληκα

387 5057 553 5127 ὑμῖν,
601 5057 702 5110 ἵνα
737 5056 809 5108 ἐν
832 5052 962 5122 ἐμοὶ
999 5050 1251 5119 εἰρήνην
1289 5047 1489 5118 ἔχητε.
1531 5049 1632 5102 Ἐν
1655 5046 1735 5112 τῷ
1763 5048 1969 5115 κόσμῳ

391 5147 603 5216 θλίψιν
639 5146 826 5209 ἕξετε·
857 5143 1020 5196 ἀλλὰ
1063 5139 1356 5208 θαρσεῖτε,
1397 5138 1516 5206 ἐγὼ
1543 5137 1834 5204 νενίκηκα
1865 5138 1971 5190 τὸν

391 5241 643 5309 κόσμον.
673 5239 986 5300 Τουτέστιν,
1027 5234 1115 5288 Ἐν
1151 5233 1274 5302 ἐμοὶ
1313 5231 1391 5303 τῷ
1433 5231 1592 5301 Λόγῳ
1619 5230 1718 5301 τῆς
1745 5229 1970 5300 ἀρετῆς,

393 5333 614 5405 εἰρήνην
639 5331 811 5400 ἔχετε·
841 5326 1249 5398 ἀπηλλαγμένοι
1277 5326 1375 5394 τῆς
1419 5323 1528 5376 τῶν
1559 5321 1756 5376 ὐλικῶν
1783 5320 1971 5375 παθῶν

391 5442 452 5479 τε
489 5424 586 5477 καὶ
611 5421 953 5491 πραγμάτων
1000 5412 1351 5487 στροϐώσεώς
1397 5430 1455 5466 τε
1490 5412 1589 5466 καὶ
1623 5413 1887 5483 ταραχῆς·
1911 5413 1970 5466 ὲν

393 5517 450 5568 δὲ
474 5515 552 5584 τῷ
577 5514 788 5582 κόσμῳ,
827 5509 1105 5563 τουτέστιν
1145 5509 1204 5560 ὲν
1234 5509 1298 5576 τῇ
1340 5504 1684 5575 προσπαθεία
1714 5504 1822 5556 τῶν
1853 5504 1969 5556 ὑλι-

396 5607 547 5669 κῶν,
591 5605 791 5674 Θλίψιν,
843 5602 932 5656 διὰ
977 5603 1076 5671 τὴν
1109 5598 1288 5652 αὐτῶν
1342 5595 1744 5666 ἀλλεπάλληλον
1799 5596 1969 5666 μετά-

469 5719 946 5782 wLuc.xvn,av.
1026 5715 1354 5770 vivide].
1433 5689 1882 5777 εδοςιιειι.ιι,εο.

401 5791 447 5824 ’⁸
476 5791 630 5848 lvan.
657 5807 766 5853 xw,
797 5789 884 5843 55.

2039 572 2271 628 ail‘ectus
2291 570 2645 627 necessitudo
2668 568 3032 641 signiﬁcetur.
3067 571 3308 644 Regnum
3327 575 3476 630 enim
3504 576 3623 643 Dei,

2041 663 2241 734 inquit,
2272 664 2414 717 intra
2436 678 2523 717 vos
2562 670 2640 715 est
2670 661 2736 715 ³³.

2109 754 2199 810 92.
2231 754 2327 809 Dei
2352 770 2415 810 ac
2441 754 2618 809 Patris
2651 770 2903 827 regnum,
2937 755 3188 825 potentia
3213 752 3376 826 509
3402 756 3626 827 quidem

2046 846 2102 902 in
2153 846 2372 902 cunctis
2402 845 2661 902 ﬁdelibus
2689 854 2774 902 est
2789 839 2809 915 ’;
2833 855 2960 902 actu
2993 861 3150 912 vero,
3179 845 3235 900 in
3270 847 3383 902 illis
3410 848 3503 917 qui
3533 865 3630 904 ua-

2041 939 2206 994 turali
2255 939 2406 994 omni
2463 939 2633 994 animi
2685 940 3044 1010 corporisque
3084 939 3197 994 vita
3230 939 3428 995 aﬂ'eetu
3477 942 3630 997 omni

2042 1030 2278 1102 abjecta,
2301 1029 2607 1100 spiritalem
2627 1029 2895 1087 duntaxat
2911 1030 3058 1087 nacti
3085 1040 3251 1100 sunt;
3286 1045 3630 1105 possuntque

2043 1123 2268 1180 dicere:
2313 1122 2434 1178 Vivo
2463 1139 2592 1195 ego;
2615 1124 2738 1196 jam
2778 1140 2880 1177 non
2914 1139 3048 1195 ego:
3088 1124 3213 1180 vivit
3245 1134 3422 1180 autem
3457 1128 3512 1181 in
3550 1143 3631 1181 me

2044 1211 2284 1267 Christus
2308 1211 2378 1267 '°.

2114 1409 2203 1466 95.
2234 1409 2481 1482 Regnum
2508 1411 2776 1467 castorum
2803 1411 3030 1484 quidam
3060 1428 3182 1470 esse
3225 1413 3438 1481 dicunt,
3465 1429 3629 1486 quam

2046 1500 2102 1555 in
2132 1501 2287 1580 cgelis
2329 1501 2482 1572 digni
2515 1510 2681 1572 atque
2724 1503 2889 1560 electi
2943 1505 3069 1560 vitae
3112 1506 3383 1572 rationem
3425 1517 3626 1580 agunt;

2045 1593 2387 1679 alii,‘eorum
2413 1594 2508 1666 qui
2545 1595 2781 1651 salutem
2816 1605 3237 1667 consequuntur
3288 1601 3498 1672 angelis
3536 1617 3632 1672 [la-.-

2047 1699 2163 1740 rem
2196 1691 2432 1753 statum;
2467 1685 2561 1740 alii
2585 1686 2860 1758 denique,
2925 1689 3101 1758 ipsam
3146 1689 3382 1746 formam
3429 1692 3633 1748 divinae

2045 1775 2501 1845 pulchritudinis,
2529 1792 2748 1843 eorum,
2773 1777 2868 1846 qui
2897 1777 3156 1835 Caelestis
3179 1781 3472 1852 imaginem
3499 1799 3630 1854 por-

2049 1875 2169 1923 tant
2189 1867 2258 1922 “.
2291 1867 2660 1925 Consentium
2679 1877 2888 1934 autem,
2951 1878 3012 1924 ut
3062 1871 3288 1948 quidem
3336 1875 3630 1940 existimo,

2049 1967 2466 2028 consonantque
2513 1959 2735 2015 veritati
2779 1969 2892 2016 tres
2922 1960 3028 2016 illa:
3059 1962 3371 2018 sententiae.
3403 1963 3635 2022 Cunctis

2049 2049 2220 2116 enim,
2245 2066 2347 2120 pro
2380 2059 2498 2106 rata
2527 2051 2779 2124 iustitiae,
2806 2068 2916 2123 qua
2945 2052 3185 2124 quisque
3222 2056 3489 2125 prteditus
3513 2063 3598 2112 est
3617 2097 3632 2122 ,

2050 2141 2315 2212 qualitate
2343 2157 2409 2198 ae
2447 2143 2779 2213 quantitate,
2808 2143 3011 2199 futurae
3042 2161 3245 2201 munus
3273 2147 3464 2216 gratiae
3498 2140 3633 2203 eon-

1963 2272 1969 2282 .
2048 2229 2248 2288 fertur.

2118 2323 2209 2380 94.
2240 2322 2495 2390 Quandiu
2537 2323 2662 2396 quis
2686 2339 2786 2394 per
2807 2324 3214 2396 philosophiam
3263 2325 3468 2380 actioni
3514 2333 3632 2381 stu-

2051 2411 2296 2480 dentem,
2341 2412 2528 2470 divina
2569 2424 2796 2470 strenue
2826 2414 3129 2488 certamina
3168 2414 3330 2486 gerit,
3362 2430 3511 2479 eum,
3537 2416 3632 2484 qui

2051 2517 2084 2557 a
2115 2503 2276 2559 Patre
2292 2504 2463 2560 exivit
2486 2520 2584 2574 per
2618 2512 2914 2576 praecepta,
2945 2515 3000 2560 et
3031 2504 3185 2560 venit
3224 2503 3280 2559 in
3317 2505 3583 2570 mundum
3616 2544 3631 2570 ,

2043 2593 2196 2664 apud
2228 2593 2624 2651 seSermonem
2653 2597 2884 2652 detinet.
2922 2597 3024 2655 Ubi
3061 2606 3244 2653 autem
3281 2597 3517 2653 actionis
3540 2597 3636 2652 ad-

2052 2699 2246 2742 versus
2268 2685 2502 2742 aﬂ'ectus
2540 2687 2783 2759 vitiaque
2811 2676 2956 2760 lucta
2986 2689 3225 2756 solutus,
3257 2690 3412 2744 velut
3439 2705 3634 2744 eorum
3701 2752 3704 2756 η

2001 2783 2220 2848 \‘atque
2236 2777 2547 2835 daemonum
2571 2781 2751 2838 victor
2778 2781 3150 2848 renuntiatus,
3179 2798 3276 2852 per
3299 2781 3638 2852 contempla-

2055 2869 2262 2925 tionem
2287 2870 2356 2926 ad
2385 2871 2602 2927 doctam
2647 2889 2711 2928 ac
2743 2874 3048 2944 sapientem
3081 2873 3488 2944 philosophiam
3513 2873 3637 2928 ani-

2055 2977 2207 3017 mum
2255 2964 2636 3029 transtulerit,
2673 2964 2949 3031 Sermoni,
3007 2974 3068 3019 ut
3128 2965 3330 3020 iterum
3369 2963 3636 3018 mundum

2056 3052 2356 3123 relinquat,
2402 3062 2458 3109 et
2494 3053 2659 3108 vadat
2699 3055 2767 3109 ad
2799 3055 3051 3123 Patrem,
3089 3057 3381 3127 permittit.
3424 3057 3638 3114 Idcirco

2057 3135 2296 3215 namque
2339 3145 2417 3200 ait
2457 3146 2725 3200 Dominus
2754 3145 3045 3216 discipulis
3081 3166 3094 3202 :
3135 3147 3230 3203 Vos
3275 3164 3357 3202 me
3393 3149 3636 3216 amastis,

2064 3242 2116 3288 et
2145 3229 2436 3290 credidistis
2454 3235 2587 3307 'quia
2615 3254 2647 3289 a
2672 3235 2780 3290 Deo
2807 3238 2962 3291 exivi.
2999 3237 3154 3292 Exivi
3175 3256 3206 3292 a
3233 3238 3418 3304 Patre,
3447 3245 3498 3292 et
3522 3238 3643 3292 veni

2063 3328 2119 3382 in
2164 3327 2456 3383 mundum:
2493 3329 2687 3383 iterum
2731 3327 2971 3399 relinquo
2999 3330 3278 3395 mundum,
3308 3339 3359 3385 et
3410 3329 3546 3385 vado
3570 3329 3642 3384 ad

2063 3418 2282 3475 Patrem
2312 3420 2358 3452 ⁸³
2403 3420 2720 3474 :mundnm
2777 3421 2916 3475 forte
2973 3421 3295 3491 appellans,
3349 3432 3640 3490 operosam

2044 3506 2300 3564 "actionis
2336 3507 2488 3564 cultu
2524 3509 2789 3565 virtutum
2820 3509 3194 3575 iunctionem;
3241 3509 3459 3563 Patrem
3484 3523 3640 3570 vero,

2065 3609 2270 3656 statum
2318 3601 2521 3655 mentis
2550 3601 2756 3656 mundo
2793 3601 3104 3665 celsiorem,
3138 3611 3196 3654 et
3240 3601 3309 3654 ab
3359 3600 3508 3654 omni
3535 3607 3644 3654 ter-

2064 3708 2201 3747 reno
2255 3707 2421 3746 sensu
2469 3692 2704 3748 liberum
2738 3692 2997 3761 :qualem
3024 3692 3081 3746 in
3120 3691 3282 3744 nobis
3311 3690 3408 3745 Dei
3446 3690 3644 3745 Sermo

2069 3783 2326 3849 sor-titur,
2357 3800 2387 3838 a
2415 3799 2598 3854 pugna
2620 3783 2888 3839 adversus
2916 3782 3150 3859 allectus
3189 3781 3433 3852 vitiaque
3477 3790 3644 3852 atque

2065 3873 2342 3930 daemones
2375 3882 2569 3930 nactus
2599 3875 2866 3945 requiem.

2059 4061 2084 4074 “
2134 4053 2225 4109 95.
2258 4053 2364 4119 Qui
2394 4053 2636 4109 actionis
2663 4054 2838 4118 cultu,
2873 4052 3121 4108 membra
3172 4061 3294 4122 qum
3314 4059 3444 4107 sunt
3477 4067 3646 4121 super

2068 4151 2271 4198 terram
2309 4143 2644 4201 mortiﬁcare
2673 4144 2850 4199 valuit
2873 4143 2939 4210 “,
2993 4143 3390 4213 Sermonisque
3423 4142 3649 4198 manda-

2068 4243 2253 4290 torum
2278 4250 2382 4306 ope
2417 4245 2581 4306 atque
2609 4235 2686 4300 vi,
2719 4235 3016 4291 affectuum
3044 4235 3415 4305 vitiorumque
3443 4234 3499 4288 in
3527 4232 3648 4304 ipso

2069 4325 2336 4380 mundum
2381 4326 2603 4381 vincere
2643 4325 2846 4396 potuit,
2878 4325 3087 4380 nullam
3123 4324 3387 4395 deinceps
3423 4338 3648 4394 pressu-

2070 4433 2186 4471 ram
2234 4417 2485 4482 habebit,
2529 4416 2647 4485 qui,
2685 4416 2881 4471 relicto
2920 4418 3033 4488 jam
3070 4415 3316 4482 mundo,
3367 4422 3424 4471 ut
3478 4415 3550 4470 sit
3589 4414 3647 4468 in

1999 4536 2038 4589 υ
2066 4506 2289 4562 Christo
2313 4507 2504 4562 mundi
2531 4508 2827 4562 aﬂ‘ectuum
2864 4507 3130 4563 vitiorum
3164 4508 3375 4562 victore
3410 4521 3475 4561 ac
3497 4505 3652 4576 pacis

2066 4598 2247 4652 omnis
2267 4606 2514 4662 auctore,
2549 4607 2743 4654 nactus
2765 4597 2855 4654 sit.
2881 4597 2985 4666 Qui
3004 4599 3152 4654 enim
3191 4606 3538 4654 terrenorum
3565 4593 3648 4650 ai-

2031 4686 2270 4742 ‘fectum
2303 4702 2368 4742 ac
2415 4686 2706 4742 libidinem
2741 4703 2852 4742 non
2895 4686 3140 4757 reliquit,
3179 4701 3399 4757 semper
3429 4698 3654 4755 pressu-

2066 4791 2182 4830 ram
2209 4775 2468 4842 habebit;
2509 4777 2604 4845 qui
2633 4793 2832 4846 nempe
2858 4792 2968 4831 una
2998 4792 3124 4831 cum
3155 4775 3264 4831 illis
3305 4789 3429 4843 quae
3453 4785 3652 4828 natura

2067 4876 2373 4933 mutantur,
2413 4869 2530 4937 ipse
2571 4869 2802 4938 perinde
2833 4869 2977 4923 alius
3013 4883 3082 4923 ex
3105 4868 3216 4922 alio
3240 4873 3506 4920 mutetur.
3539 4865 3611 4919 At
3635 4905 3650 4927 ,

2069 5051 2235 5106 modo
2277 5049 2551 5120 ejusmodi
2589 5064 2819 5106 casuum
2856 5049 3344 5118 mutationumque
3371 5042 3656 5102 vicissitu-

2068 5140 2255 5196 dinem
2281 5140 2444 5211 510
2470 5141 2693 5196 sentiet.
2719 5140 2932 5196 Idcirco
2949 5140 3031 5195 ait
3057 5139 3325 5195 Dominus
3361 5153 3376 5190 :
3412 5137 3536 5191 Ilwc
3574 5135 3654 5188 lo-

2069 5243 2221 5288 cutus
2237 5250 2354 5288 sum
2377 5234 2540 5297 vobis,
2572 5242 2629 5286 ut
2655 5234 2710 5287 in
2742 5249 2824 5288 me
2846 5250 3029 5304 pacem
3068 5233 3325 5288 habeatis.
3359 5228 3423 5286 In
3461 5231 3657 5285 mundo

2073 5340 2376 5395 pressura»:
2415 5324 2710 5390 habebitis;
2753 5325 2846 5378 sed
2897 5324 3176 5392 conﬁdite;
3213 5340 3308 5394 ego
3351 5323 3450 5376 vici
3501 5337 3658 5374 mun-

2075 5414 2202 5468 dum
2218 5414 2282 5468 ⁵⁵.
2307 5415 2368 5468 In
2389 5430 2475 5470 me
2509 5415 2739 5491 scilicet,
2767 5417 2862 5486 qui
2886 5416 3108 5471 virtutis
3141 5416 3336 5470 Sermo
3367 5414 3470 5467 sim
3493 5402 3659 5480 atque

2077 5506 2241 5570 ratio,
2275 5521 2465 5575 pacem
2523 5507 2824 5572 habebitis,
2871 5508 3092 5562 liberati
3116 5505 3528 5562 a'terrenorum
3581 5503 3658 5555 af-

2074 5595 2319 5650 fectuum
2373 5612 2854 5667 rerumqueczeca
2901 5599 3174 5670 vertigine
3205 5613 3270 5652 ac
3305 5595 3657 5658 turbatione;

1996 5711 2235 5767 “lCor.
2266 5729 2354 5780 xv,
2381 5715 2464 5769 i9.
2540 5713 2584 5743 ⁶²
2613 5713 2769 5770 Jvan.
2825 5731 2934 5782 xw,
2962 5715 3053 5768 27.
3131 5713 3176 5744 ⁸⁸
3223 5709 3434 5766 COIOSS-
3478 5725 3560 5776 ιιιο
3609 5707 3662 5760 5-

3491 368 3652 438 ιιιστ

2048 4959 2165 5030 .qui
2205 4969 2401 5014 nactus
2454 4968 2541 5014 est
2601 4968 2662 5014 ut
2711 4961 2786 5015 sit
2862 4960 2919 5014 in
2961 4959 3216 5022 Christo,
3268 4957 3480 5012 nullam
3540 4957 3679 5009 ullu-
