4094 6204
394 337 533 407 1173
1235 320 1880 410 CAPITUM'THEOL.
1920 332 2016 404 ET
2055 338 2289 403 (ECON.
2327 342 2715 406 CENTURIA
2765 344 2845 404 Π.
3526 347 3657 411 1m

388 451 548 526 σῶμα
571 451 708 524 πρὸς
739 451 838 527 τὴν
866 453 1068 526 ψυχὴν,
1098 455 1290 526 γέγονε
1321 456 1523 528 κιθάρα
1556 453 1693 510 Θεοῦ
1735 452 1830 509 καὶ
1866 453 1962 507 αὐ-

2067 453 2338 508 concinne
2362 453 2594 523 aptavit,
2621 453 2718 508 Dci
2759 453 2977 509 cithara
3002 454 3246 525 tibiaque
3275 471 3342 511 ac
3393 455 3658 526 templum

384 547 478 612 λὸς
521 548 616 602 καὶ
639 547 784 610 ναός.
828 548 1046 623 Κιθάρα
1091 549 1214 630 μὲν,
1243 539 1319 614 ὡς
1363 539 1546 614 καλῶς
1595 541 1962 632 φυλάξαςτὴν

384 639 496 684 τῶν
521 637 733 684 ἀρετῶν
774 638 1063 684 ἁρμονίαν·
1095 639 1259 684 άύλδε
1300 641 1376 684 δὲ-
1423 639 1500 684 ὡς
1537 637 1627 684 διὰ
1662 637 1772 684 τῶν
1807 635 1962 684 θείων

2069 544 2266 600 evasit.
2297 539 2523 600 Cithara
2548 545 2796 616 quidem,
2833 554 2896 616 ut
2930 547 3026 616 qui
3059 536 3285 602 virtutis
3323 558 3654 604 concentum
3701 560 3729 684 ζ

2070 635 2334 684 nrmclare
2376 637 2613 684 servarit
2649 655 2662 684 ξ
2702 637 2834 684 tibia
2864 647 3072 684 autem-
3111 640 3293 684 Iit-nni
3337 657 3436 684 nar
3470 642 3654 684 divina

383 639 496 692 τῶν
521 637 733 710 ἀρετῶν
774 638 1063 711 ἁρμονίαν
1095 628 1259 704 αὐλὸς
1300 641 1378 704 δὲ,
1423 639 1500 702 ὡς
1537 637 1627 693 διὰ
1662 637 1772 692 τῶν
1807 627 1962 690 θείων

2070 635 2334 705 przeclare
2376 637 2613 691 servarit
2649 655 2662 690 ε
2702 637 2836 693 tibia
2864 647 3074 704 autem,
3111 649 3183 694 ut-
3201 640 3296 710 qui
3337 657 3436 710 per
3470 642 3657 698 divina

385 730 759 802 θεωρημάτων
809 731 1188 803 εἰσδεχόμενος
1236 731 1334 803 τὴν
1384 717 1479 784 τοῦ
1518 719 1836 800 Πνεύματος
1865 727 1962 796 ἔμ-

2068 739 2256 792 sensa,
2307 723 2550 796 Spiritus
2592 727 2649 782 in
2677 744 2737 784 se
2788 716 3044 783 amatum.
3073 713 3341 799 recipiat;
3393 733 3657 803 templum
3707 715 3736 793 ί

385 839 632 905 πνευσινο
656 823 782 887 ναὸς
809 822 888 891 δέ,
907 823 985 888 ὡς
1022 823 1110 878 διὰ
1137 824 1236 895 τὴν
1267 821 1410 877 κατὰ
1437 820 1562 876 νοῦν
1595 820 1962 890 καθαρότητα,

2068 826 2318 882 vero,.ut
2346 819 2441 889 qui
2478 820 2550 875 ob
2591 821 2795 878 mentis
2833 821 3131 894 puritatem
3162 822 3331 878 Verbi
3374 823 3662 880 habitacu-

383 911 480 964 τοῦ
519 913 694 983 Λόγου
718 912 958 984 γεγονὼς
984 915 1428 986 κατοικητήριον.

2068 906 2184 963 lum
2205 909 2385 968 factus
2413 914 2504 968 sit.
2529 929 2531 931 ·
2897 925 2899 928 ·
3705 909 3712 955 ί

752 1127 1245 1189 ΑΝΕΠῘΓΡΑΦΌΥ
1288 1134 1543 1188 ΣΧΟΜΔ
1558 1136 1598 1188 ⁸.

2359 1129 2640 1186 INCER'I‘I
2669 1130 3018 1189 AUCTORlS
3059 1131 3371 1188 SCHOLI‘A.

450 1221 522 1278 α’.
560 1224 673 1295 οὐχ
698 1225 775 1288 ὠς
816 1225 1294 1295 ἐπιτυγχανόντων
1322 1219 1486 1278 τινῶν
1533 1221 1648 1276 τῶν
1680 1219 1818 1292 πρὸς
1851 1217 1962 1272 ἐπί-

2146 1220 2197 1274 Ι.
2237 1220 2359 1276 Non
2405 1221 2565 1293 quasi
2608 1222 2802 1293 aliqui,
2860 1237 3079 1286 eorum,
3117 1224 3215 1294 qui
3263 1225 3659 1280 ostentationis

379 1308 547 1379 δειξιν
598 1314 926 1386 ἐφιεμένων,
957 1317 986 1368 6
1028 1311 1208 1383 λόγος,
1233 1313 1350 1369 ἀλλ’
1373 1314 1449 1377 ὡς
1477 1311 1696 1375 πάντως
1723 1311 1962 1376 ἀποτυγ-

2075 1325 2242 1368 causa
2269 1321 2554 1385 espetunt,
2605 1316 2889 1386 compotes
2942 1315 3097 1381 liam,
3127 1315 3206 1370 ita
3253 1316 3521 1386 loquitur,
3557 1317 3655 1371 sed

383 1407 674 1476 χανόντων.
702 1407 801 1460 Διὰ
832 1407 888 1461 δὲ
909 1407 1026 1472 τοῦ,
1046 1409 1160 1463 Ἔν
1179 1424 1295 1461 τινι
1315 1404 1434 1460 τῶν
1454 1407 1687 1474 ὁμόρων
1710 1401 1962 1476 ποιείτω¹

2075 1406 2231 1462 velut
2247 1408 2388 1463 nu’lll
2410 1419 2646 1479 prorsus
2672 1407 2825 1464 ﬁant.
2851 1409 3097 1464 Dicenda
3131 1417 3338 1473 autem.
3379 1409 3448 1463 1η
3463 1409 3657 1464 vit-tnta

382 1498 476 1551 καὶ
501 1497 569 1552 τὰ
599 1497 748 1569 ἑξῆς,
781 1497 1062 1570 σημαίνει,
1095 1498 1157 1552 τὸ
1194 1498 1271 1568 μὴ
1300 1495 1650 1565 ὲπιγίνεσθαί
1695 1511 1802 1546 τινι
1833 1491 1962 1560 γνῶ‹

2072 1499 2309 1567 quadam
2342 1517 2433 1554 seu
2462 1499 2710 1568 conﬁnio,
2759 1508 2891 1566 etc.,
2938 1500 3233 1571 signiﬁcat,
3271 1501 3483 1556 nemini
3521 1516 3657 1556 con-

381 1606 470 1643 σιν
498 1589 596 1661 τὴν
632 1589 829 1661 ἀληθῆ,
861 1593 912 1644 εί
941 1591 1017 1664 μὴ
1052 1591 1142 1644 διὰ
1172 1590 1354 1644 πόνων
1383 1588 1741 1659 σωματικῶν,
1772 1587 1962 1658 ἧγουν,

2071 1589 2285 1661 tingere
2321 1600 2384 1645 ut
2428 1607 2618 1646 veram
2665 1591 2920 1661 acquirat
2947 1591 3264 1655 sci-entiam,
3299 1592 3436 1661 quin
3459 1607 3657 1662 corpo-

379 1681 452 1735 Bt’
481 1682 814 1754 ἐγκρατείας
861 1684 958 1738 καὶ
1010 1683 1254 1754 ἀγάπης,
1308 1681 1378 1736 δι’
1408 1678 1483 1736 ὧν
1525 1683 1560 1753 ἠ
1597 1679 1868 1750 κάθαρσις
1894 1679 1962 1749 τῇ

2067 1681 2278 1736 ralibus
2312 1682 2594 1737 laboribus
2639 1681 3016 1753 (continentia
3047 1682 3263 1737 scilicet
3283 1693 3340 1738 et
3361 1683 3651 1749 charitate,

377 1773 524 1846 ψυχῇ
546 1791 560 1805 ο
593 1751 884 1843 Μακάριοι
915 1751 1067 1846 γὰρ,
1088 1751 1255 1846 φησὶν
1275 1816 1290 1840 ,
1315 1778 1368 1829 'ot
1395 1751 1642 1844 καθαροί
1675 1770 1793 1841 τὴν
1819 1785 1962 1838 καρ-

2063 1775 2270 1846 quibus
2299 1751 2656 1830 emundaturi
2678 1773 2917 1845 animus)
2962 1773 3240 1845 fungatur.
3275 1773 3430 1828 Beati
3463 1777 3610 1829 cnim
3635 1817 3650 1840 ,

378 1865 538 1932 δίαν,
575 1865 665 1921 ὅτι
694 1867 867 1923 αὐτοί
905 1868 1012 1922 τὸν
1042 1867 1193 1922 Θεὸν
1221 1867 1495 1938 ὄψονται.
1521 1899 1534 1924 ο

452 2042 520 2115 β’.
549 2044 770 2112 Τούτοις
802 2046 1038 2118 μάλιστα
1069 2035 1425 2120 ἐλεγχόμεθα,
1461 2043 1564 2119 τὴν
1593 2049 1963 2120 φιλαργυρίαν

380 2136 685 2204 νοσοῦντες,
716 2140 811 2192 καὶ
839 2139 918 2209 τῷ
951 2141 1191 2212 μαμωνᾷ
1217 2139 1607 2203 καταθύοντες.

450 2232 520 2297 γ’.
556 2229 668 2282 Καὶ
705 2228 880 2284 ταῦτα
923 2231 1064 2284 κατὰ
1112 2230 1222 2285 τῶν
1262 2231 1649 2302 Είκονομάχων
1677 2230 1960 2302 ἄντικρυς.

383 2319 524 2391 Ὅρα
552 2320 610 2374 δὲ
639 2321 722 2374 ὅτι
752 2321 956 2390 γνῶσις
981 2324 1019 2394 ἡ
1061 2321 1297 2378 ἐνταῦθα
1329 2323 1550 2393 λέγεται
1583 2325 1806 2396 μερικήνο
1841 2325 1879 2394 η
1905 2323 1963 2376 δὲ

379 2410 477 2464 τοῦ
501 2410 637 2465 Θεοῦ
669 2413 853 2482 σοφία,
891 2414 990 2484 ὅλη
1028 2416 1088 2470 ἐν
1118 2414 1197 2486 τῷ
1228 2416 1419 2486 κόσμῳ
1447 2417 1589 2482 ἐστὶ,
1613 2415 1737 2470 καθ’
1767 2415 1798 2472 ὃ
1826 2415 1961 2470 Θεο-

381 2503 536 2571 λόγσς
581 2502 746 2573 φησίν
765 2519 779 2534 ο
827 2505 931 2559 ‘Er
967 2505 1051 2572 τῷ
1083 2507 1294 2577 κόσμῳ
1326 2507 1435 2579 γὰρ
1470 2503 1571 2578 ἦν,
1603 2508 1702 2562 καί
1729 2509 1964 2578 κόσμος

378 2591 456 2646 δι’
488 2593 676 2648 αὐτοῦ
713 2592 972 2670 ἐγένετο.

450 2679 513 2737 δ’.
547 2681 669 2738 Ἐτι
697 2687 793 2740 καὶ
836 2686 996 2758 ἡμῶν
1025 2684 1261 2752 ἕκαστος
1298 2685 1414 2753 τοῖς
1455 2683 1738 2760 αίσθητοῖς
1791 2699 1962 2764 ’προσ-

379 2771 635 2847 κείμενος
724 2777 784 2844 ἐξ
876 2779 1098 2847 ἀγνοίας
1136 2819 1153 2844 ,
1236 2781 1328 2834 τὸν
1403 2771 1660 2853 Καίσαρα
1736 2781 1963 2854 βασιλέα

377 2865 781 2942 ἐπιγράφεται⁸
832 2867 924 2924 καὶ
980 2869 1056 2940 τῷ
1105 2870 1353 2942 Πιλάτῳ,
1401 2871 1467 2944 τῇ
1520 2873 1792 2945 αἰσθήσει,
1825 2891 1960 2946 προ-

377 2960 562 3014 δίδωσι
589 2961 682 3014 τὸν
714 2962 887 3031 Λόγον
921 2966 1000 3027 είς
1033 2962 1283 3018 θάνατον.
1317 2965 1542 3029 Πάντως
1566 2967 1625 3021 δδ
1657 2967 1794 3038 μετὰ
1823 2970 1962 3023 Καί-

378 3058 542 3147 σαρος
588 3051 692 3147 Δκιιϊ
729 3052 806 3122 τῷ
838 3052 1062 3147 Ἡρῴδῃ
1125 3053 1431 3121 ὑπόκειται,
1455 3056 1494 3111 ’6
1528 3059 1646 3111 κατ’
1676 3058 1962 3147 ἐνέργειαν
1983 3077 2026 3147 0'

353 3133 735 3214 -εμαρτάνων,
763 3145 858 3199 καὶ
885 3147 944 3199 ἐν
972 3144 1083 3211 ἔξει
1124 3148 1419 3217 γενόμενος
1451 3148 1554 3204 τοῦ
1591 3145 1782 3207 κακοῦ.
1821 3145 1958 3205 Ἰου-

378 3227 523 3299 δαῖός
562 3232 679 3288 ἔστι
716 3233 817 3306 τὴν
851 3236 1052 3308 ἀρετὴν
1094 3239 1380 3310 προδιδοὺς
1406 3235 1470 3312 τῇ
1498 3237 1608 3307 ἔξει
1636 3237 1735 3314 τῆς
1758 3238 1959 3308 κακίας

379 3323 710 3398 ὑποχείριον
743 3327 839 3380 καὶ
875 3327 975 3400 τὴν
1013 3332 1114 3400 μὲν
1152 3331 1248 3385 τοῦ
1286 3323 1420 3386 Θεοῦ
1451 3321 1729 3403 βασιλείαν
1758 3326 1956 3409 ἀρνού-

381 3434 579 3498 μενος,
604 3418 698 3473 τοῦ
737 3420 984 3475 διαϐόλου
1020 3417 1076 3475 δὲ
1123 3419 1190 3494 τῇ
1221 3427 1499 3497 τυραννίδι
1531 3428 1952 3498 προσκείμενος.

341 3558 348 3564 .
445 3513 510 3563 ε’.
549 3497 672 3564 Ὅτι
710 3511 776 3564 ὲκ
811 3511 916 3582 τῆς
939 3511 1033 3565 τοῦ
1066 3512 1200 3566 Θεοῦ
1224 3514 1470 3583 ἀγνοίας,
1503 3518 1536 3586 ἡ
1572 3497 1832 3585 ιριλαυτία
1860 3518 1962 3572 καὶ

375 3596 440 3650 τδ
467 3600 916 3671 γαστρίμαργονο
961 3601 1028 3655 δι’
1056 3600 1093 3656 ἃ
1137 3593 1236 3674 τήν
1270 3605 1449 3674 σάρκα
1499 3606 1593 3658 καὶ
1629 3606 1724 3658 τὸν
1753 3606 1962 3676 κόσμον

377 3688 538 3754 εὐθὺς
564 3693 958 3763 ἠγαπήσαμεν*
986 3693 1079 3748 καὶ
1109 3688 1162 3746 εί
1201 3695 1276 3767 μὴ
1297 3697 1504 3751 τούτων
1537 3697 1642 3763 ἔξω
1670 3689 1961 3769 γενώμεθα

376 3778 466 3834 διὰ
491 3780 590 3852 τῆς
629 3783 770 3853 πρδς
798 3773 938 3836 Θεὸν
974 3782 1216 3856 ἆγάτιης,
1247 3785 1346 3858 τῆς
1378 3785 1460 3849 είς
1499 3786 1592 3840 τὸν
1619 3787 1846 3859 πλησίον
1869 3783 1957 3842 διὰ

375 3871 473 3942 τῆς
496 3874 739 3944 φυλακῆς
765 3874 872 3928 τῶν
895 3875 1126 3929 ἐντολῶν
1145 3878 1568 3951 ἐνεργουμένης,
1596 3879 1770 3944 ἄλλως
1798 3869 1956 3953 ἄτρε-

377 3971 499 4018 πτοι
527 3965 708 4037 μένειν
750 3968 806 4020 ἐν
846 3967 923 4039 τῷ
957 3967 1106 4038 καλῷ
1131 3970 1190 4022 ού
1230 3967 1524 4040 δυνάμεθα.

448 4063 520 4122 ς’.
561 4053 820 4132 Πάροικοι
861 4063 1066 4125 πάντες
1115 4064 1164 4114 οἱ
1212 4061 1382 4132 ἅγιοι,
1443 4065 1521 4126 ὼς
1572 4055 1635 4119 ἐν
1667 4063 1956 4138 ἐσόπτροις

377 4149 470 4202 καὶ
504 4151 792 4221 αἰνίγμασι
838 4150 1130 4222 βλέποντες
1169 4152 1269 4224 τὴν
1301 4155 1580 4225 ἀλήθειαν.
1614 4158 1678 4211 Οί
1699 4157 1756 4210 δὲ
1791 4159 1955 4217 ,Εἰκο-

376 4243 603 4312 νομάχοι
652 4244 726 4312 μὴ
756 4244 1191 4314 παραδεχόμενοι
1250 4247 1484 4300 κατιδεῖν
1540 4249 1599 4304 ἐν
1643 4250 1951 4322 ἐσόπτροις,

375 4332 690 4385 παντάπασι
722 4331 823 4402 τῆς
847 4332 1104 4404 ἀληθείας
1132 4335 1585 4392 ἀποπεπτώκασι.

445 4507 512 4575 ζ’.
557 4511 620 4564 '0
652 4509 796 4577 θεὸς
846 4513 996 4579 ἔστη
1027 4513 1098 4566 ἐν
1124 4512 1449 4583 συναγωγῇ
1476 4513 1645 4568 θεῶν.
1688 4514 1798 4569 Καὶ
1844 4516 1948 4584 ὅρα

372 4597 472 4669 τὴν
504 4599 735 4670 δύναμιν
779 4600 888 4654 τῶν
931 4602 1198 4670 ἀγγέλων⁹
1251 4605 1346 4658 καὶ
1390 4606 1472 4658 ὅτι
1515 4609 1542 4660 ὁ
1576 4606 1650 4679 μὴ
1681 4609 1952 4662 πιστεύων

373 4692 570 4762 χρῆναι
610 4693 747 4765 πρὸς
790 4695 891 4762 τὴν
934 4695 1175 4766 κεφαλὴν
1220 4697 1490 4767 συνῆφθαι
1536 4699 1606 4753 τὰ
1640 4701 1798 4770 μέλη,
1827 4701 1954 4755 ἀπι-

376 4783 500 4846 στός
537 4785 672 4845 ἐστι,
710 4785 807 4839 καὶ
832 4785 1084 4840 ἐντεῦθεν
1117 4787 1216 4858 ἤδη
1259 4788 1531 4860 κέκριται.

377 4877 389 4886 ’
442 4880 512 4944 η’.
548 4875 643 4938 Τίς
669 4877 808 4928 οίκεί
832 4875 940 4929 τῶν
967 4878 1248 4932 Χαλδαίων
1277 4879 1374 4948 τὴν
1406 4880 1528 4950 γῆν·
1562 4880 1644 4943 τίς
1667 4882 1764 4952 τὴν
1796 4883 1948 4955 Χαρ-

374 4965 477 5036 ῥᾶν
507 4966 610 5036 τῆς
652 4969 1113 5038 Μεσοποταμίας;
1146 4971 1241 5033 Τίς
1272 4973 1406 5043 πρὸς
1446 4973 1544 5043 τὴν
1579 4974 1683 5043 γῆν
1713 4975 1948 5045 μετάγε-

369 5071 463 5109 ται
490 5057 590 5127 τὴν
615 5059 848 5130 ἀγαθὴν,
881 5059 948 5129 ἣν
995 5059 1391 5129 ἐπαγγέλλεται
1417 5062 1610 5116 δώσειν
1649 5065 1762 5128 τοῖς
1804 5066 1946 5134 ἀγα-

371 5145 550 5200 πῶσιν
567 5147 730 5200 αὑτὸν
754 5150 782 5200 ὁ
806 5149 975 5214 Θεός;

444 5236 511 5295 θ’.
549 5238 639 5294 Fr.
669 5241 792 5294 Ὅτι
840 5241 934 5295 καὶ
985 5243 1151 5296 πάλαι
1202 5243 1306 5314 πρὸ
1346 5245 1447 5313 τῆς
1495 5245 1808 5316 ἐπιδημίας,
1853 5247 1947 5301 καὶ

371 5330 468 5386 νῦν
504 5332 642 5403 μετὰ
683 5331 783 5403 τὴν
820 5333 1140 5404 ἐπιδημίαν,
1186 5335 1393 5405 νοητῶς
1427 5336 1484 5388 ὲν
1518 5338 1650 5406 ἡμῖν
1679 5337 1947 5407 ἐνδημεῖὸ

369 5423 463 5478 τοῦ
494 5424 630 5478 Θεοῦ
661 5426 865 5494 Λόγος,
909 5426 1155 5496 κρυερίως
1207 5427 1493 5498 ἀναφέρων
1538 5429 1674 5492 πρὸς
1701 5429 1768 5484 τὰ
1803 5430 1943 5485 θειό-

367 5530 523 5587 τερα.

442 5669 488 5702 ’⁸
515 5669 704 5725 Matth.
735 5687 787 5734 v,
822 5670 873 5724 8.
949 5671 990 5704 ⁷⁸
1023 5669 1178 5724 Joan.
1213 5686 1248 5736 l,
1282 5670 1364 5725 l0.
1441 5672 1486 5705 "
1513 5671 1656 5728 Psal.
1692 5689 1869 5740 Lxxxt,
1905 5675 1954 5732 l.

2066 1863 2282 1938 inquit,
2324 1867 2522 1922 mundo
2590 1867 2784 1931 corde,
2835 1866 3090 1937 quoniam
3139 1866 3243 1936 ipsi
3297 1865 3467 1919 Deum
3507 1865 3653 1920 vide-

2065 1959 2194 2013 bunt
2219 1961 2286 2012 "°.

2130 2049 2184 2105 2.
2215 2049 2310 2106 Hi3
2362 2051 2598 2107 maxime
2638 2048 3044 2114 cenvincimur,
3084 2049 3343 2104 laborare
3379 2063 3484 2102 nos
3523 2061 3645 2102 ava-

2062 2142 2203 2198 ritia:
2238 2142 2464 2208 morbo,
2479 2158 2542 2198 ac
2563 2157 2888 2197 mammonae
2909 2141 3242 2196 sacrificare.

2131 2231 2186 2285 5.
2215 2229 2342 2286 Haec
2365 2247 2587 2302 quoque
2617 2232 2797 2302 palam
2843 2239 3038 2286 contra
3084 2229 3506 2284 lconomachos.
3537 2227 3647 2283 Ob-

2061 2335 2223 2376 serva
2254 2329 2460 2376 autem.
2485 2336 2609 2392 qua:
2631 2320 2795 2391 hujus
2813 2319 2915 2375 aevi
2943 2327 3048 2384 est,
3078 2318 3388 2385 scientiam,
3419 2326 3650 2388 exparte

2062 2413 2172 2469 dici
2195 2405 2333 2478 :Dei
2361 2421 2547 2469 autem
2571 2406 2865 2483 Sapientia,
2889 2418 3002 2466 tota
3025 2409 3081 2464 in
3101 2409 3307 2465 mundo
3323 2418 3428 2474 est,
3456 2423 3648 2479 quem-

2061 2504 2358 2561 admodum
2389 2504 2528 2561 dicit
2555 2503 2868 2575 Theologu‘s
2894 2521 2907 2558 :
2932 2502 3001 2557 In
3024 2502 3222 2558 mundo
3251 2501 3402 2558 enim
3437 2509 3574 2566 erat,
3597 2510 3646 2556 et

2062 2595 2290 2650 mundus
2312 2610 2407 2666 per
2425 2596 2600 2665 ipsum
2631 2595 2803 2664 factus
2835 2600 2913 2647 est
2934 2594 3003 2648 “.

2131 2686 2186 2742 4.
2224 2686 2422 2741 Adhuc
2465 2686 2634 2741 etiam
2674 2685 2911 2756 quisque
2944 2691 3200 2740 nostrum
3236 2691 3306 2742 ex
3332 2685 3646 2756 ignorantia

2060 2777 2294 2833 terrenis
2327 2775 2629 2844 addicitur,
2663 2775 2934 2834 Caesarem
2968 2775 3076 2833 sibi
3103 2789 3290 2850 regem
3312 2777 3556 2841 asciscit,
3581 2782 3646 2832 ac

2060 2869 2238 2926 Pilato
2266 2867 2344 2941 (id
2370 2880 2475 2936 est,
2521 2869 2730 2939 sensui)
2782 2868 3105 2925 Sermonem
3153 2870 3275 2927 neci
3316 2869 3644 2924 tradendum

2060 2961 2264 3032 prodit.
2298 2963 2534 3017 Prorsus
2578 2971 2735 3026 vero,
2781 2975 2908 3016 cum
2953 2959 3178 3016 Caesare
3220 2962 3390 3016 etiam
3433 2953 3641 3015 Herodi

2060 3056 2342 3128 subjectus
2377 3064 2482 3121 est,
2515 3057 2610 3127 qui
2658 3039 2826 3127 opere
2872 3061 3067 3124 peccat
3107 3065 3166 3110 et
3195 3056 3250 3110 in
3277 3054 3406 3109 mali
3451 3053 3642 3109 habitu

2059 3157 2336 3206 versatur.
2379 3150 2605 3206 Iudaeus
2653 3157 2761 3214 est,
2811 3149 2906 3218 qui
2949 3150 3211 3204 virtutem
3269 3141 3484 3202 habitui
3523 3146 3642 3201 vitii

2058 3239 2423 3312 mancipatam
2454 3240 2675 3311 prodit;
2708 3240 2804 3295 Dei
2830 3241 3053 3312 quidem
3083 3223 3362 3312 abnegans
3389 3253 3641 3312 regnum,

2059 3329 2264 3389 diaboli
2295 3336 2429 3390 vero
2462 3333 2774 3406 tyrannidis
2796 3332 3032 3389 devotus
3066 3335 3268 3414 cultor.

2127 3514 2180 3568 5.
2218 3513 2298 3567 Ex
2342 3499 2440 3566 Dei
2492 3512 2802 3583 ignorantia
2852 3511 3112 3582 provenit
3155 3523 3339 3568 aecus
3389 3513 3644 3584 corporis

2057 3619 2214 3658 amor
2238 3612 2296 3658 et
2328 3603 2487 3674 gula;
2520 3619 2758 3673 quorum
2791 3601 2966 3675 gratia
3005 3603 3192 3659 statim
3221 3616 3444 3662 carnem
3477 3621 3641 3662 mun-

2056 3696 2301 3766 dumque
2337 3697 2652 3752 dilex’imus.
2707 3697 2787 3754 Ac
2831 3698 2937 3752 nisi
2960 3697 3058 3753 Dei
3104 3698 3377 3753 charitate
3403 3698 3514 3754 illis
3549 3714 3644 3754 ex-

2057 3787 2415 3854 ceSse'rimus,
2446 3798 2568 3858 quae
2594 3787 2856 3844 videlicet
2878 3787 2998 3859 ipsa
3023 3787 3412 3842 mandatorum
3444 3787 3640 3843 obser-

2055 3879 2278 3935 vatione
2308 3893 2434 3950 erga
2473 3881 2786 3946 proximum
2822 3877 3012 3936 efﬁcax
3042 3880 3135 3943 sit,
3169 3888 3229 3934 ut
3272 3877 3328 3932 in
3357 3879 3506 3933 bono
3541 3879 3642 3933 im-

2057 3972 2289 4027 mobiles
2317 3970 2703 4043 persistar‘nus,
2737 3970 3164 4042 haudquaquam
3197 3971 3313 4025 ﬁeri
3339 3971 3533 4041 possit.

2127 4055 2286 4134 512
2307 4065 2359 4120 6.
2384 4063 2568 4120 Sancti
2583 4082 2776 4120 omnes
2796 4065 2990 4120 incolae
3013 4072 3215 4120 suntet
3232 4065 3532 4135 peregrini,
3581 4072 3636 4120 ut

2015 4155 2150 4242 κ(ιαί
2178 4153 2466 4210 veritatem
2487 4157 2543 4210 in
2573 4157 2815 4226 speCulis
2849 4157 3147 4212 videantet
3174 4156 3483 4226 mnigmatis
3517 4155 3632 4226 (ob-

2054 4248 2234 4302 scuris
2254 4247 2463 4303 scilicet
2485 4248 3103 4319 reprmsentationihus).
3121 4249 3637 4314 lconomachivero,

2055 4337 2149 4406 qui
2200 4353 2310 4392 non
2343 4338 2654 4394 sustineant
2689 4339 2746 4393 in
2799 4340 3039 4409 speculis
3076 4339 3289 4406 videre,
3326 4355 3356 4394 a
3403 4339 3637 4397 veritate

1987 4428 2030 4482 υ
2061 4445 2288 4500 prorsus
2306 4430 2651 4486 exciderunt.

2129 4523 2182 4576 7.
2209 4523 2346 4576 Deus
2384 4525 2528 4576 stetit
2570 4525 2626 4577 in
2653 4540 2925 4594 synagoga
2947 4525 3236 4579 deorum".
3266 4525 3344 4580 Ac
3375 4525 3500 4580 vide
3527 4541 3632 4580 an-

2057 4612 2304 4683 gelorum
2349 4613 2684 4683 potentiam;
2719 4614 2998 4684 itemque,
3039 4615 3134 4684 qui
3163 4631 3274 4670 non
3319 4615 3498 4671 credit
3535 4631 3634 4670 ne-

2056 4719 2210 4758 cesse
2247 4719 2368 4759 esse
2421 4712 2481 4757 ut
2529 4704 2776 4759 membra
2807 4707 3216 4776 conjungantur
3263 4722 3389 4762 cum
3429 4705 3630 4776 capite,

2056 4792 2356 4858 infidelem,
2394 4809 2570 4864 eoque
2607 4795 2832 4850 nomine
2859 4797 3319 4867 jamjudicatum,
3347 4813 3488 4853 esse.

2126 4883 2179 4938 8.
2213 4882 2476 4950 Quisnam
2511 4883 2726 4939 habitet
2759 4894 2964 4939 terrain
3008 4886 3425 4954 Chaldaeorum;
3474 4887 3630 4958 quis-

2048 4990 2176 5030 nam
2202 4990 2334 5029 vero
2363 4973 2650 5030 Charrhan
2685 4977 3129 5046 Mesopotamize?
3164 4977 3298 5044 Quis
3329 4980 3630 5035 transfera-

2051 5067 2217 5122 turin
2249 5076 2450 5122 terram
2477 5067 2699 5130 bonam,
2733 5084 2898 5138 quam
2941 5070 3086 5124 Deus
3115 5085 3174 5125 se
3206 5069 3465 5124 daturum
3502 5071 3626 5140 pol-

2049 5155 2234 5213 licitus
2263 5165 2368 5217 est.
2401 5157 2488 5212 his
2509 5159 2604 5228 qui
2627 5158 2903 5229 diligunt?

2120 5247 2173 5302 9.
2203 5249 2343 5303 Olim
2381 5264 2602 5319 quoque
2651 5257 2778 5304 ante
2819 5249 3140 5315 adventum,
3189 5266 3446 5320 nuncque
3487 5250 3626 5304 adeo

2055 5347 2180 5409 post
2228 5340 2429 5410 ipsum,
2475 5341 2733 5396 advenire
2767 5342 2834 5397 ad
2865 5357 2968 5398 nos
3000 5342 3324 5413 spiritaliter
3360 5342 3455 5396 Dei
3487 5342 3624 5398 Ver-

2052 5431 2206 5496 bum,
2229 5431 2790 5514 occultisaugmentis
2815 5435 3127 5506 provehens
3146 5435 3214 5490 ad
3237 5450 3301 5490 ea
3335 5449 3457 5506 quae
3489 5434 3623 5490 divi-

2050 5523 2203 5579 niora
2233 5531 2380 5578 sunt.

446 5783 461 5801 '
490 5781 573 5837 Ea:
611 5783 667 5837 V.
733 5781 811 5839 Cl.
877 5782 1161 5854 Bap/melis
1202 5782 1445 5852 Dufrcnii
1511 5784 1648 5852 cod.,
1692 5802 1831 5870 nunc
1866 5785 2054 5858 Regio.
