4094 6204
491 251 647 313 ιιιςι
1656 256 1725 316 S.
1755 256 2047 319 MAXIMI
2082 260 2125 318 C

2228 256 2595 318 'FESSORIS
2918 270 2923 271 ί
3616 252 3781 327 1184

488 360 767 418 deliniens
796 361 869 417 ad
892 363 1231 434 voluptatem
1257 364 1621 436 detrahebat;
1655 386 1765 441 qua
1788 386 1849 426 se
1877 372 2075 427 mortis
2104 385 2126 437 Α

2228 372 2443 435 άόολος,
2482 372 2553 425 δι’
2594 365 2665 443 ἧς
2713 371 3032 443 ὑποστήσας
3080 356 3173 425 «by
3206 371 3440 426 θάνατον
3469 371 3793 442 ἡϐρύνετο.

491 465 779 511 auctorem
835 455 1116 511 exstitisse
1171 458 1549 527 gloriabatur,
1605 475 1819 518 natura:
1854 463 1981 519 labe
2013 478 2080 519 ac

2228 463 2403 533 υυφῶν
2432 464 2531 535 τὴν
2558 462 2766 535 φθορὰν
2794 462 2895 533 τῆς
2939 462 3156 532 φύσεως
3178 480 3191 493 ο
3228 462 3320 517 διὰ
3350 462 3512 516 τοῦτο
3548 464 3796 532 γίνεται

494 546 726 601 interitu
755 546 1043 616 gaudens;
1069 547 1280 605 idcirco
1311 551 1456 606 Deus
1486 552 1547 606 iit
1575 554 1857 623 perfectus
1886 555 2078 620 homo,

2228 555 2387 618 ἕλειος
2427 555 2717 626 ἄνθρωπος
2760 555 2790 607 ὀ
2837 554 2993 621 Θεὸς,
3048 555 3219 625 μηδὲν
3262 555 3619 626 παραμείψας
3664 556 3795 631 τῆς

495 637 636 694 nihil
665 653 862 692 eorum
885 655 1010 710 qua:
1034 651 1197 696 erant
1220 652 1452 708 natura,
1486 659 1599 699 uno
1625 646 1894 702 duntaxat
1921 647 2082 701 dem-

2228 646 2421 711 ὖσεως,
2454 649 2594 718 πλὴν
2624 649 2724 718 τῆς
2767 648 3043 718 ἁμαρτίας
3062 664 3079 679 ’
3110 647 3235 700 ἐπεὶ
3263 647 3398 718 μηδὲ
3422 638 3793 719 τῆςφὺσεως

497 739 594 800 pto
622 738 850 799 peccato
882 730 1129 801 (quando
1176 750 1280 789 nec
1304 734 1483 803 ipsum
1540 752 1610 791 ex
1656 753 1827 793 censu
1870 748 2085 793 naturae

2228 754 2287 789 ν’
2315 737 2405 792 ἶνα
2451 738 2657 810 σαρκδς
2704 738 3057 809 προϐλήματι
3084 721 3378 801 δελεάσας,
3411 737 3636 810 ὲρεθίσῃ
3676 737 3796 789 τὰν

500 816 642 887 erat)
674 816 1001 885 demutans;
1035 828 1096 874 ut
1123 824 1307 877 carnis
1334 839 1463 879 esea
1486 826 1707 897 objecta
1738 866 1755 891 ,
1813 828 1935 897 ejus
1982 842 2088 882 vo-

2228 831 2467 901 πληστον
2497 831 2769 903 δράκοντα
2814 831 3181 902 περιχανόντα
3225 830 3327 901 τὴν
3371 831 3552 901 σάρκα
3604 849 3795 884 κατα-

504 907 691 962 ηηιίω
717 908 1091 965 insatiabilem
1132 913 1431 991 draconem
1458 956 1475 980 ,
1521 918 1713 987 illique
1753 917 2085 984 inhiantem,

2228 926 2372 987 πεῖν,
2408 922 2785 993 γενησομένην
2824 922 2975 994 αὑτῷ
3010 922 3113 994 μὲν
3153 922 3502 994 δηλητήριον,
3524 926 3593 992 τῇ
3614 922 3796 975 δυνᾶ-

461 996 472 1105 ί
504 1005 835 1105 provocaret
912 1000 1100 1056 carnis
1121 1003 1381 1105 scilicet,
1420 1020 1546 1074 qua:
1569 1006 1649 1060 illi
1678 1022 1956 1105 uenenum
1996 1007 2093 1105 fu-

507 1099 629 1144 tura
655 1100 797 1156 erat,
831 1092 1087 1157 obtentu,
1120 1094 1344 1150 deitatis
1369 1097 1428 1150 in
1460 1112 1529 1152 ea
1554 1099 1788 1154 occulta
1818 1099 2090 1169 potentia,

506 1181 691 1251 ipsum
743 1182 971 1252 penitus
999 1184 1301 1257 proﬂigatis
1338 1204 1353 1241 :
1397 1188 1654 1245 humana:
1702 1206 1841 1246 vero
1885 1198 2097 1247 natura:

509 1272 813 1329 remedium
843 1273 1007 1340 foret,
1030 1276 1100 1330 ad
1135 1277 1428 1347 pristinam
1459 1296 1581 1335 eam
1615 1281 1849 1352 gratiam
1884 1283 2098 1337 instau-

511 1380 663 1430 rans,
695 1365 925 1422 deitatis
964 1368 1162 1423 itidem
1206 1371 1264 1427 in
1302 1387 1367 1426 ea
1415 1374 1688 1442 potentia.
1728 1374 2103 1442 Quemadmo-

511 1457 644 1512 dum
694 1459 844 1513 enim
873 1460 987 1524 ille,
1020 1461 1202 1517 eﬂ'uso
1251 1464 1307 1518 in
1354 1464 1601 1521 scientia:
1637 1465 1847 1537 lignum
1881 1480 2099 1522 veneno

514 1563 637 1614 suo,
669 1561 921 1605 naturam
946 1562 1110 1622 gustu
1132 1565 1497 1625 corruperat;
1544 1557 1627 1611 sic
1664 1566 1722 1612 et
1756 1558 1877 1627 ipse
1909 1559 2101 1612 Domi-

2194 1031 2285 1086 μει
2324 1015 2426 1085 τῆς
2459 1016 2517 1067 ὲν
2553 1014 2691 1084 αὑτῇ
2722 1013 2979 1083 θεότητος
3021 1012 3305 1076 παντελῶς
3336 1013 3501 1067 αὑτὸν
3529 1012 3795 1081 διαφθεί-

2196 1121 2428 1178 ρουσαν’
2464 1108 2531 1177 τῇ
2572 1104 2629 1158 δὲ
2673 1105 2835 1175 φύσει
2877 1104 2987 1157 τῶν
3026 1103 3335 1176 ἀνθρώπων
3393 1105 3793 1176 ἀλεξητήριον,

2194 1198 2333 1271 πρὸς
2361 1198 2463 1269 τὴν
2502 1197 2562 1264 ἐξ
2591 1198 2769 1268 ἀρχῆς
2803 1198 2963 1269 χάριν
2991 1197 3222 1269 δυνάμει
3241 1197 3344 1268 τῆς
3373 1199 3434 1251 ὲν
3476 1199 3623 1268 αὐτῇ
3659 1198 3793 1273 θεό-

2194 1306 2359 1357 τητος
2392 1288 2862 1360 ἀνακαλουμένην.
2906 1289 2995 1353 Ὠς
3025 1289 3137 1362 γὰρ
3169 1290 3335 1354 αὐτὸς
3371 1290 3464 1344 τὸν
3494 1291 3573 1344 ἱὸν
3614 1291 3793 1345 αὑτοῦ

2194 1377 2299 1446 τῆς
2341 1376 2541 1440 κακίας
2569 1376 2648 1448 τῷ
2680 1366 2831 1448 ξύλῳ
2861 1377 2963 1447 τῆς
3001 1377 3257 1445 γνώσεως
3290 1379 3487 1449 ἐγχέας
3515 1379 3619 1449 τὴν
3648 1397 3793 1448 γευ-

2200 1468 2444 1540 σαμένην
2474 1468 2746 1539 διέφθειρε
2779 1468 2963 1539 φύσιν,
2992 1469 3134 1523 οὕτω
3184 1472 3280 1524 καὶ
3314 1470 3479 1535 αὐτὸς
3517 1473 3794 1543 ἐμφαγεῖν

2202 1557 2483 1630 βουληθεὶς
2518 1560 2615 1629 τῆς
2643 1560 2845 1631 σαρκὸς
2880 1559 2974 1613 τοῦ
3004 1561 3301 1627 Δεσπότου,
3324 1567 3389 1635 τῇ
3421 1564 3651 1635 δυνάμει
3689 1565 3795 1633 τῆς

516 1643 697 1696 nieam
736 1659 963 1699 carnem
1004 1646 1309 1700 vorandam
1354 1664 1697 1717 przesumens
1724 1690 1739 1713 ,
1782 1650 2008 1705 deitatis
2040 1650 2096 1705 in

2233 1668 2260 1701 ν
2284 1651 2423 1722 αὐτῇ
2449 1650 2701 1723 θεότητος
2727 1652 3011 1725 διεφθάρη.

515 1749 580 1789 ea
612 1734 840 1800 virtute,
872 1748 1175 1806 corruptus
1205 1738 1550 1809 interituque
1579 1742 1835 1798 sublatus
1867 1751 1971 1799 est.

591 1828 680 1883 12.
724 1830 979 1898 Magnum
1035 1830 1240 1886 divina:
1288 1832 1685 1889 incarnationis
1736 1838 2057 1907 mysterium
2086 1881 2103 1903 ,

508 1933 740 1989 semper
772 1921 1097 1991 mysterium
1128 1934 1359 1989 manet;
1414 1924 1576 1993 plane
1619 1924 1833 1980 scilicet
1887 1927 2111 1981 abstru-

520 2026 645 2066 sum
678 2027 692 2065 :
718 2028 829 2067 non
854 2028 921 2067 ea
958 2020 1173 2068 tantum
1200 2015 1438 2078 ratione,
1457 2016 1606 2085 quod
1628 2032 1754 2071 cum
1778 2032 1881 2087 pro
1910 2034 2107 2072 eorum

521 2103 615 2172 qui
649 2119 749 2173 per
777 2104 914 2159 illud
943 2105 1193 2160 salvandi
1227 2115 1379 2170 sunt,
1422 2106 1701 2162 facultatis
1733 2108 1957 2163 modulo
1985 2117 2111 2163 tan-

524 2193 697 2262 tisper
728 2194 970 2259 eluceat,
1028 2211 1097 2251 eo
1153 2198 1302 2267 quod
1351 2197 1501 2252 illius
1545 2200 1896 2269 explanatur,
1931 2201 2110 2271 majus

521 2284 658 2354 quid
687 2285 936 2341 nondum
977 2299 1336 2359 conspectum
1370 2289 1571 2357 habet;
1602 2306 1795 2345 verum
1834 2300 1891 2346 et
1930 2292 2111 2362 ipsum

524 2379 674 2447 quod
704 2378 901 2445 eluxit,
924 2380 1110 2435 adhuc
1142 2396 1371 2451 prorsus
1398 2383 1678 2438 occultum
1716 2389 1923 2447 manet,
1956 2384 2111 2439 nulla

529 2469 724 2539 utique
770 2472 1009 2537 ratione,
1044 2474 1213 2528 sicuti
1266 2474 1448 2543 ipsum
1484 2482 1589 2534 est.
1651 2474 1954 2544 cognitum.
1997 2473 2111 2528 Nec

529 2559 795 2639 cuiquam
836 2560 1042 2614 mirum
1094 2576 1160 2615 ac
1190 2561 1506 2615 inauditum
1555 2561 1841 2625 videatur,
1882 2561 1937 2615 id
1963 2561 2114 2630 quod

528 2648 756 2704 dicitur.
796 2649 941 2704 Deus
969 2650 1119 2704 enim
1145 2665 1274 2704 cum
1310 2651 1384 2705 sit
1444 2651 1934 2721 superessentialis
1954 2692 1968 2716 ,
1998 2666 2118 2705 om-

530 2756 773 2811 nemque
795 2742 1421 2812 superessentialitatem
1460 2743 1619 2813 longe
1647 2744 1901 2807 excedat,
1943 2756 2117 2812 spon~

531 2842 587 2888 te
648 2834 717 2888 ad
763 2836 1069 2890 essentiam
1124 2836 1361 2891 veniens
1385 2876 1402 2899 ,
1468 2837 1654 2890 altiori
1709 2850 1877 2906 supra
1929 2849 2121 2890 essen-

532 2923 664 2978 tiam
699 2923 893 2989 modo,
924 2925 1222 2980 essentiam
1268 2926 1452 2980 induit
1482 2943 1498 2979 :
1542 2926 1692 2981 unde
1744 2936 1802 2981 et
1830 2926 2119 2981 hominum

535 3031 701 3071 causa
756 3016 1139 3087 (humanitate
1200 3018 1416 3073 scilicet
1477 3017 1999 3091 propensisslmus)
2051 3031 2121 3072 ex

2279 1827 2365 1897 ιβ’.
2407 1827 2484 1882 Th
2530 1828 2674 1899 μέγα
2732 1829 2833 1900 τῆς
2876 1829 3028 1895 θείας
3074 1831 3541 1903 ὲνανθρωπήσεως
3584 1833 3799 1905 μυστή-

2212 1938 2348 1992 ριον,
2380 1922 2470 1974 ἀεὶ
2502 1922 2655 1992 μένει
2689 1924 2990 1996 μυστήριον
3010 1941 3025 1954 ι
3058 1925 3119 1978 οὑ
3154 1926 3317 1995 μόνον
3352 1926 3436 1980 ὄτι
3460 1928 3798 1998 συμμέτρως

2210 2013 2276 2083 τῇ
2303 2011 2532 2082 δυνάμει
2557 2013 2668 2065 τῶν
2700 2013 2795 2066 ὑπ’
2828 2013 2995 2067 αὑτοῦ
3027 2016 3352 2084 σωζομένων
3373 2017 3796 2085 ὲκφαινόμενον,

2210 2099 2325 2171 ἔχει
2358 2101 2543 2172 μεῖζον
2567 2101 2661 2155 τοῦ
2685 2102 3049 2172 ὲκφανθέντος
3069 2103 3131 2156 τὸ
3151 2105 3322 2175 μήπω
3344 2103 3653 2175 ὁρώμενον,
3678 2106 3798 2159 ἀλλ’

2210 2193 2293 2246 δτι
2314 2194 2406 2246 καὶ
2436 2194 2568 2247 αὑτὸ
2591 2194 2653 2247 τὸ
2687 2195 2876 2262 φανὲν,
2909 2194 2990 2247 ἔτι
3019 2195 3171 2265 μένει
3197 2197 3432 2266 πάμπαν
3455 2197 3801 2269 ἀπόκρυφον,

2215 2285 2393 2338 οὐδενὶ
2435 2285 2581 2355 λόγῳ
2628 2284 2813 2349 καθὼς
2865 2284 2983 2338 ἐστι
3016 2286 3445 2357 γινωσκόμενον.
3484 2287 3596 2341 Καὶ
3624 2288 3699 2358 μή
3720 2305 3806 2359 τῳ

2214 2375 2345 2448 δόξῃ
2377 2375 2679 2446 παράδοξον
2722 2375 2783 2427 τὸ
2819 2373 3139 2445 λεγόμενον.
3179 2374 3241 2428 Ὅ
3272 2373 3384 2446 γὰρ
3411 2373 3547 2438 Θεὸς
3565 2374 3807 2445 ὑπεροὺ-

2217 2485 2334 2530 sto;
2362 2467 2461 2531 ῶν,
2494 2467 2589 2520 καὶ
2637 2467 3097 2539 ὑπερουσιότητος
3147 2466 3369 2537 ἁπάσης
3426 2464 3808 2539 ὑπερανεστη-

2216 2560 2349 2624 κὼς,
2395 2562 2477 2622 εἰς
2515 2559 2705 2612 οὐσίαν
2754 2558 2930 2611 ἐλθεῖν
2969 2556 3271 2628 βουληθεὶς,
3327 2558 3670 2628 ὑπερουσίως
3708 2558 3811 2611 οὑ-

2221 2650 2412 2719 σιώθη.
2455 2650 2546 2701 Διὺ
2584 2649 2680 2703 καὶ
2731 2648 2875 2720 ὑπὲρ
2918 2642 3246 2718 ἀνθρώπων,
3277 2648 3353 2710 ὡς
3398 2647 3811 2720 φιλάνθρωπος,

2220 2741 2295 2792 ἐκ
2318 2739 2422 2809 τῆς
2471 2738 2777 2815 ἀνθρώπων
2822 2738 3011 2800 οὐσίας
3056 2737 3275 2809 ἀληθῶς
3317 2738 3602 2812 ἄνθρωπος
3647 2756 3816 2810 γεγο-

2221 2830 2347 2894 νὼς,
2390 2831 2484 2883 τὸν
2519 2828 2616 2883 τοῦ
2656 2830 2774 2894 πῶς
2815 2829 3104 2903 ἄνθρωπος
3153 2831 3343 2899 γέγονε
3390 2831 3613 2903 τρόπον,
3654 2831 3815 2901 μένει

2220 2922 2312 2976 διὰ
2340 2922 2540 2985 παντὸς
2569 2923 2707 2994 ἔχων
2729 2923 3098 2993 ἁνέκφαντον·
3128 2922 3267 2995 ὑπὲρ
3296 2922 3582 2993 ἄνθρωπον
3605 2922 3669 2993 (1³)
3698 2923 3817 2996 γὰρ

2224 3013 2454 3080 γέγονεν
2480 3013 2788 3084 ἄνθρωπος.

539 3107 822 3163 hominum
846 3110 1088 3164 essentia
1120 3126 1219 3164 seu
1247 3119 1443 3165 natura
1469 3126 1597 3167 vere
1622 3111 1802 3167 factus
1821 3111 2010 3173 homo,
2038 3105 2261 3161 modum
2278 3119 2389 3173 quo
2416 3104 2593 3161 factus
2621 3114 2727 3169 est,
2758 3105 3058 3160 obscurum
3082 3104 3243 3176 515
3264 3120 3505 3175 semper,
3538 3115 3597 3161 et
3625 3113 3685 3160 ut
3715 3121 3822 3160 ex-

539 3200 751 3271 planari
780 3216 888 3256 non
920 3200 1116 3269 possit,
1137 3211 1323 3255 servat
1344 3216 1409 3256 ac
1431 3201 1616 3256 habet.
1645 3202 1841 3257 Altiori
1863 3202 2091 3271 quippe,
2117 3209 2283 3266 quam
2300 3211 2399 3265 pro
2428 3196 2669 3250 hominis
2686 3196 2919 3259 ratione,
2946 3194 3118 3250 homo
3150 3197 3327 3251 factus
3342 3206 3445 3250 est.

612 3294 702 3350 13.
736 3293 1129 3363 Expendamus
1172 3293 1280 3349 [ide
1311 3294 1513 3348 comite
1544 3294 1749 3349 divinae
1788 3294 2126 3349 incarnatio-

2311 3295 2403 3357 ιγ’.
2440 3288 2817 3360 Σκοπήσωμεν
2852 3288 3064 3352 πιστῶς
3094 3288 3155 3341 τὸ
3188 3289 3488 3360 μυστήριον
3529 3287 3628 3359 τῆς
3660 3287 3822 3356 θείας

541 3386 633 3442 uis
651 3386 999 3457 mysterium,
1023 3402 1265 3456 eumque
1300 3387 1652 3441 solummodo
1689 3387 1902 3456 absque
1941 3387 2130 3440 curio-

543 3478 705 3533 sitate
717 3477 1008 3533 laudemus
1020 3493 1085 3532 ac
1108 3478 1494 3548 praedicemus,
1517 3479 1608 3532 cui
1633 3493 1907 3549 propensa
1922 3479 2133 3548 placuit

544 3571 832 3627 voluntate
877 3573 1059 3627 nostri
1089 3587 1256 3627 causa
1304 3574 1584 3627 hominem
1630 3572 1772 3628 ﬁeri.
1821 3572 1955 3640 Quis
1986 3563 2135 3629 enim

550 3671 700 3719 tanta
731 3663 787 3717 vi
822 3664 1096 3720 orationis
1147 3665 1541 3734 rationumque
1583 3664 1829 3735 pondere
1872 3665 2134 3729 conﬁdat,

549 3764 611 3811 ut
644 3756 820 3827 possit
839 3772 1104 3812 enarrare
1138 3798 1154 3822 ,
1199 3772 1310 3827 quo
1359 3756 1582 3811 tandem
1634 3757 1801 3812 modo
1833 3757 1933 3811 Dei
1969 3756 2137 3811 Verbi

549 3846 843 3916 conceptio
890 3846 1020 3913 ﬁat;
1065 3847 1345 3917 quomodo
1386 3855 1717 3918 procreetur
1763 3863 1893 3902 caro
1929 3848 2140 3917 absque

456 4002 465 4013 θ
554 3936 808 4005 semine;
846 3940 1127 4009 quomodo
1158 3941 1420 4011 nativitas
1485 3941 1639 3995 nulla
1676 3940 1907 3995 exsistat
1944 3957 2141 3996 eorru—

556 4030 759 4100 ptionis
789 4031 942 4094 labe;
966 4032 1249 4101 quomodo
1280 4042 1459 4087 mater
1480 4077 1493 4099 ,
1536 4049 1659 4103 qua:
1684 4042 1737 4090 el
1766 4044 1892 4104 post
1923 4046 2141 4104 partum

554 4125 713 4197 virgo
752 4137 1075 4196 perseverat
1110 4144 1124 4180 :
1156 4127 1435 4197 quomodo
1486 4129 1582 4199 qui
1612 4129 1763 4183 omni
1798 4129 1973 4200 major
2015 4144 2135 4199 per-

555 4217 794 4274 fectione
824 4227 931 4285 est,
957 4218 1282 4290 proﬁciebat
1310 4230 1472 4277 aztate
1489 4237 1554 4276 ac
1582 4221 1836 4293 corporis
1866 4229 2078 4277 statura
2097 4219 2141 4289 ις

556 4310 836 4379 quomodo
850 4310 1128 4382 quipurus
1144 4322 1251 4378 est,
1271 4328 1411 4383 aqua
1430 4312 1835 4385 intiugehatur;
1856 4312 2142 4384 quomodo

560 4402 679 4471 ipse
701 4403 958 4458 esuriens
973 4444 988 4468 ,
1025 4404 1339 4471 nutriebat;
1364 4406 1642 4475 quomodo
1664 4406 1865 4470 fessus,
1882 4406 2145 4461 virtutem

561 4492 904 4557 conferebat;
931 4493 1212 4563 quomodo
1234 4509 1379 4565 aegre
1401 4493 1613 4549 habens
1642 4494 1943 4550 sanitatum
1963 4509 2145 4550 reme—

2234 3376 2725 3451 ἑνανθρωπῆσεως,
2774 3379 2869 3431 καὶ
2916 3377 3079 3449 μόνον
3117 3376 3435 3446 δοξάσωμεν
3466 3376 3824 3446 ἀπεριέργως

2233 3473 2327 3525 τὸν
2370 3469 2531 3523 τοῦτο
2585 3468 2843 3538 γενέσθαι
2885 3469 3126 3540 δι’ήμᾶς
3170 3468 3559 3540 εὑδοκήσαντα.
3590 3468 3686 3531 Τίς
3709 3468 3827 3540 γὰρ

2236 3561 2467 3632 δυνάμει
2500 3561 2722 3634 θαρρῶν
2755 3561 2980 3632 λογικῆς
3007 3560 3360 3627 ἀποδείξεως,
3391 3559 3626 3627 ἐξειπεῖν
3660 3561 3829 3614 δόνα-

2236 3673 2349 3721 ται,
2379 3654 2496 3717 πῶς
2523 3654 2660 3707 Θεοῦ
2687 3654 2862 3722 Λόγου
2889 3654 3100 3722 γίνεται
3135 3653 3398 3723 σύλληψις
3417 3669 3432 3683 ·
3464 3652 3582 3716 πῶς
3606 3651 3829 3720 γένεσις

2239 3748 2443 3820 σαρκὸς
2475 3748 2605 3801 ἄνευ
2651 3746 2896 3817 σπορᾶς⁸
2930 3743 3049 3809 πῶς
3096 3744 3351 3815 γέννησις
3397 3743 3527 3796 ἄνευ
3583 3742 3826 3812 φθορᾶς’

2239 3839 2357 3902 πῶς
2384 3838 2588 3912 μήτηρ,
2618 3838 2651 3908 η
2684 3835 2781 3889 καὶ
2812 3834 2950 3906 μετὰ
2982 3833 3142 3888 τόκον
3176 3832 3501 3904 διαμείνασα
3529 3832 3826 3903 παρθένοςο

2241 3931 2359 3997 πῶς
2403 3932 2433 3984 ὁ
2478 3928 2802 3999 ὑπερτελὴς,
2850 3927 2976 3981 καθ’
3017 3926 3237 3998 ἡλικίαν
3285 3923 3625 3997 προέκοπτε·
3651 3921 3772 3985 πῶς
3799 3925 3830 3976 ὀ

2245 4023 2506 4095 καθαρὸς,
2564 4021 2930 4085 ἐϐαπτίζετω
2977 4018 3094 4082 πῶς
3153 4018 3457 4090 διέτρεφεν,
3495 4018 3524 4070 ό
3583 4013 3828 4068 πεινῶν

2243 4119 2362 4181 πῶς
2392 4120 2420 4172 ὁ
2457 4115 2689 4181 κοπιῶν,
2722 4114 3011 4185 ἐχαρίζετο
3044 4108 3274 4180 δύναμιν
3294 4127 3309 4139 ·
3348 4107 3466 4172 πῶς
3501 4109 3530 4161 ὁ
3570 4102 3868 4185 πάσχων,ξ

2245 4211 2419 4265 ἐδίδου
2454 4209 2660 4279 ἰάματα
2680 4223 2695 4238 ο
2734 4205 2853 4269 πῶς
2886 4205 2916 4257 ὁ
2949 4203 3223 4274 θνήσκων,
3257 4199 3545 4266 ὲζωοποίει
3576 4218 3588 4231 ·
3619 4196 3716 4251 καὶ
3740 4196 3870 4250 ῖναῖ

2243 4303 2306 4356 τδ
2336 4300 2555 4373 πρῶτον
2588 4297 2903 4352 τελευταῖον
2925 4297 3085 4359 εἴπω,
3123 4293 3240 4356 πῶς
3263 4292 3396 4356 Θεὸς
3425 4290 3718 4362 ἄνθρωπος
3747 4289 3838 4358 γί-

2245 4410 2425 4450 νεται·
2461 4393 2556 4447 καὶ
2594 4391 2655 4445 τὸ
2685 4390 2749 4461 δὴ
2781 4388 2944 4441 πλέον
2990 4385 3556 4460 μυστηριωδέστερον,
3587 4382 3708 4446 πιῖις
3738 4383 3837 4437 οὖ-

2248 4485 2456 4549 σιωδῶς
2482 4485 2542 4536 ὲν
2570 4481 2736 4553 σαρκὶ
2762 4478 2884 4533 καθ’
2909 4477 3209 4532 ὑπόστασιν
3239 4476 3268 4528 ό
3294 4474 3489 4543 Λόγος,
3523 4474 3553 4526 ὑ
3579 4472 3705 4526 κατ’
3736 4472 3837 4527 οὑ-

562 4584 652 4639 dia
684 4586 1004 4656 prmbebat;
1036 4564 1316 4656 quomodo
1341 4586 1944 4643 moriensviviﬁcahat?
1966 4585 2126 4657 Atqui

2251 4579 2377 4633 σίαν
2404 4573 2777 4636 ὑποστατικῶς
2812 4570 2935 4634 ὅλος
2966 4569 3229 4639 ὑπάρχων
3267 4568 3324 4620 ἐν
3352 4564 3434 4657 τῶ
3463 4564 3675 4657 [la-cpi;

563 4684 623 4731 ut
644 4646 883 4746 primum
900 4646 1181 4747 postremo
1201 4677 1324 4732 loco
1343 4677 1791 4747 dicam,quonam
1814 4674 1980 4732 modo
2000 4646 2126 4731 Deu:

2252 4669 2281 4723 ὁ
2303 4667 2488 4730 αὐτὸς,
2530 4664 2629 4718 καὶ
2667 4662 2789 4726 ὅλος
2835 4661 2954 4714 ἐστὶ
2996 4658 3131 4721 Θεὸς
3178 4656 3323 4711 κατᾶ
3367 4655 3551 4725 φύσιν,
3590 4654 3690 4707 καὶ
3716 4655 3839 4718 ὅλος

567 4767 625 4821 ﬁt
650 4768 851 4833 homo;
878 4782 942 4821 ac
974 4765 1144 4837 (quod
1173 4766 1336 4838 longe
1365 4767 1675 4823 abstrusius
1709 4766 1813 4838 est)
1848 4781 1959 4836 quo
1984 4766 2149 4837 plane

567 4859 732 4915 modo
756 4859 999 4916 Verbum
1048 4860 1104 4914 in
1151 4875 1337 4925 carne,
1385 4876 1621 4932 persona
1679 4875 1778 4915 sua
1833 4859 2148 4914 essentiali-

573 4958 657 5003 ter
697 4958 801 5016 est,
835 4950 983 5021 quod
1016 4950 1392 5006 essentialiter
1442 4950 1634 5006 eadem
1688 4964 1928 5020 persona
1971 4958 2148 5004 totum

571 5042 760 5113 utique
783 5043 1000 5100 exsistit
1022 5043 1168 5113 apud
1189 5043 1405 5098 Patrem
1430 5042 1455 5096 ?
1492 5041 1781 5109 Quomodo
1815 5040 1961 5096 idem
1981 5084 1995 5105 ,
2031 5051 2148 5096 tum

573 5144 748 5191 totum
795 5136 940 5191 Deus
983 5146 1183 5191 natura
1226 5145 1331 5201 est,
1391 5142 1680 5205 totumque
1728 5140 1927 5188 natura
1979 5133 2146 5189 homo

2254 4759 2446 4830 γέγονε
2496 4753 2639 4810 κατὰ
2683 4752 2847 4823 φύσιν
2886 4750 3197 4822 ἄνθρωπος,
3230 4748 3505 4820 μηδεμίαν
3536 4746 3700 4816 φύσιν
3737 4748 3839 4819 ηρ-

2254 4852 2491 4924 νημὲνυς
2518 4848 2859 4910 παντάπασι,
2887 4844 3026 4915 μήτε
3066 4840 3167 4911 τὴν
3206 4840 3381 4905 θείαν,
3408 4839 3533 4893 καθ’
3558 4839 3626 4910 ἣν
3655 4838 3840 4909 ὑπάρο

2254 4963 2339 5018 χει
2364 4942 2517 5005 Θεὸς,
2554 4941 2692 5010 μήτε
2736 4936 2836 5008 τὴν
2865 4934 3167 5007 ἡμετέραν,
3205 4932 3330 4986 καθ’
3374 4934 3441 5003 ἢν
3478 4932 3708 5001 γέγονεν
3749 4931 3842 4984 ἄν.

2256 5037 2475 5108 θρωπος
2497 5049 2512 5099 ;
2535 5030 2725 5085 Ταῦτα
2753 5024 2933 5089 πίστις
2967 5024 3102 5096 μόνη
3120 5023 3373 5093 χωρεῖτὰ
3399 5023 3701 5092 μυστήρια,
3729 5021 3841 5075 τῶν

2254 5128 2397 5201 ὑπὲρ
2411 5125 2536 5179 νοῦν
2548 5124 2640 5177 καὶ
2653 5122 2809 5190 λόγον
2827 5117 3153 5187 ὑπάρχουσα
3167 5116 3509 5186 πραγμάτων
3521 5115 3840 5180 ὑπόστασις.

572 5232 776 5288 factum
797 5243 916 5301 est;
940 5242 1136 5289 neutra
1170 5248 1398 5306 prorsus
1441 5231 1753 5289 desiderata
1764 5240 1961 5286 natura
1977 5270 1993 5295 ,
2040 5245 2223 5302 neque
2256 5226 2466 5289 divina,
2505 5235 2614 5292 qua
2638 5219 2786 5274 Deus
2812 5222 2919 5281 εει»
2944 5228 3126 5283 neque
3149 5228 3282 5268 νθῒο
3305 5220 3517 5278 nostra,
3543 5228 3653 5282 qua
3674 5211 3845 5269 homo

644 5367 666 5399 ⁸
693 5367 829 5424 Luc.
862 5384 921 5434 ιι,
950 5368 1040 5424 5'2.

652 5478 735 5569 (0,
772 5480 1339 5569 Ὑπεέρβλνθρωπωξ
1364 5480 1535 5569 Rm}?!
1570 5482 1897 5569 9390.999?
1922 5482 2158 5569 195‘???

579 5550 763 5615 Picus,
792 5552 931 5621 ὑπὲρ
958 5550 1281 5622 ἀνθρώπων,
1308 5550 1624 5606 fallentibus
1643 5552 1818 5606 oculis
1835 5567 1897 5606 ac
1921 5566 2158 5622 praacur-

581 5629 745 5691 rente;
761 5623 990 5685 calamo,
1026 5623 1114 5677 hic
1142 5623 1276 5691 legit
1303 5638 1367 5677 ac
1406 5622 1666 5687 reddidit,
1702 5639 1796 5691 pro
1827 5621 2156 5685 hominibus;

580 5690 683 5744 etsi
714 5689 866 5749 illius
893 5693 1080 5749 Graeca
1118 5689 1349 5764 perinde
1384 5692 1624 5748 habeant
1666 5689 1808 5762 ὑπὲρ
1843 5691 2153 5763 ἄνθρωπον,

2260 5493 2427 5547 supra
2459 5473 2725 5547 hominem
2759 5490 2777 5525 :
2799 5467 2947 5539 quod
2962 5482 3137 5547 unum
3188 5473 3377 5535 aptum
3409 5472 3513 5519 est.
3566 5462 3663 5517 Est
3693 5460 3843 5547 enim

2266 5540 2406 5602 ratio
2425 5560 2527 5600 cur
2554 5544 2803 5613 ignotum
2830 5550 2887 5594 et
2926 5540 3241 5613 abstrusum
3265 5549 3596 5613 semperque
3637 5542 3848 5613 ιηχςιετ

2267 5597 2411 5672 rium
2434 5597 2842 5671 incarnationis
2874 5607 3232 5680 mysterium,
3258 5597 3406 5731 Ἧιοᾶ
3434 5597 3648 5683 scilicet
3670 5597 3849 5657 divini

2267 5686 2593 5731 anim-imum
2627 5681 2842 5731 Ordinis
2871 5690 2975 5731 est.
3008 5693 3120 5731 non
3145 5692 3245 5731 nro
3319 5691 3517 5731 umana
3551 5683 3788 5728 ratione.

2265 5686 2593 5756 altiorisque
2627 5681 2842 5739 Ordinis
2871 5690 2975 5748 est,
3008 5693 3120 5733 non
3144 5692 3245 5748 pro
3275 5681 3517 5731 humana
3551 5681 3788 5728 ratione.
