4094 6204
364 230 507 300 1185

1069 238 1402 300 CAPITUM
1438 237 1859 310 QUINQUIES
1892 238 2409 299 CENTENORUM
2443 238 2830 299 CENTURIA
2870 240 2922 299 Ι.

3492 244 3628 309 1186

360 348 569 405 factum
592 357 679 405 est
704 349 727 403 ?
752 348 876 404 llaec
910 349 1025 404 sola
1062 350 1199 405 fides
1237 350 1383 420 capit
1418 351 1827 422 mysteriaJpsa
1852 350 2111 404 nimirum
2150 349 2523 406 substnatiaet
2558 349 2711 406 basis
2755 366 2950 406 earum
3000 366 3212 419 rerum,
3244 369 3369 424 quae
3404 357 3627 413 omnem

364 440 566 494 mentis
590 456 810 495 sensum
837 449 893 494 et
920 442 1186 496 rationem
1210 442 1484 496 excedunt
1510 444 1554 496 ⁵.

437 531 521 585 ιδ’.
573 532 631 585 't)
673 533 845 601 ’Λδὰμ
885 533 1267 602 παρακούσας,
1317 534 1376 599 ἐξ
1429 534 1624 603 ἡδονῆς
1675 533 1941 603 ἄρχεσθαι
1974 548 2016 601 Α

361 621 462 692 τὴν
500 622 601 688 τῆς
640 622 857 691 φύσεως
892 623 1096 688 ἐδίδαξε
1132 624 1381 691 γένεσινο
1427 626 1455 676 ὁ
1505 625 1708 694 Κύριος
1742 625 1944 694 ταύτην

363 713 646 777 ὲξοικίζων
676 714 776 783 τῆς
807 717 1047 781 φύσεως,
1078 715 1176 785 τὴν
1200 717 1263 767 ἐκ
1298 718 1505 784 σπορᾶς
1530 718 1591 768 οὐ
1626 716 1945 785 προσήκατο

367 805 649 874 σύλληψιν.
684 806 750 858 Ἦ
780 806 918 877 γυνὴ
941 808 1241 876 παραϐᾶσα
1264 808 1363 878 τὴν
1384 808 1624 876 ἐντολὴν.
1661 809 1717 872 ἐξ
1751 808 1944 877 ὀδύνης

365 896 630 966 ἄρχεσθαι
659 897 759 966 τὴν
787 898 887 966 τῆς
915 898 1131 965 φύσεως
1166 896 1442 962 κατέδειξε
1470 898 1746 968 γέννησινο
1774 899 1803 949 ὁ
1832 897 1945 949 Κύ-

368 1004 483 1058 ριος
520 987 725 1059 ταύτην
771 989 1158 1042 ἀποτινάσσων
1200 991 1300 1060 τῆς
1349 989 1587 1057 φύσεως,
1635 988 1942 1059 γεννηθεὶς,

367 1078 575 1149 φθοράν
609 1080 902 1149 ὑπομεῖναι
925 1081 1024 1152 τὴν
1042 1081 1307 1134 τεκοῦσαν
1330 1083 1388 1134 οὐ
1432 1081 1815 1152 συνεχώρησεν
1838 1099 1851 1113 ο
1878 1082 1944 1134 ἶν’

366 1170 501 1239 ὁμοῦ
545 1173 645 1241 τήν
678 1188 738 1224 τε
792 1172 1040 1225 ἑκούσιον
1088 1172 1300 1243 ἡδονὴν,
1352 1173 1446 1226 καὶ
1508 1175 1608 1241 τὴν
1652 1174 1721 1226 δι’
1774 1174 1946 1242 αὐτὴν

366 1261 623 1315 ἀκούσιον
656 1261 872 1332 ὀδύνην,
915 1262 1071 1333 ἐξέλῃ
1116 1263 1215 1331 τῆς
1257 1263 1493 1333 φύσεως.
1521 1258 1597 1315 ὧν
1624 1265 1724 1317 οὐκ
1755 1259 1824 1334 ἦν
1852 1265 1945 1334 δη-

370 1352 654 1424 μιουργὸς,
698 1354 993 1425 ἀναιρέτης
1034 1355 1359 1424 γενόμενος·
1410 1355 1503 1407 καὶ
1533 1355 1718 1426 διδάξῃ
1756 1372 1947 1424 μυστι-

366 1444 481 1509 κῶς
517 1444 659 1497 κατὰ
686 1442 935 1513 γνώμην,
963 1443 1127 1508 ἄλλης
1161 1444 1509 1515 ἀπάρχεσθαι
1534 1444 1702 1513 ζωῆς,
1723 1444 1799 1509 ,ἐξ
1826 1444 1947 1497 ὀδύ-

367 1554 466 1606 νης
510 1537 610 1607 μὲν
654 1536 813 1605 τυχὸν
855 1536 1166 1607 ἀρχομένης
1202 1538 1295 1589 καὶ
1344 1538 1543 1601 πόνων,
1575 1536 1852 1606 ληγούσης
1891 1536 1947 1590 δὲ

370 1626 588 1688 πάντως
620 1625 699 1688 εἰς
730 1624 921 1695 ἡδονὴν
945 1625 1096 1678 θείαν
1123 1626 1217 1679 καὶ
1245 1626 1584 1697 εὐφροσύνην
1618 1627 1946 1696 ἀπέραντον.

368 1717 471 1771 Διὰ
542 1715 701 1770 τοῦτο
757 1717 965 1785 γίνεται
1034 1717 1345 1789 ἄνθρωπος,
1394 1719 1487 1771 καὶ
1558 1720 1813 1786 γεννᾶται
1876 1716 1950 1780 ὡς

369 1808 675 1880 ἄνθρωπος,
715 1810 744 1861 ὁ
786 1810 1017 1879 ποιήσας
1050 1810 1142 1863 τὸν
1198 1810 1505 1882 ἄνθρωπον,
1557 1811 1643 1863 ἵνα
1679 1809 1829 1881 σώσῃ
1858 1810 1949 1863 τὸν

369 1902 679 1973 ἄνθρωπον,
712 1902 805 1955 καὶ
840 1902 987 1973 πάθη
1016 1903 1248 1956 πάθεσιν
1297 1904 1611 1973 ἰασάμενος.
1648 1903 1820 1965 πάθος
1854 1903 1955 1955 αὺο

2118 533 2206 586 Μ.
2242 532 2484 588 Adamus
2503 536 2763 604 praecepti
2799 535 2985 591 violati
3021 552 3166 601 reus,
3206 546 3419 593 natura:
3445 550 3630 598 ortum

2050 639 2117 678 ex
2146 624 2423 694 voluptate
2452 641 2517 678 ac
2557 626 2789 680 libidine
2822 628 3219 696 auspicandum
3243 630 3449 684 docuit.
3480 630 3632 687 Hanc

2051 716 2318 770 Dominus
2352 734 2381 771 a
2417 726 2615 771 natura
2660 719 2994 783 eliminans,
3045 730 3373 790 conceptum
3418 724 3510 791 qui
3562 739 3630 779 ex

2052 810 2262 865 semine
2289 821 2375 865 est
2408 827 2514 864 non
2552 812 2797 866 admisit.
2830 813 3028 867 Mulier
3054 823 3109 867 et
3151 814 3267 882 ipsa
3309 817 3627 884 przevarica-

2054 902 2221 957 tionis
2248 919 2362 965 rea,
2394 919 2422 957 a
2452 904 2641 957 dolore
2677 904 3001 958 initiandam
3030 916 3238 960 natura:
3286 910 3629 964 nativitatem

2052 993 2313 1047 ostendit.
2346 995 2501 1049 llune
2550 996 2815 1049 Dominus
2850 1012 2879 1050 a
2913 1006 3131 1059 natura,
3183 999 3299 1065 ipse
3356 1001 3633 1054 nascendo

2052 1085 2360 1147 excutiens,
2378 1100 2711 1154 puerperam
2732 1097 2960 1141 matrem
2980 1089 3322 1157 corruptioni
3338 1090 3630 1145 obnoxiam

2053 1173 2170 1227 fore
2201 1190 2309 1228 non
2348 1176 2598 1244 permisit
2628 1193 2642 1240 ;
2704 1185 2763 1230 ut
2806 1177 2968 1231 simul
2996 1186 3111 1230 tum
3144 1186 3499 1247 spontaneam
3532 1196 3632 1233 vo-

2053 1268 2321 1337 luptatem
2349 1284 2413 1323 ac
2443 1269 2757 1333 libidinem,
2807 1278 2921 1324 tum
2950 1272 3069 1341 ejus
3106 1286 3271 1326 causa
3318 1273 3630 1328 invo‘lunta—

2055 1359 2198 1412 rium
2226 1360 2500 1415 invectum
2528 1360 2773 1415 dolorem
2823 1377 2853 1415 e
2880 1370 3079 1416 natura
3134 1362 3381 1418 auferret
3415 1365 3633 1434 (nempe

2053 1464 2291 1518 quorum
2326 1467 2437 1504 non
2467 1450 2648 1504 fuerat
2670 1451 2944 1513 conditor,
2982 1452 3098 1507 hzec
3130 1453 3377 1521 proclive
3421 1455 3632 1523 deletis)

2058 1542 2400 1611 mysticeque
2447 1543 2648 1596 mentis
2695 1543 2982 1612 proposito
3030 1558 3093 1597 ac
3146 1545 3427 1613 voluptate
3472 1547 3634 1599 aliam

2057 1631 2290 1686 doceret
2345 1633 2739 1701 auspicandam
2790 1634 2980 1697 vitam,
3027 1636 3183 1704 cujus
3225 1637 3449 1704 quidem
3492 1638 3635 1691 forte

2056 1737 2086 1775 a
2124 1722 2319 1776 dolore
2351 1730 2407 1775 et
2429 1722 2714 1775 laboribus
2739 1722 2991 1777 ducenda
3024 1724 3268 1787 exordia,
3299 1742 3420 1795 qua:
3452 1735 3635 1781 tamen

2058 1814 2285 1867 omnino
2316 1812 2371 1865 in
2399 1813 2644 1866 divinam
2689 1814 3027 1881 voluptatem
3060 1815 3637 1887 interminabilemquc

2056 1901 2300 1955 laetitiam
2325 1901 2626 1956 desineret.
2650 1900 2837 1970 515°
2862 1902 3073 1957 Idcirco
3103 1903 3163 1957 ﬁt
3183 1905 3368 1969 homo,
3402 1916 3564 1976 atque
3579 1916 3640 1960 ut

368 1963 759 2064 ’ὡς’ὺπάρχων
785 1963 1077 2066 ἀποδειχθῇ
1106 1995 1214 2048 τῶν
1231 1963 1519 2066 ἡμετέρων
1547 1963 1755 2057 παθῶν,
1783 1963 1953 2064 ύπερ-

2063 1993 2231 2047 homo
2252 1992 2537 2057 nascitur,
2574 1993 2669 2062 qui
2708 1992 3037 2047 condiderat
3090 1994 3392 2061 hominem,
3454 2008 3513 2051 ut
3540 1999 3639 2053 ho-

371 2084 523 2153 φυῶς
559 2089 679 2147 ταῖς
708 2086 903 2139 ἑαυτοῦ
940 2088 1079 2139 κατὰ
1113 2087 1294 2155 σάρκα
1330 2088 1643 2156 στερήσεσι.
1669 2087 1768 2147 τὰς
1797 2086 1953 2156 ⁴ἡμῶν

370 2174 774 2246 φιλανθρώπως
800 2176 942 2229 κατὰ
970 2176 1185 2246 πνεῦμα
1216 2176 1355 2242 ἕξεις
1381 2176 1798 2247 ἀνανεούμενος.

2060 2082 2197 2137 mini
2245 2083 2478 2137 salutem
2523 2084 2841 2149 conferret;
2907 2087 3375 2157 aegritudinesque
3415 2090 3639 2160 aegritu-

2062 2175 2285 2228 dinibus
2314 2189 2547 2239 sanans;
2596 2175 2870 2244 aegritudo
2902 2177 3019 2245 ipse
3052 2193 3116 2231 ac
3173 2180 3435 2233 interitus
3477 2182 3637 2251 aegri-

376 2267 627 2321 tudinum
668 2277 983 2320 nostrarum
1007 2269 1272 2331 eniteret;
1302 2268 1503 2322 eximia
1527 2268 1764 2337 quadam
1806 2266 2019 2322 ratione
2060 2268 2176 2322 suis
2216 2266 2524 2322 secundum
2559 2282 2779 2320 carnem
2816 2267 3242 2335 privationibus,
3282 2279 3502 2326 nostros
3540 2272 3638 2327 be-

373 2361 538 2432 nigne
568 2360 871 2416 secundum
903 2362 1158 2430 spiritum
1187 2363 1412 2417 habitus
1444 2362 1778 2418 instaurans.

448 2458 529 2506 ιε’.
582 2453 640 2506 '0
675 2452 755 2521 τῷ
800 2452 929 2523 θείῳ
977 2453 1126 2507 πόοω
1160 2456 1392 2523 νικήσας
1415 2456 1514 2525 τὴν
1545 2456 1682 2526 πρὸς
1712 2457 1772 2509 τὸ
1794 2457 1954 2526 σῶμα

376 2542 475 2612 τῆς
501 2542 682 2612 ψυχῆς
707 2542 976 2607 διάθεσινν
1001 2542 1379 2613 ἀπερίγραφος
1417 2545 1628 2611 γέγονε,
1669 2546 1771 2599 κᾶν
1805 2546 1953 2598 ἐστιν

378 2635 436 2687 ἔν
471 2634 705 2705 σώματι.
742 2633 799 2686 Ὀ
836 2634 945 2703 γὰρ
984 2634 1158 2686 ἕλκων
1200 2635 1296 2705 τὴν
1319 2635 1412 2687 τοῦ
1444 2635 1735 2698 ποθοῦντος
1768 2635 1953 2705 ἔφεσιν

378 2725 530 2789 Θεδς,
583 2727 799 2779 πάντων
855 2724 1203 2795 άπυγκρέτως
1253 2727 1402 2779 ἐστὶν
1450 2726 1803 2797 ὑψηλότερος,
1852 2728 1952 2782 οὐκ

378 2818 482 2872 ἰῶν
517 2818 609 2872 τὸν
652 2817 924 2872 ποθοῦντα
965 2818 1071 2869 τινὶ
1114 2817 1221 2870 τῶν
1252 2820 1390 2887 μετὰ
1427 2819 1560 2872 Θεὸν
1598 2820 1951 2889 προσηλῶσαι

376 2909 477 2980 τὴν
505 2910 711 2978 ἔφεσιν.
740 2909 1075 2977 Ποθήσωμεν
1098 2903 1297 2961 οὖντὸν
1325 2909 1458 2962 Θεὸν
1488 2909 1610 2963 καθ’
1637 2911 1766 2979 ὃλην
1795 2909 1953 2980 ἡμῶν

378 3001 478 3070 τὴν
510 3003 610 3069 τῆς
653 3000 865 3067 φύσεως
898 2999 1151 3068 δύναμιν,
1185 3000 1282 3051 καὶ
1309 3002 1443 3053 πᾶσι
1480 3003 1594 3064 τοῖς
1622 3002 1955 3069 σωματικοῖς

378 3092 478 3163 τὴν
501 3092 819 3163 προαίρεσιν
853 3093 1162 3162 ἀκράτητον
1192 3091 1571 3162 ποιησώμεθα,
1609 3092 1701 3145 καὶ
1735 3092 1954 3144 πάντων

2134 2455 2221 2508 l5.
2257 2453 2360 2519 Qui
2388 2452 2579 2507 divino
2603 2466 2791 2506 amore
2829 2466 2891 2505 ac
2921 2450 3235 2516 desiderio,
3288 2452 3458 2507 animi
3508 2469 3638 2525 erga

2062 2560 2265 2613 corpus
2288 2545 2440 2613 justo
2463 2542 2812 2613 proclivioris
2846 2542 3076 2596 affectus
3129 2558 3355 2611 compos
3402 2545 3635 2609 exstitit,

2058 2638 2162 2692 etsi
2197 2638 2252 2690 in
2285 2652 2518 2705 corpore
2553 2646 2821 2694 versatur.
2858 2634 3412 2705 ineircumpscriptus
3438 2637 3635 2693 evasit.

2059 2729 2206 2783 Deus
2225 2727 2374 2781 enim
2405 2727 2498 2797 qui
2525 2727 2760 2781 amantis
2791 2742 2855 2779 ac
2881 2725 3247 2779 desiderantis
3278 2727 3637 2795 cupiditatem

2060 2819 2250 2878 trahit,
2291 2818 2430 2873 citra
2462 2832 2682 2871 omnem
2706 2816 3176 2885 comparationem
3206 2816 3424 2870 cunctis
3476 2833 3636 2886 supe-
3694 2844 3695 2847 η

2061 2910 2175 2963 rior
2199 2918 2305 2971 cst,
2335 2922 2437 2962 nec
2466 2917 2741 2961 amantem
2773 2922 2836 2960 ae
2867 2906 3297 2969 desiderantem,
3324 2907 3418 2960 ulli
3442 2923 3635 2962 eorum

2060 3015 2184 3069 qua:
2210 3014 2241 3053 a
2278 2999 2389 3052 Deo
2420 2997 2664 3051 secunda
2692 3006 2839 3061 sunt,
2860 2996 3060 3050 affectu
3090 2997 3451 3052 inluereseere
3481 2998 3634 3053 sinit.

2064 3092 2235 3145 Deum
2270 3090 2439 3161 igitur
2465 3105 2713 3143 amemus
2752 3104 2815 3143 ac
2848 3088 3228 3143 desideremus
3261 3090 3391 3143 totis
3427 3099 3637 3144 natura:

378 3183 490 3237 τῶν
528 3182 697 3235 ὄντων
734 3183 1007 3252 αἰσθητῶν
1058 3200 1120 3235 τε
1167 3184 1262 3237 καὶ
1314 3183 1521 3253 νοητῶν
1584 3184 1840 3253 ὑπεράνω
1891 3186 1953 3255 τῇ

2064 3181 2313 3244 viribus,
2365 3180 2643 3249 nullisque
2689 3179 2935 3233 animum
2984 3180 3272 3248 corporeis
3320 3180 3634 3233 devinctum

379 3274 623 3329 διαθέσει
671 3274 985 3343 γενώμεθα,
1043 3274 1138 3328 καὶ
1184 3275 1336 3328 οὐδὲν
1393 3275 1535 3328 κατὰ
1586 3274 1685 3345 τὴν
1730 3274 1958 3345 γνώμην

385 3369 521 3440 πρὸς
559 3369 621 3421 τὸ
668 3371 904 3426 συνεῖναι
936 3367 1054 3438 Θεῷ
1082 3366 1161 3437 τῷ
1207 3366 1350 3419 κατὰ
1380 3363 1542 3436 φύσιν
1569 3366 1967 3437 τὶπεριγρὸιφῳι

383 3459 661 3545 παντελῶς
696 3460 802 3513 ὑπὸ
847 3460 947 3528 τῆς
986 3458 1221 3527 φυσικῆς
1278 3458 1624 3527 περιγραφῆς
1680 3455 1959 3527 ζημιωθη-

386 3552 629 3623 σώμεοα.

456 3735 555 3795 ις’.
611 3726 787 3798 Ἀγών
818 3729 933 3781 ἐστι
977 3727 1174 3797 φθόνου
1211 3727 1305 3782 καὶ
1333 3724 1557 3797 ἀρετῆς,
1583 3727 1616 3795 ὴ
1648 3724 1758 3779 τῶν
1788 3724 1959 3793 ἁγίων

381 3822 688 3877 δυσπάθεια
739 3822 853 3893 (ω’
906 3821 1001 3890 τοῦ
1059 3822 1181 3889 μὲν,
1235 3821 1385 3882 ὅπως
1422 3820 1673 3890 κρατήσῃ
1723 3817 1960 3887 φιλονει-

384 3914 608 3976 κοῦντος
633 3930 646 3945 ·
684 3914 784 3983 τῆς
833 3913 913 3975 δὲ,
963 3914 1111 3975 ὅπως
1160 3912 1429 3981 ἀήττητος
1465 3909 1738 3982 διαμείνῃ,
1780 3909 1959 3962 πάντα

386 4004 656 4074 φερούσης
674 4021 687 4035 ⁸
726 4004 820 4058 καὶ
838 4003 933 4056 τοῦ
964 4003 1084 4073 μὲν,
1112 4003 1260 4062 ὅπως
1287 4000 1526 4074 εὐοδῶσῃ
1562 4001 1729 4053 κακία
1759 4002 1959 4069 ἀγωνι-

384 4096 638 4167 ζομένου,
684 4096 773 4148 διὰ
814 4096 910 4164 τῆς
937 4094 1045 4147 τῶν
1076 4091 1488 4164 κατορθούντων
1522 4091 1827 4155 κολάσεως’
1857 4091 1959 4161 τῆς

384 4190 460 4253 δὲ,
504 4190 655 4249 ὅπως
702 4188 950 4257 κατάσχῃ
982 4186 1111 4249 τοὺς
1157 4184 1399 4253 ἀγαθοὺς
1450 4185 1551 4237 κάν
1595 4187 1717 4247 ταῖς
1750 4202 1961 4255 συμφο-

388 4284 507 4350 ραῖς
527 4280 587 4332 τὸ
622 4278 783 4331 πλέον
820 4278 1059 4347 ἔχοντας.

2058 3282 2403 3342 prtestemus,
2435 3282 2599 3340 atque
2624 3270 2828 3325 affectu
2852 3286 2916 3325 ac
2937 3272 3240 3334 voluntate,
3269 3271 3484 3325 cunctis
3514 3287 3637 3341 qua:

2056 3361 2112 3415 in
2142 3377 2365 3415 sensum
2405 3361 2611 3415 cadunt
2657 3367 2753 3414 aut
2792 3370 2971 3415 mente
3006 3361 3427 3432 intelliguntur,
3474 3376 3638 3430 snpe-

2057 3453 2236 3507 riores
2272 3453 2601 3517 efliciamur,
2640 3452 2885 3521 nihilque
2930 3468 3159 3521 prorsus
3200 3455 3467 3508 naturalis
3520 3456 3633 3508 cir-

2056 3546 2414 3613 cumscriptio
2439 3545 2641 3607 oberit,
2669 3545 2802 3613 quin
2838 3550 3022 3598 mente
3054 3552 3110 3597 et
3131 3545 3338 3607 animo,
3365 3560 3491 3599 eum
3519 3545 3633 3599 Deo

2056 3642 2252 3687 natura
2282 3634 2765 3702 incircumscripto
2797 3648 3104 3687 versemur.

2130 3726 2217 3780 16.
2254 3726 2481 3782 Invidia:
2510 3728 2842 3795 virtutisque
2900 3735 3182 3780 certamen
3221 3731 3307 3778 est
3352 3739 3415 3777 ac
3451 3738 3631 3794 pugna

2056 3826 2376 3874 sanctorum
2412 3820 2573 3873 malis
2594 3818 2917 3874 obsistendo
2943 3817 3173 3871 firmitas
3199 3832 3262 3870 ac
3282 3816 3589 3870 constantia
3613 3833 3629 3871 :

2061 3910 2234 3964 altera
2266 3910 2489 3980 quidem
2515 3911 2759 3966 cnitente
2791 3922 2852 3965 ut
2884 3901 3111 3965 victoria
3139 3908 3422 3979 potiatur;
3459 3909 3631 3964 altera

2059 4017 2195 4056 vero
2225 4012 2423 4057 cuneta
2452 4002 2662 4057 ferente
2696 4012 2754 4057 ut
2784 4004 2988 4058 invicta
3009 4004 3274 4057 consistat
3294 4019 3306 4053 :
3326 4018 3389 4056 ac
3403 4003 3629 4071 quidem

2057 4092 2265 4148 invidia
2296 4094 2352 4148 in
2385 4094 2490 4149 hoc
2518 4103 2765 4150 certante
2798 4105 2857 4150 ut
2896 4095 3091 4151 vitium
3141 4110 3205 4149 ac
3250 4076 3463 4148 inalitia
3497 4109 3631 4163 pro-

2062 4200 2256 4254 speros
2287 4201 2579 4241 successus
2608 4187 2828 4251 habeat,
2862 4202 3053 4241 eorum
3085 4202 3265 4255 poena.
3290 4186 3382 4255 qui
3420 4202 3481 4240 ca
3509 4200 3632 4253 qua:

2061 4277 2227 4333 ofIicii
2251 4287 2379 4333 sunt
2407 4290 2671 4349 peragant
2696 4295 2761 4334 ac
2789 4279 3049 4332 virtutem
3084 4286 3381 4347 przestent;
3407 4277 3633 4346 ipsaque

383 4372 613 4433 virtute,
648 4379 709 4424 ut
742 4370 968 4439 probos,
997 4369 1081 4423 vel
1119 4368 1172 4422 in
1200 4369 1466 4424 terumnis
1504 4384 1567 4424 ac
1594 4368 1720 4423 vitae
1763 4368 1942 4436 malis,
1986 4370 2203 4440 potiore
2230 4381 2380 4426 sorte
2403 4371 2702 4426 contineat.

457 4491 478 4522 ⁵
509 4488 673 4543 Hebr.
715 4504 785 4551 χι,
820 4488 869 4540 Ἰ.

460 4602 535 4675 (g)
588 4602 649 4655 Ἠ
698 4599 814 4652 τῶν
857 4597 1057 4675 fil-(tor
1106 4592 1712 4675 δυσπάθειαβςηειιε
1744 4592 1958 4674 Μειχίιηί
1995 4596 2035 4650 D
2066 4594 2312 4675 potiores
2336 4600 2465 4647 sunt
2502 4609 2514 4645 :
2561 4592 2751 4675 Melior
2782 4591 3227 4675 olong‘e‘conditiu
3252 4606 3414 4675 qua‘m
3457 4592 3632 4675 malo-

385 4662 582 4738 estT'ca
610 4687 789 4741 pugna
820 4662 937 4722 vltii
980 4665 1310 4741 ac_virtutis,
1342 4663 1497 4741 quasi
1519 4662 1835 4741 durari__qui
1860 4679 1961 4741 sc-

387 4732 727 4799 rio'virt'uti‘s
755 4742 997 4794 cultores
1026 4737 1157 4797 sint,
1201 4744 1262 4789 ut
1292 4750 1401 4787 non
1430 4732 1589 4787 facile
1626 4733 1744 4787 hedi
1766 4732 1794 4787 a
1822 4734 1957 4788 vitio

385 4814 617 4884 possint.
660 4812 786 4866 Hac
815 4810 962 4884 enim
994 4808 1251 4884 vis__ejus_
1286 4805 1467 4884 vocis,
1504 4812 1563 4884 ut
1606 4802 1694 4884 hic
1724 4803 1955 4884 Maximo

387 4874 703 4953 usurpatur,
766 4882 924 4953 cujus
966 4874 1649 4953 signilicationisnexstant
1706 4874 1955 4953 exempla

386 4942 539 5025 apud.
580 4942 718 5025 Bud.
756 4942 1039 5025 etLllenrf
1068 4946 1344 5025 Stephan.
1382 4942 1530 4996 Nihil
1558 4942 1624 4995 ad
1654 4958 1768 5025 rem
1804 4944 1952 5013 quod

386 5015 569 5078 reddit
596 5024 777 5083 Picus,
804 5016 1476 5089 Repugnantiqgﬁectuum
1499 5028 1617 5089 qut?
1642 5022 1720 5065 est
1744 5015 1797 5089 in
1824 5030 1953 5067 san-

385 5096 480 5149 ctis
515 5110 533 5149 :
570 5084 987 5164 quem»
1014 5103 1119 5164 vox
1168 5086 1259 5164 illa
1301 5099 1422 5164 non,
1454 5084 1713 5153 partitur.
1761 5084 1953 5164 Posset

385 5153 610 5234 quidem
657 5160 834 5234 reddi,
867 5158 1126 5234 Molestia,
1166 5154 1353 5234 labor,
1375 5162 1518 5234 etc”.
1547 5164 1607 5234 ut
1638 5153 1953 5234 cap.j.19jet

384 5223 450 5289 ἐι
480 5253 497 5300 ;
526 5235 621 5289 sed
674 5232 856 5286 minus
892 5223 1519 5300 quadratﬂpro‘Maximi
1553 5223 1642 5276 hic
1668 5223 1950 5300 instituto.

386 5294 541 5371 Quod
568 5304 623 5358 in
667 5302 773 5375 ﬁne
802 5294 925 5375 cap;
971 5307 1076 5361 est,
1116 5296 1231 5375 Τῆς
1272 5294 1347 5375 δε,
1370 5294 1517 5375 ὅπως
1547 5294 1791 5375 κατάσχῃ
1826 5294 1953 5375 τους

386 5362 647 5444 Ξγαθοὺς,
669 5374 771 5426 κάν
799 5362 920 5444 ταῖς
954 5362 1258 5444 συμφοραῖς
1281 5364 1342 5416 τὸ
1367 5362 1550 5444 ,πλέον’
1575 5362 1819 5444 ἔχοντας,
1851 5364 1956 5417 mi-

387 5432 510 5501 sere
535 5432 798 5515 depravat
832 5440 976 5515 idem
996 5432 1179 5515 Picus,
1204 5434 1334 5515 dum
1367 5434 1442 5515 ita
1456 5432 1677 5515 reddit}.
1708 5433 1828 5487 "mc
1856 5450 1957 5515 ait-

388 5525 512 5579 tem,
538 5502 790 5569 ut'bonos
817 5520 865 5565 et
891 5507 1253 5579 locupletiores
1283 5504 1336 5556 in
1358 5502 1752 5579 calamitatibus
1783 5505 1954 5579 conti-

388 5573 531 5640 neat.
565 5587 732 5641 Plene
777 5584 896 5636 vult
930 5573 1215 5638 Maximus,
1254 5574 1539 5629 continere
1592 5573 1850 5627 virtutem
1896 5574 1951 5628 in

389 5655 568 5713 cilicio
625 5654 846 5726 probos,
903 5663 1139 5722 quorum
1171 5645 1338 5703 etiam
1373 5643 1427 5697 in
1466 5643 1726 5697 aerumnis
1771 5653 1955 5713 partes

2064 4661 2208 4718 rum.
2249 4665 2506 4717 Dicamus
2533 4678 2655 4725 nos,
2692 4662 2792 4726 Qui
2837 4672 2925 4714 ont
2962 4661 3259 4730 l‘avautage
3292 4662 3456 4713 méme
3497 4662 3630 4713 dans

2063 4732 2137 4788 les
2189 4734 2482 4803 afﬂictions,
2561 4742 2668 4786 etc.
2706 4733 2831 4785 llwc
2852 4732 3113 4803 nimirum
3155 4732 3469 4803 evangelica
3506 4746 3633 4798 pro-

2060 4801 2253 4859 missio
2284 4808 2333 4856 :‘
2359 4803 2563 4857 Centies
2612 4810 2817 4855 tantum
2848 4818 2985 4853 nunc
3025 4801 3078 4852 in
3116 4801 3486 4869 temporehoc,
3512 4816 3629 4854 eum

2057 4875 2519 4944 persecutionibtts,
2547 4873 2713 4927 Marc.
2740 4871 2882 4944 35,50
2901 4870 3094 4944 {quod
3112 4869 3342 4944 egregie
3366 4870 3631 4944 Mavinms

2056 4940 2214 5008 dicit,
2266 4942 2663 5013 κατορθοῦντας
2691 4940 3032 5013 κολάζεσθαι,
3068 4940 3259 4992 idcirco
3300 4940 3478 5013 puniri
3514 4957 3630 4993 ma-

2056 4957 2214 5008 dleit,
2266 4957 2663 5013 κατορυουντας
2691 4957 3032 5004 κολαςεσυαι,
3068 4957 3259 4992 ιαεινεο
3338 4957 3477 4991 unm
3514 4957 3630 4993 ma-

2055 5014 2222 5085 lisque
2241 5014 2406 5085 affici,
2437 5013 2577 5081 quod
2602 5014 2847 5085 virtutem
2877 5010 3110 5085 colemus
3132 5051 3145 5073 ,
3171 4957 3631 5085 etp/ﬁditenqces

2050 5078 2235 5139 simus.
2268 5078 2328 5139 id
2356 5078 2506 5139 certe
2541 5083 2635 5151 qui
2668 5089 2947 5152 praestent,
2981 5080 3146 5152 inque
3171 5078 3628 5152 illispatientiam

2054 5163 2299 5219 teneant,
2337 5169 2431 5210 seu
2480 5149 2684 5207 etiam'
2709 5150 3003 5221 gaudeant,
3068 5151 3274 5204 virtute
3303 5218 3315 5221 Α
3343 5149 3523 5221 adulti
3565 5165 3630 5221 ac

2052 5218 2368 5279 Christiana
2414 5218 2762 5278 fortitudine.
2813 5220 3059 5274 omnium
3128 5235 3257 5274 vere
3303 5218 3629 5283 beatissimi,

2056 5298 2459 5362 adversumque
2502 5308 2695 5345 omnes
2725 5292 2786 5343 τὸ
2816 5291 2975 5362 πλέον
3015 5291 3246 5362 ἔχοντες.
3294 5290 3427 5362 item
3460 5288 3631 5341 Maxi-

2059 5382 2181 5419 mus
2212 5359 2385 5433 magis
2423 5362 2661 5430 explicat
2686 5359 2938 5433 sequenti
2967 5359 3085 5433 cap.
3114 5361 3273 5433 cujus
3304 5359 3358 5412 in
3388 5361 3495 5433 line
3528 5374 3629 5411 au-

2058 5450 2152 5490 rea
2204 5428 2474 5488 sententia
2498 5428 2613 5495 est,
2638 5428 2833 5493 Ῥῶσις
2865 5428 3045 5499 ψυχῆς
3077 5428 3195 5493 τοῖς
3245 5428 3628 5498 ὑπομένουσιν,

2054 5507 2081 5556 ὁ
2114 5503 2206 5557 τοῦ
2256 5502 2507 5571 σώματος
2542 5503 2829 5569 αἰκισμός·
2874 5500 3053 5553 Robur
3096 5500 3267 5554 animi
3295 5516 3386 5571 per
3420 5501 3628 5570 patien-

2054 5577 2205 5641 tiam,
2235 5573 2440 5645 injuria
2468 5588 2531 5628 ac
2556 5572 2830 5643 sugillatio
2862 5571 3122 5643 corporis.
