4094 6204
470 265 633 346 ΠΜ
1253 267 1256 270 ’
1664 270 1729 330 s.
1770 269 2061 332 MAXIMi
2101 267 2615 331 CONFESSORIS
3612 265 3747 336 1192

468 406 528 447 se
553 387 796 460 copulet,
829 387 978 443 circa
1004 397 1156 448 eum,
1187 379 1283 452 qui
1317 379 1411 435 illa
1437 377 1706 450 pmditus
1727 388 1844 443 est;
1871 378 2064 432 faciat-

2181 395 2306 441 ι-δους
2341 378 2408 430 δι’
2440 379 2640 449 ἑαυτῆς
2683 378 2812 450 περὶ
2836 377 2929 431 τὸν
2957 377 3129 450 αὐτὴν
3150 377 3346 449 ἔχοντα
3377 378 3749 435 συνάπτουσαι

469 497 598 552 que,
631 489 692 535 ut
721 480 816 550 qui
859 476 1145 532 hominum
1180 488 1354 544 genus
1386 471 1653 532 condidit.
1687 483 1750 527 ut
1778 471 1942 526 homo
1971 485 2066 540 ap-

470 582 682 645 pareat,
729 573 802 626 ob
829 585 1101 625 summam
1136 569 1258 640 ejus
1290 569 1384 638 qui
1419 569 1622 623 deitate
1669 567 1908 621 donatur
1941 579 2066 620 cum

471 666 604 728 Deo,
645 661 862 716 ratione
899 659 1052 724 boni,
1093 658 1276 730 quoad
1327 657 1537 712 homini
1581 671 1906 712 concessum
1946 662 2066 719 est,

470 753 928 818 similitudinem;
979 767 1144 822 quam
1188 759 1452 822 praestare
1481 749 1758 812 existimo,
1791 749 1896 803 hoc
1920 747 2069 818 quod

469 859 574 913 est,
596 848 834 920 Diligerc
863 848 1159 902 Dominum
1183 848 1356 902 Deum
1381 863 1449 901 ex
1480 853 1597 900 toto
1620 844 1788 900 corde
1808 856 1866 900 et
1886 843 2069 898 anima

469 950 527 998 et
551 941 797 1006 virtute;
830 947 888 994 et
915 941 1226 1009 proximum
1263 939 1408 992 sicut
1441 939 1683 1007 seipsum
1718 938 1782 990 ¹³.

545 1032 636 1086 30.
695 1031 1112 1086 Observandum
1158 1031 1462 1092 diabolum,
1491 1030 1619 1084 dolo
1644 1039 1824 1084 astute
1847 1044 2074 1099 compo-

474 1123 606 1187 sito,
643 1139 743 1193 per
775 1123 1062 1191 φιλαυτίαν
1099 1123 1325 1193 (caecum
1353 1122 1568 1176 scilicet
1589 1137 1654 1176 ac
1677 1121 1952 1175 carnalem
1983 1119 2072 1174 sui

475 1216 745 1285 amorem)
794 1215 1094 1285 voluptatis
1127 1215 1349 1284 objectu
1404 1213 1722 1268 seducendo
1757 1213 2068 1278 hominem,

477 1308 658 1379 ipsum
693 1307 858 1376 518
890 1323 920 1360 a
950 1307 1086 1371 Deo,
1117 1306 1365 1374 aliosque
1393 1305 1464 1360 ah
1507 1304 1652 1367 aliis,
1698 1304 2074 1374 pugnantibus

477 1399 676 1454 animis
698 1415 763 1453 ac
792 1398 1086 1453 sententiis
1117 1397 1486 1467 disjunxisse;
1517 1410 1776 1465 perversa
1808 1395 2072 1449 nimirum

477 1490 836 1554 rectitudine,
883 1489 1051 1559 inque
1098 1489 1249 1542 hunc
1287 1489 1510 1542 modum
1539 1487 1717 1541 divisa
1758 1496 1978 1550 natura,
2008 1500 2074 1540 ac

482 1581 536 1634 in
569 1581 768 1635 multas
792 1580 1083 1649 opiniones
1109 1579 1431 1649 judiciaque
1454 1577 1646 1632 scissa.

550 1671 638 1724 51.
673 1670 804 1722 Tria
837 1677 967 1722 sunt
1015 1667 1255 1722 maxima
1295 1675 1352 1721 et
1389 1664 1718 1736 primigenia
1746 1663 1921 1730 vitia;
1949 1677 2073 1718 om-

2170 472 2265 522 καί⁹
2289 470 2365 533 ὡς
2403 469 2691 536 ἄνθρωπον
2719 471 2814 524 τὸν
2842 471 3074 541 ποιητὴν
3104 470 3213 524 τῶν
3245 469 3551 541 ἀνθρώπων
3581 475 3749 546 φανῆο

2170 577 2260 613 ναι
2290 560 2813 628 παρασκευάζουσα,
2865 560 2956 613 διά
2999 561 3098 631 τὴν
3134 559 3231 614 τοῦ
3283 560 3578 631 θεουμένου
3617 565 3756 634 πρὸς

2169 651 2264 704 τὸν
2295 650 2430 703 Θεὸν
2488 651 2632 705 κατά
2684 651 2747 706 τὸ
2794 651 2998 719 ἀγαθὸν
3047 653 3125 716 ὡς
3173 653 3398 721 ἐφικτὸν
3456 653 3753 728 ἀνθρώπῳ,

2169 742 2592 814 ἀπαραλλαξίαν
2617 760 2630 774 °
2663 744 2731 814 ἢν
2763 744 3013 814 ἐνεργεῖν
3059 744 3432 816 ὑπολαμϐάνω
3468 747 3552 811 τὸ,
3591 748 3759 817 ’Δγα-

2173 838 2345 906 πῆσαι
2375 836 2582 906 Κύριον
2609 836 2701 890 τὸν
2734 836 2868 890 Θεὸν
2901 837 2962 904 ἐξ
3004 837 3135 906 ὅλης
3163 836 3418 909 καρδίας,
3444 837 3542 893 καὶ¹
3573 838 3754 911 ψυχῆς

2171 928 2265 982 καὶ
2289 928 2573 998 δυνάμεως
2597 942 2612 957 ⁸
2643 927 2741 982 καὶ
2763 927 2854 982 τὸν
2888 927 3120 998 πλησίον
3153 928 3227 990 ώς
3257 928 3472 984 ἑαυτόν.

2241 1019 2307 1072 λ’.
2353 1019 2573 1082 ’ῐστέον,
2608 1020 2685 1084 ὡς
2735 1019 2873 1092 δόλῳ
2928 1021 3259 1092 κακούργως
3295 1021 3760 1094 μεμηχανημένῳ

2170 1110 2261 1164 διὰ
2306 1111 2616 1180 φιλαυτίας,
2669 1111 2792 1164 καθ’
2847 1112 3045 1184 ἡδονῆς
3103 1112 3416 1184 προσϐολὴν
3463 1114 3758 1185 ἀπατήσας

2171 1205 2322 1275 ἡμᾶς
2359 1207 2388 1258 ό
2443 1203 2712 1268 διάὁολος,
2743 1202 2882 1257 Θεοῦ
2925 1205 3024 1258 καὶ
3055 1202 3302 1274 ἀλλήλων
3354 1204 3500 1257 κατά
3530 1204 3760 1276 γνώμην

2171 1296 2446 1366 διέστησε,
2483 1297 2545 1351 τὸ
2574 1296 2730 1360 wet;
2759 1294 3113 1367 διαστρέψας,
3145 1293 3242 1350 καὶ
3285 1293 3385 1364 τὴν
3413 1293 3576 1363 φύσιν
3615 1297 3760 1350 κατά

2172 1391 2266 1444 τὸν
2297 1391 2502 1461 τρόπον
2538 1390 2728 1444 τοῦτον
2763 1389 3015 1460 μερίσας,
3051 1389 3146 1443 καὶ⁵
3173 1386 3503 1458 κατατεμὼν
3525 1391 3607 1452 είς
3638 1390 3762 1444 πολ-

2173 1482 2274 1545 λάς
2303 1482 2462 1549 δόξας
2495 1484 2592 1537 καὶ
2621 1483 2943 1552 φαντασίας.

2246 1669 2349 1723 λα’.
2383 1669 2527 1741 Τρία
2565 1671 2682 1725 ἐστὶ
2710 1670 2780 1725 τά
2807 1671 3042 1742 μέγιστα
3071 1673 3167 1726 καὶ
3192 1672 3500 1744 ἀρχέκακα,
3537 1673 3632 1726 καὶ
3660 1673 3764 1725 πά-

479 1763 696 1832 nisqne,
729 1770 789 1814 ut
818 1761 988 1815 semel
1015 1760 1219 1822 dicam,
1241 1758 1364 1812 vitii
1393 1758 1550 1828 origo
1573 1766 1628 1812 et
1651 1773 1849 1823 causa;
1876 1769 2076 1826 nempe

2181 1778 2303 1832 σης,
2323 1728 2511 1825 ἁπλῶς
2541 1765 2741 1827 εἰπεῖν,
2767 1728 2969 1828 κακίας
3000 1728 3300 1834 γεννητικά
3317 1780 3332 1794 ’
3362 1728 3576 1834 ἄγνοια,
3597 1766 3761 1833 φημὶ,

481 1853 815 1924 ignorantia,
835 1852 1095 1921 φιλαυτία
1115 1851 1425 1922 (improbus
1449 1850 1535 1904 sui
1557 1864 1622 1904 ac
1643 1849 1880 1904 carnalis
1901 1845 2076 1918 amor)

2181 1855 2277 1908 καὶ
2323 1854 2584 1922 φιλαυτία
2629 1857 2722 1910 καὶ
2776 1858 3060 1928 τυραννίς·
3121 1858 3366 1928 ἀλλήλων
3415 1859 3768 1928 ἐξηρτημένα

479 1955 538 2000 et
570 1944 856 2016 tyrannis;
885 1960 915 1998 a
946 1959 1005 1998 se
1050 1944 1316 1998 nimirum
1364 1951 1559 1999 mutuo
1585 1941 1908 2012 pendentia,
1938 1940 2076 1994 alia-

2181 1947 2278 2000 καὶ
2330 1948 2400 2001 δι’
2451 1947 2699 2018 ἀλλήλων
2751 1951 3141 2020 συνιστάμενα.
3184 1952 3280 2005 Ἐκ
3333 1951 3442 2022 γὰρ
3494 1952 3593 2021 τῆς
3631 1951 3768 2022 περὶ

481 2052 588 2106 que
620 2037 744 2092 aliis
775 2037 885 2090 vim
937 2051 1003 2090 ac
1047 2035 1482 2090 stabilimentum
1515 2035 1837 2106 praebentia.
1870 2035 1951 2089 Ex
1979 2034 2076 2089 Dei

2181 2037 2316 2090 Θεοῦ
2343 2038 2590 2106 ἀγνοίας,
2617 2041 2651 2109 ἡ
2677 2039 2938 2108 φιλαυτία
2959 2057 2973 2071 ⁸
3017 2042 3082 2094 ὲκ
3111 2041 3168 2094 δὲ
3201 2041 3430 2111 ταύτης,
3457 2043 3490 2111 ὴ
3527 2041 3664 2112 πρὸς
3705 2040 3768 2094 τὸ

481 2130 627 2184 enim
657 2128 990 2199 ignorantia,
1016 2138 1102 2183 est
1125 2128 1382 2196 φιλαυτία
1409 2129 1608 2200 (aecus
1629 2128 1720 2183 ille
1751 2127 1952 2199 amor),
1980 2143 2080 2183 ex-

482 2239 590 2293 que
613 2221 730 2286 illa,
766 2222 1018 2292 tyrannis
1047 2221 1150 2292 (vis
1181 2220 1396 2275 scilicet
1430 2219 1642 2291 iniqua)
1669 2235 1797 2291 erga
1820 2235 1918 2275 eos
1940 2235 2080 2290 quos

483 2313 772 2385 conjungit
812 2311 1031 2383 generis
1059 2312 1308 2383 ejusdem
1355 2312 1729 2367 necessitudo.
1776 2311 1891 2366 Nec
1923 2311 2079 2381 quis-

482 2421 648 2476 quam
686 2412 776 2459 eat
811 2403 1047 2468 inﬁcias,
1092 2403 1229 2473 quin
1271 2403 1652 2474 nequissimus
1695 2418 1796 2473 per
1843 2404 2079 2458 abusum

484 2498 832 2568 propriarum
871 2497 1072 2550 virium
1117 2496 1374 2567 (rationis
1412 2497 1650 2561 scilicet,
1686 2496 2002 2566 cupiditatis
2023 2505 2082 2551 et

487 2591 602 2660 ira!)
638 2590 753 2644 haec
791 2587 845 2643 in
879 2588 1040 2642 nobis
1074 2589 1308 2644 suscitet
1338 2603 1403 2642 ac
1431 2587 1650 2642 eﬁiciat.

556 2685 644 2738 52.
691 2683 931 2753 Equum
963 2700 1096 2738 sane
1139 2699 1202 2736 ac
1231 2699 1331 2753 par
1359 2691 1463 2747 est,
1511 2691 1574 2736 ut
1615 2697 1718 2752 pro
1747 2681 2077 2752 ignorantia,

484 2791 586 2848 per
610 2775 896 2831 scientiam
929 2775 997 2830 ad
1027 2776 1199 2829 Deum
1240 2773 1675 2845 singularissime
1710 2789 1903 2838 unum,
1934 2789 2083 2844 quas-

486 2867 660 2923 rendo
696 2883 1048 2933 moveamur;
1094 2866 1397 2936 cupiditate
1433 2881 1588 2930 vero,
1623 2866 1910 2934 φιλαυτίας
1953 2881 2080 2936 pra-

485 2959 652 3030 vique
681 2959 888 3014 amoris
915 2959 1039 3013 labe
1070 2973 1232 3029 pura,
1265 2958 1320 3011 in
1347 2958 1521 3013 Deum
1559 2958 1739 3012 solum
1775 2974 1962 3013 amore
1987 2958 2083 3014 de-

2183 2130 2444 2198 συγγενὲς
2465 2133 2727 2202 τυραννίς
2764 2134 2901 2187 ἐστι.
2959 2133 3068 2186 Καὶ
3101 2133 3278 2197 οὐδεὶς
3309 2136 3531 2204 ἀντερεῖ
3581 2133 3766 2201 λόγος,

2184 2224 2258 2294 μὴ
2292 2223 2412 2292 οὐχί
2461 2222 2541 2294 τῷ
2572 2224 2715 2277 κατὰ
2770 2226 3121 2295 παράχρησιν
3150 2226 3340 2296 τρόπῳ
3387 2226 3499 2280 τῶν
3546 2227 3770 2279 οἰκείων

2179 2313 2485 2384 δυνάμεων,
2510 2313 2670 2379 λόγου
2696 2332 2754 2367 τε
2782 2316 2878 2368 καὶ
2905 2316 3201 2386 ἐπιθυμίας
3224 2317 3320 2370 καὶ
3345 2316 3542 2388 θυμοῦ,
3561 2315 3767 2380 ταύτας

2179 2407 2242 2460 ἐν
2279 2407 2415 2477 ἡμῖν
2452 2405 2545 2460 τὸν
2571 2407 2810 2478 πονηρὸν
2839 2408 3270 2479 ὑποστήσασθαι.

2252 2681 2320 2751 λρ
2341 2719 2357 2735 .
2391 2683 2540 2744 Δέον,
2569 2681 2716 2750 λόγῳ
2767 2681 2888 2751 μὲν,
2935 2681 3058 2735 ἀντὶ
3097 2679 3198 2750 τῆς
3237 2680 3485 2749 ἀγνοίας,
3515 2679 3652 2752 πρὸς
3674 2679 3774 2733 τὸν

2182 2773 2318 2828 Θεὸν
2349 2772 2439 2828 διὰ
2486 2773 2742 2840 γνώσεως
2798 2774 2942 2826 κατά
2980 2771 3210 2843 ζήτησιν
3250 2771 3563 2843 μονώτατον
3602 2775 3772 2824 κινεῖ-

2185 2865 2312 2918 σθαι
2337 2881 2353 2897 ⁸
2384 2865 2454 2919 δι’
2483 2865 2785 2937 ἐπιθυμίας
2831 2865 2912 2928 δὲ,
2945 2865 3038 2918 τοῦ
3077 2865 3178 2934 τῆς
3226 2864 3515 2933 φιλαυτίας
3564 2863 3774 2928 now;

2183 2957 2456 3030 καθαρᾶς,
2481 2957 2625 3011 κατά
2672 2957 2840 3011 πόθον
2874 2957 3012 3029 πρὸς
3053 2957 3146 3011 τὸν
3195 2957 3329 3010 Θεὺν
3360 2958 3523 3026 μόνον
3551 2957 3775 3010 ἐλαύνεο

489 3049 804 3123 siderioque
830 3067 1090 3122 agamur;
1124 3051 1207 3104 ira
1241 3049 1503 3120 denique,
1549 3049 1639 3104 cui
1686 3050 1836 3104 nulla
1869 3050 1954 3104 vis
1977 3049 2076 3103 ini-

2186 3049 2312 3104 σθαι
2331 3067 2346 3082 ·
2383 3051 2478 3104 καὶ
2503 3050 2584 3121 τῷ
2610 3050 2770 3121 θυμῷ
2795 3051 3112 3120 τυραννίδος
3159 3053 3579 3123 κεχωρισμένῳ,
3631 3051 3775 3122 πρὸς

488 3153 838 3216 qua'comcs,
864 3143 1036 3197 Deum
1064 3140 1410 3195 solummodo
1444 3139 1663 3210 assequi
1697 3140 2074 3206 connitamur;

489 3249 656 3308 atque
687 3220 852 3292 itobis
883 3236 1085 3289 horum
1131 3233 1364 3303 prolem,
1410 3249 1473 3288 ac
1522 3233 1578 3287 in
1611 3234 1770 3304 cujus
1813 3233 1928 3287 haec
1959 3247 2081 3302 gra-

493 3328 622 3383 tiam
657 3326 920 3396 (divinam
953 3323 1166 3379 scilicet
1207 3338 1270 3377 ac
1316 3323 1531 3378 beatam
1579 3323 1924 3387 cbaritatem,
1957 3338 2080 3392 qua:

491 3427 548 3475 et
593 3420 705 3473 Deo
741 3417 990 3488 copulet,
1025 3415 1302 3486 deumque
1330 3416 1511 3470 virum
1549 3414 1864 3485 religiosum
1893 3429 1957 3469 ac
1981 3414 2080 3470 Dei

491 3510 761 3565 cultorem
788 3508 1006 3577 elliciat)
1032 3507 1354 3562 conﬁemus.

561 3603 650 3658 55.
675 3602 954 3666 Φιλαυτία,
982 3600 1062 3655 uti
1104 3601 1312 3656 dictum
1347 3609 1452 3663 est,
1479 3601 1628 3654 velut
1648 3599 1908 3654 vitiorum
1928 3599 2081 3670 prin-

493 3693 616 3763 cipe
661 3702 827 3763 atquc
873 3700 1100 3763 parente
1134 3692 1344 3755 evulsa,
1387 3691 1506 3761 ejus
1533 3691 1805 3747 universae
1837 3691 2074 3758 soboles,

492 3799 668 3854 caque
715 3784 968 3854 sequiora
1018 3782 1267 3854 germina
1313 3782 1476 3836 simul
1523 3781 1684 3836 evelli
1735 3783 1933 3837 solent.
1983 3782 2079 3837 Illa

493 3893 730 3946 namque
773 3877 1008 3939 sublata,
1042 3876 1254 3930 nullum
1286 3889 1516 3945 prorsus
1545 3875 1766 3930 malitia:
1791 3891 1962 3946 genus
1983 3884 2079 3931 aut

494 3967 784 4035 vestigium
812 3975 991 4036 potest
1013 3965 1334 4020 consistere.

563 4057 652 4112 54.
690 4056 929 4110 Tantum
964 4055 1366 4125 nosmetipsos,
1407 4055 1610 4127 aliique
1658 4059 1796 4113 alios
1841 4059 2081 4130 comple-

493 4157 710 4204 ctamur
730 4164 793 4203 ac
811 4149 1055 4203 colamus
1077 4163 1260 4217 operae
1277 4148 1517 4218 pretium
1542 4160 1648 4215 est,
1667 4161 1934 4220 quantum
1962 4153 2080 4222 ipse

494 4257 594 4311 per
623 4240 864 4310 seipsum
893 4238 1150 4294 Christus
1188 4239 1343 4309 prior
1364 4241 1626 4306 ostendit,
1659 4243 1754 4312 qui
1795 4259 1894 4314 pro
1921 4243 2080 4300 nobis

495 4331 637 4403 parti
670 4347 736 4386 ac
765 4331 903 4384 mori
934 4345 1205 4401 propense
1240 4330 1495 4401 dignatus
1521 4341 1625 4387 est.

2190 3141 2253 3194 τὸ
2290 3140 2430 3194 Θεοῦ
2461 3142 2625 3199 μόνου
2654 3145 2840 3211 τυχεῖν
2875 3141 3264 3210 ἀγωνίζεσθαι,
3293 3145 3388 3196 καὶ
3421 3144 3526 3213 τὴν
3555 3144 3616 3195 ἐκ
3647 3143 3775 3196 τούο

2187 3253 2297 3288 των
2355 3237 2452 3289 καὶ
2495 3236 2563 3288 δι’
2600 3236 2667 3306 ῆν
2715 3235 2888 3289 ταῦτα
2933 3236 3084 3289 θείαν
3115 3237 3208 3289 καὶ
3239 3239 3519 3307 μακαρίαν
3549 3236 3778 3306 ἀγάπην

2185 3327 2614 3400 δημιουργῆσαι,
2674 3328 2753 3397 τῷ
2802 3328 2922 3400 Θεῷ
2970 3329 3350 3383 συνάπτουσάν
3389 3347 3450 3384 τε
3498 3330 3595 3382 καὶ
3647 3328 3780 3382 θεὸν

2186 3421 2597 3490 ἀποφαίνουσαν
2621 3421 2712 3474 τὸν
2737 3421 2984 3491 φιλόθεον
3000 3457 3019 3475 .

2259 3596 2362 3666 λγ¹.
2408 3597 2522 3666 Τῆς
2567 3594 2854 3666 φιλαυτίας
2899 3594 2976 3658 ὡς
3021 3595 3219 3666 ἀρχῆς,
3250 3593 3433 3656 καθὼς
3467 3592 3640 3660 εἷπον,
3672 3601 3782 3652 καὶ

2189 3690 2400 3762 μητρὸς
2422 3691 2530 3743 τῶν
2559 3688 2746 3743 κακῶν
2783 3687 3156 3759 ἀποτιλείσης,
3189 3688 3371 3742 πάντα
3395 3689 3466 3742 τά
3511 3689 3568 3756 ἐξ
3597 3690 3781 3762 αὐτῆς

2186 3799 2247 3835 τε
2277 3784 2371 3836 καὶ
2407 3782 2526 3852 μετ’
2570 3782 2764 3852 αὐτὴν,
2812 3780 3301 3834 συναποτίλλεσθαι
3331 3781 3524 3834 εἴωθεν
3573 3783 3776 3853 ἐπειδὴ

2185 3875 2394 3946 ταύτης
2426 3874 2500 3946 μὴ
2524 3873 2716 3944 οὔσης,
2752 3873 2872 3926 οὐδὲ
2901 3872 3158 3942 οὐδαμῶς
3182 3872 3245 3926 τὸ
3274 3873 3540 3942 παράπαν
3571 3874 3782 3937 κακίας

2187 3966 2326 4034 εἶδος
2357 3970 2390 4040 ἢ
2425 3970 2570 4039 ἴχνος
2595 3966 2924 4036 ὑφίστασθαι
2953 3966 3200 4020 δύναται.

2259 4060 2354 4114 λδ’.
2387 4061 2514 4113 Δέον
2537 4060 2703 4121 ἐστὶν,
2735 4059 2942 4112 ἑαυτῶν
2975 4060 3069 4114 καὶ
3092 4058 3340 4129 ἀλλήλων
3370 4057 3616 4112 τοσοῦτον
3643 4058 3782 4112 ἀντ-

2187 4155 2430 4225 έχεσθαι,
2483 4154 2606 4207 ὅσον
2631 4152 2796 4215 αὐτὸς
2821 4152 2888 4206 δι’
2917 4151 3086 4206 αὑτοῦ
3132 4151 3163 4204 ό
3193 4151 3433 4223 Χριστὸς
3473 4151 3778 4222 προλαὸὼν

2188 4247 2535 4312 ἀπεδείξατο,
2566 4246 2708 4317 ὑπὲρ
2735 4248 2765 4316 ἡ
2776 4245 2893 4316 μῶν
2920 4245 3117 4299 παθεῖν
3148 4245 3540 4316 ἀνασχόμενος.

563 4422 652 4476 55.
712 4421 900 4476 Sancti
952 4437 1145 4476 omnes
1191 4431 1419 4492 propter
1473 4423 1797 4480 cbaritatem
1852 4425 2076 4497 ejusque

2261 4429 2358 4483 λε’.
2403 4427 2504 4480 Διά
2543 4426 2644 4498 τὴν
2671 4425 2896 4497 ἀγάπην
2935 4426 2985 4479 οἱ
3038 4425 3187 4495 ἅγιοι
3239 4424 3442 4488 πάντες
3488 4426 3629 4494 πρὸς
3675 4426 3783 4494 τὴν

494 4520 630 4568 nutu
657 4521 882 4584 peccato
907 4513 1251 4576 restiterunt,
1285 4515 1491 4569 nullam
1526 4518 1814 4586 praesentis
1839 4518 1965 4575 vitae
1993 4535 2083 4575 ra-

449 4614 453 4619 '
498 4604 702 4661 tionem
748 4606 1051 4672 habentes;
1084 4607 1410 4677 diversaque
1445 4609 1638 4665 mortis
1671 4627 1872 4682 genera
1914 4613 2054 4668 susti

497 4707 758 4764 nuerunt,
785 4708 846 4753 ut
875 4699 979 4768 ipsi
1007 4699 1061 4752 in
1083 4714 1142 4754 se
1170 4715 1233 4754 ac
1261 4700 1432 4754 Deum
1465 4717 1496 4755 a
1522 4704 1729 4757 mundo
1753 4705 2079 4776 colligeren-

495 4799 606 4853 tur,
636 4790 969 4860 unirentque
1011 4789 1067 4844 in
1112 4806 1170 4846 se
1215 4791 1346 4862 ipsis
1391 4803 1601 4850 naturze
1645 4798 1909 4867 segmina.
1955 4798 2081 4856 llaec

493 4882 642 4936 enim
676 4897 804 4936 vera
850 4896 914 4936 ac
957 4880 1234 4951 inculpata
1288 4881 1532 4937 ﬁdelium
1581 4883 1768 4939 divina
1815 4886 2083 4956 sapientia

495 4975 676 5046 (cujus
718 4973 844 5028 ﬁnis
889 4973 1094 5028 bonum
1140 4981 1227 5028 est
1271 4983 1436 5044 atque
1481 4975 1690 5031 veritas
1743 4995 1756 5032 :
1805 4979 2083 5049 siquidem

495 5065 724 5130 bonum,
758 5079 1033 5134 prepensa
1077 5063 1388 5136 benignitas
1411 5074 1496 5121 cst
1527 5075 1582 5120 ct
1614 5067 1955 5136 humanitas;
1980 5087 2079 5126 ve-

495 5170 762 5224 rumque,
811 5171 879 5211 ex
925 5155 1052 5210 ﬁdei
1099 5155 1407 5211 rationibus
1456 5160 1756 5229 composita
1800 5161 1976 5230 pictas
2013 5179 2078 5219 ac

497 5249 721 5320 religio;
765 5265 894 5304 vera
941 5248 1156 5304 scilicet
1215 5248 1503 5304 charitatis
1549 5251 1807 5322 insignia)
1852 5264 1912 5308 ut
1957 5269 2078 5324 qua:

495 5343 628 5404 lico,
663 5341 910 5410 aliosque
942 5340 1068 5394 aliis
1102 5339 1355 5393 homines
1395 5341 1711 5412 conjungal,
1744 5358 1976 5414 eamque
2006 5345 2078 5400 ob

495 5447 608 5486 rem
643 5429 799 5486 ﬁrma
828 5447 893 5487 ac
935 5427 1211 5486 constanti
1255 5429 1526 5487 bonorum
1560 5435 1901 5503 percnnitate
1943 5448 2076 5508 gau-

490 5523 636 5580 deat.

567 5699 612 5733 ³³
641 5699 800 5754 Deut.
837 5717 908 5768 γι,
940 5701 1004 5766 5;
1038 5700 1228 5756 Matth.
1254 5717 1384 5768 xw,
1417 5702 1506 5756 57.

2191 4520 2471 4591 ἁμαρτίαν
2513 4517 3009 4588 ἀντικατέστησαν,
3037 4515 3141 4587 τῆς
3171 4517 3460 4587 παρούσης
3492 4515 3642 4586 ζωῆς
3679 4517 3779 4569 0-5-

2187 4612 2314 4668 δένα
2345 4611 2503 4679 λόγον
2533 4609 2897 4682 ποιησάμενοι
2917 4626 2932 4640 ο
3000 4608 3095 4662 καὶ
3150 4609 3277 4671 τοὺς
3332 4607 3634 4672 πολυειδεῖς
3679 4608 3776 4663 τοῦ

2188 4705 2427 4760 θανάτου
2457 4706 2696 4776 τρόπους
2724 4704 3063 4772 ὑπέστησαν,
3106 4702 3192 4756 ἶνα
3228 4702 3366 4775 πρὸς
3408 4702 3639 4766 ἑαυτοὺς
3667 4702 3779 4758 ἀπὸ

2187 4799 2282 4853 τοῦ
2323 4798 2530 4870 κόσμου
2558 4799 2653 4851 καὶ
2683 4797 2774 4851 τὸν
2807 4796 2941 4850 Θεὸν
2974 4795 3302 4867 συναχθῶσι,
3333 4795 3428 4848 καὶ
3453 4795 3522 4847 τὰ
3549 4794 3649 4863 τῆς
3680 4795 3777 4863 φύ-

2189 4907 2328 4952 σεως
2353 4889 2438 4957 ἐφ’
2467 4887 2677 4940 ἑαυτῶν
2702 4885 2946 4939 ἐνώσωσι
2979 4887 3261 4958 ῥήγματα.
3289 4883 3441 4954 Αὕτη
3467 4884 3576 4955 γάρ
3621 4885 3776 4937 ἐστιν

2186 4984 2220 5053 ἡ
2253 4981 2461 5052 ἀληθὴς
2505 4980 2602 5034 καὶ
2642 4978 2948 5051 ἀμώμητος
2979 4979 3090 5032 τῶν
3137 4977 3346 5032 πιστῶν
3379 4978 3639 5046 θεοσοφία
3662 4993 3676 5005 ·
3702 4973 3774 5048 ἧς

2185 5073 2377 5136 τέλος,
2413 5073 2474 5124 τὸ
2517 5071 2724 5139 ἀγαθόν
2761 5073 2878 5124 ἐστι
2913 5071 3007 5126 καὶ
3043 5072 3076 5142 ἠ
3118 5069 3348 5141 ἀλήθεια
3371 5084 3386 5098 ·
3427 5070 3591 5140 εἴπερ
3629 5071 3770 5138 ἀγα-

2189 5164 2281 5218 θὸν
2321 5165 2380 5216 τὸ
2425 5162 2832 5234 φιλάνθρωπον,
2885 5164 2980 5218 καὶ
3037 5161 3240 5233 ἀληθὲς
3279 5161 3341 5214 re
3393 5161 3535 5215 κατά
3586 5162 3771 5215 πίστιν

2189 5258 2456 5328 φιλόθεον,
2492 5258 2564 5311 τὰ
2591 5258 2690 5327 τῆς
2723 5257 2946 5326 ἀγάπης
2975 5255 3338 5325 γνωρίσματα
3361 5271 3372 5282 ·
3421 5253 3498 5317 ὡς
3525 5253 3646 5323 Θεῷ
3675 5255 3770 5307 καὶ

2187 5351 2442 5423 ἀλλήλοις
2464 5353 2589 5416 τοὺς
2621 5350 2944 5422 ἀνθρώπους
2978 5350 3348 5412 συνάπτουσα,
3382 5347 3477 5400 καὶ
3499 5345 3587 5399 διά
3612 5347 3773 5400 τοῦτο

2186 5443 2298 5497 τῶν
2339 5442 2560 5513 ἀγαθῶν
2591 5443 2691 5515 τὴν
2729 5441 2989 5515 διαμονὴν
3016 5441 3358 5496 ἀδιάπτωτον
3388 5440 3610 5513 ἔχουσα.
