4062 6198
362 248 500 320 1193

1062 253 1397 315 CAPITUM
1433 253 1855 326 QUINQUIES
1893 252 2415 317 CENTENORUM
2452 251 2839 314 CENTURIA
2878 253 2929 313 Ι.

3486 249 3633 315 1194

428 369 533 430 λς’.
576 363 861 437 Ἐνέργεια
913 364 1009 418 καὶ
1056 366 1328 431 ἀπόδειξις
1375 370 1471 437 τῆς
1503 368 1637 437 πρὸς
1669 368 1801 420 θεὸν
1841 385 1929 420 τε·

2110 368 2273 438 519
2300 367 2388 422 56.
2415 368 2674 422 Ροτίοριεο
2698 367 2752 421 in
2778 368 2951 421 Deum
2987 364 3274 423 cbaritatis
3301 364 3383 421 vis
3407 380 3469 422 ac
3499 384 3625 438 pm-

285 438 293 445 .
354 454 505 521 λείας
536 457 759 529 ἀγάπης
789 459 957 521 ἐστὶν,
988 460 1021 527 ἡ
1051 460 1251 529 γνησία
1305 460 1374 511 δι’
1419 459 1635 522 εὐνοίας
1683 460 1930 511 ἑκουσίου

354 547 495 620 πρὸς
523 550 616 603 τὸν
644 550 873 619 πλησίον
898 550 1165 613 διάθεσις.
1197 551 1261 603 ’0
1291 551 1401 620 γὰρ
1424 550 1511 619 μὴ
1540 551 1788 620 ἀγαπῶν
1827 554 1935 605 τὸν

354 638 626 707 ἀδελφὸν
655 639 865 702 αὑτοῦ,
906 640 979 691 ὃν
1015 638 1256 707 ἑώρακε,
1296 642 1465 711 φησὶν
1498 643 1527 693 ὁ
1566 641 1708 703 θεῖος
1749 642 1932 693 Ἰωάνο

354 748 477 801 νης,
508 731 616 785 τὸν
645 733 794 785 Θεὸν
821 731 894 784 ὃν
917 733 1029 800 οὐχ
1082 730 1360 799 ἑώρακεν,
1403 734 1474 786 οὐ
1513 733 1762 786 δύναται
1791 733 1935 801 ἀγα-

356 822 499 892 πᾷν.

426 915 525 981 λζ’.
561 918 625 970 Ἦ
682 916 784 986 τῆς
841 915 1099 986 ἀληθείας
1145 915 1282 979 ὁδὸς,
1336 919 1368 986 ἡ
1422 916 1612 988 ἀγάπη
1642 919 1809 982 ἐστὶν,
1867 919 1935 988 ἢν

360 1010 551 1062 ἑαυτὸν
581 1010 855 1079 ὀνομάσας
890 1011 918 1061 ὁ
962 1008 1057 1060 τοῦ
1106 1008 1239 1061 Θεοῦ
1289 1008 1484 1077 Λόγος,
1517 1010 1645 1072 τοὺς
1697 1012 1755 1063 ἐν
1794 1012 1933 1083 αὐτῇ

356 1100 661 1163 ὁδεύοντας,
709 1100 788 1171 τῷ
834 1099 955 1170 Θεῷ
1006 1100 1101 1154 καὶ
1133 1101 1310 1171 Πατρὶ
1363 1101 1637 1173 καθαροὺς
1668 1104 1935 1156 παντοίων

357 1192 687 1263 γενομένους
716 1193 1074 1262 παρίστησιν.

427 1282 530 1355 λη’.
557 1284 705 1354 Αὕτη
742 1285 890 1336 ἐστὶν
920 1285 952 1355 ἡ
981 1284 1139 1355 θύρα,
1170 1285 1238 1337 δι’
1266 1280 1334 1356 ἧς
1363 1286 1391 1338 ό
1421 1286 1821 1356 εἰσερχόμενος,
1855 1288 1936 1349 είς

356 1373 425 1427 τὰ
451 1377 621 1443 ’Ἅγια
652 1376 862 1441 γίνεται
886 1376 996 1427 τῶν
1029 1377 1220 1442 ἁγίων,
1255 1378 1345 1429 καὶ
1373 1376 1467 1429 τοῦ
1494 1378 1790 1447 ἀπροσίτου
1808 1380 1937 1431 κά).-

356 1469 484 1532 λους
538 1468 635 1537 τῆς
676 1468 839 1536 ἁγίας
869 1467 966 1520 καὶ
1023 1467 1308 1539 βασιλικῆς
1340 1468 1381 1519 Τ
1386 1469 1568 1541 ριάδος
1614 1468 1935 1521 καθίσταται

356 1558 507 1625 ἄξιος
546 1560 743 1630 θεατὴς
779 1560 1054 1627 γενέσθαι.

416 1641 445 1692 λ
462 1652 525 1705 θ’.
559 1650 793 1721 Φοόερδν
824 1650 994 1713 ὅντως
1021 1651 1115 1703 acad.
1148 1651 1329 1720 πάσης
1356 1652 1733 1722 κατακρίσεως
1766 1653 1935 1722 ὑπερ-

355 1750 634 1807 επέκεινα,
658 1743 719 1795 τὸ
740 1743 837 1813 τὴν
863 1742 1111 1795 δοθεῖσαν
1143 1744 1275 1812 ἡμῖν
1304 1743 1454 1813 παρὰ
1482 1743 1616 1795 Θεοῦ
1654 1746 1793 1796 κατὰ
1828 1744 1931 1796 δω-
1967 1722 2008 1776 Β

358 1836 489 1908 ρεάν
514 1835 606 1887 τοῦ
638 1835 797 1901 ἁγίου
829 1833 1146 1904 Πνεύματος
1174 1835 1437 1897 ἑκουσίως
1461 1835 1733 1903 νεκρῶσαι
1766 1836 1930 1906 ζωὴν,

353 1928 445 1980 διὰ
470 1927 567 1996 τῆς
600 1925 735 1995 πρὸς
758 1925 827 1989 τὰ
858 1924 1191 1995 φθειρόμενα
1222 1926 1440 1995 ἀγάπης
1462 1942 1475 1954 ·
1507 1926 1599 1977 καὶ
1627 1926 1772 1977 ίσασι
1799 1926 1935 1977 πάν-

352 2034 464 2081 τως
488 2018 675 2071 τοῦτον
700 2019 793 2070 τὸν
825 2016 1009 2087 φόϐον,
1043 2020 1091 2070 oi
1116 2017 1216 2087 τὴν
1242 2016 1497 2082 ἀλήθειαν
1522 2016 1619 2086 τῆς
1651 2016 1933 2085 φιλαυτίας

356 2112 636 2181 προτιμᾷν
667 2109 1093 2179 μελετήσαντες.

430 2209 504 2271 μ’.
534 2200 880 2272 Χρησώμεθα
918 2204 995 2265 είς
1022 2202 1140 2254 δέον
1166 2204 1230 2272 τῇ
1264 2202 1477 2272 εἰρήνῃ,
1536 2202 1628 2253 καὶ
1666 2200 1763 2271 τὴν
1795 2202 1932 2271 πρὸς

354 2293 447 2345 τὸν
480 2292 705 2363 κόσμον,
748 2293 842 2346 καὶ
869 2294 960 2345 τὸν
1006 2294 1426 2363 κοσμοκράτορα
1460 2292 1646 2355 κακῶς
1678 2294 1810 2361 ἡμῖν
1844 2294 1930 2344 ἐνο

360 2384 687 2449 υπάρξασαν
716 2386 1089 2456 ἀθετήσαντες
1112 2386 1314 2454 φιλίαν,
1342 2386 1433 2438 τὸν
1473 2385 1560 2438 διά
1592 2386 1702 2437 τῶν
1739 2385 1931 2438 παθῶν

356 2477 494 2547 πρὸς
526 2478 615 2528 τὸν
646 2477 777 2529 Θεὸν
808 2478 1222 2547 συνιστάμενον,
1256 2477 1361 2531 κᾶν
1387 2478 1484 2543 ὀψέ
1517 2494 1648 2530 ποτε
1698 2478 1924 2531 καταλῦο

360 2585 541 2639 σωμεν
581 2568 817 2638 πόλεμον
838 2585 851 2596 ⁸
890 2571 984 2622 καί¹
1013 2568 1244 2631 σπονδὰς
1278 2569 1507 2632 ἀλύτους
1543 2570 1644 2639 τῆς
1675 2570 1809 2640 πρὸς
1836 2570 1932 2621 αύ-

355 2660 450 2713 «tv
481 2661 706 2731 εἰρήνης
756 2662 1101 2730 ποιήσαντες,
1130 2663 1187 2714 ὲν
1219 2662 1283 2731 τῇ
1315 2663 1657 2733 καταργήσει
1694 2662 1787 2714 τοῦ
1825 2661 1930 2713 adi-

360 2769 529 2821 ματος
562 2752 660 2821 τῆς
716 2752 1009 2823 ἁμαρτίας,
1041 2754 1141 2823 τῆς
1188 2755 1327 2826 πρὸς
1358 2756 1521 2808 αὐτὸν
1552 2755 1753 2825 ἔχθρας
1786 2770 1927 2806 παυ-

358 2843 603 2915 σὼμεθα.

431 2935 541 3007 μα’.
585 2936 873 2990 Ἀδύνατόν
910 2938 1058 2990 ἐστιν
1104 2939 1248 3008 ἡμᾶς
1283 2939 1606 3011 φιλιωθῆναι
1658 2939 1797 3012 Θεῷ,
1838 2941 1931 2997 διὰ

354 3028 467 3082 τῶν
498 3028 683 3083 παθῶν
725 3030 859 3099 πρὸς
895 3029 1057 3083 αὑτὸν
1086 3030 1499 3095 στασιάζοντας,
1530 3032 1623 3084 καὶ
1647 3032 1724 3102 τῷ
1758 3051 1928 3102 πονησ-

406 3076 461 3082 -ν
502 3076 677 3083 """"
732 3076 857 3099 "r'I
897 3076 1049 3083 """
1089 3076 1499 3095 """"3""“ll
1533 3076 1623 3084 ""'
1658 3076 1723 3102 "r
1766 3076 1894 3103 ""'"

406 3120 431 3132 ο
608 3122 618 3137 1
859 3122 870 3137 \
1117 3125 1142 3137 eo
1234 3123 1258 3134 ~
1362 3123 1373 3137 I
1468 3124 1493 3135 ρο
1575 3124 1597 3137 ι
1666 3125 1743 3137 ιιι“
1845 3126 1868 3137 Α
1907 3127 1918 3137 ι
1959 3082 2001 3137 c

360 3122 442 3191 ρῷ
488 3122 735 3192 τυράννῳ
787 3122 881 3174 καὶ
916 3125 1146 3194 φονευτῇ
1191 3123 1300 3175 τῶν
1346 3123 1534 3194 ψυχῶν
1570 3124 1803 3196 διαϐόλῳ
1840 3126 1931 3179 διά

356 3212 553 3275 κακίας
589 3212 952 3283 δασμοφορείν
998 3214 1380 3285 ἀνεχομένους,
1425 3215 1499 3285 μὴ
1535 3215 1801 3287 πρότερον
1849 3217 1931 3269 δι-

353 3302 478 3356 όλου
507 3304 921 3374 πολεμωθέντας
961 3304 1035 3374 τῷ
1072 3306 1315 3377 πονηρῷ.
1345 3306 1524 3378 Μέχρι
1555 3309 1662 3377 γάρ
1687 3307 1805 3359 τότε
1835 3307 1929 3360 τοῦ

356 3392 493 3446 Θεοῦ
530 3394 951 3465 καθεστήκαμεν
985 3396 1173 3467 ἐχθροὶ
1221 3399 1314 3450 καὶ
1372 3396 1647 3466 πολέμιοι,
1693 3398 1797 3450 κᾶν
1841 3417 1931 3450 πι⁹

360 3485 502 3538 στῶν
542 3488 916 3558 προσηγορίαν
942 3490 1075 3557 ἡμῖν
1110 3490 1294 3552 αὐτοῖς
1323 3490 1801 3560 περιπλάττωμεν,
1834 3489 1932 3559 μὲ-

357 3593 480 3646 χρις
509 3568 570 3628 οὗ
597 3578 826 3631 πάθεσιν
860 3579 1087 3649 ἀτιμίας
1142 3579 1417 3632 δουλεύειν
1451 3579 1788 3649 βουλόμεθα·
1839 3578 1932 3631 καὶ

359 3668 512 3721 οῦδὲν
537 3668 727 3737 ὄφελος
756 3671 887 3740 ἡμῖν
932 3671 997 3722 ἐκ
1026 3670 1123 3740 τῆς
1155 3669 1296 3724 κατά
1324 3671 1415 3723 τὸν
1463 3672 1667 3741 κόσμον
1710 3671 1932 3741 εἰρήνης

358 3756 543 3811 λοιπὸν
590 3762 1008 3829 περιγενήσεται
1036 3798 1051 3821 ,
1089 3760 1187 3830 τῆς
1218 3759 1397 3829 ψυχῆς
1441 3760 1625 3823 κακῶς
1657 3759 1933 3829 διακειμέ-

357 3865 476 3917 νης,
509 3850 604 3902 καὶ
638 3850 774 3921 πρὸς
805 3850 897 3902 τὸν
929 3850 1059 3902 ἴδιον
1097 3852 1329 3922 ποιητὴν
1378 3852 1803 3923 στασιαζούσης,
1835 3852 1931 3906 καὶ

358 3939 462 3992 ὑπὸ
489 3940 587 4011 τὴν
632 3940 796 4011 αὐτοῦ
835 3940 1111 4011 βασιλείαν
1143 3942 1396 4011 γενέσθαι
1425 3945 1527 3996 οὐκ
1556 3945 1891 4015 ἀνεχομένης
1911 3960 1927 3975 ο

357 4032 439 4085 ἔτι
470 4033 686 4103 μυρίοις
724 4032 1082 4104 πεπραμένης
1114 4032 1285 4104 ὠμοῖς
1311 4035 1597 4099 δεσπόταις
1624 4036 1704 4098 εἰς
1733 4036 1931 4088 κακίαν

357 4121 528 4194 αὐτὴν
552 4124 960 4193 κατεπείγουσι,
988 4126 1082 4178 καὶ
1109 4125 1210 4197 τὴν
1245 4128 1323 4189 είς
1349 4127 1628 4181 ἀπώλειαν
1658 4127 1930 4198 φέρουσαν

356 4214 495 4277 ὁδὸν,
544 4216 644 4285 τῆς
711 4215 991 4287 σωζούσης
1044 4216 1247 4288 μᾶλλον
1300 4218 1595 4291 ἀπατηλῶς
1657 4221 1929 4294 αἱρεῖσθαι

358 4304 888 4375 παρασκευάζουσιν.

2038 462 2210 525 batio,
2237 476 2371 516 vera
2396 471 2480 515 est
2506 477 2635 531 erga
2667 461 2976 530 proximum
3002 461 3253 515 ultronea
3286 460 3621 515 benevolen-

2039 556 2112 609 tia
2152 556 2431 624 animique
2464 556 2703 609 affectio.
2739 554 2842 618 Qui
2870 553 3039 617 enim,
3065 553 3243 621 inquit
3268 552 3427 606 divus
3453 553 3623 607 Joan-

2037 659 2156 708 nes,
2209 644 2517 713 non,diligit
2552 644 2773 713 fratrem
2804 658 2978 705 suum,
3011 658 3163 710 quem
3212 640 3382 705 videt,
3430 642 3620 709 Deum,

2037 751 2189 806 quem
2218 752 2320 789 non
2352 736 2509 799 videt,
2539 734 2758 805 diligere
2794 748 2895 785 non
2928 740 3094 802 potest
3131 732 3193 785 ιδ.

2108 917 2197 969 57.
2234 917 2332 971 Via
2359 917 2627 979 veritatis,
2656 915 2899 969 ebaritas
2921 924 3025 978 est,
3054 930 3216 983 quam
3250 914 3490 981 scipsum
3532 930 3627 965 vo-

2037 1026 2167 1066 cans
2200 1010 2293 1063 Dei
2321 1010 2560 1063 Verbum
2609 1011 2671 1074 “‘,
2714 1009 3060 1061 ambulantes
3104 1008 3158 1060 in
3200 1023 3285 1068 ea,
3327 1006 3479 1059 omni
3506 1006 3624 1062 labe

2036 1115 2227 1169 puros,
2260 1101 2373 1154 Deo
2402 1116 2464 1154 ac
2502 1100 2645 1155 Patri
2679 1107 3056 1168 repraasentat.

2108 1289 2197 1343 58.
2231 1288 2355 1342 Haec
2386 1297 2469 1342 est
2496 1298 2675 1359 porta,
2721 1305 2820 1358 per
2859 1305 3021 1358 quam
3066 1289 3160 1358 qui
3205 1289 3535 1359 ingreditur,
3568 1290 3622 1343 in

2038 1380 2236 1434 Sancta
2264 1390 2576 1434 sanctorum
2612 1389 2885 1450 penetrat,
2910 1382 3217 1451 dignusque
3244 1381 3498 1445 efficitur,
3526 1384 3621 1450 qui

2037 1482 2238 1527 sancta:
2266 1490 2328 1528 ac
2359 1475 2555 1544 regalis
2576 1474 2862 1529 Trinitatis
2883 1476 3150 1529 inaccessi
3175 1474 3393 1529 decoris
3412 1484 3627 1543 specta-

2041 1573 2124 1616 tor
2168 1564 2412 1617 exsistat.

2106 1650 2194 1705 59.
2226 1651 2595 1704 Tremendum
2636 1667 2767 1707 sane
2800 1654 3059 1722 omnique
3088 1655 3265 1723 majus
3292 1655 3624 1745 condemna-

2040 1741 2208 1805 tione,
2239 1742 2384 1810 quod
2412 1758 2727 1798 concessam
2757 1744 2916 1797 nobis
2941 1746 3209 1800 divinitus
3231 1741 3475 1815 Spiritus
3501 1763 3625 1801 san-

2039 1833 2114 1886 cti
2146 1848 2372 1888 munere
2405 1834 2593 1897 vitam,
2630 1834 2898 1888 ﬂutarum
2946 1851 3131 1889 rerum
3154 1852 3239 1890 ac
3270 1838 3623 1906 pereuntium

2038 1939 2249 1990 amore,
2282 1935 2476 1995 sponte
2505 1928 2857 1997 pcrimamus.
2890 1928 3140 1998 Eumque
3165 1930 3325 1998 plane
3348 1940 3625 1985 noverunt

2039 2027 2267 2081 metum,
2301 2017 2395 2085 qui
2426 2018 2713 2071 veritatem
2742 2020 2999 2091 φιλαυτία
3033 2020 3199 2092 (czeco
3234 2022 3313 2075 illi
3355 2024 3528 2077 amori
3558 2040 3624 2080 ac

2040 2107 2267 2178 carnali)
2300 2110 2575 2165 anteferre
2606 2112 2957 2166 studuerunt.

2107 2198 2197 2252 40.
2225 2200 2331 2253 Pro
2357 2216 2424 2255 eo
2458 2217 2522 2255 ac
2559 2202 2720 2257 decet
2752 2219 2884 2271 pace
2913 2211 3154 2268 utamur,
3183 2204 3434 2274 maleque
3460 2205 3623 2260 nobis

2038 2302 2163 2341 cum
2202 2290 2428 2354 mundo,
2483 2292 2783 2361 mundique
2830 2302 3040 2347 rectore
3083 2304 3391 2349 consertam
3434 2296 3623 2351 amici-

2039 2377 2172 2430 tiam
2202 2379 2414 2432 irritam
2441 2396 2760 2450 cassamque
2788 2382 3102 2447 recidentes,
3132 2385 3349 2439 tandem
3374 2388 3624 2457 aliquan-

2038 2471 2108 2524 do
2142 2472 2437 2527 eonflatum
2469 2474 2629 2529 nobis
2653 2475 2915 2528 vitiorum
2946 2475 3068 2529 labe
3094 2492 3157 2530 ac
3185 2476 3481 2531 affectuum
3507 2480 3623 2535 bel-

2037 2562 2149 2616 lum
2180 2565 2443 2620 adversus
2474 2567 2645 2620 Deum
2684 2566 3066 2631 dissolvamus,
3101 2569 3359 2638 pacisque
3392 2585 3516 2624 cum
3553 2586 3621 2627 eo

2039 2654 2352 2709 insolubilia
2396 2658 2689 2728 jungentcs
2740 2659 2966 2724 fcedera,
3011 2660 3062 2713 in
3099 2660 3469 2717 destructione
3500 2679 3623 2718 cor-

2037 2744 2187 2812 poris
2217 2746 2426 2815 peccati
2464 2746 2527 2812 ”,
2560 2747 2971 2802 inimicitiarum
3003 2764 3126 2803 cum
3172 2750 3291 2819 ipso
3348 2750 3511 2805 finem
3541 2752 3621 2806 f‘a-

2035 2849 2265 2891 oramus.

2108 2930 2196 2984 4i.
2234 2929 2528 2999 Nunquam
2557 2932 2649 2986 fiat
2678 2942 2737 2986 ut
2766 2934 2878 2987 Deo
2908 2934 3151 2989 amicitia
3184 2936 3495 3005 iungamur,
3523 2937 3619 3006 qui
3710 2994 3713 2995 ν

2036 3043 2137 3096 per
2169 3026 2301 3081 vitia
2332 3036 2495 3097 atque
2525 3028 2755 3083 affectus
2802 3029 2880 3082 illi
2932 3030 3166 3084 rebelles
3196 3031 3367 3084 simus
3387 3072 3401 3094 ,
3450 3031 3621 3099 pessi-

2038 3134 2233 3188 moque
2281 3120 2586 3173 animorum
2637 3130 2870 3191 tyranno
2918 3138 2982 3175 ac
3030 3122 3319 3176 homicidae
3369 3122 3617 3185 diabolo,

2036 3212 2219 3279 pravis
2273 3212 2470 3264 studiis
2520 3212 2809 3282 vestigalcs
2862 3228 2980 3267 esse
3030 3215 3433 3276 sustineamus,
3485 3215 3619 3281 quTn

2037 3300 2187 3368 prius
2218 3301 2557 3369 nequissimo
2594 3302 2803 3357 inimici
2853 3318 3082 3373 prorsus
3127 3302 3446 3357 efﬁciamur.
3476 3303 3621 3357 Tan-

2034 3392 2128 3444 diu
2158 3392 2305 3447 enim
2337 3393 2431 3447 Dei
2464 3395 2647 3449 hostes
2673 3411 2862 3449 sumus
2892 3411 2955 3450 ac
2987 3396 3217 3461 inimici,
3247 3397 3457 3450 tametsi
3490 3395 3620 3450 fide-

2037 3484 2168 3536 lium
2215 3484 2374 3538 nobis
2414 3502 2615 3540 nomen
2660 3486 2995 3557 affingimus,
3047 3488 3291 3557 quandiu
3335 3488 3621 3558 probrosis

2034 3573 2322 3629 affectibus
2351 3578 2557 3630 servire
2605 3577 2660 3630 in
2704 3578 2947 3630 animum
2979 3578 3335 3631 inducimus:
3364 3594 3465 3633 nec
3506 3580 3617 3648 jam

2033 3666 2193 3720 nobis
2224 3682 2291 3720 ex
2322 3668 2509 3721 mundi
2539 3683 2670 3737 pace
2706 3670 2929 3722 accedet
2958 3669 3163 3738 aliquid
3202 3670 3494 3735 commodi,
3521 3670 3616 3739 qui

2035 3759 2175 3812 male
2205 3760 2389 3814 animo
2421 3760 2602 3814 affecti
2651 3762 2842 3824 simus,
2877 3760 3280 3830 adversumque
3328 3763 3615 3831 proprium

2033 3860 2313 3904 auctorem
2364 3851 2725 3911 rebellemus.
2780 3867 2881 3905 nec
2930 3853 3050 3923 ejus
3094 3851 3336 3905 feramus
3386 3852 3617 3922 imperio

2033 3943 2231 4014 subjici
2270 3961 2285 3997 :
2330 3943 2635 3999 innumeris
2674 3943 2885 3999 scilicet
2914 3943 3213 3999 venundati
3246 3946 3404 3999 saevis
3435 3945 3616 3999 domi-

2032 4035 2139 4099 nis,
2193 4035 2247 4089 in
2297 4035 2492 4091 vitium
2542 4051 2606 4091 ac
2648 4035 2908 4090 malitiam
2950 4035 3417 4106 propellentibus,
3450 4046 3505 4091 et
3546 4037 3615 4091 ad

2030 4128 2175 4181 viam
2202 4144 2323 4197 qua:
2368 4127 2521 4182 ducit
2553 4127 2618 4182 ad
2660 4127 3044 4198 perditionem,
3074 4142 3186 4197 pne
3216 4142 3279 4182 ea
3321 4143 3428 4197 qua
3470 4128 3617 4184 salus

2032 4228 2275 4288 paratur,
2299 4236 2487 4274 errore
2513 4218 2842 4290 eligendam,
2872 4217 3031 4273 nobis
3058 4217 3394 4273 auctoribus.

428 4392 539 4465 με.
572 4396 666 4460 Εἰς
693 4396 854 4451 τοῦτο
888 4399 1037 4469 ἡμᾶς
1079 4402 1381 4471 πεποίηκεν
1407 4400 1437 4453 ό
1460 4401 1611 4470 Θεὸς,
1647 4406 1735 4460 ἵνα
1759 4408 1930 4475 γενώ-

2102 4396 2190 4453 42.
2240 4396 2301 4451 In
2351 4397 2458 4451 boc
2502 4411 2604 4451 nos
2643 4395 2788 4450 Deus
2817 4394 3084 4459 condidit,
3119 4403 3178 4449 ut
3205 4394 3506 4449 efficiamur
3533 4393 3617 4448 di-

360 4483 504 4555 μεθα
535 4487 685 4551 θείας
722 4489 972 4543 κοινωνοὶ
1003 4489 1242 4558 φύσεως,
1274 4493 1369 4545 καὶ
1416 4494 1515 4565 τῆς
1565 4496 1733 4550 αὑτοῦ
1764 4500 1930 4554 άῖδιό-

354 4591 518 4645 τητος
558 4576 798 4647 μέτοχοι,
844 4578 940 4631 καὶ
969 4580 1228 4651 φανῶμεν
1261 4582 1410 4653 αύτῷ
1447 4584 1624 4655 ὅμοιοι
1654 4590 1796 4643 κατά
1828 4592 1928 4660 τὴν

357 4666 423 4719 ἐκ
451 4666 675 4739 χάριτος
704 4668 925 4735 θέωσιν,
957 4671 1026 4724 δι’
1051 4673 1121 4744 ἥν
1151 4673 1304 4728 πᾶσά
1335 4690 1394 4727 τε
1423 4674 1533 4729 τῶν
1568 4677 1738 4732 ὄντων
1770 4682 1803 4752 η
1831 4666 1929 4735 σύδ-

358 4758 548 4825 στασίς
576 4761 692 4813 ἐστι
725 4762 821 4815 καὶ
845 4762 1099 4835 διαμονὴ,
1146 4765 1240 4820 καὶ
1266 4767 1299 4838 ὴ
1341 4765 1448 4821 τῶν
1476 4768 1551 4839 μὴ
1578 4768 1747 4826 ὄντων
1785 4790 1928 4845 παρ-

358 4850 554 4921 αγωγὴ
593 4851 685 4905 καὶ
720 4852 951 4922 γένεσις.

426 5032 503 5087 μγ
526 5059 540 5071 .
572 5017 634 5071 El
683 5018 775 5071 τοῦ
823 5019 959 5073 Θεοῦ
988 5020 1347 5092 ὀνομάζεσθαί
1375 5039 1435 5076 τι
1464 5022 1560 5076 καὶ
1604 5018 1745 5078 εἶναι
1779 5025 1922 5095 ἐφιέ-

357 5106 521 5177 μεθα,
554 5109 953 5182 ἀγωνισώμεθα
1012 5112 1089 5184 μὴ
1137 5113 1423 5185 προδοῦναι
1450 5117 1563 5180 τοῖς
1606 5116 1805 5170 πάθεσι
1834 5119 1926 5172 τὸν

354 5198 549 5267 Λόγον,
604 5200 746 5254 κατά
779 5201 869 5255 τὸν
900 5201 1136 5257 Ἰούδαν·
1172 5204 1204 5275 ἢ
1245 5205 1321 5276 μὴ
1378 5206 1741 5278 ἀρνήσασθαι,
1787 5211 1928 5265 κατά

354 5290 445 5343 τὸν
474 5292 696 5363 Πέτρον.
733 5296 999 5366 ’Λρνησις
1032 5296 1142 5367 γάρ
1189 5298 1305 5351 ἐστι
1356 5297 1452 5350 τοῦ
1500 5300 1696 5369 Λόγου,
1744 5306 1777 5375 ἡ
1829 5305 1924 5360 τοῦ

354 5383 619 5453 πράττειν
663 5386 724 5439 τὸ
762 5386 967 5457 ἀγαθὸν
1005 5388 1092 5442 διά
1127 5389 1291 5457 φόϐον
1328 5391 1688 5462 παραίτησις·
1731 5398 1926 5467 προδο-

355 5475 445 5527 σία
495 5476 575 5543 δὲ,
612 5480 644 5549 ἠ
678 5481 802 5533 κατ’
848 5480 1131 5550 ίνέργειαν
1163 5482 1500 5552 ὲμπρόθετος
1534 5484 1798 5558 ἁμαρτία,
1832 5492 1925 5546 καὶ

351 5567 387 5635 ἡ
416 5567 552 5638 πρὸς
579 5569 677 5641 τὴν
698 5571 979 5643 ἁμαρτίαν
1007 5572 1176 5643 ὁρμή.

2032 4490 2174 4543 vina:
2202 4496 2487 4544 consortes
2528 4494 2737 4541 natura:
2768 4486 2832 4549 ",
2868 4485 3097 4555 ejusque
3129 4484 3454 4539 teternitatis
3494 4498 3618 4552 par-

2035 4583 2249 4652 ticipes,
2300 4588 2466 4650 atque
2505 4579 2584 4633 illi
2627 4578 2836 4633 similes
2871 4575 2914 4608 ¹⁸
2948 4591 3308 4648 appareamus
3341 4591 3439 4645 per
3463 4575 3617 4629 deili.

2034 4674 2330 4738 cntionem,
2362 4689 2484 4743 quae
2523 4689 2590 4727 ex
2632 4672 2807 4743 gratia
2834 4679 2918 4726 cst
2950 4688 2963 4724 :
2993 4671 3065 4724 ob
3093 4684 3256 4739 quam
3284 4684 3467 4722 rerum
3498 4682 3616 4721 om-

2036 4765 2187 4819 nium
2220 4764 2384 4835 520
2426 4764 2749 4819 constitutio
2795 4772 2853 4819 et
2896 4762 3245 4833 perennitas,
3278 4774 3610 4829 eorumque,

2035 4874 2156 4929 quae
2194 4857 2431 4913 necdum
2470 4857 2527 4911 in
2571 4871 2757 4911 rerum
2786 4870 2957 4910 censu
3000 4853 3294 4917 exsistunt,
3321 4851 3613 4923 productio

2029 4958 2084 5003 et
2106 4958 2281 5004 ortus.

2109 5042 2192 5095 ιδ.
2229 5040 2286 5095 Si
2330 5040 2427 5095 Dei
2473 5055 2533 5095 re
2575 5048 2739 5108 atque
2783 5036 3007 5092 nomine
3048 5052 3168 5093 esse
3209 5034 3607 5096 desideramus,

2032 5132 2135 5188 hoc
2158 5133 2455 5196 enitamur,
2495 5146 2599 5186 nec
2629 5131 2684 5183 in
2713 5128 2868 5184 Iudae
2896 5144 3102 5184 morem
3128 5128 3370 5183 Verbum
3400 5142 3494 5181 seu
3524 5142 3609 5180 ra-

2034 5226 2236 5280 tionem
2270 5224 2561 5281 affectibus
2601 5222 2928 5294 prodamus;
2963 5237 3098 5276 neve
3127 5220 3299 5275 instar
3324 5219 3473 5275 Petri
3512 5218 3608 5271 ab-

2032 5332 2313 5385 ncgemus.
2343 5318 2509 5373 Verbi
2531 5316 2679 5373 enim
2714 5316 3052 5384 rationisque
3085 5313 3301 5383 negatio
3324 5320 3429 5378 est,
3459 5314 3605 5382 quod

2031 5409 2157 5479 quis
2184 5418 2363 5462 metus
2380 5423 2543 5461 causa
2576 5415 2793 5463 recuset
2818 5416 3077 5477 praestare
3099 5408 3342 5472 bonum;
3368 5406 3610 5477 proditio

2029 5514 2184 5565 vero,
2216 5511 2339 5553 cum
2366 5513 2431 5552 ex
2466 5496 2749 5567 proposito
2777 5507 3060 5567 peccatum
3088 5497 3144 5553 in
3171 5505 3296 5551 actu
3331 5504 3612 5566 perpetia-

2032 5604 2173 5655 mus,
2207 5588 2372 5657 inque
2402 5590 2537 5646 illud
2567 5592 2752 5647 animo
2779 5593 3094 5654 incitamur.

315 5710 325 5721 -
426 5678 473 5711 “
500 5679 522 5736 1
550 5680 708 5739 Joan.
740 5701 809 5749 Iv,
834 5686 925 5741 20.
1006 5688 1049 5718 "
1081 5686 1239 5742 Joan.
1270 5704 1376 5755 xiv,
1408 5691 1459 5745 6.
1539 5693 1581 5726 ¹⁸
1608 5694 1765 5753 Rom.
1814 5712 1886 5767 Vi,
1917 5702 1933 5756 f

2048 5706 2088 5737 ιτ
2117 5704 2160 5759 ιι
2190 5705 2336 5762 Petr.
2368 5724 2403 5774 ι,
2434 5710 2485 5763 4.
2567 5710 2608 5743 ⁸⁸
2636 5711 2655 5765 1
2688 5711 2842 5769 Joan.
2876 5729 2950 5781 m,
2980 5715 3034 5770 2.

671 5782 901 5842 Pullo:
922 5828 935 5844 .
983 5785 1102 5846 Gn.
1162 5786 1291 5847 XC.

3152 5810 3233 5874 38
