4094 6204
345 335 479 402 1197

1049 338 1384 402 CAPITUM
1424 333 1846 411 QUINQUIES
1885 313 2402 394 CENTE'NORUM
2441 307 2826 391 CENTURIA
2869 328 2916 389 ι.

3462 323 3597 390 1198

347 448 592 518 να;.ιένης
624 446 945 519 ταύτότητα.
977 449 1086 502 Καὶ
1125 450 1236 520 γὰρ
1264 449 1395 502 [διον
1421 453 1520 520 τῆς
1544 449 1785 520 ἀγάπης,
1810 446 1918 501 τῶν
1947 499 1949 504 .

2047 452 2267 499 ιοοοῑειω
2298 443 2464 497 animi
2509 443 2782 497 sententia
2827 439 3169 495 identitatem
3213 445 3474 509 praestare
3502 454 3593 493 va-

347 539 421 593 τά
447 540 571 592 κατ⁴
598 538 767 610 αὐτὴν
793 538 1124 611 ζητούντων,
1160 541 1290 611 μίαν
1328 539 1607 606 ἀποδεῖξαι
1641 538 1739 609 τὴν
1776 537 1919 608 γνώ-

345 647 479 701 μην.

426 808 536 879 μθ’.
596 804 661 862 El
702 807 864 878 φύσει
903 807 964 860 τὺ
1013 807 1179 861 καλόν
1217 809 1376 861 οὲστιν
1411 807 1784 878 ἑνοποιητικδν
1814 805 1922 858 τῶν

345 897 699 972 διῃρημένων
727 897 824 950 καὶ
858 896 1196 960 συνεκτικὸν,
1239 897 1300 949 τὸ
1340 896 1510 950 κακὸν
1537 896 1778 966 δηλονότι
1813 896 1923 948 τῶν

351 990 646 1061 ἠνωμένων
691 989 813 1041 ἐστὶ
850 987 1179 1057 διαιρετικήν
1211 1003 1270 1040 τε
1326 989 1419 1040 καὶ
1462 987 1780 1058 φθαρτικόν.
1811 987 1925 1040 Καὶ

348 1082 459 1151 γὰρ
486 1079 644 1148 φύσει
677 1078 738 1132 τὸ
762 1078 934 1131 κακὺν
962 1077 1255 1132 σκεδαστὴν
1285 1079 1542 1150 ὑπάρχει,
1570 1080 1666 1134 καὶ
1683 1079 1924 1134 ἀστατον

353 1172 448 1224 καὶ
485 1169 836 1241 πολύμορφον
864 1169 961 1224 κού⁸
987 1169 1334 1242 διαιρετικόν.

421 1353 484 1400 ν’.
517 1346 743 1401 Πάντων
799 1344 910 1398 τῶν
945 1344 1133 1399 κακῶν
1182 1344 1472 1416 ἀπαλλαγὴ
1520 1345 1616 1399 καὶ
1661 1346 1926 1414 σύντομος

352 1439 495 1509 προς
519 1437 799 1507 σωτηρίαν
823 1437 962 1501 ὁδὸς,
995 1439 1030 1506 ἡ
1067 1436 1274 1508 ἀληθὴς
1315 1437 1408 1491 τοῦ
1464 1438 1599 1491 Θεοῦ
1637 1441 1763 1492 κατ’
1810 1439 1930 1491 ἐπί-

354 1543 560 1594 γνωσιν
588 1527 775 1598 ἀγάπη
808 1527 947 1590 ἐστὶ,
993 1527 1088 1581 καὶ
1113 1529 1145 1598 ἡ
1189 1526 1421 1580 καθόλου
1451 1530 1551 1598 τῆς
1580 1527 1722 1581 κατά
1750 1527 1928 1599 ψυχὴν

357 1617 498 1688 προς
529 1634 588 1670 τε
633 1617 696 1670 τὸ
751 1616 916 1687 ’σῶμα
959 1618 1058 1670 καὶ
1105 1617 1196 1670 τὸν
1228 1619 1435 1687 κόσμον
1464 1617 1652 1672 τοῦτον
1694 1621 1930 1690 στοργῆς

358 1705 669 1776 ὲξάρνησινς,
705 1704 828 1758 καθ’
858 1707 946 1777 ῆν,
977 1705 1081 1776 τῆς
1127 1706 1226 1777 μὲν
1250 1707 1443 1780 ἡδονῆς
1477 1707 1792 1776 ἐπιθυμίαν,
1831 1707 1930 1778 τῆς

354 1796 552 1866 ὀδύνης
595 1795 656 1849 δὲ
705 1795 798 1850 τὸν
856 1795 1020 1866 φόὁον
1076 1797 1524 1868 ἀποῦαλλόμενοι,
1597 1797 1698 1871 τῆς
1753 1800 1930 1870 κακῆς
1963 1791 2004 1846 Β

359 1888 796 1960 ὲλευθερούμεθα
834 1889 1141 1958 φιλαυτίας,
1199 1891 1335 1962 πρὸς
1367 1892 1466 1962 τὴν
1508 1893 1710 1960 γνῶσιν
1742 1891 1935 1945 ἀναϐι-

358 1979 656 2043 ϐασθέντες
687 1979 780 2032 τοῦ
811 1979 1104 2044 κτίσαντος
1125 1997 1140 2012 ο
1180 1983 1274 2035 καὶ
1306 1985 1549 2054 πονηρᾶς
1588 1982 1800 2054 ἀγαθὴν
1835 1983 1934 2036 ἀν-

362 2069 676 2134 τιλαϐόντες
703 2069 895 2143 νοερὰν
925 2072 1212 2140 φιλαυτίαν
1247 2075 1568 2144 σωματικῆς
1595 2072 1938 2145 κεχωρισμέο

361 2179 461 2233 νην
497 2163 755 2233 στοργῆς,
783 2165 845 2216 οὐ
881 2163 1171 2234 παυόμεθα
1203 2165 1559 2235 λατρεύοντες
1591 2164 1670 2235 τῷ
1701 2165 1817 2236 Θεῷ
1845 2163 1938 2217 διὰ

361 2253 570 2322 ταύτης
607 2255 706 2324 τῆς
739 2255 913 2325 καλῆς
954 2255 1262 2325 φιλαυτίας,
1295 2258 1360 2309 ὲκ
1421 2256 1558 2309 Θεοῦ
1613 2256 1714 2327 τῆς
1759 2256 1939 2327 ψυχῆς

364 2345 456 2399 ἀεὶ
482 2344 772 2415 ζητοῦντες
807 2347 909 2417 τὴν
943 2347 1222 2402 σύστασιν.
1279 2349 1427 2418 Αὕτη
1476 2350 1585 2421 γάρ
1632 2351 1776 2402 ἐστιν
1805 2350 1941 2420 ἀλη-

366 2437 467 2510 θὴς
492 2437 739 2509 λατρεία,
767 2438 864 2491 καὶ
892 2438 1063 2501 ὅντως
1095 2439 1413 2510 θεὰρεστος,
1443 2441 1478 2511 ἡ
1509 2441 1604 2511 τῆς
1636 2440 1816 2511 ψυχῆς
1853 2441 1941 2495 διὰ

367 2528 478 2582 τῶν
499 2529 716 2599 ἀρετῶν
743 2528 981 2599 ἀκριϐὴς
1012 2530 1321 2599 ἐπιμέλεια.

439 2627 542 2675 να’.
579 2621 642 2674 '0
675 2622 996 2691 σωματικῆς
1021 2620 1214 2690 ἡδονῆς
1245 2620 1318 2692 μὴ
1351 2621 1656 2692 ἐφιέμενος,
1689 2621 1785 2674 καὶ
1822 2620 1943 2674 ὀδύ-

371 2728 470 2782 νην
495 2711 780 2774 παντελῶς
812 2710 885 2782 μὴ
913 2711 1266 2782 φοϐούμενος,
1297 2711 1521 2780 γέγονεν
1544 2713 1785 2780 ἀπαθής.
1810 2709 1947 2764 Ταύ-

370 2818 492 2866 ταις
520 2801 626 2872 γὰρ
653 2801 790 2871 μετά
817 2805 915 2872 τῆς
937 2802 1202 2872 τεκούσης
1231 2802 1400 2866 αύτάς
1425 2803 1731 2870 φιλαυτίας,
1769 2803 1946 2857 πάντα

373 2893 443 2946 τὰ
478 2893 543 2945 δι’
578 2893 749 2956 αὐτάς
785 2909 846 2944 τε
874 2893 970 2945 καὶ
1019 2892 1080 2956 ἐξ
1129 2893 1310 2945 αὐτῶν
1341 2894 1478 2963 μετὰ
1509 2893 1948 2965 τῆςάρχηγικω-

373 2985 541 3056 τάτης
561 2983 670 3037 τῶν
700 2983 888 3038 κακῶν
920 2983 1163 3051 ἀγνοίας,
1188 2983 1530 3054 ὁμοθυμαδὸν
1563 2986 1947 3038 συναπέκτεινε

375 3076 546 3148 πάθη,
593 3076 688 3128 καὶ
717 3075 838 3139 ὅλος
874 3077 1066 3144 γέγονε
1113 3073 1211 3128 τοῦ
1263 3075 1498 3140 ἑστῶτος
1550 3076 1645 3129 καὶ
1694 3077 1948 3146 μένοντος

376 3168 469 3221 καὶ
501 3167 587 3221 ἀεὶ
620 3166 882 3230 ὡσαύτως
912 3167 1124 3237 ἔχοντος
1178 3167 1336 3236 φύσει
1364 3167 1558 3234 καλοῦ,
1596 3170 1946 3223 παντάπασιν

375 3257 525 3329 αὐτῷ
553 3258 922 3329 συνδιαμένων
953 3259 1230 3331 ἀκίνητος,
1281 3259 1376 3316 καὶ
1427 3260 1941 3332 ἀνακεκαλυμμένῳ

375 3348 655 3422 προσώπῳ
681 3351 782 3420 τὴν
809 3350 965 3415 δόξαν
993 3350 1087 3404 τοῦ
1137 3349 1274 3404 θεοῦ
1307 3350 1809 3424 κατοπτριζόμενος
1829 3368 1844 3383 ο
1879 3355 1949 3405 ἐκ

376 3441 478 3512 τῆς
521 3443 579 3494 ἐν
625 3441 774 3513 αύτῷ
821 3443 1145 3512 φωτοειδοῦς
1188 3443 1594 3516 λαμπρότητος,
1649 3446 1749 3516 τὴν
1793 3445 1951 3501 θείαν

375 3535 474 3588 καὶ
503 3535 796 3604 ἀπρόσιτον
835 3534 995 3599 δόξαν
1026 3533 1318 3604 θεώμενος.

1974 3122 2018 3179 C

2021 532 2149 589 lcat.
2177 531 2234 586 ld
2263 532 2408 587 enim
2437 533 2725 588 cliaritatis
2751 531 3056 602 proprium,
3085 538 3144 584 ut
3167 544 3378 594 eorum,
3411 528 3506 599 qui
3537 546 3601 584 ea

2019 641 2144 694 qua:
2176 626 2296 695 ejus
2324 631 2453 679 sunt
2483 633 2754 694 quaerunt,
2783 639 2954 684 unum
2985 623 3230 678 animum
3262 637 3326 676 ac
3353 622 3604 676 volunta—

2027 725 2132 770 tem
2167 715 2383 770 efﬁciat.

2093 808 2182 862 49.
2213 806 2495 878 Siquidem
2526 823 2590 862 ea
2614 804 2742 860 boni
2769 814 2967 860 natura
2992 813 3076 859 est
3100 812 3262 874 atque
3288 803 3518 870 indoles,
3546 815 3606 860 ut

2023 913 2147 968 qua:
2175 897 2350 952 divisa
2383 906 2512 952 sunt
2544 899 2700 952 uniat
2733 905 2789 951 et
2818 895 3098 950 contineat
3127 912 3140 948 :
3170 895 3296 948 mali
3329 896 3486 964 plane
3515 911 3608 965 ge-

1984 998 1986 1001 ‘
2025 987 2153 1042 nius
2183 988 2310 1051 erit,
2350 996 2411 1042 ut
2441 1002 2563 1056 quae
2597 992 2726 1040 sunt
2764 983 2916 1038 unita
2958 969 3169 1037 dividat
3200 995 3264 1035 ae
3307 980 3604 1034 interimat.

2027 1074 2228 1131 Malum
2258 1078 2406 1132 enim
2435 1085 2629 1131 natura
2663 1074 2988 1144 dissipatum
3013 1080 3096 1126 est
3124 1079 3180 1124 et
3212 1069 3493 1132 mutabile,
3527 1068 3612 1121 in-

2028 1172 2336 1241 stabileque
2367 1180 2428 1226 et
2471 1169 2842 1233 multiforme,
2876 1183 2939 1222 ac
2981 1165 3127 1236 quod
3159 1164 3484 1220 divisionem
3521 1163 3607 1216 in-

2029 1259 2214 1317 ducat.

2105 1355 2192 1410 50.
2227 1351 2512 1408 Liberatio
2545 1361 2575 1406 'a
2609 1349 2767 1404 malis
2797 1347 3073 1408 omnibus.
3101 1344 3393 1413 brevisque
3421 1341 3490 1396 ‘ad
3523 1358 3612 1396 sa-

2032 1450 2202 1505 lutem
2229 1449 2338 1512 via,
2370 1461 2498 1500 vera
2525 1452 2609 1498 est
2637 1457 2760 1497 cum
2792 1441 3070 1512 agnitione
3097 1438 3190 1492 Dei
3223 1437 3466 1500 dilectio,
3493 1452 3613 1490 om-

2033 1539 2228 1608 nisque
2287 1552 2415 1606 erga
2469 1549 2668 1604 corpus
2728 1531 3141 1600 mundumque,
3195 1526 3616 1597 indulgen‘tioris

2033 1629 2205 1682 animi
2238 1625 2549 1690 abdicatio;
2596 1639 2724 1692 qua,
2773 1620 3070 1690 voluptatis
3115 1617 3413 1687 cupiditate
3457 1616 3615 1670 dolo-

2037 1721 2223 1790 risque
2265 1725 2416 1772 metu
2449 1701 2716 1785 excussis,
2748 1728 2779 1766 a
2811 1727 2979 1782 pravo
3013 1711 3106 1764 illo
3131 1725 3385 1779 caecoque
3415 1721 3615 1778 carpo-

2033 1813 2112 1866 ris
2135 1825 2322 1866 amore
2353 1808 2674 1870 liberamur,
2710 1803 2778 1858 ad
2803 1804 3068 1869 Auctoris
3091 1802 3458 1872 cognitionem
3481 1799 3584 1854 sub
3600 1829 3613 1840 ο

2033 1904 2215 1968 vecti;
2251 1903 2480 1972 ejusque
2529 1899 2654 1953 loco
2695 1897 2906 1953 bonum
2942 1897 3094 1949 illum
3125 1905 3288 1963 atque
3317 1894 3614 1949 honestum

2035 1992 2392 2063 intelligentis
2422 1990 2588 2045 animi
2625 2003 2889 2053 amorem,
2912 1987 3218 2056 corporalis
3246 1985 3474 2040 allectus
3492 1983 3616 2038 labe

2035 2099 2234 2156 purum
2272 2081 2480 2152 adepti,
2525 2096 2592 2135 eo
2635 2079 2862 2148 obsequi
2897 2078 3010 2133 Deo
3041 2092 3150 2131 non
3177 2091 3476 2139 cessamus,
3523 2074 3618 2144 qui

2038 2176 2208 2232 animi
2252 2188 2469 2243 semper
2518 2170 2954 2226 incolumitatem
3006 2183 3072 2222 ex
3122 2167 3235 2222 Deo
3287 2179 3616 2235 quzeramus.

2038 2269 2140 2324 Hie
2181 2267 2328 2323 enim
2361 2279 2528 2320 verus
2561 2262 2763 2325 cultus,
2797 2274 3038 2330 vereque
3080 2259 3192 2313 Deo
3226 2266 3483 2326 acceptus
3514 2265 3617 2322 est,

2040 2368 2101 2413 ut
2133 2371 2332 2427 nempe
2372 2355 2692 2424 diligentem
2739 2350 2924 2405 animo
2950 2350 3218 2404 virtutum
3267 2347 3487 2404 solliciti
3521 2362 3620 2401 cu-

2042 2466 2161 2506 ram
2194 2447 2572 2503 adhibeamus.

2117 2628 2205 2681 5l.
2233 2625 2338 2692 Qui
2362 2623 2701 2694 corporalem
2733 2621 3070 2690 voluptatem
3098 2633 3163 2673 ac
3198 2617 3482 2673 libidinem
3511 2631 3622 2673 non

2045 2716 2415 2785 concupiscit,
2456 2729 2559 2768 nec
2601 2713 2848 2767 dolorem
2892 2710 3119 2765 omnino
3155 2709 3384 2772 metuit,
3421 2709 3627 2778 imper-

2048 2808 2252 2864 turbati
2302 2807 2579 2876 solutique
2626 2805 2776 2860 vitiis
2826 2804 2993 2858 animi
3055 2801 3284 2857 exstitit.
3334 2800 3480 2855 'Cum
3543 2798 3640 2854 his

2047 2901 2217 2963 enim,
2246 2912 2548 2969 eorumque
2572 2904 2820 2967 parente,
2850 2909 3022 2966 pravo
3051 2893 3143 2948 illo
3169 2909 3234 2947 ac
3263 2907 3408 2947 οωςο
3433 2905 3630 2961 corpo-

2049 2991 2126 3044 ris
2159 3003 2367 3053 amore,
2399 2995 2628 3042 cunctos
2676 2986 2873 3040 borum
2920 2999 3108 3049 causa,
3133 2997 3314 3052 exque
3361 2980 3471 3036 illis
3503 2995 3633 3035 suc-

2051 3091 2362 3138 crescentes
2391 3080 2642 3144 allectus,
2673 3094 2798 3134 eum
2833 3077 3094 3132 vitiorum
3135 3090 3348 3131 summe
3383 3073 3632 3145 principe

2054 3172 2339 3243 primaque
2369 3169 2605 3241 origine,
2629 3165 3102 3238 ignorantiag'uno
3125 3166 3279 3221 velut
3315 3164 3427 3218 ictu
3459 3163 3630 3218 inter-

2053 3264 2224 3327 emit,
2272 3271 2531 3331 totusque
2566 3259 2749 3315 stabili
2801 3257 2878 3312 illi
2918 3266 2983 3313 et
3027 3257 3292 3321 manenti,
3329 3255 3637 3325 eodemque

2054 3372 2114 3412 se
2143 3355 2307 3411 modo
2338 3369 2556 3425 semper
2583 3352 2832 3418 habenti,
2862 3365 2927 3407 ac
2958 3361 3155 3406 natura
3197 3351 3345 3405 bono
3370 3348 3636 3403 honesto-

2056 3463 2163 3521 que
2193 3448 2442 3511 adbaesit,
2478 3461 2601 3501 cum
2652 3445 2745 3499 illo
2773 3443 3071 3499 immobilis
3108 3457 3338 3514 prorsus
3384 3454 3640 3512 perseve-

2058 3553 2222 3604 rans,
2265 3553 2329 3593 ac
2359 3537 2598 3592 revelata
2645 3535 2781 3590 faeie
2829 3534 2982 3604 quasi
3029 3535 3088 3588 in
3138 3533 3363 3604 speculo
3395 3531 3637 3587 divinam

375 3628 606 3699 gloriam
649 3631 1030 3700 contemplans
1061 3629 1137 3698 ⁷⁸⁰;
1173 3645 1239 3686 ex
1273 3631 1458 3688 lucido
1498 3646 1669 3703 penes
1707 3634 1956 3706 seipsum
1992 3634 2306 3709 splendore,
2331 3631 2572 3687 divinam
2604 3646 2668 3687 ac
2696 3631 3032 3686 inaccessam
3085 3628 3392 3683 claritatem
3454 3625 3640 3680 animo

377 3723 754 3778 considerans.

451 3814 553 3866 νον.
586 3813 699 3882 Τὴν
732 3811 926 3883 ἡδονὴν
951 3810 1053 3880 τῆς
1086 3812 1369 3883 παρούσης
1409 3812 1553 3884 ζωῆς
1586 3815 1678 3868 καὶ
1707 3815 1807 3886 τὴν
1832 3815 1952 3870 ὀδύ-

378 3921 502 3976 νην,
529 3905 632 3974 ὅση
661 3904 911 3974 δύναμις,
967 3903 1354 3975 ἀρνησώμεθα,
1408 3905 1503 3958 καὶ
1555 3908 1734 3978 πάσης
1763 3907 1954 3960 παθῶν

390 3993 634 4056 ἐπινοίας
665 3995 727 4064 (ί)
759 3995 860 4048 καὶ
881 3993 1271 4063 δαιμονιώδους
1313 3997 1651 4067 κακουργίας
1675 3997 1955 4063 παντελῶς

386 4084 904 4158 ἀπαλλαγησόμεθα.
960 4085 1057 4138 Διὰ
1105 4085 1214 4157 γὰρ
1261 4087 1360 4157 τὴν
1402 4087 1596 4160 ἡδονὴν
1651 4091 1954 4162 ἀγαπῶμεν

385 4177 455 4232 τὰ
483 4177 655 4249 πάθη,
687 4178 782 4231 καὶ
809 4176 897 4230 διὰ
936 4175 1036 4248 τὴν
1075 4175 1271 4250 ὀδύνην
1300 4179 1576 4249 φεύγομεν
1604 4183 1702 4252 τὴν
1731 4183 1953 4255 ἀρετήν.

466 4355 556 4425 ιγ’.
606 4353 825 4427 Ἐπειδὴ
863 4356 1013 4409 πᾶσα
1043 4355 1210 4409 κακία
1251 4355 1463 4426 πέφυκε
1496 4359 1609 4420 τοῖς
1639 4355 1960 4410 συνιστῶσιν

2131 3812 2292 3885 522
2321 3813 2408 3868 5‘2.
2435 3813 2570 3868 Vitae
2598 3811 2765 3883 hujus
2794 3809 3130 3881 voluptatem
3169 3817 3334 3879 atque
3369 3807 3637 3877 dolorem,

2059 3918 2264 3977 quanta
2301 3905 2542 3960 facultas
2586 3912 2691 3968 est,
2723 3903 3061 3965 abdiccmus,
3095 3901 3352 3971 omnique
3378 3902 3636 3957 vitiorum

2059 3997 2244 4052 animo
2275 3997 2420 4062 labe,
2457 3996 2875 4065 daemonumque
2923 3995 3261 4065 malignitate
3305 3996 3528 4065 penitus
3569 3997 3638 4052 li-

2059 4086 2401 4141 berabimur.
2431 4086 2741 4154 Voluptatis
2776 4086 2920 4138 enim
2957 4084 3310 4154 libidinisque
3358 4085 3637 4153 illecebra,

2060 4177 2193 4232 vitia
2217 4176 2557 4245 all‘eetusque
2581 4174 2891 4244 diligimus;
2921 4183 3179 4246 metuque
3202 4174 3429 4242 doloris,
3461 4177 3640 4230 virtu-

2063 4277 2172 4324 tem
2199 4269 2438 4336 fugimus
2460 4282 2521 4321 ac
2543 4281 2881 4320 aversantur.

2137 4360 2223 4415 55.
2254 4357 2394 4416 Cum
2435 4374 2608 4414 omne
2655 4357 2853 4412 vitium
2905 4371 3012 4412 una
3061 4371 3186 4413 cum
3239 4356 3423 4413 modis
3457 4359 3640 4429 ipsum

393 4447 566 4518 αὐτὴν
601 4445 1034 4519 συμφθείρεσθαι
1087 4448 1329 4520 τρόποις,
1381 4449 1651 4521 εὑρίσκων
1685 4450 1759 4504 δι’
1787 4451 1949 4521 αὐτῆς

2063 4451 2521 4522 promoventibus
2559 4465 2655 4505 seu
2698 4448 3067 4504 conﬂantibus
3097 4449 3342 4519 proclive
3373 4450 3638 4515 intereat;

389 4538 492 4603 τῆς
518 4535 714 4603 πείρας
745 4537 775 4590 δ
814 4537 1123 4608 ἄνθρωπος,
1159 4539 1339 4612 πάσης
1360 4540 1555 4612 ἡδονῆς
1585 4537 1724 4594 εἶναι
1747 4541 1963 4605 πάντως

391 4628 495 4697 τὴν
515 4627 716 4700 ’ὀδύνην
747 4629 1016 4700 διάδοχον,
1043 4631 1182 4702 πρὸς
1219 4631 1316 4701 μὲν
1338 4631 1439 4702 τὴν
1470 4631 1684 4704 ἡδονὴν,
1716 4631 1964 4703 τὴν-ὃλην

399 4719 557 4789 ἔσχεν
592 4721 772 4792 ὁρμήν
793 4736 808 4750 ·
848 4722 984 4792 πρὸς
1014 4722 1070 4774 δὲ
1098 4721 1196 4792 τὴν
1219 4721 1434 4794 ὀδύνην,
1465 4723 1562 4794 τὴν
1594 4723 1723 4795 ὃλην
1747 4725 1965 4793 ἀποφυ-

397 4803 536 4881 γήνο
563 4814 663 4883 τῆς
687 4813 817 4883 μὲν,
851 4814 998 4868 »κατὰ
1025 4815 1206 4868 πᾶσαν
1237 4813 1987 4887 ὁπεραγωνιζόμενος·δύνα-’

401 4925 496 4978 μιν
517 4923 532 4938 ·
562 4908 666 4979 τῆς
691 4907 770 4972 δὲ,
791 4909 938 4962 κατὰ
967 4909 1151 4962 πᾶσαν
1175 4909 1410 4980 σπουδὴν
1435 4908 1964 4979 καταγωνιζόμενος,

391 4999 664 5070 οἰόμενος,
697 5000 1139 5072 ὅπεράμήχανον
1164 4996 1259 5072 ἦν,
1293 5000 1381 5054 διὰ
1406 5001 1506 5070 τῆς
1536 5000 1789 5068 τοιαύτης
1835 5000 1968 5071 μεθ-

391 5089 855 5163 οδείας,-ἀλλήλων
875 5093 1076 5155 ταύτας
1095 5091 1402 5163 διαστῆσαι,
1429 5093 1522 5145 καὶ
1546 5091 1681 5164 μόνῃ
1712 5093 1775 5162 τῇ
1803 5091 1964 5164 ἡδονῇ

467 5249 513 5280 ’⁸
542 5248 587 5304 Il
611 5247 737 5304 Cor.
762 5264 841 5313 ut,
871 5248 960 5302 12.

493 5397 530 5456 ι)
558 5394 767 5455 "dom;
794 5384 998 5440 παθῶν
1019 5383 1306 5456 ἐπινοίας.
1339 5383 1444 5456 Pro
1465 5381 1725 5456 λογισμοῦ
1753 5383 1972 5456 videtur

398 5453 729 5531 usurpasse;
774 5468 834 5513 ut
862 5455 1130 5531 signiticet
1165 5453 1588 5531 ipsu_m__vitium_
1618 5463 1673 5531 et
1711 5454 1966 5531 allectum

396 5522 582 5588 animo
625 5522 936 5584 haerentem
969 5522 1302 5596 juxtaqued
1331 5522 1517 5596 vario.
1572 5524 1804 5596 ἐπίνοια,
1834 5526 1970 5596 ,ὅταν

396 5621 481 5665 τις
535 5603 597 5654 τὰ
640 5602 768 5652 ὅντα
794 5599 940 5666 ὲντῇ
971 5592 1179 5664 διανοίᾳ
1222 5593 1422 5666 θεωρῇ.
1463 5592 1582 5666 Νρη
1631 5593 1767 5666 satis
1828 5595 1968 5649 bene

398 5661 559 5728 Picus
587 5688 600 5723 :
624 5671 698 5726 Ab
719 5671 864 5723 omni
889 5661 1166 5736 difectuum'
1185 5661 1463 5736 Δορὶηἰοηιε.
1502 5661 1760 5736 Possit‘et
1795 5666 1971 5736 subtig

401 5742 506 5797 lem
526 5741 823 5812 cogitatum
845 5748 896 5794 et
925 5732 1360 5812 adiuventio‘nem
1382 5747 1596 5797 sonare,
1622 5732 1698 5786 uti
1719 5735 1970 5804 sequenti

2068 4552 2350 4612 comperto
2371 4542 2565 4606 homo,
2611 4540 2691 4596 rei
2740 4539 2860 4610 ipso
2887 4540 3153 4611 periculo,
3198 4539 3346 4595 omni
3374 4539 3639 4608 voluptati

2068 4635 2292 4689 omnino
2319 4633 2563 4688 dolorem
2587 4632 2995 4688 comitem-esse
3026 4650 3038 4688 :
3073 4633 3130 4687 in
3151 4633 3486 4702 voluptatem
3525 4629 3645 4700 qui-

2071 4726 2234 4791 dem,
2269 4724 2380 4779 vim
2404 4739 2634 4780 omnem
2674 4723 2996 4795 appetentis
3043 4725 3248 4787 animi,
3291 4725 3354 4779 in
3395 4724 3644 4779 dolorem

2071 4833 2225 4883 vero,
2249 4817 2428 4888 fugam
2455 4831 2674 4870 omnem
2711 4817 3016 4873 convertit:
3041 4816 3191 4872 illius
3209 4817 3430 4886 quidem
3457 4827 3650 4879 causa,

2073 4911 2203 4966 totis
2228 4910 2441 4965 viribus
2471 4910 2789 4976 decertans;
2823 4910 2969 4965 hunc
3001 4925 3154 4976 vero,
3177 4909 3333 4964 omni
3367 4908 3645 4980 diligentia

2074 5017 2429 5074 Oppugnans;
2466 5018 2664 5073 nempe
2708 5009 2862 5056 ratus
2907 5001 3025 5057 fore
3077 5001 3240 5074 (quod
3291 5003 3516 5057 omnino
3545 5002 3648 5056 im-

2073 5095 2340 5165 possibile
2377 5097 2516 5165 erat)
2549 5103 2615 5149 ut
2655 5110 2716 5149 ea
2759 5095 2980 5149 solertia
3015 5103 3269 5166 ~arteque,
3301 5094 3530 5149 alterum
3577 5095 3646 5148 ab

2037 5410 2040 5414 λ
2071 5387 2409 5456 εῐτιῐίιηίοθρ.
2441 5386 2551 5449 Τὰς
2589 5385 2905 5456 ἀμυθήτους
2941 5385 3048 5440 τῶν
3077 5385 3414 5456 φθοροποιῶν
3459 5386 3648 5442 παθῶν
3680 5376 3682 5378 ⁷

2069 5455 2392 5522 ἐπινοοῦμεν
2422 5455 2686 5523 γενέσεις.
2729 5457 2796 5512 Ut
2831 5457 2962 5511 velit
2992 5455 3105 5512 fore
3141 5455 3346 5512 liberos
3387 5457 3535 5512 omni
3568 5459 3652 5512 vi-

2072 5527 2147 5580 tio
2173 5525 2485 5597 aeaﬁ‘ectu,
2521 5535 2634 5597 tum
2667 5527 2824 5596 cujus
2854 5528 3014 5582 nobis
3045 5527 3148 5597 ipsi
3181 5535 3435 5583 auctores
3475 5527 3650 5583 simus

2069 5595 2309 5676 propria.
2347 5595 2768 5664 adinventione,
2833 5605 2947 5652 tum
3007 5595 3168 5670 cujus
3220 5597 3496 5656 (temones
3551 5613 3650 5656 sua

2069 5673 2442 5736 suggestione.
3001 5701 3004 5704 ~
