4094 6204
374 305 506 374 1201

1087 308 1422 372 CAPITUM
1457 311 1880 388 QUINQUIES
1913 315 2433 378 CENTENORUM
2473 315 2860 380 CENTUBJA
2898 315 2950 375 Ι.

3491 310 3625 382 120:2

450 425 547 490 ιη’.
585 417 853 490 Καθάπερ
879 419 908 471 ὁ
932 417 1089 487 λόγος
1117 421 1336 492 κρατῶν
1363 421 1470 474 τῶν
1497 423 1688 478 παθῶν
1705 464 1720 490 ,
1756 426 1951 496 ἀρετῆς

2128 427 2218 483 58.
2272 426 2743 495 Quemadmodum
2797 426 2940 480 ratio
2980 422 3268 492 aﬂ‘ectibus
3312 424 3622 495 dominus,

371 510 603 581 ὄργανον
647 514 882 591 ποιεῖται
921 511 1021 576 τὰς
1050 513 1334 584 αἰσθήσεις
1355 531 1372 546 ο
1409 514 1550 569 οὕτω
1581 517 1675 570 καὶ
1703 518 1772 572 τὰ
1805 517 1952 589 πάθη

375 603 680 675 κρατοῦντα
711 603 806 657 τοῦ
837 603 1028 672 λόγου,
1089 605 1356 676 μορφοῦσι
1383 607 1480 672 τὰς
1506 608 1784 679 αἰσθήσεις
1817 609 1954 680 πρὸς

374 692 670 762 ἁμαρτίαν.
729 693 836 746 Καὶ
881 693 987 764 χρὴ
1037 695 1316 766 νηφόντως
1365 700 1587 752 σκοπεῖν
1621 715 1681 751 τε
1726 699 1818 753 καὶ
1856 717 1951 770 μευ

371 782 531 854 λετᾷν
556 823 572 850 ,
628 782 746 848 πῶς
792 786 826 854 ἠ
872 784 1018 855 ψυχὴ
1065 785 1164 857 τὴν
1197 787 1368 859 καλὴν
1410 789 1697 861 ποιήσεται
1725 790 1954 857 δεόντως

369 874 754 946 ἀντιστροφὴν,
785 879 900 938 τοῖς
920 877 987 930 δι’
1005 870 1080 930 ὧν
1103 878 1162 931 τὸ
1185 880 1313 950 πρὶν
1335 881 1670 952 ὲπλημμέλει
1692 885 1950 956 χρωμένη

375 965 514 1037 πρὸς
539 965 760 1035 γένεσιν
790 968 1002 1038 ἀρετῶν
1035 971 1129 1022 καὶ
1157 971 1470 1027 ὑπόστασιν.

392 1215 398 1219 ﬁ
444 1141 543 1196 v0'.
575 1142 648 1196 Τὸ
675 1143 832 1211 ἅγιον
859 1142 1212 1214 Εὐαγγέλιον,
1240 1149 1508 1219 σαρκικῆς
1531 1151 1628 1220 μὲν
1650 1152 1950 1222 εἰσηγεῖται

375 1232 521 1303 ζωῆς
549 1234 796 1305 ἄρνησιν,
833 1237 1215 1306 πνευματικῆς
1235 1238 1292 1290 δὲ
1318 1239 1629 1309 ὁμολογίαν.
1666 1243 1800 1314 Περί
1826 1244 1950 1297 τού-

373 1341 481 1376 των
508 1324 566 1376 δὲ
590 1325 734 1392 λέγω
754 1365 771 1391 ,
831 1325 939 1379 τῶν
970 1326 1058 1378 ἀεὶ
1089 1328 1188 1395 μὲν
1222 1330 1364 1382 κατὰ
1393 1331 1483 1383 τὸν
1508 1331 1790 1403 ἄνθρωπον
1808 1375 1823 1396 ,
1857 1335 1951 1388 λέ-

375 1431 458 1483 γω
486 1414 542 1467 δὲ
574 1417 673 1486 τὴν
702 1416 1049 1488 ἀνθρωπίνην
1078 1419 1136 1471 ὲν
1164 1424 1330 1491 σαρκὶ
1362 1423 1503 1475 κατά
1527 1423 1617 1476 τὸν
1640 1426 1810 1480 αἰῶνα
1832 1426 1953 1480 τοῦ-

375 1521 467 1557 τον
518 1507 690 1575 ζωὴν,
727 1508 1214 1578 ἀποθνησκόντων,
1269 1511 1486 1575 ζώντων
1526 1515 1582 1567 δὲ
1630 1518 1775 1570 κατά
1821 1518 1952 1573 Θεδν

379 1595 527 1665 μόνῳ
567 1595 644 1666 τῷ
687 1598 826 1650 [1νεὺ
837 1616 962 1666 part
985 1641 1000 1666 ,
1057 1601 1199 1655 κατὰ
1223 1601 1314 1656 τὸν
1339 1603 1479 1658 θεῖον
1511 1606 1829 1661 Ἀπόστολον
1859 1610 1953 1663 καὶ

374 1687 504 1750 τοὺς
535 1688 672 1758 ἀμφ’
692 1689 853 1742 αὐτὸν
876 1689 981 1760 (n),
1033 1693 1161 1755 τοὺς
1185 1691 1393 1756 ζῶντας
1418 1697 1517 1767 μὲν
1541 1698 1790 1769 οὐδαμῶς
1814 1700 1952 1756 ἰδίαν

375 1783 523 1854 ζωὴν
545 1826 560 1850 ,
617 1785 796 1849 ζῶντα
821 1787 876 1840 δὲ
908 1787 998 1840 τὸν
1024 1789 1258 1858 Χριστὸν
1288 1792 1345 1844 ἐν
1371 1793 1583 1856 ἑαυτοῖς
1609 1795 1749 1849 κατά
1782 1797 1951 1868 μόνην

375 1874 600 1943 ἔχοντας
650 1877 749 1945 τὴν
788 1875 986 1948 ψυχήν.
1048 1880 1235 1946 Οὕτως
1277 1884 1326 1936 οἰ
1369 1883 1457 1937 διὰ
1496 1885 1586 1940 τὸν
1617 1885 1751 1939 Θεὸν
1784 1889 1842 1941 ἐν
1873 1888 1951 1959 τῷ

374 1963 531 2018 αἰῶνι
564 1965 736 2036 τούτῳ
775 1969 960 2039 νεκροὶ
992 1975 1154 2041 σαρκί
1179 2012 1194 2034 ,
1252 1973 1528 2044 κρίνονται
1556 2014 1570 2038 ,
1623 1976 1830 2047 Θλίψεις
1860 1977 1952 2033 καὶ

377 2054 646 2124 βασάνους
691 2057 890 2122 πολλὰς
929 2063 1023 2115 καὶ
1055 2066 1415 2135 στενοχωρίας
1456 2065 1689 2136 ἔχοντες,
1733 2071 1826 2123 καὶ
1870 2071 1950 2123 δι-

373 2149 618 2216 ωγμοὺς,
644 2150 736 2204 καί
757 2151 927 2221 μυρία
958 2157 1282 2226 πειρασμῶν
1308 2157 1422 2228 εἴδη
1455 2159 1594 2228 μετά
1612 2162 1789 2230 χαρᾶς
1818 2162 1950 2215 ὑπο-

378 2238 652 2306 μένοντες.

446 2332 508 2397 ξ’.
563 2336 678 2388 Πᾶν
711 2336 882 2400 πάθος
921 2339 1062 2392 κατὰ
1098 2339 1416 2410 συμπλοκὴν
1448 2341 1663 2406 πάντως
1692 2344 1949 2416 αἰσθητοῦ

373 2437 518 2485 τινος
550 2425 644 2477 καί
671 2429 974 2497 αἰσθήσεως
994 2471 1008 2495 ,
1059 2431 1152 2483 καὶ
1187 2432 1421 2500 φυσικῆς
1447 2433 1747 2504 δυνάμεως,
1778 2436 1950 2507 θυμοῦ

373 2510 517 2580 λέγω
545 2515 706 2585 τυχὸν
729 2555 744 2578 ,
798 2517 830 2589 ἢ
859 2519 1152 2590 ἐπιθυμίας
1177 2563 1191 2586 ,
1246 2520 1279 2592 ῆ
1319 2521 1476 2589 λόγου
1502 2527 1953 2595 παρατραπέντος

374 2602 470 2656 τοῦ
513 2607 653 2660 κατά
700 2607 881 2675 φύσιν,
942 2610 1274 2665 συνίσταται.
1323 2611 1448 2665 Ἐὰν
1476 2609 1570 2666 οὖν
1600 2613 1660 2666 τὸ
1690 2615 1825 2686 πρὸς
1854 2616 1950 2670 ἀλ-

376 2692 512 2762 ληλα
541 2696 682 2749 κατὰ
713 2698 961 2753 σύνθεσιν
985 2700 1136 2764 τέλος
1159 2740 1172 2764 ,
1221 2701 1316 2755 τοῦ
1349 2719 1405 2754 τε
1448 2703 1705 2774 αἰσθητοῦ
1733 2705 1825 2758 καὶ
1851 2707 1952 2777 τῆς

377 2783 703 2854 αἰσθήσεως,
735 2788 830 2842 καὶ
858 2791 956 2859 τῆς
985 2791 1072 2842 ἐπ’
1094 2793 1231 2862 αὐτῇ
1261 2792 1496 2862 φυσικῆς
1521 2793 1802 2864 δυνάμεως
1828 2795 1954 2849 θεωο

383 2873 550 2942 ρήσας
579 2877 606 2928 ό
635 2877 757 2940 νοῦς
776 2918 790 2941 ,
847 2879 1048 2950 δυνηθῇ
1083 2881 1219 2950 πρὸς
1247 2881 1339 2933 τὸν
1361 2884 1560 2935 οἰκεῖον
1585 2883 1743 2951 φύσει
1771 2885 1949 2952 λόγον,

377 2963 582 3017 τούτων
636 2967 869 3022 ἕκαστον
915 2970 1200 3040 διακρίνας
1243 2972 1629 3042 ἐπαναγαγεῖν,
1687 2976 1782 3029 καὶ
1814 2976 1950 3029 θεω-

1983 1771 2022 1832 Β

2056 516 2277 573 virtutis
2300 533 2565 590 organum
2581 533 2804 575 sensum
2829 515 2995 573 edicit
3015 533 3028 569 :
3049 517 3131 571 sic
3148 531 3368 586 quoque
3395 516 3624 573 allecth

2057 609 2254 664 rationi
2285 610 2632 665 dominantes
2659 623 2856 664 sensus
2893 607 2962 662 ad
2990 615 3274 677 peccatum
3306 606 3624 664 informant.

2053 701 2233 773 Atque
2266 702 2404 758 adeo
2431 704 2616 758 sobria
2641 712 2825 758 mente
2849 700 3246 758 attendendum
3272 715 3336 755 ac
3367 699 3627 755 conside-

2055 793 2309 860 randmn,
2342 809 2580 864 quonam
2609 794 2773 849 modo
2797 794 3017 848 animus
3056 793 3454 847 convenienter
3491 808 3628 848 can-

2053 885 2366 939 versionem
2393 885 2640 939 facturus
2657 884 2761 950 sit;
2792 883 2997 954 quibus
3017 883 3229 954 pridem
3246 882 3598 952 delinquebat
3616 912 3633 938 ν

2052 972 2169 1029 hmo
2192 974 2259 1029 ad
2286 973 2558 1044 parandas
2581 973 2817 1030 virtutes
2836 987 3038 1043 easque
3064 970 3450 1027 sustentandas
3470 969 3626 1026 adhi-

2051 1065 2208 1120 bens.

2122 1159 2210 1214 59.
2245 1157 2508 1214 Sanctum
2553 1156 2935 1229 Evangelium,
2962 1154 3087 1210 vita:
3127 1153 3364 1209 carnalis
3401 1151 3626 1206 abdicao

2052 1248 2282 1312 tionem,
2330 1261 2394 1302 ac
2421 1247 2686 1318 spiritalis
2713 1246 3112 1317 professionem
3153 1243 3336 1298 docet.
3371 1241 3528 1308 Quod
3557 1237 3627 1298 ad

2052 1340 2196 1405 illos,
2223 1341 2468 1409 inquam,
2499 1338 2718 1404 attinet,
2751 1338 2844 1408 qui
2869 1335 3171 1393 secundum
3198 1336 3479 1390 hominem
3501 1335 3629 1407 (hu-

2052 1446 2268 1486 manam
2308 1430 2522 1486 scilicet
2556 1430 2612 1484 in
2650 1444 2815 1484 carne
2846 1444 2945 1499 pro
2975 1428 3142 1498 hujus
3168 1427 3354 1482 sazculi
3391 1441 3514 1492 usu,
3540 1426 3623 1480 vi-

2053 1522 2184 1593 tam)
2224 1537 2441 1592 semper
2488 1520 2800 1575 moriuntur
2822 1521 2889 1584 ¹¹,
2921 1519 3148 1588 soloque
3186 1518 3388 1588 spiritu
3430 1533 3628 1573 secun-

2053 1612 2184 1668 dum
2207 1614 2379 1668 Deum
2407 1613 2621 1678 vivunt,
2656 1611 2803 1666 haud
2823 1626 2983 1666 secus
3012 1625 3075 1665 ac
3094 1609 3314 1664 divinus
3331 1609 3630 1678 Apostolus

2055 1717 2120 1758 ac
2153 1703 2247 1773 qui
2278 1700 2467 1757 aﬂines
2494 1702 2650 1756 illius
2669 1708 2828 1767 sunt;
2854 1700 2946 1770 qui
2979 1700 3185 1763 vivant,
3211 1714 3324 1754 non
3341 1700 3453 1770 jam
3492 1716 3626 1769 pro-

2051 1795 2226 1865 priam
2261 1794 2464 1858 vitam,
2509 1791 2604 1846 sed
2660 1791 2935 1845 viventem
2984 1791 3039 1844 in
3090 1805 3147 1845 se
3177 1789 3457 1844 Christum
3509 1789 3630 1846 solo

2050 1887 2234 1941 animo
2259 1884 2573 1940 habeant".
2591 1883 2652 1959 In
2665 1897 2791 1937 eum
2818 1881 3042 1936 modum
3056 1880 3375 1952 judicantur
3390 1881 3628 1950 carne“,

2051 1975 2148 2046 qui
2190 1983 2418 2044 propter
2470 1972 2643 2026 Deum
2701 1971 2757 2025 in
2805 1970 2911 2025 hoc
2955 1971 3156 2025 saeculo
3215 1970 3420 2024 mortui
3475 1977 3625 2035 sunt,

2049 2081 2326 2121 aerumnas
2347 2064 2550 2118 multas
2573 2073 2629 2117 et
2657 2061 2936 2117 cruciatus
2972 2076 3037 2116 ac
3079 2061 3497 2131 persecutiones
3526 2059 3628 2114 ha-

2050 2157 2286 2222 bentes,
2344 2155 2748 2224 innumeraque
2805 2152 3170 2207 tentationum
3231 2168 3430 2221 genera
3499 2163 3626 2206 cum

2047 2247 2249 2322 gaudio
2275 2249 2630 2302 sustinentes.

2123 2340 2212 2396 60.
2266 2339 2512 2394 Affectus
2557 2335 2775 2399 omnis,
2812 2350 2908 2389 seu
2961 2333 3144 2404 passio
3190 2342 3354 2402 atque
3408 2331 3625 2398 vitium,

2051 2432 2276 2486 omnino
2303 2447 2370 2485 ex
2402 2429 2686 2497 complexu
2721 2425 2798 2480 rei
2836 2424 3068 2494 alicujus
3089 2423 3142 2477 in
3167 2439 3390 2478 sensum
3424 2421 3625 2479 caden-

2054 2525 2145 2589 tis,
2193 2535 2525 2591 sensusque,
2559 2533 2622 2572 ac
2675 2515 2838 2588 525
2875 2515 3141 2570 naturalis
3170 2514 3448 2570 facultatis
3494 2514 3633 2584 (ira:

2030 2617 2182 2688 puta
2227 2622 2320 2668 aut
2359 2609 2695 2682 cupiditatis,
2728 2617 2822 2662 aut
2858 2606 3087 2662 rationis
3133 2606 3202 2660 ab
3243 2621 3310 2662 eo
3355 2621 3630 2676 perversae

2053 2705 2198 2776 quod
2226 2713 2394 2759 estex
2421 2700 2635 2773 natura)
2670 2699 2973 2768 consurgit.
3006 2698 3158 2753 Mens
3191 2697 3395 2768 igitur,
3428 2697 3634 2752 horum

2057 2797 2202 2852 inter
2252 2811 2310 2849 se
2364 2793 2666 2849 secundum
2722 2790 3172 2860 compositionem
3215 2789 3460 2857 dispecto
3521 2787 3628 2842 fine

2055 2889 2192 2961 (tum
2238 2885 2449 2939 scilicet
2498 2883 2577 2937 rei
2607 2898 2728 2952 qua:
2767 2896 2987 2935 sensum
3026 2887 3241 2942 movet,
3297 2885 3412 2931 tum
3456 2876 3631 2946 ipsius

2053 2992 2267 3041 sensus,
2290 2974 2656 3042 tuindenique
2685 2972 2948 3026 naturalis
2973 2971 3028 3024 in
3053 2985 3119 3024 eo
3151 2967 3471 3038 facultatis),
3497 2966 3632 3021 dum

381 3054 545 3154 ρῆσαι
581 3055 700 3108 καθ’
728 3059 887 3111 ἑαυτὸ
920 3060 980 3112 τὸ
1008 3061 1262 3131 αἰσθητὸν
1286 3103 1300 3128 ,
1357 3061 1486 3116 ἄνευ
1523 3067 1620 3134 τῆς
1653 3068 1788 3136 πρὸς
1818 3068 1951 3121 αὐτὸ

2055 3069 2266 3140 singula
2287 3067 2566 3123 subtiliter
2596 3065 2937 3135 discernens,
2967 3063 3024 3116 in
3060 3061 3336 3132 propriam
3371 3060 3629 3132 quodque

379 3146 478 3214 τῆς
525 3146 826 3216 αἰσθήσεως
870 3151 1137 3221 σχέσεως,
1187 3153 1281 3206 καὶ
1311 3155 1408 3225 τὴν
1432 3156 1683 3228 αἴσθησιν
1706 3159 1829 3228 δίχα
1855 3161 1954 3228 τῆς

379 3235 472 3287 τοῦ
503 3237 760 3307 αἰσθητοῦ
796 3241 932 3311 πρὸς
961 3245 1127 3314 αὐτὴν
1157 3248 1488 3317 οἰκειότητος
1514 3265 1526 3277 ⁸
1586 3249 1680 3303 καὶ
1710 3251 1807 3320 τὴν
1837 3251 1955 3302 ἐπι-

380 3327 580 3397 θυμίαν
629 3332 759 3401 φέρε
806 3335 978 3387 εἰπεῖν
1001 3375 1015 3400 ,
1077 3337 1110 3406 ἢ
1148 3338 1313 3410 ἀλλην
1344 3341 1466 3394 τινά
1495 3341 1602 3393 τῶν
1631 3339 1771 3395 κατά
1794 3341 1954 3410 φύσιν

378 3419 659 3489 δυνάμεων
710 3425 875 3493 χωρὶς
929 3427 1028 3496 τῆς
1071 3430 1349 3498 ὲμπαθοῦς
1385 3433 1736 3502 ὲπάἰσθήσει
1764 3451 1823 3486 τε
1861 3435 1954 3488 καὶ

379 3507 622 3579 αἰσθητῷ
665 3511 954 3577 διαθέσεως
979 3531 994 3546 ’
1057 3516 1132 3579 ὡς
1179 3520 1212 3587 ἡ
1259 3520 1351 3571 τοῦ
1384 3521 1588 3583 πάθους
1616 3522 1746 3574 ποιά
1776 3540 1954 3592 παραυ

381 3601 632 3664 σκευάζει
665 3603 761 3673 τὴν
792 3604 1026 3676 θεωρίαν
1063 3609 1306 3675 γίνεσθαι
1337 3611 1547 3681 κίνησις
1571 3653 1586 3676 ,
1642 3613 1952 3666 διεσκέδασε

378 3691 472 3742 καὶ
523 3692 815 3761 ἐλέπτυνε,
872 3698 1012 3751 κατά
1050 3698 1140 3752 τὸν
1168 3699 1333 3753 πάλαι
1363 3701 1456 3753 τοῦ
1488 3702 1702 3774 Ἰσραὴλ
1730 3701 1948 3772 μόσχον,

375 3781 470 3834 τοῦ
512 3785 821 3854 οίουδήποτε
869 3788 1254 3858 συμϐαίνοντος
1308 3792 1513 3854 πάθους
1547 3793 1644 3863 τὴν
1670 3792 1947 3860 σύστασιν,

379 3875 474 3926 καὶ
524 3875 627 3927 ὑπὸ
671 3876 731 3930 τὸ
779 3877 924 3948 ὕδωρ
954 3881 1054 3950 τῆς
1083 3882 1333 3950 γνώσεως
1361 3883 1632 3954 ἔσπειρεν,
1685 3886 1952 3954 ἀφανίσας

379 3965 655 4030 παντελῶς
684 3967 777 4019 καὶ
794 3969 960 4040 αὐτὴν
983 3971 1090 4023 τῶν
1115 3971 1299 4024 παθῶν
1321 3974 1418 4042 τὴν
1439 3973 1598 4046 ψιλὴν
1624 3977 1949 4044 φαντασίαν,

378 4055 467 4110 διὰ
494 4061 591 4130 τῆς
609 4061 743 4131 πρὶς
772 4064 938 4116 ἑαυτά
965 4065 1074 4117 τῶν
1098 4064 1504 4122 ἀποτελούντων
1533 4069 1663 4122 αὐτὸ
1686 4070 1827 4124 κατά
1852 4069 1951 4140 φύ-

381 4161 464 4199 σιν
496 4149 831 4219 πραγμάτων
857 4151 1370 4219 ἀποκαταστάσεως.

445 4412 548 4481 ξαν.
595 4413 652 4466 '0
679 4414 895 4480 πολλοῖς
925 4416 1358 4493 πλημμελήμασι
1391 4423 1500 4477 τῶν
1530 4425 1593 4479 ἐκ
1619 4426 1718 4497 τῆς
1748 4427 1946 4500 σαρκὸς
1976 4425 2026 4486 D

378 4508 716 4579 παθημάτων
748 4512 1177 4584 κεκηλιδωμένος
1207 4516 1319 4587 βίος
1343 4557 1357 4582 ,
1423 4519 1588 4590 χιτὼν
1615 4522 1765 4576 ἐστιν
1791 4525 1947 4576 ἐσπι-

376 4599 634 4668 λωμένος.
679 4603 766 4666 Ὠς
821 4604 882 4658 ἐκ
913 4623 1056 4670 τινος
1092 4608 1199 4679 γὰρ
1240 4609 1536 4681 ἐνδύματος
1561 4615 1661 4683 τῆς
1689 4615 1830 4668 κατὰ
1855 4615 1948 4668 τὸν

377 4690 491 4759 βίον
539 4694 924 4766 ἀναστροφῆς,
984 4699 1212 4764 ἕκαστος
1256 4702 1364 4755 τῶν
1397 4702 1701 4772 ἀνθρώπων
1730 4706 1946 4775 διαφαίο

375 4783 561 4838 νεσθαι
612 4787 872 4856 πέφυκεν,
925 4792 1034 4845 εῐτε
1083 4794 1307 4858 δίκαιος,
1344 4797 1453 4848 εῖτε
1484 4798 1703 4862 ἄδικος*
1768 4801 1796 4854 ὁ
1824 4801 1943 4872 μὲν,

375 4874 578 4942 χιτῶνα
635 4878 871 4950 καθαρὸν
927 4881 1084 4952 ἔχων,
1146 4885 1236 4938 τὸν
1279 4887 1532 4957 ἐνάρετον
1580 4888 1731 4958 βίον·
1790 4891 1826 4942 ό.
1862 4891 1942 4956 δὲ,

375 4970 631 5038 πονηροῖς
660 4970 1038 5043 ἐσπιλωμὲνην
1064 4975 1242 5044 ἔργοις
1268 4979 1366 5048 τὴν
1408 4977 1552 5049 ζωὴν
1585 4981 1940 5051 κεκτημένος.

377 5057 449 5109 “Η
479 5059 700 5127 μᾶλλον.
737 5063 1110 5134 ὲσπιλωμένος
1135 5067 1240 5120 ἀπὸ
1263 5072 1362 5139 τῆς
1387 5070 1583 5139 σαρκός
1610 5071 1725 5124 ἐστι
1749 5071 1938 5142 χιτὼν,

374 5147 406 5217 ἡ
442 5147 584 5200 κατά
633 5152 936 5216 συνείδησιν
982 5156 1264 5225 μορφοῦσα
1321 5155 1410 5210 διὰ
1445 5157 1546 5227 τῆς
1577 5161 1797 5231 μνήμης
1833 5163 1941 5215 τῶν

445 5303 492 5334 ³⁸
521 5303 543 5359 Ι
569 5303 697 5360 Cor.
733 5319 822 5371 xv,
849 5304 937 5362 5i.

447 5441 527 5518 (τι)
569 5443 739 5518 κατὰΔ
764 5441 870 5518 τὸν
916 5443 1481 5518 θεῖον-Ἀπόστολον,
1511 5448 1607 5502 καί
1642 5449 1782 5515 τοὺς
1806 5450 1952 5518 ἀμφ’

376 5512 583 5566 αὐτόν.
626 5513 690 5565 Et
727 5513 815 5566 hic
844 5514 1002 5583 longe
1044 5515 1294 5579 aberrat,
1329 5517 1458 5572 dum
1507 5519 1579 5573 ita
1626 5512 1952 5583 reddithx

376 5585 636 5658 sententia
665 5583 844 5658 divini
874 5584 1116 5658 Apostoli
1159 5597 1314 5658 (νε-γεω
1352 5588 1463 5657 ejus
1497 5599 1773 5658 prwccpto.
1816 5588 1950 5644 Cum

1012 5306 1057 5337 "
1085 5305 1257 5362 Galat.
1289 5325 1347 5375 ιι,
1372 5309 1461 5364 20.
1538 5313 1584 5344 ’³
1616 5312 1636 5366 1
1671 5311 1817 5366 Petr.
1843 5327 1917 5377 tv,
1946 5312 1999 5366 6.

2055 3169 2249 3216 natura
2309 3160 2575 3214 rationem
2624 3156 2891 3212 reducere
2937 3155 3219 3224 potuerit:
3254 3168 3370 3207 rem
3418 3152 3631 3206 scilicet

2054 3266 2176 3322 qua)
2200 3263 2424 3304 sensum
2462 3255 2666 3310 movet,
2699 3246 2870 3316 ipsam
2903 3260 3000 3313 per
3027 3259 3087 3298 se
3115 3243 3320 3312 absque
3348 3257 3543 3296 sensus
3572 3240 3627 3293 in

2053 3357 2174 3396 eam
2222 3338 2664 3404 necessitudine;
2720 3352 2783 3390 ac
2815 3335 3199 3404 cupiditatem,
3227 3332 3381 3387 verbi
3417 3332 3586 3402 gratia
3609 3370 3627 3395 ,

2055 3445 2150 3484 seu
2179 3429 2340 3482 aliam
2363 3425 2654 3496 quamdam
2692 3422 3026 3476 naturalium
3059 3419 3378 3474 facultatum
3420 3418 3628 3489 absque

2054 3518 2348 3573 libidinosa
2405 3517 2461 3570 in
2507 3530 2727 3569 sensum
2777 3526 3002 3580 remque
3054 3525 3274 3564 sensum
3317 3519 3628 3564 moventem

2053 3610 2220 3664 animi
2246 3608 2538 3662 affectione
2583 3606 2818 3676 (qualem
2859 3603 2984 3657 talis
3021 3602 3267 3672 quaedam
3311 3600 3542 3655 affectus
3563 3616 3630 3656 ac

2051 3699 2298 3754 libidinis
2351 3698 2522 3753 motio
2593 3697 2732 3751 solet
2782 3702 3040 3764 prmstare
3093 3691 3626 3762 Considerationem)

2052 3791 2144 3846 hic
2173 3790 2459 3860 dissipavit
2496 3803 2560 3842 ac
2584 3785 2931 3849 comminuit,
2959 3784 3112 3837 velut
3146 3782 3384 3836 senioris
3412 3781 3629 3836 lsraclis

2051 3883 2285 3938 vitulum
2303 3882 2370 3946 ",
2403 3881 2636 3935 aﬂ‘cctus
2676 3877 2978 3949 cujuslibet
3008 3891 3102 3930 seu
3130 3873 3245 3928 vitii
3273 3889 3335 3928 ac
3358 3873 3629 3944 passionis

2049 3977 2229 4031 labem
2262 3982 2426 4044 atque
2463 3987 2601 4036 rem,
2645 3971 2857 4040 subque
2889 3967 3130 4023 scientia:
3154 3982 3291 4036 aqua
3315 3965 3627 4031 seminavit;

2051 4069 2166 4138 ipsa
2195 4081 2414 4138 quoque
2450 4065 2596 4119 nuda
2631 4077 2856 4133 prorsus
2885 4061 3178 4116 affectuum
3227 4057 3628 4127 libidinumqne

2049 4160 2381 4230 cogitatione
2403 4156 2624 4222 abolita,
2650 4171 2714 4210 ea
2739 4153 2973 4217 ratione,
2992 4151 3140 4222 quod
3167 4149 3377 4219 singula
3397 4161 3628 4218 qumque

2047 4253 2168 4308 haec
2194 4250 2504 4312 eilicientia,
2537 4245 2839 4303 secundum
2863 4252 3116 4299 naturam
3137 4242 3205 4296 ad
3224 4241 3401 4312 seipsa
3420 4237 3628 4293 fuerint

2051 4350 2307 4398 revocata
2333 4340 2550 4410 sibique
2582 4336 2816 4394 reddita.

2121 4436 2211 4491 (Si.
2245 4413 2370 4489 Vita
2403 4431 2593 4486 multis
2641 4427 2860 4484 delictis
2903 4441 2971 4480 ex
3024 4423 3207 4480 carnis
3240 4419 3627 4478 affectionibus

2054 4543 2151 4583 seu
2181 4524 2531 4596 passionibus
2553 4518 2969 4583 commaculata,
2993 4515 3178 4571 tunica
3195 4523 3278 4569 est
3300 4512 3525 4568 sordida
3563 4526 3628 4564 ac

2053 4617 2338 4688 inquinata
2359 4616 2427 4670 ".
2469 4613 2633 4669 Velut
2656 4611 2803 4667 enim
2829 4625 2896 4663 ex
2925 4606 3162 4678 quodam
3189 4603 3539 4664 indumento,
3559 4615 3627 4654 ex

2052 4710 2180 4764 vitae
2229 4706 2653 4764 conversatione
2707 4703 2945 4773 quisque
2987 4698 3271 4754 hominum
3309 4706 3370 4750 ut
3410 4695 3628 4747 eluceat

2051 4805 2404 4867 comparatus
2434 4801 2538 4858 est,
2568 4791 2683 4847 sive
2709 4792 2913 4862 justus,
2942 4788 3058 4841 sive
3083 4784 3304 4853 iniquus
3334 4789 3418 4835 est
3447 4798 3460 4833 :
3488 4780 3626 4833 alter

2051 4889 2296 4960 quidem,
2329 4883 2588 4939 mundam
2620 4881 2860 4935 tunicam
2886 4876 3116 4938 habens,
3141 4873 3306 4927 vitam
3327 4868 3628 4923 virtutibus

2048 4988 2330 5043 ornatam;
2365 4977 2503 5030 alter
2542 4987 2704 5034 vero,
2741 4971 2908 5024 vitam
2959 4966 3141 5038 pravis
3187 4963 3448 5033 operibus
3495 4975 3627 5014 con-

2048 5077 2378 5140 spurcatam.
2408 5065 2504 5120 Vel
2529 5063 2734 5134 potius,
2765 5059 2948 5114 tunica
2969 5057 3150 5120 carnis
3172 5049 3629 5118 sordibusinqui—

2049 5169 2195 5227 nata,
2225 5160 2449 5214 habitus
2478 5164 2562 5213 est
2585 5163 2846 5224 certaque
2871 5148 3182 5220 dispositio,
3220 5162 3285 5202 ex
3315 5140 3634 5200 carnalium

2077 5311 2122 5342 "
2149 5311 2331 5366 Exod,
2348 5326 2514 5374 xxxn,
2543 5306 2634 5363 20.
2709 5306 2757 5338 ’⁵
2786 5302 2940 5361 Iuda:
2961 5300 3051 5354 23.

2048 5449 2212 5523 etiam
2239 5448 2306 5504 de
2332 5448 2451 5523 ipso
2481 5457 2536 5503 et
2563 5447 2618 5523 in
2651 5459 2748 5523 sua
2785 5455 3015 5523 persona
3054 5433 3219 5523 dicta.)
3245 5433 3469 5523 .virique
3500 5447 3627 5523 cum

2049 5519 2143 5573 illo
2169 5507 2451 5588 apostolici
2477 5535 2542 5574 ac
2566 5517 2678 5573 divi
2716 5507 2918 5588 quibus
2970 5510 3049 5564 sic
3077 5507 3336 5588 Christus
3347 5572 3358 5583 _
3379 5507 3484 5559 vita
3525 5507 3625 5588 sit.

2052 5572 2220 5657 Piget.
2237 5572 2316 5648 sic
2335 5572 2400 5642 ea
2430 5572 2592 5644 trivio
2616 5603 2703 5642 res
2731 5572 3025 5646 adnotare;
3057 5576 3157 5634 sed
3181 5574 3234 5628 in
3263 5572 3453 5629 vitium
3492 5575 3630 5629 vitio

380 5653 471 5728 sit.
499 5651 675 5728 Divini
710 5651 946 5728 Apostol‘i
979 5655 1328 5728 et_si:ui(ium
1364 5651 1526 5718 more,
1561 5651 1708 5713 velut
1734 5659 1955 5714 divinus
2054 5651 2217 5728 cogor
2247 5659 2446 5714 alieno.

386 5725 681 5790 Apostolus
737 5724 914 5797 (cujus
956 5725 1155 5780 nedum
1207 5727 1319 5781 hwc
1371 5737 1496 5782 sunt
1547 5729 1732 5796 verba,
1762 5746 1952 5784 verum
