4062 6198
340 326 477 393 1205

1047 321 1384 386 CAPITUM
1420 321 1846 396 QUINOUIES
1879 319 2404 384 CENTENORUM
2442 318 2830 382 CENTURIA
2869 317 2910 380 Ι.

3462 309 3596 375 1205

331 436 595 506 Νυσαέως
647 435 884 510 μεγάλου
933 434 1240 506 Γρηγορίου
1293 432 1482 504 μαθὼν
1507 473 1526 497 ,_
1581 435 1663 487 ὅτι
1699 432 1788 494 διὰ
1817 429 1914 510 τὴν

2044 451 2280 508 nagnum
2311 433 2638 505 Gregorium
2668 431 2978 501 Nyssenum
3011 426 3130 499 (lib.
3155 425 3232 480 De
3266 423 3475 493 apiﬁde
3509 426 3604 478 ho.

330 530 431 604 τῆς
491 530 830 603 τελειότητος
875 527 1188 592 ἔκπτωσιν,
1248 526 1549 597 ἐπεισήχθη
1593 525 1788 584 ταῦτα,
1837 522 1916 594 τῷ

320 623 642 692 -ἀλογοτέρῳ
693 620 850 691 μέρει
893 619 1242 690 προσφυέντα
1287 619 1385 688 τῆς
1421 618 1672 686 φύσεως⁸
1729 618 1794 674 δι’
1817 609 1911 682 ὧν,

332 715 455 782 ἀντὶ
503 716 603 784 τῆς
654 711 928 784 μακαρίας
981 711 1075 765 καὶ
1118 711 1269 773 θείας
1306 710 1556 775 εἰκόνος,
1611 709 1774 774 εὐθὺς
1799 710 1917 780 ἅμα

334 809 412 878 τῇ
430 805 763 876 παραϐάσει,
784 803 1049 874 διαφανὴς
1071 803 1172 858 καὶ
1193 802 1444 872 ἐπίδηλος
1465 805 1526 855 ὲν
1546 802 1623 873 τῷ
1645 802 1920 874 ἀνθρώπῳ

339 897 562 972 γέγονεν
612 898 648 966 ἡ
694 895 802 960 τῶν
849 895 1061 962 ἀλόγων
1101 892 1258 958 ζῴων
1305 894 1586 964 ὁμοίωσις.
1628 895 1775 950 Ἐδει
1813 895 1922 966 γὰρ

341 989 440 1061 τῆς
476 989 638 1059 ἀξίας
679 989 772 1043 τοῦ
803 988 962 1055 λόγου
989 987 1360 1058 καλυφθείσης
1386 1026 1400 1052 ,
1459 988 1551 1057 ὑφ’
1573 983 1646 1042 ὧν
1675 990 1922 1056 ὲπεσπάτ-

342 1098 476 1134 σατο
509 1083 611 1149 τῆς
644 1080 870 1148 ἀλογίας
897 1079 1334 1149 γνωρισμάτων,
1389 1078 1612 1142 ἐνδίκως
1639 1079 1737 1150 τὴν
1761 1078 1924 1146 φύσιν

342 1173 451 1225 τῶν
507 1171 810 1243 ἀνθρώπων
857 1170 1213 1235 κολάζεσθαι·
1253 1171 1432 1239 σοφῶς
1461 1172 1540 1234 είς
1569 1169 1925 1242 συναίσθησιν

343 1262 448 1331 τῆς
497 1262 724 1332 λογικῆς
775 1263 1130 1333 μεγαλονοίας
1172 1262 1347 1316 ἐλθεῖν
1388 1262 1799 1334 οἱκονομοῦντος
1832 1259 1925 1316 τοῦ

345 1353 604 1420 Θεοῦςατδν
627 1354 940 1426 ἄνθρωπον.

419 1533 528 1598 ξςό
562 1531 720 1594 Καλὰ
742 1532 955 1601 γίνεται
983 1531 1078 1586 καὶ
1101 1531 1170 1588 τὰ
1194 1533 1346 1604 πάθη
1372 1534 1436 1588 ὲν.
1454 1534 1566 1604 τοῖς
1597 1532 1928 1600 σπουδαίοις,

347 1623 588 1693 ὁπηνίκα
619 1623 797 1692 σοφῶς
826 1623 965 1679 αὐτὰ
990 1623 1100 1678 τῶν
1132 1624 1461 1696 σωματικῶν
1492 1624 1929 1695 ἀποστήσαντες,

353 1715 490 1786 πρὸς
540 1715 640 1786 τὴν
690 1715 801 1776 τῶν
853 1715 1119 1788 οὐρανίων
1167 1715 1676 1789 μεταχειριζώμεθα
1715 1717 1928 1786 κτῆσιν

351 1804 483 1873 οἷον,
544 1809 632 1863 ὅτε
665 1809 764 1879 τὴν
793 1808 890 1879 μὲν
921 1808 1238 1879 ἐπιθυμίαν,
1287 1808 1384 1878 τῆς
1411 1809 1602 1880 νοερᾶς
1625 1808 1735 1862 τῶν
1761 1809 1924 1862 θείων
1960 1793 2002 1853 Β

354 1898 593 1967 ἐφέσεως
619 1899 906 1970 ὀρεκτικὴν
931 1899 1282 1969 ἐργασόμεθα
1311 1897 1557 1970 κίνησινο
1610 1898 1708 1969 τὴν
1735 1899 1931 1970 ἡδονὴν

353 1989 410 2042 δὲ
437 2032 451 2051 ,
484 1993 583 2060 τῆς
613 1991 705 2043 ἐπὶ
732 1993 850 2054 τοῖς,
877 1991 1042 2054 θείοις
1071 1989 1371 2062 χαρίσμασι
1404 1989 1497 2042 τοῦ
1522 1989 1612 2043 νοῦ
1643 1989 1935 2059 θελκτικῆς

353 2081 631 2151 ἐνεργείας
664 2082 1004 2153 εὐφροσύνην
1035 2084 1295 2152 ἀπήμονα
1319 2097 1334 2112 ·
1390 2083 1482 2135 τὸν
1513 2081 1570 2136 δὲ
1615 2082 1800 2150 φόϐον.
1834 2082 1935 2150 τῆς

354 2171 657 2242 μελλούσης
709 2173 802 2226 ἐπὶ
856 2173 1294 2243 πλημμελήμασι
1338 2173 1609 2243 τιμωρίας
1651 2171 1934 2243 προφυλα-

353 2262 550 2334 κτικὴν
580 2264 895 2334 ἐπιμέλειαν
916 2280 930 2296 ⁸
984 2267 1085 2336 τὴν
1111 2266 1168 2319 δὲ
1195 2265 1374 2336 λύπην
1393 2304 1408 2330 ,
1455 2264 1811 2335 διορθωτικὴν
1842 2263 1935 2316 ἐπὶ

353 2355 590 2426 παρόντι
629 2354 786 2426 κακῷ
825 2356 1210 2426 μεταμέλειαν.
1265 2356 1374 2410 Καὶ
1415 2357 1696 2426 συντόμως
1737 2357 1934 2421 εἰπεῖν,

354 2448 499 2500 κατὰ
548 2448 676 2516 τοὺς
718 2448 915 2516 σοφοὺς
958 2449 1068 2506 τῶν
1115 2448 1338 2520 ἰατρῶν,
1391 2447 1604 2518 σώματι
1631 2445 1934 2518 φθαρτικοῦ

355 2536 522 2608 θηρὸς
575 2536 674 2608 τῆς
715 2536 950 2607 ἐχίδνης,
976 2537 1075 2608 τὴν
1103 2535 1266 2591 οὖσαν
1293 2537 1326 2609 ἢ
1359 2536 1743 2608 μελετωμὲνην
1772 2537 1938 2605 ἀφαι-

358 2627 656 2697 ρουμένους
699 2627 965 2702 λώϐησιν,
1011 2630 1124 2701 τοῖς
1157 2627 1354 2681 πάθεσι
1384 2627 1595 2690 τούτοις
1622 2629 1757 2699 πρὸς
1785 2627 1937 2690 ἀναί-

360 2735 510 2789 ρεσιν
549 2717 820 2790 χρώμενοι
863 2719 1148 2790 παρούσης
1173 2719 1375 2782 κακίας
1403 2719 1435 2790 ἢ
1463 2718 1936 2790 προσδοκωμένης.

358 2809 455 2863 καὶ
488 2809 683 2880 κτῆσιν
719 2811 815 2868 καὶ
845 2809 1088 2880 φυλακὴν
1116 2808 1318 2880 ἀρετῆς
1344 2827 1405 2861 τε
1440 2809 1533 2862 καὶ
1557 2807 1831 2877 γνώσεως.

2025 530 2226 600 minis),
2263 544 2330 584 eo
2359 526 2506 598 quod
2539 526 2737 580 amissa
2777 519 3043 592 perfectio
3076 526 3215 581 erat,
3241 516 3604 573 subintrodu-

2027 633 2114 680 cta
2151 623 2284 685 haec,
2320 621 2373 675 ei
2396 619 2564 674 animi
2602 618 2744 688 parti
2768 613 3125 676 cohaerentia,
3161 627 3282 682 quas
3319 626 3350 666 a
3391 611 3606 665 ratione

2027 715 2295 771 remotior
2329 721 2412 769 est
2447 711 2709 780 :quibus,
2742 710 2864 764 loco
2916 707 3088 761 beata:
3117 704 3428 774 divinaeque
3472 703 3608 756 ima-

2028 808 2194 880 ginis,
2247 809 2439 862 statim
2465 819 2496 859 a
2547 801 3018 872 transgressione,
3057 797 3299 853 dilucida
3351 811 3416 852 ac
3457 797 3606 850 clara

2031 901 2323 956 brutarum
2355 895 2717 952 animantium
2750 891 3056 948 similitudo
3081 891 3135 943 in
3173 888 3397 943 homine
3432 887 3607 942 exsti—

2030 994 2116 1048 tit.
2144 991 2385 1047 Decebat
2414 988 2562 1044 enim
2597 985 2828 1042 rationis
2870 981 3188 1056 praestantia
3221 979 3278 1040 in
3305 979 3606 1034 obscurum

2031 1089 2240 1145 coacta,
2295 1079 2492 1135 merito
2539 1077 2728 1148 puniri
2783 1075 3086 1132 humanum
3131 1087 3323 1142 genus,
3357 1070 3425 1124 iis
3471 1084 3608 1139 quas

2031 1171 2320 1236 asciverat,
2371 1175 2588 1223 naturae
2618 1166 2867 1220 carentis
2900 1163 3114 1218 ratione
3138 1161 3319 1226 notis;
3355 1160 3467 1214 Deo
3514 1173 3604 1212 sa-

2033 1261 2378 1334 pientissime
2433 1257 2783 1327 disponente,
2841 1261 2902 1308 ut
2935 1269 3038 1324 per-
3075 1252 3225 1307 hunc
3268 1250 3516 1314 modum,
3550 1249 3606 1304 in

2034 1353 2326 1417 rationalis
2351 1349 2684 1422 praesumite
2705 1346 2881 1412 animi
2907 1359 3135 1406 sensum,
3175 1343 3342 1406 homo
3367 1341 3611 1404 adduce-

2037 1452 2214 1508 retur.

2107 1538 2196 1602 66.
2232 1535 2374 1605 Ipsae
2419 1548 2644 1604 quoque
2678 1531 3001 1605 passiones.
3057 1527 3400 1596 allectusun
3443 1524 3505 1590 in
3543 1525 3612 1584 iis

2034 1628 2132 1696 qui
2165 1625 2420 1692 studiosi,
2459 1623 2790 1693 honestique
2811 1621 3057 1688 cultores
3080 1626 3230 1684 sunt,
3253 1616 3390 1682 boni,
3407 1631 3472 1676 ac
3495 1616 3614 1672 lau-

2039 1719 2252 1782 dabiles
2281 1717 2630 1780 redduntur;
2659 1728 2785 1775 eum
2815 1713 3097 1782 sapienter
3127 1726 3162 1774 a
3185 1708 3470 1780 corppreis
3487 1722 3616 1768 avo-

2030 1820 2221 1868 cantes
2247 1808 2315 1864 ad
2339 1805 2710 1877 comparanda
2728 1819 2853 1874 qua:
2882 1802 3130 1862 cmicstia
3154 1809 3304 1865 sunt,
3335 1815 3432 1860 eos
3455 1815 3617 1858 usur-

2031 1917 2260 1975 pamus;
2298 1907 2361 1962 ut
2411 1913 2562 1962 cum,
2607 1895 2759 1958 verbi
2795 1893 2993 1966 gratia,
3028 1893 3189 1974 536
3231 1891 3614 1961 cupiditatem.

2033 1994 2238 2050 mentis
2267 1999 2478 2054 motum
2494 1989 2806 2060 appetentis
2829 1987 3014 2051 divina
3041 1985 3344 2048 faciemus;
3364 1983 3618 2051 volupta-

2035 2093 2169 2149 tem,
2218 2083 2502 2147 innoxiam
2553 2081 2796 2140 animum
2831 2077 3129 2142 mulcentis
3182 2091 3247 2132 ac
3296 2073 3606 2137 illicientis,

2035 2175 2358 2236 divinorum
2385 2173 2656 2232 donorum
2680 2172 2955 2242 largitate,
2978 2168 3320 2240 operationis
3341 2166 3616 2230 laetitiam,

2039 2277 2270 2330 metum,
2295 2265 2467 2327 futuri
2497 2264 2832 2328 delictorum
2853 2277 3020 2324 causa
3045 2259 3322 2330 supplicii,
3347 2258 3419 2316 ob
3443 2271 3617 2326 eaque

2041 2357 2438 2428 impendentis,
2461 2365 2680 2419 cautam
2709 2353 3089 2424 diligentiam;
3116 2350 3392 2410 tristitiam
3417 2347 3619 2406 animi-

2041 2467 2149 2523 que
2181 2450 2450 2512 doiorem,
2486 2463 2594 2518 qua
2620 2461 2864 2518 praesens
2891 2446 3096 2506 malum
3120 2442 3478 2510 emendemiis
3501 2456 3622 2520 pre-

2036 2541 2352 2608 nitentiam.
2388 2543 2591 2611 Atque,
2627 2523 2686 2594 ut
2712 2539 2881 2598 semel
2907 2538 3106 2602 dicam,
3147 2551 3274 2594 cum
3309 2535 3622 2606 sapientum

2037 2634 2384 2696 medicorum,
2415 2646 2589 2696 more,
2626 2631 2785 2702 cujus
2813 2630 2869 2684 in
2897 2629 3031 2686 feris
3052 2643 3298 2709 praesens
3336 2640 3615 2682 venenum

2037 2733 2142 2784 est.
2171 2724 2375 2794 viperae
2428 2737 2686 2790 corpore,
2726 2728 3056 2791 prmsentcm,
3098 2735 3200 2784 seu.
3241 2718 3619 2779 imminentem

2039 2811 2324 2888 gibberem
2364 2810 2759 2881 depellentium
2783 2851 2796 2875 ,
2845 2809 2932 2866 his
2965 2810 3041 2870 ita
3069 2809 3361 2877 alifcctibus
3413 2807 3625 2864 utimur

362 2903 554 2958 utiliis
577 2912 909 2973 praesentem
939 2903 1208 2958 malitiam
1247 2909 1345 2957 aut
1373 2902 1753 2967 imminentem
1794 2901 2132 2981 perimamus
2190 2920 2255 2960 ac
2301 2913 2416 2960 tum
2451 2904 2716 2968 virtutem
2769 2913 2886 2966 tum.
2926 2902 3211 2970 SCicntiam
3272 2900 3624 2980 acquiramus

360 3008 426 3047 ac
448 2992 849 3052 custodiamus.

435 3084 531 3149 ξς.
580 3084 638 3137 ὐ
680 3084 778 3152 μὲν
823 3083 923 3153 τῆς
953 3081 1174 3154 πρώτης
1206 3081 1480 3152 Διαθὴκης
1510 3081 1692 3151 νόμος,
1723 3079 1812 3134 διὰ
1837 3081 1937 3150 τῆς

2113 3083 2203 3138 67.
2227 3081 2435 3138 Prioris
2457 3081 2799 3138 Testamenti
2825 3082 2933 3144 lex,
2952 3097 3050 3152 per
3075 3096 3195 3134 eam
3219 3080 3642 3162 philosophiam

365 3175 673 3246 πρακτικῆς
703 3174 1018 3243 φιλοσοφίας
1041 3215 1055 3237 ,
1111 3173 1312 3236 παντὸς
1347 3173 1624 3243 μολυσμοῦ
1656 3174 1752 3244 τὴν
1780 3173 1942 3248 φύσιν

363 3265 749 3336 ἀποκαθαίρει.
793 3265 851 3318 Ὀ
879 3266 935 3318 δὲ
963 3265 1065 3336 τῆς
1091 3265 1316 3336 Καινῆς,
1366 3264 1451 3317 διὰ
1475 3265 1576 3334 τῆς
1607 3266 1946 3337 θεωρητικῆς

373 3357 762 3426 μυσταγῳγίας
779 3397 793 3420 ,
829 3356 935 3410 ἀπὸ
959 3357 1068 3409 τῶν
1097 3356 1426 3426 σωματικῶν
1455 3356 1590 3427 πρὸς
1615 3358 1682 3411 τὰ
1709 3357 1943 3428 συγγενῆ

367 3451 477 3503 τῶν
523 3450 730 3520 νοητῶν
776 3448 1025 3520 θεάματα
1051 3488 1066 3514 ,
1129 3447 1220 3501 τὸν
1262 3447 1386 3502 νοῦν
1423 3449 1735 3516 γνωστικῶς
1760 3449 1946 3502 ἀναϐι-

372 3540 550 3604 ϐάζει.
955 3599 960 3606 _

444 3633 548 3703 ξη’.
596 3632 661 3685 Ἠ
695 3631 815 3685 θεία
849 3630 1070 3702 Γραφὴ,
1122 3630 1251 3692 τοὺς
1280 3630 1379 3699 μὲν
1408 3629 1814 3720 εἰσαγομένους,
1852 3630 1948 3684 καὶ

371 3724 466 3780 ἐπὶ
509 3724 579 3778 τὰ
616 3723 929 3793 προπύλαιά
961 3739 1064 3775 που
1091 3721 1464 3791 τυγχάνοντας.
1488 3723 1587 3791 τῆς
1609 3721 1757 3784 θείας
1780 3722 1947 3791 αὐλῆς

372 3814 478 3874 τῶν
502 3813 730 3895 ἀρετῶν,
765 3811 1176 3882 φοϐουμένους
1207 3811 1392 3864 καλεί”
1429 3813 1555 3875 τοὺς
1582 3811 1639 3864 δὲ
1670 3813 1948 3882 κτησαμέ-

374 3926 498 3972 νους
544 3907 855 3979 σύμμετρον
897 3907 1010 3972 ἕξιν
1050 3907 1157 3962 τῶν
1198 3908 1320 3961 κατ’
1342 3909 1542 3980 ἀρετὴν
1569 3907 1740 3977 λόγων
1765 3927 1824 3962 τε
1855 3911 1948 3963 καὶ

375 4001 592 4072 τρόπων
618 4041 636 4074 ,γ
683 3996 822 4056 οἶδεν
874 4001 1158 4070 ὀνομάζειν
1205 4002 1690 4070 προκόπτοντας·
1749 4002 1874 4065 τοὺς
1895 4002 1950 4054 δὲ

377 4092 496 4146 κατ’
523 4092 690 4163 αὐτὴν
743 4089 1061 4161 γνωστικῶς
1108 4093 1206 4163 ἤδη
1256 4093 1654 4162 γεγενημένους
1701 4093 1802 4163 τῆς,
1842 4093 1950 4146 τῶν

299 4203 302 4208 ·
377 4183 586 4252 ἀρετῶν
619 4183 950 4250 ἐκφαντικῆς
978 4183 1233 4253 ἀληθείας
1264 4181 1359 4252 τὴν
1390 4183 1653 4254 κορυφὴν,
1689 4201 1952 4254 προσαγο-

382 4267 526 4338 ρεύει
555 4269 839 4334 τελείους.
859 4269 916 4322 Ὀ
937 4270 1113 4326 τοίνυν
1127 4270 1225 4339 τὴν
1257 4271 1312 4322 ὲν
1337 4272 1448 4332 τοῖς
1465 4270 1696 4324 πάθεσιν
1719 4272 1951 4342 ἀρχαίαν

379 4359 722 4429 ἀναστροφὴν
773 4361 1164 4432 ἀποστραφεὶς,
1217 4362 1309 4420 καὶ
1363 4363 1544 4415 πᾶσαν
1596 4363 1788 4416 ἑαυτοῦ
1852 4361 1949 4434 τὴν

382 4449 619 4504 διάθεσιν
641 4451 730 4505 διὰ
758 4453 849 4506 τὸν
873 4453 1035 4521 φόϐον
1081 4451 1394 4516 ἐκδεδωκὼς
1430 4456 1539 4516 τοῖς
1579 4453 1742 4517 θείοις
1784 4471 1948 4525 προσ-

381 4541 676 4611 τάγμασιν,
708 4543 916 4606 οὐδενὸς
938 4544 1102 4598 καλοῦ
1118 4544 1226 4597 τῶν
1251 4544 1622 4612 εἰσαγομένοις
1642 4547 1957 4616 πρεπόντων

383 4630 726 4703 καθυστερεῖ·
761 4631 864 4688 κᾶν
891 4633 1043 4686 ούπω
1074 4633 1171 4698 τὴν
1203 4635 1262 4687 ὲν
1284 4635 1505 4705 ἀρεταῖς
1531 4634 1643 4698 ἕξιν
1666 4636 1955 4708 ἐκτήσατο,

386 4722 479 4774 καὶ
523 4721 622 4793 τῆς
675 4723 732 4774 ὲν
774 4725 886 4786 τοῖς
924 4723 1148 4788 τελείοις
1176 4724 1513 4796 λαλουμένηςι
1549 4725 1739 4797 σοιρίας
1769 4725 1960 4794 γέγονε

388 4813 635 4884 μέτοχος.
683 4813 824 4868 ’Δ).λ’
856 4814 977 4868 οὐδὲ
1027 4816 1055 4868 ὁ
1098 4817 1462 4894 προκόπτων,
1519 4816 1626 4870 τῶν
1675 4815 1962 4887 ἐπιϐεϐλη-

455 4925 556 4988 ’τι
587 4924 714 4982 Cor.
751 4942 808 4991 ιι,
841 4927 892 4982 6.

388 5037 816 5110 προηγουμένως
848 5054 861 5090 :
893 5052 1004 5092 non
1022 5038 1175 5110 bene
1198 5038 1261 5110 ai)
1286 5039 1438 5110 initio
1470 5055 1488 5110 .°
1523 5047 1628 5105 est,
1661 5041 1830 5110 primo
1860 5055 1958 5096 seu

387 5106 679 5178 primario;
723 5105 897 5178 prima
956 5107 1171 5178 scilicet
1208 5107 1590 5178 destinatione
1619 5150 1634 5174 ,
1662 5105 1733 5163 ac
1799 5111 1959 5178 quasi

390 5176 535 5246 Deus
554 5175 799 5246 creando
825 5177 1129 5241 hominem,
1164 5177 1252 5232 his
1276 5178 1429 5232 illum
1467 5179 1674 5246 stipare
1707 5175 1960 5235 intende.

387 5246 484 5318 rit.
523 5245 992 5318 Negatnhiavimus
1017 5262 1140 5300 cum
1191 5245 1571 5318 Nysseno;ac
1601 5263 1793 5302 verum
1842 5265 1962 5304 om-

385 5315 522 5386 nino
551 5314 622 5368 de
652 5314 942 5386 aﬂ'ectibus
979 5324 1039 5370 ut
1077 5327 1205 5371 sunt
1228 5314 1361 5372 vere
1426 5317 1572 5386 πάθη
1609 5333 1704 5371 seu
1739 5327 1958 5386 pertur-

388 5383 660 5457 bationes,
696 5385 1002 5457 vitiumque
1035 5387 1205 5450 olent,
1243 5403 1346 5457 nec
1379 5383 1621 5457 perfecte
1649 5383 1959 5457 subjiciun-

393 5464 491 5526 tur:
516 5453 736 5526 rationi.
774 5453 994 5523 Aliodui
1041 5465 1189 5512 certe
1232 5453 1399 5512 etiam
1435 5456 1539 5526 ipsi
1591 5456 1659 5526 ad
1713 5453 1956 5524 hominis

387 5519 764 5596 deﬁnitionem
787 5519 1058 5596 spectant,
1100 5541 1209 5596 non
1240 5519 1470 5596 quidem
1494 5525 1596 5582 sub
1619 5519 1836 5584 formali
1866 5543 1956 5583 ra-

389 5592 539 5647 tione
591 5592 852 5658 hominis,
876 5593 972 5648 sed
1007 5604 1067 5650 ut
1103 5592 1292 5650 etiam
1317 5596 1517 5650 animal
1558 5596 1807 5658 exsistit:
1851 5613 1958 5652 nec

386 5662 537 5736 enim
571 5661 740 5736 homo
786 5679 961 5736 purus
994 5666 1210 5736 animus
1239 5681 1307 5736 ac
1345 5681 1505 5736 mens,
1541 5673 1657 5736 est,
1691 5665 1746 5720 ni
1778 5665 1970 5736 Orige—

387 5731 551 5787 niane
573 5731 804 5788 sentire“
819 5732 1072 5790 velimus.
1101 5735 1418 5805 Passimque
1462 5735 1724 5790 Maximus
1749 5731 1954 5805 aliique

2045 3190 2168 3246 qua:
2195 3173 2398 3229 actioni
2439 3173 2646 3236 studet,
2684 3173 2753 3227 ab
2785 3172 2934 3228 omni
2963 3171 3126 3226 sorde
3149 3181 3400 3234 naturam
3427 3186 3626 3224 emun-

2045 3267 2157 3323 dat.
2211 3263 2350 3320 Novi
2404 3281 2536 3320 vero
2571 3263 2910 3322 Testamenti
2959 3264 3085 3327 lcx,
3145 3263 3628 3333 contemplationis

2047 3357 2356 3414 initiatione
2388 3355 2844 3426 abstrusioreque
2879 3355 3156 3420 doctrina,
3181 3370 3210 3409 a
3242 3355 3524 3432 corporeis
3559 3353 3626 3409 ad

2046 3449 2227 3504 aiiinia
2258 3447 2700 3531 intelligibiiium'
2737 3445 3077 3516 spectacula,
3116 3453 3354 3500 mentem
3402 3443 3627 3513 mystice

2047 3549 2356 3611 promovet.

2121 3633 2210 3688 68.
2248 3633 2445 3689 Divina
2476 3631 2782 3701 Scriptura,
2805 3645 2901 3685 eos
2925 3631 3019 3700 qui
3042 3630 3400 3694 inducuntur,
3423 3631 3627 3700 quique

2049 3725 2104 3780 in
2130 3723 2420 3788 vestibulis
2448 3723 2650 3777 divinae
2682 3720 2949 3775 virtutum
2996 3720 3134 3777 aulse
3181 3721 3333 3776 velut
3375 3736 3624 3775 commo-

2049 3823 2262 3879 rantur,
2292 3816 2530 3868 timentes
2564 3821 2750 3878 vocat;
2775 3811 2868 3881 qui
2891 3827 3024 3866 vero
3044 3819 3405 3880 temperatum
3431 3811 3624 3866 saltem

2052 3905 2273 3962 virtutis
2300 3905 2577 3960 rationum
2603 3903 3002 3973 modorumque
3031 3902 3280 3956 habitum
3307 3902 3451 3956 nacti
3473 3911 3624 3966 sunt,

2051 3997 2380 4069 proﬁcientes
2424 3997 2566 4052 solet
2593 3996 2876 4066 appellare
2905 4012 2919 4048 :
2957 3995 3053 4064 qui
3080 3995 3318 4064 denique
3348 3995 3414 4049 ad
3447 3994 3626 4063 ipsum

2049 4092 2160 4161 iam
2192 4089 2442 4144 veritatis
2470 4088 2707 4143 virtutes
2737 4087 3085 4156 expianantis
3119 4086 3384 4142 verticem
3405 4127 3418 4150 ,
3445 4088 3628 4141 scien-

2054 4179 2143 4232 tiae
2161 4177 2315 4234 cultu
2353 4192 2417 4232 ac
2451 4175 2937 4247 contemplationis
2964 4183 3352 4246 provexerunt,
3377 4175 3629 4246 perfectos

2051 4279 2356 4339 nuncupat.
2404 4269 2510 4336 Qui
2539 4269 2707 4340 igitur
2743 4277 3012 4335 veterem,
3047 4284 3155 4339 qua
3192 4269 3347 4324 vitiis
3389 4269 3632 4324 haerebat

2055 4377 2120 4422 ac
2147 4361 2438 4422 affectibus
2458 4361 2791 4432 iactabatur,
2823 4362 3295 4416 conversationem
3325 4369 3629 4424 aversatus,

2057 4467 2280 4510 omnem
2301 4452 2474 4506 animi
2498 4450 2782 4516 affectum,
2815 4467 2928 4522 quo
2964 4453 3161 4507 timore
3195 4453 3398 4524 agitur,
3431 4453 3636 4507 divinis

2053 4544 2341 4614 pmceptis
2371 4542 2615 4610 addixit;
2654 4544 2721 4608 is,
2759 4544 2916 4599 nullo
2945 4544 3075 4599 boni
3110 4560 3336 4615 genere,
3365 4544 3511 4613 quod
3539 4559 3634 4599 eos

2056 4635 2250 4692 deceat
2271 4635 2367 4705 qui
2398 4635 2790 4702 instituuntur,
2829 4635 3113 4700 deﬁcitur;
3144 4635 3358 4690 tametsi
3397 4634 3633 4689 necdum

2058 4725 2277 4783 ﬁrmum
2307 4726 2363 4781 in
2387 4727 2693 4784 virtutibus
2720 4727 2972 4783 habitum
3019 4735 3214 4782 nactus
3247 4737 3349 4790 est,
3373 4740 3476 4780 nec
3515 4725 3634 4793 ejus

2059 4817 2342 4888 sapientiae
2371 4834 2538 4889 quam
2562 4818 2867 4890 loquuntur
2890 4818 3038 4874 inter
3059 4818 3335 4888 perfectos
3353 4815 3419 4880 ",
3452 4813 3637 4870 factus

2059 5039 2249 5124 Patres
2281 5041 2519 5124 Iliorum-
2556 5042 2838 5124 ἐνέργειαν
2890 5041 2946 5095 in
2986 5041 3208 5124 C‘hristo
3264 5040 3638 5096 necessariam

2058 5110 2421 5171 contendunt.
2465 5119 2526 5165 ut
2549 5110 2753 5166 veritas
2779 5111 2835 5166 in
2860 5126 2928 5166 eo
2950 5119 3156 5166 naturze
3183 5110 3436 5165 bumanze
3474 5126 3634 5164 mon—

2060 5187 2354 5250 straretur.
2394 5180 2548 5236 Sicut
2578 5196 2710 5250 ergo
2731 5189 2891 5236 erant
2932 5181 2985 5250 in
3015 5181 3227 5236 Adamo
3254 5191 3311 5234 et
3344 5182 3476 5245 Eva,
3507 5181 3632 5249 qui-

2060 5247 2165 5319 bus
2191 5265 2292 5304 nos
2314 5251 2479 5305 nudis
2509 5247 2909 5311 erubéseimus,
2936 5249 3052 5319 ipsa
3082 5250 3250 5312 nuda,
3282 5260 3337 5304 et
3365 5266 3473 5304 non
3507 5247 3634 5303 eru-

2059 5318 2382 5384 bescebant,
2411 5321 2540 5389 quia
2571 5320 2628 5376 in
2662 5321 2744 5375 eis
2768 5318 2981 5374 nullum
3032 5320 3389 5375 rebellantem
3424 5329 3633 5373 motum

2058 5389 2398 5455 sentiebant;
2419 5389 2584 5458 inque
2617 5405 2740 5444 cum
2755 5390 2975 5443 modum
2993 5405 3184 5444 eorum
3204 5405 3432 5458 corpora
3467 5390 3634 5445 etiam

2063 5457 2730 5538 προηγουμένῳςοοηάἰιο
2750 5458 2969 5538 fuerant
2992 5476 3006 5513 :
3037 5460 3116 5515 sic
3139 5467 3195 5515 et
3216 5457 3385 5527 πάθη,
3405 5458 3635 5516 aﬂectus

2062 5525 2262 5581 virium
2285 5525 2639 5588 sentientium
2665 5537 2722 5600 et
2748 5529 3040 5600 ἐνέργειαι,
3071 5539 3237 5600 prout
3260 5525 3491 5600 qureque
3509 5544 3638 5598 pre-

2060 5611 2231 5666 pensa
2287 5605 2405 5652 erat
2461 5612 2622 5669 suum
2678 5597 2851 5654 tinem
2888 5608 2946 5654 et
2992 5597 3303 5669 obiectum;
3358 5597 3452 5655 sed
3507 5597 3632 5653 cum

2059 5681 2276 5790 surpta?
2309 5667 2703 5739 tranquillitate
2726 5708 2741 5735 ,
2794 5667 3503 5741 nullaque'perturiyatione
3541 5678 3640 5726 aut

2062 5752 2151 5790 mo
2177 5752 2235 5790 es
2266 5752 2334 5790 ia.

2062 5752 2334 5792 mowsua.
