4062 6198
481 282 618 351 ιείη

1654 286 1715 346 S.
1748 282 2045 346 MAXIM]
2084 280 2594 346 CONFESSORIS

3604 283 3751 348 1203

476 407 566 456 est
614 394 909 469 particeps.
957 395 1026 450 At
1067 410 1248 465 neque
1277 394 1373 466 qui
1422 394 1669 467 proiicit,
1711 397 1821 452 ulla
1856 411 2050 453 eorum

2158 398 2336 469 μένων
2375 395 2543 450 αὐτοῦ
2569 394 2647 469 τῷ
2685 397 2704 419 ⁶
2731 392 2927 466 βαθμῷ
2955 393 3136 449 καλῶν
3160 411 3308 460 τινος
3337 394 3585 468 ὑστερεῖ*
3634 399 3753 451 xiv

478 489 753 546 bonorum
800 495 956 559 parte
990 486 1336 553 destituitur,
1370 504 1493 560 qua:
1537 488 1605 543 ad
1654 490 1774 559 ejus
1820 487 2051 560 gradum

476 581 737 643 attinent,
770 593 1085 649 quanquam
1128 579 1368 634 necdum
1393 579 1643 635 eamdem
1678 590 1845 651 atque
1866 580 2053 651 perfe-

477 673 553 728 cti
584 670 946 727 excellentem
987 668 1304 725 divinorum
1345 670 1631 728 scientiam
1663 673 1897 743 adeptus
1940 679 2050 727 est.

476 759 712 818 Perfecti
755 759 929 825 enim,
968 759 1479 829 contemplatricem
1503 760 1617 831 jam
1653 760 1882 831 mystice
1916 759 2058 816 ade-‘

475 851 557 923 pti
590 850 944 921 theologiam,
981 850 1279 921 animoque
1310 866 1341 906 a
1372 858 1594 907 terreno
1617 851 1769 907 omni
1804 852 2053 924 cogitatu

475 958 756 1014 sensuque
791 949 1051 1014 purgato,
1079 957 1203 1013 qua:
1239 942 1415 1000 divini
1450 941 1674 1000 decoris
1696 952 1868 1000 totam
1898 945 2052 1000 nullo

475 1033 792 1090 desiderato
852 1047 1173 1104 expressam
1237 1033 1530 1106 imaginem
1587 1049 1652 1090 ac
1696 1035 2051 1091 simulacrum

475 1124 658 1190 ferat,
711 1122 958 1180 divinam
1009 1122 1338 1203 charitatem
1373 1124 1503 1187 sinu
1538 1139 1643 1181 suo
1689 1125 2051 1196 intimiusque

474 1217 751 1289 complexi
782 1216 1066 1275 videntur.

544 1326 634 1382 69.
664 1326 876 1397 Duplex
922 1333 1007 1382 est
1041 1324 1243 1392 timor;
1291 1324 1436 1380 alius
1467 1331 1686 1389 castus,
1738 1323 1882 1379 alius
1938 1336 2052 1378 non

474 1428 682 1476 castus.
715 1418 819 1487 Qui
854 1418 1003 1475 enim
1033 1417 1367 1474 delictorum
1396 1432 1583 1485 causa,
1609 1417 1894 1488 suspensis
1923 1432 2055 1488 sup-

475 1506 628 1584 plicii
658 1522 807 1569 metu
844 1512 1046 1567 animis
1085 1510 1247 1581 527
1285 1510 1453 1566 timor
1481 1508 1783 1573 conﬂatur,
1822 1524 1950 1565 cum
1984 1524 2053 1564 ex

473 1594 705 1676 peccato
745 1605 912 1660 ducat
939 1604 1232 1673 originem,
1277 1618 1343 1659 ac
1370 1602 1517 1673 quod
1563 1603 1762 1666 oritur,
1816 1601 1873 1657 in
1915 1600 2049 1656 illud

474 1710 699 1751 causam
739 1694 966 1760 referat,
997 1703 1186 1749 castus
1224 1708 1337 1748 non
1365 1701 1485 1758 est;
1525 1706 1631 1747 nec
1656 1692 1766 1747 erit
1808 1704 2046 1761 semper,

2153 491 2253 560 τὴν
2281 489 2454 560 αὐτὴν
2483 487 2636 543 οὔπω
2658 489 2774 552 τοῖς
2792 486 3020 550 τελείοις
3040 485 3419 559 ὑπερέχουσαν
3439 487 3555 544 τῶν
3575 486 3754 543 θείων

2151 581 2425 653 ἃκτήσατο
2464 579 2687 648 γνῶσιν.
2751 580 2814 631 Ol
2852 576 2963 648 γὰρ
2999 577 3220 641 τέλειοι,
3265 577 3367 648 τῆς
3393 576 3756 651 θεωρητικῆς

2153 672 2255 746 ἤδη
2291 672 2572 744 μυστικῶς
2601 669 2922 735 ἀξιωθέντες
2948 669 3245 739 θεολογίας,
3280 672 3376 725 καὶ
3405 672 3591 742 πάσης
3610 689 3757 741 94v-

2150 764 2349 828 τασίας
2381 764 2573 834 ὑλικῆς
2597 762 2692 815 τὸν
2719 760 2844 817 νοῦν
2871 760 3113 832 καθαρὸν
3142 762 3611 830 καταστήσαντες,
3646 762 3756 817 καὶ

2151 854 2359 920 εἰκόνος
2408 856 2508 926 τῆς
2546 854 2702 917 θείας
2744 852 3081 924 ὡραιότητος
3121 852 3254 924 ὅλην
3291 852 3600 919 summa»;
3637 855 3753 926 φέ-
3792 926 3795 929 Α

2154 965 2354 1022 ρουσαν
2382 946 2481 1019 τὴν
2506 945 2837 1017 ὲκμίμησιν,
2872 945 2975 1017 τὴν
3002 944 3155 998 θείαν
3179 943 3404 1016 ἀγάπην
3434 944 3493 999 ιν
3518 946 3754 1011 emet;

2152 1039 2628 1111 ἑνστερνισάμενοι
2656 1036 2956 1107 φαίνονται.
3780 1034 3801 1054 ‘

2224 1322 2323 1392 60'.
2377 1319 2563 1385 Διττός
2591 1318 2742 1373 ἔστιν
2768 1318 2797 1373 ό
2820 1316 3005 1386 φόϐος·
3040 1318 3070 1372 ό
3097 1316 3198 1382 μὲν
3240 1315 3426 1387 ἁγνός·
3458 1317 3487 1373 ό
3531 1315 3590 1373 δι
3640 1316 3751 1392 οῦκ

2154 1418 2338 1486 ἁγνός.
2384 1416 2444 1470 '0
2477 1413 2576 1486 μὲν
2607 1411 2716 1484 γὰρ
2761 1411 2854 1465 ἐπὶ
2883 1409 3324 1482 πλημμελήμασι
3356 1411 3479 1464 κατ’
3509 1410 3751 1482 hauriri

2152 1503 2430 1565 κολάσεως
2461 1501 2852 1571 συνιστάμενος
2897 1498 3082 1568 φόϐος,
3115 1498 3299 1554 αἰτίαν
3345 1498 3485 1571 ἔχων
3508 1500 3613 1570 τῆς
3663 1502 3748 1553 οἰ-

2151 1596 2310 1659 κείας
2331 1593 2600 1663 γενέσεως
2631 1593 2731 1663 τὴν
2759 1592 3054 1663 ἁμαρτίαν,
3086 1591 3185 1662 οὐχ
3215 1591 3397 1661 ἁγνὸς,
3433 1592 3560 1646 οὐδὲ
3584 1591 3750 1646 ἔσται

2151 1686 2466 1754 διαπαντὸς,
2500 1688 2567 1759 τῇ
2597 1685 2845 1757 ἁμαρτίᾳ.
2875 1685 2963 1739 διὰ
2991 1686 3092 1755 τῆς
3123 1683 3411 1755 μετανοίας
3437 1702 3753 1752 συναφανι-

472 1786 570 1857 qui
597 1800 706 1841 una
750 1800 876 1842 cum
918 1756 1146 1855 peccato
1190 1797 1292 1855 per
1330 1756 1709 1854 paenitentiam
1742 1756 2047 1838 abolea—tur.

2157 1782 2378 1852 ζόμενος
2402 1780 2495 1852 (ι’).
2532 1756 2592 1833 δέ)
2619 1779 2675 1833 δὲ
2704 1756 2830 1848 δίχα
2852 1777 2954 1844 τῆς
2979 1778 3071 1830 ἐπὶ
3098 1776 3530 1848 πλημμελήμασι
3557 1776 3752 1849 λύπης

473 1876 578 1943 Qui
610 1884 795 1932 autem
825 1876 1036 1946 absque
1066 1875 1280 1939 dolore,
1329 1875 1427 1945 qui
1464 1889 1532 1929 ex
1558 1873 1778 1928 delictis
1803 1873 2050 1943 concipi-

2151 1874 2241 1929 άεὶ
2272 1872 2562 1937 συνεστὼς,
2612 1865 2767 1935 οὗτος
2796 1870 2959 1940 φόϐος
2982 1868 3165 1938 ἁγνὸς,
3211 1869 3309 1922 καὶ
3335 1868 3433 1922 οὐκ
3455 1870 3751 1941 άπογενή-

473 1978 587 2035 tur,
614 1969 732 2038 ipse
759 1980 982 2038 semper
1019 1958 1214 2021 ﬁrmus
1241 1973 1485 2036 perstat,
1528 1965 1621 2020 hic
1663 1965 1830 2018 timor
1865 1973 2050 2019 castus

2157 1965 2306 2018 σεταί
2350 1981 2482 2018 ποτε
2507 1979 2521 1994 ·
2586 1962 2829 2032 διότιπερ
2874 1960 3146 2024 οὐσιωδῶς
3186 1960 3473 2032 ἐμπέφυκε
3505 1978 3628 2023 πως
3660 1960 3753 2031 τῷ

472 2065 580 2121 est,
604 2073 708 2113 nec
736 2054 978 2126 unquam
1004 2055 1221 2110 desinet
1256 2072 1269 2109 :
1294 2055 1441 2125 quod
1459 2069 1656 2124 nempe
1681 2054 1834 2108 velut
1864 2067 2053 2109 essen-

472 2148 683 2205 tialiter
720 2150 834 2203 Deo
862 2163 988 2219 erga
1024 2154 1337 2203 creaturam
1372 2147 1572 2202 insitus
1594 2152 1699 2209 est,
1734 2146 1854 2216 ejus
1884 2160 2051 2217 supra

472 2254 637 2296 omne
661 2252 888 2310 regnum
918 2254 983 2294 ac
1011 2247 1358 2310 potestatem,
1396 2238 1706 2294 naturalem
1736 2237 2052 2295 eminentiae

472 2333 814 2402 maiestatem
842 2333 1062 2386 cunctis
1085 2329 1431 2397 manifestam
1476 2330 1737 2386 reddens.

545 2443 635 2499 70.
660 2443 764 2511 Qui
797 2444 971 2499 Deum
1000 2458 1113 2499 non
1141 2451 1203 2499 ut
1223 2444 1465 2515 judicem
1490 2444 1666 2509 timet,
1694 2442 1790 2500 sed
1823 2452 2052 2516 propter

473 2535 731 2593 eximiam
759 2534 989 2591 inﬁnitae
1018 2535 1239 2591 virtutis
1263 2535 1643 2592 excellentiam
1674 2551 1800 2592 eum
1834 2549 2054 2592 revere-

472 2637 585 2692 tur,
604 2627 697 2683 bic
727 2627 925 2682 merito
946 2628 1096 2685 nulla
1126 2627 1338 2685 laborat
1364 2628 1547 2699 inapia
1564 2629 1632 2695 ",
1656 2629 1751 2698 qui
1775 2628 2053 2698 perfectus

473 2720 549 2776 sit
579 2720 635 2775 in
682 2720 982 2788 charitate;
1018 2722 1188 2776 Deum
1233 2721 1446 2775 scilicet
1473 2736 1599 2775 cum
1636 2720 1947 2776 reverentia
1987 2736 2053 2776 ac

402 2804 413 2819 ’
473 2812 692 2870 decenti
718 2813 921 2884 pietate
939 2812 1192 2883 diligens.
1220 2811 1430 2882 Hicquc
1450 2812 1589 2868 adeo
1608 2819 1711 2877 est,
1732 2812 1824 2882 qui
1855 2812 2052 2868 timore

471 2901 570 2960 illo
590 2905 854 2975 praeditus
873 2912 977 2967 est,
997 2904 1090 2974 qui
1108 2912 1391 2975 permanet
1420 2904 1477 2959 in
1503 2904 1762 2960 saeculum
1795 2904 2050 2969 saeculi”,

470 3003 530 3052 et
563 2995 652 3053 cui
686 2995 836 3051 nulla
866 3010 1096 3067 prorsus
1127 2994 1312 3066 inopia
1337 3003 1443 3051 est.

450 3110 479 3137 ο

545 3198 631 3253 7i.
659 3197 739 3253 Ex
787 3198 977 3259 rebus,
1041 3214 1230 3254 rerum
1280 3197 1578 3255 Auctorem
1634 3199 2047 3271 cognoscimus;

471 3305 649 3359 exque
696 3305 882 3345 rerum
930 3289 1225 3354 varietate,
1256 3291 1377 3361 ejus
1402 3290 1497 3360 qui
1535 3299 1619 3345 est
1657 3291 2047 3347 subsistentem

472 3378 739 3434 docemur
793 3378 1120 3449 sapientiam
1154 3396 1295 3434 :nec
1326 3396 1437 3435 non
1477 3396 1542 3437 ex
1586 3397 1774 3435 rerum
1808 3382 2048 3436 naturali

473 3474 663 3534 niotu,
704 3468 823 3537 ejus
866 3468 958 3539 qui
1007 3477 1092 3523 est
1134 3469 1526 3525 subsistentem
1567 3473 1733 3527 vitam
1777 3472 2051 3529 condisci-

472 3574 631 3625 mus;
675 3557 787 3612 vim
820 3559 1031 3614 scilicet
1067 3574 1130 3613 ac
1164 3561 1463 3630 potentiam
1500 3576 1687 3618 rerum
1725 3562 2048 3619 viviﬁcatri-

471 3665 616 3716 cem,
652 3648 918 3721 Spiritum
954 3660 1229 3705 sanctum.

542 3788 631 3842 72.
664 3786 903 3857 Spiritus
931 3795 1155 3842 sanctus
1176 3801 1206 3840 a
1226 3784 1373 3839 nulla
1413 3793 1666 3840 creatura
1698 3786 1874 3852 abest,
1904 3803 2048 3858 pra:-

473 3874 665 3931 sertim
694 3873 741 3928 si
773 3873 1088 3943 aliqualiter
1116 3873 1347 3927 rationis
1370 3873 1441 3928 sit
1468 3873 1766 3944 particeps.
1788 3870 2053 3932 Continet

469 3962 620 4019 enim
641 3978 706 4019 ac
719 3971 1008 4020 conservat
1027 3963 1460 4033 uniuscujusque
1476 3963 1786 4031 scientiam,
1803 3981 1872 4021 eo
1900 3967 2048 4036 quod

470 4053 618 4111 Deus
649 4069 713 4108 ac
769 4053 865 4110 Dei
926 4053 1186 4123 Spiritus,
1225 4069 1333 4123 qua
1385 4054 1594 4108 virtute
1644 4055 1910 4124 praeditus
1939 4067 2047 4122 est,

472 4144 842 4201 Providentiae
888 4144 1198 4199 rationibus
1244 4143 1429 4200 omnia
1465 4160 1779 4215 permeans,
1828 4161 1895 4201 ac
1926 4163 2050 4216 qua:

471 4233 777 4303 unicuique
831 4242 1028 4289 natura
1086 4233 1251 4299 inest,
1302 4249 1529 4290 movens
1586 4235 1894 4301 rationem;
1948 4251 2049 4306 per

471 4342 658 4397 quam,
701 4342 827 4382 eum
860 4326 956 4396 qui
987 4340 1153 4382 sensu
1180 4327 1290 4381 ullo
1324 4326 1589 4396 praeditus
1630 4328 1723 4393 sit,
1747 4328 1815 4382 ad
1849 4344 2046 4384 eorum

2148 2057 2269 2129 Θεῷ
2320 2057 2459 2126 πρὸς
2505 2057 2609 2127 τὴν
2652 2056 2868 2116 κτίσιν,
2933 2052 3257 2123 ποιούμενος
3302 2052 3524 2123 ἔκδηλον
3568 2053 3751 2108 αῦτοῦ

2150 2148 2288 2201 πᾶσι
2340 2147 2439 2216 τὴν
2483 2145 2718 2216 φυσικὴν
2763 2144 3185 2212 αἰδεσιμότητα,
3250 2142 3349 2213 τῆς
3381 2142 3519 2214 ὕπερ
3551 2145 3752 2197 πᾶσαν

2152 2238 2430 2311 βασιλείαν
2458 2237 2551 2292 καὶ
2580 2237 2808 2306 δύναμιν
2840 2237 3136 2308 ὑπεροχῆς.

2220 2431 2281 2489 ο’.
2329 2431 2389 2487 ’0
2426 2432 2500 2505 μὴ
2554 2430 2886 2501 φοϐούμενος
2928 2429 3019 2483 τὸν
3068 2429 3202 2483 Θεὸν
3244 2429 3322 2494 ὡς
3366 2427 3581 2501 κριτὴν,
3616 2424 3747 2480 ἀλλ’

2150 2526 2470 2596 αἰδούμενος
2505 2524 2667 2579 αὐτὸν
2698 2523 2784 2578 διὰ
2817 2522 2913 2589 τὴν
2952 2522 3398 2594 ὑπερϐάλλουσαν
3438 2519 3535 2589 τῆς
3574 2518 3749 2572 ἀπει-

2154 2637 2249 2690 ρου
2272 2618 2554 2689 δυνάμεως
2580 2616 2875 2688 ὑπεροχὴν,
2894 2617 2994 2670 οὐκ
3016 2616 3130 2686 ἔχει
3167 2615 3393 2679 δικαίως
3419 2611 3743 2683 ὑστέρημα,

2149 2710 2354 2773 τέλειος
2416 2709 2677 2781 ὑπάρχων
2722 2708 2779 2761 ὲν
2813 2712 2877 2780 τῇ
2906 2709 3113 2782 ἀγάπῃ,
3143 2709 3261 2778 μετ’
3290 2704 3472 2768 αἰδοῦς
3503 2703 3600 2759 καὶ
3632 2702 3749 2773 τῆς

2151 2802 2473 2873 πρεπούσης
2539 2800 2967 2870 σεϐασμιότητος
3023 2796 3257 2868 ἀγαπῶν
3296 2797 3389 2851 τὸν
3429 2796 3561 2848 Θεόν
3589 2812 3605 2826 ο
3639 2795 3747 2848 καὶ

2150 2888 2304 2955 οὗτός
2332 2895 2479 2947 ἐστιν
2501 2895 2528 2947 6
2564 2892 2905 2963 κτησάμενος
2946 2891 3036 2945 τὸν
3081 2890 3404 2960 διαμένοντα
3434 2885 3597 2955 φόϐον
3651 2886 3747 2949 εἰς

2150 2987 2322 3041 αἰῶνα
2349 2985 2562 3051 αἰῶνος,
2592 2984 2687 3038 καὶ
2701 2984 2803 3038 οὐκ
2831 2982 2979 3037 ἐστιν
3008 2981 3156 3053 αὐτῷ
3178 2979 3461 3052 ὑστέρημα
3488 2975 3741 3049 τοπαρά-

2079 3092 2122 3152 c
2158 3098 2265 3135 παν
2289 3078 2465 3135 οὐδέν.

2219 3191 2322 3248 οα’.
2355 3193 2453 3248 Ἐκ
2477 3193 2586 3245 τῶν
2610 3192 2799 3256 ὄντων,
2831 3189 2922 3245 τδν
2951 3187 3060 3244 τῶν
3092 3189 3260 3242 όντων
3283 3187 3625 3257 γινώσκομεν
3646 3186 3740 3242 at-

2150 3304 2265 3341 τιον
2289 3303 2303 3318 ·
2332 3287 2426 3340 καὶ
2448 3288 2511 3340 ἐκ
2539 3284 2639 3351 τῆς
2661 3283 2924 3352 διαφορᾶς
2951 3281 3059 3335 τῶν
3087 3282 3278 3346 ὄντων,
3307 3282 3409 3350 τὴν
3429 3280 3739 3334 ἐνυπόσταρ

2150 3396 2240 3432 τον
2264 3378 2357 3431 τοῦ
2381 3377 2532 3438 ὄντος
2551 3374 2916 3446 διδασκόμεθα
2929 3373 3144 3442 σοφίαν·
3168 3373 3262 3426 καὶ
3282 3375 3347 3426 ἑκ
3376 3372 3476 3442 τῆς
3502 3372 3613 3425 τῶν
3640 3371 3741 3426 θν-

2150 3490 2258 3525 των
2288 3470 2525 3541 φυσικῆς
2555 3469 2845 3540 κινήσεως,
2879 3466 2980 3536 τὴν
3015 3465 3380 3541 ἔνυπόστατον
3428 3463 3524 3517 τοῦ
3575 3463 3742 3527 ὂντας

2161 3538 2509 3635 μανθάνομεν
2541 3538 2707 3631 ζωὴν,
2739 3558 2840 3628 τὴν
2872 3557 2979 3613 τῶν
3002 3538 3173 3612 ὄντων
3197 3554 3460 3622 («mm
3474 3555 3738 3627 δύναμιν,

2152 3658 2211 3711 τὸ
2243 3641 2469 3725 Πιὲῦμα
2491 3652 2551 3707 τὸ
2582 3653 2756 3721 ἅγιον.

2219 3784 2318 3856 οβ’.
2359 3785 2434 3838 Τὸ
2462 3783 2685 3856 Πνεῦμα
2714 3783 2776 3838 τὸ
2814 3784 2969 3854 ἆγιον
3022 3783 3234 3845 οὗδενδς
3274 3783 3472 3838 ἄπεστι
3507 3781 3619 3836 τῶν
3650 3781 3745 3835 δν-

2149 3892 2280 3939 των,
2309 3876 2404 3929 καὶ
2459 3875 2695 3945 μάλιστα
2746 3874 2854 3928 τῶν
2898 3873 3061 3943 λόγου
3109 3873 3233 3927 καθ’
3262 3857 3440 3926 ὁτιοῦν
3489 3872 3744 3944 μετειλη-

2151 3969 2348 4036 φότων.
2383 3967 2708 4021 Συνεκτικδν
2740 3966 2850 4038 γὰρ
2894 3967 3133 4037 ὑπάρχει
3174 3966 3274 4036 τῆς
3315 3966 3548 4020 ἑκάστου
3594 3963 3744 4033 γνὼ-

2152 4077 2309 4126 σεως,
2337 4060 2419 4114 ὅτι
2461 4059 2594 4123 Θεὸς
2640 4059 2733 4112 καὶ
2755 4058 2891 4112 Θεοῦ
2920 4056 3165 4128 Πνεῦμα,
3188 4057 3328 4111 κατὰ
3346 4055 3579 4126 δύναμιν
3595 4073 3741 4126 προ-

2151 4152 2416 4224 νοητικῶς
2463 4152 2551 4205 διὰ
2601 4152 2820 4206 πάντων
2858 4148 3105 4222 χωροῦν,
3135 4150 3231 4203 καὶ
3266 4147 3356 4202 τδν
3404 4149 3465 4201 ὲν
3515 4148 3744 4217 ἑκάστῳ

2149 4246 2307 4315 λόγον
2352 4245 2496 4299 κατὰ
2543 4244 2704 4313 φύσιν
2754 4243 3065 4310 ἀνακινοῦν,
3107 4242 3201 4295 καὶ
3255 4241 3323 4294 δι’
3368 4237 3537 4294 αὐτοῦ
3592 4240 3742 4309 πρὸς

2151 4338 2503 4409 συναίσθησιν
2541 4336 2647 4391 τῶν
2684 4333 3021 4405 πλημμελῶς
3060 4333 3210 4406 παρὰ
3261 4331 3354 4385 τὸν
3397 4331 3604 4402 θεσμὸν
3632 4332 3739 4399 τῆς

469 4431 593 4485 qua:
624 4414 827 4470 delicto
850 4414 1126 4470 commisit
1176 4424 1368 4470 contra
1402 4415 1578 4485 legem
1626 4425 1840 4471 natura:
1861 4457 1878 4482 ,
1917 4432 2049 4470 sen—

2157 4431 2371 4501 φύσεως
2402 4430 2828 4502 πεπραγμένων,
2856 4426 2987 4495 άγον
3038 4425 3134 4479 τὸν
3171 4423 3565 4494 αἰσθανόμενον
3588 4439 3605 4453 ·
3638 4420 3740 4474 καὶ

470 4521 595 4562 sum
631 4504 945 4569 adducens;
972 4520 1040 4561 ac
1067 4507 1226 4575 cujus
1254 4506 1420 4575 paulo
1456 4505 1673 4560 facilior
1704 4506 1960 4562 voluntas
1989 4516 2051 4563 ut

470 4612 685 4654 morem
709 4604 885 4668 gerat,
914 4595 982 4652 ad
1019 4607 1197 4653 rectas
1227 4612 1295 4652 ex
1316 4606 1510 4651 natura
1536 4597 1899 4668 cogitationes
1922 4613 2053 4668 pro-

469 4689 613 4747 clive
660 4688 1043 4760 suscipiendas
1103 4687 1412 4759 impellens.
1464 4686 1832 4754 Quamobrem
1877 4688 2048 4743 etiam

469 4783 675 4839 inultos
699 4775 1031 4847 invenimus,
1070 4796 1265 4839 eorum
1306 4780 1473 4837 etiam
1502 4780 1597 4850 qui
1620 4780 1777 4836 valde
1828 4779 2050 4836 barbari

470 4884 602 4930 sunt
640 4890 706 4930 ac
735 4874 1030 4930 nomadum
1060 4875 1231 4930 vitam
1249 4880 1440 4943 agunt,
1470 4873 1802 4943 probitatem
1833 4888 2048 4928 morum

470 4976 836 5034 consectatus,
867 4966 1142 5024 belluinas
1172 4964 1458 5020 abdicasse
1486 4964 1657 5036 leges,
1689 4976 1828 5034 quas
1866 4980 1895 5019 a
1929 4980 2050 5021 ma-

468 5058 688 5135 joribus
715 5063 850 5118 olim
879 5067 1197 5117 tenuerant.

548 5205 593 5238 "
617 5203 761 5261 Psal.
794 5217 980 5269 xxxiii,
1010 5198 1098 5255 10.
1172 5198 1221 5231 ²⁹
1253 5197 1396 5254 Psal.
1424 5212 1578 5264 xvm,
1611 5196 1697 5252 10.

541 5326 562 5348 ⁸
590 5321 725 5379 Male
748 5319 917 5385 edita,
947 5312 1086 5372 εἶναι
1111 5316 1211 5388 τῷ,
1242 5316 1389 5386 quod
1412 5315 1665 5386 sequitur
1685 5314 1869 5369 Picus.

545 5444 619 5516 (r)
649 5440 805 5516 esse
828 5440 1003 5495 ἔσται
1032 5438 1380 5516 δια-παντὸς,
1519 5434 1775 5516 ἁμαρτίᾳ
1812 5432 1913 5516 διιξ
1937 5432 2049 5516 τῇς

470 5503 790 5585 μετανοίας
807 5508 1378 5585 συναφανιζόμενρς.
1400 5506 1531 5585 _H:_ec
1563 5514 1671 5560 tam
1692 5504 1862 5585 clara,
1880 5503 1949 5558 de
1981 5504 2048 5556 ti-

476 5576 629 5639 inore
657 5583 751 5637 illo
768 5576 1185 5651 riucipientium,’
1213 5579 1308 5648 qui
1331 5576 1603 5651 originem
1635 5584 1791 5628 actus
1818 5589 1886 5628 ex
1915 5587 2049 5642 pec-

478 5661 604 5706 cato
628 5691 645 5716 ,
682 5659 868 5705 castus
893 5646 1019 5705 'non
1055 5648 1150 5712 sit,
1177 5646 1247 5702 (δι’
1278 5646 1372 5716 qui
1410 5660 1518 5699 non
1550 5658 1769 5713 semper
1796 5651 2042 5716 maneat,

479 5721 577 5778 sed
626 5713 734 5776 una
768 5734 894 5772 cum
938 5727 1164 5788 peccato
1193 5713 1479 5773 abolcalur
1512 5729 1609 5783 per
1662 5713 2043 5783 paenitentiam

2152 4524 2254 4590 τὴν
2313 4521 2639 4592 προαίρεσιν
2690 4518 2936 4573 εῦεικτον
2990 4517 3200 4588 ἔχοντα,
3265 4515 3401 4584 πρὸς
3457 4512 3741 4583 ὑποδοχὴν

2153 4614 2266 4668 τῶν
2319 4615 2383 4667 ἐκ
2430 4611 2646 4682 φύσεως
2690 4609 2868 4683 ὀρθῶν
2890 4608 3190 4679 λογισμῶν.
3233 4607 3323 4659 Διὸ
3360 4605 3455 4659 καὶ
3503 4604 3744 4666 πολλοῦς

2157 4705 2489 4775 εὑρίσκομεν
2521 4704 2615 4757 καὶ
2639 4702 2751 4755 τῶν
2779 4701 2916 4770 ἄγαν
2940 4698 3232 4771 βαρϐάρων
3253 4696 3347 4749 καὶ
3369 4695 3624 4766 νομάδων
3642 4696 3743 4748 άν-

2157 4793 2418 4866 θρώπων,
2455 4789 2862 4860 καλοκαγαθίας
2902 4787 3433 4859 μεταποιουμένους,
3465 4784 3563 4837 καὶ
3608 4782 3746 4844 τοὺς

2158 4884 2427 4938 ἀνέκαθεν
2455 4884 2837 4953 κρατήσαντας
2861 4882 2920 4935 ὲν
2944 4879 3129 4943 αὐτοῖς
3180 4875 3464 4948 θηριώδεις
3483 4870 3746 4927 ἀθετοῦν-

2153 4993 2253 5042 τας
2288 4976 2505 5048 νόμους.

2151 5429 2449 5555 ίσίιειτίιιιιθ
2471 5428 2687 5485 scilicet
2717 5423 2961 5496 perfecta
2983 5438 3110 5478 cum
3133 5421 3280 5476 foras
3292 5421 3597 5491 mittente},
3619 5429 3737 5474 non

2174 5501 2385 5555 erendo
2423 5514 2615 5555 errore
2645 5498 2808 5552 Picus
2828 5536 2843 5555 .
2875 5494 3205 5551 adversante
3229 5490 3519 5555 Scriptum
3547 5500 3732 5543 omnis

2174 5501 2385 5557 ’erendo
2423 5514 2615 5555 errore
2645 5490 2808 5552 Picus
2828 5536 2843 5558 ,
2875 5494 3205 5551 adversante
3229 5490 3519 5561 Scriptum
3547 5490 3732 5543 Omnis

2150 5587 2258 5641 que
2298 5569 2595 5640 theologia,
2624 5566 2733 5622 Nec
2779 5582 3020 5639 unquam
3069 5562 3331 5617 delabitur
3354 5577 3474 5616 cum
3516 5573 3734 5632 peccato

2149 5659 2243 5714 per
2260 5641 2649 5714 paenitentiam.
