4094 6204
321 333 460 401 1209

1022 337 1354 399 CAPITUM
1391 337 1813 410 QUINQUIES
1845 334 2363 399 CENTENORUM
2402 330 2792 394 CENTURIA
2832 328 2882 388 Ι.

386 438 492 511 στ’.
524 442 680 497 Ἐστι
743 444 841 514 μὲν
886 443 946 498 ἐν
1003 445 1168 499 πᾶσιν
1213 445 1399 512 ἁπλῶς
1452 447 1515 500 τὸ
1565 447 1790 517 Πνεῦμα
1830 445 1890 500 τὸ
1922 453 1965 508 Α

3426 319 3565 385 ιειο

2065 446 2152 500 73.
2195 443 2433 514 Spiritus
2473 447 2696 496 sanctus
2727 437 2781 490 in
2815 433 3072 490 omnibus
3097 428 3422 502 simpliciter
3456 438 3563 494 est,

320 533 497 603 ἅγιον,
522 535 658 588 καθὸ
692 537 911 589 πάντων
935 537 1054 590 ἐστὶ
1092 539 1410 592 συνεκτικὸν
1461 541 1556 592 καὶ
1601 555 1892 610 προνοητι-

2027 555 2056 592 a
2103 537 2313 591 ratione
2345 549 2450 604 qua
2482 532 2663 586 omnia
2706 527 2952 585 continet
2978 535 3034 580 et
3071 529 3383 588 conservat,
3434 535 3567 591 pro-

321 625 418 679 κδν
441 664 458 692 ,
521 626 616 680 καὶ
685 625 794 680 τῶν
867 628 1111 697 φυσικῶν
1183 630 1512 700 σπερμάτων
1582 630 1896 699 ἀνακινητι-

1992 629 2255 697 videtque
2318 623 2593 687 universis
2621 665 2637 687 ,
2691 627 2747 674 et
2787 615 3062 672 naturalia
3109 613 3317 668 semina
3362 617 3568 665 movet.

322 715 442 774 κόν.
495 717 1022 790 Προσδιωρισμένως
1045 721 1126 782 δὲ,
1171 723 1264 775 καί⁵
1289 724 1346 775 ὲν
1385 724 1522 776 πᾶσι
1556 725 1669 785 τοῖς
1708 724 1766 775 ἐν
1807 720 1896 774 νό-

2022 723 2156 775 lerta
2188 727 2370 774 autem
2400 716 2614 770 ratione
2637 713 2803 768 etiam
2843 711 2898 763 in
2937 706 3196 762 omnibus
3225 705 3321 775 qui
3365 704 3421 758 in
3450 703 3571 773 lege

325 824 434 877 μῳ,
466 809 656 864 καθότι
675 810 776 882 τῆς
805 811 915 866 τῶν
943 813 1170 867 ἐντολῶν
1200 813 1349 868 ἐστιν
1380 813 1758 869 ὐποδεικτικὺν
1780 831 1890 867 πα-

328 899 632 971 ραϐάσεως,
673 902 770 957 καὶ
820 905 922 976 τῆς
951 904 1094 958 κατὰ
1132 906 1368 977 Χριστὸν
1397 905 1898 976 προαγορευθείσης

326 990 660 1060 ὶπαγγελίας
680 1030 698 1057 ,
752 994 1081 1060 φωτιστικόν
1108 1007 1123 1024 ·
1175 995 1236 1048 ὲν
1279 994 1337 1048 δὲ
1389 995 1522 1048 πᾶσι
1583 997 1698 1059 τοῖς
1753 994 1897 1048 κατὰ

328 1077 566 1148 Χριστὸν
611 1077 752 1150 πρὸς
797 1082 910 1146 τοῖς
949 1083 1286 1153 είρημένοις,
1317 1084 1413 1137 καὶ
1462 1084 1539 1147 ὡς
1577 1085 1898 1140 υίοθετικόν.
1962 1082 1970 1088 ’

343 1166 432 1232 Ὠς
459 1169 516 1223 δὲ
546 1171 740 1241 σοφίας
790 1175 1092 1244 ποιητικὸν,
1116 1176 1176 1229 ἐν
1219 1175 1394 1228 οὐδενὶ
1433 1177 1541 1229 τῶν
1596 1176 1902 1248 είρημένων

334 1259 482 1314 ἔστὶν
532 1261 738 1326 ἁπλῶς,
783 1263 922 1335 πλὴν
969 1265 1079 1318 τῶν
1117 1267 1426 1330 συνιέντων,
1458 1267 1550 1321 καὶ
1571 1268 1796 1330 ἑαυτοὺς
1815 1266 1905 1320 διὰ

331 1352 432 1422 τῆς
457 1353 642 1408 ἐνθέου
673 1355 950 1420 πολιτείας
978 1357 1164 1422 ἀξίους
1194 1360 1581 1429 ποιησαμένων
1611 1358 1714 1429 τῆς
1736 1358 1900 1412 αὑτοῦ

336 1442 607 1516 θεωτικῆς
657 1449 1004 1519 ἐνοικήσεως.
1050 1451 1166 1514 Πᾶς
1194 1449 1312 1520 ζγὰρ
1356 1449 1430 1521 μὴ
1485 1450 1654 1504 ποιῶν
1691 1450 1759 1502 τὰ
1788 1449 1908 1503 Θεῖα

336 1538 640 1608 θελήματα,
665 1539 771 1594 κᾶν
803 1542 995 1605 πιστὸς
1027 1539 1086 1617 ᾖ,
1111 1543 1368 1598 ἀσύνετον
1397 1543 1508 1614 ἔχει
1535 1543 1632 1614 τὴν
1655 1544 1905 1614 καρδίαν,

333 1629 412 1695 ὡς
446 1631 700 1702 πονηρῶν
733 1632 1012 1703 λογισμῶν
1079 1635 1462 1704 ἐργαστήριον,
1498 1635 1592 1688 καὶ
1637 1635 1700 1688 1:6
1749 1633 1909 1702 σῶμα

337 1725 658 1796 κατάχρεων
687 1727 1004 1796 ἁμαρτίαις,
1043 1726 1118 1792 ὡς
1145 1728 1437 1791 διαπαντὸς
1460 1727 1758 1799 μολυσμοῖς
1805 1743 1911 1779 πα-

338 1815 447 1871 θῶν
483 1816 634 1887 ὲνεχό
642 1834 821 1888 μενον.

409 2093 506 2153 οδ’.
552 2094 615 2151 Ὀ
638 2096 740 2168 τῆς
767 2098 1041 2170 σωτηρίας
1077 2098 1404 2171 ὀρεγόμενος
1449 2100 1668 2154 πάντων
1701 2095 1914 2170 ἀνθρώ-

342 2205 462 2242 πων
481 2187 632 2256 Θεὸς,
669 2190 762 2244 καὶ
793 2192 994 2244 πεινῶν
1027 2191 1206 2245 αὐτῶν
1230 2192 1328 2262 τὴν
1359 2192 1642 2255 ὲκθὲωσιν,
1672 2189 1770 2260 τὴν
1791 2190 1914 2243 τού-

342 2300 452 2337 των
477 2282 654 2353 οἴησιν
678 2284 752 2348 ὼς
780 2284 880 2355 τὴν
908 2283 1158 2355 ἄκαρπον
1191 2283 1576 2354 καταρώμενος
1613 2275 1914 2354 ἀποξηραί-

342 2391 426 2429 νει
479 2375 670 2446 συκῆν,
706 2376 855 2438 ὅπως
905 2374 1000 2428 τοῦ
1034 2375 1210 2430 δοκεῖν
1244 2371 1382 2428 εἶναι
1417 2375 1638 2439 δίκαιοι,
1671 2373 1732 2426 τὸ
1774 2366 1913 2425 εἶναι

351 2466 550 2540 μᾶλλον
580 2467 995 2540 προκρίναντες,
1043 2468 1134 2523 τὸν
1180 2468 1277 2539 μὲν
1331 2466 1454 2521 καθ’
1487 2466 1776 2534 ὑπόκρισιν
1816 2467 1918 2535 τῆς

349 2559 549 2630 ἠθικῆς
578 2559 892 2623 ἐπιδείξεως
921 2559 1279 2629 ὲκδυσάμενοι
1329 2557 1562 2628 χιτῶνα,
1594 2557 1685 2609 τὸν
1733 2556 1919 2626 ἐνάρε-

345 2669 436 2706 ¹ιτον
465 2653 551 2716 δὲ,
587 2652 770 2716 καθὼς
815 2654 843 2705 6
895 2651 1036 2715 θεῖος
1091 2650 1338 2722 βούλεται
1391 2649 1570 2717 λόγος,
1620 2644 1920 2710 άνοθεύτως

355 2744 707 2816 μετελθόντες
751 2743 889 2814 βίον,
926 2743 1165 2806 εὐσεϐῶς
1209 2741 1308 2812 τὴν
1360 2739 1503 2810 ζωὴν
1565 2740 1918 2808 διενέγκωσι,

349 2834 470 2904 Θεῷ
527 2835 727 2905 μᾶλλον
780 2835 878 2904 τῆς
926 2833 1101 2903 ψυχῆς
1146 2832 1243 2903 τὴν
1295 2828 1612 2900 διὰΟεσιν,ἢ
1665 2832 1774 2892 τοῖς
1827 2829 1921 2881 ἅν-

354 2925 593 2998 ορὼποις
652 2926 742 2978 τὸν
814 2925 972 2987 ἐκτὸς
1021 2923 1456 2993 ἐπιδεικνύμενοι
1504 2921 1742 2992 περὶτὰ
1813 2919 1918 2991 ἦοη

354 3015 754 3088 σχηματισμόν.

423 3108 514 3165 σε’.
543 3109 769 3178 Ἕτέρός
807 3108 955 3160 ἐστιν
987 3108 1013 3160 6
1044 3105 1138 3159 τοῦ
1170 3106 1363 3168 ποιεῖν,
1394 3104 1485 3157 καὶ
1539 3103 1726 3173 ἕτερος
1759 3102 1787 3154 6
1826 3101 1919 3154 τοῦ
1951 3125 1995 3186 C

353 3205 584 3274 πάσχειν
606 3203 763 3272 λόγος
791 3217 804 3231 ·
843 3202 938 3255 καὶ
982 3202 1010 3254 6
1050 3200 1150 3270 μὲν
1189 3200 1281 3253 τοῦ
1325 3202 1498 3252 ποιεῖν
1552 3198 1710 3266 λόγος
1753 3197 1920 3259 ἐστὶν,

354 3299 390 3370 ἠ
415 3299 617 3367 φυσικὴ
666 3296 800 3366 πρὸς
839 3294 1050 3365 ἀρετῶν
1089 3293 1369 3365 ἐνέργειαν
1402 3292 1631 3362 δύναμις
1664 3291 1730 3359 (δ)
1760 3304 1776 3321 ⁸
1812 3291 1838 3342 6
1872 3288 1926 3341 δὲ

355 3389 447 3444 τοῦ
477 3391 704 3459 πάσχειν
729 3429 744 3454 ,
779 3387 810 3457 ἢ
860 3388 1018 3458 χάρις
1041 3385 1148 3440 τῶν
1195 3386 1335 3457 ὑπὲρ
1385 3384 1622 3455 φύσιν,ἢ
1658 3381 1929 3453 σύμϐασις

358 3483 464 3536 τῶν
515 3480 668 3551 παρὰ
719 3479 900 3548 φύσιν.
940 3480 1028 3543 Ὠς
1068 3481 1177 3548 γὰρ
1226 3479 1322 3532 τοῦ
1356 3479 1649 3548 ὑπερόντος
1691 3474 1928 3545 φυσικὴν

358 3573 458 3626 οὒκ
495 3571 691 3642 ἔχομεν
711 3570 960 3640 δύναμιν,
995 3569 1167 3631 οὕτως
1194 3567 1318 3620 οὔτε
1358 3565 1450 3618 τοῦ
1497 3565 1570 3635 μὴ
1608 3565 1760 3626 ὄντος
1805 3561 1927 3632 ἕχο-

363 3680 462 3736 μεν
499 3664 656 3732 φύσει
687 3661 784 3731 τὴν
809 3661 1056 3731 δύναμιν.
1082 3659 1366 3728 Πάσχομεν
1405 3651 1498 3710 οὖν
1547 3656 1622 3718 ὼς
1655 3655 1793 3724 ὑπὲρ
1827 3654 1928 3722 φύ-

361 3772 446 3810 σιν
474 3750 636 3808 οὗσαν
660 3751 802 3806 κατὰ
831 3753 1012 3823 χάριν,
1041 3749 1154 3802 ἀλλ’
1177 3749 1236 3802 οὑ
1270 3747 1530 3817 ποιοῦμεν
1567 3746 1667 3816 τὴν
1697 3745 1926 3797 Θέωσινο

359 3847 420 3900 οὐ
453 3847 560 3916 γάρ
594 3845 788 3916 ἔχομεν
815 3843 972 3914 φύσει
995 3841 1249 3908 δεκτικὴν
1277 3840 1376 3910 τῆς
1411 3837 1656 3899 οεώσεως
1681 3835 1929 3905 δύναμιν.

361 3936 474 3990 Καὶ
520 3938 800 4005 πάσχομεν
852 3933 1015 3987 πάλιν
1062 3932 1137 3996 ὼς
1181 3929 1330 4001 παρὰ
1357 3927 1517 3998 φύσιν
1542 3967 1557 3992 ,
1579 3925 1773 3998 γνώμῃ
1793 3925 1934 3978 κατὰ

364 4027 636 4098 σύμϐασιν
664 4027 760 4098 τὴν
789 4027 987 4080 κακίαν
1013 4042 1027 4056 ·
1064 4025 1123 4076 οὐ
1159 4021 1268 4091 γὰρ
1297 4020 1490 4091 ἔχομεν
1538 4018 1674 4090 πρὸς
1721 4018 1934 4086 γένεσιν

365 4119 563 4183 κακίας
601 4119 833 4188 φυσικὴν
861 4117 1101 4184 δύναμιν.
1142 4111 1408 4182 Ποιοῦμεν
1434 4104 1525 4162 οὖν
1571 4108 1802 4163 ἐνταῦθα
1834 4108 1934 4178 φύε

367 4228 451 4265 σει
477 4210 628 4274 ὅντες
662 4211 759 4271 τὰς
781 4208 1004 4276 ἀρετὰς,
1040 4204 1173 4274 πρὸς
1210 4203 1270 4256 τὸ
1293 4201 1492 4264 ταύτας
1525 4203 1698 4254 ποιεῖν
1722 4201 1935 4270 ἔχοντες

366 4301 600 4372 φυσικὴν
632 4298 731 4368 τὴν
761 4297 991 4366 δύναμιν
1017 4310 1031 4325 ⁸
1070 4295 1350 4363 πάσχομεν
1383 4291 1440 4344 δὲ
1479 4293 1617 4344 κατὰ
1648 4291 1707 4344 :6
1743 4291 1936 4362 μέλλον

366 4395 465 4465 τὴν
500 4393 694 4444 Οέωσιν
721 4430 735 4454 ,
770 4389 868 4458 τὴν
901 4387 1036 4458 πρὸς
1071 4385 1132 4439 τὸ
1170 4385 1363 4438 παθεῖν
1409 4383 1612 4455 ταύτην
1655 4384 1796 4438 κατὰ
1835 4383 1935 4436 δω⁴

373 4487 498 4555 ρεᾶς
532 4485 691 4553 χάριν
719 4481 1017 4551 δεχόμενοι.

1997 817 2146 878 sunt,
2189 818 2462 880 quatenus
2511 804 2893 861 mandatorum
2921 796 3413 869 transgressionem
3441 793 3574 848 sub-

2001 911 2304 967 monstrat,
2343 909 2398 955 et
2428 899 2495 954 ad
2541 897 2748 954 Christi
2785 893 3106 966 praedictam
3145 887 3574 960 promissionem

2000 995 2436 1068 cognoscendam
2462 1033 2476 1056 ,
2522 992 2704 1046 lucem
2753 987 2980 1058 praebet.
3015 985 3220 1039 Practer
3253 979 3354 1034 hos
3391 985 3574 1032 autem

2001 1089 2196 1143 modos
2223 1127 2238 1152 ,
2299 1087 2354 1140 in
2408 1083 2669 1140 omnibus
2715 1089 2801 1136 est
2845 1078 2939 1148 qui
2999 1073 3316 1132 Christiano
3350 1069 3577 1125 nomine

2002 1187 2320 1244 censentur,
2349 1177 2516 1233 etiam
2571 1184 2634 1230 ut
2679 1170 2992 1242 adoptionis
3040 1174 3249 1223 auctor.
3301 1161 3466 1233 528
3507 1160 3579 1216 Ut

2003 1281 2187 1329 autem
2219 1281 2410 1326 auctor
2444 1265 2746 1338 sapientiae,
2775 1263 2830 1316 in
2859 1261 3011 1315 nullo
3037 1273 3250 1321 eorum,
3281 1269 3420 1324 quos
3440 1250 3580 1307 dixi-

2007 1381 2148 1430 mus,
2185 1362 2512 1433 simpliciter
2545 1368 2650 1423 est,
2689 1363 3053 1427 praeterquam
3100 1351 3156 1404 in
3188 1348 3299 1402 illis
3323 1344 3416 1416 qui
3447 1359 3580 1414 pru-

2006 1455 2191 1510 dentia
2218 1431 2669 1520 acintelligentia
2708 1441 2924 1516 przediti
2961 1448 3108 1502 sunt,
3141 1437 3346 1506 quique
3374 1449 3474 1503 per
3501 1431 3584 1486 vi-

2007 1557 2118 1603 tam
2173 1545 2376 1600 divinis
2405 1539 2654 1596 moribus
2704 1535 3032 1598 institutam,
3089 1530 3210 1601 ejus
3275 1523 3583 1582 deificantis

2010 1634 2427 1693 inhabitationis
2455 1648 2514 1688 se
2539 1631 2732 1701 dignos
2755 1628 3126 1698 praebuerunt.
3154 1619 3414 1688 Quisquis
3434 1616 3581 1672 enim

2012 1731 2225 1786 divinas
2247 1729 2558 1782 voluntates
2586 1738 2696 1777 non
2728 1719 2876 1782 facit,
2905 1715 3009 1772 etsi
3033 1713 3208 1779 fidelis
3242 1718 3344 1775 est,
3378 1725 3474 1764 cor
3495 1707 3582 1761 in-

1943 1795 1982 1848 B
2011 1822 2216 1893 sipiens
2241 1819 2430 1882 habet,
2461 1827 2718 1884 tanquam
2753 1810 3022 1864 malorum
3048 1803 3440 1874 cogitationum
3470 1797 3588 1852 oili-

2011 1916 2214 1978 cinam,
2245 1928 2310 1967 ac
2336 1925 2539 1980 corpus
2569 1905 2870 1961 obnoxium
2899 1897 3160 1970 peccatis,
3189 1903 3251 1948 ut
3284 1890 3432 1962 quod
3450 1903 3588 1944 sem-

2012 1999 2113 2078 per
2142 2005 2402 2059 vitiorum
2431 2016 2495 2054 ac
2538 1997 2833 2054 libidinum
2871 1985 3304 2060 inquinamentis
3346 1981 3588 2037 sordeat.

2083 2098 2173 2153 74.
2199 2097 2303 2163 Qui
2333 2094 2580 2150 omnium
2610 2092 2840 2145 salutem
2869 2085 3076 2155 expetit
3098 2083 3263 2145 Deus,
3287 2087 3592 2144 eorumque

2015 2189 2190 2246 esurit
2205 2185 2630 2246 deificationem,
2649 2180 2869 2233 illorum
2889 2173 3057 2229 animi
3082 2173 3279 2224 fastum
3303 2182 3366 2220 ac
3382 2167 3591 2236 jactan-

2017 2281 2172 2344 tiam,
2219 2279 2370 2332 velut
2410 2272 2805 2328 infructuosam
2849 2265 3009 2318 ficum
3042 2256 3358 2314 maledictio
3410 2251 3590 2307 arefa-

2018 2369 2093 2424 cit
2115 2340 2193 2434 “7;
2223 2376 2300 2429 ut,
2330 2380 2441 2434 pra:
2477 2377 2542 2416 eo
2567 2357 2714 2429 quod
2743 2365 2828 2408 cst
2857 2354 3035 2422 justos
3061 2346 3267 2408 videri,
3300 2342 3472 2414 pluris
3510 2340 3592 2393 fa-

2019 2461 2230 2516 cientes
2259 2463 2319 2510 ut
2344 2453 2476 2527 justi
2502 2451 2680 2520 rcipsa
2708 2446 2840 2509 sint,
2877 2438 3224 2496 simulatione
3252 2439 3595 2489 constantem

2019 2564 2234 2607 morum
2271 2541 2654 2602 ostentationis
2696 2536 2934 2592 tunicam
2967 2537 3254 2590 cxucntcs,
3304 2524 3599 2577 virtutum-

2021 2659 2128 2714 que
2160 2643 2281 2695 luce
2315 2639 2582 2692 nitentem
2617 2647 2681 2686 ac
2719 2627 3039 2685 studiosam,
3072 2630 3130 2674 ut
3155 2619 3339 2673 divina
3386 2615 3472 2668 lex
3511 2613 3599 2683 ju-

2020 2701 2135 2797 bet,
2164 2730 2376 2786 sincere
2407 2725 2573 2777 vitam
2600 2723 3000 2777 consectantcs,
3026 2711 3112 2781 pie
3143 2706 3286 2777 quod
3315 2713 3398 2757 cst
3434 2701 3601 2770 hujus

2023 2822 2284 2893 temporis
2314 2816 2650 2886 transigant;
2677 2811 2750 2864 ita
2778 2806 3041 2861 nimirum
3065 2809 3127 2855 ut
3153 2801 3261 2854 Deo
3289 2795 3472 2866 potius
3487 2790 3602 2845 ani-

2022 2931 2173 2970 mum
2199 2911 2514 2970 exhibeant,
2562 2918 2726 2974 quam
2756 2897 2999 2954 exterius
3040 2892 3351 2950 simulatam
3387 2901 3602 2940 morum

2025 3010 2263 3081 speciem
2285 3001 2607 3059 hominibus
2628 3001 2926 3051 ostentent.

2097 3103 2183 3157 75.
2218 3099 2336 3154 Alia
2357 3103 2442 3150 est
2473 3090 2669 3162 agendi
2689 3087 2851 3149 ratio,
2877 3083 2981 3138 alia
3011 3077 3276 3151 patiendi.
3311 3076 3389 3130 Ac
3409 3072 3604 3144 agendi

2026 3193 2249 3266 quidem
2275 3190 2436 3251 ratio,
2467 3181 2734 3257 naturalis
2763 3177 2994 3232 facultas
3025 3180 3109 3228 est
3133 3167 3469 3240 operationis
3489 3164 3606 3218 vir-

2026 3294 2240 3348 tutum;
2277 3275 2520 3351 paticndi
2573 3287 2704 3327 vero
2739 3268 2910 3332 ratio,
2959 3264 3044 3320 vel
3077 3277 3267 3318 eorum
3309 3257 3483 3329 gratia
3519 3261 3606 3310 est

2027 3481 2148 3536 qua:
2188 3470 2316 3518 sunt
2364 3466 2564 3530 praeter
2621 3463 2893 3508 naturam.
2927 3443 3400 3514 Quemadmodum
3455 3437 3604 3494 enim

2026 3533 2147 3624 ejus
2173 3549 2320 3621 quod
2353 3547 2519 3602 rebus
2551 3541 2806 3612 superius
2842 3549 2946 3601 est,
2974 3533 3394 3602 haudquaquam
3439 3533 3606 3581 natu-

2030 3621 2199 3702 ralem
2243 3644 2557 3698 facultatem
2595 3637 2883 3697 habemus,
2931 3630 3004 3683 ita
3041 3642 3143 3681 nec
3168 3625 3285 3692 ejus
3331 3621 3474 3690 quod
3505 3633 3607 3673 nec

2030 3749 2116 3794 est
2141 3739 2196 3792 in
2239 3737 2426 3799 rebus,
2454 3729 2703 3786 seunihil
2731 3733 2837 3790 est,
2875 3722 3135 3777 facultate
3160 3723 3358 3769 natura
3390 3710 3607 3780 praaditi
3667 3739 3670 3743 -

2032 3845 2240 3886 sumus.
2286 3827 2533 3882 Patimur
2563 3835 2714 3891 ergo,
2772 3811 3008 3884 ut'quod
3043 3818 3294 3863 naturam
3321 3807 3570 3879 superet
3592 3838 3608 3861 ,

2032 3938 2143 3978 non
2178 3933 2310 3975 vero
2352 3916 2602 3977 facimus,
2645 3910 2802 3979 cujus
2845 3903 3009 3959 nobis
3053 3909 3244 3954 auctor
3277 3893 3475 3965 gratia,
3504 3891 3611 3944 hoc

2034 4013 2181 4084 quod
2211 4009 2568 4069 dcilicamur;
2605 4002 2808 4072 quippe
2853 3996 2946 4066 qui
2987 3995 3106 4062 ejus
3129 4002 3382 4058 capacem
3414 3995 3614 4037 natura

2034 4105 2350 4161 facultatem
2403 4098 2609 4154 nullam
2647 4093 2965 4147 habeamus.
3017 4085 3228 4139 Rursus
3271 4092 3402 4132 vero
3460 4073 3617 4128 mali-

2037 4197 2166 4251 tiam
2194 4205 2359 4262 atque
2390 4189 2609 4250 vitium,
2631 4182 2777 4255 quod
2809 4188 3000 4234 contra
3027 4183 3302 4235 naturam,
3333 4167 3616 4221 voluntate

2038 4288 2318 4357 animique
2350 4281 2635 4340 sententia
2664 4275 2898 4338 accidat,
2924 4270 3194 4341 patimur;
3230 4262 3432 4332 quippe
3460 4257 3618 4325 cujus

2039 4380 2268 4452 originis
2312 4377 2463 4432 nulla
2516 4374 2572 4428 in
2603 4369 2765 4425 nobis
2806 4361 3075 4420 naturalis
3101 4356 3334 4411 facultas
3369 4349 3616 4406 exsistat.

1973 4470 2014 4524 ι)
2044 4473 2408 4544 Quamobrem
2441 4467 2572 4522 dum
2611 4457 2867 4535 praesenti
2887 4470 3003 4512 aevo
3029 4451 3260 4522 agimus.
3293 4453 3490 4498 natura
3511 4438 3622 4492 vir-

369 4589 516 4634 tutes
545 4594 855 4649 operamur.
885 4577 951 4632 ad
983 4591 1118 4647 quas
1147 4573 1441 4646 praestandi
1466 4572 1702 4628 naturali
1736 4571 1992 4627 instructi
2053 4536 2311 4625 hicultate
2337 4577 2566 4621 sumus:
2604 4561 2658 4613 in
2725 4556 2915 4611 futuro
2970 4557 3154 4610 autem
3217 4536 3623 4597 deificationem

367 4669 627 4740 patimur,
657 4670 816 4739 cujus
843 4667 1113 4737 patienda:
1138 4666 1368 4736 gratiam
1400 4680 1463 4719 ac
1495 4678 1698 4717 munus
1731 4678 1761 4716 a
1798 4661 1907 4716 Deo
1949 4672 2376 4729 consequamur.

438 4768 545 4826 og'.
570 4760 834 4828 Ποιοῦμεν
865 4760 1044 4829 ἡμεῖς,
1081 4757 1166 4827 ἐφ’
1194 4759 1317 4811 ὅσον
1354 4759 1454 4827 τήν
1486 4773 1544 4809 τε
1591 4754 1700 4808 τῶν
1730 4752 1940 4824 ἀρετῶν

368 4853 657 4925 ποιητικὴν
683 4851 842 4921 φύσει
870 4850 1094 4920 λογικὴν
1117 4847 1314 4920 ἔχομεν
1351 4847 1576 4917 δύναμιν
1612 4843 1941 4914 ἐνεργουμέ-

370 4960 469 5015 νην
502 4961 517 4974 °
548 4947 643 5000 καὶ
665 4945 764 5015 τὴν
795 4943 975 5012 πάσης
1002 4940 1257 5011 γνώσεως
1290 4940 1544 5011 δεκτικὴν
1570 4937 1762 5007 νοερὰν
1787 4935 1949 5006 ἅσχέ-

449 5110 494 5142 ³⁰
527 5106 715 5162 Matth.
751 5121 862 5170 ut,
901 5102 989 5186 19-

414 5238 546 5326 .(st.
570 5241 632 5323 η
668 5238 911 5326 sumsit
926 5232 1648 5326 οἶφεάθξτεδξῖςέτέρεέφγ
1671 5231 1946 5326 istam-

376 5300 466 5369 Sic
499 5300 784 5372 Maximus,
812 5300 917 5362 hoc
949 5300 1097 5375 quod
1127 5300 1212 5358 est
1241 5300 1950 5375 agereidefinit,‘1\'atgtralis

378 5382 606 5452 facultas
633 5371 906 5452 aperanti},
936 5371 1028 5452 seu
1052 5371 1338 5452 praestandi
1369 5374 1602 5452 virtutes:
1642 5371 1716 5427 Ac
1746 5371 1952 5439 ubique

378 5440 437 5504 3:6
467 5440 904 5522 φύσειςορροιιίι
927 5445 1024 5522 τῶ,
1052 5440 1214 5522 ίπαρρ.
1248 5444 1427 5522 φύσιν.
1470 5443 1736 5522 Sic_loqu_i
1765 5440 1955 5522 docuit

379 5511 603 5583 Paulus,
641 5511 799 5573 miri].
850 5533 906 5570 ιι.
938 5511 1108 5567 Ὅταν
1150 5511 1281 5583 ἔθνη
1318 5512 1477 5578 φύσει
1520 5513 1590 5565 τὰ
1632 5511 1724 5564 τοῦ
1780 5511 1949 5581 νόμου

383 5595 512 5662 ποιῇ
550 5609 564 5622 ·
594 5581 761 5658 quasi
782 5603 844 5640 ea:
861 5586 1020 5640 ductu
1037 5592 1194 5662 atque
1222 5581 1470 5636 instinctu
1502 5591 1731 5662 natura,
1761 5581 1951 5649 illique

381 5653 784 5738 consentanea;
840 5665 971 5709 tunc
1029 5654 1194 5708 etiam
1228 5667 1353 5706 cum
1416 5653 1586 5736 gratia
1625 5653 1948 5713 excitamur,

386 5740 540 5792 extra
561 5745 724 5800 quam
755 5727 811 5781 in
852 5735 1048 5780 natura
1081 5731 1360 5792 corrupta,
1382 5738 1490 5776 non
1518 5721 1678 5792 φύσει
1715 5722 1948 5790 agimus,

2116 4717 2203 4804 i6.
2233 4748 2458 4818 Agimus
2489 4758 2611 4807 nos,
2644 4748 2919 4811 quatenus
2946 4728 3200 4788 rationali
3221 4724 3478 4781 facultate
3503 4717 3622 4773 vir-

2053 4849 2234 4899 tutum
2261 4814 2539 4896 e'll'cctrice
2567 4843 2761 4890 natura
2783 4827 2998 4901 praediti
3031 4837 3242 4885 sumus,
3272 4814 3647 4882 scientiaeque‘

2053 4931 2234 4989 omnis
2266 4943 2464 4999 capace
2513 4925 2762 4980 absolute
2793 4919 2995 4976 mentis
3029 4913 3318 4974 facultate,
3371 4918 3625 4962 omnem-

2057 5229 2154 5284 sed
2182 5226 2333 5297 παρὰ
2363 5223 2524 5297 φύσιν
2547 5237 2562 5253 ο
2588 5220 2690 5297 etsi
2717 5218 2982 5274 Maximus
3009 5215 3150 5297 nihil
3172 5212 3263 5269 hic
3291 5206 3629 5297 peculiarijtts

2058 5299 2126 5354 de
2152 5278 2324 5368 gratia
2357 5278 2616 5368 explicat,
2644 5291 2762 5368 sine
2784 5303 2890 5358 qua
2921 5294 3143 5368 certum
3169 5293 3252 5340 est
3283 5278 3386 5336 nos
3399 5296 3520 5368 non
3544 5278 3629 5333 di-

2059 5351 2195 5439 ξιιοξ
2239 5364 2378 5420 eilici
2431 5351 2743 5439 'beata4illa
2784 5351 3078 5439 passione,
3113 5370 3234 5439 quae
3266 5360 3351 5406 est
3399 5351 3628 5439 Θξωσις,

2060 5417 2413 5507 perfectaque
2439 5447 2563 5507 cum
2592 5431 2704 5507 Deo
2753 5417 3072 5507 similitudo
3112 5417 3344 5495 éjUSque
3387 5417 3628 5507 adoptio.

2061 5488 2288 5561 amniuo
2316 5488 2592 5557 excedens
2615 5499 2726 5553 vim
2761 5507 2818 5552 et
2855 5488 3168 5552 facultatem
3207 5488 3414 5547 natura:
3441 5488 3630 5560 (etiam

2059 5571 2520 5647 quoad__modun_1)
2547 5569 2696 5647 omni
2741 5567 3124 5647 proprio_aetu
3160 5565 3315 5647 in‘ca
3357 5568 3632 5647 cessante,

2058 5627 2186 5702 ὖέέί
2208 5627 2313 5700 sibi
2359 5627 2578 5712 penitus
2605 5627 3206 5712 animuntisubjiciente
3234 5633 3396 5712 beato
3425 5629 3520 5686 illo
3553 5627 3634 5685 si-

2057 5701 2249 5782 lentio,
2297 5701 2525 5786 ejusque
2551 5709 2769 5766 fruendi
2795 5707 2944 5766 felici
2975 5701 3326 5764 necessitate.
