  <div class='ocr_page' id='page_1' title='image "/cluster/home/n/w/nwhite01/storage/ocr_20150623/90/hvd.32044073502197/613.png"; bbox 0 0 4094 6204; ppageno 0'>
   <div class='ocr_carea' id='block_1_1' title="bbox 540 263 685 330">
    <p class='ocr_par' dir='ltr' id='par_1_1' title="bbox 540 263 685 330">
     <span class='ocr_line' id='line_1_1' title="bbox 540 263 685 330; baseline 0 0"><span class='ocrx_word' id='word_1_1' title='bbox 540 263 685 330; x_wconf 70' lang='lat' dir='ltr'><strong>m5</strong></span> 
     </span>
    </p>
   </div>
   <div class='ocr_carea' id='block_1_2' title="bbox 1699 255 2635 325">
    <p class='ocr_par' dir='ltr' id='par_1_2' title="bbox 1699 255 2635 325">
     <span class='ocr_line' id='line_1_2' title="bbox 1699 255 2635 325; baseline 0.003 -3"><span class='ocrx_word' id='word_1_2' title='bbox 1699 261 1761 322; x_wconf 87' lang='lat' dir='ltr'><strong>S.</strong></span> <span class='ocrx_word' id='word_1_3' title='bbox 1800 258 2090 323; x_wconf 70' lang='lat' dir='ltr'><strong>MAXIMI</strong></span> <span class='ocrx_word' id='word_1_4' title='bbox 2124 255 2635 325; x_wconf 80' lang='lat' dir='ltr'><strong>CONFESSORIS</strong></span> 
     </span>
    </p>
   </div>
   <div class='ocr_carea' id='block_1_3' title="bbox 3662 256 3802 325">
    <p class='ocr_par' dir='ltr' id='par_1_3' title="bbox 3662 256 3802 325">
     <span class='ocr_line' id='line_1_3' title="bbox 3662 256 3802 325; baseline 0 0"><span class='ocrx_word' id='word_1_5' title='bbox 3662 256 3802 325; x_wconf 70' lang='grc' dir='ltr'><strong>ιεισ</strong></span> 
     </span>
    </p>
   </div>
   <div class='ocr_carea' id='block_1_4' title="bbox 538 366 2144 448">
    <p class='ocr_par' dir='ltr' id='par_1_4' title="bbox 538 369 2123 440">
     <span class='ocr_line' id='line_1_4' title="bbox 538 369 2123 440; baseline 0.003 -16"><span class='ocrx_word' id='word_1_6' title='bbox 538 383 605 425; x_wconf 87' lang='lat' dir='ltr'><strong>ac</strong></span> <span class='ocrx_word' id='word_1_7' title='bbox 633 369 902 438; x_wconf 80' lang='lat' dir='ltr'><strong>Verbum,</strong></span> <span class='ocrx_word' id='word_1_8' title='bbox 930 370 1157 430; x_wconf 79' lang='lat' dir='ltr'><strong>eosdem</strong></span> <span class='ocrx_word' id='word_1_9' title='bbox 1185 370 1423 428; x_wconf 87' lang='lat' dir='ltr'><strong>actionis</strong></span> <span class='ocrx_word' id='word_1_10' title='bbox 1475 372 1717 431; x_wconf 82' lang='lat' dir='ltr'><strong>cultores</strong></span> <span class='ocrx_word' id='word_1_11' title='bbox 1765 375 1835 430; x_wconf 85' lang='lat' dir='ltr'><strong>ad</strong></span> <span class='ocrx_word' id='word_1_12' title='bbox 1884 376 2123 440; x_wconf 85' lang='lat' dir='ltr'><strong>Patrem,</strong></span> 
     </span>
    </p>
   </div>
   <div class='ocr_carea' id='block_1_5' title="bbox 2246 366 3800 448">
    <p class='ocr_par' dir='ltr' id='par_1_5' title="bbox 2246 366 3800 448">
     <span class='ocr_line' id='line_1_5' title="bbox 2246 366 3800 448; baseline -0.004 -17"><span class='ocrx_word' id='word_1_13' title='bbox 2246 379 2297 431; x_wconf 68' lang='grc' dir='ltr'><strong>ιι*</strong></span> <span class='ocrx_word' id='word_1_14' title='bbox 2333 372 2411 433; x_wconf 81' lang='grc' dir='ltr'><strong>ὧν</strong></span> <span class='ocrx_word' id='word_1_15' title='bbox 2435 378 2514 442; x_wconf 84' lang='grc' dir='ltr'><strong>ὡς</strong></span> <span class='ocrx_word' id='word_1_16' title='bbox 2544 377 2718 448; x_wconf 77' lang='grc' dir='ltr'><strong>Λόγος</strong></span> <span class='ocrx_word' id='word_1_17' title='bbox 2742 373 2882 448; x_wconf 78' lang='grc' dir='ltr'><strong>πρὸς</strong></span> <span class='ocrx_word' id='word_1_18' title='bbox 2924 373 3018 429; x_wconf 72' lang='grc' dir='ltr'><strong>τὸν</strong></span> <span class='ocrx_word' id='word_1_19' title='bbox 3056 375 3117 429; x_wconf 88' lang='grc' dir='ltr'><strong>ἐν</strong></span> <span class='ocrx_word' id='word_1_20' title='bbox 3155 366 3203 443; x_wconf 70' lang='grc' dir='ltr'>ᾧ</span> <span class='ocrx_word' id='word_1_21' title='bbox 3244 373 3405 434; x_wconf 71' lang='grc' dir='ltr'><strong>,κατά</strong></span> <span class='ocrx_word' id='word_1_22' title='bbox 3430 372 3597 446; x_wconf 76' lang='grc' dir='ltr'><strong>φύσιν</strong></span> <span class='ocrx_word' id='word_1_23' title='bbox 3627 376 3800 443; x_wconf 69' lang='grc' dir='ltr'><strong>ἐστὶν,</strong></span> 
     </span>
    </p>
   </div>
   <div class='ocr_carea' id='block_1_6' title="bbox 537 465 1802 535">
    <p class='ocr_par' dir='ltr' id='par_1_6' title="bbox 537 465 1802 535">
     <span class='ocr_line' id='line_1_6' title="bbox 537 465 1802 535; baseline -0.002 -12"><span class='ocrx_word' id='word_1_24' title='bbox 537 467 597 523; x_wconf 85' lang='lat' dir='ltr'><strong>in</strong></span> <span class='ocrx_word' id='word_1_25' title='bbox 625 478 739 534; x_wconf 87' lang='lat' dir='ltr'><strong>quo</strong></span> <span class='ocrx_word' id='word_1_26' title='bbox 770 479 870 535; x_wconf 87' lang='lat' dir='ltr'><strong>per</strong></span> <span class='ocrx_word' id='word_1_27' title='bbox 900 471 1153 519; x_wconf 79' lang='lat' dir='ltr'><strong>naturam</strong></span> <span class='ocrx_word' id='word_1_28' title='bbox 1172 472 1278 529; x_wconf 89' lang='lat' dir='ltr'><strong>est,</strong></span> <span class='ocrx_word' id='word_1_29' title='bbox 1307 477 1529 520; x_wconf 82' lang='lat' dir='ltr'><strong>sursum</strong></span> <span class='ocrx_word' id='word_1_30' title='bbox 1556 465 1802 523; x_wconf 86' lang='lat' dir='ltr'><strong>adducit.</strong></span> 
     </span>
    </p>
   </div>
   <div class='ocr_carea' id='block_1_7' title="bbox 612 554 2124 629">
    <p class='ocr_par' dir='ltr' id='par_1_7' title="bbox 612 554 2124 629">
     <span class='ocr_line' id='line_1_7' title="bbox 612 554 2124 629; baseline 0.005 -21"><span class='ocrx_word' id='word_1_31' title='bbox 612 555 704 609; x_wconf 80' lang='grc'><strong>85.</strong></span> <span class='ocrx_word' id='word_1_32' title='bbox 739 554 877 609; x_wconf 64' lang='lat' dir='ltr'><strong>Vim</strong></span> <span class='ocrx_word' id='word_1_33' title='bbox 902 554 1325 610; x_wconf 84' lang='lat' dir='ltr'><strong>conversionem</strong></span> <span class='ocrx_word' id='word_1_34' title='bbox 1358 556 1679 627; x_wconf 82' lang='lat' dir='ltr'><strong>cultumque</strong></span> <span class='ocrx_word' id='word_1_35' title='bbox 1701 559 2033 629; x_wconf 83' lang='lat' dir='ltr'><strong>angelicum,</strong></span> <span class='ocrx_word' id='word_1_36' title='bbox 2057 572 2124 615; x_wconf 85' lang='lat' dir='ltr'><strong>ac</strong></span> 
     </span>
    </p>
   </div>
   <div class='ocr_carea' id='block_1_8' title="bbox 542 646 2122 718">
    <p class='ocr_par' dir='ltr' id='par_1_8' title="bbox 542 646 2122 718">
     <span class='ocr_line' id='line_1_8' title="bbox 542 646 2122 718; baseline 0.004 -19"><span class='ocrx_word' id='word_1_37' title='bbox 542 654 912 717; x_wconf 59' lang='lat' dir='ltr'><strong>spontaneum</strong></span> <span class='ocrx_word' id='word_1_38' title='bbox 960 646 1133 701; x_wconf 88' lang='lat' dir='ltr'><strong>animi</strong></span> <span class='ocrx_word' id='word_1_39' title='bbox 1175 661 1303 702; x_wconf 86' lang='lat' dir='ltr'><strong>cum</strong></span> <span class='ocrx_word' id='word_1_40' title='bbox 1334 662 1567 718; x_wconf 90' lang='lat' dir='ltr'><strong>corpore</strong></span> <span class='ocrx_word' id='word_1_41' title='bbox 1602 648 1929 711; x_wconf 86' lang='lat' dir='ltr'><strong>divortium,</strong></span> <span class='ocrx_word' id='word_1_42' title='bbox 1975 649 2122 706; x_wconf 89' lang='lat' dir='ltr'><strong>divi-</strong></span> 
     </span>
    </p>
   </div>
   <div class='ocr_carea' id='block_1_9' title="bbox 548 734 2128 807">
    <p class='ocr_par' dir='ltr' id='par_1_9' title="bbox 548 734 2128 807">
     <span class='ocr_line' id='line_1_9' title="bbox 548 734 2128 807; baseline 0.004 -19"><span class='ocrx_word' id='word_1_43' title='bbox 548 750 738 805; x_wconf 64' lang='lat' dir='ltr'><strong>neque</strong></span> <span class='ocrx_word' id='word_1_44' title='bbox 773 734 832 807; x_wconf 87' lang='lat' dir='ltr'><strong>in</strong></span> <span class='ocrx_word' id='word_1_45' title='bbox 888 735 1086 805; x_wconf 88' lang='lat' dir='ltr'><strong>spiritu</strong></span> <span class='ocrx_word' id='word_1_46' title='bbox 1135 736 1550 792; x_wconf 79' lang='lat' dir='ltr'><strong>instaurationis</strong></span> <span class='ocrx_word' id='word_1_47' title='bbox 1600 746 1807 802; x_wconf 90' lang='lat' dir='ltr'><strong>ortum,</strong></span> <span class='ocrx_word' id='word_1_48' title='bbox 1844 739 1984 794; x_wconf 78' lang='lat' dir='ltr'><strong>Novi</strong></span> <span class='ocrx_word' id='word_1_49' title='bbox 2022 739 2128 794; x_wconf 88' lang='lat' dir='ltr'><strong>Te-</strong></span> 
     </span>
    </p>
   </div>
   <div class='ocr_carea' id='block_1_10' title="bbox 544 825 2126 901">
    <p class='ocr_par' dir='ltr' id='par_1_10' title="bbox 544 825 2126 901">
     <span class='ocr_line' id='line_1_10' title="bbox 544 825 2126 901; baseline 0.001 -17"><span class='ocrx_word' id='word_1_50' title='bbox 544 825 808 884; x_wconf 81' lang='lat' dir='ltr'><strong>stamenti</strong></span> <span class='ocrx_word' id='word_1_51' title='bbox 862 827 1156 897; x_wconf 76' lang='lat' dir='ltr'><strong>proﬁtetur</strong></span> <span class='ocrx_word' id='word_1_52' title='bbox 1212 829 1552 900; x_wconf 81' lang='lat' dir='ltr'><strong>mysterium.</strong></span> <span class='ocrx_word' id='word_1_53' title='bbox 1595 828 1904 900; x_wconf 85' lang='lat' dir='ltr'><strong>Spiritalem</strong></span> <span class='ocrx_word' id='word_1_54' title='bbox 1959 845 2126 901; x_wconf 88' lang='lat' dir='ltr'><strong>porro</strong></span> 
     </span>
    </p>
   </div>
   <div class='ocr_carea' id='block_1_11' title="bbox 549 912 2125 988">
    <p class='ocr_par' dir='ltr' id='par_1_11' title="bbox 549 912 2125 988">
     <span class='ocr_line' id='line_1_11' title="bbox 549 912 2125 988; baseline 0.005 -22"><span class='ocrx_word' id='word_1_55' title='bbox 549 912 1031 969; x_wconf 85' lang='lat' dir='ltr'><strong>eireumcisionem</strong></span> <span class='ocrx_word' id='word_1_56' title='bbox 1056 928 1257 969; x_wconf 86' lang='lat' dir='ltr'><strong>vocare</strong></span> <span class='ocrx_word' id='word_1_57' title='bbox 1282 915 1456 970; x_wconf 89' lang='lat' dir='ltr'><strong>moris</strong></span> <span class='ocrx_word' id='word_1_58' title='bbox 1476 925 1565 972; x_wconf 90' lang='lat' dir='ltr'><strong>est</strong></span> <span class='ocrx_word' id='word_1_59' title='bbox 1576 916 1780 972; x_wconf 69' lang='lat' dir='ltr'><strong>divina:</strong></span> <span class='ocrx_word' id='word_1_60' title='bbox 1802 916 2125 988; x_wconf 62' lang='lat' dir='ltr'><strong>Scriptura,</strong></span> 
     </span>
    </p>
   </div>
   <div class='ocr_carea' id='block_1_12' title="bbox 548 1003 2128 1079">
    <p class='ocr_par' dir='ltr' id='par_1_12' title="bbox 548 1003 2128 1079">
     <span class='ocr_line' id='line_1_12' title="bbox 548 1003 2128 1079; baseline 0.003 -20"><span class='ocrx_word' id='word_1_61' title='bbox 548 1003 698 1073; x_wconf 87' lang='lat' dir='ltr'><strong>quod</strong></span> <span class='ocrx_word' id='word_1_62' title='bbox 747 1004 1042 1061; x_wconf 85' lang='lat' dir='ltr'><strong>libidinosa</strong></span> <span class='ocrx_word' id='word_1_63' title='bbox 1090 1005 1260 1061; x_wconf 88' lang='lat' dir='ltr'><strong>animi</strong></span> <span class='ocrx_word' id='word_1_64' title='bbox 1306 1006 1377 1061; x_wconf 91' lang='lat' dir='ltr'><strong>ad</strong></span> <span class='ocrx_word' id='word_1_65' title='bbox 1425 1022 1631 1078; x_wconf 85' lang='lat' dir='ltr'><strong>corpus</strong></span> <span class='ocrx_word' id='word_1_66' title='bbox 1679 1006 1899 1065; x_wconf 73' lang='lat' dir='ltr'><strong>aﬂectio</strong></span> <span class='ocrx_word' id='word_1_67' title='bbox 1931 1023 2128 1079; x_wconf 83' lang='lat' dir='ltr'><strong>ampu-</strong></span> 
     </span>
    </p>
   </div>
   <div class='ocr_carea' id='block_1_13' title="bbox 550 1102 721 1150">
    <p class='ocr_par' dir='ltr' id='par_1_13' title="bbox 550 1102 721 1150">
     <span class='ocr_line' id='line_1_13' title="bbox 550 1102 721 1150; baseline 0 0"><span class='ocrx_word' id='word_1_68' title='bbox 550 1102 721 1150; x_wconf 84' lang='lat' dir='ltr'><strong>tatur.</strong></span> 
     </span>
    </p>
   </div>
   <div class='ocr_carea' id='block_1_14' title="bbox 622 1188 2130 1262">
    <p class='ocr_par' dir='ltr' id='par_1_14' title="bbox 622 1188 2130 1262">
     <span class='ocr_line' id='line_1_14' title="bbox 622 1188 2130 1262; baseline 0.003 -19"><span class='ocrx_word' id='word_1_69' title='bbox 622 1188 711 1243; x_wconf 86' lang='lat'><strong>86.</strong></span> <span class='ocrx_word' id='word_1_70' title='bbox 742 1188 893 1243; x_wconf 90' lang='lat' dir='ltr'><strong>Deus</strong></span> <span class='ocrx_word' id='word_1_71' title='bbox 924 1200 1051 1244; x_wconf 81' lang='lat' dir='ltr'><strong>eum</strong></span> <span class='ocrx_word' id='word_1_72' title='bbox 1090 1189 1271 1245; x_wconf 90' lang='lat' dir='ltr'><strong>bonus</strong></span> <span class='ocrx_word' id='word_1_73' title='bbox 1306 1206 1373 1247; x_wconf 87' lang='lat' dir='ltr'><strong>ac</strong></span> <span class='ocrx_word' id='word_1_74' title='bbox 1405 1190 1679 1262; x_wconf 87' lang='lat' dir='ltr'><strong>benignus</strong></span> <span class='ocrx_word' id='word_1_75' title='bbox 1702 1190 1795 1257; x_wconf 88' lang='lat' dir='ltr'><strong>sit,</strong></span> <span class='ocrx_word' id='word_1_76' title='bbox 1825 1191 2067 1261; x_wconf 80' lang='lat' dir='ltr'><strong>malique</strong></span> <span class='ocrx_word' id='word_1_77' title='bbox 2096 1207 2130 1247; x_wconf 70' lang='grc' dir='ltr'><strong>α</strong></span> 
     </span>
    </p>
   </div>
   <div class='ocr_carea' id='block_1_15' title="bbox 552 1277 2132 1351">
    <p class='ocr_par' dir='ltr' id='par_1_15' title="bbox 552 1277 2132 1351">
     <span class='ocr_line' id='line_1_15' title="bbox 552 1277 2132 1351; baseline 0.003 -21"><span class='ocrx_word' id='word_1_78' title='bbox 552 1277 717 1331; x_wconf 86' lang='lat' dir='ltr'><strong>nobis</strong></span> <span class='ocrx_word' id='word_1_79' title='bbox 771 1287 941 1348; x_wconf 90' lang='lat' dir='ltr'><strong>atque</strong></span> <span class='ocrx_word' id='word_1_80' title='bbox 983 1278 1106 1334; x_wconf 82' lang='lat' dir='ltr'><strong>vitii</strong></span> <span class='ocrx_word' id='word_1_81' title='bbox 1148 1295 1338 1335; x_wconf 82' lang='lat' dir='ltr'><strong>semen</strong></span> <span class='ocrx_word' id='word_1_82' title='bbox 1378 1296 1609 1350; x_wconf 84' lang='lat' dir='ltr'><strong>prorsus</strong></span> <span class='ocrx_word' id='word_1_83' title='bbox 1651 1281 1960 1351; x_wconf 70' lang='lat' dir='ltr'><strong>exstirpare</strong></span> <span class='ocrx_word' id='word_1_84' title='bbox 1997 1280 2132 1336; x_wconf 82' lang='lat' dir='ltr'><strong>velit</strong></span> 
     </span>
    </p>
   </div>
   <div class='ocr_carea' id='block_1_16' title="bbox 556 1369 2130 1444">
    <p class='ocr_par' dir='ltr' id='par_1_16' title="bbox 556 1369 2130 1444">
     <span class='ocr_line' id='line_1_16' title="bbox 556 1369 2130 1444; baseline 0.004 -23"><span class='ocrx_word' id='word_1_85' title='bbox 556 1369 913 1438; x_wconf 79' lang='lat' dir='ltr'><strong>(voluptatem</strong></span> <span class='ocrx_word' id='word_1_86' title='bbox 962 1370 1174 1426; x_wconf 81' lang='lat' dir='ltr'><strong>scilicet</strong></span> <span class='ocrx_word' id='word_1_87' title='bbox 1219 1387 1285 1426; x_wconf 87' lang='lat' dir='ltr'><strong>ac</strong></span> <span class='ocrx_word' id='word_1_88' title='bbox 1331 1371 1641 1438; x_wconf 86' lang='lat' dir='ltr'><strong>libidinem,</strong></span> <span class='ocrx_word' id='word_1_89' title='bbox 1690 1389 1812 1444; x_wconf 69' lang='lat' dir='ltr'><strong>quae</strong></span> <span class='ocrx_word' id='word_1_90' title='bbox 1864 1389 1896 1427; x_wconf 89' lang='lat' dir='ltr'><strong>a</strong></span> <span class='ocrx_word' id='word_1_91' title='bbox 1946 1373 2130 1428; x_wconf 83' lang='lat' dir='ltr'><strong>divina</strong></span> 
     </span>
    </p>
   </div>
   <div class='ocr_carea' id='block_1_17' title="bbox 552 1459 2133 1530">
    <p class='ocr_par' dir='ltr' id='par_1_17' title="bbox 552 1459 2133 1530">
     <span class='ocr_line' id='line_1_17' title="bbox 552 1459 2133 1530; baseline 0.004 -16"><span class='ocrx_word' id='word_1_92' title='bbox 552 1459 824 1515; x_wconf 85' lang='lat' dir='ltr'><strong>charitate</strong></span> <span class='ocrx_word' id='word_1_93' title='bbox 861 1460 1106 1516; x_wconf 89' lang='lat' dir='ltr'><strong>animum</strong></span> <span class='ocrx_word' id='word_1_94' title='bbox 1155 1462 1466 1530; x_wconf 80' lang='lat' dir='ltr'><strong>subduxit),</strong></span> <span class='ocrx_word' id='word_1_95' title='bbox 1508 1462 1753 1529; x_wconf 82' lang='lat' dir='ltr'><strong>diabolo,</strong></span> <span class='ocrx_word' id='word_1_96' title='bbox 1808 1472 1871 1518; x_wconf 90' lang='lat' dir='ltr'><strong>ut</strong></span> <span class='ocrx_word' id='word_1_97' title='bbox 1912 1463 2133 1520; x_wconf 76' lang='lat' dir='ltr'><strong>labores</strong></span> 
     </span>
    </p>
   </div>
   <div class='ocr_carea' id='block_1_18' title="bbox 556 1550 2132 1625">
    <p class='ocr_par' dir='ltr' id='par_1_18' title="bbox 556 1550 2132 1625">
     <span class='ocr_line' id='line_1_18' title="bbox 556 1550 2132 1625; baseline 0.004 -22"><span class='ocrx_word' id='word_1_98' title='bbox 556 1550 722 1607; x_wconf 86' lang='lat' dir='ltr'><strong>nobis</strong></span> <span class='ocrx_word' id='word_1_99' title='bbox 746 1561 803 1606; x_wconf 86' lang='lat' dir='ltr'><strong>et</strong></span> <span class='ocrx_word' id='word_1_100' title='bbox 832 1552 1101 1622; x_wconf 63' lang='lat' dir='ltr'><strong>Supplicia</strong></span> <span class='ocrx_word' id='word_1_101' title='bbox 1137 1553 1358 1618; x_wconf 76' lang='lat' dir='ltr'><strong>inferat,</strong></span> <span class='ocrx_word' id='word_1_102' title='bbox 1382 1555 1686 1624; x_wconf 87' lang='lat' dir='ltr'><strong>permittit;</strong></span> <span class='ocrx_word' id='word_1_103' title='bbox 1725 1571 1837 1625; x_wconf 86' lang='lat' dir='ltr'><strong>quo</strong></span> <span class='ocrx_word' id='word_1_104' title='bbox 1867 1556 2132 1610; x_wconf 87' lang='lat' dir='ltr'><strong>nimirum</strong></span> 
     </span>
    </p>
   </div>
   <div class='ocr_carea' id='block_1_19' title="bbox 2219 466 3197 539">
    <p class='ocr_par' dir='ltr' id='par_1_19' title="bbox 2219 466 3197 539">
     <span class='ocr_line' id='line_1_19' title="bbox 2219 466 3197 539; baseline -0.002 -17"><span class='ocrx_word' id='word_1_105' title='bbox 2219 468 2412 538; x_wconf 79' lang='grc' dir='ltr'><strong>ἀνάγει</strong></span> <span class='ocrx_word' id='word_1_106' title='bbox 2441 469 2659 539; x_wconf 77' lang='grc' dir='ltr'><strong>Πατέρα</strong></span> <span class='ocrx_word' id='word_1_107' title='bbox 2683 469 2811 532; x_wconf 77' lang='grc' dir='ltr'><strong>τοὺς</strong></span> <span class='ocrx_word' id='word_1_108' title='bbox 2839 466 3197 538; x_wconf 83' lang='grc' dir='ltr'><strong>πράττοντας.</strong></span> 
     </span>
    </p>
   </div>
   <div class='ocr_carea' id='block_1_20' title="bbox 2294 556 3803 632">
    <p class='ocr_par' dir='ltr' id='par_1_20' title="bbox 2294 556 3803 632">
     <span class='ocr_line' id='line_1_20' title="bbox 2294 556 3803 632; baseline -0.002 -17"><span class='ocrx_word' id='word_1_109' title='bbox 2294 566 2408 623; x_wconf 50' lang='grc' dir='ltr'><strong>πε⁹ς</strong></span> <span class='ocrx_word' id='word_1_110' title='bbox 2425 561 2581 631; x_wconf 84' lang='grc' dir='ltr'><strong>Ζωῆς</strong></span> <span class='ocrx_word' id='word_1_111' title='bbox 2607 559 2897 632; x_wconf 76' lang='grc' dir='ltr'><strong>μετάθεσιν</strong></span> <span class='ocrx_word' id='word_1_112' title='bbox 2930 561 3027 615; x_wconf 74' lang='grc' dir='ltr'><strong>καὶ</strong></span> <span class='ocrx_word' id='word_1_113' title='bbox 3061 558 3320 630; x_wconf 77' lang='grc' dir='ltr'><strong>λατρείαν</strong></span> <span class='ocrx_word' id='word_1_114' title='bbox 3348 556 3666 628; x_wconf 75' lang='grc' dir='ltr'><strong>ἀγγελικὴν,</strong></span> <span class='ocrx_word' id='word_1_115' title='bbox 3697 558 3803 612; x_wconf 71' lang='grc' dir='ltr'><strong>καὶ</strong></span> 
     </span>
    </p>
   </div>
   <div class='ocr_carea' id='block_1_21' title="bbox 2227 648 3801 724">
    <p class='ocr_par' dir='ltr' id='par_1_21' title="bbox 2227 648 3801 724">
     <span class='ocr_line' id='line_1_21' title="bbox 2227 648 3801 724; baseline -0.004 -17"><span class='ocrx_word' id='word_1_116' title='bbox 2227 652 2367 724; x_wconf 75' lang='grc' dir='ltr'><strong>πρὸς</strong></span> <span class='ocrx_word' id='word_1_117' title='bbox 2391 652 2551 722; x_wconf 83' lang='grc' dir='ltr'><strong>σῶμα</strong></span> <span class='ocrx_word' id='word_1_118' title='bbox 2573 652 2752 724; x_wconf 78' lang='grc' dir='ltr'><strong>ψυχῆς</strong></span> <span class='ocrx_word' id='word_1_119' title='bbox 2783 650 3029 705; x_wconf 77' lang='grc' dir='ltr'><strong>ἑκούσιον</strong></span> <span class='ocrx_word' id='word_1_120' title='bbox 3058 650 3438 721; x_wconf 79' lang='grc' dir='ltr'><strong>ἀλλοτρίωσιν.</strong></span> <span class='ocrx_word' id='word_1_121' title='bbox 3469 650 3566 703; x_wconf 74' lang='grc' dir='ltr'><strong>καὶ</strong></span> <span class='ocrx_word' id='word_1_122' title='bbox 3608 648 3710 719; x_wconf 86' lang='grc' dir='ltr'><strong>τῆς</strong></span> <span class='ocrx_word' id='word_1_123' title='bbox 3738 650 3801 702; x_wconf 84' lang='grc' dir='ltr'><strong>ἐν</strong></span> 
     </span>
    </p>
   </div>
   <div class='ocr_carea' id='block_1_22' title="bbox 2224 742 3802 816">
    <p class='ocr_par' dir='ltr' id='par_1_22' title="bbox 2224 742 3802 816">
     <span class='ocr_line' id='line_1_22' title="bbox 2224 742 3802 816; baseline -0.001 -18"><span class='ocrx_word' id='word_1_124' title='bbox 2224 743 2495 816; x_wconf 84' lang='grc' dir='ltr'><strong>πνεύματι</strong></span> <span class='ocrx_word' id='word_1_125' title='bbox 2521 743 2674 808; x_wconf 89' lang='grc' dir='ltr'><strong>θείας</strong></span> <span class='ocrx_word' id='word_1_126' title='bbox 2703 745 3118 816; x_wconf 80' lang='grc' dir='ltr'><strong>μεταποιήσεως</strong></span> <span class='ocrx_word' id='word_1_127' title='bbox 3162 743 3397 812; x_wconf 86' lang='grc' dir='ltr'><strong>γένεσιν,</strong></span> <span class='ocrx_word' id='word_1_128' title='bbox 3423 743 3487 797; x_wconf 79' lang='grc' dir='ltr'><strong>τὸ</strong></span> <span class='ocrx_word' id='word_1_129' title='bbox 3526 742 3627 812; x_wconf 83' lang='grc' dir='ltr'><strong>τῆς</strong></span> <span class='ocrx_word' id='word_1_130' title='bbox 3649 743 3802 808; x_wconf 82' lang='grc' dir='ltr'><strong>Νέας</strong></span> 
     </span>
    </p>
   </div>
   <div class='ocr_carea' id='block_1_23' title="bbox 2231 834 3803 909">
    <p class='ocr_par' dir='ltr' id='par_1_23' title="bbox 2231 834 3803 909">
     <span class='ocr_line' id='line_1_23' title="bbox 2231 834 3803 909; baseline -0.001 -19"><span class='ocrx_word' id='word_1_131' title='bbox 2231 836 2513 909; x_wconf 75' lang='grc' dir='ltr'><strong>Διαθήκης</strong></span> <span class='ocrx_word' id='word_1_132' title='bbox 2548 836 2907 906; x_wconf 77' lang='grc' dir='ltr'><strong>καταγγέλλει</strong></span> <span class='ocrx_word' id='word_1_133' title='bbox 2956 836 3279 909; x_wconf 77' lang='grc' dir='ltr'><strong>μυστήριον.</strong></span> <span class='ocrx_word' id='word_1_134' title='bbox 3325 836 3710 905; x_wconf 79' lang='grc' dir='ltr'><strong>Πνευματικὴν</strong></span> <span class='ocrx_word' id='word_1_135' title='bbox 3742 834 3803 889; x_wconf 76' lang='grc' dir='ltr'><strong>δι</strong></span> 
     </span>
    </p>
   </div>
   <div class='ocr_carea' id='block_1_24' title="bbox 2225 923 3802 998">
    <p class='ocr_par' dir='ltr' id='par_1_24' title="bbox 2225 923 3802 998">
     <span class='ocr_line' id='line_1_24' title="bbox 2225 923 3802 998; baseline -0.001 -17"><span class='ocrx_word' id='word_1_136' title='bbox 2225 928 2531 998; x_wconf 83' lang='grc' dir='ltr'><strong>περιτομὴν</strong></span> <span class='ocrx_word' id='word_1_137' title='bbox 2582 929 2613 981; x_wconf 80' lang='grc' dir='ltr'><strong>δ</strong></span> <span class='ocrx_word' id='word_1_138' title='bbox 2658 928 2819 998; x_wconf 84' lang='grc' dir='ltr'><strong>λόγος</strong></span> <span class='ocrx_word' id='word_1_139' title='bbox 2865 923 2975 983; x_wconf 78' lang='grc' dir='ltr'><strong>οῐδε</strong></span> <span class='ocrx_word' id='word_1_140' title='bbox 3026 927 3237 993; x_wconf 80' lang='grc' dir='ltr'><strong>καλεῖν,</strong></span> <span class='ocrx_word' id='word_1_141' title='bbox 3301 925 3400 998; x_wconf 76' lang='grc' dir='ltr'><strong>τὴν</strong></span> <span class='ocrx_word' id='word_1_142' title='bbox 3458 927 3558 996; x_wconf 81' lang='grc' dir='ltr'><strong>τῆς</strong></span> <span class='ocrx_word' id='word_1_143' title='bbox 3620 930 3802 997; x_wconf 81' lang='grc' dir='ltr'><strong>ἐμπα-</strong></span> 
     </span>
    </p>
   </div>
   <div class='ocr_carea' id='block_1_25' title="bbox 2227 1016 3623 1091">
    <p class='ocr_par' dir='ltr' id='par_1_25' title="bbox 2227 1016 3623 1091">
     <span class='ocr_line' id='line_1_25' title="bbox 2227 1016 3623 1091; baseline -0.001 -19"><span class='ocrx_word' id='word_1_144' title='bbox 2227 1017 2354 1083; x_wconf 82' lang='grc' dir='ltr'><strong>θοῦς</strong></span> <span class='ocrx_word' id='word_1_145' title='bbox 2381 1019 2622 1090; x_wconf 79' lang='grc' dir='ltr'><strong>σχέσεως</strong></span> <span class='ocrx_word' id='word_1_146' title='bbox 2656 1018 2798 1091; x_wconf 75' lang='grc' dir='ltr'><strong>πρὸς</strong></span> <span class='ocrx_word' id='word_1_147' title='bbox 2833 1018 2996 1088; x_wconf 83' lang='grc' dir='ltr'><strong>σῶμα</strong></span> <span class='ocrx_word' id='word_1_148' title='bbox 3029 1019 3132 1089; x_wconf 84' lang='grc' dir='ltr'><strong>τῆς</strong></span> <span class='ocrx_word' id='word_1_149' title='bbox 3161 1016 3339 1089; x_wconf 75' lang='grc' dir='ltr'><strong>ψυχῆς</strong></span> <span class='ocrx_word' id='word_1_150' title='bbox 3360 1018 3623 1088; x_wconf 75' lang='grc' dir='ltr'><strong>ἐκτομήν.</strong></span> 
     </span>
    </p>
   </div>
   <div class='ocr_carea' id='block_1_26' title="bbox 2298 1179 3807 1257">
    <p class='ocr_par' dir='ltr' id='par_1_26' title="bbox 2298 1179 3807 1257">
     <span class='ocr_line' id='line_1_26' title="bbox 2298 1179 3807 1257; baseline -0.007 -14"><span class='ocrx_word' id='word_1_151' title='bbox 2298 1186 2415 1253; x_wconf 81' lang='grc' dir='ltr'><strong>πς’.</strong></span> <span class='ocrx_word' id='word_1_152' title='bbox 2462 1186 2693 1256; x_wconf 80' lang='grc' dir='ltr'><strong>’Δγαθὺς</strong></span> <span class='ocrx_word' id='word_1_153' title='bbox 2726 1186 2988 1257; x_wconf 81' lang='grc' dir='ltr'><strong>ῦπάρχων</strong></span> <span class='ocrx_word' id='word_1_154' title='bbox 3013 1183 3215 1247; x_wconf 79' lang='grc' dir='ltr'><strong>ὁιΘεδς</strong></span> <span class='ocrx_word' id='word_1_155' title='bbox 3232 1223 3247 1248; x_wconf 86' lang='grc'><strong>,</strong></span> <span class='ocrx_word' id='word_1_156' title='bbox 3280 1182 3380 1237; x_wconf 72' lang='grc' dir='ltr'><strong>καὶ</strong></span> <span class='ocrx_word' id='word_1_157' title='bbox 3420 1181 3590 1235; x_wconf 79' lang='grc' dir='ltr'><strong>θέλων</strong></span> <span class='ocrx_word' id='word_1_158' title='bbox 3644 1179 3807 1252; x_wconf 76' lang='grc' dir='ltr'><strong>ἡμῶν</strong></span> 
     </span>
    </p>
   </div>
   <div class='ocr_carea' id='block_1_27' title="bbox 2229 1272 3803 1362">
    <p class='ocr_par' dir='ltr' id='par_1_27' title="bbox 2229 1272 3803 1362">
     <span class='ocr_line' id='line_1_27' title="bbox 2229 1272 3803 1362; baseline -0.004 -30"><span class='ocrx_word' id='word_1_159' title='bbox 2229 1278 2441 1333; x_wconf 78' lang='grc' dir='ltr'><strong>ἐκτῐλαι</strong></span> <span class='ocrx_word' id='word_1_160' title='bbox 2466 1277 2754 1342; x_wconf 82' lang='grc' dir='ltr'><strong>παντελῶς</strong></span> <span class='ocrx_word' id='word_1_161' title='bbox 2782 1277 2848 1331; x_wconf 79' lang='grc' dir='ltr'><strong>τὸ</strong></span> <span class='ocrx_word' id='word_1_162' title='bbox 2884 1279 2987 1348; x_wconf 75' lang='grc' dir='ltr'><strong>τῆς</strong></span> <span class='ocrx_word' id='word_1_163' title='bbox 3031 1275 3230 1339; x_wconf 85' lang='grc' dir='ltr'><strong>κακίας</strong></span> <span class='ocrx_word' id='word_1_164' title='bbox 3268 1276 3492 1347; x_wconf 83' lang='grc' dir='ltr'><strong>σπέρμα</strong></span> <span class='ocrx_word' id='word_1_165' title='bbox 3551 1273 3652 1344; x_wconf 72' lang='grc' dir='ltr'><strong>τὴν</strong></span> 
     </span>
    </p>
   </div>
   <div class='ocr_carea' id='block_1_28' title="bbox 2230 1366 3801 1441">
    <p class='ocr_par' dir='ltr' id='par_1_28' title="bbox 2230 1366 3801 1441">
     <span class='ocr_line' id='line_1_28' title="bbox 2230 1366 3801 1441; baseline -0.002 -19"><span class='ocrx_word' id='word_1_166' title='bbox 2230 1370 2348 1441; x_wconf 83' lang='grc' dir='ltr'><strong>νὴν,</strong></span> <span class='ocrx_word' id='word_1_167' title='bbox 2384 1369 2483 1441; x_wconf 81' lang='grc' dir='ltr'><strong>τὴν</strong></span> <span class='ocrx_word' id='word_1_168' title='bbox 2511 1370 2603 1422; x_wconf 79' lang='grc' dir='ltr'><strong>τὸν</strong></span> <span class='ocrx_word' id='word_1_169' title='bbox 2626 1369 2750 1423; x_wconf 82' lang='grc' dir='ltr'><strong>νοῦν</strong></span> <span class='ocrx_word' id='word_1_170' title='bbox 2776 1369 2879 1439; x_wconf 88' lang='grc' dir='ltr'><strong>τῆς</strong></span> <span class='ocrx_word' id='word_1_171' title='bbox 2910 1368 3061 1433; x_wconf 81' lang='grc' dir='ltr'><strong>θείας</strong></span> <span class='ocrx_word' id='word_1_172' title='bbox 3090 1366 3511 1438; x_wconf 65' lang='grc' dir='ltr'><strong>άποσυλήσαεαν</strong></span> <span class='ocrx_word' id='word_1_173' title='bbox 3542 1366 3767 1436; x_wconf 77' lang='grc' dir='ltr'><strong>ἀγάπης</strong></span> <span class='ocrx_word' id='word_1_174' title='bbox 3785 1404 3801 1428; x_wconf 85' lang='grc'><strong>.</strong></span> 
     </span>
    </p>
   </div>
   <div class='ocr_carea' id='block_1_29' title="bbox 2232 1457 3807 1532">
    <p class='ocr_par' dir='ltr' id='par_1_29' title="bbox 2232 1457 3807 1532">
     <span class='ocr_line' id='line_1_29' title="bbox 2232 1457 3807 1532; baseline -0.004 -17"><span class='ocrx_word' id='word_1_175' title='bbox 2232 1461 2506 1532; x_wconf 78' lang='grc' dir='ltr'><strong>συγχωρεῖ</strong></span> <span class='ocrx_word' id='word_1_176' title='bbox 2528 1459 2608 1530; x_wconf 86' lang='grc' dir='ltr'><strong>τῷ</strong></span> <span class='ocrx_word' id='word_1_177' title='bbox 2638 1459 2870 1530; x_wconf 78' lang='grc' dir='ltr'><strong>διαϐόλῳ</strong></span> <span class='ocrx_word' id='word_1_178' title='bbox 2893 1459 3089 1523; x_wconf 79' lang='grc' dir='ltr'><strong>πόνους</strong></span> <span class='ocrx_word' id='word_1_179' title='bbox 3121 1460 3254 1531; x_wconf 75' lang='grc' dir='ltr'><strong>ἡμῖν</strong></span> <span class='ocrx_word' id='word_1_180' title='bbox 3281 1458 3375 1512; x_wconf 71' lang='grc' dir='ltr'><strong>καὶ</strong></span> <span class='ocrx_word' id='word_1_181' title='bbox 3407 1457 3675 1528; x_wconf 80' lang='grc' dir='ltr'><strong>τιμωρίας</strong></span> <span class='ocrx_word' id='word_1_182' title='bbox 3715 1458 3807 1509; x_wconf 80' lang='grc' dir='ltr'><strong>ἐπ-</strong></span> 
     </span>
    </p>
   </div>
   <div class='ocr_carea' id='block_1_30' title="bbox 2231 1545 3805 1619">
    <p class='ocr_par' dir='ltr' id='par_1_30' title="bbox 2231 1545 3805 1619">
     <span class='ocr_line' id='line_1_30' title="bbox 2231 1545 3805 1619; baseline 0.003 -15"><span class='ocrx_word' id='word_1_183' title='bbox 2231 1548 2479 1617; x_wconf 78' lang='grc' dir='ltr'><strong>αγαγεῖνο</strong></span> <span class='ocrx_word' id='word_1_184' title='bbox 2527 1547 2669 1602; x_wconf 83' lang='grc' dir='ltr'><strong>κατὰ</strong></span> <span class='ocrx_word' id='word_1_185' title='bbox 2702 1547 2897 1603; x_wconf 78' lang='grc' dir='ltr'><strong>ταύτὸν</strong></span> <span class='ocrx_word' id='word_1_186' title='bbox 2935 1548 3032 1602; x_wconf 73' lang='grc' dir='ltr'><strong>καὶ</strong></span> <span class='ocrx_word' id='word_1_187' title='bbox 3061 1547 3161 1617; x_wconf 86' lang='grc' dir='ltr'><strong>τῆς</strong></span> <span class='ocrx_word' id='word_1_188' title='bbox 3200 1546 3578 1619; x_wconf 65' lang='grc' dir='ltr'><strong>προλαϐοίηης</strong></span> <span class='ocrx_word' id='word_1_189' title='bbox 3613 1545 3805 1618; x_wconf 74' lang='grc' dir='ltr'><strong>ἡδονῆς</strong></span> 
     </span>
    </p>
   </div>
   <div class='ocr_carea' id='block_1_31' title="bbox 558 1634 2144 1719">
    <p class='ocr_par' dir='ltr' id='par_1_31' title="bbox 558 1644 2133 1719">
     <span class='ocr_line' id='line_1_31' title="bbox 558 1644 2133 1719; baseline 0.004 -23"><span class='ocrx_word' id='word_1_190' title='bbox 558 1644 721 1698; x_wconf 86' lang='lat' dir='ltr'><strong>simul</strong></span> <span class='ocrx_word' id='word_1_191' title='bbox 747 1659 811 1698; x_wconf 87' lang='lat' dir='ltr'><strong>ac</strong></span> <span class='ocrx_word' id='word_1_192' title='bbox 840 1646 1031 1708; x_wconf 83' lang='lat' dir='ltr'><strong>semel,</strong></span> <span class='ocrx_word' id='word_1_193' title='bbox 1071 1654 1186 1701; x_wconf 91' lang='lat' dir='ltr'><strong>tum</strong></span> <span class='ocrx_word' id='word_1_194' title='bbox 1227 1647 1348 1717; x_wconf 83' lang='lat' dir='ltr'><strong>ejus</strong></span> <span class='ocrx_word' id='word_1_195' title='bbox 1379 1662 1502 1715; x_wconf 70' lang='lat' dir='ltr'><strong>quae</strong></span> <span class='ocrx_word' id='word_1_196' title='bbox 1530 1648 1844 1712; x_wconf 88' lang='lat' dir='ltr'><strong>antecessit,</strong></span> <span class='ocrx_word' id='word_1_197' title='bbox 1878 1649 2133 1719; x_wconf 85' lang='lat' dir='ltr'><strong>volupta-</strong></span> 
     </span>
    </p>
   </div>
   <div class='ocr_carea' id='block_1_32' title="bbox 2246 1634 3807 1719">
    <p class='ocr_par' dir='ltr' id='par_1_32' title="bbox 2246 1634 3807 1707">
     <span class='ocr_line' id='line_1_32' title="bbox 2246 1634 3807 1707; baseline -0.003 -15"><span class='ocrx_word' id='word_1_198' title='bbox 2246 1639 2324 1693; x_wconf 79' lang='grc' dir='ltr'><strong>ιδν</strong></span> <span class='ocrx_word' id='word_1_199' title='bbox 2382 1640 2480 1703; x_wconf 74' lang='grc' dir='ltr'><strong>ιδν,</strong></span> <span class='ocrx_word' id='word_1_200' title='bbox 2518 1637 2609 1691; x_wconf 84' lang='grc' dir='ltr'><strong>διὰ</strong></span> <span class='ocrx_word' id='word_1_201' title='bbox 2652 1637 2765 1692; x_wconf 85' lang='grc' dir='ltr'><strong>τῶν</strong></span> <span class='ocrx_word' id='word_1_202' title='bbox 2823 1638 3003 1691; x_wconf 84' lang='grc' dir='ltr'><strong>πόνων</strong></span> <span class='ocrx_word' id='word_1_203' title='bbox 3052 1636 3153 1707; x_wconf 88' lang='grc' dir='ltr'><strong>τῆς</strong></span> <span class='ocrx_word' id='word_1_204' title='bbox 3183 1635 3363 1707; x_wconf 72' lang='grc' dir='ltr'><strong>ψυχῆς</strong></span> <span class='ocrx_word' id='word_1_205' title='bbox 3402 1635 3650 1702; x_wconf 76' lang='grc' dir='ltr'><strong>ἀποξέων</strong></span> <span class='ocrx_word' id='word_1_206' title='bbox 3668 1674 3686 1698; x_wconf 94' lang='grc'><strong>,</strong></span> <span class='ocrx_word' id='word_1_207' title='bbox 3712 1634 3807 1687; x_wconf 77' lang='grc' dir='ltr'><strong>καὶ</strong></span> 
     </span>
    </p>
   </div>
   <div class='ocr_carea' id='block_1_33' title="bbox 559 1711 2144 1807">
    <p class='ocr_par' dir='ltr' id='par_1_33' title="bbox 559 1711 2134 1807">
     <span class='ocr_line' id='line_1_33' title="bbox 559 1711 2134 1807; baseline 0.004 -23"><span class='ocrx_word' id='word_1_208' title='bbox 559 1732 632 1786; x_wconf 92' lang='lat' dir='ltr'><strong>tis</strong></span> <span class='ocrx_word' id='word_1_209' title='bbox 670 1733 823 1788; x_wconf 86' lang='lat' dir='ltr'><strong>virus</strong></span> <span class='ocrx_word' id='word_1_210' title='bbox 865 1749 964 1802; x_wconf 88' lang='lat' dir='ltr'><strong>per</strong></span> <span class='ocrx_word' id='word_1_211' title='bbox 1020 1711 1471 1790; x_wconf 32' lang='lat' dir='ltr'><strong>labores&#39;animo</strong></span> <span class='ocrx_word' id='word_1_212' title='bbox 1503 1735 1803 1807; x_wconf 85' lang='lat' dir='ltr'><strong>abstergat,</strong></span> <span class='ocrx_word' id='word_1_213' title='bbox 1844 1746 1959 1790; x_wconf 89' lang='lat' dir='ltr'><strong>tum</strong></span> <span class='ocrx_word' id='word_1_214' title='bbox 2002 1711 2134 1791; x_wconf 70' lang='lat' dir='ltr'><strong>vero</strong></span> 
     </span>
    </p>
   </div>
   <div class='ocr_carea' id='block_1_34' title="bbox 2246 1711 3809 1807">
    <p class='ocr_par' dir='ltr' id='par_1_34' title="bbox 2246 1725 3809 1803">
     <span class='ocr_line' id='line_1_34' title="bbox 2246 1725 3809 1803; baseline -0.004 -18"><span class='ocrx_word' id='word_1_215' title='bbox 2246 1731 2370 1803; x_wconf 78' lang='grc' dir='ltr'><strong>πρὸς</strong></span> <span class='ocrx_word' id='word_1_216' title='bbox 2399 1731 2469 1784; x_wconf 79' lang='grc' dir='ltr'><strong>τά</strong></span> <span class='ocrx_word' id='word_1_217' title='bbox 2496 1730 2740 1800; x_wconf 78' lang='grc' dir='ltr'><strong>παρόντα</strong></span> <span class='ocrx_word' id='word_1_218' title='bbox 2767 1730 2862 1783; x_wconf 84' lang='grc' dir='ltr'><strong>καὶ</strong></span> <span class='ocrx_word' id='word_1_219' title='bbox 2894 1729 3064 1799; x_wconf 80' lang='grc' dir='ltr'><strong>μόνην</strong></span> <span class='ocrx_word' id='word_1_220' title='bbox 3092 1727 3191 1799; x_wconf 83' lang='grc' dir='ltr'><strong>τὴν</strong></span> <span class='ocrx_word' id='word_1_221' title='bbox 3239 1727 3492 1799; x_wconf 78' lang='grc' dir='ltr'><strong>αἴσθησιν</strong></span> <span class='ocrx_word' id='word_1_222' title='bbox 3532 1725 3809 1788; x_wconf 81' lang='grc' dir='ltr'><strong>σαίνοντα,</strong></span> 
     </span>
    </p>
   </div>
   <div class='ocr_carea' id='block_1_35' title="bbox 560 1817 2144 1895">
    <p class='ocr_par' dir='ltr' id='par_1_35' title="bbox 560 1822 2138 1894">
     <span class='ocr_line' id='line_1_35' title="bbox 560 1822 2138 1894; baseline 0.004 -20"><span class='ocrx_word' id='word_1_223' title='bbox 560 1822 853 1879; x_wconf 82' lang='lat' dir='ltr'><strong>adversum</strong></span> <span class='ocrx_word' id='word_1_224' title='bbox 884 1824 1049 1894; x_wconf 87' lang='lat' dir='ltr'><strong>hujus</strong></span> <span class='ocrx_word' id='word_1_225' title='bbox 1072 1824 1173 1879; x_wconf 67' lang='lat' dir='ltr'><strong>aevi</strong></span> <span class='ocrx_word' id='word_1_226' title='bbox 1214 1840 1324 1890; x_wconf 81' lang='lat' dir='ltr'><strong>res,</strong></span> <span class='ocrx_word' id='word_1_227' title='bbox 1356 1840 1421 1881; x_wconf 88' lang='lat' dir='ltr'><strong>ac</strong></span> <span class='ocrx_word' id='word_1_228' title='bbox 1461 1841 1585 1894; x_wconf 68' lang='lat' dir='ltr'><strong>quae</strong></span> <span class='ocrx_word' id='word_1_229' title='bbox 1619 1826 1724 1882; x_wconf 89' lang='lat' dir='ltr'><strong>soli</strong></span> <span class='ocrx_word' id='word_1_230' title='bbox 1758 1827 1950 1881; x_wconf 84' lang='lat' dir='ltr'><strong>sensui</strong></span> <span class='ocrx_word' id='word_1_231' title='bbox 1979 1826 2138 1881; x_wconf 86' lang='lat' dir='ltr'><strong>blan-</strong></span> 
     </span>
    </p>
   </div>
   <div class='ocr_carea' id='block_1_36' title="bbox 2246 1817 3808 1895">
    <p class='ocr_par' dir='ltr' id='par_1_36' title="bbox 2246 1817 3808 1895">
     <span class='ocr_line' id='line_1_36' title="bbox 2246 1817 3808 1895; baseline -0.004 -19"><span class='ocrx_word' id='word_1_232' title='bbox 2246 1826 2394 1895; x_wconf 84' lang='grc' dir='ltr'><strong>μϊσος</strong></span> <span class='ocrx_word' id='word_1_233' title='bbox 2416 1824 2549 1893; x_wconf 78' lang='grc' dir='ltr'><strong>ἡμῖν</strong></span> <span class='ocrx_word' id='word_1_234' title='bbox 2570 1822 2666 1877; x_wconf 80' lang='grc' dir='ltr'><strong>καὶ</strong></span> <span class='ocrx_word' id='word_1_235' title='bbox 2695 1821 2906 1876; x_wconf 85' lang='grc' dir='ltr'><strong>τελείαν</strong></span> <span class='ocrx_word' id='word_1_236' title='bbox 2931 1817 3301 1881; x_wconf 85' lang='grc' dir='ltr'><strong>άποδιάθεσιν.</strong></span> <span class='ocrx_word' id='word_1_237' title='bbox 3333 1819 3411 1883; x_wconf 80' lang='grc' dir='ltr'><strong>ὡς</strong></span> <span class='ocrx_word' id='word_1_238' title='bbox 3442 1818 3608 1890; x_wconf 70' lang='grc' dir='ltr'><strong>μηδὲν</strong></span> <span class='ocrx_word' id='word_1_239' title='bbox 3637 1836 3808 1888; x_wconf 71' lang='grc' dir='ltr'><strong>τιμω-</strong></span> 
     </span>
    </p>
   </div>
   <div class='ocr_carea' id='block_1_37' title="bbox 560 1915 2141 1986">
    <p class='ocr_par' dir='ltr' id='par_1_37' title="bbox 560 1915 2141 1986">
     <span class='ocr_line' id='line_1_37' title="bbox 560 1915 2141 1986; baseline 0.002 -17"><span class='ocrx_word' id='word_1_240' title='bbox 560 1915 808 1980; x_wconf 84' lang='lat' dir='ltr'><strong>diantur,</strong></span> <span class='ocrx_word' id='word_1_241' title='bbox 861 1915 1048 1970; x_wconf 89' lang='lat' dir='ltr'><strong>odium</strong></span> <span class='ocrx_word' id='word_1_242' title='bbox 1106 1915 1269 1971; x_wconf 88' lang='lat' dir='ltr'><strong>nobis</strong></span> <span class='ocrx_word' id='word_1_243' title='bbox 1322 1917 1735 1986; x_wconf 79' lang='lat' dir='ltr'><strong>perfectamque</strong></span> <span class='ocrx_word' id='word_1_244' title='bbox 1789 1916 2141 1972; x_wconf 82' lang='lat' dir='ltr'><strong>abhorrentis</strong></span> 
     </span>
    </p>
   </div>
   <div class='ocr_carea' id='block_1_38' title="bbox 562 1997 2135 2074">
    <p class='ocr_par' dir='ltr' id='par_1_38' title="bbox 562 1997 2135 2074">
     <span class='ocr_line' id='line_1_38' title="bbox 562 1997 2135 2074; baseline 0.001 -18"><span class='ocrx_word' id='word_1_245' title='bbox 562 2004 734 2057; x_wconf 89' lang='lat' dir='ltr'><strong>animi</strong></span> <span class='ocrx_word' id='word_1_246' title='bbox 786 1997 1212 2073; x_wconf 85' lang='lat' dir='ltr'><strong>displicentiam,</strong></span> <span class='ocrx_word' id='word_1_247' title='bbox 1274 2004 1516 2074; x_wconf 81' lang='lat' dir='ltr'><strong>ingerat;</strong></span> <span class='ocrx_word' id='word_1_248' title='bbox 1570 2014 1633 2058; x_wconf 91' lang='lat' dir='ltr'><strong>ut</strong></span> <span class='ocrx_word' id='word_1_249' title='bbox 1685 2019 1919 2074; x_wconf 88' lang='lat' dir='ltr'><strong>quarum</strong></span> <span class='ocrx_word' id='word_1_250' title='bbox 1979 2018 2135 2066; x_wconf 89' lang='lat' dir='ltr'><strong>usus,</strong></span> 
     </span>
    </p>
   </div>
   <div class='ocr_carea' id='block_1_39' title="bbox 564 2094 2135 2165">
    <p class='ocr_par' dir='ltr' id='par_1_39' title="bbox 564 2094 2135 2165">
     <span class='ocr_line' id='line_1_39' title="bbox 564 2094 2135 2165; baseline 0.002 -17"><span class='ocrx_word' id='word_1_251' title='bbox 564 2103 760 2165; x_wconf 58' lang='lat' dir='ltr'><strong>praeter</strong></span> <span class='ocrx_word' id='word_1_252' title='bbox 803 2110 1042 2165; x_wconf 74' lang='lat' dir='ltr'><strong>pmnam,</strong></span> <span class='ocrx_word' id='word_1_253' title='bbox 1092 2096 1313 2165; x_wconf 85' lang='lat' dir='ltr'><strong>majoris</strong></span> <span class='ocrx_word' id='word_1_254' title='bbox 1354 2095 1493 2148; x_wconf 85' lang='lat' dir='ltr'><strong>nihil</strong></span> <span class='ocrx_word' id='word_1_255' title='bbox 1539 2095 1813 2149; x_wconf 81' lang='lat' dir='ltr'><strong>commodi</strong></span> <span class='ocrx_word' id='word_1_256' title='bbox 1872 2094 2073 2151; x_wconf 84' lang='lat' dir='ltr'><strong>habeat</strong></span> <span class='ocrx_word' id='word_1_257' title='bbox 2121 2113 2135 2150; x_wconf 91' lang='lat'><strong>:</strong></span> 
     </span>
    </p>
   </div>
   <div class='ocr_carea' id='block_1_40' title="bbox 564 2183 2140 2254">
    <p class='ocr_par' dir='ltr' id='par_1_40' title="bbox 564 2183 2140 2254">
     <span class='ocr_line' id='line_1_40' title="bbox 564 2183 2140 2254; baseline 0.001 -17"><span class='ocrx_word' id='word_1_258' title='bbox 564 2183 732 2253; x_wconf 86' lang='lat' dir='ltr'><strong>idque</strong></span> <span class='ocrx_word' id='word_1_259' title='bbox 778 2183 998 2238; x_wconf 84' lang='lat' dir='ltr'><strong>demum</strong></span> <span class='ocrx_word' id='word_1_260' title='bbox 1032 2199 1223 2254; x_wconf 80' lang='lat' dir='ltr'><strong>agens,</strong></span> <span class='ocrx_word' id='word_1_261' title='bbox 1254 2194 1314 2237; x_wconf 88' lang='lat' dir='ltr'><strong>ut</strong></span> <span class='ocrx_word' id='word_1_262' title='bbox 1343 2183 1494 2237; x_wconf 89' lang='lat' dir='ltr'><strong>illius</strong></span> <span class='ocrx_word' id='word_1_263' title='bbox 1524 2183 1712 2248; x_wconf 87' lang='lat' dir='ltr'><strong>ultrix,</strong></span> <span class='ocrx_word' id='word_1_264' title='bbox 1743 2183 2140 2254; x_wconf 81' lang='lat' dir='ltr'><strong>hominumque</strong></span> 
     </span>
    </p>
   </div>
   <div class='ocr_carea' id='block_1_41' title="bbox 564 2271 2138 2345">
    <p class='ocr_par' dir='ltr' id='par_1_41' title="bbox 564 2271 2138 2345">
     <span class='ocr_line' id='line_1_41' title="bbox 564 2271 2138 2345; baseline 0.003 -21"><span class='ocrx_word' id='word_1_265' title='bbox 564 2271 893 2342; x_wconf 77' lang='lat' dir='ltr'><strong>propensior</strong></span> <span class='ocrx_word' id='word_1_266' title='bbox 940 2271 1067 2326; x_wconf 91' lang='lat' dir='ltr'><strong>odio</strong></span> <span class='ocrx_word' id='word_1_267' title='bbox 1123 2274 1391 2343; x_wconf 84' lang='lat' dir='ltr'><strong>potentia,</strong></span> <span class='ocrx_word' id='word_1_268' title='bbox 1442 2273 1581 2343; x_wconf 89' lang='lat' dir='ltr'><strong>ipsa,</strong></span> <span class='ocrx_word' id='word_1_269' title='bbox 1632 2274 1773 2328; x_wconf 88' lang='lat' dir='ltr'><strong>mala</strong></span> <span class='ocrx_word' id='word_1_270' title='bbox 1819 2274 2138 2345; x_wconf 83' lang='lat' dir='ltr'><strong>inﬂigendo,</strong></span> 
     </span>
    </p>
   </div>
   <div class='ocr_carea' id='block_1_42' title="bbox 563 2363 2139 2436">
    <p class='ocr_par' dir='ltr' id='par_1_42' title="bbox 563 2363 2139 2436">
     <span class='ocr_line' id='line_1_42' title="bbox 563 2363 2139 2436; baseline 0.001 -18"><span class='ocrx_word' id='word_1_271' title='bbox 563 2364 633 2418; x_wconf 78' lang='lat' dir='ltr'><strong>ad</strong></span> <span class='ocrx_word' id='word_1_272' title='bbox 666 2363 946 2428; x_wconf 80' lang='lat' dir='ltr'><strong>virtutem,</strong></span> <span class='ocrx_word' id='word_1_273' title='bbox 983 2379 1079 2418; x_wconf 90' lang='lat' dir='ltr'><strong>eos</strong></span> <span class='ocrx_word' id='word_1_274' title='bbox 1114 2364 1208 2434; x_wconf 84' lang='lat' dir='ltr'><strong>qui</strong></span> <span class='ocrx_word' id='word_1_275' title='bbox 1250 2372 1445 2435; x_wconf 88' lang='lat' dir='ltr'><strong>sponte</strong></span> <span class='ocrx_word' id='word_1_276' title='bbox 1496 2364 1565 2420; x_wconf 88' lang='lat' dir='ltr'><strong>ab</strong></span> <span class='ocrx_word' id='word_1_277' title='bbox 1608 2380 1674 2421; x_wconf 88' lang='lat' dir='ltr'><strong>ea</strong></span> <span class='ocrx_word' id='word_1_278' title='bbox 1719 2366 1960 2436; x_wconf 89' lang='lat' dir='ltr'><strong>prolapsi</strong></span> <span class='ocrx_word' id='word_1_279' title='bbox 2006 2367 2139 2431; x_wconf 82' lang='lat' dir='ltr'><strong>sint,</strong></span> 
     </span>
    </p>
   </div>
   <div class='ocr_carea' id='block_1_43' title="bbox 566 2455 1091 2524">
    <p class='ocr_par' dir='ltr' id='par_1_43' title="bbox 566 2455 1091 2524">
     <span class='ocr_line' id='line_1_43' title="bbox 566 2455 1091 2524; baseline -0.004 -15"><span class='ocrx_word' id='word_1_280' title='bbox 566 2463 725 2524; x_wconf 78' lang='lat' dir='ltr'><strong>cogat</strong></span> <span class='ocrx_word' id='word_1_281' title='bbox 751 2464 809 2508; x_wconf 91' lang='lat' dir='ltr'><strong>et</strong></span> <span class='ocrx_word' id='word_1_282' title='bbox 844 2455 1091 2509; x_wconf 90' lang='lat' dir='ltr'><strong>reducat.</strong></span> 
     </span>
    </p>
   </div>
   <div class='ocr_carea' id='block_1_44' title="bbox 640 2546 2143 2620">
    <p class='ocr_par' dir='ltr' id='par_1_44' title="bbox 640 2546 2143 2620">
     <span class='ocr_line' id='line_1_44' title="bbox 640 2546 2143 2620; baseline 0.003 -19"><span class='ocrx_word' id='word_1_283' title='bbox 640 2546 728 2601; x_wconf 86' lang='lat'><strong>87.</strong></span> <span class='ocrx_word' id='word_1_284' title='bbox 766 2547 974 2602; x_wconf 88' lang='lat' dir='ltr'><strong>Dccens</strong></span> <span class='ocrx_word' id='word_1_285' title='bbox 1011 2548 1171 2617; x_wconf 83' lang='lat' dir='ltr'><strong>plane</strong></span> <span class='ocrx_word' id='word_1_286' title='bbox 1201 2563 1533 2619; x_wconf 62' lang='lat' dir='ltr'><strong>aequumque</strong></span> <span class='ocrx_word' id='word_1_287' title='bbox 1576 2558 1682 2613; x_wconf 88' lang='lat' dir='ltr'><strong>est,</strong></span> <span class='ocrx_word' id='word_1_288' title='bbox 1724 2558 1783 2603; x_wconf 90' lang='lat' dir='ltr'><strong>ut</strong></span> <span class='ocrx_word' id='word_1_289' title='bbox 1819 2548 1913 2620; x_wconf 88' lang='lat' dir='ltr'><strong>qui</strong></span> <span class='ocrx_word' id='word_1_290' title='bbox 1947 2564 2143 2619; x_wconf 84' lang='lat' dir='ltr'><strong>pravas</strong></span> 
     </span>
    </p>
   </div>
   <div class='ocr_carea' id='block_1_45' title="bbox 569 2635 2144 2709">
    <p class='ocr_par' dir='ltr' id='par_1_45' title="bbox 569 2635 2144 2709">
     <span class='ocr_line' id='line_1_45' title="bbox 569 2635 2144 2709; baseline 0.004 -20"><span class='ocrx_word' id='word_1_291' title='bbox 569 2635 773 2690; x_wconf 85' lang='lat' dir='ltr'><strong>diaboli</strong></span> <span class='ocrx_word' id='word_1_292' title='bbox 802 2639 1199 2707; x_wconf 79' lang='lat' dir='ltr'><strong>suggestiones,</strong></span> <span class='ocrx_word' id='word_1_293' title='bbox 1242 2648 1303 2693; x_wconf 89' lang='lat' dir='ltr'><strong>ut</strong></span> <span class='ocrx_word' id='word_1_294' title='bbox 1333 2649 1531 2709; x_wconf 78' lang='lat' dir='ltr'><strong>sponte</strong></span> <span class='ocrx_word' id='word_1_295' title='bbox 1568 2649 1880 2709; x_wconf 89' lang='lat' dir='ltr'><strong>peccarent,</strong></span> <span class='ocrx_word' id='word_1_296' title='bbox 1908 2640 2144 2696; x_wconf 86' lang='lat' dir='ltr'><strong>libentes</strong></span> 
     </span>
    </p>
   </div>
   <div class='ocr_carea' id='block_1_46' title="bbox 569 2728 2147 2800">
    <p class='ocr_par' dir='ltr' id='par_1_46' title="bbox 569 2728 2147 2800">
     <span class='ocr_line' id='line_1_46' title="bbox 569 2728 2147 2800; baseline 0.004 -21"><span class='ocrx_word' id='word_1_297' title='bbox 569 2728 753 2781; x_wconf 82' lang='lat' dir='ltr'><strong>animo</strong></span> <span class='ocrx_word' id='word_1_298' title='bbox 782 2738 1170 2797; x_wconf 86' lang='lat' dir='ltr'><strong>susceperunt,</strong></span> <span class='ocrx_word' id='word_1_299' title='bbox 1211 2729 1281 2783; x_wconf 86' lang='lat' dir='ltr'><strong>ab</strong></span> <span class='ocrx_word' id='word_1_300' title='bbox 1310 2746 1379 2786; x_wconf 90' lang='lat' dir='ltr'><strong>eo</strong></span> <span class='ocrx_word' id='word_1_301' title='bbox 1419 2732 1738 2800; x_wconf 83' lang='lat' dir='ltr'><strong>puniantur.</strong></span> <span class='ocrx_word' id='word_1_302' title='bbox 1782 2733 1999 2786; x_wconf 82' lang='lat' dir='ltr'><strong>Etenim</strong></span> <span class='ocrx_word' id='word_1_303' title='bbox 2029 2733 2147 2787; x_wconf 86' lang='lat' dir='ltr'><strong>dia-</strong></span> 
     </span>
    </p>
   </div>
   <div class='ocr_carea' id='block_1_47' title="bbox 570 2818 2146 2893">
    <p class='ocr_par' dir='ltr' id='par_1_47' title="bbox 570 2818 2146 2893">
     <span class='ocr_line' id='line_1_47' title="bbox 570 2818 2146 2893; baseline 0.004 -20"><span class='ocrx_word' id='word_1_304' title='bbox 570 2818 733 2873; x_wconf 84' lang='lat' dir='ltr'><strong>bolus</strong></span> <span class='ocrx_word' id='word_1_305' title='bbox 772 2828 886 2873; x_wconf 89' lang='lat' dir='ltr'><strong>tum</strong></span> <span class='ocrx_word' id='word_1_306' title='bbox 934 2836 1033 2890; x_wconf 90' lang='lat' dir='ltr'><strong>per</strong></span> <span class='ocrx_word' id='word_1_307' title='bbox 1080 2822 1426 2877; x_wconf 85' lang='lat' dir='ltr'><strong>voluntarios</strong></span> <span class='ocrx_word' id='word_1_308' title='bbox 1478 2822 1709 2879; x_wconf 78' lang='lat' dir='ltr'><strong>aﬂ&#39;ectus</strong></span> <span class='ocrx_word' id='word_1_309' title='bbox 1750 2840 1815 2878; x_wconf 88' lang='lat' dir='ltr'><strong>ac</strong></span> <span class='ocrx_word' id='word_1_310' title='bbox 1861 2824 2146 2893; x_wconf 84' lang='lat' dir='ltr'><strong>passiones</strong></span> 
     </span>
    </p>
   </div>
   <div class='ocr_carea' id='block_1_48' title="bbox 568 2912 2145 2986">
    <p class='ocr_par' dir='ltr' id='par_1_48' title="bbox 568 2912 2145 2986">
     <span class='ocr_line' id='line_1_48' title="bbox 568 2912 2145 2986; baseline 0.004 -22"><span class='ocrx_word' id='word_1_311' title='bbox 568 2912 867 2981; x_wconf 75' lang='lat' dir='ltr'><strong>voluptatis</strong></span> <span class='ocrx_word' id='word_1_312' title='bbox 896 2920 1045 2967; x_wconf 85' lang='lat' dir='ltr'><strong>sator</strong></span> <span class='ocrx_word' id='word_1_313' title='bbox 1088 2923 1194 2977; x_wconf 87' lang='lat' dir='ltr'><strong>est,</strong></span> <span class='ocrx_word' id='word_1_314' title='bbox 1234 2922 1349 2968; x_wconf 88' lang='lat' dir='ltr'><strong>tum</strong></span> <span class='ocrx_word' id='word_1_315' title='bbox 1391 2915 1601 2970; x_wconf 90' lang='lat' dir='ltr'><strong>doloris</strong></span> <span class='ocrx_word' id='word_1_316' title='bbox 1629 2930 1693 2970; x_wconf 90' lang='lat' dir='ltr'><strong>ac</strong></span> <span class='ocrx_word' id='word_1_317' title='bbox 1740 2916 2019 2971; x_wconf 87' lang='lat' dir='ltr'><strong>cruciatus</strong></span> <span class='ocrx_word' id='word_1_318' title='bbox 2044 2932 2145 2986; x_wconf 87' lang='lat' dir='ltr'><strong>per</strong></span> 
     </span>
    </p>
   </div>
   <div class='ocr_carea' id='block_1_49' title="bbox 570 3002 1539 3062">
    <p class='ocr_par' dir='ltr' id='par_1_49' title="bbox 570 3002 1539 3062">
     <span class='ocr_line' id='line_1_49' title="bbox 570 3002 1539 3062; baseline 0.005 -6"><span class='ocrx_word' id='word_1_319' title='bbox 570 3002 974 3060; x_wconf 86' lang='lat' dir='ltr'><strong>involuntarios</strong></span> <span class='ocrx_word' id='word_1_320' title='bbox 1006 3005 1251 3061; x_wconf 85' lang='lat' dir='ltr'><strong>inﬂictor</strong></span> <span class='ocrx_word' id='word_1_321' title='bbox 1283 3017 1340 3061; x_wconf 88' lang='lat' dir='ltr'><strong>et</strong></span> <span class='ocrx_word' id='word_1_322' title='bbox 1364 3018 1539 3062; x_wconf 88' lang='lat' dir='ltr'><strong>actor.</strong></span> 
     </span>
    </p>
   </div>
   <div class='ocr_carea' id='block_1_50' title="bbox 644 3096 2145 3172">
    <p class='ocr_par' dir='ltr' id='par_1_50' title="bbox 644 3096 2145 3172">
     <span class='ocr_line' id='line_1_50' title="bbox 644 3096 2145 3172; baseline 0.003 -20"><span class='ocrx_word' id='word_1_323' title='bbox 644 3096 732 3152; x_wconf 91' lang='lat'><strong>88.</strong></span> <span class='ocrx_word' id='word_1_324' title='bbox 773 3097 925 3155; x_wconf 81' lang='lat' dir='ltr'><strong>Mens</strong></span> <span class='ocrx_word' id='word_1_325' title='bbox 960 3100 1416 3169; x_wconf 86' lang='lat' dir='ltr'><strong>contemplationi</strong></span> <span class='ocrx_word' id='word_1_326' title='bbox 1455 3100 1640 3156; x_wconf 89' lang='lat' dir='ltr'><strong>dedita</strong></span> <span class='ocrx_word' id='word_1_327' title='bbox 1690 3110 1856 3172; x_wconf 88' lang='lat' dir='ltr'><strong>atque</strong></span> <span class='ocrx_word' id='word_1_328' title='bbox 1902 3103 2145 3172; x_wconf 85' lang='lat' dir='ltr'><strong>sapiens,</strong></span> 
     </span>
    </p>
   </div>
   <div class='ocr_carea' id='block_1_51' title="bbox 573 3190 2149 3265">
    <p class='ocr_par' dir='ltr' id='par_1_51' title="bbox 573 3190 2149 3265">
     <span class='ocr_line' id='line_1_51' title="bbox 573 3190 2149 3265; baseline 0.003 -20"><span class='ocrx_word' id='word_1_329' title='bbox 573 3190 783 3246; x_wconf 83' lang='lat' dir='ltr'><strong>idcirco</strong></span> <span class='ocrx_word' id='word_1_330' title='bbox 823 3191 969 3245; x_wconf 86' lang='lat' dir='ltr'><strong>haud</strong></span> <span class='ocrx_word' id='word_1_331' title='bbox 1014 3208 1141 3246; x_wconf 89' lang='lat' dir='ltr'><strong>raro</strong></span> <span class='ocrx_word' id='word_1_332' title='bbox 1175 3192 1467 3261; x_wconf 88' lang='lat' dir='ltr'><strong>plectenda</strong></span> <span class='ocrx_word' id='word_1_333' title='bbox 1507 3192 1729 3248; x_wconf 87' lang='lat' dir='ltr'><strong>diabolo</strong></span> <span class='ocrx_word' id='word_1_334' title='bbox 1764 3195 2021 3261; x_wconf 85' lang='lat' dir='ltr'><strong>traditur,</strong></span> <span class='ocrx_word' id='word_1_335' title='bbox 2052 3196 2149 3265; x_wconf 89' lang='lat' dir='ltr'><strong>qui</strong></span> 
     </span>
    </p>
   </div>
   <div class='ocr_carea' id='block_1_52' title="bbox 567 3276 2148 3349">
    <p class='ocr_par' dir='ltr' id='par_1_52' title="bbox 567 3276 2148 3349">
     <span class='ocr_line' id='line_1_52' title="bbox 567 3276 2148 3349; baseline 0.004 -19"><span class='ocrx_word' id='word_1_336' title='bbox 567 3276 716 3348; x_wconf 88' lang='lat' dir='ltr'><strong>juste</strong></span> <span class='ocrx_word' id='word_1_337' title='bbox 764 3278 817 3333; x_wconf 89' lang='lat' dir='ltr'><strong>ci</strong></span> <span class='ocrx_word' id='word_1_338' title='bbox 862 3278 1082 3333; x_wconf 87' lang='lat' dir='ltr'><strong>labores</strong></span> <span class='ocrx_word' id='word_1_339' title='bbox 1114 3295 1501 3349; x_wconf 80' lang='lat' dir='ltr'><strong>:erumuasque</strong></span> <span class='ocrx_word' id='word_1_340' title='bbox 1545 3297 1642 3335; x_wconf 88' lang='lat' dir='ltr'><strong>seu</strong></span> <span class='ocrx_word' id='word_1_341' title='bbox 1679 3281 1864 3336; x_wconf 82' lang='lat' dir='ltr'><strong>clades</strong></span> <span class='ocrx_word' id='word_1_342' title='bbox 1901 3283 2148 3347; x_wconf 83' lang='lat' dir='ltr'><strong>inducat,</strong></span> 
     </span>
    </p>
   </div>
   <div class='ocr_carea' id='block_1_53' title="bbox 575 3368 2151 3443">
    <p class='ocr_par' dir='ltr' id='par_1_53' title="bbox 575 3368 2151 3443">
     <span class='ocr_line' id='line_1_53' title="bbox 575 3368 2151 3443; baseline 0.005 -21"><span class='ocrx_word' id='word_1_343' title='bbox 575 3377 638 3422; x_wconf 88' lang='lat' dir='ltr'><strong>ut</strong></span> <span class='ocrx_word' id='word_1_344' title='bbox 668 3368 844 3423; x_wconf 86' lang='lat' dir='ltr'><strong>discat</strong></span> <span class='ocrx_word' id='word_1_345' title='bbox 878 3370 1048 3439; x_wconf 85' lang='lat' dir='ltr'><strong>magis</strong></span> <span class='ocrx_word' id='word_1_346' title='bbox 1082 3385 1181 3439; x_wconf 90' lang='lat' dir='ltr'><strong>per</strong></span> <span class='ocrx_word' id='word_1_347' title='bbox 1217 3370 1383 3435; x_wconf 87' lang='lat' dir='ltr'><strong>mala,</strong></span> <span class='ocrx_word' id='word_1_348' title='bbox 1426 3387 1549 3441; x_wconf 72' lang='lat' dir='ltr'><strong>qua:</strong></span> <span class='ocrx_word' id='word_1_349' title='bbox 1590 3371 1821 3441; x_wconf 87' lang='lat' dir='ltr'><strong>patitur,</strong></span> <span class='ocrx_word' id='word_1_350' title='bbox 1871 3373 2151 3443; x_wconf 87' lang='lat' dir='ltr'><strong>patienter</strong></span> 
     </span>
    </p>
   </div>
   <div class='ocr_carea' id='block_1_54' title="bbox 574 3457 2156 3534">
    <p class='ocr_par' dir='ltr' id='par_1_54' title="bbox 574 3457 2156 3534">
     <span class='ocr_line' id='line_1_54' title="bbox 574 3457 2156 3534; baseline 0.006 -23"><span class='ocrx_word' id='word_1_351' title='bbox 574 3457 803 3513; x_wconf 80' lang='lat' dir='ltr'><strong>ferendo</strong></span> <span class='ocrx_word' id='word_1_352' title='bbox 844 3474 909 3514; x_wconf 92' lang='lat' dir='ltr'><strong>ac</strong></span> <span class='ocrx_word' id='word_1_353' title='bbox 956 3459 1282 3517; x_wconf 86' lang='lat' dir='ltr'><strong>sustinendo</strong></span> <span class='ocrx_word' id='word_1_354' title='bbox 1324 3462 1722 3532; x_wconf 88' lang='lat' dir='ltr'><strong>philosophari,</strong></span> <span class='ocrx_word' id='word_1_355' title='bbox 1759 3479 1924 3534; x_wconf 89' lang='lat' dir='ltr'><strong>quam</strong></span> <span class='ocrx_word' id='word_1_356' title='bbox 1969 3473 2032 3520; x_wconf 89' lang='lat' dir='ltr'><strong>ut</strong></span> <span class='ocrx_word' id='word_1_357' title='bbox 2061 3482 2156 3520; x_wconf 91' lang='lat' dir='ltr'><strong>su-</strong></span> 
     </span>
    </p>
   </div>
   <div class='ocr_carea' id='block_1_55' title="bbox 576 3549 2153 3624">
    <p class='ocr_par' dir='ltr' id='par_1_55' title="bbox 576 3549 2153 3624">
     <span class='ocr_line' id='line_1_55' title="bbox 576 3549 2153 3624; baseline 0.008 -22"><span class='ocrx_word' id='word_1_358' title='bbox 576 3549 810 3618; x_wconf 82' lang='lat' dir='ltr'><strong>perﬂue,</strong></span> <span class='ocrx_word' id='word_1_359' title='bbox 868 3550 961 3618; x_wconf 91' lang='lat' dir='ltr'><strong>iis,</strong></span> <span class='ocrx_word' id='word_1_360' title='bbox 1007 3568 1130 3622; x_wconf 81' lang='lat' dir='ltr'><strong>quae</strong></span> <span class='ocrx_word' id='word_1_361' title='bbox 1165 3568 1278 3608; x_wconf 89' lang='lat' dir='ltr'><strong>non</strong></span> <span class='ocrx_word' id='word_1_362' title='bbox 1317 3561 1469 3619; x_wconf 83' lang='lat' dir='ltr'><strong>sunt,</strong></span> <span class='ocrx_word' id='word_1_363' title='bbox 1508 3555 1901 3624; x_wconf 84' lang='lat' dir='ltr'><strong>superbiendo,</strong></span> <span class='ocrx_word' id='word_1_364' title='bbox 1949 3573 2153 3614; x_wconf 88' lang='lat' dir='ltr'><strong>evane-</strong></span> 
     </span>
    </p>
   </div>
   <div class='ocr_carea' id='block_1_56' title="bbox 574 3649 712 3694">
    <p class='ocr_par' dir='ltr' id='par_1_56' title="bbox 574 3649 712 3694">
     <span class='ocr_line' id='line_1_56' title="bbox 574 3649 712 3694; baseline 0 -1"><span class='ocrx_word' id='word_1_365' title='bbox 574 3649 712 3694; x_wconf 69' lang='grc'><strong>8031..</strong></span> 
     </span>
    </p>
   </div>
   <div class='ocr_carea' id='block_1_57' title="bbox 645 3731 2155 3807">
    <p class='ocr_par' dir='ltr' id='par_1_57' title="bbox 645 3731 2155 3807">
     <span class='ocr_line' id='line_1_57' title="bbox 645 3731 2155 3807; baseline 0.007 -23"><span class='ocrx_word' id='word_1_366' title='bbox 645 3731 734 3785; x_wconf 91' lang='grc'><strong>89.</strong></span> <span class='ocrx_word' id='word_1_367' title='bbox 788 3731 893 3798; x_wconf 86' lang='lat' dir='ltr'><strong>Qui</strong></span> <span class='ocrx_word' id='word_1_368' title='bbox 945 3734 1016 3790; x_wconf 88' lang='lat' dir='ltr'><strong>ob</strong></span> <span class='ocrx_word' id='word_1_369' title='bbox 1067 3734 1251 3789; x_wconf 75' lang='lat' dir='ltr'><strong>lmsam</strong></span> <span class='ocrx_word' id='word_1_370' title='bbox 1300 3734 1400 3790; x_wconf 90' lang='lat' dir='ltr'><strong>Dei</strong></span> <span class='ocrx_word' id='word_1_371' title='bbox 1443 3735 1677 3806; x_wconf 76' lang='lat' dir='ltr'><strong>gratiam</strong></span> <span class='ocrx_word' id='word_1_372' title='bbox 1739 3737 1969 3807; x_wconf 85' lang='lat' dir='ltr'><strong>patitur,</strong></span> <span class='ocrx_word' id='word_1_373' title='bbox 2021 3739 2155 3794; x_wconf 90' lang='lat' dir='ltr'><strong>dum</strong></span> 
     </span>
    </p>
   </div>
   <div class='ocr_carea' id='block_1_58' title="bbox 576 3822 2148 3900">
    <p class='ocr_par' dir='ltr' id='par_1_58' title="bbox 576 3822 2148 3900">
     <span class='ocr_line' id='line_1_58' title="bbox 576 3822 2148 3900; baseline 0.006 -25"><span class='ocrx_word' id='word_1_374' title='bbox 576 3822 821 3876; x_wconf 88' lang='lat' dir='ltr'><strong>sanantis</strong></span> <span class='ocrx_word' id='word_1_375' title='bbox 848 3839 975 3877; x_wconf 89' lang='lat' dir='ltr'><strong>eum</strong></span> <span class='ocrx_word' id='word_1_376' title='bbox 1005 3824 1207 3880; x_wconf 71' lang='lat' dir='ltr'><strong>divina:</strong></span> <span class='ocrx_word' id='word_1_377' title='bbox 1229 3825 1597 3894; x_wconf 61' lang='lat' dir='ltr'><strong>providentia:</strong></span> <span class='ocrx_word' id='word_1_378' title='bbox 1620 3828 1893 3883; x_wconf 87' lang='lat' dir='ltr'><strong>rationem</strong></span> <span class='ocrx_word' id='word_1_379' title='bbox 1918 3844 2148 3900; x_wconf 88' lang='lat' dir='ltr'><strong>agnove-</strong></span> 
     </span>
    </p>
   </div>
   <div class='ocr_carea' id='block_1_59' title="bbox 577 3913 2152 3989">
    <p class='ocr_par' dir='ltr' id='par_1_59' title="bbox 577 3913 2152 3989">
     <span class='ocr_line' id='line_1_59' title="bbox 577 3913 2152 3989; baseline 0.006 -25"><span class='ocrx_word' id='word_1_380' title='bbox 577 3913 672 3976; x_wconf 86' lang='lat' dir='ltr'><strong>rit,</strong></span> <span class='ocrx_word' id='word_1_381' title='bbox 699 3922 814 3966; x_wconf 86' lang='lat' dir='ltr'><strong>tum</strong></span> <span class='ocrx_word' id='word_1_382' title='bbox 845 3913 991 3967; x_wconf 86' lang='lat' dir='ltr'><strong>illata</strong></span> <span class='ocrx_word' id='word_1_383' title='bbox 1020 3915 1161 3968; x_wconf 90' lang='lat' dir='ltr'><strong>mala</strong></span> <span class='ocrx_word' id='word_1_384' title='bbox 1194 3915 1399 3986; x_wconf 83' lang='lat' dir='ltr'><strong>gratias</strong></span> <span class='ocrx_word' id='word_1_385' title='bbox 1428 3917 1640 3987; x_wconf 87' lang='lat' dir='ltr'><strong>agendo</strong></span> <span class='ocrx_word' id='word_1_386' title='bbox 1666 3918 1867 3988; x_wconf 86' lang='lat' dir='ltr'><strong>gaudio</strong></span> <span class='ocrx_word' id='word_1_387' title='bbox 1899 3919 2152 3989; x_wconf 87' lang='lat' dir='ltr'><strong>suscipit,</strong></span> 
     </span>
    </p>
   </div>
   <div class='ocr_carea' id='block_1_60' title="bbox 580 4005 2149 4080">
    <p class='ocr_par' dir='ltr' id='par_1_60' title="bbox 580 4005 2149 4080">
     <span class='ocr_line' id='line_1_60' title="bbox 580 4005 2149 4080; baseline 0.004 -23"><span class='ocrx_word' id='word_1_388' title='bbox 580 4012 695 4057; x_wconf 87' lang='lat' dir='ltr'><strong>lum</strong></span> <span class='ocrx_word' id='word_1_389' title='bbox 724 4006 883 4075; x_wconf 76' lang='lat' dir='ltr'><strong>cujus</strong></span> <span class='ocrx_word' id='word_1_390' title='bbox 909 4005 1067 4076; x_wconf 76' lang='lat'><strong>532</strong></span> <span class='ocrx_word' id='word_1_391' title='bbox 1104 4006 1278 4077; x_wconf 86' lang='lat' dir='ltr'><strong>gratia</strong></span> <span class='ocrx_word' id='word_1_392' title='bbox 1308 4008 1562 4076; x_wconf 89' lang='lat' dir='ltr'><strong>punitur,</strong></span> <span class='ocrx_word' id='word_1_393' title='bbox 1596 4008 1862 4065; x_wconf 90' lang='lat' dir='ltr'><strong>delictum</strong></span> <span class='ocrx_word' id='word_1_394' title='bbox 1900 4010 2149 4080; x_wconf 76' lang='lat' dir='ltr'><strong>corrigit.</strong></span> 
     </span>
    </p>
   </div>
   <div class='ocr_carea' id='block_1_61' title="bbox 577 4092 2155 4167">
    <p class='ocr_par' dir='ltr' id='par_1_61' title="bbox 577 4092 2155 4167">
     <span class='ocr_line' id='line_1_61' title="bbox 577 4092 2155 4167; baseline 0.005 -22"><span class='ocrx_word' id='word_1_395' title='bbox 577 4092 681 4159; x_wconf 81' lang='lat' dir='ltr'><strong>Qui</strong></span> <span class='ocrx_word' id='word_1_396' title='bbox 714 4108 846 4149; x_wconf 80' lang='lat' dir='ltr'><strong>vero</strong></span> <span class='ocrx_word' id='word_1_397' title='bbox 876 4095 996 4164; x_wconf 90' lang='lat' dir='ltr'><strong>ejus</strong></span> <span class='ocrx_word' id='word_1_398' title='bbox 1027 4094 1317 4150; x_wconf 68' lang='lat' dir='ltr'><strong>medicinae</strong></span> <span class='ocrx_word' id='word_1_399' title='bbox 1348 4110 1572 4151; x_wconf 88' lang='lat' dir='ltr'><strong>sensum</strong></span> <span class='ocrx_word' id='word_1_400' title='bbox 1607 4113 1717 4152; x_wconf 90' lang='lat' dir='ltr'><strong>non</strong></span> <span class='ocrx_word' id='word_1_401' title='bbox 1749 4097 2003 4167; x_wconf 88' lang='lat' dir='ltr'><strong>percipit,</strong></span> <span class='ocrx_word' id='word_1_402' title='bbox 2036 4106 2155 4165; x_wconf 88' lang='lat' dir='ltr'><strong>tum</strong></span> 
     </span>
    </p>
   </div>
   <div class='ocr_carea' id='block_1_62' title="bbox 579 4186 2154 4257">
    <p class='ocr_par' dir='ltr' id='par_1_62' title="bbox 579 4186 2154 4257">
     <span class='ocr_line' id='line_1_62' title="bbox 579 4186 2154 4257; baseline 0.006 -19"><span class='ocrx_word' id='word_1_403' title='bbox 579 4200 609 4239; x_wconf 87' lang='lat' dir='ltr'><strong>a</strong></span> <span class='ocrx_word' id='word_1_404' title='bbox 643 4198 903 4240; x_wconf 87' lang='lat' dir='ltr'><strong>concessa</strong></span> <span class='ocrx_word' id='word_1_405' title='bbox 932 4186 1109 4257; x_wconf 85' lang='lat' dir='ltr'><strong>gratia</strong></span> <span class='ocrx_word' id='word_1_406' title='bbox 1136 4187 1284 4257; x_wconf 91' lang='lat' dir='ltr'><strong>juste</strong></span> <span class='ocrx_word' id='word_1_407' title='bbox 1314 4195 1654 4253; x_wconf 85' lang='lat' dir='ltr'><strong>removetur,</strong></span> <span class='ocrx_word' id='word_1_408' title='bbox 1695 4196 1815 4243; x_wconf 88' lang='lat' dir='ltr'><strong>tum</strong></span> <span class='ocrx_word' id='word_1_409' title='bbox 1854 4188 2154 4248; x_wconf 88' lang='lat' dir='ltr'><strong>libidinum</strong></span> 
     </span>
    </p>
   </div>
   <div class='ocr_carea' id='block_1_63' title="bbox 577 4274 2156 4346">
    <p class='ocr_par' dir='ltr' id='par_1_63' title="bbox 577 4274 2156 4346">
     <span class='ocr_line' id='line_1_63' title="bbox 577 4274 2156 4346; baseline 0.004 -17"><span class='ocrx_word' id='word_1_410' title='bbox 577 4291 646 4330; x_wconf 82' lang='lat' dir='ltr'><strong>ac</strong></span> <span class='ocrx_word' id='word_1_411' title='bbox 680 4274 944 4331; x_wconf 88' lang='lat' dir='ltr'><strong>vitiorum</strong></span> <span class='ocrx_word' id='word_1_412' title='bbox 990 4276 1306 4332; x_wconf 81' lang='lat' dir='ltr'><strong>confusioni</strong></span> <span class='ocrx_word' id='word_1_413' title='bbox 1344 4277 1605 4346; x_wconf 88' lang='lat' dir='ltr'><strong>traditur,</strong></span> <span class='ocrx_word' id='word_1_414' title='bbox 1654 4279 1712 4334; x_wconf 90' lang='lat' dir='ltr'><strong>in</strong></span> <span class='ocrx_word' id='word_1_415' title='bbox 1755 4279 1861 4334; x_wconf 92' lang='lat' dir='ltr'><strong>hoc</strong></span> <span class='ocrx_word' id='word_1_416' title='bbox 1902 4281 2156 4336; x_wconf 88' lang='lat' dir='ltr'><strong>desertus</strong></span> 
     </span>
    </p>
   </div>
   <div class='ocr_carea' id='block_1_64' title="bbox 2240 1908 3807 1999">
    <p class='ocr_par' dir='ltr' id='par_1_64' title="bbox 2240 1908 3807 1999">
     <span class='ocr_line' id='line_1_64' title="bbox 2240 1908 3807 1999; baseline 0.007 -34"><span class='ocrx_word' id='word_1_417' title='bbox 2240 1914 2362 1984; x_wconf 84' lang='grc' dir='ltr'><strong>ρίας</strong></span> <span class='ocrx_word' id='word_1_418' title='bbox 2387 1913 2551 1966; x_wconf 85' lang='grc' dir='ltr'><strong>πλέον</strong></span> <span class='ocrx_word' id='word_1_419' title='bbox 2571 1913 2651 1999; x_wconf 48' lang='grc' dir='ltr'><strong>εἰς</strong></span> <span class='ocrx_word' id='word_1_420' title='bbox 2683 1911 2872 1982; x_wconf 83' lang='grc' dir='ltr'><strong>κέρδος</strong></span> <span class='ocrx_word' id='word_1_421' title='bbox 2910 1909 3225 1980; x_wconf 71' lang='grc' dir='ltr'><strong>κεκτημένα</strong></span> <span class='ocrx_word' id='word_1_422' title='bbox 3270 1908 3414 1963; x_wconf 79' lang='grc' dir='ltr'><strong>κατὰ</strong></span> <span class='ocrx_word' id='word_1_423' title='bbox 3450 1909 3548 1978; x_wconf 76' lang='grc' dir='ltr'><strong>τὴν</strong></span> <span class='ocrx_word' id='word_1_424' title='bbox 3585 1911 3807 1980; x_wconf 70' lang='grc' dir='ltr'><strong>χρῆσιν.</strong></span> 
     </span>
    </p>
   </div>
   <div class='ocr_carea' id='block_1_65' title="bbox 2236 2000 3808 2078">
    <p class='ocr_par' dir='ltr' id='par_1_65' title="bbox 2236 2000 3808 2078">
     <span class='ocr_line' id='line_1_65' title="bbox 2236 2000 3808 2078; baseline -0.004 -19"><span class='ocrx_word' id='word_1_425' title='bbox 2236 2001 2533 2078; x_wconf 82' lang='grc' dir='ltr'><strong>ἐμποιῆσαι</strong></span> <span class='ocrx_word' id='word_1_426' title='bbox 2558 2003 2901 2075; x_wconf 77' lang='grc' dir='ltr'><strong>βουλόμενος,</strong></span> <span class='ocrx_word' id='word_1_427' title='bbox 2924 2002 3021 2058; x_wconf 68' lang='grc' dir='ltr'><strong>καὶ</strong></span> <span class='ocrx_word' id='word_1_428' title='bbox 3061 2001 3159 2073; x_wconf 81' lang='grc' dir='ltr'><strong>τὴν</strong></span> <span class='ocrx_word' id='word_1_429' title='bbox 3191 2001 3399 2055; x_wconf 83' lang='grc' dir='ltr'><strong>ἐκείνου</strong></span> <span class='ocrx_word' id='word_1_430' title='bbox 3440 2001 3685 2071; x_wconf 66' lang='grc' dir='ltr'><strong>τιμωρὸν</strong></span> <span class='ocrx_word' id='word_1_431' title='bbox 3715 2000 3808 2053; x_wconf 84' lang='grc' dir='ltr'><strong>δύ-</strong></span> 
     </span>
    </p>
   </div>
   <div class='ocr_carea' id='block_1_66' title="bbox 2236 2091 3811 2168">
    <p class='ocr_par' dir='ltr' id='par_1_66' title="bbox 2236 2091 3811 2168">
     <span class='ocr_line' id='line_1_66' title="bbox 2236 2091 3811 2168; baseline -0.004 -16"><span class='ocrx_word' id='word_1_432' title='bbox 2236 2114 2403 2168; x_wconf 85' lang='grc' dir='ltr'><strong>ναμιν</strong></span> <span class='ocrx_word' id='word_1_433' title='bbox 2433 2096 2530 2150; x_wconf 82' lang='grc' dir='ltr'><strong>καὶ</strong></span> <span class='ocrx_word' id='word_1_434' title='bbox 2566 2096 2971 2166; x_wconf 88' lang='grc' dir='ltr'><strong>μισάνθρωπον,</strong></span> <span class='ocrx_word' id='word_1_435' title='bbox 2988 2095 3093 2164; x_wconf 79' lang='grc' dir='ltr'><strong>τῆς</strong></span> <span class='ocrx_word' id='word_1_436' title='bbox 3125 2093 3263 2163; x_wconf 82' lang='grc' dir='ltr'><strong>πρὸς</strong></span> <span class='ocrx_word' id='word_1_437' title='bbox 3292 2091 3493 2163; x_wconf 81' lang='grc' dir='ltr'><strong>ἀρετὴν</strong></span> <span class='ocrx_word' id='word_1_438' title='bbox 3520 2094 3811 2159; x_wconf 78' lang='grc' dir='ltr'><strong>ἐπαναγω-</strong></span> 
     </span>
    </p>
   </div>
   <div class='ocr_carea' id='block_1_67' title="bbox 2236 2182 3815 2258">
    <p class='ocr_par' dir='ltr' id='par_1_67' title="bbox 2236 2182 3815 2258">
     <span class='ocr_line' id='line_1_67' title="bbox 2236 2182 3815 2258; baseline -0.015 1"><span class='ocrx_word' id='word_1_439' title='bbox 2236 2188 2344 2258; x_wconf 74' lang='grc' dir='ltr'>τῆς</span> <span class='ocrx_word' id='word_1_440' title='bbox 2410 2184 2802 2257; x_wconf 79' lang='grc' dir='ltr'><strong>περιστατικὴν</strong></span> <span class='ocrx_word' id='word_1_441' title='bbox 2861 2186 3041 2238; x_wconf 77' lang='grc' dir='ltr'><strong>αἰτίαν</strong></span> <span class='ocrx_word' id='word_1_442' title='bbox 3103 2182 3438 2255; x_wconf 84' lang='grc' dir='ltr'><strong>ποιήσασθαι</strong></span> <span class='ocrx_word' id='word_1_443' title='bbox 3483 2182 3593 2236; x_wconf 83' lang='grc' dir='ltr'><strong>τῶν</strong></span> <span class='ocrx_word' id='word_1_444' title='bbox 3638 2182 3815 2253; x_wconf 73' lang='grc' dir='ltr'><strong>αὐτῆς</strong></span> 
     </span>
    </p>
   </div>
   <div class='ocr_carea' id='block_1_68' title="bbox 2239 2275 3034 2347">
    <p class='ocr_par' dir='ltr' id='par_1_68' title="bbox 2239 2275 3034 2347">
     <span class='ocr_line' id='line_1_68' title="bbox 2239 2275 3034 2347; baseline 0 -16"><span class='ocrx_word' id='word_1_445' title='bbox 2239 2278 2501 2341; x_wconf 77' lang='grc' dir='ltr'><strong>ἑκουσίως</strong></span> <span class='ocrx_word' id='word_1_446' title='bbox 2536 2275 3034 2347; x_wconf 82' lang='grc' dir='ltr'><strong>ἀπολισθησάντων.</strong></span> 
     </span>
    </p>
   </div>
   <div class='ocr_carea' id='block_1_69' title="bbox 2266 2551 3818 2628">
    <p class='ocr_par' dir='ltr' id='par_1_69' title="bbox 2266 2551 3818 2628">
     <span class='ocr_line' id='line_1_69' title="bbox 2266 2551 3818 2628; baseline -0.004 -17"><span class='ocrx_word' id='word_1_447' title='bbox 2266 2602 2271 2605; x_wconf 90' lang='grc'><strong>.</strong></span> <span class='ocrx_word' id='word_1_448' title='bbox 2310 2556 2419 2622; x_wconf 56' lang='lat' dir='ltr'><strong>ac.</strong></span> <span class='ocrx_word' id='word_1_449' title='bbox 2450 2556 2667 2628; x_wconf 81' lang='grc' dir='ltr'><strong>Πρέπον</strong></span> <span class='ocrx_word' id='word_1_450' title='bbox 2691 2556 2808 2610; x_wconf 77' lang='grc' dir='ltr'><strong>ἐστὶ</strong></span> <span class='ocrx_word' id='word_1_451' title='bbox 2833 2555 2927 2610; x_wconf 84' lang='grc' dir='ltr'><strong>καὶ</strong></span> <span class='ocrx_word' id='word_1_452' title='bbox 2961 2554 3167 2609; x_wconf 87' lang='grc' dir='ltr'><strong>δίκαιον</strong></span> <span class='ocrx_word' id='word_1_453' title='bbox 3192 2552 3299 2607; x_wconf 71' lang='grc' dir='ltr'><strong>ύπδ</strong></span> <span class='ocrx_word' id='word_1_454' title='bbox 3318 2551 3415 2607; x_wconf 83' lang='grc' dir='ltr'><strong>τοῦ</strong></span> <span class='ocrx_word' id='word_1_455' title='bbox 3444 2551 3689 2606; x_wconf 76' lang='grc' dir='ltr'><strong>διαϐόλου</strong></span> <span class='ocrx_word' id='word_1_456' title='bbox 3722 2569 3818 2606; x_wconf 87' lang='grc' dir='ltr'><strong>κο-</strong></span> 
     </span>
    </p>
   </div>
   <div class='ocr_carea' id='block_1_70' title="bbox 2240 2641 3816 2715">
    <p class='ocr_par' dir='ltr' id='par_1_70' title="bbox 2240 2641 3816 2715">
     <span class='ocr_line' id='line_1_70' title="bbox 2240 2641 3816 2715; baseline -0.004 -13"><span class='ocrx_word' id='word_1_457' title='bbox 2240 2649 2516 2713; x_wconf 76' lang='grc' dir='ltr'><strong>λάζεσθαι,</strong></span> <span class='ocrx_word' id='word_1_458' title='bbox 2546 2649 2671 2711; x_wconf 78' lang='grc' dir='ltr'><strong>τοὺς</strong></span> <span class='ocrx_word' id='word_1_459' title='bbox 2733 2647 2829 2710; x_wconf 84' lang='grc' dir='ltr'><strong>τὰς</strong></span> <span class='ocrx_word' id='word_1_460' title='bbox 2877 2645 3044 2700; x_wconf 77' lang='grc' dir='ltr'><strong>αὑτοῦ</strong></span> <span class='ocrx_word' id='word_1_461' title='bbox 3091 2644 3336 2715; x_wconf 78' lang='grc' dir='ltr'><strong>πονηράς</strong></span> <span class='ocrx_word' id='word_1_462' title='bbox 3385 2643 3665 2713; x_wconf 79' lang='grc' dir='ltr'><strong>ὑποθήκας</strong></span> <span class='ocrx_word' id='word_1_463' title='bbox 3703 2641 3816 2696; x_wconf 78' lang='grc' dir='ltr'><strong>τῶν</strong></span> 
     </span>
    </p>
   </div>
   <div class='ocr_carea' id='block_1_71' title="bbox 2243 2734 3817 2810">
    <p class='ocr_par' dir='ltr' id='par_1_71' title="bbox 2243 2734 3817 2810">
     <span class='ocr_line' id='line_1_71' title="bbox 2243 2734 3817 2810; baseline -0.003 -18"><span class='ocrx_word' id='word_1_464' title='bbox 2243 2740 2505 2793; x_wconf 80' lang='grc' dir='ltr'><strong>ἑκουσίων</strong></span> <span class='ocrx_word' id='word_1_465' title='bbox 2542 2738 2959 2810; x_wconf 82' lang='grc' dir='ltr'><strong>ἁμαρτημάτων</strong></span> <span class='ocrx_word' id='word_1_466' title='bbox 2984 2737 3154 2807; x_wconf 77' lang='grc' dir='ltr'><strong>ἡδέως</strong></span> <span class='ocrx_word' id='word_1_467' title='bbox 3182 2735 3527 2806; x_wconf 78' lang='grc' dir='ltr'><strong>δεξαμένους.</strong></span> <span class='ocrx_word' id='word_1_468' title='bbox 3562 2734 3670 2787; x_wconf 68' lang='grc' dir='ltr'><strong>Καὶ</strong></span> <span class='ocrx_word' id='word_1_469' title='bbox 3704 2735 3817 2805; x_wconf 73' lang='grc' dir='ltr'><strong>γάρ</strong></span> 
     </span>
    </p>
   </div>
   <div class='ocr_carea' id='block_1_72' title="bbox 2242 2824 3817 2901">
    <p class='ocr_par' dir='ltr' id='par_1_72' title="bbox 2242 2824 3817 2901">
     <span class='ocr_line' id='line_1_72' title="bbox 2242 2824 3817 2901; baseline -0.004 -18"><span class='ocrx_word' id='word_1_470' title='bbox 2242 2832 2339 2883; x_wconf 70' lang='grc' dir='ltr'><strong>καὶ</strong></span> <span class='ocrx_word' id='word_1_471' title='bbox 2368 2831 2558 2901; x_wconf 76' lang='grc' dir='ltr'><strong>ἡδονῆς</strong></span> <span class='ocrx_word' id='word_1_472' title='bbox 2592 2831 2706 2882; x_wconf 80' lang='grc' dir='ltr'><strong>ἐστι</strong></span> <span class='ocrx_word' id='word_1_473' title='bbox 2730 2830 2820 2882; x_wconf 81' lang='grc' dir='ltr'><strong>διὰ</strong></span> <span class='ocrx_word' id='word_1_474' title='bbox 2860 2827 2969 2881; x_wconf 84' lang='grc' dir='ltr'><strong>τῶν</strong></span> <span class='ocrx_word' id='word_1_475' title='bbox 2999 2828 3263 2880; x_wconf 80' lang='grc' dir='ltr'><strong>ἑκουσίων</strong></span> <span class='ocrx_word' id='word_1_476' title='bbox 3293 2825 3483 2882; x_wconf 80' lang='grc' dir='ltr'><strong>παθῶν</strong></span> <span class='ocrx_word' id='word_1_477' title='bbox 3517 2825 3755 2895; x_wconf 74' lang='grc' dir='ltr'><strong>σπορεὺς</strong></span> <span class='ocrx_word' id='word_1_478' title='bbox 3786 2824 3817 2877; x_wconf 76' lang='grc' dir='ltr'><strong>ὀ</strong></span> 
     </span>
    </p>
   </div>
   <div class='ocr_carea' id='block_1_73' title="bbox 2243 2914 3819 2986">
    <p class='ocr_par' dir='ltr' id='par_1_73' title="bbox 2243 2914 3819 2986">
     <span class='ocr_line' id='line_1_73' title="bbox 2243 2914 3819 2986; baseline -0.001 -19"><span class='ocrx_word' id='word_1_479' title='bbox 2243 2917 2486 2981; x_wconf 73' lang='grc' dir='ltr'><strong>διάὅολος</strong></span> <span class='ocrx_word' id='word_1_480' title='bbox 2512 2956 2527 2983; x_wconf 90' lang='grc'><strong>,</strong></span> <span class='ocrx_word' id='word_1_481' title='bbox 2578 2917 2671 2971; x_wconf 79' lang='grc' dir='ltr'><strong>καὶ</strong></span> <span class='ocrx_word' id='word_1_482' title='bbox 2730 2916 2921 2986; x_wconf 84' lang='grc' dir='ltr'><strong>ὀδύνης</strong></span> <span class='ocrx_word' id='word_1_483' title='bbox 2984 2915 3075 2970; x_wconf 85' lang='grc' dir='ltr'><strong>διά</strong></span> <span class='ocrx_word' id='word_1_484' title='bbox 3126 2916 3233 2969; x_wconf 80' lang='grc' dir='ltr'><strong>τῶν</strong></span> <span class='ocrx_word' id='word_1_485' title='bbox 3279 2914 3549 2970; x_wconf 82' lang='grc' dir='ltr'><strong>ἀκουσίων</strong></span> <span class='ocrx_word' id='word_1_486' title='bbox 3593 2916 3819 2983; x_wconf 78' lang='grc' dir='ltr'><strong>ἐπαγω-</strong></span> 
     </span>
    </p>
   </div>
   <div class='ocr_carea' id='block_1_74' title="bbox 2172 3009 2397 3097">
    <p class='ocr_par' dir='ltr' id='par_1_74' title="bbox 2172 3009 2397 3097">
     <span class='ocr_line' id='line_1_74' title="bbox 2172 3009 2397 3097; baseline 0 -36"><span class='ocrx_word' id='word_1_487' title='bbox 2172 3041 2214 3097; x_wconf 78' lang='lat' dir='ltr'><strong><em>C</em></strong></span> <span class='ocrx_word' id='word_1_488' title='bbox 2247 3009 2397 3077; x_wconf 88' lang='grc' dir='ltr'><strong>γεύς.</strong></span> 
     </span>
    </p>
   </div>
   <div class='ocr_carea' id='block_1_75' title="bbox 2320 3089 3822 3165">
    <p class='ocr_par' dir='ltr' id='par_1_75' title="bbox 2320 3089 3822 3165">
     <span class='ocr_line' id='line_1_75' title="bbox 2320 3089 3822 3165; baseline -0.005 -15"><span class='ocrx_word' id='word_1_489' title='bbox 2320 3102 2435 3164; x_wconf 83' lang='grc' dir='ltr'><strong>πη’.</strong></span> <span class='ocrx_word' id='word_1_490' title='bbox 2476 3095 2533 3150; x_wconf 87' lang='lat'><strong>&#39;0</strong></span> <span class='ocrx_word' id='word_1_491' title='bbox 2566 3093 2898 3165; x_wconf 67' lang='grc' dir='ltr'><strong>θεωρητικὸς</strong></span> <span class='ocrx_word' id='word_1_492' title='bbox 2935 3092 3060 3156; x_wconf 91' lang='grc' dir='ltr'><strong>νοῦς</strong></span> <span class='ocrx_word' id='word_1_493' title='bbox 3095 3092 3188 3146; x_wconf 78' lang='grc' dir='ltr'><strong>καὶ</strong></span> <span class='ocrx_word' id='word_1_494' title='bbox 3219 3091 3540 3160; x_wconf 70' lang='grc' dir='ltr'><strong>γνωστικδς,</strong></span> <span class='ocrx_word' id='word_1_495' title='bbox 3568 3089 3707 3161; x_wconf 74' lang='grc' dir='ltr'><strong>πρὸς</strong></span> <span class='ocrx_word' id='word_1_496' title='bbox 3734 3107 3822 3144; x_wconf 82' lang='grc' dir='ltr'><strong>τι-</strong></span> 
     </span>
    </p>
   </div>
   <div class='ocr_carea' id='block_1_76' title="bbox 2254 3178 3819 3255">
    <p class='ocr_par' dir='ltr' id='par_1_76' title="bbox 2254 3178 3819 3255">
     <span class='ocr_line' id='line_1_76' title="bbox 2254 3178 3819 3255; baseline -0.004 -18"><span class='ocrx_word' id='word_1_497' title='bbox 2254 3184 2467 3255; x_wconf 80' lang='grc' dir='ltr'><strong>μωρίαν</strong></span> <span class='ocrx_word' id='word_1_498' title='bbox 2518 3183 2785 3236; x_wconf 87' lang='grc' dir='ltr'><strong>ἐκδίδοται-</strong></span> <span class='ocrx_word' id='word_1_499' title='bbox 2820 3181 2910 3235; x_wconf 79' lang='grc' dir='ltr'><strong>διὰ</strong></span> <span class='ocrx_word' id='word_1_500' title='bbox 2954 3181 3115 3235; x_wconf 85' lang='grc' dir='ltr'><strong>τοῦτο</strong></span> <span class='ocrx_word' id='word_1_501' title='bbox 3148 3181 3408 3243; x_wconf 82' lang='grc' dir='ltr'><strong>πολλάκις</strong></span> <span class='ocrx_word' id='word_1_502' title='bbox 3447 3178 3529 3248; x_wconf 81' lang='grc' dir='ltr'><strong>τῷ</strong></span> <span class='ocrx_word' id='word_1_503' title='bbox 3551 3178 3819 3248; x_wconf 71' lang='grc' dir='ltr'><strong>διαϐόλῳς</strong></span> 
     </span>
    </p>
   </div>
   <div class='ocr_carea' id='block_1_77' title="bbox 2252 3268 3822 3343">
    <p class='ocr_par' dir='ltr' id='par_1_77' title="bbox 2252 3268 3822 3343">
     <span class='ocr_line' id='line_1_77' title="bbox 2252 3268 3822 3343; baseline -0.004 -15"><span class='ocrx_word' id='word_1_504' title='bbox 2252 3277 2450 3338; x_wconf 69' lang='grc' dir='ltr'><strong>πᾶνους</strong></span> <span class='ocrx_word' id='word_1_505' title='bbox 2494 3273 2643 3343; x_wconf 78' lang='grc' dir='ltr'><strong>αὐτῷ</strong></span> <span class='ocrx_word' id='word_1_506' title='bbox 2697 3273 2921 3335; x_wconf 84' lang='grc' dir='ltr'><strong>δικαίως</strong></span> <span class='ocrx_word' id='word_1_507' title='bbox 2953 3274 3210 3340; x_wconf 75' lang='grc' dir='ltr'><strong>ἐπάγοντι</strong></span> <span class='ocrx_word' id='word_1_508' title='bbox 3251 3272 3346 3325; x_wconf 73' lang='grc' dir='ltr'><strong>καὶ</strong></span> <span class='ocrx_word' id='word_1_509' title='bbox 3398 3270 3704 3340; x_wconf 70' lang='grc' dir='ltr'><strong>συμφορὰς,</strong></span> <span class='ocrx_word' id='word_1_510' title='bbox 3733 3268 3822 3323; x_wconf 81' lang='grc' dir='ltr'><strong>ῐνα</strong></span> 
     </span>
    </p>
   </div>
   <div class='ocr_carea' id='block_1_78' title="bbox 2256 3360 3827 3438">
    <p class='ocr_par' dir='ltr' id='par_1_78' title="bbox 2256 3360 3827 3438">
     <span class='ocr_line' id='line_1_78' title="bbox 2256 3360 3827 3438; baseline -0.004 -18"><span class='ocrx_word' id='word_1_511' title='bbox 2256 3368 2401 3438; x_wconf 75' lang='grc' dir='ltr'><strong>μάθῃ</strong></span> <span class='ocrx_word' id='word_1_512' title='bbox 2452 3366 2678 3436; x_wconf 76' lang='grc' dir='ltr'><strong>πάσχων</strong></span> <span class='ocrx_word' id='word_1_513' title='bbox 2733 3364 2862 3433; x_wconf 78' lang='grc' dir='ltr'><strong>περὶ</strong></span> <span class='ocrx_word' id='word_1_514' title='bbox 2915 3362 3208 3435; x_wconf 83' lang='grc' dir='ltr'><strong>καρτερίας</strong></span> <span class='ocrx_word' id='word_1_515' title='bbox 3258 3361 3459 3433; x_wconf 78' lang='grc' dir='ltr'><strong>μᾶλλον</strong></span> <span class='ocrx_word' id='word_1_516' title='bbox 3502 3361 3595 3413; x_wconf 83' lang='grc' dir='ltr'><strong>καὶ</strong></span> <span class='ocrx_word' id='word_1_517' title='bbox 3642 3360 3827 3414; x_wconf 82' lang='grc' dir='ltr'><strong>πόνων</strong></span> 
     </span>
    </p>
   </div>
   <div class='ocr_carea' id='block_1_79' title="bbox 2254 3446 3824 3528">
    <p class='ocr_par' dir='ltr' id='par_1_79' title="bbox 2254 3446 3824 3528">
     <span class='ocr_line' id='line_1_79' title="bbox 2254 3446 3824 3528; baseline -0.004 -17"><span class='ocrx_word' id='word_1_518' title='bbox 2254 3457 2531 3528; x_wconf 76' lang='grc' dir='ltr'><strong>ὑπομονῆς</strong></span> <span class='ocrx_word' id='word_1_519' title='bbox 2591 3455 2982 3525; x_wconf 78' lang='grc' dir='ltr'><strong>φιλοσοφεῖν,ἦ</strong></span> <span class='ocrx_word' id='word_1_520' title='bbox 3038 3453 3289 3522; x_wconf 84' lang='grc' dir='ltr'><strong>διακενῆς</strong></span> <span class='ocrx_word' id='word_1_521' title='bbox 3350 3453 3462 3516; x_wconf 84' lang='grc' dir='ltr'><strong>τοῖς</strong></span> <span class='ocrx_word' id='word_1_522' title='bbox 3523 3452 3626 3505; x_wconf 82' lang='grc' dir='ltr'><strong>οῦκ</strong></span> <span class='ocrx_word' id='word_1_523' title='bbox 3668 3446 3824 3505; x_wconf 78' lang='grc' dir='ltr'><strong>οὖσιν</strong></span> 
     </span>
    </p>
   </div>
   <div class='ocr_carea' id='block_1_80' title="bbox 2254 3546 3063 3620">
    <p class='ocr_par' dir='ltr' id='par_1_80' title="bbox 2254 3546 3063 3620">
     <span class='ocr_line' id='line_1_80' title="bbox 2254 3546 3063 3620; baseline -0.004 -17"><span class='ocrx_word' id='word_1_524' title='bbox 2254 3549 2617 3620; x_wconf 81' lang='grc' dir='ltr'><strong>ὑπερηφάνως</strong></span> <span class='ocrx_word' id='word_1_525' title='bbox 2645 3546 3063 3618; x_wconf 79' lang='grc' dir='ltr'><strong>ἐμματαιάζειν.</strong></span> 
     </span>
    </p>
   </div>
   <div class='ocr_carea' id='block_1_81' title="bbox 2325 3706 3826 3784">
    <p class='ocr_par' dir='ltr' id='par_1_81' title="bbox 2325 3706 3826 3784">
     <span class='ocr_line' id='line_1_81' title="bbox 2325 3706 3826 3784; baseline -0.007 -13"><span class='ocrx_word' id='word_1_526' title='bbox 2325 3715 2433 3771; x_wconf 86' lang='grc' dir='ltr'><strong>πθ’.</strong></span> <span class='ocrx_word' id='word_1_527' title='bbox 2479 3714 2541 3768; x_wconf 89' lang='lat'><strong>&#39;0</strong></span> <span class='ocrx_word' id='word_1_528' title='bbox 2584 3714 2811 3784; x_wconf 80' lang='grc' dir='ltr'><strong>πάσχων</strong></span> <span class='ocrx_word' id='word_1_529' title='bbox 2855 3713 2997 3783; x_wconf 78' lang='grc' dir='ltr'><strong>ὑπὲρ</strong></span> <span class='ocrx_word' id='word_1_530' title='bbox 3048 3712 3268 3783; x_wconf 88' lang='grc' dir='ltr'><strong>χάριτος</strong></span> <span class='ocrx_word' id='word_1_531' title='bbox 3298 3708 3448 3782; x_wconf 58' lang='lat' dir='ltr'><strong>[fort</strong></span> <span class='ocrx_word' id='word_1_532' title='bbox 3480 3708 3625 3779; x_wconf 78' lang='grc' dir='ltr'><strong>ὑπὲρ</strong></span> <span class='ocrx_word' id='word_1_533' title='bbox 3672 3706 3826 3769; x_wconf 73' lang='grc' dir='ltr'><strong>θείας</strong></span> 
     </span>
    </p>
   </div>
   <div class='ocr_carea' id='block_1_82' title="bbox 2255 3798 3824 3881">
    <p class='ocr_par' dir='ltr' id='par_1_82' title="bbox 2255 3798 3824 3881">
     <span class='ocr_line' id='line_1_82' title="bbox 2255 3798 3824 3881; baseline -0.007 -18"><span class='ocrx_word' id='word_1_534' title='bbox 2255 3806 2493 3881; x_wconf 82' lang='grc' dir='ltr'><strong>ἐντολῆς]</strong></span> <span class='ocrx_word' id='word_1_535' title='bbox 2521 3806 2655 3860; x_wconf 88' lang='grc' dir='ltr'><strong>Θεοῦ</strong></span> <span class='ocrx_word' id='word_1_536' title='bbox 2685 3802 3115 3877; x_wconf 79' lang='grc' dir='ltr'><strong>παραϐαθείσης,</strong></span> <span class='ocrx_word' id='word_1_537' title='bbox 3149 3802 3244 3856; x_wconf 81' lang='grc' dir='ltr'><strong>ἐὰν</strong></span> <span class='ocrx_word' id='word_1_538' title='bbox 3290 3799 3498 3871; x_wconf 80' lang='grc' dir='ltr'><strong>ἐπιγνῷ</strong></span> <span class='ocrx_word' id='word_1_539' title='bbox 3524 3799 3623 3870; x_wconf 85' lang='grc' dir='ltr'><strong>τῆς</strong></span> <span class='ocrx_word' id='word_1_540' title='bbox 3656 3798 3824 3870; x_wconf 69' lang='grc' dir='ltr'><strong>ἰωμέ-</strong></span> 
     </span>
    </p>
   </div>
   <div class='ocr_carea' id='block_1_83' title="bbox 2254 3886 3827 3970">
    <p class='ocr_par' dir='ltr' id='par_1_83' title="bbox 2254 3886 3827 3970">
     <span class='ocr_line' id='line_1_83' title="bbox 2254 3886 3827 3970; baseline -0.01 -15"><span class='ocrx_word' id='word_1_541' title='bbox 2254 3919 2352 3970; x_wconf 85' lang='grc' dir='ltr'><strong>νης</strong></span> <span class='ocrx_word' id='word_1_542' title='bbox 2378 3898 2539 3953; x_wconf 78' lang='grc' dir='ltr'><strong>αὐτὸν</strong></span> <span class='ocrx_word' id='word_1_543' title='bbox 2562 3897 2711 3960; x_wconf 85' lang='grc' dir='ltr'><strong>θείας</strong></span> <span class='ocrx_word' id='word_1_544' title='bbox 2735 3894 2989 3967; x_wconf 88' lang='grc' dir='ltr'><strong>προνοίας</strong></span> <span class='ocrx_word' id='word_1_545' title='bbox 3017 3893 3108 3947; x_wconf 75' lang='grc' dir='ltr'><strong>τὸν</strong></span> <span class='ocrx_word' id='word_1_546' title='bbox 3133 3891 3290 3960; x_wconf 79' lang='grc' dir='ltr'><strong>λόγον</strong></span> <span class='ocrx_word' id='word_1_547' title='bbox 3318 3891 3420 3962; x_wconf 80' lang='grc' dir='ltr'><strong>τήν</strong></span> <span class='ocrx_word' id='word_1_548' title='bbox 3445 3907 3505 3943; x_wconf 87' lang='grc' dir='ltr'><strong>τε</strong></span> <span class='ocrx_word' id='word_1_549' title='bbox 3537 3886 3827 3959; x_wconf 72' lang='grc' dir='ltr'><strong>συμφορὰν</strong></span> 
     </span>
    </p>
   </div>
   <div class='ocr_carea' id='block_1_84' title="bbox 2256 3974 3828 4063">
    <p class='ocr_par' dir='ltr' id='par_1_84' title="bbox 2256 3974 3828 4063">
     <span class='ocr_line' id='line_1_84' title="bbox 2256 3974 3828 4063; baseline -0.009 -17"><span class='ocrx_word' id='word_1_550' title='bbox 2256 3990 2593 4063; x_wconf 80' lang='grc' dir='ltr'><strong>εὐχαρίστως</strong></span> <span class='ocrx_word' id='word_1_551' title='bbox 2653 3988 2865 4058; x_wconf 77' lang='grc' dir='ltr'><strong>δέχεται</strong></span> <span class='ocrx_word' id='word_1_552' title='bbox 2917 3985 3144 4056; x_wconf 85' lang='grc' dir='ltr'><strong>χαίρων,</strong></span> <span class='ocrx_word' id='word_1_553' title='bbox 3182 3983 3279 4037; x_wconf 69' lang='grc' dir='ltr'><strong>καὶ</strong></span> <span class='ocrx_word' id='word_1_554' title='bbox 3303 3981 3405 4052; x_wconf 85' lang='grc' dir='ltr'><strong>τὴν</strong></span> <span class='ocrx_word' id='word_1_555' title='bbox 3432 3981 3572 4052; x_wconf 78' lang='grc' dir='ltr'><strong>ὑπὲρ</strong></span> <span class='ocrx_word' id='word_1_556' title='bbox 3596 3974 3665 4053; x_wconf 76' lang='grc' dir='ltr'><strong>ἧς</strong></span> <span class='ocrx_word' id='word_1_557' title='bbox 3696 3996 3828 4033; x_wconf 64' lang='grc' dir='ltr'><strong>παις</strong></span> 
     </span>
    </p>
   </div>
   <div class='ocr_carea' id='block_1_85' title="bbox 2254 4070 3827 4151">
    <p class='ocr_par' dir='ltr' id='par_1_85' title="bbox 2254 4070 3827 4151">
     <span class='ocr_line' id='line_1_85' title="bbox 2254 4070 3827 4151; baseline -0.011 -13"><span class='ocrx_word' id='word_1_558' title='bbox 2254 4085 2467 4139; x_wconf 83' lang='grc' dir='ltr'><strong>δεύεται</strong></span> <span class='ocrx_word' id='word_1_559' title='bbox 2507 4079 2813 4151; x_wconf 85' lang='grc' dir='ltr'><strong>διορθοῦται</strong></span> <span class='ocrx_word' id='word_1_560' title='bbox 2849 4076 3224 4147; x_wconf 81' lang='grc' dir='ltr'><strong>πλημμέλειαν</strong></span> <span class='ocrx_word' id='word_1_561' title='bbox 3248 4090 3263 4105; x_wconf 91' lang='grc'><strong>·</strong></span> <span class='ocrx_word' id='word_1_562' title='bbox 3307 4073 3337 4126; x_wconf 84' lang='grc' dir='ltr'><strong>ὁ</strong></span> <span class='ocrx_word' id='word_1_563' title='bbox 3362 4073 3419 4127; x_wconf 86' lang='grc' dir='ltr'><strong>δέ</strong></span> <span class='ocrx_word' id='word_1_564' title='bbox 3447 4072 3654 4142; x_wconf 82' lang='grc' dir='ltr'><strong>ταύτης</strong></span> <span class='ocrx_word' id='word_1_565' title='bbox 3676 4070 3827 4123; x_wconf 75' lang='grc' dir='ltr'><strong>ἀναιο</strong></span> 
     </span>
    </p>
   </div>
   <div class='ocr_carea' id='block_1_86' title="bbox 2257 4162 3829 4246">
    <p class='ocr_par' dir='ltr' id='par_1_86' title="bbox 2257 4162 3829 4246">
     <span class='ocr_line' id='line_1_86' title="bbox 2257 4162 3829 4246; baseline -0.01 -15"><span class='ocrx_word' id='word_1_566' title='bbox 2257 4177 2467 4246; x_wconf 84' lang='grc' dir='ltr'><strong>σθητῶν</strong></span> <span class='ocrx_word' id='word_1_567' title='bbox 2498 4174 2596 4245; x_wconf 90' lang='grc' dir='ltr'><strong>τῆς</strong></span> <span class='ocrx_word' id='word_1_568' title='bbox 2629 4169 2891 4241; x_wconf 72' lang='grc' dir='ltr'><strong>ἰατρείας,</strong></span> <span class='ocrx_word' id='word_1_569' title='bbox 2918 4169 3018 4239; x_wconf 83' lang='grc' dir='ltr'><strong>τῆς</strong></span> <span class='ocrx_word' id='word_1_570' title='bbox 3052 4185 3114 4221; x_wconf 89' lang='grc' dir='ltr'><strong>τε</strong></span> <span class='ocrx_word' id='word_1_571' title='bbox 3156 4166 3405 4231; x_wconf 79' lang='grc' dir='ltr'><strong>δοθείσης</strong></span> <span class='ocrx_word' id='word_1_572' title='bbox 3449 4163 3672 4225; x_wconf 87' lang='grc' dir='ltr'><strong>ἐνδίκως</strong></span> <span class='ocrx_word' id='word_1_573' title='bbox 3720 4162 3829 4216; x_wconf 80' lang='grc' dir='ltr'><strong>ἀπο</strong></span> 
     </span>
    </p>
   </div>
   <div class='ocr_carea' id='block_1_87' title="bbox 2256 4250 3832 4335">
    <p class='ocr_par' dir='ltr' id='par_1_87' title="bbox 2256 4250 3832 4335">
     <span class='ocr_line' id='line_1_87' title="bbox 2256 4250 3832 4335; baseline -0.01 -15"><span class='ocrx_word' id='word_1_574' title='bbox 2256 4267 2447 4335; x_wconf 85' lang='grc' dir='ltr'><strong>άγεται</strong></span> <span class='ocrx_word' id='word_1_575' title='bbox 2462 4263 2682 4333; x_wconf 82' lang='grc' dir='ltr'><strong>χάριτος</strong></span> <span class='ocrx_word' id='word_1_576' title='bbox 2707 4261 2800 4314; x_wconf 79' lang='grc' dir='ltr'><strong>καὶ</strong></span> <span class='ocrx_word' id='word_1_577' title='bbox 2821 4261 2888 4329; x_wconf 84' lang='grc' dir='ltr'><strong>τῇ</strong></span> <span class='ocrx_word' id='word_1_578' title='bbox 2917 4257 3181 4328; x_wconf 86' lang='grc' dir='ltr'><strong>συγχύσει</strong></span> <span class='ocrx_word' id='word_1_579' title='bbox 3205 4256 3316 4310; x_wconf 83' lang='grc' dir='ltr'><strong>τῶν</strong></span> <span class='ocrx_word' id='word_1_580' title='bbox 3333 4253 3523 4309; x_wconf 82' lang='grc' dir='ltr'><strong>παθῶν</strong></span> <span class='ocrx_word' id='word_1_581' title='bbox 3543 4250 3832 4322; x_wconf 84' lang='grc' dir='ltr'><strong>παραδίδο-</strong></span> 
     </span>
    </p>
   </div>
   <div class='ocr_carea' id='block_1_88' title="bbox 581 4335 2144 4441">
    <p class='ocr_par' dir='ltr' id='par_1_88' title="bbox 581 4368 2144 4441">
     <span class='ocr_line' id='line_1_88' title="bbox 581 4368 2144 4441; baseline 0.003 -20"><span class='ocrx_word' id='word_1_582' title='bbox 581 4376 643 4421; x_wconf 90' lang='lat' dir='ltr'><strong>ut</strong></span> <span class='ocrx_word' id='word_1_583' title='bbox 688 4368 808 4437; x_wconf 90' lang='lat' dir='ltr'><strong>ipso</strong></span> <span class='ocrx_word' id='word_1_584' title='bbox 857 4378 1039 4440; x_wconf 89' lang='lat' dir='ltr'><strong>patret</strong></span> <span class='ocrx_word' id='word_1_585' title='bbox 1076 4384 1267 4441; x_wconf 89' lang='lat' dir='ltr'><strong>opere,</strong></span> <span class='ocrx_word' id='word_1_586' title='bbox 1310 4385 1544 4441; x_wconf 90' lang='lat' dir='ltr'><strong>quorum</strong></span> <span class='ocrx_word' id='word_1_587' title='bbox 1589 4371 1774 4426; x_wconf 89' lang='lat' dir='ltr'><strong>animo</strong></span> <span class='ocrx_word' id='word_1_588' title='bbox 1820 4372 2144 4428; x_wconf 83' lang='lat' dir='ltr'><strong>desiderium</strong></span> 
     </span>
    </p>
   </div>
   <div class='ocr_carea' id='block_1_89' title="bbox 2246 4335 3828 4441">
    <p class='ocr_par' dir='ltr' id='par_1_89' title="bbox 2257 4335 3828 4428">
     <span class='ocr_line' id='line_1_89' title="bbox 2257 4335 3828 4428; baseline -0.006 -17"><span class='ocrx_word' id='word_1_589' title='bbox 2257 4377 2370 4423; x_wconf 84' lang='grc' dir='ltr'><strong>ται,</strong></span> <span class='ocrx_word' id='word_1_590' title='bbox 2403 4356 2541 4428; x_wconf 78' lang='grc' dir='ltr'><strong>πρὸς</strong></span> <span class='ocrx_word' id='word_1_591' title='bbox 2588 4355 2688 4426; x_wconf 74' lang='grc' dir='ltr'><strong>τὴν</strong></span> <span class='ocrx_word' id='word_1_592' title='bbox 2727 4350 2928 4423; x_wconf 79' lang='grc' dir='ltr'><strong>πρᾶξιν</strong></span> <span class='ocrx_word' id='word_1_593' title='bbox 2950 4350 3126 4404; x_wconf 77' lang='grc' dir='ltr'><strong>ἐλθεῖν</strong></span> <span class='ocrx_word' id='word_1_594' title='bbox 3149 4347 3729 4419; x_wconf 82' lang='grc' dir='ltr'><strong>καταλιμπανόμενος,</strong></span> <span class='ocrx_word' id='word_1_595' title='bbox 3756 4335 3828 4401; x_wconf 67' lang='grc' dir='ltr'><strong>ὧν</strong></span> 
     </span>
    </p>
   </div>
   <div class='ocr_carea' id='block_1_90' title="bbox 580 4456 839 4514">
    <p class='ocr_par' dir='ltr' id='par_1_90' title="bbox 580 4456 839 4514">
     <span class='ocr_line' id='line_1_90' title="bbox 580 4456 839 4514; baseline 0.008 -3"><span class='ocrx_word' id='word_1_596' title='bbox 580 4456 839 4514; x_wconf 85' lang='lat' dir='ltr'><strong>habebat.</strong></span> 
     </span>
    </p>
   </div>
   <div class='ocr_carea' id='block_1_91' title="bbox 650 4549 2160 4623">
    <p class='ocr_par' dir='ltr' id='par_1_91' title="bbox 650 4549 2160 4623">
     <span class='ocr_line' id='line_1_91' title="bbox 650 4549 2160 4623; baseline 0.004 -19"><span class='ocrx_word' id='word_1_597' title='bbox 650 4550 738 4605; x_wconf 87' lang='lat'><strong>90.</strong></span> <span class='ocrx_word' id='word_1_598' title='bbox 772 4549 1056 4622; x_wconf 87' lang='lat' dir='ltr'><strong>Quisquis,</strong></span> <span class='ocrx_word' id='word_1_599' title='bbox 1104 4567 1299 4607; x_wconf 90' lang='lat' dir='ltr'><strong>eorum</strong></span> <span class='ocrx_word' id='word_1_600' title='bbox 1340 4568 1463 4623; x_wconf 62' lang='lat' dir='ltr'><strong>quas</strong></span> <span class='ocrx_word' id='word_1_601' title='bbox 1505 4552 1583 4608; x_wconf 92' lang='lat' dir='ltr'><strong>illi</strong></span> <span class='ocrx_word' id='word_1_602' title='bbox 1621 4553 1823 4609; x_wconf 89' lang='lat' dir='ltr'><strong>delicta</strong></span> <span class='ocrx_word' id='word_1_603' title='bbox 1870 4555 2160 4610; x_wconf 87' lang='lat' dir='ltr'><strong>commissa</strong></span> 
     </span>
    </p>
   </div>
   <div class='ocr_carea' id='block_1_92' title="bbox 2256 4443 3087 4518">
    <p class='ocr_par' dir='ltr' id='par_1_92' title="bbox 2256 4443 3087 4518">
     <span class='ocr_line' id='line_1_92' title="bbox 2256 4443 3087 4518; baseline -0.011 -10"><span class='ocrx_word' id='word_1_604' title='bbox 2256 4450 2580 4513; x_wconf 84' lang='grc' dir='ltr'><strong>ἐνδιαθέτως</strong></span> <span class='ocrx_word' id='word_1_605' title='bbox 2614 4443 2728 4518; x_wconf 77' lang='grc' dir='ltr'><strong>εἷχε</strong></span> <span class='ocrx_word' id='word_1_606' title='bbox 2752 4444 2850 4516; x_wconf 82' lang='grc' dir='ltr'><strong>τὴν</strong></span> <span class='ocrx_word' id='word_1_607' title='bbox 2881 4444 3087 4515; x_wconf 72' lang='grc' dir='ltr'><strong>ἔφεσιν.</strong></span> 
     </span>
    </p>
   </div>
   <div class='ocr_carea' id='block_1_93' title="bbox 2327 4525 3832 4611">
    <p class='ocr_par' dir='ltr' id='par_1_93' title="bbox 2327 4525 3832 4611">
     <span class='ocr_line' id='line_1_93' title="bbox 2327 4525 3832 4611; baseline -0.01 -14"><span class='ocrx_word' id='word_1_608' title='bbox 2327 4541 2399 4611; x_wconf 68' lang='lat' dir='ltr'><strong>l&quot;.</strong></span> <span class='ocrx_word' id='word_1_609' title='bbox 2433 4543 2549 4605; x_wconf 73' lang='lat' dir='ltr'><strong>na;</strong></span> <span class='ocrx_word' id='word_1_610' title='bbox 2602 4538 2932 4609; x_wconf 84' lang='grc' dir='ltr'><strong>ἀνεχόμενος</strong></span> <span class='ocrx_word' id='word_1_611' title='bbox 2996 4533 3260 4597; x_wconf 77' lang='grc' dir='ltr'><strong>ἑκουσίως</strong></span> <span class='ocrx_word' id='word_1_612' title='bbox 3303 4533 3368 4586; x_wconf 86' lang='grc' dir='ltr'><strong>ἐκ</strong></span> <span class='ocrx_word' id='word_1_613' title='bbox 3414 4529 3652 4600; x_wconf 72' lang='grc' dir='ltr'><strong>τῆςτῶν</strong></span> <span class='ocrx_word' id='word_1_614' title='bbox 3679 4525 3832 4598; x_wconf 72' lang='grc' dir='ltr'><strong>αὐτῷ</strong></span> 
     </span>
    </p>
   </div>
   <div class='ocr_carea' id='block_1_94' title="bbox 580 4620 2144 4714">
    <p class='ocr_par' dir='ltr' id='par_1_94' title="bbox 580 4620 2144 4714">
     <span class='ocr_line' id='line_1_94' title="bbox 580 4620 2144 4714; baseline 0.003 -20"><span class='ocrx_word' id='word_1_615' title='bbox 580 4648 730 4707; x_wconf 88' lang='lat' dir='ltr'><strong>sunt,</strong></span> <span class='ocrx_word' id='word_1_616' title='bbox 762 4620 943 4696; x_wconf 71' lang='lat' dir='ltr'><strong>sensu</strong></span> <span class='ocrx_word' id='word_1_617' title='bbox 967 4642 1261 4707; x_wconf 86' lang='lat' dir='ltr'><strong>adductus,</strong></span> <span class='ocrx_word' id='word_1_618' title='bbox 1293 4620 1509 4713; x_wconf 79' lang='lat' dir='ltr'><strong>sponte,</strong></span> <span class='ocrx_word' id='word_1_619' title='bbox 1536 4658 1647 4713; x_wconf 85' lang='lat' dir='ltr'><strong>qua</strong></span> <span class='ocrx_word' id='word_1_620' title='bbox 1672 4643 1833 4700; x_wconf 87' lang='lat' dir='ltr'><strong>decet</strong></span> <span class='ocrx_word' id='word_1_621' title='bbox 1857 4644 2144 4714; x_wconf 78' lang='lat' dir='ltr'><strong>gratiarun</strong></span> 
     </span>
    </p>
   </div>
   <div class='ocr_carea' id='block_1_95' title="bbox 2246 4620 3831 4714">
    <p class='ocr_par' dir='ltr' id='par_1_95' title="bbox 2256 4620 3831 4714">
     <span class='ocr_line' id='line_1_95' title="bbox 2256 4620 3831 4714; baseline -0.012 -24"><span class='ocrx_word' id='word_1_622' title='bbox 2256 4633 2664 4707; x_wconf 80' lang='grc' dir='ltr'><strong>πεπραγμένων</strong></span> <span class='ocrx_word' id='word_1_623' title='bbox 2688 4627 3113 4696; x_wconf 82' lang='grc' dir='ltr'><strong>συναισθήσεως,</strong></span> <span class='ocrx_word' id='word_1_624' title='bbox 3138 4622 3392 4714; x_wconf 76' lang='grc' dir='ltr'><strong>δέξασθαι</strong></span> <span class='ocrx_word' id='word_1_625' title='bbox 3410 4623 3511 4714; x_wconf 80' lang='grc' dir='ltr'><strong>τὰς</strong></span> 
     </span>
    </p>
   </div>
   <div class='ocr_carea' id='block_1_96' title="bbox 581 4710 2144 4810">
    <p class='ocr_par' dir='ltr' id='par_1_96' title="bbox 581 4732 2144 4810">
     <span class='ocr_line' id='line_1_96' title="bbox 581 4732 2144 4810; baseline 0.002 -24"><span class='ocrx_word' id='word_1_626' title='bbox 581 4733 820 4799; x_wconf 90' lang='lat' dir='ltr'><strong>actione,</strong></span> <span class='ocrx_word' id='word_1_627' title='bbox 859 4732 1122 4810; x_wconf 57' lang='lat' dir='ltr'><strong>aerumnis</strong></span> <span class='ocrx_word' id='word_1_628' title='bbox 1175 4750 1369 4805; x_wconf 83' lang='lat' dir='ltr'><strong>graves</strong></span> <span class='ocrx_word' id='word_1_629' title='bbox 1420 4735 1754 4790; x_wconf 87' lang='lat' dir='ltr'><strong>tentationes</strong></span> <span class='ocrx_word' id='word_1_630' title='bbox 1800 4750 1922 4804; x_wconf 72' lang='lat' dir='ltr'><strong>quae</strong></span> <span class='ocrx_word' id='word_1_631' title='bbox 1959 4735 2144 4789; x_wconf 78' lang='lat' dir='ltr'><strong>invito:</strong></span> 
     </span>
    </p>
   </div>
   <div class='ocr_carea' id='block_1_97' title="bbox 2246 4710 3829 4810">
    <p class='ocr_par' dir='ltr' id='par_1_97' title="bbox 2255 4710 3829 4810">
     <span class='ocr_line' id='line_1_97' title="bbox 2255 4710 3829 4810; baseline -0.013 -27"><span class='ocrx_word' id='word_1_632' title='bbox 2255 4728 2365 4782; x_wconf 84' lang='grc' dir='ltr'><strong>τῶν</strong></span> <span class='ocrx_word' id='word_1_633' title='bbox 2395 4725 2668 4780; x_wconf 85' lang='grc' dir='ltr'><strong>ἀκουσίων</strong></span> <span class='ocrx_word' id='word_1_634' title='bbox 2701 4718 2969 4789; x_wconf 83' lang='grc' dir='ltr'><strong>ἐπιφορὰς</strong></span> <span class='ocrx_word' id='word_1_635' title='bbox 3016 4712 3530 4810; x_wconf 38' lang='grc' dir='ltr'><strong>πειρασμῶν,μμετά</strong></span> <span class='ocrx_word' id='word_1_636' title='bbox 3546 4710 3829 4810; x_wconf 40' lang='grc' dir='ltr'><strong>τῆς-δεού-</strong></span> 
     </span>
    </p>
   </div>
   <div class='ocr_carea' id='block_1_98' title="bbox 582 4825 2159 4895">
    <p class='ocr_par' dir='ltr' id='par_1_98' title="bbox 582 4825 2159 4895">
     <span class='ocr_line' id='line_1_98' title="bbox 582 4825 2159 4895; baseline 0.001 -17"><span class='ocrx_word' id='word_1_637' title='bbox 582 4825 886 4893; x_wconf 83' lang='lat' dir='ltr'><strong>excipiunt,</strong></span> <span class='ocrx_word' id='word_1_638' title='bbox 920 4833 982 4879; x_wconf 92' lang='lat' dir='ltr'><strong>ut</strong></span> <span class='ocrx_word' id='word_1_639' title='bbox 1006 4825 1291 4895; x_wconf 87' lang='lat' dir='ltr'><strong>suscipiat,</strong></span> <span class='ocrx_word' id='word_1_640' title='bbox 1326 4827 1381 4881; x_wconf 92' lang='lat' dir='ltr'><strong>in</strong></span> <span class='ocrx_word' id='word_1_641' title='bbox 1419 4826 1664 4881; x_wconf 90' lang='lat' dir='ltr'><strong>animum</strong></span> <span class='ocrx_word' id='word_1_642' title='bbox 1703 4826 1934 4890; x_wconf 90' lang='lat' dir='ltr'><strong>inducit,</strong></span> <span class='ocrx_word' id='word_1_643' title='bbox 1983 4826 2159 4880; x_wconf 82' lang='lat' dir='ltr'><strong>virtu-</strong></span> 
     </span>
    </p>
   </div>
   <div class='ocr_carea' id='block_1_99' title="bbox 582 4914 2160 4988">
    <p class='ocr_par' dir='ltr' id='par_1_99' title="bbox 582 4914 2160 4988">
     <span class='ocr_line' id='line_1_99' title="bbox 582 4914 2160 4988; baseline 0.003 -20"><span class='ocrx_word' id='word_1_644' title='bbox 582 4914 655 4969; x_wconf 87' lang='lat' dir='ltr'><strong>tis</strong></span> <span class='ocrx_word' id='word_1_645' title='bbox 682 4915 875 4971; x_wconf 90' lang='lat' dir='ltr'><strong>hahitu</strong></span> <span class='ocrx_word' id='word_1_646' title='bbox 910 4924 1077 4987; x_wconf 89' lang='lat' dir='ltr'><strong>atque</strong></span> <span class='ocrx_word' id='word_1_647' title='bbox 1110 4917 1286 4988; x_wconf 82' lang='lat' dir='ltr'><strong>gratia</strong></span> <span class='ocrx_word' id='word_1_648' title='bbox 1311 4934 1423 4972; x_wconf 91' lang='lat' dir='ltr'><strong>non</strong></span> <span class='ocrx_word' id='word_1_649' title='bbox 1459 4918 1711 4987; x_wconf 89' lang='lat' dir='ltr'><strong>ejicitur;</strong></span> <span class='ocrx_word' id='word_1_650' title='bbox 1740 4925 1802 4972; x_wconf 88' lang='lat' dir='ltr'><strong>ut</strong></span> <span class='ocrx_word' id='word_1_651' title='bbox 1830 4918 1926 4987; x_wconf 90' lang='lat' dir='ltr'><strong>qui</strong></span> <span class='ocrx_word' id='word_1_652' title='bbox 1963 4926 2160 4987; x_wconf 87' lang='lat' dir='ltr'><strong>sponte</strong></span> 
     </span>
    </p>
   </div>
   <div class='ocr_carea' id='block_1_100' title="bbox 580 5006 2158 5080">
    <p class='ocr_par' dir='ltr' id='par_1_100' title="bbox 580 5006 2158 5080">
     <span class='ocr_line' id='line_1_100' title="bbox 580 5006 2158 5080; baseline 0.003 -20"><span class='ocrx_word' id='word_1_653' title='bbox 580 5006 728 5078; x_wconf 86' lang='lat' dir='ltr'><strong>regis</strong></span> <span class='ocrx_word' id='word_1_654' title='bbox 773 5007 1067 5080; x_wconf 82' lang='lat' dir='ltr'><strong>Babylonis</strong></span> <span class='ocrx_word' id='word_1_655' title='bbox 1089 5010 1279 5080; x_wconf 82' lang='lat' dir='ltr'><strong>jugum</strong></span> <span class='ocrx_word' id='word_1_656' title='bbox 1324 5009 1585 5074; x_wconf 88' lang='lat' dir='ltr'><strong>subierit,</strong></span> <span class='ocrx_word' id='word_1_657' title='bbox 1646 5025 1711 5065; x_wconf 90' lang='lat' dir='ltr'><strong>ac</strong></span> <span class='ocrx_word' id='word_1_658' title='bbox 1756 5010 1909 5065; x_wconf 84' lang='lat' dir='ltr'><strong>velut</strong></span> <span class='ocrx_word' id='word_1_659' title='bbox 1953 5010 2158 5066; x_wconf 86' lang='lat' dir='ltr'><strong>delicto</strong></span> 
     </span>
    </p>
   </div>
   <div class='ocr_carea' id='block_1_101' title="bbox 584 5098 2160 5173">
    <p class='ocr_par' dir='ltr' id='par_1_101' title="bbox 584 5098 2160 5173">
     <span class='ocr_line' id='line_1_101' title="bbox 584 5098 2160 5173; baseline 0.001 -19"><span class='ocrx_word' id='word_1_660' title='bbox 584 5098 834 5155; x_wconf 81' lang='lat' dir='ltr'><strong>facturus</strong></span> <span class='ocrx_word' id='word_1_661' title='bbox 873 5101 1008 5156; x_wconf 89' lang='lat' dir='ltr'><strong>satis</strong></span> <span class='ocrx_word' id='word_1_662' title='bbox 1054 5116 1384 5173; x_wconf 71' lang='lat' dir='ltr'><strong>poenamque</strong></span> <span class='ocrx_word' id='word_1_663' title='bbox 1418 5103 1600 5166; x_wconf 86' lang='lat' dir='ltr'><strong>luens,</strong></span> <span class='ocrx_word' id='word_1_664' title='bbox 1636 5117 1745 5156; x_wconf 91' lang='lat' dir='ltr'><strong>non</strong></span> <span class='ocrx_word' id='word_1_665' title='bbox 1781 5102 2008 5167; x_wconf 87' lang='lat' dir='ltr'><strong>abnuat,</strong></span> <span class='ocrx_word' id='word_1_666' title='bbox 2036 5116 2160 5171; x_wconf 65' lang='lat' dir='ltr'><strong>quae</strong></span> 
     </span>
    </p>
   </div>
   <div class='ocr_carea' id='block_1_102' title="bbox 583 5188 2159 5261">
    <p class='ocr_par' dir='ltr' id='par_1_102' title="bbox 583 5188 2159 5261">
     <span class='ocr_line' id='line_1_102' title="bbox 583 5188 2159 5261; baseline 0.001 -17"><span class='ocrx_word' id='word_1_667' title='bbox 583 5188 664 5244; x_wconf 91' lang='lat' dir='ltr'><strong>illi</strong></span> <span class='ocrx_word' id='word_1_668' title='bbox 709 5205 887 5261; x_wconf 60' lang='lat' dir='ltr'><strong>poenae</strong></span> <span class='ocrx_word' id='word_1_669' title='bbox 924 5191 1241 5247; x_wconf 80' lang='lat' dir='ltr'><strong>inferuntur</strong></span> <span class='ocrx_word' id='word_1_670' title='bbox 1284 5208 1300 5245; x_wconf 91' lang='lat'><strong>:</strong></span> <span class='ocrx_word' id='word_1_671' title='bbox 1344 5192 1439 5247; x_wconf 87' lang='lat' dir='ltr'><strong>sed</strong></span> <span class='ocrx_word' id='word_1_672' title='bbox 1495 5190 1553 5245; x_wconf 88' lang='lat' dir='ltr'><strong>in</strong></span> <span class='ocrx_word' id='word_1_673' title='bbox 1594 5191 1702 5245; x_wconf 91' lang='lat' dir='ltr'><strong>illis</strong></span> <span class='ocrx_word' id='word_1_674' title='bbox 1748 5204 1996 5254; x_wconf 89' lang='lat' dir='ltr'><strong>manens,</strong></span> <span class='ocrx_word' id='word_1_675' title='bbox 2043 5190 2159 5261; x_wconf 85' lang='lat' dir='ltr'><strong>regi</strong></span> 
     </span>
    </p>
   </div>
   <div class='ocr_carea' id='block_1_103' title="bbox 581 5280 2159 5354">
    <p class='ocr_par' dir='ltr' id='par_1_103' title="bbox 581 5280 2159 5354">
     <span class='ocr_line' id='line_1_103' title="bbox 581 5280 2159 5354; baseline 0 -17"><span class='ocrx_word' id='word_1_676' title='bbox 581 5281 807 5354; x_wconf 80' lang='lat' dir='ltr'><strong>quidem</strong></span> <span class='ocrx_word' id='word_1_677' title='bbox 852 5282 1148 5354; x_wconf 88' lang='lat' dir='ltr'><strong>Babylonis</strong></span> <span class='ocrx_word' id='word_1_678' title='bbox 1204 5282 1413 5338; x_wconf 88' lang='lat' dir='ltr'><strong>tributo</strong></span> <span class='ocrx_word' id='word_1_679' title='bbox 1456 5282 1619 5339; x_wconf 88' lang='lat' dir='ltr'><strong>solvit</strong></span> <span class='ocrx_word' id='word_1_680' title='bbox 1666 5281 1731 5348; x_wconf 71' lang='grc'><strong>⁸⁸,</strong></span> <span class='ocrx_word' id='word_1_681' title='bbox 1778 5280 2050 5336; x_wconf 83' lang='lat' dir='ltr'><strong>violentos</strong></span> <span class='ocrx_word' id='word_1_682' title='bbox 2091 5297 2159 5337; x_wconf 79' lang='lat' dir='ltr'><strong>ex</strong></span> 
     </span>
    </p>
   </div>
   <div class='ocr_carea' id='block_1_104' title="bbox 652 5393 1379 5465">
    <p class='ocr_par' dir='ltr' id='par_1_104' title="bbox 652 5393 1379 5465">
     <span class='ocr_line' id='line_1_104' title="bbox 652 5393 1379 5465; baseline -0.007 -13"><span class='ocrx_word' id='word_1_683' title='bbox 652 5396 701 5429; x_wconf 81' lang='lat'>“</span> <span class='ocrx_word' id='word_1_684' title='bbox 725 5395 931 5451; x_wconf 79' lang='lat' dir='ltr'><strong>Jerem.</strong></span> <span class='ocrx_word' id='word_1_685' title='bbox 962 5409 1129 5460; x_wconf 76' lang='lat' dir='ltr'><strong>xxv&quot;,</strong></span> <span class='ocrx_word' id='word_1_686' title='bbox 1165 5393 1198 5449; x_wconf 87' lang='lat'><strong>6</strong></span> <span class='ocrx_word' id='word_1_687' title='bbox 1224 5408 1379 5465; x_wconf 88' lang='lat' dir='ltr'><strong>seqq.</strong></span> 
     </span>
    </p>
   </div>
   <div class='ocr_carea' id='block_1_105' title="bbox 584 5504 2153 5589">
    <p class='ocr_par' dir='ltr' id='par_1_105' title="bbox 584 5504 2153 5589">
     <span class='ocr_line' id='line_1_105' title="bbox 584 5504 2153 5589; baseline -0.006 -21"><span class='ocrx_word' id='word_1_688' title='bbox 584 5530 725 5589; x_wconf 73' lang='lat' dir='ltr'><strong>quos</strong></span> <span class='ocrx_word' id='word_1_689' title='bbox 742 5515 951 5589; x_wconf 75' lang='lat' dir='ltr'><strong>statim.</strong></span> <span class='ocrx_word' id='word_1_690' title='bbox 974 5515 1102 5589; x_wconf 76' lang='grc' dir='ltr'><strong>τοὺς</strong></span> <span class='ocrx_word' id='word_1_691' title='bbox 1136 5513 1474 5589; x_wconf 71' lang='grc' dir='ltr'><strong>πράττοντας</strong></span> <span class='ocrx_word' id='word_1_692' title='bbox 1502 5517 1682 5565; x_wconf 82' lang='lat' dir='ltr'><strong>vocat.</strong></span> <span class='ocrx_word' id='word_1_693' title='bbox 1721 5507 1876 5589; x_wconf 44' lang='lat' dir='ltr'><strong>Alibi</strong></span> <span class='ocrx_word' id='word_1_694' title='bbox 1888 5504 2153 5589; x_wconf 71' lang='lat' dir='ltr'><strong>pluribus</strong></span> 
     </span>
    </p>
   </div>
   <div class='ocr_carea' id='block_1_106' title="bbox 583 5583 2151 5649">
    <p class='ocr_par' dir='ltr' id='par_1_106' title="bbox 583 5583 2151 5649">
     <span class='ocr_line' id='line_1_106' title="bbox 583 5583 2151 5649; baseline -0.006 -13"><span class='ocrx_word' id='word_1_695' title='bbox 583 5585 822 5649; x_wconf 79' lang='lat' dir='ltr'><strong>explicat</strong></span> <span class='ocrx_word' id='word_1_696' title='bbox 849 5585 1136 5649; x_wconf 82' lang='lat' dir='ltr'><strong>Maximus,</strong></span> <span class='ocrx_word' id='word_1_697' title='bbox 1170 5583 1292 5639; x_wconf 84' lang='lat' dir='ltr'><strong>esse</strong></span> <span class='ocrx_word' id='word_1_698' title='bbox 1312 5583 1605 5644; x_wconf 88' lang='lat' dir='ltr'><strong>actionem,</strong></span> <span class='ocrx_word' id='word_1_699' title='bbox 1629 5595 1694 5634; x_wconf 90' lang='lat' dir='ltr'><strong>ac</strong></span> <span class='ocrx_word' id='word_1_700' title='bbox 1711 5583 2151 5649; x_wconf 77' lang='lat' dir='ltr'><strong>virt_utis_opera,</strong></span> 
     </span>
    </p>
   </div>
   <div class='ocr_carea' id='block_1_107' title="bbox 589 5599 2153 5726">
    <p class='ocr_par' dir='ltr' id='par_1_107' title="bbox 589 5599 2153 5726">
     <span class='ocr_line' id='line_1_107' title="bbox 589 5599 2151 5649; baseline -0.006 -13"><span class='ocrx_word' id='word_1_701' title='bbox 589 5599 653 5637; x_wconf 79' lang='lat' dir='ltr'><strong>ex</strong></span> <span class='ocrx_word' id='word_1_702' title='bbox 695 5599 822 5639; x_wconf 88' lang='lat' dir='ltr'><strong>ucat</strong></span> <span class='ocrx_word' id='word_1_703' title='bbox 849 5599 1136 5649; x_wconf 74' lang='lat' dir='ltr'><strong>maximus,</strong></span> <span class='ocrx_word' id='word_1_704' title='bbox 1170 5599 1292 5639; x_wconf 87' lang='lat' dir='ltr'><strong>esse</strong></span> <span class='ocrx_word' id='word_1_705' title='bbox 1312 5599 1605 5644; x_wconf 77' lang='lat' dir='ltr'><strong>aCllonem,</strong></span> <span class='ocrx_word' id='word_1_706' title='bbox 1629 5599 1694 5634; x_wconf 88' lang='lat' dir='ltr'><strong>ac</strong></span> <span class='ocrx_word' id='word_1_707' title='bbox 1712 5599 1935 5633; x_wconf 74' lang='lat' dir='ltr'><strong>V‘ll‘tuus</strong></span> <span class='ocrx_word' id='word_1_708' title='bbox 1960 5599 2151 5645; x_wconf 78' lang='lat' dir='ltr'><strong>opera,</strong></span> 
     </span>
     <span class='ocr_line' id='line_1_108' title="bbox 589 5599 2153 5726; baseline -0.005 -19"><span class='ocrx_word' id='word_1_709' title='bbox 589 5599 740 5709; x_wconf 64' lang='lat' dir='ltr'><strong>verm</strong></span> <span class='ocrx_word' id='word_1_710' title='bbox 760 5669 962 5726; x_wconf 81' lang='lat' dir='ltr'><strong>corpus</strong></span> <span class='ocrx_word' id='word_1_711' title='bbox 1005 5653 1246 5710; x_wconf 87' lang='lat' dir='ltr'><strong>hominis</strong></span> <span class='ocrx_word' id='word_1_712' title='bbox 1268 5650 1559 5724; x_wconf 87' lang='lat' dir='ltr'><strong>spiritalis;</strong></span> <span class='ocrx_word' id='word_1_713' title='bbox 1601 5650 1781 5721; x_wconf 71' lang='lat' dir='ltr'><strong>ipsum</strong></span> <span class='ocrx_word' id='word_1_714' title='bbox 1809 5646 2153 5705; x_wconf 74' lang='lat' dir='ltr'><strong>intellectum</strong></span> 
     </span>
    </p>
   </div>
   <div class='ocr_carea' id='block_1_108' title="bbox 2263 4802 3828 4890">
    <p class='ocr_par' dir='ltr' id='par_1_108' title="bbox 2263 4802 3828 4890">
     <span class='ocr_line' id='line_1_109' title="bbox 2263 4802 3828 4890; baseline -0.037 -16"><span class='ocrx_word' id='word_1_715' title='bbox 2263 4836 2362 4890; x_wconf 85' lang='grc' dir='ltr'><strong>σης</strong></span> <span class='ocrx_word' id='word_1_716' title='bbox 2403 4813 2774 4886; x_wconf 82' lang='grc' dir='ltr'><strong>εὐχαριστίας,</strong></span> <span class='ocrx_word' id='word_1_717' title='bbox 2804 4811 2905 4865; x_wconf 81' lang='grc' dir='ltr'><strong>οὐκ</strong></span> <span class='ocrx_word' id='word_1_718' title='bbox 2952 4806 3276 4872; x_wconf 77' lang='grc' dir='ltr'><strong>ἐξοικίζεται</strong></span> <span class='ocrx_word' id='word_1_719' title='bbox 3331 4805 3599 4875; x_wconf 69' lang='grc' dir='ltr'><strong>τῆςνκατν</strong></span> <span class='ocrx_word' id='word_1_720' title='bbox 3636 4802 3828 4874; x_wconf 57' lang='grc' dir='ltr'><strong>ἀρετὴν</strong></span> 
     </span>
    </p>
   </div>
   <div class='ocr_carea' id='block_1_109' title="bbox 2262 4898 3828 4979">
    <p class='ocr_par' dir='ltr' id='par_1_109' title="bbox 2262 4898 3828 4979">
     <span class='ocr_line' id='line_1_110' title="bbox 2262 4898 3828 4979; baseline -0.01 -13"><span class='ocrx_word' id='word_1_721' title='bbox 2262 4911 2428 4979; x_wconf 76' lang='grc' dir='ltr'><strong>ἐξεώς</strong></span> <span class='ocrx_word' id='word_1_722' title='bbox 2450 4926 2510 4963; x_wconf 88' lang='grc' dir='ltr'><strong>τε</strong></span> <span class='ocrx_word' id='word_1_723' title='bbox 2543 4908 2636 4961; x_wconf 79' lang='grc' dir='ltr'><strong>καὶ</strong></span> <span class='ocrx_word' id='word_1_724' title='bbox 2663 4906 2905 4977; x_wconf 84' lang='grc' dir='ltr'><strong>χάριτος,</strong></span> <span class='ocrx_word' id='word_1_725' title='bbox 2934 4904 3009 4965; x_wconf 84' lang='grc' dir='ltr'><strong>ὡς</strong></span> <span class='ocrx_word' id='word_1_726' title='bbox 3035 4900 3283 4955; x_wconf 80' lang='grc' dir='ltr'><strong>ὑπελθὼν</strong></span> <span class='ocrx_word' id='word_1_727' title='bbox 3310 4899 3574 4960; x_wconf 79' lang='grc' dir='ltr'><strong>ἑκουσίως</strong></span> <span class='ocrx_word' id='word_1_728' title='bbox 3620 4899 3715 4952; x_wconf 70' lang='grc' dir='ltr'><strong>τὸν</strong></span> <span class='ocrx_word' id='word_1_729' title='bbox 3740 4898 3828 4964; x_wconf 76' lang='grc' dir='ltr'><strong>ζυ-</strong></span> 
     </span>
    </p>
   </div>
   <div class='ocr_carea' id='block_1_110' title="bbox 2262 4988 3824 5070">
    <p class='ocr_par' dir='ltr' id='par_1_110' title="bbox 2262 4988 3824 5070">
     <span class='ocr_line' id='line_1_111' title="bbox 2262 4988 3824 5070; baseline -0.009 -15"><span class='ocrx_word' id='word_1_730' title='bbox 2262 5001 2358 5070; x_wconf 86' lang='grc' dir='ltr'><strong>γδν</strong></span> <span class='ocrx_word' id='word_1_731' title='bbox 2380 4996 2643 5070; x_wconf 83' lang='grc' dir='ltr'><strong>βασιλέως</strong></span> <span class='ocrx_word' id='word_1_732' title='bbox 2682 4992 3028 5058; x_wconf 77' lang='grc' dir='ltr'><strong>Βαϐυλῶνος,</strong></span> <span class='ocrx_word' id='word_1_733' title='bbox 3059 4992 3154 5045; x_wconf 58' lang='grc' dir='ltr'><strong>κοιλ⁵</strong></span> <span class='ocrx_word' id='word_1_734' title='bbox 3178 4991 3255 5054; x_wconf 83' lang='grc' dir='ltr'><strong>ὡς</strong></span> <span class='ocrx_word' id='word_1_735' title='bbox 3291 4991 3456 5062; x_wconf 75' lang='grc' dir='ltr'><strong>χρέος</strong></span> <span class='ocrx_word' id='word_1_736' title='bbox 3519 4988 3824 5051; x_wconf 77' lang='grc' dir='ltr'><strong>ἀποτιννῦς,</strong></span> 
     </span>
    </p>
   </div>
   <div class='ocr_carea' id='block_1_111' title="bbox 2261 5078 3828 5158">
    <p class='ocr_par' dir='ltr' id='par_1_111' title="bbox 2261 5078 3828 5158">
     <span class='ocr_line' id='line_1_112' title="bbox 2261 5078 3828 5158; baseline -0.009 -13"><span class='ocrx_word' id='word_1_737' title='bbox 2261 5092 2363 5154; x_wconf 74' lang='grc' dir='ltr'><strong>τὰς</strong></span> <span class='ocrx_word' id='word_1_738' title='bbox 2399 5089 2507 5143; x_wconf 85' lang='grc' dir='ltr'><strong>τῶν</strong></span> <span class='ocrx_word' id='word_1_739' title='bbox 2542 5087 2790 5158; x_wconf 84' lang='grc' dir='ltr'><strong>βασάνων</strong></span> <span class='ocrx_word' id='word_1_740' title='bbox 2814 5082 3086 5153; x_wconf 77' lang='grc' dir='ltr'><strong>ἐπιφοράς</strong></span> <span class='ocrx_word' id='word_1_741' title='bbox 3116 5081 3550 5151; x_wconf 80' lang='grc' dir='ltr'><strong>καταδεχόμενος</strong></span> <span class='ocrx_word' id='word_1_742' title='bbox 3578 5097 3598 5111; x_wconf 75' lang='grc' dir='ltr'><strong>ο</strong></span> <span class='ocrx_word' id='word_1_743' title='bbox 3629 5078 3746 5133; x_wconf 76' lang='grc' dir='ltr'><strong>ἀλλ’</strong></span> <span class='ocrx_word' id='word_1_744' title='bbox 3773 5080 3828 5131; x_wconf 81' lang='grc' dir='ltr'><strong>ἐν</strong></span> 
     </span>
    </p>
   </div>
   <div class='ocr_carea' id='block_1_112' title="bbox 2264 5168 3829 5251">
    <p class='ocr_par' dir='ltr' id='par_1_112' title="bbox 2264 5168 3829 5251">
     <span class='ocr_line' id='line_1_113' title="bbox 2264 5168 3829 5251; baseline -0.012 -12"><span class='ocrx_word' id='word_1_745' title='bbox 2264 5184 2455 5245; x_wconf 74' lang='grc' dir='ltr'><strong>αὑταῖς</strong></span> <span class='ocrx_word' id='word_1_746' title='bbox 2478 5179 2678 5251; x_wconf 75' lang='grc' dir='ltr'><strong>μένων,</strong></span> <span class='ocrx_word' id='word_1_747' title='bbox 2704 5176 2849 5230; x_wconf 83' lang='grc' dir='ltr'><strong>τελεί</strong></span> <span class='ocrx_word' id='word_1_748' title='bbox 2875 5175 2952 5245; x_wconf 80' lang='grc' dir='ltr'><strong>τῷ</strong></span> <span class='ocrx_word' id='word_1_749' title='bbox 2977 5173 3075 5245; x_wconf 73' lang='grc' dir='ltr'><strong>μὲν</strong></span> <span class='ocrx_word' id='word_1_750' title='bbox 3102 5172 3311 5244; x_wconf 82' lang='grc' dir='ltr'><strong>βασιλεῖ</strong></span> <span class='ocrx_word' id='word_1_751' title='bbox 3338 5170 3680 5235; x_wconf 72' lang='grc' dir='ltr'><strong>Βαϐυλῶνος,</strong></span> <span class='ocrx_word' id='word_1_752' title='bbox 3709 5168 3829 5229; x_wconf 72' lang='grc' dir='ltr'><strong>τοὺς</strong></span> 
     </span>
    </p>
   </div>
   <div class='ocr_carea' id='block_1_113' title="bbox 2266 5258 3829 5345">
    <p class='ocr_par' dir='ltr' id='par_1_113' title="bbox 2266 5258 3829 5345">
     <span class='ocr_line' id='line_1_114' title="bbox 2266 5258 3829 5345; baseline -0.012 -10"><span class='ocrx_word' id='word_1_753' title='bbox 2266 5282 2330 5334; x_wconf 88' lang='grc' dir='ltr'><strong>ἐκ</strong></span> <span class='ocrx_word' id='word_1_754' title='bbox 2351 5278 2445 5332; x_wconf 87' lang='grc' dir='ltr'><strong>τοῦ</strong></span> <span class='ocrx_word' id='word_1_755' title='bbox 2468 5270 2713 5342; x_wconf 87' lang='grc' dir='ltr'><strong>παθητοῦ</strong></span> <span class='ocrx_word' id='word_1_756' title='bbox 2736 5272 2835 5343; x_wconf 88' lang='grc' dir='ltr'><strong>τῆς</strong></span> <span class='ocrx_word' id='word_1_757' title='bbox 2868 5271 3085 5341; x_wconf 85' lang='grc' dir='ltr'><strong>φύσεως</strong></span> <span class='ocrx_word' id='word_1_758' title='bbox 3117 5267 3326 5340; x_wconf 87' lang='grc' dir='ltr'><strong>βιαίους</strong></span> <span class='ocrx_word' id='word_1_759' title='bbox 3359 5266 3585 5332; x_wconf 80' lang='grc' dir='ltr'><strong>πόνους,</strong></span> <span class='ocrx_word' id='word_1_760' title='bbox 3618 5265 3712 5345; x_wconf 73' lang='grc' dir='ltr'><strong>καὶ</strong></span> <span class='ocrx_word' id='word_1_761' title='bbox 3734 5258 3829 5332; x_wconf 75' lang='grc' dir='ltr'><strong>τὴν</strong></span> 
     </span>
    </p>
   </div>
   <div class='ocr_carea' id='block_1_114' title="bbox 2257 5495 3832 5570">
    <p class='ocr_par' dir='ltr' id='par_1_114' title="bbox 2257 5495 3832 5570">
     <span class='ocr_line' id='line_1_115' title="bbox 2257 5495 3832 5570; baseline -0.009 -11"><span class='ocrx_word' id='word_1_762' title='bbox 2257 5515 2314 5559; x_wconf 93' lang='lat' dir='ltr'><strong>et</strong></span> <span class='ocrx_word' id='word_1_763' title='bbox 2334 5496 2874 5570; x_wconf 84' lang='lat' dir='ltr'><strong>contemplationem,</strong></span> <span class='ocrx_word' id='word_1_764' title='bbox 2900 5496 3055 5570; x_wconf 78' lang='lat' dir='ltr'><strong>velut</strong></span> <span class='ocrx_word' id='word_1_765' title='bbox 3082 5495 3322 5551; x_wconf 82' lang='lat' dir='ltr'><strong>animam</strong></span> <span class='ocrx_word' id='word_1_766' title='bbox 3344 5533 3359 5561; x_wconf 91' lang='lat'><strong>,</strong></span> <span class='ocrx_word' id='word_1_767' title='bbox 3395 5508 3519 5565; x_wconf 70' lang='lat' dir='ltr'><strong>quae</strong></span> <span class='ocrx_word' id='word_1_768' title='bbox 3544 5508 3604 5550; x_wconf 89' lang='lat' dir='ltr'><strong>se</strong></span> <span class='ocrx_word' id='word_1_769' title='bbox 3641 5499 3832 5548; x_wconf 82' lang='lat' dir='ltr'><strong>mutuo</strong></span> 
     </span>
    </p>
   </div>
   <div class='ocr_carea' id='block_1_115' title="bbox 2260 5567 3231 5645">
    <p class='ocr_par' dir='ltr' id='par_1_115' title="bbox 2260 5567 3231 5645">
     <span class='ocr_line' id='line_1_116' title="bbox 2260 5567 3231 5645; baseline -0.007 -15"><span class='ocrx_word' id='word_1_770' title='bbox 2260 5573 2327 5630; x_wconf 87' lang='lat' dir='ltr'><strong>ad</strong></span> <span class='ocrx_word' id='word_1_771' title='bbox 2354 5572 2476 5645; x_wconf 87' lang='lat' dir='ltr'><strong>ejus</strong></span> <span class='ocrx_word' id='word_1_772' title='bbox 2506 5567 2902 5642; x_wconf 76' lang='lat' dir='ltr'><strong>perfectionem</strong></span> <span class='ocrx_word' id='word_1_773' title='bbox 2929 5567 3231 5640; x_wconf 80' lang='lat' dir='ltr'><strong>indigeant.</strong></span> 
     </span>
    </p>
   </div>
   <div class='ocr_carea' id='block_1_116' title="bbox 4004 87 4024 179">
    <p class='ocr_par' dir='ltr' id='par_1_116' title="bbox 4004 87 4024 179">
     <span class='ocr_line' id='line_1_117' title="bbox 4004 87 4024 179; baseline 0 0"><span class='ocrx_word' id='word_1_774' title='bbox 4004 87 4024 179; x_wconf 81' lang='lat' dir='ltr'>J</span> 
     </span>
    </p>
   </div>
  </div>
