4062 6198
303 288 446 354 1217

1012 293 1344 356 CAPITUM
1385 297 1808 370 QUINQUIES
1847 303 2366 371 CENTENORUM
2405 311 2790 376 CENTURIA
2830 318 2879 377 Ι.

3430 325 3565 393 1213

295 406 382 468 ἐπ’
408 403 591 466 αὐτοῖς
622 405 762 458 κατά
786 404 1024 460 διάνοιαν
1056 409 1132 473 ὡς
1153 410 1443 482 ὀφειλέτης
1471 416 1649 469 αὐτῶν
1673 419 1757 470 διὰ
1777 418 1854 472 τὰ.

295 491 672 513 ---Ὶμε-.⁶ᾼμ,
774 495 790 513 κ
961 497 978 513 \
1025 500 1037 513 ι
1395 505 1439 513 ..ι
1723 509 1746 513 ..
1825 511 1854 513 κ.

1981 433 2178 480 natura
2211 428 2420 495 patibili
2454 445 2519 485 ac
2567 431 2828 500 obnoxia,
2862 434 3102 502 labores,
3145 441 3460 513 mentisque
3506 447 3564 501 in

291 491 672 563 προλαϐοῦσας
732 495 1125 566 πλημμελείας,
1165 505 1564 568 συγκατάθεσιν
1599 525 1612 535 ·
1679 509 1757 579 τῷ
1816 511 1872 563 δὲ

290 582 431 652 Θεῷ,
468 585 794 656 προσφέρων
834 587 920 642 διὰ
946 589 1201 660 λατρείας
1241 594 1519 666 ἀληθινῆς,
1555 599 1655 668 τῆς
1689 619 1873 653 ταπει·

288 673 385 744 νῆς
412 673 555 742 λέγω
591 676 904 746 διαθέσεως,
927 680 1026 753 τὴν
1068 684 1179 736 τῶν
1215 687 1699 758 παρημελημένων
1729 691 1872 763 διόρο

289 761 479 818 θωσιν.

360 953 473 1022 ιμ’.
509 956 565 1010 Ὀ
586 957 685 1028 τὴν
717 959 860 1013 κατά
888 962 1240 1032 συγχώρησιν
1259 965 1395 1019 Θεοῦ
1423 970 1558 1039 πρὸς
1580 973 1869 1042 διόρθωσιν

284 1045 633 1117 ἐπαγομένην
659 1048 808 1118 αὐτῷ
835 1048 922 1104 διά
949 1051 1058 1104 τῶν
1081 1053 1349 1108 ἀκουσίων
1379 1060 1702 1129 πειρασμῶν
1729 1079 1869 1130 συμ-

284 1136 486 1208 φορὰν,
515 1138 856 1209 εὐχαρίστως
916 1142 990 1212 μὴ
1047 1145 1479 1216 καταδεχόμενος
1515 1151 1608 1202 καὶ
1649 1152 1747 1221 τὴν
1773 1153 1868 1205 ἐπὶ

281 1227 364 1298 τῷ
386 1227 561 1281 δοκεῖν
589 1228 797 1294 δίκαιος
822 1227 980 1300 εἶναι,
1019 1237 1342 1303 μεταγνοὺς,
1363 1240 1460 1292 οὐκ
1479 1241 1867 1311 ἀποτιθέμενος

280 1319 483 1388 οἴησιν,
510 1318 586 1382 ὡς
632 1323 746 1384 τοῖς
781 1320 947 1384 θείοις
973 1325 1082 1378 τῶν
1125 1326 1352 1381 δικαίων
1404 1333 1689 1401 κριμάτων
1720 1335 1868 1386 ἀντι-

282 1407 498 1463 πίπτων
527 1408 886 1481 θεσπίσμασι.
918 1414 1013 1467 καί
1038 1416 1112 1486 μὴ
1145 1419 1577 1489 καταδεχόμενος
1601 1425 1866 1488 ἑκουσίως

281 1495 390 1549 ὑπὸ
409 1497 498 1575 τόν
521 1496 682 1564 ζυγὸν
699 1498 949 1566 γενέσθαι
977 1502 1070 1555 τοῦ
1095 1505 1361 1574 βασιλέως
1393 1509 1708 1575 Βαϐυλῶνος
1726 1514 1865 1567 κατά

279 1587 382 1658 τὴν
403 1573 553 1642 θείαν
573 1589 857 1663 διαταγὴν,
883 1595 962 1657 εἰς
979 1573 1356 1666 αἰχμαλωσίαν
1384 1573 1753 1672 παραδίδοταισ
1773 1607 1864 1659 καὶ

279 1679 498 1743 κλοιοῦς
521 1680 613 1733 καὶ
638 1681 813 1752 δεσμά
838 1686 932 1737 καὶ
957 1685 1143 1757 λοιμὸν
1177 1691 1272 1742 καὶ
1299 1690 1526 1748 θάνατον
1551 1696 1642 1747 καὶ
1667 1699 1864 1766 μάχαι-

1981 528 2077 568 eos
2108 529 2459 583 consensum,
2496 528 2758 591 tanquam
2805 540 3002 580 eorum
3038 543 3187 594 reus,
3221 529 3292 584 ob
3322 547 3410 595 ea,
3440 550 3566 601 qua

1974 603 2088 673 jam
2130 606 2208 660 illi
2235 607 2438 664 delicta
2466 613 2759 668 commissa
2790 624 2940 680 sunt,
2975 618 3086 672 Deo
3127 629 3313 674 autem
3342 638 3442 691 per
3464 641 3563 681 ve-

1979 712 2102 750 rum
2131 699 2342 754 cultum
2388 703 2797 773 etobsequium
2833 707 3122 775 (humilem
3155 711 3365 766 scilicet
3387 715 3564 771 animi

1979 806 2201 847 sensum
2229 805 2284 848 et
2326 797 2699 867 affectionem)
2737 800 3071 858 delictorum
3110 806 3274 861 oﬂert
3302 810 3564 864 emenda-

1979 882 2205 938 tionem.

2047 976 2136 1030 9i.
2197 976 2304 1043 Qui
2358 981 2661 1035 secundum
2723 984 2820 1038 Dei
2874 986 3271 1056 indulgentiam
3329 992 3560 1061 ejusque

1974 1067 2272 1134 permissu,
2329 1085 2452 1139 qua:
2514 1071 2858 1129 inducuntur
2910 1079 3314 1135 emendationis
3371 1098 3555 1148 causa,

1974 1158 2344 1214 tentationum
2394 1163 2598 1219 invitos
2646 1167 3044 1236 excipientium
3095 1170 3344 1235 incursu,
3390 1175 3554 1241 mala,

1973 1251 2273 1319 gratiarum
2320 1255 2535 1310 actione
2583 1274 2693 1312 non
2745 1261 3008 1331 suscipit,
3059 1279 3181 1327 nec,
3232 1266 3557 1334 paenitentia

1972 1342 2192 1408 ductus,
2227 1346 2444 1400 inanem
2464 1349 2785 1418 jactantiam
2810 1353 3007 1423 suique
3039 1355 3377 1424 opinionem,
3405 1358 3556 1427 quod

1971 1434 2077 1488 sibi
2104 1437 2291 1506 justus
2318 1438 2589 1505 videatur,
2627 1441 2878 1512 deponit,
2919 1454 3176 1514 tanquam
3222 1449 3316 1517 qui
3350 1449 3554 1504 divinis

1965 1525 2241 1594 justorum
2273 1529 2610 1599 judiciorum
2643 1533 2886 1590 decretis
2926 1538 3193 1605 obsistat;
3223 1557 3325 1595 nec
3356 1552 3552 1612 sponte

1971 1616 2026 1670 in
2057 1619 2301 1673 animum
2337 1621 2583 1687 inducat,
2621 1634 2682 1679 ut
2705 1627 2860 1694 juxta
2889 1629 2986 1682 Dei
3024 1631 3368 1695 mandatum,
3407 1634 3552 1703 regis

1972 1707 2266 1778 Babylonis
2299 1727 2356 1765 se
2380 1713 2510 1782 jugo
2539 1716 2816 1785 subjiciat,
2858 1720 2914 1771 in
2962 1722 3334 1788 captivitatem
3376 1725 3577 1779 tradi?

281 1784 406 1838 ραν,
433 1771 524 1822 καὶ
556 1772 653 1842 τῆς
685 1773 821 1837 ἰδίας
849 1777 1130 1842 παντελῶς
1154 1781 1498 1846 ἀποικίζεται
1529 1786 1653 1855 γῆς.
1681 1789 1854 1842 Πάντα

281 1861 390 1886 μὶ.-
430 1863 598 1886 ..-2--
648 1865 734 1886 ---Ᾱ
782 1869 895 1886 _-v,
1071 1872 1083 1881 ι
1140 1871 1150 1886 ο
1328 1876 1342 1886 .
1412 1876 1437 1886 .-
1617 1882 1628 1886 -
1668 1881 1679 1886 -
1800 1883 1807 1886 _

1969 1809 2080 1860 tur,
2107 1803 2426 1872 catenisque
2451 1813 2506 1858 et
2531 1807 2770 1862 vinculis
2787 1809 2988 1863 etfami
3023 1822 3078 1866 et
3099 1813 3221 1866 neci
3256 1815 3549 1886 gladioque

276 1861 392 1931 γὰρ
428 1863 622 1926 ταῦτα,
647 1865 740 1918 καὶ
777 1869 983 1922 τούτων
1029 1871 1247 1926 πλείονα
1269 1914 1284 1938 ,
1319 1876 1347 1927 ὀ
1378 1876 1478 1946 τῆς
1510 1882 1629 1932 κατ’
1656 1881 1859 1952 ἀρετὴν

277 1955 377 2006 καὶ
393 1955 590 2022 γνῶσιν
625 1957 699 2020 ὼς
727 1957 860 2022 ἰδίας
881 1962 983 2032 γῆς
1009 1963 1410 2036 ἐξοικιζόμενος
1431 1959 1852 2044 ἕξεωςπάσχει·

275 2044 368 2098 διὰ
393 2047 453 2099 τὸ
481 2047 553 2119 μὴ
581 2048 752 2102 θέλειν
777 2052 939 2107 αὐτὸν
973 2054 1033 2118 ἐξ
1058 2055 1438 2128 ὑπερηφανίας
1488 2063 1582 2118 καὶ
1621 2068 1856 2135 ματαίας

273 2135 511 2208 οἰήσεως
547 2140 644 2202 τάς
679 2139 869 2210 ὲφ“οἷς
908 2145 1334 2219 ἐπλημμέλησεν
1375 2152 1621 2218 ἐκτιννὺς
1678 2156 1856 2222 δίκας,

275 2228 338 2279 ἐν
370 2227 613 2298 θλίψεσιν
661 2232 955 2304 εὐδοκῆσαι
1007 2240 1100 2291 καὶ
1144 2242 1412 2309 ἀνάγκαις
1458 2246 1551 2297 καὶ
1595 2264 1862 2317 στενοχωο

1967 1891 2263 1956 addicitur,
2321 1903 2487 1964 atque
2538 1899 2765 1953 omnino
2826 1903 3000 1970 patria
3051 1904 3385 1975 sedibusque
3435 1909 3550 1962 suis

1964 1982 2205 2052 ejicitur.
2230 1983 2356 2040 Haec
2391 1988 2538 2040 enim
2563 1991 2770 2055 omnia,
2807 2002 2973 2060 atque
3005 1993 3092 2048 bis
3122 1995 3277 2063 plura
3314 1998 3548 2065 patitur,

1965 2074 2058 2142 qui
2091 2075 2242 2128 velut
2261 2083 2402 2130 terra
2426 2093 2545 2142 sua,
2564 2079 2789 2134 virtutis
2806 2082 3159 2152 scientiaeque
3182 2085 3372 2140 habitu
3399 2087 3549 2141 able-

1961 2172 2156 2232 gatur;
2187 2165 2334 2234 quod
2359 2167 2621 2221 nimirum
2647 2185 2761 2238 prae
2786 2171 3067 2239 superbia,
3110 2173 3370 2242 inanique
3403 2175 3540 2229 fastu

1961 2269 2024 2308 ac
2064 2258 2352 2326 jactantia,
2382 2268 2739 2328 peccatorum
2788 2263 2949 2318 luens
3001 2280 3211 2333 pmnas,
3257 2267 3394 2321 nolit
3439 2267 3547 2322 sibi

277 2318 426 2390 ρίαις
463 2321 605 2373 κατά
631 2322 722 2375 τὸν
758 2323 901 2378 θεῖον
947 2328 1290 2387 ’Λπόστολον.
1319 2335 1471 2405 ’ᾘδει
1494 2336 1602 2407 γὰρ
1627 2339 1654 2390 ό
1687 2343 1854 2408 μέγας

1959 2318 2113 2416 juxta
2148 2318 2399 2408 divinum
2441 2349 2768 2419 Apostolum
2820 2353 2864 2384 ⁸³
2912 2353 2967 2406 in
3003 2318 3455 2409 tribulationibus
3490 2366 3547 2410 et

291 2409 633 2473 ’Λπόστολος,
655 2411 993 2486 φυλακτικὴν
1010 2418 1118 2471 τῶν
1143 2421 1300 2474 θείων
1319 2425 1455 2476 κατά
1472 2426 1646 2496 ψυχὴν
1661 2429 1862 2498 θησαυ-

279 2499 390 2568 ρῶν
407 2499 776 2570 ὑπάρχουσαν,
795 2508 892 2577 τὴν
910 2509 1063 2572 ἐκτὸς
1077 2514 1204 2582 περὶ
1221 2513 1280 2565 τὸ
1293 2515 1451 2584 σῶμα
1464 2523 1861 2592 συνισταμένην

273 2587 365 2640 διὰ
384 2588 491 2642 τῶν
519 2590 696 2645 πόνων
723 2597 1072 2649 ταπείνωσινο
1104 2603 1196 2652 καὶ
1214 2601 1299 2654 διὰ
1318 2602 1474 2656 τοῦτο
1498 2607 1740 2676 στέργων
1763 2609 1860 2660 ὑπ·

275 2677 458 2748 έμενε,
481 2683 571 2734 καὶ
595 2682 680 2736 διὰ
699 2685 909 2752 ἑαυτὸν,
930 2689 1022 2739 καὶ
1044 2690 1168 2753 τοὺς
1190 2686 1270 2755 οἷς
1292 2694 1490 2765 ἀρετῆς
1508 2697 1600 2748 καὶ
1625 2697 1860 2763 πίστεως

275 2771 562 2840 προέκειτο
596 2775 781 2839 τύπος·
809 2777 892 2831 ἵνα
910 2778 1011 2833 xiv
1041 2781 1114 2844 ὡς
1134 2782 1424 2838 ὑπεύθυνοι
1446 2789 1694 2857 πάσχωσι
1720 2792 1860 2844 κατά

275 2865 366 2920 τὸν
415 2865 807 2939 ἐπιτιμηθέντα
859 2873 1164 2942 Κορίνθιον,
1224 2878 1302 2939 εἰς
1333 2882 1672 2951 παρηγορίαν
1696 2883 1859 2951 ἔχωσι

276 2959 370 3011 καὶ
421 2959 697 3031 ὑπομονῆς
730 2963 962 3033 μίμησιν
991 2966 1080 3018 τὸν
1111 2970 1416 3034 ἀνευθύνως
1453 2974 1751 3044 πάσχοντα.

1960 2440 2386 2494 necessitatibus
2435 2451 2490 2494 et
2534 2443 2802 2511 angusti-is
2858 2443 3097 2512 placere,
3150 2460 3247 2498 seu
3306 2444 3436 2498 boni
3487 2453 3546 2498 et

1960 2529 2102 2598 aequi
2144 2531 2262 2585 haec
2287 2531 2510 2586 ducere.
2537 2533 2650 2587 Nec
2681 2534 2832 2587 enim
2879 2535 3086 2588 latebat.
3111 2551 3368 2606 magnum
3397 2535 3542 2604 Apo-

1962 2619 2194 2679 stolum,
2223 2636 2345 2688 quae
2385 2622 2631 2676 exterius
2660 2623 2807 2676 circa
2841 2635 3041 2693 corpus
3075 2626 3174 2694 per
3195 2625 3412 2679 labores
3442 2625 3544 2679 hu-

1962 2707 2168 2762 militas
2205 2709 2497 2775 conflatur,
2536 2711 2811 2780 ejusmodi
2851 2727 2992 2776 esse,
3028 2723 3087 2766 ut
3123 2729 3222 2781 per
3245 2729 3365 2767 eam
3397 2713 3540 2767 divi—

1961 2799 2048 2853 nis
2083 2799 2136 2853 in
2173 2801 2358 2854 animo
2415 2801 2690 2855 thesauris
2734 2803 2909 2871 probe
2962 2812 3245 2857 caveatur.
3294 2805 3541 2873 Eamque

1961 2886 2032 2942 ob
2063 2903 2174 2942 rem
2206 2889 2380 2943 libens
2412 2891 2742 2954 sustinebat,
2777 2901 2893 2946 tum
2921 2893 3004 2946 sui
3052 2893 3168 2962 ipse
3202 2895 3397 2962 gratia,
3424 2905 3538 2949 tum

1961 2992 2154 3031 eorum
2200 2978 2404 3047 quibus
2452 2979 2676 3033 virtutis
2724 2996 2786 3034 ac
2825 2980 2952 3034 ﬁdei
2987 2997 3180 3036 norma
3223 2983 3541 3051 propositus

273 3056 428 3116 erat;
463 3060 522 3103 ut
552 3053 636 3108 vel
675 3071 897 3109 reorum
939 3073 1090 3112 more
1123 3062 1416 3130 patientes,
1442 3067 1591 3120 velut
1625 3067 1716 3120 ille
1746 3066 2067 3122 Corinthius
2127 3070 2172 3100 "
2237 3071 2423 3124 multae
2487 3071 2744 3126 addictus
2780 3080 2946 3141 atque
2993 3073 3242 3141 punitus,
3284 3074 3538 3129 consola-

272 3145 445 3200 tionis
463 3158 785 3218 argumento
811 3151 1243 3224 aemulaudaaque
1275 3158 1556 3226 patientiae
1589 3175 1716 3215 eum
1749 3160 2039 3224 haberent,
2067 3160 2225 3232 533
2257 3162 2352 3231 qui
2378 3170 2434 3216 et
2453 3162 2643 3217 insons
2677 3163 3012 3233 patiebatur.

345 3239 452 3310 ιιβό
498 3241 558 3294 Ὀ
595 3242 670 3314 μὴ
714 3245 826 3310 τοῖς
853 3252 1096 3319 σχήμασι
1130 3254 1238 3308 τῶν
1266 3253 1476 3324 ὁρατῶν
1503 3254 1851 3322 ἐναπομένων

2027 3255 2115 3310 92.
2148 3255 2251 3322 Qui
2278 3271 2475 3311 sensus
2516 3256 2764 3320 libidine,
2792 3272 2979 3310 rerum
3008 3258 3310 3313 visibilium
3349 3258 3538 3330 ﬁguris

271 3332 360 3385 διὰ
386 3334 484 3404 τὴν
522 3333 796 3406 αἴσθησιν,
829 3338 966 3392 ἀλλά
994 3341 1134 3395 κατά
1156 3343 1280 3395 νοῦν
1311 3344 1434 3407 τοὺς
1464 3344 1655 3412 λόγους
1677 3344 1854 3398 αὐτῶν

273 3423 578 3494 ἀναζητῶν,
607 3425 682 3490 ὡς
711 3428 916 3499 νοητῶν
944 3430 1148 3497 τύπους
1178 3434 1248 3504 (υ)
1282 3434 1312 3504 ἢ
1345 3433 1538 3502 λόγους
1581 3435 1855 3506 αἰσθητῶν

273 3513 547 3587 θεώμενος
593 3521 929 3590 κτισμάτων,
988 3524 1139 3577 οὐδὲν
1195 3526 1506 3598 ἀκάθαρτον
1560 3524 1699 3582 εἶναι
1746 3529 1854 3582 τῶν

269 3607 566 3677 ὁρωμένων
595 3609 908 3667 διδάσκεται
936 3629 952 3645 ⁶
991 3616 1168 3672 πάντα
1202 3616 1312 3688 γὰρ
1341 3616 1501 3686 φύσει
1549 3619 1687 3672 καλά
1735 3619 1853 3672 λίαν

270 3700 631 3774 καθέστηκεν.

343 3796 454 3865 ια’.
490 3801 507 3820 ⁶
547 3799 604 3851 '0
626 3801 692 3870 τῇ
719 3803 932 3874 κινήσει
960 3799 1068 3857 τῶν
1092 3804 1367 3876 αἰσθητῶν
1399 3807 1475 3878 μὴ
1510 3783 1858 3863 συναλλοιούέ

276 3902 456 3956 μενος,
487 3887 778 3960 ἀκίϐδηλον
796 3892 894 3966 τὴν
913 3893 1025 3949 τῶν
1051 3895 1260 3964 ἀρετῶν
1285 3897 1607 3968 μετέρχεται
1630 3897 1848 3970 πρᾶξιν.

283 3977 343 4033 Ὀ
371 3979 428 4032 δὲ
450 3983 563 4058 τοῖς
596 3982 775 4036 αὐτῶν
813 3985 1056 4055 σχήμασι
1091 3986 1167 4058 μὴ
1209 3987 1553 4052 διατυπώσας
1583 3990 1672 4043 τὸν
1701 3991 1847 4057 νοῦν,

271 4071 370 4143 τὴν
415 4073 590 4146 ἀληθῆ
642 4077 754 4129 τῶν
811 4078 978 4133 ὄντων
1031 4080 1301 4150 ἀπείληφε
1344 4081 1523 4148 δόξαν.
1577 4085 1634 4138 Ὅ
1668 4085 1725 4138 δὲ
1758 4088 1849 4141 καὶ

271 4163 442 4234 αὐτὴν
472 4166 570 4236 τὴν
596 4168 785 4220 οὐσίαν
804 4167 914 4222 τῶν
932 4171 1102 4224 ὄντων
1121 4173 1188 4242 τῇ
1216 4171 1425 4244 διανοίᾳ
1448 4173 1847 4245 παραδραμὼν,

271 4256 346 4318 ὡς
400 4256 622 4328 ἀριστος
672 4258 940 4330 θεολόγος,
995 4263 1138 4334 μετά
1190 4262 1394 4334 ταύτην
1442 4266 1735 4335 ἀγνώστως
1780 4271 1846 4340 τῇ

273 4348 460 4417 μονάδι
481 4351 808 4421 προσέϐαλε.

339 4527 441 4594 κδ’.
479 4530 516 4548 “
548 4530 664 4594 Πᾶς
694 4531 1026 4604 θεωρητικὸς
1056 4532 1200 4599 νοῦς,
1235 4534 1376 4606 ἔχων
1418 4535 1518 4605 τὴν
1571 4536 1847 4615 μάχαιραν

266 4616 360 4671 τοῦ
387 4621 719 4692 πνεύματος,
751 4624 780 4676 ὅ
809 4625 928 4687 ἐστι
955 4626 1107 4696 ῥῆμα
1136 4625 1292 4690 Θεοῦ,
1316 4629 1373 4680 ὲν
1394 4628 1573 4700 ἑαυτῷ
1596 4629 1692 4701 τῆς
1715 4647 1842 4699 φαι-

266 4711 501 4784 νομένης
538 4713 770 4779 κτίσεως
817 4715 1145 4783 ἀποκτείνας
1191 4718 1290 4792 τὴν
1345 4719 1580 4792 κίνησιν,
1625 4721 1844 4793 κατώρ-

269 4803 442 4859 θωσεν
474 4807 678 4877 ἀρετήν
708 4821 734 4839 ··
765 4809 994 4862 καὶτῶν
1025 4810 1300 4883 αἰσθητῶν
1327 4812 1625 4884 σχημάτων
1645 4813 1842 4867 ἑαυτοῦ

266 4897 366 4968 τὴν
411 4898 716 4968 φαντασίαν
759 4899 1073 4972 ἀποτεμὼν,
1117 4901 1218 4973 τὴν
1269 4904 1330 4957 ἐν
1372 4906 1486 4967 τοῖς
1533 4903 1711 4973 λόγοις
1732 4905 1842 4959 τῶν

1957 3361 2070 3400 non
2101 3346 2450 3412 immoratur,
2493 3347 2590 3402 sed
2631 3363 2823 3401 earum
2861 3356 3044 3403 mente
3075 3350 3317 3404 rationes
3345 3354 3537 3420 exqui-

1955 3436 2049 3501 rit,
2094 3446 2355 3507 tanquam
2403 3437 2499 3507 qui
2534 3437 2938 3492 intellectilium
2974 3439 3197 3504 formas,
3239 3450 3335 3496 aut
3361 3444 3536 3498 sensi-

1954 3528 2088 3582 lium
2118 3538 2432 3583 creatorum
2463 3529 2708 3582 rationes
2737 3536 3087 3593 contueatur,
3136 3531 3275 3585 nihil
3315 3532 3369 3585 in
3423 3532 3536 3589 illis

1954 3635 2076 3688 quae
2109 3621 2287 3675 oculis
2336 3633 2688 3688 usurpamus,
2733 3619 3078 3674 immundum
3126 3637 3250 3676 esse
3281 3623 3530 3680 docetur.

1952 3709 2163 3765 Cuncta
2191 3711 2340 3766 enim
2374 3718 2572 3764 natura
2601 3709 2759 3763 valde
2789 3709 2933 3764 bona
2965 3711 3240 3767 exsistunt
3273 3713 3339 3766 ³⁸.

2021 3801 2112 3856 93.
2143 3799 2248 3866 Qui
2269 3817 2377 3855 una
2404 3816 2527 3856 cum
2562 3816 2746 3854 rerum
2772 3801 3059 3856 sensilium
3091 3814 3243 3857 motu
3269 3818 3378 3858 non
3406 3819 3529 3858 mu-

1952 3900 2120 3959 tatur,
2154 3893 2364 3949 aliusve
2407 3908 2475 3947 ex
2522 3892 2631 3946 alio
2671 3892 2931 3958 efﬁcitur,
2967 3893 3014 3948 is
3037 3909 3224 3947 veram
3261 3895 3529 3951 virtutum

1951 3982 2228 4037 actionem
2273 3982 2430 4036 colit.
2465 3979 2570 4046 Qui
2601 3996 2734 4036 vero
2762 3997 2954 4036 eorum
2990 3982 3180 4054 ﬁguris
3209 3984 3392 4040 animo
3414 4002 3524 4042 non

1949 4075 2237 4142 formatur,
2267 4092 2456 4131 veram
2499 4076 2568 4132 de
2606 4075 2774 4131 rebus
2810 4086 3008 4132 nactus
3053 4085 3138 4132 est
3185 4079 3525 4148 Opinionem.

1949 4168 2054 4236 Qui
2092 4180 2276 4225 autem
2313 4170 2486 4240 ipsam
2527 4184 2714 4226 rerum
2754 4169 3048 4224 essentiam
3088 4169 3278 4225 subtili
3324 4171 3527 4228 intelli-

1949 4264 2132 4334 gentia
2153 4272 2575 4334 praetergressus
2609 4272 2716 4328 est,
2752 4272 3011 4331 tanquam
3034 4262 3276 4332 optimus
3311 4263 3525 4326 theolo-

1948 4371 2068 4426 gus,
2108 4355 2290 4428 ignota
2329 4356 2542 4412 ratione
2584 4355 2676 4410 illa
2723 4361 3004 4422 superata,
3034 4355 3277 4410 animum
3323 4355 3522 4410 unitati

1883 4486 1886 4489 -
1948 4448 2168 4518 adjecit.

2021 4543 2108 4598 94.
2147 4542 2301 4597 Mens
2347 4543 2529 4598 omnis
2572 4543 3040 4614 contemplatione
3084 4551 3364 4613 provecta,
3406 4541 3525 4611 gla-

1949 4635 2105 4691 dium
2139 4635 2372 4705 spiritus
2396 4635 2628 4700 habens,
2665 4637 2814 4706 quod
2851 4644 2935 4692 est
2963 4635 3197 4691 verbum
3228 4633 3328 4689 Dei
3362 4634 3428 4696 “,
3465 4633 3520 4686 in

1946 4739 2005 4782 se
2039 4725 2158 4795 ipsa
2190 4735 2479 4796 perempto
2505 4736 2774 4783 creaturae
2795 4728 2974 4783 oculis
3005 4726 3317 4795 conspicua:
3344 4732 3518 4785 motu,

1944 4816 2208 4872 virtutem
2243 4817 2444 4886 adepta
2475 4827 2596 4884 est;
2641 4819 3039 4889 sensiliumque
3072 4820 3370 4888 ﬁgurarum
3395 4832 3427 4871 a
3458 4831 3520 4872 se

1946 4907 2188 4964 abscissa
2227 4908 2584 4979 cogitatione,
2629 4909 2686 4964 in
2730 4925 2917 4964 rerum
2949 4908 3256 4965 rationibus
3283 4907 3518 4979 positam

337 5050 382 5084 ³³
412 5050 459 5107 ll
486 5051 612 5108 Cor.
647 5020 810 5120 νιίι.
887 5054 932 5087 ³⁸
984 5054 1158 5112 lCor.
1194 5047 1246 5124 τ,
1276 5058 1327 5114 5.
1407 5059 1451 5092 ³⁵
1484 5059 1620 5115 Gen.
1651 5076 1689 5127 ι,
1719 5059 1808 5116 Si.

1962 5061 2162 5132 Ephes.
2188 5079 2260 5126 vt,
2287 5063 2375 5122 i7.

330 5193 348 5211 ⁶
376 5187 459 5244 Cf.
491 5189 575 5245 Ad
615 5191 770 5246 Thai.
803 5209 856 5263 q.
891 5195 984 5258 28.

333 5327 406 5399 (υ)
442 5327 847 5404 Τοὺς-λόγους
897 5333 1094 5388 αὐτῶν
1122 5335 1449 5404 ἀναζητῶν,
1501 5338 1580 5402 ὡς
1607 5336 1839 5404 νοητῶν

268 5398 494 5476 τόποιθς
527 5414 540 5427 ·
571 5398 976 5476 Eorum-rgenti:
996 5407 1223 5476 exquirit
1258 5398 1519 5471 rotiones,
1545 5398 1601 5460 ut
1631 5398 1843 5463 intelle-

269 5468 522 5541 ctibiliuni
559 5469 775 5539 formas.
814 5473 894 5527 Ex
928 5468 1221 5532 sensilibus
1263 5478 1432 5541 enim,
1469 5468 1549 5533 sic
1579 5479 1836 5541 spiritali-

274 5547 357 5592 ter
379 5538 541 5618 lectis
561 5538 758 5618 eorum
801 5544 1128 5618 rationibus,
1181 5538 1520 5618 assurgimus
1547 5538 1624 5604 ad
1645 5550 1830 5618 νοητὰ,

270 5623 352 5690 ζει
395 5609 664 5679 spiritales
708 5621 758 5690 et
786 5614 1058 5690 quwAsola
1095 5609 1264 5690 metue
1291 5609 1679 5690 intelliguntur.
1709 5609 1836 5676 Haec

268 5676 434 5737 Picus
457 5695 683 5753 prorsus
707 5676 1066 5755 ἁφίλοσόφως.
1096 5684 1198 5741 Sed
1233 5704 1339 5757 qua
1367 5689 1429 5745 de
1452 5676 1530 5745 Ιῖίε
1552 5691 1798 5746 dicuntur
1819 5732 1835 5760 ,

2079 5200 2280 5256 Eadem
2321 5201 2536 5256 iterum.

1944 5350 2000 5423 ut
2027 5339 2467 5424 intellectualium
2510 5341 2665 5424 typis.
2693 5341 3139 5424 Intellectualiun:
3165 5343 3512 5424 χοερῶνεξι,

1942 5411 2060 5465 sive
2105 5411 2654 5496 utentium,_vo-qr6w,
2693 5428 2871 5496 eorum
2900 5429 3019 5484 qua:
3051 5413 3117 5466 ab
3159 5411 3274 5496 illis
3312 5413 3514 5496 intellif

1942 5487 2159 5550 guntur,
2208 5495 2280 5550 ac
2331 5481 2720 5537 velut’eorum
2766 5481 2923 5539 cibus
2957 5492 3118 5549 sunt,
3174 5484 3252 5538 uti
3287 5484 3514 5550 exponit

1939 5549 2163 5632 Dionys.
2198 5549 2290 5605 Sic
2323 5557 2503 5606 tamen
2547 5553 2747 5634 passim
2775 5549 3513 5635 int_e_rprete§_confundunt;

1941 5621 2234 5692 superiora
2261 5635 2427 5685 vero,
2461 5637 2623 5677 nemo
2657 5622 2733 5697 ita
2763 5621 2958 5686 reddat
2981 5635 3040 5682 ut
3068 5626 3252 5693 Picus,
3279 5623 3375 5697 qui
3407 5639 3512 5680 nec

1939 5706 2191 5750 errorem
2217 5705 2332 5764 seq.
2369 5706 2488 5764 cap.
2520 5694 2772 5751 mutavit.
