4094 6204
324 295 459 364 1221

1022 303 1356 366 CAPITUM
1394 300 1819 380 Qumoums
1853 298 2373 374 CENTENORUM
2395 270 2794 376 Q-CENTURIA
2835 315 2920 378 II.

316 416 488 481 τύπος
539 414 661 470 ἔστι
685 430 702 445 ’
749 415 823 468 ’δι’
868 405 951 468 ῶν
985 413 1088 469 ’καὶ
1141 413 1317 487 ἀὐτῆς
1367 420 1756 492 προκρίνοντες
1809 425 1880 476 τοι

2004 430 2137 480 utrm
2175 431 2424 480 amorem
2481 427 2870 497 praa't‘erentes,
2924 433 3120 498 sponte
3169 429 3224 484 in
3269 430 3400 488 vita
3443 435 3575 489 ntali

319 510 464 563 θεῖον
509 509 674 563 πόθον
717 508 819 579 τῆς
855 507 1092 579 φύσεως,
1135 508 1354 573 ἑκόντες
1390 511 1482 564 τὸν
1514 515 1880 584 περιστατικὸη

2003 519 2360 589 adversisque
2384 520 2625 592 positam
2653 527 2866 576 naturae
2888 527 3118 578 mortem
3145 523 3503 583 sustinemus.

317 597 668 670 ύπερχόμεθα
705 597 802 670 τῆς
827 596 1050 667 φύσεως
1080 597 1328 654 θάνατον.

389 693 460 759 ρ’.
497 687 715 759 Ταύτην
739 687 852 758 ἔχει
877 687 976 758 τὴν
1001 688 1263 761 διαφορὰν
1311 689 1372 743 τὸ
1428 689 1711 762 βάπτισμα
1759 693 1894 764 πρὸς

2074 697 2196 752 100.
2225 698 2504 769 Baptisma
2534 700 2679 755 inter
2717 708 2773 755 et
2815 701 3041 756 calicem
3073 703 3179 756 hoc
3204 704 3396 770 refert,
3425 708 3574 776 quod

314 779 379 833 τὸ
431 781 691 850 ποτήριον
717 796 731 812 ’
771 781 852 833 ὄτι
902 779 964 833 τὺ
1017 778 1116 851 μὲν
1147 780 1455 851 βάπτισμα,
1501 783 1642 854 ὑπὲρ
1689 785 1880 856 ἀρετῆς

2001 788 2292 858 baptisma,
2325 789 2547 844 virtutis
2568 802 2756 858 causa,
2793 791 2859 846 ad
2893 792 3244 847 delectabilia
3283 792 3411 848 vitae
3427 798 3580 864 quod

315 871 453 944 πρὸς
483 873 550 925 τά
582 873 714 944 ἡδέα
744 871 840 925 τοῦ
875 872 991 942 βίου
1019 872 1222 943 νεκρὰν
1252 871 1548 942 ἐργάζεται
1578 873 1677 946 τὴν
1702 877 1892 947 προαί-

2000 881 2218 944 attinet,
2254 877 2594 936 voluntatem
2637 894 2947 939 emortuam
2991 885 3212 940 reddit:
3250 887 3394 940 calix
3426 901 3579 951 vero,

317 979 468 1034 ρεσιν
499 979 514 995 ⁸
553 965 614 1018 τὺ
678 965 735 1019 δὲ
791 965 1081 1036 ποτήριον,
1130 965 1229 1036 τὴν
1275 966 1533 1036 ἀλήθειαν
1576 968 1672 1021 καὶ
1723 969 1880 1039 αὐτῆς

2002 979 2062 1026 ut
2081 969 2180 1024 Dei
2207 972 2455 1026 cultores
2486 973 2587 1042 ipsi
2617 989 2838 1045 quoque
2869 985 3084 1032 natura
3114 977 3406 1032 veritatem
3435 991 3577 1048 pras-

319 1056 628 1128 ίτροκρίνείν
657 1057 834 1110 πείῖίει
864 1057 964 1127 τῆς
990 1056 1204 1126 φύσεως
1229 1058 1352 1122 τοὺς
1382 1059 1646 1122 εὐσεϐεῖς.

1998 1062 2200 1131 ferant,
2240 1072 2434 1120 auctor
2453 1067 2693 1122 exsistit.

683 1267 1120 1336 ΕΚᾹΤΟΝΤΑΣ
1147 1280 1503 1340 ΔΕΥΤΕΡΑ.

386 1394 456 1450 α’.
493 1395 766 1466 Πρότερον
800 1395 892 1448 τοῦ
930 1396 1302 1467 βαπτίσματος
1330 1397 1483 1453 ἔθετο
1511 1400 1571 1454 τὸ
1611 1403 1890 1474 ποτήριον,

310 1491 394 1544 ὅτι
428 1487 518 1541 διὰ
546 1485 646 1558 τὴν
671 1487 930 1557 άλήοειάν
970 1490 1118 1542 ἐστιν
1147 1491 1180 1559 η
1216 1491 1410 1562 ἁρετὴ,
1449 1492 1562 1546 ἀλλ’
1584 1493 1647 1547 ού
1676 1493 1762 1547 διὰ
1794 1495 1890 1563 τὴν

310 1579 513 1652 ἀρετὴν
550 1579 584 1649 ή
609 1577 856 1648 ἀλήθεια.
894 1580 1060 1633 Ὅθεν
1109 1583 1138 1634 ό
1177 1582 1263 1635 διὰ
1300 1583 1398 1654 τὴν
1431 1584 1689 1655 ἀλήθειαν
1718 1585 1890 1658 πράτ-

2391 1297 2715 1354 CENTENA
2728 1299 2798 1354 Β]
2805 1299 2889 1356 US
2935 1301 3184 1356 ALTER.

2069 1412 2120 1464 l.
2153 1411 2398 1466 Priorem
2441 1411 2772 1482 baptismate
2822 1413 3050 1469 calicem
3100 1415 3304 1484 posuit
3330 1415 3397 1482 ³⁹,
3428 1419 3576 1487 quod

1995 1502 2262 1556 nimirum
2293 1504 2473 1558 virtus
2503 1514 2727 1574 propter
2761 1507 3073 1570 veritatem,
3109 1517 3164 1562 at
3199 1517 3308 1563 non
3355 1521 3580 1582 propter

1995 1594 2260 1650 virtutem
2311 1597 2518 1651 veritas
2577 1598 2671 1652 sit.
2728 1597 2830 1664 Qui
2887 1599 3055 1668 igitur
3105 1601 3358 1656 veritatis
3409 1611 3577 1659 causa

310 1690 421 1727 των
445 1673 543 1742 τὴν
565 1672 789 1744 ἀρετὴν,
816 1672 1122 1737 κενοδοξίας
1149 1674 1210 1726 ού
1235 1675 1602 1746 τιτρώσκεται
1635 1677 1846 1747 βέλεσιν
1870 1695 1880 1709 ·

1990 1688 2198 1744 virtute
2227 1688 2502 1758 fungitur,
2535 1688 2722 1741 inanis
2758 1689 2945 1758 gloriae
2983 1690 3186 1760 jaculis
3229 1707 3340 1745 non
3376 1696 3577 1748 vulne-

309 1766 339 1816 ὁ
358 1763 416 1818 δὲ
437 1763 536 1834 τὴν
559 1759 816 1834 ἀλήθειαν
838 1763 1041 1833 ἀρετῆς
1073 1765 1257 1818 ἕνεκεν
1291 1766 1656 1838 ἐπιτηδεύων,
1705 1768 1884 1822 σύνοι-

312 1873 405 1911 κον
439 1855 550 1926 ἔχει
569 1855 667 1926 τῆς
690 1853 996 1920 κενοδοξίας
1017 1856 1118 1926 τὴν
1145 1857 1342 1928 οἴησιν.

381 2053 448 2123 β’.
505 2052 792 2124 Ἀλήθειαν
829 2050 928 2118 μὲν
970 2048 1108 2107 εἶναι
1136 2053 1306 2121 λέγει,
1337 2054 1417 2126 (y)
1443 2054 1544 2125 τὴν
1568 2054 1718 2111 θείαν
1747 2054 1889 2124 γνῶ-

310 2162 395 2198 σιν
427 2159 440 2172 ·
478 2144 684 2214 ἀρετὴν
711 2145 791 2208 δὲ,
831 2145 969 2208 τοὺς,
992 2144 1134 2214 ὑπὲρ
1158 2145 1415 2216 ἀληθείας
1445 2147 1554 2200 τῶν
1583 2145 1887 2216 ἐφιεμένων

308 2238 478 2308 αὐτῆς
530 2237 769 2304 ἀγῶνας.
817 2236 876 2290 '0
917 2237 1096 2291 τοίνυν
1135 2239 1390 2306 γνώσεως
1428 2239 1638 2303 ἕνεκεν,
1683 2240 1887 2312 ἀρετῆς

309 2327 598 2396 ὑπομένων
635 2328 850 2395 πόνους,
885 2329 947 2382 οὐ
983 2330 1268 2395 κενοδοξεῖ,
1296 2330 1582 2398 γινώσκων
1613 2333 1886 2405 ἀπερίλη-

313 2435 440 2471 πτον
486 2413 626 2471 εἶναι
679 2419 839 2488 φύσει
874 2422 992 2480 τοῖς
1051 2420 1234 2482 πόνοις
1274 2420 1373 2489 τὴν
1430 2420 1727 2492 ἀλήθειανο
1772 2424 1886 2486 τοῖς

306 2509 582 2582 δευτέροις
630 2510 737 2582 γὰρ
793 2510 855 2563 ού
890 2510 1297 2580 περιγράφεται
1331 2510 1492 2580 φύσει
1535 2512 1595 2564 τὸ
1644 2511 1880 2583 πρῶτον.

317 2601 378 2656 '0
403 2601 462 2655 δὲ
497 2602 598 2673 τὴν
621 2602 828 2667 γνῶσιν
859 2602 948 2656 διὰ
976 2604 1102 2666 τοὺς
1133 2603 1272 2674 ὑπὲρ
1303 2604 1473 2673 αὐτῆς
1508 2604 1728 2671 ἀγῶνας
1762 2605 1882 2657 ἐπι-

305 2693 568 2767 τηδεύων,
605 2694 823 2758 πάντως
851 2695 1126 2761 κενόδοξος
1150 2695 1225 2758 ὡς
1249 2696 1529 2766 εἰληφέναι
1553 2696 1726 2750 δοκῶν
1759 2697 1884 2760 τοὺς

307 2783 606 2851 στεφάνους
640 2785 748 2855 πρὸ
789 2785 900 2838 τῶν
947 2784 1205 2857 ἱδρώτων·
1234 2786 1334 2840 οὐκ
1358 2786 1512 2850 εἰδὼς
1535 2787 1618 2840 ὅτι
1645 2787 1732 2841 διὰ
1759 2788 1885 2850 τοὺς

307 2874 606 2944 στεφάνους
627 2875 684 2928 ὀἱ
721 2876 896 2943 πόνοι,
927 2876 1042 2930 ἀλλ’
1064 2876 1132 2929 ὀὐ
1172 2874 1261 2929 διὰ
1289 2879 1417 2940 τοὺς
1453 2878 1648 2942 πόνους
1674 2880 1723 2930 οί
1760 2879 1882 2932 στέ-

310 2980 468 3034 φανοι
491 2982 505 2996 ·
540 2965 701 3034 φύσει
719 2965 829 3038 γὰρ
861 2966 1198 3037 ἀμελέτητος
1235 2969 1386 3020 πᾶσα
1422 2968 1726 3039 καθέστηκε
1757 2969 1886 3039 μέθ-

1995 1787 2201 1831 ratur:
2239 1777 2333 1846 qui
2375 1786 2560 1832 autem
2603 1777 2828 1831 virtutis
2872 1793 3039 1833 causa
3084 1780 3371 1834 veritatem
3422 1784 3576 1847 colit,

1994 1867 2179 1924 inanis
2211 1868 2397 1939 gloriae
2432 1869 2889 1925 contubernalem
2935 1869 3106 1923 animi
3135 1870 3431 1928 elationem
3469 1875 3598 1929 Ἰιει-Δ

1993 1960 2087 2016 bet
2117 1962 2311 2032 suique
2334 1978 2528 2016 vanam
2557 1962 3046 2017 existimationem.

2061 2053 2116 2106 2.
2153 2053 2456 2108 Veritatem
2504 2053 2749 2122 quidem,
2799 2054 3042 2108 divinam
3083 2054 3371 2111 scientiam
3409 2056 3579 2128 .535

1993 2160 2114 2201 esse
2162 2144 2298 2200 dicit
2349 2162 2363 2198 :
2415 2145 2681 2200 virtutem
2726 2160 2891 2209 vero,
2945 2161 3138 2201 eorum
3192 2163 3292 2216 pro
3344 2148 3578 2204 veritate

1993 2217 2317 2298 certamina,
2349 2235 2444 2304 qui
2487 2235 2612 2304 ejus
2641 2233 2922 2289 desiderio
2949 2243 3232 2290 tenentur.
3264 2236 3369 2302 Qui
3409 2238 3579 2306 igitur

1993 2326 2241 2383 scientiae
2272 2341 2437 2381 causa
2478 2325 2698 2380 virtutis
2737 2325 2963 2380 labores
2994 2327 3252 2390 sustinet,
3287 2342 3398 2381 non
3426 2328 3579 2382 labo-

1992 2427 2076 2473 rat
2107 2418 2255 2472 inani
2279 2404 2477 2488 gloria,
2500 2416 2601 2486 qui
2633 2426 2834 2472 natura
2857 2416 3253 2485 comprehendi
3282 2430 3390 2470 non
3415 2433 3576 2487 posse

1989 2510 2282 2565 veritatem
2326 2509 2611 2564 laboribus
2659 2509 2817 2563 sciat.
2850 2508 3010 2576 Quod
3042 2508 3190 2562 enim
3237 2519 3434 2563 natura
3463 2510 3582 2578 pri-

1992 2617 2141 2656 mum
2174 2610 2281 2664 est,
2314 2601 2403 2656 his
2446 2615 2568 2670 qua:
2604 2599 2846 2655 secunda
2895 2605 3044 2665 su‘nt,
3076 2614 3186 2653 non
3220 2599 3576 2654 circumscri-

1990 2693 2163 2747 bitur.
2191 2691 2294 2758 Qui
2326 2708 2459 2747 vcro
2490 2692 2780 2747 scientiam
2821 2693 2892 2748 ob
2921 2691 3143 2746 labores
3163 2707 3267 2760 pro
3294 2707 3358 2746 ea
3385 2701 3578 2746 exant-

1989 2785 2184 2840 landos
2216 2794 2483 2851 sectatur,
2526 2785 2753 2839 oumino
2778 2785 2956 2840 inanis
2984 2783 3172 2856 gloriae
3197 2783 3394 2838 morbo
3422 2793 3573 2838 tene-

1992 2888 2102 2941 tur,
2131 2878 2227 2947 qui
2257 2887 2385 2932 ante
2427 2877 2685 2944 sudores,
2719 2886 2942 2932 nactum
2974 2892 3033 2932 se
3061 2892 3297 2932 coronas
3332 2874 3578 2929 arbitre-

1991 2981 2081 3026 tur
2115 2989 2129 3025 :
2173 2986 2374 3040 nempe
2419 2971 2684 3041 ignorans
2718 2985 2842 3025 esse
2891 2969 3132 3034 labores,
3162 2977 3222 3022 ut
3259 2965 3576 3037 assequaris

307 3055 444 3121 οδος,
486 3056 579 3111 τοῦ
617 3055 685 3110 δι’
747 3057 776 3110 ὃ
803 3058 1046 3127 πέφυκεν
1073 3057 1480 3125 ὲξανυσθέντος,
1512 3059 1546 3129 ἢ
1581 3060 1879 3131 ἀνυσθῆναι

1985 3079 2249 3128 coronas;
2277 3073 2334 3117 at
2361 3077 2471 3116 non
2497 3061 2572 3116 ita
2601 3077 2834 3117 coronas
2854 3069 3084 3131 propter
3107 3061 3350 3116 labores.
3381 3058 3575 3124 Cessat

301 3148 571 3215 δόξαντος.

1981 3154 2134 3208 enim
2175 3160 2370 3222 suopte
2395 3152 2558 3223 genio
2585 3151 2768 3206 omnis
2797 3151 3092 3207 methodus
3129 3152 3372 3222 artisque
3407 3151 3572 3219 ratio,

303 3256 374 3298 eo
423 3250 652 3313 peracto
687 3243 846 3314 cujus
888 3242 1062 3313 gratia
1097 3251 1241 3310 erat,
1284 3252 1380 3299 aut
1420 3243 1566 3314 quod
1602 3255 1888 3314 peractum
1915 3259 2039 3301 esse
2067 3244 2437 3300 existimetur.

374 3341 444 3402 γ’.
489 3335 547 3388 '0
593 3335 758 3405 μόνην
816 3335 918 3404 τῆς
965 3332 1221 3405 γνώσεως
1288 3336 1389 3405 τὴν
1439 3337 1674 3406 μορφὴν,
1741 3336 1886 3408 ὅπερ

305 3423 453 3477 ἔστὶν
495 3424 524 3476 ὁ
568 3421 724 3493 ψιλὸς
765 3423 919 3493 λόγος
951 3440 968 3457 ο
1001 3426 1094 3479 καὶ
1119 3427 1148 3478 ό
1189 3425 1290 3497 τὴν
1314 3425 1503 3479 εἰκόνα
1523 3426 1624 3495 τῆς
1655 3426 1876 3497 ἀρετῆς,

305 3514 442 3584 ὅπερ
475 3513 591 3567 ἐστὶ
615 3513 677 3566 τὸ
708 3513 862 3584 ψιλὸν
885 3511 1038 3587 ἦθος,
1068 3515 1422 3584 ἐπιτηδεύων,
1467 3516 1720 3580 Ἰουδαῖός
1764 3519 1882 3571 ὲστι

307 3608 401 3658 καὶ
423 3605 606 3671 αὐτὸς,
638 3604 897 3675 ἀληθείας
919 3605 1111 3669 τύποις
1141 3605 1520 3675 φυσιούμενος.

376 3778 439 3833 δ’.
493 3765 550 3833 Ὀ
577 3778 757 3832 πᾶσαν
781 3777 878 3848 τὴν
929 3778 1261 3849 φαινομένην
1284 3777 1377 3830 τοῦ
1432 3778 1596 3848 νόμου
1623 3777 1882 3849 λατρείαν

312 3871 388 3942 μὴ
446 3870 565 3923 κατ’
597 3869 848 3938 αἴσθησιν
877 3869 1040 3941 ὁρῶν,
1074 3869 1210 3924 ἀλλὰ
1260 3871 1380 3932 ταῖς
1438 3869 1579 3922 κατὰ
1625 3869 1750 3923 νοῦν
1784 3871 1882 3938 ἐφ-

307 3961 446 4024 όδοις
463 3961 693 4016 ἕκαστον
718 3962 825 4015 τῶν
842 3963 1135 4034 ὁρωμένων
1163 3961 1445 4031 συμϐόλων
1475 3961 1872 4032 διασιωπήσας,

307 4053 400 4107 τὸν
438 4055 496 4107 ὲν
543 4053 756 4126 ἑκάστῳ
796 4054 1179 4125 κεκρυμμένον
1235 4053 1455 4123 θεοτελῆ
1514 4053 1684 4122 Λόγον
1730 4051 1878 4106 ἐκδι-

306 4144 659 4215 δασκόμενος,
707 4146 766 4198 ὲν
794 4145 872 4215 τῷ
900 4145 1051 4214 νόμῳ
1078 4143 1167 4196 τὸν
1197 4142 1330 4197 Θεὸν
1382 4142 1658 4213 εὑρίσκει,
1699 4142 1880 4206 καλῶς

305 4235 569 4307 ψηλαφῶν
590 4237 675 4290 διὰ
698 4235 798 4305 τῆς
827 4231 1020 4307 νοερᾶς
1046 4235 1347 4307 δυνάμεως,
1405 4235 1480 4298 ὡς
1536 4236 1593 4289 ἐν
1636 4235 1876 4306 φορυτῷ,

305 4329 373 4398 τῇ
405 4326 505 4398 ὕλῃ
538 4327 647 4379 τῶν
669 4326 909 4396 νομικῶν
946 4325 1261 4392 διατάξεων,
1291 4327 1344 4379 εί
1365 4343 1468 4378 που
1495 4327 1878 4398 κεκρυμμένον

2044 3337 2099 3391 '5.
2139 3321 2244 3401 Qui
2291 3323 2464 3391 solam
2524 3333 2774 3390 scientia;
2813 3334 3050 3389 formam
3091 3342 3362 3399 sectatur,
3418 3333 3570 3404 quod

1974 3435 2061 3483 est
2112 3427 2299 3483 nudus
2355 3442 2577 3492 sermo;
2631 3441 2697 3482 ac
2755 3427 3013 3503 veritatis
3068 3427 3383 3498 imaginem,
3441 3442 3567 3496 quae

1977 3528 2063 3574 est
2112 3520 2344 3588 simplex
2386 3533 2603 3572 morum
2648 3519 2924 3584 honestas,
2993 3521 3115 3586 ipse
3153 3531 3376 3586 quoque
3422 3516 3570 3569 veri-

1979 3610 2110 3666 tatis
2157 3609 2348 3679 ﬁguris
2394 3608 2580 3664 animo
2626 3618 2870 3674 tumens,
2925 3608 3144 3677 sibique
3195 3607 3439 3677 placens,
3466 3605 3566 3661 Ju-

1985 3699 2136 3757 dzeus
2174 3701 2411 3756 exsistit.

2051 3791 2105 3846 4.
2145 3791 2252 3858 Qui
2281 3791 2638 3860 conspicuum
2667 3803 2887 3844 omnem
2917 3788 3147 3860 legalem
3188 3788 3416 3854 cultum,
3455 3805 3566 3844 nan

1980 3899 2049 3938 ex
2083 3899 2280 3940 sensus
2305 3884 2522 3938 ratione
2549 3883 2704 3938 videt
2729 3899 2744 3950 ;
2781 3882 2876 3938 sed
2917 3883 3126 3937 mentis
3151 3881 3567 3946 intentionibus

1978 3975 2218 4031 visibilia
2270 3991 2501 4046 quasque
2565 3975 2812 4047 symbola
2863 3975 3199 4039 considerat,
3244 3975 3340 4045 qui
3391 3975 3447 4030 in
3481 3977 3565 4032 eis

1979 4065 2215 4136 singulis
2265 4068 2544 4120 occultum
2585 4065 2698 4120 Deo
2739 4065 3046 4136 perfectum
3082 4066 3321 4120 Verbum
3361 4066 3562 4123 docea-

1981 4167 2092 4219 tur,
2129 4157 2298 4210 Dcum
2324 4158 2377 4211 in
2403 4157 2522 4228 lege
2538 4157 2790 4223 invenit;
2817 4157 3047 4227 pulchre
3070 4157 3273 4211 mentis
3309 4157 3564 4212 facultate

1979 4248 2225 4318 palpans.
2277 4263 2408 4304 num
2444 4265 2698 4319 usquam,
2749 4265 2851 4304 ceu
2884 4250 2939 4303 in
2993 4249 3250 4319 congerie
3283 4249 3570 4320 (legalium

1979 4337 2192 4393 scilicet
2264 4339 2726 4394 constitutionum
2796 4337 3049 4406 materia)
3092 4338 3148 4392 in
3209 4339 3346 4410 legis
3395 4354 3564 4394 carne

303 4417 454 4491 εὖροι
475 4421 542 4488 τῇ
570 4419 734 4489 σαρκὶ
762 4419 856 4472 τοῦ
892 4418 1078 4489 νόμου,
1119 4419 1210 4472 τὸν
1248 4419 1346 4490 τὴν
1376 4418 1625 4492 αῐσθησιν
1656 4419 1876 4489 διαφεύ-

1985 4428 2229 4482 abditum
2277 4431 2521 4486 nancisci
2569 4440 2755 4502 queat,
2793 4432 2888 4502 qui
2943 4446 3139 4486 sensus
3186 4431 3297 4487 vim
3338 4433 3566 4502 penitus

303 4524 469 4578 γοντα
497 4506 772 4570 παντελῶς
797 4510 1140 4580 μαργαρίτην
1169 4509 1360 4580 Λόγον.

371 4605 434 4653 ε’.
455 4598 573 4654 Καὶ
599 4601 627 4654 ὁ
649 4598 748 4672 τὴν
776 4600 938 4670 φύσιν
965 4602 1021 4655 δὲ
1045 4602 1154 4655 τῶν
1174 4604 1469 4674 ὁρωμένων
1500 4603 1577 4677 μὴ
1593 4607 1660 4679 τῇ
1685 4606 1876 4679 αἰσθή-

302 4705 386 4743 σει
441 4691 578 4764 μόνῃ
614 4693 995 4767 περιγράφων,
1035 4695 1172 4751 ἀλλὰ
1224 4697 1362 4750 κατὰ
1391 4695 1516 4752 νοῦν
1565 4699 1746 4768 σοφῶς
1781 4699 1874 4753 τὸν

372 4845 413 4877 ³³
434 4841 612 4908 Ἠοῖ-ο.
647 4865 701 4918 x,
731 4847 819 4909 58.

300 4983 690 5067 ροῃξηθλῖψις,
747 4983 1281 5067 ἀνάγκηηῇμεριμνα
1311 5002 1325 5018 ο
1375 4985 1523 5067 quod
1573 4994 1629 5040 et
1678 4985 1877 5056 sapius

300 5055 552 5108 redditur
607 5057 699 5110 illa
740 5071 878 5120 vox,
940 5055 1191 5121 Alﬂictia,
1257 5057 1557 5118 necessitas,
1611 5071 1875 5121 mrumna,

299 5125 516 5205 amictus
541 5142 717 5205 rerum
742 5141 914 5205 castis.
949 5125 1073 5180 llaec
1099 5125 1245 5179 enim
1275 5135 1423 5205 sunt,
1443 5141 1564 5195 quae
1585 5125 1878 5205 illum_elli-

299 5196 455 5264 ciunt
479 5196 731 5259 calicem,
753 5196 847 5264 qui
876 5211 986 5248 non
1010 5205 1198 5250 nostra
1233 5196 1518 5251 voluntate
1551 5197 1874 5264 assumitur,

296 5265 395 5336 sed
415 5266 661 5336 exterius
682 5266 794 5319 Deo
815 5270 1059 5329 auctore,
1077 5266 1161 5320 vel
1187 5265 1400 5329 saltem,
1417 5281 1484 5320 eo
1497 5265 1873 5336 permittente,

299 5334 635 5390 adhibetur:
672 5337 1032 5405 que'mipsum
1068 5345 1247 5390 tamen
1269 5334 1515 5391 oblatum
1553 5345 1747 5405 sponte
1782 5339 1875 5390 ac-

298 5415 520 5479 ceptare
541 5406 826 5479 debemus,
846 5406 1012 5476 inque
1038 5417 1172 5463 "eum
1190 5406 1435 5479 modum,
1457 5406 1549 5459 τὸν
1565 5423 1631 5458 πε
1639 5424 1878 5479 pigras:-

299 5473 395 5527 κὸν
429 5474 644 5548 φύσεως
684 5473 1286 5548 ,θάνατονύπέρχεσθαι
1322 5495 1334 5530 :
1371 5485 1602 5548 mortem
1637 5473 1871 5543 scilicet,

300 5555 411 5614 qua
440 5546 524 5602 sic
565 5547 726 5601 malls
761 5555 924 5616 atque
969 5546 1478 5604 aerum‘nlsinaturaa
1507 5546 1624 5600 vita
1652 5548 1872 5601 exstin-

299 5625 518 5684 guatur,
557 5617 653 5672 Dei
682 5616 954 5673 desiderio
979 5618 1153 5673 obire.

374 5686 449 5758 (y)
493 5688 806 5755 Ἀλήθειαν
864 5687 1018 5742 εἶναι
1062 5688 1244 5756 λέγει.
1300 5687 1420 5744 Non
1468 5701 1578 5744 uno
1619 5688 1744 5743 loco
1789 5688 1870 5744 sic

1983 4518 2142 4590 fugit,
2193 4521 2489 4588 unionem;
2538 4522 2644 4576 hoc
2686 4531 2791 4587 est,
2846 4517 3113 4579 Verbum.

2052 4611 2104 4665 5.
2148 4610 2289 4677 Quin
2342 4614 2391 4668 is
2420 4629 2651 4685 quoque
2708 4615 2803 4686 qui
2856 4624 3109 4670 naturam
3147 4630 3335 4671 rerum
3386 4615 3568 4670 oculis

1980 4703 2360 4774 subiectarum
2421 4720 2534 4761 non
2588 4705 2707 4762 solo
2755 4706 2963 4762 deﬁnit
3025 4721 3237 4773 sensu;
3292 4704 3388 4760 sed
3441 4719 3566 4776 qua:

1980 4989 2134 5066 loqui
2139 4991 2536 5066 mrMagtimus,
2553 4997 2617 5048 ac
2637 4994 2809 5066 sintin
2827 4995 2950 5066 ‘ej‘u‘s
2973 5002 3177 5056 essent,
3191 5001 3318 5064 quae
3335 4993 3566 5050 adhibet

1981 5062 2137 5134 quasi
2157 5062 2402 5134 scholia,
2446 5065 2543 5134 ubi
2585 5065 2718 5134 quid
2762 5062 3055 5120 obscurius
3093 5062 3312 5134 locutus
3329 5073 3444 5130 est,
3498 5074 3562 5118 ut

1981 5131 2129 5210 quod
2155 5132 2245 5186 hic
2275 5133 2501 5210 esponit
2533 5131 2850 5210 pragceden's
2890 5145 3073 5210 caput.
3108 5133 3188 5210 Eo
3225 5135 3559 5210 autcm_col-

1979 5198 2188 5274 l_ineare
2233 5198 2476 5274 videtur,
2521 5198 2583 5258 ut
2616 5204 2802 5260 divina
2851 5198 3113 5272 scientia,
3167 5205 3281 5274 ipsa
3317 5205 3562 5274 potiusa

1979 5268 2091 5323 Deo
2117 5273 2386 5341 speranda
2418 5273 2489 5328 sit
2525 5287 2593 5346 ac
2637 5273 2964 5346 expetenda,
2995 5268 3252 5346 adquam
3278 5268 3388 5329 non
3411 5276 3561 5330 suill-

1979 5353 2107 5392 cere
2139 5351 2360 5398 nostros
2390 5350 2461 5398 'ac
2490 5345 2721 5401 virtutis
2745 5345 2966 5401 labores
3003 5345 3382 5400 existimemus
3409 5362 3423 5410 ;
3463 5352 3561 5399 aut

1986 5420 2237 5486 unquam
2265 5428 2368 5468 nos
2393 5415 2918 5484 comprehendisse;
2948 5415 3094 5486 quod
3131 5416 3360 5486 sentire,
3387 5431 3561 5484 quan-
3649 5435 3654 5439 ·

1981 5475 2158 5560 όὶυίῑιι
2186 5482 2274 5535 via
2299 5475 2539 5560 sumus
2564 5487 2792 5560 οίήσεως
2817 5475 2937 5551 εει,
2963 5475 3142 5560 ἰᾐοιὶεε
3184 5475 3434 5560 Maximo
3466 5501 3561 5560 ex-

1982 5555 2229 5632 agitatae;
2261 5555 2343 5608 sui
2379 5555 2645 5632 opinionis
2680 5555 3074 5628 acjactamiaa,‘
3094 5555 3280 5613 animi
3299 5555 3408 5613 sibi
3432 5555 3561 5627 pla-

1979 5625 2155 5677 centis
2183 5632 2350 5694 atque
2374 5625 2620 5696 superbi.
