4062 6198
590 267 732 337 1-223

1782 263 1845 324 S.
1883 262 2172 324 MAXIMI
2207 261 2720 326 CONFESSORIS

3708 261 3813 332 122i

590 383 826 457 singulis
851 381 1054 440 creatis
1081 378 1245 446 inest,
1273 378 1544 435 rationem
1569 383 1850 448 sapienter
1873 386 2178 444 scrutatur,

2283 379 2342 432 ὲν
2382 379 2599 450 ἑκάστῳ
2629 374 2890 451 κτίσματι
2933 376 3094 445 λόγον
3154 375 3541 447 ἐρευνώμενος,
3605 375 3813 450 εὑρίσκει

590 479 766 536 Deum
815 475 1046 539 invenit,
1086 473 1184 543 qui
1237 488 1306 528 ex
1361 473 1647 543 proposita
1701 487 1888 527 rerum
1925 467 2179 540 magniﬁ-

590 571 794 633 centia,
843 583 1032 623 earum
1091 573 1373 619 auctorem
1419 567 1590 620 Deum
1642 564 1907 619 doceatur
1935 563 2000 616 ⁸ο.

661 662 715 716 6.
756 659 895 725 Quia
920 655 1087 727 igitur
1119 657 1471 712 attrectantis
1501 655 1726 725 propria
1767 653 2032 709 discretio
2057 659 2178 718 est;

589 753 685 824 qui
732 751 926 821 legalia
971 749 1222 820 symbola
1277 749 1558 818 sapienter
1619 748 1828 816 legens,
1884 757 2183 814 rerumque

590 844 947 914 conspicuam
978 849 1230 896 naturam
1256 841 1491 896 solerter
1517 849 1808 904 contuens,
1839 839 2182 908 Scripturam

591 945 647 990 et
701 944 1012 991 creaturam
1070 949 1135 988 ac
1185 932 1430 1002 scipsum
1481 932 1753 987 discernit
1797 947 1894 986 seu
1932 929 2179 993 dirimit;

592 1025 936 1094 Scripturam
971 1021 1218 1093 quidem,
1250 1021 1305 1074 in
1335 1022 1574 1075 litteram
1599 1030 1657 1076 et
1682 1021 1940 1091 spiritum
1971 1038 1984 1085 ;
2021 1036 2182 1075 crea-

521 1157 535 1172 .
591 1127 772 1170 turam
819 1130 972 1179 vero,
1007 1112 1071 1167 in
1119 1113 1390 1168 rationem
1429 1121 1486 1167 et
1519 1111 1910 1182 superﬁciem;
1937 1112 2181 1181 seipsum

592 1217 804 1269 autem,
847 1206 904 1259 in
954 1213 1196 1259 mentem
1249 1211 1308 1258 et
1370 1218 1594 1258 sensum
1632 1221 1646 1257 :
1685 1219 1749 1258 ac
1790 1219 1858 1260 ex
1898 1203 2184 1272 Scriptura

591 1299 841 1368 quidem,
896 1298 1188 1366 spiritum;
1239 1312 1306 1350 ex
1371 1305 1626 1351 creatura
1677 1311 1831 1361 vero,
1891 1296 2181 1359 rationem,

590 1403 660 1440 ex
705 1401 764 1441 se
815 1387 934 1456 ipso
973 1394 1156 1441 autem
1215 1396 1458 1440 mentem
1521 1385 1901 1456 assumpserit,
1957 1386 2185 1454 haaeque

595 1479 702 1532 alia
733 1477 856 1533 aliis
897 1478 1180 1532 insolubili
1209 1493 1354 1533 nexu
1380 1476 1709 1542 devinxerit,
1735 1479 1906 1531 Deum
1941 1476 2182 1542 invenit;

593 1569 799 1638 quippe
845 1569 939 1638 qui
991 1571 1164 1624 Deum
1195 1570 1250 1623 in
1283 1570 1461 1625 Mente
1495 1579 1552 1624 et
1579 1570 1809 1623 Ratione
1837 1570 1955 1641 (seu
1980 1569 2182 1638 Verbo)

591 1668 650 1713 et
699 1659 910 1728 Spiritu
950 1659 1333 1723 exsistentem,
1390 1659 1471 1714 uti
1511 1659 1671 1712 decet
1728 1674 1792 1712 ac
1820 1675 1920 1728 per
1951 1658 2184 1712 faculta-

594 1761 704 1804 tem
755 1751 904 1811 licet,
967 1752 1274 1821 agnoverit,
1329 1752 1546 1806 cunctis
1585 1753 1852 1806 liberatus
1898 1767 2021 1820 qua:
2055 1761 2184 1806 sunt
2217 1737 2256 1788 Β

593 1843 933 1908 seducendo,
970 1844 1138 1912 inque
1175 1845 1498 1900 innumeras
1531 1861 1724 1899 errore
1753 1845 2044 1914 Opiniones
2075 1853 2186 1899 tra-

593 1937 755 2001 hunt,
813 1936 1076 1990 nimirum
1119 1953 1148 1990 a
1189 1938 1398 2002 littera,
1453 1937 1747 2007 superﬁcie
1793 1946 1850 1992 et
1883 1953 2071 2000 sensu,
2129 1939 2185 1992 in

593 2027 799 2098 quibus
829 2028 1049 2083 diversa
1077 2029 1360 2098 quantitas
1397 2029 1561 2099 536
1590 2037 1676 2083 est
1709 2044 1772 2084 ac
1807 2030 2003 2084 unitati
2051 2046 2185 2084 con-

595 2120 783 2173 traria.
829 2119 924 2174 Sin
970 2129 1155 2174 autem
1219 2121 1346 2189 quis
1412 2121 1548 2190 legis
1592 2121 1855 2184 litteram,
1890 2137 2186 2191 rerumque

595 2211 774 2264 oculis
835 2209 1210 2281 subjectarum
1269 2210 1624 2280 superﬁciem
1669 2222 1835 2280 atque
1902 2212 2186 2281 proprium

596 2316 821 2354 sensum
867 2301 972 2354 alia
1031 2301 1156 2354 aliis
1205 2300 1482 2354 nectendo
1533 2301 1840 2365 miscuerit,
1878 2315 2055 2355 caicus
2103 2311 2191 2356 est

597 2401 764 2446 manu
802 2391 945 2446 viam
995 2400 1248 2458 tentans;
1285 2407 1474 2446 rerum
1508 2391 1723 2448 scilicet
1748 2391 2007 2447 Auctoris
2036 2391 2191 2463 igno-

598 2483 778 2538 rantia
825 2483 1102 2539 laborans.

670 2598 722 2651 7.
786 2599 1017 2653 Divinns
1088 2613 1429 2669 magnusque
1505 2599 1802 2668 Apostolus
1870 2598 2185 2655 deﬁniendo

595 2685 861 2756 quidnam
918 2687 991 2740 sit
1041 2685 1197 2752 ﬁdes,
1233 2689 1311 2741 ait
1357 2705 1369 2740 :
1405 2687 1558 2741 Fides
1589 2697 1663 2741 cst
1699 2705 1882 2742 eorum
1921 2705 2036 2752 qua:
2063 2706 2183 2758 spe-

599 2783 794 2829 rantur
851 2776 1188 2840 substantia,
1246 2793 1529 2848 rerumque
1578 2795 1695 2848 qtta:
1753 2796 1858 2832 non
1906 2779 2184 2845 videntur,

599 2867 784 2922 evictio
819 2867 884 2920 “.
927 2866 1022 2921 Sin
1053 2875 1238 2921 autem
1274 2868 1400 2937 quis
1431 2869 1597 2922 etiam
1631 2867 1877 2934 deﬁniat,
1931 2887 2051 2926 esse
2084 2872 2186 2926 bo-

601 2974 734 3013 num
786 2958 1068 3014 internum
1123 2961 1419 3030 animoque
1481 2961 1808 3031 repositum,
1849 2973 1944 3017 aut
1997 2979 2185 3018 veram

2283 471 2440 539 Θεὸν,
2479 472 2588 527 ἀπὸ
2617 471 2720 553 τῆς
2743 470 3196 542 προϐεϐλημένης
3229 469 3335 522 τῶν
3366 469 3534 522 ὅντων
3563 471 3813 544 μεγαλουρ-

2283 562 2429 632 γίας,
2450 562 2549 636 τὴν
2572 564 2752 618 αὐτῶν
2772 561 2881 616 τῶν
2912 561 3082 614 ὄντων
3105 561 3493 632 διδασκόμενος
3519 563 3700 619 αἰτίαν.

2359 665 2432 724 ς’.
2473 658 2692 729 Ἐπειδὴ
2742 657 2925 711 τοίνυν
2966 655 3101 709 [διον
3146 657 3240 709 τοῦ
3285 656 3636 725 ψηλαφῶντος
3667 660 3695 726 ὴ
3721 659 3809 712 διά-

2284 752 2468 824 κρισίς
2499 751 2678 803 ἐστιν’
2711 752 2739 804 ὁ
2764 749 2834 803 τὰ
2859 749 3062 820 νομικὰ
3085 748 3332 819 σύμϐολα
3363 749 3663 816 γνωστικῶς
3687 752 3810 820 ἕπερ.
3914 748 3915 808 1

2284 844 2537 915 χόμενος,
2565 843 2663 896 καὶ
2695 842 2795 911 τὴν
2827 841 3165 910 φαινομένην
3194 840 3300 893 τῶν
3327 840 3497 894 ὄντων
3533 841 3681 908 φύσιν
3717 845 3807 896 ἐπι-

2287 953 2384 1005 στη
2395 933 2630 1005 μανικῶς
2651 933 2945 1003 θεώμενος,
2973 933 3267 1002 διακρίνων
3285 933 3388 1003 τὴν
3414 931 3626 1002 Γραιςὴν
3640 935 3719 987 καὶ
3738 937 3807 1003 τὴν

2285 1025 2462 1078 κτίσιν
2491 1024 2584 1077 καὶ
2614 1024 2826 1088 ἑαυτὸν,
2847 1023 2947 1095 τὴν
2981 1024 3080 1094 μὲν
3113 1023 3353 1094 Γραφὴν,
3407 1025 3486 1087 είς
3515 1025 3723 1096 γράμμα
3741 1027 3805 1079 καὶ

2285 1115 2507 1185 πνεῦμα
2537 1132 2551 1146 ο
2583 1114 2683 1186 τὴν
2744 1115 2802 1170 δὲ
2851 1115 3051 1177 κτίσιν,
3091 1118 3170 1178 είς
3193 1114 3351 1182 λόγον
3387 1117 3480 1169 καὶ
3511 1105 3802 1184 ἐπιφάνειαν·

2287 1209 2480 1262 ἑαυτὸν
2512 1207 2588 1271 δὲ,
2621 1209 2702 1270 είς
2739 1206 2864 1261 νοῦν
2891 1208 2987 1260 καὶ
3010 1207 3263 1278 αἴσθησιν
3291 1225 3305 1239 ·
3338 1208 3430 1261 καὶ
3457 1209 3553 1278 τῆς
3591 1208 3676 1278 μὲν
3699 1209 3803 1280 Γρα-

2288 1301 2415 1370 φῆς,
2449 1299 2511 1353 τὸ
2537 1299 2754 1370 πνεῦμα
2780 1317 2794 1330 ·
2821 1298 2921 1369 τῆς
2964 1298 3019 1351 δὲ
3049 1299 3300 1367 κτίσεως,
3333 1300 3424 1353 τὸν
3453 1301 3628 1370 λόγον’
3659 1303 3800 1355 ἑαυτοῦ

2286 1390 2362 1455 δὲ,
2397 1391 2489 1444 τὸν
2537 1390 2664 1443 νοῦν
2715 1388 2921 1453 λαϐὼν,
2970 1391 3065 1444 καὶ
3107 1390 3362 1461 ἀλλήλοις
3405 1390 3605 1456 ἁλύτως
3631 1392 3798 1457 ένὼσας,

2288 1477 2412 1553 εὗρε
2437 1480 2606 1534 Θεὸν
2665 1481 2740 1544 ὡς
2796 1481 3052 1549 ἐπιγνοὺς
3109 1481 3294 1546 καθὼς
3328 1481 3450 1546 δεῖ,
3493 1485 3584 1536 καὶ
3636 1485 3799 1539 δυνατόν

2289 1575 2425 1637 ἐστι,
2448 1574 2539 1627 τὸν
2567 1573 2720 1636 Θεὸν,
2752 1575 2846 1627 τὸν
2893 1576 2951 1627 ὲν
2987 1574 3085 1646 NQ)
3114 1576 3210 1629 καὶ
3238 1568 3398 1646 Λόγῳ
3424 1578 3512 1630 καὶ
3545 1578 3797 1648 Πνεύμιτι·

2280 1666 2512 1720 ’πάντων
2550 1667 2660 1719 τῶν
2686 1665 3016 1720 πλανώντων
3041 1669 3134 1720 καὶ
3163 1670 3245 1732 είς
3284 1669 3484 1739 μυρίας
3512 1672 3651 1736 δόξας
3679 1689 3796 1724 κατα-

2290 1749 2563 1829 συρόντων
2597 1757 2958 1826 ἀπαλλαγεὶς,
2981 1759 3126 1827 λέγω
3159 1760 3216 1812 δὲ
3249 1762 3568 1830 γράμματος
3596 1764 3675 1814 καὶ
3716 1765 3798 1815 ἐπι-

2288 1849 2515 1918 φανείας
2535 1849 2631 1903 καὶ
2655 1849 2984 1920 αἰσθήσεως,
3030 1851 3088 1902 ἐν
3116 1845 3195 1914 οἷς
3245 1853 3280 1922 ἡ
3335 1853 3579 1925 διάφορος
3623 1855 3797 1924 ὑπάρχει

2290 1942 2546 2010 ποσότης,
2606 1941 2703 1995 καὶ
2750 1942 2852 2012 τῆς
2917 1943 3146 2013 μονάδος
3200 1945 3497 2008 ἀντίθετος.
3571 1945 3627 1999 Ei
3675 1948 3720 2000 δὲ
3758 1947 3798 1998 τὸ

2287 2033 2526 2102 γράμμα
2580 2033 2676 2087 τοῦ
2738 2035 2927 2104 νόμου,
2981 2037 3074 2088 καὶ
3103 2037 3205 2106 τὴν
3259 2037 3370 2089 τῶν
3408 2039 3675 2108 ὁρωμένων
3714 2040 3794 2092 ἑπι-

2290 2123 2521 2191 φάνειαν
2577 2123 2672 2176 καὶ
2731 2123 2830 2194 τὴν
2882 2125 3094 2178 οίκείαν
3161 2125 3420 2196 αἴσθησιν
3486 2127 3796 2197 ἁλλήλοις,τις

2291 2212 2638 2284 πρυσπλέξας
2694 2214 2974 2288 συμφύρῃ,
3005 2216 3210 2285 τυφλός
3241 2219 3359 2270 ἐστι
3393 2219 3688 2288 μυωπάζων,
3729 2217 3796 2287 τὴν

2288 2304 2390 2374 τῆς
2413 2304 2604 2368 Αίτίας
2628 2305 2736 2358 τῶν
2763 2307 2931 2360 ὄντων
2960 2307 3242 2374 ἀγνωσίαν
3271 2308 3461 2362 νοσῶν.

2362 2578 2431 2642 ζ’.
2459 2577 2478 2597 ’
2528 2576 2588 2629 Ὀ
2611 2575 2754 2639 θεῖος
2780 2575 2873 2628 καὶ
2903 2575 3076 2644 μέγας
3108 2575 3455 2641 Ἀπόστολος,
3482 2577 3530 2630 τί
3549 2579 3648 2631 ἐστι
3666 2577 3795 2640 πίστις

2289 2667 2508 2740 ὁρίζων,
2536 2668 2691 2738 φησί·
2725 2668 2936 2734 Πίστις
2959 2667 3152 2731 ἐστὶν,
3179 2667 3571 2737 ἐλπιζομένων
3595 2671 3794 2724 ὐπόστα·

2287 2775 2411 2826 σις,
2467 2759 2566 2814 καὶ
2620 2755 2977 2830 πραγμάτων
3033 2759 3292 2830 ἔλεγχος
3333 2763 3403 2815 οὐ
3453 2757 3789 2827 βλεπομένων.

2289 2855 2353 2907 Et
2384 2853 2442 2906 δέ
2464 2869 2548 2913 τις
2583 2853 2678 2906 καὶ
2725 2850 3028 2905 ἐνδιάθετον
3069 2852 3246 2923 αὐτὴν
3294 2852 3490 2920 ἀγαθὸν
3534 2848 3790 2922 ὁρίσαιτο,ἣ

2289 2947 2492 3016 γνῶσιν
2527 2946 2699 3016 ἁληθῆ
2738 2945 2847 2998 τῶν
2892 2946 3227 3017 ἀπορρήτων
3285 2945 3500 3014 ἀγαθῶν
3552 2945 3790 2999 ἀποδεικτι-

600 3047 853 3105 notitiam
909 3068 1109 3106 arcana
1157 3053 1250 3106 illa
1297 3052 1441 3107 bona
1489 3051 1996 3122 demonstrantem,
2048 3055 2185 3110 nihil

2293 3038 2416 3111 κῆν,
2440 3039 2539 3108 τῆς
2574 3037 2830 3108 ἀληθείας
2861 3037 2925 3090 οὐ
2953 3035 3280 3110 διήμαρτεν.

603 3157 634 3196 a
683 3157 818 3196 vero
859 3142 1223 3198 aberraverit.

673 3235 724 3290 8.
769 3234 933 3289 Fides
968 3235 1052 3289 vis
1099 3244 1204 3301 est,
1252 3245 1314 3290 ut
1365 3237 1444 3292 sic
1496 3238 1710 3307 loquar,
1749 3239 2038 3305 atl‘ectiva,
2083 3233 2187 3297 seu

600 3327 822 3380 allectio
871 3341 934 3379 ac
985 3327 1274 3392 habitudo,
1323 3345 1428 3398 qua
1484 3330 1802 3385 immediata
1832 3323 1996 3400 supra
2030 3341 2190 3387 natu-

601 3432 716 3470 ram
763 3416 1042 3478 credentis
1086 3433 1211 3471 cum
1259 3419 1394 3484 Deo,
1444 3421 1532 3474 cui
1564 3421 1812 3476 creditur
1839 3438 1904 3478 ac
1935 3423 2032 3492 qui
2066 3439 2190 3479 cre-

602 3507 788 3569 datur,
845 3507 1086 3580 perfecta
1136 3507 1269 3563 unio
1313 3517 1626 3578 prmstetur.

671 3597 726 3651 9.
767 3597 907 3663 Quia
936 3597 1106 3667 igitur
1142 3599 1309 3654 homo
1355 3617 1424 3656 ex
1461 3602 1640 3656 anima
1669 3603 1943 3662 exsistens
1983 3619 2039 3664 et
2063 3625 2189 3665 eor-

603 3703 762 3756 pore,
805 3688 1020 3744 duabus
1059 3691 1305 3762 jactatur
1359 3693 1577 3762 legibus
1616 3693 1823 3763 (carnis
1873 3699 2087 3755 scilicet
2136 3712 2192 3756 et

605 3781 853 3851 spiritus)
898 3798 964 3836 ac
1003 3783 1229 3852 quidem
1276 3784 1459 3839 carnis
1515 3786 1625 3852 lex,
1687 3787 1744 3842 in
1793 3803 1958 3845 sensu
2007 3792 2188 3864 viget;

602 3875 691 3928 lex
722 3883 906 3928 autem
957 3875 1207 3943 spiritus,
1259 3875 1317 3929 in
1349 3885 1532 3931 mente
1565 3897 1579 3932 :
1617 3877 1816 3949 lexque
1843 3882 1981 3937 adeo
2009 3885 2192 3939 carnis

603 3964 661 4018 in
696 3979 861 4019 sensu
890 3964 1100 4035 vigens,
1141 3968 1379 4022 terrenis
1426 3966 1686 4025 addicere
1713 3970 1913 4038 habet;
1949 3974 2036 4028 lex
2062 3993 2191 4032 vero

603 4053 852 4124 spiritus,
897 4054 1014 4123 ipsa
1043 4055 1098 4108 in
1128 4063 1314 4110 mente
1343 4057 1554 4128 vigens,
1585 4058 1901 4115 immediate
1928 4078 2054 4118 eum
2078 4064 2190 4119 Deo

562 4179 580 4202 κ
604 4143 855 4213 copulat;
906 4144 1147 4200 merito:
1179 4144 1281 4210 Qui
1318 4161 1423 4199 non
1461 4148 1717 4202 discretus
1755 4149 1916 4220 fuerit
1951 4151 2006 4205 in
2037 4154 2193 4207 corde

602 4248 698 4286 suo
723 4235 805 4298 δίς
839 4233 946 4288 hoc
974 4242 1080 4300 est,
1110 4251 1222 4290 non
1269 4235 1595 4292 discreverit
1630 4239 1685 4293 in
1717 4249 1903 4297 mente
1928 4257 2061 4309 sua;
2092 4260 2190 4300 seu

604 4323 974 4380 immediatam
998 4342 1124 4380 eum
1154 4326 1269 4381 Deo
1297 4327 1578 4394 unionem,
1607 4345 1730 4400 quae
1760 4339 1845 4386 est
1880 4348 1980 4402 per
2003 4333 2189 4402 ﬁdem,

2360 3227 2431 3289 η’.
2482 3222 2545 3273 Ἠ
2609 3221 2812 3287 πίστις,
2873 3221 3103 3292 δύναμίς
3155 3225 3276 3277 ἐστι
3328 3221 3556 3294 σχετικὴ,
3602 3217 3791 3289 ἢσχέσις

2291 3313 2558 3384 δραστικὴ
2633 3314 2733 3382 τῆς
2773 3313 2913 3385 ὑπὲρ
2979 3315 3142 3384 φύσιν
3206 3315 3409 3387 ἀμέσου
3444 3314 3528 3368 τοῦ
3571 3308 3790 3366 πιστεύον-

2291 3421 2381 3467 τος
2429 3405 2566 3475 πρὸς
2623 3406 2717 3459 τὸν
2799 3408 3200 3478 πιστευόμενον
3250 3409 3400 3476 Θεὸν,
3468 3406 3652 3468 τελείας
3693 3401 3788 3456 ἑνώ-

2294 3513 2450 3560 σεως.

2367 3589 2455 3657 Θκ,
2477 3589 2694 3663 Ἐπειδὴ
2725 3591 2902 3644 τοίνυν
2938 3591 2965 3643 δ
2997 3591 3289 3662 ἄνθρωπος
3319 3595 3382 3648 ὲκ
3406 3593 3566 3663 ψυχῆς
3585 3589 3789 3661 ὑπάρχων

2293 3682 2385 3734 καὶ
2414 3682 2684 3751 σώματος,
2705 3682 2828 3736 δυσὶ
2880 3683 3167 3737 σαλεύεται
3213 3687 3413 3756 νόμοις,
3468 3682 3642 3754 σαρκὸς
3685 3679 3787 3746 λέγω

2293 3771 2388 3823 καί⁸
2429 3772 2775 3842 πνεύματοςο
2810 3775 2904 3828 καὶ
2933 3775 2962 3827 ὁ
2993 3775 3091 3843 μὲν
3116 3775 3223 3846 τῆς
3267 3776 3459 3847 σαρκὸς
3504 3775 3658 3843 νόμος,
3685 3765 3786 3822 κατὰ

2291 3869 2392 3938 τὴν
2443 3864 2731 3936 αἴσθησινο
2765 3868 2793 3920 ὁ
2839 3867 2896 3919 δὲ
2946 3865 3040 3919 τοῦ
3087 3869 3419 3938 πνεύματος,
3456 3866 3577 3920 κατὰ
3601 3863 3674 3916 τὸν
3695 3856 3784 3911 νοῦν

2293 3957 2557 4029 κέκτηται
2583 3959 2682 4030 τὴν
2715 3951 2994 4030 ἐνέργειαν
3017 3975 3032 3991 ’
3067 3960 3167 4013 καὶ
3200 3963 3228 4014 ὁ
3263 3961 3358 4030 μὲν
3385 3959 3474 4029 τῆς
3529 3955 3692 4028 σαρκὸς
3711 3949 3785 4018 ὕλῃ

2296 4047 2504 4102 συνδεῖν
2563 4047 2794 4118 πέφυκε,
2869 4049 3012 4103 κατὰ
3063 4052 3164 4121 τὴν
3231 4051 3473 4120 αἴσθησιν
3527 4041 3782 4114 ἐνεργούμε-

2293 4157 2382 4203 νος
2411 4140 2485 4211 (ι)
2513 4156 2526 4169 ·
2566 4141 2594 4194 ὁ
2621 4141 2676 4194 δὲ
2717 4137 2811 4194 τοῦ
2853 4137 3168 4212 πνεύματος
3199 4141 3348 4196 ’κατὰ
3391 4129 3504 4193 νοῦν
3532 4130 3783 4206 ἐνεργούμε·

2293 4247 2404 4294 νοςν
2435 4225 2571 4302 πρὸς
2594 4231 2686 4284 τὸν
2716 4231 2846 4284 Θεὸν
2873 4233 3095 4302 ἀμέσως
3121 4236 3353 4310 ποιεῖται
3393 4233 3486 4304 τὴν
3513 4230 3698 4282 ἕνωσιν·
3725 4223 3781 4272 si-

2294 4322 2469 4386 κότως
2520 4323 2584 4376 '0
2627 4323 2714 4393 μὴ
2769 4323 3093 4394 διακριθεὶς
3144 4327 3215 4381 ἐν
3259 4324 3334 4394 τῇ
3387 4322 3578 4394 καρδίᾳ
3615 4310 3778 4369 αὐτοῦ’

603 4431 717 4469 non
772 4414 1045 4480 diviserit,
1102 4426 1364 4488 tanquam
1434 4419 1535 4490 qui
1581 4421 1972 4492 imperturbati
2019 4427 2188 4482 animi

2295 4415 2571 4469 τουτέστιν
2595 4457 2608 4480 ,
2643 4417 2702 4470 ὲν
2728 4415 2808 4486 τῷ
2853 4415 2934 4468 νοτ
2987 4417 3062 4488 μὴ
3118 4417 3413 4488 διακρίνας,
3471 4415 3614 4484 ἤγουν
3650 4406 3778 4457 διατε·

604 4508 760 4580 (quin
797 4515 856 4564 et
903 4509 1014 4578 jam
1069 4509 1207 4566 deus
1253 4526 1352 4581 per
1399 4510 1587 4584 ﬁdem)
1635 4514 1842 4570 unione
1880 4515 2060 4572 factus
2091 4519 2189 4585 sit,

602 4602 739 4656 dicet
782 4601 946 4656 monti
973 4603 1128 4656 huic:
1162 4602 1372 4671 Transi,
1403 4612 1454 4658 et
1487 4605 1732 4660 transibit
1758 4606 1805 4638 “
1837 4624 1851 4660 :
1888 4622 1999 4678 quo
2029 4609 2193 4666 modo

601 4693 888 4764 loquendi,
949 4694 1102 4750 velut
1151 4695 1332 4766 ipsum
1379 4696 1552 4768 digito
1603 4713 1830 4754 sensum
1887 4715 1958 4756 ac
2013 4701 2192 4773 legem

601 4785 786 4841 carnis
827 4785 1090 4852 ostendit,
1141 4802 1364 4858 gravem
1419 4788 1572 4843 illam
1628 4804 1695 4845 ac
1739 4789 1964 4846 difﬁcile
2017 4793 2196 4849 mobi-

671 4918 717 4951 “
747 4917 875 4991 Sap.
905 4935 1020 4985 xm,
1053 4921 1105 4976 5.
1181 4921 1227 4957 “
1259 4921 1426 4976 Hebr.
1457 4937 1533 4989 ιι,
1576 4922 1630 4978 1.

621 5049 625 5053 ’
669 5054 688 5076 ⁹
715 5051 871 5110 Conf.
903 5053 971 5108 ad
999 5053 1155 5110 Thai.
1184 5069 1239 5126 q.
1271 5055 1363 5112 55.

597 5191 1101 5282 ε,,(ξ).ἕιξξξ¹ξηῖὴὴ
1126 5193 1911 5282 μῖιτθηφνέγεργούμεγος-
1948 5201 2184 5282 Ειροιῄι

597 5262 718 5333 ipse
749 5262 1014 5318 Maximus
1041 5280 1162 5319 eam
1184 5262 1381 5320 vocem
1406 5262 1623 5331 active;
1657 5262 1756 5338 per
1782 5262 1886 5324 hoc
1913 5262 2064 5340 quod
2095 5271 2182 5325 di-

527 5399 532 5403 _
597 5337 674 5418 cit
714 5334 920 5421 ειπατὰῗ
956 5333 1052 5406 τὴν
1094 5335 1346 5421 αἴσθησιν
1371 5338 1573 5421 ...κατα
1609 5339 1856 5421 τὸν-’νοᾷν
1919 5342 2184 5421 κέκτηται

596 5403 700 5475 τὴν
739 5403 1056 5485 ἐνέργειανς
1092 5403 1282 5475 sicque
1313 5406 1520 5476 optime
1559 5409 1887 5481 intelligitur
1927 5403 2088 5480 quod'
2117 5411 2186 5466 de

602 5475 873 5529 charttate
915 5473 1092 5531 Galat.
1135 5491 1190 5532 v.
1244 5477 1322 5529 Δι’
1367 5477 1590 5534 ἀγάπης
1636 5481 2003 5534 ἐνεργουμένη
2031 5498 2045 5512 ·
2079 5481 2186 5534 Per

602 5488 873 5529 cnarttate
915 5488 1092 5531 uatat.
1135 5491 1190 5532 ν.
1244 5488 1322 5529 Δι’
1367 5488 1590 5549 ἀγάπης
1636 5488 2004 5552 ἐνεργουμένη
2031 5498 2045 5512 ·
2079 5488 2186 5534 Per

604 5543 920 5599 charitatem
949 5561 1197 5612 cperant,
1225 5554 1291 5601 ut
1321 5561 1432 5602 non
1479 5548 1622 5604 male
1662 5549 1875 5604 Erasm.
1910 5551 2048 5605 nihil
2077 5550 2188 5604 dis-

608 5621 886 5702 ξιῖῐιιιξιιοιιι
899 5615 1055 5702 vulg.
1083 5633 1200 5702 qua
1229 5633 1324 5687 per
1349 5619 1666 5701 alacritatem
1695 5629 1950 5702 operatur
1984 5635 2184 5702 :quem

614 5695 715 5736 uec
753 5682 829 5737 ita
857 5682 1359 5747 barbare'lociitum
1384 5682 1834 5758 existimandum,
1868 5701 1928 5744 ut
1971 5682 2187 5775 passiva

2295 4507 2416 4579 μὼν
2445 4505 2545 4579 τὴν
2589 4507 2679 4562 διὰ
2705 4507 2804 4576 τῆς
2835 4507 3071 4572 πίστεως
3125 4510 3262 4580 πρὸς
3312 4508 3400 4562 τὸν
3435 4501 3564 4559 ’Θεὸν
3608 4507 3773 4568 γεγενηο

2295 4602 2466 4672 μένην
2516 4601 2720 4670 ἄμεσον
2789 4601 2984 4654 ἕνωσιν
3012 4641 3028 4666 ,
3093 4602 3169 4666 ὡς
3231 4599 3456 4671 ἀπαθὴς,
3511 4593 3675 4667 μᾶλλον
3733 4582 3772 4635 δέ

2293 4693 2413 4757 θεὸς
2443 4693 2545 4764 ἤδη
2600 4692 2690 4746 διὰ
2730 4692 2826 4763 τῆς
2862 4693 3098 4757 πίστεως
3135 4696 3198 4765 τῇ
3252 4690 3435 4746 ὲνώσει
3467 4678 3770 4758 γεγενημένος.

2291 4784 2410 4854 ἐρεῖ
2442 4783 2522 4850 τῷ
2542 4783 2665 4852 ὄρει
2693 4785 2882 4850 τούτῳ
2920 4783 3270 4855 μεταϐῆναι,
3299 4782 3395 4837 καί
3420 4775 3767 4852 μεταϐήσεται·

1707 4925 1752 4958 δ’
1775 4924 1941 4982 Marc.
1973 4943 2032 4994 ιι,
2062 4927 2152 4984 25.
2229 4927 2276 4961 ⁵³
2309 4924 2443 4982 ibid.

2289 5202 2691 5276 signiﬁcatione
2722 5217 2843 5276 eam
2878 5216 3067 5258 vocem
3091 5196 3381 5276 acceperit,
3413 5176 3756 5276 quidquitfgeﬁf

2291 5261 2544 5329 videatur
2584 5274 2733 5348 Hier.
2763 5274 2883 5343 ipsa
2917 5261 3344 5348 saneﬁdes'est,
3367 5261 3460 5348 cui
3485 5261 3758 5348 ορςςξξξρήξξ

2295 5324 2471 5414 ita};
2485 5324 3435 5433 statuat.‘atgf'it'tt;‘naegssatian
3448 5324 3757 5433 adfligi:

2283 5399 2409 5469 nem
2451 5429 2639 5469 comes
2661 5399 2902 5468 Charitas
2929 5428 3024 5468 seu
3049 5412 3286 5472 dilectio,
3326 5408 3435 5462 sine
3454 5405 3684 5478 qua}!!!

2283 5495 2450 5559 atque
2481 5493 2699 5559 mortua
2723 5525 2738 5548 ,
2767 5484 3100 5559 n_on-vale-ns
3138 5469 3341 5559 scilicet
3365 5469 3758 5559 verafitting):l

2282 5529 3146 5628 inchoatione
3173 5565 3232 5604 ac
3261 5537 3566 5628 disponendo
3595 5529 3646 5586 ad
3663 5538 3734 5598 μοι

2284 5624 2482 5682 tectam
2509 5625 2783 5697 justitiam
2807 5640 2877 5680 es
2909 5624 3151 5680 motione
3179 5624 3374 5692 gratiae.
