4094 6204
336 280 472 347 1225

965 289 1301 349 CAPITUM
1339 287 1758 358 QUINQUIES
1797 285 2316 350 CENTENORUM
2353 289 2744 353 CENTURIA
2783 293 2869 357 II.

3453 293 3590 358 1226

330 394 615 460 δεικτικῶς
649 395 736 448 διὰ
778 397 872 450 τοῦ
903 397 1061 451 τοῦτο
1081 399 1271 466 φάναι,
1305 400 1367 454 τὸ
1396 401 1651 472 φρόνημα
1694 400 1787 456 καὶ
1816 399 1906 452 τὸν

2014 397 2150 468 lem;
2199 401 2458 471 quodque
2496 401 2696 458 attinet
2753 403 2821 459 ad
2887 404 3207 462 facultatem
3258 408 3587 472 naturalem,

336 483 502 554 νόμον
533 484 710 554 δηλῶν
736 487 835 556 τῆς
863 489 1087 560 σαρκὸς,
1114 490 1204 541 τὸν
1233 490 1404 561 βαρὺν
1436 491 1604 556 ὅντως
1646 494 1742 546 κα)⁵
1778 492 1906 545 δυσ-

335 575 727 644 μετακίνητον,
788 578 884 630 καὶ
956 580 1080 632 ὅσον
1151 581 1288 651 πρὸς
1349 583 1578 654 δύναμιν
1636 581 1906 654 φυσικὴν,

331 665 612 728 παντελῶς
632 666 891 738 ἀκίνητον
921 669 1014 723 καὶ
1047 670 1361 726 ἀσάλευτον.
1907 682 1912 686 ’

405 754 459 812 ι’.
490 757 758 812 Τοσοῦτον
790 761 1090 833 ὲρῥίζωται
1135 767 1198 836 τῇ
1241 766 1400 835 φύσει
1451 765 1561 818 τῶν
1609 766 1910 838 ἀνθρώπων

331 848 423 903 διὰ
465 850 564 920 τῆς
612 852 919 923 αἰσθήσεως
969 857 1003 925 ἡ
1033 856 1133 925 τῆς
1168 857 1393 926 ἀλογίας
1460 857 1709 928 δύναμις,
1770 858 1910 913 ὥστε

333 941 459 1004 τοὺς
488 941 716 1006 πολλοὺς
749 944 874 1015 μηδ’
913 944 1041 998 ἄλλο
1056 963 1110 998 τι
1147 947 1391 1016 νομίζειν
1417 945 1554 1001 εἶναι
1579 949 1670 1002 τὸν
1703 947 1911 1018 ἄνθρω-

333 1043 457 1094 πον,
481 1031 514 1100 ἢ
535 1031 733 1100 σάρκα,
762 1032 994 1104 δύναμιν
1016 1037 1150 1105 πρὸς
1175 1037 1475 1089 ἀπόλαυσιν
1505 1019 1606 1107 τῆς
1630 1037 1910 1112 παρούσης

334 1119 485 1190 ζωῆς·
501 1122 599 1191 τὴν
634 1122 885 1194 αἴσθησιν
922 1124 1169 1195 ἔχουσαν.

408 1217 500 1264 ια’.
531 1214 755 1278 Πάντα,
804 1217 959 1286 φησὶ,
997 1217 1224 1270 δυνατὰ
1261 1217 1342 1283 τῷ
1402 1221 1770 1286 πιστεύοντι,
1812 1225 1908 1276 καὶ

331 1297 416 1367 μὴ
464 1299 919 1370 ὃιακρινομένῳ,
1004 1304 1249 1358 τουτέστι
1293 1308 1367 1376 μὴ
1421 1307 1785 1381 διαιρουμὲνῳ
1815 1311 1912 1380 τῆς

336 1391 479 1443 κατὰ
507 1393 630 1445 νοῦν
663 1393 752 1447 διὰ
793 1395 1028 1459 πίστεως
1061 1397 1430 1468 γεγενημένης
1467 1399 1612 1470 αὐτῷ
1652 1401 1788 1472 πρὸς
1819 1404 1911 1455 τὸν

335 1475 468 1529 Θεὸν
506 1477 776 1543 ἐνώσεως.
835 1482 924 1536 διὰ
969 1485 1066 1554 τὴν
1095 1484 1230 1555 πρὸς
1269 1485 1331 1537 τὸ
1372 1485 1531 1557 σῶμα
1581 1489 1681 1558 τῆς
1733 1491 1912 1562 ψυχῆς

336 1567 479 1621 κατὰ
504 1569 602 1640 τὴν
631 1571 882 1641 αἴσθησιν
925 1575 1142 1644 σχέσιν⁸
1181 1577 1281 1629 ὅσα
1329 1578 1533 1650 κόσμου
1564 1583 1659 1635 καὶ¹
1707 1584 1912 1655 σαρκὸς

335 1657 428 1711 τὸν
457 1659 580 1712 νοῦν
621 1661 916 1734 ἅλλοτριοϊ·
963 1665 1080 1736 Θεῷ
1095 1667 1150 1719 δὲ
1185 1673 1534 1738 προσοικειοί,
1562 1673 1913 1746 τετελειωμέ-

2009 505 2234 559 prorsus
2286 491 2626 547 immobilem
2666 509 2730 548 ac
2780 493 3185 552 inconcussam.

2081 748 2169 803 l0.
2209 749 2299 805 Sic
2327 751 2482 816 altas,
2515 767 2710 807 sensus
2759 767 2946 822 opera,
2975 753 3189 808 radices
3221 753 3276 808 in
3302 753 3589 808 hominum

2010 852 2206 896 natura
2255 844 2366 914 egit
2413 844 2746 900 irrationalis
2811 845 3062 910 facultas,
3117 853 3176 900 ut
3227 845 3374 915 vulgi
3429 846 3597 916 longe

2011 942 2139 1003 pars
2171 937 2408 992 maxima
2443 937 2580 991 nihil
2619 938 2902 994 hominem
2951 953 3072 993 esse
3113 935 3452 999 existiment,
3481 937 3600 990 nisi

2011 1044 2234 1085 carnem
2287 1047 2451 1086 sensu
2489 1032 2797 1102 praeditam,
2854 1048 2962 1102 qua
3023 1032 3280 1086 facultate
3334 1027 3601 1100 prmsenti‘

2012 1121 2123 1175 vita
2167 1121 2404 1178 fruatur.

2085 1214 2172 1266 ll.
2242 1211 2456 1280 Omnia,
2511 1215 2710 1284 inquit,
2758 1213 3025 1285 possibilia
3073 1222 3194 1268 sunt
3233 1213 3483 1276 credenti,
3528 1228 3592 1266 ac

2013 1304 2079 1366 ei,
2119 1305 2207 1374 qui
2252 1323 2356 1358 non
2395 1305 2708 1359 discernitur
2750 1305 2833 1371 “,
2889 1306 2984 1375 qui
3030 1303 3240 1359 scilicet
3287 1318 3398 1358 non
3448 1301 3590 1357 divi-

2012 1392 2164 1449 ditur
2210 1413 2240 1450 a
2288 1399 2489 1452 mentis
2538 1413 2665 1451 cum
2715 1397 2827 1451 Deo
2872 1412 2972 1467 per
3027 1395 3191 1450 ﬁdem
3243 1397 3464 1459 unione,
3519 1394 3589 1448 ob

2013 1486 2183 1539 animi
2240 1503 2364 1542 cum
2424 1504 2654 1559 corpore
2692 1503 2790 1559 per
2840 1503 3037 1543 sensus
3103 1486 3587 1542 necessitudinem.

2012 1575 2363 1648 Quaecunque
2419 1579 2683 1632 nimirum
2735 1579 2999 1634 amundo
3034 1594 3096 1633 ac
3140 1593 3303 1634 carne
3353 1587 3588 1633 mentem

2014 1677 2265 1730 avocant,
2313 1670 2534 1738 Deoque
2566 1670 2867 1726 virtutibus
2921 1671 3224 1740 perfectum
3271 1670 3590 1724 conciliant.

336 1765 425 1802 νον
469 1753 584 1813 τοῖς
627 1755 1037 1825 κατορθώμασι.
1120 1758 1288 1812 Τοῦτο
1343 1761 1452 1830 γὰρ
1528 1780 1911 1834 προσυπακού-

2014 1757 2070 1811 Id
2116 1759 2262 1812 enim
2315 1737 2755 1814 subaudiendum
2801 1761 2857 1814 in
2895 1737 2962 1815 eo
3005 1761 3153 1831 quod
3207 1760 3433 1826 dicitur,
3468 1759 3590 1815 0m-

338 1840 493 1894 στέον
517 1841 614 1913 τῷ,
649 1844 851 1899 Πάντα
883 1847 1111 1902 δυνατὰ
1151 1849 1231 1914 τῷ
1264 1855 1628 1911 πιστεύοντι.

416 1931 500 2000 ιβ’.
555 1933 617 1987 Ἠ
647 1936 827 2000 πίστις
880 1939 1267 2006 ἀναπόδεικτος
1301 1947 1497 2012 γνῶσίς
1548 1951 1713 2004 ἐστιν.
1763 1953 1825 2004 El
1857 1953 1913 2007 δὲ

337 2023 539 2092 γνῶσίς
567 2028 715 2080 ἐστιν
743 2029 1151 2098 ἀναπόδεικτος,
1186 2035 1294 2107 ἄρα
1349 2041 1530 2109 σχέσις
1576 2044 1724 2097 ἐστὶν
1773 2046 1912 2116 ὑπὲρ

338 2115 500 2183 φύσιν
519 2117 549 2186 ἡ
569 2118 783 2182 πίστις,
815 2121 882 2173 δι’
903 2118 971 2194 ἦς
996 2119 1309 2192 ἀγνῶστως,
1340 2130 1454 2183 ἀλλ’
1489 2133 1588 2186 οὐκ
1615 2115 1912 2191 ἀποδεικτι-

336 2206 450 2350 ἔῷς
503 2209 771 2280 ἑνούμεθα
828 2213 906 2284 τῷ
971 2215 1091 2286 Θεῷ
1155 2219 1294 2272 κατὰ
1360 2222 1459 2292 τὴν
1530 2225 1672 2296 ὑπὲρ
1729 2227 1913 2298 νόησιν

370 2316 553 2350 νωσιν-

370 2316 553 2356 νωσιν.

413 2488 502 2548 ιγ’.
555 2482 598 2532 Τ
603 2481 665 2552 ἦν
716 2484 918 2552 ἆμεσον
951 2487 1130 2541 λαϐὼν
1177 2488 1369 2545 ἕνωσιν
1410 2493 1544 2562 πρὸς
1583 2496 1688 2568 κτὸν
1721 2497 1850 2550 Θεὸν
1885 2502 1912 2553 ὁ

341 2569 487 2635 νοῦς,
522 2572 626 2644 τὴν.
659 2575 754 2625 τοῦ
787 2579 924 2628 νοεῖν
953 2579 1045 2630 καὶ
1072 2580 1307 2636 νοεῖσθαι
1361 2586 1640 2650 παντελῶς
1683 2589 1912 2660 δύναμιν

339 2658 453 2730 ἔχει
477 2659 843 2730 σχολάζουσαν
883 2667 982 2735 (a).
1029 2669 1298 2741 Ὀπηνίκα
1344 2675 1474 2741 γοῦν
1512 2676 1713 2747 ταύτην
1738 2658 1909 2746 λύσει,

336 2753 539 2844 νοήσας
591 2771 643 2806 τι
683 2756 792 2808 τῶν
852 2759 989 2828 μετὰ
1049 2760 1203 2827 Θεὸν,
1260 2765 1530 2838 διεκρίθη,
1579 2770 1762 2841 τεμὼν
1815 2773 1912 2844 τὴν

337 2843 480 2933 ὑπὲρ
509 2846 694 2915 νόησιν
724 2847 936 2912 ἕνωσιν,
965 2851 1087 2904 καθ’
1112 2854 1178 2923 ἣν
1209 2855 1312 2918 ἕως
1333 2858 1448 2909 ἐστὶ
1470 2858 1547 2930 τῷ
1564 2860 1680 2931 Θεῷ
1709 2843 1914 2933 συνημ-

340 2932 522 3025 μένος,
555 2936 630 2999 ὡς
666 2938 805 3008 ὑπὲρ
842 2941 1004 3008 φύσιν
1051 2944 1142 2995 καὶ
1173 2947 1237 3016 τῇ
1275 2947 1489 3015 μεθέξει
1522 2951 1653 3014 Θεὸς
1683 2932 1910 3025 γεγενη‹

340 3022 520 3093 μένος,
545 3027 795 3115 καθαπερ
823 3031 946 3101 ὅρος
975 3033 1252 3104 ἀκίνητον,
1291 3038 1486 3092 ἑαυτοῦ
1541 3041 1633 3095 τὸν
1662 3043 1765 3114 τῆς
1812 3022 1911 3115 φύ-

373 3131 473 3179 εως
496 3109 817 3190 μετατίθησι
855 3123 1040 3194 νόμον.

410 3290 491 3347 ιδ’.
531 3291 589 3344 '0
617 3294 753 3364 πρὸς
775 3295 1055 3352 εὐσέϐειαν
1095 3301 1467 3372 εἰσαγόμενος,
1505 3307 1770 3376 περὶτῶν
1817 3309 1909 3380 ἕρ-

336 3397 449 3449 γων
477 3383 860 3454 διδασκόμενος
908 3389 1006 3457 τῆς
1052 3390 1418 3464 δικαιοσύνης,
1456 3400 1553 3467 τὴν
1586 3400 1782 3470 πρᾶξιν
1813 3403 1908 3472 μό-

337 3492 435 3542 νην
503 3477 760 3543 ἐπιτελεῖ,
815 3481 953 3550 μετὰ
1010 3483 1191 3554 πάσης
1234 3486 1480 3558 ὑπακοῆς
1526 3492 1617 3542 καὶ
1656 3493 1906 3556 πίστεως,

259 3567 265 3576 '
337 3569 586 3641 καθάπερ
619 3574 828 3643 σάρκας
859 3573 1055 3628 ἐσθίων
1086 3576 1192 3628 τῶν
1239 3579 1448 3648 ἀρετῶν
1493 3581 1562 3632 τὰ
1589 3583 1907 3651 φαινόμενα,

337 3663 435 3734 τὴν
462 3663 654 3734 ἠθικὴν
679 3663 920 3734 δηλονότι
960 3667 1363 3734 παιδαγωγίαν·
1405 3671 1531 3732 τοὺς
1581 3671 1636 3722 δὲ
1667 3671 1774 3723 τῶν
1824 3674 1910 3724 ὲνα

337 3757 505 3810 τολῶν
530 3757 741 3825 λόγους,
767 3759 826 3810 ὲν
867 3752 947 3821 οἷς
973 3761 1006 3827 ἡ
1034 3757 1142 3810 τῷν
1164 3759 1382 3811 τελείων
1417 3759 1655 3830 ὑπάρχει
1686 3761 1909 3831 γνῶσις,

338 3849 416 3920 τῷ
464 3849 583 3920 Θεῷ
647 3853 974 3922 παραχωρεῖ
1013 3850 1099 3904 διὰ
1160 3851 1260 3920 τῆς
1313 3851 1571 3914 πίστεως,
1635 3854 1709 3926 μὴ
1756 3853 1912 3908 δυνά-

341 3957 500 4011 μενος
573 3942 1041 4010 συνεπεκταθῆναι
1085 3942 1222 4004 τέως
1281 3940 1359 4011 τῷ
1411 3943 1572 4013 μήκει
1627 3945 1726 4015 τῆς
1771 3947 1911 4013 γνώο

340 4046 497 4095 σεως.

407 4129 485 4175 ιε’.
533 4123 590 4176 Ὀ
642 4123 871 4186 τέλειος,
925 4124 985 4174 ού
1034 4123 1194 4191 μόνον
1250 4124 1348 4193 τὴν
1379 4125 1489 4176 τῶν
1541 4129 1912 4199 εἰσαγομένων

256 4268 263 4275 ,
337 4213 509 4276 τάξιν,
549 4212 684 4266 ἀλλὰ
710 4215 801 4265 καὶ
835 4213 933 4284 τὴν
974 4213 1083 4266 τῶν
1123 4216 1540 4285 προκοπτόντων
1574 4219 1906 4291 διαδραμὼν,

336 4306 434 4355 οὐκ
473 4306 659 4368 ἀγνοεῖ
705 4307 812 4356 τῶν
860 4306 950 4358 ὑπ’
979 4305 1143 4359 αὐτοῦ
1185 4309 1306 4360 κατ’
1360 4309 1578 4379 ἐντολὴν
1611 4313 1911 4383 γινομένων

2014 1847 2104 1900 nia
2139 1848 2408 1918 possibilia
2461 1856 2583 1903 sunt
2615 1849 2867 1903 credenti.

2085 1937 2174 2017 12'.
2237 1938 2422 2003 Fides,
2479 1938 2725 2009 cognitio
2772 1945 2858 1993 est
2907 1938 3440 1994 indemonstrabilis.
3495 1935 3590 1992 Sin

2012 2039 2197 2083 autem
2251 2028 2329 2081 ita
2377 2045 2436 2083 se
2472 2046 2563 2084 res
2594 2031 2782 2094 habet,
2815 2046 2946 2100 ergo
3006 2030 3143 2084 fides
3192 2028 3458 2084 habitudo
3492 2043 3589 2081 na-

2014 2131 2135 2175 tura
2181 2120 2434 2189 superior
2473 2131 2590 2188 est;
2638 2137 2738 2190 per
2786 2136 2949 2190 quam
2983 2121 3165 2191 ignota
3211 2121 3446 2184 ratione,
3479 2133 3588 2172 non

2013 2230 2134 2284 quae
2172 2213 2646 2268 demonstratione
2690 2212 2850 2282 537
2900 2211 3132 2275 nitatur,
3191 2212 3303 2265 Deo
3346 2212 3596 2280 unimur,

2012 2288 2132 2376 eius
2180 2305 2399 2376 generis
2453 2303 2660 2358 unione
2693 2318 2815 2373 quae
2845 2303 3077 2358 excedat
3134 2303 3337 2358 mentis
3366 2317 3586 2357 omnem

2013 2397 2336 2467 cogitatum.

2085 2489 2169 2542 15.
2212 2488 2444 2543 Animus
2470 2486 2842 2541 immediatam
2885 2501 3011 2540 cum
3059 2485 3174 2540 Deo
3202 2484 3462 2540 unionem
3494 2500 3563 2539 na

2013 2587 2155 2641 ctus,
2192 2578 2300 2631 vim
2353 2594 2459 2646 qua
2495 2576 2749 2646 intelligit
2785 2591 2848 2630 ac
2874 2575 3210 2646 intelligatur
3243 2591 3469 2646 prorsus
3494 2592 3589 2629 va-

2012 2678 2227 2725 cantem
2261 2670 2446 2724 habet.
2478 2669 2579 2726 Ubi
2607 2669 2776 2740 igitur
2797 2669 2939 2723 hanc
2970 2668 3217 2732 solverit,
3247 2683 3440 2722 eorum
3471 2683 3592 2736 quae

2012 2776 2043 2813 a
2087 2761 2198 2814 Deo
2237 2759 2475 2814 secunda
2522 2768 2650 2814 sunt
2689 2757 2894 2829 aliquid
2937 2757 3591 2828 intelligens,,discretus

2012 2862 2114 2918 est,
2167 2853 2404 2907 dissecta
2447 2853 2537 2907 illa
2587 2853 2790 2907 unione
2837 2867 2960 2921 quaa
2987 2851 3137 2904 omni
3184 2850 3388 2904 mentis
3428 2849 3591 2903 intel-

2012 2942 2233 3013 ligentia
2283 2943 2538 3012 superior
2571 2955 2691 2996 est:
2730 2957 2857 3010 qua,
2897 2940 3141 3010 quandiu
3185 2939 3425 2994 cohmret
3457 2939 3589 3003 Deo,

2015 3044 2273 3102 tanquam
2320 3043 2516 3088 natura
2574 3032 2829 3102 superior
2876 3031 3124 3100 deusque
3181 3030 3369 3086 divino
3416 3029 3591 3086 factus

2017 3127 2370 3190 commercio,
2404 3126 2554 3179 velut
2579 3133 2824 3179 montem
2858 3123 3218 3189 immobilem,
3243 3139 3351 3178 ase
3384 3131 3593 3178 naturae

2017 3219 2191 3288 legem
2242 3216 2522 3270 transfert.
3593 3227 3596 3231 ·

2090 3307 2175 3362 Μ.
2218 3305 2321 3372 Qui
2357 3304 2423 3358 ad
2461 3305 2722 3374 pietatem
2756 3301 3148 3367 introducitur,
3199 3303 3253 3355 in
3296 3317 3469 3370 eaque
3499 3315 3589 3354 ru—

2003 3397 2378 3463 ,dimentarius
2429 3404 2532 3458 est,
2569 3409 2692 3447 cum
2729 3393 2991 3446 doceatur
3017 3392 3243 3462 justitia:
3284 3407 3473 3461 opera,
3508 3407 3592 3444 so-

2017 3489 2124 3540 lam
2187 3486 2460 3539 netionem
2507 3490 2747 3551 prastat,
2802 3480 2896 3549 qui
2942 3481 3202 3533 nimirum
3267 3496 3392 3533 cum
3443 3483 3590 3533 omni

2018 3576 2331 3630 obedientia
2392 3583 2446 3626 et
2500 3573 2626 3635 fide,
2673 3571 2845 3625 veluti
2899 3585 3112 3634 carnes,
3159 3585 3279 3638 quae
3324 3571 3589 3624 virtutum

2019 3670 2311 3736 consriicua
2372 3675 2499 3719 sunt
2553 3665 2840 3734 (moralem
2895 3663 3106 3719 scilicet
3165 3663 3590 3730 institutionem)

2019 3760 2286 3814 comedat.
2345 3757 2728 3812 Mandatorum
2780 3765 2962 3810 autem
3007 3755 3268 3818 rationes,
3298 3755 3354 3809 in
3392 3755 3594 3824 quibus

2019 3851 2385 3922 perfectorum
2430 3849 2604 3918 posita
2635 3848 2864 3902 scientia
2897 3857 3000 3912 est,
3046 3847 3158 3900 Deo
3197 3846 3464 3916 permittit
3498 3862 3595 3916 per

2021 3941 2216 4005 fidem;
2266 3939 2412 4008 quod
2478 3935 2748 3992 hactenus
2810 3947 3012 4008 quanta
3063 3936 3292 3991 scientia
3347 3945 3453 4001 est,
3502 3953 3595 3991 ex-

2021 4032 2169 4087 tendi
2221 4048 2330 4085 non
2376 4039 2578 4100 potest.

2092 4136 2178 4190 l5.
2219 4135 2527 4197 Perfectus,
2566 4135 2659 4203 qui
2702 4133 2906 4187 nedmn
2967 4148 3158 4187 eorum
3199 4134 3294 4203 qui
3346 4132 3595 4186 introdu-

2018 4236 2239 4288 cuntur,
2279 4223 2376 4278 sed
2402 4231 2458 4279 et
2499 4223 2906 4294 proficientium
2949 4222 3199 4275 ordinem
3230 4236 3592 4290 percucurre-

2019 4317 2111 4382 rit,
2139 4332 2332 4370 eorum
2356 4331 2477 4384 qum
2506 4313 2572 4367 ab
2599 4313 2718 4382 ipso
2756 4312 2832 4365 illi
2861 4321 3132 4380 praecepta
3164 4311 3324 4374 fiunt,
3354 4311 3594 4365 rationes

335 4397 459 4459 τοὺς
510 4395 722 4460 λόγους,
781 4395 895 4447 ἀλλ’
958 4397 1200 4458 ἐκείνους
1231 4397 1503 4468 πνεύματι
1546 4401 1760 4470 πρῶτον
1794 4402 1909 4456 δια-

2017 4425 2126 4463 non
2164 4407 2374 4470 nescit;
2430 4405 2526 4460 sed
2570 4405 2677 4459 illis
2715 4405 2952 4474 primum
2996 4403 3192 4472 spiritu
3237 4403 3588 4461 interbibitis.

335 4486 492 4549 πιὼν,
532 4487 711 4539 πᾶσαν
745 4486 911 4538 ἐσθίει
945 4487 1031 4539 διὰ
1082 4489 1191 4540 τῶν
1229 4488 1409 4559 ἔργων
1448 4491 1546 4561 τὴν
1580 4490 1756 4563 σάρκα
1788 4495 1898 4549 τῶν

403 4601 449 4634 ⁸⁸
476 4602 638 4657 Marc.
673 4618 745 4667 Ix,
772 4603 860 4658 22.

404 4715 481 4785 (a)
511 4715 629 4782 Τὴν
652 4717 754 4769 τοῦ
783 4717 945 4770 νοεῖν
968 4716 1066 4769 καὶ
1096 4717 1359 4771 νοεῖσθαι
1389 4718 1701 4785 παντελῶς
1731 4721 1918 4777 δύνα-

331 4788 576 4860 ίιιξοὲχει
597 4785 1022 4860 σχολάζουσαν
1077 4787 1382 4860 vacantem,
1402 4789 1658 4860 otiantem
1677 4789 1777 4860 (uti
1793 4793 1914 4860 jam

337 4854 476 4925 ὑπὲρ
521 4854 724 4924 νόησιν,
786 4859 972 4927 mentis
1021 4859 1252 4926 cogitatu
1297 4858 1575 4927 superior)
1623 4854 1917 4918 habet'vim

336 4927 524 5008 animi,
544 4943 648 4995 qua
678 4942 750 5008 se,
773 4926 855 4980 vel
876 4927 1022 5008 aliud
1050 4928 1252 5008 quidvis
1283 4926 1471 4997 cogitet
1495 4936 1588 5008 aut
1607 4929 1878 5008 intelligat
1895 4949 1914 4998 ;

335 4995 586 5050 divinum
620 4997 804 5076 potius
828 4998 1040 5066 patiens
1063 4995 1608 5120 ἰιΙῗρειιιιιζιιιιοῙιιιιι
1639 4995 1802 5054 (ὶιειιει⁷
1821 4995 1916 5055 fiat

335 5074 499 5120 atoue
524 5075 768 5120 exsrstat.
791 5067 891 5120 Hic
920 5068 1144 5120 planust
1181 5067 1347 5120 animi
1373 5083 1588 5120 sensus.
1608 5067 1914 5120 innumeris

334 5074 499 5134 atque
524 5067 768 5121 exsistat.
791 5067 891 5120 Hic
920 5068 1114 5135 planus
1130 5067 1347 5121 Maximi
1373 5083 1588 5131 sensus,
1608 5067 1914 5127 innumeris

335 5137 414 5207 illi
445 5135 901 5207 locisAexpressus
922 5176 937 5201 ,
975 5137 1298 5207 cunctisque
1340 5137 1586 5207 mysticis
1607 5137 1915 5195 familiaris-

334 5206 525 5276 simus.
564 5202 675 5258 lloc
707 5221 901 5274 nempe
947 5206 1095 5276 quod
1123 5202 1224 5269 ait,
1265 5202 1522 5275 ὑπεράνω
1575 5207 1677 5275 τῆς
1725 5209 1914 5272 οὐσίας

333 5275 463 5347 τῶν
485 5276 679 5347 όντων,
719 5275 1026 5347 γενόμενον,
1073 5280 1164 5328 τὸν
1206 5278 1306 5344 τῆς
1354 5276 1504 5347 θείας
1561 5279 1654 5330 καὶ
1691 5279 1912 5347 ἀμάχου

336 5345 565 5416 μονάδος
592 5345 842 5416 δέχεσθαι
880 5347 1182 5414 φωτισμὸν,
1220 5355 1416 5416 utcap.
1447 5345 1516 5400 95
1547 5345 1914 5416 praecedentis

331 5413 682 5468 Centenarii.
721 5413 1203 5470 Picus’contrario
1255 5413 1450 5478 seris",
1518 5413 1656 5471 Totis
1716 5418 1911 5473 viribus

331 5484 384 5535 in
417 5485 471 5537 id
500 5484 752 5538 incumbit
783 5493 838 5536 ut
869 5484 1135 5552 intelligat
1168 5494 1214 5538 et
1249 5484 1614 5552 intelligatur;
1645 5487 1914 5554 quod-es-

333 5555 864 5624 δεινάσχολὰςουσαν,
895 5570 1231 5624 prorsusque
1253 5555 1534 5608 abhorret.
1571 5557 1770 5610 Verum
1798 5574 1906 5612 non
1950 5555 1955 5562 ’

333 5623 467 5694 satis
507 5624 620 5678 Pici
649 5632 907 5694 provecta
951 5639 1107 5694 mens
1145 5623 1249 5693 pro
1299 5625 1652 5694 mysticorum
1685 5627 1908 5681 silentio

333 5690 427 5746 ille
459 5702 623 5762 atque
650 5690 784 5745 wotio
828 5709 890 5745 ac
924 5690 1175 5761 caligine,
1226 5695 1310 5747 cui
1342 5690 1572 5746 multum
1628 5695 1699 5746 sit
1733 5705 1790 5747 ut
1819 5697 1906 5749 in-

690 5787 958 5844 PA‘I‘ROL.
1005 5788 1116 5844 Gn.
1171 5788 1291 5844 XC.

2006 4501 2275 4554 virtutum
2322 4513 2540 4553 omnem
2579 4513 2822 4561 carnem,
2874 4510 3103 4565 operum
3161 4495 3276 4566 ipsa
3310 4497 3589 4551 functione

2022 4727 2246 4782 cumbat
2267 4730 2470 4798 φύσικῇ
2490 4725 2826 4798 θεωρξᾳδιοιι
2849 4726 2906 4798 in
2943 4726 3114 4779 Deum
3164 4740 3293 4798 rere
3329 4725 3594 4798 spiritalis

2021 4795 2288 4854 excedat
2306 4795 2468 4864 Quod
2509 4795 2778 4850 Maximus
2804 4796 2894 4850 hic
2918 4806 2975 4850 et
3006 4810 3128 4864 cap.
3166 4795 3226 4847 ll
3249 4795 3309 4846 τὸ
3338 4795 3587 4865 διακριθῇ

2021 4867 2247 4938 exponit
2280 4868 2474 4938 divisus
2519 4865 2695 4938 fuerit,
2732 4867 2891 4935 longe
2915 4876 3059 4938 es_t__a
3091 4864 3366 4938 communi
3421 4864 3592 4938 expli;

2017 4934 2428 5007 catione.Vulg.
2450 4934 2850 5007 en‘im,Erasm.
2870 4935 3058 5007 etalii,
3087 4935 3279 5007 καὶμὴ
3311 4934 3586 5007 διακριθῇ,

2016 5007 2087 5062 Et
2114 5024 2218 5061 non
2248 5003 2571 5062 dubitauerit
2592 5022 2610 5060 :
2634 5006 2782 5075 quod
2833 5012 2895 5058 ut
2928 5006 3002 5059 ita
3063 5004 3382 5075 redderent,
3417 5003 3590 5058 suasit

2016 5078 2165 5146 quod
2202 5077 2476 5147 sequitur,
2503 5073 3109 5147 d1).&_rrtorsdcn._quae
3139 5084 3223 5128 est
3260 5073 3589 5147 lidesmira—

2016 5143 2298 5218 Quorum,
2315 5149 2403 5203 cui
2433 5147 2730 5218 opponitur
2751 5143 3022 5218 haesitatio
3051 5145 3140 5200 illa
3169 5154 3232 5218 et
3265 5143 3585 5218 diuidenda.

2019 5215 2158 5271 Hinc
2177 5217 2332 5272 Suid.
2358 5213 2718 5286 διακρίνεται.
2761 5215 3112 5286 ἀμφιϐάλλει,
3155 5216 3390 5286 ἀπιστεῖ.
3431 5213 3588 5268 Prior

2015 5286 2344 5356 significatio
2391 5284 2565 5355 magis
2611 5286 2798 5340 arrisit
2852 5285 3110 5348 Maximo,
3153 5284 3296 5354 quod
3345 5285 3422 5356 illi
3469 5287 3584 5356 \jisa

2012 5354 2214 5426 aptior,
2251 5358 2309 5411 in
2350 5373 2457 5426 qua
2491 5354 2721 5412 sensum
2759 5355 3358 5426 mysticuml‘undaret.
3396 5354 3584 5426 Sedet

2013 5425 2070 5478 in
2110 5424 2496 5481 incredulitate
2540 5435 2597 5481 et
2638 5424 2964 5489 dillidentia,
3023 5425 3312 5479 divisioni;
3363 5424 3583 5494 quidam

2011 5509 2208 5565 sensus
2231 5504 2336 5560 est,
2372 5512 2442 5551 ex
2471 5512 2580 5565 qua
2601 5497 2766 5550 etiam
2809 5496 2888 5550 illi
2918 5507 3022 5559 est,
3067 5503 3126 5549 ut
3178 5496 3268 5550 obs
3304 5497 3462 5549 acuto
3516 5498 3584 5550 sit

2010 5564 2211 5619 divina:
2255 5564 2634 5630 virtuti,’dum
2667 5567 2747 5620 sic
2783 5566 3044 5620 hresitans
3072 5582 3184 5618 non
3214 5565 3264 5617 il'
3355 5565 3588 5618 firmiter

2009 5634 2272 5700 adiceret,
2307 5636 2402 5690 sed
2433 5635 2864 5706 cogitationibus
2887 5635 3177 5688 dividitur.

3150 5788 3228 5847 39
