4094 6204
498 250 632 320 1227

1686 252 1750 313 S.
1787 251 2074 313 ΜΑΧῘΜῙ
2114 250 2623 315 CONFESSORIS

3614 252 3753 317 1228

494 367 758 433 comedit,
800 382 996 423 eorum
1034 373 1246 421 motum
1277 378 1400 436 quae
1447 378 1609 421 sensu
1665 364 1865 419 comite
1908 362 2071 431 ﬁunt,

2176 365 2409 436 ἀρετῶν,
2435 364 2572 436 πρὸς
2602 360 2702 435 τὴν
2715 361 2858 418 κατὰ
2873 361 2999 417 νοῦν
3037 361 3237 432 γνῶσιν
3258 362 3629 433 ἀναῠιῦάεων,
3652 368 3752 439 την

493 459 563 515 ad
604 458 890 515 scientiam
938 455 1138 511 mentis
1186 455 1519 527 provehens.

563 548 651 605 16.
690 547 827 604 Cum
864 546 1127 601 Dominus
1158 547 1237 602 ait
1267 564 1281 600 :
1322 545 1553 612 Quwrite
1586 547 1816 617 primum
1850 562 2073 615 regnum

495 638 613 704 Dei,
650 649 701 692 et
740 638 1010 709 justitiam
1059 638 1172 707 ejus
1216 636 1295 703 “;
1353 638 1462 693 hoc
1500 646 1606 702 est,
1664 637 1904 708 primum
1953 651 2075 691 om-

493 728 648 783 nium
691 727 977 782 scientiam
1013 727 1284 793 veritatis,
1314 736 1543 799 tumque
1579 736 1642 784 ut
1681 729 2075 785 convenientes

493 818 689 875 modos
732 819 1026 884 excolatis;
1067 820 1245 889 palam
1276 819 1537 900 ostendit
1574 820 1816 875 divinam
1864 819 2072 875 solum-

492 910 658 966 modo
698 910 985 967 scientiam
1017 910 1273 966 ﬁdelibus
1306 911 1655 982 quaerendam
1690 927 1833 977 esse,
1868 921 1926 968 et
1951 926 2073 982 qua:

492 999 573 1057 illi
630 1017 730 1073 per
786 1016 954 1072 Opera
1002 1009 1329 1057 ornamento
1376 1010 1481 1065 est,
1530 1003 1813 1058 virtutem.

564 1182 651 1236 l7.
712 1180 851 1236 Cum
926 1180 1097 1234 multa
1166 1178 1424 1233 ﬁdelibus
1477 1176 1770 1246 quaerenda
1831 1176 1943 1231 sint
2001 1175 2069 1230 ad

492 1270 780 1327 scientiam
814 1284 879 1325 ac
911 1269 1168 1323 virtutem
1204 1267 1545 1338 spectantia;
1576 1266 1884 1337 cujusmodi
1918 1275 2068 1331 sunt,

492 1362 715 1418 liberari
755 1362 825 1417 ab
873 1361 1163 1416 aﬁ‘ectibus
1215 1376 1312 1415 seu
1360 1359 1528 1423 vitiis,
1569 1359 1932 1413 tentationum
1982 1367 2071 1412 to-

491 1455 746 1520 lerantia,
797 1453 1063 1509 virtutum
1118 1452 1382 1515 rationes,
1436 1450 1820 1524 Operationum
1900 1448 2067 1513 modi.

492 1561 819 1619 propensam
864 1543 1032 1601 animi
1076 1543 1144 1598 ad
1200 1557 1421 1597 carnem
1468 1540 1811 1595 affectionem
1839 1538 2070 1594 revelle-

492 1654 576 1702 re,
612 1650 833 1692 sensum
884 1650 913 1689 a
953 1632 1363 1688 necessitudine
1401 1630 1468 1684 ad
1505 1629 1727 1685 sensilia
1769 1643 2069 1698 eorumque

2176 456 2285 509 τῶν
2323 456 2628 523 γινομένων
2660 455 3055 526 κατάίσθησιν
3092 455 3325 527 κίνησιν.

2249 546 2369 611 ις’.⁶
2418 544 2478 601 ’0
2505 544 2706 617 Κύριος
2728 543 2920 612 εἰπὼν,
2956 544 3195 615 Ζητεῖτε
3224 542 3461 616 πρῶτον
3505 549 3750 616 τὴνβα-

2174 636 2414 691 caelav-
2447 636 2554 691 τοῦ
2585 635 2756 702 Θεοῦ,
2791 635 2893 690 καί
2933 635 3050 704 τὴν
3089 635 3491 706 δικαιοσύνην
3517 638 3706 695 αὐτοῦ
3731 652 3779 699 ⁸,

2173 728 2439 795 τουτέστι,
2462 727 2568 800 πρὸ
2617 728 2837 783 πάντων
2861 727 2961 799 τὴν
2982 728 3279 798 ἐπίγνωσιν
3316 730 3416 802 τῆς
3468 729 3749 802 ἀληθείας,

2174 817 2269 870 καί
2301 815 2443 870 οὕτω
2493 817 2592 886 τὴν
2628 816 2737 870 τῶν
2764 815 3116 887 καθηκόντων
3155 817 3377 891 τρόπων
3417 817 3749 890 ὲξάσκησιν⁸

2174 905 2361 976 σαφῶς
2408 905 2597 973 ἔδειξε,
2651 907 2780 977 περὶ
2816 908 2983 979 μόνης
3019 907 3121 978 τῆς
3149 906 3301 973 θείας
3337 906 3598 977 γνώσεως
3641 908 3753 962 δεῖν

2174 998 2358 1069 ζητεῖν
2384 998 2520 1061 τοὺς
2544 997 2921 1063 πιστεύοντας,
2977 1001 3073 1055 καί⁵
3106 999 3207 1071 τῆς
3232 996 3404 1070 αὐτὴν
3441 997 3756 1071 κοσμούσης

2171 1089 2259 1144 διὰ
2284 1090 2391 1144 τῶν
2416 1089 2593 1162 ἔργων
2626 1089 2847 1162 ἀρετῆς.

2245 1181 2332 1246 ιζ’.
2411 1180 2631 1253 Ἐπειδὴ
2686 1179 2858 1234 πολλὰ
2910 1180 3169 1251 τυγχάνει
3229 1180 3301 1236 τὰ
3356 1181 3497 1253 πρὸς
3551 1183 3758 1253 γνῶσιν

2172 1273 2307 1328 Θεοῦ
2342 1274 2435 1327 καὶ
2464 1272 2667 1344 ἀρετὴν
2687 1272 2999 1344 ζητούμενα
3024 1273 3138 1336 τοῖς
3168 1271 3549 1339 πιστεύουσιν,
3581 1272 3757 1328 ἀπαλ·

2170 1364 2314 1435 λαγὴ
2368 1364 2581 1430 παθῶν,
2629 1363 2876 1435 ὑπομονὴ
2934 1363 3275 1435 πειρασμῶν,
3312 1363 3522 1437 ἀρετῶν
3586 1364 3758 1435 λόγοι,

2170 1456 2383 1526 τρόπον
2402 1454 2693 1526 ἐνεργειῶν
2714 1456 2774 1519 “,
2835 1454 3101 1525 ὲξήλωσις
3133 1455 3235 1526 τῆς
3267 1454 3405 1526 πρὸς
3451 1454 3632 1527 σάρκα
3657 1455 3758 1527 τῆς

2170 1544 2350 1617 ψυχῆς
2370 1544 2688 1610 διαθέσεως,
2720 1544 3062 1611 ἀποξένωσις
3084 1543 3187 1614 τῆς
3231 1544 3372 1617 πρὸς
3409 1544 3480 1600 τὰ
3522 1544 3762 1616 αἰσθητὰ

2172 1636 2273 1706 τῆς
2328 1635 2640 1708 αἰσθήσεως
2711 1635 2972 1707 σχέσεως,
3040 1633 3143 1717 τοῦ
3184 1635 3277 1690 νοῦ
3325 1635 3598 1710 παντελὴς
3646 1625 3762 1692 ἆπδ

491 1718 724 1782 libidine
757 1739 1010 1789 avocare,
1048 1738 1076 1775 a
1111 1720 1313 1775 creatis
1342 1719 1600 1773 omnibus
1632 1723 1816 1771 mente
1846 1730 2073 1786 prorsus

2177 1702 2397 1782 παντων
2449 1702 2560 1782 τῶν
2621 1702 2924 1797 γεγονότων
2974 1712 3343 1799 ἀναχῶρησις.
3405 1727 3518 1782 Καὶ
3552 1702 3761 1794 ,ἁπλῶς

374 1860 385 1873 .
492 1818 773 1875 secedere.
824 1816 911 1879 Et,
971 1822 1033 1868 ut
1093 1828 1307 1867 summa
1349 1811 1550 1872 diram,
1603 1807 1711 1863 alia
1758 1807 2070 1872 innumera,

492 1910 748 1980 quibusa
776 1904 986 1960 malitia
1033 1911 1089 1957 et
1130 1902 1442 1973 ignorantia
1494 1901 1855 1964 abstinemus,
1891 1897 2074 1952 scien-

493 2002 738 2070 tiamque
810 2013 876 2052 ac
945 1996 1208 2049 virtutem
1275 2001 1630 2062 praestamus;
1682 1989 1883 2045 merito
1937 1986 2075 2042 dicit

493 2090 761 2147 Dominus
807 2105 821 2141 :
873 2084 1065 2141 Omnia
1118 2097 1440 2154 quwcunque
1481 2081 1733 2153 petieritis
1782 2077 2072 2140 credentes,

493 2178 759 2250 accipietis
805 2174 875 2227 "°.
915 2172 1111 2228 Omnia
1168 2185 1416 2241 prorsus,
1462 2169 1686 2238 solaque
1731 2182 1796 2221 ea
1843 2181 1964 2236 quae
2007 2164 2074 2219 ad

493 2273 593 2329 Dei
636 2269 970 2342 agnitionem
1009 2280 1074 2320 ac
1096 2265 1360 2319 virtutem
1397 2261 1730 2328 conducant,
1755 2260 1989 2315 solerter
2013 2273 2077 2313 ac

494 2362 602 2416 ﬁile
640 2359 803 2430 538
838 2352 1137 2426 qumrenda
1167 2360 1332 2422 atque
1369 2350 1606 2422 petenda
1636 2349 1733 2404 Dei
1767 2347 2076 2404 cultoribus

493 2456 704 2511 dicens.
738 2452 864 2507 Haec
904 2449 1052 2504 enim
1083 2446 1267 2500 omnia
1312 2445 1368 2499 in
1399 2452 1618 2498 nostras
1663 2441 1955 2497 conferunt
1986 2457 2076 2496 ra-

494 2548 693 2612 tiones,
740 2542 1078 2612 omninoque
1125 2536 1445 2609 petentibus
1479 2533 1742 2589 Dominus
1790 2525 2002 2588 tribuit.

568 2639 654 2694 18.
693 2636 795 2704 Qui
822 2635 990 2706 igitur
1014 2642 1240 2703 prepter
1268 2629 1442 2684 solam
1476 2627 1635 2682 ﬁdem
1681 2625 2076 2698 (immediatam

493 2732 707 2788 scilicet
742 2743 869 2785 cum
901 2727 1012 2781 Deo
1036 2722 1323 2791 unionem)
1354 2720 1537 2776 omnia
1565 2719 1635 2774 ad
1668 2735 1789 2775 eam
1818 2729 2076 2790 spectan-

495 2824 592 2888 tia,
623 2833 681 2878 et
724 2836 846 2892 qua:
887 2820 1001 2875 sint
1048 2817 1129 2871 illi
1164 2813 1545 2878 conciliandae,
1581 2812 1800 2884 quaerit,
1850 2811 2077 2867 omnino

493 2913 749 2982 accipiet.
804 2908 909 2977 Qui
970 2914 1155 2963 autem
1192 2905 1332 2961 citra
1384 2903 1531 2958 hanc
1580 2919 1802 2959 causam
1853 2902 2075 2973 alioque

496 3007 623 3066 ﬁne.
651 3007 766 3062 sive
811 3005 939 3067 alia,
971 3003 1087 3057 sive
1122 2999 1239 3054 haec
1274 2995 1392 3066 ipsa
1427 3011 1549 3066 quae
1577 2995 1722 3050 dicta
1767 3003 1898 3049 sunt
1922 3008 2074 3064 qua:-

493 3094 670 3161 sierit,
710 3108 820 3148 non
849 3090 1102 3160 accipiet.
1130 3088 1250 3142 Non
1270 3086 1418 3140 enim
1453 3084 1652 3152 credit,
1679 3084 1778 3139 sed
1814 3093 2073 3155 tanquam

493 3186 736 3242 inﬁdelis
767 3200 834 3239 ex
886 3182 1089 3237 divinis
1142 3178 1247 3235 sibi
1303 3176 1529 3249 gloriam
1576 3176 1793 3231 asserit.

566 3282 652 3337 i9.
692 3279 797 3347 Qui
846 3293 876 3332 a
918 3272 1129 3346 peccati
1160 3271 1283 3326 labe
1316 3285 1381 3325 ac
1429 3267 1788 3338 corruptione
1815 3263 2076 3320 immunis

493 3381 600 3439 est,
639 3385 832 3427 eorum
889 3364 1326 3435 corruptionem,
1364 3361 1568 3431 quibus
1609 3372 1844 3430 pronum
1882 3363 1968 3410 est
2015 3362 2077 3409 ut

494 3473 873 3534 corrumpant,
902 3455 1231 3526 corrumpit.
1267 3452 1451 3509 Animi
1484 3451 1633 3506 enim
1683 3465 1746 3504 ac
1774 3444 2077 3503 voluntatis

496 3555 859 3626 ineorruptio,
936 3558 1147 3605 natura:
1190 3544 1604 3616 corruptionem
1669 3541 2073 3610 incorruptam,

495 3650 739 3721 Spiritus
775 3646 831 3701 in
871 3659 936 3699 ea
985 3639 1180 3713 gratia,
1236 3653 1333 3708 per
1370 3634 1797 3707 providentiam,
1849 3645 2074 3687 servare

494 3740 814 3801 consuevit.
869 3751 978 3792 non
1020 3722 1212 3790 sitiens
1258 3745 1356 3800 per
1410 3725 1715 3783 contrarias
1757 3724 2071 3796 qualitates,

494 3834 751 3891 interitus
800 3828 879 3884 illi
934 3828 1115 3882 labem
1171 3820 1381 3878 aﬁ‘erri.

562 3928 653 3982 ΞΟ.
693 3925 831 3980 Cum
876 3934 988 3975 non
1036 3932 1144 3972 una
1188 3914 1492 3983 eademque
1546 3918 1759 3965 natura:
1784 3922 1849 3963 ac
1885 3906 2076 3979 gratiae

494 4020 636 4076 ratio
687 4017 780 4081 sit,
830 4012 979 4069 haud
1003 4010 1164 4065 anxie
1201 4004 1615 4076 ambigendum,
1642 4002 1918 4057 undenam
1950 4015 2076 4056 san-

493 4117 734 4170 ctornm,
763 4102 1011 4174 quidam,
1040 4097 1205 4153 modo
1246 4095 1404 4149 malis
1430 4091 1720 4162 noxiisque
1758 4089 2076 4161 superiores

493 4199 844 4262 exsisterent,
886 4190 1050 4248 modo
1089 4189 1197 4244 illis
1239 4187 1414 4257 magis
1446 4182 1907 4248 succumberent;
1946 4195 2073 4235 cum

494 4308 608 4348 non
634 4292 824 4353 lateat,
850 4283 1178 4341 miraculum
1208 4278 1431 4351 quidem
1452 4276 1518 4333 ad
1545 4275 1776 4348 gratiam
1799 4276 2071 4344 spectare,

494 4382 702 4437 malum
754 4386 937 4434 autem
985 4384 1042 4429 et
1084 4374 1265 4428 labem
1316 4370 1384 4425 ad
1438 4377 1714 4424 naturam.

563 4473 657 4529 2L
697 4469 802 4537 Qui
842 4467 1097 4523 imitandi
1148 4464 1464 4526 sedulitate,
1511 4461 1790 4532 vigentem
1838 4475 2069 4517 conver-

494 4561 725 4618 sationis
799 4567 1115 4614 sanctorum
1182 4554 1351 4609 habet
1407 4550 1757 4616 memoriam;
1811 4549 2075 4606 vitiorum

493 4650 899 4718 aﬁ‘ectuumque
945 4644 1125 4716 posita
1175 4640 1622 4706 mortiﬁcatione,
1662 4641 1931 4696 virtutum
1952 4655 2077 4697 sus.

494 4742 631 4813 cipit
678 4741 857 4795 vitam.

560 4834 649 4888 22.
689 4834 858 4898 Deus,
908 4831 1001 4901 qui
1050 4842 1118 4882 eo
1162 4825 1328 4881 modo
1379 4839 1490 4896 quo
1542 4823 1772 4896 placuit,
1820 4830 1948 4878 ante
1970 4837 2075 4879 sa-

497 4927 623 4982 cula
649 4926 919 4997 cujusque
953 4917 1442 4991 discrevitvitam,
1472 4914 1539 4972 ad
1567 4914 1855 4986 proprium
1888 4929 2081 4985 quem-

497 5032 606 5090 que
641 5015 771 5070 vita:
800 5014 990 5079 ﬁnem,
1029 5012 1148 5067 sive
1200 5011 1437 5082 justum,
1462 5006 1579 5063 sive
1607 5007 1873 5079 injustam
1905 5006 2077 5063 ducit.

568 5190 659 5246 23.
700 5187 819 5256 Qua
851 5186 1056 5243 Paulus
1084 5191 1345 5254 acceptus
1393 5178 1694 5252 caliginosa
1752 5187 2077 5251 tempestate

496 5282 685 5349 est",
770 5273 1584 5337 violentarumuentationum
1654 5271 1871 5343 pondus
1950 5287 2075 5330 esse

501 5373 737 5447 eonjioio
806 5371 1078 5435 insulam,
1152 5368 1372 5423 ﬁrmum
1424 5380 1491 5421 ac
1541 5363 1930 5423 inconcussum
1991 5366 2079 5423 di-

2181 1817 2349 1890 μυρία
2380 1818 2517 1872 ἄλλα
2571 1817 2701 1881 εἰσί,
2735 1818 2805 1873 τὰ
2848 1816 2986 1889 πρὸς
3032 1817 3242 1888 ἀποχὴν
3285 1818 3385 1889 μὲν
3434 1818 3634 1884 κακίας
3663 1819 3763 1875 καὶ

2177 1907 2455 1976 ἀγνωσίας
2487 1946 2502 1972 ,
2561 1906 2901 1978 κατόρθωσιν
2951 1905 3010 1959 δὲ
3056 1906 3312 1975 γνώσεως
3370 1907 3465 1961 καὶ
3508 1907 3757 1980 ἀρετῆς·

2176 1999 2403 2064 εἰκότως
2440 2000 2468 2052 ὁ
2505 1998 2710 2072 Κύριος
2736 1998 2956 2071 ἔφησεν,
2993 1997 3196 2053 Πάντα
3238 1996 3354 2052 ὅσα
3382 1997 3463 2052 ἂν
3506 1998 3762 2069 αἰτῆσθε

2177 2091 2589 2156 πιστεύοντες,
2647 2088 2925 2158 λήψεσθε
2953 2104 2966 2120 ·
3011 2090 3188 2142 πάντα
3245 2089 3453 2155 ἁπλῶς,
3505 2090 3575 2145 τὰ
3619 2091 3761 2163 πρὸς

2176 2180 2473 2247 ἐπίγνωσιν
2510 2178 2648 2233 Θεοῦ
2704 2180 2800 2232 καὶ
2845 2178 3046 2251 ἀρετὴν
3079 2179 3422 2235 συντείνοντα
3467 2180 3607 2250 μόνα
3662 2182 3762 2236 καὶ

2177 2269 2361 2343 ζητεῖν
2390 2272 2487 2325 καὶ
2513 2273 2686 2326 αἰτεῖν
2717 2271 2834 2342 μετ’
2881 2272 3193 2343 ἐπιστήμης
3242 2272 3338 2327 καὶ
3381 2271 3621 2337 πίστεως
3645 2272 3760 2326 δεῖν

2176 2363 2348 2418 εἰπὼν
2392 2365 2519 2428 τοὺς
2567 2365 2831 2429 εὐσεϐεῖς.
2869 2365 3056 2420 Ταῦτα
3108 2367 3217 2434 γὰρ
3242 2366 3419 2419 πάντα
3462 2365 3756 2436 συμφέρει,
3829 2410 3844 2422 .

2177 2453 2272 2507 καὶ
2327 2455 2545 2520 πάντως
2618 2454 2834 2509 δίδωσιν
2902 2454 3044 2510 αὐτὰ
3103 2456 3218 2519 τοῖς
3275 2452 3519 2510 αἰτοῦσιν
3563 2456 3594 2509 ὁ
3637 2454 3758 2511 Κύ-

2178 2563 2313 2618 ριος.

2254 2645 2343 2711 ιη’.
2390 2640 2448 2692 Ὀ
2471 2638 2649 2692 τοίνυν
2681 2636 2770 2692 διὰ
2831 2637 3000 2708 μόνην
3050 2636 3154 2707 τὴν
3207 2637 3408 2705 πίστιν,
3457 2638 3627 2710 ἤγουν
3657 2637 3755 2708 τὴν

2178 2731 2316 2804 πρὸς
2372 2730 2504 2785 θεὸν
2542 2732 2747 2801 ἄμεσον
2803 2731 3022 2796 ἕνωσιν,
3078 2729 3259 2785 πάντα
3294 2729 3472 2801 ζητῶν
3502 2730 3573 2784 τὰ
3619 2714 3757 2801 πρὸς

2176 2823 2276 2895 τὴν
2302 2823 2515 2887 ἕνωσιν,
2551 2822 2765 2887 πάντως
2792 2821 3024 2895 λήψεται
3055 2838 3069 2852 ·
3100 2822 3130 2876 ό
3156 2821 3213 2875 δὲ
3241 2822 3443 2893 ταύτης
3484 2822 3615 2893 ’δίχα
3656 2823 3756 2892 τῆς

2177 2913 2380 2979 αἰτίας,
2422 2912 2527 2967 κᾶν
2585 2912 2742 2977 ἄλλα,
2780 2914 2883 2968 κᾶν
2933 2912 3003 2967 τὰ
3055 2913 3430 2985 προειρημένα
3482 2912 3639 2986 ζητῇ,
3692 2913 3754 2968 οὐ

2178 3004 2428 3077 λήψεται.
2468 3004 2543 3058 Ού
2597 3004 2706 3075 γὰρ
2742 3004 3013 3067 πιστεύει,
3070 3002 3189 3057 ἀλλ’
3248 3004 3459 3058 οἰκείαν
3509 3003 3587 3068 ὡς
3624 3004 3757 3059 ﬁmo

2180 3109 2303 3155 στος
2330 3092 2418 3147 διὰ
2446 3093 2557 3147 τῶν
2595 3092 2756 3148 θείων
2781 3092 3231 3165 πραγματεύεται
3255 3092 3435 3160 δόξαν.

2251 3273 2335 3327 ιϐ’.
2381 3273 2442 3326 Ὀ
2492 3270 2687 3345 γνώμῃ
2757 3272 2862 3344 τῆς
2924 3271 3046 3345 καθ’
3102 3272 3379 3344 ἁμαρτίαν
3425 3272 3750 3345 καθαρεύων

2177 3363 2405 3435 φθορᾶς,
2456 3344 2672 3433 φθείρει
2696 3365 2796 3434 τὴν
2845 3363 2955 3419 τῶν
2993 3344 3239 3435 ξρθείρειν
3268 3344 3591 3434 πεφυκότων
3624 3363 3752 3434 φθο-

2180 3454 2300 3525 ράν.
2339 3454 2403 3509 Ἥ
2456 3454 2567 3526 γὰρ
2594 3453 2880 3526 ἁφθαρσία
2915 3454 3016 3525 τῆς
3055 3456 3454 3527 προαιρέσεως,
3487 3454 3588 3526 τὴν
3618 3453 3751 3522 (p00-

2180 3544 2278 3616 ραν
2339 3547 2626 3617 συντηρεῖν
2688 3546 2790 3615 τῆς
2850 3541 3066 3612 φύσεως
3124 3543 3371 3611 πέφυκεν
3451 3544 3752 3617 ἄφθαρτον,

2176 3634 2322 3689 κατὰ
2345 3635 2622 3704 πρόνοιαν,
2648 3633 2737 3688 διὰ
2762 3636 2860 3706 τῆς
2880 3635 2939 3687 ὲν
2958 3634 3096 3705 αὐτῇ
3127 3634 3223 3688 τοῦ
3244 3635 3383 3688 Πνεύ
3392 3652 3561 3706 ματος
3592 3635 3754 3708 χαρι-

2175 3742 2290 3789 τος,
2324 3725 2399 3797 μὴ
2430 3725 2789 3797 συγχωροῦσα
2816 3727 2937 3787 ταῖς
2972 3725 3242 3791 ἐναντίαις
3273 3732 3556 3800 ποιότησιν
3579 3728 3755 3801 αὐτὴν

2175 3814 2607 3889 διαφθείρεσθαι.

2246 3915 2318 3963 κ’.
2366 3909 2584 3983 Ἐπειδὴ
2606 3912 2822 3980 φύσεως
2850 3912 2946 3967 καὶ
2996 3913 3220 3983 χάριτος
3269 3909 3351 3978 εἰς
3379 3912 3477 3967 καὶ
3508 3914 3537 3967 ό
3593 3912 3761 3976 αὐτὸς

2175 4000 2277 4054 οὐκ
2302 4000 2418 4056 ἐστι
2443 3999 2621 4071 λόγος,
2644 4003 2744 4056 οὐκ
2770 4003 2920 4059 ἔστιν
2966 4004 3202 4077 ἀπορίας
3240 4004 3413 4072 ἄξιον,
3442 4002 3561 4068 πῶς
3604 4019 3757 4069 τινες

2174 4092 2283 4145 τῶν
2339 4092 2532 4163 ἁγίων,
2589 4093 2719 4148 ποτὲ
2778 4092 2880 4165 μὲν
2934 4093 3124 4149 παθῶν
3171 4094 3482 4167 ὑπερεῖχον,
3532 4092 3667 4147 ποτὲ
3698 4093 3760 4149 δὲ

2180 4185 2382 4255 μᾶλλον
2436 4187 2742 4241 ὑπέπιπτον
2809 4189 3043 4244 πάθεσι·
3127 4188 3509 4257 γινωσκόντων
3570 4185 3759 4258 ἡμῶν.

2174 4278 2258 4332 ὅτι
2283 4277 2344 4331 τὸ
2377 4277 2479 4349 μὲν
2508 4278 2712 4351 θαῦμα,
2744 4279 2845 4352 τῆς
2872 4280 3095 4354 χάριτος
3112 4275 3180 4352 ἦν
3205 4297 3220 4311 ·
3252 4279 3314 4333 τὸ
3338 4279 3397 4333 δὲ
3441 4277 3632 4344 πάθος,
3658 4277 3762 4349 τῆς

2108 4389 2149 4443 υ
2178 4369 2415 4442 φύσεως.

2247 4459 2354 4515 κα’.
2391 4460 2451 4515 '0
2483 4461 2572 4516 διὰ
2606 4463 2891 4533 μιμήσεως
2921 4460 3020 4531 τὴν
3065 4461 3286 4532 μνήμην
3331 4459 3471 4529 ἔχων
3499 4458 3598 4531 τῆς
3649 4457 3765 4513 τῶν

2174 4550 2348 4621 ἁγίων
2386 4552 2757 4624 ἀναστροφῆς,
2805 4555 2904 4624 τὴν
2967 4553 3065 4622 μὲν
3102 4550 3213 4605 τῶν
3263 4551 3453 4607 παθῶν
3505 4547 3764 4609 ἀποτίθε-

2174 4659 2267 4696 ται
2322 4643 2626 4729 νέκρωσιν·
2683 4644 2784 4715 τὴν
2828 4643 2887 4697 δὲ
2928 4642 3038 4698 τῶν
3095 4641 3308 4713 ἀρετῶν
3358 4641 3506 4715 ζωὴν
3566 4642 3763 4696 ὑποδέ-

2212 4747 2353 4787 εται.

2212 4749 2353 4787 εται.

2175 4749 2210 4804 χ
2249 4822 2354 4895 κβ’.
2400 4820 2473 4898 Ὦ
2519 4825 2708 4898 τρόπῳ
2747 4825 2996 4897 βούλεται
3034 4826 3065 4880 ό
3098 4825 3198 4897 τὴν
3227 4788 3462 4881 ἑκάστου
3512 4823 3761 4898 διορίσας

2178 4915 2326 4989 ζωὴν
2383 4916 2490 4989 πρὸ
2555 4917 2665 4973 τῶν
2720 4918 2934 4975 αἰώνων
3007 4920 3164 4985 Θεὸς,
3224 4918 3457 4974 ἕκαστον
3498 4917 3640 4989 πρὶς
3698 4918 3761 4973 τὸ

2176 5009 2375 5064 οἰκεῖον
2400 5007 2505 5079 τῆς
2525 5007 2673 5082 ζωῆς
2711 5010 2837 5080 ἄγει
2865 5011 3040 5077 τέλος,
3080 5011 3192 5065 εῐτε
3218 5009 3452 5075 δίκαιον,
3502 5007 3615 5062 εἴτε
3643 5007 3762 5063 ἄδι-

2177 5116 2294 5156 κον.

2252 5198 2362 5262 κγ’.
2391 5194 2412 5215 ⁶
2440 5192 2545 5248 Τὸν
2581 5193 2660 5265 τῷ
2693 5194 2948 5267 μακαρίῳ
2981 5193 3180 5266 Παύλῳ
3208 5192 3493 5265 συμϐάντα
3523 5190 3761 5263 ζοφερόν

2181 5282 2451 5355 χειμῶνα,
2476 5283 2539 5338 τὸ
2590 5284 2758 5357 βάρος
2800 5282 2943 5341 εἰναι
2978 5284 3089 5339 τῶν
3137 5285 3411 5341 ἀκουσίων
3437 5281 3763 5353 πιρασμῶν

2177 5376 2550 5448 τεκμαίρομαι
2578 5392 2594 5410 ·
2657 5376 2758 5449 τὴν
2794 5376 2850 5432 δὲ
2897 5374 3084 5450 νῆσον,
3113 5377 3215 5448 τὴν
3260 5375 3468 5447 παγίαν
3510 5371 3626 5442 ἕξιν
3663 5373 3761 5444 τῆς

570 5513 620 5548 ⁸³
645 5512 835 5571 Matth.
867 5526 941 5576 vl,
970 5508 1057 5564 '53.
1135 5507 1181 5540 “
1216 5505 1406 5561 Matth.
1439 5521 1546 5573 χχι,
1569 5503 1661 5561 22.
1735 5506 1780 5538 ⁸⁷
1811 5505 1933 5562 Act.
1966 5522 2151 5581 xmn,
2176 5509 2232 5580 Ξ,
2265 5513 2319 5568 7.

568 5632 587 5652 ⁹
612 5628 698 5685 Cl'.
722 5630 792 5686 ad
823 5628 1071 5683 Thalass.
1100 5642 1156 5696 q.
1202 5625 1292 5681 τι.

573 5700 611 5724 ’⁸
636 5699 695 5755 In
739 5715 832 5769 qq.
859 5699 924 5753 ad
953 5695 1171 5753 Thalas.
1196 5712 1253 5766 q.
1285 5695 1374 5751 34.
1404 5696 1603 5767 τρόπον
1634 5696 1927 5769 ἐνέργειαι.

2244 5634 2265 5658 ⁸
2291 5632 2375 5691 Cl‘.
2402 5634 2491 5693 ad.
2521 5633 2772 5693 Thalass.
2790 5649 2856 5707 .q.
2889 5634 2971 5691 57.
