4094 6204
394 308 523 370 i2?)

1072 305 1403 366 CAPITUM
1441 302 1863 377 QUINQUIES
1898 301 2417 365 CENTENORUM
2456 303 2843 364 CENTURIA
2878 303 2963 363 II.

3521 306 3660 372 1230

388 423 537 485 θείας
565 419 781 484 ἐλπίδος
826 418 921 472 καὶ
946 417 1197 473 ἄσειστον
1225 435 1237 447 ·
1272 417 1373 486 τὴν
1395 418 1452 472 δὲ
1498 417 1699 488 πυρὰν,
1729 417 1827 488 τὴν
1853 416 1966 480 ’ἐξιν

2085 416 2209 471 time
2273 419 2389 488 spei
2434 418 2745 485 habitum“
2796 432 3011 489 rogum.
3072 418 3320 475 scientia:
3366 421 3501 475 item
3563 427 3656 480 ha-

386 515 486 580 τῆς
531 511 818 580 γνώσεως·
879 509 947 562 τὰ
994 509 1051 561 δὲ
1082 508 1357 579 φρύγανα,
1395 507 1630 578 τὴντῶν
1677 506 1971 577 ὁρωμένων

389 606 552 673 φύσιν
570 620 583 632 ·
615 604 681 674 ἢν
715 602 1049 672 συνέστρεφε
1070 602 1166 671 μὲν
1185 604 1251 671 τῇ
1278 602 1443 671 χειρὶ,
1473 603 1538 670 τῇ
1562 602 1705 653 κατὰ
1739 599 1973 677 θεωρίαν

387 695 531 763 λέγω
575 694 930 764 ψηλαφητικῇ
962 693 1054 745 τοῦ
1107 691 1199 747 νοῦ
1236 691 1487 761 δυνάμει,
1531 690 1834 762 διατρέφων
1862 692 1974 751 τοῖς

387 787 446 854 ἐξ
470 785 641 853 αὐτῆς
679 785 915 855 νοήμασι
962 783 1061 854 τὴν
1099 783 1214 849 ἕξιν
1253 784 1354 852 τῆς
1381 783 1654 852 γνώσεως,
1686 782 1785 852 τήν
1807 781 1971 852 θερα-

387 877 659 931 πεύουσαν
705 876 806 946 τὴν
876 878 940 929 ὲκ
992 875 1087 928 τοῦ
1138 875 1405 945 χειμῶνος
1467 874 1576 927 τῶν
1644 871 1973 943 πειρασμῶν

389 967 815 1040 προστριόεἴσαν
836 969 901 1037 τῇ
933 966 1144 1036 διανοίᾳ
1174 965 1479 1035 κατήφειαν
1495 981 1509 994 ·
1532 964 1630 1034 τὴν
1655 963 1712 1017 δὲ
1737 963 1973 1032 ἔχιδναν,

387 1062 486 1129 τὴν
503 1058 876 1120 λανθανόντως
905 1057 1364 1127 ὲγκεκρυμμένην
1405 1057 1471 1126 τῇ
1532 1054 1690 1125 φύσει
1730 1054 1839 1107 τῶν
1886 1054 1973 1107 αἰ-

392 1150 606 1221 σθητῶν
634 1149 880 1220 πονηρὰν
901 1149 995 1201 καὶ
1037 1147 1281 1218 ὀλέθριον
1310 1146 1540 1217 δύναμιν
1563 1164 1579 1179 ο
1610 1146 1846 1217 δήξασαν
1876 1146 1975 1216 μὲν

390 1244 487 1315 τὴν
512 1246 691 1314 χεῖρα,
747 1240 1019 1305 τουτέστι,
1066 1240 1166 1311 τὴν
1233 1240 1373 1294 κατὰ
1429 1238 1555 1293 νοῦν
1590 1238 1975 1310 ψηλαφητικὴν

389 1337 489 1405 τῆς
525 1335 762 1406 θεωρίας
805 1334 1089 1405 ἐνέργειαν
1114 1349 1129 1363 ο
1172 1334 1231 1385 οὐ
1258 1332 1537 1403 βλάψασαν
1566 1332 1623 1384 δὲ
1652 1334 1744 1385 τὸν
1778 1332 1975 1401 διορα-

390 1429 541 1482 τικον
571 1427 717 1491 νοῦν,
764 1426 842 1497 τῷ
900 1427 1041 1494 φωτὶ
1075 1427 1178 1489 τῆς
1215 1424 1470 1494 γνώσεως
1518 1424 1685 1496 αὐτὴν
1715 1425 1875 1488 εὐθὺς
1901 1423 1977 1488 ὡς

394 1522 452 1573 ἐν
479 1520 617 1591 πυρὶ
654 1517 1068 1589 διαφθείραντα,
1117 1518 1218 1587 τὴν
1259 1517 1337 1588 τῷ
1370 1517 1658 1589 πρακτικῷ
1716 1518 1978 1587 κινήματι

392 1612 488 1665 τοῦ
529 1612 644 1677 νοῦ,
676 1612 1085 1683 προσαφθείσαν
1115 1612 1179 1664 ὲκ
1209 1609 1310 1681 τῆς
1371 1610 1482 1664 τῶν
1539 1609 1814 1681 αἰσθητῶν
1852 1609 1981 1663 Osw-

397 1705 539 1776 ρίας,
573 1703 817 1775 ὀλέθριον
856 1703 1105 1773 δύναμιν.

2074 508 2290 573 bitum;
2372 519 2680 575 sarmenta,
2753 525 2941 563 rerum
3001 510 3302 564 visibilium
3377 520 3649 581 naturam,

2073 613 2235 666 quam
2281 598 2327 651 is
2352 614 2515 652 manu
2542 599 2801 653 versabat
2832 598 3233 669 (contrectante
3287 602 3500 657 scilicet
3530 618 3659 673 spe-

2073 689 2311 744 culando
2360 690 2560 745 mentis
2609 690 2893 761 facultate)
2951 691 3016 745 ad
3074 692 3332 747 alendum
3380 694 3502 763 ejus
3547 710 3662 749 me-

2074 780 2439 836 ditationibus
2487 781 2775 849 sensisque
2823 781 3068 836 scicntia:
3131 781 3417 851 habitum;
3452 800 3562 853 quo
3612 784 3661 839 is

2074 873 2350 928 incussam
2377 890 2443 927 ex
2467 874 2833 927 tentationum
2858 874 3077 928 turbine
3100 874 3284 927 animo
3314 875 3661 930 maestitiam-

2073 965 2273 1036 quovis
2312 964 2478 1019 modo
2529 966 2776 1030 levaret;
2828 965 3097 1035 viperam,
3132 967 3446 1021 clanculum
3484 968 3662 1023 later-

2076 1063 2187 1112 tem
2234 1056 2290 1111 in
2338 1073 2523 1112 rerum
2569 1059 2857 1114 sensilium
2918 1070 3115 1114 natura
3159 1060 3555 1131 nequissimam
3598 1076 3662 1116 ac

2074 1149 2351 1204 exitialem
2394 1150 2700 1215 virtutem;
2754 1166 2877 1220 qua:
2926 1165 3171 1204 morsum
3216 1150 3444 1221 quidem
3475 1150 3664 1206 manui

2076 1240 2322 1295 inﬁxerit
2382 1241 2776 1313 (contrectanti
2825 1242 3041 1298 scilicet
3092 1243 3429 1312 speculando
3460 1244 3662 1298 mentis

2077 1331 2411 1402 operationi)
2463 1348 2567 1388 nec
2621 1341 2806 1388 tamen
2854 1334 3385 1403 perspicacissimam
3423 1343 3663 1390 mentem

2077 1424 2377 1495 quidquam
2403 1425 2612 1479 laeserit
2649 1443 2661 1480 :
2689 1442 2811 1496 quae
2835 1426 3007 1495 ipsam
3037 1426 3219 1480 statim
3248 1427 3494 1483 scientiae
3521 1428 3665 1488 luce.

2077 1516 2229 1571 velut
2263 1516 2318 1570 in
2356 1517 2502 1587 igne,
2546 1518 2849 1572 haerentem
2887 1518 3050 1588 539
3102 1534 3169 1573 ex
3203 1520 3493 1575 sensilium
3540 1534 3663 1590 spe-

2079 1609 2355 1663 culatione
2412 1610 2531 1679 ejus
2566 1610 2740 1664 motui
2788 1610 3061 1665 actionem
3106 1614 3336 1683 regenti,
3389 1614 3667 1668 exitialem

2081 1716 2202 1755 eam
2246 1700 2508 1755 virtutem
2556 1701 2874 1769 peremerit.

465 1762 563 1847 κδ).
628 1762 801 1864 ὐσμὴ
831 1790 899 1865 ἦν
938 1762 1046 1846 ἀπὸ
1079 1792 1225 1864 ζωῆς
1269 1794 1347 1856 είς
1378 1790 1524 1863 ζωὴν
1554 1793 1581 1844 ὁ
1633 1790 1972 1855 Ἀπόστολος,

2152 1790 2241 1845 αι.
2282 1791 2413 1845 Erat
2452 1762 2748 1859 Apostolus
2770 1790 2908 1844 odor
2943 1806 2972 1844 a
2996 1790 3110 1845 vita
3144 1790 3211 1845 ad
3249 1791 3419 1845 vitam
3458 1791 3524 1855 ⁸⁸,
3559 1762 3664 1845 vel.

393 1884 469 1949 ὡς
495 1885 628 1948 τοὺς
663 1884 900 1948 πιστοὺς
946 1886 1025 1955 τῷ
1075 1885 1197 1938 καθ’
1230 1883 1427 1938 ἑαυτὸν
1472 1883 1856 1954 ὑποδείγματι,
1890 1881 1979 1934 διὰ

396 1979 649 2050 πράξεως
689 1980 825 2050 πρὸς
869 1979 968 2049 τὴν
1000 1980 1230 2033 εὐωδίαν
1281 1978 1391 2032 τῶν
1443 1978 1655 2050 ἀρετῶν
1688 1976 1978 2042 κινεῖσθαι,

396 2071 873 2143 ’παρασκευάζων⁹
918 2073 951 2142 ἢ
989 2074 1115 2134 τοὺς
1163 2071 1522 2143 πειθομένους
1573 2070 1652 2140 τῷ
1694 2070 1836 2139 λόγῳ
1881 2068 1980 2134 τῆς

396 2166 640 2235 χάριτος,
674 2164 749 2228 ὠς
792 2164 968 2235 κήρυξ
1000 2165 1107 2218 ἀπὸ
1134 2168 1233 2237 τῆς
1262 2165 1383 2241 κατ’
1412 2164 1665 2233 αἴσθησιν
1696 2162 1864 2231 ζωῆς,
1901 2162 1981 2223 είς

393 2264 495 2327 τὴν
544 2258 600 2310 ὲν
631 2256 903 2327 πνεύματι
936 2259 1191 2329 μετάγων
1222 2256 1391 2326 ζωήν.
1444 2255 1619 2325 Ὀσμὴ
1653 2254 1709 2307 δὲ
1751 2252 1980 2307 θανάτου

396 2353 477 2415 εἱς
511 2350 759 2416 θάνατον,
793 2353 906 2416 τοῖς
940 2352 1050 2404 ἀπὸ
1083 2350 1176 2404 τοῦ
1224 2350 1455 2405 θανάτου
1503 2352 1603 2420 τῆς
1633 2346 1857 2416 ἀγνοίας
1901 2348 1980 2408 είς

397 2442 490 2495 τὸν
517 2444 615 2513 τῆς
645 2444 902 2506 ἀπιστίας
927 2443 1153 2496 ὲλάσασι
1182 2441 1432 2507 θάνατον,
1466 2440 1647 2504 διδοὺς
1677 2440 1856 2501 αὐτοῖς
1902 2439 1981 2491 αἵ-

400 2535 594 2605 σθησιν
627 2536 726 2605 τῆς
759 2535 1030 2607 μενούσης
1060 2537 1256 2597 αὐτοὺς
1286 2534 1688 2605 κατακρίσεως.
1722 2532 1790 2584 Ἦ
1821 2531 1982 2585 πάλιν

398 2628 541 2698 ὀσμὴ
568 2627 674 2680 ἀπὸ
699 2627 847 2698 ζωῆς
876 2630 956 2691 είς
982 2627 1149 2697 ζωὴν,
1181 2630 1294 2690 τοῖς
1322 2628 1430 2681 ἀπὸ
1458 2624 1711 2698 πράξεως
1740 2626 1821 2687 εἰς
1849 2623 1983 2676 θεω-

401 2720 523 2786 ρίαν
545 2721 903 2791 ἀναγομένοις
922 2733 935 2748 ·
962 2718 1107 2788 ὀσμὴ
1137 2717 1192 2770 δὲ
1225 2717 1453 2771 θανάτου
1487 2719 1567 2779 εἰς
1598 2716 1847 2773 θάνατον.
1871 2714 1983 2775 τοῖς

400 2811 508 2865 ἀπὸ
554 2810 648 2863 τοῦ
683 2810 959 2880 νεκρῶσαι
991 2808 1065 2882 (b)
1113 2810 1178 2879 τῇ
1230 2807 1354 2860 καθ’
1394 2805 1670 2878 ἁμαρτίαν
1707 2805 1875 2874 ἀργία
1915 2802 1985 2856 τὰ

404 2902 542 2972 μέλη
568 2901 636 2954 τὰ
668 2903 761 2957 ἰεπ)⁸
790 2902 888 2971 τῆς
922 2900 1046 2970 γῆς,
1081 2901 1161 2962 εἰς
1193 2898 1291 2968 τὴν
1319 2899 1429 2951 τῶν
1471 2896 1735 2967 ὲμπαθῶν
1773 2896 1984 2965 νοημά-

401 3011 509 3047 των
548 3009 605 3045 τε
638 2993 731 3046 καὶ
777 2989 1092 3061 φαντασιῶν
1141 2988 1543 3061 ἐπαινουμένην
1597 2985 1983 3059 μεταϐαίνουσι

402 3086 695 3158 νέκρωσιν.

474 3356 574 3408 κε’.
613 3349 777 3418 Τρεῖς
819 3349 957 3404 εἰσιν
1009 3347 1068 3401 αί
1111 3347 1212 3419 τῆς
1245 3347 1423 3420 ψυχῆς
1462 3346 1752 3419 δυνάμεις,
1809 3347 1988 3417 λόγος,

406 3440 599 3512 θυμὸς,
638 3441 733 3494 καὶ
778 3438 1061 3511 ἐπιθυμία.
1099 3440 1190 3510 Τῷ
1240 3440 1339 3511 μὲν
1368 3439 1535 3511 λόγῳ,
1578 3439 1850 3511 ζητοῦμεν
1874 3455 1887 3469 °
1922 3442 1990 3511 τῇ

407 3535 674 3606 ἐπιθυμίᾳ
720 3534 796 3598 δὲ,
853 3532 1128 3603 ποθοῦμεν
1170 3532 1231 3584 τὸ
1279 3532 1515 3602 ζητηθέν
1547 3533 1778 3601 ἀγαθόν’
1818 3532 1897 3603 τῷ
1933 3532 1991 3585 δὲ

407 3627 587 3697 θυμῷ,
618 3623 1169 3698 ὑπεραγωνιζόμεθα.
1202 3625 1358 3679 Κατὰ
1386 3625 1587 3687 ταύτας
1614 3625 1679 3693 δὴ
1707 3624 1807 3688 τὰς
1836 3625 1994 3679 δυνά-

410 3736 533 3790 μεις
566 3719 963 3790 προσμένοντες
990 3720 1038 3771 οἱ
1070 3718 1160 3772 τὸν
1187 3718 1318 3772 Θεὸν
1351 3716 1693 3787 ἀγαπῶντες,
1739 3716 1818 3788 τῷ
1862 3715 1992 3789 θείῳ

408 3810 551 3883 λόγῳ
582 3813 681 3883 τῆς
704 3811 904 3882 ἀρετῆς
935 3811 1028 3863 καὶ
1060 3813 1160 3882 τῆς
1190 3809 1440 3874 γνώσεως
1464 3825 1478 3840 ·
1514 3812 1580 3880 τῇ
1616 3809 1734 3880 μὲν,
1765 3809 1991 3882 ζητοῦν-

408 3920 538 3967 τες·
574 3906 640 3974 τῇ
692 3904 770 3964 δὲ,
812 3902 1136 3966 ποθοῦντες
1180 3904 1246 3973 τῇ
1297 3901 1375 3962 δὲ,
1430 3900 1990 3972 ὑπεραγωνιζόμενοι,

407 3994 652 4064 δέχονται
686 3993 889 4066 τροφὴν
923 3994 1222 4063 ἄφθαρτον,
1264 3993 1358 4047 καὶ
1392 3992 1481 4046 τὸν
1510 3991 1635 4046 νοῦν
1669 3993 1991 4048 πιαίνουσαν

408 4086 506 4158 τὴν
542 4085 742 4155 γνῶσιν
772 4086 883 4140 τῶν
928 4086 1247 4155 γεγονότων.

482 4244 595 4329 κέζ
637 4264 747 4335 Τὴν
779 4263 1107 4317 κενωθεῖσαν
1129 4264 1228 4334 τῆς
1250 4263 1495 4336 δοθείσης
1523 4262 1778 4332 γνώσεως
1806 4262 1988 4333 φύσιν,

409 4361 701 4428 γενόμενος
731 4356 1016 4427 ἄνθρωπος
1052 4357 1080 4409 ὁ
1104 4354 1198 4410 τοῦ
1224 4355 1360 4409 Θεοῦ
1403 4356 1596 4424 Λόγος,
1632 4355 1794 4410 πάλιν
1828 4354 1993 4425 ἐπλή-

2082 1890 2139 1935 ut
2191 1882 2285 1952 qui
2344 1882 2535 1937 ﬁdeles
2577 1882 2833 1952 exemplo
2874 1897 2996 1947 suo,
3032 1890 3093 1937 ut
3134 1883 3203 1937 ad
3240 1885 3512 1938 virtutum
3566 1885 3665 1937 fra.

2080 1974 2349 2044 granliam
2400 1989 2498 2043 per
2539 1974 2815 2029 actionem
2864 1982 3247 2041 moverentur,
3279 1987 3672 2045 componeret,

2081 2076 2177 2123 aut
2205 2078 2465 2138 tanquam
2502 2069 2851 2138 praadicator,
2882 2084 2980 2123 eos
3018 2069 3112 2139 qui
3152 2069 3423 2125 doctrina:
3449 2084 3514 2123 ac
3553 2085 3665 2124 ser-

2082 2160 2235 2216 moni
2279 2161 2469 2231 gratia:
2516 2160 2979 2231 obsequerentur,
3012 2177 3044 2215 a
3072 2161 3187 2216 vita
3223 2178 3291 2216 ex
3334 2176 3536 2217 sensus
3585 2178 3661 2215 ra-

2084 2253 2253 2317 tione,
2306 2252 2373 2306 ad
2423 2253 2590 2306 vitam
2644 2269 2767 2321 qua:
2805 2267 2873 2306 ex
2922 2253 3154 2322 spiritus
3200 2253 3514 2308 rationibus
3569 2262 3674 2314 est,

2086 2344 2433 2399 transferret.
2478 2342 2628 2398 Odor
2674 2351 2858 2398 autem
2900 2344 3095 2399 mortis
3147 2345 3204 2398 in
3264 2354 3521 2410 mortem,
3568 2344 3674 2405 his,

2084 2436 2178 2506 qui
2208 2436 2276 2490 ab
2328 2435 2651 2507 ignorantia:
2683 2446 2863 2490 morte
2898 2436 2965 2490 ad
2998 2436 3402 2492 incredulitatis
3439 2448 3674 2491 mortem

2084 2533 2395 2590 evaserant,
2448 2542 2684 2595 quorum
2725 2526 2926 2581 animis
2968 2527 3243 2581 manentis
3284 2543 3383 2581 eos
3409 2528 3675 2582 condem-

2084 2615 2327 2669 nationis
2378 2632 2600 2670 sensum
2654 2618 2999 2673 immitteret.
3056 2617 3166 2673 Aut
3214 2635 3407 2674 rursus
3453 2620 3591 2674 odor
3646 2635 3676 2672 τι

2085 2705 2197 2760 vita
2243 2706 2308 2759 ad
2360 2707 2549 2770 vitam,
2591 2706 2698 2771 his,
2752 2708 2847 2778 qui
2907 2708 2976 2763 ab
3040 2710 3255 2764 actione
3303 2709 3371 2763 ad
3424 2719 3673 2764 contem-

2086 2799 2383 2869 plationem
2465 2800 2873 2868 proveherent;
2928 2800 3068 2855 odor
3119 2812 3304 2856 autem
3363 2802 3561 2855 mortis
3619 2801 3674 2854 in

2087 2899 2342 2953 mortem,
2406 2890 2511 2955 his,
2562 2890 2655 2961 qui
2714 2891 2782 2946 ab
2827 2908 2893 2947 eo
2948 2895 3093 2962 quod
3133 2895 3443 2949 cessatione
3476 2910 3508 2949 a
3538 2908 3675 2964 pec-

2088 2989 2232 3048 cato,
2281 2983 2509 3054 ejusque
2537 2984 2642 3038 sibi
2669 2984 2874 3039 indicta
2902 2987 3213 3053 vacatione,
3250 2988 3495 3042 membra
3531 3004 3680 3042 mor-

2013 3097 2055 3155 ε
2092 3072 2442 3138 tiﬁcaverint,
2482 3090 2604 3143 qua:
2634 3084 2764 3129 sunt
2804 3091 2971 3145 super
3016 3084 3221 3131 terram
3256 3077 3322 3143 δ’,
3368 3079 3434 3133 ad
3488 3079 3678 3133 lauda-

2089 3163 2256 3218 bilem
2300 3165 2626 3220 vitiosarum
2664 3182 2762 3221 seu
2812 3168 3237 3224 libidinosarum
3276 3170 3676 3241 cogitationum

2089 3271 2493 3327 sensorumque
2525 3258 2695 3312 animi
2739 3259 3221 3315 mortiﬁcationem
3259 3270 3567 3317 transeunt.

2158 3346 2248 3401 23.
2291 3347 2429 3403 Tres
2478 3358 2611 3402 sunt
2659 3348 2857 3403 anima:
2908 3349 3219 3416 facultates,
3274 3353 3436 3417 ratio,
3492 3352 3572 3407 ira
3622 3364 3680 3409 et

2088 3438 2383 3507 cupiditas.
2422 3438 2500 3493 Ac
2536 3438 2747 3492 ratione
2771 3438 3019 3508 quidem,
3075 3441 3404 3511 quaerimus;
3458 3442 3678 3513 cupidi-

2090 3539 2223 3595 tate,
2258 3530 2405 3601 quod
2452 3532 2745 3601 qumsitum
2776 3531 2982 3586 bonum
3009 3543 3093 3587 est
3126 3534 3537 3603 desideramus;
3573 3536 3677 3601 ira,

2091 3624 2212 3694 ejus
2253 3623 2443 3678 tuendi
2491 3638 2658 3678 causa
2687 3632 3095 3680 concertamus.
3147 3626 3229 3681 Ex
3261 3627 3459 3682 harum
3488 3629 3675 3700 itaque

2092 3714 2416 3769 facultatum
2445 3714 2682 3781 ratione,
2713 3715 2808 3785 qui
2843 3715 3029 3771 divina
3071 3717 3343 3773 charitate
3394 3719 3542 3785 fulti,
3594 3722 3680 3776 di-

2092 3804 2234 3859 vince
2274 3804 2497 3860 virtutis
2538 3820 2603 3860 ac
2658 3807 2907 3864 scientia:
2962 3809 3163 3865 rationi
3225 3820 3391 3881 atque
3433 3816 3676 3868 sermoni

2092 3896 2314 3952 assidue
2376 3906 2582 3953 navant
2622 3914 2845 3970 operam
2872 3918 2886 3968 ;
2917 3917 2980 3957 ac
3008 3903 3207 3973 partim
3245 3916 3521 3974 quaerunt,
3549 3922 3679 3977 par-

2097 3988 2195 4045 tim
2224 3988 2564 4056 desiderant,
2588 3991 2902 4062 partimque
2934 3994 3124 4049 tuendi
3145 3995 3342 4051 ardore
3367 3996 3677 4063 decertant,

2094 4080 2575 4152 incorruptibilem
2625 4098 2809 4140 escam
2864 4085 3266 4142 nanciscuntur
3310 4103 3375 4143 ac
3436 4097 3677 4146 mentem

2096 4171 2556 4243 impinguantem,
2613 4182 2925 4230 creatarum
2974 4193 3159 4232 rerum
3197 4179 3509 4235 scientiam.

2164 4263 2252 4319 26.
2289 4264 2580 4331 Naturam,
2611 4281 2875 4323 concessa
2933 4269 3038 4325 sibi
3073 4271 3303 4327 scientia
3333 4284 3678 4340 evacuatam,

2095 4356 2193 4411 Dei
2247 4356 2489 4412 Verbum
2538 4358 2746 4414 factum
2791 4359 2978 4428 homo,
3012 4363 3241 4419 scientia
3286 4365 3470 4422 denuo
3502 4369 3679 4423 adim~

412 4466 554 4522 ρωσε
605 4446 893 4515 γνώσεως·
931 4446 1024 4499 καὶ
1070 4445 1359 4516 στομώσας
1397 4445 1534 4516 πρὸς
1584 4444 1885 4516 ἀτρεψίαν,
1930 4443 1984 4496 οὐ

2097 4448 2302 4519 plevit;
2342 4449 2660 4520 duransque
2691 4461 2752 4515 ut
2797 4454 2932 4508 nulli
2978 4453 3240 4526 deinceps
3284 4457 3523 4514 obnoxia
3556 4476 3682 4513 mu-

412 4541 601 4609 φύσει,
651 4540 896 4609 ποιότητι
953 4540 1031 4604 δὲ,
1099 4540 1303 4612 ταύτην
1359 4539 1625 4593 ὲθέωσεν·
1685 4537 1991 4601 ἀνελλιπῶς

412 4629 580 4701 αὐτὴν
610 4630 686 4701 τῷ
714 4632 898 4700 οἰκείῳ
927 4631 1343 4702 χαρακτηρίσας
1376 4630 1653 4699 Πνεύματι
1676 4644 1690 4659 ·
1740 4627 1993 4697 καθάπερ

414 4722 579 4793 ὓδωρ,
614 4724 757 4777 οἴνου
790 4725 1038 4795 ποιότητι
1084 4724 1221 4795 πρὸς
1264 4723 1415 4776 τόνον
1450 4719 1848 4793 μετακεράσας.
1895 4719 1995 4772 Διὰ

414 4814 572 4867 τοῦτο
603 4814 712 4885 γὰρ
744 4814 837 4868 καί
869 4814 1078 4881 γίνεται
1110 4812 1232 4867 κατ’
1277 4814 1536 4887 ἀλήθειαν
1564 4812 1873 4882 ἄνθρωπος,
1910 4810 1997 4863 ἵνα

414 4909 557 4964 κατὰ
583 4909 742 4981 χάριν
774 4909 920 4978 ἡμᾶς
947 4907 1263 4978 καταστήσῃ
1293 4906 1470 4969 θεούς.
1529 4973 1539 4981 θ

486 5003 590 5067 κζ’.
645 5002 702 5055 '0
741 5001 840 5073 τὴν
886 4999 1049 5069 φύσιν
1079 4999 1188 5053 τῶν
1235 4999 1540 5071 ἀνθρώπων
1581 4997 1992 5069 δημιουργήσας

415 5094 568 5157 Θεὸς,
611 5093 727 5164 ἃμα
763 5091 1013 5162 βουλήσει
1055 5092 1115 5145 τὸ
1150 5087 1289 5144 εἶναι
1322 5091 1457 5162 αὐτῇ
1504 5089 1757 5155 δέδωκεν,
1794 5089 1995 5159 συνήρ-

419 5203 583 5257 μοσεν
630 5187 766 5256 αὐτῇ
820 5184 915 5237 καὶ
966 5182 1193 5254 δύναμιν
1234 5182 1343 5235 τῶν
1381 5182 1733 5253 καθηκόντων
1780 5197 1996 5251 ποιητι-

416 5279 522 5349 κήν
542 5293 557 5309 ο
592 5278 819 5348 δύναμιν
849 5276 904 5330 δὲ
943 5275 1107 5345 λέγω,
1132 5277 1231 5346 τὴν
1257 5275 1529 5338 οὖσιωδῶς
1558 5274 1658 5347 μὲν
1688 5288 2001 5344 κατεσπαρ-

2098 4540 2293 4595 talioni
2328 4542 2420 4608 sit,
2473 4559 2584 4599 non
2633 4552 2854 4610 natura,
2905 4545 3001 4600 sed
3051 4547 3317 4617 qualitate
3364 4566 3484 4605 eam
3524 4551 3680 4605 deifi-

2097 4632 2276 4699 cavit;
2303 4633 2384 4688 sic
2414 4649 2517 4689 suo
2547 4634 2848 4706 obsignans
2889 4635 3124 4707 Spiritu,
3153 4648 3215 4694 ut
3249 4640 3389 4695 nihil
3423 4640 3475 4696 ei
3502 4640 3682 4706 desit;

2100 4741 2165 4780 ac
2236 4724 2282 4780 si
2334 4741 2476 4796 aqua
2530 4726 2646 4781 vini
2701 4729 2969 4798 qualitate
3036 4731 3358 4799 misceatur,
3424 4741 3486 4787 ut
3537 4732 3685 4789 illius

2099 4815 2347 4886 vigorem
2373 4815 2684 4871 contrahat.
2730 4817 2943 4873 Idcirco
2979 4821 3126 4874 enim
3160 4822 3327 4877 etiam
3361 4838 3488 4879 vere
3517 4824 3686 4878 homo

2100 4903 2280 4961 factus
2313 4912 2420 4971 est,
2469 4915 2531 4960 ut
2575 4923 2676 4962 nos
2724 4923 2823 4978 per
2860 4909 3092 4980 gratiam
3131 4911 3265 4967 deos
3305 4922 3612 4983 praestaret.

2174 4995 2263 5051 27.
2306 4996 2454 5051 Deus
2506 4998 2799 5053 condendo
2867 4999 3164 5056 humanam
3230 5013 3508 5068 naturam,
3561 5020 3689 5059 mox

2102 5103 2169 5145 ac
2222 5086 2302 5142 illi
2344 5098 2407 5143 ut
2457 5097 2605 5144 esset
2648 5089 2933 5146 voluntate
2991 5093 3249 5159 contulit,
3301 5095 3411 5149 vim
3468 5111 3689 5166 quoque

2106 5180 2287 5236 eidem
2324 5180 2561 5236 faciendi
2590 5198 2712 5252 qua:
2739 5182 2969 5238 honesta
3001 5185 3111 5239 sint
3150 5196 3209 5241 et
3242 5187 3427 5253 oﬂicii,
3457 5191 3689 5258 aptavit.

2107 5273 2228 5329 Vim
2267 5280 2452 5328 autem
2492 5271 2618 5327 dico
2663 5288 2762 5328 seu
2790 5272 3135 5342 facultatem,
3186 5291 3314 5333 eum
3345 5288 3555 5334 motum
3588 5280 3686 5350 qui

489 5440 535 5474 ⁸⁸
557 5441 604 5497 Il
629 5439 754 5497 Cor.
784 5456 842 5505 ιι,
879 5439 966 5503 16,
997 5437 1090 5492 ubi
1122 5446 1303 5492 tamen
1331 5435 1487 5492 deest
1517 5436 1577 5491 τὸ
1602 5435 1729 5490 ἀπό.
1762 5434 1903 5490 Odor
1929 5436 1980 5489 vi

2085 5435 2137 5489 in
2164 5434 2351 5488 vitam.
2429 5432 2474 5464 "
2506 5432 2716 5489 Coloss.
2745 5450 2824 5501 Ill,
2855 5435 2908 5491 5.

493 5582 565 5657 (b)
612 5581 755 5637 'Am)
784 5581 888 5657 τοῦ
917 5579 1230 5657 ξέκρῶσαι.
1261 5578 1537 5649 Quidquid
1554 5578 1655 5657 hic
1675 5575 1863 5657 Picus,
1918 5575 1997 5657 sic

419 5646 661 5708 alienum
711 5669 742 5707 a
789 5646 1067 5722 theologia
1120 5646 1441 5720 motumque
1472 5648 1745 5722 scientia,
1801 5655 1862 5699 ut
1909 5646 1994 5722 vel

423 5740 593 5778 unum
626 5724 680 5779 id
696 5724 949 5794 exemplo
967 5714 1085 5779 esse
1111 5730 1297 5793 queat,
1326 5714 1434 5775 non
1463 5720 1619 5775 facile
1638 5714 1993 5785 irrumpenda

2104 5588 2257 5650 sacra
2292 5572 2476 5650 adyta.
2512 5569 2732 5650 ei,__qui
2769 5573 3017 5650 ἀμῦητος
3051 5574 3167 5650 εἰι.Δ
3193 5576 3335 5650 Quid
3370 5577 3519 5633 enim
3573 5598 3694 5650 ρει·-

2103 5645 2207 5766 εριὶ
2242 5642 2505 5704 socordia,
2554 5642 2772 5714 aliaque
2814 5642 2918 5699 hic
2946 5644 2994 5698 ei
3051 5646 3256 5715 posita?
3319 5647 3437 5722 Ipsa
3474 5642 3694 5711 Maium

2104 5729 2131 5766 ο
2158 5729 2268 5766 ara.

2104 5729 2268 5767 Clara.
