4094 6204
406 330 543 394 1233

1072 334 1409 397 CAPITUM
1448 335 1549 408 QU
1558 336 1742 410 INQU
1752 336 1872 397 [ES
1910 336 2433 400 CENTENORUM
2475 341 2867 403 CENTURIA
2906 342 2986 402 II.

2436 212 2475 227 μ

3542 343 3674 406 1234

398 441 465 518 ἦς
515 448 660 502 κατὰ
706 446 805 519 τὴν
845 450 1061 521 πεῖραν,
1099 452 1173 522 μὴ
1229 451 1471 521 ἅψασθαι
1517 452 1584 506 δι’
1623 453 1903 525 ἐνεργείας
1957 453 1984 503 6

2105 455 2304 511 nomini
2357 458 2715 515 interdictum
2764 467 2931 524 esset,
2967 475 3035 515 ne
3074 460 3412 530 experiendo
3447 464 3672 533 attinge-

396 537 681 610 ἄνθρωπος
728 540 829 610 τὴν
860 541 1010 595 θείαν
1055 540 1238 602 λαβὼν
1274 546 1516 615 εντολὴν,
1550 546 1652 600 οὐκ
1695 544 1981 614 ἐφύλαξεν.

466 627 569 697 λγ’.
624 630 935 703 Ἀμφότερα
971 633 1039 686 τὰ.
1069 632 1200 698 ξύλα
1231 636 1371 689 κατὰ
1403 635 1502 705 τὴν
1533 637 1779 707 Γραφὴν,
1821 636 1984 692 τινῶν

396 720 503 774 εἰσι
534 720 871 793 διακριτικὰ,
920 725 1091 795 ἦγουν
1119 727 1148 779 6
1175 726 1300 788 νοῦς
1339 729 1433 782 καὶ
1463 729 1496 798 ἡ
1532 726 1785 799 αἴσθησις
1805 743 1818 758 ’
1850 723 1982 793 οἷον,

396 816 427 867 ὁ
463 814 564 885 μὲν
594 815 739 880 νοῦς,
790 815 904 887 ἔχει
949 817 1180 889 δύναμιν
1227 819 1593 890 διακριτικὴν,
1640 817 1848 889 νοητῶν
1891 820 1987 873 καὶ

397 905 693 978 αἰσθητῶν,
725 908 1078 979 προσκαίρων
1122 910 1218 963 καὶ
1253 909 1520 963 αἰωνίων·
1558 909 1761 980 μᾶλλον
1791 910 1849 963 δὲ
1880 910 1983 979 ψυ-

399 998 501 1072 χῆς
538 999 798 1071 ὑπάρχων
842 1000 1077 1072 δύναμις
1122 1000 1463 1073 διακριτικὴ,
1500 1002 1612 1057 τῶν
1646 1002 1769 1073 μὲν,
1814 1001 1989 1074 αὐτὴν

400 1091 722 1164 ἀντέχεσθαι
772 1091 979 1146 πείθει·
1022 1091 1133 1146 τῶν
1180 1093 1261 1159 δὲ,
1329 1094 1749 1166 ὑπεραίρεσθαι.
1809 1095 1875 1150 Ἥ
1928 1095 1988 1150 δὲ

400 1182 654 1255 αἴσθησις
699 1184 813 1255 ἔχει
851 1183 1084 1256 δύναμιν
1114 1184 1458 1258 διακριτικὴν
1488 1186 1683 1257 ἡδονῆς
1720 1186 1990 1257 σωμάτων

401 1276 495 1329 καὶ
522 1274 716 1345 ὀδύνης
736 1291 749 1305 ο
785 1275 988 1345 μᾶλλον
1012 1275 1070 1329 δὲ
1109 1274 1339 1347 δύναμις
1361 1275 1684 1347 ὑπάρχουσα
1732 1276 1992 1347 ἐμψύχων

322 1397 327 1402 -
403 1367 497 1419 καὶ
533 1366 868 1437 αἰσθητικῶν
912 1366 1207 1436 σωμάτων,
1238 1365 1337 1438 τὴν
1377 1367 1474 1438 μὲν
1521 1365 1717 1439 ἡδονὴν
1756 1367 1992 1421 ἐπισπᾶ-

404 1455 530 1514 σθαι
560 1458 760 1524 πείθει,
788 1458 889 1531 τὴν
922 1459 980 1514 δὲ
1011 1459 1203 1531 ὀδύνην
1233 1458 1682 1531 ἀποπέμπεσθαι.

2089 556 2192 609 ret,
2243 549 2562 602 mandatum
2611 565 2720 603 non
2771 550 3034 604 servavit.

2157 633 2313 706 54],
2365 635 2453 691 55.
2507 637 2814 707 Utrumque
2864 637 3074 707 lignum
3130 625 3319 708 (mens
3365 640 3579 694 scilicet
3626 651 3681 695 et

2087 727 2300 795 sensus)
2333 726 2487 796 juxta
2521 727 2885 797 Scripturam,
2917 727 3028 781 vim
3061 729 3429 797 quorumdam
3466 730 3678 785 discer-

2086 813 2397 868 neudorum
2430 816 2657 881 habent,
2683 816 2837 870 verbi
2868 817 3043 887 gratia
3074 833 3251 881 mens,
3280 834 3343 873 ea
3370 819 3423 872 vi
3451 819 3680 889 praedita

2087 920 2210 972 est,
2246 925 2354 979 qua
2388 909 2671 967 discernat
2702 926 2824 981 quae
2865 913 2969 968 sub
3006 912 3349 967 intellectum
3390 914 3595 966 cadunt
3627 923 3685 968 et

2088 1012 2214 1067 quae
2255 1000 2359 1054 sub
2400 1016 2645 1068 sensum,
2672 1017 2794 1073 quas
2831 1010 3186 1072 temporanea
3221 1008 3438 1072 et‘qure
3477 1013 3686 1057 aeterna

2090 1096 2239 1143 sunt.
2272 1089 2410 1156 lmo,
2443 1105 2570 1146 cum
2609 1092 2727 1161 ipsa
2768 1092 3040 1162 ejusmodi
3082 1091 3317 1147 facultas
3354 1090 3553 1149 animae
3590 1089 3683 1154 sit,

2091 1179 2183 1233 cui
2234 1180 2379 1236 inest
2418 1182 2503 1237 vis
2546 1181 2932 1246 discernendi.
2965 1192 3161 1238 auctor
3204 1182 3284 1236 illi
3329 1189 3446 1246 est,
3480 1190 3539 1234 ut
3581 1181 3686 1236 alia

2091 1274 2488 1343 amplectatur,
2525 1274 2631 1330 alia
2677 1283 2903 1345 superet
2950 1290 3014 1329 ac
3057 1271 3435 1327 transcendat.
3480 1271 3689 1326 Sensus

2092 1375 2277 1420 autem
2317 1365 2425 1418 vim
2462 1365 2630 1420 habet
2662 1364 3043 1420 discernendae
3103 1375 3402 1430 corporum
3433 1358 3683 1427 volupta—

2096 1453 2165 1507 tis
2208 1462 2374 1524 atque
2415 1454 2625 1508 doloris
2665 1471 2678 1506 :
2722 1452 2975 1522 quinimo
3016 1466 3141 1505 cum
3187 1450 3304 1518 ipse
3344 1446 3578 1501 facultas
3616 1443 3690 1498 sit

2095 1559 2387 1614 corporum
2417 1546 2596 1600 anima
2630 1559 2906 1614 sensuque
2935 1542 3321 1613 prreditorum,
3346 1540 3686 1608 voluptatem

2097 1634 2321 1704 quidem
2356 1635 2627 1690 asciscere
2661 1633 2888 1697 suadet,
2916 1633 3162 1687 dolorem
3192 1646 3324 1685 vero
3356 1629 3686 1700 propellere.

474 1720 570 1777 λδ’.
615 1721 674 1775 '0
707 1720 1013 1794 ἄνθρωπος,
1048 1723 1145 1777 ἐὰν
1177 1724 1275 1794 μὲν
1304 1725 1472 1795 μόνης
1517 1724 1615 1795 τῆς
1643 1725 1765 1779 καθ’
1796 1726 1994 1796 ἡδονὴν

2170 1726 2259 1790 54.
2292 1725 2489 1789 llomo,
2517 1726 2791 1796 siquidem
2827 1725 2929 1780 soli
2964 1722 3310 1787 discretioni,
3340 1738 3461 1792 quae
3492 1735 3691 1775 sensus

407 1812 500 1865 καὶ
534 1810 727 1883 ὀδύνην
753 1812 1076 1884 αἰσθητικῆς
1106 1813 1214 1867 τῶν
1238 1814 1506 1883 σωμάτων
1528 1815 1755 1886 γένηται
1781 1816 1995 1886 διακρί-

2105 1825 2201 1883 est,
2237 1817 2539 1886 voluptatis
2582 1831 2883 1886 corporum
2930 1823 3096 1885 atque
3135 1812 3367 1877 doloris,
3410 1813 3691 1880 impensus

411 1921 569 1969 σεως,
618 1905 903 1976 τὴνκθείαν
937 1905 1194 1980 παραϐὰς
1243 1906 1484 1976 ἐντολὴν,
1522 1906 1690 1961 ἐσθίει
1731 1908 1795 1961 τὸ
1840 1906 1994 1972 ξύλον

2105 1906 2205 1970 sit,
2253 1906 2428 1960 divini
2488 1905 2767 1971 mandati;
2826 1904 3276 1975 transgressionis
3330 1917 3492 1966 reus,
3544 1900 3692 1970 ligno

410 1995 472 2047 τὸ
503 1996 745 2062 γνωστὸν
782 1996 950 2050 καλοῦ
982 1997 1077 2051 καὶ
1109 1999 1350 2070 πονηροῦ
1370 2017 1383 2030 θ
1419 2000 1688 2065 τουτέστι,
1730 2000 1831 2071 τὴν
1874 2000 1994 2053 κατ’

2105 1999 2342 2053 vescitur
2382 1999 2629 2054 scientia:
2674 1998 2805 2052 boni
2855 2005 2912 2051 et
2965 1998 3095 2051 mali
3152 1996 3381 2067 (sensus
3424 1994 3691 2048 nimirum

410 2086 665 2157 αἴσθησιν
712 2088 966 2156 ἀλογίαν·
1005 2089 1143 2160 ἔχων
1190 2091 1358 2162 μόνην
1386 2092 1484 2163 τὴν
1532 2093 1864 2164 συστατικὴν
1890 2092 1998 2146 τῶν

2105 2099 2323 2161 experte
2358 2090 2589 2145 rationis
2619 2088 2796 2159 motu)
2830 2105 2939 2143 una
2980 2089 3194 2158 pollens
3225 2103 3290 2141 ea
3323 2086 3691 2147 discretione,

414 2179 684 2247 σωμάτων
731 2176 1064 2251 διάκρισιν,
1091 2182 1213 2235 καθ’
1262 2185 1350 2253 ἦν,
1396 2183 1473 2247 ὡς
1524 2182 1623 2254 μὲν
1666 2182 1856 2247 καλοῦ,
1899 2184 1998 2254 τῆς

2105 2196 2223 2252 quae
2256 2181 2323 2236 ad
2361 2197 2658 2250 corporum
2693 2179 3129 2235 incolumitatem
3166 2177 3326 2242 facit;
3365 2192 3501 2246 qua,
3532 2176 3693 2230 volu-

415 2268 606 2340 ἡδονῆς
638 2271 956 2341 ἀντέχεται·
994 2274 1069 2337 ὡς
1109 2273 1164 2327 δὲ
1200 2274 1393 2340 κακοῦ,
1433 2276 1533 2346 τῆς
1558 2275 1753 2342 ὀδύνης
1786 2277 2000 2346 ἀπέχε-

2105 2266 2309 2344 ptatem
2357 2273 2580 2342 quidem
2630 2281 2691 2326 ut
2738 2272 2946 2326 bonum
2999 2270 3392 2340 amplectitur;
3446 2268 3692 2322 dolorem

413 2379 522 2421 ται.
571 2362 698 2417 Ἐὰν
741 2364 799 2417 δὲ
850 2362 1018 2435 μόνης
1041 2366 1140 2435 τῆς
1180 2365 1291 2420 τῶν
1341 2367 1575 2421 αἰωνίων
1618 2367 2001 2439 διακρινούσης

2105 2380 2233 2420 vero
2269 2364 2411 2433 fugit
2474 2370 2537 2417 ut
2573 2363 2797 2417 malum.
2827 2361 2923 2417 Sin
2961 2370 3146 2416 autem
3186 2360 3389 2415 mentis
3428 2359 3696 2414 duntaxat

415 2452 487 2506 τὰ
525 2454 838 2525 πρόσκαιρα
880 2456 949 2510 δι’
980 2457 1106 2510 ὃλου
1145 2456 1372 2527 γένηται
1420 2460 1612 2527 νοερᾶς
1655 2460 2001 2530 διακρίσεως,

2105 2455 2425 2510 discretioni
2479 2470 2708 2524 prorsus
2754 2454 3011 2519 studeat,
3056 2469 3178 2522 qua:
3224 2463 3577 2522 temporanea
3625 2451 3695 2505 ab

416 2543 514 2614 τὴν
537 2544 689 2599 θείαν
710 2546 952 2613 φυλάξας
978 2547 1223 2618 ἐντολὴν,
1250 2548 1423 2602 ἐσθίει
1448 2549 1505 2602 τὸ
1526 2549 1683 2615 ξύλον
1703 2551 1799 2620 τῆς
1823 2550 1965 2619 ζωῆς
1984 2569 1999 2582 ·

2105 2548 2325 2603 aeternis
2370 2548 2678 2611 discernat,
2725 2545 2899 2600 divini
2950 2545 3195 2599 mandati
3247 2554 3441 2605 tenax,
3482 2544 3692 2613 lignum

418 2635 515 2706 τὴν
563 2637 705 2691 κατὰ
743 2637 869 2692 νοῦν
920 2637 1075 2707 λέγω,
1116 2641 1515 2711 συνισταμένην
1565 2642 1787 2709 σοιρίανο
1835 2642 2003 2714 μόνην

2105 2638 2231 2693 vitae
2265 2639 2614 2708 (sapientiam
2651 2638 2920 2692 nimirum
2954 2638 3010 2691 in
3048 2644 3232 2692 mente
3268 2635 3692 2701 consistentem)

418 2726 556 2795 ἔχων
587 2727 683 2797 τὴν
712 2731 1047 2812 συστατικὴν
1082 2731 1183 2799 τῆς
1211 2730 1391 2802 ψυχῆς
1419 2729 1695 2803 διάκρισιν
1713 2749 1726 2763 ’
1763 2732 1886 2786 καθ’
1915 2734 2002 2803 ἢν,

417 2815 492 2880 ὡς
541 2818 639 2887 μὲν
690 2819 883 2882 καλοῦ,
928 2821 1027 2892 τῆς
1061 2821 1175 2875 τῶν
1213 2823 1451 2877 αἰωνίων
1490 2824 1775 2894 ἀντέχεται
1809 2823 2000 2896 δόξης·

418 2911 495 2974 ὡς
568 2912 652 2975 δὲ,
692 2915 903 2977 κακοῦ,
981 2916 1080 2985 τῆς
1140 2917 1252 2971 τῶν
1330 2919 1679 2990 προσκαίρων
1742 2918 2006 2988 ἀπέχεται

421 3002 649 3073 φθορᾶς.

2105 2733 2381 2799 comedit;
2425 2748 2532 2788 una
2568 2733 2834 2787 duntaxat
2870 2733 3134 2803 prmditus
3169 2730 3539 2794 discretione,
3572 2746 3694 2799 qua:

2108 2822 2174 2879 ad
2206 2823 2373 2877 animi
2406 2825 2637 2880 salutem
2668 2826 2828 2890 facit;
2861 2841 2990 2895 qua,
3018 2833 3350 2879 :eternorum
3386 2822 3694 2876 claritatem

2109 2924 2172 2970 ut
2194 2915 2400 2970 bonum
2432 2918 2776 2987 complexus,
2804 2933 2834 2973 a
2865 2926 3210 2972 tcrrenorum
3246 2916 3606 2985 corruptione
3636 2921 3695 2969 ut

2109 3019 2140 3061 a
2169 3007 2317 3061 malo
2345 3009 2682 3078 abjungitur.

490 3094 584 3150 λε’.
640 3095 752 3150 Νοῦ
804 3098 903 3166 μὲν
952 3097 1118 3152 καλόν
1177 3100 1363 3164 ἐστιν,
1408 3101 1442 3171 ἡ
1488 3099 1708 3170 ἀπαθὴς
1763 3100 1901 3170 πρὸς
1946 3100 2003 3154 τὸ

2179 3095 2268 3151 55.
2298 3097 2495 3152 Mentis
2528 3098 2737 3152 bonum
2773 3105 2937 3167 atque
2971 3096 3161 3160 animi,
3188 3097 3487 3167 tranquilla
3521 3104 3605 3151 est
3634 3111 3697 3151 ac

421 3185 638 3256 πνεῦμα
672 3187 945 3252 διάθεσις·
998 3190 1168 3243 κακὸν
1216 3189 1293 3257 δὲ,
1334 3194 1367 3262 ἡ
1414 3191 1674 3265 ἐμπαθὴς
1719 3190 1857 3264 πρὸς
1905 3191 2006 3264 τὴν

419 3275 672 3348 αἴσθησιν
699 3279 919 3350 σχέσιςδ
954 3281 1265 3353 αἰσθήσεως
1303 3282 1361 3336 δὲ
1391 3283 1557 3338 καλόν
1594 3286 1767 3348 ἐστιν,
1812 3286 1846 3356 ή
1882 3283 2007 3339 καθ’

421 3366 615 3438 ἡδονὴν
647 3370 903 3441 ἐμπαθὴς
934 3371 1072 3442 πρὸς
1126 3373 1288 3444 σῶμα
1331 3375 1582 3446 κίνησιςο
1634 3376 1806 3430 κακὸν
1856 3377 1937 3441 δὲ,
1974 3376 2007 3446 ή

423 3461 563 3514 κατὰ
592 3461 848 3535 στέρησιν
879 3464 1080 3534 ταύτης
1112 3466 1466 3537 ὲπιγινομένη
1501 3466 1760 3531 διάθεσις.

494 3726 606 3793 λς’.
661 3727 720 3782 '0
777 3730 971 3795 πείσας
1029 3731 1095 3786 τὸ
1160 3731 1405 3794 συνειδὸς
1452 3730 1531 3795 ὡς
1581 3733 1742 3803 φύσει
1808 3737 2007 3798 καλὸν,

424 3821 804 3892 πραττόμενον
836 3822 984 3893 ἔχειν
1012 3825 1074 3878 τὸ
1113 3825 1399 3889 κάκιστον,
1442 3821 1599 3890 οὗτος
1643 3829 1825 3900 χειρὸς
1852 3829 2009 3901 δίκην
2036 3888 2041 3893 ,

425 3912 674 3976 ἐκτείνας
702 3916 764 3968 τὸ
810 3916 1135 3987 πρακτικὸν,
1168 3917 1327 3971 ἔλαϐε
1355 3919 1572 3989 ψεκτῶς
1605 3919 1698 3975 τοῦ
1726 3920 1882 3985 ξύλου
1908 3922 2009 3991 τῆς

426 3999 605 4074 ζωῆς,
659 4005 930 4060 ἀθάνατον
982 4010 1331 4079 ἡγησάμενος
1383 4011 1544 4080 φύσει
1605 4011 1667 4065 τὸ
1727 4012 2006 4068 κάκιστον.

425 4096 629 4168 Διόπερ
658 4098 759 4169 τὴν
786 4100 929 4154 κατὰ
955 4100 1017 4153 τὸ
1048 4102 1283 4166 συνειδὸς
1312 4103 1613 4165 τούκακοῦ
1645 4106 1900 4177 διαϐολὴν
1932 4106 2011 4179 τῷ

427 4187 703 4260 ἀνθρώπῳ
733 4190 981 4258 φυσικῶς
1032 4191 1321 4263 ἐνθέμενος
1359 4197 1387 4250 6
1430 4196 1584 4261 Θεὸς,
1612 4198 1882 4270 διέκρινεν
1921 4202 2012 4255 at).

426 4279 645 4349 τὸντῆς
685 4281 862 4350 ζωῆς,
910 4282 1082 4337 κακὸν
1128 4288 1195 4356 τῇ
1244 4287 1564 4359 προαιρέσει
1612 4292 2007 4362 γεγενημένον·

428 4369 515 4424 ἵνα
576 4371 652 4442 μὴ
702 4373 765 4426 τὸ
821 4375 991 4429 κακὸν
1043 4376 1335 4447 πράττων,
1386 4380 1610 4451 δύνηται
1675 4386 1857 4438 πεῖσαι
1912 4388 2011 4458 τὴν

2110 3186 2406 3243 affectibus
2432 3204 2636 3243 vacans
2663 3204 2760 3244 seu
2793 3188 3091 3243 libidinosa
3127 3190 3248 3259 ejus
3280 3204 3409 3259 erga
3442 3187 3697 3258 spiritum

2109 3278 2359 3347 aﬂeetio;
2394 3281 2597 3334 malum
2624 3296 2777 3345 vero,
2804 3280 3098 3336 libidinosa
3131 3289 3187 3334 et
3213 3295 3335 3335 eum
3367 3280 3568 3335 affectu
3599 3295 3696 3336 seu

2109 3370 2527 3437 perturbatione
2573 3386 2700 3440 erga
2746 3386 2970 3427 sensum
3018 3371 3287 3425 habitudo
3339 3386 3403 3425 ac
3453 3371 3692 3425 affectio.

2112 3460 2321 3515 Sensus
2344 3471 2527 3515 autem
2555 3462 2782 3525 bonum,
2804 3480 3015 3534 pronus
3037 3472 3121 3518 est
3142 3463 3441 3532 voluptatis
3465 3463 3697 3517 libidine

2110 3548 2167 3601 in
2201 3563 2405 3619 corpus
2440 3558 2654 3617 motus;
2693 3552 2898 3605 malum
2934 3567 3094 3614 vero,
3125 3567 3246 3620 quae
3280 3565 3377 3621 per
3410 3549 3558 3604 illius
3590 3552 3699 3620 pri-

2110 3639 2387 3695 vationem
2417 3642 2706 3712 dispositio
2736 3659 2798 3698 ac
2826 3643 3046 3698 affectio
3078 3642 3308 3697 accedit.

2179 3730 2270 3786 36.
2301 3732 2404 3799 Qui
2451 3744 2647 3790 auctor
2684 3735 3037 3790 conscientia:
3076 3742 3181 3798 est,
3216 3745 3278 3788 ut
3315 3734 3465 3789 velut
3507 3742 3697 3788 natura

2109 3822 2353 3887 bonum,
2419 3823 2568 3893 quod
2638 3832 2724 3880 est
2789 3825 3092 3894 pessimum
3163 3838 3331 3893 opere
3395 3822 3699 3878 exercitum

2110 3914 2337 3982 habeat;
2376 3916 2639 4011 is,\quasi
2678 3932 2901 3971 manum
2941 3915 3159 3987 (agendi
3195 3915 3327 3988 vim)
3364 3917 3697 3979 extendens,

2109 4003 2179 4061 de
2212 4007 2365 4077 ligno
2396 4003 2553 4073 vitae,
2588 4008 2904 4064 damnando
2941 4007 3187 4064 facinore
3223 4008 3461 4078 accepit;
3506 4017 3700 4063 natura

2110 4106 2264 4154 ratus
2302 4100 2646 4164 immortale,
2674 4101 2823 4171 quod
2859 4100 2915 4155 in
2953 4099 3211 4171 pessimis
3245 4101 3696 4157 habendumcst.

2109 4188 2256 4245 Deus
2291 4190 2498 4261 itaque,
2527 4192 2620 4262 qui
2655 4201 2853 4247 natura
2885 4192 3098 4247 homini
3135 4190 3431 4256 indiderat,
3462 4200 3538 4257 ut,
3572 4207 3703 4246 con-

2110 4282 2339 4337 scientia
2387 4283 2593 4354 judice,
2628 4286 2833 4339 malum
2878 4284 3251 4354 vituperaret,
3296 4286 3552 4339 eumdem
3603 4301 3701 4339 sua

2113 4374 2292 4444 ipsum
2319 4377 2599 4431 voluntate
2630 4391 2693 4432 ae
2718 4376 2953 4432 arbitrio
2983 4379 3189 4431 malum
3226 4377 3508 4442 eﬂ‘ectum,
3535 4392 3564 4431 a
3591 4377 3701 4431 vita

430 4461 567 4514 ἰδίαν
599 4464 927 4533 συνείδησιν,
978 4468 1063 4521 ὅτι
1116 4469 1275 4539 φύσει
1323 4472 1488 4526 καλὸν
1528 4473 1765 4549 ὑπάρχει
1800 4476 1861 4530 τὸ
1911 4478 2003 4532 κά·

2111 4466 2420 4535 segregavit
2458 4484 2471 4519 :
2510 4483 2578 4521 ne
2612 4466 2745 4521 dum
2780 4468 2985 4521 malum
3026 4467 3167 4538 agit,
3204 4467 3559 4522 conseientim
3591 4481 3703 4537 sum

428 4565 522 4603 κισ
526 4568 637 4606 τον.

498 4714 577 4782 λζ’
652 4718 718 4772 Ἥ
751 4719 1015 4790 ἄμπελος,
1051 4718 1195 4776 οἶνον
1244 4726 1418 4778 ποιεῖ·
1450 4726 1479 4779 6
1510 4724 1672 4791 οἰνος,
1722 4729 1894 4801 μέθην
1917 4748 1930 4761 '
1976 4734 2008 4801 ἡ

432 4804 596 4877 μέθη,
625 4807 900 4864 ἔκστασιν.
934 4813 1142 4867 Οὐκοῦν
1167 4816 1195 4867 6
1215 4816 1442 4886 ἐνεργὴς
1469 4818 1645 4885 λόγος,
1686 4822 1825 4892 ὅπερ
1862 4824 2013 4877 ἐστὶν

429 4896 463 4965 ἡ
507 4896 772 4967 ἄμπελος,
828 4902 1243 4974 γεωργούμενος
1268 4906 1392 4966 ταῖς
1439 4907 1682 4977 ἀρεταῖς,
1723 4912 1887 4982 γεννᾷ
1915 4915 2015 4984 τὴν

430 4988 631 5055 γνῶσιν
650 5007 663 5022 ·
691 4992 724 5062 ἡ
756 4990 813 5044 δὲ
840 4993 1062 5061 γνῶσις,
1097 4997 1259 5067 γεννᾷ
1282 4996 1381 5068 τὴν
1410 4997 1581 5070 καλὴν
1609 4998 1884 5068 ἔκστασιν,
1916 5003 2015 5077 τὴν

427 5077 520 5131 τὸν
554 5079 678 5134 νοῦν
713 5082 813 5152 τῆς
847 5085 965 5137 κατ’
1002 5086 1255 5158 αἴσθησιν
1289 5089 1526 5157 σχέσεως
1566 5091 1886 5156 ὲξιστῶσαν.

502 5171 603 5242 λη’.
646 5174 771 5238 Τοῖς
804 5175 914 5228 τῶν
949 5177 1227 5248 αἰσθητῶν
1266 5181 1540 5251 νοήμασιν
1576 5185 1732 5238 εἴωθε
1771 5188 2010 5262 κακούρ-

428 5274 543 5326 γως
579 5263 610 5315 6
657 5264 889 5335 πονηρὸς
924 5266 1253 5355 συμϐάλλειν
1301 5269 1370 5323 τὰ
1415 5271 1524 5324 τῶν
1573 5274 1849 5346 αἰσθητῶν
1894 5281 2009 5355 εἴδη

427 5355 524 5406 καὶ
557 5357 830 5425 σχήματα,
860 5356 928 5410 δι’
955 5350 1030 5413 ὧν
1061 5359 1270 5427 πέφυκε
1298 5360 1367 5413 τὰ
1397 5362 1541 5434 πάθη
1559 5350 2010 5438 δημιουργεῖσθαι

432 5445 562 5516 περὶ
588 5446 684 5510 τὰς
718 5448 1042 5519 ἐπιφανείας
1075 5452 1184 5503 τῶν
1214 5453 1446 5522 ὁρατῶν,
1485 5457 1674 5510 στάσιν
1710 5460 2012 5531 λαμϐανού-

432 5553 533 5607 σης
564 5538 641 5608 (ε)
670 5538 759 5594 διὰ
791 5538 888 5610 τῆς
919 5541 1090 5613 μέσης
1125 5544 1430 5616 αἰσθήσεως
1466 5547 1565 5616 τῆς
1601 5551 1726 5620 περί
1752 5551 1819 5606 τὰ
1846 5556 2013 5626 νοητᾶ

2112 4556 2447 4625 persuadere
2483 4558 2682 4627 possit,
2711 4556 2917 4613 bonum
2950 4569 3147 4611 natura
3182 4572 3325 4620 esse,
3350 4556 3495 4627 quod
3532 4556 3704 4626 pessi-

2114 4664 2265 4703 mum
2296 4657 2401 4704 est.

2186 4739 2274 4793 57.
2332 4739 2505 4805 Vitis,
2555 4741 2743 4797 vinum
2810 4743 2988 4813 parit;
3055 4744 3283 4809 vinum,
3338 4741 3698 4804 ebrietatem;

2117 4825 2277 4897 542
2333 4829 2603 4894 ebrietas,
2650 4832 2853 4887 mentis
2905 4848 3215 4889 excessum.
3264 4830 3463 4886 Eilicax
3518 4830 3702 4900 itaque

2120 4918 2260 4973 ratio
2309 4919 2505 4992 (quam
2554 4921 2658 4976 rite
2702 4921 2871 4977 vitem
2911 4920 3354 4993 nuncupaveris)
3400 4920 3703 4976 virtutibus

2117 5011 2356 5075 exculta,
2379 5012 2668 5067 scientiam
2692 5013 2995 5085 progignit;
3018 5013 3272 5079 scientia,
3292 5014 3498 5069 bonum
3515 5027 3707 5067 exces-

2125 5117 2269 5167 sum,
2289 5119 2400 5173 quo
2416 5120 2574 5159 mens
2590 5119 2620 5159 a
2636 5106 2841 5160 carnali
2872 5120 3177 5176 sensusque
3206 5104 3434 5161 libidine
3464 5103 3701 5157 excedit.

2186 5196 2274 5251 38.
2302 5198 2506 5252 Rerum
2533 5198 2588 5251 in
2617 5213 2838 5252 sensum
2869 5199 3184 5255 cadentiqu
3216 5198 3498 5268 conceptis
3523 5198 3702 5257 animo

2117 5286 2446 5352 rationibus,
2473 5285 2790 5341 earumdem
2826 5286 3033 5343 formas
3064 5298 3229 5358 atque
3264 5284 3465 5357 ﬁguras
3499 5294 3559 5340 ut
3585 5302 3708 5340 vcr-

2119 5386 2241 5432 sute
2271 5387 2548 5440 conserat,
2573 5394 2640 5433 ex
2665 5378 2989 5449 nequissimi
3016 5379 3182 5450 genio
3207 5386 3322 5445 est;
3351 5378 3559 5449 quibus
3578 5392 3708 5447 pro-

2119 5468 2261 5522 clive
2300 5469 2449 5523 circa
2487 5483 2678 5543 earum
2720 5486 2908 5525 rerum
2948 5479 3326 5541 conspectum,
3359 5485 3498 5540 quas
3532 5469 3709 5526 oculis

2118 5576 2473 5632 usurpamus,
2495 5561 2726 5619 allectus
2750 5573 3115 5633 procreantur
3136 5579 3203 5619 ac
3223 5561 3487 5617 libidines
3507 5576 3523 5626 ;
3543 5563 3715 5620 ratio-

518 5716 578 5794 (ι)
617 5719 844 5775 Στάσιν
891 5723 1317 5797 ,λαμϐανούσης
1347 5742 1360 5756 ’
1412 5728 1875 5803 ιηιενᾳιιὶεεεεπάιιρ,
1944 5752 2000 5791 se

2105 5749 2344 5805 mante;
2405 5761 2473 5802 ne
2532 5756 2709 5800 sensui
2750 5741 2932 5798 medio
2975 5743 3044 5800 ad
3096 5736 3380 5817 spiritalia
3432 5744 3719 5801 transeat;
