4094 6204
404 346 542 412 12⁸35

1565 351 1626 413 S.
1667 354 1954 415 MAXIMI
1990 355 2495 420 CONFESSORIS

3524 369 3656 434 1236

398 460 508 515 nali
546 460 810 517 nimirum
847 458 903 520 in
940 462 1103 518 nobis
1133 461 1392 519 facultate
1424 473 1580 520 motu
1615 465 1880 533 inhibita,
1906 484 1975 525 ne

2093 471 2400 538 Ξιασὰσεως,
2439 474 2542 544 τῆς
2575 475 2632 528 έν
2661 477 2794 547 ἡμῖν
2827 477 3053 550 λογικῆς
3096 481 3398 552 ἐνεργείας.
3443 481 3534 537 Διὸ
3563 485 3656 538 καὶ

396 552 729 610 intermedio
763 569 926 608 sensu
960 554 1028 608 ad
1062 554 1329 624 spiritalia
1367 563 1636 624 transeat,
1668 568 1723 612 et
1754 574 1819 614 ea
1853 574 1976 634 qua:

397 642 515 697 sola
545 653 726 697 mente
757 642 1161 713 intelliguntur.
1191 643 1439 715 Hincqne
1474 647 1612 701 adeo
1639 655 1723 702 est
1753 657 1813 701 ut
1841 665 1977 717 pras-

395 735 572 789 valeat
620 734 687 788 ad
736 734 1105 804 diripiendum
1147 737 1420 801 animum,
1461 745 1518 791 et
1565 738 1633 792 ad
1683 739 1975 794 libidinum

395 825 772 894 vitiorumque
803 825 1184 880 confusionem
1213 827 1632 884 detrahendum.

467 914 557 969 59.
595 915 690 967 Dei
730 915 1001 979 Verbum,
1039 917 1201 970 simul
1246 926 1301 971 et
1346 921 1515 972 semel
1557 927 1612 973 et
1653 921 1880 975 lucerna
1923 930 1979 976 et

398 1005 584 1058 lumen
637 1015 722 1060 est
755 1008 822 1073 ⁸³,
868 1016 982 1061 tum
1033 1024 1138 1077 qua
1188 1007 1426 1063 fidelium
1480 1012 1758 1065 naturales
1807 1012 1977 1066 animi

399 1096 642 1150 rationes
668 1097 1001 1161 illuminans,
1028 1108 1142 1153 tum
1168 1116 1275 1169 qua
1302 1117 1394 1154 eas
1420 1102 1678 1165 adurens,
1703 1119 1824 1172 qua:
1849 1112 1980 1157 sunt

401 1193 601 1254 praeter
644 1197 918 1242 naturam.
957 1190 1026 1244 Ut
1071 1192 1198 1246 item
1245 1191 1367 1246 vita:
1412 1207 1479 1246 ex
1523 1209 1719 1248 sensus
1769 1194 1979 1250 ratione

402 1271 666 1330 instituta:
709 1278 997 1347 caliginem
1038 1279 1104 1334 iis
1144 1282 1390 1346 solvens,
1428 1283 1524 1351 qui
1571 1283 1826 1338 mandata
1874 1284 1978 1338 im-

403 1362 604 1431 plendo
625 1404 638 1428 ,
672 1365 739 1420 ad
774 1367 940 1420 vitam
981 1369 1321 1424 contendunt
1356 1371 1411 1424 in
1445 1388 1540 1441 spe
1576 1373 1734 1427 nobis
1767 1375 1980 1445 reposi-

405 1460 544 1520 tam;
582 1470 645 1509 ac
677 1456 915 1526 denique
947 1467 1007 1511 ut
1037 1459 1230 1528 judicii
1265 1460 1462 1515 ardore
1496 1477 1560 1517 ac
1597 1463 1854 1518 inccndio
1885 1479 1983 1519 eos

402 1546 667 1614 puniens.
703 1563 842 1616 quos
877 1549 1181 1604 tenebrosa:
1215 1551 1378 1621 hujus
1411 1554 1538 1608 vitae
1571 1571 1672 1610 nos
1703 1572 1770 1610 ex
1802 1557 1984 1613 carnis

403 1637 658 1702 libidine,
683 1640 866 1693 animo
891 1641 1178 1697 devinctos
1207 1642 1565 1714 addictosque
1598 1654 1769 1700 tenet.

469 1730 562 1784 60.
595 1729 713 1783 Nisi
746 1731 872 1800 quis
905 1730 1060 1799 prius
1093 1731 1161 1784 ad
1198 1733 1438 1802 seipsum
1475 1736 1792 1800 emerserit,
1827 1735 1987 1791 inna-

404 1821 676 1876 turalibus
705 1822 866 1892 longe
899 1823 1126 1892 abjectis
1159 1824 1479 1888 aﬂ‘cclibus,
1512 1836 1573 1881 ut
1604 1826 1671 1881 ad
1701 1835 1981 1883 auctorem
2016 1812 2054 1865 Β

403 1928 566 1970 suum
612 1929 676 1969 ac
715 1929 936 1970 causam
980 1917 1180 1985 (Deum
1221 1918 1466 1988 scilicet)
1513 1921 1800 1987 ascendat,
1840 1937 1985 1976 nun-

403 2020 568 2073 quam
603 2003 728 2070 fiat;
762 2021 825 2060 ea
859 2022 957 2075 per
988 2008 1220 2077 gratiam
1256 2011 1626 2079 comparando
1659 2011 1834 2077 bona,
1866 2029 1988 2083 qua;

404 2103 616 2151 natura:
640 2096 750 2150 vim
781 2113 1000 2152 omnem
1025 2109 1309 2168 superant.
1331 2101 1528 2155 Animo
1551 2103 1698 2157 enim
1725 2119 1754 2157 a
1784 2105 1986 2159 creatis

403 2190 628 2261 abjungi
659 2206 885 2246 necesse
917 2201 1034 2256 est,
1064 2193 1158 2261 qui
1197 2193 1251 2246 in
1283 2193 1456 2248 Deum
1484 2210 1614 2249 vere
1649 2195 1990 2268 colligendus

405 2283 498 2338 sit.

473 2374 564 2429 41.
593 2374 752 2445 Legis
785 2374 1001 2444 scriptae
1030 2390 1171 2445 opus
1199 2385 1304 2442 est,
1330 2376 1620 2449 affectibus
1650 2388 1812 2448 atque
1841 2378 1990 2436 vitiis

408 2465 635 2521 liberari
668 2483 681 2518 :
718 2466 984 2521 naturalis
1013 2481 1143 2521 vero
1170 2466 1327 2536 legis,
1355 2483 1511 2536 aequa
1536 2468 1771 2538 quadam
1799 2468 1988 2524 distri-

408 2557 637 2613 butione
662 2571 826 2628 pares
849 2558 1062 2612 cunctis
1084 2557 1312 2612 honoris
1335 2565 1520 2628 partes
1543 2559 1807 2614 tribuere.
1829 2559 1992 2630 Legis

409 2648 648 2718 denique
675 2647 938 2718 spiritalis
961 2647 1246 2717 perfectio,
1271 2657 1474 2717 quanta
1496 2648 1707 2703 homini
1730 2664 1990 2705 concessa

411 2749 519 2807 est,
545 2749 798 2794 accurata
826 2755 951 2795 cum
979 2741 1092 2794 Deo
1122 2740 1445 2795 similitudo.

478 2832 567 2888 42.
594 2831 899 2901 Corporum
932 2845 1229 2900 rerumque
1255 2830 1704 2901 incorporearum
1737 2830 1854 2902 (seu
1882 2831 1995 2902 spi-

411 2922 641 2990 rituum)
668 2922 914 2977 scientia:
940 2935 1113 2991 capax
1140 2929 1335 2976 natura
1363 2930 1467 2987 est,
1497 2921 1696 2976 mentis
1718 2921 1948 2976 facultas
1975 2939 1989 2975 :

412 3022 617 3070 sancta:
653 3022 839 3068 autem
874 3011 1158 3067 Trinitatis
1202 3013 1320 3067 solo
1353 3013 1540 3083 gratia:
1579 3012 1750 3068 ductu
1789 3012 1991 3068 indicia

411 3105 561 3176 capit
584 3119 649 3159 ac
677 3104 1220 3174 repmsentationes;
1251 3104 1400 3173 quod
1429 3105 1773 3159 solummodo
1804 3103 1992 3159 credat

413 3199 563 3256 illam
616 3211 769 3260 esse,
820 3211 930 3249 non
982 3195 1115 3265 quid
1170 3195 1389 3249 tandem
1445 3211 1542 3265 per
1587 3196 1880 3250 essentiam
1929 3211 1994 3251 ac

411 3297 608 3343 natura
637 3289 730 3352 sit,
755 3285 1013 3356 superbia
1041 3286 1328 3355 prmsumit
1347 3327 1360 3350 ,
1391 3296 1452 3340 ut
1479 3302 1634 3341 mens
1657 3285 1862 3340 divina.
1888 3285 1992 3351 Qui

411 3379 562 3434 enim
595 3393 794 3448 expers
829 3375 1074 3432 scientia:
1106 3384 1224 3442 est,
1255 3376 1478 3432 virtutis
1511 3376 1736 3431 modum
1769 3376 1992 3432 eluendi

415 3470 674 3527 vitiorum
707 3468 928 3533 sordes,
955 3465 1378 3537 haudquaquam
1406 3467 1578 3522 novit.

483 3562 574 3616 45.
603 3559 708 3627 Qui
742 3559 1092 3615 mendacium
1125 3559 1324 3630 diligit,
1355 3557 1432 3615 illi
1463 3558 1532 3613 ad
1565 3559 1849 3614 interitum
1880 3569 1996 3614 tra-

416 3653 598 3718 ditur;
638 3659 698 3706 ut
728 3649 931 3721 quibus
959 3651 1117 3705 malis
1150 3649 1309 3722 55.3
1340 3648 1594 3715 afﬁcitur,
1624 3650 1728 3704 hoc
1757 3651 1992 3717 noverit,

415 3742 563 3813 quod
615 3745 811 3812 sponte
861 3739 1068 3806 coluit;
1118 3755 1296 3810 exque
1348 3755 1534 3795 rerum
1585 3741 1704 3811 ipso
1748 3741 1996 3812 periculo

415 3835 613 3898 discat,
635 3848 736 3904 pro
757 3833 892 3896 vita,
913 3840 1147 3887 mortem
1171 3847 1229 3886 se
1255 3831 1658 3902 imprudentem
1684 3834 1999 3904 complexu-

417 3941 538 3980 rum
569 3939 712 3980 esse.

485 4017 576 4072 44.
611 4015 776 4080 Deus,
805 4013 937 4068 boni
973 4012 1237 4067 duntaxat
1265 4013 1554 4070 scientiam
1591 4013 1779 4081 habet,
1812 4025 1872 4070 ut
1901 4015 1996 4086 qui

417 4106 724 4164 secundum
755 4105 1074 4169 essentiam,
1097 4104 1229 4158 boni
1259 4113 1372 4158 tum
1399 4112 1598 4160 natura
1627 4114 1743 4160 tum
1767 4107 1996 4162 scientia

415 4206 503 4254 est
533 4215 548 4251 :
578 4195 709 4250 mali
737 4203 924 4250 autem
955 4193 1120 4248 habet
1149 4192 1541 4264 ignorantiam,
1569 4201 1628 4249 ut
1657 4197 1814 4267 cujus
1847 4197 1995 4253 nulla

417 4290 538 4359 ejus
566 4287 797 4344 facultas
825 4293 1120 4356 competat.
1146 4285 1390 4351 Quorum
1420 4286 1569 4341 enim
1598 4295 1795 4342 natura
1823 4287 1996 4344 facul-

422 4389 588 4436 tatem
619 4380 808 4444 habet,
833 4392 1027 4434 eorum
1059 4385 1116 4432 et
1140 4379 1370 4434 scientia
1399 4395 1500 4450 per
1525 4379 1820 4434 essentiam
1854 4396 1994 4450 prae-

421 4471 572 4527 ditus
600 4479 706 4527 est.

492 4568 582 4624 ιδ.
615 4566 770 4634 Quod
810 4566 866 4620 in
897 4564 1146 4622 Levitico
1180 4563 1563 4634 pectusculum
1595 4573 1708 4632 est,
1736 4573 2004 4635 praestan-

490 4683 536 4717 ⁸³
567 4683 708 4740 Psal.
737 4699 916 4748 cxvm,
947 4681 1083 4743 {05;
1108 4680 1269 4734 Prov.
1294 4695 1366 4742 vi,
1393 4678 1483 4733 23.

495 4806 513 4824 ⁸
538 4804 623 4861 Cf.
658 4804 726 4859 ad
761 4803 1012 4858 Thalass.
1053 4815 1108 4869 q.
1138 4798 1208 4854 45
1239 4806 1295 4852 et
1319 4797 1388 4852 46
1419 4796 1558 4851 infra
1588 4812 1740 4852 num.
1770 4800 1858 4854 47.

425 4939 532 4995 qua
594 4921 810 4995 scilicet
853 4913 1400 4995 _co_nspectisj.rebus
1427 4912 1702 4995 .libidine_
1733 4914 1997 4995 adhaeret,

423 4982 528 5049 nec
551 4995 698 5062 ipsas
733 4992 790 5045 in
818 4989 901 5062 eis
922 4982 1104 5058 legere
1132 4985 1394 5047 rationes,
1426 4983 1604 5051 iisque
1637 4982 1703 5036 ad
1734 4985 2000 5054 spiritalia

423 5059 714 5150 assqrgere
740 5059 962 5142 studet;
1010 5127 1038 5150 β
1059 5128 1071 5144 ,
1341 5125 1395 5150 Ω.

495 5133 560 5204 (f)
587 5125 669 5187 ’Ἦ
696 5131 804 5185 τοῦ
852 5127 1275 5204 νοῦ-δύναμις.
1341 5125 1819 5204 Sic_e|neiid._ex
1867 5138 1998 5204 mss.

425 5194 554 5260 cod.
586 5218 710 5259 cum
758 5209 924 5263 esset,
972 5197 1038 5249 Ἠ
1075 5197 1167 5250 τοῦ
1202 5197 1369 5266 νόμου
1399 5195 1649 5266 δύναμις.
1689 5195 1815 5266 llaec
1851 5194 2000 5248 enim

428 5274 626 5333 mentis
653 5272 867 5343 objecta
900 5278 1054 5343 sunt,
1086 5283 1195 5343 non
1219 5265 1388 5343 legis:
1419 5265 1714 5343 corporum
1740 5265 2000 5332 incorpo-

428 5335 927 5414 reorumqu'eiscu
975 5335 1318 5414 spirit_uum)_
1360 5335 1600 5414 notitia:
1656 5350 1766 5388 non
1820 5345 1999 5414 tamen

428 5414 602 5482 ipsius
627 5405 934 5473 Trinitatis,
966 5405 1147 5482 quoad
1170 5407 1319 5482 quod
1346 5405 1482 5475 quid
1503 5414 1596 5482 est
1627 5420 1769 5469 esse,
1810 5405 2001 5482 cogni:

430 5473 527 5540 tio.
550 5483 729 5540 Unum
775 5483 881 5536 hoc
919 5473 1102 5536 credit
1131 5473 1219 5548 pia
1269 5473 1456 5548 mens,
1503 5475 1677 5548 ipsam
1702 5489 1830 5548 esse
1859 5473 1918 5526 οὐ
1945 5473 2000 5526 τί

427 5571 559 5605 ποτε
582 5553 702 5605 κατ’
734 5552 921 5604 οὐσίαν
951 5551 1098 5603 ἐστὶν
1131 5545 1526 5615 αὐθαδιζομένη
1559 5563 1572 5576 ·
1614 5547 1711 5600 sibi
1757 5546 1872 5615 ipsa
1906 5559 2001 5614 per

427 5623 726 5694 superbiam
745 5638 854 5694 non
877 5635 1158 5694 arrogans,
1185 5618 1397 5694 ut_sciat
1425 5615 1550 5694 quid
1578 5616 1674 5694 illa
1699 5616 1768 5668 sit
1797 5629 1890 5694 per
1921 5628 2002 5666 es-

429 5685 656 5746 εεὶιιίαηι
683 5708 701 5755 ;
728 5691 804 5752 ὡς
831 5695 859 5744 ὁ
886 5685 1159 5758 δαιμόνιος
1187 5685 1541 5758 νορςχςιμειεί
1571 5686 1692 5758 _h_oc
1739 5685 1996 5758 unimo-

435 5762 612 5830 prium
650 5750 798 5816 dicat
817 5750 1017 5815 divina:
1033 5757 1223 5813 menti.
1244 5750 1544 5809 Nihil'boni
1570 5755 1730 5809 Picus
1758 5772 1770 5805 :
1803 5750 1994 5808 Nulla-

2030 4494 2077 4551 D

2078 563 2365 634 κατισχύει
2405 566 2626 637 πορθεῖν
2658 568 2756 639 τὴν
2793 568 2992 640 ψυχὴν,
3021 571 3116 625 καὶ
3158 573 3240 636 εἰς
3273 571 3377 641 τὴν
3412 574 3522 628 τῶν
3559 592 3658 629 παρ

2078 653 2186 710 θῶν
2219 655 2479 726 σύγχυσιν
2510 657 2860 730 κατασύρειν.

2150 941 2251 994 λθ’.
2291 941 2496 1010 Λύχνος
2540 942 2676 1006 ἐστὶ,
2714 942 2856 997 κατὰ
2901 943 3098 997 ταυτὸν
3131 946 3264 1015 ὁμοῦ
3304 946 3402 1000 καὶ
3442 946 3580 1016 φῶς,
3627 949 3658 1001 ὁ

2077 1033 2171 1086 τοῦ
2219 1033 2354 1086 Θεοῦ
2401 1034 2578 1100 λόγος,
2614 1035 2706 1086 καὶ
2739 1033 2815 1098 ὡς
2861 1037 3110 1104 φωτίζων
3157 1038 3288 1101 τοὺς
3319 1038 3463 1092 κατὰ
3498 1039 3659 1109 φύσιν

2078 1125 2370 1194 λογισμοὺς
2415 1125 2523 1178 τῶν
2567 1126 2794 1189 πιστῶν,
2841 1128 2936 1181 καὶ
2982 1127 3058 1190 ὡς
3111 1129 3284 1182 καίων
3331 1130 3460 1188 τοὺς
3505 1131 3661 1200 παρά

2081 1219 2278 1288 φύσινο
2320 1219 2416 1271 καὶ
2446 1218 2522 1282 ὡς
2562 1217 2706 1271 λύων
2737 1218 2830 1272 τὸν
2876 1221 3039 1290 ζόφον
3080 1222 3179 1292 τῆς
3228 1225 3349 1276 κατ’
3407 1222 3660 1293 αἴσθησιν

2081 1309 2246 1380 ζωῆς,
2296 1312 2408 1373 τοῖς
2451 1310 2540 1363 διὰ
2583 1311 2691 1364 τῶν
2725 1311 2954 1366 ἐντολῶν
2991 1305 3130 1383 πρὸς
3157 1313 3256 1386 τὴν
3297 1315 3685 1386 ἐλπιζομένην·

2079 1403 2454 1472 ἐπειγομένοις
2486 1403 2653 1474 ζωὴν,
2685 1403 2778 1456 καὶ
2808 1404 2883 1467 ὡς
2933 1405 3178 1484 κολάζων
3220 1409 3286 1476 τῇ
3335 1405 3528 1460 καύσει
3561 1406 3662 1474 τῆς

2080 1495 2315 1568 κρίσεως
2347 1497 2472 1558 τοὺς
2502 1496 2711 1566 ταύτης
2747 1495 2847 1564 τῆς
2878 1497 3158 1566 σκπεινῆς
3191 1495 3285 1549 τοῦ
3324 1496 3438 1567 βίου
3467 1498 3663 1562 νυκτὸς

2081 1587 2222 1642 κατά
2259 1587 2486 1658 γνώμην
2529 1586 2617 1640 διὰ
2649 1587 2834 1656 φιλίαν
2857 1588 3060 1659 σαρκὸς
3091 1587 3506 1660 ἀντεχομένους.

2155 1763 2230 1835 μ’.
2281 1763 2341 1817 Ὀ
2377 1761 2452 1832 μὴ
2484 1763 2619 1833 πρὸς
2657 1762 2870 1826 ἑαυτὸν,
2901 1762 3055 1834 φησὶ,
3088 1763 3354 1832 πρότερον
3384 1759 3667 1832 ἀναχθεὶς,

2082 1852 2169 1907 διὰ
2194 1851 2294 1922 τῆς
2325 1849 2598 1920 ἀποϐολῆς
2642 1849 2752 1904 τῶν
2781 1850 2932 1920 παρὰ
2971 1848 3135 1919 φύσιν
3159 1849 3372 1912 παθῶν,
3410 1847 3544 1918 πρὸς
3565 1846 3668 1917 τὴν

2088 1943 2224 1998 ἰδίαν
2256 1940 2458 2006 αἰτίαν,
2486 1940 2654 2010 ἤγουν
2679 1939 2774 1992 τὸν
2812 1939 2964 2002 Θεὸν,
2993 1938 3082 1993 διὰ
3111 1938 3212 2008 τῆς
3245 1939 3303 1990 ὲν
3345 1937 3526 2008 χάριτι
3554 1935 3668 1990 τῶν

2085 2034 2226 2106 ὑπὲρ
2276 2032 2436 2102 φύσιν
2469 2031 2686 2100 ἀγαθῶν
2709 2031 3092 2100 ξὲπικτήσεως,
3137 2029 3238 2082 οὐκ
3269 2027 3665 2098 ἀναχθήσεται.

2086 2121 2208 2174 Τῶν
2231 2120 2341 2191 γὰρ
2368 2119 2755 2188 πεποιημένων
2779 2118 3116 2190 χωρισθῆναι
3140 2117 3223 2172 δεῖ
3245 2116 3387 2170 κατά
3404 2116 3665 2182 διάνοιαν,

2086 2212 2177 2266 τὸν
2207 2211 2344 2282 πρὸς
2369 2210 2502 2264 Θεὸν
2533 2208 2750 2280 ἀληθῶς
2782 2209 3172 2280 συναγόμενον.

2162 2389 2268 2452 μα’.
2311 2379 2417 2432 Τοῦ
2456 2380 2554 2450 μὲν
2601 2377 2848 2452 γραπτοῦ
2885 2377 3051 2448 νόμου
3085 2377 3246 2448 ἔργον
3282 2377 3452 2442 ἐστὶν,
3481 2376 3515 2446 ἡ
3558 2373 3671 2428 τῶν

2090 2472 2281 2528 παθῶν
2315 2471 2604 2542 ἀπαλλαγή
2625 2487 2638 2502 ο
2682 2471 2914 2539 φυσικοῦ
2945 2471 3002 2522 δὲ
3049 2470 3238 2541 νόμου,
3277 2470 3310 2539 ἡ
3344 2469 3469 2522 κατ’
3497 2469 3669 2520 ἰσονο-

2094 2567 2223 2636 μίαν
2252 2565 2389 2636 πρὸς
2409 2563 2616 2624 πάντας
2636 2561 2960 2630 ἀνθρώπους
2991 2561 3230 2630 ἰσοτιμία
3248 2577 3262 2590 ·
3289 2556 3671 2630 πνευματικοῦ

2089 2655 2146 2708 δὲ
2176 2654 2340 2724 νόμου
2368 2652 2667 2715 τελείωσις,
2699 2654 2733 2722 ἠ
2777 2651 2915 2722 πρὸς
2954 2649 3046 2704 τὸν
3089 2649 3243 2714 Θεὸν,
3276 2649 3351 2712 ὠς
3382 2647 3528 2701 ἐστιν
3571 2649 3670 2700 ἀν-

2093 2743 2298 2816 θρώπῳ
2329 2745 2552 2796 δυνατὸν
2590 2742 2928 2812 ἐξομοίωσις.
3066 2814 3069 2816 _
3368 2806 3374 2811 _

2167 2833 2278 2904 μβ’θ
2319 2834 2432 2903 Τῆιῗ
2465 2833 2562 2904 μὲν
2595 2833 2704 2885 τῶν
2736 2832 3004 2902 σωμάτων
3052 2832 3147 2886 καὶ
3195 2830 3502 2901 ἀσωμάτων
3528 2826 3669 2897 γνὼ⁹

2096 2945 2252 2990 σεως,
2303 2925 2526 2996 δεκτικὴ
2573 2923 2716 2978 κατά
2768 2924 2930 2992 φύσιν
2975 2924 3121 2976 ἐστὶν
3170 2924 3203 2994 ἡ
3241 2916 3334 2976 τοῦ
3383 2921 3475 2975 νοῦ
3512 2919 3671 2972 δύνα-

2099 3037 2190 3090 μις
2225 3019 2291 3088 (Ῑ)
2317 3033 2330 3045 ⁶
2360 3020 2458 3088 τῆς
2491 3016 2548 3070 δὲ
2587 3017 2686 3086 τῆς
2715 3015 2876 3084 ἁγίας
2921 3016 3172 3085 Τριάδος,
3203 3015 3344 3068 κατά
3381 3013 3547 3084 μόνην
3572 3011 3670 3080 τὴν

2017 3136 2066 3200 c
2096 3110 2256 3179 χάριν
2282 3108 2495 3178 δέχεται
2523 3108 2620 3169 τὰς
2649 3106 2915 3174 ἐμφάσεις
2935 3121 2948 3134 ·
2978 3106 3060 3158 ὅτι
3102 3105 3220 3157 ἐστὶ
3259 3100 3672 3200 μόνον

2098 3219 2254 3267 ουτοι,
2289 3201 2404 3254 ἀλλ’
2441 3201 2502 3253 ού
2545 3199 2597 3252 τί
2637 3215 2770 3252 ποτε
2817 3199 2936 3251 κατ’
2978 3197 3164 3249 οὐσίαν
3198 3195 3345 3249 ἐστὶν
3386 3191 3670 3256 αὑθαδιζο-

2103 3297 2258 3366 μένη,
2282 3295 2357 3356 ὡς
2385 3297 2413 3348 ὁ
2439 3293 2714 3363 δαιμόνιος
2739 3292 2882 3353 νοῦς.
2919 3291 2979 3342 '0
3006 3291 3115 3358 γὰρ
3142 3289 3398 3358 γνώσεως
3425 3288 3668 3358 ἄμοιρος,

2098 3385 2188 3437 τὸν
2232 3385 2350 3437 κατ’
2379 3382 2580 3453 ἀρετὴν
2619 3381 2878 3452 ῥυπτικὸν
2906 3380 3004 3452 τῆς
3031 3377 3230 3442 κακίας
3269 3377 3518 3448 οὐδαμῶς
3547 3374 3673 3428 ὲπί-

2103 3493 2293 3528 σταται
2322 3476 2541 3546 τρόπον.

2176 3574 2283 3638 μγ’.
2337 3567 2397 3619 ’0
2447 3565 2508 3618 τὸ
2558 3565 2753 3634 ψεῦδος
2802 3561 3067 3631 ἀγαπῶν,
3119 3561 3270 3631 αὐτῷ
3323 3559 3676 3631 παραδίδοται

2102 3660 2238 3730 πρὸς
2279 3655 2575 3719 ἀπώλειαν,
2631 3656 2717 3707 ἵνα
2762 3652 2875 3723 γνῷ
2929 3651 3156 3721 πάσχων
3204 3652 3341 3721 ὅπερ
3388 3648 3528 3702 ἑκὼν
3573 3663 3677 3699 πε·-

2105 3755 2300 3820 ριείπε,
2345 3750 2439 3802 καὶ
2493 3747 2638 3818 μάθῃ
2694 3745 2834 3799 κατά
2875 3744 2974 3814 τὴν
3010 3746 3203 3811 πεῖραν
3252 3741 3561 3809 γενόμενος,
3599 3737 3678 3800 ὡς

2101 3841 2390 3896 ἐλάνθανεν
2417 3839 2538 3894 ἀντὶ
2575 3838 2718 3908 ζωῆς
2748 3834 3250 3907 περεπτυσσόμενος
3279 3832 3532 3886 θάνατον.

2177 4017 2280 4088 μδν.
2315 4015 2500 4085 Μόνην
2551 4013 2666 4083 ἔχει
2703 4009 2799 4064 τοῦ
2847 4007 3014 4063 καλοῦ
3052 4007 3152 4078 τὴν
3203 4003 3406 4074 γνῶσιν
3453 4003 3483 4054 ὁ
3518 3999 3679 4065 Θεὸς,

2101 4111 2177 4174 ὡς
2206 4108 2330 4163 κατ’
2362 4106 2550 4160 οὐσίαν
2576 4103 2671 4157 τοῦ
2691 4101 2861 4156 καλοῦ
2889 4100 3050 4168 φύσις
3065 4101 3124 4151 τε
3151 4096 3247 4150 καὶ
3271 4094 3471 4164 γνῶσις
3499 4092 3682 4161 ὑπάρ-

2103 4218 2244 4275 χωνο
2287 4200 2382 4254 τοῦ
2414 4199 2472 4253 δὲ
2501 4196 2697 4260 κακοῦ,
2727 4195 2826 4266 τὴν
2848 4195 3087 4262 ἄγνοιαν,
3115 4190 3191 4254 ὼς
3223 4189 3323 4259 τὴν
3349 4186 3515 4240 αὑτοῦ
3537 4184 3684 4254 έχων

2101 4293 2406 4363 ἀδυναμίαν
2424 4309 2438 4324 ο
2487 4283 2560 4342 ὧν
2598 4290 2706 4358 γὰρ
2731 4287 2846 4357 ἔχει
2870 4286 2971 4356 τὴν
3007 4285 3236 4354 δύναμιν
3261 4279 3529 4352 φυσικῶς,
3549 4277 3684 4331 τού-

2101 4405 2211 4442 των
2241 4383 2515 4446 ούσιωδῶς
2545 4381 2810 4450 κέκτηται
2839 4379 2939 4446 τὴν
2969 4376 3192 4446 γνῶσιν.

2185 4565 2286 4638 με’.
2323 4568 2339 4584 ⁶
2386 4559 2460 4616 Τδ
2498 4561 2558 4616 ὲν
2590 4559 2668 4632 τῷ
2704 4555 2975 4627 Λευῖτικῷ
3004 4553 3310 4627 στηθύνιον,
3339 4551 3439 4620 τὴν
3470 4547 3685 4618 ἀμείνω

2107 4919 2256 4964 tenus
2303 4905 2590 4962 secundum
2637 4902 2993 4958 substantiam
3041 4906 3116 4952 est
3162 4903 3466 4956 contumax,
3522 4895 3686 4950 relati

2107 4979 2296 5043 infelix
2325 4977 2556 5030 animus.
2582 4975 2660 5028 De
2697 4988 2832 5027 voce
2881 4970 3176 5043 δαιμύνιος,
3214 4967 3385 5043 multa
3439 4966 3576 5019 Bud.
3627 4975 3686 5021 et

2105 5035 2220 5102 alii.
2255 5048 2456 5103 Planus
2485 5045 2575 5099 hic
2593 5058 2807 5106 sensus,
2834 5048 2892 5095 ut
2916 5035 2987 5094 sit
3017 5039 3203 5092 divina
3227 5052 3290 5091 ac
3314 5035 3472 5089 beata
3503 5051 3681 5096 mens.

2108 5119 2225 5189 ipse
2254 5115 2546 5189 Deus,_qui
2579 5115 2659 5168 sic
2683 5128 2740 5189 _a_
2759 5105 2816 5166 se
2841 5111 2979 5164 nihil
3011 5117 3322 5189 arrogatam
3376 5105 3542 5189 habet
3595 5108 3678 5160 sui

2107 5179 2206 5259 per
2234 5179 2543 5259 essentiam
2579 5183 2835 5259 notitiam
2871 5199 2883 5234 :
2925 5179 3069 5259 quod
3122 5186 3326 5259 tamen,
3352 5183 3412 5259 _et
3441 5191 3681 5244 sequen-

2113 5246 2185 5312 tia
2212 5261 2334 5328 ejus
2354 5272 2493 5328 cap.
2513 5253 2833 5328 desiderant
2880 5246 3174 5328 tresltegii
3224 5246 3388 5328 codd:
3443 5261 3680 5328 quorum

2109 5316 2267 5398 copia
2289 5316 2856 5398 fuit.:Si_quis_tam_en
2885 5320 2950 5374 ad
2975 5316 3504 5398 diabblumntrahere
3524 5316 3679 5398 velit,

2109 5344 2267 5398 copia
2289 5341 2414 5380 lllll.
2441 5341 2496 5377 δι
2565 5341 2649 5377 llIS
2676 5341 2856 5376 tamen
2885 5341 2950 5374 au
2975 5341 3255 5397 manuum}
3286 5341 3504 5397 truucrc
3527 5341 3679 5378 vcut,

2107 5399 2201 5467 qui
2234 5398 2313 5452 sic
2345 5341 3002 5467 qu0a6iisc0ardicatur,
3034 5398 3094 5443 ut
3120 5395 3204 5442 est
3232 5387 3381 5467 illius
3403 5400 3433 5438 a
3456 5395 3682 5467 peccato

2105 5457 2267 5530 ὅίνους
2297 5469 2324 5519 ό
2356 5457 2628 5533 λόγος-,οι
2681 5461 2788 5533 alia
2842 5476 2964 5530 qua:
3024 5457 3382 5533 prosequitur
3454 5457 3676 5533 _l_)ionys.

2105 5553 2217 5591 non
2247 5526 2493 5606 pugno,
2515 5534 2700 5588 Potest
2723 5530 2816 5586 ille
2859 5526 3166 5584 temeritate
3193 5527 3351 5598 adyta
3383 5526 3522 5581 velle
3552 5541 3684 5595 per-

2104 5603 2370 5676 rumpere
2397 5613 2454 5676 et
2482 5603 2804 5676 inconcessa
2838 5609 3050 5655 tentare
3080 5615 3093 5651 :
3120 5607 3177 5652 at
3204 5612 3314 5651 non
3344 5610 3476 5651 sana
3499 5610 3682 5664 meus,

2102 5691 2166 5733 ac
2196 5672 2319 5748 qua:
2352 5675 2562 5730 nitatur
2593 5672 2718 5727 fide.
