4062 6198
387 351 519 415 1237

1020 355 1816 431 CAPITUM-QUINQUIES
1853 355 2376 418 CENTENORUM
2413 357 2805 420 CENTURIA
2847 358 2930 419 II.

3503 355 3641 420 1238

386 465 476 519 καὶ
518 465 729 539 ὑψηλὴν
761 465 1000 540 θεωρίαν
1033 467 1217 541 δηλοῖ·
1253 470 1280 524 ό
1309 469 1366 523 δὲ
1395 468 1659 542 βραχίων,
1681 470 1780 540 τὴν
1820 468 1963 539 πρᾶ-

2075 467 2271 524 tiorem
2322 484 2386 524 ac
2438 468 2733 525 sublimem
2783 465 3306 537 contemplationem
3359 464 3652 536 signiﬁcat.

383 557 486 624 ξιν,
521 559 689 630 ἧχουν
723 561 818 614 τοῦ
877 561 1224 632 διανοητικοῦ
1268 561 1368 632 τὴν
1421 561 1534 626 ’έξιν
1562 562 1656 615 καὶ
1680 563 1779 632 τὴν
1814 561 1968 631 ἐνέρ-

285 717 298 722 δ
380 663 560 719 γειαν,
594 643 628 721 ἦ
666 650 763 722 τὴν
788 651 991 720 γνῶσιν
1036 651 1130 706 καὶ
1183 651 1280 723 τὴν
1326 652 1559 722 ἀρετήν’
1595 651 1674 714 ὡς
1710 652 1810 722 τῆς
1868 651 1968 721 μὲν

380 741 659 812 γνώσεως,
698 742 848 814 αὑτῷ
884 743 1268 814 προσαγούσης
1307 743 1529 815 άμέσως
1582 744 1676 796 τὸν
1726 743 1852 796 νοῦν
1888 743 1970 814 τῷ

381 833 501 905 Θεῷ
525 851 537 864 ·
573 834 672 904 τῆς
707 835 912 906 ἀρετῆς
941 835 1018 900 δὲ,
1052 835 1194 889 κατὰ
1218 835 1316 905 τὴν
1348 835 1547 904 πρᾶξιν
1582 836 1766 905 πάσης
1805 835 1970 903 ἀφαι-

385 927 659 998 ρουμένης
689 927 854 981 αὑτὸν
883 931 983 998 τῆς
1004 927 1112 980 τῶν
1138 926 1310 980 ὄντων
1333 928 1602 995 γενέσεως
1623 931 1641 950 ‘
1670 944 1683 958 °
1723 926 1870 999 ἅπερ
1898 927 1971 981 is-

383 1019 572 1091 ρεῦσιν
594 1019 878 1089 ἀφώρισεν
924 1023 953 1074 ὁ
1003 1020 1182 1088 λόγος,
1215 1023 1328 1084 τοῖς
1363 1020 1526 1091 μόνον
1573 1019 1666 1073 τὸν
1699 1019 1834 1073 Θεὸν
1881 1019 1970 1074 διὰ

382 1109 602 1162 πάντων
622 1110 998 1182 κτησαμένοις
1024 1110 1416 1182 κληρονομίαν,
1448 1111 1544 1165 καὶ
1575 1109 1744 1183 μηδὲν
1781 1109 1968 1165 τοσύν-

382 1202 500 1256 ολον
527 1204 889 1274 κεκτημένοις
914 1204 1070 1274 ὲπίγε
1081 1221 1180 1258 ιον.

457 1301 575 1364 pg’.
616 1295 836 1367 Ἐπειδὴ
885 1297 985 1360 τὰς
1022 1298 1198 1354 ἄλλων
1247 1299 1478 1372 καρδίας
1535 1295 1624 1352 διὰ
1663 1293 1755 1350 τοῦ
1807 1294 1968 1363 λόγου

382 1387 480 1454 τῆς
505 1384 876 1450 διδασκαλίας,
910 1387 958 1439 οἱ
992 1386 1197 1456 γνώσει
1226 1388 1322 1442 καὶ
1355 1387 1526 1458 ἀρετῇ
1556 1385 1622 1437 δι’
1642 1383 1764 1436 ὅλου
1803 1399 1968 1434 ποιω-

384 1475 568 1540 θέντες
591 1474 671 1545 τῷ
700 1475 1000 1546 πνεύματι,
1034 1477 1322 1542 εὑσεὸείας
1350 1478 1447 1531 καὶ
1488 1474 1724 1537 πίστεως
1753 1472 1970 1526 ποιοῦν-

382 1583 473 1620 ται
503 1564 783 1631 δεκτικὰς,
809 1566 904 1619 καὶ
928 1566 1029 1638 τὴν
1059 1568 1376 1638 πρακτικὴν
1410 1565 1590 1619 αὑτῶν
1613 1565 1728 1631 ἕξιν
1762 1564 1854 1616 καὶ
1887 1560 1972 1615 δύο

385 1676 554 1730 ναμιν
581 1659 1006 1730 ἀφαιρούμενοι,
1031 1660 1142 1713 τῶν
1169 1659 1262 1712 ἐπὶ
1286 1661 1352 1730 τῇ
1385 1658 1601 1729 φθαρτῇ
1623 1655 1784 1726 φύσει
1809 1672 1970 1709 σπου-

384 1750 704 1821 δασμάτων,
740 1751 875 1822 πρὸς
909 1751 1010 1822 τὴν
1040 1750 1148 1804 τῶν
1179 1751 1321 1822 ὑπὲρ
1347 1750 1509 1819 φύσιν
1547 1748 1845 1819 ἀφθάρτων
1879 1749 1968 1800 ἐν-

387 1842 608 1912 έργειαν
635 1841 856 1910 ἀγαθῶν
901 1841 1338 1914 μεταφέρουσιν·
1384 1841 1613 1904 εἰκότως
1645 1839 1754 1894 τῶν
1795 1857 1966 1909 προσ-

387 1933 671 2004 αγομένων
704 1935 786 1998 είς
828 1934 1019 1988 θυσίαν
1047 1933 1205 1999 Θεοῦ,
1245 1934 1308 1988 τὸ
1336 1932 1626 2004 στηθύεὲιον
1655 1931 1750 1985 τοῦ
1779 1929 1969 1985 ἐπιθέ-

388 2041 560 2093 ματος
589 2023 687 2094 (9)·
733 2024 1007 2084 τουτέστι.
1055 2024 1166 2078 τῶν
1199 2023 1633 2095 προσαγομένων
1683 2021 1783 2093 τὴν
1832 2037 1970 2092 καρ-

384 2115 540 2171 δίαν·
581 2117 676 2170 καὶ
720 2117 813 2170 τὸν
861 2117 1146 2187 βραχίονα,
1196 2117 1306 2172 τῶν
1353 2115 1537 2171 αὑτῶν
1583 2114 1828 2186 δηλονότι
1870 2113 1970 2185 τὴν

385 2206 626 2276 πρᾶξινο
680 2207 1016 2278 προσέταξεν
1062 2205 1425 2277 άφιεροῦσθαι
1479 2207 1594 2270 τοῖς
1655 2203 1894 2278 ἱερεῦσιν
1941 2205 1971 2258 ό

385 2298 582 2367 Λόγος.

459 2387 568 2457 μς.
601 2387 759 2441 Πᾶσα
812 2389 846 2458 ἠ
904 2386 1139 2441 ἐνταῦθα
1193 2386 1513 2459 δικαιοσύνη
1564 2387 1966 2458 συγκρινομένη

388 2476 525 2546 πρὸς
575 2476 676 2547 τὴν
709 2461 1038 2546 μέλλουσαν,
1079 2476 1349 2547 ἐσόπτρου
1401 2477 1560 2546 λόγον
1616 2478 1825 2547 ἐπέχει,
1869 2477 1968 2549 τὴν

387 2568 492 2623 τῶν
523 2567 853 2640 ἁρχετύπων
881 2568 1226 2639 πραγμάτων
1257 2567 1465 2634 εἰκόνα,
1502 2569 1604 2622 οὑκ
1639 2569 1780 2622 αὑτὰ
1805 2569 1862 2622 δὲ
1897 2568 1968 2622 τὰ

388 2661 688 2731 πράγματα
719 2660 842 2714 κατ’
862 2656 1004 2723 εἶδος
1042 2659 1392 2728 ὑφιστάμενα
1417 2659 1614 2731 ἔχουσα
1637 2677 1650 2690 °
1685 2662 1779 2715 καὶ
1825 2662 1969 2714 πᾶσα

384 2751 587 2821 γνῶσις
619 2751 853 2805 ἐνταῦθα
879 2753 990 2805 τῶν
1011 2752 1235 2824 ὑψηλῶν
1267 2753 1670 2824 συγκρινομένη
1701 2753 1840 2824 πρὸς
1867 2753 1968 2824 τὴν

390 2841 713 2912 μέλλουσαν,
765 2842 998 2915 αἴνιγμά
1026 2845 1200 2908 ἐστιν,
1251 2844 1493 2917 ἔμφασιν
1542 2846 1642 2917 τῆς
1684 2846 1966 2918 ἀληθείας,

343 2930 346 2933 ’
385 2934 503 2990 ἀλλ’
541 2937 641 2990 οὑκ
666 2937 836 3007 αὑτὴν
870 2938 1252 3011 ὑφισταμένην
1277 2938 1477 3010 ἔχουσα
1501 2938 1602 3012 τὴν
1630 2940 1968 3012 φανήσεσθαι

389 3029 691 3099 μέλλουσαν
725 3030 1010 3102 ἀλήθειαν.

460 3120 574 3192 μη’.
615 3122 834 3194 Ἐπειδὴ
860 3123 1030 3194 ἀρετῇ
1066 3123 1162 3177 καὶ
1186 3123 1385 3193 γνώσει
1411 3126 1480 3182 τὰ
1507 3126 1627 3180 θεῖα
1660 3127 1965 3199 συνέχεται,

387 3211 497 3265 τῶν
534 3211 656 3264 κατ’
681 3213 884 3285 ἀρετὴν
929 3214 1311 3286 πρωτοτύπων
1357 3216 1510 3271 ἐστὶν
1542 3218 1874 3274 ἐνδεικτικὸν
1905 3217 1970 3274 τό

387 3302 674 3375 ἔσοπτρον,
702 3305 797 3359 καὶ
824 3305 936 3358 τῶν
965 3306 1109 3361 κατὰ
1140 3306 1346 3376 γνῶσιν
1394 3308 1719 3379 ἀρχετύπων
1769 3311 1972 3382 ἐκφαν-

386 3396 538 3450 τικὺν
579 3396 817 3467 ὑπάρχει
851 3397 914 3452 τὸ
947 3397 1204 3470 αἴνιγμα.

462 3490 571 3561 μθ¹.
607 3489 664 3543 '0
706 3489 795 3542 διὰ
847 3491 1108 3567 πράξεως
1161 3493 1540 3563 εὑαρεστήσας
1583 3495 1663 3566 τῷ
1705 3495 1846 3568 Θεῷ,
1879 3495 1970 3552 διὰ

387 3577 624 3650 θεωρίας
653 3579 790 3651 πρὸς
816 3579 914 3651 τὴν
945 3581 1054 3634 τῶν
1103 3583 1313 3654 νοητῶν
1338 3583 1547 3655 χώραν,
1589 3586 1680 3640 τὸν
1720 3587 1845 3642 νοῦν
1869 3589 1967 3660 δη-

388 3673 521 3744 λαδὴ
556 3673 948 3745 μετατίθησιν’
980 3674 1068 3728 ἵνα
1100 3674 1175 3746 μὴ
1215 3675 1304 3730 διὰ
1350 3678 1652 3746 φαντασίας
1697 3680 1843 3743 τινος
1875 3682 1970 3736 τὸν

389 3762 446 3815 ὲν
477 3763 590 3826 τοῖς
621 3761 818 3818 πάθεσι
849 3763 1112 3835 θεάσηται
1143 3763 1372 3820 θάνατον
1399 3767 1543 3821 κατὰ
1558 3770 1659 3838 τὴν
1688 3768 1965 3842 αἴσθησιν,

387 3851 463 3915 ὡς
490 3852 596 3906 ὑπὸ
631 3853 856 3924 μηδενὸς
899 3855 1007 3910 τῶν
1033 3856 1176 3910 ἑλεῖν
1207 3855 1553 3928 βουλομένων
1585 3858 1661 3930 (It)
1687 3861 1970 3926 παντελῶς

388 3943 798 4014 εὑρισκόμενος.

458 4040 523 4089 ν’.
560 4036 618 4088 ’0
646 4034 876 4107 καθαρῷ
927 4037 1164 4102 πίστεως
1212 4038 1478 4111 ὀφθαλμῷ
1524 4041 1636 4097 τῶν
1664 4044 1968 4115 μελλόντων

386 4125 608 4194 ἀγαθῶν
658 4128 782 4189 ἰδὼν
833 4129 933 4201 τὴν
993 4130 1356 4204 εὐπρέπειαν,
1406 4134 1672 4190 ὑπακούει
1716 4140 1820 4209 γῆς
1875 4141 1970 4195 καὶ

387 4222 708 4290 συγγενείας
743 4223 836 4276 καὶ
867 4221 1020 4276 οἴκου
1056 4224 1331 4296 πατρικοῦ
1377 4228 1678 4298 προθύμως
1704 4231 1965 4300 ἐξελθεῖν,

387 4313 701 4366 καταλιπὼν
723 4313 824 4386 τὴν
852 4314 990 4385 πρὸς
1007 4315 1186 4388 σάρκα
1215 4317 1309 4372 καὶ
1330 4317 1587 4388 αἴσθησιν
1617 4321 1714 4374 καὶ
1735 4323 1970 4395 αἰσθητὰ

389 4403 575 4475 σχέσιν
602 4423 661 4460 τε
702 4408 794 4461 καὶ
846 4408 1256 4479 προσπάθειαν·
1312 4411 1408 4465 καὶ
1445 4411 1664 4481 φύσεως
1697 4416 1755 4469 ἐν
1787 4417 1967 4490 καιρῷ

2071 560 2271 615 Armus
2316 569 2523 627 autem,
2560 560 2862 621 actionem,
2911 559 2965 613 id
3008 566 3113 622 est,
3148 557 3441 627 cogitantis
3485 556 3652 610 animi

2073 650 2324 705 habitum
2349 659 2406 706 et
2431 651 2834 722 Operationem,
2858 650 2943 705 vel
2969 648 3260 705 scientiam
3283 654 3337 700 et
3361 647 3653 713 virtutem;

2072 742 2276 814 quippe
2305 759 2430 797 cum
2460 743 2691 798 scientia
2724 751 2964 798 mentem
2987 741 3100 796 Deo
3129 738 3443 794 immediate
3470 737 3658 792 admo-

2073 844 2227 901 veat;
2271 837 2450 891 virtus
2493 851 2657 900 vero,
2701 851 2810 906 qua
2858 836 3132 890 actionem
3183 831 3344 896 colit,
3385 831 3454 884 ab
3504 830 3653 885 omni

2072 942 2259 982 rerum
2289 927 2580 983 affectione
2607 935 2843 996 ortuque
2872 934 3151 981 removeat
3179 942 3192 979 :
3221 943 3343 997 qua:
3371 922 3657 992 Scriptura

2071 1018 2453 1074 sacerdotibus
2501 1019 2836 1090 segregavit,
2888 1018 2982 1088 qni
3038 1018 3216 1072 solum
3274 1019 3448 1072 Deum
3509 1013 3657 1069 nacti

2071 1111 2480 1181 haereditatem,
2518 1113 2654 1168 nihil
2703 1127 2930 1184 prorsus
2971 1126 3158 1167 rerum
3203 1119 3549 1165 terrenarum
3601 1108 3657 1162 in

2071 1215 2241 1255 censu
2274 1200 2533 1256 habeant.
2811 1213 2817 1219 ’

2142 1290 2231 1346 46.
2261 1289 2398 1346 Cum
2428 1291 2538 1359 his,
2563 1290 2674 1362 qui'
2693 1291 2926 1348 scientia
2951 1299 3008 1347 et
3035 1292 3241 1348 virtute
3269 1307 3370 1363 per
3401 1291 3657 1361 spiritum

2072 1388 2187 1436 toto
2229 1382 2416 1437 animo
2463 1383 2658 1438 imbuti
2701 1391 2860 1451 sunt,
2892 1385 3114 1455 pietatis
3153 1383 3390 1454 ﬁdeique
3430 1398 3659 1452 capaces

2071 1473 2305 1528 aliorum
2347 1482 2561 1530 mentes
2600 1474 2849 1531 doctrina
2893 1485 3058 1545 atque
3097 1490 3353 1531 sermone
3396 1473 3655 1537 efﬁciant,

2069 1578 2374 1632 eorumque
2407 1564 2642 1618 actionis
2671 1564 2922 1618 habitum
2955 1580 3021 1619 ac
3047 1565 3363 1619 facultatem
3398 1562 3656 1617 auferen-

2073 1662 2176 1718 tes,
2205 1670 2273 1709 ne
2306 1671 2410 1724 pro
2442 1664 2654 1711 natura:
2683 1663 2958 1726 corrupta:
2983 1656 3106 1710 labe
3134 1655 3334 1710 studiis
3359 1655 3654 1719 dedantur,

2071 1744 2137 1798 ad
2165 1745 2484 1816 incorrupta
2511 1747 2657 1802 bona
2685 1747 2795 1800 vim
2825 1762 3046 1800 omnem
3078 1756 3288 1801 natura:
3316 1747 3656 1816 superantia,

2071 1854 2238 1908 opere
2269 1835 2580 1908 prmstauda
2610 1839 2977 1903 transierant;
3011 1839 3208 1894 merito
3237 1855 3430 1894 eorum
3456 1856 3578 1910 quae
3602 1842 3659 1894 in

2071 1930 2168 1985 Dei
2220 1929 2491 1986 sacriﬁcio
2538 1931 2853 1987 oﬁeruntur
2896 1932 3280 2002 pectusculum
3331 1931 3678 1987 elevationis.

2073 2021 2286 2094 (eorum
2319 2023 2530 2078 scilicet
2555 2024 2648 2094 qui
2680 2023 3047 2079 admoventur
3077 2040 3174 2079 cor
3197 2032 3360 2095 atque
3391 2023 3658 2094 animum)

2069 2127 2395 2183 armumque
2422 2114 2768 2180 (corumdem
2796 2116 3007 2170 scilicet
3030 2115 3327 2184 actionem)
3361 2115 3661 2171 sacerdoti-

2071 2203 2175 2258 bus
2204 2203 2509 2258 addicenda
2540 2206 2806 2276 praecepit
2832 2205 3056 2261 divinus
3087 2203 3302 2261 Sermo.

2140 2405 2230 2461 47.
2279 2404 2472 2462 Omnis
2515 2406 2641 2462 vitae
2692 2407 2858 2478 hujus
2898 2407 3151 2480 iustitia,
3194 2407 3240 2462 si
3290 2421 3416 2462 cum
3473 2406 3657 2461 futura

2070 2497 2354 2563 conferas,
2392 2500 2604 2568 speculi
2650 2501 2924 2556 rationem
2966 2499 3216 2570 praafert,
3253 2499 3657 2570 primitivarum

2073 2605 2260 2645 rerum
2292 2590 2610 2662 imaginem,
2644 2607 2756 2647 non
2788 2608 2878 2648 res
2909 2593 3054 2662 ipsas
3085 2592 3388 2647 secundum
3418 2591 3657 2662 speciem

2070 2697 2200 2738 vere
2232 2684 2587 2750 exsistentes,
2619 2683 2832 2740 habens
2865 2702 2878 2739 :
2917 2684 3206 2754 omnisque
3238 2684 3526 2755 praesentis
3555 2684 3659 2740 aevi

2070 2775 2626 2853 sublimiumyerum
2673 2775 2943 2841 scientia,
2987 2775 3032 2831 si
3080 2789 3206 2830 cum
3255 2789 3322 2830 ea
3366 2773 3656 2839 conferas,

2069 2883 2190 2938 quae
2223 2869 2410 2924 futura
2442 2878 2814 2940 exspectatur,
2845 2870 3078 2940 aenigma
3110 2877 3214 2936 est,
3237 2869 3492 2925 veritatis
3516 2868 3680 2964 exiiek

2070 2958 2454 3024 simulacrum,
2483 2975 2596 3014 non
2633 2959 2810 3030 ipsam
2837 2976 2960 3031 qua:
2988 2961 3389 3016 manifestanda
3419 2965 3506 3016 est
3531 2958 3660 3016 vere

2069 3049 2426 3105 exsistentem
2455 3059 2512 3107 et
2535 3051 2712 3122 ipsam
2735 3041 3026 3107 veritatem
3053 3052 3283 3107 habens.

1997 3159 2041 3220 ο
2143 3141 2231 3196 48.
2262 3141 2400 3198 Cum
2440 3158 2526 3199 res
2559 3143 2782 3211 divina,
2808 3144 3016 3200 virtute
3051 3152 3109 3200 et
3140 3143 3372 3200 scientia
3404 3158 3658 3214 compre-

2074 3232 2424 3300 hendantur,
2460 3237 2780 3306 speculum,
2813 3237 3035 3293 virtutis
3077 3237 3356 3308 primitiva
3397 3244 3458 3292 ut
3498 3236 3661 3291 exhi-

2070 3325 2220 3391 beat,
2248 3338 2627 3398 comparatum
2655 3329 2852 3397 habet;
2880 3329 3111 3402 aenigma
3141 3346 3295 3395 vero,
3324 3338 3384 3385 ut
3415 3329 3660 3386 scientia:

2068 3418 2353 3489 principes
2376 3419 2581 3476 formas
2605 3436 2670 3477 ac
2695 3423 3032 3492 exemplaria
3065 3431 3444 3493 reprrrsentet.

2139 3511 2230 3566 49.
2256 3511 2360 3578 Qui
2394 3528 2494 3582 per
2519 3513 2794 3569 actionem
2822 3514 2936 3569 Deo
2968 3530 3192 3584 operam
3222 3514 3498 3584 probavit,
3527 3529 3661 3568 con-

2070 3603 2444 3673 templationis
2476 3604 2630 3659 cultu
2660 3605 2729 3659 ad
2760 3620 2955 3659 eorum
2980 3621 3104 3674 quae
3129 3613 3310 3660 mente
3339 3605 3651 3676 intelligun-

2069 3701 2159 3747 tur
2199 3693 2511 3763 regionem,
2547 3694 2739 3764 utique
2783 3695 3028 3750 animum
3076 3695 3403 3760 traducit“,
3441 3712 3510 3750 ne
3550 3713 3657 3766 qua

2069 3783 2423 3857 544-546
2447 3785 2802 3856 cogitatione,
2826 3794 3059 3843 mortem
3089 3787 3144 3841 in
3172 3787 3460 3842 aﬁectibus
3481 3786 3660 3842 vitiis-

2069 3891 2176 3946 que
2205 3878 2462 3947 positam,
2488 3894 2655 3934 sensu
2681 3878 2868 3934 videat
2893 3897 2906 3934 :
2935 3895 3098 3950 quem
3127 3880 3412 3947 nimirum,
3439 3896 3655 3946 eorum,

2068 3978 2190 4033 qua:
2218 3967 2532 4036 mancipare
2557 3967 2762 4032 velint,
2783 3969 2935 4023 nulla
2963 3969 3265 4023 inveniant.

2139 4053 2227 4110 50.
2265 4055 2370 4122 Qui
2410 4059 2617 4115 mundo
2657 4059 2786 4116 ﬁdei
2829 4060 2994 4115 oculo
3031 4059 3343 4115 futurorum
3383 4059 3654 4116 bonorum

2067 4146 2398 4218 elegantiam
2425 4151 2658 4220 aspexit,
2681 4161 2744 4209 ut
2764 4150 2922 4223 quasi
2952 4152 3022 4208 de
3050 4161 3198 4208 terra
3221 4165 3278 4210 et
3307 4154 3652 4225 cognatione,

2069 4237 2249 4310 deque
2298 4248 2528 4310 paterna
2575 4243 2738 4300 domo
2781 4246 3034 4310 exeat",
3071 4254 3326 4316 prompto
3375 4244 3656 4315 alacriquc

2070 4332 2257 4386 animo
2289 4331 2549 4400 obaudit;
2584 4336 2734 4390 omni
2767 4337 2833 4392 ad
2869 4352 3097 4393 carnem
3130 4351 3464 4408 sensuraque
3497 4352 3563 4392 ac
3590 4352 3654 4391 ea

2069 4437 2194 4491 quae
2227 4437 2454 4478 sensum
2489 4433 2731 4492 movent,
2759 4426 3053 4483 aﬁ‘cctionc
3084 4443 3148 4482 ac
3176 4427 3404 4483 libidine
3431 4427 3649 4493 relicta;

387 4495 699 4567 πειρασμοῦ
729 4498 824 4550 καὶ
856 4497 1086 4568 ἀγώνων
1108 4499 1448 4573 ὑψηλότερος
1477 4501 1574 4569 ὢν,
1611 4508 1962 4581 προτιμήσας

2069 4521 2411 4587 naturaque,
2445 4517 2666 4574 interim
2705 4519 2836 4575 dum
2877 4521 3214 4578 tentationes
3254 4537 3318 4578 ac
3353 4521 3652 4577 certamina

458 4650 507 4683 “
529 4652 666 4708 Gen.
698 4668 754 4719 v,
783 4653 889 4721 ‘24;
925 4654 1095 4711 Hebr.
1125 4671 1200 4721 χι,
1229 4655 1282 4712 5.
1361 4657 1407 4690 ⁸³
1441 4656 1578 4714 Gen.
1603 4676 1699 4727 xu,
1735 4663 1786 4718 1.

456 4788 494 4859 τ’
514 4784 701 4859 Edita,
727 4785 1003 4859 ῃιώσεως.
1033 4787 1214 4843 Malim
1246 4788 1508 4859 σχέσεως.

460 4858 474 4875 ⁸
504 4854 585 4911 Cf.
621 4857 690 4912 ad
723 4857 988 4946 'Thalass.
1017 4874 1073 4928 q.
1122 4860 1212 4926 47,
1263 4854 1358 4915 ubi
1405 4859 1520 4915 fere
1552 4877 1670 4933 seq.
1708 4863 1797 4920 ad.
1845 4881 1970 4940 cap.
2012 4886 2188 4943 usque
2220 4875 2310 4930 49.

449 4995 538 5121 (Sy)
586 4996 670 5079 ,Τὸ
718 4999 1052 5064 στηθύνιον
1109 5000 1214 5053 τοῦ
1253 4999 1626 5085 ἐπιρέιεατος.
1667 5005 1828 5088 vnlg,
1880 5011 1961 5066 ιιιί

487 5066 750 5121 didtmus.
785 5068 1152 5121 Pectusculum
1179 5069 1502 5121 elevatmms.
1539 5072 1691 5121 Sui-
1724 5086 1937 5121 ...ιρνην

385 5066 750 5148 reddidi-mus,
785 5068 1152 5148 Pectusculunt
1179 5066 1502 5148 eleqqtionis.
1539 5066 1691 5148 vat.
1724 5066 1958 5148 interpr.

384 5138 954 5213 impositignis,_quod
987 5155 1101 5213 non
1135 5140 1208 5213 ita
1238 5139 1458 5195 videtur
1501 5138 1836 5213 exprimere.
1874 5138 1960 5204 ibi

385 5155 756 5262 tmgosmoms,
804 5155 954 5209 quoa
987 5155 1101 5194 non
1135 5155 1208 5194 ita
1238 5155 1458 5195 vraetur
1501 5155 1836 5213 exprimere.
1881 5155 1960 5204 lbi

385 5207 574 5286 §c__ol.
612 5207 817 5286 Ταυτόν
871 5213 1020 5286 ἐστιν
1059 5210 1475 5286 ἐιφαίᾼρεμα-καίΖ
1522 5213 1806 5286 ἀφόρισμα
1868 5222 1962 5274 καὶ

385 5277 624 5359 ἐπίθεμα
640 5281 754 5359 ’καί
797 5277 1152 5359 καρπῶματα
1177 5277 1285 5359 άπδ
1315 5281 1422 5359 τῶν
1443 5277 1656 5359 ’Θυσιῶν
1680 5277 1960 5359 ἀ’φοριζόο

386 5366 526 5472 [Lava
557 5348 698 5419 Θεῷ,
731 5348 1112 5422 ἆπεργίνεται
1144 5352 1284 5421 μέρη
1319 5350 1412 5404 τοῦ
1443 5353 1653 5423 ἱερέως.
1679 5348 1961 5414 Νόηίιὶα-

406 5435 436 5472 e
469 5419 700 5472 forsitan
728 5423 1072 5472 annositionis
1094 5438 1112 5472 :
1139 5422 1254 5472 sive
1279 5422 1640 5472 nectusculum
1659 5432 1961 5472 annositer

406 5435 436 5472 e
469 5419 700 5498 forsitan
728 5419 1112 5498 appositionis;
1139 5419 1254 5498 sive
1275 5419 1640 5498 ipectuscuiurn
1655 5432 1962 5498 appositum

385 5491 807 5570 “suppositum
830 5492 1033 5570 divina;
1060 5491 1288 5570 hostiae,
1312 5506 1376 5570 ac
1404 5494 1544 5570 parti
1587 5496 1668 5550 illi
1696 5491 1824 5570 :q'uae
1857 5516 1958 5570 pe-

385 5559 653 5634 culiarius
681 5561 736 5614 in
760 5563 854 5616 Dei
882 5563 1148 5618 honorem
1185 5559 1434 5634 cedebat,
1471 5563 1661 5634 illique
1696 5559 1959 5625 incende-

388 5625 569 5684 batur.
605 5631 734 5684 Eam
766 5641 1002 5686 mentem
1039 5633 1211 5686 nostri
1239 5632 1354 5687 Jac.
1389 5632 1456 5687 de
1488 5625 1662 5690 Janua
1712 5637 1959 5694 Catholi-

387 5711 490 5752 con
525 5700 843 5756 insinuavit.
881 5703 960 5757 Eo
986 5702 1128 5757 forte
1155 5701 1471 5757 Graecorum
1502 5705 1642 5761 ritus
1670 5708 1951 5773 collineat,

389 5781 515 5822 cum
572 5785 762 5828 massa:
824 5773 1000 5844 panis,
1050 5789 1117 5828 ex
1172 5787 1279 5843 qua
1349 5773 1692 5832 Dominicum
1751 5793 1952 5851 corpus

2069 5014 2395 5081 conﬁciunt,
2449 5017 2763 5086 complures
2817 5016 2990 5070 micas
3025 5015 3381 5073 oﬁ‘erentiutn
3424 5018 3650 5076 nomine

2069 5097 2377 5155 apponunt,
2431 5086 2547 5140 sive
2612 5095 2974 5156 supponunt,
3031 5103 3171 5156 quas
3228 5087 3501 5143 incertum
3579 5107 3650 5145 an

2069 5156 2402 5279 sacriﬁcent.
2434 5157 2554 5211 Non
2597 5155 2780 5210 tamen
2809 5155 2865 5210 in
2905 5155 3168 5213 omnibus
3198 5157 3433 5228 quadrat
3460 5175 3649 5214 exem-

2069 5240 2102 5279 ιι
2128 5242 2239 5279 um.

2085 5241 2239 5280 num.

2067 5240 2369 5368 1:]?hl];.T(;)V
2395 5295 2559 5368 ἑλεῖν
2587 5295 3006 5368 βουλομένων.
3045 5296 3255 5353 Sensus
3284 5297 3400 5368 ipse
3430 5299 3646 5368 planus.

2068 5363 2436 5438 Securitatem
2475 5367 2592 5420 haec
2623 5363 2843 5438 sonant,
2871 5367 3011 5438 ejus,
3031 5369 3139 5438 qui
3168 5363 3396 5438 scientia
3429 5363 3494 5423 ac
3539 5371 3651 5424 vir-

2075 5436 2384 5510 tute_l_ong_e
2415 5445 2712 5510 provectus
2751 5437 2842 5510 sit,
2889 5436 2991 5510 nec
3021 5437 3178 5510 facile
3212 5455 3275 5492 ex
3303 5437 3466 5493 sensu
3499 5440 3646 5510 ejus-

2065 5519 2179 5627 que
2205 5504 2437 5561 libidine
2467 5506 2665 5562 tentari
2697 5514 2794 5561 aut
2822 5507 2945 5561 ltedi
2969 5508 3174 5576 possit;
3230 5525 3336 5578 qua
3377 5504 3648 5565 sollicitu-

2109 5575 2198 5627 ine
2228 5575 2479 5627 moribus
2524 5577 2797 5627 excultus.
2837 5576 3044 5627 divinis
3088 5580 3332 5627 animum
3387 5581 3644 5627 ἰῃιριιιιίι-

2109 5575 2198 5629 ine
2228 5575 2479 5630 moribus
2524 5577 2797 5640 excultus,
2837 5575 3044 5632 divinis
3088 5575 3332 5634 animum
3387 5581 3644 5637 intendit.

2065 5644 2229 5720 Picus
2255 5645 2441 5720 €105th
2467 5645 2699 5716 habuit,
2731 5662 2796 5702 ex
2842 5663 2954 5719 quo
3005 5648 3145 5704 nihil
3189 5651 3407 5720 probati
3449 5667 3648 5709 sensus

2061 5714 2265 5772 elicere
2290 5716 2492 5787 potuit.
