4094 6204
482 256 618 324 1239

479 372 770 443 ingruunt,
818 373 996 432 factus
1051 377 1304 447 superior

473 465 774 520 Auctorem
807 467 1138 535 prmtnlerit;
1172 469 1322 524 velut
1357 486 1586 543 magnus
1617 477 1917 546 Abraham,
1949 500 2060 553 prae

475 552 663 608 lsaaeo
687 555 858 609 Deum
889 555 944 609 in
978 557 1288 627 potioribus
1317 561 1510 618 habuit
1530 567 1597 620 ".

545 643 636 697 51.
661 644 764 711 Qui
793 659 974 722 neque
1003 649 1191 717 gloria:
1217 665 1403 717 causa,
1429 669 1531 709 nec
1557 657 1846 714 occasione
1878 662 2061 716 avari-

477 733 566 788 tia
586 735 653 798 ⁸⁷,
677 746 859 805 neque
894 737 1156 795 adulandi
1189 745 1383 812 gratia,
1411 756 1468 800 et
1503 757 1562 803 ut
1593 749 1910 809 hominibus
1943 757 2057 825 pla-

473 831 613 888 ceat,
648 839 817 894 seque
856 825 973 896 ipse
1005 838 1268 896 ostentet,
1294 832 1582 902 virtutem,
1613 849 1709 893 aut
1741 841 2055 898 divinorum

470 915 820 985 eloquiorum
870 920 1286 978 meditationem
1345 933 1648 986 consectari
1697 935 1910 1000 studet,
1957 937 2052 991 sed

470 1017 668 1062 cuncta
694 1019 920 1080 propter
945 1012 1116 1066 Deum
1151 1023 1264 1069 tum
1300 1017 1451 1084 facit,
1475 1029 1588 1074 tum
1620 1023 1886 1092 loquitur,
1909 1036 2054 1080 tum-

470 1112 580 1168 que
609 1101 834 1169 cogitat,
862 1102 953 1158 bic
982 1105 1036 1158 in
1061 1105 1149 1159 via
1174 1110 1420 1166 veritatis
1449 1112 1504 1166 in
1532 1114 1760 1170 scientia
1787 1119 2046 1173 ambulat.

465 1189 582 1244 Non
607 1191 753 1246 enim
779 1193 959 1248 libens
979 1195 1202 1251 divinus
1222 1198 1413 1256 Sermo
1437 1203 1491 1256 in
1518 1206 1729 1261 semitis
1751 1225 1857 1263 non
1885 1213 2050 1267 rectis

465 1281 811 1349 immoratur,
834 1285 918 1340 vel
958 1287 1004 1340 si
1044 1288 1097 1341 in
1141 1289 1469 1357 quibusdam
1509 1307 1869 1366 praeparatam
1905 1302 2046 1356 viam

463 1372 740 1428 invenerit
761 1377 826 1430 ⁸⁸.

531 1463 618 1517 52.
640 1464 861 1535 Jejunat
895 1469 1041 1537 quis,
1067 1487 1236 1542 seque
1275 1473 1345 1528 ab
1385 1491 1448 1531 ea
1483 1477 1660 1534 victus
1690 1481 1899 1536 ratione
1924 1483 2048 1540 abs-

460 1549 618 1618 tinet,
659 1571 782 1624 quae
819 1559 1084 1616 libidines
1137 1563 1378 1633 vitiaque
1420 1566 1694 1635 incendit;
1739 1584 2044 1642 cunctaque

459 1644 597 1700 adeo
627 1648 834 1716 reliqua
865 1651 994 1719 agit,
1021 1669 1142 1722 quae
1172 1656 1481 1712 conducant
1513 1669 1571 1714 ut
1601 1678 1630 1716 a
1663 1664 1870 1718 malitia
1901 1666 2044 1720 libe-

1647 275 1706 334 S.
1750 278 2056 350 MAXIMI
2077 283 2583 356 CONFESSORIS

1378 395 1392 432 :
1450 382 1653 456 quippe
1705 388 1799 456 qui
1854 401 2028 447 natur:

2132 477 2137 488 _
2164 398 2262 468 τὴν
2288 401 2467 455 αἰτίαν
2498 405 2596 474 τῆς
2637 404 2882 474 φύσεως,
2913 407 2989 472 ὡς
3033 408 3130 463 τοῦ
3169 411 3380 475 Ἰσαὰκ,
3411 411 3503 466 τδν
3533 413 3692 482 Θεὸν,
3718 421 3751 470 ὁ

3609 301 3753 368 1240

2169 489 2342 560 μέγας
2375 493 2644 566 Ἀϐραάμ.

2234 657 2332 704 να’.
2373 649 2434 704 '0
2462 652 2595 722 μήτε
2617 653 2776 724 δόξης
2806 655 3015 722 ἕνεκεν,
3060 657 3198 728 μήτε
3232 659 3503 730 προφάσει
3545 660 3750 714 πλεονε-

2163 739 2332 803 εξίας,
2370 742 2509 810 μήτε
2560 742 2852 809 κολακείας
2913 747 3093 816 χάριν,
3126 748 3218 800 καὶ
3245 749 3748 819 ἀνθρωπάρεσκίας

2161 831 2256 883 καὶ
2309 830 2640 898 ἐπιδείξεως,
2687 835 2786 906 τὴν
2833 837 3054 908 ἀρετὴν,
3117 838 3152 908 ἢ
3202 838 3302 909 τὴν
3349 838 3583 910 μελέτην
3628 842 3746 894 τῶν

2160 922 2320 976 θείων
2344 923 2521 992 λόγων
2555 926 2836 996 μετελθεῖν
2866 929 3221 999 ἐπιτηδεύων,
3270 929 3405 983 ἀλλά
3443 931 3620 985 πάντα
3645 933 3747 988 διὰ

2157 1012 2247 1065 τὸν
2271 1013 2405 1067 Θεὸν
2431 1016 2524 1068 καὶ
2565 1016 2737 1069 ποιῶν
2771 1018 2864 1071 καὶ
2892 1019 3068 1087 λέγων
3091 1021 3186 1073 καὶ
3209 1021 3610 1092 διανοούμενος,
3641 1018 3744 1077 οὗ·

2157 1120 2245 1165 τος
2287 1105 2345 1156 ὲν
2386 1107 2450 1175 τῇ
2503 1106 2608 1175 ὁδῷ
2649 1107 2752 1177 τῆς
2789 1110 3050 1180 ἀληθείας
3094 1112 3151 1163 ἐν
3178 1113 3378 1180 γνώσει
3415 1114 3740 1184 πορεύεται.

2155 1197 2375 1264 Τρίϐοις
2413 1197 2522 1266 γὰρ
2555 1199 2655 1251 οὐκ
2709 1200 2950 1263 εὐθείαις
2984 1203 3012 1254 ὁ
3045 1201 3187 1265 θεῖος
3228 1203 3292 1255 οὐ
3343 1203 3588 1270 πέφυκεν
3631 1206 3745 1274 ἐμ.-

2155 1288 2480 1358 φιλοχωρεῖν
2521 1289 2699 1358 λόγος,
2739 1291 2842 1346 κάν
2869 1291 3007 1364 εὕρῃ
3047 1291 3149 1364 τὴν
3183 1292 3302 1348 ὁδὸν
3335 1293 3392 1346 ἐν
3413 1311 3556 1347 τισιν
3585 1295 3742 1348 ἐτοι-

2156 1396 2276 1446 μον.

2223 1470 2321 1541 νβ’.
2352 1473 2624 1543 Νηστεύει
2667 1489 2772 1538 τις,
2820 1474 2915 1526 καὶ
2960 1473 3227 1544 ἀπέχεται
3276 1475 3379 1545 τῆς
3430 1476 3738 1546 ὲξαπτικῆς

2152 1561 2260 1614 τῶν
2298 1563 2488 1617 παθῶν
2530 1564 2778 1635 διαίτηςο
2834 1566 2904 1619 τά
2952 1566 3087 1620 ἄλλα
3120 1584 3179 1620 τε
3229 1570 3395 1633 ποιεῖ,
3441 1568 3542 1621 ὅσα
3590 1568 3737 1638 πρὸς

2153 1652 2473 1724 ἀπαλλαγὴν
2519 1656 2719 1719 κακίας
2750 1644 3157 1726 σῦμϐάλλεσθαι
3195 1659 3420 1711 δύναται
3446 1675 3462 1690 ·
3491 1659 3592 1730 τὴν
3641 1659 3738 1712 λε-

460 1743 612 1790 retur
637 1753 698 1792 ac
728 1741 1026 1808 pravitate;
1065 1744 1154 1798 hic
1206 1746 1284 1799 sic
1320 1761 1688 1819 nuncupatam
1741 1756 1882 1809 viam
1909 1773 2028 1826 prze‘

2151 1745 2390 1814 γομένην
2438 1745 2558 1798 όδδν
2601 1742 2756 1811 οὗτος
2805 1747 3112 1818 ἡτοίμασε·
3185 1749 3495 1814 κενοδοξίας
3551 1750 3633 1817 δὲ,
3687 1751 3730 1822 ἢ

458 1830 676 1897 paravit
713 1849 725 1884 :
763 1832 848 1888 sin
883 1843 1088 1899 autem,
1124 1837 1303 1891 inanis
1323 1839 1508 1907 gloriae
1543 1859 1734 1903 causa.
1761 1855 1818 1900 et
1849 1855 1908 1900 ut
1938 1847 2043 1902 sibi

458 1921 582 1988 plus
629 1934 877 1993 arroget,
921 1927 1005 1980 vel
1067 1936 1126 1981 ut
1180 1929 1523 1999 blandiatur,
1572 1943 1667 1988 aut
1723 1935 2042 1993 hominibus

457 2011 698 2080 placeat,
734 2015 954 2071 aliudve
997 2019 1282 2089 quidpiam
1329 2032 1578 2091 prmstet,
1616 2041 1778 2094 quam
1826 2038 1886 2081 ut
1927 2029 2041 2085 Dco

457 2105 720 2172 probetur
754 2122 817 2162 ac
855 2109 1031 2177 ipsum
1070 2111 1443 2180 demereatur,
1479 2117 1815 2186 cjuscemodi
1849 2123 2040 2178 modos

449 2203 804 2250 consectatur
840 2214 1132 2269 moresque
1166 2204 1318 2267 colit,
1349 2205 1440 2260 hic
1471 2207 1567 2260 Dei
1601 2209 1825 2264 semitas
1862 2223 2039 2269 rectas

452 2299 560 2339 non
597 2285 756 2353 fecit;
801 2305 865 2343 ac
907 2293 1164 2358 parandae
1189 2295 1412 2362 quidem
1445 2297 1548 2352 vim
1583 2298 1828 2354 laborem
1866 2304 2035 2359 susti-

447 2375 592 2441 nuit,
621 2385 682 2431 ut
707 2378 851 2434 Deus
874 2389 1059 2436 autem
1094 2382 1149 2437 in
1179 2385 1300 2455 ejus
1327 2388 1543 2442 semitis
1567 2389 1895 2459 ambularet,
1922 2411 2032 2451 non

447 2467 712 2524 obtinuit.

517 2556 606 2612 53.
636 2556 818 2613 Omnis
852 2560 1009 2616 vallis
1044 2563 1348 2634 implebitur
1367 2567 1413 2600 "
1447 2586 1460 2621 :
1496 2585 1609 2624 non
1641 2573 1836 2640 quovis
1868 2575 2032 2630 modo

445 2648 645 2707 omnis.
671 2665 849 2719 neque
875 2653 1152 2721 omnium;
1185 2672 1365 2727 neque
1388 2659 1536 2713 enim
1561 2676 1775 2728 eorum,
1798 2665 1892 2734 qui
1919 2681 2028 2720 non

444 2750 780 2809 paraverunt
802 2743 946 2798 viam
980 2745 1218 2813 Domini,
1249 2765 1352 2805 nec
1383 2761 1561 2807 rectas
1589 2752 1842 2813 fecerunt
1865 2758 2032 2810 semi-

445 2838 528 2884 tas
571 2832 710 2901 ejus.
747 2832 978 2900 Quando
1025 2835 1195 2906 igitur
1234 2839 1395 2895 vallis
1446 2841 1609 2911 (caro
1658 2844 1896 2909 scilicet,
1933 2856 2030 2902 aut

435 2915 625 2988 ‘animgi
663 2940 878 2991 eorum,
932 2927 1050 2998 qui,
1087 2936 1147 2983 ut
1186 2929 1470 2996 dicebam,
1508 2943 1843 3001 paraverunt
1882 2934 2024 2989 viam

441 3011 691 3078 Domini,
732 3025 1021 3086 rectasque
1068 3019 1187 3089 ejus
1233 3021 1461 3076 semitas
1499 3021 1773 3093 fecerunt)
1815 3039 1882 3077 ex
1928 3025 2027 3080 Dei

2149 1834 2486 1900 πλεονεξίας,
2519 1836 2551 1906 ἢ
2587 1837 2898 1901 κολακείας,
2931 1837 2962 1908 ἢ
3009 1838 3523 1910 ἀνθρωπαρεσκίας,
3562 1842 3596 1910 ἢ
3627 1842 3731 1895 ἀλ-

2145 1925 2242 1996 λης
2274 1927 2418 1989 τινὸς
2454 1912 2641 1980 ἕνεκεν
2683 1927 2884 1990 αίτίας,
2934 1927 3059 1996 δίχα
3086 1929 3186 1999 τῆς
3221 1928 3374 1992 θείας
3417 1930 3730 2000 εὐαρεστή-

2145 2035 2282 2080 σεως
2309 2019 2435 2081 τούς
2465 2018 2740 2082 τοιούτους
2773 2018 3082 2088 ἐπιτηδεύει
3113 2019 3370 2090 τρόπους,
3417 2013 3575 2084 οὗτος
3617 2021 3729 2076 οὐκ

2141 2109 2399 2182 ἐποίησεν
2438 2111 2656 2175 εὐθείας
2701 2113 2798 2175 τὰς
2831 2111 3054 2182 τρίϐους
3089 2110 3186 2164 τοῦ
3245 2109 3418 2164 Θεοῧ’
3476 2111 3569 2165 καὶ
3625 2111 3726 2164 τὸν

2143 2202 2244 2272 μὲν
2275 2203 2375 2270 τῆς
2423 2200 2743 2271 ἑτοιμασίας
2769 2201 2866 2282 τῆς
2895 2200 3016 2253 ὁδοῦ
3067 2200 3227 2253 πόνον
3264 2203 3572 2271 ὑπέμεινεν,
3623 2203 3723 2254 τὸν

2137 2295 2194 2348 δὲ
2239 2294 2372 2346 Θεὸν
2417 2294 2518 2345 οὐκ
2570 2291 2698 2362 ἔσχε
2746 2295 2867 2354 ταῖς
2920 2291 3087 2344 αὐτοῦ
3137 2291 3346 2360 τρίϐοις
3403 2293 3721 2361 ἐμπεριπαο

2137 2403 2356 2439 τονντα.

2207 2571 2308 2633 νγ⁹.
2352 2563 2530 2620 Πᾶσα
2564 2563 2801 2633 φάραγξ
2852 2560 3310 2630 πληρωθήσεται
3338 2575 3351 2588 ·
3388 2561 3488 2630 οὐχ
3527 2557 3714 2621 ἁπλῶς

2135 2659 2306 2721 πᾶσα,
2335 2657 2456 2710 οὐδὲ
2496 2656 2749 2709 πάντωνο
2791 2652 2918 2707 οὐτε
2966 2653 3076 2723 γὰρ
3109 2652 3219 2705 τῶν
3271 2650 3347 2722 μὴ
3382 2651 3710 2721 ἐτοιμασάν-

2132 2766 2241 2802 των
2268 2749 2368 2819 τὴν
2397 2748 2516 2800 ὁδὸν
2557 2746 2654 2799 τοῦ
2697 2745 2925 2816 Κυρίου,
2960 2745 3054 2798 καὶ
3102 2743 3318 2807 εὐθείας
3362 2744 3710 2813 ποιησάντων

2131 2839 2230 2904 τὰς
2272 2839 2494 2909 τρίϐους
2547 2837 2732 2892 αὐτοῦ.
2773 2837 3043 2907 Ὀπηνίκα
3097 2831 3191 2890 οὖν
3241 2835 3486 2907 φάραγξ,
3539 2835 3708 2902 ἧγονν

2133 2930 2270 3000 σὰρξ
2296 2929 2330 3001 ἣ
2357 2931 2524 3001 ψυχὴ,
2554 2929 2662 2982 τῶν
2686 2929 3123 2998 ὲτοιμασάντων,
3161 2927 3238 2990 ὡς
3264 2923 3440 2992 εἷπον,
3467 2924 3565 2996 τὴν
3585 2924 3704 2977 ὁδὸν

2128 3022 2224 3076 τοῦ
2261 3024 2488 3093 Κυρίου,
2535 3022 2630 3074 καὶ
2680 3020 2896 3083 εὐθείας
2948 3021 3300 3088 ποιησάντων
3351 3019 3453 3081 τὰς
3479 3016 3700 3088 τρίϐους

442 3102 608 3158 Verbi
655 3104 710 3160 in
758 3107 840 3162 eis
883 3124 980 3178 per
1027 3111 1281 3166 mandata
1331 3112 1664 3168 ambulantis
1711 3116 2020 3183 prtesentia,

2132 3117 2317 3180 αὐτοῦ,
2343 3115 2434 3170 διὰ
2467 3117 2566 3185 τῆς
2605 3115 2696 3168 τοῦ
2729 3116 3161 3185 περιπατοῦντος
3191 3117 3249 3167 ὲν
3277 3115 3460 3177 αὐτοῖς
3481 3113 3569 3167 διά
3589 3113 3701 3166 τῶν

436 3205 566 3252 cum
613 3195 874 3261 scientia,
907 3204 1025 3251 tum
1069 3199 1276 3254 virtute
1319 3201 1543 3270 impleta
1592 3201 1792 3268 fuerit,
1827 3218 2024 3260 omnes

441 3284 562 3339 falsi
597 3287 838 3342 nominis
869 3289 1144 3354 scientiae,
1178 3307 1244 3345 ac
1285 3292 1513 3362 spiritus
1545 3293 1804 3363 nequitia:
1834 3294 2022 3363 depri-

440 3385 689 3440 muntur,
717 3377 960 3433 calcante
991 3395 1086 3435 eos
1116 3381 1295 3436 Verbo
1324 3398 1388 3436 ac
1419 3383 1766 3453 subjiciente,
1798 3385 2024 3453 nequis-

439 3466 746 3537 simamque
795 3479 1120 3538 potestatem
1175 3472 1444 3527 adversus
1495 3473 1796 3529 humanum
1849 3490 2022 3544 genus

439 3574 561 3613 sese
611 3559 993 3624 extollentem,
1039 3561 1392 3632 destruente,
1437 3580 1502 3619 ac
1549 3566 1699 3620 velut
1749 3566 2019 3620 montium

438 3649 775 3720 colliumque
802 3654 1098 3723 superbam
1131 3656 1329 3712 molem
1361 3659 1680 3729 celsumque
1711 3658 1869 3730 547
1900 3674 2018 3714 ver-

439 3747 601 3811 ticem
621 3747 938 3814 ell‘odiente,
957 3759 1122 3820 atque
1144 3751 1379 3807 vallibus
1397 3753 1681 3822 aequandis
1702 3753 2014 3824 dejiciente.

437 3835 594 3916 Quod
647 3838 793 3894 enim
843 3839 883 3894 ii
929 3841 1191 3907 allectus,
1233 3842 1329 3914 qui
1377 3859 1407 3898 a
1453 3853 1664 3900 natura
1711 3845 2018 3900 rationibus

435 3929 760 3996 abhorrent,
791 3931 1152 4003 abjieiantur;
1195 3948 1261 4002 ac
1295 3951 1418 4005 quae
1455 3951 1524 3992 ex
1561 3939 1679 4009 ejus
1712 3939 2018 3998 rationibus

436 4029 586 4088 sunt,
609 4022 841 4080 virtutes
872 4026 1154 4092 accedant,
1179 4028 1361 4084 anima
1383 4030 1542 4084 vallis
1565 4031 1738 4086 instar
1758 4031 2016 4101 depressa

434 4113 793 4188 adimpletur,
818 4117 1202 4189 montiumque
1233 4121 1531 4192 supercilio
1562 4123 1702 4178 elata
1737 4124 2013 4193 nequissi-

435 4222 649 4262 morum
661 4208 961 4279 spirituum
980 4212 1245 4280 potentia,
1259 4214 2010 4283 deprimituraehumiliatur.

503 4295 590 4352 54.
615 4297 830 4368 Aspera:
855 4298 997 4372 (qua:
1028 4299 1231 4357 invitos
1256 4311 1454 4372 petunt
1477 4303 1730 4359 violenta:
1761 4303 2016 4360 tentatio-

433 4384 552 4457 nes)
585 4396 740 4441 erunt
763 4389 818 4442 in
845 4390 958 4444 vias
983 4388 1178 4460 planas
1201 4394 1274 4458 6°;
1304 4402 1434 4448 tunc
1463 4394 1719 4460 maxime,
1744 4411 1869 4453 cum
1895 4397 2012 4454 ani-

433 4493 557 4532 mus
582 4477 826 4548 gaudens
851 4488 907 4534 et
929 4481 1119 4536 laetans
1147 4482 1202 4538 in
1228 4483 1644 4541 inﬁrmitatibus
1669 4498 1726 4542 et
1749 4489 2013 4546 aerumnis

430 4577 487 4624 et
529 4570 954 4627 necessitatibus
994 4572 1100 4628 sibi
1139 4576 1436 4643 placuerit;
1476 4578 1570 4648 qui
1612 4579 1873 4634 nimirum
1914 4596 2014 4651 per

433 4660 835 4717 involuntarios
865 4662 1114 4732 labores,
1148 4666 1583 4723 voluntariorum
1619 4669 1914 4726 affectuum
1947 4686 2013 4728 ac

430 4751 726 4805 libidinum
761 4767 981 4808 omnem
1016 4769 1048 4809 a
1083 4771 1143 4811 se
1177 4759 1480 4828 potentiam
1517 4759 1753 4817 auferat.
1786 4763 2013 4819 Vocavit

427 4842 578 4896 enim
605 4859 821 4914 asperas
851 4845 928 4916 (id
953 4855 1058 4912 est,
1082 4847 1221 4918 vias)
1249 4863 1342 4905 eas
1368 4852 1703 4909 tentationes
1727 4869 1849 4924 quae
1877 4855 2017 4910 invi-

431 4931 503 4986 tis
533 4932 810 4999 accidunt,
839 4934 1007 5006 inque
1040 4936 1157 4992 vias
1191 4938 1402 5008 planas,
1434 4943 1638 5012 gratias
1673 4944 1885 5015 agendo
1915 4963 2015 5016 per

430 5024 770 5094 patientiam.
798 5035 1101 5084 mutantur.

499 5116 587 5172 55.
619 5115 723 5184 Qui
761 5134 902 5176 vera:
942 5121 1066 5176 vita:
1103 5121 1381 5180 desiderio
1425 5133 1664 5193 tenetur,
1697 5144 1860 5199 quem
1901 5146 2013 5186 non

428 5207 594 5262 lateat
631 5208 876 5265 laborem
919 5227 1162 5278 omnem,
1192 5215 1310 5270 sive
1354 5215 1401 5271 is
1437 5225 1631 5288 sponte
1669 5228 2004 5289 assumptus,

428 5298 545 5353 sive
575 5300 857 5357 immissus
882 5303 954 5357 sit
977 5312 1140 5374 atque
1167 5305 1439 5372 incussus,
1461 5309 1761 5380 voluptatis
1791 5325 1854 5366 ac
1881 5311 2007 5365 libi-

427 5389 598 5457 dinis,
637 5407 758 5462 qua:
805 5395 1002 5451 mortis
1043 5411 1245 5466 parens
1285 5399 1531 5466 exsistat,
1565 5410 1797 5457 mortem
1834 5401 2001 5471 elﬁci;

499 5525 544 5554 ’ὁ
574 5524 711 5580 Gen.
751 5541 879 5593 xm,
919 5527 942 5581 l
979 5543 1132 5599 seqq.

499 5659 516 5676 ’
551 5658 685 5715 Mai:
723 5663 883 5725 edita,
923 5663 1109 5734 χρείας
1141 5681 1239 5718 ncr
1273 5665 1412 5718 bene
1445 5665 1627 5731 Picus,
1666 5666 1838 5720 alitus.

2127 3208 2359 3264 ἐντολῶν
2386 3207 2522 3260 Θεοῦ
2571 3207 2746 3276 Λόγου
2791 3209 3115 3278 παρουσίας,
3149 3205 3413 3276 πληρωθῇ
3447 3203 3700 3272 γνώσεώς

2125 3323 2185 3360 τε
2212 3305 2306 3359 καὶ
2330 3304 2553 3374 ἀρετῆς,
2584 3302 2765 3355 πάντα
2797 3301 2864 3354 τά
2895 3301 2994 3369 τῆς
3033 3299 3390 3368 ψευδωνύμου
3443 3298 3697 3364 γνώσεως

2126 3396 2220 3448 καὶ
2278 3393 2478 3453 κακίας
2517 3391 2588 3444 τὰ
2639 3389 2932 3460 πνεύματα
2981 3386 3361 3449 ταπεινοῦται,
3399 3383 3700 3447 πατοῦντος

2125 3485 2265 3538 αὐτά
2291 3483 2387 3536 τοῦ
2428 3482 2604 3550 Λόγου
2655 3481 2752 3534 καὶ
2789 3481 3204 3542 ὐποτάττοντος,
3245 3477 3429 3531 καὶτὸ
3472 3475 3698 3545 ἐπαιρό-

2127 3592 2289 3646 μενον
2320 3573 2465 3627 κατὰ
2510 3574 2610 3642 τῆς
2646 3571 2992 3643 ἀνθρωπίνης
3027 3568 3266 3637 φύσεως,
3298 3567 3538 3638 πονηρὸν
3567 3565 3700 3634 κράρ

2121 3683 2214 3730 τος
2251 3664 2704 3726 καταϐάλλοντος,
2737 3662 2832 3716 καὶ
2867 3655 2978 3714 οἷον
3006 3658 3066 3712 τὸ
3099 3658 3331 3729 μέγεθος
3359 3657 3455 3711 καὶ
3481 3657 3542 3710 τὸ
3565 3655 3699 3724 ὕψος

2121 3759 2231 3813 τῶν
2257 3758 2431 3828 ὀρέων
2471 3754 2696 3810 καὶτῶν
2723 3751 2929 3824 βουνῶν
2959 3751 3466 3812 κατασκάπτοντος·
3500 3748 3592 3801 καὶ
3615 3747 3700 3808 είς

2122 3851 2220 3920 τὴν
2247 3850 2357 3902 τῶν
2392 3847 2693 3918 φαράγγων
2731 3844 2958 3912 ἄγοντος
2992 3840 3401 3940 alimmum-'11
3429 3838 3542 3940 γὰρ
3587 3838 3696 3940 τῶν

2123 3942 2274 4013 παρὰ
2314 3940 2474 4010 φύσιν
2527 3937 2767 4006 ἀποϐολὴ
2803 3933 3011 3998 παθῶν,
3051 3934 3146 3984 καὶ
3181 3933 3214 4000 η
3265 3928 3386 3982 τῶν.
3414 3929 3558 3982 κατά
3589 3928 3697 3996 φύ-

2121 4049 2203 4086 σιν
2231 4029 2443 4102 ἀρετῶν
2459 4028 2708 4097 ὲπιϐολὴ,
2740 4026 2841 4097 τὴν
2861 4022 3321 4094 φαραγγωθείσαν
3347 4018 3525 4089 ψυχὴν
3555 4019 3693 4070 ἀνα-

2118 4124 2347 4195 πληροῖ,
2399 4122 2493 4176 καὶ
2538 4119 2640 4192 τὴν
2687 4117 3010 4189 ὀρινομένην
3058 4113 3166 4167 τῶν
3216 4111 3469 4182 πονηρῶν
3530 4126 3701 4164 πνευ-

2120 4217 2307 4288 μάτων
2336 4215 2588 4268 ταπεινοῖ
2619 4211 2962 4265 δυναστείαν.

2189 4309 2284 4366 νδ’.
2316 4311 2386 4362 Al
2443 4305 2710 4374 τραχεῖαι
2771 4304 3093 4373 (τουτέστιν,
3151 4303 3208 4356 αί
3257 4300 3364 4353 τῶν
3420 4296 3700 4352 ἀκουσίων

2120 4399 2442 4472 πειρασμῶν
2491 4397 2770 4467 ἐπιφοραὶ)
2834 4396 3080 4449 ἔσονται
3129 4396 3214 4460 είς
3271 4391 3450 4456 ὀδοὺς
3498 4389 3696 4452 λείας,

2116 4493 2245 4546 ὅταν
2280 4490 2516 4561 μάλιστα
2547 4490 2754 4559 χαίρων
2786 4488 2878 4539 καὶ
2917 4486 3340 4557 εὐφραινόμενος
3388 4484 3418 4534 ὁ
3455 4479 3601 4544 νοῦς,
3632 4479 3698 4530 ὲν

2117 4581 2426 4645 ἀσθενείαις
2444 4580 2640 4651 εὐδοκῇ
2669 4578 2764 4631 καὶ
2788 4576 3000 4646 θλίψεσι
3029 4579 3124 4629 καὶ
3155 4577 3442 4644 ἀνάγκαις,
3465 4571 3554 4625 διά
3581 4570 3696 4621 τῶν

2117 4672 2387 4728 ἀκουσίων
2447 4673 2646 4736 πόνων,
2699 4669 2799 4740 τὴν
2845 4668 2973 4738 ὃλην
3027 4666 3136 4720 τῶν
3183 4664 3446 4719 ἑκουσίων
3501 4660 3696 4714 παθῶν

2118 4760 2522 4832 ἀφαιρούμενος
2572 4759 2914 4822 δυναστείαν.
2960 4757 3234 4828 Τραχείας
3281 4753 3391 4825 γάρ
3426 4752 3689 4820 κέκληκε,

2115 4853 2215 4917 τὰς
2237 4853 2347 4907 τῶν
2379 4852 2652 4906 ἀκουσίων
2685 4849 3010 4922 πειρασμῶν
3039 4847 3362 4918 συμϐάσεις,
3416 4847 3498 4908 εις
3533 4842 3694 4905 ὁδοὺς

2113 4945 2263 5008 λείας
2296 4944 2384 4998 διὰ
2413 4945 2511 5012 τῆς
2537 4942 2680 4996 κατά
2707 4942 2805 5012 τὴν
2829 4941 3181 5013 εὐχαριστίαν
3213 4936 3492 5010 ὑπομονῆς
3524 4949 3693 5006 μετα-

2113 5032 2443 5097 πιπτούσας.

2180 5130 2275 5178 νε’.
2310 5123 2369 5176 Ὀ
2422 5123 2521 5193 τῆς
2573 5122 2832 5194 ἀληθινῆς
2863 5122 3150 5192 ἐφιέμενος
3181 5120 3346 5189 ζωῆς,
3395 5118 3558 5186 γνοὺς
3603 5115 3687 5167 ὅτι

2111 5217 2222 5279 πᾶς
2252 5213 2435 5277 πόνος,
2460 5215 2568 5266 εἴτε
2595 5213 2859 5277 ἑκούσιος,
2893 5215 3001 5266 εἴτε
3030 5211 3306 5274 ἀκούσιος,
3335 5211 3433 5280 τῆς
3461 5206 3556 5261 τοῦ
3590 5207 3687 5260 θα-

2115 5308 2278 5362 νάτου
2306 5307 2512 5378 μητρὸς
2536 5306 2730 5378 ἡδονῆς
2761 5304 2934 5378 [Regii
2969 5305 3071 5359 duo
3097 5301 3318 5376 ὀδύνης]
3347 5301 3558 5371 γίνεται
3585 5299 3683 5354 θά-

2115 5416 2294 5466 νατος,
2331 5398 2511 5461 πάσας
2542 5398 2642 5461 τὰς
2690 5397 2950 5470 τραχείας
2976 5399 3002 5427 ’>
3039 5396 3149 5450 τῶν
3184 5393 3458 5450 ἀκουσίων
3487 5406 3686 5462 πειρα-

1210 5529 1256 5559 "
1291 5529 1309 5582 l
1341 5529 1533 5584 Thess.
1571 5546 1628 5595 ιι,
1661 5529 1712 5584 5.
1792 5530 1834 5562 ⁸⁸
1865 5530 1964 5586 lsa.
1999 5545 2028 5584 χ

2132 5528 2162 5582 i.
2242 5528 2288 5560 "
2325 5527 2462 5584 ibid.
2492 5529 2561 5595 4;
2592 5527 2728 5584 Luc.
2765 5543 2844 5592 ut,
2876 5525 2928 5581 5.
3009 5525 3054 5557 ⁶⁰
3087 5523 3222 5580 ibid.
