4094 6204
349 321 482 388 1241

1020 321 1357 383 CAPITUM
1394 320 1818 395 QUINQUIES
1855 320 2377 386 CENTENORUM
2411 323 2802 386 CENTURIA
2837 323 2918 384 II.

3482 321 3616 415 1242

346 434 502 506 σμῶν
538 430 829 505 ἐπιφορὰς,
862 429 1075 495 δέξεται
1125 431 1249 501 μετ’
1301 430 1646 502 εὐφροσύνης
1677 416 1918 503 χαίρων·

2032 446 2256 501 asperas
2299 446 2522 496 omnes,
2566 431 2933 486 tentationum
2979 429 3181 485 invitos
3224 428 3614 500 excipientium

338 520 431 581 διὰ
470 524 573 595 τῆς
597 523 897 594 ὑπομονῆς,
925 523 1083 585 ὁδοὺς
1110 523 1374 592 εὐμαρεῖς
1416 539 1476 575 τε
1507 523 1602 576 καὶ
1625 522 1795 586 λείας,
1827 522 1939 585 τὰς-

344 611 555 684 θλίψεις
588 611 933 682 ποιούμενος,
991 610 1088 664 καὶ
1122 610 1259 681 πρὸς
1300 610 1361 664 τὸ
1395 610 1649 684 βραϐεῖον
1678 613 1778 682 τῆς
1813 611 1929 666 ἄνω

344 704 597 775 κλήσεως
630 701 889 766 ἀπλανῶς
919 703 1402 773 παραπεμπούσας
1448 704 1633 767 αὐτὸν,
1684 703 1931 769 εὐσεϐῶς

345 797 405 849 ιν
456 794 649 857 αὑταῖς
700 793 791 847 τὸν
829 794 969 848 θεῖον
1007 794 1209 865 δρόμον
1261 794 1604 865 ποιούμενον.
1654 794 1764 849 Καὶ
1798 795 1928 865 γὰρ,

345 883 441 939 τοῦ
472 885 572 955 μὲν
606 881 840 938 θανάτου
892 886 1078 956 μήτηρ
1108 883 1258 938 ἐστὶν
1285 886 1318 955 ή
1351 871 1510 956 ήδονή
1538 901 1551 915 '
1596 885 1699 954 τῆς
1733 885 1931 956 ἡδονῆς

345 976 402 1031 δὲ
442 975 668 1039 θάνατός
695 977 864 1042 ἐστιν,
890 979 918 1029 6
954 976 1115 1040 πόνος
1139 991 1152 1004 ’
1188 976 1217 1030 6
1250 993 1308 1029 τε
1337 977 1744 1049 προαιρετικὸς,
1777 977 1871 1032 καὶ
1900 978 1929 1031 6

348 1068 502 1142 παρά
531 1068 879 1143 προαίρεσιν.

421 1250 528 1311 νς’.
560 1245 678 1312 Πᾶς
706 1245 993 1319 τοιγαροῦν
1024 1247 1053 1300 6
1096 1245 1196 1318 τὴν
1221 1244 1577 1300 πολυέλικτόν
1601 1262 1661 1299 τε
1698 1245 1793 1301 καὶ
1827 1265 1929 1301 πο-

347 1333 619 1390 λύπλοκον
675 1336 889 1407 ήδονὴν,
947 1337 1042 1390 καὶ
1090 1338 1259 1390 πᾶσιν
1306 1335 1442 1405 ὁμοῦ
1489 1337 1601 1401 τοῖς
1650 1336 1929 1409 αἰσθητοῖς

351 1424 712 1495 πολυτρόπως
752 1425 1255 1499 συμπεπλεγμένην
1285 1429 1351 1498 τῇ
1397 1426 1696 1497 ἐγκρατείᾳ
1745 1426 1930 1481 διαλύ-

349 1532 469 1582 σας,
496 1517 567 1572 τά
593 1517 781 1571 σκολιὰ
824 1519 907 1582 είς
948 1496 1165 1580 εδθείας
1193 1496 1420 1588 εποίησε
1441 1534 1453 1545 θ
1506 1496 1602 1571 καὶ
1624 1519 1652 1571 6
1670 1517 1769 1587 τήν
1801 1517 1931 1571 δύσ-

346 1606 510 1662 ϐατον
541 1609 635 1661 καὶ
685 1609 941 1679 τραχεῖαν
985 1607 1094 1662 τῶν
1143 1608 1323 1662 πόνων
1374 1609 1642 1681 ἐπιφορὰν
1686 1608 1755 1663 δι’
1797 1607 1931 1663 ὕπο-

2034 522 2456 592 impressiones,
2496 540 2620 578 cum
2666 523 2856 577 laetitia
2904 523 3148 593 gaudens
3189 522 3482 592 suscipiet,
3522 522 3619 595 qui

2032 614 2245 668 scilicet
2296 630 2395 684 per
2446 615 2805 685 patientiam,
2853 615 2972 668 vias
3029 612 3221 669 faciles
3278 614 3616 686 plantasque,

2030 720 2304 759 aerumnas
2349 704 2576 771 efﬁciat,
2620 722 2685 760 ac
2731 721 2854 775 quae
2902 705 2971 760 ad
3017 721 3273 774 superna:
3314 707 3620 765 vocationis

2031 797 2268 868 palmam
2292 798 2360 861 ",
2394 798 2483 867 pic
2526 797 2579 851 in
2625 797 2706 851 eis
2745 797 2995 851 divinum
3036 797 3329 853 facientem
3369 815 3609 866 cursum,

2034 896 2152 945 tuto
2186 891 2383 946 itinere
2421 893 2811 947 transmittant.
2843 893 2978 948 Nam
3020 894 3216 948 mortis
3254 894 3476 964 quidem
3521 910 3619 965 pa-

2031 996 2180 1045 rens,
2206 980 2458 1052 voluptas
2488 989 2576 1036 est
2601 996 2664 1035 ac
2693 981 2895 1048 libido;
2924 983 3226 1053 voluptatis
3257 992 3439 1037 autem
3469 998 3619 1037 mors

2031 1087 2096 1126 ac
2119 1070 2387 1136 libidinis,
2407 1072 2583 1137 labor,
2604 1083 2719 1128 tum
2744 1073 2839 1145 qui
2866 1092 3137 1146 propensa
3162 1077 3443 1131 voluntate
3467 1090 3622 1131 assu-

2032 1164 2221 1225 mitur,
2246 1172 2359 1217 tum
2390 1163 2481 1233 qui
2508 1164 2560 1217 vi
2591 1165 2769 1219 aliena
2804 1165 3058 1221 infertur.

2102 1253 2188 1309 56.
2217 1254 2460 1324 Quisque
2491 1254 2657 1324 igitur
2682 1257 2869 1311 multis
2894 1258 3273 1313 voluminibus
3301 1257 3616 1327 perplexam

2033 1345 2462 1417 implicitamque
2488 1350 2824 1420 voluptatem
2853 1365 2949 1405 seu
2974 1349 3284 1412 libidinem,
3308 1364 3372 1404 ac
3400 1348 3619 1405 cunctis

2031 1438 2239 1507 pariter
2277 1440 2441 1495 rebus
2476 1458 2598 1510 qua:
2641 1442 2696 1496 in
2741 1457 2965 1497 sensum
3009 1441 3215 1496 cadunt
3258 1440 3617 1495 multifariam

2030 1532 2407 1601 complicatam
2466 1542 2629 1603 atque
2682 1535 3017 1598 hmrentem,
3068 1550 3169 1604 per
3219 1534 3616 1588 continentiam

2030 1620 2311 1687 dissolvit,
2342 1639 2510 1693 prava
2557 1626 2615 1679 in
2653 1625 2771 1680 vias
2808 1635 2991 1680 rectas
3033 1624 3192 1691 fecit;
3236 1625 3439 1696 quique
3478 1624 3616 1680 adeo

349 1697 519 1768 μονῆς
569 1697 839 1769 πατήσας,
887 1698 987 1762 τάς
1030 1699 1293 1770 τραχείας
1340 1698 1602 1768 ἐποίησεν
1654 1700 1738 1763 είς
1774 1699 1918 1765 ὁδοὺς

2030 1712 2286 1778 arduam,
2320 1728 2679 1783 asperamque
2710 1730 2775 1770 ac
2808 1714 3060 1769 scabram
3092 1716 3343 1769 laborum
3380 1715 3615 1785 impres-

341 1764 926 1877 λείαςιὍθενῶσπερ
979 1764 1212 1844 ἔπαθλον
1245 1789 1446 1862 ἀρετῆς
1477 1764 1571 1845 καὶ
1622 1789 1732 1844 τῶν
1784 1789 1918 1865 ὑπὲρ

2273 1764 2286 1778 ,
2324 1764 2675 1783 -.τμηήη
2712 1764 2773 1770 __
2809 1764 3060 1769 --ηψπ
3093 1764 3343 1769 mn”---
3380 1764 3582 1785 Mr---

2028 1804 2240 1859 sionem
2269 1820 2367 1875 per
2393 1806 2717 1876 patientiam
2749 1806 3003 1872 calcavit,
3028 1821 3252 1876 asperas
3278 1806 3334 1861 in
3358 1806 3476 1861 vias
3502 1807 3617 1877 pla-

344 1873 516 1949 αὐτῆς
544 1876 828 1948 καμάτων,
852 1872 942 1932 οἶα
968 1877 1149 1943 καλῶς
1171 1895 1232 1931 τε
1259 1879 1356 1932 καὶ
1380 1879 1629 1950 νομίμως
1654 1877 1921 1950 ἀθλήσας,

343 1968 442 2022 καὶ
498 1969 598 2039 τὴν
635 1968 826 2041 ἡδονὴν
854 1969 1091 2039 νικήσας
1128 1966 1205 2040 τῷ
1257 1966 1410 2040 πόθῳ
1437 1969 1537 2039 τῆς
1565 1970 1787 2040 ἀρετῆς,
1830 1970 1925 2023 καὶ

340 2056 440 2130 τὴν
471 2058 665 2129 ὀδύνην
697 2061 949 2130 πατήσας
982 2059 1061 2129 τῷ
1099 2061 1196 2131 τῆς
1228 2059 1486 2128 γνώσεως
1514 2058 1697 2131 ἔρωτι,
1731 2061 1825 2113 καὶ
1854 2059 1922 2113 δι’

342 2151 669 2225 ἀμφοτέρων
700 2151 966 2222 γενναίως
992 2151 1122 2215 τοὺς
1152 2151 1329 2215 θείους
1366 2150 1652 2221 διενέγκας
1681 2151 1919 2221 ἀγῶνας,

346 2240 610 2309 Ὀψεται,
649 2240 791 2296 κατὰ
829 2242 891 2295 τὸ
930 2242 1341 2313 γεγραμμένον.
1375 2240 1446 2295 τὸ
1487 2241 1787 2311 σωτήριον
1814 2242 1921 2297 τοῦ

259 2342 265 2347 '
342 2332 513 2388 Θεοῦ.

409 2504 508 2572 νζ.
544 2505 605 2560 ’0
630 2506 730 2578 τήν
758 2508 963 2580 ἀρετὴν
990 2508 1243 2578 ἀγαπῶν,
1273 2511 1373 2580 τὴν
1402 2509 1513 2563 τῶν
1536 2508 1740 2580 ήδονῶν
1766 2510 1921 2562 ὲκου-

338 2598 472 2663 σίως
500 2599 866 2671 ἀπομαραίνει
897 2601 1130 2672 κάμινον
1151 2617 1167 2632 ο
1199 2603 1230 2654 6
1253 2601 1311 2655 δὲ
1339 2604 1405 2672 τῇ
1436 2600 1634 2669 γνώσει
1659 2599 1761 2670 τῆς
1785 2599 1921 2670 ἀλη-

341 2688 495 2753 θείας
526 2691 912 2761 πεποιωμένος
942 2694 960 2715 ⁶
987 2692 1081 2747 τὸν
1113 2691 1262 2756 νοῦν,
1290 2690 1570 2755 ἀκουσίοις
1598 2690 1701 2744 οὐκ
1725 2690 1919 2760 ιπέχε-

335 2799 430 2838 ται
457 2782 663 2846 πόνοις,
694 2783 798 2853 τῆς
826 2784 967 2837 κατά
999 2783 1100 2855 τὴν
1139 2783 1326 2852 ἔφεσιν
1366 2781 1504 2854 πρὸς
1527 2781 1620 2835 τὸν
1649 2781 1783 2835 Θεδν
1823 2798 1919 2851 φε-

338 2875 541 2955 ρούσης
578 2875 938 2945 ἀεικινησίας.
1392 2876 1417 2939 '_

408 2965 512 3039 v'q'.
549 2967 609 3023 '0
659 2968 731 3022 τά
788 2968 980 3023 σκολιὰ
1018 2966 1130 3022 τῶν
1185 2966 1453 3022 ἑκουσίων
1491 2965 1703 3029 παθῶν,
1748 2966 1917 3036 ήγουν

339 3059 439 3131 τῆς
471 3059 668 3132 ήδονῆς
713 3059 780 3114 τὰ
824 3061 1103 3131 κινήματα
1132 3059 1221 3113 διὰ
1265 3059 1365 3131 τῆς
1392 3057 1719 3129 ἐγκρατείας
1753 3056 1915 3111 εὐθύ-

337 3168 457 3217 νας,
491 3152 588 3205 καὶ
634 3150 735 3215 τὰς
776 3149 1060 3222 τραχείας,
1104 3150 1218 3205 τῶν
1272 3150 1547 3231 ἀκουσίων
1591 3148 1917 3221 πειρασμῶν

340 3243 651 3314 συμφορὰς.
701 3242 874 3313 ἤγουν
914 3243 1041 3305 τοὺς
1070 3242 1311 3313 τρόπους
1339 3240 1440 3311 τῆς
1468 3240 1666 3310 ὀδύνης
1699 3240 1789 3293 διὰ
1817 3241 1919 3312 τῆς

336 3333 621 3404 ὑπομονῆς
642 3333 930 3403 ὁμαλίσας,
964 3333 1062 3387 καὶ
1086 3335 1165 3395 είς
1186 3332 1341 3395 ὀδοὺς
1365 3331 1514 3396 λείας
1543 3333 1913 3404 καταστήσας·

336 3426 368 3479 6
397 3425 641 3488 τοιοῦτος
666 3427 889 3489 εἰκότως
922 3426 1132 3494 ὄψεται
1160 3425 1227 3479 τὸ
1264 3424 1565 3493 σωτήριον
1590 3424 1698 3479 τοῦ
1739 3423 1913 3489 Θεοῦ,

336 3514 578 3586 καθαρὸς
601 3517 666 3585 τῇ
695 3514 895 3586 καρδία
924 3516 1238 3584 γενόμενος’
1280 3513 1403 3568 καθ’
1442 3514 1509 3584 ήν
1541 3514 1629 3567 διὰ
1654 3514 1764 3567 τῶν
1793 3514 1919 3585 ἀρε-

338 3605 447 3658 τῶν
497 3606 593 3659 καὶ
641 3605 753 3659 τῶν
778 3605 1022 3658 εὐσεϐῶν
1055 3604 1456 3674 θεωρημάτων,
1491 3604 1595 3674 ὁρᾷ
1640 3604 1735 3656 τὸν
1780 3602 1915 3658 Θεδν

336 3698 431 3752 ἰπὶ
459 3696 605 3751 τέλει
635 3698 744 3751 τῶν
772 3696 971 3762 ἄθλων,
1003 3695 1149 3749 κατά
1186 3695 1270 3760 τὸ,
1300 3692 1598 3763 Μακάριοι
1631 3695 1687 3747 οι
1729 3695 1905 3748 καθα-

330 3790 429 3858 ροὶ
463 3788 540 3857 τῇ
579 3787 812 3857 κᾱρδιᾳ,
839 3788 930 3841 ὅτι
958 3786 1127 3841 αὐτοὶ
1153 3786 1261 3840 τὸν
1298 3786 1448 3840 Θεὸν
1481 3786 1764 3853 ὄψονται·
1803 3786 1914 3839 τῶν

335 3879 479 3951 ὑπὲρ
508 3880 710 3950 ἀρετῆς
742 3880 942 3944 πόνων,
974 3879 1077 3948 τῆς
1123 3875 1395 3939 ἀπαθείας
1442 3876 1544 3945 τὴν
1571 3876 1735 3946 χάριν
1764 3877 1913 3931 am.

333 3970 539 4034 λαϐὼν,
573 3966 641 4042 ἧς
698 3971 852 4025 οὐδὲν
900 3969 1065 4025 πλέον
1107 3968 1202 4022 τὸν
1257 3967 1392 4021 Θεὸν
1447 3968 1741 4037 ἀμφανὶζει
1800 3971 1912 4033 τοῖς

336 4064 545 4135 έχουσι.

406 4156 505 4210 νθο.
534 4156 790 4218 Δάκκους
813 4153 975 4209 καλεῖ
997 4153 1039 4223 ή
1060 4152 1254 4224 Γραφὴ
1287 4149 1371 4222 (ί),
1395 4149 1496 4214 τὰς
1521 4150 1780 4216 δεκτικὰς
1803 4151 1913 4206 τῶν

333 4247 603 4319 οὐρανίων
628 4245 985 4317 χαρισμάτων
1014 4243 1116 4313 τῆς
1153 4244 1318 4311 ἁγίας
1346 4242 1602 4311 γνώσεως
1658 4243 1910 4316 καρδίας,

333 4338 753 4408 λατομουμένας
798 4335 877 4407 τῷ
914 4336 1128 4408 στερρῷ
1184 4335 1330 4406 λόγῳ
1377 4336 1487 4390 τῶν
1534 4337 1785 4402 ἐντολῶν,
1818 4338 1914 4391 καὶ

2025 1911 2125 1950 nas
2155 1895 2306 1952 fecit.
2337 1897 2549 1954 Idcirco
2579 1906 2841 1968 tanquam
2871 1898 3093 1953 virtutis
3124 1898 3434 1967 praemium,
3466 1896 3616 1968 ejus-

2024 2003 2131 2059 que
2163 2004 2325 2042 causa
2359 1997 2748 2060 susceptorum
2779 2004 2875 2043 seu
2903 1989 3305 2043 exantlatorum
3337 1987 3613 2052 laborum,

2022 2077 2176 2132 velut
2219 2078 2311 2146 qui
2364 2079 2466 2133 rite
2515 2080 2872 2150 legitimeque
2918 2078 3244 2141 certaverit,
3284 2078 3615 2146 virtutisque

2022 2166 2302 2221 desiderio
2344 2168 2680 2239 voluptatem
2736 2185 2801 2225 ac
2846 2170 3134 2224 libidinem
3179 2167 3409 2233 vicerit,
3445 2176 3614 2237 atque

2022 2260 2265 2316 scientiae
2297 2275 2482 2314 amore
2515 2260 2763 2314 dolorem
2795 2260 3124 2323 calcaverit,
3185 2273 3406 2313 necnon
3442 2258 3613 2313 utris-

2020 2366 2129 2422 que
2151 2350 2336 2406 divina
2355 2351 2658 2407 certamina
2681 2358 2908 2405 strenue
2933 2350 3186 2421 gesserit,
3212 2347 3465 2403 Salutare
3489 2346 3610 2414 Dei,

2020 2442 2165 2496 sicut
2193 2442 2462 2511 scriptum
2494 2450 2599 2507 est,
2629 2441 2820 2496 videbit
2838 2442 2906 2497 ".

2090 2533 2179 2587 57.
2205 2532 2309 2599 Qui
2335 2534 2595 2598 virtutem
2627 2534 2826 2606 diligit,
2848 2532 3193 2604 voluptatum
3219 2540 3412 2603 Sponte
3442 2530 3614 2585 cami-

2019 2637 2152 2677 num
2185 2625 2478 2695 restinguit
2504 2644 2517 2679 :
2546 2626 2642 2695 qui
2666 2641 2799 2680 vero
2819 2623 3070 2679 veritatis
3100 2624 3334 2679 scientia
3364 2631 3607 2678 mentem

2016 2714 2243 2777 imbuit,
2272 2717 2411 2771 nihil
2449 2716 2615 2791 548
2642 2701 3218 2772 violentis'laboribus
3251 2715 3554 2781 inhibetur,
3577 2729 3610 2770 a

2016 2803 2131 2875 jugi
2158 2805 2213 2859 in
2242 2806 2412 2861 Deum
2444 2807 2763 2879 cupiditatis
2792 2815 2969 2862 motu.

2094 2983 2181 3039 58.
2206 2983 2311 3051 Qui
2347 3000 2516 3055 prava
2549 2984 2987 3041 voluntariorum
3028 2982 3288 3037 affectum
3322 2994 3388 3036 ac
3419 2977 3607 3035 libidi-

2020 3093 2153 3132 num
2205 3077 2425 3147 (nempe
2468 3076 2769 3147 voluptatis
2814 3077 3019 3144 motus)
3065 3090 3165 3145 per
3209 3071 3608 3129 continentiam

2020 3168 2318 3234 direxerit;
2388 3182 2724 3237 asperasque
2791 3167 3162 3221 violentarum
3232 3165 3605 3221 tentationum

2017 3260 2360 3316 calamitates
2398 3260 2626 3329 (doloris
2659 3260 2874 3314 scilicet
2906 3258 3120 3328 modos)
3156 3273 3255 3327 per
3284 3255 3608 3327 patientiam

2015 3351 2338 3421 aequaverit.
2368 3360 2424 3407 et
2467 3350 2522 3405 in
2565 3350 2684 3406 vias
2721 3351 2914 3420 planas
2950 3350 3175 3416 fecerit;
3221 3349 3345 3404 talis
3386 3349 3605 3414 merito,

2016 3442 2109 3512 qui
2146 3442 2352 3496 mundo
2385 3442 2553 3496 corde
2587 3441 2817 3496 effectus
2850 3441 2953 3505 sit,
2976 3440 3228 3496 Salutare
3257 3441 3356 3494 Dei
3386 3440 3607 3507 videbit;

2015 3547 2126 3601 quo
2162 3531 2389 3601 (mundo
2417 3531 2603 3601 corde)
2640 3548 2738 3602 per
2765 3533 2998 3586 virtutes
3032 3547 3095 3588 ac
3129 3532 3249 3601 pias
3283 3531 3608 3587 considera-

2016 3621 2215 3685 tiones,
2237 3622 2411 3677 Deum
2437 3622 2588 3677 videt
2612 3623 2665 3676 in
2695 3622 2803 3677 fine
2833 3623 3391 3692 certaminum,juxta
3422 3620 3558 3675 illud
3591 3639 3604 3675 :

2013 3711 2170 3767 Beati
2203 3715 2399 3767 mundo
2428 3715 2611 3776 corde,
2644 3716 2899 3785 quoniam
2934 3716 3036 3785 ipsi
3065 3713 3231 3767 Deum
3262 3713 3506 3767 videbunt
3530 3712 3606 3779 ”;

2014 3818 2118 3874 pro
2152 3804 2438 3859 laboribus
2468 3805 2672 3874 quibus
2699 3805 2923 3859 virtutis
2954 3820 3117 3860 causa
3151 3804 3471 3873 perfunctus
3503 3813 3606 3867 est,

2014 3892 2525 3964 impcrturbationis
2562 3910 2763 3951 munus
2789 3905 3151 3961 consecutus;
3180 3910 3287 3965 qua
3318 3893 3458 3949 nihil
3489 3908 3610 3947 ma—

2013 3991 2095 4063 gis
2118 3991 2291 4046 Deum
2316 3991 2652 4059 manifestat,
2678 3993 2766 4059 iis,
2790 3992 2885 4064 qui
2912 3992 3002 4046 illa
3027 3989 3239 4061 praediti
3266 3989 3396 4044 sint.

2084 4165 2172 4222 b9.
2209 4164 2489 4227 Cisternas
2527 4176 2687 4223 vocat
2728 4167 3045 4238 Scriptura,
3082 4166 3249 4221 corda
3296 4163 3607 4220 caelestium

2013 4266 2218 4313 sanctae
2252 4259 2498 4332 scientiae
2524 4257 2801 4314 donorum
2838 4258 3091 4329 capacia,
3117 4256 3283 4312 solito
3319 4255 3607 4309 mandato-

2015 4364 2137 4402 rum
2161 4362 2417 4404 scrmone
2444 4350 2647 4413 excisa,
2667 4349 2928 4418 velutque
2953 4349 3184 4403 callosas
3208 4345 3460 4407 durities.
3479 4356 3607 4415 pro-

336 4429 781 4500 ἀποϐαλλομένας
810 4428 1066 4497 καθάπερ
1095 4427 1439 4500 πωρώματα,
1468 4430 1569 4500 τήν
1590 4444 1649 4481 τε
1682 4429 1818 4501 πρὸς
1842 4429 1912 4483 τὰ

2020 4440 2299 4494 cliviorem
2331 4440 2388 4495 in
2415 4441 2544 4495 vitia
2575 4434 2925 4510 aﬂectusque'
2949 4439 3234 4495 libidinem
3267 4435 3605 4507 respuentia,

335 4521 484 4593 πάθη
511 4522 846 4593 φιληδονίαν,
881 4523 977 4575 καὶ
1005 4522 1106 4590 τὴν
1135 4522 1273 4591 πρὸς
1296 4520 1364 4574 τὰ
1388 4521 1630 4591 αἰσθητὰ
1658 4522 1759 4592 τῆς
1806 4521 1911 4591 φύ-

338 4631 477 4678 σεως
508 4614 713 4686 σχέσιν,
744 4615 841 4669 καὶ
865 4613 1252 4685 πληρουμένας
1282 4613 1383 4683 τῆς
1408 4612 1619 4667 ἀνωθεν
1672 4613 1917 4686 φερομέ-

336 4721 434 4775 νης
501 4706 774 4776 ρυπτικῆς
836 4722 896 4759 τε
948 4704 1060 4760 τῶν
1092 4703 1305 4767 παθῶν,
1360 4704 1457 4757 καὶ
1512 4702 1917 4777 ζωοποιητικῆς

335 4795 433 4849 καὶ
457 4793 570 4850 οἷον
606 4795 910 4869 θρεπτικῆς
958 4795 1070 4849 τῶν
1112 4794 1326 4864 ἀρετῶν
1358 4794 1418 4845 ὲν
1449 4791 1746 4865 πνεύματι,
1782 4792 1920 4861 γνώ-

332 4900 495 4952 σεως.

406 5026 448 5055 ⁸⁸
479 5023 716 5094 Philipp.
740 5039 823 5086 HI,
859 5021 945 5077 14.
1021 5021 1065 5052 ⁶²
1096 5021 1199 5077 lsa.
1230 5019 1317 5087 ει,
1353 5021 1406 5076 5.
1485 5019 1531 5052 ⁸³
1554 5019 1745 5077 Matth.
1776 5038 1830 5088 ν,
1856 5024 1911 5080 5.

403 5164 424 5185 ⁹
446 5162 582 5217 Male
602 5159 749 5215 edita
770 5174 1034 5229 πεποιημ.
1149 5162 1161 5174 ⁹

409 5278 471 5353 (i)
504 5277 782 5353 Δᾴκκρυς
808 5272 981 5330 καλεῖ
1009 5274 1049 5353 ᾗ
1072 5270 1305 5353 rpperi.
1332 5271 1512 5353 Lacus
1539 5286 1603 5353 ac
1635 5272 1907 5331 cisternas

333 5341 605 5422 expressit
662 5341 970 5422 Scriptura.
1026 5343 1404 5422 intellexitque
1434 5341 1751 5409 Maximus;
1788 5358 1905 5422 nec

336 5413 480 5477 behe
523 5419 687 5474 Picus
712 5413 897 5484 puteis
921 5413 1173 5470 mutavit.
1228 5413 1434 5484 Puteus
1494 5428 1733 5484 namque
1786 5413 1905 5484 ipse

336 5491 464 5547 fons
488 5497 593 5553 ost,
626 5482 731 5544 sed
753 5486 862 5542 alta
887 5484 1253 5556 scaturigine;
1275 5482 1493 5556 λάκκοι,
1530 5482 1683 5556 lacus
1709 5491 1765 5537 et
1808 5482 1906 5539 'ci-

338 5569 557 5624 sternte,
581 5551 703 5614 non
740 5561 871 5611 sunt
899 5551 1123 5619 fontes,‘
1151 5567 1252 5607 nec
1288 5552 1402 5606 ullo
1427 5551 1611 5624 Alatice
1660 5561 1905 5624 manant,

338 5631 436 5686 sed
489 5619 827 5701 pluvialibus
868 5624 1032 5701 aq_nis_
1056 5624 1359 5701 replentur.
1415 5619 1533 5701 Qua
1573 5619 1900 5701 metaphora

341 5690 646 5771 φερομένης
667 5695 870 5753 ἄνωθεν
894 5690 991 5764 τῆς
1015 5695 1073 5747 ἐν
1096 5690 1363 5763 πνεύματι
1392 5690 1666 5759 γνώσεως,
1688 5690 1906 5749 scientia

2016 4539 2337 4601 naturaeque
2387 4532 2442 4586 in
2489 4547 2581 4587 res
2626 4534 2810 4588 sensui
2862 4532 3137 4603 subiectas
3186 4528 3535 4585 auectionem
3587 4541 3604 4580 :

2018 4638 2140 4691 quae
2164 4622 2407 4693 denique
2436 4637 2468 4677 e
2501 4625 2756 4693 supernis
2789 4620 3041 4693 coeloque
3073 4621 3330 4676 veniente
3367 4615 3604 4688 spiritali

2022 4714 2253 4769 scientia
2293 4715 2644 4785 impleantur,
2679 4730 2801 4784 quae
2837 4715 3130 4770 libidinum
3168 4711 3363 4767 sordes
3394 4708 3603 4773 abluat,

2024 4814 2080 4860 et
2100 4805 2343 4861 viviﬁcet
2367 4816 2532 4877 atque
2560 4806 2672 4861 alat
2693 4805 2949 4861 virtutes.

2008 5276 2245 5343 spiritali
2279 5292 2307 5329 e
2349 5276 2613 5346 supernis,
2652 5288 2680 5346 ε
2728 5272 2857 5346 σανίο
2894 5274 3151 5346 υξηίεηιε,
3177 5270 3316 5346 __h_as
3360 5271 3590 5346 mystice

2010 5341 2300 5409 cisternas,
2332 5341 2601 5403 Maximus
2615 5345 2694 5400 ait
2717 5345 2959 5414 impleri.
2980 5344 3051 5398 At
3075 5341 3210 5397 nihil
3241 5342 3382 5414 bene
3411 5341 3594 5414 Picus.

2014 5416 2182 5471 Plena
2225 5426 2350 5486 sunt
2395 5414 2635 5486 spiritali
2658 5410 2871 5486 sursum
2908 5414 3167 5486 tendente
3184 5413 3427 5486 scientia.
3461 5410 3600 5486 Sur-

2012 5501 2133 5540 sum
2175 5484 2403 5540 tendere
2422 5482 2489 5542 ἐι
2517 5485 2707 5551 salire,
2746 5484 2798 5539 id
2822 5484 3049 5555 quidem
3101 5482 3336 5555 fontium
3367 5490 3473 5555 est,
3506 5482 3595 5536 vi-

2008 5571 2317 5625 varumque
2343 5555 2399 5610 in
2430 5557 2512 5610 eis
2541 5551 2857 5625 aquarum;
2903 5563 2959 5607 at
3004 5569 3113 5608 non
3142 5551 3594 5625 hlaximointen-

2188 5620 2274 5681 vel
2302 5627 2423 5697 ejus
2456 5620 2664 5682 Graecis
2685 5624 3076 5697 signiﬁcatum.
3131 5620 3219 5679 Cf.
3251 5622 3317 5675 ad
3338 5621 3596 5678 Thalass.

2012 5704 2182 5750 υρεδ.
