4062 6198
635 307 770 374 1243

1803 320 1864 380 S.
1906 321 1961 381 Μ
1968 322 2195 383 ΛΧΙΜΙ
2234 322 2746 390 CONFESSORIS

3754 334 3855 398 liii

702 423 792 480 60.
838 424 1120 481 Cisternas
1173 426 1378 483 excidit
1425 429 1691 487 Dominus
1747 432 1801 489 in
1852 433 2074 491 deserto
2129 436 2218 509 (in

2395 440 2462 504 ξ’.
2495 441 2746 506 Λάκκους
2773 441 3004 514 λατομεῖ
3026 443 3054 496 ὁ
3083 441 3286 514 Κύριος
3307 444 3368 497 ὲν
3396 444 3466 516 τῇ
3499 443 3682 518 ἐρήμῳ
3703 464 3715 481 ·
3749 447 3858 517 λέγω

632 519 840 574 mundo
892 518 1105 572 scilicet
1149 519 1548 592 hominumque
1599 525 1828 596 natura)
1883 543 2076 583 eorum
2124 529 2218 598 qui

630 609 780 680 digni
825 619 972 672 sunt,
1005 608 1174 664 corda
1210 610 1501 679 elfodicns,
1529 622 1585 668 et
1618 631 1649 670 a
1692 623 1913 672 terrena
1953 620 2222 690 gravitate

633 701 1037 772 prudentiaque
1071 702 1412 769 emundans,
1445 716 1610 776 atque
1645 707 1715 762 ad
1751 709 1970 766 divinos
2001 712 2224 782 sapien-

631 793 718 846 tire
759 800 815 846 et
852 792 1098 848 scientia:
1139 793 1346 849 imbres
1382 797 1796 868 suscipiendos,
1831 803 1976 857 unde
2014 801 2222 860 Christi

628 899 830 953 pecora
865 885 1144 956 adaquent
1177 884 1295 954 (eos
1329 887 1592 944 nimirum
1631 893 1726 962 qui
1766 909 1880 962 prae
1923 893 2092 948 animi
2133 895 2222 949 in-

629 973 828 1038 fantia,
862 975 1059 1029 morali
1105 975 1397 1047 disciplina
1448 981 1667 1054 egeant)
1716 981 1955 1039 dilatans
2002 993 2058 1040 et
2103 1000 2222 1041 am-

629 1066 832 1135 plians.

698 1157 788 1211 Gl.
816 1157 1129 1212 Montanam
1161 1171 1322 1216 vocat
1353 1161 1665 1234 Scriptura,
1691 1165 1988 1224 sublimem
2024 1169 2080 1224 in
2109 1169 2224 1241 spi-

628 1247 740 1302 ritu
773 1258 987 1304 natura:
1019 1253 1568 1323 contemplationem,
1593 1273 1758 1327 quam
1794 1260 1828 1314 ii
1859 1261 2073 1326 colunt,
2099 1263 2217 1333 qui,

627 1355 816 1395 rerum
856 1335 1145 1397 sensilium
1182 1345 1392 1402 relictis
1430 1348 1884 1419 cogitationibus,
1916 1353 1983 1408 ad
2027 1369 2220 1411 earum

624 1433 902 1504 spiritales
941 1437 1186 1492 rationes
1218 1453 1318 1508 per
1352 1439 1714 1499 intermedias
1748 1444 1986 1502 virtutes
2025 1462 2220 1503 evase-

627 1533 780 1578 runt.

696 1614 784 1670 62.
838 1614 1094 1682 Quandiu
1151 1619 1374 1678 animus
1432 1621 1488 1676 in
1543 1622 1728 1693 seipse
1786 1625 2065 1696 vigentem
2121 1629 2218 1686 Dei

625 1710 950 1762 memoriam
990 1709 1183 1774 habet,
1217 1727 1316 1781 per
1359 1717 1882 1786 contemplationem
1924 1721 2219 1779 Dominum

2323 531 2379 586 δὲ
2422 533 2502 603 τῷ
2543 533 2755 605 κόσμῳ,
2792 535 2888 590 καὶ
2931 537 2999 606 τῇ
3033 533 3192 605 φύσει
3250 535 3366 588 τῶν
3417 535 3740 608 ἀνθρώπων·
3784 541 3856 606 τὰς

2323 623 2432 677 τῶν
2465 621 2633 689 ἀξίων
2664 625 2894 690 καρδίας
2941 625 3226 696 ἐκχοῖζων,
3260 626 3362 680 καὶ
3394 626 3852 701 ἀποκαθαίρωντοῦ

2323 715 2512 771 ὑλικοῦ
2543 717 2746 790 βάρους
2779 735 2840 770 τε
2871 717 2964 772 καὶ
3009 720 3178 788 φίλονή
3189 735 3388 789 ματος,
3424 719 3520 772 καὶ
3546 721 3705 773 ποιῶν
3729 723 3850 793 εὐρυ-

2321 806 2534 879 χώρους
2585 809 2722 880 πρὸς
2762 808 3030 880 ὑποδοχὴν
3085 809 3194 862 τῶν
3225 808 3396 862 θείων
3427 811 3528 880 τῆς
3579 811 3752 879 σοφίας
3785 814 3848 865 καὶ

2287 942 2290 945 .
2321 900 2422 971 τῆς
2455 899 2713 970 γνώσεως
2740 901 2934 966 ὑετῶν,
2967 903 3057 956 ἶνα
3083 901 3350 966 ποτίζωσι
3383 902 3452 957 τὰ
3472 903 3637 974 κτήνη
3658 904 3738 956 τοῦ
3755 906 3846 976 Χρι-

2325 991 2474 1056 στοῦ,
2497 993 2624 1055 τοὺς
2653 992 2946 1063 δεομένους
2969 993 3115 1062 λέγω
3142 994 3228 1048 διὰ
3257 992 3444 1064 ψυχῆς
3470 993 3760 1066 νηπιότητα,
3778 995 3844 1066 τῆς

2320 1083 2522 1156 ἠθικῆς
2543 1085 2915 1148 διδασκαλίας.
3178 1119 3190 1127 -

2395 1175 2496 1243 ξα’.
2535 1176 2781 1248 Ὀρεινὴν
2810 1179 2844 1248 ἡ
2873 1177 3089 1250 Γραφὴ,
3137 1177 3236 1246 τὴν
3267 1174 3486 1248 ὑψηλὴν
3537 1175 3593 1228 ἑν
3635 1173 3839 1247 πνεύματι

2322 1268 2559 1340 θεωρίαν
2592 1270 2694 1337 τῆς
2746 1269 2965 1340 φύσεως
3017 1268 3187 1338 λέγει,
3223 1269 3295 1340 ἣν
3336 1267 3664 1339 γεωργοῦσιν
3702 1268 3742 1320 oi
3765 1268 3836 1319 τῶν

2323 1359 2599 1430 αἰσθητῶν
2633 1360 3032 1430 ἀπογενόμενοι
3084 1359 3432 1429 φαντασιῶν,
3480 1359 3573 1412 καὶ
3609 1357 3728 1428 πρὸς
3753 1357 3835 1421 rei;

2321 1451 2505 1507 αὐτῶν
2541 1453 2770 1524 νοητοὺς
2818 1453 2910 1507 διὰ
2957 1451 3143 1524 μέσων
3185 1451 3304 1505 τῶν
3355 1449 3568 1522 ἀρετῶν
3611 1448 3830 1509 διαβάντες

2321 1543 2516 1614 λόγους

2397 1632 2498 1705 ξβ¹.
2543 1635 2602 1689 Ὀ
2639 1635 2766 1700 νοῦς
2822 1635 2909 1703 ἐφ’
2937 1634 3063 1687 ὅσον
3112 1631 3230 1702 ἔχει
3270 1629 3457 1695 ζῶσαν
3494 1630 3551 1684 ὲν
3595 1629 3744 1699 ἐαυτῷ
3763 1628 3826 1698 τὴν

2323 1723 2421 1777 τοῦ
2469 1725 2605 1778 Θεοῦ
2675 1725 2920 1798 μνήμην,
2961 1723 3049 1777 διὰ
3104 1723 3205 1793 τῆς
3261 1720 3498 1791 θεωρίας
3547 1717 3740 1788 ὲκζητεί
3771 1717 3826 1770 τὸν

624 1798 895 1866 exquirit;
939 1815 1120 1869 neque
1161 1802 1214 1856 id
1261 1803 1609 1861 defunctorie
1650 1809 1967 1881 leviusque,
2002 1814 2130 1877 sed,
2163 1817 2219 1872 in

2326 1814 2567 1887 Κύριον·
2625 1815 2723 1870 καὶ
2777 1814 2878 1885 οὐχ
2921 1812 3128 1876 ἁπλῶς,
3160 1809 3282 1865 ἀλλ’
3336 1810 3412 1873 ἐκ
3439 1809 3592 1878 φόϐῳ
3633 1807 3823 1875 Κυρίου·

626 1888 815 1941 timore
857 1887 1175 1958 Domini“;
1227 1891 1334 1946 hoc
1381 1903 1496 1960 est,
1535 1901 1891 1967 exsequendo
1940 1904 2218 1960 mandata.

625 1981 729 2047 Qui
765 1984 914 2038 enim
952 1988 1378 2056 contemplando
1411 1989 1530 2045 sine
1561 1991 1778 2046 actione
1806 1992 2100 2049 Dominum
2129 2011 2222 2050 ex-

625 2075 818 2145 quirit,
843 2073 954 2130 non
988 2077 1218 2144 invenit,
1248 2095 1315 2134 eo
1346 2082 1495 2150 quod
1529 2100 1640 2138 non
1677 2084 1730 2138 in
1769 2083 1967 2141 timore
1999 2087 2221 2142 Domini

625 2163 971 2230 exquisierit.
1011 2164 1080 2218 Et
1126 2171 1458 2237 prosperavit
1501 2173 1550 2225 ei
1597 2171 1859 2228 Dominus
1881 2175 1949 2227 ³⁸.
1988 2175 2220 2231 Omnem

625 2253 774 2306 enim
801 2255 894 2323 qui
921 2257 1150 2312 scientia
1177 2259 1377 2315 comite
1399 2263 1605 2317 actioni
1635 2265 1928 2333 incumbit,
1953 2267 2221 2323 Dominus

626 2360 892 2415 prospere
921 2348 1126 2419 dirigit,
1151 2351 1245 2420 qui
1278 2360 1334 2406 et
1367 2355 1751 2413 mandatorum
1779 2359 1975 2415 modos
2001 2360 2218 2428 doceat,

625 2444 682 2490 et
705 2451 866 2491 veras
894 2454 1078 2492 rerum
1108 2443 1350 2498 rationes
1380 2447 1617 2516 aperiat.

698 2529 787 2583 65.
815 2528 1078 2607 Sublimis
1102 2531 1170 2587 de
1197 2533 1404 2590 deitate
1433 2553 1618 2593 sermo
1648 2555 1713 2594 ac
1747 2540 2023 2608 doctrina,
2051 2544 2221 2600 turris

623 2631 709 2675 est
733 2622 942 2688 animo,
978 2625 1366 2682 mandatorum
1392 2629 1555 2702 549
1578 2633 1960 2691 observatione
1985 2637 2217 2691 munita.

625 2715 695 2768 Et
735 2715 841 2770 hoc
889 2724 975 2771 est
1017 2719 1166 2787 quod
1214 2720 1292 2775 ait
1342 2740 1355 2776 :
1397 2722 1707 2793 Aidiﬁcavit
1748 2725 1904 2782 Ozias
1950 2738 2120 2783 turres
2165 2730 2220 2784 in

622 2805 929 2861 Jerusalem
959 2809 1025 2863 ⁸⁸.
1067 2811 1174 2877 Qui
1225 2812 1374 2866 enim
1424 2825 1574 2870 recte
1625 2817 1975 2888 diriguntur,
2012 2829 2074 2874 ut
2122 2837 2222 2891 per

625 2897 1152 2966 contemplationem
1181 2916 1306 2955 eum
1338 2902 1600 2975 adjuncto
1632 2909 1988 2964 convenienti
2022 2910 2220 2966 timore

627 2985 860 3059 (agendo
891 2991 1104 3046 scilicet
1136 3009 1260 3062 qua:
1295 2996 1552 3051 mandata
1587 2998 1749 3070 sunt)
1787 3001 2080 3058 Dominum
2120 3018 2218 3058 ει-

623 3080 834 3149 quirat,
862 3082 908 3138 is
942 3083 996 3137 in
1028 3085 1335 3142 Jerusalem
1374 3097 1557 3145 turres
1585 3090 1856 3158 wdiﬁcat;
1894 3093 1950 3148 in
1984 3095 2217 3166 simplici
2245 3131 2288 3190 ο

623 3174 888 3230 nimirum
942 3187 1000 3232 et
1050 3181 1350 3249 tranquillo
1399 3183 1570 3238 animi
1612 3192 1792 3252 statu,
1838 3187 2106 3244 sublimes
2148 3189 2217 3245 de

621 3269 828 3328 deitate
864 3287 1152 3329 sermones
1183 3277 1466 3333 attollens.

694 3448 783 3504 64.
825 3450 1198 3508 Particulares
1254 3455 1501 3512 rationes
1559 3456 1692 3513 dum
1741 3458 1811 3514 ad
1871 3461 2218 3520 universales

621 3541 916 3609 accedunt,
941 3559 1064 3614 quas
1099 3543 1274 3600 divisa
1304 3557 1436 3602 sunt
1476 3550 1623 3605 inter
1651 3566 1710 3605 se
1743 3552 2024 3620 copulant.
2055 3553 2216 3621 Quod

620 3632 888 3689 nimirum
920 3636 1356 3694 universaliores
1386 3641 1651 3707 rationes,
1703 3659 1897 3699 eorum
1941 3661 2063 3716 qua:
2102 3662 2218 3702 ma-

621 3724 707 3794 gis
754 3726 1111 3795 particularia
1161 3737 1324 3795 sunt,
1373 3732 1620 3788 rationes
1668 3734 2025 3791 uniformiter
2065 3753 2217 3792 com-

623 3815 998 3884 prehendant,
1036 3818 1106 3873 ad
1153 3835 1274 3889 qum
1317 3823 1649 3878 naturaliter
1692 3825 1811 3895 ipsa
1858 3827 2216 3896 particularia

624 3905 956 3961 relationem
992 3907 1255 3966 habeant.
1285 3910 1394 3967 Sed
1427 3921 1483 3967 ct
1513 3915 1638 3969 caeli
1673 3930 1799 3970 cum
1834 3925 2000 3983 terra,
2030 3936 2215 3975 rerum

623 4012 750 4068 qua;
785 4014 955 4055 sensu
1004 4003 1398 4073 percipiuntur
1436 4023 1560 4060 cum
1601 4008 1711 4063 illis
1745 4026 1868 4079 quae
1910 4023 2094 4068 mente
2127 4015 2213 4069 in-

628 4090 980 4162 telliguntur,
1015 4103 1228 4149 natura:
1250 4112 1376 4150 cum
1411 4097 1647 4164 ratione,
1679 4100 2026 4159 habitudinis
2062 4091 2214 4176 quae-

624 4180 748 4235 dam
783 4182 840 4237 in
877 4185 1075 4254 spiritu
1112 4187 1258 4242 ratio
1301 4195 1406 4253 est,
1437 4205 1546 4259 qua
1597 4191 1714 4247 hzee
1756 4194 1866 4249 alia
1910 4195 2036 4251 aliis
2083 4212 2217 4253 con-

623 4283 772 4328 serta
805 4275 1092 4330 uniantur.

696 4366 786 4420 65.
823 4367 925 4422 Cui
972 4369 1043 4422 ab
1089 4368 1385 4427 aﬂ‘cctibus
1411 4372 1676 4444 vitiisque
1711 4391 1912 4433 sensus
1946 4380 2215 4437 revellere

2322 1907 2625 1970 τουτέστιν,
2667 1908 2725 1960 ὲν
2760 1909 2824 1975 τῇ
2857 1903 3056 1976 πράξει
3106 1902 3219 1956 τῶν
3269 1900 3522 1956 ὶντολῶν.
3554 1901 3610 1954 '0
3642 1899 3733 1970 γὰρ
3766 1902 3826 1956 tx-

2323 1999 2502 2070 ζητῶν
2532 1999 2622 2053 διὰ
2651 1998 2886 2066 θεωρίας
2929 1996 3021 2050 τὸν
3067 1995 3279 2066 Κύριον
3305 1993 3476 2065 χωρὶς
3506 1991 3743 2064 πράξεως,
3763 1989 3824 2059 οὐχ

2321 2092 2569 2164 εὑρίσκει
2601 2090 2786 2154 αὑτὸν,
2823 2089 2908 2142 ὃτι
2954 2088 3058 2141 οὐκ
3102 2089 3162 2140 ὲν
3224 2086 3380 2157 φόϐῳ
3412 2084 3608 2154 Κυρίου
3647 2083 3723 2135 τὸν
3748 2081 3824 2134 Κύ-

2324 2201 2439 2256 ριον
2469 2181 2789 2254 ὲξεζήτησε.
2839 2181 2950 2236 Καὶ
3006 2179 3333 2235 εῠώδωσεν
3365 2175 3524 2242 αὺτῷ
3570 2178 3602 2230 ό
3638 2175 3820 2243 Κύριοςο

2323 2277 2486 2331 παντὶ
2519 2276 2629 2346 γὰρ
2683 2275 2766 2346 τῷ
2819 2274 2962 2346 μετά
2997 2273 3263 2340 γνώσεως
3319 2271 3620 2343 πράττοντι.
3658 2265 3822 2320 εὔοδοἰὸ

2321 2369 2549 2442 Κύριος,
2581 2368 2707 2434 τούς
2733 2385 2790 2422 τε
2817 2369 2925 2422 τῶν
2951 2365 3181 2430 ἐντολῶν
3220 2364 3490 2418 διδάσκων
3509 2361 3728 2434 τρόπους,
3759 2357 3821 2411 καὶ

2319 2467 2448 2528 τοὺς
2471 2464 2581 2517 τῶν
2612 2462 2782 2516 ὄντων
2809 2460 3031 2531 ἀληθεῖς
3059 2458 3262 2527 λόγους
3287 2453 3682 2511 ἀποκαλύπτων.

2394 2555 2494 2626 55‘.”-
2532 2557 2591 2610 Ὅ
2619 2555 2748 2628 περὶ
2798 2553 3053 2623 θεότητος
3088 2550 3306 2620 ὑψηλὸς
3343 2549 3517 2617 λόγος,
3547 2544 3720 2616 πύργος
3741 2536 3820 2590 ἐστὶ

2321 2651 2465 2704 κατά
2488 2647 2688 2720 ψυχὴν,
2721 2649 2843 2709 ταῖς
2872 2646 2982 2700 τῶν
3011 2644 3252 2699 ἐντολῶν
3280 2641 3573 2714 ἐνεργείαις
3604 2631 3823 2706 ὠχυρωμέ-

2319 2756 2430 2801 νος.
2465 2737 2580 2792 Καὶ
2627 2736 2784 2790 τοῦτό
2830 2737 2978 2790 ἐστιν
3024 2736 3054 2791 ὅ
3105 2751 3303 2806 φησιν,
3352 2733 3434 2787 ὅτι
3499 2726 3821 2824 ’ῼιιοδόμηοεν

2333 2828 2522 2894 Ὄζῖας
2564 2829 2836 2897 πύργους
2880 2827 2950 2880 ἐν
2986 2825 3406 2894 Ἰερουσαλήμ.
3461 2823 3516 2875 ὀ
3556 2821 3650 2890 γὰρ

2320 2919 2678 2990 εὐοδούμενος
2715 2921 2808 2973 ἐπὶ
2861 2920 2964 2988 τὴν
3022 2919 3111 2972 διὰ
3174 2917 3412 2988 θεωρίας
3467 2912 3715 2983 ἑκζήτησιν
3749 2920 3815 2957 του

2319 3011 2552 3084 Κυρίου,
2590 3010 2732 3083 μετὰ
2776 3009 2872 3064 τοῦ
2921 3009 3190 3081 ὲπιόεόλη
3202 3009 3366 3079 μένου
3421 3005 3594 3076 φόϐου,
3635 2997 3814 3054 τουτέστι

2320 3103 2421 3174 τῆς
2455 3102 2567 3158 τῶν
2619 3103 2851 3157 ἐντολῶν
2889 3102 3168 3173 πράξεως,
3221 3100 3494 3170 οἰκοδομεί
3545 3095 3742 3164 πύργους
3773 3089 3813 3140 ὲν

2333 3194 2714 3266 Ἰερουσαλὴμ,
2740 3194 2882 3248 κατὰ
2906 3193 3004 3265 τὴν
3035 3193 3223 3263 ἁπλῆν
3252 3190 3449 3264 δηλαδὴ
3493 3191 3578 3241 καὶ
3609 3178 3812 3278 ἠρεμαίον

2317 3289 2421 3356 τῆς
2449 3286 2633 3357 ψυχῆς
2679 3286 3040 3350 κατάστασιν,
3080 3285 3214 3350 τοὺς
3242 3283 3374 3356 περὶ
3399 3279 3628 3348 θεότητος
3647 3268 3808 3339 ἀνυψῶν

2317 3376 2533 3441 λόγους.
3101 3383 3104 3386 ’

2382 3395 2574 3534 ἒὲἰίςὸί
2599 3466 2707 3522 τῶν
2752 3467 2846 3521 ἐπὶ
2893 3468 3098 3538 μέρους
3122 3467 3300 3536 λόγοι,
3329 3467 3437 3530 τοῖς
3467 3459 3669 3526 ,καθόλου
3690 3465 3813 3524 προσ·

2316 3559 2648 3632 Χωροῦντες,
2684 3560 2788 3623 τὰς
2813 3559 2924 3614 τῶν
2953 3561 3307 3634 διῃρημένων
3353 3557 3558 3618 ὲνώσεις
3580 3547 3806 3603 ποιοῦντας

2316 3653 2452 3708 διότι
2484 3653 2595 3707 τῶν
2645 3653 3034 3726 μερικωτέρων
3093 3653 3345 3716 ὲνοειδῶς
3388 3653 3436 3705 οί
3475 3638 3807 3726 καθολικώτεροι

2315 3746 2444 3810 τοὺς
2475 3745 2668 3816 λόγους
2709 3725 3207 3816 περιλαμϐάνουσι,
3236 3744 3373 3816 πρὸς
3399 3740 3488 3831 οῦς
3523 3731 3720 3831 φυσικῦς

2317 3813 2599 3906 ἀναφοράν
2633 3833 2748 3905 ἔχει
2795 3835 2864 3889 τὰ
2907 3813 3049 3888 κατὰ
3086 3813 3468 3904 μέροςίἈλλὰ
3504 3826 3588 3881 καὶ
3611 3820 3683 3875 νοῦ

2316 3904 2596 3997 αἴσθησιν,
2626 3904 2723 3980 καὶ
2747 3926 2806 3979 οὐ
2819 3926 2982 3998 ρανοῦ
3012 3926 3151 3997 πρὸς
3186 3925 3310 3994 γῆν,
3343 3922 3432 3977 καὶ
3455 3912 3688 4010 αἰσθητῶν

2316 4018 2503 4089 νοητὰ,
2537 4015 2633 4070 καὶ
2663 4015 2880 4086 φύσεως
2911 4015 3047 4087 πρὸς
3086 4014 3269 4085 λόγον,
3297 4013 3420 4107 ἐστιΔ
3439 4005 3632 4107 signia}
3657 4005 3803 4107 τξὺξίξῖ

2318 4087 2570 4179 σχετικδς
2595 4109 2653 4161 ὲν
2684 4107 2958 4180 πνεύματι
3000 4107 3181 4177 λόγος.
3208 4106 3309 4178 τὴν
3333 4101 3460 4174 πρὸς
3489 4093 3660 4168 ἄλληλα
3679 4087 3799 4143 διδοὺς

2317 4200 2504 4263 αὐτοῖς
2527 4198 2744 4253 ἕνωσιν.

2389 4374 2485 4442 ξεθ.
2542 4374 2604 4429 '0
2637 4373 2748 4427 τῶν
2785 4371 2977 4426 παθῶν
3007 4369 3256 4443 δυνηθεὶς
3280 4365 3534 4439 ὲξηλῶσαι
3559 4358 3641 4421 τὰς
3664 4349 3798 4443 uiuit}-

624 4458 805 4524 lieuit,
843 4461 1204 4532 animumque
1250 4479 1282 4518 a
1324 4480 1589 4522 sensuum
1641 4468 1876 4525 libidine
1925 4471 2211 4542 abjunxit;

2321 4441 2588 4542 σειςηκαὶ
2636 4466 2736 4536 τῆς
2786 4465 2896 4518 τῶν
2947 4441 3253 4534 αἰσθήσεων
3296 4461 3519 4533 σχέσεως
3556 4453 3638 4523 τὴν
3673 4441 3796 4542 ψυχὴν

623 4568 788 4622 quem
833 4553 940 4608 sibi
985 4553 1042 4608 in
1079 4569 1325 4612 mentem
1371 4558 1630 4616 diabolus
1677 4561 2008 4619 intermedio
2045 4581 2212 4622 sensu

623 4642 836 4697 aditum
878 4653 1283 4715 perstruxerat,
1327 4648 1621 4705 obstruere
1667 4652 1862 4708 valuit.
1899 4653 2116 4710 idcirco
2156 4656 2214 4712 in

623 4735 847 4790 deserto
893 4735 1174 4808 (naturali
1209 4739 1421 4795 scilicet
1451 4742 1865 4812 speculatione)
1908 4746 2081 4802 veluti
2123 4749 2218 4804 lir-

625 4839 745 4878 mas
777 4832 960 4880 turres
995 4841 1062 4881 ac
1087 4835 1258 4891 tutas,
1293 4828 1413 4897 pias
1441 4829 1509 4884 de
1545 4831 1714 4886 rebus
1755 4833 2050 4902 opiniones
2081 4837 2216 4892 aedi-

623 4915 809 4971 ticavit
839 4935 852 4971 :
879 4918 948 4973 ad
985 4935 1122 4989 quas
1153 4922 1252 4992 qui
1298 4922 1569 4994 confugit,
1604 4940 1718 4980 non
1758 4941 1857 4982 eos
1898 4927 2079 4995 timet,
2116 4931 2214 5000 qui

621 5009 679 5063 in
735 5010 842 5065 hoc
889 5012 1113 5068 deserto
1165 5012 1390 5086 (natura
1445 5017 1663 5074 scilicet
1713 5021 1892 5077 oculis
1940 5021 2212 5096 subjecta)

624 5101 915 5178 latrocinia
962 5115 1226 5162 exercent
1270 5108 1348 5180 (id
1379 5119 1485 5176 est,
1515 5111 1818 5184 daemones)
1845 5115 2053 5185 quique
2087 5131 2216 5170 sen-

623 5209 784 5250 suum
827 5211 994 5268 opera
1047 5209 1289 5257 mentem
1334 5203 1629 5271 seducunt,
1669 5217 1725 5262 et
1774 5207 1840 5262 ad
1888 5207 2214 5279 ignorantiae

615 5288 917 5359 caliginem
956 5294 1313 5361 pertrahunt.
1346 5296 1452 5364 Qui
1495 5298 1647 5354 enim
1681 5299 1916 5371 singulis
1951 5301 2008 5356 in
2046 5302 2214 5359 rebus

626 5382 715 5448 pie
752 5381 1016 5452 opinatur
1066 5400 1132 5442 ac
1181 5388 1371 5456 sentit,
1416 5390 1748 5448 seducentes
1790 5383 2072 5453 daemones
2109 5412 2210 5468 per

623 5487 686 5528 ea
717 5487 839 5544 qua:
864 5476 1044 5534 oculis
1071 5477 1372 5547 cernimus,
1403 5495 1516 5538 non
1551 5483 1770 5539 metuit.

677 5731 742 5766 ὀδ
774 5735 816 5790 ﬂ
851 5737 970 5796 Psal
1024 5757 1171 5805 nn,
1193 5742 1242 5794 ες.
1323 5744 1367 5775 ⁸³
1396 5741 1534 5797 ibid.
1613 5743 1657 5774 "
1687 5745 1822 5802 ibid.
1855 5748 1906 5802 9.

2321 4530 2757 4619 ἀποδῖαστείλας,
2799 4556 3126 4626 κατίσχυσεν
3166 4551 3495 4621 ἀποτειχίσαι
3520 4544 3605 4613 τὴν
3635 4530 3796 4638 γενομέ-

2322 4665 2422 4718 νην
2455 4647 2552 4701 τοῦ
2580 4645 2856 4701 διαϐόλου
2889 4620 3028 4718 πρδς
3067 4646 3158 4700 τὸν
3191 4643 3310 4699 νοῦν
3338 4620 3420 4695 διὰ
3456 4637 3613 4710 μέσων
3635 4628 3716 4681 τῶν
3736 4620 3793 4674 al-

2324 4741 2570 4812 σθήσεων
2606 4739 2832 4793 εἴσοδονο
2869 4741 2966 4791 καὶ
3003 4738 3094 4793 διὰ
3139 4737 3294 4791 τοῦτο
3327 4731 3460 4788 κατᾶ
3502 4728 3588 4798 τὴν
3631 4721 3790 4791 ἐρημίην

2326 4833 2471 4905 φημὶ
2493 4833 2550 4886 δὲ
2580 4833 2680 4904 τὴν
2706 4833 2949 4904 φυσικὴν
2976 4831 3232 4903 θεωρίαν,
3261 4826 3417 4922 oiovsi
3445 4823 3653 4922 πύξγους

2322 4902 2458 4990 λείς,
2485 4924 2586 4988 τὰς
2616 4902 2864 4989 εὐσεϐεῖς
2892 4902 3024 4996 περὶ
3055 4902 3162 4978 τῶν
3187 4923 3348 4976 ὄντων
3380 4914 3652 4988 ᾠκοδόμησε
3666 4902 3772 4996 ξόξῆς

2322 5019 2380 5071 ἐν
2419 5012 2508 5080 αἷς
2539 5017 2568 5071 ὁ
2607 5014 3008 5086 καταφεύγων,
3057 5017 3118 5069 οὐ
3159 5013 3392 5083 φοϐεῖται
3422 5006 3535 5067 τοὺς
3582 4994 3693 5086 κατέ
3721 4987 3785 5054 τὴν

2319 5109 2528 5180 ἔρημον
2551 5083 2786 5180 ταύτην·
2828 5083 2973 5177 λέγω
3001 5108 3074 5162 δὲ·
3110 5107 3206 5178 τὴν
3252 5103 3405 5173 φύσιν
3433 5097 3528 5152 τῶν
3553 5083 3780 5188 ὁρω

2319 5201 2681 5274 λῃστεύοντας
2725 5201 2989 5274 δαίμονας
3010 5243 3025 5267 ν
3071 5200 3166 5254 καὶ
3194 5195 3489 5255 πλανῶντας
3515 5188 3590 5282 ib"
3615 5192 3705 5233 ww
3722 5170 3780 5282 ᾖα

2319 5297 2421 5366 τῆς
2463 5295 2792 5366 αἰσθήσεως,
2827 5294 2921 5348 καὶ
2955 5294 3091 5365 πρὸς
3129 5292 3342 5362 ἀγνοίας
3372 5277 3778 5366 κατασύροντας

2319 5404 2442 5456 φον.
2490 5386 2549 5440 '0
2571 5386 2682 5458 γὰρ
2716 5387 2816 5458 τὴν
2847 5387 3050 5456 εὐσεσῆ
3092 5385 3217 5455 περὶ
3243 5383 3459 5435 ἕκαστον
3483 5371 3614 5434 δόξαν
3632 5367 3778 5458 γτηςαθ

2321 5455 2508 5548 μενος,
2535 5479 2596 5532 οὺ
2621 5455 2828 5533 δέδοικε
2869 5478 2998 5542 τοὺς
3030 5455 3116 5532 διὰ
3139 5474 3244 5529 τῶν
3273 5463 3574 5544 φαινομένων
3600 5455 3775 5506 alarm”

2317 5593 2417 5638 τας
2447 5576 2574 5639 τοὺς
2606 5575 2931 5648 ἀνθρώπους
2962 5573 3237 5646 δαίμονας.
