4094 6204
38 2015 85 2025 μισ-

55 2466 85 2481 η

38 2660 73 2698 ις
88 2680 91 2681 ,

244 297 266 363 ί
281 299 391 362 245

933 298 1274 360 CAPITUM
1313 298 1741 373 QUINQUIES
1779 299 2303 371 CENTENORUM
2341 310 2736 374 CENTURIA
2771 309 2852 371 II.

3399 308 3535 373 1246

321 411 429 481 ξς’.
476 413 591 477 Πᾶς
620 411 744 477 νοῦς
786 412 941 483 ίσχῦν
971 412 1110 483 πρὸς
1144 412 1381 485 θεωρίαν
1422 413 1586 484 ἔχων,
1623 414 1830 485 ἀληθής

2004 420 2092 475 66.
2131 423 2298 480 Mens
2349 428 2533 481 omnis
2563 425 2618 480 vi
2669 425 2737 480 ad
2790 423 3232 493 speculationem
3287 425 3537 495 pollens,

245 508 367 561 ἐστι
402 506 687 578 γεωργὸς,
740 504 962 575 καθαρά
1025 503 1284 569 ζιζανίων
1345 505 1433 559 διὰ
1478 508 1580 576 τῆς
1630 504 1842 568 οἰκείας

241 598 493 667 σπουδῆς
522 598 616 652 καὶ⁵
646 596 970 667 ἐπιμελείας
996 597 1065 650 τά
1094 596 1216 650 θεῖα
1248 596 1357 651 τῶν
1391 596 1613 665 ἀγαθῶν
1645 596 1842 665 διαφυ-

238 687 460 744 λάττων
496 689 825 760 σπέρματα,
881 689 1077 759 μέχρις
1135 679 1199 739 οὗ
1257 684 1632 756 συντηροῦσαν
1679 685 1844 739 αὐτὸν

239 780 347 851 ἔχῃ
382 780 482 849 τὴν
521 779 618 833 τοῦ
650 779 787 832 Θεοῦ
830 780 1073 849 μνήμην.
1122 779 1264 849 Φησί
1293 778 1437 849 γάρ’
1476 778 1588 831 Καὶ
1618 774 1697 849 ἦν
1741 779 1845 833 ἐκ·

239 869 439 941 ζητῶν
473 872 581 926 τὸν
623 873 847 941 Κύριον
886 872 958 926 ἐν
985 870 1110 937 ταῖς
1164 870 1415 941 ήμέραις
1445 872 1746 942 Ζαχαρίου
1776 872 1845 927 ἐν

238 967 413 1034 φόϐῳ
452 965 699 1033 Κυρίου.
736 964 1016 1036 Ζαχαρίαν
1057 963 1149 1027 δὲ,
1192 962 1444 1032 μνήμην
1508 950 1657 1018 Θεοῦ
1708 963 1845 1033 πρὸς

237 1058 352 1126 τὴν
396 1057 625 1111 Ἐλλάδα
677 1057 862 1127 φωνὴν
918 1054 1364 1126 μεταφερόμενον
1418 1051 1559 1109 οἶδεν
1604 1057 1633 1109 6
1665 1054 1841 1125 λόγος.

240 1151 346 1203 Διὸ
372 1150 606 1204 πάντοτε
624 1148 908 1219 δεηθῶμεν
931 1146 1033 1202 τοῦ
1057 1148 1287 1220 Κυρίου,
1317 1148 1418 1218 τὴν
1444 1148 1715 1220 σωτήριον
1742 1148 1845 1202 αὐ-

240 1240 347 1294 τοῦ
381 1240 723 1311 φυλαχθῆναι
744 1241 878 1310 ἡμῖν
922 1239 1168 1310 μνήμην,
1195 1239 1285 1292 ἵνα
1317 1237 1393 1309 μὴ
1434 1238 1529 1292 καὶ
1572 1238 1704 1293 αὐτὸ
1732 1238 1848 1293 δια-

245 1332 457 1403 φθείρῃ
502 1332 605 1402 τὴν
651 1330 832 1401 ψυχὴν
876 1330 940 1383 τὸ
1000 1328 1466 1401 κατορθούμενον,
1518 1332 1653 1402 πρὸς
1712 1330 1848 1402 ὕψος

244 1421 538 1491 ἀρθεῖσαν,
574 1420 670 1475 καὶ
717 1418 827 1471 τῶν
862 1417 1006 1490 ὑπὲρ
1036 1416 1223 1487 φύσιν,
1254 1415 1331 1480 ὡς
1372 1418 1401 1471 6
1446 1417 1648 1483 Ὀζίας,
1675 1434 1846 1472 κατα-

246 1513 627 1584 τολμήσασαν.

329 1603 427 1669 EC’.
487 1607 508 1625 ⁹
572 1603 638 1656 Ἦ
691 1602 802 1655 τῶν
856 1601 1029 1656 ὄντων
1085 1599 1335 1671 ἀπλανὴς
1378 1597 1620 1672 Θεωρία,
1657 1598 1848 1653 παθῶν

248 1693 691 1766 ἀπηλλαγμένης
742 1694 915 1747 δεῖται
960 1692 1159 1764 ψυχῆςο
1213 1693 1338 1763 ἥτις
1377 1690 1737 1764 Ἰερουσαλὴμ
1768 1690 1849 1744 λέ-

247 1806 437 1857 γεται,
466 1788 555 1841 διά
584 1803 645 1839 τε
674 1784 774 1856 τὴν
806 1787 995 1857 ἄρτιον
1025 1785 1227 1857 ἀρετὴν
1261 1784 1357 1840 καὶ
1383 1784 1483 1856 τὴν
1517 1785 1679 1840 ἀῦλον
1705 1784 1848 1854 γνῶ-

252 1896 364 1935 σιν·
397 1880 521 1951 ἥτις
553 1879 614 1932 οὐ
650 1880 811 1949 μόνον
856 1878 1000 1931 κατὰ
1047 1876 1306 1950 στέρησιν
1338 1875 1548 1942 παθῶν,
1581 1875 1719 1931 ἀλλά
1754 1876 1849 1930 καὶ

254 1972 580 2044 φαντασιῶν
604 1971 880 2042 αἰσθητῶν
911 1971 1243 2039 ἐπιγίνεται.

332 2243 435 2315 ξηί.
462 2243 649 2314 Χωρίς
672 2242 910 2305 πίστεως
949 2239 1044 2295 καὶ
1082 2237 1296 2301 ἐλπίδος
1348 2237 1444 2291 καὶ
1485 2236 1733 2307 ἀγάπης,
1758 2236 1850 2289 οὐ·

256 2339 350 2392 δὲν
387 2336 512 2390 οὗτε
564 2336 675 2390 τῶν
723 2334 913 2389 κακῶν
964 2334 1329 2402 καταργεῖται
1376 2328 1679 2393 παντελῶς,
1725 2325 1850 2380 οὔτε

254 2431 371 2483 τῶν
403 2427 586 2483 καλῶν
628 2425 993 2497 κατορθοῦται
1024 2422 1330 2477 τοσύνολον.
1376 2421 1442 2475 Ἦ
1482 2420 1580 2493 μὲν
1618 2420 1728 2490 γάρ
1757 2420 1851 2472 πί-

261 2537 401 2587 στις,
436 2518 617 2572 πείθει
646 2516 725 2588 τῷ
755 2514 876 2586 Θεῷ
910 2516 1256 2585 προσχωρεῖν
1284 2512 1376 2565 τὸν
1425 2511 1551 2565 νοῦν
1581 2509 1852 2581 πολεμού-

263 2628 448 2682 μενον,
502 2610 685 2681 πάσης
737 2607 888 2678 αὐτῷ
941 2605 1201 2676 γινομένη
1265 2603 1619 2676 παρασκευῆς
1670 2601 1852 2656 ὃπλων

261 2702 654 2774 πνευματικῶν
688 2701 828 2774 πρὸς
879 2699 942 2753 τὸ
1001 2699 1227 2771 θαρρεῖν
1275 2695 1651 2768 παραμύθιον.
1696 2695 1762 2748 Ἡ
1791 2694 1851 2748 δὲ

260 2797 439 2861 ἐλπὶς,
478 2796 580 2865 τῆς
610 2793 758 2856 θείας
801 2790 950 2863 αὐτῷ
995 2792 1323 2845 καθίσταται
1360 2789 1614 2860 βοηθείας
1648 2789 1852 2858 ἐγγυη-

258 2890 363 2960 τὴς
422 2888 857 2959 ἀψευδέστατος,
909 2885 1009 2954 τὴν
1055 2883 1164 2936 τῶν
1220 2882 1480 2937 ἐναντίων
1530 2879 1852 2951 καθαίρεσιν

263 2980 712 3052 ἐπαγγελλομένη
752 2978 1059 3049 δυνάμεων.
1127 2976 1191 3029 Ἠ
1232 2975 1292 3028 δὲ
1339 2974 1553 3045 ἀγάπη,
1579 2974 1853 3043 δυσμετα-

1944 526 2113 568 verus
2146 516 2388 585 agricola
2422 524 2528 581 est,
2568 514 2778 570 munda
2821 529 3049 568 servans
3082 530 3113 569 a
3160 515 3411 578 zizaniis,
3455 514 3541 570 di-

1946 602 2175 674 ligentia
2225 623 2329 662 sua
2379 619 2436 664 et
2484 624 2656 673 cura,
2715 607 2902 662 divina
2960 606 3236 662 bonorum
3286 608 3534 674 semina,

1949 697 2198 766 quandiu
2224 700 2320 755 Dei
2358 702 2709 763 memoriam,
2732 702 2857 772 ejus
2894 702 3210 757 munimine
3254 710 3373 758 tuta
3395 745 3409 769 ,
3437 704 3539 758 ha-

1947 788 2156 846 buerit.
2191 792 2284 846 Ait
2322 793 2470 848 enim
2511 812 2525 847 :
2563 794 2632 848 Et
2673 803 2790 847 erat
2824 795 3105 865 exquirens
3147 794 3435 851 Dominum
3481 799 3537 851 in

1946 881 2128 937 diebus
2166 883 2466 952 Zacliariar,
2512 886 2567 938 in
2623 887 2811 939 timore
2858 885 3073 941 Domini
3117 887 3183 941 ⁸⁷.
3228 888 3402 943 Porro
3437 889 3541 944 Za-

1947 977 2219 1043 chariam,
2247 978 2293 1033 si
2319 980 2506 1049 lingua
2532 988 2725 1034 nostra
2752 980 3073 1043 reddamus,
3096 979 3195 1035 Dei
3227 984 3539 1037 memoriam

1948 1081 2147 1123 sonare
2194 1083 2306 1122 non
2339 1070 2645 1125 nescimus.
2681 1071 2951 1136 Quocirca
2988 1071 3285 1127 Dominum
3320 1088 3541 1144 semper
3600 1114 3601 1117 η

1948 1174 2193 1223 oremus,
2240 1169 2300 1216 ut
2348 1163 2613 1218 salutaris
2642 1164 2763 1234 ejus
2801 1163 3070 1218 memoria
3115 1165 3279 1219 nobis
3318 1182 3543 1221 conser-

1946 1260 2132 1319 vetur,
2167 1269 2236 1309 ne
2268 1253 2449 1325 ipsum
2483 1254 2590 1309 hoc
2621 1254 2771 1325 quod
2803 1265 2957 1312 recte
2991 1272 3173 1327 exque
3203 1258 3413 1315 virtute
3448 1276 3540 1330 ge-

1948 1342 2114 1408 ritur,
2161 1345 2448 1400 interitum
2503 1346 2701 1401 animae
2752 1348 2969 1417 pariat,
3016 1348 3149 1404 dum
3202 1349 3258 1404 in
3302 1352 3541 1407 sublime

1948 1435 2205 1507 erigitur,
2263 1453 2329 1493 ac
2377 1440 2531 1495 velut
2576 1438 2764 1504 Ozias,
2819 1450 3027 1496 temere
3080 1443 3369 1513 praesumit
3415 1459 3540 1514 quae

1949 1538 2162 1584 naturae
2190 1531 2509 1587 facultatem
2547 1533 2825 1588 excedunt
2858 1532 2927 1588 ⁸⁸.

2022 1620 2110 1675 67.
2143 1620 2309 1676 Certa
2370 1638 2673 1692 erroreque
2740 1638 2940 1678 vacans
2986 1625 3295 1695 speculatio
3340 1625 3542 1683 immu-

1883 1758 1923 1813 Β
1951 1732 2080 1771 nem
2111 1716 2181 1771 ab
2211 1716 2505 1772 all‘cetibus
2537 1724 2706 1786 atque
2738 1716 2893 1771 vitiis
2930 1718 3095 1788 exigit
3134 1719 3418 1785 animum;
3446 1720 3540 1778 Je-

1952 1807 2192 1861 rusalem
2242 1807 2457 1863 scilicet
2510 1816 2929 1877 nuncupatum,
2977 1816 3094 1862 tum
3146 1817 3375 1878 prepter
3414 1824 3543 1879 per-

1951 1895 2149 1953 fectam
2186 1896 2349 1967 550
2378 1897 2665 1964 virtutem,
2706 1905 2822 1951 tum
2854 1906 3084 1968 propter
3118 1899 3543 1956 immaterialem

1950 1989 2201 2059 nihilque
2224 1997 2506 2044 terrenum
2527 1988 2819 2044 habentem
2844 1988 3133 2044 scientiam
3157 2007 3172 2056 ;
3198 2007 3320 2061 qua:
3343 2007 3544 2062 nempe

1951 2080 2158 2136 nedum
2216 2081 2520 2136 eliminatis
2571 2081 2869 2136 affectibus
2917 2090 3084 2152 atque
3132 2082 3308 2149 vitiis,
3344 2084 3441 2139 sed
3487 2092 3545 2139 et

1952 2187 2141 2227 rerum
2192 2172 2482 2251 sensilium
2526 2172 2984 2242 cogitationibus,
3020 2174 3268 2243 proclive
3306 2173 3541 2229 accedit.

2022 2265 2110 2321 68.
2152 2264 2376 2319 Nullum
2407 2265 2636 2318 omnino
2661 2264 2873 2334 absque
2908 2264 3037 2328 ﬁde,
3060 2279 3157 2334 spe
3185 2272 3243 2319 et
3269 2264 3542 2320 charitate

1950 2358 2214 2413 vitiorum
2259 2356 2606 2423 dcstruitur,
2652 2357 2732 2411 uti
2777 2371 2959 2426 neque
3003 2372 3235 2427 prorsus
3265 2356 3542 2410 virtutum

1953 2451 2066 2505 ulla
2107 2456 2422 2521 praestatur.
2460 2449 2626 2505 Fides
2653 2450 2828 2514 enim,
2859 2449 2992 2504 dum
3031 2447 3393 2519 impugnatur
3423 2447 3547 2502 ani—

1952 2559 2099 2609 mus,
2128 2550 2324 2597 auctor
2344 2550 2430 2597 est
2453 2541 2811 2614 confugiendi
2842 2541 2912 2596 ad
2936 2542 3135 2607 Deum,
3163 2540 3331 2610 eique
3360 2540 3544 2594 omnis

1951 2634 2289 2706 Spiritalium
2346 2650 2632 2689 armorum
2687 2641 3027 2704 apparatus,
3079 2631 3288 2701 quibus
3342 2629 3544 2685 ﬁducia

1952 2735 2206 2797 paretur,
2250 2724 2489 2781 efﬁcitur
2516 2726 2799 2780 solatium.
2842 2723 2981 2794 Spes
3008 2730 3195 2777 autem
3220 2721 3463 2776 divinam
3491 2720 3543 2773 ei

1951 2817 2243 2873 verissime
2274 2816 2608 2889 oppignerat
2657 2832 2844 2886 opem,
2881 2814 3147 2871 delendas
3198 2811 3546 2868 adversarias

1952 2915 2259 2978 potestates
2341 2908 2572 2963 omnino
2632 2908 2927 2978 pollicens.
2992 2906 3250 2962 Charitas
3302 2904 3545 2974 denique

1953 3016 2097 3073 aegre
2133 3000 2392 3055 mobilem
2435 2999 2592 3071 (quin
2632 3008 2689 3055 et
2727 3013 2957 3069 prorsus
2994 2995 3363 3067 immobilem)
3402 3011 3545 3075 prae-

265 3078 508 3147 κίνητον,
552 3075 756 3146 μᾶλλον
810 3073 888 3137 δὲ,
940 3072 1180 3142 πάμπαν
1228 3068 1520 3139 ἀκίνητον,
1557 3066 1660 3137 τῆς
1698 3064 1851 3130 θείας

1955 3102 2084 3157 stat,
2116 3091 2293 3147 divini
2328 3091 2594 3148 illecebra
2635 3090 2863 3157 amoris,
2916 3100 3035 3145 tum
3070 3089 3238 3144 etiam
3278 3104 3406 3144 cum
3444 3087 3549 3140 im-

268 3171 509 3243 στοργῆς
539 3168 703 3222 αὑτὸν
737 3162 878 3220 εἶναι
928 3160 1348 3238 παρασκευάζει
1373 3160 1468 3215 καὶ
1499 3156 1852 3230 πολεμούμε-

266 3281 380 3329 νον,
423 3259 775 3332 προσηλοῦσα
828 3256 906 3329 τῷ
964 3255 1093 3327 θείῳ
1136 3253 1288 3325 πόθῳ
1329 3253 1512 3308 πᾶσαν
1563 3250 1730 3306 αὐτοῦ
1755 3250 1857 3323 τὴν

265 3357 368 3424 τῆς
395 3353 638 3423 ἐφέσεως
674 3350 928 3421 δύναμιν.
1347 3399 1353 3404 .

341 3446 442 3513 ξθ⁹.
492 3445 557 3498 Ἦ
600 3445 787 3506 πίστις
827 3442 1240 3514 παραμυθεῖται
1290 3439 1385 3494 τδν
1418 3436 1546 3493 νοῦν
1587 3435 1857 3507 πολεμού-

274 3559 455 3615 μενον,
491 3542 748 3613 βοηθείας
791 3539 969 3593 ἐλπίδι
1002 3537 1366 3609 ῥωννύμενον·
1408 3537 1442 3606 ἡ
1485 3535 1543 3588 δὲ
1574 3534 1727 3597 ἐλπὶς
1763 3532 1856 3585 ὑπ’

270 3634 392 3705 ὄψιν
433 3634 643 3702 ἄγουσα
681 3632 780 3703 τὴν
819 3631 1207 3685 πιστευθεῖσαν
1243 3627 1520 3700 βοήθειαν,
1547 3622 1857 3695 ἀποκρούε-

269 3743 360 3780 ται
392 3727 490 3797 τὴν
522 3725 628 3779 τῶν
655 3724 1053 3794 ἀντικειμένων
1095 3720 1465 3792 καταδρομήν”
1494 3718 1527 3786 ἡ
1551 3716 1610 3770 δὲ
1640 3715 1853 3785 ἀγάπη,

270 3819 470 3891 νεκρὰν
493 3818 787 3888 καθίστησι
822 3815 901 3887 τῷ
933 3813 1167 3884 φιλοθέῳ
1201 3810 1278 3883 νῷ
1310 3811 1420 3865 τῶν
1455 3807 1731 3879 πολεμίων
1759 3804 1857 3877 τὴν

271 3909 602 3982 προσϐολὴν,
649 3912 716 3982 τῇ
751 3908 888 3983 πρὸς
928 3907 1062 3960 Θεὸν
1116 3904 1304 3974 ἐφέσει
1345 3901 1628 3964 παντελῶς
1673 3899 1857 3969 ἀμαυ·-

275 4021 366 4073 ρου
376 4002 565 4073 μένην.

339 4101 401 4149 o’.
449 4094 611 4156 θείας
649 4092 818 4153 ὅντως
852 4088 1087 4159 μερίδος,
1120 4086 1287 4155 ἡγουν
1314 4082 1569 4153 γνώσεως
1597 4080 1854 4153 ἀληθοῦς,

273 4184 406 4249 υἱὸς,
446 4183 665 4253 πρῶτός
703 4198 762 4234 τε
787 4180 882 4233 καὶ
916 4178 1095 4248 μόνος,
1120 4178 1148 4229 6
1174 4175 1314 4229 κατά
1334 4176 1433 4246 τὴν
1460 4174 1643 4228 πίστιν
1675 4175 1773 4246 τῆς
1800 4176 1857 4228 ἐν

270 4278 403 4346 ἡμῖν
448 4273 599 4337 θείας
634 4269 987 4333 ἀναστάσεως
1025 4270 1143 4322 ἐστι
1185 4267 1373 4337 λόγος,
1415 4269 1554 4339 μετὰ
1577 4269 1677 4339 τῆς
1706 4264 1856 4321 δεού-

274 4386 374 4437 σης
410 4366 554 4422 κατὰ
582 4366 685 4437 τὴν
710 4362 938 4434 γνώμην
957 4362 1295 4432 οἰκονομίας,
1319 4360 1487 4433 ἤγουν
1506 4361 1853 4433 διακρίσεως,

1955 3195 2255 3256 pugnatur,
2282 3184 2528 3257 ejusvim
2564 3199 2787 3240 omnem
2820 3182 3144 3255 cupiditatis
3177 3182 3371 3237 divino
3397 3179 3548 3236 desi-

1956 3275 2116 3332 derio
2142 3275 2387 3348 aﬂigens.

2028 3460 2116 3515 69.
2154 3459 2341 3523 Fides,
2380 3458 2627 3513 animum
2655 3456 2752 3528 qui
2794 3456 3173 3529 impugnatur,
3206 3467 3422 3529 sperata
3452 3472 3547 3516 sa-

1955 3552 2071 3607 lule
2114 3552 2437 3607 roboratum
2483 3552 2718 3606 solatur.
2765 3550 2905 3621 Spes
2947 3559 3159 3615 autem,
3206 3551 3414 3622 ipsum,
3452 3552 3544 3607 cui

1957 3640 2205 3696 adhibita
2254 3640 2427 3704 ﬁdes,
2479 3640 2752 3695 auxilium
2797 3640 2903 3695 sub
2958 3648 3246 3712 aspectum
3298 3657 3543 3712 ponens,

1957 3733 2407 3788 adversariorum
2465 3732 2734 3788 insultum
2786 3732 3037 3803 depellit.
3085 3731 3343 3789 Charitas
3390 3732 3549 3787 deni—

1957 3840 2087 3896 que,
2129 3826 2387 3881 infestam
2436 3824 2685 3880 hostium
2726 3824 2906 3881 aciem
2960 3826 3193 3896 ejusque
3244 3824 3543 3895 impetum,

1958 3917 2238 3973 desiderio
2268 3918 2323 3974 in
2362 3919 2537 3974 Deum
2572 3933 2801 3988 prorsus
2830 3924 3176 3981 enervatum,
3210 3916 3305 3972 Dei
3344 3917 3545 3972 cultori

1957 4023 2022 4065 ac
2052 4007 2312 4080 religioso
2347 4009 2535 4065 animo
2567 4018 2883 4066 emortuum
2919 4010 3069 4064 facit.

2030 4101 2118 4156 70.
2157 4101 2378 4158 Primus
2420 4117 2614 4158 revera
2656 4103 2916 4173 solusque
2947 4101 3149 4156 divinae
3181 4100 3357 4172 partis
3383 4099 3550 4170 (vera:

1958 4192 2174 4249 scilicet
2219 4193 2486 4265 scientiae)
2530 4193 2698 4258 ﬁlius,
2739 4208 2921 4248 sermo
2951 4193 3079 4249 ﬁdei
3117 4200 3204 4248 est
3247 4191 3449 4247 divina:
3491 4192 3549 4246 in

1958 4286 2121 4342 nobis
2162 4286 2610 4352 resurrectionis,
2645 4301 2770 4341 eum
2801 4285 3019 4340 decenti
3054 4284 3221 4339 animi
3253 4299 3318 4339 ae
3350 4283 3548 4339 volun-
3586 4279 3595 4288 ’

1962 4378 2091 4434 tatis
2124 4377 2544 4448 dispensatione
2583 4377 2660 4451 (id
2701 4387 2805 4444 est,
2838 4377 3174 4433 discretione
3213 4391 3280 4431 ac
3315 4375 3547 4448 judicio)

271 4459 450 4523 καλῶς
473 4458 748 4529 διαφέρων
791 4456 889 4520 τάς
927 4472 987 4508 τε
1032 4454 1142 4508 τῶν
1170 4454 1436 4507 ἑκουσίων
1462 4453 1555 4507 καὶ
1585 4452 1851 4507 ἀκουσίων

1965 4471 2331 4525 tentationum
2366 4469 2607 4525 insultus
2635 4479 2862 4526 strenue
2894 4470 3158 4537 tolerans,
3191 4478 3307 4524 tum
3336 4484 3459 4539 qua:
3482 4483 3550 4524 ex

273 4551 595 4621 πειρασμῶν
626 4550 1040 4612 ἐπαναστάσεις.
1088 4548 1200 4601 Καὶ
1246 4546 1355 4618 γάρ
1394 4545 1587 4618 πρώτη
1637 4548 1695 4599 ἐν
1725 4547 1857 4616 ἡμῖν

270 4641 567 4705 ἀνάστασις
585 4639 679 4695 τοῦ
696 4639 784 4693 διά
796 4639 893 4709 τῆς
908 4637 1131 4707 ἀγνοίας
1150 4640 1280 4708 ἡμῖν
1307 4636 1675 4707 νεκρωθέντος
1694 4635 1853 4703 Θεοῦ,

269 4738 302 4807 ἡ
342 4734 678 4799 πίπιςέστί,
713 4733 892 4798 καλῶς
934 4734 1045 4797 τοῖς
1067 4732 1251 4803 ἔργοις
1266 4732 1376 4785 τῶν
1395 4730 1624 4784 ἐντολῶν
1653 4731 1855 4784 οἰκονο-

274 4844 375 4900 μου
385 4827 539 4900 μένη.

340 4925 441 4974 οαν.
503 4920 569 4973 Ἡ
602 4923 740 4991 πρὸς
773 4918 906 4973 Θεὸν
957 4918 1283 4989 ἐπιστροφὴ,
1331 4917 1517 4987 σαφῶς
1563 4917 1759 4988 μηνύει
1785 4917 1855 4971 δι’

271 5010 474 5081 ἑαυτῆς
502 5011 592 5064 τὸν
627 5010 1001 5081 πληρέστατον
1026 5010 1122 5080 τῆς
1154 5010 1303 5072 θείας
1333 5008 1545 5072 ἐλπίδος
1575 5008 1731 5076 λόγον

269 5096 331 5157 οὗ
355 5104 543 5174 χωρὶς,
574 5103 823 5173 οὐδαμῶς
852 5103 1026 5157 οὐδενὶ
1060 5103 1183 5157 καθ’
1205 5102 1384 5158 ὁτιοῦν
1408 5104 1544 5173 πρὸς
1571 5103 1703 5156 Θεὸν
1734 5102 1853 5156 ἐπί-

271 5213 456 5259 νευσις
515 5195 763 5264 γίνεσθαι
816 5196 1079 5262 πέφυκεν·
1140 5196 1295 5265 εἴπερ
1350 5194 1564 5258 ἐλπίδος
1608 5194 1759 5259 ἴδιον,
1798 5195 1859 5248 τὸ

272 5288 363 5342 ὑπ’
403 5287 526 5359 ὄψιν
558 5288 715 5356 ἄγειν
736 5287 811 5351 ὡς
840 5287 1087 5358 παρόντα
1114 5287 1182 5341 τὰ
1213 5288 1498 5359 μέλλοντα·
1539 5291 1631 5343 καὶ
1689 5292 1861 5363 μηδα-

343 5446 389 5478 "
418 5445 554 5501 ibid.
588 5445 640 5501 5.
717 5444 762 5477 ⁸⁸
789 5444 923 5499 ibid.
960 5444 1046 5499 16.

342 5565 359 5582 ⁹
390 5560 479 5617 Cf.
506 5560 575 5616 ad
605 5560 852 5615 Thalass.
881 5576 938 5630 ιι.
973 5560 1039 5615 49
1075 5575 1247 5630 usque
1270 5559 1337 5615 ad
1367 5574 1488 5630 cap.
1519 5560 1607 5615 85.

344 5676 411 5746 (ἰ)
438 5679 549 5730 Ἠν
576 5678 997 5743 πληρέστατον
1024 5678 1135 5744 τῆς
1164 5680 1327 5743 θείας
1363 5675 1611 5742 ἐλπίδος
1637 5678 1843 5745 λόγον.

276 5748 431 5802 Clara
457 5748 671 5803 Maximi
708 5750 1012 5815 sententia;
1050 5749 1253 5804 includi
1278 5748 1708 5805 inconvcrsione
1734 5764 1849 5803 mo-

1960 4562 2281 4628 voluntate,
2328 4569 2445 4617 tum
2495 4577 2616 4632 quae
2668 4562 2926 4618 violentae
2976 4570 3319 4632 externoque
3363 4570 3550 4617 actore

1957 4654 2257 4711 exsistunt.
2290 4655 2475 4710 Prima
2508 4670 2749 4726 namque
2780 4654 2876 4711 Dei
2907 4671 2939 4711 a
2967 4654 3132 4710 nobis
3158 4670 3260 4724 per
3290 4654 3550 4725 ignoran-

1956 4747 2087 4801 tiam
2118 4747 2376 4802 exstincti
2396 4786 2412 4812 ,
2438 4746 2806 4808 resurrectio,
2844 4744 2983 4801 ﬁdes
3013 4751 3129 4812 est,
3155 4759 3278 4816 quae
3293 4743 3549 4798 mandata

1958 4853 2123 4909 Opere
2154 4837 2466 4908 praestando
2498 4838 2606 4893 rite
2638 4837 2945 4908 digeratur.

2032 4927 2123 4981 71.
2159 4925 2463 4981 Conversio
2504 4924 2574 4980 ad
2620 4926 2828 4990 Deum,
2869 4923 2957 4979 sui
3004 4922 3122 4993 ipsa
3173 4922 3386 4978 ratione
3430 4921 3550 4993 ple-

1962 5018 2245 5073 nissimam
2293 5026 2481 5088 aperte
2530 5015 2733 5072 divinae
2786 5015 2903 5086 spei
2942 5015 3211 5071 rationem
3252 5013 3546 5085 signiﬁcat,

1962 5110 2081 5165 sine
2108 5124 2216 5179 qua
2248 5124 2533 5179 nunquam
2565 5107 2679 5174 ﬁat,
2709 5115 2770 5163 ut
2802 5107 2929 5179 quis
2968 5108 3078 5162 ulla
3116 5108 3329 5163 ratione
3363 5107 3550 5161 animo

1965 5201 2021 5256 in
2048 5202 2219 5256 Deum
2251 5200 2448 5257 tendat
2472 5200 2635 5271 eique
2667 5201 2955 5257 asscntiat.
2987 5200 3045 5255 ld
3077 5201 3227 5255 enim
3262 5200 3376 5269 spei
3422 5214 3547 5253 mu-

1964 5292 2116 5348 neris
2160 5300 2267 5357 est,
2306 5299 2367 5346 ut
2403 5307 2529 5362 quae
2568 5291 2758 5346 futura
2782 5300 2932 5357 sunt,
2967 5299 3225 5361 tanquam
3257 5288 3548 5362 praesentia

2328 5581 2363 5605 κ

1959 5687 2073 5750 tum
2097 5694 2228 5749 spe:
2267 5680 2415 5750 quod
2440 5690 2496 5735 et
2515 5681 2817 5737 declaravit
2842 5698 2999 5739 conc.
3037 5680 3194 5737 Trid.
3224 5681 3391 5737 Picus
3410 5682 3549 5741 nihil

1957 5749 2122 5815 bene,
2149 5749 2327 5819 λόγον,
2363 5753 2605 5808 animum
2642 5752 2843 5809 reddit.
