4094 6204
542 267 677 333 1247
1691 273 1751 333 8.
1794 270 2081 332 ΜΑΧΙΜΙ
2119 270 2183 331 C(

2245 270 2632 335 [FESSORIS
3671 272 3825 336 1248

538 385 641 441 sub
671 391 951 454 aspectum
980 392 1179 453 ponat;
1209 394 1472 456 certoque
1499 384 1708 440 certius
1735 384 1967 449 suadeat
1999 400 2108 439 non
2145 390 2183 444 Α

2245 384 2334 447 ιῶς
2372 385 2592 439 ἀπεῖναι
2652 383 2863 437 πείθειν
2903 384 3014 438 τῶν
3074 382 3503 455 πολεμουμένων
3554 385 3668 438 ὑπὸ
3704 384 3832 453 τῆς

538 477 729 533 abesse
758 476 927 530 Deum
955 486 1346 545 protectorem,
1378 479 1446 533 ab
1477 478 1565 533 his
1624 492 1765 548 quos
1803 476 2115 532 adversaria

2245 472 2600 541 ,ντικειμένης
2644 471 2959 540 δυνάμεως,
2996 472 3085 525 τὸν
3134 474 3585 544 ὑπερασπίζοντα
3630 472 3783 525 Θεόν

539 574 782 637 potestas
811 576 1124 635 oppugnet;
1166 566 1237 620 ob
1282 581 1470 635 quem,
1517 581 1583 634 ac
1630 567 1788 635 cujus
1828 580 1994 620 causa
2026 582 2114 619 tu-

2245 564 2365 634 ιπὲρ
2390 559 2484 629 οὗ,
2518 565 2613 619 καὶ
2658 565 2727 618 δι’
2759 565 2820 618 δν
2871 565 3051 631 ἁγίοις
3098 565 3127 616 ὁ
3161 564 3420 633 πόλεμος.
3470 564 3664 630 Χωρὶς
3693 562 3826 632 γάρ

540 658 685 710 dicta
736 655 943 711 sanctis
987 656 1117 710 belli
1170 659 1472 713 necessitas
1527 664 1632 712 est.
1684 656 1906 727 Absque
1966 656 2116 711 enim

2245 673 2363 719 ἰνος
2404 655 2731 725 προσδοκίας
2765 655 2799 724 ἢ
2831 654 3124 725 δυσχεροῦς
3166 654 3199 725 ἢ
3238 653 3519 725 εὐχεροῦς,
3547 655 3821 724 ἐπιτιειδρο⁸

539 746 721 815 aliqua
768 746 853 799 vel
903 746 1111 802 difiicili
1160 749 1247 803 vel
1294 749 1442 804 facili
1487 750 1918 819 exspectatione,
1955 764 2119 804 nemo

2245 747 2295 816 ai;
2316 746 2451 817 πρὸς
2478 746 2542 799 τὸ
2571 745 2735 800 καλὸν
2761 745 2939 799 οὐδενί
2972 761 3103 799 ποτε
3143 745 3357 814 πέφυκε
3384 742 3662 814 γίνεσθαι.

542 852 782 905 unquam
812 845 872 891 ut
902 837 969 892 ad
997 837 1051 892 id
1082 838 1230 908 quod
1257 839 1550 895 honestum
1584 855 1648 896 ac
1677 838 1841 895 oilieii
1872 848 1961 895 est
1983 854 2117 895 con-

540 939 789 984 vertatur
826 929 881 984 in
909 930 1156 985 animum
1188 931 1434 987 inducat.

613 1018 701 1072 72.
740 1019 889 1073 Nihil
921 1019 1105 1089 plane,
1136 1036 1235 1075 eos
1266 1022 1360 1091 qui
1403 1021 1637 1092 dispersi
1674 1031 1826 1091 sunt,
1855 1023 1936 1079 sic
1967 1022 2123 1079 colli-

2291 1024 2390 1096 οβ’.
2436 1024 2604 1079 οὐδὲν
2639 1022 2808 1086 ὅντως
2834 1021 3008 1086 οὕτως
3029 1021 3106 1086 ὡς
3134 1024 3170 1092 ἡ
3207 1022 3398 1091 ἀγάπη
3429 1021 3658 1088 συνάγει
3686 1023 3821 1085 τοὺς

543 1108 622 1180 git
673 1126 738 1164 ac
783 1112 1086 1178 consociat,
1127 1129 1400 1183 unamque
1450 1114 1533 1169 eis
1573 1114 1729 1185 551
1782 1116 2123 1171 voluntatem

2245 1114 2692 1191 ,σκορπισμένους
2714 1153 2729 1177 ,
2782 1114 2875 1171 καὶ
2933 1113 3065 1183 μίαν
3095 1113 3280 1175 αὐτοῖς
3333 1113 3670 1182 δημιουργεῖ
3713 1111 3819 1180 τὴν

480 1243 487 1247 .
545 1203 854 1285 concordia:
894 1218 1038 1258 nexu
1073 1203 1297 1273 aspirat,
1323 1222 1387 1261 ac
1417 1206 1679 1271 cbaritas,
1715 1208 1872 1277 cuius
1909 1207 2125 1279 insigne

2245 1208 2450 1277 γνώμην
2498 1204 2776 1276 “simois
2819 1204 3218 1275 κρατουμένην.
3267 1199 3337 1275 ἦς
3388 1202 3708 1273 χαρακτὴρ.
3756 1200 3819 1253 τδ

545 1304 612 1345 ac
654 1299 814 1353 nota,
858 1291 1006 1360 paris
1048 1291 1336 1362 dignitatis
1383 1293 1551 1348 decus
1592 1303 1695 1349 est.
1738 1294 1895 1360 Quod
1939 1296 2125 1366 itaque

2245 1300 2323 1370 τῆς
2352 1298 2622 1368 ἰσοτιμίας
2656 1297 2962 1366 καθέστηκε
3016 1295 3231 1359 κάλλος.
3279 1293 3492 1349 υύκοῦν
3521 1293 3622 1363 τῆς
3674 1292 3818 1347 κατὰ

545 1381 715 1435 animi
760 1379 1050 1437 facultates
1097 1382 1262 1453 (ratio
1303 1385 1539 1448 scilicet,
1567 1385 1757 1455 iraque
1806 1395 1862 1441 et
1905 1387 2125 1457 cupidi-

2245 1389 2289 1443 ιδ
2308 1388 2445 1443 αὐτὸ
2467 1387 2594 1456 περὶ
2618 1385 2687 1438 τά
2712 1385 2830 1438 θεῖα
2864 1383 3187 1453 συναγωγῆς
3215 1399 3276 1436 τε
3306 1382 3402 1436 καὶ
3427 1382 3683 1443 ἔνὼσεως
3706 1379 3819 1432 τῶν

547 1471 654 1542 tas)
692 1472 837 1526 circa
885 1473 1072 1528 divina
1113 1475 1171 1527 in
1211 1491 1381 1529 unum
1423 1485 1845 1546 congregemur,
1884 1478 2129 1535 charitas

2245 1477 2474 1548 puxrxt‘bv
2506 1476 2807 1545 δυνάμεων·
2843 1473 3115 1535 τουτέστι,
3141 1472 3244 1542 τῆς
3269 1472 3496 1542 λογικῆς
3527 1473 3629 1526 καὶ
3659 1471 3819 1540 θυμιο

550 1565 607 1618 in
643 1578 809 1617 causa
840 1571 954 1629 est;
1002 1579 1131 1634 qua,
1165 1565 1259 1634 qui
1292 1566 1404 1636 jam
1442 1582 1562 1619 eam
1595 1583 1718 1620 cum
1752 1568 1863 1622 Deo
1902 1569 2130 1624 honoris

2245 1570 2333 1637 ιῆς
2362 1568 2455 1622 καὶ
2484 1564 2922 1637 ἐπιθυμητικῆς,
2966 1566 3000 1636 ἡ
3032 1564 3222 1634 ἀγάπη
3259 1562 3571 1634 καθέστηκε
3616 1563 3820 1631 γέννη-

547 1651 921 1722 aequalitatem
973 1667 1072 1721 per
1118 1652 1351 1722 gratiam
1389 1657 1672 1709 consecuti
1720 1665 1878 1722 sunt,
1920 1658 2130 1713 indele-
2161 1719 2183 1730 _

2245 1676 2332 1729 μα·
2390 1658 2515 1713 καθ’
2559 1659 2626 1730 ἢν
2661 1656 3034 1727 ἐγγράφοντες
3073 1657 3141 1725 τῇ
3185 1639 3375 1725 μνῆμῃ
3413 1653 3477 1707 τὸ
3512 1654 3620 1722 τῆς
3660 1652 3822 1715 θείας

548 1719 717 1797 bilem
765 1719 990 1799 divinae—
1013 1719 1329 1799 dilectionis
1375 1746 1768 1814 cupiditatem,
1820 1719 2183 1806 immortalel

2245 1719 2828 1821 bpatdsn‘toc'xdithoc,
2853 1719 2927 1803 ὀι
2948 1745 3018 1799 τὸ
3075 1719 3319 1816 sane;
3349 1719 3472 1815 ἠδη
3509 1719 3652 1816 «ﬁt;
3684 1743 3826 1796 eam

550 1836 723 1892 decus
752 1838 1146 1906 perscribentis
1179 1854 1243 1892 ac
1269 1838 1546 1893 exarantis
1580 1839 1636 1894 in
1674 1840 1926 1912 principe
1956 1842 2127 1898 animi

2245 1841 2317 1896 ῑιά
2363 1841 2463 1911 τῆς
2509 1840 2733 1911 χάριτος
2766 1837 3153 1909 κομισάμενοι,
3194 1835 3553 1905 ἀνεπίληπον
3604 1834 3823 1905 ἔχουσι’

548 1935 704 1995 parte
737 1924 812 1997 (id
846 1935 950 1992 est,
984 1926 1188 1995 mente)
1224 1926 1453 1981 habent.

2245 1936 2327 2005 πῆς
2357 1933 2436 2004 τῷ
2462 1932 2775 2005 ἡγεμονικῷ
2803 1932 2900 2002 τῆς
2927 1930 3106 2001 ψυχῆς
3130 1928 3825 2000 ὑπομνηματογραφοὺσης

2229 2041 2289 2078 τε
2338 2024 2434 2078 καὶ
2464 2021 2801 2093 ὲντυπούσης
2836 2021 2898 2075 τὸ
2926 2022 3204 2094 ἀκήρατον
3254 2019 3480 2084 κάλλος,
3532 2019 3639 2088 τῆς
3666 2017 3826 2080 θείας

1194 2118 1219 2149 ⁸
2229 2116 2450 2184 ἀγάπης
2496 2113 2590 2184 τὴν
2621 2112 2829 2179 ἔφεσιν.

621 2192 705 2248 73.
757 2193 909 2248 Mens
952 2194 1134 2248 omnis
1168 2193 1357 2248 divino
1403 2196 1651 2251 accincta
1693 2198 1916 2265 robore,
1955 2201 2129 2257 veluti

2298 2212 2400 2274 ογ¹.
2437 2206 2551 2267 Πᾶς
2579 2202 2702 2267 νοῦς
2733 2201 2865 2272 θείῳ
2915 2200 3107 2272 κράτει
3139 2198 3524 2268 διεζωσμένος,
3555 2196 3829 2266 καθάπερ

552 2285 803 2340 seniores
854 2284 1120 2355 quosdam
1168 2301 1232 2340 ac
1286 2286 1487 2352 duces,
1533 2296 1648 2342 tum
1694 2290 1927 2345 rationis
1966 2292 2131 2348 habet

2245 2297 2637 2368 πρεσϐυτέρους
2666 2294 2947 2358 τινάςτκαὶ
2987 2293 3253 2363 ἄρχοντας
3300 2289 3583 2358 κέκτηται,
3625 2290 3733 2359 τήν
3767 2303 3830 2340 τε

554 2377 872 2432 facultatem
911 2376 999 2444 (cx
1046 2392 1152 2446 qua
1198 2376 1335 2431 ﬁdes
1389 2383 1507 2447 ipsa
1557 2379 1717 2436 docta
1769 2382 2126 2452 sapiensque,

2245 2389 2456 2460 λογικὴν
2493 2387 2743 2457 δύναμιν,
2779 2386 2837 2451 ἐξ
2885 2379 2952 2455 ἦς
2978 2386 3015 2455 ἡ
3051 2381 3327 2452 γνωστικὴ
3383 2378 3679 2449 γεννᾶσθαι
3724 2377 3829 2429 πέ-

555 2484 663 2539 qua
696 2484 916 2538 semper
950 2469 1122 2524 Deum
1169 2484 1368 2524 arcana
1409 2469 1623 2525 ratione
1662 2481 1986 2545 praesentem
2034 2472 2134 2526 do-

2245 2499 2371 2550 puxs
2407 2480 2611 2542 πίστις,
2643 2476 2765 2531 καθ’
2785 2476 2852 2547 ἢν
2880 2475 2969 2529 ἀεὶ
3000 2472 3246 2543 παρόντα
3276 2470 3365 2524 τὸν
3390 2470 3522 2522 Θεὸν
3557 2467 3830 2539 ἀρρήτως

556 2571 734 2624 cetur,
777 2561 1004 2631 speique
1052 2576 1284 2615 munere
1330 2562 1410 2616 sic
1444 2577 1569 2616 cum
1615 2561 1818 2617 futuris
1854 2574 2128 2627 versatur,

2245 2573 2571 2634 διδάσκεται,
2598 2564 2715 2623 ’καὶ
2759 2568 2835 2632 ὼς
2869 2566 3108 2638 παροῦσι
3143 2563 3458 2633 συγγίνεται
3481 2560 3569 2615 διὰ
3605 2560 3709 2629 τῆς
3738 2555 3837 2610 ἑλ-

555 2668 619 2707 ac
655 2652 699 2707 si
728 2654 837 2723 jam
868 2661 1071 2721 przesto
1100 2651 1332 2722 essent),
1380 2659 1494 2705 tum
1530 2652 1846 2722 cupiditatis
1894 2653 2019 2724 (qua
2044 2653 2130 2707 di-

2245 2664 2386 2728 κίδος
2414 2664 2528 2725 τοϊς
2576 2660 2864 2732 μέλλουσι·
2899 2657 2995 2712 καὶ
3044 2656 3145 2727 τὴν
3197 2650 3608 2723 ὲπιθυμητικὴν
3654 2650 3835 2704 δύνα-

555 2743 682 2797 vina
722 2742 979 2797 consistit
1018 2741 1265 2807 dilectio,
1292 2756 1510 2813 quaque
1553 2751 1747 2813 sponte
1796 2743 2135 2797 intemeratae

2245 2772 2350 2825 μιν,
2410 2751 2535 2806 καθ’
2593 2751 2661 2822 ἢν
2712 2752 2746 2820 ή
2798 2747 2919 2802 θεία
2971 2746 3306 2816 συνέστηκεν
3349 2744 3583 2813 ἀγάπη,
3633 2742 3701 2794 δι’
3760 2742 3836 2812 ἦν

557 2834 779 2890 deitatis
810 2834 1087 2890 desiderio
1130 2833 1365 2900 aiiixam,
1410 2835 1779 2890 immortalem
1835 2834 2131 2891 desiderati

2245 2847 2503 2907 ἑκουσίως
2549 2840 2907 2913 προσηλώσας
2941 2837 3020 2909 τῷ
3058 2838 3215 2909 πόθῳ
3257 2837 3361 2909 τῆς
3385 2836 3669 2906 ἀκηράτου
3698 2833 3839 2888 θεό-

557 2936 721 2997 atque
747 2927 909 2981 amati
929 2924 1324 2997 appetitionem
1374 2934 1537 2981 nacta
1578 2928 1681 2993 est)
1729 2928 1796 2982 ad
1826 2929 1942 2983 haec
1968 2929 2132 2982 etiam

2245 2950 2416 3003 τητος,
2454 2932 2648 2995 ἄλυτον
2686 2929 2799 3001 ἔχει
2839 2926 2935 2983 τοῦ
2975 2927 3331 2999 ποθουμένου,
3358 2928 3461 2997 τὴν
3489 2926 3696 2994 ἔφεσιν
3742 2926 3839 2980 ἔτι

558 3018 656 3073 ira:
682 3017 1022 3080 facultatem,
1048 3032 1155 3087 qua
1193 3015 1436 3071 divinam
1470 3016 1751 3073 mordicus
1791 3034 1979 3088 pacem
2015 3033 2132 3071 am-
2162 3042 2183 3099 (

2245 3024 2347 3096 μὴν
2376 3022 2472 3076 καὶ
2496 3012 2595 3090 τὴν
2625 3017 2864 3090 θυμικὴν
2907 3016 3172 3087 δύναμιν,
3218 3015 3345 3093 καθ’
3391 3016 3461 3086 ἢν
3506 3015 3680 3087 ἀπρὶξ
3721 3015 3835 3085 τῆς

560 3111 842 3182 plectitur,
881 3111 1189 3180 astringcns
1237 3110 1292 3163 in
1339 3110 1588 3164 divinum
1636 3124 1877 3164 amorem
1916 3109 2131 3180 cupidi-

2245 3114 2383 3177 θείας
2413 3112 2640 3184 εἰρήνης
2681 3110 2992 3182 ἀντέχεται,
3040 3106 3355 3176 ὲπιστύφων
3384 3106 3524 3177 πρὸς
3552 3105 3645 3159 τὸν
3677 3105 3836 3160 θεῖον

564 3202 689 3257 latis
738 3208 972 3255 motum.
1028 3200 1138 3254 Has
1187 3214 1355 3269 porro
1401 3201 1549 3254 vires
1600 3215 1755 3254 mens
1805 3202 2019 3263 omnis,
2067 3200 2137 3256 ad

2245 3204 2416 3274 ἔρωτα
2461 3203 2558 3279 τῆς
2598 3199 2898 3271 ἐπιθυμίας
2941 3198 3038 3268 τὴν
3074 3197 3310 3268 κίνησιν.
3361 3196 3577 3258 Ταύτας
3613 3194 3672 3246 δὲ
3707 3192 3836 3265 ἔχει

559 3284 894 3349 abolendum
917 3291 1114 3347 vitium
1140 3291 1600 3360 statuendamque
1622 3301 1676 3345 et
1702 3292 2139 3347 conservandam

2245 3297 2334 3358 τὰς
2363 3294 2621 3364 δυνάμεις
2667 3293 2777 3354 πᾶς
2815 3290 2962 3354 νοῦς,
3004 3287 3370 3359 συνεργούσας
3415 3286 3565 3356 αὐτῷ
3595 3284 3737 3355 πρός
3768 3301 3835 3337 τε

562 3387 842 3449 virtutem,
872 3399 1146 3454 propense
1178 3382 1482 3452 adjutriccs
1512 3383 1699 3437 habet.

2245 3388 2334 3461 τὴν
2362 3387 2464 3456 τῆς
2490 3384 2689 3448 κακίας
2723 3381 3066 3453 καθαίρεσιν,
3098 3380 3194 3433 ml.
3223 3379 3322 3449 τὴν
3351 3378 3451 3447 τῆς
3493 3376 3693 3447 ἀρετῆς
3730 3373 3838 3427 σύα-

2241 3479 2431 3535 στασίν
2460 3496 2520 3530 τε
2556 3477 2651 3531 καὶ
2685 3475 3042 3543 συντήρησιν.

630 3564 719 3618 74.
757 3562 981 3632 Absque
1026 3561 1081 3616 vi
1130 3562 1383 3627 rationis,
1428 3577 1540 3616 non
1581 3569 1663 3616 est
1711 3560 1939 3615 scientia
1982 3579 1996 3615 :
2038 3575 2142 3616 nec

558 3668 679 3710 sine
704 3653 938 3708 scientia
966 3651 1221 3707 consistit
1253 3650 1411 3717 fides,
1464 3665 1531 3704 ex
1561 3666 1667 3719 qua
1696 3662 1822 3719 spes
1848 3649 2140 3719 pulchrum

562 3760 792 3817 germen
818 3742 1105 3814 procedit;
1131 3757 1233 3812 per
1253 3756 1418 3811 quam
1450 3740 1648 3807 fidelis,
1682 3741 1763 3795 sic
1788 3756 1913 3796 cum
1940 3740 2143 3796 futuris

560 3834 938 3907 congreditur,
979 3849 1044 3889 ac
1089 3834 1137 3889 si
1190 3833 1487 3904 praesentia
1534 3842 1742 3888 essent.
1791 3832 1921 3888 Sine
1974 3832 2141 3887 etiam

560 3925 889 3997 cupiditatis
920 3925 997 3988 vi,
1024 3940 1137 3980 non
1177 3924 1435 3979 consistit
1473 3922 1812 3979 desiderium
1840 3940 1937 3978 seu
1966 3939 2140 3987 amor,

560 4018 721 4088 cujus
781 4017 1027 4071 cbaritas
1076 4025 1133 4070 et
1188 4013 1413 4070 dilectio
1465 4015 1591 4068 finis
1648 4015 1883 4069 exsistit.
1944 4016 2192 4071 Amare.

559 4109 708 4165 enim
739 4106 973 4177 aliquid,
1001 4105 1288 4175 proprium
1313 4112 1399 4158 est
1430 4103 1767 4174 cupiditatis.
1798 4104 2018 4174 Absque
2050 4105 2145 4159 ira:

560 4200 693 4254 item
728 4198 1012 4263 facultate,
1042 4210 1166 4265 quae
1206 4194 1574 4266 cupiditatem
1615 4194 1671 4248 in
1708 4196 1827 4266 ejus
1865 4194 2013 4265 quod
2050 4193 2147 4248 de-

560 4291 734 4346 lectat
781 4288 987 4343 unione
1023 4287 1270 4351 roboret,
1293 4300 1400 4356 pax
1442 4285 1747 4341 consistere
1783 4301 1893 4340 non
1922 4294 2140 4356 potest;

2308 3570 2400 3626 (ιδ’.
2434 3570 2568 3640 Λίχα
2599 3568 2824 3636 λογικῆς
2849 3565 3154 3634 δυνάμεως,
3180 3559 3587 3634 ἔπιστημονικὴ
3621 3558 3836 3628 γνῶσις

2240 3666 2340 3720 οὐκ
2365 3665 2499 3717 ἐστι’
2533 3661 2627 3716 καὶ
2667 3657 2922 3728 γνώσεως
2958 3657 3149 3727 χωρὶς,
3180 3655 3241 3707 οὐ
3272 3652 3588 3706 συνίσταται
3617 3650 3829 3715 πίστις,

2242 3759 2333 3828 ἀφ’
2357 3754 2423 3829 ἧς
2445 3756 2506 3809 τὸ
2533 3754 2695 3809 καλὸν
2722 3751 2969 3821 γέννημα
3020 3747 3269 3819 πρόεισιν
3300 3745 3334 3815 ὴ
3384 3743 3562 3807 ἐλπὶς,
3597 3741 3720 3794 καθ’
3760 3740 3833 3809 ἣν

2242 3854 2316 3914 ὡς
2344 3847 2580 3920 παροῦσι
2618 3844 2936 3913 συγγίνεται
2958 3841 3069 3902 τοῖς
3101 3836 3393 3909 μέλλουσιν
3422 3836 3452 3888 ὁ
3480 3833 3689 3896 πιστός.
3715 3831 3836 3884 Καὶ

2242 3938 2367 4006 δίχα
2396 3937 2497 4004 τῆς
2533 3931 2655 3986 κατ’
2704 3926 3003 3998 ἐπιθυμίαν
3049 3924 3358 3995 δυνάμεως,
3406 3923 3469 3975 οὐ
3510 3922 3839 3974 συνίσταται

2255 4027 2440 4090 πόθος,
2472 4018 2535 4078 οὗ
2572 4022 2732 4085 τέλος
2779 4020 2927 4073 ἐστὶν
2951 4020 2985 4087 ἡ
3024 4016 3236 4085 ἀγάπη·
3259 4013 3451 4085 τὸγὰρ
3480 4013 3609 4085 ὲρᾷν
3657 4028 3838 4075 τινος,

2246 4118 2379 4172 ἴδιόν
2418 4118 2567 4169 ἐστιν
2593 4112 2915 4183 ἐπιθυμίας.
2973 4107 3085 4163 Καὶ
3117 4104 3240 4175 δίχα
3277 4104 3520 4176 θυμικῆς
3543 4103 3840 4171 δυνάμεως

2243 4204 2545 4277 νευρούσης
2573 4201 2671 4271 τὴν
2718 4197 3016 4268 ἐπιθυμίαν
3050 4193 3188 4266 πρὸς
3232 4191 3331 4264 τὴν
3376 4188 3471 4244 τοῦ
3507 4188 3664 4260 ἡδέος

2248 4275 2356 4355 σιν,
2389 4288 2644 4362 οὐδαμῶς
2683 4285 2937 4359 γίνεσθαι
2968 4284 3214 4352 πέφυκεν
3254 4280 3470 4353 είρήνηο
3506 4277 3666 4345 εἴπερ
3696 4275 3839 4344 άληο

563 4379 841 4449 siquidem
867 4392 1000 4433 vere
1030 4393 1158 4448 pax,
1188 4376 1487 4447 tranquilla
1524 4383 1583 4431 et
1623 4376 1929 4437 inturbata,
1958 4379 2146 4447 plena-
2178 4381 2183 4433 l

2250 4385 2359 4449 θῶς
2403 4383 2599 4455 εἰρήνη
2640 4380 2790 4434 ἐστὶν
2820 4382 2853 4449 ἡ
2906 4375 3264 4447 ἁνενὸχλητος
3312 4369 3406 4425 καὶ
3434 4365 3709 4438 παντελὴς
3736 4364 3838 4419 τοῦ

563 4486 673 4545 que
706 4486 772 4527 ac
798 4470 1032 4542 integra,
1056 4470 1181 4540 ejus
1204 4469 1353 4540 quod
1377 4470 1626 4542 jucunde
1649 4469 1835 4535 allicit,
1861 4470 2143 4540 possessio

562 4573 670 4619 est.

637 4656 724 4709 15.
759 4653 966 4711 Caveat
987 4668 1214 4709 necesse
1240 4664 1344 4716 est,
1370 4653 1462 4723 qui
1492 4654 1726 4709 necdum
1756 4654 1825 4708 ab
1854 4652 2145 4709 affectibus

565 4757 732 4814 atque
783 4745 938 4803 vitiis
989 4744 1323 4798 emundatus
1378 4756 1496 4808 est,
1544 4746 1852 4799 naturalem
1910 4745 2147 4816 attingat

564 4837 1035 4907 speculationem,
1086 4836 1158 4890 ob
1201 4852 1395 4890 earum
1440 4852 1625 4891 rerum
1672 4836 1988 4901 simulacra,
2023 4853 2146 4907 qua:

564 4944 791 4985 sensum
830 4936 1080 4992 movent,
1105 4937 1449 4998 possuntque
1483 4930 1608 4999 ejus
1642 4928 1887 4983 animum
1919 4930 1985 4983 ad
2020 4929 2146 4984 libi-

565 5021 753 5076 dinem
784 5021 1105 5085 informare,
1133 5022 1226 5090 qui
1262 5021 1496 5075 necdum
1534 5022 1783 5091 perfecte
1825 5021 1894 5076 ab
1933 5021 2146 5076 affecti-

565 5113 672 5169 bus
694 5114 965 5168 liberatus
990 5113 1083 5168 sit.
1120 5112 1254 5180 Quae
1281 5112 1430 5169 enim
1454 5129 1631 5179 mens,
1666 5122 1727 5169 ut
1752 5129 1976 5169 sensum
2007 5114 2150 5168 mul-

568 5214 722 5272 ceat,
789 5206 1081 5262 sensilium
1150 5221 1337 5261 rerum
1402 5206 1791 5276 eonspectibus
1853 5205 2148 5278 cogitando

567 5298 917 5368 immoratur,
954 5297 1369 5355 immundornm
1408 5298 1707 5354 aﬂ‘ectuum
1746 5315 1810 5355 ac
1848 5299 2145 5354 libidinum

2243 4474 2587 4548 καταθυμίου
2614 4473 2965 4543 κατάσχεσις.

2317 4653 2409 4709 οε’.
2456 4655 2531 4707 Οὐ
2583 4650 2666 4704 δεῖ
2689 4651 2779 4704 τὸν
2809 4647 2883 4719 μὴ
2933 4646 3199 4718 πρότερον
3231 4645 3574 4717 καθαρθέντα
3618 4640 3833 4704 παθῶν,

2249 4745 2486 4817 φυσικῆς
2528 4740 2798 4797 ἅπτεσθαι
2851 4738 3120 4809 θεωρίας,
3169 4739 3259 4791 διά
3308 4736 3407 4799 τὰς
3452 4734 3671 4798 εἰκόνας
3724 4732 3838 4787 τῶν

2252 4837 2548 4909 αἰσθητῶν,
2589 4832 2892 4904 δυναμένας
2929 4831 3176 4885 τυπῶσαι
3222 4829 3357 4900 πρὸς
3386 4827 3559 4893 πάθος
3588 4826 3682 4879 τὸν
3708 4825 3839 4879 νοῦν

2250 4927 2346 4982 τοῦ
2382 4928 2455 4998 μὴ
2498 4924 2722 4986 τελείως
2752 4918 3154 4986 ἀπαλλαγέντος
3189 4916 3398 4971 παθῶν.
3455 4915 3515 4970 '0
3544 4915 3654 4987 γάρ
3686 4915 3834 4970 κατὰ

2251 5019 2551 5092 φαντασίαν
2583 5019 2705 5079 ταῖς
2734 5012 3081 5082 ἐπιφανείαις
3120 5009 3229 5062 τῶν
3257 5007 3531 5080 αἰσθητῶν
3559 5006 3836 5077 ὲναπομέυ

2250 5126 2356 5163 νων
2387 5108 2475 5162 διὰ
2509 5106 2606 5175 τὴν
2652 5101 2903 5172 αἴσθησιν
2944 5099 3087 5163 νοῦς.
3130 5096 3456 5168 ἀκαθάρτων
3482 5092 3692 5165 γίνεται
3724 5111 3833 5147 πα.

2250 5201 2362 5256 θῶν
2388 5196 2736 5268 δημιουργὸς.
2767 5194 2854 5248 διὰ
2877 5190 3109 5263 θεωρίας
3138 5189 3275 5258 πρὸς
3298 5189 3366 5242 τὰ
3388 5184 3636 5255 ’συγγενῆ
3664 5184 3836 5253 νοητὰ

2253 5294 2330 5367 μὴ
2359 5292 2654 5360 δυνάμενος
2686 5286 2953 5354 διαϐῆναι.
3642 5274 3657 5287 ⁵

570 5413 669 5455 seu
695 5397 954 5465 vitiorum
981 5397 1180 5454 artifex
1203 5398 1474 5465 eflicitur;
1508 5398 1639 5453 dum
1670 5410 1868 5466 nempe
1900 5395 1999 5459 illi,
2041 5389 2375 5464 speculando
2402 5385 2470 5441 ad
2506 5382 2684 5439 aflinia
2717 5379 3082 5452 intelligibilia
3115 5374 3348 5432 transire
3376 5388 3486 5429 non
3516 5371 3698 5427 datur.

642 5513 803 5585 552
840 5513 928 5570 76.
978 5512 1080 5582 Qui
1125 5514 1638 5585 perturbationibus
1674 5522 1840 5584 atque
1877 5511 2028 5568 vitiis
2070 5510 2154 5564 in-

650 5689 666 5708 ‘
701 5685 785 5743 Cf.
822 5686 909 5741 ad.
947 5685 1194 5741 Thalass.
1227 5702 1281 5758 q.
1316 5685 1402 5740 ιο.

2332 5502 2440 5568 ος’.
2479 5504 2497 5525 ‘
2539 5500 2597 5555 '0
2627 5501 2684 5554 ὲν
2718 5495 2895 5569 καιρῷ
2920 5496 3019 5566 τῆς
3051 5492 3160 5547 τῶν
3194 5488 3382 5545 παθῶν
3408 5482 3840 5544 ἐπαναστάσεως
