4094 6204
284 227 422 293 1249

973 228 1308 289 CAPITUM
1348 226 1772 300 QUINQUIES
1807 225 2327 289 CENTENORUM
2366 228 2755 293 CENTURIA
2796 234 2879 294 Il.

3424 231 3562 300 12250

281 343 552 415 γενναίως
581 339 759 415 μύσας
794 341 890 404 τὰς
926 339 1233 409 αἰσθήσεις,
1266 339 1361 392 καὶ
1404 339 1503 410 τὴν
1526 339 1634 392 τῶν
1676 338 1868 408 αἰσθη-

1976 337 2351 406 surgentibus,
2378 354 2683 412 eorumque
2718 342 2916 398 infesta
2941 343 3080 408 acie,
3116 358 3313 402 sensus
3347 344 3562 405 fortiter

279 435 389 489 τῶν
415 435 723 504 φαντασίαν
764 450 821 486 τε
861 434 957 486 καὶ
996 433 1218 503 μνήμην
1263 430 1547 494 παντελῶς
1576 430 1872 499 ἀπωσάμε-

278 542 391 587 νος,
421 528 515 578 καὶ
550 525 837 587 συστείλας
888 523 1064 594 πάντη
1098 524 1197 588 τὰς
1230 522 1323 576 τοῦ
1351 522 1443 576 νοῦ
1476 523 1603 593 περὶ
1634 522 1734 592 τὴν
1762 516 1903 573 τῶν“

280 617 439 679 ἐκτὸς
467 617 694 687 ἔρευναν
727 616 963 687 φυσικὰς
1005 617 1274 686 κινήσεις,
1301 616 1610 686 κατῄσχυνε
1641 616 1873 685 νικήσας

278 706 370 761 διὰ
410 707 513 778 τῆς
546 706 699 770 θείας
728 706 931 781 χειρὸς,
967 707 1067 778 τὴν
1097 708 1487 763 ὲπαναστᾶσαν
1514 705 1663 777 αὐτῷ
1698 723 1872 777 πονη-

284 799 387 862 ρὰν
413 800 507 853 καὶ
533 801 865 871 τυραννικὴν
897 800 1238 855 δυναστείαν.

352 979 453 1044 οἷ’,
487 980 658 1034 ὀταν
697 979 859 1042 ἄνους
903 981 931 1033 ό
978 979 1137 1047 λόγος
1169 980 1418 1050 γένηται,
1459 978 1554 1031 καὶ
1594 975 1873 1049 προπετὴς

282 1076 311 1129 ό
345 1072 518 1144 θυμὸς
547 1073 642 1125 καὶ
674 1070 867 1140 ἄλογος
909 1072 941 1141 ὴ
992 1070 1281 1141 ἐπιθυμία,
1312 1072 1407 1124 καὶ
1448 1071 1639 1139 ἄγνοια
1664 1067 1758 1122 καὶ
1782 1087 1875 1122 τυ-

290 1167 477 1238 ραννὶς
504 1168 599 1218 καὶ
632 1165 902 1219 ἀκολασία
930 1164 1178 1236 κρατῶσι
1209 1166 1308 1233 τῆς
1333 1164 1533 1235 ψυχῆς,
1562 1164 1680 1216 τότε
1717 1165 1749 1233 ἡ
1776 1162 1874 1233 τῆς

284 1257 485 1319 κακίας
524 1256 639 1320 ἕξις
690 1255 1009 1328 ἔμπρακτος
1052 1255 1301 1324 γίνεσθαι
1353 1256 1591 1326 πέφυκε,
1630 1255 1876 1326 συμπλα-

284 1351 441 1403 κεῖσα
473 1350 540 1419 τῇ
568 1347 814 1419 διαφόρῳ
855 1347 964 1400 τῶν
999 1347 1309 1419 αἰσθήσεων
1338 1347 1533 1419 ἡδονῇ,

354 1446 454 1509 οη’,
491 1439 535 1491 Χ
544 1439 614 1508 ρὴ
640 1437 732 1490 τὸν
763 1437 1085 1505 γνωστικῶς
1104 1438 1204 1499 τὰς
1232 1438 1501 1509 ἀοράτους
1528 1436 1870 1507 συμπλοκὰς,

286 1530 622 1585 ὐπαλύσκειν
650 1529 720 1600 (It)
751 1531 1114 1601 ἐπιστάμενον
1138 1530 1283 1595 νοῦν,
1319 1531 1453 1601 μήτε
1486 1531 1722 1601 φυσικὴν
1758 1549 1878 1602 μετ·

286 1624 425 1677 ιέναι
447 1621 704 1692 θεωρίαν,
734 1621 857 1692 μηδ’
886 1621 1013 1675 ἄλλο
1041 1639 1095 1689 τι
1134 1625 1307 1675 ποιεῖν
1337 1624 1397 1675 ὲν
1422 1622 1502 1694 τῷ
1564 1625 1743 1695 καιρῷ
1771 1626 1874 1707 τῆς

282 1713 392 1767 τῶν
422 1712 675 1783 πονηρῶν
703 1711 987 1782 δυνάμεων
1019 1713 1346 1785 προσϐολῆς,
1388 1713 1420 1786 ἢ
1452 1714 1613 1786 μόνον
1638 1716 1873 1785 προσεύ-

284 1803 499 1875 χεσθαι,
544 1805 639 1857 καὶ
680 1803 741 1856 τὸ
780 1803 940 1874 σῶμα
982 1805 1165 1867 πόνοις
1215 1806 1502 1876 δαμάζειν.
1536 1809 1629 1859 καὶ
1658 1807 1755 1879 τὴν
1780 1805 1873 1861 τοῦ

284 1895 472 1966 χοϊκοῦ
508 1896 859 1965 φρονήματος
891 1880 989 1947 διὲξ
1016 1895 1197 1966 πάσης
1225 1898 1461 1968 σπουδῆς
1484 1899 1753 1952 ποιεῖσθαι
1778 1916 1876 1951 κα-

284 1986 553 2057 θαίρεσιν,
595 1985 687 2038 καὶ
721 1985 1011 2055 φυλάττειν
1053 1986 1119 2040 τὰ
1157 1986 1311 2059 τείχη
1347 1990 1445 2058 τῆς
1477 1990 1704 2054 πόλεως·
1730 1991 1877 2059 λέγω

283 2078 341 2132 δὲ
372 2077 469 2140 τὰς
511 2077 885 2149 φρουρητικᾶς
947 2077 1043 2148 τῆς
1085 2079 1264 2149 ψυχῆς
1314 2081 1533 2149 ἀρετὰς,
1574 2082 1607 2152 ἦ
1641 2082 1737 2143 τὰς
1767 2081 1874 2134 τῶν

285 2168 496 2240 ἀρετῶν
540 2169 883 2239 φυλακτικὰς
923 2171 1201 2242 μεθόδους
1242 2174 1568 2244 ἐγκράτειαν
1596 2173 1743 2242 λέγω
1782 2174 1876 2228 καὶ

288 2261 567 2331 ὑπομονήν
591 2278 607 2294 ο
651 2263 848 2332 μήπως
892 2261 981 2315 διὰ
1032 2263 1140 2315 τῶν
1179 2263 1369 2328 δεξιῶν
1402 2266 1710 2337 ἀπατήσας,
1749 2269 1877 2320 ἀπο-

286 2356 459 2432 στῂσῃ
485 2354 622 2408 Θεοῦ
656 2353 862 2423 κλέψας
890 2354 989 2425 τὴν
1022 2355 1228 2424 ἔφεσιν,
1257 2359 1285 2411 ό
1316 2357 1412 2429 τὴν
1437 2358 1615 2430 ψυχὴν
1640 2359 1875 2422 ποτίζων

286 2447 608 2518 ὰνατραπὴν
632 2445 882 2517 θολερὰν,
904 2448 999 2500 καὶ
1020 2447 1106 2501 διὰ
1128 2448 1238 2502 τῶν
1269 2449 1643 2520 νομιζομένων
1672 2451 1872 2516 καλῶν,

286 2537 424 2608 πρὸς
456 2537 524 2591 τὰ
566 2537 786 2609 χείρονα
840 2537 939 2607 τὴν
983 2538 1051 2592 τὰ
1110 2540 1255 2595 καλὰ
1307 2539 1578 2611 ζητοῦσαν
1626 2542 1874 2614 ὑποσύρῃ

284 2629 541 2685 διάνοιαν.

357 2809 455 2863 σθ’.
503 2810 562 2863 Ὀ
586 2811 850 2879 γενναίως
897 2812 985 2866 δια
1026 2817 1126 2883 τῆς
1163 2814 1553 2888 λελογισμὲνης
1589 2819 1681 2871 καὶ
1718 2835 1876 2892 περι-

287 2901 511 2972 εκτικῆς
547 2902 874 2973 ἐγκρατείας
924 2904 986 2975 (ί)
1016 2906 1112 2958 καὶ
1151 2906 1430 2975 ὑπομονῆς
1462 2907 1640 2977 μύσας
1665 2910 1762 2973 τὰς
1791 2911 1877 2962 αἰ-

1973 430 2253 495 clauserit,
2288 446 2584 503 rerumque
2627 449 2849 489 sensum
2892 437 3232 490 moventium
3274 437 3563 508 cogitatio-

1973 534 2098 575 nem
2146 524 2583 594 memoriamque
2626 527 2851 581 omnino
2901 528 3243 582 submoverit
3284 545 3297 582 :
3337 537 3566 586 natura-

1973 614 2162 684 lesque
2198 615 2388 670 itidem
2419 618 2586 671 animi
2615 627 2798 672 tnotus
2828 618 2926 672 abs
2957 619 3272 674 scrutandis
3305 621 3415 675 illis
3447 636 3569 691 quae
3630 683 3633 686 ,

1973 708 2221 762 exterius
2265 717 2424 773 sunt,
2479 710 2702 779 penitus
2750 711 3089 776 coercuerit,
3142 710 3328 766 divina
3375 712 3568 767 dextra

1974 797 2303 866 opitulante,
2338 799 2534 863 vietor,
2564 815 2685 869 qua:
2717 799 2771 853 in
2797 816 2922 853 eum
2948 801 3318 856 insurrexerat
3348 804 3570 874 nequis-

1976 890 2168 942 simam
2198 905 2262 944 ac
2292 890 2635 961 tyrannicam
2668 900 3020 961 potestatem,
3050 892 3320 947 confudit.

2047 981 2134 1033 77.
2185 979 2324 1035 Cum
2372 983 2517 1037 ratio
2565 998 2786 1047 amens,
2837 985 2917 1038 ira
2967 1000 3244 1055 praeceps,
3294 985 3569 1055 cupiditas

1975 1069 2096 1123 sine
2132 1069 2367 1136 ratione,
2410 1071 2742 1140 ignorantia,
2774 1074 2878 1138 vis,
2915 1074 3141 1129 lascivia
3186 1074 3428 1129 animum
3464 1076 3567 1131 sibi

1975 1159 2378 1229 manciparint;
2440 1169 2573 1216 tunc
2631 1162 2822 1231 vigens
2881 1172 3046 1232 atque
3100 1162 3288 1217 efﬁcax
3346 1164 3570 1219 malitiae

1976 1248 2222 1316 habitus,
2272 1253 2565 1323 multiplici
2608 1269 2871 1309 sensuum
2918 1255 3135 1310 libidini
3184 1256 3567 1326 complicatus,

1975 1341 2222 1411 proclive
2257 1343 2460 1398 evadit.

2051 1434 2136 1488 78.
2171 1433 2367 1504 Operae
2411 1437 2651 1506 pretium
2698 1446 2802 1501 est,
2837 1446 2899 1491 ut
2943 1439 3223 1508 sapienter
3265 1439 3572 1495 invisibiles

1978 1539 2311 1597 congressus
2349 1529 2734 1601 subterfugere
2771 1530 2966 1585 doctus
3013 1532 3252 1595 animus,
3280 1548 3390 1601 quo
3434 1541 3571 1586 tem-

1979 1630 2113 1684 pore
2146 1618 2499 1685 nequissima:
2546 1629 2849 1687 p0testates
2882 1619 3234 1684 adoriuntur,
3269 1636 3372 1675 nec
3405 1633 3539 1675 natu

1977 1709 2147 1763 ralem
2177 1710 2338 1763 obeat
2369 1711 2824 1780 speculationem,
2868 1727 3050 1780 neque
3089 1711 3239 1766 aliud
3273 1713 3406 1781 quid
3436 1730 3573 1782 prae-

1977 1806 2105 1861 stet,
2139 1799 2244 1853 nisi
2286 1800 2466 1855 solum
2514 1808 2575 1854 ut
2627 1800 2892 1870 precibus
2934 1801 3216 1856 incumbat
3260 1818 3324 1857 ac
3371 1819 3572 1874 corpus

1977 1888 2261 1944 laboribus
2321 1891 2540 1957 domet,
2600 1893 2865 1962 omnique
2931 1892 3217 1965 diligentia
3284 1903 3570 1950 terrenum

1977 1996 2200 2037 sensum
2256 1998 2320 2037 ac
2368 1984 2719 2053 prudentiam
2770 1984 3054 2049 destruat,
3108 1994 3275 2055 atque
3332 1985 3574 2041 civitatis

1977 2089 2165 2129 muros
2206 2075 2481 2129 custodiat
2513 2093 2526 2128 :
2563 2090 2761 2145 nempe
2802 2076 3062 2141 virtutes,
3103 2077 3309 2148 quibus
3352 2079 3572 2134 animus

1978 2177 2039 2223 ut
2083 2169 2337 2237 praesidio
2380 2168 2691 2232 muniatur;
2726 2176 2821 2222 aut
2854 2169 3096 2222 rationes
3131 2170 3360 2237 viasque
3396 2171 3573 2223 virtu-

1979 2269 2096 2315 tum
2124 2260 2385 2315 custodes
2417 2260 2835 2330 (continentiam
2872 2259 3085 2314 scilicet
3116 2267 3170 2313 et
3200 2259 3569 2331 patientiam),

1976 2369 2047 2407 ne
2088 2368 2198 2422 quo
2234 2352 2397 2405 modo
2424 2352 2490 2415 is,
2526 2351 2619 2421 qui
2670 2350 2893 2404 turbida
2934 2350 3295 2405 subversione
3326 2352 3569 2405 animum

1979 2452 2130 2513 potat
2164 2444 2229 2506 θ’,
2280 2457 2377 2512 per
2412 2457 2675 2512 prospera
2703 2440 3038 2503 sedueendo,
3066 2440 3376 2494 clanculum
3402 2457 3431 2495 a
3460 2442 3571 2497 Deo

1977 2531 2338 2602 cupiditatem
2383 2538 2625 2595 avertat;
2655 2545 2719 2583 ac
2760 2543 2858 2598 per
2890 2542 2976 2591 ea,
3010 2541 3131 2595 quze
3179 2525 3397 2580 honesti
3444 2541 3571 2597 spe-

1978 2625 2118 2679 ciem
2167 2624 2406 2685 habent,
2457 2629 2696 2676 mentem
2746 2605 2872 2675 haee
2917 2619 3033 2689 ipsa
3086 2627 3457 2688 quaerentem,
3502 2619 3569 2673 ad

1978 2717 2255 2771 deteriora
2288 2715 2551 2785 paulatim
2588 2714 2787 2767 trahat.

2050 2810 2137 2864 79.
2174 2808 2275 2875 Qui
2303 2807 2651 2863 considerata
2678 2822 2741 2860 ac
2770 2812 3063 2860 coercente
3082 2820 3180 2860 seu
3207 2814 3570 2860 conservantc

1979 2918 2039 2957 ac
2072 2903 2347 2956 retinente
2378 2900 2721 2955 continentia
2760 2898 3135 2969 patientiaque
3181 2907 3407 2953 strenue
3447 2913 3575 2952 sen—

290 2992 532 3065 σθήσεις,
558 2993 655 3045 καὶ
679 2993 768 3048 διὰ
793 2994 900 3049 τῶν
923 2995 1064 3049 κατὰ
1092 2995 1271 3067 ψυχὴν
1303 2997 1587 3069 δυνάμεων
1610 3000 1709 3064 τὰς
1739 3002 1873 3071 πρὸς

1979 3012 2073 3050 sus
2100 2994 2381 3057 clauserit,
2419 3010 2717 3062 rerumque
2748 3007 2972 3046 sensum
3008 2978 3347 3046 moventium
3381 2989 3570 3062 ﬁguris

283 3083 379 3139 τδν
413 3085 536 3138 νοῦν
581 3085 692 3139 τῶν
725 3087 1001 3158 αἰσθητῶν
1046 3088 1347 3160 σχημάτων
1378 3091 1731 3161 ἀποτειχίσας
1757 3093 1873 3143 είσκ

286 3179 461 3243 ὁδους,
489 3179 731 3249 εὐχερῶς
784 3178 879 3232 τοῦ
932 3179 1184 3233 διαϐόλου
1231 3181 1329 3245 τὰς
1369 3182 1609 3253 πονηρὰς
1640 3182 1875 3236 διόλλυσι

291 3269 562 3340 μηχανὰς,
603 3271 962 3342 ὑποστρέφων
1007 3272 1169 3326 αὐτὸν
1213 3274 1332 3343 μετ’
1367 3274 1630 3346 αἰσχύνης
1670 3277 1735 3347 τῇ
1772 3274 1876 3347 ὁδῷ

287 3355 323 3435 ᾖ
353 3356 538 3434 ἦλθεν.
590 3362 742 3425 Ὀδὸς
771 3364 826 3415 δὲ
857 3363 921 3416 δι’
959 3360 1028 3437 ἦς
1058 3368 1085 3418 ὁ
1113 3366 1359 3431 διάϐολος
1384 3366 1626 3439 ἔρχεται,
1663 3369 1779 3422 ἐστὶ
1806 3369 1875 3424 τὰ

291 3454 426 3526 πρὸς
478 3455 738 3509 σύστασιν
780 3457 874 3511 τοῦ
913 3458 1166 3529 σώματος
1214 3459 1351 3513 εἶναι
1397 3461 1660 3516 δοκοῦντα
1693 3462 1872 3519 ὑλικά.

360 3716 435 3772 τί.
466 3718 610 3782 Νοῦς
660 3717 841 3789 ἑαυτῷ
870 3721 1012 3774 κατὰ
1047 3721 1209 3789 φύσιν
1250 3722 1338 3777 διὰ
1373 3724 1537 3794 μέσου
1569 3723 1728 3791 λόγου
1758 3740 1877 3777 συν-

288 3811 432 3878 άψας
492 3812 591 3882 τὴν
637 3812 912 3882 αἴσθησιν,
973 3814 1070 3886 τὴν
1113 3817 1178 3870 ἐκ
1226 3818 1323 3887 τῆς
1364 3818 1601 3890 φυσικῆς
1641 3818 1875 3891 θεωρίας

287 3902 465 3974 ἀληθῆ
491 3904 812 3974 συλλέγεται
842 3908 1064 3975 γνῶσιν.

361 3999 473 4048 πα’.
509 3995 691 4065 Πηγαί
744 4001 882 4050 εἰσιν
918 3998 1021 4062 ἔξω
1079 3998 1177 4065 τῆς
1228 4000 1455 4064 πόλεως·
1493 4002 1740 4056 τουτέστι
1774 4004 1874 4072 τῆς

286 4086 489 4157 ψυχῆς·
512 4086 577 4150 ἃς
608 4088 852 4151 Ἐζεκίας
875 4090 1197 4158 ἐμφράττει·
1215 4092 1279 4143 τὰ
1296 4092 1528 4163 αἰσθητὰ
1551 4096 1729 4147 πάντα
1748 4098 1869 4166 (την

289 4178 460 4233 ὕδατα
517 4181 574 4233 δὲ
632 4180 839 4233 τούτων
876 4182 1206 4251 τυγχάνουσι
1250 4185 1358 4237 τῶν
1418 4188 1630 4254 πηγῶν,
1668 4190 1733 4240 τὰ
1767 4191 1874 4243 τῶν

287 4260 563 4341 αἰσθητῶν
594 4272 861 4341 νοήματα·
916 4274 1159 4342 ποταμὸς
1197 4275 1254 4327 δὲ
1299 4276 1547 4347 διορίζων
1582 4279 1669 4331 διὰ
1701 4279 1874 4349 μέσης

1978 3104 2078 3160 per
2119 3090 2315 3143 anima:
2359 3088 2505 3142 vires
2551 3086 2760 3140 aditum
2802 3087 2857 3139 in
2907 3093 3147 3139 mentem
3192 3084 3567 3155 interceperit,

1978 3184 2045 3250 is,
2070 3182 2214 3237 facili
2254 3181 2477 3253 negotio
2514 3179 2880 3249 nequissimas
2906 3177 3109 3233 diaboli
3147 3178 3432 3233 machinas
3455 3178 3570 3232 dis-

1978 3277 2122 3348 sipat
2147 3277 2457 3347 ac'perdit;
2492 3274 2673 3329 redire
2713 3290 2839 3329 eum
2874 3274 3085 3344 pudore
3120 3290 3343 3343 cogens,
3373 3273 3568 3329 eadem

1979 3370 2095 3440 ipsa
2123 3371 2231 3437 via,
2261 3386 2369 3441 qua
2402 3369 2569 3423 venit.
2602 3368 2697 3423 Via
2725 3376 2909 3422 autem
2947 3383 3056 3438 qua
3096 3367 3353 3423 diabolus
3389 3367 3565 3433 venit,

1979 3471 2201 3518 terrena
2229 3464 2323 3517 illa
2353 3461 2689 3517 adminicula
2723 3468 2872 3525 sunt,
2905 3477 3026 3531 quae
3055 3461 3121 3515 ad
3154 3460 3405 3531 corporis
3436 3476 3570 3516 con-

1977 3552 2212 3611 ﬂandam
2242 3557 2409 3610 vitam
2447 3570 2512 3609 ac
2544 3553 2978 3610 conservandam
3018 3555 3334 3610 conducere
3373 3552 3570 3610 viden-

1979 3650 2070 3696 tur
2099 3643 2165 3697 "°.
2567 3629 2581 3639 ”

2048 3733 2138 3788 80.
2172 3732 2407 3789 Animus
2443 3734 2540 3803 qui
2580 3733 2685 3789 sibi
2718 3730 3048 3787 intermedia
3093 3732 3330 3795 ratione,
3364 3730 3442 3784 uti
3472 3746 3568 3785 na-

1978 3834 2101 3880 tura
2136 3834 2514 3894 comparatum
2555 3834 2659 3890 est,
2697 3839 2921 3879 sensum
2976 3822 3340 3892 copulaverit,
3382 3836 3565 3876 veram

1976 3932 2043 3972 ex
2070 3916 2306 3971 naturali
2337 3916 2715 3988 speculatione
2746 3915 2922 3986 carpit
2948 3912 3259 3969 scientiam.

2047 4007 2135 4062 8i.
2197 4007 2397 4061 Fontes
2446 4016 2601 4061 extra
2653 4006 2937 4060 civitatem
2992 4004 3264 4076 (animam
3321 3987 3567 4073 scilicet)

1976 4104 2116 4170 qnos
2143 4099 2409 4153 Ezechias
2452 4098 2730 4152 obstruxit
2757 4099 2824 4161 ⁷³,
2853 4104 3053 4151 cuneta
3099 4110 3162 4149 ea
3204 4104 3332 4149 sunt
3359 4111 3481 4164 quae
3513 4095 3566 4150 in

1976 4208 2200 4247 sensum
2237 4193 2463 4246 cadunt.
2502 4188 2708 4245 ﬂorum
2752 4198 2940 4243 autem
2985 4186 3219 4241 fontium
3264 4202 3440 4256 aquae,
3473 4202 3567 4241 ea-

1976 4280 2229 4335 rumdem
2275 4297 2462 4335 rerum
2509 4288 2638 4334 sunt
2679 4262 2961 4347 concepta:
3005 4277 3188 4331 animo
3228 4277 3471 4331 rationes
3504 4291 3570 4330 ac

284 4362 386 4431 τῆς
432 4360 641 4426 πόλεώς
675 4363 843 4426 ἐστιν,
887 4365 920 4435 ἡ
962 4367 1100 4418 κατά
1130 4368 1365 4437 φυσικὴν
1406 4368 1639 4440 Θεωρίαν
1672 4373 1735 4423 ἐκ
1765 4372 1871 4424 τῶν

1976 4374 2252 4429 notiones.
2290 4373 2519 4428 Fluvius
2565 4387 2666 4442 per
2706 4371 2941 4426 mediam
2980 4368 3247 4425 dirimens
3282 4368 3442 4443 553
3486 4367 3567 4424 ci-

357 4515 403 4548 “
426 4516 629 4574 Hahae.
657 4536 715 4583 ιι,
743 4521 830 4576 15.
908 4522 956 4556 ⁷ο
980 4520 1049 4578 ιν
1080 4523 1212 4594 Reg.
1247 4540 1356 4589 nx,
1387 4524 1475 4580 33.

362 4673 435 4745 (k)
470 4674 581 4742 Τὰς
614 4675 910 4743 ἀοράτοινς
948 4680 1310 4748 συμπλοκὰς
1335 4682 1736 4737 ὑπαλύσκειν.
1792 4685 1873 4741 Ila

288 4757 489 4821 nempe
524 4760 664 4821 same
689 4756 911 4821 cautum
951 4750 1202 4806 victoriae
1237 4760 1344 4815 est,
1379 4752 1527 4821 quod
1548 4769 1705 4809 mora
1730 4762 1873 4809 tem-

287 4814 442 4893 poris
465 4830 529 4868 ac
557 4815 684 4893 fuga
720 4816 914 4893 praelii,
954 4833 1043 4893 res
1070 4835 1199 4874 suas
1250 4814 1376 4891 quis
1399 4814 1465 4893 in
1507 4832 1625 4893 tuto
1668 4832 1870 4893 ponat;

288 4885 556 4964 sinatque_
578 4885 797 4964 hostem
822 4887 1003 4955 ipsum
1006 4889 1088 4964 λιι
1135 4906 1194 4945 se
1220 4885 1352 4946 suas
1374 4892 1522 4946 vires
1572 4885 1827 4964 frangere
1858 4885 1873 4948 Ξ

287 4970 398 5022 quo
432 4956 596 5010 modo
625 4956 830 5011 Fabius
863 4973 975 5011 rem
1006 4958 1309 5015 Romanam
1344 4963 1658 5018 cunctando
1700 4956 1878 5019 "resti—

288 5025 416 5078 tuit.
470 5026 642 5102 Quem
669 5042 891 5081 sensum
922 5028 1131 5102 melius
1162 5030 1438 5102 redderet,
1466 5033 1614 5102 quod
1637 5050 1703 5088 ex
1741 5051 1871 5090 mss.

287 5096 694 5174 emendandum
724 5106 1074 5174 putaveram,
1113 5096 1504 5174 ὑπαναλίσκειν
1537 5121 1551 5135 ο
1595 5103 1742 5174 quod
1779 5105 1871 5169 sit,

289 5164 555 5240 paulatim
593 5164 902 5221 consumere
934 5171 1230 5240 sensimque
1259 5172 1528 5238 deterere;
1559 5164 1656 5227 sed
1699 5164 1870 5230 malui

286 5236 457 5312 edita,
485 5237 599 5306 ipsa
640 5239 944 5312 nonmala,
984 5236 1317 5312 relinquere.
1359 5236 1657 5299 Malevero
1685 5247 1868 5312 Picus,

290 5310 613 5379 συμπλοκὰς
638 5309 941 5379 ἀοράτουςζ
975 5310 1259 5366 invisibilia
1289 5313 1585 5369 involucra.

361 5376 422 5451 (ί)
452 5378 560 5430 Καὶ
614 5376 987 5451 περιεκτικῆς
1034 5381 1401 5449 ἐγκρατείας.
1435 5385 1612 5439 Etiam
1648 5397 1795 5440 cent.
1832 5403 1867 5451 ι,

290 5450 419 5527 ςς-ἓ,
448 5451 480 5516 ὴ
536 5450 860 5527 περιεκτικὴ
891 5451 1189 5527 ξγκρὰτεια
1211 5470 1223 5482 ο
1279 5454 1572 5527 (μω-1060
1624 5450 1866 5527 sugillati

290 5515 490 5592 Obsop.
527 5527 583 5571 et
614 5515 857 5592 Gesner.
883 5515 1014 5592 dum
1048 5522 1200 5590 prior
1224 5515 1518 5592 acqttisita;
1551 5515 1721 5589 alter:
1745 5529 1867 5581 uni-

290 5588 507 5640 versalis
562 5588 1215 5663 reddit.__Propius—rem
1268 5588 1448 5663 attigit
1500 5588 1865 5658 Picus,dum

291 5669 554 5713 coercente
585 5660 840 5723 reddidit;
868 5676 986 5729 quae
1012 5662 1222 5718 scilicet
1252 5660 1865 5738 cont‘ineal,_tcncatque

1553 4527 1594 4563 τ’
1630 4527 1677 4582 ΙΙ
1712 4528 1892 4583 Paral.
1922 4544 2091 4588 χχιιι.
2120 4527 2174 4583 5.

1975 4698 2040 4738 ac
2053 4692 2309 4738 coerceat
2336 4683 2605 4748 animum,
2637 4697 2708 4737 ne
2735 4698 2793 4738 se
2817 4682 3017 4737 adduci
3051 4681 3345 4737 affectibus
3366 4682 3513 4735 sinat
3547 4697 3561 4733 :

1978 4753 2056 4807 uti
2099 4769 2166 4824 eo
2200 4753 2323 4808 loco
2361 4754 2677 4824 expositum
2708 4769 2739 4807 a
2762 4754 2994 4824 meluit.

2051 4823 2151 4893 (ml
2208 4824 2285 4877 Τὰ
2315 4825 2572 4887 αἰσθητὰ
2605 4824 2820 4878 πάντα.
2854 4823 3123 4877 Luxatum
3152 4830 3361 4876 textum
3399 4837 3561 4893 secu-

1979 4891 2069 4948 tus
2120 4893 2306 4957 Picus,
2338 4893 2493 4963 nihil
2529 4904 2654 4963 apte
2707 4893 2986 4946 reddidit:
3036 4896 3130 4946 hoc
3186 4901 3261 4945 est
3319 4891 3567 4963 universq

1976 4964 2197 5019 sensilia
2228 4966 2444 5018 animm.
2477 4959 2620 5017 Sunt
2663 4964 2861 5017 animze
2892 4974 2948 5017 et
2990 4962 3273 5026 dicuntur,
3317 4959 3566 5014 universi

1982 5051 2199 5098 sensus,
2226 5049 2335 5088 non
2367 5034 2609 5089 sensilia.
2634 5034 2773 5088 Illud
2795 5048 2927 5103 ergo
2944 5033 3212 5096 τουτέστι,
3236 5033 3340 5103 τῆς
3365 5031 3564 5103 ψυχῆς,

1982 5105 2243 5176 allegoria
2270 5114 2377 5169 est,
2415 5104 2513 5157 τοῦ
2547 5104 2652 5169 ἔξω
2676 5106 2774 5173 τῆς
2812 5099 3042 5176 πόλεως,
3099 5102 3247 5173 quod
3280 5099 3345 5176 ex

1983 5171 2365 5244 repraesento:
2415 5183 2545 5229 sunt
2592 5171 2790 5244 nempe
2836 5173 3080 5235 sensilia,
3119 5171 3414 5244 exteriora
3474 5171 3564 5224 illa

1980 5242 2273 5299 influentia
2322 5246 2376 5298 in
2409 5247 2672 5309 animam,
2727 5242 2837 5314 per
2895 5259 3110 5306 sensus,
3147 5242 3303 5313 quasi
3351 5251 3566 5314 meatus

1976 5317 2287 5384 quosdam,
2347 5332 2375 5369 a
2428 5316 2628 5384 quibus
2693 5311 2988 5384 diligenter
3043 5311 3395 5375 cavendum,
3467 5311 3562 5365 oh-

1975 5384 2243 5440 struendo
2268 5385 2493 5439 eosdem
2525 5401 2739 5443 sensus.
2771 5402 2893 5439 eum
2917 5401 3012 5453 per
3041 5401 3136 5439 eos
3161 5400 3266 5439 una
3291 5398 3417 5437 eum
3434 5397 3563 5436 seu-

1973 5455 2191 5517 silibus,
2225 5455 2402 5509 hostis
2438 5457 2664 5523 ingruit.
2704 5456 2844 5510 Sunt
2877 5456 2930 5509 hi
2963 5454 3237 5515 fenestrae.
3291 5469 3390 5522 per
3424 5466 3564 5524 quas

1972 5540 2124 5580 mors
2150 5524 2425 5587 ascendit.
2462 5527 2667 5581 Jerem.
2700 5541 2772 5591 rx,
2808 5542 2931 5596 qua:
2958 5527 3064 5581 alia
3095 5526 3422 5593 metaphora
3448 5529 3558 5583 est,

1970 5596 2221 5666 ejusdem
2242 5610 2457 5651 sensus.
