  <div class='ocr_page' id='page_1' title='image "/cluster/home/n/w/nwhite01/storage/ocr_20150623/90/hvd.32044073502197/631.png"; bbox 0 0 4094 6204; ppageno 0'>
   <div class='ocr_carea' id='block_1_1' title="bbox 538 198 3826 279">
    <p class='ocr_par' dir='ltr' id='par_1_1' title="bbox 538 198 3826 279">
     <span class='ocr_line' id='line_1_1' title="bbox 538 198 3826 279; baseline -0.005 -2"><span class='ocrx_word' id='word_1_1' title='bbox 538 211 669 279; x_wconf 76' lang='grc'><strong>1251</strong></span> <span class='ocrx_word' id='word_1_2' title='bbox 1706 210 1772 271; x_wconf 91' lang='lat' dir='ltr'><strong>S.</strong></span> <span class='ocrx_word' id='word_1_3' title='bbox 1812 207 2099 271; x_wconf 78' lang='lat' dir='ltr'><strong>MAXIMI</strong></span> <span class='ocrx_word' id='word_1_4' title='bbox 2139 204 2649 268; x_wconf 82' lang='lat' dir='ltr'><strong>CONFESSORIS</strong></span> <span class='ocrx_word' id='word_1_5' title='bbox 3670 198 3826 265; x_wconf 71' lang='lat'><strong>1252</strong></span> 
     </span>
    </p>
   </div>
   <div class='ocr_carea' id='block_1_2' title="bbox 531 306 2122 390">
    <p class='ocr_par' dir='ltr' id='par_1_2' title="bbox 531 314 2122 390">
     <span class='ocr_line' id='line_1_2' title="bbox 531 314 2122 390; baseline -0.004 -14"><span class='ocrx_word' id='word_1_6' title='bbox 531 321 782 382; x_wconf 77' lang='lat' dir='ltr'><strong>vitalem.</strong></span> <span class='ocrx_word' id='word_1_7' title='bbox 817 331 941 390; x_wconf 63' lang='lat' dir='ltr'><strong>qua:</strong></span> <span class='ocrx_word' id='word_1_8' title='bbox 981 315 1223 373; x_wconf 76' lang='lat' dir='ltr'><strong>naturali</strong></span> <span class='ocrx_word' id='word_1_9' title='bbox 1260 314 1638 387; x_wconf 89' lang='lat' dir='ltr'><strong>speculatione</strong></span> <span class='ocrx_word' id='word_1_10' title='bbox 1675 330 1746 372; x_wconf 90' lang='lat' dir='ltr'><strong>ex</strong></span> <span class='ocrx_word' id='word_1_11' title='bbox 1780 329 1965 372; x_wconf 89' lang='lat' dir='ltr'><strong>rerum</strong></span> <span class='ocrx_word' id='word_1_12' title='bbox 1996 330 2122 371; x_wconf 88' lang='lat' dir='ltr'><strong>sen-</strong></span> 
     </span>
    </p>
   </div>
   <div class='ocr_carea' id='block_1_3' title="bbox 2218 306 3826 390">
    <p class='ocr_par' dir='ltr' id='par_1_3' title="bbox 2219 306 3826 384">
     <span class='ocr_line' id='line_1_3' title="bbox 2219 306 3826 384; baseline -0.004 -17"><span class='ocrx_word' id='word_1_13' title='bbox 2219 311 2499 384; x_wconf 85' lang='grc' dir='ltr'>αἰσθητῶν</span> <span class='ocrx_word' id='word_1_14' title='bbox 2527 309 2818 382; x_wconf 77' lang='grc' dir='ltr'><strong>νοημάτων</strong></span> <span class='ocrx_word' id='word_1_15' title='bbox 2862 307 3208 380; x_wconf 73' lang='grc' dir='ltr'>συναγομξνη</span> <span class='ocrx_word' id='word_1_16' title='bbox 3253 307 3479 378; x_wconf 80' lang='grc' dir='ltr'>γνῶσις,</span> <span class='ocrx_word' id='word_1_17' title='bbox 3509 306 3596 361; x_wconf 61' lang='lat' dir='ltr'><strong>cui</strong></span> <span class='ocrx_word' id='word_1_18' title='bbox 3629 308 3826 379; x_wconf 69' lang='grc' dir='ltr'>μέσης</span> 
     </span>
    </p>
   </div>
   <div class='ocr_carea' id='block_1_4' title="bbox 534 397 2122 479">
    <p class='ocr_par' dir='ltr' id='par_1_4' title="bbox 534 406 2119 479">
     <span class='ocr_line' id='line_1_4' title="bbox 534 406 2119 479; baseline -0.004 -11"><span class='ocrx_word' id='word_1_19' title='bbox 534 413 724 468; x_wconf 87' lang='lat' dir='ltr'><strong>stlium</strong></span> <span class='ocrx_word' id='word_1_20' title='bbox 759 408 1123 479; x_wconf 86' lang='lat' dir='ltr'><strong>conceptibus</strong></span> <span class='ocrx_word' id='word_1_21' title='bbox 1153 408 1386 464; x_wconf 88' lang='lat' dir='ltr'><strong>scientia</strong></span> <span class='ocrx_word' id='word_1_22' title='bbox 1414 408 1715 479; x_wconf 73' lang='lat' dir='ltr'><strong>colligitur,</strong></span> <span class='ocrx_word' id='word_1_23' title='bbox 1746 422 1847 479; x_wconf 91' lang='lat' dir='ltr'><strong>per</strong></span> <span class='ocrx_word' id='word_1_24' title='bbox 1880 406 2119 462; x_wconf 90' lang='lat' dir='ltr'><strong>mediam</strong></span> 
     </span>
    </p>
   </div>
   <div class='ocr_carea' id='block_1_5' title="bbox 2218 397 3830 479">
    <p class='ocr_par' dir='ltr' id='par_1_5' title="bbox 2218 397 3830 476">
     <span class='ocr_line' id='line_1_5' title="bbox 2218 397 3830 476; baseline -0.002 -17"><span class='ocrx_word' id='word_1_25' title='bbox 2218 404 2540 476; x_wconf 77' lang='grc' dir='ltr'><strong>διερχομένη</strong></span> <span class='ocrx_word' id='word_1_26' title='bbox 2576 403 2679 475; x_wconf 84' lang='grc' dir='ltr'>τῆς</span> <span class='ocrx_word' id='word_1_27' title='bbox 2730 400 2934 472; x_wconf 79' lang='grc' dir='ltr'>ψυχῆς,</span> <span class='ocrx_word' id='word_1_28' title='bbox 2972 401 3051 466; x_wconf 87' lang='grc' dir='ltr'><strong>ὡς</strong></span> <span class='ocrx_word' id='word_1_29' title='bbox 3079 400 3172 455; x_wconf 84' lang='grc' dir='ltr'><strong>νοῦ</strong></span> <span class='ocrx_word' id='word_1_30' title='bbox 3201 399 3298 454; x_wconf 83' lang='grc' dir='ltr'>καὶ</span> <span class='ocrx_word' id='word_1_31' title='bbox 3335 400 3645 471; x_wconf 80' lang='grc' dir='ltr'>αἰσθήσεως</span> <span class='ocrx_word' id='word_1_32' title='bbox 3673 397 3830 455; x_wconf 76' lang='grc' dir='ltr'>οὖσα.</span> 
     </span>
    </p>
   </div>
   <div class='ocr_carea' id='block_1_6' title="bbox 535 490 2122 575">
    <p class='ocr_par' dir='ltr' id='par_1_6' title="bbox 535 500 2122 575">
     <span class='ocr_line' id='line_1_6' title="bbox 535 500 2122 575; baseline -0.004 -16"><span class='ocrx_word' id='word_1_33' title='bbox 535 505 813 559; x_wconf 89' lang='lat' dir='ltr'><strong>transiens</strong></span> <span class='ocrx_word' id='word_1_34' title='bbox 852 500 1116 562; x_wconf 88' lang='lat' dir='ltr'><strong>animam,</strong></span> <span class='ocrx_word' id='word_1_35' title='bbox 1152 509 1213 555; x_wconf 93' lang='lat' dir='ltr'><strong>ut</strong></span> <span class='ocrx_word' id='word_1_36' title='bbox 1248 515 1370 571; x_wconf 83' lang='lat' dir='ltr'><strong>quae</strong></span> <span class='ocrx_word' id='word_1_37' title='bbox 1411 508 1651 556; x_wconf 79' lang='lat' dir='ltr'><strong>mentem</strong></span> <span class='ocrx_word' id='word_1_38' title='bbox 1690 500 1838 555; x_wconf 87' lang='lat' dir='ltr'><strong>inter</strong></span> <span class='ocrx_word' id='word_1_39' title='bbox 1871 513 2122 575; x_wconf 83' lang='lat' dir='ltr'><strong>sensum-</strong></span> 
     </span>
    </p>
   </div>
   <div class='ocr_carea' id='block_1_7' title="bbox 2218 490 3828 575">
    <p class='ocr_par' dir='ltr' id='par_1_7' title="bbox 2221 490 3828 567">
     <span class='ocr_line' id='line_1_7' title="bbox 2221 490 3828 567; baseline -0.001 -18"><span class='ocrx_word' id='word_1_40' title='bbox 2221 495 2491 567; x_wconf 80' lang='grc' dir='ltr'>μεθόριος.</span> <span class='ocrx_word' id='word_1_41' title='bbox 2520 496 2586 548; x_wconf 86' lang='grc' dir='ltr'><strong>Ἡ</strong></span> <span class='ocrx_word' id='word_1_42' title='bbox 2622 494 2732 566; x_wconf 83' lang='grc' dir='ltr'>γὰρ</span> <span class='ocrx_word' id='word_1_43' title='bbox 2759 493 2959 564; x_wconf 87' lang='grc' dir='ltr'>γνῶσις</span> <span class='ocrx_word' id='word_1_44' title='bbox 2985 493 3094 547; x_wconf 88' lang='grc' dir='ltr'><strong>τῶν</strong></span> <span class='ocrx_word' id='word_1_45' title='bbox 3120 492 3393 563; x_wconf 72' lang='grc' dir='ltr'><strong>αἰσθητῶν</strong></span> <span class='ocrx_word' id='word_1_46' title='bbox 3411 531 3426 556; x_wconf 92' lang='grc'><strong>,</strong></span> <span class='ocrx_word' id='word_1_47' title='bbox 3463 490 3589 545; x_wconf 71' lang='grc' dir='ltr'>οὔτε</span> <span class='ocrx_word' id='word_1_48' title='bbox 3624 493 3828 564; x_wconf 80' lang='grc' dir='ltr'><strong>πάντη</strong></span> 
     </span>
    </p>
   </div>
   <div class='ocr_carea' id='block_1_8' title="bbox 535 584 2122 666">
    <p class='ocr_par' dir='ltr' id='par_1_8' title="bbox 535 589 2119 666">
     <span class='ocr_line' id='line_1_8' title="bbox 535 589 2119 666; baseline -0.003 -17"><span class='ocrx_word' id='word_1_49' title='bbox 535 611 644 666; x_wconf 86' lang='lat' dir='ltr'><strong>que</strong></span> <span class='ocrx_word' id='word_1_50' title='bbox 674 592 908 650; x_wconf 90' lang='lat' dir='ltr'><strong>conﬁnis</strong></span> <span class='ocrx_word' id='word_1_51' title='bbox 936 591 1028 646; x_wconf 89' lang='lat' dir='ltr'><strong>sit.</strong></span> <span class='ocrx_word' id='word_1_52' title='bbox 1056 591 1265 646; x_wconf 81' lang='lat' dir='ltr'><strong>Rerum</strong></span> <span class='ocrx_word' id='word_1_53' title='bbox 1292 591 1441 646; x_wconf 90' lang='lat' dir='ltr'><strong>enim</strong></span> <span class='ocrx_word' id='word_1_54' title='bbox 1472 591 1528 645; x_wconf 92' lang='lat' dir='ltr'><strong>in</strong></span> <span class='ocrx_word' id='word_1_55' title='bbox 1557 606 1779 646; x_wconf 85' lang='lat' dir='ltr'><strong>sensum</strong></span> <span class='ocrx_word' id='word_1_56' title='bbox 1803 589 2119 645; x_wconf 83' lang='lat' dir='ltr'><strong>cadentium</strong></span> 
     </span>
    </p>
   </div>
   <div class='ocr_carea' id='block_1_9' title="bbox 2218 584 3831 666">
    <p class='ocr_par' dir='ltr' id='par_1_9' title="bbox 2218 584 3831 660">
     <span class='ocr_line' id='line_1_9' title="bbox 2218 584 3831 660; baseline -0.002 -18"><span class='ocrx_word' id='word_1_57' title='bbox 2218 590 2411 660; x_wconf 79' lang='grc' dir='ltr'><strong>νοερᾶς</strong></span> <span class='ocrx_word' id='word_1_58' title='bbox 2441 587 2784 655; x_wconf 80' lang='grc' dir='ltr'>ἀπεξένωται</span> <span class='ocrx_word' id='word_1_59' title='bbox 2821 587 3127 656; x_wconf 81' lang='grc' dir='ltr'>δυνάμεως,</span> <span class='ocrx_word' id='word_1_60' title='bbox 3163 584 3288 639; x_wconf 75' lang='grc' dir='ltr'>οὔτε</span> <span class='ocrx_word' id='word_1_61' title='bbox 3311 584 3484 638; x_wconf 79' lang='grc' dir='ltr'><strong>διόλου</strong></span> <span class='ocrx_word' id='word_1_62' title='bbox 3515 586 3831 655; x_wconf 78' lang='grc' dir='ltr'>προσνενέ-</span> 
     </span>
    </p>
   </div>
   <div class='ocr_carea' id='block_1_10' title="bbox 536 680 2118 752">
    <p class='ocr_par' dir='ltr' id='par_1_10' title="bbox 536 680 2118 752">
     <span class='ocr_line' id='line_1_10' title="bbox 536 680 2118 752; baseline -0.003 -13"><span class='ocrx_word' id='word_1_63' title='bbox 536 683 791 747; x_wconf 88' lang='lat' dir='ltr'><strong>scientia,</strong></span> <span class='ocrx_word' id='word_1_64' title='bbox 824 696 929 736; x_wconf 87' lang='lat' dir='ltr'><strong>nec</strong></span> <span class='ocrx_word' id='word_1_65' title='bbox 969 697 1000 736; x_wconf 89' lang='lat' dir='ltr'><strong>a</strong></span> <span class='ocrx_word' id='word_1_66' title='bbox 1040 682 1246 737; x_wconf 87' lang='lat' dir='ltr'><strong>mentis</strong></span> <span class='ocrx_word' id='word_1_67' title='bbox 1289 696 1516 752; x_wconf 81' lang='lat' dir='ltr'><strong>prorsus</strong></span> <span class='ocrx_word' id='word_1_68' title='bbox 1546 681 1813 737; x_wconf 89' lang='lat' dir='ltr'><strong>abhorret</strong></span> <span class='ocrx_word' id='word_1_69' title='bbox 1836 680 2118 744; x_wconf 81' lang='lat' dir='ltr'><strong>facultate,</strong></span> 
     </span>
    </p>
   </div>
   <div class='ocr_carea' id='block_1_11' title="bbox 2221 674 3828 755">
    <p class='ocr_par' dir='ltr' id='par_1_11' title="bbox 2221 674 3828 755">
     <span class='ocr_line' id='line_1_11' title="bbox 2221 674 3828 755; baseline -0.004 -18"><span class='ocrx_word' id='word_1_70' title='bbox 2221 700 2395 755; x_wconf 87' lang='grc' dir='ltr'>μηται</span> <span class='ocrx_word' id='word_1_71' title='bbox 2417 685 2486 754; x_wconf 82' lang='grc' dir='ltr'><strong>τῇ</strong></span> <span class='ocrx_word' id='word_1_72' title='bbox 2513 683 2635 737; x_wconf 85' lang='grc' dir='ltr'>κατ’</span> <span class='ocrx_word' id='word_1_73' title='bbox 2672 680 2929 753; x_wconf 74' lang='grc' dir='ltr'>αἴσθησιν</span> <span class='ocrx_word' id='word_1_74' title='bbox 2980 680 3252 751; x_wconf 74' lang='grc' dir='ltr'>ἐνεργείᾳο</span> <span class='ocrx_word' id='word_1_75' title='bbox 3308 679 3424 734; x_wconf 80' lang='grc' dir='ltr'>ἀλλ’</span> <span class='ocrx_word' id='word_1_76' title='bbox 3469 674 3580 732; x_wconf 74' lang='grc' dir='ltr'>οἷον</span> <span class='ocrx_word' id='word_1_77' title='bbox 3608 678 3720 749; x_wconf 80' lang='grc' dir='ltr'>τῆς</span> <span class='ocrx_word' id='word_1_78' title='bbox 3752 694 3828 730; x_wconf 72' lang='grc' dir='ltr'><strong>τε</strong></span> 
     </span>
    </p>
   </div>
   <div class='ocr_carea' id='block_1_12' title="bbox 534 767 2122 845">
    <p class='ocr_par' dir='ltr' id='par_1_12' title="bbox 534 770 2118 843">
     <span class='ocr_line' id='line_1_12' title="bbox 534 770 2118 843; baseline -0.003 -14"><span class='ocrx_word' id='word_1_79' title='bbox 534 790 639 830; x_wconf 88' lang='lat' dir='ltr'><strong>nec</strong></span> <span class='ocrx_word' id='word_1_80' title='bbox 682 775 738 828; x_wconf 91' lang='lat' dir='ltr'><strong>in</strong></span> <span class='ocrx_word' id='word_1_81' title='bbox 785 772 1024 827; x_wconf 90' lang='lat' dir='ltr'><strong>solidum</strong></span> <span class='ocrx_word' id='word_1_82' title='bbox 1076 772 1388 843; x_wconf 88' lang='lat' dir='ltr'><strong>operationi</strong></span> <span class='ocrx_word' id='word_1_83' title='bbox 1437 788 1635 829; x_wconf 87' lang='lat' dir='ltr'><strong>sensus</strong></span> <span class='ocrx_word' id='word_1_84' title='bbox 1680 772 1974 838; x_wconf 88' lang='lat' dir='ltr'><strong>tribuitur;</strong></span> <span class='ocrx_word' id='word_1_85' title='bbox 2023 770 2118 826; x_wconf 90' lang='lat' dir='ltr'><strong>sed</strong></span> 
     </span>
    </p>
   </div>
   <div class='ocr_carea' id='block_1_13' title="bbox 2218 767 3826 845">
    <p class='ocr_par' dir='ltr' id='par_1_13' title="bbox 2218 767 3826 845">
     <span class='ocr_line' id='line_1_13' title="bbox 2218 767 3826 845; baseline -0.005 -19"><span class='ocrx_word' id='word_1_86' title='bbox 2218 771 2313 827; x_wconf 82' lang='grc' dir='ltr'>τοῦ</span> <span class='ocrx_word' id='word_1_87' title='bbox 2343 772 2437 826; x_wconf 78' lang='grc' dir='ltr'>νοῦ</span> <span class='ocrx_word' id='word_1_88' title='bbox 2477 771 2617 845; x_wconf 82' lang='grc' dir='ltr'>πρὸς</span> <span class='ocrx_word' id='word_1_89' title='bbox 2652 772 2754 842; x_wconf 74' lang='grc' dir='ltr'>τὴν</span> <span class='ocrx_word' id='word_1_90' title='bbox 2795 770 3072 841; x_wconf 76' lang='grc' dir='ltr'>αἴσθησιν,</span> <span class='ocrx_word' id='word_1_91' title='bbox 3112 769 3214 823; x_wconf 72' lang='grc' dir='ltr'>καὶ</span> <span class='ocrx_word' id='word_1_92' title='bbox 3252 769 3393 840; x_wconf 79' lang='grc' dir='ltr'>πρὸς</span> <span class='ocrx_word' id='word_1_93' title='bbox 3420 768 3514 823; x_wconf 69' lang='grc' dir='ltr'>τὸν</span> <span class='ocrx_word' id='word_1_94' title='bbox 3542 767 3676 822; x_wconf 82' lang='grc' dir='ltr'>νοῦν</span> <span class='ocrx_word' id='word_1_95' title='bbox 3712 770 3826 838; x_wconf 79' lang='grc' dir='ltr'>τῆς</span> 
     </span>
    </p>
   </div>
   <div class='ocr_carea' id='block_1_14' title="bbox 534 864 2122 934">
    <p class='ocr_par' dir='ltr' id='par_1_14' title="bbox 534 864 2122 934">
     <span class='ocr_line' id='line_1_14' title="bbox 534 864 2122 934; baseline -0.002 -13"><span class='ocrx_word' id='word_1_96' title='bbox 534 866 690 922; x_wconf 87' lang='lat' dir='ltr'><strong>velut</strong></span> <span class='ocrx_word' id='word_1_97' title='bbox 742 864 956 929; x_wconf 90' lang='lat' dir='ltr'><strong>media,</strong></span> <span class='ocrx_word' id='word_1_98' title='bbox 1004 880 1113 934; x_wconf 89' lang='lat' dir='ltr'><strong>qua</strong></span> <span class='ocrx_word' id='word_1_99' title='bbox 1163 880 1322 921; x_wconf 90' lang='lat' dir='ltr'><strong>mens</strong></span> <span class='ocrx_word' id='word_1_100' title='bbox 1374 880 1502 920; x_wconf 90' lang='lat' dir='ltr'><strong>cum</strong></span> <span class='ocrx_word' id='word_1_101' title='bbox 1571 879 1766 929; x_wconf 89' lang='lat' dir='ltr'><strong>sensu,</strong></span> <span class='ocrx_word' id='word_1_102' title='bbox 1818 879 2122 933; x_wconf 87' lang='lat' dir='ltr'><strong>sensusque</strong></span> 
     </span>
    </p>
   </div>
   <div class='ocr_carea' id='block_1_15' title="bbox 537 952 2124 1022">
    <p class='ocr_par' dir='ltr' id='par_1_15' title="bbox 537 952 2124 1022">
     <span class='ocr_line' id='line_1_15' title="bbox 537 952 2124 1022; baseline -0.003 -12"><span class='ocrx_word' id='word_1_103' title='bbox 537 970 665 1010; x_wconf 89' lang='lat' dir='ltr'><strong>cum</strong></span> <span class='ocrx_word' id='word_1_104' title='bbox 698 962 885 1009; x_wconf 86' lang='lat' dir='ltr'><strong>mente</strong></span> <span class='ocrx_word' id='word_1_105' title='bbox 930 961 1158 1019; x_wconf 87' lang='lat' dir='ltr'><strong>coeunt,</strong></span> <span class='ocrx_word' id='word_1_106' title='bbox 1197 967 1391 1008; x_wconf 88' lang='lat' dir='ltr'><strong>eorum</strong></span> <span class='ocrx_word' id='word_1_107' title='bbox 1440 954 1588 1008; x_wconf 87' lang='lat' dir='ltr'><strong>inter</strong></span> <span class='ocrx_word' id='word_1_108' title='bbox 1625 968 1685 1009; x_wconf 91' lang='lat' dir='ltr'><strong>se</strong></span> <span class='ocrx_word' id='word_1_109' title='bbox 1718 968 1748 1007; x_wconf 97' lang='lat' dir='ltr'><strong>a</strong></span> <span class='ocrx_word' id='word_1_110' title='bbox 1782 952 1964 1022; x_wconf 86' lang='lat' dir='ltr'><strong>seipsa</strong></span> <span class='ocrx_word' id='word_1_111' title='bbox 1991 966 2124 1006; x_wconf 90' lang='lat' dir='ltr'><strong>con-</strong></span> 
     </span>
    </p>
   </div>
   <div class='ocr_carea' id='block_1_16' title="bbox 532 1045 2123 1119">
    <p class='ocr_par' dir='ltr' id='par_1_16' title="bbox 532 1045 2123 1119">
     <span class='ocr_line' id='line_1_16' title="bbox 532 1045 2123 1119; baseline -0.002 -17"><span class='ocrx_word' id='word_1_112' title='bbox 532 1048 881 1119; x_wconf 77' lang='lat' dir='ltr'><strong>iunctionem</strong></span> <span class='ocrx_word' id='word_1_113' title='bbox 911 1045 1046 1101; x_wconf 83' lang='lat' dir='ltr'><strong>facit</strong></span> <span class='ocrx_word' id='word_1_114' title='bbox 1082 1061 1095 1099; x_wconf 89' lang='lat'><strong>:</strong></span> <span class='ocrx_word' id='word_1_115' title='bbox 1134 1060 1299 1100; x_wconf 88' lang='lat' dir='ltr'><strong>sensu</strong></span> <span class='ocrx_word' id='word_1_116' title='bbox 1332 1046 1580 1116; x_wconf 90' lang='lat' dir='ltr'><strong>quidem,</strong></span> <span class='ocrx_word' id='word_1_117' title='bbox 1611 1060 1801 1100; x_wconf 88' lang='lat' dir='ltr'><strong>rerum</strong></span> <span class='ocrx_word' id='word_1_118' title='bbox 1833 1045 2123 1100; x_wconf 87' lang='lat' dir='ltr'><strong>sensilium</strong></span> 
     </span>
    </p>
   </div>
   <div class='ocr_carea' id='block_1_17' title="bbox 538 1133 2122 1207">
    <p class='ocr_par' dir='ltr' id='par_1_17' title="bbox 538 1133 2122 1207">
     <span class='ocr_line' id='line_1_17' title="bbox 538 1133 2122 1207; baseline 0.002 -19"><span class='ocrx_word' id='word_1_119' title='bbox 538 1135 759 1206; x_wconf 84' lang='lat' dir='ltr'><strong>ﬁguris,</strong></span> <span class='ocrx_word' id='word_1_120' title='bbox 807 1134 992 1203; x_wconf 90' lang='lat' dir='ltr'><strong>specie</strong></span> <span class='ocrx_word' id='word_1_121' title='bbox 1042 1133 1309 1201; x_wconf 81' lang='lat' dir='ltr'><strong>formata;</strong></span> <span class='ocrx_word' id='word_1_122' title='bbox 1370 1145 1557 1191; x_wconf 88' lang='lat' dir='ltr'><strong>mente</strong></span> <span class='ocrx_word' id='word_1_123' title='bbox 1604 1150 1766 1200; x_wconf 88' lang='lat' dir='ltr'><strong>vero,</strong></span> <span class='ocrx_word' id='word_1_124' title='bbox 1823 1135 2122 1207; x_wconf 86' lang='lat' dir='ltr'><strong>ﬁgurarum</strong></span> 
     </span>
    </p>
   </div>
   <div class='ocr_carea' id='block_1_18' title="bbox 537 1224 2124 1298">
    <p class='ocr_par' dir='ltr' id='par_1_18' title="bbox 537 1224 2124 1298">
     <span class='ocr_line' id='line_1_18' title="bbox 537 1224 2124 1298; baseline 0.001 -18"><span class='ocrx_word' id='word_1_125' title='bbox 537 1226 750 1280; x_wconf 83' lang='lat' dir='ltr'><strong>formas</strong></span> <span class='ocrx_word' id='word_1_126' title='bbox 773 1224 842 1278; x_wconf 91' lang='lat' dir='ltr'><strong>ad</strong></span> <span class='ocrx_word' id='word_1_127' title='bbox 872 1224 1118 1279; x_wconf 84' lang='lat' dir='ltr'><strong>rationes</strong></span> <span class='ocrx_word' id='word_1_128' title='bbox 1149 1224 1511 1281; x_wconf 77' lang='lat' dir='ltr'><strong>transferens.</strong></span> <span class='ocrx_word' id='word_1_129' title='bbox 1532 1224 1902 1292; x_wconf 85' lang='lat' dir='ltr'><strong>Quamobrem</strong></span> <span class='ocrx_word' id='word_1_130' title='bbox 1933 1228 2124 1298; x_wconf 77' lang='lat' dir='ltr'><strong>ﬂuvius</strong></span> 
     </span>
    </p>
   </div>
   <div class='ocr_carea' id='block_1_19' title="bbox 538 1316 2124 1389">
    <p class='ocr_par' dir='ltr' id='par_1_19' title="bbox 538 1316 2124 1389">
     <span class='ocr_line' id='line_1_19' title="bbox 538 1316 2124 1389; baseline 0.003 -20"><span class='ocrx_word' id='word_1_131' title='bbox 538 1333 632 1387; x_wconf 76' lang='lat' dir='ltr'><strong>per</strong></span> <span class='ocrx_word' id='word_1_132' title='bbox 673 1316 903 1371; x_wconf 84' lang='lat' dir='ltr'><strong>mediam</strong></span> <span class='ocrx_word' id='word_1_133' title='bbox 945 1316 1198 1371; x_wconf 77' lang='lat' dir='ltr'><strong>dirimens</strong></span> <span class='ocrx_word' id='word_1_134' title='bbox 1239 1318 1522 1383; x_wconf 85' lang='lat' dir='ltr'><strong>civitatem,</strong></span> <span class='ocrx_word' id='word_1_135' title='bbox 1560 1317 1762 1373; x_wconf 89' lang='lat' dir='ltr'><strong>merito</strong></span> <span class='ocrx_word' id='word_1_136' title='bbox 1807 1326 2124 1389; x_wconf 82' lang='lat' dir='ltr'><strong>nuncupata</strong></span> 
     </span>
    </p>
   </div>
   <div class='ocr_carea' id='block_1_20' title="bbox 539 1408 2127 1478">
    <p class='ocr_par' dir='ltr' id='par_1_20' title="bbox 539 1408 2127 1478">
     <span class='ocr_line' id='line_1_20' title="bbox 539 1408 2127 1478; baseline 0 -15"><span class='ocrx_word' id='word_1_137' title='bbox 539 1416 627 1463; x_wconf 91' lang='lat' dir='ltr'><strong>est</strong></span> <span class='ocrx_word' id='word_1_138' title='bbox 680 1423 868 1463; x_wconf 90' lang='lat' dir='ltr'><strong>rerum</strong></span> <span class='ocrx_word' id='word_1_139' title='bbox 923 1408 981 1462; x_wconf 89' lang='lat' dir='ltr'><strong>in</strong></span> <span class='ocrx_word' id='word_1_140' title='bbox 1031 1416 1318 1478; x_wconf 83' lang='lat' dir='ltr'><strong>aspectum</strong></span> <span class='ocrx_word' id='word_1_141' title='bbox 1372 1408 1690 1464; x_wconf 87' lang='lat' dir='ltr'><strong>cadentium</strong></span> <span class='ocrx_word' id='word_1_142' title='bbox 1745 1408 2016 1474; x_wconf 87' lang='lat' dir='ltr'><strong>scicntia,</strong></span> <span class='ocrx_word' id='word_1_143' title='bbox 2063 1415 2127 1464; x_wconf 89' lang='lat' dir='ltr'><strong>ut</strong></span> 
     </span>
    </p>
   </div>
   <div class='ocr_carea' id='block_1_21' title="bbox 540 1499 2124 1572">
    <p class='ocr_par' dir='ltr' id='par_1_21' title="bbox 540 1499 2124 1572">
     <span class='ocr_line' id='line_1_21' title="bbox 540 1499 2124 1572; baseline 0.002 -20"><span class='ocrx_word' id='word_1_144' title='bbox 540 1515 664 1568; x_wconf 72' lang='lat' dir='ltr'><strong>qua:</strong></span> <span class='ocrx_word' id='word_1_145' title='bbox 696 1499 937 1554; x_wconf 89' lang='lat' dir='ltr'><strong>duorum</strong></span> <span class='ocrx_word' id='word_1_146' title='bbox 976 1509 1355 1554; x_wconf 85' lang='lat' dir='ltr'><strong>extremorum</strong></span> <span class='ocrx_word' id='word_1_147' title='bbox 1402 1499 1628 1572; x_wconf 85' lang='lat' dir='ltr'><strong>(mentis</strong></span> <span class='ocrx_word' id='word_1_148' title='bbox 1655 1499 1871 1557; x_wconf 87' lang='lat' dir='ltr'><strong>scilicet</strong></span> <span class='ocrx_word' id='word_1_149' title='bbox 1903 1516 1969 1557; x_wconf 91' lang='lat' dir='ltr'><strong>ac</strong></span> <span class='ocrx_word' id='word_1_150' title='bbox 1995 1515 2124 1557; x_wconf 78' lang='lat' dir='ltr'><strong>sen-</strong></span> 
     </span>
    </p>
   </div>
   <div class='ocr_carea' id='block_1_22' title="bbox 539 1588 1309 1656">
    <p class='ocr_par' dir='ltr' id='par_1_22' title="bbox 539 1588 1309 1656">
     <span class='ocr_line' id='line_1_22' title="bbox 539 1588 1309 1656; baseline -0.004 -11"><span class='ocrx_word' id='word_1_151' title='bbox 539 1592 659 1656; x_wconf 77' lang='lat' dir='ltr'><strong>sus)</strong></span> <span class='ocrx_word' id='word_1_152' title='bbox 691 1588 929 1644; x_wconf 90' lang='lat' dir='ltr'><strong>conﬁnis</strong></span> <span class='ocrx_word' id='word_1_153' title='bbox 960 1588 1213 1644; x_wconf 83' lang='lat' dir='ltr'><strong>exsistat.</strong></span> <span class='ocrx_word' id='word_1_154' title='bbox 1300 1623 1309 1631; x_wconf 83' lang='grc'><strong><em>-</em></strong></span> 
     </span>
    </p>
   </div>
   <div class='ocr_carea' id='block_1_23' title="bbox 2219 856 3823 933">
    <p class='ocr_par' dir='ltr' id='par_1_23' title="bbox 2219 856 3823 933">
     <span class='ocr_line' id='line_1_23' title="bbox 2219 856 3823 933; baseline 0.003 -18"><span class='ocrx_word' id='word_1_155' title='bbox 2219 861 2528 933; x_wconf 78' lang='grc' dir='ltr'>αἰσθήσεως</span> <span class='ocrx_word' id='word_1_156' title='bbox 2574 860 2839 933; x_wconf 80' lang='grc' dir='ltr'>συνόδου,</span> <span class='ocrx_word' id='word_1_157' title='bbox 2874 860 3018 931; x_wconf 82' lang='grc' dir='ltr'>μέση</span> <span class='ocrx_word' id='word_1_158' title='bbox 3076 857 3459 929; x_wconf 72' lang='grc' dir='ltr'>τυγχάνουσαι</span> <span class='ocrx_word' id='word_1_159' title='bbox 3496 856 3568 909; x_wconf 76' lang='grc' dir='ltr'><strong>δι’</strong></span> <span class='ocrx_word' id='word_1_160' title='bbox 3600 857 3823 924; x_wconf 73' lang='grc' dir='ltr'>ἑαυτῆς</span> 
     </span>
    </p>
   </div>
   <div class='ocr_carea' id='block_1_24' title="bbox 2219 949 3824 1027">
    <p class='ocr_par' dir='ltr' id='par_1_24' title="bbox 2219 949 3824 1027">
     <span class='ocr_line' id='line_1_24' title="bbox 2219 949 3824 1027; baseline -0.005 -19"><span class='ocrx_word' id='word_1_161' title='bbox 2219 956 2458 1009; x_wconf 83' lang='grc' dir='ltr'>ποιεῖται</span> <span class='ocrx_word' id='word_1_162' title='bbox 2496 954 2598 1025; x_wconf 82' lang='grc' dir='ltr'>τὴν</span> <span class='ocrx_word' id='word_1_163' title='bbox 2636 953 2778 1027; x_wconf 77' lang='grc' dir='ltr'>πρὸς</span> <span class='ocrx_word' id='word_1_164' title='bbox 2809 952 3017 1023; x_wconf 77' lang='grc' dir='ltr'>ἄλληλα</span> <span class='ocrx_word' id='word_1_165' title='bbox 3059 950 3267 1005; x_wconf 86' lang='grc' dir='ltr'>τούτων</span> <span class='ocrx_word' id='word_1_166' title='bbox 3301 949 3620 1020; x_wconf 80' lang='grc' dir='ltr'>συνάφειαν’</span> <span class='ocrx_word' id='word_1_167' title='bbox 3668 950 3824 1002; x_wconf 70' lang='grc' dir='ltr'>κατά</span> 
     </span>
    </p>
   </div>
   <div class='ocr_carea' id='block_1_25' title="bbox 2223 1035 3824 1113">
    <p class='ocr_par' dir='ltr' id='par_1_25' title="bbox 2223 1035 3824 1113">
     <span class='ocr_line' id='line_1_25' title="bbox 2223 1035 3824 1113; baseline -0.004 -17"><span class='ocrx_word' id='word_1_168' title='bbox 2223 1041 2323 1113; x_wconf 83' lang='grc' dir='ltr'>μὲν</span> <span class='ocrx_word' id='word_1_169' title='bbox 2349 1040 2446 1113; x_wconf 84' lang='grc' dir='ltr'>τὴν</span> <span class='ocrx_word' id='word_1_170' title='bbox 2478 1040 2756 1112; x_wconf 75' lang='grc' dir='ltr'>αἴσθησιν,</span> <span class='ocrx_word' id='word_1_171' title='bbox 2776 1042 2901 1094; x_wconf 80' lang='grc' dir='ltr'>κατ’</span> <span class='ocrx_word' id='word_1_172' title='bbox 2934 1035 3074 1104; x_wconf 82' lang='grc' dir='ltr'>εῐδος</span> <span class='ocrx_word' id='word_1_173' title='bbox 3090 1039 3409 1108; x_wconf 81' lang='grc' dir='ltr'>τυπουμένη</span> <span class='ocrx_word' id='word_1_174' title='bbox 3438 1040 3551 1100; x_wconf 84' lang='grc' dir='ltr'>τοῖς</span> <span class='ocrx_word' id='word_1_175' title='bbox 3584 1037 3824 1108; x_wconf 79' lang='grc' dir='ltr'>σχήμα-</span> 
     </span>
    </p>
   </div>
   <div class='ocr_carea' id='block_1_26' title="bbox 2223 1128 3821 1205">
    <p class='ocr_par' dir='ltr' id='par_1_26' title="bbox 2223 1128 3821 1205">
     <span class='ocr_line' id='line_1_26' title="bbox 2223 1128 3821 1205; baseline -0.004 -19"><span class='ocrx_word' id='word_1_176' title='bbox 2223 1149 2278 1187; x_wconf 90' lang='grc' dir='ltr'><strong>σι</strong></span> <span class='ocrx_word' id='word_1_177' title='bbox 2305 1132 2414 1187; x_wconf 87' lang='grc' dir='ltr'><strong>τῶν</strong></span> <span class='ocrx_word' id='word_1_178' title='bbox 2469 1132 2764 1205; x_wconf 80' lang='grc' dir='ltr'><strong>αἰσθητῶν·</strong></span> <span class='ocrx_word' id='word_1_179' title='bbox 2796 1130 2941 1188; x_wconf 87' lang='grc' dir='ltr'><strong>κατά</strong></span> <span class='ocrx_word' id='word_1_180' title='bbox 2967 1130 3025 1184; x_wconf 73' lang='grc' dir='ltr'>δὲ</span> <span class='ocrx_word' id='word_1_181' title='bbox 3070 1128 3163 1184; x_wconf 81' lang='grc' dir='ltr'>τὸν</span> <span class='ocrx_word' id='word_1_182' title='bbox 3189 1129 3335 1194; x_wconf 81' lang='grc' dir='ltr'>νοῦν,</span> <span class='ocrx_word' id='word_1_183' title='bbox 3381 1128 3463 1193; x_wconf 87' lang='grc' dir='ltr'>εἰς</span> <span class='ocrx_word' id='word_1_184' title='bbox 3490 1128 3696 1196; x_wconf 80' lang='grc' dir='ltr'>λόγους</span> <span class='ocrx_word' id='word_1_185' title='bbox 3737 1130 3821 1197; x_wconf 76' lang='lat' dir='ltr'><strong>(n)</strong></span> 
     </span>
    </p>
   </div>
   <div class='ocr_carea' id='block_1_27' title="bbox 2221 1220 3817 1294">
    <p class='ocr_par' dir='ltr' id='par_1_27' title="bbox 2221 1220 3817 1294">
     <span class='ocr_line' id='line_1_27' title="bbox 2221 1220 3817 1294; baseline -0.003 -18"><span class='ocrx_word' id='word_1_186' title='bbox 2221 1222 2332 1277; x_wconf 82' lang='grc' dir='ltr'><strong>τῶν</strong></span> <span class='ocrx_word' id='word_1_187' title='bbox 2355 1224 2651 1294; x_wconf 79' lang='grc' dir='ltr'><strong>σχημάτων</strong></span> <span class='ocrx_word' id='word_1_188' title='bbox 2675 1223 2804 1287; x_wconf 75' lang='grc' dir='ltr'>τοὺς</span> <span class='ocrx_word' id='word_1_189' title='bbox 2833 1223 3042 1288; x_wconf 78' lang='grc' dir='ltr'>τύπους</span> <span class='ocrx_word' id='word_1_190' title='bbox 3070 1220 3537 1294; x_wconf 79' lang='grc' dir='ltr'>μεταϐιϐάζουσα.</span> <span class='ocrx_word' id='word_1_191' title='bbox 3572 1220 3675 1273; x_wconf 80' lang='grc' dir='ltr'>Διδ</span> <span class='ocrx_word' id='word_1_192' title='bbox 3717 1237 3817 1272; x_wconf 64' lang='grc' dir='ltr'>ποι</span> 
     </span>
    </p>
   </div>
   <div class='ocr_carea' id='block_1_28' title="bbox 2221 1313 3824 1387">
    <p class='ocr_par' dir='ltr' id='par_1_28' title="bbox 2221 1313 3824 1387">
     <span class='ocr_line' id='line_1_28' title="bbox 2221 1313 3824 1387; baseline -0.003 -20"><span class='ocrx_word' id='word_1_193' title='bbox 2221 1313 2397 1385; x_wconf 79' lang='grc' dir='ltr'>ταμὸς</span> <span class='ocrx_word' id='word_1_194' title='bbox 2421 1314 2670 1387; x_wconf 80' lang='grc' dir='ltr'>διορίζων</span> <span class='ocrx_word' id='word_1_195' title='bbox 2690 1313 2780 1369; x_wconf 84' lang='grc' dir='ltr'><strong>διὰ</strong></span> <span class='ocrx_word' id='word_1_196' title='bbox 2801 1313 2974 1386; x_wconf 79' lang='grc' dir='ltr'>μέσης</span> <span class='ocrx_word' id='word_1_197' title='bbox 2993 1315 3092 1385; x_wconf 81' lang='grc' dir='ltr'>τῆς</span> <span class='ocrx_word' id='word_1_198' title='bbox 3115 1313 3348 1379; x_wconf 85' lang='grc' dir='ltr'>πόλεως,</span> <span class='ocrx_word' id='word_1_199' title='bbox 3379 1313 3608 1375; x_wconf 87' lang='grc' dir='ltr'>εἰκότως</span> <span class='ocrx_word' id='word_1_200' title='bbox 3640 1328 3757 1381; x_wconf 79' lang='grc' dir='ltr'><strong>προ</strong></span> <span class='ocrx_word' id='word_1_201' title='bbox 3769 1328 3824 1362; x_wconf 77' lang='lat'><strong>:-</strong></span> 
     </span>
    </p>
   </div>
   <div class='ocr_carea' id='block_1_29' title="bbox 2221 1405 3820 1479">
    <p class='ocr_par' dir='ltr' id='par_1_29' title="bbox 2221 1405 3820 1479">
     <span class='ocr_line' id='line_1_29' title="bbox 2221 1405 3820 1479; baseline 0.001 -21"><span class='ocrx_word' id='word_1_202' title='bbox 2221 1405 2500 1478; x_wconf 86' lang='grc' dir='ltr'>ηγορεύθη</span> <span class='ocrx_word' id='word_1_203' title='bbox 2527 1406 2638 1460; x_wconf 89' lang='grc' dir='ltr'><strong>τῶν</strong></span> <span class='ocrx_word' id='word_1_204' title='bbox 2673 1406 2967 1479; x_wconf 84' lang='grc' dir='ltr'>ὁρωμένων</span> <span class='ocrx_word' id='word_1_205' title='bbox 2995 1408 3030 1478; x_wconf 80' lang='grc' dir='ltr'><strong>ἡ</strong></span> <span class='ocrx_word' id='word_1_206' title='bbox 3081 1406 3308 1475; x_wconf 86' lang='grc' dir='ltr'>γνῶσις,</span> <span class='ocrx_word' id='word_1_207' title='bbox 3339 1405 3417 1470; x_wconf 82' lang='grc' dir='ltr'>ὡς</span> <span class='ocrx_word' id='word_1_208' title='bbox 3451 1405 3565 1460; x_wconf 87' lang='grc' dir='ltr'><strong>τῶν</strong></span> <span class='ocrx_word' id='word_1_209' title='bbox 3600 1405 3820 1476; x_wconf 74' lang='grc' dir='ltr'>ἄκρων,</span> 
     </span>
    </p>
   </div>
   <div class='ocr_carea' id='block_1_30' title="bbox 2224 1492 3592 1569">
    <p class='ocr_par' dir='ltr' id='par_1_30' title="bbox 2224 1492 3592 1569">
     <span class='ocr_line' id='line_1_30' title="bbox 2224 1492 3592 1569; baseline 0 -20"><span class='ocrx_word' id='word_1_210' title='bbox 2224 1494 2368 1565; x_wconf 80' lang='grc' dir='ltr'>λέγω</span> <span class='ocrx_word' id='word_1_211' title='bbox 2385 1495 2443 1550; x_wconf 81' lang='grc' dir='ltr'>δὲ</span> <span class='ocrx_word' id='word_1_212' title='bbox 2470 1496 2563 1550; x_wconf 82' lang='grc' dir='ltr'>νοῦ</span> <span class='ocrx_word' id='word_1_213' title='bbox 2585 1496 2681 1551; x_wconf 78' lang='grc' dir='ltr'>καὶ</span> <span class='ocrx_word' id='word_1_214' title='bbox 2716 1496 3043 1569; x_wconf 85' lang='grc' dir='ltr'>αἰσθήσεως,</span> <span class='ocrx_word' id='word_1_215' title='bbox 3071 1492 3211 1554; x_wconf 78' lang='grc' dir='ltr'>οὖσα</span> <span class='ocrx_word' id='word_1_216' title='bbox 3238 1496 3592 1569; x_wconf 82' lang='grc' dir='ltr'>μεταίχμιος.</span> 
     </span>
    </p>
   </div>
   <div class='ocr_carea' id='block_1_31' title="bbox 615 1654 2122 1750">
    <p class='ocr_par' dir='ltr' id='par_1_31' title="bbox 615 1654 2122 1750">
     <span class='ocr_line' id='line_1_31' title="bbox 615 1654 2122 1750; baseline 0 -16"><span class='ocrx_word' id='word_1_217' title='bbox 615 1654 704 1734; x_wconf 73' lang='grc'><strong>82.</strong></span> <span class='ocrx_word' id='word_1_218' title='bbox 745 1678 873 1746; x_wconf 85' lang='lat' dir='ltr'><strong>Qui,</strong></span> <span class='ocrx_word' id='word_1_219' title='bbox 910 1695 1022 1749; x_wconf 93' lang='lat' dir='ltr'><strong>quo</strong></span> <span class='ocrx_word' id='word_1_220' title='bbox 1069 1688 1320 1749; x_wconf 90' lang='lat' dir='ltr'><strong>tempore</strong></span> <span class='ocrx_word' id='word_1_221' title='bbox 1367 1678 1662 1750; x_wconf 79' lang='lat' dir='ltr'><strong>insurgunt</strong></span> <span class='ocrx_word' id='word_1_222' title='bbox 1705 1677 2062 1745; x_wconf 89' lang='lat' dir='ltr'><strong>tentationes,</strong></span> <span class='ocrx_word' id='word_1_223' title='bbox 2093 1693 2122 1734; x_wconf 90' lang='lat' dir='ltr'><strong>a</strong></span> 
     </span>
    </p>
   </div>
   <div class='ocr_carea' id='block_1_32' title="bbox 2218 1654 3827 1750">
    <p class='ocr_par' dir='ltr' id='par_1_32' title="bbox 2296 1654 3827 1743">
     <span class='ocr_line' id='line_1_32' title="bbox 2296 1654 3827 1743; baseline -0.003 -20"><span class='ocrx_word' id='word_1_224' title='bbox 2296 1669 2407 1741; x_wconf 86' lang='grc' dir='ltr'><strong>πβ’.</strong></span> <span class='ocrx_word' id='word_1_225' title='bbox 2459 1668 2522 1725; x_wconf 88' lang='grc' dir='ltr'><strong>Ὀ</strong></span> <span class='ocrx_word' id='word_1_226' title='bbox 2555 1669 2699 1725; x_wconf 88' lang='grc' dir='ltr'><strong>κατά</strong></span> <span class='ocrx_word' id='word_1_227' title='bbox 2719 1672 2815 1725; x_wconf 68' lang='grc' dir='ltr'>τὶν</span> <span class='ocrx_word' id='word_1_228' title='bbox 2844 1654 3162 1743; x_wconf 64' lang='grc' dir='ltr'>καιρδν’ἶτῆς</span> <span class='ocrx_word' id='word_1_229' title='bbox 3193 1669 3306 1727; x_wconf 84' lang='grc' dir='ltr'><strong>τῶν</strong></span> <span class='ocrx_word' id='word_1_230' title='bbox 3354 1667 3689 1741; x_wconf 78' lang='grc' dir='ltr'>πειρασμῶν</span> <span class='ocrx_word' id='word_1_231' title='bbox 3723 1667 3827 1719; x_wconf 75' lang='grc' dir='ltr'><strong>ἑπ-</strong></span> 
     </span>
    </p>
   </div>
   <div class='ocr_carea' id='block_1_33' title="bbox 539 1770 2124 1842">
    <p class='ocr_par' dir='ltr' id='par_1_33' title="bbox 539 1770 2124 1842">
     <span class='ocr_line' id='line_1_33' title="bbox 539 1770 2124 1842; baseline -0.001 -16"><span class='ocrx_word' id='word_1_232' title='bbox 539 1771 782 1826; x_wconf 86' lang='lat' dir='ltr'><strong>naturali</strong></span> <span class='ocrx_word' id='word_1_233' title='bbox 849 1786 909 1827; x_wconf 90' lang='lat' dir='ltr'><strong>se</strong></span> <span class='ocrx_word' id='word_1_234' title='bbox 957 1770 1336 1841; x_wconf 89' lang='lat' dir='ltr'><strong>speculatione</strong></span> <span class='ocrx_word' id='word_1_235' title='bbox 1387 1771 1663 1838; x_wconf 85' lang='lat' dir='ltr'><strong>abstinet,</strong></span> <span class='ocrx_word' id='word_1_236' title='bbox 1723 1771 2018 1842; x_wconf 89' lang='lat' dir='ltr'><strong>animoque</strong></span> <span class='ocrx_word' id='word_1_237' title='bbox 2065 1770 2124 1825; x_wconf 90' lang='lat' dir='ltr'><strong>in</strong></span> 
     </span>
    </p>
   </div>
   <div class='ocr_carea' id='block_1_34' title="bbox 540 1862 2127 1935">
    <p class='ocr_par' dir='ltr' id='par_1_34' title="bbox 540 1862 2127 1935">
     <span class='ocr_line' id='line_1_34' title="bbox 540 1862 2127 1935; baseline 0 -18"><span class='ocrx_word' id='word_1_238' title='bbox 540 1862 785 1933; x_wconf 88' lang='lat' dir='ltr'><strong>seipsum</strong></span> <span class='ocrx_word' id='word_1_239' title='bbox 833 1877 899 1917; x_wconf 90' lang='lat' dir='ltr'><strong>ac</strong></span> <span class='ocrx_word' id='word_1_240' title='bbox 939 1862 1112 1917; x_wconf 90' lang='lat' dir='ltr'><strong>Deum</strong></span> <span class='ocrx_word' id='word_1_241' title='bbox 1158 1862 1228 1916; x_wconf 91' lang='lat' dir='ltr'><strong>ab</strong></span> <span class='ocrx_word' id='word_1_242' title='bbox 1264 1863 1523 1918; x_wconf 90' lang='lat' dir='ltr'><strong>omnibus</strong></span> <span class='ocrx_word' id='word_1_243' title='bbox 1575 1863 1829 1935; x_wconf 88' lang='lat' dir='ltr'><strong>collecto,</strong></span> <span class='ocrx_word' id='word_1_244' title='bbox 1867 1862 2127 1933; x_wconf 88' lang='lat' dir='ltr'><strong>precibus</strong></span> 
     </span>
    </p>
   </div>
   <div class='ocr_carea' id='block_1_35' title="bbox 541 1953 2123 2025">
    <p class='ocr_par' dir='ltr' id='par_1_35' title="bbox 541 1953 2123 2025">
     <span class='ocr_line' id='line_1_35' title="bbox 541 1953 2123 2025; baseline 0.001 -17"><span class='ocrx_word' id='word_1_245' title='bbox 541 1954 764 2019; x_wconf 84' lang='lat' dir='ltr'><strong>studet,</strong></span> <span class='ocrx_word' id='word_1_246' title='bbox 819 1953 1073 2008; x_wconf 89' lang='lat' dir='ltr'><strong>habitum</strong></span> <span class='ocrx_word' id='word_1_247' title='bbox 1132 1953 1262 2009; x_wconf 88' lang='lat' dir='ltr'><strong>mali</strong></span> <span class='ocrx_word' id='word_1_248' title='bbox 1315 1962 1602 2025; x_wconf 89' lang='lat' dir='ltr'><strong>parentem</strong></span> <span class='ocrx_word' id='word_1_249' title='bbox 1658 1953 1958 2021; x_wconf 88' lang='lat' dir='ltr'><strong>interimit;</strong></span> <span class='ocrx_word' id='word_1_250' title='bbox 2021 1969 2123 2023; x_wconf 91' lang='lat' dir='ltr'><strong>ac,</strong></span> 
     </span>
    </p>
   </div>
   <div class='ocr_carea' id='block_1_36' title="bbox 539 2041 2125 2115">
    <p class='ocr_par' dir='ltr' id='par_1_36' title="bbox 539 2041 2125 2115">
     <span class='ocr_line' id='line_1_36' title="bbox 539 2041 2125 2115; baseline 0.003 -19"><span class='ocrx_word' id='word_1_251' title='bbox 539 2058 706 2113; x_wconf 86' lang='lat' dir='ltr'><strong>quem</strong></span> <span class='ocrx_word' id='word_1_252' title='bbox 757 2041 872 2097; x_wconf 78' lang='lat' dir='ltr'><strong>dixi</strong></span> <span class='ocrx_word' id='word_1_253' title='bbox 922 2042 1176 2097; x_wconf 88' lang='lat' dir='ltr'><strong>habitum</strong></span> <span class='ocrx_word' id='word_1_254' title='bbox 1227 2053 1634 2115; x_wconf 86' lang='lat' dir='ltr'><strong>suggerentem,</strong></span> <span class='ocrx_word' id='word_1_255' title='bbox 1670 2044 1956 2100; x_wconf 89' lang='lat' dir='ltr'><strong>diabolum</strong></span> <span class='ocrx_word' id='word_1_256' title='bbox 1997 2060 2125 2103; x_wconf 89' lang='lat' dir='ltr'><strong>cum</strong></span> 
     </span>
    </p>
   </div>
   <div class='ocr_carea' id='block_1_37' title="bbox 543 2133 2126 2207">
    <p class='ocr_par' dir='ltr' id='par_1_37' title="bbox 543 2133 2126 2207">
     <span class='ocr_line' id='line_1_37' title="bbox 543 2133 2126 2207; baseline 0.004 -20"><span class='ocrx_word' id='word_1_257' title='bbox 543 2133 761 2203; x_wconf 88' lang='lat' dir='ltr'><strong>pudore</strong></span> <span class='ocrx_word' id='word_1_258' title='bbox 799 2135 1005 2189; x_wconf 85' lang='lat' dir='ltr'><strong>reverti</strong></span> <span class='ocrx_word' id='word_1_259' title='bbox 1029 2136 1176 2206; x_wconf 80' lang='lat' dir='ltr'><strong>cogit</strong></span> <span class='ocrx_word' id='word_1_260' title='bbox 1210 2152 1224 2190; x_wconf 88' lang='lat'><strong>:</strong></span> <span class='ocrx_word' id='word_1_261' title='bbox 1254 2151 1364 2206; x_wconf 92' lang='lat' dir='ltr'><strong>quo</strong></span> <span class='ocrx_word' id='word_1_262' title='bbox 1398 2151 1595 2207; x_wconf 85' lang='lat' dir='ltr'><strong>nempe</strong></span> <span class='ocrx_word' id='word_1_263' title='bbox 1633 2136 1829 2203; x_wconf 80' lang='lat' dir='ltr'><strong>fretus,</strong></span> <span class='ocrx_word' id='word_1_264' title='bbox 1858 2152 1984 2192; x_wconf 91' lang='lat' dir='ltr'><strong>eum</strong></span> <span class='ocrx_word' id='word_1_265' title='bbox 2025 2153 2126 2193; x_wconf 91' lang='lat' dir='ltr'><strong>sua</strong></span> 
     </span>
    </p>
   </div>
   <div class='ocr_carea' id='block_1_38' title="bbox 540 2224 2127 2300">
    <p class='ocr_par' dir='ltr' id='par_1_38' title="bbox 540 2224 2127 2300">
     <span class='ocr_line' id='line_1_38' title="bbox 540 2224 2127 2300; baseline 0.004 -22"><span class='ocrx_word' id='word_1_266' title='bbox 540 2224 633 2279; x_wconf 89' lang='lat' dir='ltr'><strong>ille</strong></span> <span class='ocrx_word' id='word_1_267' title='bbox 682 2226 1003 2296; x_wconf 81' lang='lat' dir='ltr'><strong>arrogantia</strong></span> <span class='ocrx_word' id='word_1_268' title='bbox 1048 2227 1102 2281; x_wconf 91' lang='lat' dir='ltr'><strong>in</strong></span> <span class='ocrx_word' id='word_1_269' title='bbox 1155 2226 1400 2282; x_wconf 89' lang='lat' dir='ltr'><strong>animum</strong></span> <span class='ocrx_word' id='word_1_270' title='bbox 1442 2237 1692 2296; x_wconf 81' lang='lat' dir='ltr'><strong>venerat,</strong></span> <span class='ocrx_word' id='word_1_271' title='bbox 1736 2229 1994 2300; x_wconf 86' lang='lat' dir='ltr'><strong>superbis</strong></span> <span class='ocrx_word' id='word_1_272' title='bbox 2029 2228 2127 2284; x_wconf 82' lang='lat' dir='ltr'><strong>ad-</strong></span> 
     </span>
    </p>
   </div>
   <div class='ocr_carea' id='block_1_39' title="bbox 538 2317 2124 2389">
    <p class='ocr_par' dir='ltr' id='par_1_39' title="bbox 538 2317 2124 2389">
     <span class='ocr_line' id='line_1_39' title="bbox 538 2317 2124 2389; baseline 0.004 -19"><span class='ocrx_word' id='word_1_273' title='bbox 538 2330 739 2372; x_wconf 87' lang='lat' dir='ltr'><strong>versus</strong></span> <span class='ocrx_word' id='word_1_274' title='bbox 761 2317 1049 2372; x_wconf 86' lang='lat' dir='ltr'><strong>veritatem</strong></span> <span class='ocrx_word' id='word_1_275' title='bbox 1076 2317 1506 2389; x_wconf 80' lang='lat' dir='ltr'><strong>cogitationibus</strong></span> <span class='ocrx_word' id='word_1_276' title='bbox 1525 2321 1725 2376; x_wconf 88' lang='lat' dir='ltr'><strong>elatus.</strong></span> <span class='ocrx_word' id='word_1_277' title='bbox 1742 2319 1802 2376; x_wconf 79' lang='grc' dir='ltr'><strong>ω</strong></span> <span class='ocrx_word' id='word_1_278' title='bbox 1824 2336 1957 2376; x_wconf 90' lang='lat' dir='ltr'><strong>vero</strong></span> <span class='ocrx_word' id='word_1_279' title='bbox 1980 2319 2124 2376; x_wconf 82' lang='lat' dir='ltr'><strong>forte</strong></span> 
     </span>
    </p>
   </div>
   <div class='ocr_carea' id='block_1_40' title="bbox 540 2406 2126 2481">
    <p class='ocr_par' dir='ltr' id='par_1_40' title="bbox 540 2406 2126 2481">
     <span class='ocr_line' id='line_1_40' title="bbox 540 2406 2126 2481; baseline 0.005 -22"><span class='ocrx_word' id='word_1_280' title='bbox 540 2420 773 2476; x_wconf 83' lang='lat' dir='ltr'><strong>magnus</strong></span> <span class='ocrx_word' id='word_1_281' title='bbox 814 2406 984 2461; x_wconf 85' lang='lat' dir='ltr'><strong>David</strong></span> <span class='ocrx_word' id='word_1_282' title='bbox 1029 2421 1155 2462; x_wconf 91' lang='lat' dir='ltr'><strong>eum</strong></span> <span class='ocrx_word' id='word_1_283' title='bbox 1196 2409 1565 2479; x_wconf 86' lang='lat' dir='ltr'><strong>cognovisset,</strong></span> <span class='ocrx_word' id='word_1_284' title='bbox 1602 2426 1906 2481; x_wconf 87' lang='lat' dir='ltr'><strong>passusque</strong></span> <span class='ocrx_word' id='word_1_285' title='bbox 1938 2420 1996 2467; x_wconf 90' lang='lat' dir='ltr'><strong>et</strong></span> <span class='ocrx_word' id='word_1_286' title='bbox 2031 2426 2126 2467; x_wconf 82' lang='lat' dir='ltr'><strong>ex-</strong></span> 
     </span>
    </p>
   </div>
   <div class='ocr_carea' id='block_1_41' title="bbox 539 2502 2125 2575">
    <p class='ocr_par' dir='ltr' id='par_1_41' title="bbox 539 2502 2125 2575">
     <span class='ocr_line' id='line_1_41' title="bbox 539 2502 2125 2575; baseline 0.006 -24"><span class='ocrx_word' id='word_1_287' title='bbox 539 2508 735 2569; x_wconf 90' lang='lat' dir='ltr'><strong>pertus</strong></span> <span class='ocrx_word' id='word_1_288' title='bbox 778 2508 924 2555; x_wconf 89' lang='lat' dir='ltr'><strong>esset</strong></span> <span class='ocrx_word' id='word_1_289' title='bbox 965 2508 1131 2571; x_wconf 89' lang='lat' dir='ltr'><strong>atque</strong></span> <span class='ocrx_word' id='word_1_290' title='bbox 1172 2502 1395 2573; x_wconf 85' lang='lat' dir='ltr'><strong>egisset,</strong></span> <span class='ocrx_word' id='word_1_291' title='bbox 1432 2504 1680 2559; x_wconf 89' lang='lat' dir='ltr'><strong>omnium</strong></span> <span class='ocrx_word' id='word_1_292' title='bbox 1724 2504 1842 2575; x_wconf 90' lang='lat' dir='ltr'><strong>ipse</strong></span> <span class='ocrx_word' id='word_1_293' title='bbox 1889 2505 2125 2562; x_wconf 82' lang='lat' dir='ltr'><strong>maxime</strong></span> 
     </span>
    </p>
   </div>
   <div class='ocr_carea' id='block_1_42' title="bbox 540 2588 2123 2663">
    <p class='ocr_par' dir='ltr' id='par_1_42' title="bbox 540 2588 2123 2663">
     <span class='ocr_line' id='line_1_42' title="bbox 540 2588 2123 2663; baseline 0.006 -22"><span class='ocrx_word' id='word_1_294' title='bbox 540 2588 872 2658; x_wconf 76' lang='lat' dir='ltr'><strong>spiritalium</strong></span> <span class='ocrx_word' id='word_1_295' title='bbox 918 2589 1190 2646; x_wconf 88' lang='lat' dir='ltr'><strong>bellorum</strong></span> <span class='ocrx_word' id='word_1_296' title='bbox 1226 2593 1439 2663; x_wconf 86' lang='lat' dir='ltr'><strong>peritus</strong></span> <span class='ocrx_word' id='word_1_297' title='bbox 1470 2611 1484 2647; x_wconf 89' lang='lat'><strong>:</strong></span> <span class='ocrx_word' id='word_1_298' title='bbox 1511 2592 1642 2650; x_wconf 84' lang='lat' dir='ltr'><strong>Cum</strong></span> <span class='ocrx_word' id='word_1_299' title='bbox 1681 2597 2005 2663; x_wconf 73' lang='lat' dir='ltr'><strong>consisteret,</strong></span> <span class='ocrx_word' id='word_1_300' title='bbox 2037 2596 2123 2650; x_wconf 86' lang='lat' dir='ltr'><strong>in-</strong></span> 
     </span>
    </p>
   </div>
   <div class='ocr_carea' id='block_1_43' title="bbox 539 2678 2123 2751">
    <p class='ocr_par' dir='ltr' id='par_1_43' title="bbox 539 2678 2123 2751">
     <span class='ocr_line' id='line_1_43' title="bbox 539 2678 2123 2751; baseline 0.008 -20"><span class='ocrx_word' id='word_1_301' title='bbox 539 2678 681 2747; x_wconf 89' lang='lat' dir='ltr'><strong>quit,</strong></span> <span class='ocrx_word' id='word_1_302' title='bbox 712 2688 954 2750; x_wconf 72' lang='lat' dir='ltr'><strong>peccator</strong></span> <span class='ocrx_word' id='word_1_303' title='bbox 986 2680 1266 2737; x_wconf 84' lang='lat' dir='ltr'><strong>adversum</strong></span> <span class='ocrx_word' id='word_1_304' title='bbox 1304 2700 1410 2745; x_wconf 80' lang='lat' dir='ltr'><strong>me,</strong></span> <span class='ocrx_word' id='word_1_305' title='bbox 1440 2685 1698 2751; x_wconf 80' lang='lat' dir='ltr'><strong>obmutui,</strong></span> <span class='ocrx_word' id='word_1_306' title='bbox 1731 2694 1778 2741; x_wconf 87' lang='lat' dir='ltr'><strong>et</strong></span> <span class='ocrx_word' id='word_1_307' title='bbox 1813 2687 2123 2744; x_wconf 80' lang='lat' dir='ltr'><strong>humiliatus</strong></span> 
     </span>
    </p>
   </div>
   <div class='ocr_carea' id='block_1_44' title="bbox 538 2770 2124 2847">
    <p class='ocr_par' dir='ltr' id='par_1_44' title="bbox 538 2770 2124 2847">
     <span class='ocr_line' id='line_1_44' title="bbox 538 2770 2124 2847; baseline 0.009 -25"><span class='ocrx_word' id='word_1_308' title='bbox 538 2784 658 2823; x_wconf 85' lang='lat' dir='ltr'><strong>sum</strong></span> <span class='ocrx_word' id='word_1_309' title='bbox 696 2779 748 2823; x_wconf 84' lang='lat' dir='ltr'><strong>et</strong></span> <span class='ocrx_word' id='word_1_310' title='bbox 784 2770 910 2825; x_wconf 83' lang='lat' dir='ltr'><strong>silui</strong></span> <span class='ocrx_word' id='word_1_311' title='bbox 955 2788 987 2825; x_wconf 90' lang='lat' dir='ltr'><strong>a</strong></span> <span class='ocrx_word' id='word_1_312' title='bbox 1033 2771 1181 2829; x_wconf 82' lang='lat' dir='ltr'><strong>bonis</strong></span> <span class='ocrx_word' id='word_1_313' title='bbox 1211 2774 1278 2827; x_wconf 72' lang='grc' dir='ltr'><strong>τί.</strong></span> <span class='ocrx_word' id='word_1_314' title='bbox 1323 2774 1592 2847; x_wconf 83' lang='lat' dir='ltr'><strong>Huncque</strong></span> <span class='ocrx_word' id='word_1_315' title='bbox 1635 2789 1861 2836; x_wconf 87' lang='lat' dir='ltr'><strong>secutus</strong></span> <span class='ocrx_word' id='word_1_316' title='bbox 1902 2779 2124 2836; x_wconf 83' lang='lat' dir='ltr'><strong>divinus</strong></span> 
     </span>
    </p>
   </div>
   <div class='ocr_carea' id='block_1_45' title="bbox 539 2859 2123 2944">
    <p class='ocr_par' dir='ltr' id='par_1_45' title="bbox 539 2859 2123 2944">
     <span class='ocr_line' id='line_1_45' title="bbox 539 2859 2123 2944; baseline 0.009 -30"><span class='ocrx_word' id='word_1_317' title='bbox 539 2859 828 2925; x_wconf 81' lang='lat' dir='ltr'><strong>Jeremias,</strong></span> <span class='ocrx_word' id='word_1_318' title='bbox 860 2863 1066 2934; x_wconf 90' lang='lat' dir='ltr'><strong>jubens</strong></span> <span class='ocrx_word' id='word_1_319' title='bbox 1112 2865 1340 2935; x_wconf 82' lang='lat' dir='ltr'><strong>pOpulo,</strong></span> <span class='ocrx_word' id='word_1_320' title='bbox 1384 2881 1455 2921; x_wconf 89' lang='lat' dir='ltr'><strong>ne</strong></span> <span class='ocrx_word' id='word_1_321' title='bbox 1501 2867 1573 2922; x_wconf 94' lang='lat' dir='ltr'><strong>ob</strong></span> <span class='ocrx_word' id='word_1_322' title='bbox 1625 2868 1836 2925; x_wconf 90' lang='lat' dir='ltr'><strong>circum</strong></span> <span class='ocrx_word' id='word_1_323' title='bbox 1878 2872 2123 2944; x_wconf 88' lang='lat' dir='ltr'><strong>undique</strong></span> 
     </span>
    </p>
   </div>
   <div class='ocr_carea' id='block_1_46' title="bbox 540 2955 1980 3029">
    <p class='ocr_par' dir='ltr' id='par_1_46' title="bbox 540 2955 1980 3029">
     <span class='ocr_line' id='line_1_46' title="bbox 540 2955 1980 3029; baseline 0.009 -23"><span class='ocrx_word' id='word_1_324' title='bbox 540 2964 845 3010; x_wconf 86' lang='lat' dir='ltr'><strong>morantem</strong></span> <span class='ocrx_word' id='word_1_325' title='bbox 878 2955 1122 3012; x_wconf 81' lang='lat' dir='ltr'><strong>hostium</strong></span> <span class='ocrx_word' id='word_1_326' title='bbox 1152 2956 1417 3029; x_wconf 86' lang='lat' dir='ltr'><strong>gladium,</strong></span> <span class='ocrx_word' id='word_1_327' title='bbox 1445 2958 1667 3016; x_wconf 90' lang='lat' dir='ltr'><strong>civitate</strong></span> <span class='ocrx_word' id='word_1_328' title='bbox 1696 2962 1878 3018; x_wconf 80' lang='lat' dir='ltr'><strong>exiret</strong></span> <span class='ocrx_word' id='word_1_329' title='bbox 1910 2963 1980 3019; x_wconf 83' lang='lat'><strong>&quot;.</strong></span> 
     </span>
    </p>
   </div>
   <div class='ocr_carea' id='block_1_47' title="bbox 610 3214 2121 3295">
    <p class='ocr_par' dir='ltr' id='par_1_47' title="bbox 610 3214 2121 3295">
     <span class='ocr_line' id='line_1_47' title="bbox 610 3214 2121 3295; baseline 0.009 -26"><span class='ocrx_word' id='word_1_330' title='bbox 610 3215 698 3270; x_wconf 80' lang='lat'><strong>83.</strong></span> <span class='ocrx_word' id='word_1_331' title='bbox 735 3214 907 3287; x_wconf 82' lang='lat' dir='ltr'><strong>Igitur</strong></span> <span class='ocrx_word' id='word_1_332' title='bbox 943 3217 1110 3274; x_wconf 90' lang='lat' dir='ltr'><strong>etiam</strong></span> <span class='ocrx_word' id='word_1_333' title='bbox 1162 3219 1356 3277; x_wconf 89' lang='lat' dir='ltr'><strong>beatus</strong></span> <span class='ocrx_word' id='word_1_334' title='bbox 1395 3222 1567 3289; x_wconf 86' lang='lat' dir='ltr'><strong>Abel,</strong></span> <span class='ocrx_word' id='word_1_335' title='bbox 1609 3225 1886 3295; x_wconf 90' lang='lat' dir='ltr'><strong>siquidem</strong></span> <span class='ocrx_word' id='word_1_336' title='bbox 1925 3227 2121 3285; x_wconf 88' lang='lat' dir='ltr'><strong>obser-</strong></span> 
     </span>
    </p>
   </div>
   <div class='ocr_carea' id='block_1_48' title="bbox 538 3309 2123 3388">
    <p class='ocr_par' dir='ltr' id='par_1_48' title="bbox 538 3309 2123 3388">
     <span class='ocr_line' id='line_1_48' title="bbox 538 3309 2123 3388; baseline 0.011 -29"><span class='ocrx_word' id='word_1_337' title='bbox 538 3315 744 3372; x_wconf 85' lang='lat' dir='ltr'><strong>vasset,</strong></span> <span class='ocrx_word' id='word_1_338' title='bbox 778 3323 884 3363; x_wconf 90' lang='lat' dir='ltr'><strong>nec</strong></span> <span class='ocrx_word' id='word_1_339' title='bbox 913 3324 1022 3363; x_wconf 91' lang='lat' dir='ltr'><strong>una</strong></span> <span class='ocrx_word' id='word_1_340' title='bbox 1050 3325 1175 3364; x_wconf 89' lang='lat' dir='ltr'><strong>cum</strong></span> <span class='ocrx_word' id='word_1_341' title='bbox 1202 3309 1338 3366; x_wconf 87' lang='lat' dir='ltr'><strong>Cain</strong></span> <span class='ocrx_word' id='word_1_342' title='bbox 1372 3313 1430 3368; x_wconf 90' lang='lat' dir='ltr'><strong>in</strong></span> <span class='ocrx_word' id='word_1_343' title='bbox 1456 3329 1709 3385; x_wconf 89' lang='lat' dir='ltr'><strong>campum</strong></span> <span class='ocrx_word' id='word_1_344' title='bbox 1744 3317 1876 3388; x_wconf 87' lang='lat' dir='ltr'><strong>(lata</strong></span> <span class='ocrx_word' id='word_1_345' title='bbox 1910 3320 2123 3376; x_wconf 89' lang='lat' dir='ltr'><strong>scilicet</strong></span> 
     </span>
    </p>
   </div>
   <div class='ocr_carea' id='block_1_49' title="bbox 541 3398 2124 3479">
    <p class='ocr_par' dir='ltr' id='par_1_49' title="bbox 541 3398 2124 3479">
     <span class='ocr_line' id='line_1_49' title="bbox 541 3398 2124 3479; baseline 0.01 -29"><span class='ocrx_word' id='word_1_346' title='bbox 541 3398 811 3454; x_wconf 89' lang='lat' dir='ltr'><strong>naturalis</strong></span> <span class='ocrx_word' id='word_1_347' title='bbox 843 3401 1262 3473; x_wconf 87' lang='lat' dir='ltr'><strong>speculationis)</strong></span> <span class='ocrx_word' id='word_1_348' title='bbox 1294 3404 1519 3471; x_wconf 79' lang='lat' dir='ltr'><strong>exisset,</strong></span> <span class='ocrx_word' id='word_1_349' title='bbox 1552 3407 1790 3463; x_wconf 81' lang='lat' dir='ltr'><strong>necdum</strong></span> <span class='ocrx_word' id='word_1_350' title='bbox 1827 3418 1988 3479; x_wconf 88' lang='lat' dir='ltr'><strong>parto</strong></span> <span class='ocrx_word' id='word_1_351' title='bbox 2021 3411 2124 3466; x_wconf 88' lang='lat' dir='ltr'><strong>im-</strong></span> 
     </span>
    </p>
   </div>
   <div class='ocr_carea' id='block_1_50' title="bbox 540 3490 2119 3575">
    <p class='ocr_par' dir='ltr' id='par_1_50' title="bbox 540 3490 2119 3575">
     <span class='ocr_line' id='line_1_50' title="bbox 540 3490 2119 3575; baseline 0.012 -34"><span class='ocrx_word' id='word_1_352' title='bbox 540 3490 981 3558; x_wconf 80' lang='lat' dir='ltr'><strong>perturbalionis</strong></span> <span class='ocrx_word' id='word_1_353' title='bbox 1030 3493 1262 3562; x_wconf 90' lang='lat' dir='ltr'><strong>habitu,</strong></span> <span class='ocrx_word' id='word_1_354' title='bbox 1317 3513 1598 3568; x_wconf 88' lang='lat' dir='ltr'><strong>nunquam</strong></span> <span class='ocrx_word' id='word_1_355' title='bbox 1652 3500 1743 3556; x_wconf 82' lang='lat' dir='ltr'><strong>ille</strong></span> <span class='ocrx_word' id='word_1_356' title='bbox 1794 3501 2119 3575; x_wconf 87' lang='lat' dir='ltr'><strong>insurgens,</strong></span> 
     </span>
    </p>
   </div>
   <div class='ocr_carea' id='block_1_51' title="bbox 502 3579 2121 3664">
    <p class='ocr_par' dir='ltr' id='par_1_51' title="bbox 502 3579 2121 3664">
     <span class='ocr_line' id='line_1_51' title="bbox 502 3579 2121 3664; baseline 0.011 -30"><span class='ocrx_word' id='word_1_357' title='bbox 502 3620 505 3623; x_wconf 90' lang='grc'><strong>-</strong></span> <span class='ocrx_word' id='word_1_358' title='bbox 541 3579 670 3635; x_wconf 88' lang='lat' dir='ltr'><strong>dolo</strong></span> <span class='ocrx_word' id='word_1_359' title='bbox 704 3581 1001 3638; x_wconf 89' lang='lat' dir='ltr'><strong>occidisset</strong></span> <span class='ocrx_word' id='word_1_360' title='bbox 1027 3584 1075 3617; x_wconf 67' lang='grc'>⁷⁸</span> <span class='ocrx_word' id='word_1_361' title='bbox 1103 3603 1117 3639; x_wconf 89' lang='lat'><strong>:</strong></span> <span class='ocrx_word' id='word_1_362' title='bbox 1149 3586 1240 3642; x_wconf 80' lang='lat' dir='ltr'><strong>lex</strong></span> <span class='ocrx_word' id='word_1_363' title='bbox 1274 3588 1488 3644; x_wconf 88' lang='lat' dir='ltr'><strong>scilicet</strong></span> <span class='ocrx_word' id='word_1_364' title='bbox 1516 3591 1699 3646; x_wconf 89' lang='lat' dir='ltr'><strong>carnis</strong></span> <span class='ocrx_word' id='word_1_365' title='bbox 1735 3590 1878 3664; x_wconf 69' lang='lat' dir='ltr'><strong>(quae</strong></span> <span class='ocrx_word' id='word_1_366' title='bbox 1907 3602 1965 3649; x_wconf 89' lang='lat' dir='ltr'><strong>et</strong></span> <span class='ocrx_word' id='word_1_367' title='bbox 1986 3594 2121 3651; x_wconf 85' lang='lat' dir='ltr'><strong>Cain</strong></span> 
     </span>
    </p>
   </div>
   <div class='ocr_carea' id='block_1_52' title="bbox 539 3682 2121 3756">
    <p class='ocr_par' dir='ltr' id='par_1_52' title="bbox 539 3682 2121 3756">
     <span class='ocr_line' id='line_1_52' title="bbox 539 3682 2121 3756; baseline 0.01 -27"><span class='ocrx_word' id='word_1_368' title='bbox 539 3684 627 3730; x_wconf 88' lang='lat' dir='ltr'><strong>est</strong></span> <span class='ocrx_word' id='word_1_369' title='bbox 666 3684 725 3731; x_wconf 87' lang='lat' dir='ltr'><strong>et</strong></span> <span class='ocrx_word' id='word_1_370' title='bbox 768 3686 1158 3751; x_wconf 89' lang='lat' dir='ltr'><strong>nuncupatur)</strong></span> <span class='ocrx_word' id='word_1_371' title='bbox 1208 3682 1410 3752; x_wconf 86' lang='lat' dir='ltr'><strong>lepidis</strong></span> <span class='ocrx_word' id='word_1_372' title='bbox 1457 3684 1797 3756; x_wconf 80' lang='lat' dir='ltr'><strong>faustisque,</strong></span> <span class='ocrx_word' id='word_1_373' title='bbox 1845 3687 1994 3744; x_wconf 90' lang='lat' dir='ltr'><strong>inter</strong></span> <span class='ocrx_word' id='word_1_374' title='bbox 2030 3706 2121 3746; x_wconf 89' lang='lat' dir='ltr'><strong>res</strong></span> 
     </span>
    </p>
   </div>
   <div class='ocr_carea' id='block_1_53' title="bbox 539 3775 2120 3855">
    <p class='ocr_par' dir='ltr' id='par_1_53' title="bbox 539 3775 2120 3855">
     <span class='ocr_line' id='line_1_53' title="bbox 539 3775 2120 3855; baseline 0.011 -28"><span class='ocrx_word' id='word_1_375' title='bbox 539 3776 927 3844; x_wconf 89' lang='lat' dir='ltr'><strong>speculandas,</strong></span> <span class='ocrx_word' id='word_1_376' title='bbox 952 3775 1168 3847; x_wconf 80' lang='lat' dir='ltr'><strong>fallens,</strong></span> <span class='ocrx_word' id='word_1_377' title='bbox 1209 3795 1336 3836; x_wconf 92' lang='lat' dir='ltr'><strong>cum</strong></span> <span class='ocrx_word' id='word_1_378' title='bbox 1375 3781 1608 3837; x_wconf 89' lang='lat' dir='ltr'><strong>necdum</strong></span> <span class='ocrx_word' id='word_1_379' title='bbox 1645 3785 1895 3855; x_wconf 79' lang='lat' dir='ltr'><strong>perfecto</strong></span> <span class='ocrx_word' id='word_1_380' title='bbox 1928 3787 2120 3845; x_wconf 88' lang='lat' dir='ltr'><strong>habitu</strong></span> 
     </span>
    </p>
   </div>
   <div class='ocr_carea' id='block_1_54' title="bbox 542 3863 1050 3925">
    <p class='ocr_par' dir='ltr' id='par_1_54' title="bbox 542 3863 1050 3925">
     <span class='ocr_line' id='line_1_54' title="bbox 542 3863 1050 3925; baseline 0.016 -8"><span class='ocrx_word' id='word_1_381' title='bbox 542 3863 850 3922; x_wconf 82' lang='lat' dir='ltr'><strong>instructus</strong></span> <span class='ocrx_word' id='word_1_382' title='bbox 881 3879 1050 3925; x_wconf 91' lang='lat' dir='ltr'><strong>esset.</strong></span> 
     </span>
    </p>
   </div>
   <div class='ocr_carea' id='block_1_55' title="bbox 610 3954 2119 4039">
    <p class='ocr_par' dir='ltr' id='par_1_55' title="bbox 610 3954 2119 4039">
     <span class='ocr_line' id='line_1_55' title="bbox 610 3954 2119 4039; baseline 0.01 -28"><span class='ocrx_word' id='word_1_383' title='bbox 610 3955 701 4011; x_wconf 63' lang='grc'><strong>86.</strong></span> <span class='ocrx_word' id='word_1_384' title='bbox 743 3954 922 4011; x_wconf 90' lang='lat' dir='ltr'><strong>Simili</strong></span> <span class='ocrx_word' id='word_1_385' title='bbox 968 3973 1189 4029; x_wconf 89' lang='lat' dir='ltr'><strong>quoque</strong></span> <span class='ocrx_word' id='word_1_386' title='bbox 1231 3959 1447 4018; x_wconf 87' lang='lat' dir='ltr'><strong>ratione</strong></span> <span class='ocrx_word' id='word_1_387' title='bbox 1495 3962 1669 4030; x_wconf 89' lang='lat' dir='ltr'><strong>Dina,</strong></span> <span class='ocrx_word' id='word_1_388' title='bbox 1717 3967 1900 4039; x_wconf 84' lang='lat' dir='ltr'><strong>magni</strong></span> <span class='ocrx_word' id='word_1_389' title='bbox 1948 3968 2119 4039; x_wconf 73' lang='lat' dir='ltr'><strong>Iacob</strong></span> 
     </span>
    </p>
   </div>
   <div class='ocr_carea' id='block_1_56' title="bbox 541 4031 2120 4132">
    <p class='ocr_par' dir='ltr' id='par_1_56' title="bbox 541 4031 2120 4132">
     <span class='ocr_line' id='line_1_56' title="bbox 541 4031 2120 4132; baseline 0.013 -34"><span class='ocrx_word' id='word_1_390' title='bbox 541 4045 683 4109; x_wconf 89' lang='lat' dir='ltr'><strong>ﬁlia,</strong></span> <span class='ocrx_word' id='word_1_391' title='bbox 728 4045 839 4101; x_wconf 90' lang='lat' dir='ltr'><strong>nisi</strong></span> <span class='ocrx_word' id='word_1_392' title='bbox 882 4061 1008 4102; x_wconf 91' lang='lat' dir='ltr'><strong>cum</strong></span> <span class='ocrx_word' id='word_1_393' title='bbox 1053 4049 1488 4122; x_wconf 84' lang='lat' dir='ltr'><strong>alienigenarum</strong></span> <span class='ocrx_word' id='word_1_394' title='bbox 1533 4054 1753 4112; x_wconf 87' lang='lat' dir='ltr'><strong>ﬁliabus</strong></span> <span class='ocrx_word' id='word_1_395' title='bbox 1795 4031 2120 4132; x_wconf 42' lang='lat' dir='ltr'><strong>(vsentien’tis</strong></span> 
     </span>
    </p>
   </div>
   <div class='ocr_carea' id='block_1_57' title="bbox 2226 1759 3825 1834">
    <p class='ocr_par' dir='ltr' id='par_1_57' title="bbox 2226 1759 3825 1834">
     <span class='ocr_line' id='line_1_57' title="bbox 2226 1759 3825 1834; baseline -0.004 -17"><span class='ocrx_word' id='word_1_396' title='bbox 2226 1761 2597 1828; x_wconf 76' lang='grc' dir='ltr'>αναστάσεως,</span> <span class='ocrx_word' id='word_1_397' title='bbox 2627 1762 2727 1833; x_wconf 81' lang='grc' dir='ltr'>τῆς</span> <span class='ocrx_word' id='word_1_398' title='bbox 2761 1764 2900 1834; x_wconf 87' lang='grc' dir='ltr'><strong>μετά</strong></span> <span class='ocrx_word' id='word_1_399' title='bbox 2929 1763 3166 1833; x_wconf 81' lang='grc' dir='ltr'>φυσικῆς</span> <span class='ocrx_word' id='word_1_400' title='bbox 3187 1760 3523 1832; x_wconf 82' lang='grc' dir='ltr'><strong>ἀπεχόμενος</strong></span> <span class='ocrx_word' id='word_1_401' title='bbox 3546 1759 3825 1829; x_wconf 82' lang='grc' dir='ltr'>θεωρίας,</span> 
     </span>
    </p>
   </div>
   <div class='ocr_carea' id='block_1_58' title="bbox 2224 1852 3826 1926">
    <p class='ocr_par' dir='ltr' id='par_1_58' title="bbox 2224 1852 3826 1926">
     <span class='ocr_line' id='line_1_58' title="bbox 2224 1852 3826 1926; baseline -0.002 -19"><span class='ocrx_word' id='word_1_402' title='bbox 2224 1854 2325 1926; x_wconf 84' lang='grc' dir='ltr'>τῆς</span> <span class='ocrx_word' id='word_1_403' title='bbox 2345 1853 2402 1908; x_wconf 85' lang='grc' dir='ltr'>δὲ</span> <span class='ocrx_word' id='word_1_404' title='bbox 2428 1854 2740 1926; x_wconf 78' lang='grc' dir='ltr'>προσευχῆς</span> <span class='ocrx_word' id='word_1_405' title='bbox 2769 1856 2909 1909; x_wconf 88' lang='grc' dir='ltr'><strong>κατά</strong></span> <span class='ocrx_word' id='word_1_406' title='bbox 2944 1855 3040 1926; x_wconf 83' lang='grc' dir='ltr'>τὴν</span> <span class='ocrx_word' id='word_1_407' title='bbox 3078 1856 3145 1909; x_wconf 76' lang='grc' dir='ltr'>ἐκ</span> <span class='ocrx_word' id='word_1_408' title='bbox 3174 1854 3393 1908; x_wconf 84' lang='grc' dir='ltr'>πάντων</span> <span class='ocrx_word' id='word_1_409' title='bbox 3431 1852 3571 1925; x_wconf 66' lang='grc' dir='ltr'>πρὸς</span> <span class='ocrx_word' id='word_1_410' title='bbox 3620 1852 3826 1905; x_wconf 71' lang='grc' dir='ltr'>ἑαυτὸν</span> 
     </span>
    </p>
   </div>
   <div class='ocr_carea' id='block_1_59' title="bbox 2224 1940 3823 2019">
    <p class='ocr_par' dir='ltr' id='par_1_59' title="bbox 2224 1940 3823 2019">
     <span class='ocr_line' id='line_1_59' title="bbox 2224 1940 3823 2019; baseline -0.002 -19"><span class='ocrx_word' id='word_1_411' title='bbox 2224 1962 2287 2000; x_wconf 81' lang='grc' dir='ltr'><strong>τε</strong></span> <span class='ocrx_word' id='word_1_412' title='bbox 2307 1947 2402 2001; x_wconf 75' lang='grc' dir='ltr'><strong>καὶ</strong></span> <span class='ocrx_word' id='word_1_413' title='bbox 2434 1946 2527 2001; x_wconf 73' lang='grc' dir='ltr'><strong>τὸν</strong></span> <span class='ocrx_word' id='word_1_414' title='bbox 2550 1945 2686 2001; x_wconf 79' lang='grc' dir='ltr'><strong>Θεὸν</strong></span> <span class='ocrx_word' id='word_1_415' title='bbox 2712 1945 2808 2001; x_wconf 81' lang='grc' dir='ltr'>τοῦ</span> <span class='ocrx_word' id='word_1_416' title='bbox 2840 1945 2934 2001; x_wconf 84' lang='grc' dir='ltr'>νοῦ</span> <span class='ocrx_word' id='word_1_417' title='bbox 2962 1944 3230 2019; x_wconf 83' lang='grc' dir='ltr'>συστολὴν</span> <span class='ocrx_word' id='word_1_418' title='bbox 3260 1940 3648 2017; x_wconf 84' lang='grc' dir='ltr'>ἀντεχόμενος,</span> <span class='ocrx_word' id='word_1_419' title='bbox 3675 1945 3823 1998; x_wconf 70' lang='grc' dir='ltr'>ἁπο-</span> 
     </span>
    </p>
   </div>
   <div class='ocr_carea' id='block_1_60' title="bbox 2225 2035 3825 2110">
    <p class='ocr_par' dir='ltr' id='par_1_60' title="bbox 2225 2035 3825 2110">
     <span class='ocr_line' id='line_1_60' title="bbox 2225 2035 3825 2110; baseline -0.001 -19"><span class='ocrx_word' id='word_1_420' title='bbox 2225 2037 2430 2092; x_wconf 85' lang='grc' dir='ltr'>κτείνει</span> <span class='ocrx_word' id='word_1_421' title='bbox 2464 2038 2566 2109; x_wconf 78' lang='grc' dir='ltr'>τὴν</span> <span class='ocrx_word' id='word_1_422' title='bbox 2605 2037 2899 2110; x_wconf 76' lang='grc' dir='ltr'>ποιητικὴν</span> <span class='ocrx_word' id='word_1_423' title='bbox 2946 2039 3047 2108; x_wconf 83' lang='grc' dir='ltr'>τῆς</span> <span class='ocrx_word' id='word_1_424' title='bbox 3095 2035 3298 2102; x_wconf 81' lang='grc' dir='ltr'>κακίας</span> <span class='ocrx_word' id='word_1_425' title='bbox 3342 2036 3478 2104; x_wconf 71' lang='grc' dir='ltr'>ἕξιν,</span> <span class='ocrx_word' id='word_1_426' title='bbox 3521 2035 3627 2089; x_wconf 73' lang='grc' dir='ltr'>καὶ</span> <span class='ocrx_word' id='word_1_427' title='bbox 3675 2036 3825 2089; x_wconf 74' lang='grc' dir='ltr'>ἀπο-</span> 
     </span>
    </p>
   </div>
   <div class='ocr_carea' id='block_1_61' title="bbox 2227 2114 3825 2202">
    <p class='ocr_par' dir='ltr' id='par_1_61' title="bbox 2227 2114 3825 2202">
     <span class='ocr_line' id='line_1_61' title="bbox 2227 2114 3825 2202; baseline -0.002 -19"><span class='ocrx_word' id='word_1_428' title='bbox 2227 2114 2453 2202; x_wconf 78' lang='grc' dir='ltr'>στρέφει</span> <span class='ocrx_word' id='word_1_429' title='bbox 2489 2130 2607 2202; x_wconf 71' lang='grc' dir='ltr'>μετ’</span> <span class='ocrx_word' id='word_1_430' title='bbox 2639 2130 2906 2202; x_wconf 79' lang='grc' dir='ltr'>αἰσχύνης</span> <span class='ocrx_word' id='word_1_431' title='bbox 2948 2129 3040 2183; x_wconf 76' lang='grc' dir='ltr'>τὸν</span> <span class='ocrx_word' id='word_1_432' title='bbox 3067 2128 3339 2196; x_wconf 84' lang='grc' dir='ltr'>διάϐολον,</span> <span class='ocrx_word' id='word_1_433' title='bbox 3365 2126 3825 2198; x_wconf 77' lang='grc' dir='ltr'>ὑποϐαλλόμενον</span> 
     </span>
    </p>
   </div>
   <div class='ocr_carea' id='block_1_62' title="bbox 2223 2217 3823 2297">
    <p class='ocr_par' dir='ltr' id='par_1_62' title="bbox 2223 2217 3823 2297">
     <span class='ocr_line' id='line_1_62' title="bbox 2223 2217 3823 2297; baseline -0.001 -22"><span class='ocrx_word' id='word_1_434' title='bbox 2223 2221 2325 2295; x_wconf 80' lang='grc' dir='ltr'>τὴν</span> <span class='ocrx_word' id='word_1_435' title='bbox 2363 2223 2663 2295; x_wconf 79' lang='grc' dir='ltr'><strong>εἰρημένην</strong></span> <span class='ocrx_word' id='word_1_436' title='bbox 2707 2222 2844 2290; x_wconf 71' lang='grc' dir='ltr'>ἕξιν,</span> <span class='ocrx_word' id='word_1_437' title='bbox 2899 2224 2985 2292; x_wconf 72' lang='grc' dir='ltr'><strong>ἐφ’</strong></span> <span class='ocrx_word' id='word_1_438' title='bbox 3108 2219 3391 2285; x_wconf 80' lang='grc' dir='ltr'>πεποιθὼς</span> <span class='ocrx_word' id='word_1_439' title='bbox 3425 2221 3564 2291; x_wconf 87' lang='grc' dir='ltr'><strong>μετά</strong></span> <span class='ocrx_word' id='word_1_440' title='bbox 3598 2224 3709 2290; x_wconf 77' lang='grc' dir='ltr'>τῆς</span> <span class='ocrx_word' id='word_1_441' title='bbox 3736 2221 3823 2274; x_wconf 80' lang='grc' dir='ltr'><strong>οἰ-</strong></span> 
     </span>
    </p>
   </div>
   <div class='ocr_carea' id='block_1_63' title="bbox 2225 2312 3822 2388">
    <p class='ocr_par' dir='ltr' id='par_1_63' title="bbox 2225 2312 3822 2388">
     <span class='ocr_line' id='line_1_63' title="bbox 2225 2312 3822 2388; baseline -0.001 -18"><span class='ocrx_word' id='word_1_442' title='bbox 2225 2315 2380 2380; x_wconf 81' lang='grc' dir='ltr'>κείας</span> <span class='ocrx_word' id='word_1_443' title='bbox 2404 2315 2729 2382; x_wconf 75' lang='grc' dir='ltr'>ἀλαζονείας</span> <span class='ocrx_word' id='word_1_444' title='bbox 2782 2312 2918 2388; x_wconf 80' lang='grc' dir='ltr'>ἦλθε</span> <span class='ocrx_word' id='word_1_445' title='bbox 2962 2315 3099 2387; x_wconf 76' lang='grc' dir='ltr'>πρὸς</span> <span class='ocrx_word' id='word_1_446' title='bbox 3160 2317 3262 2386; x_wconf 78' lang='grc' dir='ltr'>τὴν</span> <span class='ocrx_word' id='word_1_447' title='bbox 3297 2314 3498 2386; x_wconf 73' lang='grc' dir='ltr'>ψυχὴν,</span> <span class='ocrx_word' id='word_1_448' title='bbox 3554 2314 3652 2368; x_wconf 86' lang='grc' dir='ltr'><strong>διά</strong></span> <span class='ocrx_word' id='word_1_449' title='bbox 3706 2314 3822 2368; x_wconf 78' lang='grc' dir='ltr'><strong>τῶν</strong></span> 
     </span>
    </p>
   </div>
   <div class='ocr_carea' id='block_1_64' title="bbox 2224 2395 3819 2481">
    <p class='ocr_par' dir='ltr' id='par_1_64' title="bbox 2224 2395 3819 2481">
     <span class='ocr_line' id='line_1_64' title="bbox 2224 2395 3819 2481; baseline 0.001 -20"><span class='ocrx_word' id='word_1_450' title='bbox 2224 2395 2593 2481; x_wconf 80' lang='grc' dir='ltr'><strong>ὑπερηφάνων</strong></span> <span class='ocrx_word' id='word_1_451' title='bbox 2622 2406 2901 2481; x_wconf 79' lang='grc' dir='ltr'>λογισμῶν</span> <span class='ocrx_word' id='word_1_452' title='bbox 2915 2408 3016 2480; x_wconf 85' lang='grc' dir='ltr'><strong>τῆς</strong></span> <span class='ocrx_word' id='word_1_453' title='bbox 3030 2407 3293 2481; x_wconf 75' lang='grc' dir='ltr'>ἀληθείας</span> <span class='ocrx_word' id='word_1_454' title='bbox 3318 2408 3819 2480; x_wconf 71' lang='grc' dir='ltr'>κατεπαιρόμενοςο</span> 
     </span>
    </p>
   </div>
   <div class='ocr_carea' id='block_1_65' title="bbox 2224 2499 3822 2573">
    <p class='ocr_par' dir='ltr' id='par_1_65' title="bbox 2224 2499 3822 2573">
     <span class='ocr_line' id='line_1_65' title="bbox 2224 2499 3822 2573; baseline 0.001 -20"><span class='ocrx_word' id='word_1_455' title='bbox 2224 2499 2361 2573; x_wconf 83' lang='grc' dir='ltr'>ὅπερ</span> <span class='ocrx_word' id='word_1_456' title='bbox 2384 2500 2561 2571; x_wconf 44' lang='grc' dir='ltr'>,τυχὸν</span> <span class='ocrx_word' id='word_1_457' title='bbox 2593 2501 2688 2556; x_wconf 76' lang='grc' dir='ltr'>καὶ</span> <span class='ocrx_word' id='word_1_458' title='bbox 2724 2501 2889 2570; x_wconf 78' lang='grc' dir='ltr'>γνοὺς</span> <span class='ocrx_word' id='word_1_459' title='bbox 2921 2502 3017 2556; x_wconf 77' lang='grc' dir='ltr'>καὶ</span> <span class='ocrx_word' id='word_1_460' title='bbox 3047 2500 3236 2556; x_wconf 87' lang='grc' dir='ltr'>παθὼν</span> <span class='ocrx_word' id='word_1_461' title='bbox 3254 2501 3359 2565; x_wconf 43' lang='grc' dir='ltr'>,καὶ</span> <span class='ocrx_word' id='word_1_462' title='bbox 3390 2501 3680 2573; x_wconf 76' lang='grc' dir='ltr'>ποιήσαςό</span> <span class='ocrx_word' id='word_1_463' title='bbox 3714 2500 3822 2572; x_wconf 73' lang='grc' dir='ltr'><strong>μέ-</strong></span> 
     </span>
    </p>
   </div>
   <div class='ocr_carea' id='block_1_66' title="bbox 2224 2592 3819 2665">
    <p class='ocr_par' dir='ltr' id='par_1_66' title="bbox 2224 2592 3819 2665">
     <span class='ocr_line' id='line_1_66' title="bbox 2224 2592 3819 2665; baseline -0.001 -18"><span class='ocrx_word' id='word_1_464' title='bbox 2224 2608 2327 2662; x_wconf 87' lang='grc' dir='ltr'><strong>γας</strong></span> <span class='ocrx_word' id='word_1_465' title='bbox 2351 2592 2549 2660; x_wconf 75' lang='grc' dir='ltr'>Δαϐἰδ,</span> <span class='ocrx_word' id='word_1_466' title='bbox 2576 2594 2606 2647; x_wconf 88' lang='grc' dir='ltr'><strong>ό</strong></span> <span class='ocrx_word' id='word_1_467' title='bbox 2632 2593 2853 2648; x_wconf 88' lang='grc' dir='ltr'>πάντων</span> <span class='ocrx_word' id='word_1_468' title='bbox 2900 2592 3137 2664; x_wconf 83' lang='grc' dir='ltr'>μάλιστα</span> <span class='ocrx_word' id='word_1_469' title='bbox 3171 2595 3370 2665; x_wconf 87' lang='grc' dir='ltr'>πεῖραν</span> <span class='ocrx_word' id='word_1_470' title='bbox 3399 2592 3538 2664; x_wconf 73' lang='grc' dir='ltr'>ἔχων</span> <span class='ocrx_word' id='word_1_471' title='bbox 3563 2594 3671 2664; x_wconf 80' lang='grc' dir='ltr'>τῆς</span> <span class='ocrx_word' id='word_1_472' title='bbox 3699 2592 3819 2646; x_wconf 82' lang='grc' dir='ltr'><strong>τῶν</strong></span> 
     </span>
    </p>
   </div>
   <div class='ocr_carea' id='block_1_67' title="bbox 2222 2678 3814 2755">
    <p class='ocr_par' dir='ltr' id='par_1_67' title="bbox 2222 2678 3814 2755">
     <span class='ocr_line' id='line_1_67' title="bbox 2222 2678 3814 2755; baseline -0.001 -19"><span class='ocrx_word' id='word_1_473' title='bbox 2222 2682 2430 2754; x_wconf 82' lang='grc' dir='ltr'>νοητῶν</span> <span class='ocrx_word' id='word_1_474' title='bbox 2461 2682 2716 2754; x_wconf 67' lang='grc' dir='ltr'>πολέμων</span> <span class='ocrx_word' id='word_1_475' title='bbox 2766 2682 3151 2755; x_wconf 78' lang='grc' dir='ltr'>παρατάξεως,</span> <span class='ocrx_word' id='word_1_476' title='bbox 3194 2681 3298 2736; x_wconf 81' lang='grc' dir='ltr'><em>Ἓν</em></span> <span class='ocrx_word' id='word_1_477' title='bbox 3338 2680 3422 2747; x_wconf 76' lang='grc' dir='ltr'>τῷ</span> <span class='ocrx_word' id='word_1_478' title='bbox 3470 2678 3814 2751; x_wconf 75' lang='grc' dir='ltr'>συστῆναι,</span> 
     </span>
    </p>
   </div>
   <div class='ocr_carea' id='block_1_68' title="bbox 2224 2773 3817 2847">
    <p class='ocr_par' dir='ltr' id='par_1_68' title="bbox 2224 2773 3817 2847">
     <span class='ocr_line' id='line_1_68' title="bbox 2224 2773 3817 2847; baseline 0 -19"><span class='ocrx_word' id='word_1_479' title='bbox 2224 2776 2384 2847; x_wconf 79' lang='grc' dir='ltr'>φησὶ,</span> <span class='ocrx_word' id='word_1_480' title='bbox 2435 2776 2545 2831; x_wconf 78' lang='grc' dir='ltr'><strong>τὸν</strong></span> <span class='ocrx_word' id='word_1_481' title='bbox 2581 2775 2939 2846; x_wconf 69' lang='grc' dir='ltr'>ἁμαρτωλὸν</span> <span class='ocrx_word' id='word_1_482' title='bbox 2962 2775 3243 2830; x_wconf 76' lang='grc' dir='ltr'><strong>ἐναντιον</strong></span> <span class='ocrx_word' id='word_1_483' title='bbox 3284 2791 3427 2845; x_wconf 80' lang='grc' dir='ltr'>μου,</span> <span class='ocrx_word' id='word_1_484' title='bbox 3481 2773 3817 2843; x_wconf 56' lang='lat' dir='ltr'><strong>amem</strong></span> 
     </span>
    </p>
   </div>
   <div class='ocr_carea' id='block_1_69' title="bbox 2223 2863 3816 2936">
    <p class='ocr_par' dir='ltr' id='par_1_69' title="bbox 2223 2863 3816 2936">
     <span class='ocr_line' id='line_1_69' title="bbox 2223 2863 3816 2936; baseline -0.001 -15"><span class='ocrx_word' id='word_1_485' title='bbox 2223 2867 2322 2921; x_wconf 80' lang='grc' dir='ltr'><strong>κιιί</strong></span> <span class='ocrx_word' id='word_1_486' title='bbox 2364 2867 2794 2934; x_wconf 76' lang='grc' dir='ltr'>ἐταπεινώθην,</span> <span class='ocrx_word' id='word_1_487' title='bbox 2842 2865 2943 2920; x_wconf 81' lang='grc' dir='ltr'><strong>καί</strong></span> <span class='ocrx_word' id='word_1_488' title='bbox 2986 2866 3249 2936; x_wconf 77' lang='grc' dir='ltr'>ἐσίγησα</span> <span class='ocrx_word' id='word_1_489' title='bbox 3278 2864 3351 2931; x_wconf 81' lang='grc' dir='ltr'><strong>ἐξ</strong></span> <span class='ocrx_word' id='word_1_490' title='bbox 3398 2863 3659 2934; x_wconf 62' lang='grc' dir='ltr'>ἀγαθῶν</span> <span class='ocrx_word' id='word_1_491' title='bbox 3711 2867 3816 2919; x_wconf 78' lang='grc' dir='ltr'>καὶ</span> 
     </span>
    </p>
   </div>
   <div class='ocr_carea' id='block_1_70' title="bbox 2148 2956 3815 3071">
    <p class='ocr_par' dir='ltr' id='par_1_70' title="bbox 2148 2956 3815 3071">
     <span class='ocr_line' id='line_1_70' title="bbox 2148 2956 3815 3071; baseline -0.002 -57"><span class='ocrx_word' id='word_1_492' title='bbox 2148 3013 2192 3071; x_wconf 78' lang='lat' dir='ltr'>c</span> <span class='ocrx_word' id='word_1_493' title='bbox 2229 2960 2345 3033; x_wconf 84' lang='grc' dir='ltr'>μετ’</span> <span class='ocrx_word' id='word_1_494' title='bbox 2386 2960 2549 3014; x_wconf 74' lang='grc' dir='ltr'>αὐτὸν</span> <span class='ocrx_word' id='word_1_495' title='bbox 2579 2962 2610 3014; x_wconf 86' lang='grc' dir='ltr'><strong>ό</strong></span> <span class='ocrx_word' id='word_1_496' title='bbox 2661 2959 2805 3024; x_wconf 84' lang='grc' dir='ltr'>θεῖος</span> <span class='ocrx_word' id='word_1_497' title='bbox 2845 2958 3138 3031; x_wconf 78' lang='grc' dir='ltr'>Ἱερεμίας,</span> <span class='ocrx_word' id='word_1_498' title='bbox 3178 2957 3541 3030; x_wconf 72' lang='grc' dir='ltr'>προστάσσων</span> <span class='ocrx_word' id='word_1_499' title='bbox 3576 2956 3657 3029; x_wconf 80' lang='grc' dir='ltr'><strong>τῷ</strong></span> <span class='ocrx_word' id='word_1_500' title='bbox 3688 2956 3815 3027; x_wconf 76' lang='grc' dir='ltr'><strong>λαῷ</strong></span> 
     </span>
     <span class='ocr_line' id='line_1_71' title="bbox 2230 3045 3780 3071; baseline 0 0"><span class='ocrx_word' id='word_1_501' title='bbox 2230 3050 2297 3071; x_wconf 55' lang='lat' dir='ltr'><strong>us.</strong></span> <span class='ocrx_word' id='word_1_502' title='bbox 2333 3050 2552 3071; x_wconf 46' lang='grc' dir='ltr'><strong>ιηεεη..-</strong></span> <span class='ocrx_word' id='word_1_503' title='bbox 2595 3050 2650 3071; x_wconf 54' lang='grc' dir='ltr'><strong>,με</strong></span> <span class='ocrx_word' id='word_1_504' title='bbox 2671 3067 2688 3071; x_wconf 66' lang='grc'><em>,</em></span> <span class='ocrx_word' id='word_1_505' title='bbox 2721 3050 2927 3071; x_wconf 65' lang='lat'><strong>_.&#39;\___-</strong></span> <span class='ocrx_word' id='word_1_506' title='bbox 2971 3049 3054 3071; x_wconf 61' lang='lat' dir='ltr'><strong>D_L</strong></span> <span class='ocrx_word' id='word_1_507' title='bbox 3082 3049 3178 3071; x_wconf 61' lang='grc' dir='ltr'><strong>-.ιη</strong></span> <span class='ocrx_word' id='word_1_508' title='bbox 3200 3046 3481 3071; x_wconf 69' lang='lat' dir='ltr'><strong>--.’.--\-.n.._</strong></span> <span class='ocrx_word' id='word_1_509' title='bbox 3508 3045 3780 3071; x_wconf 69' lang='lat'><strong>__---.--1&#39;.</strong></span> 
     </span>
    </p>
   </div>
   <div class='ocr_carea' id='block_1_71' title="bbox 2227 3045 3814 3122">
    <p class='ocr_par' dir='ltr' id='par_1_71' title="bbox 2227 3045 3814 3122">
     <span class='ocr_line' id='line_1_72' title="bbox 2227 3045 3814 3122; baseline -0.001 -20"><span class='ocrx_word' id='word_1_510' title='bbox 2227 3050 2303 3122; x_wconf 83' lang='grc' dir='ltr'>μὴ</span> <span class='ocrx_word' id='word_1_511' title='bbox 2330 3050 2556 3120; x_wconf 79' lang='grc' dir='ltr'>ἐκϐῆναι</span> <span class='ocrx_word' id='word_1_512' title='bbox 2590 3050 2688 3120; x_wconf 75' lang='grc' dir='ltr'>τῆς</span> <span class='ocrx_word' id='word_1_513' title='bbox 2717 3050 2949 3117; x_wconf 82' lang='grc' dir='ltr'>πόλεως,</span> <span class='ocrx_word' id='word_1_514' title='bbox 2965 3049 3057 3104; x_wconf 85' lang='grc' dir='ltr'><strong>διὰ</strong></span> <span class='ocrx_word' id='word_1_515' title='bbox 3079 3049 3178 3120; x_wconf 84' lang='grc' dir='ltr'><strong>τὴν</strong></span> <span class='ocrx_word' id='word_1_516' title='bbox 3200 3046 3481 3103; x_wconf 83' lang='grc' dir='ltr'>κύκλωθεν</span> <span class='ocrx_word' id='word_1_517' title='bbox 3506 3045 3814 3119; x_wconf 83' lang='grc' dir='ltr'>παροικοῦ-</span> 
     </span>
    </p>
   </div>
   <div class='ocr_carea' id='block_1_72' title="bbox 2225 3141 3037 3214">
    <p class='ocr_par' dir='ltr' id='par_1_72' title="bbox 2225 3141 3037 3214">
     <span class='ocr_line' id='line_1_73' title="bbox 2225 3141 3037 3214; baseline 0.001 -19"><span class='ocrx_word' id='word_1_518' title='bbox 2225 3158 2327 3195; x_wconf 90' lang='grc' dir='ltr'><strong>σαν</strong></span> <span class='ocrx_word' id='word_1_519' title='bbox 2357 3142 2468 3196; x_wconf 87' lang='grc' dir='ltr'><strong>τῶν</strong></span> <span class='ocrx_word' id='word_1_520' title='bbox 2496 3142 2710 3214; x_wconf 71' lang='grc' dir='ltr'>ἐχθρῶν</span> <span class='ocrx_word' id='word_1_521' title='bbox 2737 3141 3037 3214; x_wconf 74' lang='grc' dir='ltr'>ῥομφαίαν.</span> 
     </span>
    </p>
   </div>
   <div class='ocr_carea' id='block_1_73' title="bbox 2294 3229 3811 3305">
    <p class='ocr_par' dir='ltr' id='par_1_73' title="bbox 2294 3229 3811 3305">
     <span class='ocr_line' id='line_1_74' title="bbox 2294 3229 3811 3305; baseline -0.004 -17"><span class='ocrx_word' id='word_1_522' title='bbox 2294 3237 2407 3301; x_wconf 69' lang='grc' dir='ltr'>πγθ.</span> <span class='ocrx_word' id='word_1_523' title='bbox 2447 3233 2558 3286; x_wconf 80' lang='grc' dir='ltr'><strong>Καὶ</strong></span> <span class='ocrx_word' id='word_1_524' title='bbox 2591 3234 2621 3286; x_wconf 80' lang='grc' dir='ltr'><strong>ό</strong></span> <span class='ocrx_word' id='word_1_525' title='bbox 2661 3232 2934 3305; x_wconf 82' lang='grc' dir='ltr'>μακάριος</span> <span class='ocrx_word' id='word_1_526' title='bbox 2964 3231 3147 3286; x_wconf 89' lang='grc' dir='ltr'>τοίνυν</span> <span class='ocrx_word' id='word_1_527' title='bbox 3184 3230 3377 3295; x_wconf 79' lang='grc' dir='ltr'>Ἀϐελ,</span> <span class='ocrx_word' id='word_1_528' title='bbox 3412 3230 3572 3302; x_wconf 74' lang='grc' dir='ltr'>εἴπερ</span> <span class='ocrx_word' id='word_1_529' title='bbox 3597 3229 3811 3300; x_wconf 74' lang='grc' dir='ltr'>ἐφυλά-</span> 
     </span>
    </p>
   </div>
   <div class='ocr_carea' id='block_1_74' title="bbox 2225 3320 3811 3394">
    <p class='ocr_par' dir='ltr' id='par_1_74' title="bbox 2225 3320 3811 3394">
     <span class='ocr_line' id='line_1_75' title="bbox 2225 3320 3811 3394; baseline 0 -19"><span class='ocrx_word' id='word_1_530' title='bbox 2225 3320 2371 3388; x_wconf 80' lang='grc' dir='ltr'>ξατο,</span> <span class='ocrx_word' id='word_1_531' title='bbox 2405 3322 2500 3376; x_wconf 76' lang='grc' dir='ltr'>καὶ</span> <span class='ocrx_word' id='word_1_532' title='bbox 2532 3322 2608 3393; x_wconf 85' lang='grc' dir='ltr'>μὴ</span> <span class='ocrx_word' id='word_1_533' title='bbox 2639 3323 2932 3394; x_wconf 81' lang='grc' dir='ltr'>συνεξῆλθε</span> <span class='ocrx_word' id='word_1_534' title='bbox 2954 3323 3034 3394; x_wconf 84' lang='grc' dir='ltr'>τῷ</span> <span class='ocrx_word' id='word_1_535' title='bbox 3061 3323 3203 3377; x_wconf 83' lang='grc' dir='ltr'>Κάῖν</span> <span class='ocrx_word' id='word_1_536' title='bbox 3227 3323 3286 3375; x_wconf 81' lang='grc' dir='ltr'><strong>ὲν</strong></span> <span class='ocrx_word' id='word_1_537' title='bbox 3316 3321 3395 3392; x_wconf 84' lang='grc' dir='ltr'><strong>τῷ</strong></span> <span class='ocrx_word' id='word_1_538' title='bbox 3427 3321 3615 3393; x_wconf 78' lang='grc' dir='ltr'>πεδίῳ·</span> <span class='ocrx_word' id='word_1_539' title='bbox 3642 3337 3811 3375; x_wconf 74' lang='grc' dir='ltr'>τουτο</span> 
     </span>
    </p>
   </div>
   <div class='ocr_carea' id='block_1_75' title="bbox 2223 3412 3811 3489">
    <p class='ocr_par' dir='ltr' id='par_1_75' title="bbox 2223 3412 3811 3489">
     <span class='ocr_line' id='line_1_76' title="bbox 2223 3412 3811 3489; baseline 0.008 -23"><span class='ocrx_word' id='word_1_540' title='bbox 2223 3412 2373 3467; x_wconf 84' lang='grc' dir='ltr'>ἐστιν</span> <span class='ocrx_word' id='word_1_541' title='bbox 2404 3415 2462 3468; x_wconf 80' lang='grc' dir='ltr'><strong>ὲν</strong></span> <span class='ocrx_word' id='word_1_542' title='bbox 2493 3413 2572 3486; x_wconf 85' lang='grc' dir='ltr'>τῷ</span> <span class='ocrx_word' id='word_1_543' title='bbox 2604 3414 2799 3470; x_wconf 88' lang='grc' dir='ltr'>πλάτει</span> <span class='ocrx_word' id='word_1_544' title='bbox 2836 3415 2935 3485; x_wconf 81' lang='grc' dir='ltr'>τῆς</span> <span class='ocrx_word' id='word_1_545' title='bbox 2974 3415 3211 3489; x_wconf 77' lang='grc' dir='ltr'>φυσικῆς</span> <span class='ocrx_word' id='word_1_546' title='bbox 3258 3413 3514 3486; x_wconf 84' lang='grc' dir='ltr'>θεωρίας’</span> <span class='ocrx_word' id='word_1_547' title='bbox 3547 3412 3657 3485; x_wconf 74' lang='grc' dir='ltr'><strong>πρὸ</strong></span> <span class='ocrx_word' id='word_1_548' title='bbox 3702 3415 3811 3487; x_wconf 76' lang='grc' dir='ltr'><strong>τῆς</strong></span> 
     </span>
    </p>
   </div>
   <div class='ocr_carea' id='block_1_76' title="bbox 2222 3506 3811 3582">
    <p class='ocr_par' dir='ltr' id='par_1_76' title="bbox 2222 3506 3811 3582">
     <span class='ocr_line' id='line_1_77' title="bbox 2222 3506 3811 3582; baseline 0.004 -23"><span class='ocrx_word' id='word_1_549' title='bbox 2222 3506 2514 3573; x_wconf 83' lang='grc' dir='ltr'>ἀπαθείας,</span> <span class='ocrx_word' id='word_1_550' title='bbox 2542 3507 2644 3562; x_wconf 82' lang='grc' dir='ltr'>οὐκ</span> <span class='ocrx_word' id='word_1_551' title='bbox 2684 3507 2751 3563; x_wconf 80' lang='grc' dir='ltr'><strong>ἂν</strong></span> <span class='ocrx_word' id='word_1_552' title='bbox 2777 3509 3086 3573; x_wconf 75' lang='grc' dir='ltr'>ἐπαναστὰς</span> <span class='ocrx_word' id='word_1_553' title='bbox 3113 3508 3436 3563; x_wconf 77' lang='grc' dir='ltr'>ἀπέκτεινεν</span> <span class='ocrx_word' id='word_1_554' title='bbox 3466 3508 3633 3564; x_wconf 77' lang='grc' dir='ltr'>αὐτὸν</span> <span class='ocrx_word' id='word_1_555' title='bbox 3662 3512 3811 3582; x_wconf 73' lang='grc' dir='ltr'>μιτά</span> 
     </span>
    </p>
   </div>
   <div class='ocr_carea' id='block_1_77' title="bbox 2216 3597 3809 3671">
    <p class='ocr_par' dir='ltr' id='par_1_77' title="bbox 2216 3597 3809 3671">
     <span class='ocr_line' id='line_1_78' title="bbox 2216 3597 3809 3671; baseline 0.003 -19"><span class='ocrx_word' id='word_1_556' title='bbox 2216 3597 2401 3663; x_wconf 85' lang='grc' dir='ltr'>δόλου,</span> <span class='ocrx_word' id='word_1_557' title='bbox 2432 3598 2640 3671; x_wconf 79' lang='grc' dir='ltr'>κλέψας</span> <span class='ocrx_word' id='word_1_558' title='bbox 2681 3602 2796 3665; x_wconf 83' lang='grc' dir='ltr'>τοῖς</span> <span class='ocrx_word' id='word_1_559' title='bbox 2821 3600 3019 3668; x_wconf 80' lang='grc' dir='ltr'>δεξιοῖς</span> <span class='ocrx_word' id='word_1_560' title='bbox 3041 3601 3187 3655; x_wconf 83' lang='grc' dir='ltr'><strong>κατά</strong></span> <span class='ocrx_word' id='word_1_561' title='bbox 3218 3601 3319 3671; x_wconf 83' lang='grc' dir='ltr'>τὴν</span> <span class='ocrx_word' id='word_1_562' title='bbox 3338 3600 3448 3655; x_wconf 83' lang='grc' dir='ltr'><strong>τῶν</strong></span> <span class='ocrx_word' id='word_1_563' title='bbox 3466 3600 3641 3657; x_wconf 74' lang='grc' dir='ltr'>ὄντων</span> <span class='ocrx_word' id='word_1_564' title='bbox 3666 3600 3809 3656; x_wconf 77' lang='grc' dir='ltr'>θεω-</span> 
     </span>
    </p>
   </div>
   <div class='ocr_carea' id='block_1_78' title="bbox 2225 3690 3808 3765">
    <p class='ocr_par' dir='ltr' id='par_1_78' title="bbox 2225 3690 3808 3765">
     <span class='ocr_line' id='line_1_79' title="bbox 2225 3690 3808 3765; baseline 0.003 -20"><span class='ocrx_word' id='word_1_565' title='bbox 2225 3690 2350 3762; x_wconf 85' lang='grc' dir='ltr'>ρίαν</span> <span class='ocrx_word' id='word_1_566' title='bbox 2381 3690 2488 3763; x_wconf 81' lang='grc' dir='ltr'><strong>πρδ</strong></span> <span class='ocrx_word' id='word_1_567' title='bbox 2528 3692 2628 3763; x_wconf 83' lang='grc' dir='ltr'><strong>τῆς</strong></span> <span class='ocrx_word' id='word_1_568' title='bbox 2654 3691 2869 3757; x_wconf 86' lang='grc' dir='ltr'>τελείας</span> <span class='ocrx_word' id='word_1_569' title='bbox 2908 3692 3096 3760; x_wconf 68' lang='grc' dir='ltr'>ἕξεως,</span> <span class='ocrx_word' id='word_1_570' title='bbox 3124 3695 3155 3748; x_wconf 85' lang='grc' dir='ltr'><strong>ό</strong></span> <span class='ocrx_word' id='word_1_571' title='bbox 3184 3692 3287 3765; x_wconf 84' lang='grc' dir='ltr'>τῆς</span> <span class='ocrx_word' id='word_1_572' title='bbox 3319 3693 3525 3765; x_wconf 78' lang='grc' dir='ltr'>σαρκὸς</span> <span class='ocrx_word' id='word_1_573' title='bbox 3557 3693 3747 3765; x_wconf 77' lang='grc' dir='ltr'>νόμος,</span> <span class='ocrx_word' id='word_1_574' title='bbox 3771 3694 3808 3748; x_wconf 80' lang='grc' dir='ltr'><strong>δ</strong></span> 
     </span>
    </p>
   </div>
   <div class='ocr_carea' id='block_1_79' title="bbox 2222 3781 3122 3857">
    <p class='ocr_par' dir='ltr' id='par_1_79' title="bbox 2222 3781 3122 3857">
     <span class='ocr_line' id='line_1_80' title="bbox 2222 3781 3122 3857; baseline 0.008 -21"><span class='ocrx_word' id='word_1_575' title='bbox 2222 3782 2364 3837; x_wconf 82' lang='grc' dir='ltr'><strong>Κάῖν</strong></span> <span class='ocrx_word' id='word_1_576' title='bbox 2393 3783 2489 3837; x_wconf 81' lang='grc' dir='ltr'><strong>καί</strong></span> <span class='ocrx_word' id='word_1_577' title='bbox 2528 3781 2605 3839; x_wconf 83' lang='grc' dir='ltr'>ὣν</span> <span class='ocrx_word' id='word_1_578' title='bbox 2634 3783 2733 3839; x_wconf 78' lang='grc' dir='ltr'>καὶ</span> <span class='ocrx_word' id='word_1_579' title='bbox 2765 3784 3122 3857; x_wconf 79' lang='grc' dir='ltr'>καλούμενος.</span> 
     </span>
    </p>
   </div>
   <div class='ocr_carea' id='block_1_80' title="bbox 2293 3960 3807 4041">
    <p class='ocr_par' dir='ltr' id='par_1_80' title="bbox 2293 3960 3807 4041">
     <span class='ocr_line' id='line_1_81' title="bbox 2293 3960 3807 4041; baseline 0.007 -27"><span class='ocrx_word' id='word_1_580' title='bbox 2293 3960 2398 4015; x_wconf 65' lang='grc' dir='ltr'>πδν.</span> <span class='ocrx_word' id='word_1_581' title='bbox 2438 3961 2674 4031; x_wconf 82' lang='grc' dir='ltr'>Ὁμοίως</span> <span class='ocrx_word' id='word_1_582' title='bbox 2726 3963 2823 4017; x_wconf 75' lang='grc' dir='ltr'>καὶ</span> <span class='ocrx_word' id='word_1_583' title='bbox 2867 3963 3019 4030; x_wconf 88' lang='grc' dir='ltr'>Δίνα,</span> <span class='ocrx_word' id='word_1_584' title='bbox 3067 3966 3102 4038; x_wconf 83' lang='grc' dir='ltr'><strong>ή</strong></span> <span class='ocrx_word' id='word_1_585' title='bbox 3149 3964 3244 4020; x_wconf 82' lang='grc' dir='ltr'>τοῦ</span> <span class='ocrx_word' id='word_1_586' title='bbox 3277 3967 3517 4038; x_wconf 78' lang='grc' dir='ltr'>μεγάλου</span> <span class='ocrx_word' id='word_1_587' title='bbox 3546 3968 3807 4041; x_wconf 77' lang='grc' dir='ltr'>θυγάτηρ</span> 
     </span>
    </p>
   </div>
   <div class='ocr_carea' id='block_1_81' title="bbox 2232 4050 3808 4133">
    <p class='ocr_par' dir='ltr' id='par_1_81' title="bbox 2232 4050 3808 4133">
     <span class='ocr_line' id='line_1_82' title="bbox 2232 4050 3808 4133; baseline 0.008 -28"><span class='ocrx_word' id='word_1_588' title='bbox 2232 4050 2449 4120; x_wconf 77' lang='grc' dir='ltr'>Ἰακὼϐ,</span> <span class='ocrx_word' id='word_1_589' title='bbox 2480 4055 2529 4107; x_wconf 90' lang='grc' dir='ltr'>εἰ</span> <span class='ocrx_word' id='word_1_590' title='bbox 2563 4053 2639 4125; x_wconf 86' lang='grc' dir='ltr'>μὴ</span> <span class='ocrx_word' id='word_1_591' title='bbox 2669 4053 2965 4126; x_wconf 79' lang='grc' dir='ltr'>συνεξῆλθε</span> <span class='ocrx_word' id='word_1_592' title='bbox 2993 4059 3114 4121; x_wconf 87' lang='grc' dir='ltr'>ταῖς</span> <span class='ocrx_word' id='word_1_593' title='bbox 3145 4055 3453 4131; x_wconf 87' lang='grc' dir='ltr'>θυγατράσι</span> <span class='ocrx_word' id='word_1_594' title='bbox 3480 4060 3591 4115; x_wconf 90' lang='grc' dir='ltr'><strong>τῶν</strong></span> <span class='ocrx_word' id='word_1_595' title='bbox 3617 4063 3808 4133; x_wconf 75' lang='grc' dir='ltr'>ἐγχω-</span> 
     </span>
    </p>
   </div>
   <div class='ocr_carea' id='block_1_82' title="bbox 538 4135 2119 4218">
    <p class='ocr_par' dir='ltr' id='par_1_82' title="bbox 538 4135 2119 4218">
     <span class='ocr_line' id='line_1_83' title="bbox 538 4135 2119 4218; baseline 0.011 -27"><span class='ocrx_word' id='word_1_596' title='bbox 538 4135 750 4191; x_wconf 85' lang='lat' dir='ltr'><strong>scilicet</strong></span> <span class='ocrx_word' id='word_1_597' title='bbox 801 4136 971 4191; x_wconf 90' lang='lat' dir='ltr'><strong>animi</strong></span> <span class='ocrx_word' id='word_1_598' title='bbox 1022 4139 1453 4210; x_wconf 83' lang='lat' dir='ltr'><strong>cogitationibus</strong></span> <span class='ocrx_word' id='word_1_599' title='bbox 1462 4156 1483 4217; x_wconf 86' lang='grc'><em>)</em></span> <span class='ocrx_word' id='word_1_600' title='bbox 1532 4159 1753 4217; x_wconf 84' lang='lat' dir='ltr'><strong>egressa</strong></span> <span class='ocrx_word' id='word_1_601' title='bbox 1797 4157 1976 4218; x_wconf 89' lang='lat' dir='ltr'><strong>esset;</strong></span> <span class='ocrx_word' id='word_1_602' title='bbox 2014 4168 2119 4209; x_wconf 89' lang='lat' dir='ltr'><strong>nec</strong></span> 
     </span>
    </p>
   </div>
   <div class='ocr_carea' id='block_1_83' title="bbox 537 4225 2113 4314">
    <p class='ocr_par' dir='ltr' id='par_1_83' title="bbox 537 4225 2113 4314">
     <span class='ocr_line' id='line_1_84' title="bbox 537 4225 2113 4314; baseline 0.014 -31"><span class='ocrx_word' id='word_1_603' title='bbox 537 4241 669 4283; x_wconf 89' lang='lat' dir='ltr'><strong>sane</strong></span> <span class='ocrx_word' id='word_1_604' title='bbox 717 4225 940 4284; x_wconf 85' lang='lat' dir='ltr'><strong>Sichem</strong></span> <span class='ocrx_word' id='word_1_605' title='bbox 972 4228 1122 4287; x_wconf 91' lang='lat' dir='ltr'><strong>ﬁlius</strong></span> <span class='ocrx_word' id='word_1_606' title='bbox 1159 4232 1383 4290; x_wconf 87' lang='lat' dir='ltr'><strong>Emmor</strong></span> <span class='ocrx_word' id='word_1_607' title='bbox 1431 4252 1553 4293; x_wconf 91' lang='lat' dir='ltr'><strong>eam</strong></span> <span class='ocrx_word' id='word_1_608' title='bbox 1600 4251 2017 4314; x_wconf 88' lang='lat' dir='ltr'><strong>constuprasset</strong></span> <span class='ocrx_word' id='word_1_609' title='bbox 2046 4249 2113 4305; x_wconf 86' lang='lat'><strong>&quot;.</strong></span> 
     </span>
    </p>
   </div>
   <div class='ocr_carea' id='block_1_84' title="bbox 2222 4141 3806 4220">
    <p class='ocr_par' dir='ltr' id='par_1_84' title="bbox 2222 4141 3806 4220">
     <span class='ocr_line' id='line_1_85' title="bbox 2222 4141 3806 4220; baseline 0.009 -25"><span class='ocrx_word' id='word_1_610' title='bbox 2222 4141 2373 4214; x_wconf 78' lang='grc' dir='ltr'>ρίωνο</span> <span class='ocrx_word' id='word_1_611' title='bbox 2421 4145 2692 4210; x_wconf 82' lang='grc' dir='ltr'>τουτέστι,</span> <span class='ocrx_word' id='word_1_612' title='bbox 2737 4148 2856 4211; x_wconf 84' lang='grc' dir='ltr'>ταῖς</span> <span class='ocrx_word' id='word_1_613' title='bbox 2909 4147 3255 4219; x_wconf 56' lang='grc' dir='ltr'>αἰσθητικῶς</span> <span class='ocrx_word' id='word_1_614' title='bbox 3307 4153 3657 4220; x_wconf 79' lang='grc' dir='ltr'>φαντασίαις·</span> <span class='ocrx_word' id='word_1_615' title='bbox 3698 4155 3806 4209; x_wconf 76' lang='grc' dir='ltr'><strong>οὐκ</strong></span> 
     </span>
    </p>
   </div>
   <div class='ocr_carea' id='block_1_85' title="bbox 2216 4231 3806 4316">
    <p class='ocr_par' dir='ltr' id='par_1_85' title="bbox 2216 4231 3806 4316">
     <span class='ocr_line' id='line_1_86' title="bbox 2216 4231 3806 4316; baseline 0.009 -30"><span class='ocrx_word' id='word_1_616' title='bbox 2216 4231 2285 4288; x_wconf 81' lang='grc' dir='ltr'><strong>ἂν</strong></span> <span class='ocrx_word' id='word_1_617' title='bbox 2318 4234 2504 4307; x_wconf 70' lang='grc' dir='ltr'>Συχὲμ</span> <span class='ocrx_word' id='word_1_618' title='bbox 2533 4236 2564 4288; x_wconf 83' lang='grc' dir='ltr'>ὁ</span> <span class='ocrx_word' id='word_1_619' title='bbox 2594 4237 2710 4303; x_wconf 75' lang='grc' dir='ltr'>υίὸς</span> <span class='ocrx_word' id='word_1_620' title='bbox 2752 4238 2965 4311; x_wconf 83' lang='grc' dir='ltr'>Ἑμμὺρ</span> <span class='ocrx_word' id='word_1_621' title='bbox 3005 4240 3317 4306; x_wconf 70' lang='grc' dir='ltr'>ἐπαναστάς</span> <span class='ocrx_word' id='word_1_622' title='bbox 3366 4242 3540 4316; x_wconf 80' lang='grc' dir='ltr'>αὐτὴν</span> <span class='ocrx_word' id='word_1_623' title='bbox 3577 4245 3806 4300; x_wconf 65' lang='grc' dir='ltr'>ἐταπεί-</span> 
     </span>
    </p>
   </div>
   <div class='ocr_carea' id='block_1_86' title="bbox 2144 4342 3833 4398">
    <p class='ocr_par' dir='ltr' id='par_1_86' title="bbox 2144 4342 3833 4398">
     <span class='ocr_line' id='line_1_87' title="bbox 2144 4342 3833 4398; baseline 0.007 -17"><span class='ocrx_word' id='word_1_624' title='bbox 2144 4342 2189 4398; x_wconf 79' lang='grc' dir='ltr'><strong>ο</strong></span> <span class='ocrx_word' id='word_1_625' title='bbox 2214 4344 2376 4383; x_wconf 85' lang='grc' dir='ltr'>νωσε.</span> <span class='ocrx_word' id='word_1_626' title='bbox 3820 4380 3833 4393; x_wconf 95' lang='grc'><em>.</em></span> 
     </span>
    </p>
   </div>
   <div class='ocr_carea' id='block_1_87' title="bbox 604 4400 2122 4499">
    <p class='ocr_par' dir='ltr' id='par_1_87' title="bbox 604 4400 2109 4499">
     <span class='ocr_line' id='line_1_88' title="bbox 604 4400 2109 4499; baseline 0.016 -44"><span class='ocrx_word' id='word_1_627' title='bbox 604 4400 693 4499; x_wconf 44' lang='grc'><strong>85..</strong></span> <span class='ocrx_word' id='word_1_628' title='bbox 733 4402 987 4499; x_wconf 61' lang='lat' dir='ltr'><strong>l’raastat,</strong></span> <span class='ocrx_word' id='word_1_629' title='bbox 1027 4414 1090 4461; x_wconf 90' lang='lat' dir='ltr'><strong>ut</strong></span> <span class='ocrx_word' id='word_1_630' title='bbox 1129 4407 1224 4478; x_wconf 86' lang='lat' dir='ltr'><strong>qui</strong></span> <span class='ocrx_word' id='word_1_631' title='bbox 1254 4410 1488 4467; x_wconf 90' lang='lat' dir='ltr'><strong>necdum</strong></span> <span class='ocrx_word' id='word_1_632' title='bbox 1518 4415 1824 4484; x_wconf 76' lang='lat' dir='ltr'><strong>perlectum</strong></span> <span class='ocrx_word' id='word_1_633' title='bbox 1858 4420 2109 4478; x_wconf 86' lang='lat' dir='ltr'><strong>habitum</strong></span> 
     </span>
    </p>
   </div>
   <div class='ocr_carea' id='block_1_88' title="bbox 2218 4400 3803 4499">
    <p class='ocr_par' dir='ltr' id='par_1_88' title="bbox 2288 4419 3803 4499">
     <span class='ocr_line' id='line_1_89' title="bbox 2288 4419 3803 4499; baseline 0.008 -27"><span class='ocrx_word' id='word_1_634' title='bbox 2288 4425 2395 4475; x_wconf 86' lang='grc' dir='ltr'>πε’.</span> <span class='ocrx_word' id='word_1_635' title='bbox 2427 4419 2609 4475; x_wconf 83' lang='grc' dir='ltr'>Καλόν</span> <span class='ocrx_word' id='word_1_636' title='bbox 2651 4421 2769 4476; x_wconf 75' lang='grc' dir='ltr'>ἐστι</span> <span class='ocrx_word' id='word_1_637' title='bbox 2801 4423 2911 4494; x_wconf 83' lang='grc' dir='ltr'>πρὸ</span> <span class='ocrx_word' id='word_1_638' title='bbox 2938 4424 3037 4494; x_wconf 78' lang='grc' dir='ltr'>τῆς</span> <span class='ocrx_word' id='word_1_639' title='bbox 3062 4423 3277 4490; x_wconf 84' lang='grc' dir='ltr'>τελείας</span> <span class='ocrx_word' id='word_1_640' title='bbox 3304 4425 3492 4494; x_wconf 76' lang='grc' dir='ltr'>ἕξεως,</span> <span class='ocrx_word' id='word_1_641' title='bbox 3524 4427 3602 4499; x_wconf 79' lang='grc' dir='ltr'>μὴ</span> <span class='ocrx_word' id='word_1_642' title='bbox 3632 4428 3803 4483; x_wconf 62' lang='grc' dir='ltr'>ἅπτει</span> 
     </span>
    </p>
   </div>
   <div class='ocr_carea' id='block_1_89' title="bbox 533 4490 2122 4590">
    <p class='ocr_par' dir='ltr' id='par_1_89' title="bbox 533 4490 2113 4590">
     <span class='ocr_line' id='line_1_90' title="bbox 533 4490 2113 4590; baseline 0.02 -48"><span class='ocrx_word' id='word_1_643' title='bbox 533 4491 684 4590; x_wconf 72' lang='lat' dir='ltr'><strong>nacti</strong></span> <span class='ocrx_word' id='word_1_644' title='bbox 717 4490 915 4559; x_wconf 89' lang='lat' dir='ltr'><strong>simus,</strong></span> <span class='ocrx_word' id='word_1_645' title='bbox 940 4499 1256 4590; x_wconf 69' lang='lat' dir='ltr'><strong>naturalem</strong></span> <span class='ocrx_word' id='word_1_646' title='bbox 1291 4505 1724 4571; x_wconf 86' lang='lat' dir='ltr'><strong>speculationem</strong></span> <span class='ocrx_word' id='word_1_647' title='bbox 1770 4528 1880 4568; x_wconf 90' lang='lat' dir='ltr'><strong>non</strong></span> <span class='ocrx_word' id='word_1_648' title='bbox 1924 4531 2113 4588; x_wconf 90' lang='lat' dir='ltr'><strong>aggre-</strong></span> 
     </span>
    </p>
   </div>
   <div class='ocr_carea' id='block_1_90' title="bbox 2218 4490 3805 4590">
    <p class='ocr_par' dir='ltr' id='par_1_90' title="bbox 2219 4490 3805 4590">
     <span class='ocr_line' id='line_1_91' title="bbox 2219 4490 3805 4590; baseline 0.005 -25"><span class='ocrx_word' id='word_1_649' title='bbox 2219 4510 2345 4566; x_wconf 89' lang='grc' dir='ltr'>σθαι</span> <span class='ocrx_word' id='word_1_650' title='bbox 2382 4513 2532 4584; x_wconf 78' lang='grc' dir='ltr'>ἡμᾶς</span> <span class='ocrx_word' id='word_1_651' title='bbox 2552 4513 2656 4584; x_wconf 81' lang='grc' dir='ltr'>τῆς</span> <span class='ocrx_word' id='word_1_652' title='bbox 2697 4490 2934 4585; x_wconf 77' lang='grc' dir='ltr'>φυσικῆς</span> <span class='ocrx_word' id='word_1_653' title='bbox 2961 4490 3214 4587; x_wconf 78' lang='grc' dir='ltr'>θεωρίας,</span> <span class='ocrx_word' id='word_1_654' title='bbox 3242 4490 3438 4590; x_wconf 31' lang='grc' dir='ltr'>ἴνα-μὴ</span> <span class='ocrx_word' id='word_1_655' title='bbox 3461 4490 3658 4586; x_wconf 63' lang='grc' dir='ltr'>λόγους</span> <span class='ocrx_word' id='word_1_656' title='bbox 3681 4521 3805 4573; x_wconf 79' lang='grc' dir='ltr'>ἑπι-</span> 
     </span>
    </p>
   </div>
   <div class='ocr_carea' id='block_1_91' title="bbox 534 4578 2122 4685">
    <p class='ocr_par' dir='ltr' id='par_1_91' title="bbox 534 4578 2113 4673">
     <span class='ocr_line' id='line_1_92' title="bbox 534 4578 2113 4673; baseline 0.022 -42"><span class='ocrx_word' id='word_1_657' title='bbox 534 4578 788 4659; x_wconf 87' lang='lat' dir='ltr'><strong>diamur;</strong></span> <span class='ocrx_word' id='word_1_658' title='bbox 821 4598 894 4638; x_wconf 88' lang='lat' dir='ltr'><strong>ne</strong></span> <span class='ocrx_word' id='word_1_659' title='bbox 922 4582 1054 4638; x_wconf 87' lang='lat' dir='ltr'><strong>dum</strong></span> <span class='ocrx_word' id='word_1_660' title='bbox 1085 4601 1153 4641; x_wconf 80' lang='lat' dir='ltr'><strong>ex</strong></span> <span class='ocrx_word' id='word_1_661' title='bbox 1187 4589 1353 4647; x_wconf 85' lang='lat' dir='ltr'><strong>rebus</strong></span> <span class='ocrx_word' id='word_1_662' title='bbox 1384 4597 1583 4653; x_wconf 90' lang='lat' dir='ltr'><strong>creatis</strong></span> <span class='ocrx_word' id='word_1_663' title='bbox 1621 4598 1676 4656; x_wconf 91' lang='lat' dir='ltr'><strong>in</strong></span> <span class='ocrx_word' id='word_1_664' title='bbox 1710 4578 2113 4673; x_wconf 46' lang='lat' dir='ltr'><strong>aspectumvca-</strong></span> 
     </span>
    </p>
   </div>
   <div class='ocr_carea' id='block_1_92' title="bbox 2218 4578 3803 4685">
    <p class='ocr_par' dir='ltr' id='par_1_92' title="bbox 2219 4602 3803 4685">
     <span class='ocr_line' id='line_1_93' title="bbox 2219 4602 3803 4685; baseline 0.007 -29"><span class='ocrx_word' id='word_1_665' title='bbox 2219 4602 2513 4675; x_wconf 76' lang='grc' dir='ltr'>ζητοῦντες</span> <span class='ocrx_word' id='word_1_666' title='bbox 2550 4609 2954 4676; x_wconf 80' lang='grc' dir='ltr'>πνευματικοὺς</span> <span class='ocrx_word' id='word_1_667' title='bbox 2998 4609 3063 4661; x_wconf 81' lang='grc' dir='ltr'>ὲκ</span> <span class='ocrx_word' id='word_1_668' title='bbox 3099 4609 3212 4665; x_wconf 82' lang='grc' dir='ltr'><strong>τῶν</strong></span> <span class='ocrx_word' id='word_1_669' title='bbox 3235 4611 3529 4683; x_wconf 79' lang='grc' dir='ltr'>ὁρωμένων</span> <span class='ocrx_word' id='word_1_670' title='bbox 3556 4613 3803 4685; x_wconf 82' lang='grc' dir='ltr'>κτισμά·</span> 
     </span>
    </p>
   </div>
   <div class='ocr_carea' id='block_1_93' title="bbox 534 4669 2122 4777">
    <p class='ocr_par' dir='ltr' id='par_1_93' title="bbox 534 4669 2112 4777">
     <span class='ocr_line' id='line_1_94' title="bbox 534 4669 2112 4777; baseline 0.022 -55"><span class='ocrx_word' id='word_1_671' title='bbox 534 4669 797 4777; x_wconf 64' lang='lat' dir='ltr'><strong>deittibus</strong></span> <span class='ocrx_word' id='word_1_672' title='bbox 817 4674 1096 4743; x_wconf 86' lang='lat' dir='ltr'><strong>spiritales</strong></span> <span class='ocrx_word' id='word_1_673' title='bbox 1119 4680 1366 4738; x_wconf 88' lang='lat' dir='ltr'><strong>rationes</strong></span> <span class='ocrx_word' id='word_1_674' title='bbox 1388 4688 1749 4756; x_wconf 88' lang='lat' dir='ltr'><strong>exquirimus,</strong></span> <span class='ocrx_word' id='word_1_675' title='bbox 1772 4669 2016 4753; x_wconf 38' lang='lat' dir='ltr'><strong>&#39;aﬁ‘ectus</strong></span> <span class='ocrx_word' id='word_1_676' title='bbox 2047 4715 2112 4756; x_wconf 90' lang='lat' dir='ltr'><strong>ac</strong></span> 
     </span>
    </p>
   </div>
   <div class='ocr_carea' id='block_1_94' title="bbox 2218 4669 3804 4777">
    <p class='ocr_par' dir='ltr' id='par_1_94' title="bbox 2218 4669 3804 4777">
     <span class='ocr_line' id='line_1_95' title="bbox 2218 4669 3804 4777; baseline 0.008 -29"><span class='ocrx_word' id='word_1_677' title='bbox 2218 4669 2349 4760; x_wconf 78' lang='grc' dir='ltr'>των,</span> <span class='ocrx_word' id='word_1_678' title='bbox 2384 4695 2638 4769; x_wconf 87' lang='grc' dir='ltr'>λάθωμεν</span> <span class='ocrx_word' id='word_1_679' title='bbox 2675 4669 2824 4772; x_wconf 77' lang='grc' dir='ltr'>πάθη</span> <span class='ocrx_word' id='word_1_680' title='bbox 2857 4698 3229 4770; x_wconf 79' lang='grc' dir='ltr'>συλλέγοντες.</span> <span class='ocrx_word' id='word_1_681' title='bbox 3262 4669 3435 4757; x_wconf 65' lang='grc' dir='ltr'>ίίλέον</span> <span class='ocrx_word' id='word_1_682' title='bbox 3458 4704 3568 4777; x_wconf 74' lang='grc' dir='ltr'><strong>γὰρ</strong></span> <span class='ocrx_word' id='word_1_683' title='bbox 3595 4707 3656 4760; x_wconf 82' lang='grc' dir='ltr'><strong>ὲν</strong></span> <span class='ocrx_word' id='word_1_684' title='bbox 3689 4669 3804 4772; x_wconf 69' lang='grc' dir='ltr'>τοῖς</span> 
     </span>
    </p>
   </div>
   <div class='ocr_carea' id='block_1_95' title="bbox 532 4759 2122 4869">
    <p class='ocr_par' dir='ltr' id='par_1_95' title="bbox 532 4759 2112 4869">
     <span class='ocr_line' id='line_1_96' title="bbox 532 4759 2112 4869; baseline 0.022 -57"><span class='ocrx_word' id='word_1_685' title='bbox 532 4759 795 4869; x_wconf 67' lang='lat' dir='ltr'><strong>libidines</strong></span> <span class='ocrx_word' id='word_1_686' title='bbox 829 4764 1212 4835; x_wconf 84' lang='lat' dir='ltr'><strong>imprudentes</strong></span> <span class='ocrx_word' id='word_1_687' title='bbox 1247 4773 1587 4846; x_wconf 84' lang='lat' dir='ltr'><strong>colligamus.</strong></span> <span class='ocrx_word' id='word_1_688' title='bbox 1621 4779 1783 4855; x_wconf 67' lang='grc'><strong>554</strong></span> <span class='ocrx_word' id='word_1_689' title='bbox 1814 4785 1943 4842; x_wconf 85' lang='lat' dir='ltr'><strong>Plus</strong></span> <span class='ocrx_word' id='word_1_690' title='bbox 1966 4790 2112 4845; x_wconf 90' lang='lat' dir='ltr'><strong>enim</strong></span> 
     </span>
    </p>
   </div>
   <div class='ocr_carea' id='block_1_96' title="bbox 2218 4759 3800 4869">
    <p class='ocr_par' dir='ltr' id='par_1_96' title="bbox 2220 4759 3800 4869">
     <span class='ocr_line' id='line_1_97' title="bbox 2220 4759 3800 4869; baseline 0.008 -28"><span class='ocrx_word' id='word_1_691' title='bbox 2220 4759 2441 4841; x_wconf 80' lang='grc' dir='ltr'>ἀτελέσι</span> <span class='ocrx_word' id='word_1_692' title='bbox 2472 4759 2789 4845; x_wconf 74' lang='grc' dir='ltr'>δυναστεύει</span> <span class='ocrx_word' id='word_1_693' title='bbox 2806 4759 2945 4863; x_wconf 72' lang='grc' dir='ltr'>πρὸς</span> <span class='ocrx_word' id='word_1_694' title='bbox 2975 4759 3073 4865; x_wconf 65' lang='grc' dir='ltr'>την</span> <span class='ocrx_word' id='word_1_695' title='bbox 3098 4759 3352 4866; x_wconf 70' lang='grc' dir='ltr'>αἴσθησιν</span> <span class='ocrx_word' id='word_1_696' title='bbox 3384 4759 3800 4869; x_wconf 40' lang='grc' dir='ltr'>τὰφαινόμενέ</span> 
     </span>
    </p>
   </div>
   <div class='ocr_carea' id='block_1_97' title="bbox 530 4850 2122 4961">
    <p class='ocr_par' dir='ltr' id='par_1_97' title="bbox 530 4850 2110 4947">
     <span class='ocr_line' id='line_1_98' title="bbox 530 4850 2110 4947; baseline 0.02 -44"><span class='ocrx_word' id='word_1_697' title='bbox 530 4850 718 4907; x_wconf 85' lang='lat' dir='ltr'><strong>valent</strong></span> <span class='ocrx_word' id='word_1_698' title='bbox 768 4869 940 4926; x_wconf 89' lang='lat' dir='ltr'><strong>penes</strong></span> <span class='ocrx_word' id='word_1_699' title='bbox 994 4857 1379 4929; x_wconf 83' lang='lat' dir='ltr'><strong>imperfectos,</strong></span> <span class='ocrx_word' id='word_1_700' title='bbox 1439 4874 1499 4920; x_wconf 89' lang='lat' dir='ltr'><strong>ut</strong></span> <span class='ocrx_word' id='word_1_701' title='bbox 1557 4850 1780 4927; x_wconf 79' lang='lat' dir='ltr'><strong>sensum</strong></span> <span class='ocrx_word' id='word_1_702' title='bbox 1836 4874 2110 4947; x_wconf 88' lang='lat' dir='ltr'><strong>aﬁieiant,</strong></span> 
     </span>
    </p>
   </div>
   <div class='ocr_carea' id='block_1_98' title="bbox 2218 4850 3799 4961">
    <p class='ocr_par' dir='ltr' id='par_1_98' title="bbox 2218 4850 3799 4961">
     <span class='ocr_line' id='line_1_99' title="bbox 2218 4850 3799 4961; baseline -0.004 -9"><span class='ocrx_word' id='word_1_703' title='bbox 2218 4882 2474 4952; x_wconf 78' lang='grc' dir='ltr'>σχήματα</span> <span class='ocrx_word' id='word_1_704' title='bbox 2500 4882 2615 4936; x_wconf 81' lang='grc' dir='ltr'><strong>τῶν</strong></span> <span class='ocrx_word' id='word_1_705' title='bbox 2663 4850 2975 4955; x_wconf 54' lang='grc' dir='ltr'>ὁρωμένων,</span> <span class='ocrx_word' id='word_1_706' title='bbox 3010 4850 3043 4958; x_wconf 63' lang='grc' dir='ltr'><strong><em>ἡ</em></strong></span> <span class='ocrx_word' id='word_1_707' title='bbox 3086 4886 3223 4959; x_wconf 78' lang='grc' dir='ltr'>πρὸς</span> <span class='ocrx_word' id='word_1_708' title='bbox 3248 4850 3367 4960; x_wconf 74' lang='grc' dir='ltr'><strong>’τὴν</strong></span> <span class='ocrx_word' id='word_1_709' title='bbox 3407 4850 3799 4961; x_wconf 47' lang='lat' dir='ltr'><strong>mgni;</strong></span> 
     </span>
    </p>
   </div>
   <div class='ocr_carea' id='block_1_99' title="bbox 532 4956 2122 5051">
    <p class='ocr_par' dir='ltr' id='par_1_99' title="bbox 532 4956 2115 5037">
     <span class='ocr_line' id='line_1_100' title="bbox 532 4956 2115 5037; baseline 0.02 -42"><span class='ocrx_word' id='word_1_710' title='bbox 532 4956 847 5013; x_wconf 60' lang='lat' dir='ltr'><strong>conspicuae</strong></span> <span class='ocrx_word' id='word_1_711' title='bbox 893 4963 1079 5004; x_wconf 89' lang='lat' dir='ltr'><strong>rerum</strong></span> <span class='ocrx_word' id='word_1_712' title='bbox 1128 4956 1547 5023; x_wconf 84' lang='lat' dir='ltr'><strong>aspectabilium</strong></span> <span class='ocrx_word' id='word_1_713' title='bbox 1595 4961 1801 5033; x_wconf 70' lang='lat' dir='ltr'><strong>ﬁgurm,</strong></span> <span class='ocrx_word' id='word_1_714' title='bbox 1837 4982 2002 5037; x_wconf 91' lang='lat' dir='ltr'><strong>quam</strong></span> <span class='ocrx_word' id='word_1_715' title='bbox 2051 4981 2115 5027; x_wconf 91' lang='lat' dir='ltr'><strong>ut</strong></span> 
     </span>
    </p>
   </div>
   <div class='ocr_carea' id='block_1_100' title="bbox 2218 4956 3799 5051">
    <p class='ocr_par' dir='ltr' id='par_1_100' title="bbox 2218 4956 3799 5051">
     <span class='ocr_line' id='line_1_101' title="bbox 2218 4956 3799 5051; baseline 0.007 -25"><span class='ocrx_word' id='word_1_716' title='bbox 2218 4973 2523 5045; x_wconf 77' lang='grc' dir='ltr'>κρυμμένοι</span> <span class='ocrx_word' id='word_1_717' title='bbox 2551 4978 2666 5039; x_wconf 81' lang='grc' dir='ltr'>τοῖς</span> <span class='ocrx_word' id='word_1_718' title='bbox 2707 4979 2950 5049; x_wconf 81' lang='grc' dir='ltr'>σχήμασι</span> <span class='ocrx_word' id='word_1_719' title='bbox 2990 4956 3141 5048; x_wconf 77' lang='grc' dir='ltr'>λόγοι</span> <span class='ocrx_word' id='word_1_720' title='bbox 3165 4979 3276 5033; x_wconf 88' lang='grc' dir='ltr'><strong>τῶν</strong></span> <span class='ocrx_word' id='word_1_721' title='bbox 3323 4956 3643 5051; x_wconf 67' lang='grc' dir='ltr'>γεγονότων.</span> <span class='ocrx_word' id='word_1_722' title='bbox 3681 4986 3704 5005; x_wconf 85' lang='grc'>⁶</span> <span class='ocrx_word' id='word_1_723' title='bbox 3734 4984 3799 5039; x_wconf 78' lang='lat' dir='ltr'><strong>Oi</strong></span> 
     </span>
    </p>
   </div>
   <div class='ocr_carea' id='block_1_101' title="bbox 531 5040 2122 5142">
    <p class='ocr_par' dir='ltr' id='par_1_101' title="bbox 531 5040 2109 5119">
     <span class='ocr_line' id='line_1_102' title="bbox 531 5040 2109 5119; baseline 0.019 -30"><span class='ocrx_word' id='word_1_724' title='bbox 531 5040 815 5102; x_wconf 83' lang='lat' dir='ltr'><strong>animum,</strong></span> <span class='ocrx_word' id='word_1_725' title='bbox 862 5040 973 5096; x_wconf 88' lang='lat' dir='ltr'><strong>illis</strong></span> <span class='ocrx_word' id='word_1_726' title='bbox 1014 5043 1217 5100; x_wconf 65' lang='lat' dir='ltr'><strong>abditae</strong></span> <span class='ocrx_word' id='word_1_727' title='bbox 1261 5058 1569 5106; x_wconf 86' lang='lat' dir='ltr'><strong>crcatarum</strong></span> <span class='ocrx_word' id='word_1_728' title='bbox 1615 5070 1802 5111; x_wconf 87' lang='lat' dir='ltr'><strong>rerum</strong></span> <span class='ocrx_word' id='word_1_729' title='bbox 1844 5060 2109 5119; x_wconf 89' lang='lat' dir='ltr'><strong>rationes.</strong></span> 
     </span>
    </p>
   </div>
   <div class='ocr_carea' id='block_1_102' title="bbox 2218 5040 3800 5142">
    <p class='ocr_par' dir='ltr' id='par_1_102' title="bbox 2218 5040 3800 5142">
     <span class='ocr_line' id='line_1_103' title="bbox 2218 5040 3800 5142; baseline 0.006 -23"><span class='ocrx_word' id='word_1_730' title='bbox 2218 5040 2400 5136; x_wconf 65' lang='grc' dir='ltr'>μέντοι</span> <span class='ocrx_word' id='word_1_731' title='bbox 2437 5065 2583 5138; x_wconf 81' lang='grc' dir='ltr'>μόνῳ</span> <span class='ocrx_word' id='word_1_732' title='bbox 2611 5066 2689 5138; x_wconf 84' lang='grc' dir='ltr'><strong>τῷ</strong></span> <span class='ocrx_word' id='word_1_733' title='bbox 2720 5040 3011 5139; x_wconf 71' lang='grc' dir='ltr'>γράμματι</span> <span class='ocrx_word' id='word_1_734' title='bbox 3041 5040 3444 5142; x_wconf 72' lang='grc' dir='ltr'>προσδήσαντες</span> <span class='ocrx_word' id='word_1_735' title='bbox 3490 5074 3800 5138; x_wconf 77' lang='grc' dir='ltr'>Ἰουδαϊκῶς</span> 
     </span>
    </p>
   </div>
   <div class='ocr_carea' id='block_1_103' title="bbox 530 5126 2122 5238">
    <p class='ocr_par' dir='ltr' id='par_1_103' title="bbox 530 5126 2109 5211">
     <span class='ocr_line' id='line_1_104' title="bbox 530 5126 2109 5211; baseline 0.019 -31"><span class='ocrx_word' id='word_1_736' title='bbox 530 5126 728 5195; x_wconf 89' lang='lat' dir='ltr'><strong>Porro,</strong></span> <span class='ocrx_word' id='word_1_737' title='bbox 766 5131 861 5200; x_wconf 85' lang='lat' dir='ltr'><strong>qui</strong></span> <span class='ocrx_word' id='word_1_738' title='bbox 912 5132 1016 5187; x_wconf 90' lang='lat' dir='ltr'><strong>soli</strong></span> <span class='ocrx_word' id='word_1_739' title='bbox 1063 5134 1261 5193; x_wconf 72' lang='lat' dir='ltr'><strong>littera:</strong></span> <span class='ocrx_word' id='word_1_740' title='bbox 1301 5136 1617 5199; x_wconf 70' lang='lat' dir='ltr'><strong>Judaaorum</strong></span> <span class='ocrx_word' id='word_1_741' title='bbox 1664 5162 1818 5205; x_wconf 91' lang='lat' dir='ltr'><strong>more</strong></span> <span class='ocrx_word' id='word_1_742' title='bbox 1863 5152 2109 5211; x_wconf 89' lang='lat' dir='ltr'><strong>animum</strong></span> 
     </span>
    </p>
   </div>
   <div class='ocr_carea' id='block_1_104' title="bbox 2218 5126 3799 5238">
    <p class='ocr_par' dir='ltr' id='par_1_104' title="bbox 2218 5157 3799 5238">
     <span class='ocr_line' id='line_1_105' title="bbox 2218 5157 3799 5238; baseline 0.007 -27"><span class='ocrx_word' id='word_1_743' title='bbox 2218 5157 2312 5231; x_wconf 83' lang='grc' dir='ltr'><strong>τὴν</strong></span> <span class='ocrx_word' id='word_1_744' title='bbox 2340 5158 2602 5229; x_wconf 80' lang='grc' dir='ltr'>διάνοιαν,</span> <span class='ocrx_word' id='word_1_745' title='bbox 2634 5160 2779 5215; x_wconf 80' lang='grc' dir='ltr'>κατά</span> <span class='ocrx_word' id='word_1_746' title='bbox 2806 5161 2897 5214; x_wconf 82' lang='grc' dir='ltr'>τὸν</span> <span class='ocrx_word' id='word_1_747' title='bbox 2930 5160 3103 5217; x_wconf 83' lang='grc' dir='ltr'>αἰῶνα</span> <span class='ocrx_word' id='word_1_748' title='bbox 3142 5163 3330 5218; x_wconf 81' lang='grc' dir='ltr'>τοῦτον</span> <span class='ocrx_word' id='word_1_749' title='bbox 3353 5164 3667 5238; x_wconf 69' lang='grc' dir='ltr'>ἐκδέχονται</span> <span class='ocrx_word' id='word_1_750' title='bbox 3698 5166 3799 5232; x_wconf 76' lang='grc' dir='ltr'><strong>τὰς</strong></span> 
     </span>
    </p>
   </div>
   <div class='ocr_carea' id='block_1_105' title="bbox 604 5282 2978 5388">
    <p class='ocr_par' dir='ltr' id='par_1_105' title="bbox 604 5282 2978 5388">
     <span class='ocr_line' id='line_1_106' title="bbox 604 5282 2978 5388; baseline 0.014 -50"><span class='ocrx_word' id='word_1_751' title='bbox 604 5282 649 5317; x_wconf 79' lang='grc'><strong>⁷⁸</strong></span> <span class='ocrx_word' id='word_1_752' title='bbox 679 5284 823 5342; x_wconf 91' lang='lat' dir='ltr'><strong>Psal.</strong></span> <span class='ocrx_word' id='word_1_753' title='bbox 847 5303 1067 5357; x_wconf 75' lang='lat' dir='ltr'><strong>xxxvi&quot;,</strong></span> <span class='ocrx_word' id='word_1_754' title='bbox 1098 5291 1153 5346; x_wconf 78' lang='lat'><strong>2.</strong></span> <span class='ocrx_word' id='word_1_755' title='bbox 1230 5292 1275 5324; x_wconf 88' lang='grc'><strong>⁷³</strong></span> <span class='ocrx_word' id='word_1_756' title='bbox 1297 5293 1501 5352; x_wconf 82' lang='lat' dir='ltr'><strong>Jerem.</strong></span> <span class='ocrx_word' id='word_1_757' title='bbox 1531 5314 1604 5365; x_wconf 80' lang='lat' dir='ltr'><strong>vt,</strong></span> <span class='ocrx_word' id='word_1_758' title='bbox 1644 5298 1734 5355; x_wconf 73' lang='lat'><strong>25.</strong></span> <span class='ocrx_word' id='word_1_759' title='bbox 1807 5303 1855 5336; x_wconf 77' lang='lat'>&quot;</span> <span class='ocrx_word' id='word_1_760' title='bbox 1881 5301 2019 5363; x_wconf 84' lang='lat' dir='ltr'><strong>Gen.</strong></span> <span class='ocrx_word' id='word_1_761' title='bbox 2053 5324 2129 5378; x_wconf 83' lang='lat' dir='ltr'><strong>tv,</strong></span> <span class='ocrx_word' id='word_1_762' title='bbox 2170 5311 2226 5367; x_wconf 86' lang='lat'><strong>8.</strong></span> <span class='ocrx_word' id='word_1_763' title='bbox 2302 5312 2349 5346; x_wconf 83' lang='lat'>&quot;</span> <span class='ocrx_word' id='word_1_764' title='bbox 2376 5312 2514 5371; x_wconf 88' lang='lat' dir='ltr'><strong>Gen.</strong></span> <span class='ocrx_word' id='word_1_765' title='bbox 2547 5330 2729 5383; x_wconf 74' lang='lat' dir='ltr'><strong>xxxiv,</strong></span> <span class='ocrx_word' id='word_1_766' title='bbox 2760 5317 2785 5371; x_wconf 74' lang='grc' dir='ltr'><strong>ἰ</strong></span> <span class='ocrx_word' id='word_1_767' title='bbox 2820 5331 2978 5388; x_wconf 88' lang='lat' dir='ltr'><strong>seqq.</strong></span> 
     </span>
    </p>
   </div>
   <div class='ocr_carea' id='block_1_106' title="bbox 599 5404 1844 5482">
    <p class='ocr_par' dir='ltr' id='par_1_106' title="bbox 599 5404 1844 5482">
     <span class='ocr_line' id='line_1_107' title="bbox 599 5404 1844 5482; baseline 0.014 -22"><span class='ocrx_word' id='word_1_768' title='bbox 599 5406 622 5428; x_wconf 83' lang='lat'>&#39;</span> <span class='ocrx_word' id='word_1_769' title='bbox 645 5404 734 5464; x_wconf 77' lang='lat' dir='ltr'><strong>Cf.</strong></span> <span class='ocrx_word' id='word_1_770' title='bbox 769 5407 841 5463; x_wconf 87' lang='lat' dir='ltr'><strong>ad</strong></span> <span class='ocrx_word' id='word_1_771' title='bbox 870 5408 1029 5465; x_wconf 83' lang='lat' dir='ltr'><strong>Thai.</strong></span> <span class='ocrx_word' id='word_1_772' title='bbox 1055 5428 1112 5482; x_wconf 91' lang='lat' dir='ltr'><strong>q.</strong></span> <span class='ocrx_word' id='word_1_773' title='bbox 1138 5412 1207 5469; x_wconf 83' lang='lat'><strong>50</strong></span> <span class='ocrx_word' id='word_1_774' title='bbox 1229 5422 1285 5470; x_wconf 92' lang='lat' dir='ltr'><strong>et</strong></span> <span class='ocrx_word' id='word_1_775' title='bbox 1309 5416 1379 5472; x_wconf 85' lang='lat'><strong>55</strong></span> <span class='ocrx_word' id='word_1_776' title='bbox 1404 5417 1474 5473; x_wconf 89' lang='lat' dir='ltr'><strong>ad</strong></span> <span class='ocrx_word' id='word_1_777' title='bbox 1499 5435 1558 5474; x_wconf 93' lang='lat' dir='ltr'><strong>n.</strong></span> <span class='ocrx_word' id='word_1_778' title='bbox 1592 5420 1661 5476; x_wconf 91' lang='lat'><strong>89</strong></span> <span class='ocrx_word' id='word_1_779' title='bbox 1685 5419 1844 5480; x_wconf 85' lang='lat' dir='ltr'><strong>infra.</strong></span> 
     </span>
    </p>
   </div>
   <div class='ocr_carea' id='block_1_107' title="bbox 599 5517 2122 5624">
    <p class='ocr_par' dir='ltr' id='par_1_107' title="bbox 599 5517 2098 5624">
     <span class='ocr_line' id='line_1_108' title="bbox 599 5517 2098 5624; baseline 0 0"><span class='ocrx_word' id='word_1_780' title='bbox 599 5517 685 5624; x_wconf 58' lang='grc' dir='ltr'><strong>ἐξ)</strong></span> <span class='ocrx_word' id='word_1_781' title='bbox 709 5524 1316 5624; x_wconf 56' lang='grc' dir='ltr'><strong>Ξίἐε.·3ίξ..νξξῐς·ς;ίίέῃιῖί,</strong></span> <span class='ocrx_word' id='word_1_782' title='bbox 1334 5531 1703 5624; x_wconf 45' lang='lat' dir='ltr'><strong>linteatis</strong></span> <span class='ocrx_word' id='word_1_783' title='bbox 1734 5536 1788 5624; x_wconf 61' lang='lat' dir='ltr'><strong>is!</strong></span> <span class='ocrx_word' id='word_1_784' title='bbox 1820 5541 2098 5624; x_wconf 65' lang='grc' dir='ltr'>ρτεερίριιο</span> 
     </span>
    </p>
   </div>
   <div class='ocr_carea' id='block_1_108' title="bbox 2218 5517 3786 5624">
    <p class='ocr_par' dir='ltr' id='par_1_108' title="bbox 2218 5530 3786 5624">
     <span class='ocr_line' id='line_1_109' title="bbox 2218 5530 3786 5624; baseline 0.012 -24"><span class='ocrx_word' id='word_1_785' title='bbox 2218 5546 2426 5624; x_wconf 81' lang='lat' dir='ltr'><strong>liusque</strong></span> <span class='ocrx_word' id='word_1_786' title='bbox 2450 5548 2520 5604; x_wconf 89' lang='lat' dir='ltr'><strong>de</strong></span> <span class='ocrx_word' id='word_1_787' title='bbox 2566 5550 2690 5624; x_wconf 67' lang='lat' dir='ltr'><strong>illis</strong></span> <span class='ocrx_word' id='word_1_788' title='bbox 2711 5551 2989 5624; x_wconf 85' lang='lat' dir='ltr'><strong>intelligit.</strong></span> <span class='ocrx_word' id='word_1_789' title='bbox 3036 5554 3213 5610; x_wconf 82' lang='lat' dir='ltr'><strong>Latini</strong></span> <span class='ocrx_word' id='word_1_790' title='bbox 3256 5559 3486 5615; x_wconf 79' lang='lat' dir='ltr'><strong>rationes</strong></span> <span class='ocrx_word' id='word_1_791' title='bbox 3546 5530 3732 5615; x_wconf 72' lang='lat' dir='ltr'><strong>dicunt</strong></span> <span class='ocrx_word' id='word_1_792' title='bbox 3773 5583 3786 5619; x_wconf 88' lang='grc'>;</span> 
     </span>
    </p>
   </div>
   <div class='ocr_carea' id='block_1_109' title="bbox 531 5593 3209 5695">
    <p class='ocr_par' dir='ltr' id='par_1_109' title="bbox 531 5593 3209 5695">
     <span class='ocr_line' id='line_1_110' title="bbox 531 5593 3209 5695; baseline 0.016 -56"><span class='ocrx_word' id='word_1_793' title='bbox 531 5597 680 5656; x_wconf 82' lang='lat' dir='ltr'><strong>sunt,</strong></span> <span class='ocrx_word' id='word_1_794' title='bbox 711 5593 855 5665; x_wconf 80' lang='lat' dir='ltr'><strong>quod</strong></span> <span class='ocrx_word' id='word_1_795' title='bbox 888 5610 1045 5652; x_wconf 89' lang='lat' dir='ltr'><strong>mens</strong></span> <span class='ocrx_word' id='word_1_796' title='bbox 1072 5596 1127 5652; x_wconf 90' lang='lat' dir='ltr'><strong>in</strong></span> <span class='ocrx_word' id='word_1_797' title='bbox 1156 5593 1318 5657; x_wconf 82' lang='lat' dir='ltr'><strong>rebus</strong></span> <span class='ocrx_word' id='word_1_798' title='bbox 1363 5593 1610 5660; x_wconf 72' lang='lat' dir='ltr'><strong>intimius</strong></span> <span class='ocrx_word' id='word_1_799' title='bbox 1658 5593 1836 5678; x_wconf 52' lang='lat' dir='ltr'><strong>légit,‘</strong></span> <span class='ocrx_word' id='word_1_800' title='bbox 1859 5593 2097 5680; x_wconf 47' lang='lat' dir='ltr'><strong>simul</strong></span> <span class='ocrx_word' id='word_1_801' title='bbox 2200 5593 3209 5695; x_wconf 56' lang='lat'><strong>{£6</strong></span> 
     </span>
    </p>
   </div>
  </div>
