4094 6204
328 196 466 312 ιεεέ

1004 238 1336 301 CAPITUM
1376 234 1796 309 QUINQUIES
1832 229 2352 295 CENTENORUM
2390 226 2778 288 CENT'UBIA
2819 226 2897 285 ll.

3448 231 3582 290 1⁸254

319 357 655 428 ἐπαγγελίας
704 356 813 410 τῶν
865 354 1161 425 ἀκηράτων
1199 351 1452 421 ἀγαθῶν,
1486 350 1809 420 ἀγνοοῦντες
1836 348 1906 402 τά

2007 347 2370 409 addixerunt,
2421 342 2751 397 immortalia
2797 340 2940 395 bona
2984 334 3282 410 promissa,
3321 355 3436 398 aevo
3484 343 3587 397 hoc

320 454 464 508 κατὰ
504 451 670 524 φύσιν
696 451 795 520 τῆς
824 447 1005 518 ψυχῆς
1030 446 1233 515 ἀγαθά.

389 630 509 690 πςθ.
549 623 610 678 Ὀ
650 620 750 692 τὴν
810 621 996 674 εἰκόνα
1043 619 1282 688 φορέσας
1324 616 1417 671 τοῦ
1452 614 1794 693 ἐπουρανίου,
1825 612 1902 683 τῷ

319 710 592 781 πνεύματι
638 708 727 762 διὰ
783 709 1002 762 πάντων
1039 706 1275 760 ἕπεσθαι
1328 705 1547 759 σπεύδει
1592 705 1691 774 τῆς
1744 703 1901 772 ἁγίας

320 802 559 873 Γραφῆς,
593 804 649 854 ὲν
675 793 719 869 ᾧ
748 801 813 854 δι’
843 800 1045 871 ἀρετῆς
1079 800 1174 852 καὶ¹
1219 798 1498 866 γνώσεως,
1529 799 1562 868 ἠ
1595 798 1691 868 τῆς
1724 796 1901 865 ψυχῆς

318 896 555 966 ὑπάρχει
589 895 939 963 συντήρησιςο
960 893 988 944 ὁ
1025 892 1083 945 δὲ
1105 892 1201 961 τὴν
1235 890 1418 943 εἰκόνα
1449 890 1630 959 φορῶν
1653 888 1745 942 τοῦ
1785 892 1900 958 χοῖ-

320 984 439 1049 κοῦ,
474 984 536 1037 τὸ
582 984 820 1052 γράμμα
878 980 1038 1052 μόνον
1097 980 1371 1052 περιέπειο
1414 980 1471 1032 ὲν
1509 971 1554 1047 ᾧ
1592 980 1625 1048 ή
1675 976 1900 1031 κατάῐο

316 1075 511 1147 σθησιν
552 1075 687 1145 πρὸς
720 1074 882 1142 σῶμα
922 1072 1150 1142 λατρεία
1203 1071 1505 1141 συνέστηκε
1534 1070 1601 1124 τὰ
1630 1069 1780 1140 πάθη
1808 1068 1901 1139 δη-

321 1164 682 1236 μιουργοῦσα.

390 1255 498 1319 πζ.
535 1254 750 1324 Κράτος
793 1250 930 1305 Θεοῦ
973 1251 1336 1320 καθέστηκεν,
1367 1252 1401 1321 ἡ
1435 1248 1755 1322 ἀναιρετικὴ
1792 1248 1901 1301 τῶν

318 1342 507 1397 παθῶν
541 1341 735 1413 ἀρετὴ.
767 1340 863 1393 καὶ
904 1340 1014 1395 τῶν
1070 1340 1311 1393 εὐσεϐῶν
1362 1340 1702 1413 φρουρητικὴ
1748 1339 1901 1407 λογι-

320 1433 497 1503 σμῶν,
525 1432 593 1501 ἣν
619 1431 782 1501 γεννᾷ
813 1431 1012 1500 πρᾶξις
1039 1429 1293 1495 ἐντολῶν,
1342 1430 1408 1483 δι’
1435 1425 1502 1501 ἦς
1536 1430 1634 1493 τὰς
1658 1430 1900 1483 ἀντικει-

322 1523 491 1593 μένας
519 1521 598 1592 τῷ
624 1520 815 1592 ἁγαθῷ
848 1522 1090 1593 πονηρὰς
1113 1522 1395 1590 δυνάμεις,
1429 1519 1720 1592 συνεργεία
1743 1517 1898 1573 Θεοῦ·

323 1613 524 1685 μᾶλλον
556 1613 613 1666 δὲ
660 1613 799 1687 μόνῃ
831 1613 1057 1683 δυνάμει
1094 1612 1254 1677 Θεοῦ,
1286 1612 1697 1682 διαφθείρομεν.
1723 1611 1899 1680 ’Ὕψος

2001 435 2314 508 praestanda
2349 441 2689 502 exspectant,
2724 432 2853 486 dum
2898 448 3019 501 quae
3065 432 3176 486 sint
3211 433 3381 486 animi
3420 440 3584 487 natu~

2002 526 2141 580 ralia
2174 526 2319 579 bona
2358 526 2633 595 ignorant.

2074 620 2162 673 86.
2197 618 2301 684 Qui
2331 618 2571 672 cmlestis
2602 626 2785 688 portat
2815 616 3129 688 imaginem,
3171 632 3389 670 omnem
3426 614 3586 669 adhi-

2001 707 2097 763 bet
2129 722 2343 772 curam,
2377 715 2439 761 ut
2481 707 2535 761 in
2575 706 2834 761 omnibus
2878 706 3181 776 Scriptura:
3217 720 3386 759 sacr:e
3420 704 3585 772 spiri-

2005 807 2119 852 tum
2154 809 2418 867 sequatur
2445 799 2520 864 7°;
2552 798 2607 851 in
2636 812 2767 866 quo,
2795 797 3000 850 virtute
3028 797 3227 850 comite
3254 804 3308 850 et
3333 794 3583 855 scientia,

2002 890 2172 945 animi
2220 890 2571 946 incolumitas
2611 897 2667 943 et
2708 889 2856 942 salus
2899 889 3075 958 posita
3111 897 3196 942 est
3228 905 3240 941 :
3272 888 3365 957 qni
3405 896 3586 940 autem

2005 987 2194 1050 portat
2224 980 2517 1049 imaginem
2556 978 2860 1042 terrestris,
2887 978 3128 1031 litteram
3160 976 3427 1030 duntaxat
3456 991 3559 1029 con

2002 1076 2276 1133 sectatur;
2327 1068 2385 1121 in
2428 1083 2557 1137 qua,
2591 1066 2971 1136 propensioris
3013 1065 3069 1118 in
3116 1079 3319 1133 corpus
3366 1078 3585 1130 sensus,

2002 1158 2263 1213 vitiorum
2299 1173 2496 1228 parens
2529 1172 2592 1211 ac
2621 1156 2935 1221 libidinum,
2964 1153 3234 1209 consistit.

2072 1250 2161 1305 87.
2203 1250 2300 1303 Dei
2354 1256 2635 1318 potestas,
2687 1247 2867 1302 virtus
2919 1256 3005 1303 est
3058 1246 3194 1299 vitia
3245 1244 3586 1313 affectusque

2002 1338 2359 1402 interimens,
2410 1337 2637 1407 piasque
2689 1336 2934 1390 rationes
2980 1333 3236 1388 muniens
3278 1349 3340 1389 ac
3392 1342 3585 1399 tuens;

2002 1430 2237 1485 actionis
2293 1430 2481 1499 proles
2531 1444 2640 1498 qua
2699 1429 2956 1483 mandata
3026 1426 3414 1495 ex’sequimur;
3480 1441 3587 1495 qua

2001 1538 2224 1591 nempe,
2268 1521 2416 1575 bono
2460 1520 2767 1574 contrarias
2801 1519 3169 1589 nequissimas
3201 1520 3459 1580 virtutes,
3490 1518 3588 1572 Dei

2001 1613 2208 1668 auxilio
2253 1612 2407 1681 (quin
2450 1612 2570 1681 ejus
2612 1627 2720 1665 una
2761 1610 3028 1681 potentia)
3076 1610 3452 1681 proﬂigamus.
3490 1609 3587 1665 Dei

316 1703 374 1757 δὲ
404 1702 538 1756 Θεοῦ
579 1704 729 1756 ἐστιν
771 1705 805 1772 ἡ
834 1700 1036 1771 γνῶσις
1062 1702 1163 1770 τῆς
1198 1700 1479 1771 ἀληθείας,
1506 1701 1573 1770 ἣν
1610 1700 1777 1769 γεννᾷ
1803 1698 1903 1769 τῆς

2007 1712 2191 1759 autem
2239 1703 2533 1768 celsitudo,
2568 1702 2823 1757 veritatis
2872 1703 3105 1756 scientia
3139 1711 3243 1766 est,
3277 1719 3442 1772 quam
3484 1702 3590 1756 ἰω-

316 1794 426 1848 τῶν
454 1794 767 1863 γεγονότων
795 1792 1027 1863 Θεωρίας
1054 1793 1082 1846 ὁ
1123 1792 1313 1857 πόνος,
1355 1792 1449 1844 καὶ
1473 1792 1523 1844 oi
1551 1791 1643 1844 ἐπὶ
1667 1794 1735 1861 τῇ
1760 1789 1900 1861 πρά-

318 1884 398 1951 ξει
447 1884 556 1938 τῶν
601 1883 812 1955 ἀρετῶν
864 1883 1090 1954 ἱδρῶτες
1125 1885 1287 1937 πόνου
1328 1882 1564 1951 πατέρες
1600 1880 1897 1951 γινόμενοι·

316 1974 383 2028 δι’
416 1968 482 2046 ἧς
516 1973 614 2044 τὴν
641 1974 1027 2043 ἀντικειμένην
1058 1975 1124 2043 τῇ
1160 1971 1390 2043 ἀληθείᾳ
1420 1970 1516 2023 τοῦ
1547 1970 1777 2040 ψεύδους
1809 1969 1901 2022 δύο

318 2082 504 2135 ναμιν,
538 2064 818 2128 παντελῶς
838 2064 1259 2133 ὲξαφανίζομεν,
1281 2065 1387 2116 πᾶν
1407 2062 1605 2133 ὕψωμα
1623 2063 1732 2116 τῶν
1753 2064 1904 2115 ὲπαι-

322 2154 564 2226 ρομένων
596 2154 738 2208 κατά
770 2155 869 2225 τῆς
892 2154 1146 2223 γνώσεως
1170 2153 1263 2206 τοῦ
1287 2153 1423 2206 Θεοῦ
1454 2153 1707 2225 πονηρῶν
1735 2170 1902 2206 πνευ-

321 2248 508 2317 μάτων
536 2245 922 2308 ταπεινοῦντες
984 2246 1078 2299 καὶ
1144 2244 1602 2307 καταϐάλλοντες.
1649 2246 1759 2299 Καὶ
1792 2245 1903 2316 γὰρ

319 2337 511 2409 ῶσπερ
539 2339 572 2407 ἡ
608 2338 808 2411 πρᾶξις
850 2339 1017 2408 γεννᾷ
1048 2338 1145 2409 τὴν
1173 2337 1399 2409 ἀρετὴν,
1430 2336 1605 2401 οὕτως
1642 2340 1672 2408 ἡ
1701 2336 1903 2407 θεωρία

319 2430 419 2501 τὴν
448 2431 669 2497 γνῶσιν.

389 2530 503 2594 πηθ.
567 2524 631 2575 Ἠ
672 2521 906 2592 ἄληστος
956 2520 1182 2589 γνῶσις,
1234 2520 1486 2593 ἀόριστον
1529 2519 1726 2592 ἔχουσα
1773 2520 1904 2591 περὶ

318 2614 420 2684 τὴν
461 2612 612 2667 θείαν
658 2612 915 2683 ἀπειρίαν
956 2612 1055 2682 τὴν
1094 2611 1241 2666 κατὰ
1270 2611 1398 2666 νοῦν
1430 2612 1570 2682 ὑπὲρ
1605 2612 1791 2683 νόησιν
1818 2611 1904 2664 κί-

321 2720 496 2774 νησιν,
528 2702 782 2768 είκονίξει
806 2703 893 2757 διὰ
920 2703 1020 2773 τῆς
1052 2704 1334 2774 ἀοριστίας
1365 2704 1438 2774 (ο)
1465 2705 1561 2776 τὴν
1601 2707 1904 2776 ὐπεράπει-

322 2814 416 2868 ρον
445 2796 604 2863 δόξαν
626 2797 725 2867 τῆς
748 2796 1026 2868 ἀληθείαςο
1057 2798 1090 2867 ἡ
1122 2797 1178 2849 δὲ
1209 2800 1307 2869 τῆς
1347 2797 1493 2851 κατὰ
1518 2799 1617 2868 τὴν
1647 2798 1906 2868 πρόνοιαν

323 2889 507 2960 σοφῆς⁵
532 2887 867 2960 ἀγαθότητος
899 2887 1223 2959 αὐθαίρετος
1270 2890 1524 2959 μίμησις,
1554 2888 1719 2959 τιμὴν
1753 2889 1906 2957 φέρει

321 2979 420 3051 τὴν
449 2980 588 3050 πρὸς
619 2979 709 3032 τὸν
742 2978 875 3032 Θεὸν
901 2978 998 3032 τοῦ
1027 2979 1118 3032 νοῦ
1153 2980 1295 3032 κατὰ
1322 2979 1422 3051 τὴν
1451 2979 1690 3033 διάθεσιν
1718 2979 1907 3049 ἀρίδη-

322 3068 433 3136 λον,
463 3072 537 3133 ὡς
572 3069 688 3123 ἔστι
716 3069 962 3134 δυνατὸν,
999 3069 1339 3140 ἐξομοίωσιν.

2005 1810 2212 1867 pensus
2258 1794 2415 1849 labor
2461 1792 2814 1863 speculandis
2854 1794 3023 1848 rebus
3063 1796 3265 1848 creatis
3300 1792 3466 1863 parit,
3495 1808 3590 1846 su-

2005 1887 2281 1957 doresque
2342 1885 2637 1956 fungendis
2684 1883 3019 1947 virtutibus,
3072 1885 3165 1954 qui
3225 1884 3329 1952 ipsi
3382 1882 3591 1937 laboris

2003 1986 2263 2050 parentes
2292 1975 2420 2031 sint.
2458 1975 2573 2029 Hac
2611 1975 2864 2037 scientia,
2911 1974 3020 2028 vim
3055 1991 3275 2029 omnem
3317 1973 3591 2029 mendacii

2004 2064 2229 2120 veritati
2259 2063 2644 2118 adversantem
2673 2063 2901 2116 omnino
2930 2062 3237 2127 abolemus,
3268 2064 3366 2133 qui
3391 2076 3590 2131 nempe

2004 2174 2223 2214 omnem
2272 2156 2638 2225 malignorum
2698 2155 2993 2223 spirituum
3045 2156 3447 2209 sublimitatem
3493 2169 3590 2207 ex-

2004 2252 2291 2307 tollentem
2334 2264 2392 2302 se
2435 2248 2702 2302 adversus
2757 2247 3045 2301 scientiam
3086 2249 3182 2301 Dei
3208 2249 3274 2310 ⁷⁷,
3317 2246 3593 2315 deprima-

2004 2358 2128 2411 mus
2176 2357 2241 2397 ac
2285 2340 2656 2394 destruamus.
2694 2337 2783 2393 Uti
2824 2338 2971 2391 cnim
3009 2338 3154 2392 actio
3191 2337 3478 2400 virtutem,
3512 2337 3594 2389 sic

2003 2442 2061 2489 et
2086 2432 2393 2503 speculatio
2422 2430 2709 2485 scientiam
2743 2428 2906 2497 parit.

2074 2525 2162 2580 88.
2216 2523 2389 2589 Quam
2446 2522 2596 2575 nulla
2657 2520 2975 2575 inobscuret
3027 2520 3263 2585 oblivio,
3324 2519 3590 2584 scientia,

2004 2616 2174 2671 nullis
2204 2615 2411 2669 finibus
2440 2616 2905 2685 comprehensum
2939 2614 3085 2669 circa
3124 2615 3369 2669 divinam
3401 2613 3591 2668 infini—

2008 2717 2196 2770 tatem,
2230 2706 2431 2761 mentis
2467 2721 2687 2760 onmem
2734 2706 3033 2777 cogitatum
3074 2714 3431 2776 superantem
3472 2721 3593 2759 mo-

2009 2808 2124 2854 tum
2160 2799 2408 2864 habens;
2440 2798 2611 2852 nullis
2662 2798 2866 2852 ﬁnibus
2903 2798 3303 2867 comprehensa
3344 2797 3437 2851 illa
3480 2812 3596 2851 am-

2008 2889 2277 2960 plitudine
2298 2931 2312 2953 ,
2349 2889 2498 2942 omni
2531 2890 2793 2960 majorem
2822 2889 3038 2943 infinito
3081 2888 3330 2943 veritatis
3361 2888 3594 2957 gloriam

2010 2978 2272 3048 exprimit
2307 2994 2320 3031 :
2354 2978 2622 3046 sapientis
2662 2995 2795 3033 vero
2838 2995 2905 3033 cx
2956 2978 3321 3033 Providentia:
3367 2976 3596 3032 rationi-

1936 3056 1975 3110 (ἶ
2010 3071 2116 3125 1)ιιε
2162 3069 2428 3124 bonitatis
2476 3078 2673 3139 sponte
2724 3080 3005 3140 assumpta
3046 3070 3315 3132 imitatio,
3365 3069 3597 3124 honoris

324 3163 641 3234 praestantia
686 3163 893 3218 claram
936 3162 1233 3218 admodum
1275 3178 1405 3218 cum
1476 3163 1590 3220 Deo
1665 3163 1870 3218 mentis
1933 3162 2158 3229 affectu,
2182 3163 2364 3233 quoad
2403 3162 2615 3218 homini
2652 3179 2976 3220 concessum
3007 3175 3113 3230 est,
3175 3163 3595 3220 similitudinem

325 3256 531 3313 reddit.

393 3349 505 3406 πθ⁹,
544 3349 612 3402 Ἠ
639 3348 862 3419 γλῶσσα
912 3350 1010 3420 τῆς
1042 3348 1187 3403 κατὰ
1214 3348 1392 3421 ψυχὴν
1420 3350 1729 3421 γνωστικῆς
1758 3350 1908 3419 ὲνερ-

324 3440 480 3511 γείας
507 3439 623 3494 ἐστὶ
651 3438 943 3510 σύμϐολον·
978 3439 1006 3491 ὁ
1025 3439 1082 3491 δὲ
1105 3438 1333 3509 λάρυγξ,
1372 3442 1470 3511 τῆς
1500 3441 1637 3512 πρὸς
1663 3440 1723 3494 τὸ
1747 3440 1906 3508 σῶμα

327 3529 560 3600 φυσικῆς
584 3528 870 3599 φιλαυτίας
890 3531 1210 3601 τεκμήριον.
1244 3529 1302 3582 'U
1327 3530 1457 3596 γοῦν
1484 3530 1659 3584 ταῦτα
1688 3530 1906 3600 ψεκτῶς

327 3619 597 3691 κολλήσας
623 3619 896 3690 ἀλλήλοις,
946 3619 1252 3690 μνησθῆναι
1282 3619 1383 3688 τῆς
1413 3620 1532 3673 κατ’
1572 3620 1774 3690 ἀρετὴν
1811 3621 1905 3672 καὶ

327 3711 532 3780 γνῶσιν
563 3710 850 3782 είρηνικῆς
875 3710 1041 3776 ἕξεως
1070 3711 1130 3764 οὐ
1155 3709 1403 3775 δύναται,
1431 3711 1498 3781 τῇ
1528 3709 1789 3780 συγχύσει
1817 3709 1907 3762 διὰ

330 3802 568 3871 σπουδῆς
599 3799 710 3854 τῶν
750 3801 1080 3870 σωματικῶν
1108 3800 1371 3871 ἡδόμενος
1414 3799 1624 3855 παθῶν.

402 3980 474 4048 ιζ.
515 3980 582 4033 Δί
617 3979 759 4033 κατά
801 3979 964 4049 φύσιν
1026 3978 1234 4049 ὀρέξεις
1284 3978 1376 4031 καὶ
1441 3977 1647 4048 ἡδοναὶ,
1699 3975 1776 4048 μὴ
1813 3978 1908 4047 φέ-

334 4089 524 4144 ρουσαι
559 4076 575 4095 ⁶
604 4074 718 4134 τοῖς
770 4068 1128 4139 κεκτημένοις
1161 4068 1437 4138 διαϐολὴν,
1494 4068 1570 4132 ὡς
1612 4069 1910 4138 ἀναγκαῖον

331 4160 803 4233 παρακολούθημα
860 4161 958 4227 τῆς
1016 4160 1251 4228 φυσικῆς
1288 4156 1521 4229 ὀρέξεως
1566 4156 1904 4228 καθεστήκα-

334 4271 440 4307 σιν.
485 4251 710 4320 Ἡδονὴν
734 4250 843 4320 γὰρ
885 4250 1028 4304 κατά
1054 4248 1217 4320 φύσιν
1244 4251 1387 4302 ποιεῖ
1414 4251 1507 4301 καὶ
1539 4250 1613 4319 μὴ
1644 4248 1907 4320 βουλομέ-

2077 3344 2166 3399 89.
2204 3342 2415 3414 Lingua
2479 3342 2746 3412 sapientis
2787 3342 2957 3397 animi
3000 3341 3338 3412 operationis
3377 3343 3599 3414 symbo-

2012 3434 2124 3489 lum
2159 3443 2246 3489 est
2288 3453 2300 3488 :
2345 3443 2535 3505 guttur
2577 3449 2726 3495 vero,
2770 3434 3041 3489 naturalis
3078 3449 3204 3505 erga
3238 3449 3440 3503 corpus
3469 3450 3597 3504 pro-

2010 3525 2260 3579 clivioris
2307 3525 2511 3579 amoris
2558 3524 2918 3593 libidinisque
2969 3524 3259 3578 indicium.
3308 3524 3410 3589 Qui
3462 3541 3595 3594 ergo

2010 3615 2128 3669 lucc
2166 3615 2312 3669 inter
2340 3630 2398 3669 se
2433 3615 2707 3684 vituperio
2736 3615 3033 3685 copulavit,
3061 3616 3287 3670 virtutis
3314 3631 3379 3669 ac
3409 3616 3593 3670 scien-

2013 3707 2105 3761 tiae
2154 3705 2435 3774 tranquilli
2480 3706 2703 3761 habitus
2747 3706 3067 3763 meminisse
3111 3720 3221 3759 non
3265 3714 3466 3775 potest,
3499 3707 3596 3774 qui

2019 3798 2385 3867 corporalium
2443 3798 2745 3853 affectuum
2794 3813 2860 3852 ac
2920 3797 3213 3852 libidinum
3270 3796 3596 3851 confusione

2012 3890 2343 3960 propensius
2373 3889 2702 3944 delectetur.

2083 3979 2172 4035 90.
2218 3978 2351 4045 Quae
2404 3980 2685 4035 naturales
2738 3978 3107 4048 appetitiones
3152 3988 3282 4033 sunt
3325 3977 3482 4049 555
3532 3993 3596 4035 ac

2014 4072 2348 4141 voluptates,
2380 4071 2590 4125 nullam
2621 4072 2869 4126 criminis
2909 4069 3090 4124 labem
3122 4069 3233 4124 illis
3271 4069 3593 4132 inferentes,

2013 4165 2109 4235 qui
2142 4179 2238 4220 eas
2268 4163 2503 4231 habent;
2541 4164 2695 4218 velut
2724 4164 3099 4236 necessarium
3131 4163 3406 4233 quoddam
3435 4173 3597 4219 natu-

2014 4252 2145 4307 ralis
2188 4253 2468 4322 appetitus
2530 4252 2882 4307 corollarium
2949 4263 3098 4306 sunt.
3151 4253 3357 4306 Natura
3408 4253 3595 4317 enim,

334 4361 440 4398 νων
460 4341 639 4412 ἡμῶν,
680 4340 778 4393 καὶ
825 4342 858 4411 ἡ
907 4340 1144 4410 τυχοῦσα
1175 4338 1371 4411 τροφὴ,
1407 4337 1783 4410 προλαϐοῦσαν
1821 4339 1906 4392 ἐν·

2013 4345 2250 4399 velimus
2294 4345 2565 4411 nolimus,
2611 4344 2855 4414 vulgaris
2897 4345 3015 4414 ipse
3062 4344 3352 4414 primoque
3399 4345 3599 4400 obvius

332 4435 483 4489 δειαν
522 4432 1032 4505 παραμυθουμένη’
1090 4432 1183 4486 καὶ
1238 4432 1429 4497 πόσις,
1491 4430 1908 4503 ἀποκρουομένη

332 4525 429 4579 τοῦ
458 4525 644 4596 δίψους
668 4524 766 4596 τὴν
802 4524 1047 4595 ὄχλησιν*
1080 4524 1176 4583 καὶ
1197 4524 1385 4589 ὕπνος,
1406 4525 1507 4597 τὴν
1532 4525 1597 4579 ὲκ
1627 4526 1728 4595 τῆς
1748 4526 1909 4595 ἐγρη-

336 4614 582 4685 γόρσεως
638 4615 1042 4688 δαπανηθεῖσαν
1093 4614 1487 4687 ἀνανεούμενος
1528 4614 1774 4685 δύναμιν*
1815 4615 1909 4669 καὶ

407 4770 455 4805 τι
490 4771 531 4826 ιι
554 4771 679 4827 Cor.
716 4788 771 4837 κ,
805 4772 857 4827 5.
934 4772 980 4804 τ’
1012 4771 1147 4856 ibid.

2015 4437 2196 4497 cibus,
2228 4436 2471 4505 priorem
2510 4435 2868 4506 indigentiam
2904 4436 3087 4491 solans
3118 4443 3281 4505 atque
3317 4451 3597 4499 recreans,

2015 4528 2442 4583 delectationem
2497 4528 2658 4594 facit;
2713 4535 2875 4596 potus
2924 4528 3091 4592 item,
3143 4528 3427 4598 depellens
3478 4528 3601 4581 sitis

2015 4617 2363 4685 molestiam;
2396 4632 2614 4673 necnon
2638 4632 2865 4673 somnus
2892 4618 3192 4675 exhaustas
3220 4617 3425 4689 vigiliis
3450 4617 3600 4672 vires

413 4929 433 4951 ‘
455 4927 540 4985 Cf.
575 4929 643 4983 ad
676 4929 923 4984 Thalass.
958 4944 1012 4999 τι.
1040 4928 1129 4994 65,
1159 4938 1211 4983 et
1243 4929 1332 5012 ξι,
1365 4929 1454 4994 56,
1483 4936 1540 4983 et
1560 4928 1629 4983 50
1656 4928 1722 4983 ad
1754 4945 1810 4983 ιι.
1832 4927 1922 4993 91,
1959 4928 2027 4984 9‘2
2054 4936 2110 4984 et
2148 4929 2216 4983 95
2245 4928 2405 4983 infra.

413 5070 488 5139 (ο)
520 5070 623 5123 Διά
653 5067 757 5133 τῆς
781 5070 1109 5135 άορὶστίας.
1144 5068 1429 5137 Significat
1461 5066 1915 5139 hujusscicntize,

344 5136 510 5210 quam
551 5141 784 5210 ἄληστον
811 5148 1003 5210 vocat.
1028 5140 1183 5206 quasi
1214 5136 1393 5191 animo
1422 5136 1749 5210 indelebilem
1775 5152 1919 5210 sem-

348 5206 557 5279 perque
584 5206 651 5263 in
671 5208 1078 5279 corvigcntem;
1110 5210 1429 5261 immensam
1454 5206 1745 5279 quamdam
1784 5207 1917 5271 vim,

346 5277 706 5350 Quaianimus
733 5277 969 5332 divinam
994 5277 1576 5350 infinitatemquadatn
1608 5277 1758 5330 velut
1792 5292 1920 5346 pro-

346 5346 600 5433 portione
631 5349 879 5429 attingat,
901 5346 1407 5433 ejusquevei-it‘atis
1440 5346 1669 5427 gloriam
1709 5362 1781 5433 ac‘
1809 5362 1922 5399 ma-

343 5415 791 5492 jestatcm__mnni
835 5415 1096 5492 majorem
1133 5417 1378 5492 infinito,
1417 5415 1591 5492 quasi
1624 5415 1917 5492 simulacro

294 5524 299 5529 -
343 5487 570 5545 referat.
604 5489 737 5543 Nam
773 5498 829 5543 et
859 5487 1217 5559 τὸάόριστον,
1243 5487 1474 5559 maxime
1501 5487 1735 5559 aliisque
1760 5487 1917 5559 theo-

346 5560 506 5629 logis,
537 5559 895 5629 interidivina
923 5556 1144 5612 nomina
1172 5568 1275 5620 est,
1304 5557 1354 5611 id
1383 5558 1560 5629 ipsum
1588 5556 1732 5629 quod
1763 5556 1912 5610 Lati-

352 5626 435 5682 nis
462 5628 808 5683 immrnsitas.
831 5628 955 5681 ΙΙιιδα
978 5636 1085 5682 tam
1121 5637 1370 5697 augusta,
1400 5626 1523 5696 quis
1547 5642 1610 5679 ex
1646 5626 1773 5680 Pico
1814 5642 1912 5679 au-

2017 5067 2130 5122 diat
2157 5084 2169 5120 :
2198 5066 2279 5120 Ea:
2300 5065 2397 5120 illa
2414 5066 2783 5137 incertitudine
2812 5065 3243 5136 superinﬁnitam
3272 5065 3603 5137 efﬁngitopi~

2019 5137 2228 5196 nionem
2261 5137 2551 5191 veritatis?
2593 5136 2734 5202 Quid
2773 5137 2863 5191 hic
2909 5137 3271 5199 incertitudo,
3309 5138 3402 5190 ubi
3457 5138 3603 5190 Deus

2019 5208 2290 5262 altissimo
2327 5207 2491 5261 modo
2524 5206 2845 5276 attingitur?
2879 5207 3019 5260 Num
3051 5206 3197 5276 quod
3244 5207 3389 5269 δόξα,
3425 5222 3601 5274 caque

2018 5277 2469 5331 incertitudinem
2506 5278 2795 5345 exposcit?
2826 5276 2894 5330 At
2920 5293 3030 5330 non
3078 5276 3194 5331 haec
3220 5276 3603 5346 philosophica

2018 5348 2166 5412 δόξα,
2202 5348 2421 5417 opinio;
2460 5356 2662 5401 nutans
2701 5346 2915 5401 scilicet
2957 5346 3124 5400 animi
3162 5362 3461 5417 assensus,
3515 5348 3601 5400 cui

2021 5416 2435 5485 falsum’potcst
2487 5417 2735 5479 subesse,
2786 5432 2890 5471 nec
2938 5432 3062 5470 raro
3089 5416 3318 5486 subest;
3362 5417 3458 5470 sed
3484 5417 3597 5486 ipsa

2019 5487 2330 5540 animorum
2371 5486 2517 5557 circa
2558 5487 2729 5557 Deum
2768 5487 3116 5557 ἀεικινησία;
3169 5486 3224 5540 in
3268 5485 3447 5545 beatis
3491 5485 3601 5557 jam

2017 5565 2422 5623 consummata;
2455 5554 2544 5609 hic
2582 5555 2637 5609 in
2659 5556 2888 5611 summis
2915 5556 3299 5628 θεωρητικοίς,
3337 5554 3595 5635 quasi}..-

2017 5636 2215 5695 coepta.
