  <div class='ocr_page' id='page_1' title='image "/cluster/home/n/w/nwhite01/storage/ocr_20150623/90/hvd.32044073502197/634.png"; bbox 0 0 4094 6204; ppageno 0'>
   <div class='ocr_carea' id='block_1_1' title="bbox 319 183 454 253">
    <p class='ocr_par' dir='ltr' id='par_1_1' title="bbox 319 183 454 253">
     <span class='ocr_line' id='line_1_1' title="bbox 319 183 454 253; baseline -0.015 -1"><span class='ocrx_word' id='word_1_1' title='bbox 319 183 454 253; x_wconf 75' lang='grc'><strong>1257</strong></span> 
     </span>
    </p>
   </div>
   <div class='ocr_carea' id='block_1_2' title="bbox 981 157 2870 251">
    <p class='ocr_par' dir='ltr' id='par_1_2' title="bbox 981 157 2870 251">
     <span class='ocr_line' id='line_1_2' title="bbox 981 157 2870 251; baseline -0.013 -5"><span class='ocrx_word' id='word_1_2' title='bbox 981 177 1314 250; x_wconf 80' lang='lat' dir='ltr'><strong>CAPITUM</strong></span> <span class='ocrx_word' id='word_1_3' title='bbox 1352 173 1772 251; x_wconf 72' lang='lat' dir='ltr'><strong>QUINQUIES</strong></span> <span class='ocrx_word' id='word_1_4' title='bbox 1809 159 2326 230; x_wconf 70' lang='lat' dir='ltr'><strong>CENTENORUM</strong></span> <span class='ocrx_word' id='word_1_5' title='bbox 2365 157 2750 227; x_wconf 72' lang='lat' dir='ltr'><strong>CENTURIA</strong></span> <span class='ocrx_word' id='word_1_6' title='bbox 2790 163 2870 223; x_wconf 87' lang='grc' dir='ltr'><strong>Π.</strong></span> 
     </span>
    </p>
   </div>
   <div class='ocr_carea' id='block_1_3' title="bbox 313 273 1914 366">
    <p class='ocr_par' dir='ltr' id='par_1_3' title="bbox 313 282 1914 366">
     <span class='ocr_line' id='line_1_3' title="bbox 313 282 1914 366; baseline -0.007 -14"><span class='ocrx_word' id='word_1_7' title='bbox 313 295 459 362; x_wconf 77' lang='grc' dir='ltr'>λεια,</span> <span class='ocrx_word' id='word_1_8' title='bbox 488 293 576 353; x_wconf 80' lang='grc' dir='ltr'>διὰ</span> <span class='ocrx_word' id='word_1_9' title='bbox 607 293 703 364; x_wconf 82' lang='grc' dir='ltr'>τῆς</span> <span class='ocrx_word' id='word_1_10' title='bbox 750 293 858 348; x_wconf 80' lang='grc' dir='ltr'><strong>τῶν</strong></span> <span class='ocrx_word' id='word_1_11' title='bbox 892 282 1192 366; x_wconf 74' lang='grc' dir='ltr'><strong>Ἀσσυρίων</strong></span> <span class='ocrx_word' id='word_1_12' title='bbox 1225 292 1540 364; x_wconf 78' lang='grc' dir='ltr'><strong>τυπουμένη</strong></span> <span class='ocrx_word' id='word_1_13' title='bbox 1575 287 1878 362; x_wconf 75' lang='grc' dir='ltr'><strong>βασιλείας,</strong></span> <span class='ocrx_word' id='word_1_14' title='bbox 1908 324 1914 340; x_wconf 62' lang='grc' dir='ltr'><strong>ι</strong></span> 
     </span>
    </p>
   </div>
   <div class='ocr_carea' id='block_1_4' title="bbox 2016 273 3560 366">
    <p class='ocr_par' dir='ltr' id='par_1_4' title="bbox 2016 273 3560 352">
     <span class='ocr_line' id='line_1_4' title="bbox 2016 273 3560 352; baseline -0.003 -17"><span class='ocrx_word' id='word_1_15' title='bbox 2016 297 2179 347; x_wconf 92' lang='lat' dir='ltr'><strong>num,</strong></span> <span class='ocrx_word' id='word_1_16' title='bbox 2238 281 2388 351; x_wconf 86' lang='lat' dir='ltr'><strong>regni</strong></span> <span class='ocrx_word' id='word_1_17' title='bbox 2457 279 2802 352; x_wconf 78' lang='lat' dir='ltr'><strong>Assyriorum</strong></span> <span class='ocrx_word' id='word_1_18' title='bbox 2862 285 2990 347; x_wconf 83' lang='lat' dir='ltr'><strong>typo</strong></span> <span class='ocrx_word' id='word_1_19' title='bbox 3047 273 3371 346; x_wconf 74' lang='lat' dir='ltr'><strong>figuratum,</strong></span> <span class='ocrx_word' id='word_1_20' title='bbox 3418 277 3560 331; x_wconf 88' lang='lat' dir='ltr'><strong>bello</strong></span> 
     </span>
    </p>
   </div>
   <div class='ocr_carea' id='block_1_5' title="bbox 315 381 1884 459">
    <p class='ocr_par' dir='ltr' id='par_1_5' title="bbox 315 381 1884 459">
     <span class='ocr_line' id='line_1_5' title="bbox 315 381 1884 459; baseline -0.006 -15"><span class='ocrx_word' id='word_1_21' title='bbox 315 393 409 444; x_wconf 73' lang='grc' dir='ltr'>τὸν</span> <span class='ocrx_word' id='word_1_22' title='bbox 438 389 576 445; x_wconf 84' lang='grc' dir='ltr'><strong>κατά</strong></span> <span class='ocrx_word' id='word_1_23' title='bbox 602 388 699 456; x_wconf 81' lang='grc' dir='ltr'>τῆς</span> <span class='ocrx_word' id='word_1_24' title='bbox 726 387 923 459; x_wconf 79' lang='grc' dir='ltr'>ἀρετῆς</span> <span class='ocrx_word' id='word_1_25' title='bbox 954 387 1046 439; x_wconf 74' lang='grc' dir='ltr'>καὶ</span> <span class='ocrx_word' id='word_1_26' title='bbox 1075 387 1172 456; x_wconf 82' lang='grc' dir='ltr'>τῆς</span> <span class='ocrx_word' id='word_1_27' title='bbox 1201 385 1455 454; x_wconf 84' lang='grc' dir='ltr'>γνώσεως</span> <span class='ocrx_word' id='word_1_28' title='bbox 1483 381 1884 454; x_wconf 65' lang='grc' dir='ltr'><strong>συναγείρουσι</strong></span> 
     </span>
    </p>
   </div>
   <div class='ocr_carea' id='block_1_6' title="bbox 315 472 1886 551">
    <p class='ocr_par' dir='ltr' id='par_1_6' title="bbox 315 472 1886 551">
     <span class='ocr_line' id='line_1_6' title="bbox 315 472 1886 551; baseline -0.005 -18"><span class='ocrx_word' id='word_1_29' title='bbox 315 479 576 551; x_wconf 78' lang='grc' dir='ltr'>πόλεμον,</span> <span class='ocrx_word' id='word_1_30' title='bbox 607 478 693 530; x_wconf 70' lang='grc' dir='ltr'>διὰ</span> <span class='ocrx_word' id='word_1_31' title='bbox 722 477 829 530; x_wconf 90' lang='grc' dir='ltr'><strong>τῶν</strong></span> <span class='ocrx_word' id='word_1_32' title='bbox 855 477 1026 546; x_wconf 79' lang='grc' dir='ltr'>αὐτῆς</span> <span class='ocrx_word' id='word_1_33' title='bbox 1054 478 1310 546; x_wconf 75' lang='grc' dir='ltr'>ἐμφύτων</span> <span class='ocrx_word' id='word_1_34' title='bbox 1337 475 1623 546; x_wconf 79' lang='grc' dir='ltr'>δυνάμεων</span> <span class='ocrx_word' id='word_1_35' title='bbox 1653 472 1886 544; x_wconf 77' lang='grc' dir='ltr'>τροποῦ-</span> 
     </span>
    </p>
   </div>
   <div class='ocr_carea' id='block_1_7' title="bbox 319 565 1890 644">
    <p class='ocr_par' dir='ltr' id='par_1_7' title="bbox 319 565 1890 644">
     <span class='ocr_line' id='line_1_7' title="bbox 319 565 1890 644; baseline -0.009 -16"><span class='ocrx_word' id='word_1_36' title='bbox 319 575 444 628; x_wconf 88' lang='grc' dir='ltr'>σθαι</span> <span class='ocrx_word' id='word_1_37' title='bbox 477 573 782 644; x_wconf 76' lang='grc' dir='ltr'>μηχανᾶται</span> <span class='ocrx_word' id='word_1_38' title='bbox 813 570 908 641; x_wconf 82' lang='grc' dir='ltr'><strong>τὴν</strong></span> <span class='ocrx_word' id='word_1_39' title='bbox 924 570 1102 639; x_wconf 74' lang='grc' dir='ltr'>ψυχήν</span> <span class='ocrx_word' id='word_1_40' title='bbox 1121 585 1132 597; x_wconf 73' lang='grc'><strong><em>⁸</em></strong></span> <span class='ocrx_word' id='word_1_41' title='bbox 1170 568 1266 638; x_wconf 79' lang='grc' dir='ltr'><strong>τὴν</strong></span> <span class='ocrx_word' id='word_1_42' title='bbox 1295 568 1392 638; x_wconf 81' lang='grc' dir='ltr'><strong>μὲν</strong></span> <span class='ocrx_word' id='word_1_43' title='bbox 1419 566 1714 635; x_wconf 77' lang='grc' dir='ltr'>ἐπιθυμίαν</span> <span class='ocrx_word' id='word_1_44' title='bbox 1740 565 1890 632; x_wconf 80' lang='grc' dir='ltr'>πρῶ-</span> 
     </span>
    </p>
   </div>
   <div class='ocr_carea' id='block_1_8' title="bbox 317 657 1889 735">
    <p class='ocr_par' dir='ltr' id='par_1_8' title="bbox 317 657 1889 735">
     <span class='ocr_line' id='line_1_8' title="bbox 317 657 1889 735; baseline -0.007 -16"><span class='ocrx_word' id='word_1_45' title='bbox 317 684 429 730; x_wconf 86' lang='grc' dir='ltr'>τον,</span> <span class='ocrx_word' id='word_1_46' title='bbox 471 667 550 728; x_wconf 83' lang='grc' dir='ltr'>εἰς</span> <span class='ocrx_word' id='word_1_47' title='bbox 573 663 750 735; x_wconf 80' lang='grc' dir='ltr'>δρεξιν</span> <span class='ocrx_word' id='word_1_48' title='bbox 771 662 877 714; x_wconf 89' lang='grc' dir='ltr'><strong>τῶν</strong></span> <span class='ocrx_word' id='word_1_49' title='bbox 911 661 1061 732; x_wconf 81' lang='grc' dir='ltr'><strong>παρά</strong></span> <span class='ocrx_word' id='word_1_50' title='bbox 1092 660 1250 728; x_wconf 79' lang='grc' dir='ltr'>φύσιν</span> <span class='ocrx_word' id='word_1_51' title='bbox 1272 658 1663 730; x_wconf 76' lang='grc' dir='ltr'>διερεθίζουσα,</span> <span class='ocrx_word' id='word_1_52' title='bbox 1697 657 1793 709; x_wconf 68' lang='grc' dir='ltr'><strong>καὶ</strong></span> <span class='ocrx_word' id='word_1_53' title='bbox 1820 657 1889 709; x_wconf 74' lang='grc' dir='ltr'>τὰ</span> 
     </span>
    </p>
   </div>
   <div class='ocr_carea' id='block_1_9' title="bbox 320 741 1891 825">
    <p class='ocr_par' dir='ltr' id='par_1_9' title="bbox 320 741 1891 825">
     <span class='ocr_line' id='line_1_9' title="bbox 320 741 1891 825; baseline -0.009 -16"><span class='ocrx_word' id='word_1_54' title='bbox 320 741 555 825; x_wconf 74' lang='grc' dir='ltr'>αἰσθητὰ</span> <span class='ocrx_word' id='word_1_55' title='bbox 592 752 698 806; x_wconf 86' lang='grc' dir='ltr'><strong>τῶν</strong></span> <span class='ocrx_word' id='word_1_56' title='bbox 729 750 936 822; x_wconf 80' lang='grc' dir='ltr'>νοητῶν</span> <span class='ocrx_word' id='word_1_57' title='bbox 969 748 1242 820; x_wconf 77' lang='grc' dir='ltr'>προτιμᾷν</span> <span class='ocrx_word' id='word_1_58' title='bbox 1270 742 1641 800; x_wconf 73' lang='grc' dir='ltr'>ἀναπείθουσα</span> <span class='ocrx_word' id='word_1_59' title='bbox 1663 761 1676 774; x_wconf 82' lang='lat'><strong>&#39;</strong></span> <span class='ocrx_word' id='word_1_60' title='bbox 1712 743 1802 796; x_wconf 78' lang='grc' dir='ltr'><strong>τὸν</strong></span> <span class='ocrx_word' id='word_1_61' title='bbox 1833 743 1891 796; x_wconf 80' lang='grc' dir='ltr'>δὲ</span> 
     </span>
    </p>
   </div>
   <div class='ocr_carea' id='block_1_10' title="bbox 321 833 1893 917">
    <p class='ocr_par' dir='ltr' id='par_1_10' title="bbox 321 833 1893 917">
     <span class='ocr_line' id='line_1_10' title="bbox 321 833 1893 917; baseline -0.01 -16"><span class='ocrx_word' id='word_1_62' title='bbox 321 848 514 917; x_wconf 73' lang='grc' dir='ltr'>θυμὸν,</span> <span class='ocrx_word' id='word_1_63' title='bbox 565 839 1073 915; x_wconf 74' lang='grc' dir='ltr'>ὑπεραγωνίζεσθαι</span> <span class='ocrx_word' id='word_1_64' title='bbox 1128 837 1220 891; x_wconf 75' lang='grc' dir='ltr'><strong>τοῦ</strong></span> <span class='ocrx_word' id='word_1_65' title='bbox 1274 836 1584 907; x_wconf 79' lang='grc' dir='ltr'>αἱρεθέντος</span> <span class='ocrx_word' id='word_1_66' title='bbox 1639 833 1746 887; x_wconf 78' lang='grc' dir='ltr'>ὑπὸ</span> <span class='ocrx_word' id='word_1_67' title='bbox 1796 834 1893 902; x_wconf 73' lang='grc' dir='ltr'>τῆς</span> 
     </span>
    </p>
   </div>
   <div class='ocr_carea' id='block_1_11' title="bbox 323 925 1890 1009">
    <p class='ocr_par' dir='ltr' id='par_1_11' title="bbox 323 925 1890 1009">
     <span class='ocr_line' id='line_1_11' title="bbox 323 925 1890 1009; baseline -0.01 -17"><span class='ocrx_word' id='word_1_68' title='bbox 323 936 618 1009; x_wconf 72' lang='grc' dir='ltr'><strong>ἐπιθυμίας</strong></span> <span class='ocrx_word' id='word_1_69' title='bbox 684 931 942 1003; x_wconf 72' lang='grc' dir='ltr'>αἰσθητοῦ</span> <span class='ocrx_word' id='word_1_70' title='bbox 996 929 1376 1000; x_wconf 88' lang='grc' dir='ltr'>διεγείρουσα·</span> <span class='ocrx_word' id='word_1_71' title='bbox 1442 925 1504 981; x_wconf 68' lang='grc' dir='ltr'>τὸ</span> <span class='ocrx_word' id='word_1_72' title='bbox 1546 927 1603 980; x_wconf 85' lang='grc' dir='ltr'>δὲ</span> <span class='ocrx_word' id='word_1_73' title='bbox 1647 925 1890 995; x_wconf 77' lang='grc' dir='ltr'>λογικὸν,</span> 
     </span>
    </p>
   </div>
   <div class='ocr_carea' id='block_1_12' title="bbox 321 1018 1894 1098">
    <p class='ocr_par' dir='ltr' id='par_1_12' title="bbox 321 1018 1894 1098">
     <span class='ocr_line' id='line_1_12' title="bbox 321 1018 1894 1098; baseline -0.007 -17"><span class='ocrx_word' id='word_1_74' title='bbox 321 1028 448 1090; x_wconf 74' lang='grc' dir='ltr'>τοὺς</span> <span class='ocrx_word' id='word_1_75' title='bbox 475 1027 706 1098; x_wconf 84' lang='grc' dir='ltr'>τρόπους</span> <span class='ocrx_word' id='word_1_76' title='bbox 763 1024 998 1078; x_wconf 73' lang='grc' dir='ltr'>ἐπινοεῖν</span> <span class='ocrx_word' id='word_1_77' title='bbox 1054 1019 1164 1074; x_wconf 88' lang='grc' dir='ltr'><strong>τῶν</strong></span> <span class='ocrx_word' id='word_1_78' title='bbox 1214 1020 1334 1073; x_wconf 82' lang='grc' dir='ltr'>κατ’</span> <span class='ocrx_word' id='word_1_79' title='bbox 1389 1018 1643 1083; x_wconf 73' lang='grc' dir='ltr'>αἴσθησιν</span> <span class='ocrx_word' id='word_1_80' title='bbox 1693 1018 1894 1089; x_wconf 81' lang='grc' dir='ltr'>ἡδονῶν</span> 
     </span>
    </p>
   </div>
   <div class='ocr_carea' id='block_1_13' title="bbox 325 1118 734 1172">
    <p class='ocr_par' dir='ltr' id='par_1_13' title="bbox 325 1118 734 1172">
     <span class='ocr_line' id='line_1_13' title="bbox 325 1118 734 1172; baseline -0.01 0"><span class='ocrx_word' id='word_1_81' title='bbox 325 1118 734 1172; x_wconf 81' lang='grc' dir='ltr'>ὲκδιδάσκουσα.</span> 
     </span>
    </p>
   </div>
   <div class='ocr_carea' id='block_1_14' title="bbox 373 1278 1898 1382">
    <p class='ocr_par' dir='ltr' id='par_1_14' title="bbox 373 1278 1898 1382">
     <span class='ocr_line' id='line_1_14' title="bbox 373 1278 1898 1382; baseline -0.009 -14"><span class='ocrx_word' id='word_1_82' title='bbox 373 1309 524 1380; x_wconf 69' lang='grc' dir='ltr'><strong>ἰις’.</strong></span> <span class='ocrx_word' id='word_1_83' title='bbox 575 1311 687 1376; x_wconf 82' lang='grc' dir='ltr'><strong>Τῆς</strong></span> <span class='ocrx_word' id='word_1_84' title='bbox 719 1308 896 1382; x_wconf 81' lang='grc' dir='ltr'>ἄκρας</span> <span class='ocrx_word' id='word_1_85' title='bbox 933 1307 1267 1380; x_wconf 87' lang='grc' dir='ltr'>ἀγαθότητος</span> <span class='ocrx_word' id='word_1_86' title='bbox 1303 1301 1457 1372; x_wconf 86' lang='grc' dir='ltr'>ίδιον,</span> <span class='ocrx_word' id='word_1_87' title='bbox 1487 1278 1575 1369; x_wconf 63' lang='grc' dir='ltr'>τὸ,</span> <span class='ocrx_word' id='word_1_88' title='bbox 1615 1302 1691 1376; x_wconf 77' lang='grc' dir='ltr'>μὴ</span> <span class='ocrx_word' id='word_1_89' title='bbox 1739 1296 1898 1374; x_wconf 88' lang='grc' dir='ltr'>μόνον</span> 
     </span>
    </p>
   </div>
   <div class='ocr_carea' id='block_1_15' title="bbox 327 1396 1900 1478">
    <p class='ocr_par' dir='ltr' id='par_1_15' title="bbox 327 1396 1900 1471">
     <span class='ocr_line' id='line_1_15' title="bbox 327 1396 1900 1471; baseline -0.009 -11"><span class='ocrx_word' id='word_1_90' title='bbox 327 1404 426 1469; x_wconf 75' lang='grc' dir='ltr'>τὰς</span> <span class='ocrx_word' id='word_1_91' title='bbox 459 1405 608 1467; x_wconf 81' lang='grc' dir='ltr'>θείας</span> <span class='ocrx_word' id='word_1_92' title='bbox 635 1402 730 1457; x_wconf 73' lang='grc' dir='ltr'><strong>καὶ</strong></span> <span class='ocrx_word' id='word_1_93' title='bbox 754 1402 1080 1471; x_wconf 80' lang='grc' dir='ltr'>ἀσωμάτους</span> <span class='ocrx_word' id='word_1_94' title='bbox 1128 1399 1238 1454; x_wconf 90' lang='grc' dir='ltr'><strong>τῶν</strong></span> <span class='ocrx_word' id='word_1_95' title='bbox 1282 1397 1489 1469; x_wconf 85' lang='grc' dir='ltr'>νοητῶν</span> <span class='ocrx_word' id='word_1_96' title='bbox 1541 1396 1748 1460; x_wconf 80' lang='grc' dir='ltr'>οὐσίας,</span> <span class='ocrx_word' id='word_1_97' title='bbox 1801 1396 1900 1464; x_wconf 83' lang='grc' dir='ltr'><strong>τῆς</strong></span> 
     </span>
    </p>
   </div>
   <div class='ocr_carea' id='block_1_16' title="bbox 329 1487 1900 1572">
    <p class='ocr_par' dir='ltr' id='par_1_16' title="bbox 329 1487 1900 1572">
     <span class='ocr_line' id='line_1_16' title="bbox 329 1487 1900 1572; baseline -0.01 -20"><span class='ocrx_word' id='word_1_98' title='bbox 329 1499 648 1570; x_wconf 70' lang='grc' dir='ltr'>ἀπορρήτου</span> <span class='ocrx_word' id='word_1_99' title='bbox 718 1495 810 1548; x_wconf 73' lang='grc' dir='ltr'>καὶ</span> <span class='ocrx_word' id='word_1_100' title='bbox 865 1495 1014 1572; x_wconf 82' lang='grc' dir='ltr'>θείας</span> <span class='ocrx_word' id='word_1_101' title='bbox 1059 1491 1498 1562; x_wconf 85' lang='grc' dir='ltr'>ἀπεικονίσματα</span> <span class='ocrx_word' id='word_1_102' title='bbox 1555 1487 1900 1557; x_wconf 81' lang='grc' dir='ltr'>καταστῆσαι</span> 
     </span>
    </p>
   </div>
   <div class='ocr_carea' id='block_1_17' title="bbox 329 1577 1897 1660">
    <p class='ocr_par' dir='ltr' id='par_1_17' title="bbox 329 1577 1897 1660">
     <span class='ocr_line' id='line_1_17' title="bbox 329 1577 1897 1660; baseline -0.011 -15"><span class='ocrx_word' id='word_1_103' title='bbox 329 1589 509 1658; x_wconf 80' lang='grc' dir='ltr'>δόξης,</span> <span class='ocrx_word' id='word_1_104' title='bbox 537 1589 666 1658; x_wconf 85' lang='grc' dir='ltr'>ὅλην</span> <span class='ocrx_word' id='word_1_105' title='bbox 698 1586 838 1641; x_wconf 88' lang='grc' dir='ltr'><strong>κατά</strong></span> <span class='ocrx_word' id='word_1_106' title='bbox 868 1588 927 1640; x_wconf 77' lang='grc' dir='ltr'>τὸ</span> <span class='ocrx_word' id='word_1_107' title='bbox 958 1583 1176 1660; x_wconf 80' lang='grc' dir='ltr'>θεμιτὸν</span> <span class='ocrx_word' id='word_1_108' title='bbox 1199 1583 1477 1650; x_wconf 81' lang='grc' dir='ltr'>ἀναλόγως</span> <span class='ocrx_word' id='word_1_109' title='bbox 1510 1580 1699 1642; x_wconf 82' lang='grc' dir='ltr'>αὑταῖς</span> <span class='ocrx_word' id='word_1_110' title='bbox 1726 1577 1897 1630; x_wconf 79' lang='grc' dir='ltr'><strong>εἰσδε⁹</strong></span> 
     </span>
    </p>
   </div>
   <div class='ocr_carea' id='block_1_18' title="bbox 333 1669 1898 1752">
    <p class='ocr_par' dir='ltr' id='par_1_18' title="bbox 333 1669 1898 1752">
     <span class='ocr_line' id='line_1_18' title="bbox 333 1669 1898 1752; baseline -0.01 -17"><span class='ocrx_word' id='word_1_111' title='bbox 333 1680 571 1752; x_wconf 80' lang='grc' dir='ltr'>χομένας</span> <span class='ocrx_word' id='word_1_112' title='bbox 598 1679 692 1750; x_wconf 77' lang='grc' dir='ltr'><strong>τὴν</strong></span> <span class='ocrx_word' id='word_1_113' title='bbox 723 1677 1078 1748; x_wconf 84' lang='grc' dir='ltr'>άπερινόητον</span> <span class='ocrx_word' id='word_1_114' title='bbox 1111 1675 1420 1746; x_wconf 80' lang='grc' dir='ltr'>ὡραιότητα</span> <span class='ocrx_word' id='word_1_115' title='bbox 1464 1670 1559 1724; x_wconf 80' lang='grc' dir='ltr'>τοῦ</span> <span class='ocrx_word' id='word_1_116' title='bbox 1605 1669 1898 1740; x_wconf 83' lang='grc' dir='ltr'>ἀπροσίτου</span> 
     </span>
    </p>
   </div>
   <div class='ocr_carea' id='block_1_19' title="bbox 335 1759 1902 1837">
    <p class='ocr_par' dir='ltr' id='par_1_19' title="bbox 335 1759 1902 1837">
     <span class='ocr_line' id='line_1_19' title="bbox 335 1759 1902 1837; baseline -0.009 -10"><span class='ocrx_word' id='word_1_117' title='bbox 335 1775 594 1837; x_wconf 81' lang='grc' dir='ltr'>κάλλους·</span> <span class='ocrx_word' id='word_1_118' title='bbox 629 1771 764 1826; x_wconf 83' lang='grc' dir='ltr'>ἀλλὰ</span> <span class='ocrx_word' id='word_1_119' title='bbox 795 1769 888 1821; x_wconf 76' lang='grc' dir='ltr'>καὶ</span> <span class='ocrx_word' id='word_1_120' title='bbox 917 1769 1027 1830; x_wconf 83' lang='grc' dir='ltr'>τοῖς</span> <span class='ocrx_word' id='word_1_121' title='bbox 1065 1766 1364 1836; x_wconf 83' lang='grc' dir='ltr'>αἰσθητοῖς,</span> <span class='ocrx_word' id='word_1_122' title='bbox 1416 1763 1512 1817; x_wconf 76' lang='grc' dir='ltr'>καὶ</span> <span class='ocrx_word' id='word_1_123' title='bbox 1543 1761 1651 1814; x_wconf 88' lang='grc' dir='ltr'><strong>τῶν</strong></span> <span class='ocrx_word' id='word_1_124' title='bbox 1695 1759 1902 1830; x_wconf 85' lang='grc' dir='ltr'>νοητῶν</span> 
     </span>
    </p>
   </div>
   <div class='ocr_carea' id='block_1_20' title="bbox 331 1851 1906 1926">
    <p class='ocr_par' dir='ltr' id='par_1_20' title="bbox 331 1851 1906 1926">
     <span class='ocr_line' id='line_1_20' title="bbox 331 1851 1906 1926; baseline -0.011 -7"><span class='ocrx_word' id='word_1_125' title='bbox 331 1865 531 1919; x_wconf 76' lang='grc' dir='ltr'>οὐσιῶν</span> <span class='ocrx_word' id='word_1_126' title='bbox 558 1862 695 1916; x_wconf 87' lang='grc' dir='ltr'><strong>κατά</strong></span> <span class='ocrx_word' id='word_1_127' title='bbox 735 1860 867 1914; x_wconf 75' lang='grc' dir='ltr'>πολὺ</span> <span class='ocrx_word' id='word_1_128' title='bbox 905 1859 1247 1922; x_wconf 85' lang='grc' dir='ltr'>ἀποδέουσιν,</span> <span class='ocrx_word' id='word_1_129' title='bbox 1280 1855 1622 1926; x_wconf 81' lang='grc' dir='ltr'>ἁπηχήματα</span> <span class='ocrx_word' id='word_1_130' title='bbox 1671 1852 1770 1922; x_wconf 83' lang='grc' dir='ltr'>τῆς</span> <span class='ocrx_word' id='word_1_131' title='bbox 1827 1851 1906 1904; x_wconf 82' lang='lat' dir='ltr'><strong>oi-</strong></span> 
     </span>
    </p>
   </div>
   <div class='ocr_carea' id='block_1_21' title="bbox 334 1942 1904 2024">
    <p class='ocr_par' dir='ltr' id='par_1_21' title="bbox 334 1942 1904 2024">
     <span class='ocr_line' id='line_1_21' title="bbox 334 1942 1904 2024; baseline -0.01 -14"><span class='ocrx_word' id='word_1_132' title='bbox 334 1957 489 2019; x_wconf 81' lang='grc' dir='ltr'>κείας</span> <span class='ocrx_word' id='word_1_133' title='bbox 516 1952 879 2024; x_wconf 79' lang='grc' dir='ltr'>ἐγκαταμίξαι</span> <span class='ocrx_word' id='word_1_134' title='bbox 914 1949 1354 2023; x_wconf 81' lang='grc' dir='ltr'>μεγαλειότητος,</span> <span class='ocrx_word' id='word_1_135' title='bbox 1388 1946 1660 2015; x_wconf 86' lang='grc' dir='ltr'>δυνάμενα</span> <span class='ocrx_word' id='word_1_136' title='bbox 1687 1942 1777 2006; x_wconf 76' lang='grc' dir='ltr'>τὸν</span> <span class='ocrx_word' id='word_1_137' title='bbox 1809 1942 1904 1995; x_wconf 85' lang='grc' dir='ltr'>ἀν-</span> 
     </span>
    </p>
   </div>
   <div class='ocr_carea' id='block_1_22' title="bbox 336 2031 1904 2118">
    <p class='ocr_par' dir='ltr' id='par_1_22' title="bbox 336 2031 1904 2118">
     <span class='ocr_line' id='line_1_22' title="bbox 336 2031 1904 2118; baseline -0.011 -17"><span class='ocrx_word' id='word_1_138' title='bbox 336 2042 606 2118; x_wconf 84' lang='grc' dir='ltr'>θρώπινον</span> <span class='ocrx_word' id='word_1_139' title='bbox 639 2043 762 2098; x_wconf 78' lang='grc' dir='ltr'>νοῦν</span> <span class='ocrx_word' id='word_1_140' title='bbox 789 2041 984 2112; x_wconf 77' lang='grc' dir='ltr'>ὲποχού</span> <span class='ocrx_word' id='word_1_141' title='bbox 994 2057 1152 2110; x_wconf 86' lang='grc' dir='ltr'>μενον</span> <span class='ocrx_word' id='word_1_142' title='bbox 1180 2039 1382 2101; x_wconf 79' lang='grc' dir='ltr'>αὐτοῖς,</span> <span class='ocrx_word' id='word_1_143' title='bbox 1411 2035 1546 2106; x_wconf 79' lang='grc' dir='ltr'>πρὸς</span> <span class='ocrx_word' id='word_1_144' title='bbox 1573 2033 1705 2086; x_wconf 80' lang='grc' dir='ltr'>Θεὸν</span> <span class='ocrx_word' id='word_1_145' title='bbox 1731 2031 1904 2086; x_wconf 81' lang='grc' dir='ltr'>ἀπλα-</span> 
     </span>
    </p>
   </div>
   <div class='ocr_carea' id='block_1_23' title="bbox 335 2121 1908 2208">
    <p class='ocr_par' dir='ltr' id='par_1_23' title="bbox 335 2121 1908 2208">
     <span class='ocr_line' id='line_1_23' title="bbox 335 2121 1908 2208; baseline -0.011 -16"><span class='ocrx_word' id='word_1_146' title='bbox 335 2137 442 2201; x_wconf 86' lang='grc' dir='ltr'><strong>νῶς</strong></span> <span class='ocrx_word' id='word_1_147' title='bbox 495 2135 935 2208; x_wconf 79' lang='grc' dir='ltr'>διαπορθμεύειν,</span> <span class='ocrx_word' id='word_1_148' title='bbox 990 2131 1244 2202; x_wconf 85' lang='grc' dir='ltr'>ὑπεράνω</span> <span class='ocrx_word' id='word_1_149' title='bbox 1293 2129 1511 2182; x_wconf 89' lang='grc' dir='ltr'>πάντων</span> <span class='ocrx_word' id='word_1_150' title='bbox 1559 2125 1668 2178; x_wconf 89' lang='grc' dir='ltr'><strong>τῶν</strong></span> <span class='ocrx_word' id='word_1_151' title='bbox 1698 2121 1908 2206; x_wconf 79' lang='grc' dir='ltr'>ὁρωμέ-</span> 
     </span>
    </p>
   </div>
   <div class='ocr_carea' id='block_1_24' title="bbox 337 2211 1907 2296">
    <p class='ocr_par' dir='ltr' id='par_1_24' title="bbox 337 2211 1907 2296">
     <span class='ocr_line' id='line_1_24' title="bbox 337 2211 1907 2296; baseline -0.012 -16"><span class='ocrx_word' id='word_1_152' title='bbox 337 2244 443 2280; x_wconf 88' lang='grc' dir='ltr'><strong>νων</strong></span> <span class='ocrx_word' id='word_1_153' title='bbox 470 2226 775 2296; x_wconf 81' lang='grc' dir='ltr'>γινόμενον,</span> <span class='ocrx_word' id='word_1_154' title='bbox 806 2217 896 2277; x_wconf 74' lang='grc' dir='ltr'>οἷα</span> <span class='ocrx_word' id='word_1_155' title='bbox 921 2224 1020 2292; x_wconf 78' lang='grc' dir='ltr'>τῆς</span> <span class='ocrx_word' id='word_1_156' title='bbox 1049 2221 1225 2290; x_wconf 78' lang='grc' dir='ltr'>ἄκρας</span> <span class='ocrx_word' id='word_1_157' title='bbox 1254 2216 1521 2270; x_wconf 68' lang='grc' dir='ltr'>ἐπιϐάντα</span> <span class='ocrx_word' id='word_1_158' title='bbox 1570 2211 1907 2284; x_wconf 84' lang='grc' dir='ltr'>μακαριότη-</span> 
     </span>
    </p>
   </div>
   <div class='ocr_carea' id='block_1_25' title="bbox 338 2328 448 2382">
    <p class='ocr_par' dir='ltr' id='par_1_25' title="bbox 338 2328 448 2382">
     <span class='ocr_line' id='line_1_25' title="bbox 338 2328 448 2382; baseline 0.009 -11"><span class='ocrx_word' id='word_1_159' title='bbox 338 2328 448 2382; x_wconf 76' lang='grc' dir='ltr'>τος.</span> 
     </span>
    </p>
   </div>
   <div class='ocr_carea' id='block_1_26' title="bbox 411 2491 1910 2579">
    <p class='ocr_par' dir='ltr' id='par_1_26' title="bbox 411 2491 1910 2579">
     <span class='ocr_line' id='line_1_26' title="bbox 411 2491 1910 2579; baseline -0.011 -15"><span class='ocrx_word' id='word_1_160' title='bbox 411 2509 517 2579; x_wconf 58' lang='grc' dir='ltr'><strong>ιιξν.</strong></span> <span class='ocrx_word' id='word_1_161' title='bbox 549 2505 664 2570; x_wconf 77' lang='grc' dir='ltr'>Πᾶς</span> <span class='ocrx_word' id='word_1_162' title='bbox 716 2504 841 2567; x_wconf 73' lang='grc' dir='ltr'>νοῦς</span> <span class='ocrx_word' id='word_1_163' title='bbox 870 2504 1040 2574; x_wconf 75' lang='grc' dir='ltr'>ἁρετῇ</span> <span class='ocrx_word' id='word_1_164' title='bbox 1075 2499 1168 2554; x_wconf 69' lang='grc' dir='ltr'><strong>καὶ</strong></span> <span class='ocrx_word' id='word_1_165' title='bbox 1215 2491 1416 2568; x_wconf 74' lang='grc' dir='ltr'>γνώσει</span> <span class='ocrx_word' id='word_1_166' title='bbox 1447 2493 1910 2567; x_wconf 74' lang='grc' dir='ltr'>κατεστεμμένος,</span> 
     </span>
    </p>
   </div>
   <div class='ocr_carea' id='block_1_27' title="bbox 342 2585 1914 2671">
    <p class='ocr_par' dir='ltr' id='par_1_27' title="bbox 342 2585 1914 2671">
     <span class='ocr_line' id='line_1_27' title="bbox 342 2585 1914 2671; baseline -0.011 -15"><span class='ocrx_word' id='word_1_167' title='bbox 342 2598 431 2658; x_wconf 77' lang='grc' dir='ltr'>οἷα</span> <span class='ocrx_word' id='word_1_168' title='bbox 462 2603 526 2671; x_wconf 81' lang='grc' dir='ltr'>δὴ</span> <span class='ocrx_word' id='word_1_169' title='bbox 555 2597 697 2652; x_wconf 85' lang='grc' dir='ltr'><strong>κατά</strong></span> <span class='ocrx_word' id='word_1_170' title='bbox 744 2596 835 2650; x_wconf 76' lang='grc' dir='ltr'>τὸν</span> <span class='ocrx_word' id='word_1_171' title='bbox 888 2596 1058 2665; x_wconf 86' lang='grc' dir='ltr'>μέγαν</span> <span class='ocrx_word' id='word_1_172' title='bbox 1086 2592 1336 2657; x_wconf 83' lang='grc' dir='ltr'>Ἐζεκίαν</span> <span class='ocrx_word' id='word_1_173' title='bbox 1377 2588 1682 2661; x_wconf 75' lang='grc' dir='ltr'>βασιλεύειν</span> <span class='ocrx_word' id='word_1_174' title='bbox 1734 2585 1914 2658; x_wconf 84' lang='grc' dir='ltr'>λαχὼν</span> 
     </span>
    </p>
   </div>
   <div class='ocr_carea' id='block_1_28' title="bbox 343 2679 1916 2764">
    <p class='ocr_par' dir='ltr' id='par_1_28' title="bbox 343 2679 1916 2764">
     <span class='ocr_line' id='line_1_28' title="bbox 343 2679 1916 2764; baseline -0.01 -18"><span class='ocrx_word' id='word_1_175' title='bbox 343 2695 444 2764; x_wconf 79' lang='grc' dir='ltr'>τῆς</span> <span class='ocrx_word' id='word_1_176' title='bbox 479 2689 867 2762; x_wconf 83' lang='grc' dir='ltr'>Ἰερουσαλήμ·</span> <span class='ocrx_word' id='word_1_177' title='bbox 906 2686 1171 2752; x_wconf 75' lang='grc' dir='ltr'>τουτέστι,</span> <span class='ocrx_word' id='word_1_178' title='bbox 1199 2685 1298 2754; x_wconf 75' lang='grc' dir='ltr'>τῆς</span> <span class='ocrx_word' id='word_1_179' title='bbox 1328 2685 1550 2754; x_wconf 82' lang='grc' dir='ltr'>εἰρήνην</span> <span class='ocrx_word' id='word_1_180' title='bbox 1589 2681 1756 2751; x_wconf 86' lang='grc' dir='ltr'>μόνην</span> <span class='ocrx_word' id='word_1_181' title='bbox 1783 2679 1916 2751; x_wconf 83' lang='grc' dir='ltr'><strong>ὁρώ-</strong></span> 
     </span>
    </p>
   </div>
   <div class='ocr_carea' id='block_1_29' title="bbox 349 2774 1916 2857">
    <p class='ocr_par' dir='ltr' id='par_1_29' title="bbox 349 2774 1916 2857">
     <span class='ocr_line' id='line_1_29' title="bbox 349 2774 1916 2857; baseline -0.009 -18"><span class='ocrx_word' id='word_1_182' title='bbox 349 2805 445 2857; x_wconf 79' lang='grc' dir='ltr'><strong>σης</strong></span> <span class='ocrx_word' id='word_1_183' title='bbox 473 2786 658 2852; x_wconf 74' lang='grc' dir='ltr'>ἕξεως,</span> <span class='ocrx_word' id='word_1_184' title='bbox 698 2784 866 2854; x_wconf 67' lang='grc' dir='ltr'><strong>Ιἤγουν</strong></span> <span class='ocrx_word' id='word_1_185' title='bbox 895 2784 992 2851; x_wconf 79' lang='grc' dir='ltr'>τῆς</span> <span class='ocrx_word' id='word_1_186' title='bbox 1035 2778 1304 2832; x_wconf 81' lang='grc' dir='ltr'>παντοίων</span> <span class='ocrx_word' id='word_1_187' title='bbox 1327 2776 1514 2830; x_wconf 86' lang='grc' dir='ltr'>παθῶν</span> <span class='ocrx_word' id='word_1_188' title='bbox 1547 2774 1916 2844; x_wconf 72' lang='grc' dir='ltr'>ἐστερημένης</span> 
     </span>
    </p>
   </div>
   <div class='ocr_carea' id='block_1_30' title="bbox 349 2862 1916 2936">
    <p class='ocr_par' dir='ltr' id='par_1_30' title="bbox 349 2862 1916 2936">
     <span class='ocr_line' id='line_1_30' title="bbox 349 2862 1916 2936; baseline -0.01 -9"><span class='ocrx_word' id='word_1_189' title='bbox 349 2871 732 2931; x_wconf 80' lang='grc' dir='ltr'>καταστάσεως</span> <span class='ocrx_word' id='word_1_190' title='bbox 749 2885 763 2899; x_wconf 76' lang='grc' dir='ltr'><strong>ο</strong></span> <span class='ocrx_word' id='word_1_191' title='bbox 801 2867 1008 2935; x_wconf 80' lang='grc' dir='ltr'>ὅρασις</span> <span class='ocrx_word' id='word_1_192' title='bbox 1035 2867 1144 2936; x_wconf 77' lang='grc' dir='ltr'>γὰρ</span> <span class='ocrx_word' id='word_1_193' title='bbox 1171 2863 1414 2934; x_wconf 63' lang='lat' dir='ltr'><strong>adprime</strong></span> <span class='ocrx_word' id='word_1_194' title='bbox 1441 2862 1795 2934; x_wconf 80' lang='grc' dir='ltr'>Ἰερουσαλὴμ</span> <span class='ocrx_word' id='word_1_195' title='bbox 1823 2862 1916 2930; x_wconf 83' lang='grc' dir='ltr'>έρ-</span> 
     </span>
    </p>
   </div>
   <div class='ocr_carea' id='block_1_31' title="bbox 1990 367 3562 439">
    <p class='ocr_par' dir='ltr' id='par_1_31' title="bbox 1990 367 3562 439">
     <span class='ocr_line' id='line_1_31' title="bbox 1990 367 3562 439; baseline -0.003 -13"><span class='ocrx_word' id='word_1_196' title='bbox 1990 373 2252 428; x_wconf 84' lang='lat' dir='ltr'><strong>adversus</strong></span> <span class='ocrx_word' id='word_1_197' title='bbox 2294 374 2550 427; x_wconf 86' lang='lat' dir='ltr'><strong>virtutem</strong></span> <span class='ocrx_word' id='word_1_198' title='bbox 2621 386 2684 426; x_wconf 90' lang='lat' dir='ltr'><strong>ac</strong></span> <span class='ocrx_word' id='word_1_199' title='bbox 2738 369 3021 426; x_wconf 71' lang='lat' dir='ltr'><strong>scientiam</strong></span> <span class='ocrx_word' id='word_1_200' title='bbox 3065 367 3316 431; x_wconf 83' lang='lat' dir='ltr'><strong>conﬂato,</strong></span> <span class='ocrx_word' id='word_1_201' title='bbox 3346 384 3441 439; x_wconf 77' lang='lat' dir='ltr'><strong>per</strong></span> <span class='ocrx_word' id='word_1_202' title='bbox 3478 368 3562 422; x_wconf 81' lang='lat' dir='ltr'><strong>in-</strong></span> 
     </span>
    </p>
   </div>
   <div class='ocr_carea' id='block_1_32' title="bbox 1990 453 3562 530">
    <p class='ocr_par' dir='ltr' id='par_1_32' title="bbox 1990 453 3562 530">
     <span class='ocr_line' id='line_1_32' title="bbox 1990 453 3562 530; baseline -0.006 -11"><span class='ocrx_word' id='word_1_203' title='bbox 1990 453 2144 519; x_wconf 78' lang='lat' dir='ltr'><strong>natas</strong></span> <span class='ocrx_word' id='word_1_204' title='bbox 2182 463 2377 518; x_wconf 68' lang='lat' dir='ltr'><strong>anima:</strong></span> <span class='ocrx_word' id='word_1_205' title='bbox 2403 463 2706 525; x_wconf 79' lang='lat' dir='ltr'><strong>facultates,</strong></span> <span class='ocrx_word' id='word_1_206' title='bbox 2742 461 2882 514; x_wconf 89' lang='lat' dir='ltr'><strong>hanc</strong></span> <span class='ocrx_word' id='word_1_207' title='bbox 2907 459 3133 517; x_wconf 77' lang='lat' dir='ltr'><strong>fundere</strong></span> <span class='ocrx_word' id='word_1_208' title='bbox 3174 476 3235 513; x_wconf 90' lang='lat' dir='ltr'><strong>ac</strong></span> <span class='ocrx_word' id='word_1_209' title='bbox 3275 461 3562 530; x_wconf 71' lang='lat' dir='ltr'><strong>proﬂigate</strong></span> 
     </span>
    </p>
   </div>
   <div class='ocr_carea' id='block_1_33' title="bbox 1991 552 3564 625">
    <p class='ocr_par' dir='ltr' id='par_1_33' title="bbox 1991 552 3564 625">
     <span class='ocr_line' id='line_1_33' title="bbox 1991 552 3564 625; baseline -0.003 -15"><span class='ocrx_word' id='word_1_210' title='bbox 1991 558 2232 610; x_wconf 78' lang='lat' dir='ltr'><strong>molitur.</strong></span> <span class='ocrx_word' id='word_1_211' title='bbox 2268 553 2342 610; x_wconf 79' lang='lat' dir='ltr'><strong>Ac</strong></span> <span class='ocrx_word' id='word_1_212' title='bbox 2367 553 2598 625; x_wconf 80' lang='lat' dir='ltr'><strong>primum</strong></span> <span class='ocrx_word' id='word_1_213' title='bbox 2630 553 2848 624; x_wconf 86' lang='lat' dir='ltr'><strong>quidem</strong></span> <span class='ocrx_word' id='word_1_214' title='bbox 2881 552 3230 621; x_wconf 75' lang='lat' dir='ltr'><strong>cupiditatem</strong></span> <span class='ocrx_word' id='word_1_215' title='bbox 3275 553 3472 615; x_wconf 88' lang='lat' dir='ltr'><strong>irritat,</strong></span> <span class='ocrx_word' id='word_1_216' title='bbox 3507 563 3564 605; x_wconf 90' lang='lat' dir='ltr'><strong>ut</strong></span> 
     </span>
    </p>
   </div>
   <div class='ocr_carea' id='block_1_34' title="bbox 1991 633 3566 719">
    <p class='ocr_par' dir='ltr' id='par_1_34' title="bbox 1991 633 3566 719">
     <span class='ocr_line' id='line_1_34' title="bbox 1991 633 3566 719; baseline -0.003 -18"><span class='ocrx_word' id='word_1_217' title='bbox 1991 663 2112 719; x_wconf 66' lang='lat' dir='ltr'><strong>quae</strong></span> <span class='ocrx_word' id='word_1_218' title='bbox 2143 633 2469 702; x_wconf 82' lang='lat' dir='ltr'><strong>innaturalia</strong></span> <span class='ocrx_word' id='word_1_219' title='bbox 2498 654 2645 711; x_wconf 91' lang='lat' dir='ltr'><strong>sunt,</strong></span> <span class='ocrx_word' id='word_1_220' title='bbox 2671 653 2910 715; x_wconf 88' lang='lat' dir='ltr'><strong>appetat,</strong></span> <span class='ocrx_word' id='word_1_221' title='bbox 2933 653 3232 715; x_wconf 86' lang='lat' dir='ltr'><strong>auctorque</strong></span> <span class='ocrx_word' id='word_1_222' title='bbox 3259 653 3361 707; x_wconf 86' lang='lat' dir='ltr'><strong>est,</strong></span> <span class='ocrx_word' id='word_1_223' title='bbox 3391 653 3448 698; x_wconf 94' lang='lat' dir='ltr'><strong>ut</strong></span> <span class='ocrx_word' id='word_1_224' title='bbox 3480 645 3566 697; x_wconf 88' lang='lat' dir='ltr'><strong>his</strong></span> 
     </span>
    </p>
   </div>
   <div class='ocr_carea' id='block_1_35' title="bbox 1993 735 3565 809">
    <p class='ocr_par' dir='ltr' id='par_1_35' title="bbox 1993 735 3565 809">
     <span class='ocr_line' id='line_1_35' title="bbox 1993 735 3565 809; baseline -0.001 -18"><span class='ocrx_word' id='word_1_225' title='bbox 1993 753 2113 809; x_wconf 65' lang='lat' dir='ltr'><strong>quae</strong></span> <span class='ocrx_word' id='word_1_226' title='bbox 2143 754 2304 792; x_wconf 85' lang='lat' dir='ltr'><strong>sensu</strong></span> <span class='ocrx_word' id='word_1_227' title='bbox 2341 738 2740 808; x_wconf 86' lang='lat' dir='ltr'><strong>percipiuntur,</strong></span> <span class='ocrx_word' id='word_1_228' title='bbox 2772 752 2857 801; x_wconf 89' lang='lat' dir='ltr'><strong>ea,</strong></span> <span class='ocrx_word' id='word_1_229' title='bbox 2891 751 3011 806; x_wconf 71' lang='lat' dir='ltr'><strong>qua:</strong></span> <span class='ocrx_word' id='word_1_230' title='bbox 3041 737 3154 790; x_wconf 89' lang='lat' dir='ltr'><strong>sola</strong></span> <span class='ocrx_word' id='word_1_231' title='bbox 3190 744 3371 791; x_wconf 83' lang='lat' dir='ltr'><strong>mente</strong></span> <span class='ocrx_word' id='word_1_232' title='bbox 3403 735 3565 790; x_wconf 90' lang='lat' dir='ltr'><strong>intel-</strong></span> 
     </span>
    </p>
   </div>
   <div class='ocr_carea' id='block_1_36' title="bbox 1993 828 3563 906">
    <p class='ocr_par' dir='ltr' id='par_1_36' title="bbox 1993 828 3563 906">
     <span class='ocr_line' id='line_1_36' title="bbox 1993 828 3563 906; baseline -0.003 -22"><span class='ocrx_word' id='word_1_233' title='bbox 1993 832 2256 902; x_wconf 84' lang='lat' dir='ltr'><strong>liguntur,</strong></span> <span class='ocrx_word' id='word_1_234' title='bbox 2288 831 2610 906; x_wconf 83' lang='lat' dir='ltr'><strong>posthaheat</strong></span> <span class='ocrx_word' id='word_1_235' title='bbox 2641 848 2652 882; x_wconf 91' lang='lat'>:</span> <span class='ocrx_word' id='word_1_236' title='bbox 2683 829 2818 882; x_wconf 92' lang='lat' dir='ltr'><strong>iram</strong></span> <span class='ocrx_word' id='word_1_237' title='bbox 2843 843 2973 882; x_wconf 89' lang='lat' dir='ltr'><strong>vero</strong></span> <span class='ocrx_word' id='word_1_238' title='bbox 2998 828 3228 898; x_wconf 84' lang='lat' dir='ltr'><strong>impellit</strong></span> <span class='ocrx_word' id='word_1_239' title='bbox 3254 844 3317 882; x_wconf 91' lang='lat' dir='ltr'><strong>ac</strong></span> <span class='ocrx_word' id='word_1_240' title='bbox 3340 829 3563 891; x_wconf 79' lang='lat' dir='ltr'><strong>excitat,</strong></span> 
     </span>
    </p>
   </div>
   <div class='ocr_carea' id='block_1_37' title="bbox 1995 917 3566 988">
    <p class='ocr_par' dir='ltr' id='par_1_37' title="bbox 1995 917 3566 988">
     <span class='ocr_line' id='line_1_37' title="bbox 1995 917 3566 988; baseline -0.001 -16"><span class='ocrx_word' id='word_1_241' title='bbox 1995 922 2056 972; x_wconf 85' lang='lat' dir='ltr'><strong>ut</strong></span> <span class='ocrx_word' id='word_1_242' title='bbox 2083 920 2203 987; x_wconf 83' lang='lat' dir='ltr'><strong>ejus</strong></span> <span class='ocrx_word' id='word_1_243' title='bbox 2224 918 2374 982; x_wconf 89' lang='lat' dir='ltr'><strong>boni,</strong></span> <span class='ocrx_word' id='word_1_244' title='bbox 2398 918 2541 988; x_wconf 84' lang='lat' dir='ltr'><strong>quod</strong></span> <span class='ocrx_word' id='word_1_245' title='bbox 2574 933 2738 972; x_wconf 90' lang='lat' dir='ltr'><strong>sensu</strong></span> <span class='ocrx_word' id='word_1_246' title='bbox 2777 917 3098 987; x_wconf 86' lang='lat' dir='ltr'><strong>percipitur,</strong></span> <span class='ocrx_word' id='word_1_247' title='bbox 3126 931 3309 981; x_wconf 89' lang='lat' dir='ltr'><strong>causa,</strong></span> <span class='ocrx_word' id='word_1_248' title='bbox 3336 933 3400 971; x_wconf 92' lang='lat' dir='ltr'><strong>ac</strong></span> <span class='ocrx_word' id='word_1_249' title='bbox 3420 918 3566 988; x_wconf 92' lang='lat' dir='ltr'><strong>quod</strong></span> 
     </span>
    </p>
   </div>
   <div class='ocr_carea' id='block_1_38' title="bbox 1995 1007 3564 1080">
    <p class='ocr_par' dir='ltr' id='par_1_38' title="bbox 1995 1007 3564 1080">
     <span class='ocr_line' id='line_1_38' title="bbox 1995 1007 3564 1080; baseline -0.001 -16"><span class='ocrx_word' id='word_1_250' title='bbox 1995 1009 2266 1078; x_wconf 88' lang='lat' dir='ltr'><strong>cupiditas</strong></span> <span class='ocrx_word' id='word_1_251' title='bbox 2309 1009 2538 1079; x_wconf 79' lang='lat' dir='ltr'><strong>delegit,</strong></span> <span class='ocrx_word' id='word_1_252' title='bbox 2583 1024 2819 1080; x_wconf 81' lang='lat' dir='ltr'><strong>pugnam</strong></span> <span class='ocrx_word' id='word_1_253' title='bbox 2857 1007 3120 1073; x_wconf 86' lang='lat' dir='ltr'><strong>instruat;</strong></span> <span class='ocrx_word' id='word_1_254' title='bbox 3153 1009 3422 1062; x_wconf 82' lang='lat' dir='ltr'><strong>rationem</strong></span> <span class='ocrx_word' id='word_1_255' title='bbox 3468 1024 3564 1078; x_wconf 46' lang='lat' dir='ltr'><strong>po‘</strong></span> 
     </span>
    </p>
   </div>
   <div class='ocr_carea' id='block_1_39' title="bbox 1997 1093 3569 1169">
    <p class='ocr_par' dir='ltr' id='par_1_39' title="bbox 1997 1093 3569 1169">
     <span class='ocr_line' id='line_1_39' title="bbox 1997 1093 3569 1169; baseline 0.001 -17"><span class='ocrx_word' id='word_1_256' title='bbox 1997 1109 2200 1153; x_wconf 85' lang='lat' dir='ltr'><strong>stremo</strong></span> <span class='ocrx_word' id='word_1_257' title='bbox 2249 1098 2428 1164; x_wconf 88' lang='lat' dir='ltr'><strong>docet,</strong></span> <span class='ocrx_word' id='word_1_258' title='bbox 2478 1107 2535 1154; x_wconf 91' lang='lat' dir='ltr'><strong>ut</strong></span> <span class='ocrx_word' id='word_1_259' title='bbox 2569 1099 2908 1169; x_wconf 80' lang='lat' dir='ltr'><strong>voluptatum</strong></span> <span class='ocrx_word' id='word_1_260' title='bbox 2955 1111 3173 1153; x_wconf 75' lang='grc' dir='ltr'>εριιειιιιι</span> <span class='ocrx_word' id='word_1_261' title='bbox 3222 1093 3569 1156; x_wconf 81' lang='lat' dir='ltr'><strong>aliieientium</strong></span> 
     </span>
    </p>
   </div>
   <div class='ocr_carea' id='block_1_40' title="bbox 1999 1185 2550 1245">
    <p class='ocr_par' dir='ltr' id='par_1_40' title="bbox 1999 1185 2550 1245">
     <span class='ocr_line' id='line_1_40' title="bbox 1999 1185 2550 1245; baseline -0.004 -1"><span class='ocrx_word' id='word_1_262' title='bbox 1999 1185 2190 1244; x_wconf 87' lang='lat' dir='ltr'><strong>modos</strong></span> <span class='ocrx_word' id='word_1_263' title='bbox 2217 1191 2550 1245; x_wconf 58' lang='lat' dir='ltr'><strong>adium-mat.</strong></span> 
     </span>
    </p>
   </div>
   <div class='ocr_carea' id='block_1_41' title="bbox 2071 1293 3574 1372">
    <p class='ocr_par' dir='ltr' id='par_1_41' title="bbox 2071 1293 3574 1372">
     <span class='ocr_line' id='line_1_41' title="bbox 2071 1293 3574 1372; baseline 0.003 -15"><span class='ocrx_word' id='word_1_264' title='bbox 2071 1303 2156 1357; x_wconf 79' lang='lat'><strong>96.</strong></span> <span class='ocrx_word' id='word_1_265' title='bbox 2189 1303 2424 1358; x_wconf 72' lang='lat' dir='ltr'><strong>Summa:</strong></span> <span class='ocrx_word' id='word_1_266' title='bbox 2447 1293 2706 1364; x_wconf 84' lang='lat' dir='ltr'><strong>bonitatis</strong></span> <span class='ocrx_word' id='word_1_267' title='bbox 2730 1304 3013 1372; x_wconf 85' lang='lat' dir='ltr'><strong>proprium</strong></span> <span class='ocrx_word' id='word_1_268' title='bbox 3043 1312 3146 1366; x_wconf 87' lang='lat' dir='ltr'><strong>est,</strong></span> <span class='ocrx_word' id='word_1_269' title='bbox 3173 1313 3231 1358; x_wconf 90' lang='lat' dir='ltr'><strong>ut</strong></span> <span class='ocrx_word' id='word_1_270' title='bbox 3259 1321 3368 1358; x_wconf 88' lang='lat' dir='ltr'><strong>non</strong></span> <span class='ocrx_word' id='word_1_271' title='bbox 3397 1306 3574 1360; x_wconf 85' lang='lat' dir='ltr'><strong>solum</strong></span> 
     </span>
    </p>
   </div>
   <div class='ocr_carea' id='block_1_42' title="bbox 2000 1391 3574 1462">
    <p class='ocr_par' dir='ltr' id='par_1_42' title="bbox 2000 1391 3574 1462">
     <span class='ocr_line' id='line_1_42' title="bbox 2000 1391 3574 1462; baseline 0.003 -18"><span class='ocrx_word' id='word_1_272' title='bbox 2000 1392 2214 1445; x_wconf 84' lang='lat' dir='ltr'><strong>divinas</strong></span> <span class='ocrx_word' id='word_1_273' title='bbox 2265 1401 2319 1446; x_wconf 86' lang='lat' dir='ltr'><strong>et</strong></span> <span class='ocrx_word' id='word_1_274' title='bbox 2365 1393 2718 1462; x_wconf 85' lang='lat' dir='ltr'><strong>incorporeas</strong></span> <span class='ocrx_word' id='word_1_275' title='bbox 2767 1391 3165 1447; x_wconf 74' lang='lat' dir='ltr'><strong>intellectilium</strong></span> <span class='ocrx_word' id='word_1_276' title='bbox 3214 1393 3574 1457; x_wconf 77' lang='lat' dir='ltr'><strong>substantias,</strong></span> 
     </span>
    </p>
   </div>
   <div class='ocr_carea' id='block_1_43' title="bbox 2001 1483 3575 1553">
    <p class='ocr_par' dir='ltr' id='par_1_43' title="bbox 2001 1483 3575 1553">
     <span class='ocr_line' id='line_1_43' title="bbox 2001 1483 3575 1553; baseline 0.003 -17"><span class='ocrx_word' id='word_1_277' title='bbox 2001 1498 2214 1537; x_wconf 68' lang='lat' dir='ltr'><strong>arcanm</strong></span> <span class='ocrx_word' id='word_1_278' title='bbox 2240 1483 2547 1552; x_wconf 79' lang='lat' dir='ltr'><strong>divinaeque</strong></span> <span class='ocrx_word' id='word_1_279' title='bbox 2576 1483 2874 1553; x_wconf 87' lang='lat' dir='ltr'><strong>majestatis</strong></span> <span class='ocrx_word' id='word_1_280' title='bbox 2913 1483 3205 1538; x_wconf 89' lang='lat' dir='ltr'><strong>simulacra</strong></span> <span class='ocrx_word' id='word_1_281' title='bbox 3249 1485 3575 1548; x_wconf 86' lang='lat' dir='ltr'><strong>constituat;</strong></span> 
     </span>
    </p>
   </div>
   <div class='ocr_carea' id='block_1_44' title="bbox 2003 1572 3579 1642">
    <p class='ocr_par' dir='ltr' id='par_1_44' title="bbox 2003 1572 3579 1642">
     <span class='ocr_line' id='line_1_44' title="bbox 2003 1572 3579 1642; baseline 0.001 -15"><span class='ocrx_word' id='word_1_282' title='bbox 2003 1589 2123 1642; x_wconf 67' lang='lat' dir='ltr'><strong>qua:</strong></span> <span class='ocrx_word' id='word_1_283' title='bbox 2164 1572 2423 1627; x_wconf 82' lang='lat' dir='ltr'><strong>videlicet</strong></span> <span class='ocrx_word' id='word_1_284' title='bbox 2467 1582 2669 1635; x_wconf 88' lang='lat' dir='ltr'><strong>totam,</strong></span> <span class='ocrx_word' id='word_1_285' title='bbox 2707 1580 2908 1640; x_wconf 87' lang='lat' dir='ltr'><strong>quanta</strong></span> <span class='ocrx_word' id='word_1_286' title='bbox 2951 1572 3304 1638; x_wconf 88' lang='lat' dir='ltr'><strong>conceditur,</strong></span> <span class='ocrx_word' id='word_1_287' title='bbox 3353 1590 3454 1642; x_wconf 87' lang='lat' dir='ltr'><strong>pro</strong></span> <span class='ocrx_word' id='word_1_288' title='bbox 3493 1575 3579 1629; x_wconf 92' lang='lat' dir='ltr'><strong>sui</strong></span> 
     </span>
    </p>
   </div>
   <div class='ocr_carea' id='block_1_45' title="bbox 2005 1663 3583 1733">
    <p class='ocr_par' dir='ltr' id='par_1_45' title="bbox 2005 1663 3583 1733">
     <span class='ocr_line' id='line_1_45' title="bbox 2005 1663 3583 1733; baseline 0.001 -15"><span class='ocrx_word' id='word_1_289' title='bbox 2005 1665 2238 1731; x_wconf 83' lang='lat' dir='ltr'><strong>ratione,</strong></span> <span class='ocrx_word' id='word_1_290' title='bbox 2268 1663 2417 1718; x_wconf 90' lang='lat' dir='ltr'><strong>omni</strong></span> <span class='ocrx_word' id='word_1_291' title='bbox 2461 1664 2723 1733; x_wconf 85' lang='lat' dir='ltr'><strong>majorem</strong></span> <span class='ocrx_word' id='word_1_292' title='bbox 2767 1663 3011 1732; x_wconf 85' lang='lat' dir='ltr'><strong>cogitatu</strong></span> <span class='ocrx_word' id='word_1_293' title='bbox 3057 1663 3320 1719; x_wconf 88' lang='lat' dir='ltr'><strong>inaccessi</strong></span> <span class='ocrx_word' id='word_1_294' title='bbox 3366 1666 3583 1720; x_wconf 83' lang='lat' dir='ltr'><strong>decoris</strong></span> 
     </span>
    </p>
   </div>
   <div class='ocr_carea' id='block_1_46' title="bbox 2003 1753 3582 1825">
    <p class='ocr_par' dir='ltr' id='par_1_46' title="bbox 2003 1753 3582 1825">
     <span class='ocr_line' id='line_1_46' title="bbox 2003 1753 3582 1825; baseline 0.001 -16"><span class='ocrx_word' id='word_1_295' title='bbox 2003 1755 2234 1824; x_wconf 78' lang='lat' dir='ltr'><strong>formam</strong></span> <span class='ocrx_word' id='word_1_296' title='bbox 2286 1754 2863 1825; x_wconf 84' lang='lat' dir='ltr'><strong>pulchritudinemque</strong></span> <span class='ocrx_word' id='word_1_297' title='bbox 2916 1753 3214 1822; x_wconf 77' lang='lat' dir='ltr'><strong>recipiant;</strong></span> <span class='ocrx_word' id='word_1_298' title='bbox 3265 1757 3362 1810; x_wconf 87' lang='lat' dir='ltr'><strong>sed</strong></span> <span class='ocrx_word' id='word_1_299' title='bbox 3418 1758 3582 1811; x_wconf 86' lang='lat' dir='ltr'><strong>etiam</strong></span> 
     </span>
    </p>
   </div>
   <div class='ocr_carea' id='block_1_47' title="bbox 2004 1843 3584 1916">
    <p class='ocr_par' dir='ltr' id='par_1_47' title="bbox 2004 1843 3584 1916">
     <span class='ocr_line' id='line_1_47' title="bbox 2004 1843 3584 1916; baseline 0.002 -16"><span class='ocrx_word' id='word_1_300' title='bbox 2004 1847 2112 1911; x_wconf 91' lang='lat' dir='ltr'><strong>his,</strong></span> <span class='ocrx_word' id='word_1_301' title='bbox 2139 1861 2260 1916; x_wconf 75' lang='lat' dir='ltr'><strong>qua:</strong></span> <span class='ocrx_word' id='word_1_302' title='bbox 2305 1845 2358 1898; x_wconf 93' lang='lat' dir='ltr'><strong>in</strong></span> <span class='ocrx_word' id='word_1_303' title='bbox 2403 1861 2620 1899; x_wconf 87' lang='lat' dir='ltr'><strong>sensum</strong></span> <span class='ocrx_word' id='word_1_304' title='bbox 2655 1843 2879 1905; x_wconf 88' lang='lat' dir='ltr'><strong>cadunt,</strong></span> <span class='ocrx_word' id='word_1_305' title='bbox 2912 1843 3180 1914; x_wconf 88' lang='lat' dir='ltr'><strong>longeque</strong></span> <span class='ocrx_word' id='word_1_306' title='bbox 3214 1846 3282 1900; x_wconf 87' lang='lat' dir='ltr'><strong>ab</strong></span> <span class='ocrx_word' id='word_1_307' title='bbox 3305 1847 3428 1910; x_wconf 84' lang='lat' dir='ltr'><strong>illis</strong></span> <span class='ocrx_word' id='word_1_308' title='bbox 3459 1849 3584 1903; x_wconf 81' lang='lat' dir='ltr'><strong>sub-</strong></span> 
     </span>
    </p>
   </div>
   <div class='ocr_carea' id='block_1_48' title="bbox 2007 1933 3586 2009">
    <p class='ocr_par' dir='ltr' id='par_1_48' title="bbox 2007 1933 3586 2009">
     <span class='ocr_line' id='line_1_48' title="bbox 2007 1933 3586 2009; baseline 0.001 -19"><span class='ocrx_word' id='word_1_309' title='bbox 2007 1936 2222 1990; x_wconf 89' lang='lat' dir='ltr'><strong>stantiis</strong></span> <span class='ocrx_word' id='word_1_310' title='bbox 2259 1949 2380 2004; x_wconf 65' lang='lat' dir='ltr'><strong>quae</strong></span> <span class='ocrx_word' id='word_1_311' title='bbox 2407 1942 2587 1988; x_wconf 89' lang='lat' dir='ltr'><strong>mente</strong></span> <span class='ocrx_word' id='word_1_312' title='bbox 2625 1933 3026 2002; x_wconf 84' lang='lat' dir='ltr'><strong>intelliguntur,</strong></span> <span class='ocrx_word' id='word_1_313' title='bbox 3057 1934 3342 2002; x_wconf 81' lang='lat' dir='ltr'><strong>deﬁciunt,</strong></span> <span class='ocrx_word' id='word_1_314' title='bbox 3375 1940 3586 2009; x_wconf 86' lang='lat' dir='ltr'><strong>magni-</strong></span> 
     </span>
    </p>
   </div>
   <div class='ocr_carea' id='block_1_49' title="bbox 2009 2014 3586 2100">
    <p class='ocr_par' dir='ltr' id='par_1_49' title="bbox 2009 2014 3586 2100">
     <span class='ocr_line' id='line_1_49' title="bbox 2009 2014 3586 2100; baseline 0.001 -17"><span class='ocrx_word' id='word_1_315' title='bbox 2009 2028 2239 2084; x_wconf 74' lang='lat' dir='ltr'><strong>ﬁcentia:</strong></span> <span class='ocrx_word' id='word_1_316' title='bbox 2282 2043 2395 2081; x_wconf 72' lang='lat' dir='ltr'><strong>sua:</strong></span> <span class='ocrx_word' id='word_1_317' title='bbox 2436 2014 2682 2081; x_wconf 80' lang='lat' dir='ltr'><strong>extrema</strong></span> <span class='ocrx_word' id='word_1_318' title='bbox 2716 2025 2962 2095; x_wconf 70' lang='lat' dir='ltr'><strong>quaedam</strong></span> <span class='ocrx_word' id='word_1_319' title='bbox 3009 2027 3162 2096; x_wconf 88' lang='lat' dir='ltr'><strong>quasi</strong></span> <span class='ocrx_word' id='word_1_320' title='bbox 3211 2029 3436 2100; x_wconf 86' lang='lat' dir='ltr'><strong>vestigia</strong></span> <span class='ocrx_word' id='word_1_321' title='bbox 3482 2031 3586 2084; x_wconf 86' lang='lat' dir='ltr'><strong>mi-</strong></span> 
     </span>
    </p>
   </div>
   <div class='ocr_carea' id='block_1_50' title="bbox 2010 2101 3587 2192">
    <p class='ocr_par' dir='ltr' id='par_1_50' title="bbox 2010 2101 3587 2192">
     <span class='ocr_line' id='line_1_50' title="bbox 2010 2101 3587 2192; baseline 0 -16"><span class='ocrx_word' id='word_1_322' title='bbox 2010 2107 2206 2185; x_wconf 82' lang='lat' dir='ltr'><strong>sceat;</strong></span> <span class='ocrx_word' id='word_1_323' title='bbox 2235 2135 2357 2191; x_wconf 74' lang='lat' dir='ltr'><strong>quae</strong></span> <span class='ocrx_word' id='word_1_324' title='bbox 2408 2118 2516 2173; x_wconf 88' lang='lat' dir='ltr'><strong>illis</strong></span> <span class='ocrx_word' id='word_1_325' title='bbox 2560 2101 2826 2172; x_wconf 80' lang='lat' dir='ltr'><strong>nitentem</strong></span> <span class='ocrx_word' id='word_1_326' title='bbox 2872 2117 3253 2188; x_wconf 81' lang='lat' dir='ltr'><strong>invectamque</strong></span> <span class='ocrx_word' id='word_1_327' title='bbox 3293 2121 3587 2192; x_wconf 80' lang='lat' dir='ltr'><strong>humanam</strong></span> 
     </span>
    </p>
   </div>
   <div class='ocr_carea' id='block_1_51' title="bbox 2010 2207 3588 2276">
    <p class='ocr_par' dir='ltr' id='par_1_51' title="bbox 2010 2207 3588 2276">
     <span class='ocr_line' id='line_1_51' title="bbox 2010 2207 3588 2276; baseline -0.001 -9"><span class='ocrx_word' id='word_1_328' title='bbox 2010 2219 2271 2276; x_wconf 90' lang='lat' dir='ltr'><strong>mentem,</strong></span> <span class='ocrx_word' id='word_1_329' title='bbox 2306 2218 2454 2263; x_wconf 86' lang='lat' dir='ltr'><strong>recta</strong></span> <span class='ocrx_word' id='word_1_330' title='bbox 2498 2208 2563 2262; x_wconf 89' lang='lat' dir='ltr'><strong>ad</strong></span> <span class='ocrx_word' id='word_1_331' title='bbox 2599 2209 2768 2262; x_wconf 89' lang='lat' dir='ltr'><strong>Deum</strong></span> <span class='ocrx_word' id='word_1_332' title='bbox 2814 2207 3062 2276; x_wconf 83' lang='lat' dir='ltr'><strong>trajicere</strong></span> <span class='ocrx_word' id='word_1_333' title='bbox 3107 2209 3346 2271; x_wconf 86' lang='lat' dir='ltr'><strong>valeant,</strong></span> <span class='ocrx_word' id='word_1_334' title='bbox 3378 2215 3588 2266; x_wconf 78' lang='lat' dir='ltr'><strong>cunctis</strong></span> 
     </span>
    </p>
   </div>
   <div class='ocr_carea' id='block_1_52' title="bbox 2014 2296 3588 2370">
    <p class='ocr_par' dir='ltr' id='par_1_52' title="bbox 2014 2296 3588 2370">
     <span class='ocr_line' id='line_1_52' title="bbox 2014 2296 3588 2370; baseline -0.001 -13"><span class='ocrx_word' id='word_1_335' title='bbox 2014 2303 2178 2358; x_wconf 89' lang='lat' dir='ltr'><strong>rebus</strong></span> <span class='ocrx_word' id='word_1_336' title='bbox 2207 2301 2260 2358; x_wconf 87' lang='lat' dir='ltr'><strong>in</strong></span> <span class='ocrx_word' id='word_1_337' title='bbox 2286 2306 2567 2370; x_wconf 80' lang='lat' dir='ltr'><strong>aSpectum</strong></span> <span class='ocrx_word' id='word_1_338' title='bbox 2593 2296 2918 2352; x_wconf 85' lang='lat' dir='ltr'><strong>cadentibus</strong></span> <span class='ocrx_word' id='word_1_339' title='bbox 2948 2297 3285 2367; x_wconf 86' lang='lat' dir='ltr'><strong>superiorem</strong></span> <span class='ocrx_word' id='word_1_340' title='bbox 3316 2299 3588 2365; x_wconf 75' lang='lat' dir='ltr'><strong>eii‘ectam.</strong></span> 
     </span>
    </p>
   </div>
   <div class='ocr_carea' id='block_1_53' title="bbox 2015 2388 3277 2466">
    <p class='ocr_par' dir='ltr' id='par_1_53' title="bbox 2015 2388 3277 2466">
     <span class='ocr_line' id='line_1_53' title="bbox 2015 2388 3277 2466; baseline -0.006 -14"><span class='ocrx_word' id='word_1_341' title='bbox 2015 2405 2075 2452; x_wconf 90' lang='lat' dir='ltr'><strong>ut</strong></span> <span class='ocrx_word' id='word_1_342' title='bbox 2103 2410 2222 2466; x_wconf 69' lang='lat' dir='ltr'><strong>quae</strong></span> <span class='ocrx_word' id='word_1_343' title='bbox 2245 2407 2556 2463; x_wconf 88' lang='lat' dir='ltr'><strong>supremam</strong></span> <span class='ocrx_word' id='word_1_344' title='bbox 2582 2388 2897 2445; x_wconf 85' lang='lat' dir='ltr'><strong>beatitatem</strong></span> <span class='ocrx_word' id='word_1_345' title='bbox 2925 2389 3277 2445; x_wconf 86' lang='lat' dir='ltr'><strong>inscenderit.</strong></span> 
     </span>
    </p>
   </div>
   <div class='ocr_carea' id='block_1_54' title="bbox 2086 2502 3589 2574">
    <p class='ocr_par' dir='ltr' id='par_1_54' title="bbox 2086 2502 3589 2574">
     <span class='ocr_line' id='line_1_54' title="bbox 2086 2502 3589 2574; baseline 0 -13"><span class='ocrx_word' id='word_1_346' title='bbox 2086 2507 2175 2562; x_wconf 88' lang='lat'><strong>97.</strong></span> <span class='ocrx_word' id='word_1_347' title='bbox 2209 2503 2470 2574; x_wconf 83' lang='lat' dir='ltr'><strong>Quisquis</strong></span> <span class='ocrx_word' id='word_1_348' title='bbox 2498 2503 2737 2567; x_wconf 83' lang='lat' dir='ltr'><strong>animus,</strong></span> <span class='ocrx_word' id='word_1_349' title='bbox 2781 2502 2991 2557; x_wconf 80' lang='lat' dir='ltr'><strong>virtute</strong></span> <span class='ocrx_word' id='word_1_350' title='bbox 3006 2518 3071 2557; x_wconf 83' lang='lat' dir='ltr'><strong>ac</strong></span> <span class='ocrx_word' id='word_1_351' title='bbox 3109 2503 3335 2559; x_wconf 81' lang='lat' dir='ltr'><strong>scientia</strong></span> <span class='ocrx_word' id='word_1_352' title='bbox 3363 2520 3589 2562; x_wconf 88' lang='lat' dir='ltr'><strong>corona-</strong></span> 
     </span>
    </p>
   </div>
   <div class='ocr_carea' id='block_1_55' title="bbox 2018 2593 3592 2666">
    <p class='ocr_par' dir='ltr' id='par_1_55' title="bbox 2018 2593 3592 2666">
     <span class='ocr_line' id='line_1_55' title="bbox 2018 2593 3592 2666; baseline -0.001 -13"><span class='ocrx_word' id='word_1_353' title='bbox 2018 2607 2128 2660; x_wconf 91' lang='lat' dir='ltr'><strong>tus,</strong></span> <span class='ocrx_word' id='word_1_354' title='bbox 2165 2597 2318 2652; x_wconf 82' lang='lat' dir='ltr'><strong>velut</strong></span> <span class='ocrx_word' id='word_1_355' title='bbox 2347 2609 2577 2665; x_wconf 84' lang='lat' dir='ltr'><strong>magnus</strong></span> <span class='ocrx_word' id='word_1_356' title='bbox 2618 2593 2900 2659; x_wconf 83' lang='lat' dir='ltr'><strong>Ezechias,</strong></span> <span class='ocrx_word' id='word_1_357' title='bbox 2939 2602 2998 2647; x_wconf 90' lang='lat' dir='ltr'><strong>ut</strong></span> <span class='ocrx_word' id='word_1_358' title='bbox 3031 2593 3332 2650; x_wconf 77' lang='lat' dir='ltr'><strong>Jerusalem</strong></span> <span class='ocrx_word' id='word_1_359' title='bbox 3362 2597 3592 2666; x_wconf 89' lang='lat' dir='ltr'><strong>imperio</strong></span> 
     </span>
    </p>
   </div>
   <div class='ocr_carea' id='block_1_56' title="bbox 2019 2684 3592 2758">
    <p class='ocr_par' dir='ltr' id='par_1_56' title="bbox 2019 2684 3592 2758">
     <span class='ocr_line' id='line_1_56' title="bbox 2019 2684 3592 2758; baseline 0 -15"><span class='ocrx_word' id='word_1_360' title='bbox 2019 2697 2171 2758; x_wconf 85' lang='lat' dir='ltr'><strong>regat</strong></span> <span class='ocrx_word' id='word_1_361' title='bbox 2215 2696 2411 2742; x_wconf 87' lang='lat' dir='ltr'><strong>nactus</strong></span> <span class='ocrx_word' id='word_1_362' title='bbox 2440 2694 2526 2741; x_wconf 91' lang='lat' dir='ltr'><strong>est</strong></span> <span class='ocrx_word' id='word_1_363' title='bbox 2560 2684 2831 2756; x_wconf 85' lang='lat' dir='ltr'><strong>(habitum</strong></span> <span class='ocrx_word' id='word_1_364' title='bbox 2869 2685 3080 2740; x_wconf 82' lang='lat' dir='ltr'><strong>scilicet</strong></span> <span class='ocrx_word' id='word_1_365' title='bbox 3119 2685 3288 2741; x_wconf 87' lang='lat' dir='ltr'><strong>solam</strong></span> <span class='ocrx_word' id='word_1_366' title='bbox 3317 2687 3592 2743; x_wconf 83' lang='lat' dir='ltr'><strong>videntem</strong></span> 
     </span>
    </p>
   </div>
   <div class='ocr_carea' id='block_1_57' title="bbox 2018 2776 3592 2850">
    <p class='ocr_par' dir='ltr' id='par_1_57' title="bbox 2018 2776 3592 2850">
     <span class='ocr_line' id='line_1_57' title="bbox 2018 2776 3592 2850; baseline 0.001 -16"><span class='ocrx_word' id='word_1_367' title='bbox 2018 2793 2208 2850; x_wconf 85' lang='lat' dir='ltr'><strong>pacem</strong></span> <span class='ocrx_word' id='word_1_368' title='bbox 2257 2795 2272 2831; x_wconf 89' lang='lat'><strong>:</strong></span> <span class='ocrx_word' id='word_1_369' title='bbox 2316 2788 2517 2833; x_wconf 86' lang='lat' dir='ltr'><strong>statum</strong></span> <span class='ocrx_word' id='word_1_370' title='bbox 2562 2776 2823 2830; x_wconf 90' lang='lat' dir='ltr'><strong>nimirum</strong></span> <span class='ocrx_word' id='word_1_371' title='bbox 2870 2776 3050 2831; x_wconf 87' lang='lat' dir='ltr'><strong>omnis</strong></span> <span class='ocrx_word' id='word_1_372' title='bbox 3081 2778 3298 2848; x_wconf 76' lang='lat' dir='ltr'><strong>generis</strong></span> <span class='ocrx_word' id='word_1_373' title='bbox 3335 2778 3488 2832; x_wconf 85' lang='lat' dir='ltr'><strong>vitiis</strong></span> <span class='ocrx_word' id='word_1_374' title='bbox 3531 2795 3592 2835; x_wconf 79' lang='lat' dir='ltr'><strong>ac</strong></span> 
     </span>
    </p>
   </div>
   <div class='ocr_carea' id='block_1_58' title="bbox 2019 2869 3593 2940">
    <p class='ocr_par' dir='ltr' id='par_1_58' title="bbox 2019 2869 3593 2940">
     <span class='ocr_line' id='line_1_58' title="bbox 2019 2869 3593 2940; baseline 0.001 -15"><span class='ocrx_word' id='word_1_375' title='bbox 2019 2869 2528 2940; x_wconf 81' lang='lat' dir='ltr'><strong>perturbationibus</strong></span> <span class='ocrx_word' id='word_1_376' title='bbox 2558 2876 2871 2935; x_wconf 84' lang='lat' dir='ltr'><strong>carentem;</strong></span> <span class='ocrx_word' id='word_1_377' title='bbox 2899 2869 3203 2925; x_wconf 85' lang='lat' dir='ltr'><strong>Jerusalem</strong></span> <span class='ocrx_word' id='word_1_378' title='bbox 3237 2871 3384 2925; x_wconf 89' lang='lat' dir='ltr'><strong>enim</strong></span> <span class='ocrx_word' id='word_1_379' title='bbox 3414 2873 3593 2926; x_wconf 59' lang='lat' dir='ltr'><strong>nornis</strong></span> 
     </span>
    </p>
   </div>
   <div class='ocr_carea' id='block_1_59' title="bbox 353 2952 1914 3036">
    <p class='ocr_par' dir='ltr' id='par_1_59' title="bbox 353 2952 1914 3036">
     <span class='ocr_line' id='line_1_59' title="bbox 353 2952 1914 3036; baseline -0.008 -19"><span class='ocrx_word' id='word_1_380' title='bbox 353 2963 648 3036; x_wconf 76' lang='grc' dir='ltr'>μηνευεται</span> <span class='ocrx_word' id='word_1_381' title='bbox 673 2978 686 2991; x_wconf 85' lang='grc'><strong>·</strong></span> <span class='ocrx_word' id='word_1_382' title='bbox 727 2962 908 3014; x_wconf 75' lang='grc' dir='ltr'>πᾶσαν</span> <span class='ocrx_word' id='word_1_383' title='bbox 950 2958 1062 3029; x_wconf 77' lang='grc' dir='ltr'>ἔχει</span> <span class='ocrx_word' id='word_1_384' title='bbox 1092 2957 1188 3028; x_wconf 83' lang='grc' dir='ltr'><strong>τὴν</strong></span> <span class='ocrx_word' id='word_1_385' title='bbox 1225 2957 1402 3010; x_wconf 86' lang='grc' dir='ltr'>κτίσιν</span> <span class='ocrx_word' id='word_1_386' title='bbox 1433 2955 1778 3025; x_wconf 72' lang='grc' dir='ltr'>ὑποχείριονο</span> <span class='ocrx_word' id='word_1_387' title='bbox 1825 2952 1914 3005; x_wconf 78' lang='grc' dir='ltr'>διὰ</span> 
     </span>
    </p>
   </div>
   <div class='ocr_carea' id='block_1_60' title="bbox 2016 2952 3593 3036">
    <p class='ocr_par' dir='ltr' id='par_1_60' title="bbox 2019 2960 3593 3032">
     <span class='ocr_line' id='line_1_60' title="bbox 2019 2960 3593 3032; baseline 0.001 -16"><span class='ocrx_word' id='word_1_388' title='bbox 2019 2963 2105 3017; x_wconf 90' lang='lat' dir='ltr'><strong>nis</strong></span> <span class='ocrx_word' id='word_1_389' title='bbox 2133 2963 2414 3016; x_wconf 82' lang='lat' dir='ltr'><strong>notatione</strong></span> <span class='ocrx_word' id='word_1_390' title='bbox 2439 2961 2583 3032; x_wconf 71' lang='lat' dir='ltr'><strong>pacis</strong></span> <span class='ocrx_word' id='word_1_391' title='bbox 2609 2960 2736 3014; x_wconf 72' lang='lat' dir='ltr'><strong>visio</strong></span> <span class='ocrx_word' id='word_1_392' title='bbox 2760 2962 2887 3028; x_wconf 88' lang='lat' dir='ltr'><strong>est),</strong></span> <span class='ocrx_word' id='word_1_393' title='bbox 2923 2969 3229 3015; x_wconf 87' lang='lat' dir='ltr'><strong>creaturam</strong></span> <span class='ocrx_word' id='word_1_394' title='bbox 3251 2976 3466 3017; x_wconf 89' lang='lat' dir='ltr'><strong>omnem</strong></span> <span class='ocrx_word' id='word_1_395' title='bbox 3489 2963 3593 3019; x_wconf 87' lang='lat' dir='ltr'><strong>sibi</strong></span> 
     </span>
    </p>
   </div>
   <div class='ocr_carea' id='block_1_61' title="bbox 348 3043 1916 3126">
    <p class='ocr_par' dir='ltr' id='par_1_61' title="bbox 348 3043 1916 3126">
     <span class='ocr_line' id='line_1_61' title="bbox 348 3043 1916 3126; baseline -0.008 -15"><span class='ocrx_word' id='word_1_396' title='bbox 348 3057 458 3111; x_wconf 80' lang='grc' dir='ltr'><strong>τῶν</strong></span> <span class='ocrx_word' id='word_1_397' title='bbox 493 3055 660 3126; x_wconf 74' lang='grc' dir='ltr'>αὐτὴν</span> <span class='ocrx_word' id='word_1_398' title='bbox 711 3051 1177 3124; x_wconf 78' lang='grc' dir='ltr'>συμπληρούντων</span> <span class='ocrx_word' id='word_1_399' title='bbox 1225 3043 1404 3114; x_wconf 82' lang='grc' dir='ltr'>εἰδῶν,</span> <span class='ocrx_word' id='word_1_400' title='bbox 1440 3048 1518 3120; x_wconf 83' lang='grc' dir='ltr'>τῷ</span> <span class='ocrx_word' id='word_1_401' title='bbox 1545 3049 1652 3119; x_wconf 74' lang='grc' dir='ltr'>,μὲν</span> <span class='ocrx_word' id='word_1_402' title='bbox 1689 3046 1807 3117; x_wconf 81' lang='grc' dir='ltr'><strong>Θεῷ</strong></span> <span class='ocrx_word' id='word_1_403' title='bbox 1847 3045 1916 3099; x_wconf 77' lang='grc' dir='ltr'>δι’</span> 
     </span>
    </p>
   </div>
   <div class='ocr_carea' id='block_1_62' title="bbox 352 3137 1918 3215">
    <p class='ocr_par' dir='ltr' id='par_1_62' title="bbox 352 3137 1918 3215">
     <span class='ocr_line' id='line_1_62' title="bbox 352 3137 1918 3215; baseline -0.008 -13"><span class='ocrx_word' id='word_1_404' title='bbox 352 3148 515 3202; x_wconf 72' lang='grc' dir='ltr'>αὐτοῦ</span> <span class='ocrx_word' id='word_1_405' title='bbox 547 3147 672 3209; x_wconf 75' lang='grc' dir='ltr'>τοὺς</span> <span class='ocrx_word' id='word_1_406' title='bbox 699 3147 753 3197; x_wconf 77' lang='grc' dir='ltr'>ὲν</span> <span class='ocrx_word' id='word_1_407' title='bbox 785 3145 923 3215; x_wconf 75' lang='grc' dir='ltr'>αὐτῆ</span> <span class='ocrx_word' id='word_1_408' title='bbox 951 3143 1354 3212; x_wconf 77' lang='grc' dir='ltr'>πνευματικοὺς</span> <span class='ocrx_word' id='word_1_409' title='bbox 1375 3140 1474 3211; x_wconf 81' lang='grc' dir='ltr'>τῆς</span> <span class='ocrx_word' id='word_1_410' title='bbox 1495 3138 1750 3209; x_wconf 82' lang='grc' dir='ltr'>γνώσεως</span> <span class='ocrx_word' id='word_1_411' title='bbox 1787 3137 1918 3190; x_wconf 85' lang='grc' dir='ltr'>καθ-</span> 
     </span>
    </p>
   </div>
   <div class='ocr_carea' id='block_1_63' title="bbox 352 3228 1920 3312">
    <p class='ocr_par' dir='ltr' id='par_1_63' title="bbox 352 3228 1920 3312">
     <span class='ocr_line' id='line_1_63' title="bbox 352 3228 1920 3312; baseline -0.009 -17"><span class='ocrx_word' id='word_1_412' title='bbox 352 3241 495 3312; x_wconf 81' lang='grc' dir='ltr'>άπερ</span> <span class='ocrx_word' id='word_1_413' title='bbox 527 3238 676 3308; x_wconf 87' lang='grc' dir='ltr'>δῶρα</span> <span class='ocrx_word' id='word_1_414' title='bbox 724 3237 1204 3308; x_wconf 76' lang='grc' dir='ltr'>προσκομίζουσαν</span> <span class='ocrx_word' id='word_1_415' title='bbox 1250 3233 1442 3303; x_wconf 81' lang='grc' dir='ltr'>λόγους</span> <span class='ocrx_word' id='word_1_416' title='bbox 1463 3248 1478 3262; x_wconf 74' lang='grc'><strong>⁸</strong></span> <span class='ocrx_word' id='word_1_417' title='bbox 1526 3231 1676 3302; x_wconf 72' lang='grc' dir='ltr'>αὐτῷ</span> <span class='ocrx_word' id='word_1_418' title='bbox 1707 3230 1764 3284; x_wconf 79' lang='grc' dir='ltr'>δὲ</span> <span class='ocrx_word' id='word_1_419' title='bbox 1791 3228 1920 3282; x_wconf 89' lang='grc' dir='ltr'>καθ-</span> 
     </span>
    </p>
   </div>
   <div class='ocr_carea' id='block_1_64' title="bbox 356 3320 1922 3402">
    <p class='ocr_par' dir='ltr' id='par_1_64' title="bbox 356 3320 1922 3402">
     <span class='ocr_line' id='line_1_64' title="bbox 356 3320 1922 3402; baseline -0.008 -15"><span class='ocrx_word' id='word_1_420' title='bbox 356 3334 499 3402; x_wconf 79' lang='grc' dir='ltr'>άπερ</span> <span class='ocrx_word' id='word_1_421' title='bbox 548 3331 776 3400; x_wconf 78' lang='grc' dir='ltr'>δόματα,</span> <span class='ocrx_word' id='word_1_422' title='bbox 825 3329 952 3390; x_wconf 80' lang='grc' dir='ltr'>τοὺς</span> <span class='ocrx_word' id='word_1_423' title='bbox 1013 3327 1414 3397; x_wconf 80' lang='grc' dir='ltr'>ὲνυπάρχοντας</span> <span class='ocrx_word' id='word_1_424' title='bbox 1463 3324 1625 3394; x_wconf 80' lang='grc' dir='ltr'>αὐτῇ.</span> <span class='ocrx_word' id='word_1_425' title='bbox 1659 3322 1798 3376; x_wconf 80' lang='grc' dir='ltr'>κατὰ</span> <span class='ocrx_word' id='word_1_426' title='bbox 1829 3320 1922 3375; x_wconf 74' lang='grc' dir='ltr'><strong>τὸν</strong></span> 
     </span>
    </p>
   </div>
   <div class='ocr_carea' id='block_1_65' title="bbox 356 3414 1919 3493">
    <p class='ocr_par' dir='ltr' id='par_1_65' title="bbox 356 3414 1919 3493">
     <span class='ocr_line' id='line_1_65' title="bbox 356 3414 1919 3493; baseline -0.008 -17"><span class='ocrx_word' id='word_1_427' title='bbox 356 3421 582 3493; x_wconf 70' lang='grc' dir='ltr'>φυσικὸν</span> <span class='ocrx_word' id='word_1_428' title='bbox 615 3421 778 3489; x_wconf 86' lang='grc' dir='ltr'>νόμον</span> <span class='ocrx_word' id='word_1_429' title='bbox 813 3419 950 3489; x_wconf 88' lang='grc' dir='ltr'>πρὸς</span> <span class='ocrx_word' id='word_1_430' title='bbox 1011 3417 1212 3489; x_wconf 83' lang='grc' dir='ltr'>ἀρετὴν</span> <span class='ocrx_word' id='word_1_431' title='bbox 1269 3417 1502 3487; x_wconf 84' lang='grc' dir='ltr'>τρόπους</span> <span class='ocrx_word' id='word_1_432' title='bbox 1555 3414 1919 3484; x_wconf 80' lang='grc' dir='ltr'>παρέχουσαν,</span> 
     </span>
    </p>
   </div>
   <div class='ocr_carea' id='block_1_66' title="bbox 358 3503 1924 3578">
    <p class='ocr_par' dir='ltr' id='par_1_66' title="bbox 358 3503 1924 3578">
     <span class='ocr_line' id='line_1_66' title="bbox 358 3503 1924 3578; baseline -0.009 -12"><span class='ocrx_word' id='word_1_433' title='bbox 358 3515 451 3566; x_wconf 70' lang='grc' dir='ltr'><strong>καὶ</strong></span> <span class='ocrx_word' id='word_1_434' title='bbox 477 3511 566 3564; x_wconf 73' lang='grc' dir='ltr'>διὰ</span> <span class='ocrx_word' id='word_1_435' title='bbox 589 3511 696 3563; x_wconf 88' lang='grc' dir='ltr'><strong>τῶν</strong></span> <span class='ocrx_word' id='word_1_436' title='bbox 731 3508 1057 3578; x_wconf 60' lang='grc' dir='ltr'>ἀμφοτέρων</span> <span class='ocrx_word' id='word_1_437' title='bbox 1095 3504 1466 3575; x_wconf 81' lang='grc' dir='ltr'>δεξιουμένην,</span> <span class='ocrx_word' id='word_1_438' title='bbox 1519 3504 1610 3556; x_wconf 82' lang='grc' dir='ltr'><strong>τὸν</strong></span> <span class='ocrx_word' id='word_1_439' title='bbox 1649 3503 1768 3556; x_wconf 82' lang='grc' dir='ltr'>κατ’</span> <span class='ocrx_word' id='word_1_440' title='bbox 1818 3503 1924 3570; x_wconf 86' lang='grc' dir='ltr'>άμ-</span> 
     </span>
    </p>
   </div>
   <div class='ocr_carea' id='block_1_67' title="bbox 319 3587 1922 3673">
    <p class='ocr_par' dir='ltr' id='par_1_67' title="bbox 319 3587 1922 3673">
     <span class='ocr_line' id='line_1_67' title="bbox 319 3587 1922 3673; baseline -0.009 -16"><span class='ocrx_word' id='word_1_441' title='bbox 319 3641 322 3643; x_wconf 92' lang='grc'><strong><em>-</em></strong></span> <span class='ocrx_word' id='word_1_442' title='bbox 359 3602 562 3673; x_wconf 74' lang='grc' dir='ltr'>φότερα</span> <span class='ocrx_word' id='word_1_443' title='bbox 595 3587 898 3671; x_wconf 79' lang='grc' dir='ltr'>κρατίστως</span> <span class='ocrx_word' id='word_1_444' title='bbox 942 3597 1249 3663; x_wconf 75' lang='grc' dir='ltr'>εὐδοκιμεῖν</span> <span class='ocrx_word' id='word_1_445' title='bbox 1270 3595 1601 3662; x_wconf 81' lang='grc' dir='ltr'>δυνάμενον·</span> <span class='ocrx_word' id='word_1_446' title='bbox 1666 3592 1814 3659; x_wconf 84' lang='grc' dir='ltr'>λέγω</span> <span class='ocrx_word' id='word_1_447' title='bbox 1844 3591 1922 3649; x_wconf 77' lang='grc' dir='ltr'><strong>δὲ,</strong></span> 
     </span>
    </p>
   </div>
   <div class='ocr_carea' id='block_1_68' title="bbox 358 3681 1926 3759">
    <p class='ocr_par' dir='ltr' id='par_1_68' title="bbox 358 3681 1926 3759">
     <span class='ocr_line' id='line_1_68' title="bbox 358 3681 1926 3759; baseline -0.01 -10"><span class='ocrx_word' id='word_1_448' title='bbox 358 3697 452 3749; x_wconf 70' lang='grc' dir='ltr'>τὸν</span> <span class='ocrx_word' id='word_1_449' title='bbox 478 3692 798 3759; x_wconf 77' lang='grc' dir='ltr'>κατὰλόγον</span> <span class='ocrx_word' id='word_1_450' title='bbox 847 3689 942 3743; x_wconf 74' lang='grc' dir='ltr'><strong>καὶ</strong></span> <span class='ocrx_word' id='word_1_451' title='bbox 975 3688 1109 3757; x_wconf 77' lang='grc' dir='ltr'>βίον,</span> <span class='ocrx_word' id='word_1_452' title='bbox 1142 3685 1229 3739; x_wconf 79' lang='grc' dir='ltr'>διὰ</span> <span class='ocrx_word' id='word_1_453' title='bbox 1281 3683 1533 3755; x_wconf 77' lang='grc' dir='ltr'>πράξεώς</span> <span class='ocrx_word' id='word_1_454' title='bbox 1570 3701 1630 3736; x_wconf 86' lang='grc' dir='ltr'><strong>τε</strong></span> <span class='ocrx_word' id='word_1_455' title='bbox 1667 3682 1762 3736; x_wconf 68' lang='grc' dir='ltr'>καὶ</span> <span class='ocrx_word' id='word_1_456' title='bbox 1791 3681 1926 3734; x_wconf 86' lang='grc' dir='ltr'>θεω-</span> 
     </span>
    </p>
   </div>
   <div class='ocr_carea' id='block_1_69' title="bbox 361 3775 1348 3862">
    <p class='ocr_par' dir='ltr' id='par_1_69' title="bbox 361 3775 1348 3862">
     <span class='ocr_line' id='line_1_69' title="bbox 361 3775 1348 3862; baseline -0.012 -21"><span class='ocrx_word' id='word_1_457' title='bbox 361 3787 480 3857; x_wconf 66' lang='grc' dir='ltr'>ρίας</span> <span class='ocrx_word' id='word_1_458' title='bbox 506 3781 856 3862; x_wconf 78' lang='grc' dir='ltr'>τελειωθέντα</span> <span class='ocrx_word' id='word_1_459' title='bbox 887 3778 1174 3850; x_wconf 79' lang='grc' dir='ltr'>φιλόσοφον</span> <span class='ocrx_word' id='word_1_460' title='bbox 1206 3775 1348 3830; x_wconf 83' lang='grc' dir='ltr'>νοῦν.</span> 
     </span>
    </p>
   </div>
   <div class='ocr_carea' id='block_1_70' title="bbox 430 3881 1926 3966">
    <p class='ocr_par' dir='ltr' id='par_1_70' title="bbox 430 3881 1926 3966">
     <span class='ocr_line' id='line_1_70' title="bbox 430 3881 1926 3966; baseline -0.013 -15"><span class='ocrx_word' id='word_1_461' title='bbox 430 3903 537 3966; x_wconf 65' lang='grc' dir='ltr'>ιιην.</span> <span class='ocrx_word' id='word_1_462' title='bbox 578 3894 747 3950; x_wconf 85' lang='grc' dir='ltr'>Ὁδιὰ</span> <span class='ocrx_word' id='word_1_463' title='bbox 773 3892 1024 3964; x_wconf 77' lang='grc' dir='ltr'>πράξεως</span> <span class='ocrx_word' id='word_1_464' title='bbox 1057 3889 1151 3943; x_wconf 72' lang='grc' dir='ltr'><strong>καὶ</strong></span> <span class='ocrx_word' id='word_1_465' title='bbox 1179 3888 1415 3958; x_wconf 82' lang='grc' dir='ltr'>θεωρίας</span> <span class='ocrx_word' id='word_1_466' title='bbox 1443 3881 1798 3955; x_wconf 80' lang='grc' dir='ltr'>κατορθώσας</span> <span class='ocrx_word' id='word_1_467' title='bbox 1845 3882 1926 3946; x_wconf 82' lang='grc' dir='ltr'><strong>είς</strong></span> 
     </span>
    </p>
   </div>
   <div class='ocr_carea' id='block_1_71' title="bbox 358 3971 1928 4059">
    <p class='ocr_par' dir='ltr' id='par_1_71' title="bbox 358 3971 1928 4059">
     <span class='ocr_line' id='line_1_71' title="bbox 358 3971 1928 4059; baseline -0.013 -16"><span class='ocrx_word' id='word_1_468' title='bbox 358 3990 528 4059; x_wconf 78' lang='grc' dir='ltr'>ἄκρον</span> <span class='ocrx_word' id='word_1_469' title='bbox 554 3987 654 4058; x_wconf 82' lang='grc' dir='ltr'>τὴν</span> <span class='ocrx_word' id='word_1_470' title='bbox 681 3985 884 4057; x_wconf 85' lang='grc' dir='ltr'>ἀρετὴν</span> <span class='ocrx_word' id='word_1_471' title='bbox 912 3985 1007 4037; x_wconf 75' lang='grc' dir='ltr'><strong>καὶ</strong></span> <span class='ocrx_word' id='word_1_472' title='bbox 1048 3983 1150 4050; x_wconf 82' lang='grc' dir='ltr'>τὴν</span> <span class='ocrx_word' id='word_1_473' title='bbox 1191 3979 1413 4048; x_wconf 86' lang='grc' dir='ltr'>γνῶσιν,</span> <span class='ocrx_word' id='word_1_474' title='bbox 1445 3977 1670 4037; x_wconf 79' lang='grc' dir='ltr'>εἰκότως</span> <span class='ocrx_word' id='word_1_475' title='bbox 1698 3971 1928 4044; x_wconf 80' lang='grc' dir='ltr'>ὑπεραί-</span> 
     </span>
    </p>
   </div>
   <div class='ocr_carea' id='block_1_72' title="bbox 355 4063 1928 4153">
    <p class='ocr_par' dir='ltr' id='par_1_72' title="bbox 355 4063 1928 4153">
     <span class='ocr_line' id='line_1_72' title="bbox 355 4063 1928 4153; baseline -0.012 -18"><span class='ocrx_word' id='word_1_476' title='bbox 355 4097 518 4153; x_wconf 68' lang='lat' dir='ltr'><strong>petat</strong></span> <span class='ocrx_word' id='word_1_477' title='bbox 563 4079 802 4140; x_wconf 85' lang='grc' dir='ltr'>πάντων,</span> <span class='ocrx_word' id='word_1_478' title='bbox 849 4073 962 4128; x_wconf 88' lang='grc' dir='ltr'><strong>τῶν</strong></span> <span class='ocrx_word' id='word_1_479' title='bbox 1010 4069 1291 4142; x_wconf 72' lang='grc' dir='ltr'>σαρκικῶν</span> <span class='ocrx_word' id='word_1_480' title='bbox 1335 4068 1429 4122; x_wconf 82' lang='grc' dir='ltr'>καὶ</span> <span class='ocrx_word' id='word_1_481' title='bbox 1484 4063 1928 4134; x_wconf 75' lang='grc' dir='ltr'>διαϐεϐλημένων</span> 
     </span>
    </p>
   </div>
   <div class='ocr_carea' id='block_1_73' title="bbox 363 4154 1930 4240">
    <p class='ocr_par' dir='ltr' id='par_1_73' title="bbox 363 4154 1930 4240">
     <span class='ocr_line' id='line_1_73' title="bbox 363 4154 1930 4240; baseline -0.012 -14"><span class='ocrx_word' id='word_1_482' title='bbox 363 4171 551 4226; x_wconf 86' lang='grc' dir='ltr'>παθῶν</span> <span class='ocrx_word' id='word_1_483' title='bbox 579 4167 834 4240; x_wconf 85' lang='grc' dir='ltr'>ὑπεράνω</span> <span class='ocrx_word' id='word_1_484' title='bbox 863 4163 1006 4218; x_wconf 84' lang='grc' dir='ltr'>κατὰ</span> <span class='ocrx_word' id='word_1_485' title='bbox 1023 4163 1121 4234; x_wconf 86' lang='grc' dir='ltr'>τὴν</span> <span class='ocrx_word' id='word_1_486' title='bbox 1145 4161 1343 4230; x_wconf 79' lang='grc' dir='ltr'>πρᾶξιν</span> <span class='ocrx_word' id='word_1_487' title='bbox 1365 4159 1668 4229; x_wconf 86' lang='grc' dir='ltr'>γινόμενος,</span> <span class='ocrx_word' id='word_1_488' title='bbox 1701 4155 1796 4209; x_wconf 69' lang='grc' dir='ltr'>καὶ</span> <span class='ocrx_word' id='word_1_489' title='bbox 1823 4154 1930 4208; x_wconf 90' lang='grc' dir='ltr'><strong>τῶν</strong></span> 
     </span>
    </p>
   </div>
   <div class='ocr_carea' id='block_1_74' title="bbox 2017 3051 3592 3125">
    <p class='ocr_par' dir='ltr' id='par_1_74' title="bbox 2017 3051 3592 3125">
     <span class='ocr_line' id='line_1_74' title="bbox 2017 3051 3592 3125; baseline 0.001 -16"><span class='ocrx_word' id='word_1_490' title='bbox 2017 3055 2312 3109; x_wconf 78' lang='lat' dir='ltr'><strong>obnoxiam</strong></span> <span class='ocrx_word' id='word_1_491' title='bbox 2342 3053 2540 3118; x_wconf 86' lang='lat' dir='ltr'><strong>habet;</strong></span> <span class='ocrx_word' id='word_1_492' title='bbox 2572 3067 2693 3123; x_wconf 70' lang='lat' dir='ltr'><strong>qua:</strong></span> <span class='ocrx_word' id='word_1_493' title='bbox 2717 3067 2816 3122; x_wconf 89' lang='lat' dir='ltr'><strong>per</strong></span> <span class='ocrx_word' id='word_1_494' title='bbox 2837 3051 3040 3106; x_wconf 85' lang='lat' dir='ltr'><strong>formas</strong></span> <span class='ocrx_word' id='word_1_495' title='bbox 3068 3052 3214 3108; x_wconf 87' lang='lat' dir='ltr'><strong>illam</strong></span> <span class='ocrx_word' id='word_1_496' title='bbox 3235 3055 3592 3125; x_wconf 84' lang='lat' dir='ltr'><strong>complentes,</strong></span> 
     </span>
    </p>
   </div>
   <div class='ocr_carea' id='block_1_75' title="bbox 2021 3145 3594 3216">
    <p class='ocr_par' dir='ltr' id='par_1_75' title="bbox 2021 3145 3594 3216">
     <span class='ocr_line' id='line_1_75' title="bbox 2021 3145 3594 3216; baseline 0.003 -16"><span class='ocrx_word' id='word_1_497' title='bbox 2021 3146 2170 3201; x_wconf 86' lang='lat' dir='ltr'><strong>illius</strong></span> <span class='ocrx_word' id='word_1_498' title='bbox 2205 3162 2391 3216; x_wconf 89' lang='lat' dir='ltr'><strong>opera,</strong></span> <span class='ocrx_word' id='word_1_499' title='bbox 2422 3146 2699 3216; x_wconf 86' lang='lat' dir='ltr'><strong>spiritales</strong></span> <span class='ocrx_word' id='word_1_500' title='bbox 2744 3146 2799 3199; x_wconf 91' lang='lat' dir='ltr'><strong>in</strong></span> <span class='ocrx_word' id='word_1_501' title='bbox 2828 3159 2893 3199; x_wconf 88' lang='lat' dir='ltr'><strong>ea</strong></span> <span class='ocrx_word' id='word_1_502' title='bbox 2940 3145 3182 3202; x_wconf 66' lang='lat' dir='ltr'><strong>scientiae</strong></span> <span class='ocrx_word' id='word_1_503' title='bbox 3211 3150 3451 3204; x_wconf 85' lang='lat' dir='ltr'><strong>rationes</strong></span> <span class='ocrx_word' id='word_1_504' title='bbox 3479 3158 3594 3204; x_wconf 88' lang='lat' dir='ltr'><strong>tan-</strong></span> 
     </span>
    </p>
   </div>
   <div class='ocr_carea' id='block_1_76' title="bbox 2020 3236 3597 3311">
    <p class='ocr_par' dir='ltr' id='par_1_76' title="bbox 2020 3236 3597 3311">
     <span class='ocr_line' id='line_1_76' title="bbox 2020 3236 3597 3311; baseline 0.003 -19"><span class='ocrx_word' id='word_1_505' title='bbox 2020 3254 2184 3308; x_wconf 87' lang='lat' dir='ltr'><strong>quam</strong></span> <span class='ocrx_word' id='word_1_506' title='bbox 2214 3238 2379 3303; x_wconf 89' lang='lat' dir='ltr'><strong>dona,</strong></span> <span class='ocrx_word' id='word_1_507' title='bbox 2421 3239 2534 3293; x_wconf 87' lang='lat' dir='ltr'><strong>Deo</strong></span> <span class='ocrx_word' id='word_1_508' title='bbox 2566 3238 2764 3292; x_wconf 83' lang='lat' dir='ltr'><strong>oti&#39;erat</strong></span> <span class='ocrx_word' id='word_1_509' title='bbox 2791 3237 2871 3304; x_wconf 71' lang='lat'><strong>7&#39;;</strong></span> <span class='ocrx_word' id='word_1_510' title='bbox 2901 3236 2977 3292; x_wconf 89' lang='lat' dir='ltr'><strong>illi</strong></span> <span class='ocrx_word' id='word_1_511' title='bbox 3013 3253 3140 3293; x_wconf 84' lang='lat' dir='ltr'><strong>vero</strong></span> <span class='ocrx_word' id='word_1_512' title='bbox 3173 3247 3429 3311; x_wconf 87' lang='lat' dir='ltr'><strong>tanquam</strong></span> <span class='ocrx_word' id='word_1_513' title='bbox 3471 3258 3597 3297; x_wconf 88' lang='lat' dir='ltr'><strong>mu-</strong></span> 
     </span>
    </p>
   </div>
   <div class='ocr_carea' id='block_1_77' title="bbox 2023 3327 3597 3404">
    <p class='ocr_par' dir='ltr' id='par_1_77' title="bbox 2023 3327 3597 3404">
     <span class='ocr_line' id='line_1_77' title="bbox 2023 3327 3597 3404; baseline 0.003 -20"><span class='ocrx_word' id='word_1_514' title='bbox 2023 3345 2177 3392; x_wconf 87' lang='lat' dir='ltr'><strong>nera,</strong></span> <span class='ocrx_word' id='word_1_515' title='bbox 2197 3331 2525 3384; x_wconf 77' lang='lat' dir='ltr'><strong>exsistentes</strong></span> <span class='ocrx_word' id='word_1_516' title='bbox 2547 3327 2708 3398; x_wconf 79' lang='lat'><strong>557</strong></span> <span class='ocrx_word' id='word_1_517' title='bbox 2733 3328 2789 3382; x_wconf 91' lang='lat' dir='ltr'><strong>in</strong></span> <span class='ocrx_word' id='word_1_518' title='bbox 2813 3343 2878 3383; x_wconf 89' lang='lat' dir='ltr'><strong>ea</strong></span> <span class='ocrx_word' id='word_1_519' title='bbox 2905 3329 3092 3384; x_wconf 88' lang='lat' dir='ltr'><strong>virtuti</strong></span> <span class='ocrx_word' id='word_1_520' title='bbox 3114 3341 3473 3401; x_wconf 88' lang='lat' dir='ltr'><strong>comparatos,</strong></span> <span class='ocrx_word' id='word_1_521' title='bbox 3497 3347 3597 3404; x_wconf 90' lang='lat' dir='ltr'><strong>pro</strong></span> 
     </span>
    </p>
   </div>
   <div class='ocr_carea' id='block_1_78' title="bbox 2023 3419 3599 3495">
    <p class='ocr_par' dir='ltr' id='par_1_78' title="bbox 2023 3419 3599 3495">
     <span class='ocr_line' id='line_1_78' title="bbox 2023 3419 3599 3495; baseline 0.003 -20"><span class='ocrx_word' id='word_1_522' title='bbox 2023 3421 2291 3476; x_wconf 83' lang='lat' dir='ltr'><strong>naturalis</strong></span> <span class='ocrx_word' id='word_1_523' title='bbox 2331 3420 2467 3491; x_wconf 81' lang='lat' dir='ltr'><strong>legis</strong></span> <span class='ocrx_word' id='word_1_524' title='bbox 2499 3420 2730 3486; x_wconf 87' lang='lat' dir='ltr'><strong>ratione,</strong></span> <span class='ocrx_word' id='word_1_525' title='bbox 2761 3419 2952 3474; x_wconf 91' lang='lat' dir='ltr'><strong>modos</strong></span> <span class='ocrx_word' id='word_1_526' title='bbox 2997 3421 3220 3490; x_wconf 87' lang='lat' dir='ltr'><strong>pendat,</strong></span> <span class='ocrx_word' id='word_1_527' title='bbox 3261 3431 3318 3478; x_wconf 90' lang='lat' dir='ltr'><strong>et</strong></span> <span class='ocrx_word' id='word_1_528' title='bbox 3351 3425 3599 3495; x_wconf 89' lang='lat' dir='ltr'><strong>utrisque</strong></span> 
     </span>
    </p>
   </div>
   <div class='ocr_carea' id='block_1_79' title="bbox 2026 3507 3633 3584">
    <p class='ocr_par' dir='ltr' id='par_1_79' title="bbox 2026 3507 3633 3584">
     <span class='ocr_line' id='line_1_79' title="bbox 2026 3507 3633 3584; baseline 0.004 -21"><span class='ocrx_word' id='word_1_529' title='bbox 2026 3524 2154 3564; x_wconf 89' lang='lat' dir='ltr'><strong>eum</strong></span> <span class='ocrx_word' id='word_1_530' title='bbox 2209 3507 2491 3578; x_wconf 72' lang='lat' dir='ltr'><strong>magnifice</strong></span> <span class='ocrx_word' id='word_1_531' title='bbox 2539 3507 2738 3562; x_wconf 86' lang='lat' dir='ltr'><strong>habeat</strong></span> <span class='ocrx_word' id='word_1_532' title='bbox 2785 3521 2848 3562; x_wconf 93' lang='lat' dir='ltr'><strong>ac</strong></span> <span class='ocrx_word' id='word_1_533' title='bbox 2897 3507 3150 3578; x_wconf 88' lang='lat' dir='ltr'><strong>accipiat,</strong></span> <span class='ocrx_word' id='word_1_534' title='bbox 3201 3511 3297 3580; x_wconf 89' lang='lat' dir='ltr'><strong>qui</strong></span> <span class='ocrx_word' id='word_1_535' title='bbox 3343 3513 3633 3584; x_wconf 80' lang='lat' dir='ltr'><strong>utrinque</strong></span> 
     </span>
    </p>
   </div>
   <div class='ocr_carea' id='block_1_80' title="bbox 2027 3599 3598 3670">
    <p class='ocr_par' dir='ltr' id='par_1_80' title="bbox 2027 3599 3598 3670">
     <span class='ocr_line' id='line_1_80' title="bbox 2027 3599 3598 3670; baseline 0.004 -16"><span class='ocrx_word' id='word_1_536' title='bbox 2027 3608 2249 3654; x_wconf 85' lang='lat' dir='ltr'><strong>strenue</strong></span> <span class='ocrx_word' id='word_1_537' title='bbox 2281 3600 2588 3668; x_wconf 78' lang='lat' dir='ltr'><strong>eximieque</strong></span> <span class='ocrx_word' id='word_1_538' title='bbox 2621 3599 2833 3654; x_wconf 87' lang='lat' dir='ltr'><strong>clarere</strong></span> <span class='ocrx_word' id='word_1_539' title='bbox 2860 3600 3058 3665; x_wconf 87' lang='lat' dir='ltr'><strong>valeat,</strong></span> <span class='ocrx_word' id='word_1_540' title='bbox 3087 3601 3357 3670; x_wconf 88' lang='lat' dir='ltr'><strong>ejusmodi</strong></span> <span class='ocrx_word' id='word_1_541' title='bbox 3391 3606 3598 3661; x_wconf 84' lang='lat' dir='ltr'><strong>scilicet</strong></span> 
     </span>
    </p>
   </div>
   <div class='ocr_carea' id='block_1_81' title="bbox 2028 3681 3600 3761">
    <p class='ocr_par' dir='ltr' id='par_1_81' title="bbox 2028 3681 3600 3761">
     <span class='ocr_line' id='line_1_81' title="bbox 2028 3681 3600 3761; baseline 0.003 -15"><span class='ocrx_word' id='word_1_542' title='bbox 2028 3681 2432 3760; x_wconf 53' lang='lat' dir='ltr'><strong>animum,&#39;qui</strong></span> <span class='ocrx_word' id='word_1_543' title='bbox 2479 3690 2693 3745; x_wconf 86' lang='lat' dir='ltr'><strong>ratione</strong></span> <span class='ocrx_word' id='word_1_544' title='bbox 2726 3698 2783 3745; x_wconf 91' lang='lat' dir='ltr'><strong>et</strong></span> <span class='ocrx_word' id='word_1_545' title='bbox 2817 3691 2926 3744; x_wconf 84' lang='lat' dir='ltr'><strong>vita</strong></span> <span class='ocrx_word' id='word_1_546' title='bbox 2947 3731 2961 3754; x_wconf 93' lang='lat'><strong>,</strong></span> <span class='ocrx_word' id='word_1_547' title='bbox 3012 3691 3337 3761; x_wconf 88' lang='lat' dir='ltr'><strong>actioneque</strong></span> <span class='ocrx_word' id='word_1_548' title='bbox 3369 3708 3432 3748; x_wconf 89' lang='lat' dir='ltr'><strong>ac</strong></span> <span class='ocrx_word' id='word_1_549' title='bbox 3466 3710 3600 3750; x_wconf 85' lang='lat' dir='ltr'><strong>con-</strong></span> 
     </span>
    </p>
   </div>
   <div class='ocr_carea' id='block_1_82' title="bbox 2030 3780 3316 3852">
    <p class='ocr_par' dir='ltr' id='par_1_82' title="bbox 2030 3780 3316 3852">
     <span class='ocr_line' id='line_1_82' title="bbox 2030 3780 3316 3852; baseline 0 -16"><span class='ocrx_word' id='word_1_550' title='bbox 2030 3781 2386 3851; x_wconf 89' lang='lat' dir='ltr'><strong>templatione</strong></span> <span class='ocrx_word' id='word_1_551' title='bbox 2409 3780 2648 3850; x_wconf 74' lang='lat' dir='ltr'><strong>perfecte</strong></span> <span class='ocrx_word' id='word_1_552' title='bbox 2676 3781 3020 3851; x_wconf 85' lang='lat' dir='ltr'><strong>philosophia</strong></span> <span class='ocrx_word' id='word_1_553' title='bbox 3045 3782 3263 3852; x_wconf 87' lang='lat' dir='ltr'><strong>polleat.</strong></span> <span class='ocrx_word' id='word_1_554' title='bbox 3313 3845 3316 3850; x_wconf 30' lang='grc' dir='ltr'><strong>η</strong></span> 
     </span>
    </p>
   </div>
   <div class='ocr_carea' id='block_1_83' title="bbox 2101 3892 3600 3958">
    <p class='ocr_par' dir='ltr' id='par_1_83' title="bbox 2101 3892 3600 3958">
     <span class='ocr_line' id='line_1_83' title="bbox 2101 3892 3600 3958; baseline 0.001 -10"><span class='ocrx_word' id='word_1_555' title='bbox 2101 3892 2189 3948; x_wconf 88' lang='lat'><strong>98.</strong></span> <span class='ocrx_word' id='word_1_556' title='bbox 2224 3892 2327 3958; x_wconf 87' lang='lat' dir='ltr'><strong>Qui</strong></span> <span class='ocrx_word' id='word_1_557' title='bbox 2369 3907 2636 3948; x_wconf 89' lang='lat' dir='ltr'><strong>summam</strong></span> <span class='ocrx_word' id='word_1_558' title='bbox 2669 3892 2887 3948; x_wconf 89' lang='lat' dir='ltr'><strong>virtu-tis</strong></span> <span class='ocrx_word' id='word_1_559' title='bbox 2915 3907 2979 3948; x_wconf 89' lang='lat' dir='ltr'><strong>ac</strong></span> <span class='ocrx_word' id='word_1_560' title='bbox 3009 3892 3252 3949; x_wconf 61' lang='lat' dir='ltr'><strong>scientiae</strong></span> <span class='ocrx_word' id='word_1_561' title='bbox 3292 3895 3401 3948; x_wconf 93' lang='lat' dir='ltr'><strong>vim</strong></span> <span class='ocrx_word' id='word_1_562' title='bbox 3433 3897 3600 3952; x_wconf 81' lang='lat' dir='ltr'><strong>actio-</strong></span> 
     </span>
    </p>
   </div>
   <div class='ocr_carea' id='block_1_84' title="bbox 2029 3983 3598 4056">
    <p class='ocr_par' dir='ltr' id='par_1_84' title="bbox 2029 3983 3598 4056">
     <span class='ocr_line' id='line_1_84' title="bbox 2029 3983 3598 4056; baseline 0.004 -18"><span class='ocrx_word' id='word_1_563' title='bbox 2029 3983 2115 4039; x_wconf 90' lang='lat' dir='ltr'><strong>nis</strong></span> <span class='ocrx_word' id='word_1_564' title='bbox 2147 3985 2297 4039; x_wconf 90' lang='lat' dir='ltr'><strong>cultu</strong></span> <span class='ocrx_word' id='word_1_565' title='bbox 2336 3984 2673 4054; x_wconf 86' lang='lat' dir='ltr'><strong>adimplevit,</strong></span> <span class='ocrx_word' id='word_1_566' title='bbox 2700 3985 2900 4039; x_wconf 88' lang='lat' dir='ltr'><strong>merito</strong></span> <span class='ocrx_word' id='word_1_567' title='bbox 2922 3985 3224 4055; x_wconf 81' lang='lat' dir='ltr'><strong>exaltatur‘;</strong></span> <span class='ocrx_word' id='word_1_568' title='bbox 3259 4003 3454 4056; x_wconf 87' lang='lat' dir='ltr'><strong>nempe</strong></span> <span class='ocrx_word' id='word_1_569' title='bbox 3477 4005 3598 4044; x_wconf 89' lang='lat' dir='ltr'><strong>car—</strong></span> 
     </span>
    </p>
   </div>
   <div class='ocr_carea' id='block_1_85' title="bbox 2030 4075 3602 4147">
    <p class='ocr_par' dir='ltr' id='par_1_85' title="bbox 2030 4075 3602 4147">
     <span class='ocr_line' id='line_1_85' title="bbox 2030 4075 3602 4147; baseline 0.001 -16"><span class='ocrx_word' id='word_1_570' title='bbox 2030 4075 2248 4131; x_wconf 82' lang='lat' dir='ltr'><strong>nalibus</strong></span> <span class='ocrx_word' id='word_1_571' title='bbox 2273 4091 2339 4131; x_wconf 91' lang='lat' dir='ltr'><strong>ac</strong></span> <span class='ocrx_word' id='word_1_572' title='bbox 2371 4077 2464 4147; x_wconf 83' lang='lat' dir='ltr'><strong>qui</strong></span> <span class='ocrx_word' id='word_1_573' title='bbox 2495 4076 2630 4130; x_wconf 90' lang='lat' dir='ltr'><strong>vitio</strong></span> <span class='ocrx_word' id='word_1_574' title='bbox 2669 4077 2897 4140; x_wconf 74' lang='lat' dir='ltr'><strong>luerent,</strong></span> <span class='ocrx_word' id='word_1_575' title='bbox 2944 4076 3250 4142; x_wconf 74' lang='lat' dir='ltr'><strong>affectibus,</strong></span> <span class='ocrx_word' id='word_1_576' title='bbox 3290 4088 3388 4147; x_wconf 88' lang='lat' dir='ltr'><strong>per</strong></span> <span class='ocrx_word' id='word_1_577' title='bbox 3431 4079 3602 4134; x_wconf 88' lang='lat' dir='ltr'><strong>actio-</strong></span> 
     </span>
    </p>
   </div>
   <div class='ocr_carea' id='block_1_86' title="bbox 2031 4166 3603 4241">
    <p class='ocr_par' dir='ltr' id='par_1_86' title="bbox 2031 4166 3603 4241">
     <span class='ocr_line' id='line_1_86' title="bbox 2031 4166 3603 4241; baseline 0.002 -21"><span class='ocrx_word' id='word_1_578' title='bbox 2031 4180 2157 4220; x_wconf 90' lang='lat' dir='ltr'><strong>nem</strong></span> <span class='ocrx_word' id='word_1_579' title='bbox 2199 4166 2451 4236; x_wconf 88' lang='lat' dir='ltr'><strong>superior</strong></span> <span class='ocrx_word' id='word_1_580' title='bbox 2491 4166 2738 4230; x_wconf 80' lang='lat' dir='ltr'><strong>eii‘ectus,</strong></span> <span class='ocrx_word' id='word_1_581' title='bbox 2776 4167 3229 4237; x_wconf 87' lang='lat' dir='ltr'><strong>naturalibusque</strong></span> <span class='ocrx_word' id='word_1_582' title='bbox 3271 4169 3355 4240; x_wconf 92' lang='lat' dir='ltr'><strong>(ut</strong></span> <span class='ocrx_word' id='word_1_583' title='bbox 3384 4172 3603 4241; x_wconf 86' lang='lat' dir='ltr'><strong>vocant)</strong></span> 
     </span>
    </p>
   </div>
   <div class='ocr_carea' id='block_1_87' title="bbox 366 4245 1914 4344">
    <p class='ocr_par' dir='ltr' id='par_1_87' title="bbox 366 4245 1914 4344">
     <span class='ocr_line' id='line_1_87' title="bbox 366 4245 1914 4344; baseline -0.01 -29"><span class='ocrx_word' id='word_1_584' title='bbox 366 4261 612 4333; x_wconf 78' lang='grc' dir='ltr'>φυσικῶν</span> <span class='ocrx_word' id='word_1_585' title='bbox 640 4257 947 4327; x_wconf 87' lang='grc' dir='ltr'>λεγομένων</span> <span class='ocrx_word' id='word_1_586' title='bbox 971 4255 1257 4324; x_wconf 85' lang='grc' dir='ltr'>σωμάτων,</span> <span class='ocrx_word' id='word_1_587' title='bbox 1284 4252 1428 4320; x_wconf 85' lang='grc' dir='ltr'>λέγω</span> <span class='ocrx_word' id='word_1_588' title='bbox 1455 4251 1540 4321; x_wconf 84' lang='grc' dir='ltr'>δὴ,</span> <span class='ocrx_word' id='word_1_589' title='bbox 1575 4247 1683 4302; x_wconf 86' lang='grc' dir='ltr'><strong>τῶν</strong></span> <span class='ocrx_word' id='word_1_590' title='bbox 1709 4247 1814 4300; x_wconf 79' lang='grc' dir='ltr'>ὑπὸ</span> <span class='ocrx_word' id='word_1_591' title='bbox 1841 4245 1914 4344; x_wconf 71' lang='grc' dir='ltr'>γέ-</span> 
     </span>
    </p>
   </div>
   <div class='ocr_carea' id='block_1_88' title="bbox 2016 4245 3604 4344">
    <p class='ocr_par' dir='ltr' id='par_1_88' title="bbox 2033 4254 3604 4325">
     <span class='ocr_line' id='line_1_88' title="bbox 2033 4254 3604 4325; baseline 0.001 -15"><span class='ocrx_word' id='word_1_592' title='bbox 2033 4254 2375 4325; x_wconf 70' lang='lat' dir='ltr'><strong>corporibus,</strong></span> <span class='ocrx_word' id='word_1_593' title='bbox 2401 4271 2522 4325; x_wconf 70' lang='lat' dir='ltr'><strong>qua:</strong></span> <span class='ocrx_word' id='word_1_594' title='bbox 2550 4255 2760 4310; x_wconf 88' lang='lat' dir='ltr'><strong>scilicet</strong></span> <span class='ocrx_word' id='word_1_595' title='bbox 2783 4255 3030 4309; x_wconf 89' lang='lat' dir='ltr'><strong>oriantur</strong></span> <span class='ocrx_word' id='word_1_596' title='bbox 3057 4270 3121 4310; x_wconf 88' lang='lat' dir='ltr'><strong>ac</strong></span> <span class='ocrx_word' id='word_1_597' title='bbox 3148 4256 3455 4324; x_wconf 87' lang='lat' dir='ltr'><strong>intereant;</strong></span> <span class='ocrx_word' id='word_1_598' title='bbox 3485 4274 3604 4312; x_wconf 89' lang='lat' dir='ltr'><strong>om-</strong></span> 
     </span>
    </p>
   </div>
   <div class='ocr_carea' id='block_1_89' title="bbox 366 4335 1931 4414">
    <p class='ocr_par' dir='ltr' id='par_1_89' title="bbox 366 4335 1931 4414">
     <span class='ocr_line' id='line_1_89' title="bbox 366 4335 1931 4414; baseline -0.011 -9"><span class='ocrx_word' id='word_1_599' title='bbox 366 4369 512 4407; x_wconf 85' lang='grc' dir='ltr'>νεσιν</span> <span class='ocrx_word' id='word_1_600' title='bbox 555 4347 724 4401; x_wconf 74' lang='grc' dir='ltr'>ὄντων</span> <span class='ocrx_word' id='word_1_601' title='bbox 775 4346 868 4399; x_wconf 77' lang='grc' dir='ltr'>καὶ</span> <span class='ocrx_word' id='word_1_602' title='bbox 896 4344 1129 4414; x_wconf 85' lang='grc' dir='ltr'>φθοράν·</span> <span class='ocrx_word' id='word_1_603' title='bbox 1189 4344 1285 4397; x_wconf 66' lang='lat' dir='ltr'><strong>xui.</strong></span> <span class='ocrx_word' id='word_1_604' title='bbox 1334 4341 1542 4406; x_wconf 81' lang='grc' dir='ltr'>ἁπλῶς,</span> <span class='ocrx_word' id='word_1_605' title='bbox 1573 4339 1662 4393; x_wconf 81' lang='grc' dir='ltr'><strong>ἵνα</strong></span> <span class='ocrx_word' id='word_1_606' title='bbox 1693 4335 1931 4390; x_wconf 86' lang='grc' dir='ltr'>συνελὼν</span> 
     </span>
    </p>
   </div>
   <div class='ocr_carea' id='block_1_90' title="bbox 367 4419 1934 4504">
    <p class='ocr_par' dir='ltr' id='par_1_90' title="bbox 367 4432 1934 4504">
     <span class='ocr_line' id='line_1_90' title="bbox 367 4432 1934 4504; baseline -0.006 -10"><span class='ocrx_word' id='word_1_607' title='bbox 367 4442 524 4502; x_wconf 81' lang='grc' dir='ltr'>εἴπω,</span> <span class='ocrx_word' id='word_1_608' title='bbox 588 4437 805 4492; x_wconf 86' lang='grc' dir='ltr'>πάντων</span> <span class='ocrx_word' id='word_1_609' title='bbox 852 4436 961 4489; x_wconf 90' lang='grc' dir='ltr'><strong>τῶν</strong></span> <span class='ocrx_word' id='word_1_610' title='bbox 994 4435 1099 4488; x_wconf 84' lang='grc' dir='ltr'>ὑπὸ</span> <span class='ocrx_word' id='word_1_611' title='bbox 1147 4432 1608 4504; x_wconf 81' lang='grc' dir='ltr'>αἴσθησινείδῶν,</span> <span class='ocrx_word' id='word_1_612' title='bbox 1659 4433 1802 4487; x_wconf 80' lang='grc' dir='ltr'>κατὰ</span> <span class='ocrx_word' id='word_1_613' title='bbox 1834 4432 1934 4502; x_wconf 80' lang='grc' dir='ltr'>τὴν</span> 
     </span>
    </p>
   </div>
   <div class='ocr_carea' id='block_1_91' title="bbox 369 4515 1932 4601">
    <p class='ocr_par' dir='ltr' id='par_1_91' title="bbox 369 4515 1932 4601">
     <span class='ocr_line' id='line_1_91' title="bbox 369 4515 1932 4601; baseline -0.007 -15"><span class='ocrx_word' id='word_1_614' title='bbox 369 4515 620 4601; x_wconf 83' lang='grc' dir='ltr'>θεωρίαν,</span> <span class='ocrx_word' id='word_1_615' title='bbox 650 4529 775 4591; x_wconf 78' lang='grc' dir='ltr'>τοὺς</span> <span class='ocrx_word' id='word_1_616' title='bbox 812 4530 872 4581; x_wconf 84' lang='grc' dir='ltr'>ὲν</span> <span class='ocrx_word' id='word_1_617' title='bbox 919 4527 1106 4589; x_wconf 81' lang='grc' dir='ltr'>αὐτοῖς</span> <span class='ocrx_word' id='word_1_618' title='bbox 1153 4525 1362 4588; x_wconf 81' lang='grc' dir='ltr'>πάντας</span> <span class='ocrx_word' id='word_1_619' title='bbox 1393 4523 1713 4593; x_wconf 84' lang='grc' dir='ltr'>γνωστικῶς</span> <span class='ocrx_word' id='word_1_620' title='bbox 1741 4523 1932 4577; x_wconf 80' lang='grc' dir='ltr'>διαπε-</span> 
     </span>
    </p>
   </div>
   <div class='ocr_carea' id='block_1_92' title="bbox 371 4613 1933 4693">
    <p class='ocr_par' dir='ltr' id='par_1_92' title="bbox 371 4613 1933 4693">
     <span class='ocr_line' id='line_1_92' title="bbox 371 4613 1933 4693; baseline -0.006 -17"><span class='ocrx_word' id='word_1_621' title='bbox 371 4622 541 4693; x_wconf 85' lang='grc' dir='ltr'>ράσας</span> <span class='ocrx_word' id='word_1_622' title='bbox 570 4619 780 4687; x_wconf 87' lang='grc' dir='ltr'>λόγους,</span> <span class='ocrx_word' id='word_1_623' title='bbox 814 4617 907 4670; x_wconf 77' lang='grc' dir='ltr'><strong>τὸν</strong></span> <span class='ocrx_word' id='word_1_624' title='bbox 935 4616 1059 4672; x_wconf 79' lang='grc' dir='ltr'>νοῦν</span> <span class='ocrx_word' id='word_1_625' title='bbox 1087 4617 1115 4669; x_wconf 84' lang='grc' dir='ltr'><strong>ὁ</strong></span> <span class='ocrx_word' id='word_1_626' title='bbox 1145 4613 1386 4678; x_wconf 78' lang='grc' dir='ltr'>τοιοῦτος</span> <span class='ocrx_word' id='word_1_627' title='bbox 1430 4615 1568 4686; x_wconf 74' lang='grc' dir='ltr'>πρὸς</span> <span class='ocrx_word' id='word_1_628' title='bbox 1593 4621 1662 4668; x_wconf 80' lang='grc' dir='ltr'><strong>τα</strong></span> <span class='ocrx_word' id='word_1_629' title='bbox 1696 4614 1933 4686; x_wconf 80' lang='grc' dir='ltr'>συγγενῆ</span> 
     </span>
    </p>
   </div>
   <div class='ocr_carea' id='block_1_93' title="bbox 369 4712 1510 4781">
    <p class='ocr_par' dir='ltr' id='par_1_93' title="bbox 369 4712 1510 4781">
     <span class='ocr_line' id='line_1_93' title="bbox 369 4712 1510 4781; baseline -0.008 -13"><span class='ocrx_word' id='word_1_630' title='bbox 369 4715 461 4768; x_wconf 69' lang='grc' dir='ltr'>καὶ</span> <span class='ocrx_word' id='word_1_631' title='bbox 490 4713 606 4766; x_wconf 83' lang='grc' dir='ltr'>θεῖα</span> <span class='ocrx_word' id='word_1_632' title='bbox 632 4712 759 4781; x_wconf 66' lang='grc' dir='ltr'>ἀνήγ</span> <span class='ocrx_word' id='word_1_633' title='bbox 774 4725 925 4777; x_wconf 88' lang='grc' dir='ltr'>αγεν.</span> <span class='ocrx_word' id='word_1_634' title='bbox 1508 4719 1510 4722; x_wconf 81' lang='lat'>&#39;</span> 
     </span>
    </p>
   </div>
   <div class='ocr_carea' id='block_1_94' title="bbox 440 4819 1936 4892">
    <p class='ocr_par' dir='ltr' id='par_1_94' title="bbox 440 4819 1936 4892">
     <span class='ocr_line' id='line_1_94' title="bbox 440 4819 1936 4892; baseline -0.001 -15"><span class='ocrx_word' id='word_1_635' title='bbox 440 4823 544 4891; x_wconf 45' lang='grc' dir='ltr'><strong>ἥθ’.</strong></span> <span class='ocrx_word' id='word_1_636' title='bbox 586 4825 644 4876; x_wconf 86' lang='lat'><strong>&#39;0</strong></span> <span class='ocrx_word' id='word_1_637' title='bbox 678 4821 774 4892; x_wconf 77' lang='grc' dir='ltr'>τὴν</span> <span class='ocrx_word' id='word_1_638' title='bbox 797 4821 1066 4876; x_wconf 80' lang='grc' dir='ltr'>ἀπάθειαν</span> <span class='ocrx_word' id='word_1_639' title='bbox 1094 4820 1347 4891; x_wconf 83' lang='grc' dir='ltr'>καθάπερ</span> <span class='ocrx_word' id='word_1_640' title='bbox 1388 4820 1740 4891; x_wconf 84' lang='grc' dir='ltr'>Ἰερουσαλὴμ</span> <span class='ocrx_word' id='word_1_641' title='bbox 1768 4819 1936 4875; x_wconf 76' lang='grc' dir='ltr'>οἰκεῖν</span> 
     </span>
    </p>
   </div>
   <div class='ocr_carea' id='block_1_95' title="bbox 369 4908 1937 4980">
    <p class='ocr_par' dir='ltr' id='par_1_95' title="bbox 369 4908 1937 4980">
     <span class='ocr_line' id='line_1_95' title="bbox 369 4908 1937 4980; baseline -0.003 -14"><span class='ocrx_word' id='word_1_642' title='bbox 369 4911 457 4966; x_wconf 70' lang='grc' dir='ltr'>διὰ</span> <span class='ocrx_word' id='word_1_643' title='bbox 487 4912 596 4964; x_wconf 87' lang='grc' dir='ltr'><strong>τῶν</strong></span> <span class='ocrx_word' id='word_1_644' title='bbox 623 4909 765 4964; x_wconf 82' lang='grc' dir='ltr'><strong>κατά</strong></span> <span class='ocrx_word' id='word_1_645' title='bbox 789 4909 887 4980; x_wconf 77' lang='grc' dir='ltr'><strong>τὴν</strong></span> <span class='ocrx_word' id='word_1_646' title='bbox 934 4909 1132 4977; x_wconf 67' lang='grc' dir='ltr'>πρᾶξιν</span> <span class='ocrx_word' id='word_1_647' title='bbox 1166 4910 1343 4962; x_wconf 83' lang='grc' dir='ltr'>πόνων</span> <span class='ocrx_word' id='word_1_648' title='bbox 1381 4908 1590 4980; x_wconf 71' lang='grc' dir='ltr'>λαχὼν,</span> <span class='ocrx_word' id='word_1_649' title='bbox 1627 4908 1720 4961; x_wconf 76' lang='grc' dir='ltr'><strong>καὶ</strong></span> <span class='ocrx_word' id='word_1_650' title='bbox 1755 4908 1937 4979; x_wconf 80' lang='grc' dir='ltr'>πάσης</span> 
     </span>
    </p>
   </div>
   <div class='ocr_carea' id='block_1_96' title="bbox 369 4997 1938 5072">
    <p class='ocr_par' dir='ltr' id='par_1_96' title="bbox 369 4997 1938 5072">
     <span class='ocr_line' id='line_1_96' title="bbox 369 4997 1938 5072; baseline -0.004 -16"><span class='ocrx_word' id='word_1_651' title='bbox 369 5003 469 5072; x_wconf 78' lang='grc' dir='ltr'>τῆς</span> <span class='ocrx_word' id='word_1_652' title='bbox 525 4999 645 5056; x_wconf 80' lang='grc' dir='ltr'>καθ’</span> <span class='ocrx_word' id='word_1_653' title='bbox 703 4997 973 5069; x_wconf 78' lang='grc' dir='ltr'>ἁμαρτίαν</span> <span class='ocrx_word' id='word_1_654' title='bbox 1019 4997 1438 5068; x_wconf 76' lang='grc' dir='ltr'>ἀπηλλαγμένος</span> <span class='ocrx_word' id='word_1_655' title='bbox 1488 4997 1784 5068; x_wconf 84' lang='grc' dir='ltr'>ὀχλήσεως,</span> <span class='ocrx_word' id='word_1_656' title='bbox 1841 5000 1938 5052; x_wconf 70' lang='grc' dir='ltr'>καὶ</span> 
     </span>
    </p>
   </div>
   <div class='ocr_carea' id='block_1_97' title="bbox 375 5087 1936 5163">
    <p class='ocr_par' dir='ltr' id='par_1_97' title="bbox 375 5087 1936 5163">
     <span class='ocr_line' id='line_1_97' title="bbox 375 5087 1936 5163; baseline -0.003 -17"><span class='ocrx_word' id='word_1_657' title='bbox 375 5091 542 5163; x_wconf 88' lang='grc' dir='ltr'>μόνην</span> <span class='ocrx_word' id='word_1_658' title='bbox 566 5090 789 5159; x_wconf 74' lang='grc' dir='ltr'>εἰρήνην</span> <span class='ocrx_word' id='word_1_659' title='bbox 825 5088 923 5140; x_wconf 74' lang='grc' dir='ltr'>καὶ</span> <span class='ocrx_word' id='word_1_660' title='bbox 955 5089 1209 5157; x_wconf 86' lang='grc' dir='ltr'>πράττων</span> <span class='ocrx_word' id='word_1_661' title='bbox 1239 5088 1332 5140; x_wconf 73' lang='grc' dir='ltr'>καὶ</span> <span class='ocrx_word' id='word_1_662' title='bbox 1365 5087 1560 5150; x_wconf 87' lang='grc' dir='ltr'>λαλῶν,</span> <span class='ocrx_word' id='word_1_663' title='bbox 1590 5090 1684 5140; x_wconf 71' lang='grc' dir='ltr'>καὶ</span> <span class='ocrx_word' id='word_1_664' title='bbox 1721 5089 1936 5142; x_wconf 83' lang='grc' dir='ltr'>ἀκούων</span> 
     </span>
    </p>
   </div>
   <div class='ocr_carea' id='block_1_98' title="bbox 372 5177 1938 5252">
    <p class='ocr_par' dir='ltr' id='par_1_98' title="bbox 372 5177 1938 5252">
     <span class='ocr_line' id='line_1_98' title="bbox 372 5177 1938 5252; baseline -0.002 -15"><span class='ocrx_word' id='word_1_665' title='bbox 372 5185 468 5239; x_wconf 67' lang='grc' dir='ltr'>καὶ</span> <span class='ocrx_word' id='word_1_666' title='bbox 490 5183 836 5251; x_wconf 77' lang='grc' dir='ltr'>λογιζόμενος</span> <span class='ocrx_word' id='word_1_667' title='bbox 859 5191 874 5208; x_wconf 90' lang='grc'>⁶</span> <span class='ocrx_word' id='word_1_668' title='bbox 915 5179 1053 5247; x_wconf 81' lang='grc' dir='ltr'>μετὰ</span> <span class='ocrx_word' id='word_1_669' title='bbox 1082 5180 1141 5231; x_wconf 80' lang='grc' dir='ltr'><strong>τὸ</strong></span> <span class='ocrx_word' id='word_1_670' title='bbox 1171 5177 1423 5243; x_wconf 82' lang='grc' dir='ltr'>δέξασθαι</span> <span class='ocrx_word' id='word_1_671' title='bbox 1457 5177 1547 5231; x_wconf 86' lang='grc' dir='ltr'><strong>διά</strong></span> <span class='ocrx_word' id='word_1_672' title='bbox 1573 5179 1672 5248; x_wconf 84' lang='grc' dir='ltr'><strong>τῆς</strong></span> <span class='ocrx_word' id='word_1_673' title='bbox 1703 5181 1938 5252; x_wconf 78' lang='grc' dir='ltr'>φυσικῆς</span> 
     </span>
    </p>
   </div>
   <div class='ocr_carea' id='block_1_99' title="bbox 377 5270 1939 5346">
    <p class='ocr_par' dir='ltr' id='par_1_99' title="bbox 377 5270 1939 5346">
     <span class='ocr_line' id='line_1_99' title="bbox 377 5270 1939 5346; baseline -0.001 -17"><span class='ocrx_word' id='word_1_674' title='bbox 377 5271 605 5346; x_wconf 80' lang='grc' dir='ltr'>θεωρίας</span> <span class='ocrx_word' id='word_1_675' title='bbox 637 5272 736 5342; x_wconf 81' lang='grc' dir='ltr'>τὴν</span> <span class='ocrx_word' id='word_1_676' title='bbox 780 5270 941 5340; x_wconf 78' lang='grc' dir='ltr'>φύσιν</span> <span class='ocrx_word' id='word_1_677' title='bbox 972 5271 1076 5324; x_wconf 88' lang='grc' dir='ltr'><strong>τῶν</strong></span> <span class='ocrx_word' id='word_1_678' title='bbox 1109 5271 1338 5340; x_wconf 81' lang='grc' dir='ltr'>ὁρατῶν,</span> <span class='ocrx_word' id='word_1_679' title='bbox 1385 5271 1510 5334; x_wconf 77' lang='grc' dir='ltr'>τοὺς</span> <span class='ocrx_word' id='word_1_680' title='bbox 1537 5273 1594 5325; x_wconf 89' lang='grc' dir='ltr'>ὲν</span> <span class='ocrx_word' id='word_1_681' title='bbox 1627 5272 1763 5342; x_wconf 82' lang='grc' dir='ltr'>αὐτῇ</span> <span class='ocrx_word' id='word_1_682' title='bbox 1793 5272 1939 5328; x_wconf 87' lang='grc' dir='ltr'>θειο-</span> 
     </span>
    </p>
   </div>
   <div class='ocr_carea' id='block_1_100' title="bbox 373 5359 1935 5438">
    <p class='ocr_par' dir='ltr' id='par_1_100' title="bbox 373 5359 1935 5438">
     <span class='ocr_line' id='line_1_100' title="bbox 373 5359 1935 5438; baseline -0.008 -9"><span class='ocrx_word' id='word_1_683' title='bbox 373 5363 564 5438; x_wconf 63' lang='grc' dir='ltr'>’δέρους</span> <span class='ocrx_word' id='word_1_684' title='bbox 592 5360 840 5431; x_wconf 79' lang='grc' dir='ltr'>καθάπερ</span> <span class='ocrx_word' id='word_1_685' title='bbox 869 5359 1017 5431; x_wconf 83' lang='grc' dir='ltr'>δῶρα</span> <span class='ocrx_word' id='word_1_686' title='bbox 1053 5360 1132 5430; x_wconf 80' lang='grc' dir='ltr'><strong>τῷ</strong></span> <span class='ocrx_word' id='word_1_687' title='bbox 1181 5361 1368 5432; x_wconf 83' lang='grc' dir='ltr'>Κυρίῳ</span> <span class='ocrx_word' id='word_1_688' title='bbox 1393 5361 1462 5414; x_wconf 77' lang='grc' dir='ltr'>δι’</span> <span class='ocrx_word' id='word_1_689' title='bbox 1493 5361 1658 5438; x_wconf 59' lang='grc' dir='ltr'>αὑτοῦ</span> <span class='ocrx_word' id='word_1_690' title='bbox 1699 5379 1935 5432; x_wconf 83' lang='grc' dir='ltr'>προσκο-</span> 
     </span>
    </p>
   </div>
   <div class='ocr_carea' id='block_1_101' title="bbox 449 5535 1094 5603">
    <p class='ocr_par' dir='ltr' id='par_1_101' title="bbox 449 5535 1094 5603">
     <span class='ocr_line' id='line_1_101' title="bbox 449 5535 1094 5603; baseline -0.011 -4"><span class='ocrx_word' id='word_1_691' title='bbox 449 5542 497 5578; x_wconf 74' lang='grc' dir='ltr'><strong>τ⁸</strong></span> <span class='ocrx_word' id='word_1_692' title='bbox 519 5540 565 5597; x_wconf 88' lang='lat' dir='ltr'><strong>Il</strong></span> <span class='ocrx_word' id='word_1_693' title='bbox 601 5539 778 5597; x_wconf 86' lang='lat' dir='ltr'><strong>Paral.</strong></span> <span class='ocrx_word' id='word_1_694' title='bbox 807 5552 974 5603; x_wconf 66' lang='lat' dir='ltr'><strong>ann,</strong></span> <span class='ocrx_word' id='word_1_695' title='bbox 1004 5535 1094 5592; x_wconf 72' lang='lat'><strong>23.</strong></span> 
     </span>
    </p>
   </div>
   <div class='ocr_carea' id='block_1_102' title="bbox 696 5629 1274 5693">
    <p class='ocr_par' dir='ltr' id='par_1_102' title="bbox 696 5629 1274 5693">
     <span class='ocr_line' id='line_1_102' title="bbox 696 5629 1274 5693; baseline -0.014 -1"><span class='ocrx_word' id='word_1_696' title='bbox 696 5633 962 5693; x_wconf 80' lang='grc' dir='ltr'>ΡΑτιιοι..</span> <span class='ocrx_word' id='word_1_697' title='bbox 999 5630 1115 5689; x_wconf 78' lang='lat' dir='ltr'><strong>Gn.</strong></span> <span class='ocrx_word' id='word_1_698' title='bbox 1160 5629 1274 5686; x_wconf 76' lang='lat' dir='ltr'><strong>XC.</strong></span> 
     </span>
    </p>
   </div>
   <div class='ocr_carea' id='block_1_103' title="bbox 2035 4346 3606 4420">
    <p class='ocr_par' dir='ltr' id='par_1_103' title="bbox 2035 4346 3606 4420">
     <span class='ocr_line' id='line_1_103' title="bbox 2035 4346 3606 4420; baseline 0.003 -20"><span class='ocrx_word' id='word_1_699' title='bbox 2035 4348 2277 4417; x_wconf 83' lang='lat' dir='ltr'><strong>uinoque</strong></span> <span class='ocrx_word' id='word_1_700' title='bbox 2299 4387 2312 4412; x_wconf 91' lang='lat'><strong>,</strong></span> <span class='ocrx_word' id='word_1_701' title='bbox 2348 4356 2410 4402; x_wconf 91' lang='lat' dir='ltr'><strong>ut</strong></span> <span class='ocrx_word' id='word_1_702' title='bbox 2455 4347 2624 4402; x_wconf 89' lang='lat' dir='ltr'><strong>semel</strong></span> <span class='ocrx_word' id='word_1_703' title='bbox 2658 4347 2863 4410; x_wconf 90' lang='lat' dir='ltr'><strong>dicam,</strong></span> <span class='ocrx_word' id='word_1_704' title='bbox 2917 4346 3108 4402; x_wconf 81' lang='lat' dir='ltr'><strong>formis</strong></span> <span class='ocrx_word' id='word_1_705' title='bbox 3142 4349 3399 4404; x_wconf 89' lang='lat' dir='ltr'><strong>omnibus</strong></span> <span class='ocrx_word' id='word_1_706' title='bbox 3445 4359 3606 4420; x_wconf 89' lang='lat' dir='ltr'><strong>atque</strong></span> 
     </span>
    </p>
   </div>
   <div class='ocr_carea' id='block_1_104' title="bbox 2037 4435 3604 4510">
    <p class='ocr_par' dir='ltr' id='par_1_104' title="bbox 2037 4435 3604 4510">
     <span class='ocr_line' id='line_1_104' title="bbox 2037 4435 3604 4510; baseline 0.002 -18"><span class='ocrx_word' id='word_1_707' title='bbox 2037 4437 2250 4492; x_wconf 87' lang='lat' dir='ltr'><strong>naturis</strong></span> <span class='ocrx_word' id='word_1_708' title='bbox 2286 4437 2341 4491; x_wconf 91' lang='lat' dir='ltr'><strong>in</strong></span> <span class='ocrx_word' id='word_1_709' title='bbox 2382 4452 2604 4492; x_wconf 85' lang='lat' dir='ltr'><strong>sensum</strong></span> <span class='ocrx_word' id='word_1_710' title='bbox 2651 4435 3004 4500; x_wconf 85' lang='lat' dir='ltr'><strong>cadentibus,</strong></span> <span class='ocrx_word' id='word_1_711' title='bbox 3056 4453 3154 4507; x_wconf 89' lang='lat' dir='ltr'><strong>per</strong></span> <span class='ocrx_word' id='word_1_712' title='bbox 3190 4441 3604 4510; x_wconf 88' lang='lat' dir='ltr'><strong>contemplatio-</strong></span> 
     </span>
    </p>
   </div>
   <div class='ocr_carea' id='block_1_105' title="bbox 2036 4521 3605 4594">
    <p class='ocr_par' dir='ltr' id='par_1_105' title="bbox 2036 4521 3605 4594">
     <span class='ocr_line' id='line_1_105' title="bbox 2036 4521 3605 4594; baseline 0.001 -11"><span class='ocrx_word' id='word_1_713' title='bbox 2036 4523 2192 4594; x_wconf 85' lang='lat' dir='ltr'><strong>nem;</strong></span> <span class='ocrx_word' id='word_1_714' title='bbox 2228 4527 2484 4583; x_wconf 89' lang='lat' dir='ltr'><strong>omnibus</strong></span> <span class='ocrx_word' id='word_1_715' title='bbox 2527 4527 2580 4580; x_wconf 89' lang='lat' dir='ltr'><strong>in</strong></span> <span class='ocrx_word' id='word_1_716' title='bbox 2626 4528 2707 4581; x_wconf 88' lang='lat' dir='ltr'><strong>eis</strong></span> <span class='ocrx_word' id='word_1_717' title='bbox 2752 4521 3054 4583; x_wconf 89' lang='lat' dir='ltr'><strong>rationibus</strong></span> <span class='ocrx_word' id='word_1_718' title='bbox 3083 4529 3326 4584; x_wconf 69' lang='lat' dir='ltr'><strong>scientiae</strong></span> <span class='ocrx_word' id='word_1_719' title='bbox 3357 4531 3605 4584; x_wconf 88' lang='lat' dir='ltr'><strong>eminen-</strong></span> 
     </span>
    </p>
   </div>
   <div class='ocr_carea' id='block_1_106' title="bbox 2037 4618 3605 4690">
    <p class='ocr_par' dir='ltr' id='par_1_106' title="bbox 2037 4618 3605 4690">
     <span class='ocr_line' id='line_1_106' title="bbox 2037 4618 3605 4690; baseline 0.001 -17"><span class='ocrx_word' id='word_1_720' title='bbox 2037 4619 2110 4674; x_wconf 89' lang='lat' dir='ltr'><strong>tia</strong></span> <span class='ocrx_word' id='word_1_721' title='bbox 2144 4618 2443 4688; x_wconf 81' lang='lat' dir='ltr'><strong>superatis;</strong></span> <span class='ocrx_word' id='word_1_722' title='bbox 2479 4618 2525 4674; x_wconf 91' lang='lat' dir='ltr'><strong>is</strong></span> <span class='ocrx_word' id='word_1_723' title='bbox 2562 4619 2686 4672; x_wconf 91' lang='lat' dir='ltr'><strong>talis</strong></span> <span class='ocrx_word' id='word_1_724' title='bbox 2728 4619 2968 4672; x_wconf 86' lang='lat' dir='ltr'><strong>animum</strong></span> <span class='ocrx_word' id='word_1_725' title='bbox 3001 4618 3069 4672; x_wconf 87' lang='lat' dir='ltr'><strong>ad</strong></span> <span class='ocrx_word' id='word_1_726' title='bbox 3111 4635 3175 4674; x_wconf 89' lang='lat' dir='ltr'><strong>ea</strong></span> <span class='ocrx_word' id='word_1_727' title='bbox 3219 4636 3340 4689; x_wconf 76' lang='lat' dir='ltr'><strong>qua:</strong></span> <span class='ocrx_word' id='word_1_728' title='bbox 3382 4628 3605 4690; x_wconf 82' lang='lat' dir='ltr'><strong>cognata</strong></span> 
     </span>
    </p>
   </div>
   <div class='ocr_carea' id='block_1_107' title="bbox 2037 4706 3298 4774">
    <p class='ocr_par' dir='ltr' id='par_1_107' title="bbox 2037 4706 3298 4774">
     <span class='ocr_line' id='line_1_107' title="bbox 2037 4706 3298 4774; baseline 0.001 -10"><span class='ocrx_word' id='word_1_729' title='bbox 2037 4726 2101 4765; x_wconf 88' lang='lat' dir='ltr'><strong>ac</strong></span> <span class='ocrx_word' id='word_1_730' title='bbox 2128 4706 2311 4765; x_wconf 89' lang='lat' dir='ltr'><strong>divina</strong></span> <span class='ocrx_word' id='word_1_731' title='bbox 2341 4719 2488 4774; x_wconf 86' lang='lat' dir='ltr'><strong>sunt,</strong></span> <span class='ocrx_word' id='word_1_732' title='bbox 2527 4711 2768 4766; x_wconf 88' lang='lat' dir='ltr'><strong>sustulit.</strong></span> <span class='ocrx_word' id='word_1_733' title='bbox 2843 4732 2855 4742; x_wconf 91' lang='lat'><strong><em>-</em></strong></span> <span class='ocrx_word' id='word_1_734' title='bbox 3295 4711 3298 4713; x_wconf 13' lang='grc' dir='ltr'><strong>Α</strong></span> 
     </span>
    </p>
   </div>
   <div class='ocr_carea' id='block_1_108' title="bbox 2108 4811 3606 4894">
    <p class='ocr_par' dir='ltr' id='par_1_108' title="bbox 2108 4811 3606 4894">
     <span class='ocr_line' id='line_1_108' title="bbox 2108 4811 3606 4894; baseline -0.001 -14"><span class='ocrx_word' id='word_1_735' title='bbox 2108 4825 2195 4880; x_wconf 86' lang='grc'><strong>99.</strong></span> <span class='ocrx_word' id='word_1_736' title='bbox 2230 4823 2334 4891; x_wconf 86' lang='lat' dir='ltr'><strong>Qui</strong></span> <span class='ocrx_word' id='word_1_737' title='bbox 2365 4823 2597 4879; x_wconf 83' lang='lat' dir='ltr'><strong>aetionis</strong></span> <span class='ocrx_word' id='word_1_738' title='bbox 2617 4824 2922 4888; x_wconf 84' lang='lat' dir='ltr'><strong>laboribus,</strong></span> <span class='ocrx_word' id='word_1_739' title='bbox 2957 4837 3020 4879; x_wconf 87' lang='lat' dir='ltr'><strong>ac</strong></span> <span class='ocrx_word' id='word_1_740' title='bbox 3047 4811 3249 4893; x_wconf 80' lang='lat' dir='ltr'><strong>quibus</strong></span> <span class='ocrx_word' id='word_1_741' title='bbox 3275 4823 3450 4877; x_wconf 87' lang='lat' dir='ltr'><strong>virtus</strong></span> <span class='ocrx_word' id='word_1_742' title='bbox 3476 4839 3606 4894; x_wconf 70' lang='lat' dir='ltr'><strong>pra:-</strong></span> 
     </span>
    </p>
   </div>
   <div class='ocr_carea' id='block_1_109' title="bbox 2036 4897 3609 4983">
    <p class='ocr_par' dir='ltr' id='par_1_109' title="bbox 2036 4897 3609 4983">
     <span class='ocr_line' id='line_1_109' title="bbox 2036 4897 3609 4983; baseline -0.001 -13"><span class='ocrx_word' id='word_1_743' title='bbox 2036 4924 2235 4980; x_wconf 89' lang='lat' dir='ltr'><strong>statur,</strong></span> <span class='ocrx_word' id='word_1_744' title='bbox 2275 4923 2470 4970; x_wconf 89' lang='lat' dir='ltr'><strong>nactus</strong></span> <span class='ocrx_word' id='word_1_745' title='bbox 2518 4922 2622 4980; x_wconf 90' lang='lat' dir='ltr'><strong>est,</strong></span> <span class='ocrx_word' id='word_1_746' title='bbox 2670 4922 2731 4968; x_wconf 89' lang='lat' dir='ltr'><strong>ut</strong></span> <span class='ocrx_word' id='word_1_747' title='bbox 2782 4897 3038 4983; x_wconf 83' lang='lat' dir='ltr'><strong>tanquam</strong></span> <span class='ocrx_word' id='word_1_748' title='bbox 3088 4913 3412 4978; x_wconf 84' lang='lat' dir='ltr'><strong>Jerusalem,</strong></span> <span class='ocrx_word' id='word_1_749' title='bbox 3461 4923 3609 4968; x_wconf 32' lang='lat' dir='ltr'><strong>trans</strong></span> 
     </span>
    </p>
   </div>
   <div class='ocr_carea' id='block_1_110' title="bbox 2037 4993 3609 5074">
    <p class='ocr_par' dir='ltr' id='par_1_110' title="bbox 2037 4993 3609 5074">
     <span class='ocr_line' id='line_1_110' title="bbox 2037 4993 3609 5074; baseline 0 -15"><span class='ocrx_word' id='word_1_750' title='bbox 2037 5004 2194 5074; x_wconf 90' lang='lat' dir='ltr'><strong>quilli</strong></span> <span class='ocrx_word' id='word_1_751' title='bbox 2218 5004 2386 5058; x_wconf 88' lang='lat' dir='ltr'><strong>animi</strong></span> <span class='ocrx_word' id='word_1_752' title='bbox 2415 5020 2479 5060; x_wconf 91' lang='lat' dir='ltr'><strong>ac</strong></span> <span class='ocrx_word' id='word_1_753' title='bbox 2502 5004 2881 5074; x_wconf 87' lang='lat' dir='ltr'><strong>imperturbati</strong></span> <span class='ocrx_word' id='word_1_754' title='bbox 2915 5004 3161 5058; x_wconf 89' lang='lat' dir='ltr'><strong>habitum</strong></span> <span class='ocrx_word' id='word_1_755' title='bbox 3189 4993 3368 5071; x_wconf 80' lang='lat' dir='ltr'><strong>colat;</strong></span> <span class='ocrx_word' id='word_1_756' title='bbox 3395 5005 3464 5059; x_wconf 89' lang='lat' dir='ltr'><strong>ab</strong></span> <span class='ocrx_word' id='word_1_757' title='bbox 3491 5023 3609 5059; x_wconf 93' lang='lat' dir='ltr'><strong>om-</strong></span> 
     </span>
    </p>
   </div>
   <div class='ocr_carea' id='block_1_111' title="bbox 2043 5094 3609 5166">
    <p class='ocr_par' dir='ltr' id='par_1_111' title="bbox 2043 5094 3609 5166">
     <span class='ocr_line' id='line_1_111' title="bbox 2043 5094 3609 5166; baseline 0.001 -16"><span class='ocrx_word' id='word_1_758' title='bbox 2043 5097 2211 5166; x_wconf 87' lang='lat' dir='ltr'><strong>nique</strong></span> <span class='ocrx_word' id='word_1_759' title='bbox 2268 5096 2408 5150; x_wconf 88' lang='lat' dir='ltr'><strong>liber</strong></span> <span class='ocrx_word' id='word_1_760' title='bbox 2459 5095 2668 5165; x_wconf 89' lang='lat' dir='ltr'><strong>peccati</strong></span> <span class='ocrx_word' id='word_1_761' title='bbox 2725 5094 3002 5157; x_wconf 87' lang='lat' dir='ltr'><strong>molestia,</strong></span> <span class='ocrx_word' id='word_1_762' title='bbox 3050 5109 3213 5149; x_wconf 89' lang='lat' dir='ltr'><strong>unam</strong></span> <span class='ocrx_word' id='word_1_763' title='bbox 3266 5095 3609 5152; x_wconf 87' lang='lat' dir='ltr'><strong>solummodo</strong></span> 
     </span>
    </p>
   </div>
   <div class='ocr_carea' id='block_1_112' title="bbox 2043 5185 3613 5258">
    <p class='ocr_par' dir='ltr' id='par_1_112' title="bbox 2043 5185 3613 5258">
     <span class='ocr_line' id='line_1_112' title="bbox 2043 5185 3613 5258; baseline 0.002 -18"><span class='ocrx_word' id='word_1_764' title='bbox 2043 5202 2232 5258; x_wconf 88' lang='lat' dir='ltr'><strong>pacem</strong></span> <span class='ocrx_word' id='word_1_765' title='bbox 2266 5195 2321 5241; x_wconf 91' lang='lat' dir='ltr'><strong>et</strong></span> <span class='ocrx_word' id='word_1_766' title='bbox 2345 5186 2456 5256; x_wconf 82' lang='lat' dir='ltr'><strong>agit</strong></span> <span class='ocrx_word' id='word_1_767' title='bbox 2487 5191 2542 5241; x_wconf 89' lang='lat' dir='ltr'><strong>et</strong></span> <span class='ocrx_word' id='word_1_768' title='bbox 2573 5187 2834 5256; x_wconf 86' lang='lat' dir='ltr'><strong>loquitur,</strong></span> <span class='ocrx_word' id='word_1_769' title='bbox 2870 5185 3130 5256; x_wconf 90' lang='lat' dir='ltr'><strong>auditque</strong></span> <span class='ocrx_word' id='word_1_770' title='bbox 3152 5197 3207 5241; x_wconf 90' lang='lat' dir='ltr'><strong>et</strong></span> <span class='ocrx_word' id='word_1_771' title='bbox 3228 5187 3455 5258; x_wconf 84' lang='lat' dir='ltr'><strong>cogitat;</strong></span> <span class='ocrx_word' id='word_1_772' title='bbox 3491 5196 3613 5258; x_wconf 89' lang='lat' dir='ltr'><strong>post</strong></span> 
     </span>
    </p>
   </div>
   <div class='ocr_carea' id='block_1_113' title="bbox 2046 5277 3612 5346">
    <p class='ocr_par' dir='ltr' id='par_1_113' title="bbox 2046 5277 3612 5346">
     <span class='ocr_line' id='line_1_113' title="bbox 2046 5277 3612 5346; baseline 0.001 -14"><span class='ocrx_word' id='word_1_773' title='bbox 2046 5285 2323 5346; x_wconf 85' lang='lat' dir='ltr'><strong>acceptam</strong></span> <span class='ocrx_word' id='word_1_774' title='bbox 2355 5277 2590 5331; x_wconf 88' lang='lat' dir='ltr'><strong>naturali</strong></span> <span class='ocrx_word' id='word_1_775' title='bbox 2618 5277 3009 5346; x_wconf 88' lang='lat' dir='ltr'><strong>speculatione,</strong></span> <span class='ocrx_word' id='word_1_776' title='bbox 3051 5293 3236 5331; x_wconf 91' lang='lat' dir='ltr'><strong>rerum</strong></span> <span class='ocrx_word' id='word_1_777' title='bbox 3270 5279 3444 5333; x_wconf 90' lang='lat' dir='ltr'><strong>oculis</strong></span> <span class='ocrx_word' id='word_1_778' title='bbox 3486 5278 3612 5333; x_wconf 48' lang='lat' dir='ltr'><strong>sub‘</strong></span> 
     </span>
    </p>
   </div>
   <div class='ocr_carea' id='block_1_114' title="bbox 2039 5367 3612 5438">
    <p class='ocr_par' dir='ltr' id='par_1_114' title="bbox 2039 5367 3612 5438">
     <span class='ocr_line' id='line_1_114' title="bbox 2039 5367 3612 5438; baseline 0.001 -17"><span class='ocrx_word' id='word_1_779' title='bbox 2039 5368 2308 5438; x_wconf 87' lang='lat' dir='ltr'><strong>jcctarum</strong></span> <span class='ocrx_word' id='word_1_780' title='bbox 2355 5377 2628 5430; x_wconf 89' lang='lat' dir='ltr'><strong>naturam,</strong></span> <span class='ocrx_word' id='word_1_781' title='bbox 2670 5367 2969 5423; x_wconf 85' lang='lat' dir='ltr'><strong>diviniorcs</strong></span> <span class='ocrx_word' id='word_1_782' title='bbox 3013 5368 3066 5422; x_wconf 94' lang='lat' dir='ltr'><strong>in</strong></span> <span class='ocrx_word' id='word_1_783' title='bbox 3115 5383 3179 5422; x_wconf 89' lang='lat' dir='ltr'><strong>ea</strong></span> <span class='ocrx_word' id='word_1_784' title='bbox 3223 5369 3464 5425; x_wconf 86' lang='lat' dir='ltr'><strong>rationes</strong></span> <span class='ocrx_word' id='word_1_785' title='bbox 3493 5377 3612 5424; x_wconf 57' lang='lat' dir='ltr'><strong>tan‘</strong></span> 
     </span>
    </p>
   </div>
   <div class='ocr_carea' id='block_1_115' title="bbox 3207 5632 3284 5691">
    <p class='ocr_par' dir='ltr' id='par_1_115' title="bbox 3207 5632 3284 5691">
     <span class='ocr_line' id='line_1_115' title="bbox 3207 5632 3284 5691; baseline -0.013 0"><span class='ocrx_word' id='word_1_786' title='bbox 3207 5632 3284 5691; x_wconf 74' lang='lat' dir='ltr'><strong>’t-O</strong></span> 
     </span>
    </p>
   </div>
  </div>
