4094 6204
365 186 496 266 1261

1037 185 1372 252 CAPITUM
1411 183 1832 257 QUINQUIES
1869 184 2389 249 CENTENORUM
2427 186 2814 250 CENTURIA
2852 187 2966 252 III.

3463 194 3600 262 im

363 300 668 376 βρωμάτων
697 303 797 356 οῦκ
826 303 1012 364 ὄντων,
1042 304 1142 356 οὐκ
1172 302 1324 357 ἔσται
1356 301 1769 374 γαστριμαργία
1789 317 1801 332 ’
1836 301 1931 354 καὶ

2036 301 2186 355 modi
2232 300 2423 367 fuerit,
2455 319 2576 373 quae
2607 303 2660 358 in
2692 319 2913 358 sensum
2945 305 3124 370 cadat,
3160 320 3430 377 nusquam
3472 327 3601 381 pas-

359 393 564 466 χρυσοῦ
604 392 677 464 μὴ
730 394 904 460 ὄντος,
959 395 1059 448 οὐκ
1108 395 1261 448 ἔσται
1309 393 1662 465 φιλαργυρία.
1715 390 1925 446 Οὐκοῦν

361 490 542 556 πάσης
571 485 848 554 ὲμπαθοῦς
879 489 1144 556 κινήσεως
1183 487 1290 539 τῶν
1320 489 1376 539 ἐν
1407 487 1536 556 ἡμῖν
1571 483 1812 553 φυσικῶν
1838 483 1927 534 δυ-

357 577 574 646 νάμεων
623 577 777 646 ἄρχει
823 576 882 630 τι
935 577 1210 647 αἰσθητὸν,
1242 579 1430 647 ἤγουν,
1485 576 1552 628 δι’
1603 571 1768 628 αὑτοῦ
1830 573 1926 642 τὴν

355 665 538 737 ψυχὴν
561 667 874 737 διερεθίζων
905 667 1040 738 πρὸς
1077 668 1350 738 ἁμαρτίαν
1374 667 1604 736 δαίμων.

2011 728 2050 758 ο

2030 392 2112 446 sio
2147 407 2210 446 ac
2235 393 2462 449 affectus
2490 403 2591 448 est.
2625 395 2737 449 Nisi
2765 396 2910 450 enim
2951 396 3023 450 sit
3056 398 3272 464 mulier,
3302 415 3481 470 neque
3521 412 3606 458 est

2031 481 2322 539 fornicatio
2351 502 2362 536 :
2396 501 2460 540 ac
2487 486 2590 539 nisi
2623 487 2732 541 cibi
2771 487 2902 552 sint,
2933 504 3046 541 non
3074 489 3179 543 erit
3204 490 3330 559 gula
3367 494 3604 547 ventris-

2031 589 2140 643 que
2170 575 2610 646 ingluviesznisi
2657 590 2852 632 aurum
2898 579 2999 644 sit,
3047 596 3156 635 non
3199 582 3308 636 erit
3354 583 3601 639 avaritia.

2033 664 2224 738 pinnis
2259 667 2424 738 igitur
2457 669 2688 726 vitiosus
2719 680 2900 727 motus
2935 688 3000 726 ac
3027 672 3355 728 libidinosus
3381 687 3608 730 natura-

357 756 557 811 ralium
617 757 672 811 in
727 757 889 812 nobis
957 757 1192 822 virium,
1261 773 1377 811 rem
1437 755 1623 812 sensui
1697 753 2336 824 subjectam-‘auctorem
2409 758 2606 824 habet,
2677 759 2794 814 sive
2860 760 3195 827 daemonem,
3257 777 3365 832 per
3406 765 3608 834 ipsam

355 847 600 901 animum
631 847 954 918 prauitatem
989 848 1055 902 ad
1091 857 1397 918 peccatum.

427 944 492 997 δ’.
542 943 604 994 Ἦ
639 941 840 1011 τρίψις,
869 941 966 1012 τὴν
999 942 1280 1014 ἐνέργειαν
1307 958 1320 973 '
1375 944 1408 1012 ἡ
1439 941 1687 1012 ἕκτριψις
1723 940 1802 1004 δὲ,
1831 937 1926 991 καὶ

358 1033 525 1104 αὐτὴν
553 1031 803 1102 ἀφανίζει
835 1033 935 1104 τῆς
985 1035 1183 1097 κακίας
1211 1033 1309 1104 τὴν
1355 1033 1672 1104 ἐνθύμησιν.
1708 1033 1774 1085 Ἦ
1830 1030 1928 1100 μὲν

356 1124 468 1196 γὰρ
525 1123 726 1194 τρῖψις,
777 1124 874 1191 τῆς
932 1122 1217 1194 ἐμπαθοῦς
1275 1124 1395 1177 κατ’
1432 1123 1718 1192 ἐνέργειαν
1759 1120 1927 1190 μόνης

355 1215 594 1285 ὑπάρχει
653 1212 904 1283 πράξεως
937 1214 1311 1285 κατάργησις·
1366 1216 1398 1286 ἡ
1433 1215 1488 1267 δὲ
1524 1213 1795 1284 ἔκτριψις,
1832 1210 1928 1266 καὶ

357 1307 466 1360 τῶν
498 1306 639 1360 κατὰ
698 1307 940 1359 διάνοιαν
999 1307 1251 1378 πονηρῶν
1312 1308 1632 1378 κινημάτων
1659 1304 1929 1374 παντελής

359 1403 507 1454 ἐστιν
537 1401 866 1470 ἀφανισμός.
1364 1451 1376 1464 ,

423 1499 492 1558 λε’.
535 1494 690 1547 Μέσα
719 1493 826 1545 εἰσί
850 1491 984 1546 Θεοῦ
1015 1492 1110 1546 καὶ
1147 1490 1450 1562 ἀνθρώπων
1476 1490 1544 1543 τὰ
1572 1487 1808 1557 αἰσθητὰ
1837 1485 1918 1540 κα⁶

2102 938 2155 990 4.
2204 939 2379 993 Tritio
2427 941 2508 1011 (ut
2556 942 2637 997 sic
2681 942 2881 1015 dicam)
2926 946 3339 1015 operationem;
3384 949 3606 1005 extritio

2033 1037 2238 1108 autem,
2273 1031 2446 1100 ipsam
2477 1049 2696 1104 quoque
2721 1035 2840 1090 vitii
2868 1035 3015 1092 delet
3038 1038 3443 1108 cogitationum.
3472 1041 3605 1096 Nam

2033 1120 2184 1174 tritio
2214 1123 2456 1191 quidem,
2489 1125 2661 1180 solius
2694 1124 2908 1181 vitiosae
2940 1141 3005 1181 ac
3031 1127 3340 1186 libidinosa:
3379 1131 3435 1184 in
3472 1141 3602 1188 actu

2033 1214 2366 1283 operationis
2393 1215 2694 1271 destructio
2733 1227 2848 1282 est;
2879 1219 3099 1274 extritio
3125 1235 3276 1286 vero,
3305 1222 3421 1293 ipsa
3459 1239 3598 1293 quo-

2033 1316 2141 1370 que
2186 1317 2478 1372 pravorum
2529 1305 2695 1359 animi
2748 1317 2994 1362 motuum
3042 1310 3200 1378 plena
3245 1313 3601 1384 absolutaque

2033 1395 2347 1451 exstinctio.

2105 1483 2158 1536 5.
2191 1483 2364 1540 Media
2409 1495 2538 1542 sunt
2568 1487 2740 1542 Deum
2775 1490 2920 1544 inter
2948 1498 3004 1544 el
3035 1492 3285 1546 homines
3329 1494 3608 1550 sensibilia

357 1584 429 1638 τὰ
467 1586 634 1655 νοητά
662 1601 676 1616 ⁸
709 1578 783 1639 ἄν
809 1584 1066 1656 ὑπεράνω
1116 1583 1326 1652 γίνεται
1359 1582 1549 1652 χωρῶν
1579 1579 1718 1651 πρὸς
1742 1578 1875 1633 Θεὸν
1902 1578 1929 1629 ὁ

2036 1587 2095 1626 ac
2138 1573 2539 1646 intelligibilia;
2587 1581 2795 1650 quibus
2843 1597 3000 1636 mens
3045 1583 3282 1640 humana
3324 1583 3392 1638 ad
3440 1587 3612 1640 Deum

359 1675 698 1746 ἀνθρώπινος
727 1673 878 1736 νοῦς·
909 1677 1022 1735 τοῖς
1050 1674 1147 1744 μὲν
1180 1672 1459 1744 αἰσθητοῖς
1486 1672 1631 1724 κατὰ
1658 1671 1757 1740 τὴν
1789 1671 1930 1741 πρᾶ-

360 1765 444 1832 ξιν
485 1765 968 1839 μὴδουλούμενος,
1006 1768 1122 1828 τοῖς
1149 1765 1206 1818 δὲ
1249 1766 1463 1834 νοητοῖς
1493 1765 1634 1818 κατὰ
1661 1763 1759 1834 τὴν
1790 1761 1926 1815 θεωη

363 1856 487 1930 ρίαν
515 1856 760 1926 μηδόλως
789 1854 1186 1926 κρατούμενος.
1372 1850 1378 1856 ’

326 2010 334 2018 ,ι
433 1956 508 2014 ς’.
543 1948 865 2016 Κατήγορος
920 1948 952 2017 ἡ
1000 1947 1175 2008 κτίσις
1204 1946 1413 2014 γίνεται
1437 1944 1545 2000 τῶν
1589 1943 1801 1996 ἀσεϐῶν
1833 1943 1930 1995 ἅν-

360 2036 597 2112 θρώπων
621 2055 635 2069 ο
690 2037 779 2090 διὰ
815 2038 916 2106 μὲν
941 2036 1050 2089 τῶν
1086 2038 1142 2090 ἐν
1171 2035 1306 2106 αὐτῇ
1341 2034 1537 2100 λόγων,
1594 2033 1684 2085 τὸν
1732 2031 1931 2100 ἑαυτῆς

330 2165 331 2172 η
361 2130 706 2201 κηρύττουσα
736 2129 964 2198 ποιητήν
985 2145 998 2158 ο
1034 2127 1122 2182 διὰ
1151 2127 1205 2180 δὲ
1241 2126 1349 2180 τῶν
1380 2127 1436 2178 ἐν
1471 2127 1606 2197 αὐτῇ
1641 2118 1932 2186 κατ’-εἶδος

360 2223 591 2278 ἕκαστον
620 2221 864 2291 φυσικῶν
887 2222 1086 2290 νόμων,
1121 2221 1253 2291 πρὸς
1282 2218 1482 2290 ἀρετὴν
1513 2214 1933 2286 παιδαγωγοῦσα

362 2314 454 2366 τὸν
486 2308 806 2382 ἄνθρωπον.
854 2311 917 2363 Οί
955 2313 1055 2382 μὲν
1081 2306 1175 2363 οὖν
1206 2309 1377 2375 λόγοι,
1411 2309 1468 2360 ἐν
1501 2301 1568 2378 τῇ
1605 2309 1804 2377 συνοχῇ
1835 2305 1935 2375 τῆς

364 2401 456 2455 τοῦ
486 2401 605 2453 καθ’
629 2401 856 2454 ἕκαστον
885 2401 1056 2461 εἴδους
1072 2399 1431 2470 γνωρίζονται
1460 2395 1820 2468 μονιμότητος
1847 2394 1931 2464 (1)·

361 2494 414 2545 οἰ
447 2492 504 2545 δέ
531 2492 707 2562 νὸμοι,
737 2493 794 2546 ἐν
819 2494 882 2562 τῇ
915 2493 1206 2556 ταυτότητι
1227 2490 1525 2560 ,φαίνονται
1556 2488 1654 2557 τῆς
1683 2487 1776 2540 τοῦ
1812 2485 1934 2540 καθ’

365 2581 595 2634 ἕκαστον
633 2581 804 2642 εἴδους
833 2581 1069 2649 φυσικῆς
1120 2579 1427 2651 ἐνεργείας
1483 2574 1567 2641 οἷς
1599 2578 1673 2649 μὴ
1709 2576 1938 2642 ἐπιϐαλ-

365 2671 547 2736 λοντες
574 2671 714 2725 κατὰ
745 2670 843 2742 τὴν
873 2671 929 2724 ἐν
949 2673 1083 2741 ἡμῖν
1111 2670 1304 2742 νοερὰν
1333 2668 1580 2739 δύναμιν,
1611 2669 1710 2738 τήν
1739 2684 1798 2720 τε
1827 2665 1937 2720 τῶν

364 2762 534 2814 ὄντων
560 2761 904 2833 ὴγνοήσαμεν
934 2760 1135 2828 αἰτίαν,
1167 2761 1260 2826 καὶ
1285 2761 1420 2812 πᾶσι
1448 2763 1560 2824 τοῖς
1597 2757 1750 2830 παρὰ
1778 2755 1937 2828 φύσιν

371 2853 822 2922 προστετήκαμεν
849 2851 1067 2904 πάθεσι.
1841 2895 1843 2898 ι

439 2942 502 3008 ζ’.
535 2943 696 3014 Δῶρα
724 2943 800 3013 τῷ
825 2942 944 3014 Θεῷ
978 2942 1384 3014 προσφέρεσθαι
1411 2941 1542 3013 παρ’
1574 2941 1731 3015 ἡμῶν
1778 2943 1806 2996 ὁ
1853 2935 1941 2992 λύ-

366 3051 463 3102 γος
497 3032 888 3098 διακελεύεται,
925 3033 1012 3086 ἵνα
1049 3035 1378 3105 παραστήσῃ
1405 3035 1466 3086 τὸ
1499 3035 1596 3104 τῆς
1626 3033 1778 3096 θείας
1801 3034 1937 3102 ἀγα-

368 3125 592 3197 θότητος
636 3126 886 3197 ἄπειρον,
927 3127 1002 3188 ὡς
1036 3125 1205 3197 μηδὲν
1235 3125 1764 3203 προελισενεγκούσης
1793 3126 1942 3195 δέχε-

369 3217 494 3272 σθαι
523 3221 651 3288 παρ’
683 3218 842 3289 ἡμῶν
870 3217 945 3283 ὡς
975 3218 1123 3290 δῶρα
1159 3218 1229 3272 τὰ
1274 3219 1506 3289 δόματα,
1556 3219 1618 3273 τὸ
1662 3221 1768 3274 πᾶν
1807 3221 1940 3290 ἡμῖν

368 3307 729 3379 λογιζομένης
755 3310 853 3379 τῆς
884 3311 1169 3382 εἰσφορᾶς,
1208 3311 1410 3384 πολλὴν
1441 3312 1538 3365 καὶ
1565 3313 1773 3382 ἄφατον
1801 3309 1940 3365 εἶναι

371 3401 499 3470 περί
532 3401 676 3470 ἡμᾶς
707 3399 966 3456 δεικνύων
1020 3401 1116 3456 τοῦ
1163 3402 1300 3456 Θεοῦ
1336 3404 1442 3474 τὴν
1470 3404 1810 3476 ἀγαθότητα,
1852 3404 1941 3456 δε-

371 3491 600 3562 χομένου
649 3491 722 3556 ὡς
758 3493 915 3562 ἡμῶν
958 3493 1026 3545 τὰ
1058 3494 1274 3556 ἑαυτοῦ,
1309 3495 1366 3561 ἐξ
1400 3496 1559 3566 ἡμῶν
1587 3496 1738 3566 αὐτῷ
1770 3511 1942 3564 προσ-

372 3583 668 3658 φερόμενα,
694 3585 799 3642 ,καὶ
825 3583 924 3655 τὴν
953 3584 1094 3654 ὑπὲρ
1128 3585 1322 3640 αὐτῶν.
1347 3584 1422 3649 ὡς
1454 3586 1756 3658 ἀλλοτρίων
1789 3585 1942 3653 ὀφει-

370 3672 467 3744 λὴν
488 3671 894 3746 ὁμολογοῦντος.
1284 3709 1286 3711 >
1347 3729 1359 3736 ,ς
1428 3658 1433 3662 ”

363 3919 366 3922 .
441 3849 514 3925 η’.
553 3855 609 3908 Ὀ
639 3854 948 3930 ἄνθρωπος,
978 3856 1105 3918 τοὺς
1156 3855 1563 3926 πνευματικοὺς
1585 3855 1694 3909 τῶν
1730 3857 1944 3928 ὁρωμέ-

374 3963 479 4000 νων
514 3947 708 4014 λόγους
757 3947 1056 4012 κατανοῶν,
1106 3947 1436 4012 διδάσκεται,
1473 3949 1548 4012 ὡς
1577 3947 1692 4002 ἐστι
1721 3967 1805 4014 τις
1837 3951 1945 4006 τῶν

374 4039 715 4110 φαινομένων
749 4039 980 4106 ποιητής
1005 4055 1021 4070 ⁸
1053 4037 1151 4110 τὴν
1181 4037 1275 4090 τοῦ
1316 4037 1497 4102 ὁποῖός
1529 4040 1679 4094 ἐστιν
1709 4040 1942 4107 ἔννοιαν,

372 4129 447 4193 ὡς
468 4131 770 4199 ἀνέφικτον
802 4131 960 4199 ἀφεὶς
987 4130 1364 4195 ἀνεξέταστον.
1384 4133 1503 4204 Τὴν
1533 4133 1752 4205 γὰρςὸτι
1781 4137 1947 4207 Ποιη-

2029 1664 2320 1732 accedens,
2353 1671 2604 1737 superior
2631 1672 2814 1726 evadit
2847 1691 2858 1724 :
2892 1674 3038 1741 quod
3082 1675 3291 1728 scilicet
3333 1676 3613 1730 sensibili-

2030 1755 2133 1810 bus
2169 1773 2268 1826 per
2297 1755 2570 1816 actionem
2617 1777 2728 1815 non
2763 1764 2986 1828 serviat,
3019 1779 3124 1818 nec
3168 1765 3280 1819 ullo
3320 1767 3482 1820 modo
3513 1781 3615 1835 per

2031 1850 2462 1916 speculationem
2495 1852 2934 1923 intelligibilibus
2959 1854 3210 1909 devincta
3247 1855 3471 1911 haereat.

2101 1941 2153 1995 6.
2183 1941 2446 1996 Creatura
2476 1944 2783 1999 accusatrix
2825 1953 2910 1998 est
2957 1945 3250 2013 impiorum
3297 1941 3613 2001 hominum;

2032 2031 2234 2100 quibus
2281 2033 2550 2088 instructa
2601 2033 2909 2090 rationibus
2955 2043 3058 2099 est,
3111 2036 3406 2091 Auctorem
3454 2052 3616 2091 suum

2032 2123 2366 2193 praedicans;
2413 2125 2868 2194 naturalibusque
2909 2125 3212 2180 secundum
3253 2127 3468 2194 species
3499 2126 3616 2181 sin-

2033 2215 2187 2286 gulas
2210 2214 2348 2270 inea
2376 2215 2606 2286 legibus,
2639 2216 2919 2270 hominem
2949 2215 3015 2272 ad
3043 2215 3299 2272 virtutem
3331 2217 3614 2274 erudiens.

2032 2305 2295 2361 Rationes
2332 2307 2549 2376 itaque,
2588 2309 2641 2362 in
2673 2323 3129 2377 quarumcunque
3181 2309 3488 2378 specierum
3535 2319 3617 2364 at-

2035 2413 2141 2466 que
2163 2413 2422 2468 generum
2443 2400 2704 2455 continua
2727 2395 2888 2470 559
2906 2401 3251 2469 perennitate
3277 2408 3614 2456 noscuntur:

2035 2488 2184 2558 leges
2218 2505 2366 2555 vero,
2413 2491 2468 2544 in
2517 2492 2709 2547 eadem
2737 2491 2940 2561 speciei
2981 2492 3246 2563 cujusque
3293 2507 3357 2546 ac
3401 2493 3620 2563 generis

2036 2581 2274 2636 naturali
2315 2583 2634 2651 operatione
2678 2583 3000 2638 eluecscunt
3030 2600 3043 2636 :
3069 2582 3271 2652 quibus
3301 2581 3618 2653 intelligen-

2035 2671 2124 2727 dis
2150 2671 2374 2730 minime
2400 2673 2724 2729 adhibentes
2757 2673 3020 2738 animum,
3051 2688 3175 2736 cum
3195 2675 3490 2730 Auctorem
3532 2691 3620 2729 re-

2028 2777 2161 2816 .rum
2198 2762 2567 2825 nescivitnus,
2617 2769 2731 2824 tum
2785 2762 3188 2817 innaturalibus
3226 2762 3441 2818 cunctis
3465 2762 3620 2817 vitiis

2038 2867 2104 2908 ac
2135 2852 2426 2910 ali‘cctibus
2455 2853 2813 2909 intabuimus.

2114 2945 2164 2997 7.
2195 2942 2359 3008 Jubet
2401 2945 2704 3014 Scriptura,
2747 2953 2809 2999 ut
2847 2945 2959 3000 Deo
2987 2944 3130 2998 dona
3158 2943 3476 3008 oﬂ'eramus,
3508 2960 3618 3014 quo

2040 3049 2238 3104 nempe
2270 3034 2540 3090 inﬁnitam
2578 3035 2776 3091 divina:
2818 3034 3082 3090 bonitatis
3109 3033 3502 3092 abundantiam
3531 3051 3642 3093 τοι,

2040 3134 2361 3195 praesentet;
2389 3142 2529 3195 quae,
2565 3136 2822 3196 tanquam
2860 3126 2996 3182 nihil
3025 3126 3177 3195 prior
3199 3126 3616 3196 ipsaiutulerit,

2040 3217 2120 3272 sic
2150 3234 2180 3272 a
2212 3217 2372 3274 nobis
2403 3234 2634 3274 munera
2681 3218 2934 3288 accipiat,
2983 3227 3240 3288 tanquam
3277 3233 3416 3284 vere
3453 3217 3617 3282 dona,

2043 3316 2326 3379 totumque
2360 3310 2506 3379 quod
2546 3308 2852 3372 inferimus,
2875 3318 3161 3379 acceptum
3191 3308 3353 3364 nobis
3387 3307 3617 3372 referat;

2041 3401 2333 3472 plurimam
2363 3402 2576 3458 scilicet
2607 3415 2671 3456 ac
2699 3401 3031 3457 ineffabilem
3057 3416 3186 3471 erga
3210 3415 3312 3456 nos
3337 3396 3437 3455 Dei
3465 3399 3624 3457 beni-

2029 3493 2304 3562 gnitatem
2340 3493 2669 3558 ostendens,
2722 3493 2815 3563 qui
2852 3508 2948 3557 ea,
2993 3508 3114 3563 quae
3161 3509 3260 3548 sua
3306 3500 3465 3558 sunt,
3501 3501 3622 3548 ωηε-

2043 3598 2206 3652 quam
2238 3591 2426 3638 nostra
2467 3599 2533 3639 ετ
2563 3585 2724 3640 nobis
2763 3583 2947 3639 oblata
2981 3583 3262 3653 suscipiat,
3291 3598 3462 3653 seque
3495 3584 3620 3638 illo-—

2045 3687 2166 3726 rum
2194 3672 2438 3738 nomine,
2469 3687 2535 3728 ac
2565 3673 2612 3728 si
2647 3673 2826 3730 aliena
2853 3682 3058 3740 essent,
3083 3673 3272 3728 debito
3295 3673 3621 3729 obstrictum

2045 3763 2366 3832 proﬁteatur
2400 3774 2567 3834 atque
2596 3773 2876 3838 agnoscat.

2115 3851 2168 3907 8.
2207 3852 2404 3920 Homo,
2454 3855 2730 3924 spiritales
2776 3870 2961 3912 rerum
2994 3855 3412 3926 aspectabilium
3457 3856 3626 3911 ratio-

2045 3959 2145 3999 nes
2175 3944 2554 4012 considerans,
2581 3961 2703 4002 esse
2744 3945 2984 4016 aliquem
3020 3961 3205 4002 rerum
3253 3946 3470 4010 illarum
3515 3946 3625 4002 Au-

2045 4044 2252 4100 ctorem
2283 4036 2516 4092 docetur
2545 4053 2558 4091 :
2591 4038 2844 4107 quisnam
2878 4053 3011 4094 vero
3051 4038 3142 4095 ille
3175 4038 3247 4093 sit
3274 4039 3503 4110 ejusque
3536 4039 3625 4094 in-

2047 4128 2426 4199 telligentiam,
2451 4137 2516 4185 ut
2541 4146 2704 4201 quam
2729 4131 2948 4200 assequi
2979 4146 3088 4194 non
3130 4130 3322 4200 possit,
3364 4129 3626 4186 intactam

373 4221 494 4292 τὴς,
525 4222 638 4273 ἀλλ’
668 4221 767 4292 οὐχ
810 4222 993 4286 ὁποῖός
1027 4224 1176 4276 ἐστιν
1202 4225 1231 4276 ὁ
1278 4225 1530 4297 ποιητὴς,
1561 4228 1812 4300 ὁρωμένη
1847 4246 1939 4282 σα-

2049 4222 2331 4292 relinquit.
2359 4223 2518 4290 Quod
2543 4223 2791 4298 enim’sit
2817 4220 3105 4287 Conditor,
3136 4221 3284 4278 baud
3321 4236 3453 4277 vero
3498 4221 3626 4291 quis

375 4312 492 4382 φῶς
525 4313 559 4383 ἡ
590 4311 788 4377 κτίσις,
825 4314 1054 4386 παρέχει
1089 4315 1417 4387 κατάληψιν.

446 4485 512 4539 θ’.
538 4488 556 4510 ⁶¹
599 4461 767 4559 Ὀργῆ
799 4487 932 4542 Θεοῦ
983 4489 1153 4553 ἐστιν,
1177 4491 1222 4563 σή
1264 4491 1371 4546 τῶν
1405 4492 1944 4565 παιδαγωγουμένων

376 4577 630 4641 ἐπίπονος
660 4579 930 4648 αἴσθησις.
975 4580 1262 4646 Ἐπίπονος
1289 4581 1344 4635 δὲ
1377 4583 1714 4655 καθέστηκεν
1749 4587 1944 4656 αἰσθη-

379 4685 484 4734 σις,
513 4670 546 4740 ἡ
575 4669 684 4722 τῶν
718 4671 988 4725 ἀκουσίων
1019 4678 1200 4729 πόνων,
1227 4673 1518 4747 ἐπαγωγὴ,
1537 4677 1604 4730 δι’
1634 4672 1703 4748 ἦς
1733 4676 1824 4732 τὸν
1849 4680 1941 4733 ἐπ’

2048 4313 2137 4369 ille
2165 4323 2221 4370 et
2249 4315 2448 4385 qualis,
2494 4323 2554 4370 ut
2592 4314 3144 4388 comprehendamus,
3172 4321 3421 4370 creatura
3450 4313 3626 4369 oculis

2046 4407 2260 4476 objecta
2286 4407 2574 4478 manifeste
2603 4408 2817 4464 tribuit.

2117 4497 2170 4552 9.
2206 4497 2290 4554 ιω
2337 4498 2436 4554 Dei
2479 4507 2597 4563 est,
2647 4515 2842 4556 eorum
2869 4500 2965 4570 qui
2994 4500 3316 4570 'puniuntur
3364 4498 3625 4553 molestus

2047 4589 2332 4660 dolorique
2375 4592 2700 4662 coniunctus
2731 4608 2941 4648 sensus.
2991 4592 3092 4647 Hic
3130 4606 3283 4654 vero,
3318 4589 3628 4644 involunta-

2047 4681 2259 4735 riorum
2283 4682 2533 4737 laborum
2560 4685 2708 4739 illata
2734 4685 2818 4739 vis
2841 4693 2944 4750 est,
2976 4700 3084 4755 qua
3113 4684 3376 4747 animum,
3407 4678 3628 4735 virtutis

376 4759 545 4829 ἀρετῇ
577 4758 672 4812 καὶ
708 4759 908 4828 γνώσει
966 4759 1328 4828 φυσιούμενον
1376 4763 1522 4829 νοῦν,
1567 4765 1596 4816 ὁ
1648 4765 1779 4829 Θεὸς
1822 4769 1939 4836 ἄγει

2050 4771 2274 4827 nomine
2299 4787 2363 4826 ac
2392 4773 2635 4828 scientiae
2675 4775 2944 4838 inflatum,
2975 4775 3043 4828 ad
3071 4788 3264 4828 sensus
3303 4770 3626 4826 modestiam

378 4847 638 4912 πολλάκις
668 4851 802 4920 πρὸς
834 4849 1093 4918 συστολὴν
1126 4851 1219 4902 καὶ
1247 4852 1598 4907 ταπείνωσινο
1632 4857 1795 4910 αὑτὸν
1821 4859 1939 4911 ἐαυ-

2049 4873 2107 4918 et
2129 4863 2493 4920 humilitatem
2538 4864 2685 4920 haud
2716 4881 2842 4920 raro
2883 4865 3028 4920 Deus
3072 4864 3633 4936 adducitapraestans

377 4936 472 4991 τοῦ
523 4936 777 5005 γενέσθαι
827 4937 1003 5002 διδοὺς
1047 4938 1417 5011 ἐπιγνώμονα,
1461 4943 1557 4997 καὶ
1607 4944 1706 5014 τῆς
1742 4949 1939 5015 οἰκείας

2053 4962 2114 5008 ut
2146 4954 2385 5024 seipsum
2413 4964 2690 5027 agnoscat,
2730 4971 2992 5026 suamque
3026 4955 3397 5024 infirmitatem
3430 4952 3634 5010 intellio

447 5115 575 5183 ‘Cf.
633 5116 701 5173 ad
733 5116 982 5180 Thalass.
1019 5133 1074 5188 q.
1120 5116 1209 5182 52,
1279 5125 1342 5173 ut
1410 5117 1550 5177 infra
1615 5120 1685 5176 ad
1748 5137 1900 5178 num.
1970 5126 2058 5180 11.

453 5293 515 5366 (ι)
556 5294 653 5376 Ἐςν
665 5292 740 5362 τῇ
769 5291 1009 5376 συ-νοκῇ
1032 5292 1141 5376 τῆς
1167 5293 1436 5376 τοῦυκαθ⁹
1460 5294 1724 5376 ἕκαστον
1747 5297 1939 5376 εἴδους

2053 5303 2301 5376 acceptio
2335 5313 2438 5369 est,
2485 5312 2549 5376 ut
2589 5314 2674 5376 est
2717 5305 2845 5376 talis
2875 5312 3201 5376 contactus;
3235 5304 3303 5360 de
3331 5321 3441 5376 quo
3465 5306 3625 5365 Suid.

375 5365 805 5448 μογημότητος.
834 5365 897 5417 In
929 5365 1180 5448 continua
1208 5365 1676 5448 cujusfluespeciei
1703 5370 1939 5448 perenui-

2051 5372 2106 5448 in
2138 5365 2273 5448 voce
2327 5365 2547 5446 συνοχή.
2587 5375 2704 5448 Non
2737 5375 2877 5448 bene
2931 5375 3114 5440 Picus,
3173 5365 3451 5448 Sermones
3503 5396 3626 5447 ρεγα-

382 5443 511 5518 tute,
543 5435 1239 5518 seu‘conseruatione:q_ua
1268 5435 1485 5518 scilicet
1509 5435 1795 5518 individua
1819 5439 1944 5518 .alia
2045 5444 2315 5518 cipiuntur
2390 5435 2697 5500 exmsolida
2751 5435 3112 5518 cujuscunque
3176 5447 3369 5517 speciei
3452 5435 3624 5507 εόιιωιι

381 5505 508 5587 aliis
537 5505 800 5587 continua
824 5505 966 5587 serie
983 5505 1286 5560 succedunt
1305 5520 1370 5559 ac
1399 5503 1712 5586 cohaerent;
1737 5507 1942 5587 quippe
2050 5503 2244 5566 rentia.

383 5576 488 5632 alia
520 5591 590 5631 ex
637 5574 763 5631 aliis
811 5574 1080 5642 deducta;
1127 5589 1250 5644 quae
1299 5577 1524 5646 propria
1561 5575 1652 5630 τοῦ
1685 5574 1943 5645 συνεχοῦς
