4094 6204
341 371 472 438 1265

1003 369 1336 428 CAPITUM
1373 368 1796 441 QUINQUIES
1834 324 2353 428 CENTENORUM
2391 366 2779 427 CENTURIA
2817 365 2932 425 ΠΙ.

3444 362 3578 427 1266

406 484 500 550 ιγ’.
536 477 702 549 Ὅρον
727 478 820 531 καὶ⁵
847 479 1008 547 νόμον
1038 478 1415 549 ἐνυπάρχοντα
1440 479 1582 532 θεῖον
1612 481 1726 542 τοῖς
1753 474 1905 532 οὖσιν

2083 476 2168 530 15.
2199 478 2460 548 Regulam
2493 479 2776 548 legemque
2808 477 3048 530 divinam
3076 475 3241 530 rebus
3271 476 3447 532 inesse
3476 478 3581 534 sci-

333 572 517 640 ἴσμεν,
567 570 666 640 τὴν
711 568 819 620 τῶν
874 567 1044 620 ὄντων
1089 568 1414 636 συνεκτικὴν
1449 569 1730 640 πρόνοιαν,
1767 566 1907 620 κατά

334 660 516 732 κρίσιν
561 660 777 713 δικαίαν
801 662 869 731 τῇ
901 659 1094 713 σπάνει
1137 660 1246 712 τῶν
1289 659 1510 728 ἀγαθῶν
1543 659 1909 715 παιδεύουσαν

334 752 471 821 πρὸς
507 751 953 822 εὐγνωμοσύνην,
982 752 1108 814 τοὺς
1136 751 1228 802 ἐπὶ
1270 754 1336 820 τῇ
1381 750 1612 821 ἀφθονίᾳ
1640 750 1748 803 τῶν
1775 750 1910 816 ἀγα-

335 841 444 894 θῶν
468 843 605 911 πρὸς
633 842 725 894 τὸν
749 842 955 912 ταύτης
986 842 1222 912 χορηγὸν
1257 841 1526 909 φανέντας
1558 839 1908 909 ἀγνώμονας,

333 932 420 986 διὰ
444 931 554 987 τῶν
581 933 841 985 ἐναντίων
869 933 1066 995 αὐτοὺς
1099 931 1235 1002 πρὸς
1283 930 1637 1001 συναίσθησιν
1669 930 1910 997 ἄγουσαν

335 1024 433 1092 τῆς
465 1023 560 1074 τοῦ
609 1020 970 1092 χαριζομένου
1005 1023 1074 1075 τά
1118 1021 1257 1075 καλὰ
1301 1021 1672 1090 διαγνώσεως.
1709 1021 1774 1072 Ἦ
1822 1014 1911 1072 ἐπ’

335 1118 502 1186 ἀρετῇ
533 1114 642 1184 γὰρ
686 1114 884 1184 οἴησις,
918 1112 1381 1182 ἀπαιδαγὼγητος
1431 1113 1692 1182 μένουσα,
1726 1110 1788 1164 τὸ
1813 1111 1911 1181 τῆς

337 1207 716 1278 ὑπερηφανίας
754 1207 952 1275 γεννᾷν
992 1205 1204 1274 πέφυκε
1253 1206 1487 1275 νόσημα,
1527 1203 1590 1258 τὸ
1632 1203 1731 1275 τὴν
1759 1204 1908 1258 ἀντι-

338 1299 597 1370 κειμένην
624 1297 702 1369 τῷ
728 1297 848 1368 Θεῷ
874 1297 1040 1369 φέρον
1061 1297 1322 1352 διάθεσιν.

412 1477 493 1530 ιδ’.
528 1477 586 1530 '0
617 1477 861 1545 οἰόμενος
896 1476 1087 1530 ἑαυτὸν
1121 1475 1510 1546 κατειληφέναι
1541 1477 1602 1528 τὸ
1636 1476 1788 1539 τέλος
1811 1476 1910 1545 τῆς

342 1571 565 1640 ἀρετῆς,
599 1569 851 1639 οὐδαμῶς
897 1569 1123 1639 ζητήσει
1170 1567 1356 1622 λοιπὸν
1387 1568 1484 1639 τὴν
1528 1569 1773 1639 πηγαίαν
1800 1569 1909 1621 τῶν

343 1661 520 1715 καλῶν
552 1661 753 1724 αἰτίαν,
777 1659 956 1728 ἑαυτῷ
989 1659 1134 1730 μόνῳ
1162 1659 1510 1730 περιγράψας
1540 1658 1639 1730 τὴν
1665 1659 1764 1729 τῆς
1789 1661 1911 1728 ἐφέ-

344 1771 479 1816 σεως
501 1752 751 1821 δύναμιν,
797 1751 893 1803 καὶ
922 1751 1083 1803 αὐτὸν
1115 1753 1211 1822 τῆς
1241 1750 1515 1821 σωτηρίας
1543 1752 1634 1804 τὸν
1657 1752 1782 1822 ὅρον
1815 1750 1904 1818 ὑφ’

343 1805 559 1905 ἑαυτοῦ,
595 1805 750 1911 φημὶ,
768 1841 826 1894 δὲ
859 1841 951 1894 τὸν
996 1805 1561 1912 Θεὸνίξημιούὶιενά
1599 1805 1702 1913 (at):
1743 1843 1800 1896 '0
1849 1805 1906 1895 δὲ
1939 1805 1982 1860 Β

343 1933 441 1998 τῆς
488 1930 682 1984 ἑαυτοῦ
731 1931 859 2001 περὶ
910 1931 979 1984 τά
1017 1932 1157 1986 καλά
1201 1933 1438 2004 φυσικῆς
1485 1934 1908 2003 συναισθόμενος

346 2020 554 2084 πενίας,
595 2021 656 2073 ού
697 2020 925 2074 παύεται
963 2022 1346 2094 προτροπάδην
1384 2023 1595 2094 τρέχων
1647 2025 1784 2093 πρὸς
1819 2023 1910 2077 τὸν

343 2109 526 2162 δοῦναι
551 2109 847 2180 δυνάμενον
873 2111 971 2181 τῆς
1003 2112 1212 2177 ἐνδείας
1245 2113 1342 2183 τὴν
1366 2113 1666 2184 πλήρωσιν.

418 2206 498 2253 ιε’.
528 2199 586 2252 ὐ
617 2201 716 2269 τὴν
745 2201 998 2270 ἀπειρίαν
1023 2202 1121 2272 τῆς
1138 2202 1336 2272 ἀρετῆς
1360 2202 1630 2270 διαγνοὺς,
1655 2203 1912 2256 οὐδέποτε

346 2292 438 2344 τοῦ
489 2292 609 2346 κατ’
653 2292 821 2362 αὐτὴν
858 2294 1092 2347 παύεται
1128 2295 1365 2364 δρόμου,
1400 2295 1485 2347 ἵνα
1537 2295 1612 2365 μὴ
1661 2295 1913 2366 ζημιωθῇ

347 2384 513 2455 αὐτὴν
541 2383 640 2454 τῆς
663 2384 865 2454 ἀρετῆς
879 2384 978 2453 τὴν
1013 2386 1188 2456 ἀρχὴν
1228 2386 1322 2440 καὶ
1350 2386 1411 2439 τὸ
1440 2387 1614 2451 τέλος,
1643 2388 1734 2441 τὸν
1785 2388 1916 2442 Θεὸν

347 2476 513 2542 λέγω,
547 2476 674 2547 περὶ
705 2476 894 2530 ἑαυτὸν
918 2479 1120 2549 στήσας
1148 2480 1245 2550 τὴν
1279 2480 1496 2550 κίνησιν
1523 2483 1623 2551 τῆς
1655 2482 1914 2550 ἐφέσεως·

352 2567 444 2620 καὶ
475 2566 611 2638 λάθῃ
633 2554 884 2637 νομίζων
898 2569 1224 2640 ἐπειλῆφθαι
1249 2570 1347 2641 τῆς
1385 2571 1715 2640 τελειότητος
1735 2615 1750 2640 ,
1787 2574 1918 2627 ὑπο-

353 2659 530 2729 μένων
574 2657 665 2710 τοῦ
709 2659 923 2730 ἀληθῶς
949 2659 1101 2723 ὄντος
1141 2660 1240 2731 τὴν
1294 2651 1586 2728 ἔκπτωσιν,
1621 2664 1757 2733 πρὸς
1784 2664 1920 2734 ὅπερ

353 2752 628 2820 ἐπείγεται
671 2751 820 2804 πᾶσα
844 2751 1132 2805 σπουδαίου
1160 2752 1392 2826 κίνησις.

449 2947 522 3004 ς’.
563 2941 771 2994 Γίνεται
800 2941 1022 3004 δικαίως
1053 2943 1146 2995 ἐπὶ
1175 2943 1264 2996 τὸν
1310 2943 1660 3014 ὑψηλόφρονα
1689 2944 1811 2998 νοῦν
1840 2946 1923 3014 op-

355 3035 426 3105 γῄ
454 3050 464 3060 ·
499 3034 796 3104 τουτέστιν,
823 3034 1239 3104 ἐγκατάλειψις,
1267 3035 1408 3090 καθά
1464 3039 1679 3108 εἴρηται
1717 3054 1728 3065 ·
1757 3039 1923 3107 ἤγουν

2011 583 2152 632 mus,
2183 585 2304 638 qua:
2337 569 2547 625 scilicet
2595 586 2681 626 res
2713 568 2960 624 continet
3007 584 3071 623 ac
3113 576 3420 634 conservat,
3449 569 3583 624 Pro-

2011 658 2336 726 videntiam;
2373 663 2523 732 justo
2548 663 2708 732 plane
2733 661 2942 732 judicio
2975 660 3243 714 bonorum
3275 662 3502 730 penuria
3527 671 3586 716 et

2010 760 2250 819 egestate
2297 752 2417 806 illos
2461 754 2826 814 erudientem,
2874 761 2934 806 ut
2976 752 3115 821 grati
3143 752 3311 806 animi
3360 767 3583 807 sensum

2011 850 2310 905 assumant,
2357 842 2450 910 qui
2512 843 2669 897 bonis
2708 842 3012 906 alIluentes,
3058 843 3298 911 ipsorum
3338 842 3584 912 largitori

2014 931 2210 998 ingrati
2249 933 2600 996 exstiterant;
2628 948 2694 986 ex
2735 933 3027 987 contrariis
3071 932 3332 986 nimirum
3377 933 3432 987 in
3461 949 3587 989 sen-

2012 1036 2133 1074 sum
2165 1021 2436 1089 ducendo,
2465 1025 2603 1094 ejus,
2628 1023 2719 1093 qui
2749 1023 3019 1077 bonorum
3049 1031 3241 1076 auctor
3271 1038 3334 1076 ac
3359 1023 3586 1094 largitor

2012 1109 2101 1163 sit.
2147 1108 2278 1174 Quae
2317 1112 2464 1164 enim
2513 1127 2613 1180 pro
2643 1110 2863 1166 virtutis
2895 1112 3138 1176 nomine,
3190 1111 3368 1166 inanis
3399 1111 3587 1181 opinio

2013 1200 2323 1270 mentisque
2366 1202 2531 1257 elatio
2574 1202 2806 1266 accedit,
2855 1203 2958 1256 nisi
3007 1203 3362 1273 castigatione
3406 1203 3586 1272 aliqua

2011 1301 2358 1357 coercentur,
2385 1293 2658 1362 superbiae
2677 1294 2931 1348 morbum
2959 1293 3236 1364 (allectum
3263 1295 3450 1364 utique
3476 1295 3587 1349 Deo

2010 1383 2369 1453 contrarium)
2411 1385 2653 1454 proclive
2687 1385 2846 1454 parit.

2083 1475 2169 1527 14.
2215 1474 2319 1540 Qui
2367 1491 2426 1530 se
2466 1476 2686 1547 virtutis
2726 1476 2888 1532 linem
2925 1487 3238 1534 assecutum
3269 1478 3425 1550 561
3467 1494 3589 1534 esse

2009 1567 2304 1631 existimat,
2341 1585 2612 1638 nusquam
2641 1569 2901 1638 deinceps
2931 1568 3202 1624 bonorum
3246 1570 3591 1628 fontem,au-

2011 1664 2330 1725 ctoremque
2365 1657 2628 1726 requirat,
2663 1658 2766 1710 sibi
2808 1657 2922 1726 ipse
2961 1658 3420 1712 circumscribens
3446 1660 3593 1714 desi-

2011 1748 2153 1802 derii
2184 1749 2314 1814 vim,
2344 1764 2552 1817 suoque
2580 1748 2694 1818 ipse
2730 1749 2886 1814 vitio,
2916 1749 3089 1817 ipsius
3110 1749 3303 1804 salutis
3328 1748 3452 1803 linis
3473 1749 3591 1820 (Dei

2013 1841 2294 1913 nimirum)
2339 1843 2608 1912 jacturam
2661 1841 2884 1896 faciens.
2938 1842 3041 1908 Qui
3091 1851 3274 1897 autem
3326 1842 3594 1896 naturalis

2012 1947 2122 1986 sua:
2147 1934 2508 2002 paupertatis,
2538 1932 2605 1986 ad
2649 1933 2792 1986 bona
2831 1932 2978 2002 quod
3009 1934 3204 1988 attinet
3243 1949 3309 1988 ac
3340 1935 3589 1998 honesta,

2013 2023 2117 2096 sibi
2145 2024 2258 2093 ipse
2284 2025 2538 2079 conscius
2563 2034 2667 2090 est,
2692 2025 2761 2078 ad
2789 2040 2915 2078 eum
2942 2023 3202 2080 festinare
3243 2042 3353 2081 non
3395 2033 3590 2090 cessat,

2013 2113 2105 2181 qui
2144 2113 2386 2182 penuriae
2429 2115 2872 2183 supplementum
2913 2131 3057 2168 unus
3100 2122 3357 2184 praestare
3392 2124 3592 2183 potest.

2087 2204 2173 2258 15.
2205 2202 2306 2257 Cui
2333 2202 2546 2257 inﬁnita
2579 2203 2804 2258 virtutis
2837 2204 3146 2272 amplitudo
3175 2204 3462 2272 explorata
3483 2211 3592 2268 est,

2017 2294 2084 2348 ab
2114 2296 2235 2366 ejus
2255 2311 2540 2364 nunquam
2580 2311 2745 2350 cursu
2776 2294 3016 2359 desistit,
3050 2311 3119 2351 ne
3143 2296 3274 2364 ejus
3305 2295 3477 2364 ipsius
3498 2295 3596 2364 qui

2017 2391 2239 2445 virtutis
2270 2391 2608 2460 principium
2649 2407 2714 2446 ac
2755 2391 2880 2445 linis
2920 2398 3007 2445 est
3037 2391 3166 2459 (hoc
3209 2399 3316 2455 est,
3347 2389 3467 2460 Dei)
3509 2391 3596 2461 ja-

2018 2494 2232 2538 cturam
2266 2483 2454 2548 faciat,
2499 2484 2618 2552 ipse
2661 2484 2808 2539 circa
2836 2499 2894 2537 se
2926 2481 3190 2537 desiderii
3232 2490 3442 2537 motum
3467 2481 3599 2536 deli-

2020 2575 2230 2630 niens:
2290 2575 2722 2644 imprudensque
2780 2581 3005 2628 nactum
3071 2589 3129 2628 se
3197 2573 3595 2644 perfectionem

2020 2667 2316 2731 existimet,
2363 2667 2432 2721 ab
2459 2681 2526 2722 eo
2569 2667 2860 2736 prolapsus
2899 2665 3049 2735 quod
3097 2675 3184 2720 est
3229 2680 3384 2731 vere,
3427 2673 3485 2719 et
3529 2664 3597 2719 ad

2022 2760 2172 2828 quod
2213 2768 2398 2814 motus
2438 2759 2641 2824 omnis,
2679 2759 2822 2828 ejus,
2852 2758 2948 2828 qui
2989 2757 3184 2813 virtuti
3221 2756 3428 2820 studet,
3464 2769 3598 2810 con-

2025 2852 2226 2907 tendit.

2097 2945 2183 3000 16.
2213 2954 2369 3000 Juste
2409 2946 2489 3000 ira
2518 2947 2574 2999 in
2599 2945 2845 2999 animum
2871 2946 3042 2998 altum
3071 2942 3371 3013 sapientem
3420 2939 3603 2996 obtin-

2026 3037 2106 3105 git
2149 3053 2160 3088 :
2223 3052 2423 3106 nempe
2468 3036 2779 3101 derelictio,
2827 3037 2907 3090 uti
2951 3033 3161 3089 dictqu
3206 3045 3326 3098 est;
3371 3033 3507 3098 sive,
3541 3039 3604 3087 ut

356 3125 390 3192 ὴ
423 3123 515 3174 τοῦ
547 3122 894 3193 διοχληθῆναι
937 3124 1098 3178 αὑτὸν
1130 3126 1272 3178 κατά
1309 3143 1369 3179 τε
1401 3127 1498 3196 τὴν
1527 3125 1745 3198 πρᾶξιν,
1783 3129 1924 3181 κατά

2028 3129 2272 3183 divexari
2326 3145 2357 3183 a
2403 3129 2750 3183 daemonibus
2800 3143 2866 3182 ac
2916 3127 3143 3181 molesta
3192 3125 3306 3195 pati
3365 3125 3601 3188 sinatur,

358 3231 416 3266 τε
451 3215 549 3286 τὴν
578 3214 809 3286 θεωρίαν
846 3214 950 3267 ὑπὸ
977 3215 1250 3286 δαιμόνων
1274 3217 1618 3290 συγχώρησις
1645 3235 1658 3249 ⁸
1701 3220 1787 3274 ἵνα
1827 3220 1924 3276 λά-

360 3305 451 3375 ϐῃ,
475 3305 575 3374 τῆς
607 3305 704 3375 μὲν
730 3306 920 3358 ἑαυτοῦ
953 3311 1184 3378 φυσικῆς
1209 3309 1519 3373 ἀσθενείας,
1551 3309 1923 3382 συναίσθησιν

357 3399 456 3467 τῆς
482 3397 538 3449 δὲ
570 3397 873 3468 σκεπούσης
917 3399 1096 3464 αὑτὸν,
1129 3401 1222 3453 καὶ
1282 3405 1344 3454 τὸ
1408 3403 1513 3455 πᾶν
1561 3402 1931 3474 κατορθούσης

360 3490 467 3542 τῶν
492 3489 710 3556 ἀγαθῶν
735 3490 881 3551 θείας
915 3491 1197 3560 δυνάμεώς
1219 3510 1277 3543 τε
1307 3495 1398 3545 καὶ
1424 3494 1665 3564 χάριτος,
1690 3496 1788 3563 τὴν
1807 3496 1930 3548 ὲπί-

361 3598 562 3648 γνωσιν
587 3598 600 3610 ·
639 3582 733 3634 καὶ
760 3581 1095 3652 ταπεινωθῇ.
1124 3583 1312 3652 πόρρω
1342 3583 1620 3653 παντελῶς
1649 3585 1845 3638 ἑαυτοῦ
1872 3583 1932 3637 τδ

361 3673 636 3744 ἀλλότριον
673 3673 764 3726 καὶ
816 3672 967 3742 παρά
1019 3671 1179 3740 φύσιν
1224 3671 1359 3740 ὕψος
1397 3673 1717 3743 ποιούμενος
1745 3689 1758 3703 ⁸
1791 3673 1929 3727 ὥστε

366 3766 440 3837 μὴ
471 3765 714 3819 ἐπελθεῖν
754 3763 1034 3816 ἐπ’-αὺτὸν
1060 3765 1157 3834 τὴν
1187 3763 1352 3834 ἄλλην
1373 3764 1560 3836 ὀργὴν,
1592 3766 1691 3835 τῆς
1722 3765 1828 3818 τῶν
1851 3765 1934 3818 δο-

363 3857 565 3911 θέντων
597 3855 950 3928 χαρισμάτων
998 3855 1361 3924 ἀφαιρέσεως,
1403 3855 1809 3908 ταπεινωθέντα
1839 3854 1936 3906 καὶ

364 3950 653 4016 γενόμενον
714 3949 812 4019 τῆς
861 3948 953 4001 τοῦ
1013 3947 1344 4018 παρέχοντος
1414 3946 1481 4000 τὰ
1547 3946 1688 4000 καλὰ
1751 3964 1934 4000 συναι-

366 4041 625 4114 σθήσεως.

438 4136 523 4199 ιζ’,
566 4134 622 4185 '0
655 4133 730 4204 μὴ
762 4129 1150 4202 σωφρονισθεὶς
1180 4129 1256 4199 τῷ
1285 4129 1487 4199 πρώτῳ
1531 4131 1664 4182 εῖδει
1711 4130 1807 4199 τῆς
1842 4130 1936 4201 ὀρ-

366 4226 491 4294 γῆς,
525 4225 692 4293 ἧγουν
745 4218 1201 4290 ὲγκαταλείψεως,
1247 4219 1422 4272 ὲλθεῖν
1462 4220 1598 4289 πρὸς
1660 4220 1928 4273 ταπείνω.

369 4334 473 4379 σιν,
518 4314 862 4384 ἡγησάμενος
910 4311 1079 4382 αὐτὴν
1121 4309 1220 4380 τῆς
1266 4309 1436 4381 καλῆς
1485 4311 1938 4380 ὲπιγνωμοσύνης

2031 3229 2146 3274 tum
2195 3221 2346 3289 quod
2389 3220 2458 3274 ad
2503 3220 2801 3284 actionem,
2839 3231 2955 3274 tum
2982 3218 3130 3288 quod
3162 3219 3230 3276 ad
3265 3217 3604 3286 contempla-

2032 3313 2238 3368 tionem
2286 3313 2530 3368 attinet:
2582 3327 2695 3381 quo
2723 3311 2962 3374 scilicet,
2997 3309 3269 3366 naturalis
3301 3323 3415 3362 suae
3451 3304 3606 3360 inlit-

2032 3403 2242 3459 mitatis
2280 3419 2445 3458 sensu
2499 3411 2782 3472 percepto,
2810 3417 2869 3457 se
2909 3409 3307 3472 protegentem,
3354 3401 3608 3468 bonaque

2030 3497 2214 3550 omnia
2252 3504 2621 3564 praestantem,
2654 3493 2897 3547 divinam
2927 3493 3228 3563 potentiam
3262 3494 3604 3563 gratiamque

2032 3594 2314 3656 agnoscat,
2339 3594 2397 3639 et
2417 3585 2776 3649 humilietur;
2813 3599 2878 3638 ac
2906 3583 3099 3652 procul
3123 3583 3350 3637 omnino
3369 3583 3606 3637 alienam

2033 3687 2197 3748 atque
2225 3694 2256 3731 a
2275 3685 2487 3731 natura:
2521 3676 2830 3730 rationibus
2853 3675 3270 3737 abhorrentem,
3303 3673 3605 3728 celsitatem

2034 3767 2292 3836 abjieiat;
2341 3782 2412 3821 ne
2451 3765 2558 3820 alia
2591 3766 2674 3819 ira
2720 3766 2798 3819 illi
2841 3762 3218 3834 superveniat,
3255 3757 3362 3831 qua
3397 3761 3608 3817 scilicet

2035 3858 2315 3912 concessis
2340 3857 2502 3912 donis
2532 3855 2729 3910 ablatis
2771 3855 3117 3918 humiliatus,
3160 3852 3216 3906 in
3252 3851 3430 3921 ipsius
3463 3851 3607 3906 bona

2037 3948 2337 4018 praebentis
2373 3962 2596 4002 sensum
2621 3946 2826 4000 veniat.

2111 4127 2197 4180 17.
2224 4124 2327 4192 Qui
2363 4125 2542 4195 primo
2583 4124 2679 4180 irae
2716 4138 2918 4194 genere
2953 4121 3033 4191 (id
3072 4128 3179 4183 est,
3213 4116 3609 4186 derclictionis)

2039 4215 2267 4270 minime
2313 4214 2642 4271 emendatus
2697 4220 2801 4276 est,
2859 4219 2918 4264 ut
2979 4210 3221 4278 seipsum
3272 4207 3609 4270 humiliaret,

2041 4309 2365 4363 existimans
2391 4307 2578 4377 probae
2610 4303 2966 4376 gratitudinis
2988 4317 3108 4356 eam
3127 4300 3442 4369 magistram
3469 4313 3610 4364 esse,

368 4405 706 4467 διδάσκαλον,
741 4405 838 4475 τὴν
863 4403 1030 4473 ἀλλην
1055 4403 1264 4472 δέχεται
1304 4401 1490 4470 σαφῶς
1515 4405 1600 4455 ἐπ’
1631 4403 1792 4455 αὑτὸν
1845 4404 1926 4472 έρ-

2044 4407 2272 4458 alteram
2310 4403 2472 4472 plane
2500 4401 2556 4453 in
2587 4415 2646 4453 se
2685 4397 3000 4452 venientem
3048 4394 3183 4447 iram
3215 4391 3470 4460 excipiet,
3512 4391 3609 4443 do-

2311 4495 2321 4505 ι
2478 4503 2486 4506 .
2685 4505 2690 4506 ,
2741 4504 2750 4506 _
2787 4487 3068 4506 ,D-,.A__.A__-
3123 4485 3500 4506 ι--,.ι,.........-..,.
3528 4490 3582 4506 ι..

371 4497 604 4566 χομένην
635 4495 820 4568 ὀργὴν,
855 4496 1266 4566 ἀφαιρουμένην
1311 4494 1474 4548 αὑτοῦ
1518 4494 1616 4560 τὴν
1651 4493 1761 4547 τῶν
1785 4512 1940 4565 χαρι-

373 4591 592 4657 σμάτων
641 4589 940 4660 ἐνέργειαν,
974 4589 1066 4640 καὶ
1117 4587 1320 4658 ἔρημον
1379 4587 1540 4642 αὑτὸν
1595 4586 1942 4642 καθιστῶσαν

369 4681 468 4750 τῆς
505 4680 640 4744 τέως
662 4680 1001 4750 φρουρούσης
1033 4678 1331 4749 δυνάμεως.
1368 4678 1595 4747 Ἀφελῶ
1627 4682 1698 4748 γὰ
1747 4717 1762 4740 ,
1786 4679 1941 4746 φησὶ,

372 4774 477 4825 τὸν
505 4772 775 4842 φραγμὸν
799 4772 1006 4836 αὐτοῦ,
1043 4771 1169 4842 περὶ
1202 4771 1294 4823 τοῦ
1321 4771 1633 4841 ἀγνώμονος
1664 4767 1884 4841 Ἰσραὴλ
1916 4773 1946 4823 ό

374 4865 505 4927 Θεὸς
533 4865 726 4933 λέγων,
769 4864 867 4941 καὶ
894 4864 1063 4925 ἔσται
1091 4866 1180 4929 εις
1207 4863 1542 4934 διαρπαγήν
1573 4881 1588 4896 ο
1620 4861 1721 4916 καί
1764 4867 1942 4919 καθε-

375 4954 460 5008 λῶ
490 4955 594 5008 τόν
633 4954 837 5022 τοῖχον
863 4953 1070 5017 αὑτοῦ,
1104 4953 1200 5006 καὶ
1235 4952 1410 5006 ἕσται
1465 4954 1553 5017 είς
1598 4953 1944 5020 καταστάτην

370 5065 458 5116 μα
489 5065 500 5076 ⁸
535 5047 630 5100 καί
657 5045 866 5112 ἀνήσω
903 5044 1008 5098 τὸν
1057 5043 1382 5113 ἀμπελῶνά
1418 5061 1558 5112 μου.
1587 5043 1688 5098 καί
1731 5047 1804 5099 οὐ
1850 5050 1936 5115 μὴ

377 5138 591 5208 τμηθῇ,
642 5138 784 5194 οὐδὲ
837 5136 920 5207 μὴ
980 5135 1187 5204 σκαφῇ
1220 5152 1232 5165 ο
1268 5135 1367 5189 καὶ
1428 5136 1795 5204 ἀναϐήσεται
1850 5140 1938 5200 εἰς

378 5229 566 5282 αὐτὸν
591 5229 671 5293 ὡς
697 5230 780 5294 εἰς
809 5227 1031 5296 χέρσον
1070 5226 1330 5288 ἄκανθα,
1362 5225 1458 5278 καί
1502 5224 1632 5292 ταῖς
1661 5226 1942 5296 νεφέλαις

379 5319 732 5388 ἐντελοῦμαι
757 5318 863 5372 τοῦ
887 5316 972 5386 μὴ
996 5315 1210 5383 βρέξαι
1230 5317 1314 5380 εις
1343 5315 1552 5369 αὐτόν.

397 5539 402 5548 τ
450 5475 492 5508 ⁵⁸
523 5473 626 5531 lsa.
658 5489 712 5538 γ,
743 5472 796 5538 5,
826 5469 876 5524 6.

454 5610 675 5685 (xw?)
711 5607 945 5685 ὲᾳυζΟῦΑ
961 5604 1364 5685 (intret/inemo
1404 5602 1567 5685 “ipse‘
1598 5601 1702 5683 sibi
1749 5610 1942 5681 auctor

386 5670 673 5740 amittendi
695 5678 887 5734 salutis
917 5670 1076 5729 linem
1104 5674 1296 5746 (Deum
1340 5670 1571 5746 scilicet)
1603 5672 1831 5740 ejusque
1861 5671 1942 5739 ja-

388 5764 576 5812 cturae.
606 5749 762 5820 Quod
779 5749 856 5803 sic
879 5743 1316 5811 clamm,'Picus,
1340 5743 1464 5809 hoc,
1495 5749 1550 5796 et
1575 5755 1690 5812 seq.
1732 5753 1877 5810 cap.,
1908 5756 1939 5803 ᾳ

2047 4511 2242 4550 norum
2271 4495 2382 4546 vim
2407 4503 2703 4559 actumque
2732 4487 3097 4550 auferentem,
3122 4485 3502 4550 hactenusque
3528 4490 3617 4534 tu-

2047 4597 2161 4641 tum
2206 4601 2332 4639 eum
2368 4592 2661 4654 praastante
2701 4579 2949 4649 potentia
2981 4587 3145 4646 atque
3174 4574 3398 4637 virtute,
3436 4571 3614 4640 ipsum

2046 4679 2440 4736 denudantem.
2461 4674 2719 4742 Auferam
2738 4669 2910 4732 enim,
2929 4666 3106 4737 inquit
3127 4666 3291 4726 Deus,
3309 4662 3378 4717 de
3401 4661 3613 4729 ingrato

2048 4769 2249 4826 Israele
2285 4769 2540 4836 loquens,
2569 4779 2742 4834 sepem
2771 4763 2905 4824 eius,
2944 4767 2991 4810 et
3024 4759 3120 4811 erit
3147 4757 3201 4809 in
3232 4753 3612 4821 direptionem:

2054 4955 2120 5008 Et
2150 4950 2447 5020 relinquam
2478 4947 2687 4999 vineam
2727 4956 2920 5001 meam,
2943 4946 2990 4990 et
3022 4952 3124 4990 non
3159 4933 3431 5020 putabilur
3454 4945 3619 5000 neque

2047 5043 2280 5116 fodietur
2299 5018 2318 5093 V:
2343 5047 2389 5090 et
2421 5033 2659 5089 ascendet
2689 5031 2741 5083 in
2771 5043 2910 5090 eam,
2933 5033 2990 5077 ut
3029 5024 3082 5076 in
3113 5033 3310 5075 terram
3334 5018 3618 5116 desertam,

2046 5105 2240 5207 spina;
2267 5139 2316 5185 et
2344 5127 2562 5184 nubibus
2587 5119 2847 5181 mandabo
2869 5135 2932 5172 ne
2947 5116 3135 5189 pluunt
3156 5127 3315 5183 super
3338 5125 3456 5170 eam
3481 5105 3547 5160 ⁸³»

2051 5612 2218 5666 seipse
2275 5587 2794 5666 aﬂiciens_injuria_,
2851 5577 3204 5644 contumelia;
3266 5571 3414 5647 quod
3457 5571 3622 5630 ulmis

2050 5661 2392 5723 crassumac
2413 5661 2676 5732 supinum
2706 5663 2810 5713 est.
