4094 6204
583 401 723 471 1267

1738 416 1799 476 s.
1838 410 2127 476 MAXIM!
2164 402 2670 483 CONFESSORIS
2719 370 2741 376 ﬂ

3676 434 3789 501 1268

652 521 740 579 18.
765 522 1033 579 Proelivis
1056 523 1240 581 adhuc
1274 526 1341 582 ad
1386 528 1725 601 impietatem
1749 532 1837 587 via
1868 541 1973 599 est,
2002 531 2149 602 quod
2177 533 2231 595 Δ

2177 533 2231 595 Δ
2327 536 2416 608 ιη’.
2456 539 2580 594 Ἔτι
2629 540 2777 613 [εάίε.
2807 550 2856 596 et
2891 559 3029 599 unus
3066 543 3194 617 Reg.
3227 546 3337 618 ὅτι]
3381 546 3517 618 πρὸς
3569 548 3786 607 ἀσέϐειαν

581 610 921 682 aliquis-pra:
953 613 1139 671 cordis
1176 615 1405 687 duritia,
1433 621 1704 677 virtutum
1742 624 2014 694 jacturam
2039 637 2155 677 non

580 703 802 759 sentiat.
833 702 938 770 Qui
967 707 1118 761 enim
1145 707 1218 763 ob
1251 713 1434 768 carnis
1472 714 1780 784 voluptates
1804 731 1867 771 ac
1891 716 2152 771 libidines

577 795 1144 856 in‘cousuetudiuem
1191 803 1355 860 duxit
1392 815 1453 863 ut
1494 807 1607 862 Deo
1637 824 1748 863 non
1788 808 2148 878 obsequatur,

577 887 759 957 ipsum
787 904 1009 961 quoque
1042 893 1214 949 Deum
1241 898 1482 967 negabit,
1510 915 1633 955 cum
1657 915 1715 955 se
1746 900 1963 956 occasio
1986 899 2151 956 dede-

576 979 679 1045 rit;
716 981 900 1036 carnis
929 983 1097 1040 vitam
1120 1001 1183 1041 ac
1206 986 1365 1059 562
1388 989 1821 1046 incolumitatem
1852 992 1965 1047 Deo
1996 1000 2151 1047 aute-

575 1083 811 1141 ponens,
856 1075 1014 1145 cujus
1049 1083 1107 1132 et
1150 1079 1313 1135 unius
1359 1080 1619 1137 libidines
1661 1083 1864 1138 divinis
1899 1084 2151 1138 volunta-

577 1160 729 1219 tibus
758 1152 1025 1234 praeludit.

646 1251 736 1307 19.
781 1253 1056 1326 Quidquid
1090 1259 1203 1313 ullo
1252 1261 1415 1318 nodo
1447 1278 1667 1332 passum
1706 1264 1950 1318 animum
1986 1272 2147 1333 puta-

576 1342 844 1410 verimus,
884 1363 993 1403 una
1033 1364 1160 1404 cum
1206 1367 1274 1408 eo
1319 1354 1486 1409 etiam
1532 1356 1654 1427 ejus
1700 1356 1898 1427 agendi
1942 1358 2050 1411 vim
2085 1372 2148 1411 ac

575 1435 988 1506 contemplandi
1048 1456 1263 1510 passam
1333 1460 1454 1500 esse
1521 1446 1978 1502 existimabimus.
2034 1448 2147 1505 Nec

573 1523 724 1578 enim
764 1542 1010 1598 unquam
1061 1532 1369 1603 subjectum
1421 1537 1661 1605 patiatur
1710 1546 1805 1593 aut
1851 1537 2144 1605 afﬁciatur,

572 1614 707 1683 quin
734 1631 798 1672 ea
827 1634 951 1688 quae
990 1630 1118 1676 sunt
1166 1622 1224 1677 in
1265 1625 1514 1695 subjecto
1544 1628 1778 1696 perinde
1803 1637 1860 1682 et
1889 1629 2003 1698 ipsa
2030 1628 2144 1684 dis-

571 1716 868 1774 ponantur.
906 1709 1228 1783 Subjectum
1258 1724 1442 1770 autem
1471 1717 1715 1772 animum
1763 1720 1998 1791 appello,
2026 1727 2144 1773 tan-

572 1809 736 1865 quam
781 1800 1006 1857 virtutis
1041 1818 1105 1859 ac
1151 1805 1398 1861 scientiae
1444 1822 1739 1877 capacem;
1790 1810 1847 1864 in
1897 1811 2144 1882 subjecto

570 1894 779 1956 autem,
802 1893 1078 1949 actionem
1097 1904 1154 1951 et
1177 1899 1720 1969 contemplationem,
1745 1917 1865 1972 quae
1889 1902 2145 1958 acciden-

571 1980 711 2037 tium
742 1984 1012 2041 rationem
1045 1987 1113 2043 ad
1139 2002 1267 2044 eum
1298 1989 1555 2045 habeant.
1584 1989 1952 2057 Quamobrem
1979 1994 2143 2049 etiam

570 2072 797 2129 omnino
826 2076 1036 2145 pariter
1058 2092 1124 2133 ac
1151 2079 1245 2133 ille
1271 2079 1611 2148 afﬁciuntur,
1633 2084 1755 2153 ejus
1780 2085 1942 2139 talem
1955 2101 2146 2155 quem-

569 2160 719 2231 piam
775 2173 989 2221 motum
1050 2166 1341 2234 habentes,
1404 2182 1519 2225 suae
1574 2170 1980 2229 immutationis
2032 2176 2145 2230 ori-

568 2252 776 2323 ginem.

636 2344 727 2400 20.
766 2344 1033 2420 Quisquis
1063 2352 1356 2424 religiosus
1372 2369 1437 2409 ac
1458 2355 1682 2412 virtutis
1697 2356 1904 2423 cultor,
1929 2357 1985 2411 in
2008 2358 2145 2413 Eze-

569 2433 708 2491 chiae
729 2452 960 2507 morem,
994 2442 1278 2512 sapientiae
1303 2445 1358 2499 vi
1382 2460 1447 2501 ac
1470 2445 1718 2502 scientia:
1742 2446 2020 2504 daemones
2048 2464 2141 2503 ac—

567 2525 788 2583 cinctus
806 2530 1031 2600 robore,
1056 2533 1331 2605 siquidem
1358 2537 1653 2608 ingruente
1675 2539 2140 2609 nequissimorum

568 2618 868 2688 spirituum
900 2638 1221 2695 congressu,
1266 2629 1408 2684 mitti
1436 2630 1503 2684 ad
1538 2644 1598 2685 se
1625 2631 1845 2687 caelitus
1887 2633 2141 2704 angelum

474 2775 483 2783 ‘
570 2708 859 2782 (iuajorem
894 2714 1108 2771 scilicet
1152 2733 1216 2773 ac
1255 2719 1565 2790 principem
1612 2720 1897 2791 sapientiae
1927 2738 2142 2778 sermo-

568 2799 720 2873 nem)
777 2806 1003 2874 precum
1051 2806 1315 2880 suﬂ‘ragio
1365 2810 1765 2880 impetraverit,
1811 2827 2142 2885 omnemque

567 2894 871 2950 extereudo
911 2896 1117 2953 diaboli
1172 2901 1347 2956 aciem
1402 2902 1779 2974 dissipaverit,
1836 2922 1940 2961 nec
1978 2908 2140 2963 talem

565 2982 853 3041 victoriam
890 3003 956 3043 ac
995 2990 1230 3046 salutem
1267 2991 1323 3045 in
1354 2993 1527 3047 Deum
1560 3002 1842 3051 auctorem
1866 2999 2138 3065 retulerit,

566 3078 664 3132 sed
716 3078 825 3133 sibi
868 3080 987 3150 ipse
1038 3083 1391 3153 ascripserit;
1433 3086 1480 3140 is
1530 3087 1654 3143 talis
1709 3103 1822 3142 non
1881 3090 2140 3145 retribuit

2253 632 2464 702 πρανὴς
2504 632 2839 705 καθέστηκεν
2878 634 3014 699 ὁδὸς,
3050 637 3085 708 ἡ
3129 638 3257 708 περὶ
3303 637 3405 709 τὴν
3461 638 3650 710 ζημίαν
3696 636 3784 697 τῶν

2252 722 2462 793 ἀρετῶν
2492 724 2837 796 ἀναισθησία.
2879 726 2939 780 ὐ
2980 727 3088 799 γὰρ
3117 728 3304 793 ἐθίσας
3362 730 3553 784 ἑαυτὸν
3597 730 3679 786 διὰ
3703 735 3783 797 τὰς

2250 814 2444 884 ἡδονὰς
2464 815 2564 886 τῆς
2593 816 2793 887 σαρκὸς
2831 816 2966 871 Θεοῦ
3015 820 3352 890 παρακούειν
3374 862 3390 887 ,
3420 822 3512 875 καὶ
3539 823 3686 876 αὑτὸν
3705 824 3783 895 ἀρ-

2250 906 2472 976 νήσεται
2511 907 2601 961 τὸν
2633 907 2784 973 Θεὸν,
2825 908 3095 981 καλούσης
3157 910 3484 981 προφάσεως
3510 929 3523 942 ·
3544 913 3666 967 Θεοῦ
3703 916 3783 986 τὴν

2253 996 2455 1068 σαρκὸς
2485 996 2630 1069 ζωὴν
2654 999 2956 1071 προτιμῶν,
2994 994 3063 1071 ἦς
3101 1001 3196 1055 καὶ
3249 1001 3423 1074 μόνης
3475 1002 3571 1068 τὰς
3619 1004 3780 1076 ἡδονὰς

2248 1088 2357 1141 τῶν
2395 1087 2555 1142 θείων
2578 1090 2862 1161 κρείττους
2898 1089 3096 1163 ἔσχηκε
3125 1091 3470 1163 θελημάτων.

2319 1252 2578 1307 ιθ¹.”οταν
2599 1269 2649 1305 τι
2669 1251 3107 1324 καθόίονδήποτε
3129 1254 3328 1326 τρόπον
3354 1256 3444 1309 τὸν
3469 1256 3588 1311 νοῦν
3611 1274 3774 1312 πεπον-

2249 1344 2400 1399 θέναι
2411 1344 2742 1415 νομίσωμεν,
2754 1343 2831 1414 τῷ
2844 1343 3071 1415 τοιούτῳ
3084 1343 3185 1411 νοτ,
3202 1345 3305 1416 τήν
3322 1362 3384 1400 τε
3403 1348 3688 1418 πρακτικὴν
3700 1350 3778 1401 αὐ-

2249 1434 2342 1487 τοῦ
2370 1435 2464 1487 καὶ
2491 1433 2828 1506 θεωρητικὴν
2850 1434 3101 1505 δύναμιν,
3117 1428 3259 1489 κατὰ
3279 1436 3408 1500 τοὺς
3436 1436 3680 1505 φυσικοὺς
3698 1437 3774 1490 αὐσ-

2245 1524 2356 1577 τῶν
2388 1524 2579 1592 λόγους
2612 1521 3050 1594 συμπεπονθέναι
3088 1523 3300 1587 πάντως
3330 1523 3687 1595 πιστεύσομεν.
3716 1526 3774 1579 03

2245 1617 2351 1686 γάρ
2382 1617 2497 1669 ὲστι
2526 1614 2748 1668 δυνατὸν
2772 1613 2962 1669 παθεῖν
2986 1615 3048 1667 τὸ
3073 1614 3453 1685 ὑποκείμενον,
3478 1614 3579 1667 τῶν
3599 1616 3652 1669 ὲν
3673 1614 3775 1668 ὁπο-

2246 1708 2488 1778 κειμένῳ
2509 1706 2582 1777 μὴ
2603 1704 2938 1776 πασχόντων·
2958 1705 3315 1776 ὑποκείμενον
3332 1706 3388 1759 δὲ
3400 1705 3537 1774 λέγω
3551 1705 3632 1760 τὸν
3655 1705 3769 1769 νοῦν,

2243 1801 2318 1866 ὡς
2356 1800 2554 1875 ἀρετῆς
2585 1800 2682 1853 καὶ
2712 1798 2965 1867 γνώσεως
2997 1798 3264 1853 δεκτικόν·
3294 1799 3354 1852 ὲν
3377 1799 3691 1869 ὑποκειμένῳ
3708 1798 3769 1862 δὲ,

2244 1893 2344 1963 τὴν
2376 1891 2576 1963 πρᾶξιν
2608 1890 2701 1945 καὶ
2725 1890 2824 1961 τὴν
2853 1889 3105 1961 θεωρίαν,
3151 1891 3356 1954 αἵτινες
3384 1888 3518 1961 πρὸς
3556 1889 3637 1942 τδν
3671 1886 3771 1941 νοῦν

2245 1981 2672 2054 συμϐεϐηκότων
2697 1980 2852 2050 λόγον
2885 1981 3160 2053 ἐπέχουσι.
3198 1980 3293 2034 Διὸ
3325 1981 3466 2035 κατά
3497 1979 3655 2034 πάντα
3671 1976 3769 2049 τρό-

2244 2090 2364 2141 πον,
2383 2073 2479 2127 καὶ
2499 2071 2880 2143 συμπάσχουσι
2903 2071 3185 2142 πάσχοντι,
3213 2070 3312 2142 τὴν
3354 2069 3516 2123 αὑτοῦ
3542 2069 3681 2123 ποιὰν
3700 2067 3768 2120 κί-

2242 2180 2420 2235 νησιν,
2453 2162 2628 2234 ἀρχὴν
2661 2164 2761 2233 τῆς
2785 2160 2993 2225 οἰκείας
3020 2160 3368 2224 ἀλλοιώσεως
3400 2159 3626 2231 ἔχουσαι.

2294 2349 2384 2396 κ’.
2413 2343 2526 2405 Πᾶς
2554 2340 2810 2413 θεοφιλὴς
2833 2339 2930 2396 καὶ
2958 2341 3217 2412 ἐνάρετος
3254 2340 3534 2413 ἄνθρωπος
3557 2335 3678 2392 κατὰ
3694 2335 3764 2389 τὸν

2255 2432 2521 2502 Ἐζεκίαν,
2564 2432 2883 2503 γνωστικῶς
2907 2431 2967 2485 τὸ
2986 2431 3128 2486 κατὰ
3159 2430 3276 2486 τῶν
3313 2430 3571 2502 δαιμόνων
3606 2427 3761 2492 διαζω-

2243 2526 2477 2596 σάμενος
2527 2524 2752 2596 κράτος,
2792 2522 2863 2578 ἂν
2914 2522 3142 2595 γένηταί
3192 2540 3283 2586 τις
3333 2521 3481 2593 αὐτῷ
3533 2517 3760 2593 προσϐολὴ

2243 2618 2569 2689 πνευμάτων
2599 2616 2872 2688 πονηρῶν,
2897 2618 3145 2688 ἀοράτως
3173 2617 3323 2671 κατά
3346 2616 3466 2671 νοῦν
3489 2615 3610 2686 πρὸς
3631 2612 3758 2667 αὐτὸν

2244 2709 2670 2782 συμπλεκόντων
2695 2708 2787 2763 τὸν
2821 2708 3079 2779 πόλεμον,
3111 2708 3210 2761 καὶ
3240 2707 3332 2762 διὰ
3373 2707 3655 2779 προσευχῆς
3688 2702 3757 2756 δέ·

2243 2802 2399 2873 ξηται
2452 2801 2635 2856 θεόθεν
2684 2800 2835 2872 αὐτῷ
2890 2799 3251 2872 πεμπόμενον
3290 2799 3511 2868 ἄγγελον
3534 2815 3547 2829 ·
3576 2790 3756 2863 λέγωῶ

2243 2896 2433 2965 σοφίας
2460 2894 2617 2962 λόγον
2647 2894 2870 2966 μείζονα
2894 2909 2908 2922 ο
2946 2894 3041 2946 καὶ
3070 2894 3257 2947 πᾶσαν
3309 2890 3555 2962 ἐκτρίψας
3584 2889 3757 2941 διασκε-

2239 2988 2377 3061 δάσῃ
2405 2986 2500 3041 τοῦ
2520 2985 2768 3040 διαϐόλου
2799 2984 2897 3055 τὴν
2920 2984 3176 3054 φάλαγγα
3212 2998 3228 3013 ο
3266 2983 3490 3053 καὶτῆς
3542 2976 3752 3045 τοιαύτης

2240 3081 2398 3150 νίκης
2426 3096 2486 3134 τε
2517 3077 2613 3132 καὶ
2636 3076 2908 3147 σωτηρίας
2946 3073 3117 3128 αἴτιον
3147 3074 3244 3128 τὸν
3275 3073 3404 3127 Θεὸν
3457 3073 3526 3142 μὴ
3571 3065 3755 3137 ἐπιγρά-

567 3167 704 3234 Deo,
741 3168 899 3240 juxta
949 3173 1098 3241 quod
1150 3172 1242 3229 ille
1295 3177 1652 3243 retribuerat,
1700 3181 1796 3249 qui
1835 3181 2184 3253 gratiarum¢

2165 3197 2206 3254 ρ
2238 3173 2430 3243 ψηται,
2460 3168 2756 3239 άλλ·ὲαυτῷ
2775 3168 2873 3240 τὴν
2894 3168 3022 3239 ὃλην
3046 3166 3319 3236 άνάθηται
3340 3167 3509 3237 νίκην,
3525 3159 3752 3254 ότοιοῦτος

566 3259 801 3315 actionis
850 3262 1267 3320 multitudinem
1320 3280 1446 3319 cum
1497 3269 1694 3334 salute,
1740 3278 1947 3339 quanta
2009 3271 2134 3331 fuit.

568 3364 680 3404 non
725 3355 1127 3423 exaquaverit;
1174 3370 1278 3411 nec
1315 3357 1435 3428 ejus
1476 3361 1568 3429 qui
1608 3362 1839 3416 salutem
1889 3364 2140 3433 pmstitit

569 3440 862 3510 beneﬁcio,
895 3445 1062 3501 animi
1102 3446 1187 3502 sul
1213 3446 1557 3505 all‘ectioncm
1594 3452 2139 3525 benevolentiamque

568 3545 856 3590 remensus
887 3534 961 3590 sit
989 3537 1054 3590 ⁸⁸.

635 3622 727 3679 2i.
781 3624 1122 3684 lilustremus
1184 3640 1423 3687 mentem
1485 3632 1689 3688 oivinis
1742 3635 2136 3705 couccptibus;

567 3728 769 3786 corpus
794 3733 950 3784 vero,
974 3720 1309 3777 diviniorum
1344 3732 1527 3779 mente
1549 3730 1935 3794 conceptarum
1971 3728 2139 3782 ratio-

567 3821 701 3861 num
735 3809 917 3865 modis
953 3812 1216 3881 prmelare
1253 3828 1605 3880 exorncmus,
1641 3815 1930 3887 ipsumque
1989 3818 2140 3889 abje-

568 3898 994 3966 ctisaﬂ‘ectibus,
1017 3902 1339 3961 rationalem
1359 3900 1628 3959 ollicinam
1652 3907 2139 3975 praestemusNam

567 3986 666 4055 qui
711 3986 886 4042 innati
915 3991 1167 4059 corporis
1193 3991 1426 4047 aﬁ‘ectus
1450 4000 1599 4059 sunt,
1624 3993 1895 4064 siquidem
1929 3998 2141 4056 ratione

566 4085 848 4147 regantur,
883 4080 1037 4150 omni.
1060 4089 1255 4137 vacant
1280 4082 1543 4149 crimine;
1580 4083 1665 4138 sin
1696 4093 1877 4140 autem
1907 4087 2025 4142 sine
2050 4089 2139 4144 illa

568 4165 1069 4231 moveantur,vitio
1101 4178 1415 4225 vertuntur.
1453 4170 1563 4225 llos
1590 4172 1775 4250 itaque
1805 4174 2141 4234 abdicandos

568 4255 801 4312 all‘ectus
837 4258 990 4325 dicit,
1037 4275 1272 4331 quorum
1317 4262 1515 4317 insitus
1555 4263 1777 4333 quidem
1825 4273 1910 4322 est
1946 4277 2138 4326 natura

567 4352 770 4411 motus,
798 4362 933 4403 usus
965 4358 1148 4403 autem
1188 4364 1300 4405 non
1336 4365 1459 4405 raro
1495 4351 1839 4419 innaturalis,
1871 4357 2017 4425 quod
2052 4374 2137 4413 ra-

568 4435 719 4490 tione
748 4436 972 4492 minime
996 4439 1353 4509 gubernetur.

2241 3268 2343 3320 οὐκ
2365 3262 2715 3320 ἀνταπέδωκε
2743 3260 2823 3332 τῷ
2850 3260 2967 3331 Θεῷ
2996 3259 3137 3313 κατά
3158 3260 3222 3312 τὸ
3246 3258 3578 3326 ἀνταπόδομα
3602 3250 3750 3313 αὑτοῦν

2242 3360 2318 3429 μὴ
2345 3357 2607 3423 ἐξισώσας
2639 3355 2718 3424 τῷ
2738 3352 2956 3425 μεγέθει
2976 3353 3072 3422 τῆς
3089 3351 3387 3447 σωτηρίας,
3416 3350 3471 3447 τί)
3494 3346 3664 3418 πλῆθος
3677 3342 3752 3447 τῆς

2241 3449 2589 3523 εὐχαριστίας
2622 3464 2638 3481 ο
2676 3446 2809 3519 μηδὲ
2828 3442 2892 3517 τῇ
2920 3442 3211 3515 εὐεργεσίᾳ
3260 3442 3355 3498 τοῦ
3396 3441 3656 3500 σώσαντος,
3680 3441 3750 3487 ἀνι

2241 3540 2577 3611 τιμετρήσας
2599 3538 2697 3609 τὴν
2730 3535 2937 3590 οἰκείαν
2965 3535 3229 3590 διάθεσιν.

2311 3610 2416 3687 xz'.
2447 3631 2776 3700 Φωτίσωμεν
2809 3627 2896 3681 τὸν
2928 3626 3052 3682 νοῦν
3081 3628 3192 3689 τοῖς
3227 3625 3393 3689 θείοις
3422 3623 3627 3693 νοήμασι
3657 3631 3669 3644 ·
3702 3610 3751 3665 τὸ

2240 3724 2297 3777 δὲ
2325 3723 2485 3793 σῶμα
2537 3724 2649 3785 τοῖς
2677 3721 2785 3774 τῶν
2809 3718 3107 3790 νοηθέντων
3140 3716 3430 3788 θειοτέρων
3468 3714 3622 3780 λόγων
3654 3703 3750 3775 τρό-

2243 3833 2365 3879 ποις
2396 3813 2800 3886 φαιδρύνωμεν,
2833 3810 3034 3883 ἀρετῆς
3063 3808 3230 3863 αὐτὸν
3274 3807 3541 3868 ποιοῦντες
3577 3794 3748 3886 λογικὸν

2242 3906 2625 3979 ἐργαστήριον,
2657 3907 2724 3973 τῇ
2759 3901 2996 3969 ἀποϐολῇ
3038 3899 3147 3952 τῶν
3195 3899 3389 3992 παθῶν
3418 3913 3432 3927 ο
3461 3894 3526 3992 τά
3553 3890 3646 3961 γὰρ

2242 4016 2381 4068 φυτα
2404 3997 2548 4067 πάθη
2572 3997 2666 4049 τοῦ
2693 3997 2961 4065 σώματος,
2982 3994 3124 4062 λόγω
3152 3991 3255 4065 μὲν
3279 3987 3652 4061 κυϐερνώμενα,
3670 3987 3746 4068 οὐκ

2241 4067 2355 4158 ἔχει
2406 4085 2658 4155 διαϐολήν
2688 4100 2703 4116 ο
2752 4082 3052 4152 κινούμενα
3094 4082 3152 4136 δὲ
3186 4083 3379 4136 τούτου
3433 4067 3746 4149 χωρὶςιφέρεί

2240 4179 2512 4250 διαϐολήν.
2539 4177 2755 4231 Τούτων
2786 4170 2879 4229 οῦν
2906 4175 3053 4243 λέγει
3081 4174 3334 4243 γίνεσθαι
3366 4173 3472 4226 δεῖν
3494 4159 3742 4230 ἀποδολὴνν

2238 4265 2314 4325 ὧν
2344 4271 2581 4342 ἔμφυτος
2608 4268 2705 4339 μὲν
2733 4268 2767 4337 ἠ
2800 4266 3035 4335 κίνησις,
3062 4263 3210 4335 παρὰ
3257 4262 3416 4334 φύσιν
3479 4257 3532 4312 δὲ
3580 4253 3745 4323 γίνεται

2241 4362 2560 4431 πολλάκιςὴ
2592 4360 2809 4433 χρῆσις,
2836 4358 2981 4429 λόγῳ
3015 4356 3090 4429 μὴ
3119 4353 3521 4431 κυϐερνωμένη.

637 4525 726 4581 22.
754 4526 1017 4599 Quisquis
1038 4528 1109 4585 ob
1133 4545 1197 4586 ca
1227 4532 1392 4599 dona,
1423 4550 1547 4604 quae
1584 4538 1818 4606 accepit,
1848 4539 2018 4596 altum
2053 4557 2137 4596 sa-
2171 4528 2210 4583 Ι)

2125 4575 2137 4584 -
2171 4528 2210 4583 D
2309 4541 2411 4613 κβ’.
2439 4543 2555 4604 Πᾶς
2581 4542 2610 4593 ό
2666 4539 2889 4609 ὑψώσας
2934 4537 3130 4592 ἑαυτοῦ
3179 4535 3278 4608 τὴν
3317 4532 3560 4605 καρδίαν,
3588 4513 3742 4613 ὲφξνῖς

568 4619 745 4689 piens,
789 4628 1048 4692 tanquam
1087 4638 1196 4679 non
1233 4626 1530 4697 acceperit,
1568 4629 1813 4685 animum
1855 4633 2135 4699 extulerit,

568 4710 623 4765 in
648 4725 707 4765 se
732 4711 930 4767 merito
971 4713 1105 4768 iram
1137 4716 1389 4787 suscipit,
1430 4720 1783 4788 permittente
1827 4723 1938 4778 Deo
1973 4724 2136 4794 spiri-

569 4796 663 4851 tali
691 4813 817 4853 cum
854 4815 923 4856 eo
958 4803 1259 4858 certamine
1297 4803 1576 4862 diabolum
1612 4809 1894 4880 congredi,
1922 4825 1987 4865 ac
2022 4821 2134 4865 tum
2184 4802 2199 4814 ’

566 4886 786 4944 virtutis
808 4890 1002 4947 modos
1025 4892 1260 4949 actionis
1290 4895 1440 4979 cul‘tu
1473 4907 1744 4964 evertere,
1783 4905 2007 4971 tumque
2048 4904 2135 4957 lu-

567 4975 718 5031 cidas
739 4977 985 5034 scientia:
1005 4981 1247 5038 rationes
1271 4975 1677 5054 contemplandi
1707 4989 1890 5044 studio
1918 4992 2139 5047 turbare

566 5081 629 5121 ac
651 5067 1020 5126 confundere:
1046 5086 1156 5141 quo
1173 5072 1426 5128 nimirum
1451 5090 1605 5130 suam
1630 5077 1745 5147 ipse
1770 5078 1965 5136 doctus
1992 5081 2143 5137 inﬁr—

566 5159 832 5227 mitatem,
869 5162 1090 5218 unicam
1122 5164 1269 5219 illam
1302 5164 1460 5237 563
1489 5164 1791 5237 potentiam
1820 5172 2052 5229 affectus
2084 5177 2138 5231 in

564 5250 725 5306 nobis
748 5267 812 5307 ac
833 5253 1095 5310 libidines
1118 5268 1544 5327 expugnantcm,
1573 5264 1808 5329 noverit,
1828 5264 2133 5337 ductusque

564 5342 891 5409 pmnitentia
915 5344 1259 5409 humilietur,
1307 5347 1486 5405 inanis
1530 5350 1702 5407 fastus
1734 5370 1798 5408 ac
1829 5372 1980 5414 vana:
2010 5361 2131 5430 opi-

564 5427 745 5483 nionis
764 5439 977 5485 tumore
997 5432 1210 5503 abjecto
1229 5452 1243 5499 ;
1262 5436 1547 5508 Deumque
1565 5441 1798 5497 reddens
1814 5427 2129 5517 propitium,

566 5521 1045 5586 supervenientem
1075 5523 1547 5593 impaenitentibus
1571 5532 1708 5588 iram
1731 5546 1973 5606 avertat;
2012 5556 2132 5611 qua:

636 5651 681 5681 ⁸¹
712 5651 756 5705 ΙΙ
787 5655 965 5711 Paral.
998 5674 1162 5725 xxxii,
1198 5661 1287 5714 25.

636 5764 661 5784 ί
688 5763 757 5823 cr
803 5769 869 5823 ad
900 5769 1058 5826 Thai.
1091 5788 1147 5843 «ι.
1180 5773 1271 5829 52.

2239 4609 2401 4688 ἔλαϐε
2450 4632 2776 4703 χαρίσμασι,
2810 4630 2955 4700 μέγα
3011 4629 3304 4699 φρονήσας,
3333 4625 3405 4689 ώς
3463 4622 3532 4693 μὴ
3579 4609 3742 4703 λαδῷνυ

2238 4701 2483 4788 ἐνδίκως
2512 4701 2726 4793 δέχεται
2778 4718 3202 4809 γινομέεκηννὲτέ
3238 4716 3384 4809 αύτῷ
3430 4713 3524 4782 τὴν
3543 4701 3739 4809 ’ὁρτῂνέ

2240 4812 2647 4887 συγχωροῦντος
2715 4810 2810 4866 τοῦ
2850 4809 2988 4863 Θεοῦ
3030 4808 3109 4880 τῷ
3157 4808 3386 4878 διαϐόλῳ
3413 4799 3602 4873 νοητῶς
3625 4799 3743 4887 αὲὖτρφ

2239 4879 2649 4979 συμπλακῆναι·
2682 4901 2926 4963 καὶτοὺς
2946 4879 3089 4954 κατά
3116 4901 3217 4971 τὴν
3240 4896 3431 4968 πρᾶξιν
3452 4879 3743 4979 mpetu).in-

2243 4969 2331 5053 ad;
2381 4969 2618 5068 τρόπους
2661 4993 2763 5063 τῆς
2806 4990 3030 5063 ἀρετῆς,
3084 4969 3183 5043 καί
3223 4989 3346 5051 τοὺς
3385 4982 3515 5073 κατά
3552 4969 3741 5073 θεωρίαν

2238 5059 2484 5156 διαυγεῖς
2513 5059 3048 5151 ὲπιθολώσαιλόγους
3076 5080 3174 5151 τῆς
3196 5077 3462 5169 γνώσεως,
3487 5059 3741 5169 Wipse?"

2238 5179 2338 5250 τὴν
2377 5177 2584 5231 οἰκείαν
2628 5174 2937 5239 ἀσθένειαν,
2966 5171 3175 5241 ἐπιγνῷ
3215 5169 3315 5238 τὴν
3345 5165 3503 5236 μόνην
3530 5159 3739 5221 δύναμινν

2238 5273 2337 5341 τὴν
2360 5270 2427 5323 τά
2455 5268 2601 5339 πάθη
2629 5269 2688 5321 ὲν
2716 5268 2849 5337 ἡμῖν
2875 5262 3372 5320 καταπαλαίουσαν,
3402 5256 3488 5310 καὶ
3514 5254 3736 5341 ταπειῴ

2240 5326 2305 5432 Oli
2340 5326 2699 5430 μετανοήᾶαςν
2718 5326 2807 5410 ’ὧν
2822 5354 2984 5425 ὄγκον
3014 5351 3298 5409 ἀποϐαλὼν
3317 5349 3409 5419 τῆς
3436 5326 3738 5432 οἰήσεωςαςὶ

2238 5414 2352 5505 τίν⁵
2385 5449 2517 5504 Θεὸν
2553 5414 2875 5518 ίλεώσηται,
2900 5416 2995 5499 καὶ
3016 5441 3332 5515 ἀποστρέψῃ
3359 5414 3451 5507 τὴν
3485 5414 3736 5518 ἐπερχομῶ

2238 5564 2335 5617 νην
2361 5547 2471 5609 τοῖς
2521 5545 2596 5617 μὴ
2642 5514 2995 5616 μετανοοῦσιν
3047 5540 3238 5613 ὀργὴν,
3265 5537 3360 5607 τὴν
3391 5514 3741 5627 ἀφαιρουμέ¹Ψ
