  <div class='ocr_page' id='page_1' title='image "/cluster/home/n/w/nwhite01/storage/ocr_20150623/90/hvd.32044073502197/640.png"; bbox 0 0 4062 6198; ppageno 0'>
   <div class='ocr_carea' id='block_1_1' title="bbox 325 358 469 425">
    <p class='ocr_par' dir='ltr' id='par_1_1' title="bbox 325 358 469 425">
     <span class='ocr_line' id='line_1_1' title="bbox 325 358 469 425; baseline 0.007 -3"><span class='ocrx_word' id='word_1_1' title='bbox 325 358 469 425; x_wconf 67' lang='grc'><strong>1269</strong></span> 
     </span>
    </p>
   </div>
   <div class='ocr_carea' id='block_1_2' title="bbox 992 346 2921 424">
    <p class='ocr_par' dir='ltr' id='par_1_2' title="bbox 992 346 2921 424">
     <span class='ocr_line' id='line_1_2' title="bbox 992 346 2921 424; baseline -0.007 -6"><span class='ocrx_word' id='word_1_2' title='bbox 992 355 1327 419; x_wconf 83' lang='lat' dir='ltr'><strong>CAPITUM</strong></span> <span class='ocrx_word' id='word_1_3' title='bbox 1360 350 1782 424; x_wconf 84' lang='lat' dir='ltr'><strong>QUINQUIES</strong></span> <span class='ocrx_word' id='word_1_4' title='bbox 1818 348 2339 409; x_wconf 75' lang='lat' dir='ltr'><strong>CENTENORUM</strong></span> <span class='ocrx_word' id='word_1_5' title='bbox 2376 347 2767 409; x_wconf 82' lang='lat' dir='ltr'><strong>CENTURIA</strong></span> <span class='ocrx_word' id='word_1_6' title='bbox 2806 346 2921 405; x_wconf 86' lang='lat' dir='ltr'><strong>lII.</strong></span> 
     </span>
    </p>
   </div>
   <div class='ocr_carea' id='block_1_3' title="bbox 3430 337 3566 402">
    <p class='ocr_par' dir='ltr' id='par_1_3' title="bbox 3430 337 3566 402">
     <span class='ocr_line' id='line_1_3' title="bbox 3430 337 3566 402; baseline 0.007 -1"><span class='ocrx_word' id='word_1_7' title='bbox 3430 337 3566 402; x_wconf 71' lang='lat'><strong>1270</strong></span> 
     </span>
    </p>
   </div>
   <div class='ocr_carea' id='block_1_4' title="bbox 319 419 1922 539">
    <p class='ocr_par' dir='ltr' id='par_1_4' title="bbox 319 432 1903 539">
     <span class='ocr_line' id='line_1_4' title="bbox 319 432 1903 539; baseline -0.006 -18"><span class='ocrx_word' id='word_1_8' title='bbox 319 469 426 537; x_wconf 80' lang='grc' dir='ltr'>τὴν</span> <span class='ocrx_word' id='word_1_9' title='bbox 450 462 793 539; x_wconf 75' lang='grc' dir='ltr'><strong>φρουροῦσαν</strong></span> <span class='ocrx_word' id='word_1_10' title='bbox 824 432 922 535; x_wconf 75' lang='grc' dir='ltr'>τὴν</span> <span class='ocrx_word' id='word_1_11' title='bbox 949 463 1128 536; x_wconf 76' lang='grc' dir='ltr'>ψυχὴν</span> <span class='ocrx_word' id='word_1_12' title='bbox 1162 464 1347 534; x_wconf 85' lang='grc' dir='ltr'>χάριν,</span> <span class='ocrx_word' id='word_1_13' title='bbox 1366 462 1463 521; x_wconf 77' lang='grc' dir='ltr'>καὶ</span> <span class='ocrx_word' id='word_1_14' title='bbox 1488 459 1698 532; x_wconf 74' lang='grc' dir='ltr'>ἔρημον</span> <span class='ocrx_word' id='word_1_15' title='bbox 1732 475 1903 513; x_wconf 83' lang='grc' dir='ltr'>κατα-</span> 
     </span>
    </p>
   </div>
   <div class='ocr_carea' id='block_1_5' title="bbox 2025 419 3579 539">
    <p class='ocr_par' dir='ltr' id='par_1_5' title="bbox 2025 448 3579 528">
     <span class='ocr_line' id='line_1_5' title="bbox 2025 448 3579 528; baseline -0.007 -16"><span class='ocrx_word' id='word_1_16' title='bbox 2025 473 2201 528; x_wconf 74' lang='lat' dir='ltr'><strong>iempe</strong></span> <span class='ocrx_word' id='word_1_17' title='bbox 2230 457 2461 528; x_wconf 78' lang='lat' dir='ltr'><strong>gratiam</strong></span> <span class='ocrx_word' id='word_1_18' title='bbox 2486 456 2723 512; x_wconf 86' lang='lat' dir='ltr'><strong>animam</strong></span> <span class='ocrx_word' id='word_1_19' title='bbox 2757 454 3095 509; x_wconf 87' lang='lat' dir='ltr'><strong>munientem</strong></span> <span class='ocrx_word' id='word_1_20' title='bbox 3128 448 3361 513; x_wconf 85' lang='lat' dir='ltr'><strong>auferat,</strong></span> <span class='ocrx_word' id='word_1_21' title='bbox 3396 448 3579 519; x_wconf 72' lang='lat' dir='ltr'><strong>ingra-</strong></span> 
     </span>
    </p>
   </div>
   <div class='ocr_carea' id='block_1_6' title="bbox 318 553 1315 629">
    <p class='ocr_par' dir='ltr' id='par_1_6' title="bbox 318 553 1315 629">
     <span class='ocr_line' id='line_1_6' title="bbox 318 553 1315 629; baseline -0.003 -17"><span class='ocrx_word' id='word_1_22' title='bbox 318 558 701 629; x_wconf 81' lang='grc' dir='ltr'>λιμπάνουσαν</span> <span class='ocrx_word' id='word_1_23' title='bbox 732 555 823 610; x_wconf 82' lang='grc' dir='ltr'>τὸν</span> <span class='ocrx_word' id='word_1_24' title='bbox 852 555 1143 627; x_wconf 81' lang='grc' dir='ltr'><strong>ἀγνώμονα</strong></span> <span class='ocrx_word' id='word_1_25' title='bbox 1168 553 1315 609; x_wconf 90' lang='grc' dir='ltr'>νοῦν.</span> 
     </span>
    </p>
   </div>
   <div class='ocr_carea' id='block_1_7' title="bbox 394 725 1905 804">
    <p class='ocr_par' dir='ltr' id='par_1_7' title="bbox 394 725 1905 804">
     <span class='ocr_line' id='line_1_7' title="bbox 394 725 1905 804; baseline -0.005 -17"><span class='ocrx_word' id='word_1_26' title='bbox 394 739 506 801; x_wconf 86' lang='grc' dir='ltr'>κγ’.</span> <span class='ocrx_word' id='word_1_27' title='bbox 546 730 716 803; x_wconf 80' lang='grc' dir='ltr'>Ὀργὴ</span> <span class='ocrx_word' id='word_1_28' title='bbox 748 732 1015 804; x_wconf 72' lang='grc' dir='ltr'>σωτήριος</span> <span class='ocrx_word' id='word_1_29' title='bbox 1036 732 1205 796; x_wconf 78' lang='grc' dir='ltr'>ἐστιν,</span> <span class='ocrx_word' id='word_1_30' title='bbox 1239 732 1275 801; x_wconf 82' lang='grc' dir='ltr'><strong>ἡ</strong></span> <span class='ocrx_word' id='word_1_31' title='bbox 1308 730 1443 801; x_wconf 83' lang='grc' dir='ltr'>πρὸς</span> <span class='ocrx_word' id='word_1_32' title='bbox 1458 728 1518 784; x_wconf 81' lang='grc' dir='ltr'>τὸ</span> <span class='ocrx_word' id='word_1_33' title='bbox 1549 725 1905 799; x_wconf 87' lang='grc' dir='ltr'>πολεμεῖσθαι</span> 
     </span>
    </p>
   </div>
   <div class='ocr_carea' id='block_1_8' title="bbox 324 808 1907 895">
    <p class='ocr_par' dir='ltr' id='par_1_8' title="bbox 324 808 1907 895">
     <span class='ocr_line' id='line_1_8' title="bbox 324 808 1907 895; baseline -0.004 -15"><span class='ocrx_word' id='word_1_34' title='bbox 324 825 418 880; x_wconf 78' lang='grc' dir='ltr'>τὸν</span> <span class='ocrx_word' id='word_1_35' title='bbox 475 824 827 895; x_wconf 74' lang='grc' dir='ltr'>ὑψηλοφρονα</span> <span class='ocrx_word' id='word_1_36' title='bbox 873 824 998 877; x_wconf 90' lang='grc' dir='ltr'>νοῦν</span> <span class='ocrx_word' id='word_1_37' title='bbox 1039 826 1155 887; x_wconf 88' lang='grc' dir='ltr'>τοῖς</span> <span class='ocrx_word' id='word_1_38' title='bbox 1188 824 1417 877; x_wconf 82' lang='grc' dir='ltr'><strong>πάθεσιν</strong></span> <span class='ocrx_word' id='word_1_39' title='bbox 1448 808 1554 875; x_wconf 83' lang='grc' dir='ltr'><strong>ὑπὸ</strong></span> <span class='ocrx_word' id='word_1_40' title='bbox 1577 821 1688 873; x_wconf 85' lang='grc' dir='ltr'><strong>τῶν</strong></span> <span class='ocrx_word' id='word_1_41' title='bbox 1720 820 1907 891; x_wconf 80' lang='grc' dir='ltr'>δαιμό-</span> 
     </span>
    </p>
   </div>
   <div class='ocr_carea' id='block_1_9' title="bbox 324 910 1906 987">
    <p class='ocr_par' dir='ltr' id='par_1_9' title="bbox 324 910 1906 987">
     <span class='ocr_line' id='line_1_9' title="bbox 324 910 1906 987; baseline -0.005 -17"><span class='ocrx_word' id='word_1_42' title='bbox 324 933 455 980; x_wconf 85' lang='grc' dir='ltr'>νων,</span> <span class='ocrx_word' id='word_1_43' title='bbox 492 914 613 970; x_wconf 88' lang='grc' dir='ltr'>θεία</span> <span class='ocrx_word' id='word_1_44' title='bbox 639 914 983 987; x_wconf 81' lang='grc' dir='ltr'><strong>συγχώρησις</strong></span> <span class='ocrx_word' id='word_1_45' title='bbox 1013 932 1027 946; x_wconf 74' lang='grc'><strong>⁸</strong></span> <span class='ocrx_word' id='word_1_46' title='bbox 1065 915 1151 968; x_wconf 86' lang='grc' dir='ltr'>ἶνα</span> <span class='ocrx_word' id='word_1_47' title='bbox 1171 915 1284 986; x_wconf 85' lang='grc' dir='ltr'>γνῷ</span> <span class='ocrx_word' id='word_1_48' title='bbox 1308 914 1531 983; x_wconf 81' lang='grc' dir='ltr'><strong>πάσχων</strong></span> <span class='ocrx_word' id='word_1_49' title='bbox 1555 911 1788 982; x_wconf 82' lang='grc' dir='ltr'>ἀτίμως,</span> <span class='ocrx_word' id='word_1_50' title='bbox 1816 910 1906 963; x_wconf 75' lang='grc' dir='ltr'><strong>ἐπ’</strong></span> 
     </span>
    </p>
   </div>
   <div class='ocr_carea' id='block_1_10' title="bbox 324 998 1904 1076">
    <p class='ocr_par' dir='ltr' id='par_1_10' title="bbox 324 998 1904 1076">
     <span class='ocr_line' id='line_1_10' title="bbox 324 998 1904 1076; baseline -0.005 -16"><span class='ocrx_word' id='word_1_51' title='bbox 324 1004 553 1076; x_wconf 75' lang='grc' dir='ltr'><strong>ἀρεταῖς</strong></span> <span class='ocrx_word' id='word_1_52' title='bbox 610 1004 1146 1076; x_wconf 75' lang='grc' dir='ltr'><strong>μεγαλαυχούμενος,</strong></span> <span class='ocrx_word' id='word_1_53' title='bbox 1180 1004 1264 1068; x_wconf 87' lang='grc' dir='ltr'><strong>τίς</strong></span> <span class='ocrx_word' id='word_1_54' title='bbox 1311 1002 1341 1055; x_wconf 85' lang='grc' dir='ltr'><strong>ὁ</strong></span> <span class='ocrx_word' id='word_1_55' title='bbox 1388 998 1594 1054; x_wconf 81' lang='grc' dir='ltr'>τούτων</span> <span class='ocrx_word' id='word_1_56' title='bbox 1666 999 1904 1072; x_wconf 82' lang='grc' dir='ltr'><strong>ὑπάρχει</strong></span> 
     </span>
    </p>
   </div>
   <div class='ocr_carea' id='block_1_11' title="bbox 324 1088 1905 1166">
    <p class='ocr_par' dir='ltr' id='par_1_11' title="bbox 324 1088 1905 1166">
     <span class='ocr_line' id='line_1_11' title="bbox 324 1088 1905 1166; baseline 0 -19"><span class='ocrx_word' id='word_1_57' title='bbox 324 1094 494 1164; x_wconf 79' lang='grc' dir='ltr'>δοτήρ</span> <span class='ocrx_word' id='word_1_58' title='bbox 517 1110 531 1123; x_wconf 89' lang='grc'><strong>·</strong></span> <span class='ocrx_word' id='word_1_59' title='bbox 570 1093 603 1165; x_wconf 77' lang='grc' dir='ltr'><strong>ἢ</strong></span> <span class='ocrx_word' id='word_1_60' title='bbox 642 1095 866 1166; x_wconf 86' lang='grc' dir='ltr'>γένηται</span> <span class='ocrx_word' id='word_1_61' title='bbox 899 1095 1005 1148; x_wconf 83' lang='grc' dir='ltr'><strong>τῶν</strong></span> <span class='ocrx_word' id='word_1_62' title='bbox 1048 1093 1350 1166; x_wconf 77' lang='grc' dir='ltr'>ἀλλοτρίων</span> <span class='ocrx_word' id='word_1_63' title='bbox 1386 1091 1616 1165; x_wconf 79' lang='grc' dir='ltr'>γυμνὸς,</span> <span class='ocrx_word' id='word_1_64' title='bbox 1640 1092 1784 1165; x_wconf 75' lang='grc' dir='ltr'>ἅπερ</span> <span class='ocrx_word' id='word_1_65' title='bbox 1831 1088 1905 1155; x_wconf 80' lang='grc' dir='ltr'>ὡς</span> 
     </span>
    </p>
   </div>
   <div class='ocr_carea' id='block_1_12' title="bbox 331 1184 1080 1257">
    <p class='ocr_par' dir='ltr' id='par_1_12' title="bbox 331 1184 1080 1257">
     <span class='ocr_line' id='line_1_12' title="bbox 331 1184 1080 1257; baseline 0.001 -20"><span class='ocrx_word' id='word_1_66' title='bbox 331 1185 410 1257; x_wconf 79' lang='grc' dir='ltr'><strong>μὴ</strong></span> <span class='ocrx_word' id='word_1_67' title='bbox 438 1185 640 1251; x_wconf 74' lang='grc' dir='ltr'>λαϐὼν,</span> <span class='ocrx_word' id='word_1_68' title='bbox 670 1185 813 1257; x_wconf 76' lang='grc' dir='ltr'>ἔχειν</span> <span class='ocrx_word' id='word_1_69' title='bbox 838 1184 1080 1257; x_wconf 78' lang='grc' dir='ltr'>ἐνόμιζε.</span> 
     </span>
    </p>
   </div>
   <div class='ocr_carea' id='block_1_13' title="bbox 404 1358 1908 1434">
    <p class='ocr_par' dir='ltr' id='par_1_13' title="bbox 404 1358 1908 1434">
     <span class='ocr_line' id='line_1_13' title="bbox 404 1358 1908 1434; baseline -0.001 -19"><span class='ocrx_word' id='word_1_70' title='bbox 404 1363 501 1416; x_wconf 85' lang='grc' dir='ltr'>κδ’.</span> <span class='ocrx_word' id='word_1_71' title='bbox 536 1364 825 1434; x_wconf 81' lang='grc' dir='ltr'>Μακάριος</span> <span class='ocrx_word' id='word_1_72' title='bbox 877 1364 1045 1428; x_wconf 75' lang='grc' dir='ltr'>ὅντως</span> <span class='ocrx_word' id='word_1_73' title='bbox 1088 1364 1292 1428; x_wconf 70' lang='grc' dir='ltr'>ἐκεῖνος</span> <span class='ocrx_word' id='word_1_74' title='bbox 1318 1366 1346 1417; x_wconf 83' lang='grc' dir='ltr'>ὁ</span> <span class='ocrx_word' id='word_1_75' title='bbox 1371 1363 1515 1427; x_wconf 83' lang='grc' dir='ltr'>νοῦς,</span> <span class='ocrx_word' id='word_1_76' title='bbox 1543 1366 1572 1415; x_wconf 82' lang='grc' dir='ltr'>ὁ</span> <span class='ocrx_word' id='word_1_77' title='bbox 1598 1364 1713 1424; x_wconf 86' lang='grc' dir='ltr'>τοῖς</span> <span class='ocrx_word' id='word_1_78' title='bbox 1756 1358 1908 1415; x_wconf 80' lang='grc' dir='ltr'>οὖσιν</span> 
     </span>
    </p>
   </div>
   <div class='ocr_carea' id='block_1_14' title="bbox 330 1451 1905 1525">
    <p class='ocr_par' dir='ltr' id='par_1_14' title="bbox 330 1451 1905 1525">
     <span class='ocr_line' id='line_1_14' title="bbox 330 1451 1905 1525; baseline -0.003 -17"><span class='ocrx_word' id='word_1_79' title='bbox 330 1451 538 1508; x_wconf 67' lang='grc' dir='ltr'>ἅπασιν</span> <span class='ocrx_word' id='word_1_80' title='bbox 581 1454 879 1518; x_wconf 72' lang='grc' dir='ltr'>ἔπαινετῶς</span> <span class='ocrx_word' id='word_1_81' title='bbox 938 1454 1225 1508; x_wconf 85' lang='grc' dir='ltr'>ἀποθανών</span> <span class='ocrx_word' id='word_1_82' title='bbox 1257 1472 1271 1486; x_wconf 70' lang='grc'><strong><em>⁸</em></strong></span> <span class='ocrx_word' id='word_1_83' title='bbox 1302 1456 1417 1518; x_wconf 83' lang='grc' dir='ltr'>τοῖς</span> <span class='ocrx_word' id='word_1_84' title='bbox 1449 1454 1551 1525; x_wconf 82' lang='grc' dir='ltr'><strong>μὲν</strong></span> <span class='ocrx_word' id='word_1_85' title='bbox 1604 1452 1905 1523; x_wconf 78' lang='grc' dir='ltr'>αἰσθητοῖς,</span> 
     </span>
    </p>
   </div>
   <div class='ocr_carea' id='block_1_15' title="bbox 330 1539 1908 1617">
    <p class='ocr_par' dir='ltr' id='par_1_15' title="bbox 330 1539 1908 1617">
     <span class='ocr_line' id='line_1_15' title="bbox 330 1539 1908 1617; baseline -0.004 -19"><span class='ocrx_word' id='word_1_86' title='bbox 330 1546 400 1617; x_wconf 78' lang='grc' dir='ltr'>τῇ</span> <span class='ocrx_word' id='word_1_87' title='bbox 426 1543 685 1597; x_wconf 81' lang='grc' dir='ltr'>ἀποθέσει</span> <span class='ocrx_word' id='word_1_88' title='bbox 732 1544 828 1615; x_wconf 82' lang='grc' dir='ltr'>τῆς</span> <span class='ocrx_word' id='word_1_89' title='bbox 860 1545 981 1597; x_wconf 84' lang='grc' dir='ltr'>κατ’</span> <span class='ocrx_word' id='word_1_90' title='bbox 1012 1543 1265 1613; x_wconf 80' lang='grc' dir='ltr'>αἴσθησιν</span> <span class='ocrx_word' id='word_1_91' title='bbox 1309 1543 1589 1616; x_wconf 68' lang='grc' dir='ltr'>ἐνεργείας</span> <span class='ocrx_word' id='word_1_92' title='bbox 1620 1558 1635 1572; x_wconf 69' lang='grc'>⁸</span> <span class='ocrx_word' id='word_1_93' title='bbox 1685 1544 1801 1603; x_wconf 84' lang='grc' dir='ltr'>τοῖς</span> <span class='ocrx_word' id='word_1_94' title='bbox 1852 1539 1908 1592; x_wconf 79' lang='grc' dir='ltr'><strong>δὲ</strong></span> 
     </span>
    </p>
   </div>
   <div class='ocr_carea' id='block_1_16' title="bbox 332 1625 1907 1705">
    <p class='ocr_par' dir='ltr' id='par_1_16' title="bbox 332 1625 1907 1705">
     <span class='ocr_line' id='line_1_16' title="bbox 332 1625 1907 1705; baseline -0.005 -16"><span class='ocrx_word' id='word_1_95' title='bbox 332 1638 574 1704; x_wconf 80' lang='grc' dir='ltr'>νοητοῖς,</span> <span class='ocrx_word' id='word_1_96' title='bbox 604 1636 670 1705; x_wconf 79' lang='grc' dir='ltr'><strong>τῇ</strong></span> <span class='ocrx_word' id='word_1_97' title='bbox 718 1635 821 1704; x_wconf 80' lang='grc' dir='ltr'>τῆς</span> <span class='ocrx_word' id='word_1_98' title='bbox 864 1635 1061 1704; x_wconf 78' lang='grc' dir='ltr'>νοερᾶς</span> <span class='ocrx_word' id='word_1_99' title='bbox 1110 1633 1419 1687; x_wconf 79' lang='grc' dir='ltr'>ἀποπαύσει</span> <span class='ocrx_word' id='word_1_100' title='bbox 1478 1634 1768 1701; x_wconf 78' lang='grc' dir='ltr'>κινήσεως.</span> <span class='ocrx_word' id='word_1_101' title='bbox 1800 1625 1907 1700; x_wconf 60' lang='grc' dir='ltr'><strong>Σηὲ</strong></span> 
     </span>
    </p>
   </div>
   <div class='ocr_carea' id='block_1_17' title="bbox 336 1717 1907 1797">
    <p class='ocr_par' dir='ltr' id='par_1_17' title="bbox 336 1717 1907 1797">
     <span class='ocr_line' id='line_1_17' title="bbox 336 1717 1907 1797; baseline -0.005 -20"><span class='ocrx_word' id='word_1_102' title='bbox 336 1725 572 1797; x_wconf 82' lang='grc' dir='ltr'>μείωσαι</span> <span class='ocrx_word' id='word_1_103' title='bbox 600 1724 658 1775; x_wconf 80' lang='grc' dir='ltr'><strong>δὲ</strong></span> <span class='ocrx_word' id='word_1_104' title='bbox 691 1724 773 1776; x_wconf 80' lang='grc' dir='ltr'>ὅτι</span> <span class='ocrx_word' id='word_1_105' title='bbox 802 1722 894 1776; x_wconf 89' lang='grc' dir='ltr'><strong>νοῦ</strong></span> <span class='ocrx_word' id='word_1_106' title='bbox 921 1723 1152 1777; x_wconf 85' lang='grc' dir='ltr'>θάνατον</span> <span class='ocrx_word' id='word_1_107' title='bbox 1181 1721 1572 1793; x_wconf 82' lang='grc' dir='ltr'>ἐπαινούμενον</span> <span class='ocrx_word' id='word_1_108' title='bbox 1600 1721 1783 1788; x_wconf 84' lang='grc' dir='ltr'>λέγει,</span> <span class='ocrx_word' id='word_1_109' title='bbox 1807 1717 1907 1787; x_wconf 77' lang='grc' dir='ltr'>τὴν</span> 
     </span>
    </p>
   </div>
   <div class='ocr_carea' id='block_1_18' title="bbox 2007 541 3580 618">
    <p class='ocr_par' dir='ltr' id='par_1_18' title="bbox 2007 541 3580 618">
     <span class='ocr_line' id='line_1_18' title="bbox 2007 541 3580 618; baseline -0.007 -14"><span class='ocrx_word' id='word_1_110' title='bbox 2007 558 2227 618; x_wconf 88' lang='lat' dir='ltr'><strong>tamque</strong></span> <span class='ocrx_word' id='word_1_111' title='bbox 2254 559 2494 605; x_wconf 86' lang='lat' dir='ltr'><strong>mentem</strong></span> <span class='ocrx_word' id='word_1_112' title='bbox 2526 558 2692 618; x_wconf 88' lang='lat' dir='ltr'><strong>atque</strong></span> <span class='ocrx_word' id='word_1_113' title='bbox 2731 545 3040 618; x_wconf 84' lang='lat' dir='ltr'><strong>improbam</strong></span> <span class='ocrx_word' id='word_1_114' title='bbox 3076 557 3304 599; x_wconf 80' lang='lat' dir='ltr'><strong>vacuam</strong></span> <span class='ocrx_word' id='word_1_115' title='bbox 3340 541 3580 599; x_wconf 75' lang='lat' dir='ltr'><strong>derelin-</strong></span> 
     </span>
    </p>
   </div>
   <div class='ocr_carea' id='block_1_19' title="bbox 2005 650 2158 710">
    <p class='ocr_par' dir='ltr' id='par_1_19' title="bbox 2005 650 2158 710">
     <span class='ocr_line' id='line_1_19' title="bbox 2005 650 2158 710; baseline 0 -16"><span class='ocrx_word' id='word_1_116' title='bbox 2005 650 2158 710; x_wconf 75' lang='lat' dir='ltr'><strong>quaL</strong></span> 
     </span>
    </p>
   </div>
   <div class='ocr_carea' id='block_1_20' title="bbox 2074 722 3582 800">
    <p class='ocr_par' dir='ltr' id='par_1_20' title="bbox 2074 722 3582 800">
     <span class='ocr_line' id='line_1_20' title="bbox 2074 722 3582 800; baseline -0.007 -15"><span class='ocrx_word' id='word_1_117' title='bbox 2074 732 2162 786; x_wconf 71' lang='lat'><strong>25.</strong></span> <span class='ocrx_word' id='word_1_118' title='bbox 2194 732 2277 787; x_wconf 85' lang='lat' dir='ltr'><strong>[ra</strong></span> <span class='ocrx_word' id='word_1_119' title='bbox 2293 732 2551 787; x_wconf 89' lang='lat' dir='ltr'><strong>salutaris</strong></span> <span class='ocrx_word' id='word_1_120' title='bbox 2573 740 2678 796; x_wconf 90' lang='lat' dir='ltr'><strong>est,</strong></span> <span class='ocrx_word' id='word_1_121' title='bbox 2703 731 2891 786; x_wconf 85' lang='lat' dir='ltr'><strong>divina</strong></span> <span class='ocrx_word' id='word_1_122' title='bbox 2912 726 3201 800; x_wconf 83' lang='lat' dir='ltr'><strong>permissio</strong></span> <span class='ocrx_word' id='word_1_123' title='bbox 3230 722 3582 793; x_wconf 79' lang='lat' dir='ltr'><strong>impugnandi</strong></span> 
     </span>
    </p>
   </div>
   <div class='ocr_carea' id='block_1_21' title="bbox 2007 813 3587 893">
    <p class='ocr_par' dir='ltr' id='par_1_21' title="bbox 2007 813 3587 893">
     <span class='ocr_line' id='line_1_21' title="bbox 2007 813 3587 893; baseline -0.006 -17"><span class='ocrx_word' id='word_1_124' title='bbox 2007 823 2244 877; x_wconf 88' lang='lat' dir='ltr'><strong>animam</strong></span> <span class='ocrx_word' id='word_1_125' title='bbox 2278 824 2387 877; x_wconf 89' lang='lat' dir='ltr'><strong>alta</strong></span> <span class='ocrx_word' id='word_1_126' title='bbox 2435 822 2738 893; x_wconf 89' lang='lat' dir='ltr'><strong>sapientem</strong></span> <span class='ocrx_word' id='word_1_127' title='bbox 2780 822 3086 877; x_wconf 83' lang='lat' dir='ltr'><strong>daemonum</strong></span> <span class='ocrx_word' id='word_1_128' title='bbox 3116 829 3303 887; x_wconf 85' lang='lat' dir='ltr'><strong>opera,</strong></span> <span class='ocrx_word' id='word_1_129' title='bbox 3336 815 3431 883; x_wconf 86' lang='lat' dir='ltr'><strong>qui</strong></span> <span class='ocrx_word' id='word_1_130' title='bbox 3463 813 3587 866; x_wconf 88' lang='lat' dir='ltr'><strong>libi-</strong></span> 
     </span>
    </p>
   </div>
   <div class='ocr_carea' id='block_1_22' title="bbox 2007 907 3588 985">
    <p class='ocr_par' dir='ltr' id='par_1_22' title="bbox 2007 907 3588 985">
     <span class='ocr_line' id='line_1_22' title="bbox 2007 907 3588 985; baseline -0.006 -17"><span class='ocrx_word' id='word_1_131' title='bbox 2007 915 2168 970; x_wconf 83' lang='lat' dir='ltr'><strong>dines</strong></span> <span class='ocrx_word' id='word_1_132' title='bbox 2199 923 2366 985; x_wconf 87' lang='lat' dir='ltr'><strong>atque</strong></span> <span class='ocrx_word' id='word_1_133' title='bbox 2412 915 2645 970; x_wconf 72' lang='lat' dir='ltr'><strong>allectus</strong></span> <span class='ocrx_word' id='word_1_134' title='bbox 2696 913 3069 978; x_wconf 88' lang='lat' dir='ltr'><strong>succendant;</strong></span> <span class='ocrx_word' id='word_1_135' title='bbox 3102 919 3164 966; x_wconf 91' lang='lat' dir='ltr'><strong>ut</strong></span> <span class='ocrx_word' id='word_1_136' title='bbox 3193 909 3323 963; x_wconf 87' lang='lat' dir='ltr'><strong>dum</strong></span> <span class='ocrx_word' id='word_1_137' title='bbox 3353 907 3588 976; x_wconf 89' lang='lat' dir='ltr'><strong>turpiter</strong></span> 
     </span>
    </p>
   </div>
   <div class='ocr_carea' id='block_1_23' title="bbox 2007 999 3586 1078">
    <p class='ocr_par' dir='ltr' id='par_1_23' title="bbox 2007 999 3586 1078">
     <span class='ocr_line' id='line_1_23' title="bbox 2007 999 3586 1078; baseline -0.007 -16"><span class='ocrx_word' id='word_1_138' title='bbox 2007 1024 2070 1062; x_wconf 83' lang='lat' dir='ltr'><strong>ac</strong></span> <span class='ocrx_word' id='word_1_139' title='bbox 2102 1008 2465 1078; x_wconf 78' lang='lat' dir='ltr'><strong>ignominiose</strong></span> <span class='ocrx_word' id='word_1_140' title='bbox 2493 1006 2747 1071; x_wconf 74' lang='lat' dir='ltr'><strong>adicitur,</strong></span> <span class='ocrx_word' id='word_1_141' title='bbox 2791 1006 2887 1076; x_wconf 87' lang='lat' dir='ltr'><strong>qui</strong></span> <span class='ocrx_word' id='word_1_142' title='bbox 2925 1005 3188 1060; x_wconf 88' lang='lat' dir='ltr'><strong>virtutum</strong></span> <span class='ocrx_word' id='word_1_143' title='bbox 3220 1000 3441 1055; x_wconf 87' lang='lat' dir='ltr'><strong>nomine</strong></span> <span class='ocrx_word' id='word_1_144' title='bbox 3469 999 3586 1067; x_wconf 79' lang='lat' dir='ltr'><strong>glo-</strong></span> 
     </span>
    </p>
   </div>
   <div class='ocr_carea' id='block_1_24' title="bbox 2011 1094 3588 1169">
    <p class='ocr_par' dir='ltr' id='par_1_24' title="bbox 2011 1094 3588 1169">
     <span class='ocr_line' id='line_1_24' title="bbox 2011 1094 3588 1169; baseline -0.006 -18"><span class='ocrx_word' id='word_1_145' title='bbox 2011 1098 2280 1162; x_wconf 88' lang='lat' dir='ltr'><strong>riabatur,</strong></span> <span class='ocrx_word' id='word_1_146' title='bbox 2306 1099 2527 1153; x_wconf 82' lang='lat' dir='ltr'><strong>noverit</strong></span> <span class='ocrx_word' id='word_1_147' title='bbox 2567 1099 2694 1169; x_wconf 92' lang='lat' dir='ltr'><strong>quis</strong></span> <span class='ocrx_word' id='word_1_148' title='bbox 2737 1098 2957 1152; x_wconf 86' lang='lat' dir='ltr'><strong>illarum</strong></span> <span class='ocrx_word' id='word_1_149' title='bbox 2998 1094 3070 1151; x_wconf 89' lang='lat' dir='ltr'><strong>sit</strong></span> <span class='ocrx_word' id='word_1_150' title='bbox 3096 1094 3289 1158; x_wconf 86' lang='lat' dir='ltr'><strong>dator;</strong></span> <span class='ocrx_word' id='word_1_151' title='bbox 3316 1100 3410 1147; x_wconf 89' lang='lat' dir='ltr'><strong>aut</strong></span> <span class='ocrx_word' id='word_1_152' title='bbox 3437 1096 3588 1145; x_wconf 90' lang='lat' dir='ltr'><strong>certe</strong></span> 
     </span>
    </p>
   </div>
   <div class='ocr_carea' id='block_1_25' title="bbox 2010 1182 3587 1260">
    <p class='ocr_par' dir='ltr' id='par_1_25' title="bbox 2010 1182 3587 1260">
     <span class='ocr_line' id='line_1_25' title="bbox 2010 1182 3587 1260; baseline -0.005 -17"><span class='ocrx_word' id='word_1_153' title='bbox 2010 1191 2208 1245; x_wconf 83' lang='lat' dir='ltr'><strong>alienis</strong></span> <span class='ocrx_word' id='word_1_154' title='bbox 2241 1188 2507 1256; x_wconf 89' lang='lat' dir='ltr'><strong>nudetur,</strong></span> <span class='ocrx_word' id='word_1_155' title='bbox 2534 1205 2658 1260; x_wconf 63' lang='lat' dir='ltr'><strong>quae</strong></span> <span class='ocrx_word' id='word_1_156' title='bbox 2693 1190 2773 1243; x_wconf 92' lang='lat' dir='ltr'><strong>sic</strong></span> <span class='ocrx_word' id='word_1_157' title='bbox 2806 1188 3010 1243; x_wconf 81' lang='lat' dir='ltr'><strong>habere</strong></span> <span class='ocrx_word' id='word_1_158' title='bbox 3047 1184 3415 1247; x_wconf 78' lang='lat' dir='ltr'><strong>existimabat,</strong></span> <span class='ocrx_word' id='word_1_159' title='bbox 3439 1198 3504 1236; x_wconf 89' lang='lat' dir='ltr'><strong>ac</strong></span> <span class='ocrx_word' id='word_1_160' title='bbox 3541 1182 3587 1237; x_wconf 93' lang='lat' dir='ltr'><strong>si</strong></span> 
     </span>
    </p>
   </div>
   <div class='ocr_carea' id='block_1_26' title="bbox 2011 1284 2488 1352">
    <p class='ocr_par' dir='ltr' id='par_1_26' title="bbox 2011 1284 2488 1352">
     <span class='ocr_line' id='line_1_26' title="bbox 2011 1284 2488 1352; baseline 0.002 -16"><span class='ocrx_word' id='word_1_161' title='bbox 2011 1300 2119 1337; x_wconf 88' lang='lat' dir='ltr'><strong>non</strong></span> <span class='ocrx_word' id='word_1_162' title='bbox 2158 1284 2488 1352; x_wconf 89' lang='lat' dir='ltr'><strong>accepisset.</strong></span> 
     </span>
    </p>
   </div>
   <div class='ocr_carea' id='block_1_27' title="bbox 2079 1363 3587 1437">
    <p class='ocr_par' dir='ltr' id='par_1_27' title="bbox 2079 1363 3587 1437">
     <span class='ocr_line' id='line_1_27' title="bbox 2079 1363 3587 1437; baseline -0.007 -10"><span class='ocrx_word' id='word_1_163' title='bbox 2079 1373 2168 1427; x_wconf 69' lang='lat'><strong>24.</strong></span> <span class='ocrx_word' id='word_1_164' title='bbox 2196 1372 2398 1427; x_wconf 87' lang='lat' dir='ltr'><strong>Beatus</strong></span> <span class='ocrx_word' id='word_1_165' title='bbox 2419 1389 2612 1427; x_wconf 77' lang='lat' dir='ltr'><strong>revera</strong></span> <span class='ocrx_word' id='word_1_166' title='bbox 2643 1372 2734 1427; x_wconf 88' lang='lat' dir='ltr'><strong>ille</strong></span> <span class='ocrx_word' id='word_1_167' title='bbox 2766 1372 3003 1433; x_wconf 87' lang='lat' dir='ltr'><strong>animus,</strong></span> <span class='ocrx_word' id='word_1_168' title='bbox 3039 1368 3132 1437; x_wconf 90' lang='lat' dir='ltr'><strong>qui</strong></span> <span class='ocrx_word' id='word_1_169' title='bbox 3157 1366 3375 1422; x_wconf 90' lang='lat' dir='ltr'><strong>cunctis</strong></span> <span class='ocrx_word' id='word_1_170' title='bbox 3398 1363 3587 1419; x_wconf 87' lang='lat' dir='ltr'><strong>lauda-</strong></span> 
     </span>
    </p>
   </div>
   <div class='ocr_carea' id='block_1_28' title="bbox 2010 1456 3587 1528">
    <p class='ocr_par' dir='ltr' id='par_1_28' title="bbox 2010 1456 3587 1528">
     <span class='ocr_line' id='line_1_28' title="bbox 2010 1456 3587 1528; baseline -0.006 -13"><span class='ocrx_word' id='word_1_171' title='bbox 2010 1462 2197 1516; x_wconf 90' lang='lat' dir='ltr'><strong>biliter</strong></span> <span class='ocrx_word' id='word_1_172' title='bbox 2243 1462 2411 1517; x_wconf 87' lang='lat' dir='ltr'><strong>rebus</strong></span> <span class='ocrx_word' id='word_1_173' title='bbox 2444 1474 2697 1519; x_wconf 87' lang='lat' dir='ltr'><strong>mortuus</strong></span> <span class='ocrx_word' id='word_1_174' title='bbox 2739 1469 2861 1527; x_wconf 88' lang='lat' dir='ltr'><strong>est;</strong></span> <span class='ocrx_word' id='word_1_175' title='bbox 2914 1461 2981 1514; x_wconf 89' lang='lat' dir='ltr'><strong>iis</strong></span> <span class='ocrx_word' id='word_1_176' title='bbox 3020 1456 3246 1528; x_wconf 86' lang='lat' dir='ltr'><strong>quidem</strong></span> <span class='ocrx_word' id='word_1_177' title='bbox 3276 1470 3397 1524; x_wconf 81' lang='lat' dir='ltr'><strong>quae</strong></span> <span class='ocrx_word' id='word_1_178' title='bbox 3424 1469 3587 1507; x_wconf 84' lang='lat' dir='ltr'><strong>sensu</strong></span> 
     </span>
    </p>
   </div>
   <div class='ocr_carea' id='block_1_29' title="bbox 2010 1544 3591 1623">
    <p class='ocr_par' dir='ltr' id='par_1_29' title="bbox 2010 1544 3591 1623">
     <span class='ocr_line' id='line_1_29' title="bbox 2010 1544 3591 1623; baseline -0.004 -20"><span class='ocrx_word' id='word_1_179' title='bbox 2010 1551 2411 1621; x_wconf 88' lang='lat' dir='ltr'><strong>percipiuntur,</strong></span> <span class='ocrx_word' id='word_1_180' title='bbox 2434 1552 2647 1623; x_wconf 87' lang='lat' dir='ltr'><strong>ahjeeta</strong></span> <span class='ocrx_word' id='word_1_181' title='bbox 2687 1550 2959 1607; x_wconf 85' lang='lat' dir='ltr'><strong>sentiendi</strong></span> <span class='ocrx_word' id='word_1_182' title='bbox 2986 1546 3339 1618; x_wconf 84' lang='lat' dir='ltr'><strong>operatione;</strong></span> <span class='ocrx_word' id='word_1_183' title='bbox 3369 1544 3437 1600; x_wconf 90' lang='lat' dir='ltr'><strong>iis</strong></span> <span class='ocrx_word' id='word_1_184' title='bbox 3458 1559 3591 1598; x_wconf 89' lang='lat' dir='ltr'><strong>vero</strong></span> 
     </span>
    </p>
   </div>
   <div class='ocr_carea' id='block_1_30' title="bbox 2009 1631 3641 1712">
    <p class='ocr_par' dir='ltr' id='par_1_30' title="bbox 2009 1631 3641 1712">
     <span class='ocr_line' id='line_1_30' title="bbox 2009 1631 3641 1712; baseline -0.006 -14"><span class='ocrx_word' id='word_1_185' title='bbox 2009 1659 2131 1712; x_wconf 80' lang='lat' dir='ltr'><strong>qua:</strong></span> <span class='ocrx_word' id='word_1_186' title='bbox 2185 1653 2388 1709; x_wconf 89' lang='lat' dir='ltr'><strong>mente,</strong></span> <span class='ocrx_word' id='word_1_187' title='bbox 2441 1644 2752 1698; x_wconf 87' lang='lat' dir='ltr'><strong>cessatione</strong></span> <span class='ocrx_word' id='word_1_188' title='bbox 2800 1644 2869 1697; x_wconf 89' lang='lat' dir='ltr'><strong>ab</strong></span> <span class='ocrx_word' id='word_1_189' title='bbox 2923 1638 3262 1711; x_wconf 78' lang='lat' dir='ltr'><strong>intelligendi</strong></span> <span class='ocrx_word' id='word_1_190' title='bbox 3313 1646 3465 1692; x_wconf 88' lang='lat' dir='ltr'><strong>motu</strong></span> <span class='ocrx_word' id='word_1_191' title='bbox 3528 1631 3641 1690; x_wconf 86' lang='lat' dir='ltr'><strong>ac’</strong></span> 
     </span>
    </p>
   </div>
   <div class='ocr_carea' id='block_1_31' title="bbox 2011 1730 3595 1791">
    <p class='ocr_par' dir='ltr' id='par_1_31' title="bbox 2011 1730 3595 1791">
     <span class='ocr_line' id='line_1_31' title="bbox 2011 1730 3595 1791; baseline -0.006 -2"><span class='ocrx_word' id='word_1_192' title='bbox 2011 1735 2313 1791; x_wconf 80' lang='lat' dir='ltr'><strong>functione.</strong></span> <span class='ocrx_word' id='word_1_193' title='bbox 2338 1735 2651 1790; x_wconf 89' lang='lat' dir='ltr'><strong>Notandum</strong></span> <span class='ocrx_word' id='word_1_194' title='bbox 2678 1750 2810 1790; x_wconf 81' lang='lat' dir='ltr'><strong>vero</strong></span> <span class='ocrx_word' id='word_1_195' title='bbox 2871 1733 3204 1788; x_wconf 88' lang='lat' dir='ltr'><strong>laudabilem</strong></span> <span class='ocrx_word' id='word_1_196' title='bbox 3241 1730 3411 1784; x_wconf 89' lang='lat' dir='ltr'><strong>animi</strong></span> <span class='ocrx_word' id='word_1_197' title='bbox 3450 1744 3595 1781; x_wconf 86' lang='lat' dir='ltr'><strong>mor-</strong></span> 
     </span>
    </p>
   </div>
   <div class='ocr_carea' id='block_1_32' title="bbox 336 1804 1922 1897">
    <p class='ocr_par' dir='ltr' id='par_1_32' title="bbox 336 1810 1910 1890">
     <span class='ocr_line' id='line_1_32' title="bbox 336 1810 1910 1890; baseline -0.006 -18"><span class='ocrx_word' id='word_1_198' title='bbox 336 1820 474 1890; x_wconf 86' lang='grc' dir='ltr'>πρὸς</span> <span class='ocrx_word' id='word_1_199' title='bbox 508 1819 687 1871; x_wconf 85' lang='grc' dir='ltr'>πάντα</span> <span class='ocrx_word' id='word_1_200' title='bbox 716 1818 785 1869; x_wconf 76' lang='grc' dir='ltr'><strong>τά</strong></span> <span class='ocrx_word' id='word_1_201' title='bbox 809 1817 939 1870; x_wconf 77' lang='grc' dir='ltr'>ὅντα</span> <span class='ocrx_word' id='word_1_202' title='bbox 979 1815 1266 1887; x_wconf 81' lang='grc' dir='ltr'>γνωμικὴν</span> <span class='ocrx_word' id='word_1_203' title='bbox 1299 1815 1625 1883; x_wconf 82' lang='grc' dir='ltr'>ἀπογένεσιν</span> <span class='ocrx_word' id='word_1_204' title='bbox 1661 1813 1760 1883; x_wconf 79' lang='lat' dir='ltr'><strong>(g),</strong></span> <span class='ocrx_word' id='word_1_205' title='bbox 1791 1810 1910 1881; x_wconf 80' lang='grc' dir='ltr'>μεθ’</span> 
     </span>
    </p>
   </div>
   <div class='ocr_carea' id='block_1_33' title="bbox 2025 1804 3591 1897">
    <p class='ocr_par' dir='ltr' id='par_1_33' title="bbox 2025 1818 3591 1897">
     <span class='ocr_line' id='line_1_33' title="bbox 2025 1818 3591 1897; baseline -0.004 -17"><span class='ocrx_word' id='word_1_206' title='bbox 2025 1838 2125 1881; x_wconf 71' lang='lat' dir='ltr'><strong>tem</strong></span> <span class='ocrx_word' id='word_1_207' title='bbox 2172 1827 2473 1895; x_wconf 85' lang='lat' dir='ltr'><strong>appellare,</strong></span> <span class='ocrx_word' id='word_1_208' title='bbox 2519 1834 2642 1897; x_wconf 74' lang='lat' dir='ltr'><strong>qua:</strong></span> <span class='ocrx_word' id='word_1_209' title='bbox 2684 1827 2967 1880; x_wconf 83' lang='lat' dir='ltr'><strong>voluntate</strong></span> <span class='ocrx_word' id='word_1_210' title='bbox 2999 1822 3278 1892; x_wconf 89' lang='lat' dir='ltr'><strong>animique</strong></span> <span class='ocrx_word' id='word_1_211' title='bbox 3321 1818 3591 1876; x_wconf 82' lang='lat' dir='ltr'><strong>sententia</strong></span> 
     </span>
    </p>
   </div>
   <div class='ocr_carea' id='block_1_34' title="bbox 334 1902 1909 1983">
    <p class='ocr_par' dir='ltr' id='par_1_34' title="bbox 334 1902 1909 1983">
     <span class='ocr_line' id='line_1_34' title="bbox 334 1902 1909 1983; baseline -0.005 -21"><span class='ocrx_word' id='word_1_212' title='bbox 334 1911 402 1983; x_wconf 69' lang='grc' dir='ltr'>ἢν</span> <span class='ocrx_word' id='word_1_213' title='bbox 432 1909 529 1979; x_wconf 86' lang='grc' dir='ltr'>τὴν</span> <span class='ocrx_word' id='word_1_214' title='bbox 551 1908 672 1979; x_wconf 76' lang='grc' dir='ltr'>θείᾳ</span> <span class='ocrx_word' id='word_1_215' title='bbox 695 1908 876 1981; x_wconf 79' lang='grc' dir='ltr'>χάριτι</span> <span class='ocrx_word' id='word_1_216' title='bbox 911 1907 1057 1979; x_wconf 77' lang='grc' dir='ltr'>ζωὴν</span> <span class='ocrx_word' id='word_1_217' title='bbox 1094 1905 1446 1975; x_wconf 79' lang='grc' dir='ltr'>ὑποδέχεσθαι</span> <span class='ocrx_word' id='word_1_218' title='bbox 1479 1905 1724 1974; x_wconf 79' lang='grc' dir='ltr'>πέφυκεν</span> <span class='ocrx_word' id='word_1_219' title='bbox 1745 1920 1758 1935; x_wconf 77' lang='grc'><strong><em>⁸</em></strong></span> <span class='ocrx_word' id='word_1_220' title='bbox 1786 1902 1909 1957; x_wconf 73' lang='grc' dir='ltr'>ἀντὶ</span> 
     </span>
    </p>
   </div>
   <div class='ocr_carea' id='block_1_35' title="bbox 334 1995 1904 2067">
    <p class='ocr_par' dir='ltr' id='par_1_35' title="bbox 334 1995 1904 2067">
     <span class='ocr_line' id='line_1_35' title="bbox 334 1995 1904 2067; baseline -0.004 -13"><span class='ocrx_word' id='word_1_221' title='bbox 334 2001 447 2054; x_wconf 85' lang='grc' dir='ltr'><strong>τῶν</strong></span> <span class='ocrx_word' id='word_1_222' title='bbox 494 2000 684 2066; x_wconf 82' lang='grc' dir='ltr'>ὄντων,</span> <span class='ocrx_word' id='word_1_223' title='bbox 712 2000 773 2054; x_wconf 81' lang='grc' dir='ltr'>τὸ</span> <span class='ocrx_word' id='word_1_224' title='bbox 816 2000 987 2055; x_wconf 77' lang='grc' dir='ltr'>αἴτιον</span> <span class='ocrx_word' id='word_1_225' title='bbox 1036 1997 1145 2053; x_wconf 83' lang='grc' dir='ltr'><strong>τῶν</strong></span> <span class='ocrx_word' id='word_1_226' title='bbox 1183 1998 1353 2051; x_wconf 74' lang='grc' dir='ltr'>ὄντων</span> <span class='ocrx_word' id='word_1_227' title='bbox 1406 1997 1741 2067; x_wconf 76' lang='grc' dir='ltr'>ἀνεννοήτως</span> <span class='ocrx_word' id='word_1_228' title='bbox 1767 1995 1904 2049; x_wconf 86' lang='grc' dir='ltr'>ἀπο-</span> 
     </span>
    </p>
   </div>
   <div class='ocr_carea' id='block_1_36' title="bbox 334 2089 537 2144">
    <p class='ocr_par' dir='ltr' id='par_1_36' title="bbox 334 2089 537 2144">
     <span class='ocr_line' id='line_1_36' title="bbox 334 2089 537 2144; baseline 0.005 -1"><span class='ocrx_word' id='word_1_229' title='bbox 334 2089 516 2144; x_wconf 80' lang='grc' dir='ltr'>λαϐών</span> <span class='ocrx_word' id='word_1_230' title='bbox 526 2131 537 2144; x_wconf 93' lang='grc'><strong>.</strong></span> 
     </span>
    </p>
   </div>
   <div class='ocr_carea' id='block_1_37' title="bbox 408 2261 1911 2338">
    <p class='ocr_par' dir='ltr' id='par_1_37' title="bbox 408 2261 1911 2338">
     <span class='ocr_line' id='line_1_37' title="bbox 408 2261 1911 2338; baseline -0.003 -19"><span class='ocrx_word' id='word_1_231' title='bbox 408 2283 507 2319; x_wconf 78' lang='grc' dir='ltr'><strong>κε.</strong></span> <span class='ocrx_word' id='word_1_232' title='bbox 540 2268 824 2338; x_wconf 82' lang='grc' dir='ltr'>Μακάριος</span> <span class='ocrx_word' id='word_1_233' title='bbox 857 2269 885 2320; x_wconf 85' lang='grc' dir='ltr'>ὀ</span> <span class='ocrx_word' id='word_1_234' title='bbox 937 2267 1179 2336; x_wconf 65' lang='grc' dir='ltr'>συνάψας</span> <span class='ocrx_word' id='word_1_235' title='bbox 1232 2266 1292 2318; x_wconf 83' lang='grc' dir='ltr'>τὸ</span> <span class='ocrx_word' id='word_1_236' title='bbox 1334 2266 1431 2335; x_wconf 78' lang='grc' dir='ltr'><strong>μὲν</strong></span> <span class='ocrx_word' id='word_1_237' title='bbox 1473 2263 1779 2334; x_wconf 76' lang='grc' dir='ltr'>πρακτικὸν</span> <span class='ocrx_word' id='word_1_238' title='bbox 1834 2261 1911 2332; x_wconf 79' lang='grc' dir='ltr'>τῷ</span> 
     </span>
    </p>
   </div>
   <div class='ocr_carea' id='block_1_38' title="bbox 338 2344 1911 2429">
    <p class='ocr_par' dir='ltr' id='par_1_38' title="bbox 338 2344 1911 2429">
     <span class='ocr_line' id='line_1_38' title="bbox 338 2344 1911 2429; baseline -0.004 -18"><span class='ocrx_word' id='word_1_239' title='bbox 338 2358 483 2411; x_wconf 76' lang='grc' dir='ltr'>κατὰ</span> <span class='ocrx_word' id='word_1_240' title='bbox 541 2356 705 2425; x_wconf 80' lang='grc' dir='ltr'>φύσιν</span> <span class='ocrx_word' id='word_1_241' title='bbox 752 2358 945 2428; x_wconf 84' lang='grc' dir='ltr'>ἀγαθῷ</span> <span class='ocrx_word' id='word_1_242' title='bbox 980 2374 994 2388; x_wconf 70' lang='grc'><strong><em>⁸</em></strong></span> <span class='ocrx_word' id='word_1_243' title='bbox 1030 2358 1093 2411; x_wconf 83' lang='grc' dir='ltr'>τὸ</span> <span class='ocrx_word' id='word_1_244' title='bbox 1146 2358 1201 2410; x_wconf 80' lang='grc' dir='ltr'><strong>δὲ</strong></span> <span class='ocrx_word' id='word_1_245' title='bbox 1253 2355 1609 2429; x_wconf 76' lang='grc' dir='ltr'>θεωρητικὸν,</span> <span class='ocrx_word' id='word_1_246' title='bbox 1644 2344 1731 2426; x_wconf 66' lang='grc' dir='ltr'>τῇ</span> <span class='ocrx_word' id='word_1_247' title='bbox 1771 2351 1911 2405; x_wconf 82' lang='grc' dir='ltr'><strong>κατά</strong></span> 
     </span>
    </p>
   </div>
   <div class='ocr_carea' id='block_1_39' title="bbox 338 2437 1910 2516">
    <p class='ocr_par' dir='ltr' id='par_1_39' title="bbox 338 2437 1910 2516">
     <span class='ocr_line' id='line_1_39' title="bbox 338 2437 1910 2516; baseline -0.005 -17"><span class='ocrx_word' id='word_1_248' title='bbox 338 2444 504 2516; x_wconf 78' lang='grc' dir='ltr'>φύσιν</span> <span class='ocrx_word' id='word_1_249' title='bbox 542 2445 791 2516; x_wconf 77' lang='grc' dir='ltr'>ἀληθείᾳ.</span> <span class='ocrx_word' id='word_1_250' title='bbox 832 2446 990 2499; x_wconf 75' lang='grc' dir='ltr'>Πᾶσα</span> <span class='ocrx_word' id='word_1_251' title='bbox 1032 2445 1143 2515; x_wconf 85' lang='grc' dir='ltr'><strong>γάρ</strong></span> <span class='ocrx_word' id='word_1_252' title='bbox 1194 2442 1414 2515; x_wconf 80' lang='grc' dir='ltr'>πρᾶξις,</span> <span class='ocrx_word' id='word_1_253' title='bbox 1446 2442 1534 2496; x_wconf 81' lang='grc' dir='ltr'><strong>διὰ</strong></span> <span class='ocrx_word' id='word_1_254' title='bbox 1588 2441 1649 2493; x_wconf 77' lang='grc' dir='ltr'>τὸ</span> <span class='ocrx_word' id='word_1_255' title='bbox 1704 2437 1910 2507; x_wconf 82' lang='grc' dir='ltr'>ἀγαθὸν</span> 
     </span>
    </p>
   </div>
   <div class='ocr_carea' id='block_1_40' title="bbox 339 2531 1911 2605">
    <p class='ocr_par' dir='ltr' id='par_1_40' title="bbox 339 2531 1911 2605">
     <span class='ocr_line' id='line_1_40' title="bbox 339 2531 1911 2605; baseline -0.005 -13"><span class='ocrx_word' id='word_1_256' title='bbox 339 2540 585 2605; x_wconf 84' lang='grc' dir='ltr'>γίνεσθαι</span> <span class='ocrx_word' id='word_1_257' title='bbox 622 2538 832 2605; x_wconf 78' lang='grc' dir='ltr'>πέφυκε</span> <span class='ocrx_word' id='word_1_258' title='bbox 862 2555 875 2569; x_wconf 68' lang='grc' dir='ltr'><strong>θ</strong></span> <span class='ocrx_word' id='word_1_259' title='bbox 905 2538 999 2591; x_wconf 78' lang='grc' dir='ltr'>καὶ</span> <span class='ocrx_word' id='word_1_260' title='bbox 1032 2538 1181 2593; x_wconf 80' lang='grc' dir='ltr'>πᾶσα</span> <span class='ocrx_word' id='word_1_261' title='bbox 1212 2536 1432 2602; x_wconf 87' lang='grc' dir='ltr'>θεωρία,</span> <span class='ocrx_word' id='word_1_262' title='bbox 1456 2534 1555 2605; x_wconf 83' lang='grc' dir='ltr'>τὴν</span> <span class='ocrx_word' id='word_1_263' title='bbox 1596 2532 1796 2602; x_wconf 84' lang='grc' dir='ltr'>γνῶσιν</span> <span class='ocrx_word' id='word_1_264' title='bbox 1824 2531 1911 2585; x_wconf 83' lang='grc' dir='ltr'>διά</span> 
     </span>
    </p>
   </div>
   <div class='ocr_carea' id='block_1_41' title="bbox 345 2620 1913 2699">
    <p class='ocr_par' dir='ltr' id='par_1_41' title="bbox 345 2620 1913 2699">
     <span class='ocr_line' id='line_1_41' title="bbox 345 2620 1913 2699; baseline -0.001 -18"><span class='ocrx_word' id='word_1_265' title='bbox 345 2630 511 2699; x_wconf 83' lang='grc' dir='ltr'>μόνην</span> <span class='ocrx_word' id='word_1_266' title='bbox 540 2629 695 2699; x_wconf 75' lang='grc' dir='ltr'>ζητεῖ</span> <span class='ocrx_word' id='word_1_267' title='bbox 723 2630 821 2699; x_wconf 82' lang='grc' dir='ltr'>τὴν</span> <span class='ocrx_word' id='word_1_268' title='bbox 850 2628 1112 2699; x_wconf 79' lang='grc' dir='ltr'>ἀλήθειαν</span> <span class='ocrx_word' id='word_1_269' title='bbox 1146 2645 1160 2656; x_wconf 71' lang='grc' dir='ltr'><strong>ο</strong></span> <span class='ocrx_word' id='word_1_270' title='bbox 1194 2620 1268 2681; x_wconf 82' lang='grc' dir='ltr'>ὧν</span> <span class='ocrx_word' id='word_1_271' title='bbox 1306 2627 1699 2680; x_wconf 83' lang='grc' dir='ltr'>διανυσθέντων</span> <span class='ocrx_word' id='word_1_272' title='bbox 1718 2667 1733 2692; x_wconf 91' lang='grc'><strong>,</strong></span> <span class='ocrx_word' id='word_1_273' title='bbox 1758 2625 1913 2679; x_wconf 80' lang='grc' dir='ltr'>οὐδὲν</span> 
     </span>
    </p>
   </div>
   <div class='ocr_carea' id='block_1_42' title="bbox 341 2718 1907 2790">
    <p class='ocr_par' dir='ltr' id='par_1_42' title="bbox 341 2718 1907 2790">
     <span class='ocr_line' id='line_1_42' title="bbox 341 2718 1907 2790; baseline -0.003 -17"><span class='ocrx_word' id='word_1_274' title='bbox 341 2720 493 2774; x_wconf 74' lang='grc' dir='ltr'>ἔσται</span> <span class='ocrx_word' id='word_1_275' title='bbox 532 2720 815 2774; x_wconf 76' lang='grc' dir='ltr'>τοσύνολον</span> <span class='ocrx_word' id='word_1_276' title='bbox 856 2721 916 2773; x_wconf 82' lang='grc' dir='ltr'>τὸ</span> <span class='ocrx_word' id='word_1_277' title='bbox 945 2720 1180 2790; x_wconf 81' lang='grc' dir='ltr'>πλῆττον</span> <span class='ocrx_word' id='word_1_278' title='bbox 1213 2719 1312 2787; x_wconf 83' lang='grc' dir='ltr'>τῆς</span> <span class='ocrx_word' id='word_1_279' title='bbox 1348 2718 1527 2788; x_wconf 77' lang='grc' dir='ltr'>ψυχῆς</span> <span class='ocrx_word' id='word_1_280' title='bbox 1562 2718 1623 2770; x_wconf 87' lang='grc' dir='ltr'>τὸ</span> <span class='ocrx_word' id='word_1_281' title='bbox 1675 2734 1907 2789; x_wconf 87' lang='grc' dir='ltr'>πρακτι-</span> 
     </span>
    </p>
   </div>
   <div class='ocr_carea' id='block_1_43' title="bbox 343 2808 1913 2882">
    <p class='ocr_par' dir='ltr' id='par_1_43' title="bbox 343 2808 1913 2882">
     <span class='ocr_line' id='line_1_43' title="bbox 343 2808 1913 2882; baseline -0.003 -17"><span class='ocrx_word' id='word_1_282' title='bbox 343 2812 457 2877; x_wconf 74' lang='grc' dir='ltr'>κὸν,</span> <span class='ocrx_word' id='word_1_283' title='bbox 492 2810 617 2865; x_wconf 75' lang='grc' dir='ltr'>οὔτε</span> <span class='ocrx_word' id='word_1_284' title='bbox 647 2811 753 2882; x_wconf 81' lang='grc' dir='ltr'><strong>μὴν</strong></span> <span class='ocrx_word' id='word_1_285' title='bbox 780 2812 842 2865; x_wconf 82' lang='grc' dir='ltr'>τὸ</span> <span class='ocrx_word' id='word_1_286' title='bbox 877 2811 1214 2882; x_wconf 86' lang='grc' dir='ltr'>θεωρητικὸν</span> <span class='ocrx_word' id='word_1_287' title='bbox 1247 2812 1442 2879; x_wconf 75' lang='grc' dir='ltr'>αὐτῆς,</span> <span class='ocrx_word' id='word_1_288' title='bbox 1467 2810 1554 2864; x_wconf 84' lang='grc' dir='ltr'><strong>διὰ</strong></span> <span class='ocrx_word' id='word_1_289' title='bbox 1595 2809 1761 2874; x_wconf 79' lang='grc' dir='ltr'>ξένων</span> <span class='ocrx_word' id='word_1_290' title='bbox 1793 2808 1913 2879; x_wconf 83' lang='grc' dir='ltr'>δρι-</span> 
     </span>
    </p>
   </div>
   <div class='ocr_carea' id='block_1_44' title="bbox 347 2901 1915 2974">
    <p class='ocr_par' dir='ltr' id='par_1_44' title="bbox 347 2901 1915 2974">
     <span class='ocr_line' id='line_1_44' title="bbox 347 2901 1915 2974; baseline -0.001 -20"><span class='ocrx_word' id='word_1_291' title='bbox 347 2901 545 2973; x_wconf 82' lang='grc' dir='ltr'>μύττον</span> <span class='ocrx_word' id='word_1_292' title='bbox 594 2901 968 2974; x_wconf 80' lang='grc' dir='ltr'>θεωρημάτων</span> <span class='ocrx_word' id='word_1_293' title='bbox 1006 2919 1018 2931; x_wconf 92' lang='grc'><strong>·</strong></span> <span class='ocrx_word' id='word_1_294' title='bbox 1062 2903 1265 2967; x_wconf 84' lang='grc' dir='ltr'>παντὸς</span> <span class='ocrx_word' id='word_1_295' title='bbox 1310 2902 1564 2956; x_wconf 78' lang='grc' dir='ltr'>ἐπέκεινα</span> <span class='ocrx_word' id='word_1_296' title='bbox 1618 2901 1915 2970; x_wconf 77' lang='grc' dir='ltr'>γενομένης</span> 
     </span>
    </p>
   </div>
   <div class='ocr_carea' id='block_1_45' title="bbox 346 2992 1916 3066">
    <p class='ocr_par' dir='ltr' id='par_1_45' title="bbox 346 2992 1916 3066">
     <span class='ocr_line' id='line_1_45' title="bbox 346 2992 1916 3066; baseline -0.002 -19"><span class='ocrx_word' id='word_1_297' title='bbox 346 2992 441 3047; x_wconf 79' lang='grc' dir='ltr'>καὶ</span> <span class='ocrx_word' id='word_1_298' title='bbox 470 2992 644 3058; x_wconf 65' lang='grc' dir='ltr'>ὄντος,</span> <span class='ocrx_word' id='word_1_299' title='bbox 683 2993 778 3048; x_wconf 75' lang='grc' dir='ltr'>καὶ</span> <span class='ocrx_word' id='word_1_300' title='bbox 807 2993 1126 3066; x_wconf 81' lang='grc' dir='ltr'>νοουμένου,</span> <span class='ocrx_word' id='word_1_301' title='bbox 1162 2995 1259 3047; x_wconf 76' lang='grc' dir='ltr'>καὶ</span> <span class='ocrx_word' id='word_1_302' title='bbox 1295 2994 1377 3057; x_wconf 83' lang='grc' dir='ltr'><strong>είς</strong></span> <span class='ocrx_word' id='word_1_303' title='bbox 1402 2993 1566 3047; x_wconf 78' lang='grc' dir='ltr'>αὑτὸν</span> <span class='ocrx_word' id='word_1_304' title='bbox 1587 2992 1916 3061; x_wconf 79' lang='grc' dir='ltr'>εἰσδυσάσης</span> 
     </span>
    </p>
   </div>
   <div class='ocr_carea' id='block_1_46' title="bbox 2013 1909 3589 1986">
    <p class='ocr_par' dir='ltr' id='par_1_46' title="bbox 2013 1909 3589 1986">
     <span class='ocr_line' id='line_1_46' title="bbox 2013 1909 3589 1986; baseline -0.006 -16"><span class='ocrx_word' id='word_1_305' title='bbox 2013 1926 2119 1979; x_wconf 78' lang='lat' dir='ltr'><strong>est,</strong></span> <span class='ocrx_word' id='word_1_306' title='bbox 2155 1930 2287 1986; x_wconf 77' lang='lat' dir='ltr'><strong>erga</strong></span> <span class='ocrx_word' id='word_1_307' title='bbox 2320 1931 2409 1971; x_wconf 89' lang='lat' dir='ltr'><strong>res</strong></span> <span class='ocrx_word' id='word_1_308' title='bbox 2433 1931 2626 1971; x_wconf 89' lang='lat' dir='ltr'><strong>omnes</strong></span> <span class='ocrx_word' id='word_1_309' title='bbox 2646 1914 2802 1984; x_wconf 90' lang='lat' dir='ltr'><strong>quasi</strong></span> <span class='ocrx_word' id='word_1_310' title='bbox 2831 1914 3116 1968; x_wconf 87' lang='lat' dir='ltr'><strong>decessum</strong></span> <span class='ocrx_word' id='word_1_311' title='bbox 3141 1926 3203 1965; x_wconf 90' lang='lat' dir='ltr'><strong>ac</strong></span> <span class='ocrx_word' id='word_1_312' title='bbox 3227 1909 3589 1971; x_wconf 87' lang='lat' dir='ltr'><strong>desitionem;</strong></span> 
     </span>
    </p>
   </div>
   <div class='ocr_carea' id='block_1_47' title="bbox 2013 1998 3597 2076">
    <p class='ocr_par' dir='ltr' id='par_1_47' title="bbox 2013 1998 3597 2076">
     <span class='ocr_line' id='line_1_47' title="bbox 2013 1998 3597 2076; baseline -0.006 -16"><span class='ocrx_word' id='word_1_313' title='bbox 2013 2014 2499 2075; x_wconf 77' lang='lat' dir='ltr'><strong>postquam,.quae</strong></span> <span class='ocrx_word' id='word_1_314' title='bbox 2556 2022 2654 2076; x_wconf 90' lang='lat' dir='ltr'><strong>per</strong></span> <span class='ocrx_word' id='word_1_315' title='bbox 2702 2005 2934 2076; x_wconf 82' lang='lat' dir='ltr'><strong>gratiam</strong></span> <span class='ocrx_word' id='word_1_316' title='bbox 2992 2011 3100 2067; x_wconf 87' lang='lat' dir='ltr'><strong>est,</strong></span> <span class='ocrx_word' id='word_1_317' title='bbox 3173 2002 3342 2054; x_wconf 84' lang='lat' dir='ltr'><strong>vitam</strong></span> <span class='ocrx_word' id='word_1_318' title='bbox 3429 1998 3597 2053; x_wconf 83' lang='lat' dir='ltr'><strong>habet</strong></span> 
     </span>
    </p>
   </div>
   <div class='ocr_carea' id='block_1_48' title="bbox 2015 2091 3596 2166">
    <p class='ocr_par' dir='ltr' id='par_1_48' title="bbox 2015 2091 3596 2166">
     <span class='ocr_line' id='line_1_48' title="bbox 2015 2091 3596 2166; baseline -0.004 -17"><span class='ocrx_word' id='word_1_319' title='bbox 2015 2097 2327 2166; x_wconf 85' lang='lat' dir='ltr'><strong>suscipere;</strong></span> <span class='ocrx_word' id='word_1_320' title='bbox 2356 2111 2539 2150; x_wconf 88' lang='lat' dir='ltr'><strong>rerum</strong></span> <span class='ocrx_word' id='word_1_321' title='bbox 2577 2097 2718 2160; x_wconf 86' lang='lat' dir='ltr'><strong>loco,</strong></span> <span class='ocrx_word' id='word_1_322' title='bbox 2755 2096 2937 2164; x_wconf 88' lang='lat' dir='ltr'><strong>ipsum</strong></span> <span class='ocrx_word' id='word_1_323' title='bbox 2967 2107 3152 2147; x_wconf 90' lang='lat' dir='ltr'><strong>rerum</strong></span> <span class='ocrx_word' id='word_1_324' title='bbox 3183 2091 3479 2145; x_wconf 82' lang='lat' dir='ltr'><strong>Auctorem</strong></span> <span class='ocrx_word' id='word_1_325' title='bbox 3508 2103 3596 2143; x_wconf 82' lang='lat' dir='ltr'><strong>re-</strong></span> 
     </span>
    </p>
   </div>
   <div class='ocr_carea' id='block_1_49' title="bbox 2015 2183 3129 2253">
    <p class='ocr_par' dir='ltr' id='par_1_49' title="bbox 2015 2183 3129 2253">
     <span class='ocr_line' id='line_1_49' title="bbox 2015 2183 3129 2253; baseline -0.004 -15"><span class='ocrx_word' id='word_1_326' title='bbox 2015 2184 2257 2253; x_wconf 87' lang='lat' dir='ltr'><strong>cipiens,</strong></span> <span class='ocrx_word' id='word_1_327' title='bbox 2280 2200 2390 2253; x_wconf 90' lang='lat' dir='ltr'><strong>qua</strong></span> <span class='ocrx_word' id='word_1_328' title='bbox 2414 2198 2577 2238; x_wconf 89' lang='lat' dir='ltr'><strong>nemo</strong></span> <span class='ocrx_word' id='word_1_329' title='bbox 2600 2184 2870 2253; x_wconf 75' lang='lat' dir='ltr'><strong>intelligat</strong></span> <span class='ocrx_word' id='word_1_330' title='bbox 2896 2183 3129 2236; x_wconf 87' lang='lat' dir='ltr'><strong>ratione.</strong></span> 
     </span>
    </p>
   </div>
   <div class='ocr_carea' id='block_1_50' title="bbox 2082 2268 3593 2343">
    <p class='ocr_par' dir='ltr' id='par_1_50' title="bbox 2082 2268 3593 2343">
     <span class='ocr_line' id='line_1_50' title="bbox 2082 2268 3593 2343; baseline -0.006 -15"><span class='ocrx_word' id='word_1_331' title='bbox 2082 2275 2172 2329; x_wconf 71' lang='lat'><strong>9.5.</strong></span> <span class='ocrx_word' id='word_1_332' title='bbox 2215 2274 2415 2329; x_wconf 84' lang='lat' dir='ltr'><strong>Beatus</strong></span> <span class='ocrx_word' id='word_1_333' title='bbox 2450 2273 2545 2343; x_wconf 90' lang='lat' dir='ltr'><strong>qui</strong></span> <span class='ocrx_word' id='word_1_334' title='bbox 2583 2272 2776 2343; x_wconf 76' lang='lat' dir='ltr'><strong>agendi</strong></span> <span class='ocrx_word' id='word_1_335' title='bbox 2816 2271 2927 2325; x_wconf 90' lang='lat' dir='ltr'><strong>vim</strong></span> <span class='ocrx_word' id='word_1_336' title='bbox 2961 2270 3199 2326; x_wconf 87' lang='lat' dir='ltr'><strong>naturali</strong></span> <span class='ocrx_word' id='word_1_337' title='bbox 3236 2268 3385 2323; x_wconf 91' lang='lat' dir='ltr'><strong>bono</strong></span> <span class='ocrx_word' id='word_1_338' title='bbox 3421 2280 3593 2334; x_wconf 76' lang='lat' dir='ltr'><strong>copu—</strong></span> 
     </span>
    </p>
   </div>
   <div class='ocr_carea' id='block_1_51' title="bbox 2010 2355 3597 2434">
    <p class='ocr_par' dir='ltr' id='par_1_51' title="bbox 2010 2355 3597 2434">
     <span class='ocr_line' id='line_1_51' title="bbox 2010 2355 3597 2434; baseline -0.006 -15"><span class='ocrx_word' id='word_1_339' title='bbox 2010 2365 2178 2431; x_wconf 84' lang='lat' dir='ltr'><strong>lavit;</strong></span> <span class='ocrx_word' id='word_1_340' title='bbox 2212 2366 2428 2434; x_wconf 79' lang='lat' dir='ltr'><strong>vimque</strong></span> <span class='ocrx_word' id='word_1_341' title='bbox 2479 2362 2910 2432; x_wconf 88' lang='lat' dir='ltr'><strong>contemplandi,</strong></span> <span class='ocrx_word' id='word_1_342' title='bbox 2962 2361 3199 2417; x_wconf 89' lang='lat' dir='ltr'><strong>naturali</strong></span> <span class='ocrx_word' id='word_1_343' title='bbox 3246 2357 3467 2413; x_wconf 83' lang='lat' dir='ltr'><strong>veritati</strong></span> <span class='ocrx_word' id='word_1_344' title='bbox 3499 2355 3597 2410; x_wconf 81' lang='lat' dir='ltr'><strong>ad-</strong></span> 
     </span>
    </p>
   </div>
   <div class='ocr_carea' id='block_1_52' title="bbox 2015 2442 3593 2515">
    <p class='ocr_par' dir='ltr' id='par_1_52' title="bbox 2015 2442 3593 2515">
     <span class='ocr_line' id='line_1_52' title="bbox 2015 2442 3593 2515; baseline -0.006 -9"><span class='ocrx_word' id='word_1_345' title='bbox 2015 2452 2172 2508; x_wconf 79' lang='lat' dir='ltr'><strong>dixit.</strong></span> <span class='ocrx_word' id='word_1_346' title='bbox 2214 2452 2400 2507; x_wconf 86' lang='lat' dir='ltr'><strong>Omnis</strong></span> <span class='ocrx_word' id='word_1_347' title='bbox 2442 2451 2591 2505; x_wconf 87' lang='lat' dir='ltr'><strong>enim</strong></span> <span class='ocrx_word' id='word_1_348' title='bbox 2636 2449 2801 2515; x_wconf 90' lang='lat' dir='ltr'><strong>actio,</strong></span> <span class='ocrx_word' id='word_1_349' title='bbox 2852 2448 2977 2503; x_wconf 84' lang='lat' dir='ltr'><strong>boni</strong></span> <span class='ocrx_word' id='word_1_350' title='bbox 3024 2462 3192 2502; x_wconf 88' lang='lat' dir='ltr'><strong>causa</strong></span> <span class='ocrx_word' id='word_1_351' title='bbox 3238 2443 3355 2500; x_wconf 82' lang='lat' dir='ltr'><strong>ﬁeri</strong></span> <span class='ocrx_word' id='word_1_352' title='bbox 3397 2442 3593 2507; x_wconf 86' lang='lat' dir='ltr'><strong>habet,</strong></span> 
     </span>
    </p>
   </div>
   <div class='ocr_carea' id='block_1_53' title="bbox 2015 2533 3598 2612">
    <p class='ocr_par' dir='ltr' id='par_1_53' title="bbox 2015 2533 3598 2612">
     <span class='ocr_line' id='line_1_53' title="bbox 2015 2533 3598 2612; baseline -0.007 -15"><span class='ocrx_word' id='word_1_353' title='bbox 2015 2544 2309 2612; x_wconf 86' lang='lat' dir='ltr'><strong>omnisque</strong></span> <span class='ocrx_word' id='word_1_354' title='bbox 2367 2541 2758 2611; x_wconf 87' lang='lat' dir='ltr'><strong>contemplatio</strong></span> <span class='ocrx_word' id='word_1_355' title='bbox 2807 2556 2904 2595; x_wconf 87' lang='lat' dir='ltr'><strong>seu</strong></span> <span class='ocrx_word' id='word_1_356' title='bbox 2965 2538 3290 2608; x_wconf 89' lang='lat' dir='ltr'><strong>speculatio,</strong></span> <span class='ocrx_word' id='word_1_357' title='bbox 3349 2533 3598 2591; x_wconf 82' lang='lat' dir='ltr'><strong>veritatis</strong></span> 
     </span>
    </p>
   </div>
   <div class='ocr_carea' id='block_1_54' title="bbox 2022 2624 3598 2704">
    <p class='ocr_par' dir='ltr' id='par_1_54' title="bbox 2022 2624 3598 2704">
     <span class='ocr_line' id='line_1_54' title="bbox 2022 2624 3598 2704; baseline -0.008 -15"><span class='ocrx_word' id='word_1_358' title='bbox 2022 2633 2198 2689; x_wconf 86' lang='lat' dir='ltr'><strong>solum</strong></span> <span class='ocrx_word' id='word_1_359' title='bbox 2242 2633 2415 2704; x_wconf 78' lang='lat' dir='ltr'><strong>gratia</strong></span> <span class='ocrx_word' id='word_1_360' title='bbox 2452 2631 2736 2688; x_wconf 89' lang='lat' dir='ltr'><strong>scientiam</strong></span> <span class='ocrx_word' id='word_1_361' title='bbox 2781 2630 2981 2701; x_wconf 85' lang='lat' dir='ltr'><strong>quaerit</strong></span> <span class='ocrx_word' id='word_1_362' title='bbox 3017 2647 3030 2683; x_wconf 90' lang='lat'><strong>:</strong></span> <span class='ocrx_word' id='word_1_363' title='bbox 3081 2628 3286 2698; x_wconf 80' lang='lat' dir='ltr'><strong>quibus</strong></span> <span class='ocrx_word' id='word_1_364' title='bbox 3334 2624 3598 2681; x_wconf 84' lang='lat' dir='ltr'><strong>absolutis</strong></span> 
     </span>
    </p>
   </div>
   <div class='ocr_carea' id='block_1_55' title="bbox 2018 2715 3597 2796">
    <p class='ocr_par' dir='ltr' id='par_1_55' title="bbox 2018 2715 3597 2796">
     <span class='ocr_line' id='line_1_55' title="bbox 2018 2715 3597 2796; baseline -0.008 -16"><span class='ocrx_word' id='word_1_365' title='bbox 2018 2735 2181 2796; x_wconf 88' lang='lat' dir='ltr'><strong>atque</strong></span> <span class='ocrx_word' id='word_1_366' title='bbox 2214 2726 2476 2795; x_wconf 85' lang='lat' dir='ltr'><strong>peractis,</strong></span> <span class='ocrx_word' id='word_1_367' title='bbox 2505 2725 2642 2780; x_wconf 83' lang='lat' dir='ltr'><strong>nihil</strong></span> <span class='ocrx_word' id='word_1_368' title='bbox 2674 2739 2900 2794; x_wconf 88' lang='lat' dir='ltr'><strong>prorsus</strong></span> <span class='ocrx_word' id='word_1_369' title='bbox 2924 2721 3051 2787; x_wconf 90' lang='lat' dir='ltr'><strong>erit,</strong></span> <span class='ocrx_word' id='word_1_370' title='bbox 3085 2720 3232 2790; x_wconf 88' lang='lat' dir='ltr'><strong>quod</strong></span> <span class='ocrx_word' id='word_1_371' title='bbox 3258 2715 3597 2789; x_wconf 41' lang='lat' dir='ltr'><strong>agendi‘vim</strong></span> 
     </span>
    </p>
   </div>
   <div class='ocr_carea' id='block_1_56' title="bbox 2018 2802 3598 2885">
    <p class='ocr_par' dir='ltr' id='par_1_56' title="bbox 2018 2802 3598 2885">
     <span class='ocr_line' id='line_1_56' title="bbox 2018 2802 3598 2885; baseline -0.011 -13"><span class='ocrx_word' id='word_1_372' title='bbox 2018 2815 2186 2871; x_wconf 88' lang='lat' dir='ltr'><strong>animi</strong></span> <span class='ocrx_word' id='word_1_373' title='bbox 2220 2817 2402 2885; x_wconf 86' lang='lat' dir='ltr'><strong>pulset</strong></span> <span class='ocrx_word' id='word_1_374' title='bbox 2435 2824 2532 2868; x_wconf 91' lang='lat' dir='ltr'><strong>aut</strong></span> <span class='ocrx_word' id='word_1_375' title='bbox 2573 2813 2819 2869; x_wconf 77' lang='lat' dir='ltr'><strong>offendat</strong></span> <span class='ocrx_word' id='word_1_376' title='bbox 2844 2854 2858 2878; x_wconf 94' lang='lat'><strong>,</strong></span> <span class='ocrx_word' id='word_1_377' title='bbox 2894 2812 3142 2880; x_wconf 83' lang='lat' dir='ltr'><strong>nihilque</strong></span> <span class='ocrx_word' id='word_1_378' title='bbox 3175 2807 3323 2878; x_wconf 89' lang='lat' dir='ltr'><strong>quod</strong></span> <span class='ocrx_word' id='word_1_379' title='bbox 3354 2802 3598 2876; x_wconf 58' lang='lat' dir='ltr'><strong>peregri.</strong></span> 
     </span>
    </p>
   </div>
   <div class='ocr_carea' id='block_1_57' title="bbox 2017 2895 3597 2977">
    <p class='ocr_par' dir='ltr' id='par_1_57' title="bbox 2017 2895 3597 2977">
     <span class='ocr_line' id='line_1_57' title="bbox 2017 2895 3597 2977; baseline -0.01 -12"><span class='ocrx_word' id='word_1_380' title='bbox 2017 2910 2104 2965; x_wconf 85' lang='lat' dir='ltr'><strong>nis</strong></span> <span class='ocrx_word' id='word_1_381' title='bbox 2130 2908 2517 2977; x_wconf 77' lang='lat' dir='ltr'><strong>extraneisque</strong></span> <span class='ocrx_word' id='word_1_382' title='bbox 2561 2923 2625 2961; x_wconf 87' lang='lat' dir='ltr'><strong>ac</strong></span> <span class='ocrx_word' id='word_1_383' title='bbox 2664 2905 2823 2961; x_wconf 89' lang='lat' dir='ltr'><strong>novis</strong></span> <span class='ocrx_word' id='word_1_384' title='bbox 2865 2900 3295 2959; x_wconf 89' lang='lat' dir='ltr'><strong>considerationi</strong></span> <span class='ocrx_word' id='word_1_385' title='bbox 3342 2895 3597 2967; x_wconf 83' lang='lat' dir='ltr'><strong>objectis,</strong></span> 
     </span>
    </p>
   </div>
   <div class='ocr_carea' id='block_1_58' title="bbox 2017 2993 3595 3071">
    <p class='ocr_par' dir='ltr' id='par_1_58' title="bbox 2017 2993 3595 3071">
     <span class='ocr_line' id='line_1_58' title="bbox 2017 2993 3595 3071; baseline -0.011 -15"><span class='ocrx_word' id='word_1_386' title='bbox 2017 3000 2263 3071; x_wconf 83' lang='lat' dir='ltr'><strong>ejusdem</strong></span> <span class='ocrx_word' id='word_1_387' title='bbox 2295 2997 2703 3067; x_wconf 88' lang='lat' dir='ltr'><strong>contemplandi</strong></span> <span class='ocrx_word' id='word_1_388' title='bbox 2741 2997 2851 3049; x_wconf 87' lang='lat' dir='ltr'><strong>vim</strong></span> <span class='ocrx_word' id='word_1_389' title='bbox 2895 2993 3144 3050; x_wconf 85' lang='lat' dir='ltr'><strong>mordeat</strong></span> <span class='ocrx_word' id='word_1_390' title='bbox 3174 3008 3239 3046; x_wconf 88' lang='lat' dir='ltr'><strong>ac</strong></span> <span class='ocrx_word' id='word_1_391' title='bbox 3262 2996 3555 3057; x_wconf 75' lang='lat' dir='ltr'><strong>exasperet</strong></span> <span class='ocrx_word' id='word_1_392' title='bbox 3582 3002 3595 3038; x_wconf 87' lang='lat'><strong>:</strong></span> 
     </span>
    </p>
   </div>
   <div class='ocr_carea' id='block_1_59' title="bbox 346 3079 1922 3187">
    <p class='ocr_par' dir='ltr' id='par_1_59' title="bbox 346 3083 1917 3157">
     <span class='ocr_line' id='line_1_59' title="bbox 346 3083 1917 3157; baseline 0.001 -21"><span class='ocrx_word' id='word_1_393' title='bbox 346 3083 436 3137; x_wconf 77' lang='grc' dir='ltr'>τὸν</span> <span class='ocrx_word' id='word_1_394' title='bbox 463 3084 594 3139; x_wconf 79' lang='grc' dir='ltr'>Θεὸν</span> <span class='ocrx_word' id='word_1_395' title='bbox 631 3086 722 3139; x_wconf 84' lang='grc' dir='ltr'>τὸν</span> <span class='ocrx_word' id='word_1_396' title='bbox 753 3087 915 3157; x_wconf 78' lang='grc' dir='ltr'>μόνον</span> <span class='ocrx_word' id='word_1_397' title='bbox 942 3087 1147 3155; x_wconf 78' lang='grc' dir='ltr'>ἀγαθὸν</span> <span class='ocrx_word' id='word_1_398' title='bbox 1188 3089 1282 3141; x_wconf 71' lang='grc' dir='ltr'>καὶ</span> <span class='ocrx_word' id='word_1_399' title='bbox 1317 3084 1593 3157; x_wconf 74' lang='grc' dir='ltr'>ἀληθινὸν,</span> <span class='ocrx_word' id='word_1_400' title='bbox 1625 3084 1720 3140; x_wconf 74' lang='grc' dir='ltr'>καὶ</span> <span class='ocrx_word' id='word_1_401' title='bbox 1777 3083 1917 3157; x_wconf 74' lang='grc' dir='ltr'>ὑπὲρ</span> 
     </span>
    </p>
   </div>
   <div class='ocr_carea' id='block_1_60' title="bbox 2025 3079 3595 3187">
    <p class='ocr_par' dir='ltr' id='par_1_60' title="bbox 2025 3079 3595 3160">
     <span class='ocr_line' id='line_1_60' title="bbox 2025 3079 3595 3160; baseline -0.01 -14"><span class='ocrx_word' id='word_1_402' title='bbox 2025 3107 2144 3146; x_wconf 88' lang='lat' dir='ltr'><strong>cum</strong></span> <span class='ocrx_word' id='word_1_403' title='bbox 2176 3090 2461 3155; x_wconf 88' lang='lat' dir='ltr'><strong>nimirum,</strong></span> <span class='ocrx_word' id='word_1_404' title='bbox 2486 3095 2749 3160; x_wconf 85' lang='lat' dir='ltr'><strong>superato</strong></span> <span class='ocrx_word' id='word_1_405' title='bbox 2774 3086 3045 3158; x_wconf 89' lang='lat' dir='ltr'><strong>quidquid</strong></span> <span class='ocrx_word' id='word_1_406' title='bbox 3080 3094 3168 3140; x_wconf 88' lang='lat' dir='ltr'><strong>est</strong></span> <span class='ocrx_word' id='word_1_407' title='bbox 3193 3098 3257 3138; x_wconf 88' lang='lat' dir='ltr'><strong>ac</strong></span> <span class='ocrx_word' id='word_1_408' title='bbox 3297 3079 3595 3151; x_wconf 77' lang='lat' dir='ltr'><strong>cegitatur,</strong></span> 
     </span>
    </p>
   </div>
   <div class='ocr_carea' id='block_1_61' title="bbox 352 3178 1268 3251">
    <p class='ocr_par' dir='ltr' id='par_1_61' title="bbox 352 3178 1268 3251">
     <span class='ocr_line' id='line_1_61' title="bbox 352 3178 1268 3251; baseline 0.005 -21"><span class='ocrx_word' id='word_1_409' title='bbox 352 3178 529 3230; x_wconf 83' lang='grc' dir='ltr'>πᾶσαν</span> <span class='ocrx_word' id='word_1_410' title='bbox 555 3178 744 3232; x_wconf 79' lang='grc' dir='ltr'>οὐσίαν</span> <span class='ocrx_word' id='word_1_411' title='bbox 778 3180 906 3233; x_wconf 78' lang='grc' dir='ltr'>ὅντα</span> <span class='ocrx_word' id='word_1_412' title='bbox 935 3181 1030 3234; x_wconf 79' lang='grc' dir='ltr'>καὶ</span> <span class='ocrx_word' id='word_1_413' title='bbox 1060 3181 1268 3251; x_wconf 77' lang='grc' dir='ltr'>νόησιν.</span> 
     </span>
    </p>
   </div>
   <div class='ocr_carea' id='block_1_62' title="bbox 422 3443 1923 3519">
    <p class='ocr_par' dir='ltr' id='par_1_62' title="bbox 422 3443 1923 3519">
     <span class='ocr_line' id='line_1_62' title="bbox 422 3443 1923 3519; baseline 0.002 -21"><span class='ocrx_word' id='word_1_414' title='bbox 422 3451 535 3509; x_wconf 50' lang='grc' dir='ltr'>κε’.</span> <span class='ocrx_word' id='word_1_415' title='bbox 564 3446 880 3515; x_wconf 79' lang='grc' dir='ltr'>Πρακτικῆς</span> <span class='ocrx_word' id='word_1_416' title='bbox 914 3447 1116 3519; x_wconf 85' lang='grc' dir='ltr'>ἀρετῆς</span> <span class='ocrx_word' id='word_1_417' title='bbox 1167 3447 1318 3510; x_wconf 83' lang='grc' dir='ltr'>τέλος</span> <span class='ocrx_word' id='word_1_418' title='bbox 1346 3443 1486 3500; x_wconf 81' lang='grc' dir='ltr'>εἷναί</span> <span class='ocrx_word' id='word_1_419' title='bbox 1518 3464 1651 3517; x_wconf 85' lang='grc' dir='ltr'>φασι</span> <span class='ocrx_word' id='word_1_420' title='bbox 1690 3447 1751 3501; x_wconf 82' lang='grc' dir='ltr'>τὸ</span> <span class='ocrx_word' id='word_1_421' title='bbox 1787 3449 1923 3514; x_wconf 82' lang='grc' dir='ltr'>ἀγα-</span> 
     </span>
    </p>
   </div>
   <div class='ocr_carea' id='block_1_63' title="bbox 354 3535 1925 3610">
    <p class='ocr_par' dir='ltr' id='par_1_63' title="bbox 354 3535 1925 3610">
     <span class='ocr_line' id='line_1_63' title="bbox 354 3535 1925 3610; baseline 0.001 -20"><span class='ocrx_word' id='word_1_422' title='bbox 354 3536 467 3591; x_wconf 86' lang='grc' dir='ltr'>θόν.</span> <span class='ocrx_word' id='word_1_423' title='bbox 493 3535 665 3590; x_wconf 85' lang='grc' dir='ltr'>Τοῦτο</span> <span class='ocrx_word' id='word_1_424' title='bbox 692 3537 770 3602; x_wconf 82' lang='grc' dir='ltr'><strong>δὲ,</strong></span> <span class='ocrx_word' id='word_1_425' title='bbox 803 3537 951 3602; x_wconf 87' lang='grc' dir='ltr'>θείας</span> <span class='ocrx_word' id='word_1_426' title='bbox 990 3537 1273 3608; x_wconf 72' lang='grc' dir='ltr'>ἐνεργείας</span> <span class='ocrx_word' id='word_1_427' title='bbox 1317 3538 1550 3610; x_wconf 81' lang='grc' dir='ltr'>ὑπάρχει</span> <span class='ocrx_word' id='word_1_428' title='bbox 1593 3538 1925 3609; x_wconf 80' lang='grc' dir='ltr'>συμπλήρω-</span> 
     </span>
    </p>
   </div>
   <div class='ocr_carea' id='block_1_64' title="bbox 356 3627 1925 3700">
    <p class='ocr_par' dir='ltr' id='par_1_64' title="bbox 356 3627 1925 3700">
     <span class='ocr_line' id='line_1_64' title="bbox 356 3627 1925 3700; baseline -0.001 -19"><span class='ocrx_word' id='word_1_429' title='bbox 356 3645 460 3690; x_wconf 87' lang='grc' dir='ltr'>σις,</span> <span class='ocrx_word' id='word_1_430' title='bbox 493 3628 629 3700; x_wconf 74' lang='grc' dir='ltr'>πρὸς</span> <span class='ocrx_word' id='word_1_431' title='bbox 672 3628 737 3698; x_wconf 78' lang='grc' dir='ltr'>ἢν</span> <span class='ocrx_word' id='word_1_432' title='bbox 777 3628 900 3694; x_wconf 83' lang='grc' dir='ltr'>ἄγει</span> <span class='ocrx_word' id='word_1_433' title='bbox 939 3627 1002 3680; x_wconf 76' lang='grc' dir='ltr'><strong>τὸ</strong></span> <span class='ocrx_word' id='word_1_434' title='bbox 1042 3627 1259 3695; x_wconf 81' lang='grc' dir='ltr'>λογικὸν</span> <span class='ocrx_word' id='word_1_435' title='bbox 1292 3627 1392 3697; x_wconf 75' lang='grc' dir='ltr'>τῆς</span> <span class='ocrx_word' id='word_1_436' title='bbox 1434 3628 1633 3698; x_wconf 75' lang='grc' dir='ltr'>ψυχῆς,</span> <span class='ocrx_word' id='word_1_437' title='bbox 1661 3628 1739 3698; x_wconf 76' lang='grc' dir='ltr'>τῷ</span> <span class='ocrx_word' id='word_1_438' title='bbox 1769 3627 1925 3699; x_wconf 78' lang='grc' dir='ltr'><strong>θυμῷ</strong></span> 
     </span>
    </p>
   </div>
   <div class='ocr_carea' id='block_1_65' title="bbox 356 3714 1925 3792">
    <p class='ocr_par' dir='ltr' id='par_1_65' title="bbox 356 3714 1925 3792">
     <span class='ocr_line' id='line_1_65' title="bbox 356 3714 1925 3792; baseline -0.001 -21"><span class='ocrx_word' id='word_1_439' title='bbox 356 3719 450 3772; x_wconf 72' lang='grc' dir='ltr'>καὶ</span> <span class='ocrx_word' id='word_1_440' title='bbox 510 3721 577 3788; x_wconf 79' lang='grc' dir='ltr'><strong>τῇ</strong></span> <span class='ocrx_word' id='word_1_441' title='bbox 643 3717 909 3789; x_wconf 73' lang='grc' dir='ltr'>ἐπιθυμίᾳ</span> <span class='ocrx_word' id='word_1_442' title='bbox 973 3718 1255 3790; x_wconf 79' lang='grc' dir='ltr'>χρώμενον</span> <span class='ocrx_word' id='word_1_443' title='bbox 1317 3718 1460 3772; x_wconf 81' lang='grc' dir='ltr'><strong>κατά</strong></span> <span class='ocrx_word' id='word_1_444' title='bbox 1512 3718 1719 3787; x_wconf 78' lang='grc' dir='ltr'>φύσινο</span> <span class='ocrx_word' id='word_1_445' title='bbox 1774 3720 1831 3772; x_wconf 82' lang='grc' dir='ltr'>ὲν</span> <span class='ocrx_word' id='word_1_446' title='bbox 1891 3714 1925 3792; x_wconf 75' lang='grc' dir='ltr'>ᾗ</span> 
     </span>
    </p>
   </div>
   <div class='ocr_carea' id='block_1_66' title="bbox 356 3807 1922 3880">
    <p class='ocr_par' dir='ltr' id='par_1_66' title="bbox 356 3807 1922 3880">
     <span class='ocr_line' id='line_1_66' title="bbox 356 3807 1922 3880; baseline 0 -17"><span class='ocrx_word' id='word_1_447' title='bbox 356 3811 414 3863; x_wconf 68' lang='grc' dir='ltr'>τί)</span> <span class='ocrx_word' id='word_1_448' title='bbox 437 3809 560 3863; x_wconf 81' lang='grc' dir='ltr'>καθ’</span> <span class='ocrx_word' id='word_1_449' title='bbox 594 3807 852 3879; x_wconf 82' lang='grc' dir='ltr'>ὁμοίωσιν</span> <span class='ocrx_word' id='word_1_450' title='bbox 885 3808 1279 3878; x_wconf 59' lang='grc' dir='ltr'>ἀναραίνεσθαι</span> <span class='ocrx_word' id='word_1_451' title='bbox 1325 3808 1536 3878; x_wconf 80' lang='grc' dir='ltr'>πέφυκε</span> <span class='ocrx_word' id='word_1_452' title='bbox 1568 3809 1870 3880; x_wconf 33' lang='grc' dir='ltr'>κάλλοςλμ)</span> <span class='ocrx_word' id='word_1_453' title='bbox 1909 3826 1922 3840; x_wconf 89' lang='grc'><strong>·</strong></span> 
     </span>
    </p>
   </div>
   <div class='ocr_carea' id='block_1_67' title="bbox 359 3897 1973 3973">
    <p class='ocr_par' dir='ltr' id='par_1_67' title="bbox 359 3897 1973 3973">
     <span class='ocr_line' id='line_1_67' title="bbox 359 3897 1973 3973; baseline -0.002 -18"><span class='ocrx_word' id='word_1_454' title='bbox 359 3901 699 3973; x_wconf 77' lang='grc' dir='ltr'>θεωρητικῆς</span> <span class='ocrx_word' id='word_1_455' title='bbox 750 3900 807 3953; x_wconf 78' lang='grc' dir='ltr'><strong>δέ</strong></span> <span class='ocrx_word' id='word_1_456' title='bbox 868 3917 999 3970; x_wconf 83' lang='grc' dir='ltr'>φασι</span> <span class='ocrx_word' id='word_1_457' title='bbox 1057 3901 1375 3969; x_wconf 49' lang='grc' dir='ltr'>φιλοσοᾷίας</span> <span class='ocrx_word' id='word_1_458' title='bbox 1421 3897 1560 3953; x_wconf 76' lang='grc' dir='ltr'>εἶναι</span> <span class='ocrx_word' id='word_1_459' title='bbox 1620 3899 1718 3971; x_wconf 82' lang='grc' dir='ltr'>τὴν</span> <span class='ocrx_word' id='word_1_460' title='bbox 1787 3901 1923 3971; x_wconf 81' lang='grc' dir='ltr'>ἀλή-</span> <span class='ocrx_word' id='word_1_461' title='bbox 1970 3908 1973 3912; x_wconf 77' lang='grc'><em>’</em></span> 
     </span>
    </p>
   </div>
   <div class='ocr_carea' id='block_1_68' title="bbox 359 3991 1929 4064">
    <p class='ocr_par' dir='ltr' id='par_1_68' title="bbox 359 3991 1929 4064">
     <span class='ocr_line' id='line_1_68' title="bbox 359 3991 1929 4064; baseline 0.001 -20"><span class='ocrx_word' id='word_1_462' title='bbox 359 3994 509 4046; x_wconf 84' lang='grc' dir='ltr'>θειαν</span> <span class='ocrx_word' id='word_1_463' title='bbox 534 4034 549 4057; x_wconf 92' lang='grc'><strong>,</strong></span> <span class='ocrx_word' id='word_1_464' title='bbox 577 3994 731 4055; x_wconf 82' lang='grc' dir='ltr'>τέλος</span> <span class='ocrx_word' id='word_1_465' title='bbox 763 4008 778 4024; x_wconf 73' lang='grc'><strong>⁸</strong></span> <span class='ocrx_word' id='word_1_466' title='bbox 814 3994 937 4064; x_wconf 74' lang='grc' dir='ltr'>ἥτις</span> <span class='ocrx_word' id='word_1_467' title='bbox 965 3996 1071 4063; x_wconf 85' lang='grc' dir='ltr'>ἀμε</span> <span class='ocrx_word' id='word_1_468' title='bbox 1083 3993 1189 4062; x_wconf 87' lang='grc' dir='ltr'>ρῶς</span> <span class='ocrx_word' id='word_1_469' title='bbox 1218 3994 1326 4046; x_wconf 81' lang='grc' dir='ltr'>τῶν</span> <span class='ocrx_word' id='word_1_470' title='bbox 1362 3993 1492 4063; x_wconf 77' lang='grc' dir='ltr'>περὶ</span> <span class='ocrx_word' id='word_1_471' title='bbox 1508 3991 1643 4045; x_wconf 78' lang='grc' dir='ltr'>Θεὸν</span> <span class='ocrx_word' id='word_1_472' title='bbox 1670 3993 1929 4047; x_wconf 78' lang='grc' dir='ltr'>ἁπάντων</span> 
     </span>
    </p>
   </div>
   <div class='ocr_carea' id='block_1_69' title="bbox 359 4084 1930 4156">
    <p class='ocr_par' dir='ltr' id='par_1_69' title="bbox 359 4084 1930 4156">
     <span class='ocr_line' id='line_1_69' title="bbox 359 4084 1930 4156; baseline -0.001 -18"><span class='ocrx_word' id='word_1_473' title='bbox 359 4085 597 4155; x_wconf 79' lang='grc' dir='ltr'>ἑνοειδής</span> <span class='ocrx_word' id='word_1_474' title='bbox 625 4088 742 4141; x_wconf 75' lang='grc' dir='ltr'>ἐστι</span> <span class='ocrx_word' id='word_1_475' title='bbox 776 4087 998 4155; x_wconf 85' lang='grc' dir='ltr'>γνῶσις,</span> <span class='ocrx_word' id='word_1_476' title='bbox 1028 4084 1166 4156; x_wconf 80' lang='grc' dir='ltr'>πρὸς</span> <span class='ocrx_word' id='word_1_477' title='bbox 1213 4084 1280 4154; x_wconf 80' lang='grc' dir='ltr'>ἥν</span> <span class='ocrx_word' id='word_1_478' title='bbox 1327 4086 1356 4138; x_wconf 74' lang='grc' dir='ltr'>ὁ</span> <span class='ocrx_word' id='word_1_479' title='bbox 1403 4084 1642 4155; x_wconf 79' lang='grc' dir='ltr'>καθαρὸς</span> <span class='ocrx_word' id='word_1_480' title='bbox 1702 4085 1930 4156; x_wconf 80' lang='grc' dir='ltr'>φέρεται</span> 
     </span>
    </p>
   </div>
   <div class='ocr_carea' id='block_1_70' title="bbox 359 4174 1931 4247">
    <p class='ocr_par' dir='ltr' id='par_1_70' title="bbox 359 4174 1931 4247">
     <span class='ocr_line' id='line_1_70' title="bbox 359 4174 1931 4247; baseline 0.003 -21"><span class='ocrx_word' id='word_1_481' title='bbox 359 4175 503 4238; x_wconf 81' lang='grc' dir='ltr'>νοῦς·</span> <span class='ocrx_word' id='word_1_482' title='bbox 533 4176 845 4241; x_wconf 74' lang='grc' dir='ltr'>ἀποσϐέσας</span> <span class='ocrx_word' id='word_1_483' title='bbox 877 4174 1071 4229; x_wconf 73' lang='grc' dir='ltr'>ἑαυτοῦ</span> <span class='ocrx_word' id='word_1_484' title='bbox 1098 4174 1378 4239; x_wconf 83' lang='grc' dir='ltr'>παντελῶς</span> <span class='ocrx_word' id='word_1_485' title='bbox 1402 4175 1503 4247; x_wconf 78' lang='grc' dir='ltr'>τὴν</span> <span class='ocrx_word' id='word_1_486' title='bbox 1527 4176 1646 4231; x_wconf 87' lang='grc' dir='ltr'>κατ’</span> <span class='ocrx_word' id='word_1_487' title='bbox 1677 4175 1931 4246; x_wconf 80' lang='grc' dir='ltr'>αἴσθησιν</span> 
     </span>
    </p>
   </div>
   <div class='ocr_carea' id='block_1_71' title="bbox 361 4262 1933 4341">
    <p class='ocr_par' dir='ltr' id='par_1_71' title="bbox 361 4262 1933 4341">
     <span class='ocr_line' id='line_1_71' title="bbox 361 4262 1933 4341; baseline 0.003 -21"><span class='ocrx_word' id='word_1_488' title='bbox 361 4266 541 4338; x_wconf 84' lang='grc' dir='ltr'>κρίσιν</span> <span class='ocrx_word' id='word_1_489' title='bbox 573 4284 587 4299; x_wconf 77' lang='grc'><em>’</em></span> <span class='ocrx_word' id='word_1_490' title='bbox 617 4262 736 4341; x_wconf 79' lang='grc' dir='ltr'>ὲνῇ</span> <span class='ocrx_word' id='word_1_491' title='bbox 790 4266 1010 4337; x_wconf 84' lang='grc' dir='ltr'>(γνώσει</span> <span class='ocrx_word' id='word_1_492' title='bbox 1064 4266 1329 4338; x_wconf 87' lang='grc' dir='ltr'>δηλονότι)</span> <span class='ocrx_word' id='word_1_493' title='bbox 1377 4264 1664 4337; x_wconf 80' lang='grc' dir='ltr'>ἀκίὸδηλον</span> <span class='ocrx_word' id='word_1_494' title='bbox 1715 4266 1779 4322; x_wconf 78' lang='grc' dir='ltr'>τὸ</span> <span class='ocrx_word' id='word_1_495' title='bbox 1833 4268 1933 4340; x_wconf 83' lang='grc' dir='ltr'>τῆς</span> 
     </span>
    </p>
   </div>
   <div class='ocr_carea' id='block_1_72' title="bbox 362 4358 1930 4430">
    <p class='ocr_par' dir='ltr' id='par_1_72' title="bbox 362 4358 1930 4430">
     <span class='ocr_line' id='line_1_72' title="bbox 362 4358 1930 4430; baseline 0.001 -18"><span class='ocrx_word' id='word_1_496' title='bbox 362 4358 512 4423; x_wconf 86' lang='grc' dir='ltr'>θείας</span> <span class='ocrx_word' id='word_1_497' title='bbox 540 4359 751 4424; x_wconf 73' lang='grc' dir='ltr'>εἰκόνος</span> <span class='ocrx_word' id='word_1_498' title='bbox 779 4359 994 4430; x_wconf 78' lang='grc' dir='ltr'>ἀξίωμα</span> <span class='ocrx_word' id='word_1_499' title='bbox 1015 4358 1312 4413; x_wconf 86' lang='grc' dir='ltr'>δείκνυται.</span> <span class='ocrx_word' id='word_1_500' title='bbox 1444 4404 1455 4413; x_wconf 88' lang='grc'><strong>.</strong></span> <span class='ocrx_word' id='word_1_501' title='bbox 1924 4372 1930 4381; x_wconf 78' lang='lat'><strong>‘</strong></span> 
     </span>
    </p>
   </div>
   <div class='ocr_carea' id='block_1_73' title="bbox 433 4527 1924 4601">
    <p class='ocr_par' dir='ltr' id='par_1_73' title="bbox 433 4527 1924 4601">
     <span class='ocr_line' id='line_1_73' title="bbox 433 4527 1924 4601; baseline 0.003 -19"><span class='ocrx_word' id='word_1_502' title='bbox 433 4528 536 4594; x_wconf 77' lang='grc' dir='ltr'>κζ’.</span> <span class='ocrx_word' id='word_1_503' title='bbox 568 4532 585 4550; x_wconf 81' lang='grc'><strong>’</strong></span> <span class='ocrx_word' id='word_1_504' title='bbox 622 4529 813 4593; x_wconf 79' lang='grc' dir='ltr'>Οὐδεὶς</span> <span class='ocrx_word' id='word_1_505' title='bbox 836 4528 1056 4584; x_wconf 76' lang='grc' dir='ltr'>δύναται</span> <span class='ocrx_word' id='word_1_506' title='bbox 1093 4529 1185 4583; x_wconf 76' lang='grc' dir='ltr'>τὸν</span> <span class='ocrx_word' id='word_1_507' title='bbox 1225 4528 1358 4583; x_wconf 77' lang='grc' dir='ltr'>Θεὸν</span> <span class='ocrx_word' id='word_1_508' title='bbox 1394 4527 1637 4598; x_wconf 85' lang='grc' dir='ltr'>εὐλογεῖν</span> <span class='ocrx_word' id='word_1_509' title='bbox 1686 4528 1924 4601; x_wconf 83' lang='grc' dir='ltr'>ἀληθῶς,</span> 
     </span>
    </p>
   </div>
   <div class='ocr_carea' id='block_1_74' title="bbox 444 4665 1149 4739">
    <p class='ocr_par' dir='ltr' id='par_1_74' title="bbox 444 4665 1149 4739">
     <span class='ocr_line' id='line_1_74' title="bbox 444 4665 1149 4739; baseline 0.001 -16"><span class='ocrx_word' id='word_1_510' title='bbox 444 4665 566 4723; x_wconf 85' lang='lat' dir='ltr'><strong>‘Cf.</strong></span> <span class='ocrx_word' id='word_1_511' title='bbox 597 4669 662 4723; x_wconf 89' lang='lat' dir='ltr'><strong>ad</strong></span> <span class='ocrx_word' id='word_1_512' title='bbox 695 4668 939 4725; x_wconf 86' lang='lat' dir='ltr'><strong>Thalass.</strong></span> <span class='ocrx_word' id='word_1_513' title='bbox 970 4684 1025 4739; x_wconf 86' lang='lat' dir='ltr'><strong>q.</strong></span> <span class='ocrx_word' id='word_1_514' title='bbox 1061 4670 1149 4724; x_wconf 72' lang='grc'><strong>44.</strong></span> 
     </span>
    </p>
   </div>
   <div class='ocr_carea' id='block_1_75' title="bbox 438 4789 1933 4862">
    <p class='ocr_par' dir='ltr' id='par_1_75' title="bbox 438 4789 1933 4862">
     <span class='ocr_line' id='line_1_75' title="bbox 438 4789 1933 4862; baseline 0.002 -17"><span class='ocrx_word' id='word_1_515' title='bbox 438 4790 517 4861; x_wconf 83' lang='lat' dir='ltr'><strong>(y)</strong></span> <span class='ocrx_word' id='word_1_516' title='bbox 553 4790 855 4862; x_wconf 51' lang='lat' dir='ltr'><strong>Thurrde</strong></span> <span class='ocrx_word' id='word_1_517' title='bbox 890 4789 1087 4844; x_wconf 73' lang='grc' dir='ltr'>πάντα</span> <span class='ocrx_word' id='word_1_518' title='bbox 1124 4793 1195 4846; x_wconf 83' lang='grc' dir='ltr'>τὰ</span> <span class='ocrx_word' id='word_1_519' title='bbox 1229 4793 1373 4845; x_wconf 81' lang='grc' dir='ltr'>ὄντα</span> <span class='ocrx_word' id='word_1_520' title='bbox 1431 4793 1737 4862; x_wconf 69' lang='grc' dir='ltr'>γνωμικὴν</span> <span class='ocrx_word' id='word_1_521' title='bbox 1786 4796 1933 4849; x_wconf 76' lang='grc' dir='ltr'>ἀπο-</span> 
     </span>
    </p>
   </div>
   <div class='ocr_carea' id='block_1_76' title="bbox 366 4861 1927 4931">
    <p class='ocr_par' dir='ltr' id='par_1_76' title="bbox 366 4861 1927 4931">
     <span class='ocr_line' id='line_1_76' title="bbox 366 4861 1927 4931; baseline 0.003 -17"><span class='ocrx_word' id='word_1_522' title='bbox 366 4861 625 4931; x_wconf 73' lang='grc' dir='ltr'>γένεσιν.</span> <span class='ocrx_word' id='word_1_523' title='bbox 681 4861 770 4916; x_wconf 88' lang='lat' dir='ltr'><strong>Uti</strong></span> <span class='ocrx_word' id='word_1_524' title='bbox 796 4861 1005 4927; x_wconf 79' lang='grc' dir='ltr'>γένεσις</span> <span class='ocrx_word' id='word_1_525' title='bbox 1033 4870 1231 4914; x_wconf 85' lang='lat' dir='ltr'><strong>natura</strong></span> <span class='ocrx_word' id='word_1_526' title='bbox 1264 4871 1381 4925; x_wconf 87' lang='lat' dir='ltr'><strong>est;</strong></span> <span class='ocrx_word' id='word_1_527' title='bbox 1417 4861 1752 4929; x_wconf 72' lang='grc' dir='ltr'>εῑγίνεσθαι,</span> <span class='ocrx_word' id='word_1_528' title='bbox 1777 4867 1927 4928; x_wconf 87' lang='lat' dir='ltr'><strong>oriri,</strong></span> 
     </span>
    </p>
   </div>
   <div class='ocr_carea' id='block_1_77' title="bbox 367 4931 1933 5000">
    <p class='ocr_par' dir='ltr' id='par_1_77' title="bbox 367 4931 1933 5000">
     <span class='ocr_line' id='line_1_77' title="bbox 367 4931 1933 5000; baseline 0.001 -15"><span class='ocrx_word' id='word_1_529' title='bbox 367 4933 421 4985; x_wconf 85' lang='lat' dir='ltr'><strong>in</strong></span> <span class='ocrx_word' id='word_1_530' title='bbox 452 4947 630 4984; x_wconf 72' lang='lat' dir='ltr'><strong>rerum</strong></span> <span class='ocrx_word' id='word_1_531' title='bbox 673 4940 923 5000; x_wconf 68' lang='lat' dir='ltr'><strong>naturam</strong></span> <span class='ocrx_word' id='word_1_532' title='bbox 951 4931 1204 5000; x_wconf 85' lang='lat' dir='ltr'><strong>produci;</strong></span> <span class='ocrx_word' id='word_1_533' title='bbox 1254 4932 1334 5000; x_wconf 88' lang='lat' dir='ltr'><strong>sic</strong></span> <span class='ocrx_word' id='word_1_534' title='bbox 1371 4932 1711 4997; x_wconf 82' lang='grc' dir='ltr'>άπογένεσις,</span> <span class='ocrx_word' id='word_1_535' title='bbox 1747 4933 1933 4987; x_wconf 72' lang='lat' dir='ltr'><strong>desilio</strong></span> 
     </span>
    </p>
   </div>
   <div class='ocr_carea' id='block_1_78' title="bbox 369 4999 1930 5071">
    <p class='ocr_par' dir='ltr' id='par_1_78' title="bbox 369 4999 1930 5071">
     <span class='ocr_line' id='line_1_78' title="bbox 369 4999 1930 5071; baseline 0.002 -18"><span class='ocrx_word' id='word_1_536' title='bbox 369 5009 527 5071; x_wconf 88' lang='lat' dir='ltr'><strong>atque</strong></span> <span class='ocrx_word' id='word_1_537' title='bbox 557 4999 797 5071; x_wconf 78' lang='lat' dir='ltr'><strong>nihilum.</strong></span> <span class='ocrx_word' id='word_1_538' title='bbox 817 4999 977 5071; x_wconf 25' lang='lat' dir='ltr'><strong>‘Mens</strong></span> <span class='ocrx_word' id='word_1_539' title='bbox 995 5014 1126 5071; x_wconf 81' lang='lat' dir='ltr'><strong>ergo</strong></span> <span class='ocrx_word' id='word_1_540' title='bbox 1148 4999 1496 5071; x_wconf 86' lang='lat' dir='ltr'><strong>laudabiliter</strong></span> <span class='ocrx_word' id='word_1_541' title='bbox 1525 5002 1779 5065; x_wconf 89' lang='lat' dir='ltr'><strong>moritur,</strong></span> <span class='ocrx_word' id='word_1_542' title='bbox 1805 5018 1930 5056; x_wconf 90' lang='lat' dir='ltr'><strong>eum</strong></span> 
     </span>
    </p>
   </div>
   <div class='ocr_carea' id='block_1_79' title="bbox 369 5067 1932 5140">
    <p class='ocr_par' dir='ltr' id='par_1_79' title="bbox 369 5067 1932 5140">
     <span class='ocr_line' id='line_1_79' title="bbox 369 5067 1932 5140; baseline 0.002 -17"><span class='ocrx_word' id='word_1_543' title='bbox 369 5067 449 5123; x_wconf 76' lang='lat' dir='ltr'><strong>sic</strong></span> <span class='ocrx_word' id='word_1_544' title='bbox 485 5070 738 5140; x_wconf 12' lang='lat' dir='ltr'><strong>seritabet</strong></span> <span class='ocrx_word' id='word_1_545' title='bbox 765 5067 831 5123; x_wconf 89' lang='lat' dir='ltr'><strong>ad</strong></span> <span class='ocrx_word' id='word_1_546' title='bbox 862 5084 948 5140; x_wconf 85' lang='lat' dir='ltr'><strong>res</strong></span> <span class='ocrx_word' id='word_1_547' title='bbox 975 5067 1131 5131; x_wconf 84' lang='lat' dir='ltr'><strong>alias,</strong></span> <span class='ocrx_word' id='word_1_548' title='bbox 1148 5139 1165 5140; x_wconf 28' lang='grc' dir='ltr'><em>η</em></span> <span class='ocrx_word' id='word_1_549' title='bbox 1188 5085 1251 5123; x_wconf 87' lang='lat' dir='ltr'><strong>ae</strong></span> <span class='ocrx_word' id='word_1_550' title='bbox 1280 5069 1345 5123; x_wconf 52' lang='lat' dir='ltr'><strong>.si</strong></span> <span class='ocrx_word' id='word_1_551' title='bbox 1394 5084 1463 5123; x_wconf 92' lang='lat' dir='ltr'><strong>ne</strong></span> <span class='ocrx_word' id='word_1_552' title='bbox 1492 5078 1638 5140; x_wconf 85' lang='lat' dir='ltr'><strong>esset</strong></span> <span class='ocrx_word' id='word_1_553' title='bbox 1674 5071 1932 5140; x_wconf 85' lang='lat' dir='ltr'><strong>quidem;</strong></span> 
     </span>
    </p>
   </div>
   <div class='ocr_carea' id='block_1_80' title="bbox 370 5138 1933 5207">
    <p class='ocr_par' dir='ltr' id='par_1_80' title="bbox 370 5138 1933 5207">
     <span class='ocr_line' id='line_1_80' title="bbox 370 5138 1933 5207; baseline 0 -14"><span class='ocrx_word' id='word_1_554' title='bbox 370 5138 516 5207; x_wconf 89' lang='lat' dir='ltr'><strong>quod</strong></span> <span class='ocrx_word' id='word_1_555' title='bbox 549 5138 657 5193; x_wconf 92' lang='lat' dir='ltr'><strong>illis</strong></span> <span class='ocrx_word' id='word_1_556' title='bbox 684 5138 977 5207; x_wconf 88' lang='lat' dir='ltr'><strong>superatis,</strong></span> <span class='ocrx_word' id='word_1_557' title='bbox 1031 5140 1124 5193; x_wconf 92' lang='lat' dir='ltr'><strong>uni</strong></span> <span class='ocrx_word' id='word_1_558' title='bbox 1144 5139 1257 5192; x_wconf 86' lang='lat' dir='ltr'><strong>Deo</strong></span> <span class='ocrx_word' id='word_1_559' title='bbox 1305 5146 1361 5192; x_wconf 91' lang='lat' dir='ltr'><strong>et</strong></span> <span class='ocrx_word' id='word_1_560' title='bbox 1388 5139 1600 5191; x_wconf 90' lang='lat' dir='ltr'><strong>auctori</strong></span> <span class='ocrx_word' id='word_1_561' title='bbox 1654 5138 1769 5194; x_wconf 81' lang='lat' dir='ltr'><strong>tota</strong></span> <span class='ocrx_word' id='word_1_562' title='bbox 1827 5141 1933 5193; x_wconf 93' lang='lat' dir='ltr'><strong>im-</strong></span> 
     </span>
    </p>
   </div>
   <div class='ocr_carea' id='block_1_81' title="bbox 369 5208 1937 5280">
    <p class='ocr_par' dir='ltr' id='par_1_81' title="bbox 369 5208 1937 5280">
     <span class='ocr_line' id='line_1_81' title="bbox 369 5208 1937 5280; baseline 0.002 -18"><span class='ocrx_word' id='word_1_563' title='bbox 369 5208 769 5278; x_wconf 85' lang='lat' dir='ltr'><strong>penditur.Non</strong></span> <span class='ocrx_word' id='word_1_564' title='bbox 795 5208 928 5262; x_wconf 85' lang='lat' dir='ltr'><strong>satis</strong></span> <span class='ocrx_word' id='word_1_565' title='bbox 959 5209 1141 5273; x_wconf 83' lang='lat' dir='ltr'><strong>Picus,</strong></span> <span class='ocrx_word' id='word_1_566' title='bbox 1174 5216 1521 5278; x_wconf 76' lang='lat' dir='ltr'><strong>spontaneum</strong></span> <span class='ocrx_word' id='word_1_567' title='bbox 1548 5210 1782 5280; x_wconf 81' lang='lat' dir='ltr'><strong>omnium</strong></span> <span class='ocrx_word' id='word_1_568' title='bbox 1820 5226 1937 5280; x_wconf 76' lang='lat' dir='ltr'><strong>qua:</strong></span> 
     </span>
    </p>
   </div>
   <div class='ocr_carea' id='block_1_82' title="bbox 370 5277 1935 5347">
    <p class='ocr_par' dir='ltr' id='par_1_82' title="bbox 370 5277 1935 5347">
     <span class='ocr_line' id='line_1_82' title="bbox 370 5277 1935 5347; baseline -0.001 -14"><span class='ocrx_word' id='word_1_569' title='bbox 370 5277 496 5333; x_wconf 75' lang='lat' dir='ltr'><strong>sunt</strong></span> <span class='ocrx_word' id='word_1_570' title='bbox 533 5279 884 5347; x_wconf 81' lang='lat' dir='ltr'><strong>p:ivationem</strong></span> <span class='ocrx_word' id='word_1_571' title='bbox 906 5295 924 5343; x_wconf 91' lang='lat'><strong>;</strong></span> <span class='ocrx_word' id='word_1_572' title='bbox 948 5293 1069 5346; x_wconf 68' lang='lat' dir='ltr'><strong>qua:</strong></span> <span class='ocrx_word' id='word_1_573' title='bbox 1099 5277 1249 5333; x_wconf 85' lang='lat' dir='ltr'><strong>esset</strong></span> <span class='ocrx_word' id='word_1_574' title='bbox 1270 5277 1612 5347; x_wconf 87' lang='lat' dir='ltr'><strong>paupertatis</strong></span> <span class='ocrx_word' id='word_1_575' title='bbox 1664 5277 1935 5342; x_wconf 81' lang='lat' dir='ltr'><strong>deﬁnitio,</strong></span> 
     </span>
    </p>
   </div>
   <div class='ocr_carea' id='block_1_83' title="bbox 374 5348 1947 5419">
    <p class='ocr_par' dir='ltr' id='par_1_83' title="bbox 374 5348 1947 5419">
     <span class='ocr_line' id='line_1_83' title="bbox 374 5348 1947 5419; baseline -0.001 -17"><span class='ocrx_word' id='word_1_576' title='bbox 374 5363 488 5419; x_wconf 84' lang='lat' dir='ltr'><strong>non</strong></span> <span class='ocrx_word' id='word_1_577' title='bbox 546 5348 884 5419; x_wconf 65' lang='lat' dir='ltr'><strong>excellentiae</strong></span> <span class='ocrx_word' id='word_1_578' title='bbox 946 5350 1067 5419; x_wconf 79' lang='lat' dir='ltr'><strong>ejus</strong></span> <span class='ocrx_word' id='word_1_579' title='bbox 1115 5354 1290 5419; x_wconf 87' lang='lat' dir='ltr'><strong>status</strong></span> <span class='ocrx_word' id='word_1_580' title='bbox 1325 5387 1339 5411; x_wconf 92' lang='lat'><strong>,</strong></span> <span class='ocrx_word' id='word_1_581' title='bbox 1419 5361 1582 5419; x_wconf 82' lang='lat' dir='ltr'><strong>quem</strong></span> <span class='ocrx_word' id='word_1_582' title='bbox 1670 5348 1947 5419; x_wconf 78' lang='lat' dir='ltr'><strong>Maximus</strong></span> 
     </span>
    </p>
   </div>
   <div class='ocr_carea' id='block_1_84' title="bbox 373 5416 1947 5540">
    <p class='ocr_par' dir='ltr' id='par_1_84' title="bbox 373 5416 1947 5540">
     <span class='ocr_line' id='line_1_84' title="bbox 373 5416 1947 5540; baseline -0.001 -68"><span class='ocrx_word' id='word_1_583' title='bbox 373 5416 613 5540; x_wconf 43' lang='lat' dir='ltr'><strong>intendit</strong></span> <span class='ocrx_word' id='word_1_584' title='bbox 640 5416 1237 5488; x_wconf 52' lang='lat' dir='ltr'><strong>&quot;leseribereillesych.</strong></span> <span class='ocrx_word' id='word_1_585' title='bbox 1290 5416 1705 5485; x_wconf 83' lang='grc' dir='ltr'>ἀπογενόμενοι,</span> <span class='ocrx_word' id='word_1_586' title='bbox 1733 5417 1947 5471; x_wconf 83' lang='grc' dir='ltr'>ἀποθα-</span> 
     </span>
     <span class='ocr_line' id='line_1_85' title="bbox 373 5503 571 5540; baseline -0.005 0"><span class='ocrx_word' id='word_1_587' title='bbox 373 5506 400 5540; x_wconf 92' lang='grc' dir='ltr'><strong>ν</strong></span> <span class='ocrx_word' id='word_1_588' title='bbox 431 5503 571 5540; x_wconf 81' lang='grc' dir='ltr'>ντες.</span> 
     </span>
    </p>
   </div>
   <div class='ocr_carea' id='block_1_85' title="bbox 371 5503 571 5549">
    <p class='ocr_par' dir='ltr' id='par_1_85' title="bbox 371 5503 571 5549">
     <span class='ocr_line' id='line_1_86' title="bbox 371 5503 571 5549; baseline -0.01 -8"><span class='ocrx_word' id='word_1_589' title='bbox 371 5503 571 5549; x_wconf 86' lang='grc' dir='ltr'>νοντες.</span> 
     </span>
    </p>
   </div>
   <div class='ocr_carea' id='block_1_86' title="bbox 443 5550 1949 5682">
    <p class='ocr_par' dir='ltr' id='par_1_86' title="bbox 443 5550 1949 5682">
     <span class='ocr_line' id='line_1_87' title="bbox 443 5550 1949 5682; baseline 0 -73"><span class='ocrx_word' id='word_1_590' title='bbox 443 5555 514 5635; x_wconf 65' lang='grc' dir='ltr'><strong>(τ)</strong></span> <span class='ocrx_word' id='word_1_591' title='bbox 532 5557 634 5611; x_wconf 83' lang='grc' dir='ltr'><strong>Ἐν</strong></span> <span class='ocrx_word' id='word_1_592' title='bbox 646 5550 762 5682; x_wconf 45' lang='lat' dir='ltr'><strong>{Ero</strong></span> <span class='ocrx_word' id='word_1_593' title='bbox 778 5557 909 5613; x_wconf 79' lang='grc' dir='ltr'>καθ’</span> <span class='ocrx_word' id='word_1_594' title='bbox 927 5556 1210 5626; x_wconf 81' lang='grc' dir='ltr'>ὁμοίωσιν</span> <span class='ocrx_word' id='word_1_595' title='bbox 1223 5555 1658 5626; x_wconf 65' lang='grc' dir='ltr'>ἀναφαίνεσθαι</span> <span class='ocrx_word' id='word_1_596' title='bbox 1677 5555 1949 5624; x_wconf 62' lang='grc' dir='ltr'>πέφυκεν</span> 
     </span>
     <span class='ocr_line' id='line_1_88' title="bbox 443 5626 1942 5682; baseline 0.001 -2"><span class='ocrx_word' id='word_1_597' title='bbox 443 5630 618 5682; x_wconf 67' lang='lat' dir='ltr'><strong>tuac.</strong></span> <span class='ocrx_word' id='word_1_598' title='bbox 696 5644 729 5681; x_wconf 74' lang='grc' dir='ltr'><strong>ιι</strong></span> <span class='ocrx_word' id='word_1_599' title='bbox 767 5643 869 5682; x_wconf 80' lang='lat' dir='ltr'><strong>auo</strong></span> <span class='ocrx_word' id='word_1_600' title='bbox 921 5626 1303 5682; x_wconf 73' lang='lat' dir='ltr'><strong>complementa</strong></span> <span class='ocrx_word' id='word_1_601' title='bbox 1352 5627 1541 5681; x_wconf 70' lang='lat' dir='ltr'><strong>divina!</strong></span> <span class='ocrx_word' id='word_1_602' title='bbox 1599 5626 1942 5682; x_wconf 73' lang='lat' dir='ltr'><strong>overationis.</strong></span> 
     </span>
    </p>
   </div>
   <div class='ocr_carea' id='block_1_87' title="bbox 373 5625 1942 5697">
    <p class='ocr_par' dir='ltr' id='par_1_87' title="bbox 373 5625 1942 5697">
     <span class='ocr_line' id='line_1_89' title="bbox 373 5625 1942 5697; baseline 0 -17"><span class='ocrx_word' id='word_1_603' title='bbox 373 5625 618 5692; x_wconf 61' lang='grc' dir='ltr'>κάλλος.</span> <span class='ocrx_word' id='word_1_604' title='bbox 652 5625 729 5697; x_wconf 70' lang='grc' dir='ltr'><strong>’1η</strong></span> <span class='ocrx_word' id='word_1_605' title='bbox 767 5643 869 5696; x_wconf 80' lang='lat' dir='ltr'><strong>quo</strong></span> <span class='ocrx_word' id='word_1_606' title='bbox 921 5625 1303 5697; x_wconf 78' lang='lat' dir='ltr'><strong>complementa</strong></span> <span class='ocrx_word' id='word_1_607' title='bbox 1349 5625 1541 5681; x_wconf 69' lang='lat' dir='ltr'><strong>divina!</strong></span> <span class='ocrx_word' id='word_1_608' title='bbox 1599 5626 1942 5697; x_wconf 74' lang='lat' dir='ltr'><strong>operationis,</strong></span> 
     </span>
    </p>
   </div>
   <div class='ocr_carea' id='block_1_88' title="bbox 371 5695 1942 5767">
    <p class='ocr_par' dir='ltr' id='par_1_88' title="bbox 371 5695 1942 5767">
     <span class='ocr_line' id='line_1_90' title="bbox 371 5695 1942 5767; baseline -0.002 -13"><span class='ocrx_word' id='word_1_609' title='bbox 371 5696 536 5754; x_wconf 74' lang='lat' dir='ltr'><strong>elucet</strong></span> <span class='ocrx_word' id='word_1_610' title='bbox 572 5695 935 5752; x_wconf 75' lang='lat' dir='ltr'><strong>similitudinis</strong></span> <span class='ocrx_word' id='word_1_611' title='bbox 965 5695 1157 5751; x_wconf 74' lang='lat' dir='ltr'><strong>deror:</strong></span> <span class='ocrx_word' id='word_1_612' title='bbox 1187 5696 1248 5752; x_wconf 88' lang='lat' dir='ltr'><strong>-id</strong></span> <span class='ocrx_word' id='word_1_613' title='bbox 1281 5697 1427 5767; x_wconf 85' lang='lat' dir='ltr'><strong>quod</strong></span> <span class='ocrx_word' id='word_1_614' title='bbox 1470 5705 1555 5752; x_wconf 92' lang='lat' dir='ltr'><strong>est</strong></span> <span class='ocrx_word' id='word_1_615' title='bbox 1579 5695 1649 5750; x_wconf 86' lang='lat' dir='ltr'><strong>ad</strong></span> <span class='ocrx_word' id='word_1_616' title='bbox 1692 5695 1942 5752; x_wconf 78' lang='lat' dir='ltr'><strong>similitu-</strong></span> 
     </span>
    </p>
   </div>
   <div class='ocr_carea' id='block_1_89' title="bbox 2024 3177 3601 3250">
    <p class='ocr_par' dir='ltr' id='par_1_89' title="bbox 2024 3177 3601 3250">
     <span class='ocr_line' id='line_1_91' title="bbox 2024 3177 3601 3250; baseline -0.009 -15"><span class='ocrx_word' id='word_1_617' title='bbox 2024 3182 2079 3235; x_wconf 91' lang='lat' dir='ltr'><strong>in</strong></span> <span class='ocrx_word' id='word_1_618' title='bbox 2102 3182 2281 3250; x_wconf 88' lang='lat' dir='ltr'><strong>ipsum</strong></span> <span class='ocrx_word' id='word_1_619' title='bbox 2312 3179 2514 3244; x_wconf 74' lang='lat' dir='ltr'><strong>Deum,’</strong></span> <span class='ocrx_word' id='word_1_620' title='bbox 2542 3178 2637 3247; x_wconf 89' lang='lat' dir='ltr'><strong>qui</strong></span> <span class='ocrx_word' id='word_1_621' title='bbox 2666 3178 2818 3235; x_wconf 87' lang='lat' dir='ltr'><strong>solus</strong></span> <span class='ocrx_word' id='word_1_622' title='bbox 2849 3177 3028 3231; x_wconf 85' lang='lat' dir='ltr'><strong>bonus</strong></span> <span class='ocrx_word' id='word_1_623' title='bbox 3060 3188 3332 3242; x_wconf 87' lang='lat' dir='ltr'><strong>verusque</strong></span> <span class='ocrx_word' id='word_1_624' title='bbox 3357 3177 3463 3233; x_wconf 91' lang='lat' dir='ltr'><strong>est,</strong></span> <span class='ocrx_word' id='word_1_625' title='bbox 3486 3181 3601 3223; x_wconf 85' lang='lat' dir='ltr'><strong>um-</strong></span> 
     </span>
    </p>
   </div>
   <div class='ocr_carea' id='block_1_90' title="bbox 2023 3260 3601 3338">
    <p class='ocr_par' dir='ltr' id='par_1_90' title="bbox 2023 3260 3601 3338">
     <span class='ocr_line' id='line_1_92' title="bbox 2023 3260 3601 3338; baseline -0.008 -16"><span class='ocrx_word' id='word_1_626' title='bbox 2023 3270 2189 3338; x_wconf 85' lang='lat' dir='ltr'><strong>niquc</strong></span> <span class='ocrx_word' id='word_1_627' title='bbox 2250 3265 2491 3322; x_wconf 85' lang='lat' dir='ltr'><strong>essentia</strong></span> <span class='ocrx_word' id='word_1_628' title='bbox 2557 3275 2614 3320; x_wconf 91' lang='lat' dir='ltr'><strong>et</strong></span> <span class='ocrx_word' id='word_1_629' title='bbox 2674 3266 2959 3320; x_wconf 89' lang='lat' dir='ltr'><strong>intellectu</strong></span> <span class='ocrx_word' id='word_1_630' title='bbox 3019 3262 3297 3334; x_wconf 87' lang='lat' dir='ltr'><strong>superior,</strong></span> <span class='ocrx_word' id='word_1_631' title='bbox 3372 3260 3601 3314; x_wconf 84' lang='lat' dir='ltr'><strong>itnmca-</strong></span> 
     </span>
    </p>
   </div>
   <div class='ocr_carea' id='block_1_91' title="bbox 2024 3361 2188 3414">
    <p class='ocr_par' dir='ltr' id='par_1_91' title="bbox 2024 3361 2188 3414">
     <span class='ocr_line' id='line_1_93' title="bbox 2024 3361 2188 3414; baseline -0.012 0"><span class='ocrx_word' id='word_1_632' title='bbox 2024 3361 2188 3414; x_wconf 82' lang='lat' dir='ltr'><strong>verit.</strong></span> 
     </span>
    </p>
   </div>
   <div class='ocr_carea' id='block_1_92' title="bbox 2091 3441 3600 3521">
    <p class='ocr_par' dir='ltr' id='par_1_92' title="bbox 2091 3441 3600 3521">
     <span class='ocr_line' id='line_1_94' title="bbox 2091 3441 3600 3521; baseline -0.009 -15"><span class='ocrx_word' id='word_1_633' title='bbox 2091 3452 2179 3506; x_wconf 60' lang='lat'><strong>96.</strong></span> <span class='ocrx_word' id='word_1_634' title='bbox 2207 3452 2359 3521; x_wconf 82' lang='lat' dir='ltr'><strong>Ejus,</strong></span> <span class='ocrx_word' id='word_1_635' title='bbox 2384 3466 2507 3520; x_wconf 76' lang='lat' dir='ltr'><strong>qua:</strong></span> <span class='ocrx_word' id='word_1_636' title='bbox 2534 3450 2588 3503; x_wconf 91' lang='lat' dir='ltr'><strong>in</strong></span> <span class='ocrx_word' id='word_1_637' title='bbox 2622 3448 2845 3504; x_wconf 87' lang='lat' dir='ltr'><strong>actione</strong></span> <span class='ocrx_word' id='word_1_638' title='bbox 2877 3456 3151 3512; x_wconf 82' lang='lat' dir='ltr'><strong>versatur,</strong></span> <span class='ocrx_word' id='word_1_639' title='bbox 3172 3443 3392 3499; x_wconf 81' lang='lat' dir='ltr'><strong>virtutis</strong></span> <span class='ocrx_word' id='word_1_640' title='bbox 3415 3441 3600 3500; x_wconf 75' lang='lat' dir='ltr'><strong>linem,</strong></span> 
     </span>
    </p>
   </div>
   <div class='ocr_carea' id='block_1_93' title="bbox 2025 3532 3603 3605">
    <p class='ocr_par' dir='ltr' id='par_1_93' title="bbox 2025 3532 3603 3605">
     <span class='ocr_line' id='line_1_95' title="bbox 2025 3532 3603 3605; baseline -0.007 -10"><span class='ocrx_word' id='word_1_641' title='bbox 2025 3541 2233 3596; x_wconf 87' lang='lat' dir='ltr'><strong>bonum</strong></span> <span class='ocrx_word' id='word_1_642' title='bbox 2269 3556 2390 3596; x_wconf 87' lang='lat' dir='ltr'><strong>esse</strong></span> <span class='ocrx_word' id='word_1_643' title='bbox 2420 3542 2595 3595; x_wconf 90' lang='lat' dir='ltr'><strong>aiunt.</strong></span> <span class='ocrx_word' id='word_1_644' title='bbox 2629 3540 2745 3594; x_wconf 87' lang='lat' dir='ltr'><strong>[loc</strong></span> <span class='ocrx_word' id='word_1_645' title='bbox 2772 3547 2979 3602; x_wconf 88' lang='lat' dir='ltr'><strong>autem,</strong></span> <span class='ocrx_word' id='word_1_646' title='bbox 3022 3536 3224 3591; x_wconf 59' lang='lat' dir='ltr'><strong>divinat</strong></span> <span class='ocrx_word' id='word_1_647' title='bbox 3264 3532 3603 3605; x_wconf 84' lang='lat' dir='ltr'><strong>operationis</strong></span> 
     </span>
    </p>
   </div>
   <div class='ocr_carea' id='block_1_94' title="bbox 2026 3624 3603 3701">
    <p class='ocr_par' dir='ltr' id='par_1_94' title="bbox 2026 3624 3603 3701">
     <span class='ocr_line' id='line_1_96' title="bbox 2026 3624 3603 3701; baseline -0.004 -17"><span class='ocrx_word' id='word_1_648' title='bbox 2026 3632 2493 3701; x_wconf 90' lang='lat' dir='ltr'><strong>complementum</strong></span> <span class='ocrx_word' id='word_1_649' title='bbox 2522 3630 2770 3693; x_wconf 78' lang='lat' dir='ltr'><strong>exsistit;</strong></span> <span class='ocrx_word' id='word_1_650' title='bbox 2802 3629 2871 3682; x_wconf 88' lang='lat' dir='ltr'><strong>ad</strong></span> <span class='ocrx_word' id='word_1_651' title='bbox 2895 3628 3044 3698; x_wconf 89' lang='lat' dir='ltr'><strong>quod</strong></span> <span class='ocrx_word' id='word_1_652' title='bbox 3083 3627 3315 3680; x_wconf 80' lang='lat' dir='ltr'><strong>facultas</strong></span> <span class='ocrx_word' id='word_1_653' title='bbox 3352 3624 3603 3687; x_wconf 86' lang='lat' dir='ltr'><strong>rationis,</strong></span> 
     </span>
    </p>
   </div>
   <div class='ocr_carea' id='block_1_95' title="bbox 2029 3721 3603 3791">
    <p class='ocr_par' dir='ltr' id='par_1_95' title="bbox 2029 3721 3603 3791">
     <span class='ocr_line' id='line_1_97' title="bbox 2029 3721 3603 3791; baseline -0.006 -14"><span class='ocrx_word' id='word_1_654' title='bbox 2029 3723 2110 3777; x_wconf 89' lang='lat' dir='ltr'><strong>ira</strong></span> <span class='ocrx_word' id='word_1_655' title='bbox 2155 3730 2316 3777; x_wconf 88' lang='lat' dir='ltr'><strong>utens</strong></span> <span class='ocrx_word' id='word_1_656' title='bbox 2363 3736 2428 3776; x_wconf 91' lang='lat' dir='ltr'><strong>ac</strong></span> <span class='ocrx_word' id='word_1_657' title='bbox 2473 3721 2776 3791; x_wconf 88' lang='lat' dir='ltr'><strong>cupiditate</strong></span> <span class='ocrx_word' id='word_1_658' title='bbox 2817 3726 2878 3773; x_wconf 91' lang='lat' dir='ltr'><strong>ut</strong></span> <span class='ocrx_word' id='word_1_659' title='bbox 2920 3728 3131 3773; x_wconf 67' lang='lat' dir='ltr'><strong>natura:</strong></span> <span class='ocrx_word' id='word_1_660' title='bbox 3177 3724 3603 3773; x_wconf 76' lang='lat' dir='ltr'><strong>consentaneum</strong></span> 
     </span>
    </p>
   </div>
   <div class='ocr_carea' id='block_1_96' title="bbox 2029 3806 3602 3883">
    <p class='ocr_par' dir='ltr' id='par_1_96' title="bbox 2029 3806 3602 3883">
     <span class='ocr_line' id='line_1_98' title="bbox 2029 3806 3602 3883; baseline -0.004 -16"><span class='ocrx_word' id='word_1_661' title='bbox 2029 3824 2134 3877; x_wconf 85' lang='lat' dir='ltr'><strong>est,</strong></span> <span class='ocrx_word' id='word_1_662' title='bbox 2161 3811 2347 3878; x_wconf 89' lang='lat' dir='ltr'><strong>ducit;</strong></span> <span class='ocrx_word' id='word_1_663' title='bbox 2379 3812 2434 3867; x_wconf 92' lang='lat' dir='ltr'><strong>in</strong></span> <span class='ocrx_word' id='word_1_664' title='bbox 2464 3827 2642 3881; x_wconf 90' lang='lat' dir='ltr'><strong>eoque</strong></span> <span class='ocrx_word' id='word_1_665' title='bbox 2664 3813 2783 3883; x_wconf 89' lang='lat' dir='ltr'><strong>ejus</strong></span> <span class='ocrx_word' id='word_1_666' title='bbox 2798 3809 2946 3880; x_wconf 87' lang='lat' dir='ltr'><strong>quod</strong></span> <span class='ocrx_word' id='word_1_667' title='bbox 2971 3816 3054 3864; x_wconf 90' lang='lat' dir='ltr'><strong>est</strong></span> <span class='ocrx_word' id='word_1_668' title='bbox 3073 3807 3141 3861; x_wconf 91' lang='lat' dir='ltr'><strong>ad</strong></span> <span class='ocrx_word' id='word_1_669' title='bbox 3165 3806 3602 3866; x_wconf 81' lang='lat' dir='ltr'><strong>similitudinem,</strong></span> 
     </span>
    </p>
   </div>
   <div class='ocr_carea' id='block_1_97' title="bbox 2031 3896 3602 3975">
    <p class='ocr_par' dir='ltr' id='par_1_97' title="bbox 2031 3896 3602 3975">
     <span class='ocr_line' id='line_1_99' title="bbox 2031 3896 3602 3975; baseline -0.007 -16"><span class='ocrx_word' id='word_1_670' title='bbox 2031 3903 2388 3975; x_wconf 89' lang='lat' dir='ltr'><strong>pulchritudo</strong></span> <span class='ocrx_word' id='word_1_671' title='bbox 2420 3904 2603 3958; x_wconf 90' lang='lat' dir='ltr'><strong>elucet</strong></span> <span class='ocrx_word' id='word_1_672' title='bbox 2634 3921 2648 3956; x_wconf 88' lang='lat'><strong>:</strong></span> <span class='ocrx_word' id='word_1_673' title='bbox 2684 3901 2961 3957; x_wconf 87' lang='lat' dir='ltr'><strong>studentis</strong></span> <span class='ocrx_word' id='word_1_674' title='bbox 2988 3914 3120 3954; x_wconf 90' lang='lat' dir='ltr'><strong>vero</strong></span> <span class='ocrx_word' id='word_1_675' title='bbox 3150 3896 3602 3966; x_wconf 86' lang='lat' dir='ltr'><strong>contemplationi</strong></span> 
     </span>
    </p>
   </div>
   <div class='ocr_carea' id='block_1_98' title="bbox 2033 3988 3603 4070">
    <p class='ocr_par' dir='ltr' id='par_1_98' title="bbox 2033 3988 3603 4070">
     <span class='ocr_line' id='line_1_100' title="bbox 2033 3988 3603 4070; baseline -0.01 -17"><span class='ocrx_word' id='word_1_676' title='bbox 2033 3999 2396 4070; x_wconf 78' lang='lat' dir='ltr'><strong>philosophia:</strong></span> <span class='ocrx_word' id='word_1_677' title='bbox 2427 3999 2614 4061; x_wconf 81' lang='lat' dir='ltr'><strong>finem,</strong></span> <span class='ocrx_word' id='word_1_678' title='bbox 2643 3995 2933 4050; x_wconf 89' lang='lat' dir='ltr'><strong>veritatem</strong></span> <span class='ocrx_word' id='word_1_679' title='bbox 2962 4008 3083 4048; x_wconf 88' lang='lat' dir='ltr'><strong>esse</strong></span> <span class='ocrx_word' id='word_1_680' title='bbox 3107 3991 3332 4055; x_wconf 90' lang='lat' dir='ltr'><strong>dicunt;</strong></span> <span class='ocrx_word' id='word_1_681' title='bbox 3360 3988 3603 4045; x_wconf 86' lang='lat' dir='ltr'><strong>omnium</strong></span> 
     </span>
    </p>
   </div>
   <div class='ocr_carea' id='block_1_99' title="bbox 2032 4075 3604 4143">
    <p class='ocr_par' dir='ltr' id='par_1_99' title="bbox 2032 4075 3604 4143">
     <span class='ocr_line' id='line_1_101' title="bbox 2032 4075 3604 4143; baseline -0.012 0"><span class='ocrx_word' id='word_1_682' title='bbox 2032 4088 2243 4143; x_wconf 88' lang='lat' dir='ltr'><strong>scilicet</strong></span> <span class='ocrx_word' id='word_1_683' title='bbox 2272 4087 2505 4143; x_wconf 88' lang='lat' dir='ltr'><strong>indivise</strong></span> <span class='ocrx_word' id='word_1_684' title='bbox 2523 4086 2668 4139; x_wconf 84' lang='lat' dir='ltr'><strong>circa</strong></span> <span class='ocrx_word' id='word_1_685' title='bbox 2688 4085 2858 4139; x_wconf 92' lang='lat' dir='ltr'><strong>Deum</strong></span> <span class='ocrx_word' id='word_1_686' title='bbox 2878 4080 3257 4136; x_wconf 76' lang='lat' dir='ltr'><strong>exsistentium</strong></span> <span class='ocrx_word' id='word_1_687' title='bbox 3281 4075 3604 4130; x_wconf 78' lang='lat' dir='ltr'><strong>uuiformcm</strong></span> 
     </span>
    </p>
   </div>
   <div class='ocr_carea' id='block_1_100' title="bbox 2033 4165 3604 4249">
    <p class='ocr_par' dir='ltr' id='par_1_100' title="bbox 2033 4165 3604 4249">
     <span class='ocr_line' id='line_1_102' title="bbox 2033 4165 3604 4249; baseline -0.013 -13"><span class='ocrx_word' id='word_1_688' title='bbox 2033 4179 2345 4245; x_wconf 87' lang='lat' dir='ltr'><strong>scientiam,</strong></span> <span class='ocrx_word' id='word_1_689' title='bbox 2376 4175 2538 4249; x_wconf 63' lang='lat'><strong>564</strong></span> <span class='ocrx_word' id='word_1_690' title='bbox 2566 4174 2633 4229; x_wconf 89' lang='lat' dir='ltr'><strong>ad</strong></span> <span class='ocrx_word' id='word_1_691' title='bbox 2676 4188 2840 4244; x_wconf 90' lang='lat' dir='ltr'><strong>quam</strong></span> <span class='ocrx_word' id='word_1_692' title='bbox 2886 4185 3042 4226; x_wconf 87' lang='lat' dir='ltr'><strong>mens</strong></span> <span class='ocrx_word' id='word_1_693' title='bbox 3082 4183 3218 4238; x_wconf 87' lang='lat' dir='ltr'><strong>pura</strong></span> <span class='ocrx_word' id='word_1_694' title='bbox 3253 4165 3453 4229; x_wconf 82' lang='lat' dir='ltr'><strong>fertur;</strong></span> <span class='ocrx_word' id='word_1_695' title='bbox 3492 4170 3604 4216; x_wconf 90' lang='lat' dir='ltr'><strong>tum</strong></span> 
     </span>
    </p>
   </div>
   <div class='ocr_carea' id='block_1_101' title="bbox 2034 4253 3602 4335">
    <p class='ocr_par' dir='ltr' id='par_1_101' title="bbox 2034 4253 3602 4335">
     <span class='ocr_line' id='line_1_103' title="bbox 2034 4253 3602 4335; baseline -0.013 -9"><span class='ocrx_word' id='word_1_696' title='bbox 2034 4270 2317 4334; x_wconf 86' lang='lat' dir='ltr'><strong>nimirum,</strong></span> <span class='ocrx_word' id='word_1_697' title='bbox 2341 4283 2466 4323; x_wconf 90' lang='lat' dir='ltr'><strong>eum</strong></span> <span class='ocrx_word' id='word_1_698' title='bbox 2483 4281 2679 4322; x_wconf 89' lang='lat' dir='ltr'><strong>sensus</strong></span> <span class='ocrx_word' id='word_1_699' title='bbox 2697 4262 2970 4335; x_wconf 88' lang='lat' dir='ltr'><strong>judicium</strong></span> <span class='ocrx_word' id='word_1_700' title='bbox 3003 4276 3033 4315; x_wconf 88' lang='lat' dir='ltr'><strong>a</strong></span> <span class='ocrx_word' id='word_1_701' title='bbox 3057 4275 3117 4316; x_wconf 93' lang='lat' dir='ltr'><strong>se</strong></span> <span class='ocrx_word' id='word_1_702' title='bbox 3144 4272 3371 4329; x_wconf 87' lang='lat' dir='ltr'><strong>prorsus</strong></span> <span class='ocrx_word' id='word_1_703' title='bbox 3398 4253 3602 4309; x_wconf 83' lang='lat' dir='ltr'><strong>exstin-</strong></span> 
     </span>
    </p>
   </div>
   <div class='ocr_carea' id='block_1_102' title="bbox 2038 4347 3603 4430">
    <p class='ocr_par' dir='ltr' id='par_1_102' title="bbox 2038 4347 3603 4430">
     <span class='ocr_line' id='line_1_104' title="bbox 2038 4347 3603 4430; baseline -0.01 -14"><span class='ocrx_word' id='word_1_704' title='bbox 2038 4362 2214 4415; x_wconf 71' lang='lat' dir='ltr'><strong>xerit:</strong></span> <span class='ocrx_word' id='word_1_705' title='bbox 2254 4361 2308 4415; x_wconf 91' lang='lat' dir='ltr'><strong>in</strong></span> <span class='ocrx_word' id='word_1_706' title='bbox 2342 4375 2449 4430; x_wconf 91' lang='lat' dir='ltr'><strong>qua</strong></span> <span class='ocrx_word' id='word_1_707' title='bbox 2472 4358 2686 4430; x_wconf 88' lang='lat' dir='ltr'><strong>(utique</strong></span> <span class='ocrx_word' id='word_1_708' title='bbox 2718 4353 2969 4425; x_wconf 84' lang='lat' dir='ltr'><strong>scientia)</strong></span> <span class='ocrx_word' id='word_1_709' title='bbox 3001 4353 3217 4407; x_wconf 87' lang='lat' dir='ltr'><strong>sincera</strong></span> <span class='ocrx_word' id='word_1_710' title='bbox 3244 4349 3445 4405; x_wconf 63' lang='lat' dir='ltr'><strong>divina:</strong></span> <span class='ocrx_word' id='word_1_711' title='bbox 3475 4347 3603 4401; x_wconf 85' lang='lat' dir='ltr'><strong>ima-</strong></span> 
     </span>
    </p>
   </div>
   <div class='ocr_carea' id='block_1_103' title="bbox 1965 4443 3144 4523">
    <p class='ocr_par' dir='ltr' id='par_1_103' title="bbox 1965 4443 3144 4523">
     <span class='ocr_line' id='line_1_105' title="bbox 1965 4443 3144 4523; baseline -0.009 -15"><span class='ocrx_word' id='word_1_712' title='bbox 1965 4457 2005 4511; x_wconf 86' lang='lat' dir='ltr'>D</span> <span class='ocrx_word' id='word_1_713' title='bbox 2041 4453 2183 4523; x_wconf 81' lang='lat' dir='ltr'><strong>ginis</strong></span> <span class='ocrx_word' id='word_1_714' title='bbox 2209 4451 2447 4521; x_wconf 83' lang='lat' dir='ltr'><strong>dignitas</strong></span> <span class='ocrx_word' id='word_1_715' title='bbox 2479 4465 2597 4519; x_wconf 83' lang='lat' dir='ltr'><strong>sese</strong></span> <span class='ocrx_word' id='word_1_716' title='bbox 2624 4446 2912 4518; x_wconf 79' lang='lat' dir='ltr'><strong>magnifice</strong></span> <span class='ocrx_word' id='word_1_717' title='bbox 2942 4443 3144 4515; x_wconf 83' lang='lat' dir='ltr'><strong>prodit.</strong></span> 
     </span>
    </p>
   </div>
   <div class='ocr_carea' id='block_1_104' title="bbox 2105 4530 3602 4603">
    <p class='ocr_par' dir='ltr' id='par_1_104' title="bbox 2105 4530 3602 4603">
     <span class='ocr_line' id='line_1_106' title="bbox 2105 4530 3602 4603; baseline -0.007 -7"><span class='ocrx_word' id='word_1_718' title='bbox 2105 4542 2192 4596; x_wconf 75' lang='lat'><strong>9.7.</strong></span> <span class='ocrx_word' id='word_1_719' title='bbox 2244 4542 2416 4595; x_wconf 89' lang='lat' dir='ltr'><strong>Deum</strong></span> <span class='ocrx_word' id='word_1_720' title='bbox 2466 4554 2628 4594; x_wconf 89' lang='lat' dir='ltr'><strong>nemo</strong></span> <span class='ocrx_word' id='word_1_721' title='bbox 2672 4553 2800 4593; x_wconf 86' lang='lat' dir='ltr'><strong>vere</strong></span> <span class='ocrx_word' id='word_1_722' title='bbox 2847 4534 3176 4592; x_wconf 85' lang='lat' dir='ltr'><strong>benedicere</strong></span> <span class='ocrx_word' id='word_1_723' title='bbox 3224 4539 3424 4603; x_wconf 86' lang='lat' dir='ltr'><strong>potest,</strong></span> <span class='ocrx_word' id='word_1_724' title='bbox 3473 4530 3602 4600; x_wconf 89' lang='lat' dir='ltr'><strong>quin</strong></span> 
     </span>
    </p>
   </div>
   <div class='ocr_carea' id='block_1_105' title="bbox 2038 4786 3605 4868">
    <p class='ocr_par' dir='ltr' id='par_1_105' title="bbox 2038 4786 3605 4868">
     <span class='ocr_line' id='line_1_107' title="bbox 2038 4786 3605 4868; baseline -0.008 -18"><span class='ocrx_word' id='word_1_725' title='bbox 2038 4799 2233 4852; x_wconf 77' lang='lat' dir='ltr'><strong>dinem.</strong></span> <span class='ocrx_word' id='word_1_726' title='bbox 2257 4799 2444 4868; x_wconf 89' lang='lat' dir='ltr'><strong>Itaque</strong></span> <span class='ocrx_word' id='word_1_727' title='bbox 2468 4797 2623 4868; x_wconf 82' lang='lat' dir='ltr'><strong>ponit</strong></span> <span class='ocrx_word' id='word_1_728' title='bbox 2650 4794 2913 4868; x_wconf 76' lang='lat' dir='ltr'><strong>Maximus</strong></span> <span class='ocrx_word' id='word_1_729' title='bbox 2931 4788 3314 4868; x_wconf 74' lang='lat' dir='ltr'><strong>similitudinis</strong></span> <span class='ocrx_word' id='word_1_730' title='bbox 3339 4786 3605 4868; x_wconf 75' lang='lat' dir='ltr'><strong>rationem</strong></span> 
     </span>
    </p>
   </div>
   <div class='ocr_carea' id='block_1_106' title="bbox 2039 4855 3609 4928">
    <p class='ocr_par' dir='ltr' id='par_1_106' title="bbox 2039 4855 3609 4928">
     <span class='ocr_line' id='line_1_108' title="bbox 2039 4855 3609 4928; baseline -0.008 -6"><span class='ocrx_word' id='word_1_731' title='bbox 2039 4868 2094 4921; x_wconf 87' lang='lat' dir='ltr'><strong>in</strong></span> <span class='ocrx_word' id='word_1_732' title='bbox 2131 4855 2437 4922; x_wconf 60' lang='lat' dir='ltr'><strong>imitatio&#39;ne</strong></span> <span class='ocrx_word' id='word_1_733' title='bbox 2464 4855 2665 4919; x_wconf 75' lang='lat' dir='ltr'><strong>divina:</strong></span> <span class='ocrx_word' id='word_1_734' title='bbox 2713 4863 2996 4926; x_wconf 89' lang='lat' dir='ltr'><strong>bonitatis,</strong></span> <span class='ocrx_word' id='word_1_735' title='bbox 3038 4875 3160 4928; x_wconf 65' lang='lat' dir='ltr'><strong>qua:</strong></span> <span class='ocrx_word' id='word_1_736' title='bbox 3217 4856 3288 4911; x_wconf 91' lang='lat' dir='ltr'><strong>sit</strong></span> <span class='ocrx_word' id='word_1_737' title='bbox 3344 4856 3414 4928; x_wconf 82' lang='lat' dir='ltr'><strong>in_</strong></span> <span class='ocrx_word' id='word_1_738' title='bbox 3448 4855 3609 4910; x_wconf 86' lang='lat' dir='ltr'><strong>nobis</strong></span> 
     </span>
    </p>
   </div>
   <div class='ocr_carea' id='block_1_107' title="bbox 2040 4925 3607 5009">
    <p class='ocr_par' dir='ltr' id='par_1_107' title="bbox 2040 4925 3607 5009">
     <span class='ocr_line' id='line_1_109' title="bbox 2040 4925 3607 5009; baseline -0.008 -20"><span class='ocrx_word' id='word_1_739' title='bbox 2040 4937 2307 5009; x_wconf 81' lang='lat' dir='ltr'><strong>virtutum</strong></span> <span class='ocrx_word' id='word_1_740' title='bbox 2334 4937 2483 5009; x_wconf 85' lang='lat' dir='ltr'><strong>cultu</strong></span> <span class='ocrx_word' id='word_1_741' title='bbox 2501 4934 2839 5009; x_wconf 56' lang='lat' dir='ltr'><strong>etaetione}</strong></span> <span class='ocrx_word' id='word_1_742' title='bbox 2868 4925 3283 5009; x_wconf 52' lang='lat' dir='ltr'><strong>imaginisIero</strong></span> <span class='ocrx_word' id='word_1_743' title='bbox 3317 4925 3607 5009; x_wconf 64' lang='lat' dir='ltr'><strong>rationem,</strong></span> 
     </span>
    </p>
   </div>
   <div class='ocr_carea' id='block_1_108' title="bbox 2044 4994 3601 5074">
    <p class='ocr_par' dir='ltr' id='par_1_108' title="bbox 2044 4994 3601 5074">
     <span class='ocr_line' id='line_1_110' title="bbox 2044 4994 3601 5074; baseline -0.005 -16"><span class='ocrx_word' id='word_1_744' title='bbox 2044 5005 2096 5058; x_wconf 90' lang='lat' dir='ltr'><strong>in</strong></span> <span class='ocrx_word' id='word_1_745' title='bbox 2135 5005 2534 5074; x_wconf 85' lang='lat' dir='ltr'><strong>perfectissima</strong></span> <span class='ocrx_word' id='word_1_746' title='bbox 2566 5004 2654 5056; x_wconf 91' lang='lat' dir='ltr'><strong>illa</strong></span> <span class='ocrx_word' id='word_1_747' title='bbox 2680 5001 2925 5074; x_wconf 83' lang='lat' dir='ltr'><strong>omnium</strong></span> <span class='ocrx_word' id='word_1_748' title='bbox 2956 4994 3101 5074; x_wconf 69' lang='lat' dir='ltr'><strong>circa</strong></span> <span class='ocrx_word' id='word_1_749' title='bbox 3133 4998 3304 5074; x_wconf 77' lang='lat' dir='ltr'><strong>Deum</strong></span> <span class='ocrx_word' id='word_1_750' title='bbox 3341 4994 3601 5074; x_wconf 59' lang='lat' dir='ltr'><strong>uniformi</strong></span> 
     </span>
    </p>
   </div>
   <div class='ocr_carea' id='block_1_109' title="bbox 2041 5064 3607 5144">
    <p class='ocr_par' dir='ltr' id='par_1_109' title="bbox 2041 5064 3607 5144">
     <span class='ocr_line' id='line_1_111' title="bbox 2041 5064 3607 5144; baseline -0.007 -17"><span class='ocrx_word' id='word_1_751' title='bbox 2041 5064 2295 5137; x_wconf 73' lang='lat' dir='ltr'><strong>scientia,</strong></span> <span class='ocrx_word' id='word_1_752' title='bbox 2346 5091 2479 5144; x_wconf 67' lang='lat' dir='ltr'><strong>quae</strong></span> <span class='ocrx_word' id='word_1_753' title='bbox 2515 5070 2797 5140; x_wconf 74' lang='lat' dir='ltr'><strong>expressio</strong></span> <span class='ocrx_word' id='word_1_754' title='bbox 2825 5069 2897 5144; x_wconf 77' lang='lat' dir='ltr'><strong>sit</strong></span> <span class='ocrx_word' id='word_1_755' title='bbox 2925 5067 3146 5144; x_wconf 57' lang='lat' dir='ltr'><strong>divina:</strong></span> <span class='ocrx_word' id='word_1_756' title='bbox 3196 5064 3459 5144; x_wconf 68' lang='lat' dir='ltr'><strong>veritatis.</strong></span> <span class='ocrx_word' id='word_1_757' title='bbox 3489 5064 3607 5144; x_wconf 65' lang='lat' dir='ltr'><strong>Non</strong></span> 
     </span>
    </p>
   </div>
   <div class='ocr_carea' id='block_1_110' title="bbox 2042 5133 3608 5210">
    <p class='ocr_par' dir='ltr' id='par_1_110' title="bbox 2042 5133 3608 5210">
     <span class='ocr_line' id='line_1_112' title="bbox 2042 5133 3608 5210; baseline -0.006 -13"><span class='ocrx_word' id='word_1_758' title='bbox 2042 5144 2183 5198; x_wconf 88' lang='lat' dir='ltr'><strong>bene</strong></span> <span class='ocrx_word' id='word_1_759' title='bbox 2219 5133 2416 5199; x_wconf 76' lang='lat' dir='ltr'><strong>Picus:</strong></span> <span class='ocrx_word' id='word_1_760' title='bbox 2455 5143 2513 5195; x_wconf 84' lang='lat' dir='ltr'><strong>In</strong></span> <span class='ocrx_word' id='word_1_761' title='bbox 2554 5133 2669 5210; x_wconf 63' lang='lat' dir='ltr'><strong>qua:</strong></span> <span class='ocrx_word' id='word_1_762' title='bbox 2691 5156 2786 5209; x_wconf 85' lang='lat' dir='ltr'><strong>pro</strong></span> <span class='ocrx_word' id='word_1_763' title='bbox 2817 5136 3167 5210; x_wconf 66' lang='lat' dir='ltr'><strong>similitudine</strong></span> <span class='ocrx_word' id='word_1_764' title='bbox 3192 5134 3425 5210; x_wconf 43' lang='lat' dir='ltr'><strong>relucent:</strong></span> <span class='ocrx_word' id='word_1_765' title='bbox 3476 5133 3608 5210; x_wconf 72' lang='lat' dir='ltr'><strong>solet</strong></span> 
     </span>
    </p>
   </div>
   <div class='ocr_carea' id='block_1_111' title="bbox 2041 5200 3614 5283">
    <p class='ocr_par' dir='ltr' id='par_1_111' title="bbox 2041 5200 3614 5283">
     <span class='ocr_line' id='line_1_113' title="bbox 2041 5200 3614 5283; baseline -0.007 -17"><span class='ocrx_word' id='word_1_766' title='bbox 2041 5215 2306 5283; x_wconf 84' lang='lat' dir='ltr'><strong>quoddam</strong></span> <span class='ocrx_word' id='word_1_767' title='bbox 2361 5200 2766 5283; x_wconf 67' lang='lat' dir='ltr'><strong>ornamentum:</strong></span> <span class='ocrx_word' id='word_1_768' title='bbox 2798 5208 2955 5283; x_wconf 80' lang='lat' dir='ltr'><strong>quasi</strong></span> <span class='ocrx_word' id='word_1_769' title='bbox 3009 5206 3092 5268; x_wconf 83' lang='grc' dir='ltr'>τὸ,</span> <span class='ocrx_word' id='word_1_770' title='bbox 3140 5207 3197 5283; x_wconf 56' lang='grc' dir='ltr'>ἐν</span> <span class='ocrx_word' id='word_1_771' title='bbox 3223 5200 3281 5283; x_wconf 64' lang='grc' dir='ltr'>ᾖ,</span> <span class='ocrx_word' id='word_1_772' title='bbox 3315 5203 3518 5283; x_wconf 72' lang='lat' dir='ltr'><strong>referat</strong></span> <span class='ocrx_word' id='word_1_773' title='bbox 3552 5203 3614 5255; x_wconf 80' lang='grc' dir='ltr'>τὸ</span> 
     </span>
    </p>
   </div>
   <div class='ocr_carea' id='block_1_112' title="bbox 2048 5274 3613 5358">
    <p class='ocr_par' dir='ltr' id='par_1_112' title="bbox 2048 5274 3613 5358">
     <span class='ocr_line' id='line_1_114' title="bbox 2048 5274 3613 5358; baseline -0.008 -22"><span class='ocrx_word' id='word_1_774' title='bbox 2048 5274 2148 5358; x_wconf 73' lang='grc' dir='ltr'>τῆς</span> <span class='ocrx_word' id='word_1_775' title='bbox 2178 5283 2377 5358; x_wconf 66' lang='grc' dir='ltr'>ψυχῇς,</span> <span class='ocrx_word' id='word_1_776' title='bbox 2412 5298 2519 5335; x_wconf 88' lang='lat' dir='ltr'><strong>non</strong></span> <span class='ocrx_word' id='word_1_777' title='bbox 2547 5280 2629 5343; x_wconf 81' lang='grc' dir='ltr'>τὸ,</span> <span class='ocrx_word' id='word_1_778' title='bbox 2665 5274 3055 5358; x_wconf 58' lang='grc' dir='ltr'>συμπλήρωσις</span> <span class='ocrx_word' id='word_1_779' title='bbox 3094 5276 3205 5358; x_wconf 45' lang='grc' dir='ltr'>’τῆς</span> <span class='ocrx_word' id='word_1_780' title='bbox 3229 5274 3404 5358; x_wconf 33' lang='grc' dir='ltr'>ἰθείας</span> <span class='ocrx_word' id='word_1_781' title='bbox 3459 5274 3613 5353; x_wconf 58' lang='lat' dir='ltr'><strong>svsp-</strong></span> 
     </span>
    </p>
   </div>
   <div class='ocr_carea' id='block_1_113' title="bbox 2050 5342 3611 5421">
    <p class='ocr_par' dir='ltr' id='par_1_113' title="bbox 2050 5342 3611 5421">
     <span class='ocr_line' id='line_1_115' title="bbox 2050 5342 3611 5421; baseline -0.006 -17"><span class='ocrx_word' id='word_1_782' title='bbox 2050 5342 2232 5419; x_wconf 70' lang='grc' dir='ltr'>γέῐαὲ.</span> <span class='ocrx_word' id='word_1_783' title='bbox 2259 5342 2573 5421; x_wconf 74' lang='lat' dir='ltr'><strong>Utrumque</strong></span> <span class='ocrx_word' id='word_1_784' title='bbox 2603 5342 3171 5421; x_wconf 60' lang='lat' dir='ltr'><strong>Sane&#39;etsimilitudo</strong></span> <span class='ocrx_word' id='word_1_785' title='bbox 3194 5352 3250 5421; x_wconf 80' lang='lat' dir='ltr'><strong>et</strong></span> <span class='ocrx_word' id='word_1_786' title='bbox 3283 5343 3487 5421; x_wconf 30' lang='lat' dir='ltr'><strong>[imago</strong></span> <span class='ocrx_word' id='word_1_787' title='bbox 3509 5382 3522 5400; x_wconf 86' lang='lat'><strong>.</strong></span> 
     </span>
    </p>
   </div>
   <div class='ocr_carea' id='block_1_114' title="bbox 2048 5411 3612 5487">
    <p class='ocr_par' dir='ltr' id='par_1_114' title="bbox 2048 5411 3612 5487">
     <span class='ocr_line' id='line_1_116' title="bbox 2048 5411 3612 5487; baseline -0.005 -13"><span class='ocrx_word' id='word_1_788' title='bbox 2048 5411 2227 5475; x_wconf 76' lang='lat' dir='ltr'><strong>anima</strong></span> <span class='ocrx_word' id='word_1_789' title='bbox 2257 5421 2458 5479; x_wconf 80' lang='lat' dir='ltr'><strong>elucet,</strong></span> <span class='ocrx_word' id='word_1_790' title='bbox 2484 5411 2599 5472; x_wconf 70' lang='lat' dir='ltr'><strong>non</strong></span> <span class='ocrx_word' id='word_1_791' title='bbox 2626 5434 2725 5487; x_wconf 89' lang='lat' dir='ltr'><strong>pro</strong></span> <span class='ocrx_word' id='word_1_792' title='bbox 2779 5418 2908 5487; x_wconf 10' lang='lat' dir='ltr'><strong>ejus,</strong></span> <span class='ocrx_word' id='word_1_793' title='bbox 2936 5414 3247 5487; x_wconf 82' lang='lat' dir='ltr'><strong>substantia</strong></span> <span class='ocrx_word' id='word_1_794' title='bbox 3276 5411 3455 5487; x_wconf 78' lang='lat' dir='ltr'><strong>(quod</strong></span> <span class='ocrx_word' id='word_1_795' title='bbox 3480 5411 3612 5466; x_wconf 85' lang='lat' dir='ltr'><strong>atti-</strong></span> 
     </span>
    </p>
   </div>
   <div class='ocr_carea' id='block_1_115' title="bbox 2049 5480 3612 5557">
    <p class='ocr_par' dir='ltr' id='par_1_115' title="bbox 2049 5480 3612 5557">
     <span class='ocr_line' id='line_1_117' title="bbox 2049 5480 3612 5557; baseline -0.007 -13"><span class='ocrx_word' id='word_1_796' title='bbox 2049 5499 2144 5544; x_wconf 83' lang='lat' dir='ltr'><strong>net</strong></span> <span class='ocrx_word' id='word_1_797' title='bbox 2172 5490 2239 5543; x_wconf 85' lang='lat' dir='ltr'><strong>ad</strong></span> <span class='ocrx_word' id='word_1_798' title='bbox 2276 5488 2493 5543; x_wconf 75' lang='lat' dir='ltr'><strong>Maximi</strong></span> <span class='ocrx_word' id='word_1_799' title='bbox 2527 5480 2879 5557; x_wconf 47' lang='lat' dir='ltr'><strong>hie-scopum</strong></span> <span class='ocrx_word' id='word_1_800' title='bbox 2902 5486 2920 5556; x_wconf 95' lang='lat'>)</span> <span class='ocrx_word' id='word_1_801' title='bbox 2944 5484 3052 5557; x_wconf 77' lang='lat' dir='ltr'><strong>sed</strong></span> <span class='ocrx_word' id='word_1_802' title='bbox 3071 5493 3236 5557; x_wconf 81' lang='lat' dir='ltr'><strong>prout</strong></span> <span class='ocrx_word' id='word_1_803' title='bbox 3268 5480 3353 5536; x_wconf 80' lang='lat' dir='ltr'><strong>vel</strong></span> <span class='ocrx_word' id='word_1_804' title='bbox 3408 5480 3612 5557; x_wconf 79' lang='lat' dir='ltr'><strong>virtute</strong></span> 
     </span>
    </p>
   </div>
   <div class='ocr_carea' id='block_1_116' title="bbox 2048 5550 3605 5627">
    <p class='ocr_par' dir='ltr' id='par_1_116' title="bbox 2048 5550 3605 5627">
     <span class='ocr_line' id='line_1_118' title="bbox 2048 5550 3605 5627; baseline -0.004 -15"><span class='ocrx_word' id='word_1_805' title='bbox 2048 5560 2132 5614; x_wconf 86' lang='lat' dir='ltr'><strong>vel</strong></span> <span class='ocrx_word' id='word_1_806' title='bbox 2165 5558 2392 5616; x_wconf 86' lang='lat' dir='ltr'><strong>scientia</strong></span> <span class='ocrx_word' id='word_1_807' title='bbox 2422 5558 2609 5627; x_wconf 88' lang='lat' dir='ltr'><strong>pollet,</strong></span> <span class='ocrx_word' id='word_1_808' title='bbox 2636 5550 2844 5627; x_wconf 75' lang='lat' dir='ltr'><strong>Deique</strong></span> <span class='ocrx_word' id='word_1_809' title='bbox 2866 5550 2921 5612; x_wconf 85' lang='lat' dir='ltr'><strong>in</strong></span> <span class='ocrx_word' id='word_1_810' title='bbox 2946 5570 3007 5610; x_wconf 88' lang='lat' dir='ltr'><strong>se</strong></span> <span class='ocrx_word' id='word_1_811' title='bbox 3040 5550 3339 5611; x_wconf 79' lang='lat' dir='ltr'><strong>bonitatem</strong></span> <span class='ocrx_word' id='word_1_812' title='bbox 3366 5567 3429 5606; x_wconf 89' lang='lat' dir='ltr'><strong>ac</strong></span> <span class='ocrx_word' id='word_1_813' title='bbox 3462 5550 3605 5607; x_wconf 89' lang='lat' dir='ltr'><strong>veri-</strong></span> 
     </span>
    </p>
   </div>
   <div class='ocr_carea' id='block_1_117' title="bbox 2050 5628 2694 5699">
    <p class='ocr_par' dir='ltr' id='par_1_117' title="bbox 2050 5628 2694 5699">
     <span class='ocr_line' id='line_1_119' title="bbox 2050 5628 2694 5699; baseline -0.005 -13"><span class='ocrx_word' id='word_1_814' title='bbox 2050 5639 2214 5686; x_wconf 86' lang='lat' dir='ltr'><strong>tatem</strong></span> <span class='ocrx_word' id='word_1_815' title='bbox 2244 5638 2475 5699; x_wconf 82' lang='lat' dir='ltr'><strong>utraque</strong></span> <span class='ocrx_word' id='word_1_816' title='bbox 2507 5628 2694 5684; x_wconf 82' lang='lat' dir='ltr'><strong>refert.</strong></span> 
     </span>
    </p>
   </div>
  </div>
