4062 6198
475 318 607 392 1271

1637 292 1699 386 s.
1739 324 2022 385 MAXIMI
2061 323 2563 391 CONFESSORIS

3588 326 3737 405 1273

470 442 673 499 corpus
698 426 998 483 virtutibus
1012 426 1458 494 sanctiﬁcaverit,
1485 429 1840 500 animumque
1870 430 2050 485 scien-

2156 432 2233 503 μὴ
2258 435 2319 488 τδ
2354 437 2514 508 σῶμα
2538 437 2883 507 καθαγιάσας
2907 443 3027 505 ταῖς
3064 442 3310 514 ἀρεταῖς,
3344 454 3439 498 καί
3483 445 3587 518 τὴν
3623 451 3738 519 ψυ-

471 521 550 573 tia
625 533 688 572 ac
778 517 1102 572 notionibns
1166 517 1545 574 illustraverit.
1606 520 1834 574 Virtutis
1899 519 2047 573 enim

471 609 689 663 ali‘ectio
737 623 801 662 ac
846 607 1154 677 dispositio,
1198 610 1620 680 contemplantis
1668 611 1834 664 animi
1880 610 2051 665 facies

472 704 577 759 est,
629 704 885 765 tanquam
933 696 990 750 in
1040 697 1260 762 malum,
1305 697 1362 751 in
1408 698 1644 753 sublime
1680 706 1861 753 erecta
1909 714 2051 753 vera:

474 783 807 857 cognitionis
835 802 899 842 ac
930 787 1195 842 scientiae.

542 880 631 932 28.
680 878 880 934 Beatus
924 879 1015 934 cui
1056 895 1187 935 vere
1241 882 1583 950 exploratum
1628 882 1722 947 sit,
1771 883 1943 936 Deum
1994 881 2050 935 in

475 970 731 1025 omnibus
761 979 1018 1040 tanquam
1055 971 1277 1042 organis
1310 974 1584 1028 actionem
1621 982 1678 1029 et
1711 973 2049 1042 contempla-

478 1062 705 1126 tionem,
721 1063 1090 1133 virtutemque
1106 1071 1162 1117 et
1190 1063 1497 1132 scientiam,
1523 1065 1808 1119 victoriam
1831 1079 2050 1134 quoque

475 1162 533 1206 et
562 1154 793 1223 sapienti
806 1169 907 1219 tm,
964 1170 1179 1209 necnon
1209 1154 1509 1210 bonitatem
1539 1172 1603 1210 ac
1624 1156 1910 1211 veritatem
1935 1154 2052 1209 effi-

478 1261 625 1311 cere,
683 1245 821 1299 nihil
876 1247 1037 1301 nobis
1086 1262 1313 1317 prorsus
1371 1247 1801 1312 conferentibus,
1858 1254 2052 1317 praeter

476 1351 801 1405 propensam
838 1337 894 1390 in
935 1351 1001 1391 ea
1040 1352 1161 1407 quae
1206 1338 1434 1392 honesta
1468 1352 1532 1392 ac
1569 1335 1735 1391 ofﬁcii
1773 1345 1920 1400 sunt,
1951 1352 2051 1390 vo-

476 1427 741 1482 luntatem
776 1447 789 1482 :
827 1443 935 1497 qua
972 1428 1233 1495 praeditus
1248 1443 1478 1498 magnus
1512 1426 2053 1496 Zorobabel,pr'.eter

477 1532 540 1571 ea
565 1532 688 1587 quae
716 1517 863 1572 dicta
905 1526 1053 1584 sunt,
1087 1518 1160 1572 ita
1191 1518 1363 1572 Deum
1396 1517 1684 1587 alloquens
1724 1515 1800 1570 ait
1834 1533 1846 1567 :
1876 1515 2052 1569 Bene-

475 1605 642 1658 dictus
672 1621 745 1668 es,
777 1607 872 1675 qui.
902 1606 1090 1659 dedisti
1132 1607 1259 1659 mihi
1293 1608 1647 1676 sapientiam;
1687 1613 1736 1658 et
1765 1605 1858 1658 tibi
1891 1603 2052 1673 conﬁ-

476 1696 619 1747 teor!
643 1694 866 1749 Domine
888 1704 1123 1765 patrum.
1147 1696 1253 1749 Abs
1288 1704 1335 1750 te
1364 1704 1441 1749 est
1456 1697 1673 1749 victoria
1703 1703 1751 1747 et
1776 1694 1868 1748 abs
1889 1703 1939 1747 te
1963 1712 2049 1748 sa-

2151 524 2253 595 χὴν
2290 528 2674 598 καταφωτίσας
2719 532 2842 594 ταῖς
2867 532 3158 599 γνὼσεσιν.
3199 535 3265 588 Ἡ
3301 536 3410 609 γὰρ
3440 539 3563 593 κατ’
3591 541 3733 612 ἀρε-

2149 614 2247 684 τὴν
2281 614 2540 686 διάθεσις,
2577 619 2866 690 πρόσωπόν
2916 623 3032 675 ἐστι
3084 621 3180 677 τοῦ
3213 622 3551 695 θεωρητικοῦ
3577 629 3729 696 νοὸς,

2149 704 2223 768 ὡς
2254 707 2335 770 είς
2374 708 2604 780 οὐρανὸν
2633 711 2772 782 πρὸς
2815 709 2876 771 τὸ
2905 710 3038 782 ὕψος
3065 713 3166 784 τῆς
3189 713 3450 787 ἀληθινῆς
3497 719 3731 792 ἐπαιρό-

2153 811 2311 865 μενον
2338 797 2613 865 γνώσεως.

2220 885 2327 957 κη’.
2374 890 2657 962 Μακάριος
2689 894 2718 946 ὀ
2759 894 2817 947 ὲν
2848 895 3078 968 ἀληθείᾳ
3118 896 3296 965 είδὼς,
3332 900 3414 954 ὅτι
3442 902 3627 957 πᾶσαν
3667 902 3730 956 ὲν

2150 980 2181 1046 ή
2191 980 2283 1049 μίν
2311 978 2386 1043 ὡς
2413 980 2665 1051 ὀργάνοις
2691 985 2719 1037 ὁ
2751 983 2885 1050 Θεὸς
2924 987 3165 1042 ἐπιτελεῖ
3193 990 3393 1061 πρᾶξιν
3436 992 3532 1046 καὶ
3581 993 3728 1047 θεω-

2154 1069 2296 1139 ρίαν,
2324 1071 2529 1144 ἀρετήν
2558 1091 2615 1127 τε
2646 1076 2741 1131 καὶ
2771 1078 2993 1147 γνῶσιν,
3026 1081 3123 1136 καὶ
3156 1082 3312 1154 νίκην
3353 1084 3451 1138 καὶ
3499 1087 3725 1156 σοφίαν,

2152 1160 2246 1214 καὶ
2275 1162 2585 1235 ἀγαθότητα
2612 1167 2706 1221 καὶ
2736 1168 3018 1245 ἀλήθειαν,
3042 1173 3211 1243 μηδὲν
3242 1173 3401 1245 ήμῶν
3431 1192 3728 1245 συνεισφεο

2156 1252 2356 1320 ρόντων
2384 1255 2688 1324 τοσύνολον,
2729 1259 2868 1334 πλὴν
2895 1263 2994 1333 τῆς
3012 1263 3274 1334 θελούσης
3311 1265 3381 1319 τά
3415 1266 3560 1320 καλά
3604 1268 3731 1323 δια-

2153 1342 2358 1407 θέσεως
2389 1363 2402 1376 ·
2432 1344 2500 1416 ἢν
2537 1346 2677 1418 ἔχων
2708 1350 2738 1402 ὁ
2763 1350 2937 1421 μέγας
2963 1353 3289 1424 Ζοροὸἀὸελ,
3328 1355 3464 1426 πρὸς
3486 1359 3601 1420 τοῖς
3647 1359 3732 1411 εί-

2157 1432 2431 1503 ρημένοις,
2462 1438 2669 1507 φησὶν,
2720 1442 3069 1513 Εὐλογητὸς
3121 1440 3197 1511 et,
3251 1446 3387 1517 πρὸς
3442 1447 3537 1501 τιν
3586 1447 3728 1503 θεδν

2153 1525 2346 1594 λέγων,
2375 1527 2444 1593 ὃς
2480 1528 2706 1598 ἔδωκάς
2735 1550 2838 1602 μοι
2879 1535 3124 1604 σοφίαν,
3155 1536 3256 1591 καί
3301 1538 3402 1593 σοι
3428 1539 3727 1611 ὁμολογῶ,

2154 1617 2424 1673 Δέσποτα
2451 1617 2572 1673 τῶν
2591 1621 2880 1691 πατέρων-ο
2914 1625 3073 1694 παρὰ
3088 1625 3204 1680 σοῦ
3225 1627 3265 1692 ἠ
3283 1628 3446 1695 νίκη,
3469 1628 3568 1681 καί
3601 1644 3729 1683 πα-

2146 1706 2225 1774 ρὰ
2254 1705 2372 1760 σοῦ
2401 1709 2440 1776 ἠ
2474 1710 2680 1779 σοφία,
2709 1711 2923 1767 καὶσοί
2945 1713 2984 1781 ἡ
3015 1712 3187 1780 δόξα,
3212 1714 3314 1770 καί
3349 1716 3465 1786 ἐγὼ
3487 1717 3602 1783 σὸς
3639 1720 3732 1772 ol-

475 1786 694 1856 pientia,
738 1794 787 1839 et
834 1764 925 1840 tibi
954 1794 1037 1839 est»
1057 1786 1299 1850 claritas,
1340 1794 1389 1839 et
1435 1802 1528 1856 ego
1570 1784 1803 1854 famulus
1833 1793 1951 1839 tuus
1979 1786 2046 1837 ⁸³.

2155 1764 2354 1866 ὲιέτης.
2399 1764 2487 1862 σὸς
2520 1764 3471 1876 εόγνῶμων’δζιέεῶςὶ›ξέιτζιζὲιᾶὗτζι
3490 1764 3731 1879 Laeli;

475 1876 759 1946 Tanquam
806 1892 995 1931 revera
1036 1877 1244 1946 probus
1281 1892 1345 1930 ac
1382 1883 1571 1946 gratus
1605 1890 1818 1941 servus,
1854 1884 2052 1929 cuncta

476 1964 839 2036 Deo-accepta
878 1968 1085 2031 retulit,
1116 1967 1210 2036 qui
1235 1967 1496 2021 donasset
1523 1968 1740 2033 omnia;
1772 1968 1846 2032 ei,
1879 1984 1909 2020 a
1941 1982 2051 2036 quo

476 2068 757 2127 acceptam
819 2058 1054 2112 habebat
1111 2058 1459 2127 sapientiam,
1515 2066 1776 2128 tanquam
1833 2066 2048 2129 patrum

477 2147 731 2213 Domino,
763 2147 1035 2201 bonorum
1066 2163 1453 2203 concessurum
1480 2149 1590 2203 vim
1622 2159 1809 2219 aperta
1843 2140 2053 2205 confes-

476 2238 633 2294 sione
669 2238 985 2305 aseribens;
1031 2255 1229 2309 nempe
1281 2240 1542 2295 unionem
1594 2239 1838 2295 victoria:
1884 2250 1941 2295 et
1967 2256 2052 2296 sa-

476 2328 813 2399 pientiaauti
829 2327 1039 2383 dictum
1063 2336 1177 2394 est;
1211 2329 1434 2384 virtutis
1458 2343 1680 2399 quoque
1705 2338 1763 2384 et
1787 2329 2047 2397 scientiae,

476 2405 818 2490 actionisque
859 2429 916 2476 et
954 2406 1455 2490 contemplationis,
1489 2435 1595 2474 nec
1637 2436 1747 2475 non
1790 2422 2052 2476 bonitatis

474 2517 535 2563 et
563 2511 829 2565 veritatis.
878 2510 971 2566 Hae
1009 2513 1155 2565 enim
1201 2512 1321 2565 alia:
1357 2509 1481 2566 aliis
1512 2511 1842 2581 conjunctae,
1886 2526 2051 2564 unam

477 2598 573 2652 Dei
603 2598 906 2654 claritatem
941 2614 1005 2653 ac
1033 2598 1381 2668 splendorem
1413 2598 1673 2653 emicant.

546 2691 636 2746 29.
666 2690 862 2746 Omnia
894 2698 1213 2751 sanctorum
1258 2691 1453 2745 merita
1486 2706 1549 2745 ac
1584 2700 1735 2748 recte
1760 2693 1921 2757 facta,
1953 2692 2050 2747 Dei

477 2782 669 2850 procul
688 2782 859 2836 dubio
886 2783 1217 2838 exstiterunt
1246 2783 1390 2836 dona
1420 2797 1437 2847 ;
1467 2798 1594 2837 cum
1628 2798 1791 2837 nemo
1824 2799 2051 2852 prorsus

478 2877 626 2931 aliud
664 2877 798 2946 quid
849 2878 979 2932 boni
1027 2879 1248 2943 habeat,
1298 2893 1463 2947 quam
1500 2877 1650 2947 quod
1697 2876 1884 2932 datum
1932 2888 2048 2945 est;

478 2970 665 3039 ipsum
700 2972 961 3025 nimirum
996 2988 1026 3026 a
1057 2973 1171 3026 Deo
1215 2979 1475 3041 tanquam
1506 2970 1761 3037 Domino,
1805 2986 1905 3040 pro
1934 2972 2052 3042 ejus

2152 1885 2374 1940 ἀνέθετο
2403 1886 2481 1958 τῷ
2507 1889 2687 1944 πάντα
2735 1892 3129 1965 δωρησαμένῳ,
3164 1893 3225 1960 ἐξ
3264 1888 3327 1950 οὗ
3358 1894 3548 1950 ’λαϐὼν
3605 1892 3729 1968 εἶχε

2150 1976 2250 2049 τὴν
2302 1977 2516 2047 σοφίαν,
2549 1978 2699 2051 αὐτῷ
2735 1982 3012 2052 ὁμολογῶν
3066 1983 3145 2045 ὡς
3189 1985 3434 2057 Δεσπότῃ
3466 1988 3732 2058 πατέρων

2152 2067 2259 2121 τῶν
2288 2068 2702 2141 κεχαρισμένων
2736 2070 2959 2139 ἀγαθῶν
2983 2072 3086 2143 τήν
3112 2072 3363 2145 δύναμιν,
3385 2074 3529 2147 ἀπερ
3558 2077 3727 2142 είσὶν,

2151 2158 2344 2223 ἓνωσις
2370 2159 2548 2232 νίκης,
2580 2159 2658 2224 ὡς
2686 2161 2921 2233 εἴρηται,
2951 2164 3046 2218 καὶ
3073 2164 3507 2236 σοφίας,ἀρετῆς
3533 2183 3596 2220 τε
3627 2169 3732 2222 καὶ

2152 2250 2427 2320 γνώσεως,
2453 2251 2707 2323 πράξεως
2745 2254 2841 2307 καὶ
2869 2254 3125 2327 θεωρίας,
3163 2257 3497 2329 ἀγαθότητός
3522 2275 3588 2311 τε
3625 2261 3733 2315 καὶ

2150 2331 2414 2415 ἀληθείας
2444 2360 2460 2377 ο
2528 2339 2689 2400 αὗται
2748 2345 2860 2417 γὰρ
2919 2346 3179 2417 ἀλλήλαις
3234 2349 3547 2421 ἑνούμεναι,
3591 2351 3733 2421 μίαν

2151 2433 2605 2502 ἀπαστράπτουσι
2630 2435 2791 2502 δόξαν
2821 2437 2915 2491 καὶ
2948 2438 3124 2511 αὐγὴν
3150 2438 3308 2495 Θεοῦ.

2225 2673 2331 2729 κθ¹.
2358 2675 2546 2730 Πάντα
2561 2672 2632 2729 τά
2659 2675 2767 2730 τῶν
2794 2676 2965 2745 ἁγίων
2996 2676 3412 2749 κατορθωματα,
3435 2676 3567 2734 Θεοῦ
3592 2696 3735 2749 προ-

2153 2766 2328 2838 δήλως
2404 2767 2651 2838 ὑπῆρχον
2718 2768 3034 2838 χαρίσματα
3060 2783 3074 2799 ·
3118 2767 3345 2837 μηδενὸς
3391 2770 3734 2841 τοπαράπαν

2154 2858 2368 2927 ἔχοντος
2390 2858 2623 2930 μηδὲν,ή
2648 2858 2710 2912 τὸ
2736 2858 2885 2913 δοθὲν
2909 2858 3113 2929 ἀγαθόν
3139 2876 3154 2891 ·
3179 2861 3256 2924 ὡς
3274 2861 3426 2932 παρά
3452 2862 3732 2916 Δεσπότου

2154 2953 2248 3007 τοῦ
2277 2951 2436 3019 Θεοῦ,
2465 2953 2604 3025 πρὸς
2631 2953 2924 3022 ἀναλογίαν
2951 2954 3051 3024 τῆς
3077 2954 3497 3025 εὐγνωμοσύνης
3536 2971 3598 3008 τε
3630 2956 3733 3010 καὶ

479 3060 574 3128 qui
607 3060 808 3129 accipit
849 3063 1141 3130 probitatis
1187 3063 1439 3133 gratique
1483 3061 1653 3117 animi
1696 3077 1761 3116 ac
1800 3062 2049 3117 benevoli

2158 3044 2377 3108 εὐνοίας
2407 3044 2504 3098 τοῦ
2532 3044 2824 3115 δεχομένου
2874 3044 3243 3116 μετρούμενον
3266 3062 3280 3076 ·
3315 3046 3541 3099 κάκεῖνα
3588 3046 3735 3116 μόνα

477 3150 725 3218 modulo,
754 3167 1129 3208 commensum
1152 3172 1167 3219 ;
1204 3168 1381 3222 eaque
1404 3154 1669 3209 duntaxat
1695 3158 1928 3224 quisque
1950 3152 2050 3206 ha-

478 3244 622 3306 beat.
660 3257 783 3312 quae
810 3243 1036 3297 donanti
1072 3244 1306 3298 Domino
1333 3244 1627 3299 adlibeant.

549 3334 637 3389 50.
678 3334 783 3400 Qui
821 3334 1046 3390 virtutis
1070 3350 1135 3390 ac
1165 3336 1407 3391 scientias
1431 3338 1557 3409 jura
1585 3345 1772 3392 tuetur
1811 3337 2049 3405 animus,

480 3424 681 3495 cuique
718 3426 859 3480 adeo
890 3426 1235 3495 propositum
1277 3428 1369 3493 sit,
1408 3435 1470 3481 ut
1498 3427 1794 3483 affectuum
1839 3442 1903 3482 ac
1931 3427 2055 3482 libi-

480 3516 672 3573 dinum
702 3531 925 3586 pravam
948 3518 1266 3573 servitutem
1309 3518 1553 3573 excutiat
1581 3535 1597 3573 :
1625 3517 1944 3586 Prwvalent,
1971 3520 2056 3573 in-

481 3607 622 3677 quit,
671 3608 937 3673 mulieres,
986 3619 1047 3662 et
1087 3626 1246 3680 super
1299 3612 1478 3664 omnia
1527 3611 1686 3665 vincit
1737 3612 1930 3664 veritas
1978 3610 2054 3677 ’τις

483 3715 700 3771 nempe,
745 3701 1007 3756 mulieres
1047 3717 1268 3767 vocans,
1302 3702 1535 3757 virtutes
1572 3700 1813 3766 deiﬁcas,
1856 3701 2058 3770 quibus

482 3790 742 3843 unionem
781 3789 988 3844 faciens
1023 3805 1147 3844 cum
1198 3790 1329 3854 Deo,
1374 3789 1771 3858 hominumque
1805 3791 1949 3843 inter
1999 3803 2057 3844 se

483 3890 695 3946 mutuo,
722 3883 979 3938 consistit
1004 3883 1245 3937 charitas
1276 3900 1291 3936 :
1324 3897 1449 3952 qua:
1470 3882 1752 3947 nimirum,
1779 3881 1848 3935 ab
1875 3882 2057 3935 omni-

485 3973 589 4028 bus
610 3988 731 4043 quae
750 3974 1007 4028 oriuntur
1036 3990 1098 4028 ac
1124 3975 1426 4036 intereunt,
1459 3972 1653 4041 hisque
1678 3971 2059 4042 superioribus

485 4065 825 4134 spiritalibus
882 4065 1225 4131 substantiis,
1282 4063 1442 4135 565
1489 4065 1733 4117 animum
1781 4063 2055 4126 extrahat,

485 4156 699 4226 ipsique
742 4157 854 4211 Deo
890 4157 1094 4211 amoris
1132 4156 1365 4225 quadam
1410 4155 1830 4225 temperatione,
1878 4154 2058 4223 quoad

486 4262 584 4315 per
628 4246 878 4300 humanm
916 4256 1127 4300 natura:
1164 4246 1476 4305 facultatem
1510 4246 1661 4302 licet.
1708 4245 1952 4315 implicet
1997 4260 2060 4300 ac

485 4337 747 4399 innectat,
809 4336 1260 4406 impollutumque
1308 4345 1475 4407 atque
1519 4338 1776 4392 divinum
1830 4338 2059 4407 mystice

2159 3134 2536 3207 κεκτημένου,
2602 3134 2703 3188 ὅσα
2759 3133 2838 3205 τῷ
2898 3136 3141 3207 Δεσπὸτῃ
3202 3135 3533 3207 δωρουμένῳ
3585 3153 3732 3209 παρ-

2156 3225 2388 3285 (σταται.

2223 3321 2287 3378 λ’.
2330 3321 2390 3375 '0
2415 3321 2514 3392 τῆς
2536 3316 2737 3393 ἀρετῆς
2768 3321 2863 3375 καὶ
2890 3321 2990 3389 τῆς
3039 3319 3295 3388 γνώσεως
3325 3322 3733 3392 προϊστάμενος

2154 3413 2297 3480 νοῦς,
2329 3414 2422 3468 καὶ
2453 3415 2554 3485 τῆς
2586 3412 2767 3481 κακῆς
2797 3412 2908 3465 τῶν
2932 3411 3118 3465 παθῶν
3144 3411 3388 3476 δουλείας
3417 3413 3517 3483 τὴν
3548 3412 3734 3486 ψυχὴν

2157 3505 2483 3576 στερηθῆναι
2538 3502 2956 3575 βεϐουλημένος,
2991 3502 3177 3574 φησὶν,
3204 3502 3736 3573 ’Ὑπερισχύουσιν

2155 3601 2215 3652 αι
2243 3597 2542 3668 γυναῖκες,
2568 3597 2666 3651 καὶ
2704 3594 2999 3665 ὑπερνικᾷ
3050 3596 3088 3663 ἡ
3134 3595 3387 3663 ἀλήθεια
3419 3613 3433 3626 θ
3463 3597 3735 3664 γυναῖκας

2158 3688 2260 3757 μὲν
2320 3686 2508 3751 είπὼν,
2556 3686 2655 3750 τὰς
2710 3685 2989 3748 θεοποιοὺς
3040 3685 3264 3757 ἀρετὰς,
3306 3684 3364 3751 ἐξ
3402 3681 3476 3739 ὧν
3509 3687 3545 3756 ή
3594 3686 3734 3756 πρὸς

2157 3781 2290 3837 Θεὸν
2330 3779 2426 3835 καὶ
2464 3778 2723 3849 ἀλλήλους
2759 3780 2872 3841 τοῖς
2920 3776 3228 3848 ἀνθρώποις
3255 3776 3497 3839 ένοποιδς
3539 3776 3729 3848 ἀγάπη

2162 3874 2496 3942 συνέστηκεν
2526 3885 2541 3901 ⁸
2601 3871 2853 3924 ἁπάντων
2882 3870 2984 3941 τὴν
3021 3868 3199 3939 ψυχήν
3241 3866 3625 3939 ἐξαρπάζουσι
3651 3871 3730 3939 (a)

2156 3965 2263 4018 τῶν
2291 3964 2395 4017 ὑπὸ
2412 3964 2627 4032 γένεσιν
2651 3962 2745 4016 καὶ
2774 3960 3001 4031 φθορὰν,
3023 3958 3248 4014 καὶτῶν
3278 3959 3418 4031 ὑπὲρ
3449 3958 3592 4012 αὑτά
3616 3977 3733 4031 νοη-

2157 4055 2267 4107 τῶν
2296 4051 2517 4116 οὐσιῶν,
2552 4051 2647 4105 καὶ
2677 4050 2826 4121 αὐτῷ
2856 4049 2933 4122 τῷ
2970 4049 3089 4121 Θεῷ
3128 4049 3251 4103 κατ’
3289 4051 3565 4121 ἐρωτικήν
3607 4066 3734 4103 τινα

2162 4147 2466 4216 σύγκρασιν
2519 4143 2958 4214 περιπλέκουσα,
3000 4141 3124 4196 καθ’
3156 4142 3279 4196 ὅσον
3334 4144 3454 4197 ἐστὶ
3506 4143 3735 4196 δυνατὸν

2160 4238 2477 4310 ἀνθρωπίνῃ
2512 4235 2692 4305 φύσει,
2712 4235 2808 4287 καὶ
2854 4232 2956 4305 τὴν
2985 4233 3255 4303 ἄχραντον
3296 4234 3392 4287 καὶ
3430 4232 3580 4286 θείαν
3629 4252 3737 4304 μυο

2164 4328 2363 4393 στικῶς
2396 4326 2807 4401 δημιουργοῦσα
2847 4325 3174 4396 ωμῦίωσιν.
3219 4324 3502 4395 Ἀλήθειαν
3532 4325 3594 4378 δὲ
3632 4328 3740 4395 φή-

485 4427 799 4481 convictum
838 4427 1019 4481 faciat.
1050 4429 1357 4483 Veritatem.
1379 4438 1560 4484 autem
1602 4431 1903 4500 appellans,
1935 4429 2052 4482 uni-

2164 4440 2283 4489 σας,
2322 4422 2420 4492 τὴν
2456 4419 2625 4492 μόνην
2661 4419 2756 4473 καὶ
2789 4418 2919 4490 μίαν
2951 4417 3128 4471 αἰτίαν
3157 4416 3264 4470 τῶν
3289 4417 3482 4481 ὄντων,
3523 4417 3621 4471 καὶ
3639 4418 3743 4489 ἀρ-

485 4532 604 4570 cam
634 4533 698 4572 ac
727 4518 896 4571 solam
934 4534 1117 4575 rerum
1157 4535 1381 4574 causam
1420 4536 1517 4575 seu
1560 4531 1865 4589 auctorem,
1903 4521 2055 4592 prin-

485 4608 800 4678 cipiumque
831 4617 888 4665 et
927 4626 1153 4681 regnum
1186 4621 1242 4666 et
1277 4613 1577 4681 potentiam
1618 4619 1674 4667 et
1704 4615 1957 4684 gloriam,
1987 4628 2055 4669 ex

483 4714 610 4766 qua,
664 4714 727 4753 ac
770 4700 924 4770 cujus
965 4701 1137 4770 gratia
1182 4711 1380 4757 cuncta
1429 4703 1570 4759 facta
1616 4714 1745 4760 sunt
1786 4716 1842 4763 et
1894 4705 2054 4772 fiunt,

484 4799 647 4858 atque
681 4790 749 4845 ab
787 4806 903 4868 ipsa
941 4802 998 4848 et
1042 4810 1139 4863 per
1176 4795 1348 4865 ipsam
1386 4795 1741 4852 continentur
1769 4806 1829 4851 ut
1856 4797 1966 4852 sint
1999 4798 2054 4872 in

486 4898 670 4937 rerum
698 4892 894 4939 natura
934 4904 947 4939 :
990 4902 1089 4956 pro
1129 4904 1236 4957 qua
1282 4888 1519 4958 denique
1560 4889 1745 4943 omnis
1772 4889 2054 4958 diligentia

482 4977 775 5041 motusque
812 4974 1083 5044 religiosis
1115 4977 1333 5046 piisque
1356 4977 1490 5031 viris
1520 4985 1715 5032 certat.

550 5059 639 5113 5i.
677 5062 966 5116 Mulierum
1014 5049 1236 5120 nomine
1281 5067 1548 5125 virtutum
1598 5066 1767 5122 linem
1800 5068 2052 5138 designav

480 5147 583 5213 vit,
629 5168 825 5222 nempe
869 5156 1225 5222 charitatem;
1270 5157 1365 5224 qui
1405 5156 1685 5220 videlicet,
1721 5173 1912 5211 eorum
1956 5160 2050 5227 qui

551 5330 598 5363 ⁸³
626 5331 695 5387 Ill
722 5331 893 5390 Esdr.
918 5349 991 5396 iv,
1023 5333 1111 5399 59,
1142 5332 1230 5388 60.
1306 5333 1351 5365 ⁸⁵
1382 5322 1515 5388 ibid.
1542 5334 1630 5398 54,
1658 5335 1745 5389 41.

516 5510 951 5591 ,,(α)ίΑ³Ῑάντων
977 5514 1094 5583 τὴν
1118 5515 1354 5591 ,ψυχὴξε
1408 5515 1843 5591 έζξαρπάζορσα.
1891 5514 2049 5591 Quod

480 5583 559 5638 ait
602 5583 887 5660 biaxiiiius,
960 5583 1261 5660 estrahere
1296 5583 1638 5660 charitateln
1667 5587 1737 5640 ab
1787 5585 2048 5660 omnibus

480 5652 680 5725 creatis
710 5652 971 5725 animam,
1005 5656 1227 5725 Deoque
1249 5658 1405 5724 quasi
1443 5656 1802 5710 commiscere
1849 5670 1914 5708 ac
1966 5655 2045 5709 illi

486 5717 818 5795 adiungereg
839 5720 985 5777 τατύο
1015 5717 1178 5779 Ρίευέ
1204 5717 1394 5779 cr'rore
1426 5742 1441 5780 :
1468 5725 1712 5780 Omnium
1742 5725 1880 5795 rapit
1927 5726 2048 5779 ani-

2165 4515 2264 4585 χὴν
2287 4514 2385 4568 καὶ
2406 4511 2685 4583 βασιλείαν
2713 4512 2811 4565 καὶ⁸
2837 4509 3067 4581 δύναμιν
3100 4509 3196 4562 καί¹
3221 4507 3398 4574 δόξαν,
3431 4507 3492 4573 ἐξ
3539 4504 3609 4581 ἧς
3641 4510 3741 4562 καὶ

2163 4608 2228 4661 δι’
2254 4606 2320 4677 ήν
2351 4605 2527 4659 πάντα
2550 4602 2742 4673 γέγονέ
2768 4620 2829 4657 τε
2850 4602 2944 4659 καὶ⁴
2971 4598 3202 4670 γίνεται,
3221 4600 3318 4654 καὶ
3348 4599 3485 4670 πρὸς
3508 4601 3571 4654 τὸ
3594 4596 3740 4655 εἶναι

2164 4700 2256 4758 ὑπ’
2286 4699 2460 4769 αὐτῆς
2511 4698 2607 4750 καὶ⁸
2654 4696 2723 4748 δι’
2747 4694 2919 4765 αὐτῆς
2974 4694 3365 4762 συγκρατεῖται
3394 4708 3410 4723 ·
3446 4692 3542 4746 καὶ
3592 4691 3742 4764 ὑπὲρ

2161 4791 2230 4868 ἦς
2275 4795 2428 4850 πᾶσα
2486 4791 2598 4850 τοῖς
2648 4784 2916 4856 φιλοθέοις
2975 4784 3094 4843 ἐστὶ
3159 4783 3367 4853 σπουδή
3409 4799 3470 4836 τε
3511 4783 3609 4837 καὶ
3651 4783 3742 4838 κί-

2160 4905 2335 4958 νησις.

2232 5067 2335 5120 λα’.
2366 5067 2464 5121 Διά
2497 5063 2596 5133 μὲν
2627 5057 2741 5115 τῶν
2770 5055 3066 5125 γυναικῶν,
3102 5054 3164 5108 τὸ
3219 5052 3371 5116 τέλος
3431 5049 3736 5114 ἐνεδείξατο

2158 5158 2266 5213 τῶν
2291 5155 2519 5228 ἀρετῶν,
2550 5155 2650 5224 τὴν
2683 5148 2913 5221 ἀγάπην
2943 5164 2958 5178 ·
2992 5148 3129 5215 ὅπερ
3155 5145 3300 5198 ἐστὶν
3329 5145 3363 5213 ἡ
3396 5143 3515 5196 κατ’
3545 5142 3735 5211 ἔφεσιν

2160 5522 2481 5587 ηιαιη,κιιιηι
2528 5510 2888 5587 eorum_qu
2924 5508 3252 5587 uenerationi
3301 5511 3350 5559 et
3405 5505 3732 5587 ςοιξζιιηιιοπί

2151 5592 2277 5656 sunt
2297 5585 2543 5656 obnoxia,
2568 5594 2677 5656 etc.
2694 5654 2702 5656 4
2722 5580 2868 5656 Ergo
2887 5580 3067 5656 etiam‘
3081 5580 3426 5656 pecorumet
3442 5580 3728 5656 Astirpiu‘m,

2156 5655 2378 5779 hmcqlne
2405 5644 2841 5763 ipsg'charitati’s
2880 5644 3103 5718 capacia
3133 5653 3282 5711 sunt,
3310 5652 3366 5698 et
3399 5652 3460 5698 ut
3512 5644 3592 5698 sic
3621 5644 3733 5699 Deo

2154 5737 2294 5780 conu
2321 5732 2487 5780 eatur
2505 5765 2518 5778 .

2223 5737 2518 5794 putentur:
