4062 6198
300 340 447 409 ιξ73

975 352 1310 414 CAPITUM
1347 320 2329 427 QUINQUIESCCENTENORUM
2365 354 2753 415 CENTURIA
2792 354 2905 415 111.

3426 349 3568 415 1374

292 468 399 522 τοῦ
446 461 607 533 φύσει
630 461 834 531 ἀγαθοῦ
862 463 971 518 τῶν
997 466 1334 536 μετεχόντων
1368 467 1706 529 ἀδιάπτωτος
1723 464 1866 535 ἠδονί

1986 474 2183 521 natura
2214 466 2345 521 boni
2385 474 2512 521 sunt
2533 466 2850 537 participes,
2894 463 3046 519 ﬁrma
3076 478 3140 520 ac
3173 472 3431 520 constans
3467 481 3567 518 vn-

294 559 399 613 καὶ
431 554 731 627 ἀδιαίρετος
752 557 963 618 ἕνωσις.
988 556 1085 610 Διά
1114 557 1172 611 δὲ
1202 559 1298 629 τῆς
1323 558 1601 629 ἀληθείας,
1627 559 1687 611 τδ
1707 557 1879 628 πέρας

297 655 494 709 πασῶν
526 648 845 717 ὲπεσήμανε
879 646 988 699 τῶν
1040 646 1319 715 γνώσεων,
1348 650 1442 701 καὶ
1489 648 1670 702 αὐτῶν
1716 663 1879 716 γινω-

298 740 585 810 σκομένων
617 754 631 769 ·
668 739 749 801 εἰς
780 738 936 809 ὅπερ,
970 738 1044 803 ὡς
1078 739 1253 810 ἀρχὴν
1296 740 1391 793 καὶ
1432 739 1607 811 πέρας
1660 740 1878 793 πάντων

293 831 408 885 τῶν
437 830 626 893 ὄντων,
659 830 715 882 αἰ
752 829 896 882 κατά
928 829 1088 900 φύσιν
1111 832 1355 902 κινήσεις
1382 830 1585 901 γενικῷ
1602 846 1713 895 τινι
1735 831 1878 902 λόγῳ

297 920 653 973 συνέλκονται
687 935 701 950 ’
733 920 913 973 πάντα
958 920 1199 992 νικώσης
1248 921 1392 975 κατὰ
1434 921 1596 991 φύσιν
1627 922 1703 986 ὡς
1746 923 1878 994 ἀλη-

297 1012 453 1074 θείας
505 1011 605 1080 τῆς
646 1009 756 1064 τῶν
803 1010 975 1065 ὄντων
1018 1012 1194 1081 ἀρχῆς
1249 1012 1345 1065 καὶ
1386 1012 1588 1076 αἰτίας,
1620 1014 1877 1085 καὶπρὸς

296 1104 503 1174 ἑαυτὴν
544 1102 909 1173 συνελκούσης
940 1102 1048 1157 τῶν
1080 1104 1380 1171 γεγονότων
1401 1105 1501 1175 τὴν
1531 1107 1765 1176 κίνησιν.

369 1276 469 1347 λβ’.
497 1277 539 1328 Τ
544 1278 577 1347 ᾗ
620 1277 743 1330 καθ’
780 1277 1055 1349 ὑπεροχὴν
1096 1280 1350 1352 στερήσει
1382 1280 1491 1335 τῶν
1528 1281 1766 1348 πολλῶν,
1800 1284 1876 1345 ὡς

294 1367 359 1421 ἓν
408 1368 503 1421 καὶ
536 1369 696 1437 μόνον
730 1369 763 1439 ή
796 1369 1022 1440 ἀλήθεια
1070 1370 1313 1440 πέφυκεν
1341 1372 1751 1441 ἀναφαίνεσθαι,
1778 1392 1879 1427 κα-

295 1450 579 1512 λύπτουσα
601 1459 819 1513 πάντων
850 1462 959 1513 τῶν
1011 1461 1218 1532 νοεῖνῆ
1271 1464 1508 1517 νοεῖσθαι
1560 1464 1877 1535 δυναμένων

296 1553 399 1613 τάς
423 1550 731 1620 γνωστικὰς
759 1551 1037 1622 δυνάμεις,
1055 1552 1130 1617 ὡς
1162 1554 1302 1627 ὑπὲρ
1332 1555 1400 1609 τά
1430 1556 1655 1611 νοοῦντὰ
1690 1575 1750 1611 τε
1784 1559 1878 1612 καὶ

295 1643 564 1713 νοούμενα
592 1643 711 1696 καθ’
741 1642 973 1713 ὓπαρξιν
1001 1645 1329 1717 ὑπερούσιον
1356 1644 1513 1702 οὖσαο
1545 1650 1637 1703 καὶ
1659 1650 1874 1720 ἀπείρῳ

294 1735 526 1805 δυνάμει
546 1735 643 1798 τὰς
668 1735 809 1789 κατά
835 1737 935 1806 τὴν
972 1737 1144 1809 ἀρχὴν
1182 1738 1276 1791 καὶ
1308 1742 1369 1794 τὸ
1392 1741 1547 1805 τέλος
1570 1742 1676 1796 τῶν
1707 1744 1873 1797 ὄντων

296 1824 610 1894 ἀκρότητας
638 1825 1080 1895 περιγράφουσα,
1123 1828 1304 1881 πᾶσαν
1334 1831 1554 1884 πάντων
1578 1831 1713 1904 πρὸς
1743 1834 1873 1887 ἐαυ-

296 1913 395 1982 τὴν
419 1912 669 1966 συνέλκει
700 1913 914 1985 κίνησιν
937 1931 953 1948 ο
989 1918 1103 1977 τοῖς
1149 1918 1249 1987 μὲν
1283 1923 1631 1993 παρεχομένη
1673 1923 1875 1993 γνῶσιν

294 2002 554 2074 ἀρίδηλον
573 1996 641 2075 ἧς
682 2004 1063 2075 ἐστερήθησαν
1102 2008 1324 2079 χάριτος
1356 2025 1371 2041 ο
1407 2013 1521 2074 τοῖς
1572 2012 1631 2066 δὲ
1672 2014 1875 2087 δωρου-

298 2096 437 2164 μένη
470 2098 592 2149 κατ’
626 2095 883 2167 αἴσθησιν
919 2097 1179 2169 ἄρρητον,
1237 2094 1303 2172 ἦς
1342 2098 1488 2173 εἶχον
1548 2106 1648 2176 τὴν
1689 2106 1875 2178 ἔφεσιν

295 2186 654 2259 ἁγαθότητος,
677 2191 743 2259 τῇ
774 2189 993 2260 μεθέξει
1024 2192 1267 2262 φανεράν
1289 2193 1388 2265 τὴν
1413 2196 1729 2265 ἐπίγνωσιν.

363 2428 467 2499 λγ’.
520 2430 578 2484 '0
620 2432 765 2500 νοῦς,
813 2435 1008 2503 σοφίας
1058 2436 1312 2509 δργανον,
1379 2441 1575 2510 φησίν·
1606 2444 1635 2496 6
1691 2444 1871 2514 λόγος,

293 2519 551 2588 γνώσεως
585 2523 667 2592 ’ἡ
728 2524 851 2577 κατ’
906 2525 1074 2595 ἄμφω
1122 2531 1327 2599 φυσικὴ
1378 2530 1743 2604 πληροφορία,
1774 2537 1874 2605 τῆς

295 2609 419 2662 κατ’
455 2610 623 2679 ἄμφω
660 2615 1062 2687 συνισταμένης
1095 2618 1334 2683 πίστεως
1359 2636 1373 2651 ο
1402 2620 1496 2673 τοῦ
1542 2622 1598 2674 δὲ
1649 2623 1757 2676 τῶν
1793 2626 1873 2677 ία-

299 2699 490 2770 μάτων
547 2702 911 2775 χαρίσματος,
952 2709 985 2777 ὴ
1034 2711 1243 2781 φυσικὴ
1302 2712 1704 2785 φιλανθρωπία.
1756 2718 1872 2771 Πᾶν

293 2790 405 2862 γὰρ
428 2793 675 2865 χάρισμα
699 2796 862 2863 θεῖον,
885 2800 1189 2870 ἐπιτήδειον
1210 2803 1266 2855 ὲν
1287 2804 1416 2874 ἡμῖν
1443 2805 1556 2875 ἔχει
1586 2808 1679 2861 καὶ
1702 2825 1873 2880 προσ-

296 2884 453 2973 φυὲς,
488 2885 678 2958 ῶσπερ
716 2890 948 2961 δύναμιν
977 2933 991 2957 ,
1025 2892 1057 2964 ἢ
1117 2893 1229 2959 ἕξιν
1272 2894 1304 2966 ἢ
1347 2897 1609 2965 διάθεσιν,
1641 2901 1872 2973 ὄργανον

294 2971 562 3030 δεκτικόν.
582 2973 725 3043 Οἵον,
745 2982 773 3033 6
802 2981 893 3034 τὸν
910 2983 1033 3035 νοῦν
1056 2984 1239 3056 πάσης
1268 2989 1542 3059 αἰσθητῶν
1571 2971 1872 3061 φαντασίας

295 3066 530 3156 ποιήσας
578 3070 839 3140 καθαρὸν,
874 3074 1089 3144 δέχεται
1150 3076 1377 3146 σοφίαν
1407 3084 1435 3135 6
1468 3082 1525 3137 δὲ
1567 3085 1660 3139 τὸν
1715 3086 1870 3156 λόγον

292 3154 401 3207 τῶν
428 3158 687 3226 ἐμφύτων
711 3163 918 3231 παθῶν,
942 3166 1116 3235 θυμοῦ
1140 3170 1285 3239 λέγω
1314 3172 1409 3226 καί⁸
1431 3175 1749 3247 ἐπιθυμίας,
1776 3154 1872 3234 κα-

292 3249 573 3319 ταστήσας
605 3251 901 3326 δεσπότην,
925 3257 1140 3329 δέχεται
1175 3262 1382 3331 γνῶσιν
1409 3283 1423 3298 ο
1458 3268 1486 3320 ό
1514 3268 1569 3322 δὲ
1596 3269 1697 3332 τὴν
1728 3273 1870 3327 κατά

291 3337 418 3435 Υτῦν
448 3342 543 3435 καί
576 3343 734 3413 λόγον
765 3349 894 3419 περὶ
922 3349 991 3403 τά
1026 3350 1143 3406 θεῖα
1168 3355 1463 3411 ἀσάλευτον
1493 3337 1869 3435 πληροφορίαν

294 3430 453 3501 ἔχων,
498 3434 597 3505 τὴν
634 3438 812 3492 πάντα
866 3440 1174 3514 δυναμένην
1220 3447 1433 3517 δέχεται
1494 3430 1720 3507 πίστιν-ο
1811 3456 1868 3510 δὲ

415 3528 650 3599 φυσικὴν
677 3531 1031 3602 κατορθώσας
1055 3537 1469 3609 φιλανθρωπίαν
1499 3545 1638 3613 μετά
1656 3545 1753 3616 τὴν
1775 3564 1867 3600 τε-

290 3614 444 3669 λείαν
505 3618 605 3687 τῆς
669 3620 957 3690 φιλαυτίας
1012 3627 1312 3699 ἀναίρεσιν,
1346 3632 1591 3703 ἰαμάτων
1650 3614 1865 3707 δέχεται

289 3707 618 3778 χαρίσματα.

359 3975 453 4070 15:.
484 3978 761 4070 Ἕκαστος
800 3985 958 4055 ήμῶν
978 4027 993 4051 ,
1026 3990 1169 4044 κατά
1200 3992 1298 4064 τὴν
1329 3994 1625 4066 ἀναλογίαν
1652 4000 1753 4070 τῆς
1804 4005 1863 4058 ὲν

288 4066 435 4160 αθτῷ
452 4068 709 4138 πίστεως,
728 4091 958 4147 φανερου
967 4078 1135 4150 μένην
1157 4081 1416 4155 κέκτηται
1432 4087 1525 4141 τοῦ
1545 4066 1863 4160 Πνεῦματος

288 4157 385 4255 τὴν
412 4160 720 4232 ἐνέργειαν.
753 4166 918 4222 ’Ὥστε
970 4173 1176 4242 ταμίας
1222 4176 1459 4249 ὑπάρχει
1499 4181 1598 4250 τῆς
1636 4157 1861 4255 χάριτος

287 4249 512 4349 ἕκαστος
561 4256 755 4311 ἑαυτοῦ
790 4275 805 4291 ’
841 4260 935 4314 καὶ
991 4264 1175 4318 οὔποτ’
1205 4266 1273 4320 ἀν
1333 4266 1393 4324 εὖ
1449 4249 1668 4343 φρονῶν
1714 4249 1861 4349 ἀλλῳ

287 4341 601 4441 φθονησειεν
642 4348 1080 4421 ὲνευδοκιμοῦντι
1116 4360 1239 4422 ταῖς
1292 4341 1531 4431 χάρισιν,
1580 4365 1667 4418 ἐπ’
1708 4341 1860 4441 αὑτῶ

287 4436 548 4507 κειμένης
611 4440 709 4512 τῆς
759 4445 1020 4517 δεκτικῆς
1073 4450 1181 4506 τῶν
1221 4452 1381 4509 θείων

287 4542 443 4591 σεως.
1029 4567 1033 4570 ~

351 4618 457 4720 15".-
475 4621 658 4720 Αἴτιον
680 4619 819 4720 εἷναί
870 4647 1005 4701 φησι
1061 4633 1164 4704 τῆς
1211 4636 1319 4690 τῶν
1378 4639 1538 4695 θείων
1590 4644 1856 4720 διανομῆς

281 4711 519 4809 ἀγαθῶν,
542 4713 603 4766 τὸ
628 4717 832 4809 μέτρον
850 4720 951 4789 τῆς
971 4722 1202 4778 ἑκάστου
1236 4727 1491 4794 πίστεως.
1524 4734 1720 4800 Καθὼς

283 4802 629 4899 πιστεύομεν,
663 4807 757 4860 καὶ
785 4808 883 4878 τὴν
904 4811 997 4863 ἐπὶ
1026 4813 1087 4865 τὸ
1119 4815 1379 4885 πράττειν
1404 4820 1505 4891 τῆς
1534 4802 1848 4899 προθυμίας

282 4890 514 4987 έπίδοσιν
544 4895 762 4967 ἔχομεν.
806 4900 865 4952 Ὀ
894 4901 1025 4969 γοῦν
1059 4906 1339 4973 πράττων,
1378 4913 1519 4967 κατά
1714 4890 1841 4974 ilva;

279 4981 477 5082 λογίαν-
546 4988 647 5056 τῆς
728 4991 981 5082 πράξεως
1050 4996 1419 5056 ἐπιδείκνυται
1501 5007 1563 5059 τὸ
1616 4981 1849 5082 *μέτρον

280 5074 371 5172 της
413 5076 686 5172 πίστεως,
734 5081 1021 5153 δεχόμενος
1083 5087 1159 5152 ὡς
1207 5090 1493 5148 ἐπίστευσε
1540 5098 1600 5151 τὸ
1650 5074 1848 5172 μέτρον

278 5168 390 5262 τῆς-
422 5167 683 5262 χάριτος·
735 5174 764 5225 ὀ
810 5174 867 5228 δὲ
917 5175 991 5248 μὴ
1042 5180 1316 5251 πράττων,
1381 5187 1520 5242 κατὰ
1714 5167 1847 5250 ἀνα-

278 5254 462 5357 λογίαν
488 5259 614 5357 τῆς⁸
641 5263 913 5357 ἀπραξίας
962 5270 1333 5328 ἐπιδείκνυται
1388 5278 1449 5330 τὸ
1506 5254 1705 5352 μέτρον
1750 5288 1849 5357 τῆς

279 5346 552 5447 ἀπιστίας,
578 5352 881 5447 δεχόμενος
917 5359 994 5423 ὠς
1025 5362 1317 5433 ἡπίστησε,
1350 5368 1450 5439 τῆς
1490 5346 1712 5441 χάριτος

281 5437 547 5540 στέρησιν.
567 5442 776 5496 Οὐκοῦν
798 5449 986 5510 κακῶς
1012 5456 1155 5506 ποιεῖ
1178 5455 1485 5524 βασκαίνων
1510 5466 1620 5527 τοῖς
1649 5437 1843 5540 κατορ-

279 5523 455 5581 θοῦσιν
482 5529 511 5582 6
542 5530 838 5604 φθονερὸς.
878 5537 965 5592 ἐπ’
999 5542 1147 5614 αὐτῷ
1181 5523 1376 5616 σαφῶς
1398 5589 1413 5615 ,
1447 5553 1547 5606 οὐκ
1579 5523 1666 5608 ἐπ’
1698 5523 1841 5630 ἄλλῳ

343 5701 388 5742 ⁸⁸
421 5704 581 5765 Rom.
614 5726 705 5781 xu,
750 5720 796 5778 6¹

1983 556 2166 625 luptas
2216 557 2561 626 indivisaque
2609 558 2741 611 unio
2781 565 2887 611 est.
2934 555 3196 610 Veritatis
3246 565 3428 610 autem
3469 572 3570 610 no—

1980 646 2152 712 mine,
2211 649 2462 701 omnium
2511 646 2857 710 notitiarum,
2915 646 3269 715 ipsoruque
3320 646 3567 699 omnium

1980 751 2101 805 quae
2143 746 2452 791 noscuntur
2484 746 2648 805 atque
2687 736 2958 798 sciuntur,
2999 737 3161 789 tinem
3201 735 3564 804 Significavit;

1980 830 2034 881 in
2078 843 2262 897 quem,
2294 838 2354 883 ut
2381 830 2716 900 principium
2759 829 3032 897 ﬁnemque
3075 842 3261 881 rerum
3296 828 3563 891 omnium,

1978 920 2257 974 naturales
2286 930 2469 974 motus
2484 921 2725 990 generali
2754 919 2988 989 quadam
3016 918 3228 972 ratione
3251 930 3562 987 coguntur:

1978 1026 2103 1065 cum
2137 1027 2333 1081 nempe
2374 1013 2559 1067 vincat
2599 1012 2781 1067 omnia
2820 1020 3080 1080 tanquam
3116 1009 3338 1072 veritas,
3380 1026 3564 1063 rerum

1979 1101 2318 1170 principium
2357 1118 2420 1157 ac
2459 1118 2648 1165 causa,
2690 1109 2746 1155 et
2789 1102 2854 1154 ad
2902 1116 2980 1165 se,
3013 1116 3204 1154 eorum
3233 1115 3354 1167 qua:
3386 1108 3567 1153 creata

1978 1200 2126 1257 sunt,
2156 1194 2385 1263 perinde
2406 1204 2615 1247 motum
2644 1194 2843 1247 trahat.

2048 1283 2137 1336 32.
2169 1282 2243 1335 Ea
2273 1283 2569 1336 multorum
2613 1282 2947 1351 privatione,
2988 1298 3109 1351 quae
3149 1296 3247 1351 per
3284 1282 3566 1335 excellen-

1978 1372 2110 1426 tiam
2139 1382 2243 1437 est,
2280 1374 2485 1428 veritas
2530 1383 2590 1427 ut
2634 1388 2803 1427 unum
2847 1382 2905 1428 et
2930 1374 3204 1443 singulare
3230 1380 3429 1427 natura
3468 1387 3566 1427 sua

1977 1465 2178 1526 elucet,
2208 1466 2452 1519 omnium
2483 1482 2605 1535 qua:
2630 1466 2939 1536 intelligere
2962 1474 3058 1520 aut
3092 1465 3325 1535 intelligi
3354 1465 3564 1531 valent,

1978 1555 2318 1626 intelligendi
2341 1556 2627 1611 facultates
2652 1558 2945 1627 obtegens;
2983 1558 3183 1627 quippe
3217 1574 3338 1627 qum
3368 1573 3565 1627 super-

1977 1646 2253 1700 essentiali
2301 1648 2641 1713 exsistentia,
2676 1664 2799 1702 cum
2827 1650 2935 1703 illis
2956 1666 3076 1717 quae
3101 1650 3564 1718 intelligunt,tum

1976 1752 2098 1806 quae
2135 1737 2545 1807 intelliguntur,
2597 1739 2872 1805 emineat;
2926 1739 3250 1809 infinitaque
3295 1742 3562 1809 potentia,

1978 1842 2159 1881 rerum
2212 1828 2587 1882 extremitates
2641 1835 2697 1883 et
2745 1828 3005 1898 principii
3057 1830 3272 1884 ratione
3323 1839 3379 1884 et
3437 1829 3563 1885 ﬁnis

1976 1917 2513 1984 circumscribendo,
2556 1935 2775 1974 omnem
2827 1921 3074 1974 omnium
3127 1921 3193 1974 ad
3244 1937 3301 1975 se
3345 1930 3559 1977 motum

1975 2009 2183 2079 pariter
2210 2009 2393 2063 trahat
2426 2026 2438 2062 :
2475 2009 2599 2063 aliis
2630 2011 2854 2079 quidem
2884 2013 3004 2081 ejus
3025 2012 3213 2081 gratias
3236 2026 3341 2079 qua
3363 2012 3563 2080 privati

1974 2109 2123 2165 sunt,
2152 2102 2354 2155 claram
2398 2103 2648 2157 notitiam
2694 2103 2979 2173 przebens;
3016 2102 3138 2157 aliis
3175 2118 3326 2167 vero,
3360 2119 3565 2158 arcano

1974 2208 2138 2247 sensu
2166 2208 2229 2249 ac
2254 2202 2441 2264 gustu,
2477 2211 2597 2249 eam
2627 2195 2951 2258 bonitatem,
2990 2196 3148 2263 cujus
3175 2194 3453 2249 desiderio
3478 2203 3565 2250 te-

1974 2285 2271 2350 nebantur,
2318 2301 2383 2340 ex
2432 2286 2791 2356 perceptione
2836 2285 3124 2340 manifeste
3162 2286 3563 2356 agnoseendam

1976 2375 2253 2429 tribuens.

2044 2465 2132 2519 55.
2170 2465 2506 2531 Intellectus,
2544 2466 2826 2535 sapientia:
2850 2482 3147 2537 organum;
3182 2469 3341 2533 ratio,
3377 2469 3563 2524 scien-

1974 2554 2095 2620 tiae;
2170 2555 2459 2624 utriusque
2529 2548 2798 2611 naturalis
2868 2558 3165 2621 certitudo,
3227 2558 3375 2622 ﬁdei,
3440 2575 3563 2628 quae

1974 2656 2209 2715 utraque
2238 2653 2471 2701 constat.
2523 2647 2658 2702 Doni
2701 2650 3020 2713 sanitatum,
3058 2650 3327 2704 naturalis
3363 2649 3561 2704 huma-

1972 2737 2117 2791 nitas
2157 2753 2223 2791 ac
2260 2737 2591 2808 benignitas.
2638 2737 2809 2793 Omne
2851 2740 2998 2794 enim
3039 2740 3285 2794 divinum
3330 2742 3560 2803 donum,

1974 2829 2232 2884 idoneum
2268 2831 2322 2884 in
2368 2831 2530 2886 nobis
2559 2833 3042 2903 commodumque,
3082 2834 3233 2888 velut
3260 2834 3558 2903 potentiam

1971 2927 2069 2973 aut
2094 2919 2344 2974 habitum
2382 2936 2478 2975 seu
2515 2921 2956 2991 dispositionem,
2986 2938 3251 2993 organum
3290 2923 3438 2977 illius
3462 2939 3558 2977 σου

1971 3024 2078 3079 pax
2112 3011 2296 3066 habet.
2330 3012 2575 3081 Exempli
2616 3028 2801 3077 causa,
2837 3014 2931 3084 qui
2974 3012 3043 3067 ab
3080 3014 3229 3067 omni
3271 3029 3457 3068 rerum
3502 3014 3556 3068 in

1897 3128 1941 3188 ϐ
1974 3116 2195 3155 sensum
2225 3101 2542 3157 cadentium
2583 3104 2911 3173 cogitatione
2956 3105 3198 3158 animum
3224 3106 3557 3161 emundave-

1973 3193 2066 3257 rit,
2106 3193 2429 3263 sapientiam
2458 3195 2652 3265 recipit
2686 3212 2699 3248 :
2743 3196 2835 3264 qui
2868 3211 3001 3250 vero
3036 3212 3229 3251 eorum
3257 3197 3556 3253 aﬁcctuum

1970 3283 2065 3352 qui
2103 3299 2132 3336 a
2164 3293 2359 3337 natura
2385 3284 2546 3338 nobis
2583 3285 2733 3340 insiti
2773 3294 2902 3339 sunt
2934 3286 3049 3357 (irae
3072 3286 3285 3342 scilicet
3306 3296 3362 3342 et
3394 3290 3553 3358 cupi-

1969 3372 2175 3440 ditatis)
2234 3374 2503 3429 rationem
2553 3375 2819 3431 arbitram
2862 3378 3233 3443 constituerit,
3280 3378 3442 3450 566
3502 3381 3553 3435 is

1969 3465 2257 3525 scientiam
2287 3465 2526 3535 accipit:
2560 3466 2655 3534 qui
2682 3476 2864 3520 autem
2895 3477 3078 3522 mente
3109 3482 3173 3521 ac
3209 3468 3421 3523 ratione
3462 3470 3550 3523 in-

1968 3570 2287 3610 concussam
2318 3556 2463 3611 circa
2491 3557 2673 3611 divina
2711 3558 3100 3612 certitndinem
3137 3570 3334 3614 nactus
3365 3572 3470 3624 est,
3505 3563 3558 3617 is

1968 3646 2117 3711 ﬁdei,
2146 3662 2267 3717 quas
2302 3648 2485 3701 omnia
2521 3655 2724 3717 potest,
2763 3664 2988 3719 compos
3010 3649 3285 3704 efficitur:
3313 3654 3408 3721 qui
3453 3653 3551 3706 de-

1966 3742 2134 3812 nique
2165 3744 2383 3798 sublato
2417 3743 2657 3813 perfecte
2684 3758 2827 3799 caeco
2871 3745 2958 3799 sui
3003 3760 3188 3799 amore
3232 3760 3297 3799 ac
3339 3745 3552 3805 carnali

1968 3836 2278 3907 (φιλαυτίαν
2309 3833 2528 3905 vocant)
2562 3836 2869 3890 naturalem
2887 3836 3283 3893 humanitatem
3316 3834 3551 3907 adeptus

1964 3937 2070 3993 est,
2101 3930 2148 3985 is
2167 3929 2327 3983 donis
2348 3917 2641 3984 sanitatum
2679 3931 2907 4000 potitur.

2033 4022 2122 4075 54.
2153 4020 2399 4091 Quisque
2419 4031 2692 4086 nostrum,
2732 4038 2831 4091 pro
2857 4022 2975 4092 ejus
3010 4020 3136 4076 fidei
3161 4023 3394 4089 ratione,
3426 4039 3559 4093 qme

1964 4110 2020 4164 in
2052 4110 2170 4179 ipso
2204 4118 2308 4175 est,
2350 4109 2697 4165 manifestam
2743 4111 3085 4166 nanciscitur
3128 4111 3368 4182 Spiritus
3411 4130 3555 4183 ope‘

1963 4200 2252 4254 rationem.
2286 4200 2543 4265 Proinde,
2576 4217 2687 4255 suae
2716 4201 2968 4271 quisquis
2990 4202 3175 4272 gratia:
3206 4204 3414 4258 arbiter
3437 4213 3551 4269 est,

1961 4306 2067 4344 nec
2107 4291 2252 4345 ullus
2286 4306 2531 4360 unquam
2555 4291 2672 4345 sani
2704 4291 2899 4362 capitis
2939 4307 3006 4346 eo
3031 4293 3253 4348 nomine
3279 4294 3372 4348 alii
3393 4294 3553 4362 ιὶιινὶ,

1961 4386 2125 4450 derit,
2157 4386 2302 4456 quod
2338 4386 2530 4456 gratiis
2567 4385 2807 4456 fulgeat;
2850 4387 3052 4456 quippe
3089 4403 3215 4441 cum
3257 4384 3551 4458 dispositio

1421 4456 1644 4527 ἀγαθῶν
1672 4462 1855 4518 διαθέ-

1968 4480 2241 4549 animique
2273 4479 2491 4534 aﬁ‘ectio
2515 4480 2827 4535 divinorum
2848 4497 3019 4552 capax
3053 4482 3348 4550 bonorum,
3389 4484 3445 4537 in
3473 4474 3548 4539 ξι.

1962 4573 2070 4628 lius
2104 4572 2175 4626 sit
2193 4573 2296 4627 sita
2321 4572 2498 4626 libera
2528 4572 2836 4626 voluntate.

2030 4664 2119 4718 '55.
2160 4662 2391 4717 Causam
2413 4678 2533 4718 esse
2558 4664 2634 4718 ait
2664 4664 3077 4719 distributionis
3098 4665 3411 4720 divinorum
3437 4664 3545 4719 bon

1960 4771 2179 4819 norum,
2212 4755 2337 4809 ﬁdei
2367 4756 2634 4827 cujusque
2679 4772 2992 4811 mensuram
3032 4757 3097 4809 ⁸⁸.
3148 4758 3253 4810 Pro
3282 4771 3347 4809 eo
3391 4757 3547 4811 enim

1949 4863 2012 4902 ac
2040 4847 2338 4911 credimus,
2365 4847 2532 4902 etiam
2557 4847 2625 4901 ad
2652 4848 2921 4918 agendum
2949 4846 3171 4915 majoris
3198 4846 3307 4898 vim
3339 4846 3540 4900 alacri.

1948 4939 2076 4992 tatis
2099 4938 2384 4993 habemus.
2430 4940 2534 5004 Qui
2572 4955 2703 5008 ergo
2733 4939 2949 4993 actione
2995 4936 3262 5003 fungitur,
3293 4952 3395 5005 pro
3418 4938 3540 5007 ejus

1949 5034 2065 5079 rata
2094 5025 2327 5089 ratione,
2363 5025 2486 5081 ﬁdei
2518 5041 2832 5079 mensuram
2870 5024 3135 5089 ostendit,
3170 5027 3357 5095 gratia:
3386 5042 3540 5080 men-

1952 5130 2137 5169 suram
2172 5126 2387 5179 nactus,
2409 5133 2510 5186 pro
2548 5132 2614 5171 eo
2634 5132 2697 5171 ac
2725 5116 2956 5171 credidit
2987 5134 2999 5169 :
3036 5118 3129 5186 qui
3160 5129 3342 5172 autem
3367 5118 3540 5173 actio-

1957 5217 2081 5257 nem
2117 5222 2224 5259 non
2266 5218 2506 5276 prrestat,
2540 5223 2638 5277 pro
2666 5206 2891 5261 desidize
2936 5206 3098 5260 modo
3134 5206 3537 5262 incredulitatis

1956 5309 2270 5350 mensuram
2319 5298 2522 5365 prodit,
2560 5297 2749 5367 gratia:
2778 5297 3084 5367 privatione
3122 5299 3401 5359 multatus,
3434 5312 3563 5366 pro-

1952 5398 2020 5436 eo
2047 5398 2111 5436 ac
2149 5385 2251 5440 fuit
2285 5386 2622 5441 incredulus.
2652 5387 2785 5444 Male
2815 5387 2980 5457 igitur
3008 5386 3159 5449 facit,
3197 5387 3291 5455 qui
3328 5386 3533 5441 invidia

1949 5472 2228 5540 laborans,
2262 5476 2493 5532 aliorum
2528 5478 2734 5533 virtute
2765 5479 3124 5541 contabescit,
3152 5496 3275 5532 cum
3311 5478 3363 5531 in
3389 5478 3528 5547 ejus,

1948 5579 2055 5619 non
2078 5566 2328 5635 alterius,
2356 5572 2641 5641 pchpicue
2674 5570 2853 5641 posita
2878 5569 2949 5628 sit
2985 5571 3239 5631 facultate
3265 5567 3525 5625 credendi
