4094 6204
552 383 695 454 1975

1714 396 1776 457 S.
1809 397 2097 458 MAXIMI
2134 387 2644 462 CONFESSORIS

3666 401 3811 466 ιε’-ιε

551 506 718 569 atque
753 496 950 570 agendi
984 496 1157 567 optio,
1191 504 1248 553 et
1290 508 1353 555 ut
1377 502 1446 556 ad
1488 500 1613 558 ﬁdei
1655 519 1971 560 mensuram
2003 519 2132 577 per-

2238 509 2496 579 κειμένης
2530 509 2634 579 τῆς
2665 503 2801 563 ’τῶν
2837 508 3121 563 πιστεύειν
3166 525 3227 563 τε
3260 509 3356 563 καὶ
3395 508 3676 579 πράττειν,
3702 507 3811 564 καὶ

552 591 853 661 tingentem
895 589 1125 660 gratiam
1156 591 1413 661 accipiat.

620 763 709 817 56.
741 762 846 829 Qui
875 762 1092 820 honesti
1126 780 1315 821 amans
1340 776 1446 833 est,
1479 783 1579 838 per
1605 769 2012 826 Providentiam
2047 788 2135 827 sa-

554 853 776 923 pientiai
811 854 1123 910 rationibus
1163 866 1357 925 sponte
1402 859 1470 913 ad
1507 859 1877 917 deiﬁcationis
1911 863 2134 919 festinat

555 944 783 1013 gratiam
813 961 828 997 :
859 958 1024 1015 quem
1058 962 1192 1001 vero
1214 946 1362 1003 illius
1406 947 1590 1014 taedet,
1622 950 1774 1020 justo
1806 951 2016 1021 judicio
2043 966 2134 1005 ca-

557 1034 868 1103 stigationis
890 1034 1069 1089 modis
1102 1051 1133 1090 a
1164 1037 1434 1106 pravitate
1459 1054 1524 1093 ac
1563 1040 1706 1094 malo
1740 1040 1945 1096 invitus
1969 1058 2131 1097 revo-

554 1134 742 1192 catur;
778 1127 860 1181 sic
897 1127 1079 1196 plane,
1129 1135 1192 1183 ut
1219 1129 1359 1183 alter
1394 1137 1655 1199 tanquam
1698 1132 1795 1187 Dei
1838 1149 2028 1189 amans
2067 1150 2132 1190 ac

554 1216 862 1287 religiosus,
907 1234 1006 1287 per
1036 1220 1443 1275 Providentiam
1483 1222 1803 1288 deiticetur;
1842 1225 1980 1279 alter
2000 1241 2132 1280 vero

554 1320 655 1375 per
678 1305 971 1377 judicium,
1006 1307 1161 1363 velut
1196 1316 1541 1364 terrenorum
1574 1326 1784 1374 amans,
1815 1312 1874 1366 in
1903 1312 2130 1367 damna-

554 1394 763 1450 tionem
799 1396 990 1465 venire
1037 1412 1149 1452 non
1193 1398 1426 1452 sinatur.
1468 1398 1616 1453 Deus
1655 1399 1803 1453 enim
1841 1407 1904 1453 ut
1930 1400 2129 1466 bonus,

494 1488 497 1493 ’
556 1487 839 1556 sapientiae
868 1489 1179 1545 rationibus
1226 1499 1385 1546 curat
1414 1484 1533 1555 eos,
1568 1491 1664 1561 qui
1687 1491 1971 1545 voluntate
1998 1507 2131 1561 pro-

555 1578 713 1647 pensi
749 1579 862 1633 sint
895 1597 907 1633 :
941 1580 1035 1649 qui
1073 1589 1255 1634 autem
1299 1596 1443 1651 aegre
1481 1580 1550 1635 ad
1585 1582 1845 1636 virtutem
1874 1595 2133 1636 movean-

558 1675 669 1731 tur,
706 1676 865 1721 sanat
890 1669 1495 1739 castigationismodis.

626 1757 715 1810 57.
749 1757 880 1822 Qua:
909 1773 1038 1813 vere
1086 1758 1221 1812 ﬁdes
1257 1768 1365 1823 est,
1391 1759 1597 1814 veritas
1630 1767 1736 1821 est.
1778 1759 2128 1815 mendacium

2234 597 2372 669 πρὸς
2410 598 2472 651 τὸ
2504 597 2701 669 μέτρον
2747 598 2851 669 τῆς
2895 586 3145 664 πίστεως
3191 600 3500 672 ἐρχομένην
3536 600 3808 671 ,δέξασθαι

2232 688 2332 760 τὴν
2362 688 2542 760 χάριν,
2567 689 2847 758 ἐπιλογῆς.
3207 732 3216 739 .
3675 753 3679 756 ,

2301 781 2412 846 λς’.
2453 782 2512 835 ὐ
2530 781 2639 835 τῶν
2662 781 2842 835 καλὼ
2869 780 3123 852 ἐραστὴς,
3153 780 3298 844 κατὰ
3321 782 3583 852 πρόνοιαν
3611 783 3809 851 σοφίας

2230 872 2407 942 λόγοις
2467 873 2732 936 ἑκουσίως
2774 872 3052 939 ἐπείγεται
3105 871 3244 944 πρὸς
3275 872 3375 945 τὴν
3421 873 3522 944 τῆς
3552 872 3809 938 θεώσεως

2230 965 2390 1035 χάριν
2416 980 2431 993 ·
2474 965 2503 1017 ό
2546 964 2604 1018 δέ
2658 962 2867 1016 τούτων
2912 962 3230 1033 ἀνέραστος,
3256 962 3400 1016 κατά
3441 964 3540 1033 τὴν
3586 965 3810 1020 δικαίαν

2231 1054 2436 1126 κρίσιν,
2456 1052 2706 1117 παιδείας
2733 1052 2959 1123 τρόποις
2984 1052 3254 1117 ἀκουσίως
3277 1055 3479 1117 κακίας
3504 1055 3804 1123 ἀπάγεται·

2230 1145 2259 1197 ὁ
2294 1143 2415 1213 μὲν,
2444 1143 2521 1207 ὡς
2551 1141 2797 1213 φιλόθεος
2836 1143 2926 1197 διά
2957 1143 3057 1214 τῆς
3093 1143 3360 1214 προνοίας
3415 1143 3744 1214 θεούμενος’
3774 1147 3811 1198 ὁ

2229 1233 2308 1297 δέ,
2338 1232 2425 1286 διὰ
2478 1233 2576 1301 τῆς
2644 1232 2902 1304 κρίσεως,
2942 1232 3019 1296 ὡς
3054 1232 3305 1302 φιλὸὒλος
3353 1235 3434 1296 εἰς
3480 1234 3811 1305 κατάκρισιν

2230 1325 2405 1378 ἐλθεῖν
2441 1325 2515 1396 μὴ
2544 1324 3016 1395 συγχωρούμενος.
3057 1326 3118 1383 '0
3141 1325 3249 1395 γὰρ
3275 1325 3409 1389 Θεὸς
3456 1324 3532 1388 ὡς
3578 1326 3808 1395 ἀγαθὸς,

2234 1417 2428 1485 σοφίας
2479 1416 2578 1488 μὲν
2626 1416 2808 1485 λόγοις
2836 1415 3130 1488 θεραπεύει
3174 1417 3300 1480 τοὺς
3333 1416 3589 1481 θέλοντας
3622 1433 3637 1447 ·
3674 1435 3809 1470 παι-

2229 1507 2377 1570 δείας
2432 1508 2489 1561 δὲ
2536 1507 2779 1579 τρόποις,
2825 1508 2953 1573 τοὺς
3012 1506 3148 1578 πρὸς
3195 1507 3398 1583 ἀρετὴν
3451 1508 3812 1580 δυσκινήτους

2234 1600 2356 1653 ίᾶτα
2364 1618 2401 1654 ι.

2301 1775 2400 1841 λζ’.
2425 1775 2489 1829 Ἦ
2518 1774 2618 1846 μὲν
2643 1774 2808 1838 ὅντως
2848 1773 3063 1838 πίστις,
3090 1773 3320 1844 ἀλήθειά
3352 1774 3471 1828 ἐστι
3513 1774 3812 1847 συνεκτική

553 1856 667 1901 non
690 1847 920 1912 habens,
945 1846 1065 1917 quae
1088 1849 1368 1903 contineat
1406 1864 1471 1904 ac
1522 1849 1950 1905 incolumitatem
1985 1866 2125 1921 prae-

2238 1887 2287 1923 τε
2323 1837 2416 1922 καὶ
2463 1837 2780 1938 σύστατικὴ,
2828 1864 3021 1934 ψεῦδος
3048 1837 3053 1838 7
3080 1837 3193 1919 οὐκ.
3228 1863 3429 1934 ἔχουσα
3455 1881 3469 1896 ’
3498 1864 3531 1935 ἡ
3585 1863 3642 1917 δὲ

557 1944 701 2003 stet;
741 1937 884 1991 bona
926 1953 1058 1993 vero
1088 1938 1446 2005 conscientia,
1476 1940 1585 1994 vim
1610 1941 1776 1997 infert
1824 1944 2127 2010 eharitatis,

2238 1960 2299 2031 ῡὴ
2329 1959 2662 2030 συνείδησις,
2689 1937 2791 2025 τὴν
2814 1957 2914 2027 τῆς
2945 1956 3173 2026 ἀγάπης
3209 1955 3532 2027 ἐπιφέρεται
3556 1954 3814 2024 δύναμιν,

557 2027 762 2097 quippe
796 2029 999 2082 nullam
1037 2030 1281 2084 mandati
1309 2032 1796 2101 transgressionem
1828 2035 2057 2091 habens.

2238 2027 2305 2111 ὡς
2339 2027 2612 2119 μηδεμίαν
2643 2045 2839 2118 ἔχουσα
2869 2046 3184 2117 παράϐασιν
3206 2044 3451 2115 ἐντολῆς.

627 2117 718 2174 58.
739 2118 806 2172 Et
830 2120 1167 2189 requiescant,
1196 2120 1394 2189 inquit,
1426 2138 1585 2192 super
1609 2139 1727 2177 eum
1753 2133 1950 2195 septem
1975 2128 2134 2196 spiri-

2299 2117 2412 2209 λήῆ
2436 2138 2548 2193 Kal
2563 2117 3081 2204 ἐπαναπαύσεται,
3103 2136 3289 2207 φησὶν,
3307 2136 3402 2191 ἐπ’
3425 2136 3636 2201 αὐτὸν,
3659 2135 3818 2191 ἐπτά

559 2215 679 2263 tus:
707 2210 922 2279 spiritus
943 2211 1238 2280 sapientia,
1267 2213 1483 2282 spiritus
1498 2213 1879 2286 intelligentice,
1916 2219 2132 2287 spiritus

2238 2231 2571 2299 πνεύματα·
2610 2229 2845 2300 πνεῦμα
2882 2231 3102 2299 σοφίας
3124 2270 3140 2294 ,
3193 2228 3427 2297 πνεῦμα
3476 2227 3814 2294 συνέσεως,

555 2301 807 2369 scientiis,
850 2301 1064 2372 spiritus
1107 2302 1419 2371 prudentiae,
1459 2307 1675 2374 spiritus
1715 2308 1939 2373 consilii,
1972 2308 2132 2379 567

2238 2322 2466 2390 πνεῦμα
2500 2320 2791 2391 γνώσεως,
2813 2321 3049 2391 πνεῦμα
3077 2318 3422 2389 ἐπιστήμης
3448 2320 3547 2389 (b),
3573 2318 3817 2388 πνεῦμα

559 2393 776 2462 spiritus
808 2392 1153 2461 fortitudinis,
1194 2394 1413 2464 spiritus
1444 2397 1646 2457 timoris
1677 2397 1771 2451 Dei
1814 2399 1881 2451 ⁸⁸.
1926 2399 2133 2454 Horum

562 2491 746 2536 autem
765 2483 1133 2552 spiritualium
1157 2483 1429 2538 donorum
1469 2487 1750 2555 pr0prium
1776 2498 1892 2541 est:
1920 2487 2136 2542 timoris

560 2572 807 2643 quidem,
856 2585 918 2628 ut
958 2574 1332 2630 abstineamus
1370 2591 1402 2629 a
1442 2576 1632 2641 malis;
1677 2576 2036 2643 fortitudinis,
2077 2586 2138 2634 ut

562 2661 705 2715 bona
731 2676 1061 2732 Operemur;
1091 2664 1331 2729 consilii,
1355 2674 1415 2719 ut
1433 2666 1707 2722 contraria
1731 2667 2134 2736 discernamus;

561 2755 891 2827 prudentim,
918 2767 980 2815 ut
999 2772 1121 2829 quae
1149 2757 1315 2816 ofﬁcii
1336 2768 1487 2826 sunt,
1510 2774 1642 2817 vere
1671 2776 1735 2815 ac
1759 2760 1974 2815 sincere
1994 2761 2137 2816 scia-

560 2864 719 2915 mus;
749 2850 1015 2914 scientiae,
1046 2858 1107 2904 ut
1127 2851 1308 2920 reipsa
1331 2851 1548 2907 divinas
1571 2853 1626 2907 in
1648 2850 1950 2907 virtutibus
1972 2851 2140 2906 ratio-

561 2954 661 2994 nes
702 2940 1272 3010 comprehendamus;
1314 2942 1710 3013 intelligentize,
1741 2953 1803 2999 ut
1842 2960 1911 2999 ex
1947 2958 2139 3003 eorum

561 3031 778 3086 ratione
839 3047 963 3102 qua:
1038 3033 1268 3090 scientia
1333 3036 1856 3105 comprehendimus
1911 3053 2141 3108 prorsus

2229 2410 2488 2478 βουλῆς,
2509 2410 2743 2479 πνεῦμα
2774 2412 3009 2479 ισχύος,
3025 2409 3259 2482 πνεῦμα
3266 2411 3454 2480 φόϐου
3478 2409 3814 2463 Θεοῦ.Ἔστι

2234 2503 2289 2556 δὲ
2319 2503 2445 2556 ίδιον
2461 2503 2567 2556 τῶν
2596 2503 2978 2573 πνευματικῶν
3004 2503 3207 2557 τούτων
3238 2503 3618 2577 χαρισμάτων,
3643 2502 3814 2573 φόϐου

2240 2592 2356 2662 μὲν,
2389 2593 2422 2663 ἡ
2451 2593 2630 2665 ἀποχὴ
2656 2594 2765 2647 τῶν
2797 2594 2986 2647 κακῶν
3014 2610 3027 2624 ·
3065 2593 3249 2664 ίσχύος
3279 2592 3369 2657 δὲ,
3395 2596 3431 2664 ἡ
3460 2593 3658 2662 πρᾶξις
3700 2593 3813 2646 τῶν

2236 2682 2459 2751 ἀγαθῶν
2484 2701 2498 2715 ·
2530 2684 2725 2755 βουλῆς
2749 2684 2827 2750 δὲ,
2860 2686 2893 2755 ὴ
2923 2684 3030 2738 τῶν
3067 2683 3464 2753 ἀντικειμένων
3494 2682 3773 2753 διάκρισις
3794 2698 3810 2713 ·

2238 2773 2548 2844 ἐπιστήμης
2572 2772 2652 2838 δὲ,
2680 2774 2712 2844 ἡ
2743 2774 2851 2826 τῶν
2880 2771 3231 2843 καθηκόντων
3255 2770 3543 2833 ἀνόθευτος
3562 2767 3774 2842 εἴδησις
3793 2784 3812 2803 ’

2238 2862 2494 2932 γνώσεως
2520 2862 2600 2927 δὲ,
2632 2865 2666 2937 ἡ
2702 2863 2825 2917 κατ’
2855 2862 3140 2934 ἐνέργειαν
3166 2862 3276 2915 τῶν
3317 2863 3374 2915 ἐν
3423 2864 3545 2925 ταῖς
3588 2862 3815 2931 ἀρεταῖς

2240 2956 2399 3010 θείων
2448 2956 2625 3024 λόγων
2683 2953 3012 3027 περίληψις’
3056 2955 3331 3017 συνέσεως
3363 2954 3446 3018 δέ,
3475 2955 3511 3024 ἡ
3556 2952 3697 3024 πρὸς
3744 2952 3815 3007 τά

2241 3045 2554 3118 γνωσθέντα
2599 3046 2774 3100 διόλου
2812 3046 2913 3116 τῆς
2958 3044 3140 3116 ψυχῆς
3193 3044 3534 3108 συνδιάθεσις
3563 3059 3576 3075 ·
3620 3043 3813 3112 σοφίας

556 3120 747 3177 animo
778 3121 1119 3189 afﬁciantur;
1151 3124 1454 3193 sapientiae,
1480 3125 1631 3181 nulla
1662 3127 1717 3180 vi
1743 3128 1943 3182 mentis
1981 3143 2134 3182 com-

2238 3142 2317 3208 δὲ,
2348 3141 2383 3210 ὴ
2430 3140 2569 3212 πρὸς
2620 3138 2756 3192 Θεὸν
2799 3137 3168 3206 ἀδιάγνωστος
3200 3138 3415 3201 ἐνωσις,
3447 3136 3570 3190 καθ’
3596 3137 3664 3207 ἢν
3699 3138 3816 3199 τοῖς

569 3212 842 3280 prehensa
862 3229 988 3268 cum
1024 3214 1137 3268 Deo
1164 3214 1316 3280 unio,
1343 3231 1450 3283 qua
1474 3217 1672 3285 cupido
1697 3227 1949 3272 votorum
1979 3219 2139 3273 avida

560 3302 667 3368 Vis,
689 3304 871 3373 dignis
890 3305 956 3359 in~
970 3305 1370 3375 possessionem
1393 3322 1458 3362 ac
1487 3307 1803 3364 fruitionem
1823 3309 1991 3375 cedit,
2013 3326 2140 3365 eum

560 3393 654 3462 qui
696 3395 1010 3464 participet,
1040 3412 1108 3451 ex
1149 3399 1483 3454 commercio
1520 3399 1684 3455 deum
1731 3400 1961 3466 faciens,
1996 3401 2141 3456 divi-

564 3500 759 3554 naeque
781 3485 1141 3543 beatitudinis
1175 3488 1311 3560 (jugi
1351 3489 1470 3546 sine
1521 3489 1665 3547 fastu
1689 3490 2003 3548 divinorum
2031 3508 2144 3565 my-

562 3576 862 3633 steriorum
888 3577 956 3633 ad
978 3593 1075 3634 eos
1102 3580 1195 3649 qui
1221 3596 1361 3650 opus
1390 3581 1630 3637 habeant
1660 3583 2040 3652 propositione
2056 3584 2144 3640 fu-

558 3666 806 3736 sioriqne
824 3670 1204 3741 enarratione)
1232 3672 1595 3742 interpretem
1619 3680 1906 3742 praestans.

635 3771 725 3826 '59.
758 3770 999 3842 Spiritus
1037 3775 1258 3830 timoris
1279 3776 1377 3830 Dei
1401 3785 1506 3841 est,
1539 3787 1602 3831 ut
1628 3778 1698 3832 ab
1731 3778 1800 3833 iis
1821 3795 1941 3848 qua:
1962 3780 2143 3851 reipsa

556 3862 709 3923 snala
760 3874 888 3920 sunt
945 3865 1173 3937 ipsoque
1225 3855 1393 3937 opere
1447 3867 1855 3937 abstineamus;
1917 3872 2145 3941 spiritus

562 3951 927 4020 fortitudinis,
950 3966 1206 4027 prompta
1244 3959 1415 4014 animi
1454 3960 1705 4015 incitatio
1751 3970 2042 4033 motusque
2073 3964 2141 4019 ad

560 4046 915 4114 exsequenda
943 4063 1111 4117 reque
1146 4049 1262 4118 ipsa
1296 4051 1611 4121 peragenda
1653 4053 1949 4121 mandata;
1981 4055 2146 4125 spiri-

566 4137 661 4186 tus
694 4133 930 4198 consilii,
981 4134 1204 4189 habitus
1228 4134 1601 4202 discretionis,
1632 4153 1767 4207 quo,
1803 4140 2017 4196 ratione
2050 4157 2145 4196 co-

564 4222 725 4285 mite.
760 4223 948 4278 divina
983 4226 1240 4279 mandata
1277 4226 1655 4295 exsequimur,
1686 4227 1929 4297 vitiaque
1951 4243 1984 4282 a
2028 4228 2144 4284 vir-

570 4313 785 4368 tutibus
813 4314 1212 4383 discernimus;
1264 4317 1492 4386 spiritus
1543 4318 1888 4387 prudentiae,
1949 4320 2145 4376 modo-

570 4417 695 4455 rum
742 4403 949 4471 quibus
1010 4405 1153 4459 actio
1190 4406 1476 4475 virtusque
1512 4407 1746 4472 colatur,
1770 4416 1920 4465 certa
1966 4408 2146 4464 ﬁrma-

2239 3236 2412 3302 ἀξίοις
2435 3237 2469 3305 ἡ
2502 3236 2691 3302 ἔφεσις
2728 3231 3028 3297 ἀπόλαυσις
3054 3236 3286 3301 γίνεται,
3331 3229 3549 3307 μεθέξει
3580 3228 3815 3284 ποιοῦσα

2238 3324 2373 3379 Θεὸν
2400 3323 2493 3377 τὸν
2527 3324 2843 3392 μετέχοντα,
2870 3323 2964 3376 καὶ
2990 3320 3089 3390 τῆς
3125 3320 3276 3385 θείας
3305 3320 3469 3376 αὐτὸν
3525 3318 3815 3389 ὑποφήτην

2239 3411 2558 3468 καθιστῶσα
2603 3410 3029 3481 μακαριότητος,
3057 3412 3199 3464 κατά
3244 3410 3343 3481 τὴν
3395 3409 3622 3463 ἀένναον
3673 3408 3817 3478 πρὸς

2238 3506 2367 3567 τοὺς
2411 3502 2699 3572 δεομένους
2728 3503 2837 3556 τῶν
2866 3501 3026 3557 θείων
3071 3502 3402 3574 μυστηρίων,
3432 3500 3820 3569 ἀνεκπόμπευ-

2239 3612 2332 3649 τον
2358 3593 2630 3666 προϐολὴν
2659 3595 2755 3648 καὶ
2783 3593 3034 3659 διέξοδον.

2311 3772 2411 3827 λθ’.
2440 3771 2517 3825 Τὸ
2536 3771 2754 3841 πνεῦμα
2779 3769 2874 3823 τοῦ
2904 3768 3069 3839 φόϐου
3091 3770 3189 3823 τοῦ
3216 3768 3373 3835 Θεοῦ,
3390 3770 3501 3823 τῶν
3524 3770 3647 3825 κατ’
3669 3772 3820 3842 ἐνέρ-

2241 3882 2394 3934 γειαν
2420 3862 2607 3918 κακῶν
2637 3862 2785 3915 ἐστιν
2808 3860 2985 3932 ἀποχὴ
3017 3875 3031 3891 °
3066 3858 3129 3913 τὸ
3157 3859 3216 3912 δὲ
3244 3858 3460 3930 πνεῦμα
3482 3861 3581 3931 τῆς
3609 3861 3815 3931 ἰσχύος,

2242 3954 2275 4026 ὴ
2308 3955 2446 4025 πρὸς
2478 3952 2757 4024 ἐνέργειαν
2790 3951 2884 4003 καὶ
2902 3949 3100 4020 πρᾶξιν
3135 3949 3246 4003 τῶν
3275 3948 3505 4004 ἐντολῶν
3538 3949 3819 4020 πρόθυμος

2241 4044 2389 4115 ὁρμὴ
2421 4041 2518 4097 καὶ
2544 4042 2760 4112 κίνησις
2791 4054 2810 4071 ο
2843 4039 2908 4093 τὸ
2933 4038 2992 4092 δέ
3026 4039 3245 4110 πνεῦμα
3270 4039 3368 4110 τῆς
3395 4038 3613 4109 βουλῆς,
3640 4042 3673 4111 ἠ
3700 4040 3817 4105 ἕξις

2242 4136 2343 4205 τῆς
2369 4131 2714 4203 διακρίσεως,
2748 4129 2870 4184 καθ’
2899 4130 2968 4201 ἢν
2995 4130 3092 4183 σὺν
3130 4129 3275 4200 λόγῳ
3316 4129 3415 4192 τὰς
3463 4129 3615 4192 θείας
3645 4131 3822 4201 πράτ-

2241 4240 2409 4295 τομεν
2451 4223 2690 4286 ἐντολὰς,
2720 4220 2955 4276 καὶτῶν
3000 4220 3328 4290 κρειττόνων
3381 4218 3700 4291 διαιροῦμεν
3749 4219 3822 4274 τά

2245 4315 2465 4388 χείρονα
2498 4332 2511 4346 ·
2542 4314 2604 4368 τὸ
2629 4313 2687 4368 δέ
2721 4310 2941 4382 πνεῦμα
2971 4310 3074 4380 τῆς
3103 4311 3437 4382 ἐπιστήμης,
3470 4312 3503 4380 ἡ
3536 4311 3646 4363 τῶν
3691 4310 3821 4364 κατ’

2244 4406 2447 4478 ἀρετὴν
2492 4405 2583 4475 τῆς
2610 4402 2861 4475 πράξεως
2888 4402 3101 4473 τρόπων
3128 4400 3379 4465 amco;
3418 4401 3623 4473 είδησις
3647 4418 3663 4433 ο
3693 4402 3822 4455 καθ’

571 4508 678 4562 que
701 4494 938 4564 cognitio
960 4533 974 4557 ,
1010 4510 1119 4564 qua
1149 4496 1384 4566 agendo,
1431 4513 1463 4554 a
1488 4507 1643 4555 recto
1682 4499 1915 4556 rationis
1934 4501 2138 4572 judicio

2249 4499 2323 4568 ἢν
2349 4496 2698 4565 πράττοντες,
2735 4492 2841 4562 τῆς
2868 4489 3036 4562 ὀρθῆς
3058 4488 3155 4543 τοῦ
3194 4489 3356 4557 λόγου
3386 4488 3622 4559 κρίσεως
3658 4490 3822 4542 οὖδα-

568 4600 848 4655 nunquam
872 4587 1179 4642 excidimus
1195 4604 1209 4654 ;
1225 4589 1452 4659 Spiritus
1468 4591 1732 4658 scientiae,
1757 4592 2141 4649 mandatorum

571 4674 738 4745 inque
780 4677 888 4732 illis
941 4679 1319 4735 cxsistcntium
1367 4682 1643 4739 rationum
1668 4721 1683 4749 ,
1709 4683 1913 4752 quibus
1961 4684 2142 4739 consi-

570 4773 724 4820 stunt
751 4767 1012 4823 virtutum
1040 4769 1208 4834 modi,
1246 4772 1667 4840 comprehensio
1691 4788 1707 4837 ;
1737 4773 1966 4843 spiritus
1981 4773 2145 4830 intel-

568 4856 905 4928 ligentize,ex
933 4861 1197 4917 virtutum
1223 4864 1401 4919 modis
1425 4880 1490 4920 ac
1511 4865 1821 4921 rationibus
1838 4864 1998 4930 afﬁci,
2026 4866 2144 4921 sive

573 4959 634 5004 ut
656 4952 1074 5008 convenientius
1106 4962 1271 5024 atque
1302 4956 1484 5025 aptius
1512 4956 1731 5026 loquar,
1765 4957 1824 5011 in
1855 4972 1921 5012 ea
1960 4967 2143 5012 trans-

576 5040 780 5094 mutari
815 5056 967 5111 :qua
1014 5043 1470 5100 transmutatione
1507 5045 1969 5102 naturalesvires
2017 5059 2144 5100 cum

643 5195 688 5230 “
712 5196 815 5254 lsa.
850 5214 924 5265 ιι,
952 5198 1007 5265 2,
1035 5201 1086 5256 5.

644 5348 1011 5423 (ὑλῌνεῦέια
1046 5349 1400 5423 ἐπιστήμης.
1446 5349 1687 5423 [labent_
1705 5347 1890 5423 LXX_._
1918 5349 2135 5423 πνεῦμα

577 5418 880 5498 εὐσεϐείας.
914 5419 1071 5498 vulg.
1120 5419 1349 5498 Spiritus
1405 5419 1789 5498 pietatiszlpse
1830 5418 2131 5498 :‘laximus.

575 5497 722 5559 cent.
754 5504 826 5551 ιν,
851 5505 919 5543 ex
949 5489 1035 5544 his
1059 5489 1305 5559 quinque
1343 5489 1487 5545 c.‘79
1524 5496 1581 5545 ct
1609 5490 1696 5559 80,
1728 5489 2134 5559 πνεῦμα-εὐσε-

578 5558 729 5629 βείας
761 5568 817 5613 et
849 5559 964 5629 ipse
991 5557 1177 5614 habet.
1217 5557 1389 5614 Arab.
1425 5575 1561 5613 rem
1606 5558 1899 5629 religionis.
1933 5557 2133 5629 verum

577 5626 696 5680 haec
727 5643 794 5707 es
820 5626 1007 5707 _llebr.
1064 5644 1175 5684 non
1229 5629 1576 5707 prodierunt_
1601 5626 1932 5707 immediate.
1964 5626 2131 5707 llebr.

580 5711 749 5768 unum
782 5696 1036 5768 idemque
1064 5696 1262 5753 nomen
1305 5706 1410 5761 est,
1434 5697 1578 5768 quod
1610 5698 1791 5768 statim
1836 5711 1951 5768 seq.
1981 5697 2135 5768 timor

580 5763 860 5824 redditur.
891 5763 966 5827 Ac
991 5767 1131 5824 forte
1162 5763 1483 5838 scripserint
1507 5767 1555 5820 οἱ
1587 5763 1943 5835 ιΧΧπιιεῦμςα
1977 5764 2135 5817 εὐλα-

2253 4586 2371 4655 μῶς
2420 4582 2695 4652 πίπτομεν
2722 4593 2735 4608 ⁶
2784 4580 2846 4633 τὸ
2876 4579 2933 4632 δὲ
2957 4577 3178 4648 πνεῦμα
3205 4581 3306 4649 τῆς
3333 4577 3608 4646 γνώσεως,
3641 4580 3678 4647 ἡ
3707 4578 3823 4631 τῶν

2246 4673 2479 4730 ἐντολῶν
2499 4674 2598 4728 καὶ
2617 4672 2726 4729 τῶν
2772 4673 2830 4726 ἐν
2862 4671 3052 4734 αὐταῖς
3098 4670 3273 4738 λόγων
3325 4669 3637 4741 περίληψις,
3695 4669 3823 4723 καθ’

2244 4766 2341 4830 οὓς
2380 4768 2428 4819 ot
2477 4764 2670 4836 τρόποι
2696 4763 2804 4817 τῶν
2831 4761 3041 4832 ἀρετῶν
3070 4759 3431 4830 συνεστήκασι
3461 4776 3478 4792 ο
3514 4760 3739 4830 πνεῦμα
3761 4760 3823 4815 δι

2248 4855 2519 4921 συνέσεώς
2546 4859 2717 4921 ἐστιν,
2743 4855 2777 4926 ἠ
2801 4853 2936 4924 πρὸς
2964 4854 3089 4917 τοὺς
3111 4853 3342 4924 τρόπους
3360 4851 3455 4906 καὶ
3481 4853 3607 4915 τοὺς
3626 4851 3823 4919 λόγους

2243 4950 2356 5003 τῶν
2413 4948 2626 5018 ἀρετῶν
2675 4940 3185 5015 συγκατάθεσις,’ἢ
3243 4941 3575 5014 κυριώτερον
3616 4943 3822 5009 εἰπεῖν,

2246 5039 2631 5114 μεταποίησις,
2682 5037 2804 5092 καθ’
2840 5038 2908 5091 ἣν
2942 5036 3242 5105 σύγκρασις
3271 5034 3486 5104 γίνεται
3513 5033 3622 5086 τῶν
3659 5051 3823 5102 φύσιν·

2241 5346 2396 5409 ϐείας
2423 5363 2452 5418 -_
2475 5344 2572 5418 qui
2597 5343 2670 5398 sit
2689 5338 2920 5418 spiritus
2952 5340 3173 5418 timoris
3215 5336 3665 5418 castidnodesti,
3699 5354 3815 5418 _re-

2240 5407 2532 5472 verentiali
2563 5429 2629 5468 ac
2661 5407 2926 5488 religiosi.
2952 5410 3188 5467 Videtur
3230 5407 3323 5461 hic
3366 5407 3635 5488 Maximus
3694 5409 3821 5488 iga-

2242 5488 2458 5567 ςςεήμην
2483 5498 2596 5567 m9.
2620 5475 2914 5567 radiati?
2944 5475 3819 5567 “59'03'93‘3,_P3{E‘P“EE-_!!‘

2238 5546 2386 5609 dicio
2413 5546 2734 5624 agibilium;
2770 5556 2912 5603 utet
2939 5546 3161 5624 γνῶσὶν,
3189 5559 3291 5619 pro
3332 5546 3547 5624 judicio
3593 5547 3825 5624 univcr-

2242 5624 2377 5685 sali,
2434 5613 2499 5695 εἷο
2558 5634 2669 5689 ιιιιο
2723 5613 2910 5695 rerum
2952 5613 3207 5695 rationes"
3256 5613 3818 5695 comprehendamus.

2244 5691 2463 5760 Alioqui
2498 5686 2689 5762 notum
2710 5686 2844 5762 quid
2883 5689 3183 5762 ἐπιστήμη,
3225 5694 3281 5744 et
3342 5686 3574 5739 scicntia
3615 5686 3822 5741 stricta

2246 5756 2423 5825 dicte,
2465 5756 2830 5832 philosophis.
