4094 6204
312 357 450 429 1277

981 355 1314 419 CAPITUM
1351 355 1774 428 QUINQU'IES
1811 356 2333 423 CENTENORUM
2369 364 2756 427 CENTURIA
2793 369 2907 428 III.

3415 368 3549 432 ἱεὶῗὸ

307 469 422 527 κῶν
441 466 719 538 δυνάμεων
754 467 889 538 πρὸς
935 470 1062 530 τοῦς
1086 467 1320 533 τρόπους
1374 468 1470 522 καὶ
1521 469 1646 532 τοὺς
1691 468 1884 537 λόγους

1989 474 2164 530 modis
2222 475 2642 549 rationibusque
2711 479 3088 536 mandatorum
3146 482 3548 553 eontemperari

309 559 420 612 τῶν
443 558 671 612 ἐντολῶν
702 573 716 587 ⁸
753 556 976 628 πνεῦμα
1003 557 1058 611 δὲ
1097 557 1289 627 σοφίας
1328 559 1497 624 ἐστὶν,
1530 561 1564 628 ἡ
1605 559 1740 630 πρὸς
1785 560 1883 630 τὴν

311 649 494 704 αἰτίαν
523 647 630 701 τῶν
655 649 712 701 ὲν
744 650 865 712 ταῖς
891 647 1132 712 ἐντολαῖς
1161 650 1687 721 πνευματικωτέρων
1713 649 1884 718 λόγων

311 741 579 812 ἀνάληψις
622 759 682 795 τε
727 743 823 796 καὶ
855 741 1072 808 ἓνωσις,
1115 742 1238 796 καθ’
1265 743 1332 814 ἢν
1355 725 1652 810 ἀγνώστως
1669 743 1795 807 τοὺς
1828 747 1886 797 ὲν

312 832 452 902 Θεῷ,
483 833 626 887 κατὰ
652 833 712 886 τὸ
760 833 979 904 θεμιτὸν
1005 833 1335 905 ἀνθρώποις,
1367 834 1554 898 ἁπλῶς
1590 833 1884 904 μυούμενοι

311 927 420 981 τῶν
447 927 615 982 όντων
641 928 850 996 λόγους,
876 929 952 990 ὡς
980 927 1043 982 ἐκ
1063 945 1210 991 τινος
1259 928 1661 1000 βλυστανούσης
1701 929 1886 1000 πηγῆς

311 1019 411 1088 τῆς
439 1018 690 1089 καρδίαςο
731 1021 829 1090 τὴν
881 1020 938 1072 ὲν
983 1021 1097 1083 τοῖς
1139 1019 1283 1083 ὅλοις
1329 1020 1587 1091 ἀλήθειαν
1624 1020 1886 1082 ποικίλως

311 1112 425 1174 τοῖς
443 1109 623 1172 ἄλλοις
651 1109 961 1181 ἀνθρώποις
990 1110 1394 1182 προσφέρομεν.

385 1219 459 1289 μ’.
485 1220 619 1274 Ἀπὸ
640 1220 738 1291 μὲν
758 1221 860 1274 τῶν
879 1223 943 1274 ἐκ
962 1221 1098 1275 Θεοῦ
1115 1222 1459 1290 τελευταίων,
1483 1225 1616 1294 ἡμῖν
1640 1225 1888 1296 δὲιπροσ-

313 1309 474 1380 εχῶν,
528 1311 620 1364 ἐπὶ
655 1311 726 1364 τά
757 1312 972 1383 πρῶτα,
1023 1312 1117 1366 καὶ
1159 1313 1314 1384 ἡμῶν
1347 1314 1444 1384 μὲν
1473 1317 1680 1388 πόρρω,
1719 1317 1797 1387 τῷ
1831 1318 1888 1370 δὲ

312 1399 432 1471 Θεῷ
459 1402 723 1472 προσεχῆ,
745 1401 868 1455 καθ’
893 1402 1012 1456 ὁδὸν
1041 1403 1135 1456 καὶ
1158 1403 1313 1468 τάξιν
1335 1404 1719 1475 ἀναόαίνομεν.
1756 1405 1888 1458 Ἀπὸ

313 1491 422 1563 γὰρ
447 1493 544 1563 τῆς
563 1493 755 1561 ἀργίας
781 1493 890 1546 τῶν
924 1493 1110 1548 κακῶν
1141 1495 1231 1548 διὰ
1261 1494 1453 1562 φόϐου,
1494 1496 1588 1549 ἐπὶ
1637 1495 1737 1568 τὴν
1779 1497 1889 1551 τῶν

312 1583 526 1653 ἀρετῶν
553 1583 619 1636 δι’
659 1584 840 1654 ίσχύος
869 1585 1145 1655 ἐρχόμεθα
1171 1586 1372 1656 πρᾶξιν
1403 1603 1417 1618 ο
1451 1587 1633 1640 ἀπὸδὲ
1652 1587 1752 1657 τῆς
1781 1588 1890 1642 τῶν

313 1674 525 1744 ἀρετῶν
582 1676 854 1745 πράξεως,
906 1677 1001 1730 ἐπὶ
1039 1677 1138 1746 τὴν
1186 1676 1460 1747 διάκρισιν
1504 1675 1604 1747 τῆς
1647 1677 1841 1748 βουλῆς
1871 1691 1885 1706 ·

311 1766 421 1820 ἀπὸ
447 1766 504 1819 δὲ
531 1767 627 1836 τῆς
663 1767 1012 1838 διακρίσεως,
1069 1769 1162 1822 ἐπὶ
1188 1768 1286 1839 τὴν
1330 1767 1444 1834 ἕξιν
1494 1769 1604 1822 τῶν
1655 1769 1887 1841 ἀρετῶν,

312 1856 480 1927 ἠγουν
507 1857 820 1928 ἐπιστήμην
851 1873 864 1888 ⁸
907 1858 1015 1912 ἀπὸ
1057 1860 1112 1913 δὲ
1163 1861 1260 1931 τῆς
1305 1861 1468 1927 ἕξεως
1511 1862 1623 1916 τῶν
1655 1863 1885 1933 ἀρετῶν,

315 1949 409 2002 ἐπὶ
459 1951 558 2022 τὴν
607 1953 811 2020 γνῶσιν
845 1954 952 2010 τῶν
980 1957 1037 2008 ὲν
1063 1956 1252 2020 αὐταῖς
1272 1958 1394 2019 ταῖς
1419 1957 1639 2026 ἀρεταῖς
1665 1956 1838 2025 λόγων
1872 1973 1886 1988 ·

317 2039 426 2094 ἀπὸ
445 2042 501 2095 δὲ
528 2042 751 2114 ταύτης,
782 2046 860 2107 είς
881 2043 979 2116 τὴν
996 2047 1131 2117 πρὸς
1163 2048 1289 2111 τοὺς
1309 2048 1680 2117 ἐγνωσμένους
1701 2048 1892 2117 λόγους

315 2131 426 2187 τῶν
473 2134 684 2205 ἀρετῶν
733 2138 1164 2208 μεταποιητικὴν
1207 2137 1340 2205 ’ἐξινο
1377 2139 1520 2209 φημὶ
1553 2139 1734 2210 δὲτὴν
1765 2140 1890 2192 σύν-

315 2235 431 2276 εσιν
457 2239 472 2253 ·
507 2223 603 2276 καὶ
635 2225 744 2278 ἀπὸ
778 2225 1005 2297 ταύτης,
1043 2226 1122 2289 εἰς
1176 2227 1275 2297 τὴν
1303 2227 1484 2297 ἁπλῆν
1515 2226 1615 2296 τῆς
1649 2227 1706 2279 ὲν
1749 2226 1893 2288 ὅλοις

316 2311 574 2382 ἀληθείας
610 2315 815 2386 ἀκριϐῆ
857 2316 1092 2388 θεωρίαν
1124 2333 1139 2347 ·
1175 2317 1268 2386 ἀφ’
1303 2311 1372 2389 ἦς
1407 2314 1739 2388 ὁρμώμενοι,
1765 2317 1892 2370 πολ-

316 2402 444 2467 λοὺς
497 2405 592 2459 καὶ
643 2407 922 2471 ποικίλους
963 2409 1026 2461 ὲκ
1057 2410 1157 2479 τῆς
1195 2408 1305 2460 τῶν
1336 2407 1508 2462 ὄντων
1532 2407 1806 2478 αἰσθητῶν
1831 2424 1890 2460 τε

316 2496 412 2549 καὶ
431 2496 641 2568 νοητῶν
672 2497 874 2552 οὐσιῶν
909 2499 1083 2568 σοφῆς
1107 2499 1364 2570 θεωρίας,
1415 2498 1659 2562 εὐσεϐεῖς
1701 2498 1892 2568 λόγους

317 2587 447 2660 περὶ
475 2588 577 2659 τῆς
604 2588 866 2654 άλνθείας
893 2588 1273 2644 ἀποδώσομεν.

391 2888 502 2953 μα’.
533 2882 607 2937 Τὸ
635 2881 772 2947 πρὸς
802 2881 948 2952 ἡμᾶς
969 2881 1091 2934 κατ’
1122 2879 1408 2951 ἐνέργειαν
1434 2880 1648 2952 πρῶτον
1666 2870 1888 2950 ἀγαθὸν,

1923 1819 1961 1872 Β

1984 565 2297 636 contingit;
2363 568 2593 637 spiritus
2655 571 2976 639 sapientiaa,
3040 571 3434 640 spiritaliorum
3492 569 3554 626 in

1983 659 2256 715 mandatis
2274 661 2544 715 rationum
2592 665 2646 716 in
2691 662 2987 717 Auctorem
3010 673 3064 718 et
3089 679 3308 718 causam
3342 679 3555 718 assum-~

1985 753 2102 824 ptio
2133 753 2397 823 unioque,
2425 770 2554 823 qua,
2580 754 2763 825 ignota
2797 755 3030 818 ratione,
3055 771 3175 824 quae
3198 757 3251 808 in
3279 756 3390 810 Deo
3425 768 3555 810 sunt

1986 861 2169 899 rerum
2194 845 2433 900 rationes
2460 846 2783 915 simpliciter
2817 845 3018 915 (quoad
3042 846 3358 901 hominibus
3403 846 3551 913 licet)

1985 934 2210 1011 edocti,
2271 936 2423 990 velut
2477 951 2544 990 ex
2584 935 2769 990 cordis
2823 936 3058 1005 quadam
3115 937 3445 1006 scaturigine
3490 951 3554 991 ac

1985 1026 2136 1082 fonte
2159 1068 2174 1092 ,
2211 1028 2570 1082 exsistentem
2620 1026 2675 1081 in
2717 1027 2992 1082 universis
3024 1028 3310 1082 veritatem
3333 1069 3348 1093 ,
3406 1029 3554 1083 varie

1987 1116 2112 1172 aliis
2129 1116 2452 1172 hominibus
2484 1117 2877 1188 expromimus.

2056 1231 2142 1284 40.
2173 1230 2256 1284 Ab
2277 1230 2343 1285 iis
2372 1247 2492 1300 quae
2518 1246 2548 1285 a
2577 1231 2688 1286 Deo
2712 1239 2984 1301 postrema
3013 1241 3159 1294 sunt,
3186 1230 3346 1285 nobis
3372 1239 3554 1283 autem

1987 1321 2238 1391 proxima
2279 1322 2539 1391 velutque
2579 1322 2864 1386 haerentia,
2893 1323 2958 1376 ad
2995 1321 3191 1391 prima,
3213 1329 3375 1389 atque
3405 1336 3434 1374 a
3457 1337 3554 1373 no-

1988 1419 2074 1474 bis
2098 1417 2320 1489 quidem
2346 1425 2581 1483 remota,
2633 1418 2747 1472 Deo
2785 1426 2968 1471 autem
2998 1417 3270 1486 proxima,
3317 1416 3398 1469 via
3426 1430 3560 1484 qua-

1989 1510 2113 1564 dam
2164 1509 2469 1578 ordineque
2516 1508 2887 1564 ascendimus.
2938 1507 3021 1561 Ah
3062 1522 3128 1561 eo
3159 1507 3304 1560 enim
3347 1505 3493 1574 quod
3529 1521 3559 1560 a

1989 1598 2148 1653 malis
2182 1614 2283 1667 per
2303 1599 2556 1651 timorem
2581 1598 2971 1660 abstineamus,
3003 1596 3070 1650 ad
3095 1597 3360 1650 virtutum
3391 1610 3558 1664 opera

1988 1702 2085 1758 per
2110 1687 2485 1742 fortitudinem
2509 1687 2812 1756 prmstanda
2836 1686 3118 1750 venimus;
3155 1700 3185 1738 a
3211 1684 3561 1754 praestatione

1991 1779 2155 1850 568
2190 1787 2374 1833 autem
2403 1778 2696 1842 virtutum,
2739 1775 2807 1831 ad
2833 1775 3046 1831 consilii
3083 1775 3502 1839 discretionem;
3531 1791 3563 1828 a

1991 1871 2324 1925 discretione
2349 1877 2557 1934 autem,
2590 1867 2656 1922 ad
2691 1868 2960 1922 virtutum
2986 1867 3258 1930 habitum,
3292 1867 3406 1919 sive
3434 1881 3564 1935 pru-

1991 1962 2263 2025 dentiam;
2309 1976 2339 2014 a
2370 1959 2639 2014 virtutum
2691 1967 2876 2013 autem
2921 1957 3136 2021 habitu,
3179 1956 3247 2010 ad
3285 1955 3563 2008 rationum

1991 2051 2047 2104 in
2084 2051 2384 2105 virtutibus
2415 2049 2549 2120 ipsis
2580 2049 2897 2113 scientiam;
2933 2049 3001 2102 ab
3032 2048 3256 2116 illaque,
3300 2046 3368 2099 ad
3401 2045 3562 2099 habi-

1991 2149 2107 2195 tum
2144 2156 2255 2211 quo
2309 2140 2377 2194 ad
2421 2140 2731 2209 exploratas
2777 2137 2938 2192 nobis
2986 2139 3257 2191 virtutum
3314 2136 3562 2189 rationes

1991 2230 2365 2285 convertimur
2400 2231 2453 2283 in
2472 2244 2672 2298 easque
2700 2237 3153 2288 transmutamur,
3181 2239 3376 2293 nempe
3398 2223 3563 2277 intel-

1991 2321 2305 2392 ligentiam;
2347 2327 2510 2389 atque
2542 2319 2608 2373 ab
2637 2318 2763 2382 hoc,
2800 2316 2865 2370 ad
2894 2315 3200 2385 simplicem
3238 2313 3487 2374 veritatis
3509 2313 3564 2366 in

1992 2411 2270 2467 universis
2324 2417 2634 2465 accuratam
2704 2408 3278 2476 contemplationem:
3333 2421 3400 2460 ex
3456 2421 3562 2474 qua

1991 2502 2224 2574 profecti
2259 2501 2480 2572 orsique
2505 2542 2518 2566 ,
2554 2501 2744 2571 plures
2767 2507 2930 2568 atque
2980 2497 3249 2561 diversas,
3284 2511 3351 2550 ex
3379 2511 3563 2549 rerum

1994 2603 2109 2649 tum
2136 2609 2257 2664 qua:
2283 2594 2337 2647 in
2371 2607 2590 2648 Sensum
2619 2591 2843 2655 cadunt,
2871 2598 2986 2644 tum
3011 2605 3130 2660 quae
3157 2596 3338 2643 mente
3366 2587 3565 2642 intelli-

1992 2694 2216 2757 guntur,
2261 2683 2455 2754 pietati
2485 2684 2759 2738 haerentes
2783 2682 2850 2737 de
2875 2681 3104 2736 veritate
3151 2679 3446 2735 reddemus
3477 2694 3564 2732 ra-

1994 2778 2194 2832 tiones.

2063 2892 2152 2948 Al.
2187 2891 2428 2946 Primum
2452 2889 2633 2960 quoad
2671 2903 2769 2942 nos
2803 2887 2857 2941 in
2892 2893 3016 2940 actu
3051 2885 3279 2948 bonUm,
3311 2880 3564 2934 timorem

317 2975 451 3045 ὅπερ
499 2972 646 3026 ἐστὶν
681 2973 709 3025 ὁ
766 2971 948 3040 φόϐος,
1003 2971 1310 3026 τελευταῖον
1343 2971 1767 3043 ἀπηριθμήσατο
1793 2971 1887 3042 τῆς

1995 2981 2224 3045 scilicet,
2257 2988 2594 3049 postremum
2633 2974 2912 3032 recensuit
2953 2973 3267 3042 Scriptura,
3304 2980 3564 3039 tanquam

316 3062 540 3135 Γραφῆς
561 3063 588 3115 ό
609 3061 787 3129 λόγος,
811 3060 886 3123 ὡς
911 3059 1103 3128 σοφίας
1131 3060 1329 3132 ἀρχὴν,
1353 3060 1446 3128 ἀφ’
1469 3052 1529 3113 οὗ
1562 3059 1888 3130 κινούμενοι,

1994 3069 2276 3139 sapientiae
2302 3067 2632 3138 principium
2659 3083 2673 3131 ;
2711 3082 2742 3120 a
2775 3080 2884 3134 quo
2908 3063 3073 3134 ducto
3109 3069 3288 3114 motus
3313 3058 3561 3121 exordio,

318 3154 452 3226 πρὸς
490 3152 551 3205 τὸ
581 3152 680 3222 τῆς
717 3151 908 3220 σοφίας
935 3150 1088 3214 τέλος
1112 3149 1209 3221 τὴν
1243 3148 1460 3203 σύνεσιν
1483 3148 1577 3220 (c),
1609 3148 1887 3202 ἀναόαίνο-

1993 3162 2060 3217 ad
2085 3162 2365 3232 sapientia:
2386 3160 2550 3214 ﬁnem
2578 3157 2655 3230 (id
2687 3165 2790 3218 est,
2833 3152 3274 3225 intelligentiam)
3299 3151 3522 3207 escendi
3547 3181 3561 3190 ι

320 3261 440 3317 μεν,
486 3242 605 3315 μεθ’
643 3243 709 3315 ῆν
757 3243 1043 3314 προσεχεῖς
1095 3240 1246 3314 αὐτῷ
1303 3240 1567 3312 γινόμεθα
1617 3241 1698 3313 τῷ
1749 3239 1887 3312 Θεῷ,

322 3334 489 3403 μόνην
540 3332 638 3403 τὴν
696 3331 886 3401 σοφίαν
937 3331 1039 3404 τῆς
1091 3333 1230 3402 πρὸς
1263 3333 1424 3386 αὐτὸν
1454 3331 1699 3396 ἐνώσεως
1733 3350 1891 3404 μεσι-

318 3424 577 3480 τεύουσαν
622 3423 860 3494 ἔχοντες.
891 3423 965 3477 Οὐ
1003 3424 1110 3494 γάρ
1133 3425 1248 3476 ὲστι
1279 3413 1504 3477 δυνατὸν
1533 3423 1892 3477 ἐπιλαϐέσθαι

321 3516 531 3584 σοφίας,
570 3514 660 3569 τδν
687 3514 761 3585 μὴ
795 3514 1063 3585 πρότερον
1089 3514 1178 3567 διὰ
1204 3513 1299 3567 τοῦ
1328 3515 1514 3584 φόϐου,
1553 3515 1650 3568 καὶ
1675 3514 1783 3566 τῶν
1804 3512 1892 3565 διὰ

321 3606 487 3677 μέσου
515 3604 719 3658 λοιπῶν
746 3603 1119 3675 χαρισμάτων,
1154 3603 1254 3673 τὴν
1290 3620 1350 3655 τε
1384 3602 1681 3674 λήμηνιτῆς
1712 3601 1892 3670 ἀγνοί-

319 3714 406 3760 ας,
446 3697 541 3750 καὶ
575 3695 667 3750 τὸν
728 3695 827 3766 τῆς
873 3694 1074 3756 κακίας
1126 3693 1424 3765 κονιορτὸν,
1463 3691 1657 3746 ἑαυτοῦ
1691 3707 1894 3745 παντε-

317 3785 426 3849 λῶς
448 3785 906 3854 ἀποσεισάμενον.
954 3784 1053 3838 Διά
1093 3783 1251 3837 τοῦτο
1305 3781 1422 3854 Θεῷ
1481 3783 1600 3853 μὲν,
1647 3783 1891 3854 προσεχῆ

317 3879 415 3948 τὴν
456 3878 645 3947 σοφίαν
678 3916 692 3942 ,
730 3876 863 3948 ἡμῖν
900 3874 978 3943 δὲ,
1013 3875 1105 3929 τὸν
1138 3874 1301 3946 φόϐον
1358 3875 1392 3944 ἡ
1451 3873 1695 3945 γραφικὴ
1742 3873 1892 3940 τάξις

320 3965 587 4041 διέθηκεν,
639 3969 724 4023 ἵνα
788 3970 950 4039 ἡμεῖς
998 3968 1248 4038 εὐταξίας
1309 3967 1570 4038 μάθωμεν
1623 3967 1746 4038 ὅρον
1800 3967 1894 4021 καὶ

318 4059 501 4130 νόμον.

395 4172 504 4244 μ6’.
535 4174 633 4226 Διὰ
659 4173 865 4225 τούτων
891 4165 982 4224 οὖν
1028 4154 1411 4234 ἀναϐαίνοντες
1449 4169 1556 4224 τῶν
1600 4168 1894 4240 ὀφθαλμῶν

317 4264 420 4333 τῆς
473 4264 728 4327 πίστεως,
784 4263 950 4333 ἠγουν
979 4262 1294 4332 φωτισμῶν,
1331 4262 1466 4332 πρὸς
1490 4260 1588 4332 τὴν
1615 4261 1764 4315 θείαν
1795 4262 1892 4331 τῆς

323 4354 515 4422 σοφίας
563 4353 908 4424 συναγόμεθα
953 4354 1157 4424 μονάδα
1184 4370 1198 4385 ο
1252 4354 1350 4426 τὴν
1403 4355 1778 4424 γεγενημένην
1823 4352 1890 4406 δι’

321 4445 468 4515 ἡμᾶς
521 4443 626 4497 τῶν
677 4447 1032 4517 χαρισμάτων
1081 4445 1366 4515 διαίρεσιν,
1401 4447 1538 4518 πρὸς
1579 4444 1677 4516 τὴν
1708 4444 1888 4497 αἰτίαν

322 4536 427 4590 τῶν
475 4537 832 4608 χαρισμάτων
867 4538 1216 4606 συνάγοντες,
1253 4540 1371 4602 ταῖς
1410 4536 1550 4591 κατὰ
1583 4537 1746 4607 μέρος
1775 4535 1882 4588 τῶν

321 4628 529 4695 ἀρετῶν
554 4628 876 4693 ἀναϐάσεσι,
925 4631 1092 4701 μηδὲν
1121 4629 1231 4683 τῶν
1278 4629 1583 4701 εἰρημένων
1623 4627 1884 4698 συνεργίᾳ

320 4717 455 4772 Θεοῦ
481 4721 1012 4792 παραλιμπάνοντες,
1040 4722 1126 4775 ἵνα
1153 4722 1226 4793 μὴ
1254 4723 1374 4776 κατ’
1409 4721 1588 4789 ὀλίγον
1625 4717 1889 4789 ἀμελοῦν-

317 4829 428 4876 τες,
451 4814 654 4885 τυφλὴν
696 4814 854 4890 ἡμῶν
896 4814 993 4885 τὴν
1043 4815 1225 4867 πίστιν
1255 4813 1354 4873 καὶ,
1377 4813 1691 4882 ἀνόμματον
1714 4825 1888 4863 κατα-

321 4904 626 4975 στήσωμεν,
685 4905 784 4958 οὐκ
839 4905 1064 4974 ἔχουσαν
1094 4906 1214 4968 τοὺς
1274 4903 1362 4957 διὰ
1405 4904 1515 4958 τῶν
1560 4903 1736 4972 ἔργων
1787 4899 1896 4954 τοῦ·

319 4995 633 5067 Πνεύματος
671 4997 1002 5068 φωτισμοὺς,
1049 4997 1145 5052 καὶ
1182 4993 1780 5066 κολασθῶμενδικαίως
1803 4993 1884 5057 είς

395 5170 464 5241 (c)
502 5175 650 5244 Πρὸς
702 5178 766 5230 τὸ
812 5175 922 5243 τῆς
970 5175 1188 5244 σοφίας
1216 5174 1389 5242 τέλος
1437 5173 1553 5241 τὴν
1603 5175 1882 5244 σύνεσιν.

320 5243 624 5314 Singularis
676 5245 768 5300 hic
815 5243 1217 5300 videtur’vocis
1246 5245 1398 5308 τέλος
1438 5246 1718 5314 acceptio.
1765 5243 1883 5298 Non

320 5313 471 5366 enim
497 5315 856 5384 intelligentia
889 5324 946 5369 et
996 5314 1212 5384 σύνεσις
1261 5313 1483 5384 proprie
1514 5314 1640 5368 ﬁnis
1681 5321 1768 5384 est
1793 5327 1884 5368 sa—

343 5384 562 5454 dentice,
590 5382 713 5454 cum
747 5385 862 5439 haec
884 5383 1184 5454 perfectior
1213 5382 1285 5438 sit
1313 5383 1672 5454 omniumque
1714 5382 1886 5454 abso-

344 5453 604 5522 utio,'qua
629 5453 730 5522 ipsi
750 5452 1060 5508 immediate
1089 5452 1311 5507 unimur
1340 5454 1473 5519 Deo;
1500 5452 1596 5508 sed
1627 5453 1880 5506 ultimum

323 5531 408 5576 est
435 5529 493 5593 et
525 5523 681 5592 quasi
711 5523 888 5587 limes,
917 5523 1060 5593 ὅρος,
1087 5537 1197 5592 quo
1223 5531 1505 5593 postremo
1555 5522 1880 5593 sapientiam

325 5591 710 5655 nanciscimur,
737 5607 840 5646 nec
865 5591 1011 5647 aliud
1040 5591 1306 5647 Maximus
1347 5591 1450 5646 hac
1475 5591 1733 5661 loquendi
1767 5591 1881 5661 for-

328 5675 412 5731 ma
444 5662 719 5731 voluerit;
749 5662 975 5726 ultimus
1006 5661 1217 5717 scilicet
1247 5662 1313 5715 ad
1351 5676 1470 5716 eam
1503 5659 1739 5731 gradus.
1775 5659 1876 5731 Qui

327 5729 454 5784 velit
476 5730 623 5796 τέλος
656 5732 766 5800 hic,
789 5731 1068 5798 eﬂ'ectum,
1090 5746 1232 5799 esse,
1269 5747 1432 5808 quam
1465 5729 1584 5804 ejus
1622 5729 1774 5785 vocis
1802 5729 1879 5783 si-

1919 4494 1963 4550 D

1991 3269 2113 3308 mus
2141 3271 2153 3306 :
2181 3267 2343 3322 quem
2369 3250 2537 3313 nacti,
2569 3250 2682 3304 Deo
2707 3248 2956 3318 proxime
2982 3246 3324 3300 cohaerentes
3348 3283 3362 3307 ,
3391 3242 3564 3297 solam

1991 3343 2211 3398 unionis
2247 3357 2372 3399 cum
2413 3341 2531 3411 ipso
2566 3340 2809 3395 medium
2839 3338 3122 3392 vinculum
3176 3335 3442 3389 habemus
3482 3349 3564 3388 sa-

1990 3431 2274 3501 pientiam.
2334 3430 2451 3485 Non
2505 3429 2652 3484 enim
2703 3441 2935 3497 usquam
2989 3424 3188 3495 aliquis
3239 3423 3568 3493 sapientiam

1991 3520 2384 3590 apprehendat,
2427 3520 2558 3589 quin
2591 3519 2745 3588 prius
2774 3534 2870 3588 per
2898 3517 3150 3571 timorem
3180 3515 3433 3584 donaque
3471 3529 3573 3568 re-.

1991 3613 2138 3680 liqua
2169 3612 2476 3682 interjeeta,
2506 3626 2536 3664 a
2570 3625 2629 3664 se
2672 3609 2789 3680 ipse
2822 3617 2937 3662 tum
2982 3605 3299 3677 ignorantia:
3342 3605 3577 3668 lemam,_

1995 3711 2106 3756 tum
2142 3702 2363 3756 malitim
2402 3702 2684 3772 pulverem
2717 3700 2940 3770 penitus
2963 3696 3287 3753 excusserit.
3327 3694 3574 3759 Idcirco”

1991 3789 2101 3844 Deo
2127 3789 2349 3858 quidem
2373 3789 2622 3859 proxime
2650 3788 2990 3858 sapientiam,
3012 3785 3174 3841 nobis
3195 3791 3379 3838 autem
3408 3783 3576 3836 timo:

1992 3894 2130 3946 rem,
2180 3879 2476 3949 Scriptura:
2509 3878 2647 3933 ordo
2683 3877 2913 3948 digessit
2943 3887 3005 3930 ut
3046 3887 3103 3931 et
3136 3890 3237 3932 nos
3272 3873 3576 3944 compositi

1993 3967 2202 4022 ordinis
2233 3968 2503 4023 rationem
2534 3965 3181 4042 legemquenoverimus.
3207 3996 3209 3999 -

2062 4171 2151 4251 .42.
2183 4171 2286 4225 Per
2312 4170 2414 4224 hos
2455 4169 2621 4238 igitur
2644 4168 2766 4222 ﬁdei
2805 4166 3017 4230 oculos,
3057 4166 3163 4220 hoc
3188 4173 3290 4228 est,
3323 4164 3571 4218 illustrat

1993 4260 2190 4323 tiones,
2224 4259 2280 4313 in
2333 4258 2580 4312 divinam
2617 4255 2912 4326 Sapientia:
2965 4255 3214 4325 cogimur
3263 4256 3570 4320 unitatem;

1992 4365 2114 4404 eam
2159 4348 2390 4413 scilicet,
2431 4363 2552 4418 quae
2599 4355 2826 4416 propter
2876 4361 2978 4400 nos
3020 4346 3263 4414 exstitit,
3294 4347 3573 4406 donorum,

1993 4442 2342 4522 divisionem,
2368 4441 2422 4494 in
2441 4439 2712 4495 donorum
2737 4439 2914 4508 ipsum
2931 4440 3228 4496 Auctorem
3256 4453 3320 4494 ac
3343 4453 3570 4496 causam

1989 4535 2325 4604 colligentes,
2349 4532 2778 4603 particularibus
2796 4532 3060 4587 virtutum
3085 4531 3574 4602 progressionibus

1988 4641 2180 4682 eorum
2203 4640 2321 4695 qum
2339 4625 2484 4680 dicta
2504 4632 2650 4687 sunt,
2669 4623 2782 4677 Deo
2799 4623 3040 4692 auspice,
3063 4623 3198 4677 nihil
3216 4624 3562 4687 omittentes;

1990 4733 2082 4783 ne,
2106 4717 2234 4772 dum
2263 4716 2522 4786 paulatim
2545 4714 2890 4785 negligimus,
2915 4730 3110 4770 caecam
3133 4725 3373 4770 nostram
3400 4713 3564 4768 ﬁdem

1994 4819 2158 4880 atque
2198 4809 2374 4864 oculis
2426 4806 2674 4861 orbatam
2721 4813 3026 4860 statuamus
3052 4845 3068 4871 ,
3116 4821 3280 4875 quam
3313 4804 3562 4862 absentia

1987 4916 2238 4971 operum,
2277 4898 2517 4968 Spiritus
2544 4894 2960 4951 .illustrationes
2997 4896 3283 4963 deﬁciant;
3329 4896 3553 4950 merito-

1989 5009 2095 5063 que
2135 4993 2191 5046 in
2223 4991 2434 5045 inﬁnita
2467 4991 2663 5046 saecula
2693 4990 3008 5059 puniamur,
3041 4997 3102 5044 ut
3133 4990 3226 5058 qui
3271 4989 3326 5043 in
3373 4985 3554 5052 nobis,

1993 5171 2399 5242 gniﬁcationem
2450 5170 2599 5242 inter
2622 5167 2828 5242 primas
2859 5167 3007 5242 illius
3040 5166 3197 5242 po_n_it
3240 5165 3558 5242 leesaurus,

1992 5235 2096 5295 nec
2125 5242 2216 5295 isa
2251 5256 2384 5295 vero
2416 5235 2639 5294 abierit:
2680 5237 2771 5292 Sic
2793 5237 2963 5301 enim,
2997 5235 3056 5292 cI
3097 5236 3186 5299 44,
3236 5235 3558 5304 sapientiam

1990 5310 2225 5365 monada
2287 5326 2384 5364 seu
2417 5309 2684 5362 unitatem
2741 5309 2968 5376 exponit
3016 5306 3301 5376 Maximus,
3351 5319 3560 5376 exqua

1988 5380 2224 5433 virtutes
2256 5380 2481 5448 reliqua:
2520 5373 2894 5448 intelligantur
2916 5375 3236 5448 procedere,
3273 5375 3327 5428 in
3357 5373 3560 5448 quibus

1989 5448 2202 5518 origine
2225 5443 2417 5518 prima
2447 5449 2480 5517 ή
2515 5443 2753 5518 σύνεσις,
2794 5443 3046 5518 ἱρεσήυο
3069 5445 3138 5518 ad
3197 5459 3296 5518 nos
3343 5443 3555 5518 ultima,

1989 5511 2105 5586 qua'
2129 5511 2736 5586 incipientes'aitimore
2767 5511 2994 5585 gradum
3007 5515 3085 5586 ad
3125 5512 3450 5586 sapientiam
3476 5511 3559 5586 fa-

1989 5580 2185 5644 cimus.
2223 5580 2344 5655 quae
2375 5594 2460 5640 est
2519 5585 2611 5638 illa
2639 5580 2907 5638 virtutum
2954 5585 3024 5640 ad
3077 5580 3258 5655 ipsam
3283 5580 3560 5655 ἀποκατά-

1992 5672 2197 5717 στάσις,
2231 5651 2328 5710 seu
2356 5655 2667 5710 revocatio:
2693 5655 2839 5724 quod
2879 5651 3180 5725 utrumque
3213 5651 3567 5712 lllaximus,ut

1987 5725 2402 5792 subtilissimus,
2439 5725 2493 5782 in
2518 5733 2700 5782 mente
2735 5725 3022 5783 habuerit.
