  <div class='ocr_page' id='page_1' title='image "/cluster/home/n/w/nwhite01/storage/ocr_20150623/90/hvd.32044073502197/645.png"; bbox 0 0 4094 6204; ppageno 0'>
   <div class='ocr_carea' id='block_1_1' title="bbox 547 412 683 481">
    <p class='ocr_par' dir='ltr' id='par_1_1' title="bbox 547 412 683 481">
     <span class='ocr_line' id='line_1_1' title="bbox 547 412 683 481; baseline 0.015 -2"><span class='ocrx_word' id='word_1_1' title='bbox 547 412 683 481; x_wconf 75' lang='lat'><strong>1279</strong></span> 
     </span>
    </p>
   </div>
   <div class='ocr_carea' id='block_1_2' title="bbox 1709 400 2640 473">
    <p class='ocr_par' dir='ltr' id='par_1_2' title="bbox 1709 400 2640 473">
     <span class='ocr_line' id='line_1_2' title="bbox 1709 400 2640 473; baseline -0.015 0"><span class='ocrx_word' id='word_1_2' title='bbox 1709 414 1769 473; x_wconf 92' lang='lat' dir='ltr'><strong>S.</strong></span> <span class='ocrx_word' id='word_1_3' title='bbox 1810 409 2097 472; x_wconf 77' lang='lat' dir='ltr'><strong>MAXIMI</strong></span> <span class='ocrx_word' id='word_1_4' title='bbox 2134 400 2640 467; x_wconf 84' lang='lat' dir='ltr'><strong>CONFESSORIS</strong></span> 
     </span>
    </p>
   </div>
   <div class='ocr_carea' id='block_1_3' title="bbox 3655 395 3819 463">
    <p class='ocr_par' dir='ltr' id='par_1_3' title="bbox 3655 395 3819 463">
     <span class='ocr_line' id='line_1_3' title="bbox 3655 395 3819 463; baseline 0.012 -2"><span class='ocrx_word' id='word_1_5' title='bbox 3655 395 3819 463; x_wconf 66' lang='lat'><strong>1280</strong></span> 
     </span>
    </p>
   </div>
   <div class='ocr_carea' id='block_1_4' title="bbox 542 512 2119 604">
    <p class='ocr_par' dir='ltr' id='par_1_4' title="bbox 542 526 2119 604">
     <span class='ocr_line' id='line_1_4' title="bbox 542 526 2119 604; baseline -0.004 -18"><span class='ocrx_word' id='word_1_6' title='bbox 542 532 694 604; x_wconf 82' lang='lat' dir='ltr'><strong>quod</strong></span> <span class='ocrx_word' id='word_1_7' title='bbox 732 532 789 590; x_wconf 82' lang='lat' dir='ltr'><strong>in</strong></span> <span class='ocrx_word' id='word_1_8' title='bbox 823 530 984 584; x_wconf 81' lang='lat' dir='ltr'><strong>nobis</strong></span> <span class='ocrx_word' id='word_1_9' title='bbox 1015 539 1119 594; x_wconf 87' lang='lat' dir='ltr'><strong>est,</strong></span> <span class='ocrx_word' id='word_1_10' title='bbox 1145 528 1366 588; x_wconf 87' lang='lat' dir='ltr'><strong>divinos</strong></span> <span class='ocrx_word' id='word_1_11' title='bbox 1393 531 1522 587; x_wconf 83' lang='lat' dir='ltr'><strong>ﬁdei</strong></span> <span class='ocrx_word' id='word_1_12' title='bbox 1548 530 1738 585; x_wconf 90' lang='lat' dir='ltr'><strong>oculos</strong></span> <span class='ocrx_word' id='word_1_13' title='bbox 1762 526 2119 586; x_wconf 62' lang='lat' dir='ltr'><strong>excaecaveri-</strong></span> 
     </span>
    </p>
   </div>
   <div class='ocr_carea' id='block_1_5' title="bbox 2219 512 3815 604">
    <p class='ocr_par' dir='ltr' id='par_1_5' title="bbox 2225 512 3815 589">
     <span class='ocr_line' id='line_1_5' title="bbox 2225 512 3815 589; baseline -0.007 -15"><span class='ocrx_word' id='word_1_14' title='bbox 2225 519 2488 589; x_wconf 78' lang='grc' dir='ltr'><strong>ἀπείρους</strong></span> <span class='ocrx_word' id='word_1_15' title='bbox 2530 515 2751 580; x_wconf 74' lang='grc' dir='ltr'>αἰῶνας,</span> <span class='ocrx_word' id='word_1_16' title='bbox 2797 515 2872 576; x_wconf 85' lang='grc' dir='ltr'>ὼς</span> <span class='ocrx_word' id='word_1_17' title='bbox 2920 513 2978 566; x_wconf 84' lang='grc' dir='ltr'><strong>ἐν</strong></span> <span class='ocrx_word' id='word_1_18' title='bbox 3024 513 3237 578; x_wconf 76' lang='grc' dir='ltr'><strong>ἑαυτοῖς</strong></span> <span class='ocrx_word' id='word_1_19' title='bbox 3282 512 3425 568; x_wconf 89' lang='grc' dir='ltr'><strong>κατά</strong></span> <span class='ocrx_word' id='word_1_20' title='bbox 3459 514 3560 584; x_wconf 76' lang='grc' dir='ltr'><strong>τὴν</strong></span> <span class='ocrx_word' id='word_1_21' title='bbox 3590 514 3815 569; x_wconf 69' lang='grc' dir='ltr'>πίστιν.</span> 
     </span>
    </p>
   </div>
   <div class='ocr_carea' id='block_1_6' title="bbox 542 639 686 681">
    <p class='ocr_par' dir='ltr' id='par_1_6' title="bbox 542 639 686 681">
     <span class='ocr_line' id='line_1_6' title="bbox 542 639 686 681; baseline -0.021 0"><span class='ocrx_word' id='word_1_22' title='bbox 542 639 686 681; x_wconf 85' lang='lat' dir='ltr'><strong>mus.</strong></span> 
     </span>
    </p>
   </div>
   <div class='ocr_carea' id='block_1_7' title="bbox 566 793 2121 867">
    <p class='ocr_par' dir='ltr' id='par_1_7' title="bbox 566 793 2121 867">
     <span class='ocr_line' id='line_1_7' title="bbox 566 793 2121 867; baseline -0.004 -14"><span class='ocrx_word' id='word_1_23' title='bbox 566 818 573 825; x_wconf 52' lang='grc' dir='ltr'><strong>π</strong></span> <span class='ocrx_word' id='word_1_24' title='bbox 611 798 702 854; x_wconf 67' lang='grc'><strong>45.</strong></span> <span class='ocrx_word' id='word_1_25' title='bbox 731 798 995 867; x_wconf 83' lang='lat' dir='ltr'><strong>Quisquis</strong></span> <span class='ocrx_word' id='word_1_26' title='bbox 1023 797 1080 851; x_wconf 92' lang='lat' dir='ltr'><strong>in</strong></span> <span class='ocrx_word' id='word_1_27' title='bbox 1110 812 1169 852; x_wconf 89' lang='lat' dir='ltr'><strong>se</strong></span> <span class='ocrx_word' id='word_1_28' title='bbox 1198 812 1298 866; x_wconf 90' lang='lat' dir='ltr'><strong>per</strong></span> <span class='ocrx_word' id='word_1_29' title='bbox 1325 795 1594 851; x_wconf 80' lang='lat' dir='ltr'><strong>desidiam</strong></span> <span class='ocrx_word' id='word_1_30' title='bbox 1625 810 1734 849; x_wconf 92' lang='lat' dir='ltr'><strong>non</strong></span> <span class='ocrx_word' id='word_1_31' title='bbox 1766 793 2121 863; x_wconf 80' lang='lat' dir='ltr'><strong>exsequendo</strong></span> 
     </span>
    </p>
   </div>
   <div class='ocr_carea' id='block_1_8' title="bbox 543 885 2121 961">
    <p class='ocr_par' dir='ltr' id='par_1_8' title="bbox 543 885 2121 961">
     <span class='ocr_line' id='line_1_8' title="bbox 543 885 2121 961; baseline -0.003 -17"><span class='ocrx_word' id='word_1_32' title='bbox 543 890 821 954; x_wconf 85' lang='lat' dir='ltr'><strong>mandata,</strong></span> <span class='ocrx_word' id='word_1_33' title='bbox 854 888 1124 961; x_wconf 86' lang='lat' dir='ltr'><strong>ejusmodi</strong></span> <span class='ocrx_word' id='word_1_34' title='bbox 1148 889 1338 943; x_wconf 83' lang='lat' dir='ltr'><strong>oculos</strong></span> <span class='ocrx_word' id='word_1_35' title='bbox 1365 887 1577 951; x_wconf 82' lang='lat' dir='ltr'><strong>eﬂ‘odit,</strong></span> <span class='ocrx_word' id='word_1_36' title='bbox 1601 901 1831 956; x_wconf 82' lang='lat' dir='ltr'><strong>prorsus</strong></span> <span class='ocrx_word' id='word_1_37' title='bbox 1852 885 2121 954; x_wconf 84' lang='lat' dir='ltr'><strong>reprobus</strong></span> 
     </span>
    </p>
   </div>
   <div class='ocr_carea' id='block_1_9' title="bbox 543 974 2118 1051">
    <p class='ocr_par' dir='ltr' id='par_1_9' title="bbox 543 974 2118 1051">
     <span class='ocr_line' id='line_1_9' title="bbox 543 974 2118 1051; baseline -0.006 -14"><span class='ocrx_word' id='word_1_38' title='bbox 543 990 648 1046; x_wconf 90' lang='lat' dir='ltr'><strong>cst,</strong></span> <span class='ocrx_word' id='word_1_39' title='bbox 694 981 789 1051; x_wconf 87' lang='lat' dir='ltr'><strong>qui</strong></span> <span class='ocrx_word' id='word_1_40' title='bbox 834 982 1008 1035; x_wconf 90' lang='lat' dir='ltr'><strong>Deum</strong></span> <span class='ocrx_word' id='word_1_41' title='bbox 1040 980 1095 1033; x_wconf 90' lang='lat' dir='ltr'><strong>in</strong></span> <span class='ocrx_word' id='word_1_42' title='bbox 1131 979 1308 1048; x_wconf 89' lang='lat' dir='ltr'><strong>ipsum</strong></span> <span class='ocrx_word' id='word_1_43' title='bbox 1352 977 1707 1047; x_wconf 90' lang='lat' dir='ltr'><strong>aspicientem</strong></span> <span class='ocrx_word' id='word_1_44' title='bbox 1748 974 1984 1045; x_wconf 85' lang='lat' dir='ltr'><strong>amplius</strong></span> <span class='ocrx_word' id='word_1_45' title='bbox 2008 989 2118 1028; x_wconf 90' lang='lat' dir='ltr'><strong>non</strong></span> 
     </span>
    </p>
   </div>
   <div class='ocr_carea' id='block_1_10' title="bbox 543 1066 2119 1141">
    <p class='ocr_par' dir='ltr' id='par_1_10' title="bbox 543 1066 2119 1141">
     <span class='ocr_line' id='line_1_10' title="bbox 543 1066 2119 1141; baseline -0.006 -13"><span class='ocrx_word' id='word_1_46' title='bbox 543 1072 763 1128; x_wconf 87' lang='lat' dir='ltr'><strong>habeat.</strong></span> <span class='ocrx_word' id='word_1_47' title='bbox 796 1071 1079 1141; x_wconf 85' lang='lat' dir='ltr'><strong>Siquidem</strong></span> <span class='ocrx_word' id='word_1_48' title='bbox 1114 1070 1262 1124; x_wconf 90' lang='lat' dir='ltr'><strong>enim</strong></span> <span class='ocrx_word' id='word_1_49' title='bbox 1286 1069 1460 1124; x_wconf 80' lang='lat' dir='ltr'><strong>divini</strong></span> <span class='ocrx_word' id='word_1_50' title='bbox 1491 1067 1732 1138; x_wconf 75' lang='lat' dir='ltr'><strong>Spiritus</strong></span> <span class='ocrx_word' id='word_1_51' title='bbox 1765 1066 2119 1135; x_wconf 87' lang='lat' dir='ltr'><strong>operationes</strong></span> 
     </span>
    </p>
   </div>
   <div class='ocr_carea' id='block_1_11' title="bbox 544 1154 2116 1233">
    <p class='ocr_par' dir='ltr' id='par_1_11' title="bbox 544 1154 2116 1233">
     <span class='ocr_line' id='line_1_11' title="bbox 544 1154 2116 1233; baseline -0.007 -15"><span class='ocrx_word' id='word_1_52' title='bbox 544 1163 865 1233; x_wconf 78' lang='lat' dir='ltr'><strong>aillatusque</strong></span> <span class='ocrx_word' id='word_1_53' title='bbox 923 1161 1207 1231; x_wconf 74' lang='lat' dir='ltr'><strong>Scriptura</strong></span> <span class='ocrx_word' id='word_1_54' title='bbox 1253 1159 1443 1213; x_wconf 87' lang='lat' dir='ltr'><strong>oculos</strong></span> <span class='ocrx_word' id='word_1_55' title='bbox 1487 1156 1704 1212; x_wconf 87' lang='lat' dir='ltr'><strong>Domini</strong></span> <span class='ocrx_word' id='word_1_56' title='bbox 1750 1154 2116 1224; x_wconf 81' lang='lat' dir='ltr'><strong>nuncupat&quot;,</strong></span> 
     </span>
    </p>
   </div>
   <div class='ocr_carea' id='block_1_12' title="bbox 542 1243 2118 1319">
    <p class='ocr_par' dir='ltr' id='par_1_12' title="bbox 542 1243 2118 1319">
     <span class='ocr_line' id='line_1_12' title="bbox 542 1243 2118 1319; baseline -0.003 -17"><span class='ocrx_word' id='word_1_57' title='bbox 542 1249 640 1319; x_wconf 86' lang='lat' dir='ltr'><strong>qui</strong></span> <span class='ocrx_word' id='word_1_58' title='bbox 677 1248 952 1319; x_wconf 82' lang='lat' dir='ltr'><strong>implendo</strong></span> <span class='ocrx_word' id='word_1_59' title='bbox 982 1246 1235 1301; x_wconf 88' lang='lat' dir='ltr'><strong>mandata</strong></span> <span class='ocrx_word' id='word_1_60' title='bbox 1268 1246 1371 1300; x_wconf 89' lang='lat' dir='ltr'><strong>hos</strong></span> <span class='ocrx_word' id='word_1_61' title='bbox 1401 1260 1512 1299; x_wconf 91' lang='lat' dir='ltr'><strong>non</strong></span> <span class='ocrx_word' id='word_1_62' title='bbox 1537 1244 1734 1315; x_wconf 91' lang='lat' dir='ltr'><strong>aperit,</strong></span> <span class='ocrx_word' id='word_1_63' title='bbox 1765 1243 1937 1297; x_wconf 88' lang='lat' dir='ltr'><strong>Deum</strong></span> <span class='ocrx_word' id='word_1_64' title='bbox 1974 1243 2029 1296; x_wconf 89' lang='lat' dir='ltr'><strong>in</strong></span> <span class='ocrx_word' id='word_1_65' title='bbox 2059 1258 2118 1297; x_wconf 89' lang='lat' dir='ltr'><strong>se</strong></span> 
     </span>
    </p>
   </div>
   <div class='ocr_carea' id='block_1_13' title="bbox 544 1335 2116 1410">
    <p class='ocr_par' dir='ltr' id='par_1_13' title="bbox 544 1335 2116 1410">
     <span class='ocr_line' id='line_1_13' title="bbox 544 1335 2116 1410; baseline -0.004 -16"><span class='ocrx_word' id='word_1_66' title='bbox 544 1341 901 1410; x_wconf 79' lang='lat' dir='ltr'><strong>aspicientem</strong></span> <span class='ocrx_word' id='word_1_67' title='bbox 935 1355 1044 1393; x_wconf 91' lang='lat' dir='ltr'><strong>non</strong></span> <span class='ocrx_word' id='word_1_68' title='bbox 1080 1338 1264 1391; x_wconf 82' lang='lat' dir='ltr'><strong>habet.</strong></span> <span class='ocrx_word' id='word_1_69' title='bbox 1298 1336 1449 1391; x_wconf 76' lang='lat' dir='ltr'><strong>llaud</strong></span> <span class='ocrx_word' id='word_1_70' title='bbox 1490 1336 1636 1391; x_wconf 89' lang='lat' dir='ltr'><strong>enim</strong></span> <span class='ocrx_word' id='word_1_71' title='bbox 1655 1335 1770 1398; x_wconf 91' lang='lat' dir='ltr'><strong>alii,</strong></span> <span class='ocrx_word' id='word_1_72' title='bbox 1797 1343 1857 1388; x_wconf 92' lang='lat' dir='ltr'><strong>ut</strong></span> <span class='ocrx_word' id='word_1_73' title='bbox 1887 1346 1987 1403; x_wconf 79' lang='lat' dir='ltr'><strong>p‘ar</strong></span> <span class='ocrx_word' id='word_1_74' title='bbox 2010 1342 2116 1398; x_wconf 89' lang='lat' dir='ltr'><strong>est,</strong></span> 
     </span>
    </p>
   </div>
   <div class='ocr_carea' id='block_1_14' title="bbox 543 1424 2119 1498">
    <p class='ocr_par' dir='ltr' id='par_1_14' title="bbox 543 1424 2119 1498">
     <span class='ocr_line' id='line_1_14' title="bbox 543 1424 2119 1498; baseline -0.004 -13"><span class='ocrx_word' id='word_1_75' title='bbox 543 1431 694 1485; x_wconf 90' lang='lat' dir='ltr'><strong>oculi</strong></span> <span class='ocrx_word' id='word_1_76' title='bbox 720 1440 885 1495; x_wconf 64' lang='lat' dir='ltr'><strong>sunt;</strong></span> <span class='ocrx_word' id='word_1_77' title='bbox 904 1430 1109 1498; x_wconf 83' lang='lat' dir='ltr'><strong>quibus</strong></span> <span class='ocrx_word' id='word_1_78' title='bbox 1160 1429 1304 1483; x_wconf 89' lang='lat' dir='ltr'><strong>Deus</strong></span> <span class='ocrx_word' id='word_1_79' title='bbox 1337 1427 1499 1498; x_wconf 79' lang='lat'><strong>569</strong></span> <span class='ocrx_word' id='word_1_80' title='bbox 1532 1425 1838 1495; x_wconf 78' lang='lat' dir='ltr'><strong>terrigenas</strong></span> <span class='ocrx_word' id='word_1_81' title='bbox 1872 1424 2119 1495; x_wconf 81' lang='lat' dir='ltr'><strong>aspicere.</strong></span> 
     </span>
    </p>
   </div>
   <div class='ocr_carea' id='block_1_15' title="bbox 543 1513 2115 1589">
    <p class='ocr_par' dir='ltr' id='par_1_15' title="bbox 543 1513 2115 1589">
     <span class='ocr_line' id='line_1_15' title="bbox 543 1513 2115 1589; baseline -0.004 -16"><span class='ocrx_word' id='word_1_82' title='bbox 543 1520 727 1585; x_wconf 83' lang='lat' dir='ltr'><strong>novit;</strong></span> <span class='ocrx_word' id='word_1_83' title='bbox 755 1519 956 1589; x_wconf 84' lang='lat' dir='ltr'><strong>quippe</strong></span> <span class='ocrx_word' id='word_1_84' title='bbox 1001 1533 1125 1571; x_wconf 90' lang='lat' dir='ltr'><strong>cum</strong></span> <span class='ocrx_word' id='word_1_85' title='bbox 1161 1523 1348 1572; x_wconf 88' lang='lat' dir='ltr'><strong>nostra</strong></span> <span class='ocrx_word' id='word_1_86' title='bbox 1388 1516 1608 1570; x_wconf 82' lang='lat' dir='ltr'><strong>virtutis</strong></span> <span class='ocrx_word' id='word_1_87' title='bbox 1637 1514 1761 1569; x_wconf 90' lang='lat' dir='ltr'><strong>luce</strong></span> <span class='ocrx_word' id='word_1_88' title='bbox 1798 1513 2115 1578; x_wconf 82' lang='lat' dir='ltr'><strong>illustratio,</strong></span> 
     </span>
    </p>
   </div>
   <div class='ocr_carea' id='block_1_16' title="bbox 544 1605 1345 1678">
    <p class='ocr_par' dir='ltr' id='par_1_16' title="bbox 544 1605 1345 1678">
     <span class='ocr_line' id='line_1_16' title="bbox 544 1605 1345 1678; baseline -0.006 -15"><span class='ocrx_word' id='word_1_89' title='bbox 544 1609 715 1664; x_wconf 85' lang='lat' dir='ltr'><strong>divini</strong></span> <span class='ocrx_word' id='word_1_90' title='bbox 744 1618 1003 1678; x_wconf 85' lang='lat' dir='ltr'><strong>aspectus</strong></span> <span class='ocrx_word' id='word_1_91' title='bbox 1031 1606 1223 1661; x_wconf 86' lang='lat' dir='ltr'><strong>radius</strong></span> <span class='ocrx_word' id='word_1_92' title='bbox 1252 1605 1345 1660; x_wconf 88' lang='lat' dir='ltr'><strong>sit.</strong></span> 
     </span>
    </p>
   </div>
   <div class='ocr_carea' id='block_1_17' title="bbox 614 1688 2118 1769">
    <p class='ocr_par' dir='ltr' id='par_1_17' title="bbox 614 1688 2118 1769">
     <span class='ocr_line' id='line_1_17' title="bbox 614 1688 2118 1769; baseline -0.007 -13"><span class='ocrx_word' id='word_1_93' title='bbox 614 1702 703 1756; x_wconf 72' lang='grc' dir='ltr'>Η.</span> <span class='ocrx_word' id='word_1_94' title='bbox 735 1700 1036 1769; x_wconf 79' lang='lat' dir='ltr'><strong>Sapientia,</strong></span> <span class='ocrx_word' id='word_1_95' title='bbox 1065 1698 1249 1752; x_wconf 90' lang='lat' dir='ltr'><strong>unitas</strong></span> <span class='ocrx_word' id='word_1_96' title='bbox 1273 1706 1376 1763; x_wconf 90' lang='lat' dir='ltr'><strong>est,</strong></span> <span class='ocrx_word' id='word_1_97' title='bbox 1405 1712 1526 1766; x_wconf 77' lang='lat' dir='ltr'><strong>qua:</strong></span> <span class='ocrx_word' id='word_1_98' title='bbox 1557 1696 1613 1753; x_wconf 92' lang='lat' dir='ltr'><strong>in</strong></span> <span class='ocrx_word' id='word_1_99' title='bbox 1643 1694 1877 1751; x_wconf 86' lang='lat' dir='ltr'><strong>diversis</strong></span> <span class='ocrx_word' id='word_1_100' title='bbox 1913 1688 1978 1748; x_wconf 72' lang='grc' dir='ltr'>εἰ</span> <span class='ocrx_word' id='word_1_101' title='bbox 2001 1692 2118 1761; x_wconf 90' lang='lat' dir='ltr'><strong>ipsa</strong></span> 
     </span>
    </p>
   </div>
   <div class='ocr_carea' id='block_1_18' title="bbox 543 1786 2114 1855">
    <p class='ocr_par' dir='ltr' id='par_1_18' title="bbox 543 1786 2114 1855">
     <span class='ocr_line' id='line_1_18' title="bbox 543 1786 2114 1855; baseline -0.006 -10"><span class='ocrx_word' id='word_1_102' title='bbox 543 1791 842 1845; x_wconf 72' lang='lat' dir='ltr'><strong>virtutibus</strong></span> <span class='ocrx_word' id='word_1_103' title='bbox 897 1789 1180 1843; x_wconf 87' lang='lat' dir='ltr'><strong>indlvisim</strong></span> <span class='ocrx_word' id='word_1_104' title='bbox 1233 1787 1647 1851; x_wconf 89' lang='lat' dir='ltr'><strong>consideretur,</strong></span> <span class='ocrx_word' id='word_1_105' title='bbox 1703 1786 1870 1855; x_wconf 91' lang='lat' dir='ltr'><strong>inque</strong></span> <span class='ocrx_word' id='word_1_106' title='bbox 1923 1796 2114 1839; x_wconf 84' lang='lat' dir='ltr'><strong>eorum</strong></span> 
     </span>
    </p>
   </div>
   <div class='ocr_carea' id='block_1_19' title="bbox 2220 606 3815 681">
    <p class='ocr_par' dir='ltr' id='par_1_19' title="bbox 2220 606 3815 681">
     <span class='ocr_line' id='line_1_19' title="bbox 2220 606 3815 681; baseline -0.004 -14"><span class='ocrx_word' id='word_1_107' title='bbox 2220 614 2344 667; x_wconf 80' lang='grc' dir='ltr'>ὅσον</span> <span class='ocrx_word' id='word_1_108' title='bbox 2362 612 2424 666; x_wconf 76' lang='grc' dir='ltr'>τὸ</span> <span class='ocrx_word' id='word_1_109' title='bbox 2458 612 2544 680; x_wconf 78' lang='grc' dir='ltr'>ἐφ’</span> <span class='ocrx_word' id='word_1_110' title='bbox 2572 611 2725 681; x_wconf 81' lang='grc' dir='ltr'>ἡμῖν,</span> <span class='ocrx_word' id='word_1_111' title='bbox 2753 608 2880 672; x_wconf 76' lang='grc' dir='ltr'>τοὺς</span> <span class='ocrx_word' id='word_1_112' title='bbox 2901 607 3079 672; x_wconf 83' lang='grc' dir='ltr'>θείους</span> <span class='ocrx_word' id='word_1_113' title='bbox 3103 606 3551 677; x_wconf 82' lang='grc' dir='ltr'>ἐκτυφλὼσαντες</span> <span class='ocrx_word' id='word_1_114' title='bbox 3597 609 3815 678; x_wconf 82' lang='grc' dir='ltr'>ὀφθαλ-</span> 
     </span>
    </p>
   </div>
   <div class='ocr_carea' id='block_1_20' title="bbox 2224 718 2378 772">
    <p class='ocr_par' dir='ltr' id='par_1_20' title="bbox 2224 718 2378 772">
     <span class='ocr_line' id='line_1_20' title="bbox 2224 718 2378 772; baseline 0.013 -18"><span class='ocrx_word' id='word_1_115' title='bbox 2224 718 2378 772; x_wconf 84' lang='grc' dir='ltr'>μους.</span> 
     </span>
    </p>
   </div>
   <div class='ocr_carea' id='block_1_21' title="bbox 2294 786 3813 864">
    <p class='ocr_par' dir='ltr' id='par_1_21' title="bbox 2294 786 3813 864">
     <span class='ocr_line' id='line_1_21' title="bbox 2294 786 3813 864; baseline -0.004 -18"><span class='ocrx_word' id='word_1_116' title='bbox 2294 798 2404 864; x_wconf 89' lang='grc' dir='ltr'>μγ¹.</span> <span class='ocrx_word' id='word_1_117' title='bbox 2448 792 2565 854; x_wconf 81' lang='grc' dir='ltr'><strong>Πᾶς</strong></span> <span class='ocrx_word' id='word_1_118' title='bbox 2600 792 2629 844; x_wconf 99' lang='lat'><strong>6</strong></span> <span class='ocrx_word' id='word_1_119' title='bbox 2671 790 2773 860; x_wconf 81' lang='grc' dir='ltr'>τῆς</span> <span class='ocrx_word' id='word_1_120' title='bbox 2804 788 3042 852; x_wconf 86' lang='grc' dir='ltr'>πίστεως</span> <span class='ocrx_word' id='word_1_121' title='bbox 3075 788 3132 841; x_wconf 83' lang='grc' dir='ltr'><strong>ἐν</strong></span> <span class='ocrx_word' id='word_1_122' title='bbox 3158 786 3338 858; x_wconf 85' lang='grc' dir='ltr'>ἐαυτῷ</span> <span class='ocrx_word' id='word_1_123' title='bbox 3366 786 3459 840; x_wconf 86' lang='grc' dir='ltr'><strong>διά</strong></span> <span class='ocrx_word' id='word_1_124' title='bbox 3476 787 3577 857; x_wconf 83' lang='grc' dir='ltr'>τῆς</span> <span class='ocrx_word' id='word_1_125' title='bbox 3596 786 3813 858; x_wconf 86' lang='grc' dir='ltr'>ἀργίας</span> 
     </span>
    </p>
   </div>
   <div class='ocr_carea' id='block_1_22' title="bbox 2217 877 3812 949">
    <p class='ocr_par' dir='ltr' id='par_1_22' title="bbox 2217 877 3812 949">
     <span class='ocr_line' id='line_1_22' title="bbox 2217 877 3812 949; baseline -0.004 -11"><span class='ocrx_word' id='word_1_126' title='bbox 2217 885 2329 945; x_wconf 82' lang='grc' dir='ltr'><strong>τῶν</strong></span> <span class='ocrx_word' id='word_1_127' title='bbox 2379 882 2611 938; x_wconf 82' lang='grc' dir='ltr'>ἐντολῶν</span> <span class='ocrx_word' id='word_1_128' title='bbox 2665 882 2794 944; x_wconf 80' lang='grc' dir='ltr'>τοὺς</span> <span class='ocrx_word' id='word_1_129' title='bbox 2839 879 3119 943; x_wconf 78' lang='grc' dir='ltr'>τοιούτους</span> <span class='ocrx_word' id='word_1_130' title='bbox 3156 877 3424 949; x_wconf 77' lang='grc' dir='ltr'><strong>ἀνορύξας</strong></span> <span class='ocrx_word' id='word_1_131' title='bbox 3460 877 3812 948; x_wconf 70' lang='grc' dir='ltr'>ὀφθαλμοὺς,</span> 
     </span>
    </p>
   </div>
   <div class='ocr_carea' id='block_1_23' title="bbox 2220 965 3813 1041">
    <p class='ocr_par' dir='ltr' id='par_1_23' title="bbox 2220 965 3813 1041">
     <span class='ocr_line' id='line_1_23' title="bbox 2220 965 3813 1041; baseline -0.004 -14"><span class='ocrx_word' id='word_1_132' title='bbox 2220 972 2439 1035; x_wconf 87' lang='grc' dir='ltr'>πάντως</span> <span class='ocrx_word' id='word_1_133' title='bbox 2465 971 2813 1041; x_wconf 82' lang='grc' dir='ltr'><strong>κατάκριτος,</strong></span> <span class='ocrx_word' id='word_1_134' title='bbox 2843 968 3040 1039; x_wconf 79' lang='grc' dir='ltr'>μηκέτι</span> <span class='ocrx_word' id='word_1_135' title='bbox 3065 967 3160 1021; x_wconf 84' lang='grc' dir='ltr'>τὸν</span> <span class='ocrx_word' id='word_1_136' title='bbox 3191 967 3323 1021; x_wconf 79' lang='grc' dir='ltr'>Θεὸν</span> <span class='ocrx_word' id='word_1_137' title='bbox 3350 965 3491 1037; x_wconf 59' lang='grc' dir='ltr'>ἔχων</span> <span class='ocrx_word' id='word_1_138' title='bbox 3518 967 3599 1030; x_wconf 85' lang='grc' dir='ltr'><strong>είς</strong></span> <span class='ocrx_word' id='word_1_139' title='bbox 3630 967 3813 1021; x_wconf 67' lang='grc' dir='ltr'>αὑτὸν</span> 
     </span>
    </p>
   </div>
   <div class='ocr_carea' id='block_1_24' title="bbox 2219 1056 3814 1131">
    <p class='ocr_par' dir='ltr' id='par_1_24' title="bbox 2219 1056 3814 1131">
     <span class='ocr_line' id='line_1_24' title="bbox 2219 1056 3814 1131; baseline -0.004 -15"><span class='ocrx_word' id='word_1_140' title='bbox 2219 1062 2600 1117; x_wconf 74' lang='grc' dir='ltr'>ἐπιϐλέποντα.</span> <span class='ocrx_word' id='word_1_141' title='bbox 2653 1061 2718 1115; x_wconf 77' lang='lat' dir='ltr'><strong>Et</strong></span> <span class='ocrx_word' id='word_1_142' title='bbox 2760 1059 2872 1131; x_wconf 81' lang='grc' dir='ltr'>γὰρ</span> <span class='ocrx_word' id='word_1_143' title='bbox 2894 1059 2990 1123; x_wconf 82' lang='grc' dir='ltr'>τὰς</span> <span class='ocrx_word' id='word_1_144' title='bbox 3016 1058 3300 1130; x_wconf 78' lang='grc' dir='ltr'>ἐνεργείας</span> <span class='ocrx_word' id='word_1_145' title='bbox 3322 1056 3419 1111; x_wconf 80' lang='grc' dir='ltr'><strong>τοῦ</strong></span> <span class='ocrx_word' id='word_1_146' title='bbox 3449 1056 3781 1128; x_wconf 83' lang='grc' dir='ltr'>Πνεύματος</span> <span class='ocrx_word' id='word_1_147' title='bbox 3797 1099 3814 1121; x_wconf 87' lang='grc'><strong>,</strong></span> 
     </span>
    </p>
   </div>
   <div class='ocr_carea' id='block_1_25' title="bbox 2221 1148 3811 1225">
    <p class='ocr_par' dir='ltr' id='par_1_25' title="bbox 2221 1148 3811 1225">
     <span class='ocr_line' id='line_1_25' title="bbox 2221 1148 3811 1225; baseline -0.004 -18"><span class='ocrx_word' id='word_1_148' title='bbox 2221 1154 2407 1225; x_wconf 75' lang='grc' dir='ltr'>φησὶν,</span> <span class='ocrx_word' id='word_1_149' title='bbox 2453 1152 2766 1223; x_wconf 80' lang='grc' dir='ltr'>ὀφθαλμοὺς</span> <span class='ocrx_word' id='word_1_150' title='bbox 2802 1151 3009 1222; x_wconf 83' lang='grc' dir='ltr'>Κυρίου</span> <span class='ocrx_word' id='word_1_151' title='bbox 3057 1149 3459 1222; x_wconf 80' lang='grc' dir='ltr'><strong>προσαγορεύει</strong></span> <span class='ocrx_word' id='word_1_152' title='bbox 3503 1151 3533 1202; x_wconf 91' lang='lat'><strong>6</strong></span> <span class='ocrx_word' id='word_1_153' title='bbox 3563 1148 3746 1218; x_wconf 78' lang='grc' dir='ltr'>λόγος,</span> <span class='ocrx_word' id='word_1_154' title='bbox 3772 1149 3811 1201; x_wconf 84' lang='lat'><strong>6</strong></span> 
     </span>
    </p>
   </div>
   <div class='ocr_carea' id='block_1_26' title="bbox 2223 1239 3807 1317">
    <p class='ocr_par' dir='ltr' id='par_1_26' title="bbox 2223 1239 3807 1317">
     <span class='ocr_line' id='line_1_26' title="bbox 2223 1239 3807 1317; baseline -0.007 -15"><span class='ocrx_word' id='word_1_155' title='bbox 2223 1248 2298 1317; x_wconf 79' lang='grc' dir='ltr'>μὴ</span> <span class='ocrx_word' id='word_1_156' title='bbox 2335 1246 2558 1310; x_wconf 85' lang='grc' dir='ltr'>τούτους</span> <span class='ocrx_word' id='word_1_157' title='bbox 2608 1247 2676 1316; x_wconf 77' lang='grc' dir='ltr'><strong>τῇ</strong></span> <span class='ocrx_word' id='word_1_158' title='bbox 2706 1242 2902 1315; x_wconf 80' lang='grc' dir='ltr'>πράξει</span> <span class='ocrx_word' id='word_1_159' title='bbox 2931 1241 3041 1294; x_wconf 89' lang='grc' dir='ltr'><strong>τῶν</strong></span> <span class='ocrx_word' id='word_1_160' title='bbox 3071 1240 3302 1294; x_wconf 91' lang='grc' dir='ltr'>ἐντολῶν</span> <span class='ocrx_word' id='word_1_161' title='bbox 3333 1239 3637 1307; x_wconf 79' lang='grc' dir='ltr'>διανοίγων,</span> <span class='ocrx_word' id='word_1_162' title='bbox 3671 1240 3807 1292; x_wconf 79' lang='grc' dir='ltr'>ἐπι-</span> 
     </span>
    </p>
   </div>
   <div class='ocr_carea' id='block_1_27' title="bbox 2218 1330 3805 1401">
    <p class='ocr_par' dir='ltr' id='par_1_27' title="bbox 2218 1330 3805 1401">
     <span class='ocr_line' id='line_1_27' title="bbox 2218 1330 3805 1401; baseline -0.003 -11"><span class='ocrx_word' id='word_1_163' title='bbox 2218 1337 2486 1391; x_wconf 83' lang='grc' dir='ltr'>ϐλέποντα</span> <span class='ocrx_word' id='word_1_164' title='bbox 2507 1335 2597 1389; x_wconf 85' lang='grc' dir='ltr'><strong>τδν</strong></span> <span class='ocrx_word' id='word_1_165' title='bbox 2626 1334 2757 1388; x_wconf 87' lang='grc' dir='ltr'>Θεδν</span> <span class='ocrx_word' id='word_1_166' title='bbox 2787 1333 2875 1387; x_wconf 87' lang='grc' dir='ltr'><strong>ἐπ’</strong></span> <span class='ocrx_word' id='word_1_167' title='bbox 2894 1331 3060 1387; x_wconf 76' lang='grc' dir='ltr'>αὐτὸν</span> <span class='ocrx_word' id='word_1_168' title='bbox 3080 1330 3181 1384; x_wconf 84' lang='grc' dir='ltr'>οὐκ</span> <span class='ocrx_word' id='word_1_169' title='bbox 3203 1330 3335 1400; x_wconf 69' lang='grc' dir='ltr'>ἔχει.</span> <span class='ocrx_word' id='word_1_170' title='bbox 3366 1331 3447 1383; x_wconf 81' lang='grc' dir='ltr'><strong>Δι’</strong></span> <span class='ocrx_word' id='word_1_171' title='bbox 3467 1330 3641 1384; x_wconf 80' lang='grc' dir='ltr'>ἄλλων</span> <span class='ocrx_word' id='word_1_172' title='bbox 3658 1330 3805 1401; x_wconf 74' lang='grc' dir='ltr'>γὰρ.</span> 
     </span>
    </p>
   </div>
   <div class='ocr_carea' id='block_1_28' title="bbox 2218 1421 3807 1496">
    <p class='ocr_par' dir='ltr' id='par_1_28' title="bbox 2218 1421 3807 1496">
     <span class='ocr_line' id='line_1_28' title="bbox 2218 1421 3807 1496; baseline -0.006 -14"><span class='ocrx_word' id='word_1_173' title='bbox 2218 1429 2294 1493; x_wconf 82' lang='grc' dir='ltr'>ὡς</span> <span class='ocrx_word' id='word_1_174' title='bbox 2314 1428 2485 1495; x_wconf 75' lang='grc' dir='ltr'>εἰκὸς,</span> <span class='ocrx_word' id='word_1_175' title='bbox 2517 1424 2810 1496; x_wconf 83' lang='grc' dir='ltr'>ὀφθαλμῶν</span> <span class='ocrx_word' id='word_1_176' title='bbox 2839 1424 3159 1476; x_wconf 77' lang='grc' dir='ltr'>ἐπισκοπεῖν</span> <span class='ocrx_word' id='word_1_177' title='bbox 3200 1421 3329 1485; x_wconf 80' lang='grc' dir='ltr'>τοὺς</span> <span class='ocrx_word' id='word_1_178' title='bbox 3353 1421 3450 1475; x_wconf 75' lang='grc' dir='ltr'>ἐπὶ</span> <span class='ocrx_word' id='word_1_179' title='bbox 3476 1424 3578 1492; x_wconf 74' lang='grc' dir='ltr'>γῆς</span> <span class='ocrx_word' id='word_1_180' title='bbox 3604 1421 3668 1474; x_wconf 78' lang='grc' dir='ltr'>οὐ</span> <span class='ocrx_word' id='word_1_181' title='bbox 3702 1422 3807 1474; x_wconf 71' lang='grc' dir='ltr'>πε-</span> 
     </span>
    </p>
   </div>
   <div class='ocr_carea' id='block_1_29' title="bbox 2220 1512 3806 1589">
    <p class='ocr_par' dir='ltr' id='par_1_29' title="bbox 2220 1512 3806 1589">
     <span class='ocr_line' id='line_1_29' title="bbox 2220 1512 3806 1589; baseline -0.006 -16"><span class='ocrx_word' id='word_1_182' title='bbox 2220 1536 2393 1589; x_wconf 79' lang='grc' dir='ltr'>φυκεν</span> <span class='ocrx_word' id='word_1_183' title='bbox 2439 1521 2469 1572; x_wconf 90' lang='lat'><strong>6</strong></span> <span class='ocrx_word' id='word_1_184' title='bbox 2515 1517 2672 1581; x_wconf 83' lang='grc' dir='ltr'>Θεὸς,</span> <span class='ocrx_word' id='word_1_185' title='bbox 2720 1514 2881 1585; x_wconf 74' lang='grc' dir='ltr'>εἴπερ</span> <span class='ocrx_word' id='word_1_186' title='bbox 2913 1513 3067 1576; x_wconf 82' lang='grc' dir='ltr'>θείας</span> <span class='ocrx_word' id='word_1_187' title='bbox 3100 1512 3342 1583; x_wconf 82' lang='grc' dir='ltr'><strong>ὁράσεως</strong></span> <span class='ocrx_word' id='word_1_188' title='bbox 3370 1512 3528 1577; x_wconf 83' lang='grc' dir='ltr'>ἀκτίς</span> <span class='ocrx_word' id='word_1_189' title='bbox 3566 1514 3744 1576; x_wconf 84' lang='grc' dir='ltr'>ἐστιν,</span> <span class='ocrx_word' id='word_1_190' title='bbox 3771 1513 3806 1564; x_wconf 82' lang='grc' dir='ltr'><strong>ό</strong></span> 
     </span>
    </p>
   </div>
   <div class='ocr_carea' id='block_1_30' title="bbox 2219 1601 3089 1678">
    <p class='ocr_par' dir='ltr' id='par_1_30' title="bbox 2219 1601 3089 1678">
     <span class='ocr_line' id='line_1_30' title="bbox 2219 1601 3089 1678; baseline -0.007 -17"><span class='ocrx_word' id='word_1_191' title='bbox 2219 1606 2340 1661; x_wconf 78' lang='grc' dir='ltr'>κατ’</span> <span class='ocrx_word' id='word_1_192' title='bbox 2368 1606 2571 1678; x_wconf 77' lang='grc' dir='ltr'>ἀρετὴν</span> <span class='ocrx_word' id='word_1_193' title='bbox 2597 1603 2761 1675; x_wconf 77' lang='grc' dir='ltr'>ἡμῶν</span> <span class='ocrx_word' id='word_1_194' title='bbox 2787 1601 3089 1671; x_wconf 86' lang='grc' dir='ltr'>φωτισμός.</span> 
     </span>
    </p>
   </div>
   <div class='ocr_carea' id='block_1_31' title="bbox 2287 1689 3805 1767">
    <p class='ocr_par' dir='ltr' id='par_1_31' title="bbox 2287 1689 3805 1767">
     <span class='ocr_line' id='line_1_31' title="bbox 2287 1689 3805 1767; baseline -0.005 -17"><span class='ocrx_word' id='word_1_195' title='bbox 2287 1697 2390 1767; x_wconf 87' lang='grc' dir='ltr'>μδ’.</span> <span class='ocrx_word' id='word_1_196' title='bbox 2433 1697 2496 1751; x_wconf 84' lang='grc' dir='ltr'><em>Ἦ</em></span> <span class='ocrx_word' id='word_1_197' title='bbox 2529 1692 2691 1763; x_wconf 88' lang='grc' dir='ltr'>σοφία</span> <span class='ocrx_word' id='word_1_198' title='bbox 2718 1692 2886 1764; x_wconf 84' lang='grc' dir='ltr'>μονάς</span> <span class='ocrx_word' id='word_1_199' title='bbox 2942 1692 3080 1755; x_wconf 89' lang='grc' dir='ltr'>ἐστι,</span> <span class='ocrx_word' id='word_1_200' title='bbox 3120 1692 3240 1755; x_wconf 86' lang='grc' dir='ltr'>ταῖς</span> <span class='ocrx_word' id='word_1_201' title='bbox 3276 1689 3338 1755; x_wconf 78' lang='grc' dir='ltr'>ἐξ</span> <span class='ocrx_word' id='word_1_202' title='bbox 3389 1690 3557 1761; x_wconf 75' lang='grc' dir='ltr'>αὐτῆς</span> <span class='ocrx_word' id='word_1_203' title='bbox 3600 1690 3805 1759; x_wconf 76' lang='grc' dir='ltr'>διαφό-</span> 
     </span>
    </p>
   </div>
   <div class='ocr_carea' id='block_1_32' title="bbox 2219 1778 3805 1855">
    <p class='ocr_par' dir='ltr' id='par_1_32' title="bbox 2219 1778 3805 1855">
     <span class='ocr_line' id='line_1_32' title="bbox 2219 1778 3805 1855; baseline -0.005 -17"><span class='ocrx_word' id='word_1_204' title='bbox 2219 1801 2333 1855; x_wconf 96' lang='grc' dir='ltr'>ροις</span> <span class='ocrx_word' id='word_1_205' title='bbox 2379 1785 2602 1855; x_wconf 84' lang='grc' dir='ltr'>ἀρεταῖς</span> <span class='ocrx_word' id='word_1_206' title='bbox 2655 1781 2915 1852; x_wconf 79' lang='grc' dir='ltr'>ἀτμήτως</span> <span class='ocrx_word' id='word_1_207' title='bbox 2963 1778 3379 1850; x_wconf 83' lang='grc' dir='ltr'>ἐνθεωρουμένη</span> <span class='ocrx_word' id='word_1_208' title='bbox 3410 1794 3427 1811; x_wconf 80' lang='grc'><strong><em>⁸</em></strong></span> <span class='ocrx_word' id='word_1_209' title='bbox 3483 1780 3576 1832; x_wconf 78' lang='grc' dir='ltr'>καὶ</span> <span class='ocrx_word' id='word_1_210' title='bbox 3640 1797 3805 1849; x_wconf 83' lang='grc' dir='ltr'>μονο-</span> 
     </span>
    </p>
   </div>
   <div class='ocr_carea' id='block_1_33' title="bbox 544 1869 2119 1948">
    <p class='ocr_par' dir='ltr' id='par_1_33' title="bbox 544 1874 2117 1948">
     <span class='ocr_line' id='line_1_33' title="bbox 544 1874 2117 1948; baseline -0.005 -15"><span class='ocrx_word' id='word_1_211' title='bbox 544 1878 964 1948; x_wconf 79' lang='lat' dir='ltr'><strong>operationibus</strong></span> <span class='ocrx_word' id='word_1_212' title='bbox 1012 1876 1361 1932; x_wconf 79' lang='lat' dir='ltr'><strong>uniformiter</strong></span> <span class='ocrx_word' id='word_1_213' title='bbox 1409 1874 1873 1945; x_wconf 85' lang='lat' dir='ltr'><strong>intelligatur;a_c</strong></span> <span class='ocrx_word' id='word_1_214' title='bbox 1922 1887 2117 1926; x_wconf 87' lang='lat' dir='ltr'><strong>rursus</strong></span> 
     </span>
    </p>
   </div>
   <div class='ocr_carea' id='block_1_34' title="bbox 2219 1869 3803 1948">
    <p class='ocr_par' dir='ltr' id='par_1_34' title="bbox 2219 1869 3803 1943">
     <span class='ocr_line' id='line_1_34' title="bbox 2219 1869 3803 1943; baseline -0.004 -14"><span class='ocrx_word' id='word_1_215' title='bbox 2219 1876 2373 1938; x_wconf 86' lang='grc' dir='ltr'>ειδῶς</span> <span class='ocrx_word' id='word_1_216' title='bbox 2391 1878 2509 1940; x_wconf 86' lang='grc' dir='ltr'>ταῖς</span> <span class='ocrx_word' id='word_1_217' title='bbox 2537 1873 2718 1929; x_wconf 79' lang='grc' dir='ltr'>αὐτῶν</span> <span class='ocrx_word' id='word_1_218' title='bbox 2753 1871 3055 1943; x_wconf 76' lang='grc' dir='ltr'>ἐνεργείαις</span> <span class='ocrx_word' id='word_1_219' title='bbox 3084 1870 3466 1940; x_wconf 79' lang='grc' dir='ltr'>ἐπινοουμένη’</span> <span class='ocrx_word' id='word_1_220' title='bbox 3503 1870 3597 1924; x_wconf 80' lang='grc' dir='ltr'>καὶ</span> <span class='ocrx_word' id='word_1_221' title='bbox 3626 1869 3803 1924; x_wconf 80' lang='grc' dir='ltr'>πάλιν</span> 
     </span>
    </p>
   </div>
   <div class='ocr_carea' id='block_1_35' title="bbox 542 1964 2116 2038">
    <p class='ocr_par' dir='ltr' id='par_1_35' title="bbox 542 1964 2116 2038">
     <span class='ocr_line' id='line_1_35' title="bbox 542 1964 2116 2038; baseline -0.004 -14"><span class='ocrx_word' id='word_1_222' title='bbox 542 1970 776 2038; x_wconf 82' lang='lat' dir='ltr'><strong>simplex</strong></span> <span class='ocrx_word' id='word_1_223' title='bbox 820 1970 1001 2035; x_wconf 88' lang='lat' dir='ltr'><strong>unitas</strong></span> <span class='ocrx_word' id='word_1_224' title='bbox 1027 1968 1327 2022; x_wconf 83' lang='lat' dir='ltr'><strong>virtulibus</strong></span> <span class='ocrx_word' id='word_1_225' title='bbox 1354 1982 1475 2036; x_wconf 64' lang='lat' dir='ltr'><strong>quae</strong></span> <span class='ocrx_word' id='word_1_226' title='bbox 1493 1982 1560 2020; x_wconf 78' lang='lat' dir='ltr'><strong>ex</strong></span> <span class='ocrx_word' id='word_1_227' title='bbox 1587 1966 1702 2035; x_wconf 88' lang='lat' dir='ltr'><strong>ipsa</strong></span> <span class='ocrx_word' id='word_1_228' title='bbox 1727 1974 1874 2029; x_wconf 90' lang='lat' dir='ltr'><strong>sunt,</strong></span> <span class='ocrx_word' id='word_1_229' title='bbox 1902 1964 1969 2018; x_wconf 90' lang='lat' dir='ltr'><strong>ad</strong></span> <span class='ocrx_word' id='word_1_230' title='bbox 1994 1979 2116 2019; x_wconf 89' lang='lat' dir='ltr'><strong>eam</strong></span> 
     </span>
    </p>
   </div>
   <div class='ocr_carea' id='block_1_36' title="bbox 543 2054 2118 2127">
    <p class='ocr_par' dir='ltr' id='par_1_36' title="bbox 543 2054 2118 2127">
     <span class='ocr_line' id='line_1_36' title="bbox 543 2054 2118 2127; baseline -0.002 -16"><span class='ocrx_word' id='word_1_231' title='bbox 543 2072 640 2112; x_wconf 88' lang='lat' dir='ltr'><strong>seu</strong></span> <span class='ocrx_word' id='word_1_232' title='bbox 678 2058 945 2127; x_wconf 79' lang='lat' dir='ltr'><strong>originem</strong></span> <span class='ocrx_word' id='word_1_233' title='bbox 983 2055 1380 2120; x_wconf 85' lang='lat' dir='ltr'><strong>remeantibus,</strong></span> <span class='ocrx_word' id='word_1_234' title='bbox 1435 2054 1786 2119; x_wconf 86' lang='lat' dir='ltr'><strong>ostenditur;</strong></span> <span class='ocrx_word' id='word_1_235' title='bbox 1846 2068 1972 2108; x_wconf 89' lang='lat' dir='ltr'><strong>cum</strong></span> <span class='ocrx_word' id='word_1_236' title='bbox 2015 2068 2118 2108; x_wconf 91' lang='lat' dir='ltr'><strong>nos</strong></span> 
     </span>
    </p>
   </div>
   <div class='ocr_carea' id='block_1_37' title="bbox 542 2144 2131 2218">
    <p class='ocr_par' dir='ltr' id='par_1_37' title="bbox 542 2144 2131 2218">
     <span class='ocr_line' id='line_1_37' title="bbox 542 2144 2131 2218; baseline -0.003 -16"><span class='ocrx_word' id='word_1_237' title='bbox 542 2148 772 2211; x_wconf 88' lang='lat' dir='ltr'><strong>scilicet,</strong></span> <span class='ocrx_word' id='word_1_238' title='bbox 797 2162 1030 2218; x_wconf 89' lang='lat' dir='ltr'><strong>quorum</strong></span> <span class='ocrx_word' id='word_1_239' title='bbox 1057 2161 1242 2210; x_wconf 88' lang='lat' dir='ltr'><strong>causa,</strong></span> <span class='ocrx_word' id='word_1_240' title='bbox 1273 2145 1613 2215; x_wconf 82' lang='lat' dir='ltr'><strong>singularum</strong></span> <span class='ocrx_word' id='word_1_241' title='bbox 1646 2144 1917 2200; x_wconf 84' lang='lat' dir='ltr'><strong>virtutum</strong></span> <span class='ocrx_word' id='word_1_242' title='bbox 1952 2158 2131 2214; x_wconf 54' lang='lat' dir='ltr'><strong>genev</strong></span> 
     </span>
    </p>
   </div>
   <div class='ocr_carea' id='block_1_38' title="bbox 542 2235 2114 2309">
    <p class='ocr_par' dir='ltr' id='par_1_38' title="bbox 542 2235 2114 2309">
     <span class='ocr_line' id='line_1_38' title="bbox 542 2235 2114 2309; baseline -0.002 -17"><span class='ocrx_word' id='word_1_243' title='bbox 542 2239 759 2293; x_wconf 88' lang='lat' dir='ltr'><strong>ratione</strong></span> <span class='ocrx_word' id='word_1_244' title='bbox 813 2238 1203 2309; x_wconf 82' lang='lat' dir='ltr'><strong>progreditur,</strong></span> <span class='ocrx_word' id='word_1_245' title='bbox 1253 2237 1496 2305; x_wconf 89' lang='lat' dir='ltr'><strong>ipsarum</strong></span> <span class='ocrx_word' id='word_1_246' title='bbox 1552 2235 1890 2306; x_wconf 74' lang='lat' dir='ltr'><strong>singularum</strong></span> <span class='ocrx_word' id='word_1_247' title='bbox 1940 2235 2114 2301; x_wconf 87' lang='lat' dir='ltr'><strong>cultu,</strong></span> 
     </span>
    </p>
   </div>
   <div class='ocr_carea' id='block_1_39' title="bbox 541 2327 1758 2399">
    <p class='ocr_par' dir='ltr' id='par_1_39' title="bbox 541 2327 1758 2399">
     <span class='ocr_line' id='line_1_39' title="bbox 541 2327 1758 2399; baseline -0.004 -13"><span class='ocrx_word' id='word_1_248' title='bbox 541 2330 853 2386; x_wconf 77' lang='lat' dir='ltr'><strong>sublimiori</strong></span> <span class='ocrx_word' id='word_1_249' title='bbox 876 2345 1105 2385; x_wconf 87' lang='lat' dir='ltr'><strong>ascensu</strong></span> <span class='ocrx_word' id='word_1_250' title='bbox 1144 2329 1201 2382; x_wconf 90' lang='lat' dir='ltr'><strong>in</strong></span> <span class='ocrx_word' id='word_1_251' title='bbox 1226 2331 1397 2399; x_wconf 88' lang='lat' dir='ltr'><strong>ipsam</strong></span> <span class='ocrx_word' id='word_1_252' title='bbox 1427 2327 1758 2398; x_wconf 88' lang='lat' dir='ltr'><strong>colligimur.</strong></span> 
     </span>
    </p>
   </div>
   <div class='ocr_carea' id='block_1_40' title="bbox 613 2416 2115 2491">
    <p class='ocr_par' dir='ltr' id='par_1_40' title="bbox 613 2416 2115 2491">
     <span class='ocr_line' id='line_1_40' title="bbox 613 2416 2115 2491; baseline -0.005 -14"><span class='ocrx_word' id='word_1_253' title='bbox 613 2424 705 2478; x_wconf 70' lang='grc'><strong>45.</strong></span> <span class='ocrx_word' id='word_1_254' title='bbox 741 2422 870 2477; x_wconf 81' lang='lat' dir='ltr'><strong>Fide</strong></span> <span class='ocrx_word' id='word_1_255' title='bbox 905 2437 1047 2477; x_wconf 67' lang='lat' dir='ltr'><strong>caeca</strong></span> <span class='ocrx_word' id='word_1_256' title='bbox 1082 2420 1347 2491; x_wconf 66' lang='lat' dir='ltr'><strong>praeditus</strong></span> <span class='ocrx_word' id='word_1_257' title='bbox 1370 2427 1487 2483; x_wconf 89' lang='lat' dir='ltr'><strong>est,</strong></span> <span class='ocrx_word' id='word_1_258' title='bbox 1512 2418 1607 2487; x_wconf 92' lang='lat' dir='ltr'><strong>qui</strong></span> <span class='ocrx_word' id='word_1_259' title='bbox 1630 2434 1740 2472; x_wconf 92' lang='lat' dir='ltr'><strong>non</strong></span> <span class='ocrx_word' id='word_1_260' title='bbox 1769 2424 1991 2487; x_wconf 69' lang='lat' dir='ltr'><strong>praestat</strong></span> <span class='ocrx_word' id='word_1_261' title='bbox 2029 2416 2115 2471; x_wconf 88' lang='lat' dir='ltr'><strong>di-</strong></span> 
     </span>
    </p>
   </div>
   <div class='ocr_carea' id='block_1_41' title="bbox 543 2507 2119 2584">
    <p class='ocr_par' dir='ltr' id='par_1_41' title="bbox 543 2507 2119 2584">
     <span class='ocr_line' id='line_1_41' title="bbox 543 2507 2119 2584; baseline -0.008 -13"><span class='ocrx_word' id='word_1_262' title='bbox 543 2515 673 2572; x_wconf 86' lang='lat' dir='ltr'><strong>vina</strong></span> <span class='ocrx_word' id='word_1_263' title='bbox 700 2514 830 2569; x_wconf 87' lang='lat' dir='ltr'><strong>ﬁdei</strong></span> <span class='ocrx_word' id='word_1_264' title='bbox 871 2522 1163 2584; x_wconf 79' lang='lat' dir='ltr'><strong>praecepta.</strong></span> <span class='ocrx_word' id='word_1_265' title='bbox 1193 2510 1332 2566; x_wconf 91' lang='lat' dir='ltr'><strong>Cum</strong></span> <span class='ocrx_word' id='word_1_266' title='bbox 1376 2509 1524 2565; x_wconf 91' lang='lat' dir='ltr'><strong>enim</strong></span> <span class='ocrx_word' id='word_1_267' title='bbox 1555 2509 1652 2563; x_wconf 88' lang='lat' dir='ltr'><strong>Dei</strong></span> <span class='ocrx_word' id='word_1_268' title='bbox 1694 2515 1965 2578; x_wconf 67' lang='lat' dir='ltr'><strong>praacepta</strong></span> <span class='ocrx_word' id='word_1_269' title='bbox 2006 2507 2119 2561; x_wconf 89' lang='lat' dir='ltr'><strong>sint</strong></span> 
     </span>
    </p>
   </div>
   <div class='ocr_carea' id='block_1_42' title="bbox 543 2592 2119 2668">
    <p class='ocr_par' dir='ltr' id='par_1_42' title="bbox 543 2592 2119 2668">
     <span class='ocr_line' id='line_1_42' title="bbox 543 2592 2119 2668; baseline -0.006 -15"><span class='ocrx_word' id='word_1_270' title='bbox 543 2599 667 2663; x_wconf 73' lang='lat' dir='ltr'><strong>lux;</strong></span> <span class='ocrx_word' id='word_1_271' title='bbox 695 2599 870 2668; x_wconf 88' lang='lat' dir='ltr'><strong>palam</strong></span> <span class='ocrx_word' id='word_1_272' title='bbox 917 2605 1001 2652; x_wconf 90' lang='lat' dir='ltr'><strong>est</strong></span> <span class='ocrx_word' id='word_1_273' title='bbox 1043 2608 1231 2650; x_wconf 86' lang='lat' dir='ltr'><strong>carere</strong></span> <span class='ocrx_word' id='word_1_274' title='bbox 1260 2593 1447 2647; x_wconf 83' lang='lat' dir='ltr'><strong>divina</strong></span> <span class='ocrx_word' id='word_1_275' title='bbox 1489 2592 1632 2656; x_wconf 87' lang='lat' dir='ltr'><strong>luce,</strong></span> <span class='ocrx_word' id='word_1_276' title='bbox 1662 2592 1755 2661; x_wconf 88' lang='lat' dir='ltr'><strong>qui</strong></span> <span class='ocrx_word' id='word_1_277' title='bbox 1788 2607 1895 2645; x_wconf 91' lang='lat' dir='ltr'><strong>non</strong></span> <span class='ocrx_word' id='word_1_278' title='bbox 1922 2606 2119 2662; x_wconf 87' lang='lat' dir='ltr'><strong>cpera-</strong></span> 
     </span>
    </p>
   </div>
   <div class='ocr_carea' id='block_1_43' title="bbox 544 2683 2117 2757">
    <p class='ocr_par' dir='ltr' id='par_1_43' title="bbox 544 2683 2117 2757">
     <span class='ocr_line' id='line_1_43' title="bbox 544 2683 2117 2757; baseline -0.004 -12"><span class='ocrx_word' id='word_1_279' title='bbox 544 2699 635 2745; x_wconf 88' lang='lat' dir='ltr'><strong>tur</strong></span> <span class='ocrx_word' id='word_1_280' title='bbox 657 2689 841 2743; x_wconf 89' lang='lat' dir='ltr'><strong>divina</strong></span> <span class='ocrx_word' id='word_1_281' title='bbox 892 2683 1620 2757; x_wconf 70' lang='lat' dir='ltr'><strong>praecepta&quot;;nudamque,</strong></span> <span class='ocrx_word' id='word_1_282' title='bbox 1671 2698 1780 2737; x_wconf 90' lang='lat' dir='ltr'><strong>non</strong></span> <span class='ocrx_word' id='word_1_283' title='bbox 1831 2697 1954 2753; x_wconf 63' lang='lat' dir='ltr'><strong>quae</strong></span> <span class='ocrx_word' id='word_1_284' title='bbox 1989 2697 2117 2738; x_wconf 83' lang='lat' dir='ltr'><strong>vere</strong></span> 
     </span>
    </p>
   </div>
   <div class='ocr_carea' id='block_1_44' title="bbox 543 2774 1766 2848">
    <p class='ocr_par' dir='ltr' id='par_1_44' title="bbox 543 2774 1766 2848">
     <span class='ocr_line' id='line_1_44' title="bbox 543 2774 1766 2848; baseline -0.008 -10"><span class='ocrx_word' id='word_1_285' title='bbox 543 2781 636 2848; x_wconf 78' lang='lat' dir='ltr'><strong>sit,</strong></span> <span class='ocrx_word' id='word_1_286' title='bbox 665 2779 1022 2836; x_wconf 80' lang='lat' dir='ltr'><strong>circumferre</strong></span> <span class='ocrx_word' id='word_1_287' title='bbox 1049 2776 1293 2832; x_wconf 80' lang='lat' dir='ltr'><strong>divinam</strong></span> <span class='ocrx_word' id='word_1_288' title='bbox 1313 2774 1766 2845; x_wconf 88' lang='lat' dir='ltr'><strong>appellationem.</strong></span> 
     </span>
    </p>
   </div>
   <div class='ocr_carea' id='block_1_45' title="bbox 611 2944 2116 3018">
    <p class='ocr_par' dir='ltr' id='par_1_45' title="bbox 611 2944 2116 3018">
     <span class='ocr_line' id='line_1_45' title="bbox 611 2944 2116 3018; baseline -0.005 -12"><span class='ocrx_word' id='word_1_289' title='bbox 611 2949 702 3006; x_wconf 68' lang='grc'><strong>46.</strong></span> <span class='ocrx_word' id='word_1_290' title='bbox 724 2948 898 3004; x_wconf 82' lang='lat' dir='ltr'><strong>Nemo</strong></span> <span class='ocrx_word' id='word_1_291' title='bbox 923 2946 1018 3018; x_wconf 89' lang='lat' dir='ltr'><strong>qui</strong></span> <span class='ocrx_word' id='word_1_292' title='bbox 1048 2955 1259 3018; x_wconf 89' lang='lat' dir='ltr'><strong>peccet,</strong></span> <span class='ocrx_word' id='word_1_293' title='bbox 1282 2947 1465 3001; x_wconf 90' lang='lat' dir='ltr'><strong>carnis</strong></span> <span class='ocrx_word' id='word_1_294' title='bbox 1504 2944 1905 3009; x_wconf 89' lang='lat' dir='ltr'><strong>inﬁrmitatem,</strong></span> <span class='ocrx_word' id='word_1_295' title='bbox 1946 2958 2116 2999; x_wconf 83' lang='lat' dir='ltr'><strong>excu-</strong></span> 
     </span>
    </p>
   </div>
   <div class='ocr_carea' id='block_1_46' title="bbox 541 3035 2118 3112">
    <p class='ocr_par' dir='ltr' id='par_1_46' title="bbox 541 3035 2118 3112">
     <span class='ocr_line' id='line_1_46' title="bbox 541 3035 2118 3112; baseline -0.004 -15"><span class='ocrx_word' id='word_1_296' title='bbox 541 3041 713 3097; x_wconf 77' lang='lat' dir='ltr'><strong>sando</strong></span> <span class='ocrx_word' id='word_1_297' title='bbox 733 3051 1037 3112; x_wconf 87' lang='lat' dir='ltr'><strong>peccatum,</strong></span> <span class='ocrx_word' id='word_1_298' title='bbox 1051 3047 1349 3109; x_wconf 76' lang='lat' dir='ltr'><strong>praetexere</strong></span> <span class='ocrx_word' id='word_1_299' title='bbox 1364 3043 1563 3108; x_wconf 87' lang='lat' dir='ltr'><strong>potest.</strong></span> <span class='ocrx_word' id='word_1_300' title='bbox 1583 3035 1737 3102; x_wconf 84' lang='lat' dir='ltr'><strong>Quod</strong></span> <span class='ocrx_word' id='word_1_301' title='bbox 1759 3036 1906 3090; x_wconf 89' lang='lat' dir='ltr'><strong>enim</strong></span> <span class='ocrx_word' id='word_1_302' title='bbox 1922 3044 2118 3093; x_wconf 86' lang='lat' dir='ltr'><strong>natura</strong></span> 
     </span>
    </p>
   </div>
   <div class='ocr_carea' id='block_1_47' title="bbox 542 3127 2091 3195">
    <p class='ocr_par' dir='ltr' id='par_1_47' title="bbox 542 3127 2091 3195">
     <span class='ocr_line' id='line_1_47' title="bbox 542 3127 2091 3195; baseline -0.005 -7"><span class='ocrx_word' id='word_1_303' title='bbox 542 3133 657 3188; x_wconf 88' lang='lat' dir='ltr'><strong>Deo</strong></span> <span class='ocrx_word' id='word_1_304' title='bbox 680 3132 859 3187; x_wconf 80' lang='lat' dir='ltr'><strong>Verbo</strong></span> <span class='ocrx_word' id='word_1_305' title='bbox 890 3132 1040 3185; x_wconf 89' lang='lat' dir='ltr'><strong>unita</strong></span> <span class='ocrx_word' id='word_1_306' title='bbox 1069 3138 1173 3195; x_wconf 89' lang='lat' dir='ltr'><strong>est,</strong></span> <span class='ocrx_word' id='word_1_307' title='bbox 1212 3128 1393 3184; x_wconf 90' lang='lat' dir='ltr'><strong>soluta</strong></span> <span class='ocrx_word' id='word_1_308' title='bbox 1428 3127 1839 3193; x_wconf 87' lang='lat' dir='ltr'><strong>maledictione,</strong></span> <span class='ocrx_word' id='word_1_309' title='bbox 1868 3136 1981 3183; x_wconf 87' lang='lat' dir='ltr'><strong>tota</strong></span> <span class='ocrx_word' id='word_1_310' title='bbox 2005 3128 2091 3182; x_wconf 88' lang='lat' dir='ltr'><strong>vir</strong></span> 
     </span>
    </p>
   </div>
   <div class='ocr_carea' id='block_1_48' title="bbox 540 3202 2189 3293">
    <p class='ocr_par' dir='ltr' id='par_1_48' title="bbox 540 3202 2189 3293">
     <span class='ocr_line' id='line_1_48' title="bbox 540 3202 2189 3293; baseline -0.003 -14"><span class='ocrx_word' id='word_1_311' title='bbox 540 3233 661 3280; x_wconf 88' lang='lat' dir='ltr'><strong>tute</strong></span> <span class='ocrx_word' id='word_1_312' title='bbox 715 3232 878 3293; x_wconf 91' lang='lat' dir='ltr'><strong>atque</strong></span> <span class='ocrx_word' id='word_1_313' title='bbox 935 3222 1137 3276; x_wconf 89' lang='lat' dir='ltr'><strong>robore</strong></span> <span class='ocrx_word' id='word_1_314' title='bbox 1187 3222 1495 3275; x_wconf 87' lang='lat' dir='ltr'><strong>instaurata</strong></span> <span class='ocrx_word' id='word_1_315' title='bbox 1538 3226 1666 3283; x_wconf 91' lang='lat' dir='ltr'><strong>est,</strong></span> <span class='ocrx_word' id='word_1_316' title='bbox 1733 3202 2189 3274; x_wconf 79' lang='lat' dir='ltr'><strong>utexcusandic</strong></span> 
     </span>
    </p>
   </div>
   <div class='ocr_carea' id='block_1_49' title="bbox 541 3313 2116 3388">
    <p class='ocr_par' dir='ltr' id='par_1_49' title="bbox 541 3313 2116 3388">
     <span class='ocr_line' id='line_1_49' title="bbox 541 3313 2116 3388; baseline -0.001 -17"><span class='ocrx_word' id='word_1_317' title='bbox 541 3317 892 3388; x_wconf 88' lang='lat' dir='ltr'><strong>proclivioris</strong></span> <span class='ocrx_word' id='word_1_318' title='bbox 912 3318 969 3370; x_wconf 90' lang='lat' dir='ltr'><strong>in</strong></span> <span class='ocrx_word' id='word_1_319' title='bbox 989 3315 1121 3370; x_wconf 84' lang='lat' dir='ltr'><strong>vitia</strong></span> <span class='ocrx_word' id='word_1_320' title='bbox 1142 3331 1205 3370; x_wconf 88' lang='lat' dir='ltr'><strong>ac</strong></span> <span class='ocrx_word' id='word_1_321' title='bbox 1236 3313 1500 3369; x_wconf 89' lang='lat' dir='ltr'><strong>libidines</strong></span> <span class='ocrx_word' id='word_1_322' title='bbox 1520 3314 1776 3379; x_wconf 79' lang='lat' dir='ltr'><strong>aﬁ‘ectus,</strong></span> <span class='ocrx_word' id='word_1_323' title='bbox 1808 3315 1991 3370; x_wconf 87' lang='lat' dir='ltr'><strong>omnis</strong></span> <span class='ocrx_word' id='word_1_324' title='bbox 2013 3330 2116 3369; x_wconf 90' lang='lat' dir='ltr'><strong>no-</strong></span> 
     </span>
    </p>
   </div>
   <div class='ocr_carea' id='block_1_50' title="bbox 543 3405 2118 3478">
    <p class='ocr_par' dir='ltr' id='par_1_50' title="bbox 543 3405 2118 3478">
     <span class='ocr_line' id='line_1_50' title="bbox 543 3405 2118 3478; baseline -0.003 -14"><span class='ocrx_word' id='word_1_325' title='bbox 543 3407 632 3464; x_wconf 89' lang='lat' dir='ltr'><strong>bis</strong></span> <span class='ocrx_word' id='word_1_326' title='bbox 650 3417 947 3478; x_wconf 74' lang='lat' dir='ltr'><strong>przntextus</strong></span> <span class='ocrx_word' id='word_1_327' title='bbox 976 3407 1226 3462; x_wconf 90' lang='lat' dir='ltr'><strong>sublatus</strong></span> <span class='ocrx_word' id='word_1_328' title='bbox 1261 3406 1353 3461; x_wconf 90' lang='lat' dir='ltr'><strong>sit.</strong></span> <span class='ocrx_word' id='word_1_329' title='bbox 1385 3405 1552 3461; x_wconf 82' lang='lat' dir='ltr'><strong>Verbi</strong></span> <span class='ocrx_word' id='word_1_330' title='bbox 1592 3406 1738 3460; x_wconf 88' lang='lat' dir='ltr'><strong>enim</strong></span> <span class='ocrx_word' id='word_1_331' title='bbox 1777 3406 1974 3472; x_wconf 90' lang='lat' dir='ltr'><strong>deitas,</strong></span> <span class='ocrx_word' id='word_1_332' title='bbox 2001 3406 2118 3476; x_wconf 92' lang='lat' dir='ltr'><strong>ipsa</strong></span> 
     </span>
    </p>
   </div>
   <div class='ocr_carea' id='block_1_51' title="bbox 545 3497 2118 3570">
    <p class='ocr_par' dir='ltr' id='par_1_51' title="bbox 545 3497 2118 3570">
     <span class='ocr_line' id='line_1_51' title="bbox 545 3497 2118 3570; baseline -0.003 -13"><span class='ocrx_word' id='word_1_333' title='bbox 545 3517 763 3570; x_wconf 85' lang='lat' dir='ltr'><strong>semper</strong></span> <span class='ocrx_word' id='word_1_334' title='bbox 788 3500 1044 3555; x_wconf 88' lang='lat' dir='ltr'><strong>ﬁdelibus</strong></span> <span class='ocrx_word' id='word_1_335' title='bbox 1073 3515 1278 3566; x_wconf 89' lang='lat' dir='ltr'><strong>comes,</strong></span> <span class='ocrx_word' id='word_1_336' title='bbox 1319 3499 1679 3554; x_wconf 83' lang='lat' dir='ltr'><strong>cxsistentem</strong></span> <span class='ocrx_word' id='word_1_337' title='bbox 1707 3497 1765 3552; x_wconf 86' lang='lat' dir='ltr'><strong>in</strong></span> <span class='ocrx_word' id='word_1_338' title='bbox 1798 3511 1964 3553; x_wconf 84' lang='lat' dir='ltr'><strong>carne</strong></span> <span class='ocrx_word' id='word_1_339' title='bbox 1989 3513 2118 3553; x_wconf 82' lang='lat' dir='ltr'><strong>nec-</strong></span> 
     </span>
    </p>
   </div>
   <div class='ocr_carea' id='block_1_52' title="bbox 544 3590 1199 3661">
    <p class='ocr_par' dir='ltr' id='par_1_52' title="bbox 544 3590 1199 3661">
     <span class='ocr_line' id='line_1_52' title="bbox 544 3590 1199 3661; baseline -0.003 -14"><span class='ocrx_word' id='word_1_340' title='bbox 544 3590 653 3647; x_wconf 85' lang='lat' dir='ltr'><strong>cati</strong></span> <span class='ocrx_word' id='word_1_341' title='bbox 674 3590 847 3660; x_wconf 80' lang='lat' dir='ltr'><strong>legem</strong></span> <span class='ocrx_word' id='word_1_342' title='bbox 880 3590 1199 3661; x_wconf 80' lang='lat' dir='ltr'><strong>exstinguit.</strong></span> 
     </span>
    </p>
   </div>
   <div class='ocr_carea' id='block_1_53' title="bbox 615 3680 2119 3748">
    <p class='ocr_par' dir='ltr' id='par_1_53' title="bbox 615 3680 2119 3748">
     <span class='ocr_line' id='line_1_53' title="bbox 615 3680 2119 3748; baseline 0.001 -12"><span class='ocrx_word' id='word_1_343' title='bbox 615 3682 706 3736; x_wconf 67' lang='lat'><strong>47.</strong></span> <span class='ocrx_word' id='word_1_344' title='bbox 736 3681 837 3748; x_wconf 87' lang='lat' dir='ltr'><strong>Qui</strong></span> <span class='ocrx_word' id='word_1_345' title='bbox 876 3680 982 3736; x_wconf 87' lang='lat' dir='ltr'><strong>ﬁde</strong></span> <span class='ocrx_word' id='word_1_346' title='bbox 1009 3683 1065 3736; x_wconf 90' lang='lat' dir='ltr'><strong>in</strong></span> <span class='ocrx_word' id='word_1_347' title='bbox 1093 3682 1265 3736; x_wconf 90' lang='lat' dir='ltr'><strong>Deum</strong></span> <span class='ocrx_word' id='word_1_348' title='bbox 1300 3689 1357 3737; x_wconf 91' lang='lat' dir='ltr'><strong>et</strong></span> <span class='ocrx_word' id='word_1_349' title='bbox 1397 3680 1687 3747; x_wconf 87' lang='lat' dir='ltr'><strong>charitate,</strong></span> <span class='ocrx_word' id='word_1_350' title='bbox 1725 3680 2119 3745; x_wconf 84' lang='lat' dir='ltr'><strong>innaturalinm</strong></span> 
     </span>
    </p>
   </div>
   <div class='ocr_carea' id='block_1_54' title="bbox 545 3771 2119 3842">
    <p class='ocr_par' dir='ltr' id='par_1_54' title="bbox 545 3771 2119 3842">
     <span class='ocr_line' id='line_1_54' title="bbox 545 3771 2119 3842; baseline 0.002 -16"><span class='ocrx_word' id='word_1_351' title='bbox 545 3772 842 3827; x_wconf 76' lang='lat' dir='ltr'><strong>aﬁectuum</strong></span> <span class='ocrx_word' id='word_1_352' title='bbox 879 3772 1239 3828; x_wconf 89' lang='lat' dir='ltr'><strong>abhorrentes</strong></span> <span class='ocrx_word' id='word_1_353' title='bbox 1270 3787 1302 3826; x_wconf 88' lang='lat' dir='ltr'><strong>a</strong></span> <span class='ocrx_word' id='word_1_354' title='bbox 1342 3771 1554 3827; x_wconf 89' lang='lat' dir='ltr'><strong>ratione</strong></span> <span class='ocrx_word' id='word_1_355' title='bbox 1591 3772 1955 3842; x_wconf 87' lang='lat' dir='ltr'><strong>cupiditates,</strong></span> <span class='ocrx_word' id='word_1_356' title='bbox 2001 3774 2119 3830; x_wconf 87' lang='lat' dir='ltr'><strong>sive</strong></span> 
     </span>
    </p>
   </div>
   <div class='ocr_carea' id='block_1_55' title="bbox 547 3864 2115 3935">
    <p class='ocr_par' dir='ltr' id='par_1_55' title="bbox 547 3864 2115 3935">
     <span class='ocr_line' id='line_1_55' title="bbox 547 3864 2115 3935; baseline -0.001 -13"><span class='ocrx_word' id='word_1_357' title='bbox 547 3874 753 3930; x_wconf 81' lang='lat' dir='ltr'><strong>motus,</strong></span> <span class='ocrx_word' id='word_1_358' title='bbox 784 3865 1009 3929; x_wconf 88' lang='lat' dir='ltr'><strong>devicit,</strong></span> <span class='ocrx_word' id='word_1_359' title='bbox 1030 3864 1146 3934; x_wconf 80' lang='lat' dir='ltr'><strong>ipsa</strong></span> <span class='ocrx_word' id='word_1_360' title='bbox 1178 3881 1395 3934; x_wconf 89' lang='lat' dir='ltr'><strong>quoque</strong></span> <span class='ocrx_word' id='word_1_361' title='bbox 1424 3865 1664 3919; x_wconf 85' lang='lat' dir='ltr'><strong>naturali</strong></span> <span class='ocrx_word' id='word_1_362' title='bbox 1704 3865 1821 3935; x_wconf 87' lang='lat' dir='ltr'><strong>lege</strong></span> <span class='ocrx_word' id='word_1_363' title='bbox 1847 3867 2115 3932; x_wconf 79' lang='lat' dir='ltr'><strong>excessit;</strong></span> 
     </span>
    </p>
   </div>
   <div class='ocr_carea' id='block_1_56' title="bbox 548 3956 2121 4027">
    <p class='ocr_par' dir='ltr' id='par_1_56' title="bbox 548 3956 2121 4027">
     <span class='ocr_line' id='line_1_56' title="bbox 548 3956 2121 4027; baseline 0.001 -14"><span class='ocrx_word' id='word_1_364' title='bbox 548 3963 807 4026; x_wconf 81' lang='lat' dir='ltr'><strong>totusque</strong></span> <span class='ocrx_word' id='word_1_365' title='bbox 837 3956 905 4010; x_wconf 91' lang='lat' dir='ltr'><strong>ad</strong></span> <span class='ocrx_word' id='word_1_366' title='bbox 956 3956 1386 4027; x_wconf 84' lang='lat' dir='ltr'><strong>intelligibilium</strong></span> <span class='ocrx_word' id='word_1_367' title='bbox 1444 3958 1724 4027; x_wconf 81' lang='lat' dir='ltr'><strong>regionem</strong></span> <span class='ocrx_word' id='word_1_368' title='bbox 1782 3957 1980 4013; x_wconf 87' lang='lat' dir='ltr'><strong>transit</strong></span> <span class='ocrx_word' id='word_1_369' title='bbox 2016 3973 2121 4014; x_wconf 90' lang='lat' dir='ltr'><strong>:ac</strong></span> 
     </span>
    </p>
   </div>
   <div class='ocr_carea' id='block_1_57' title="bbox 548 4045 2118 4116">
    <p class='ocr_par' dir='ltr' id='par_1_57' title="bbox 548 4045 2118 4116">
     <span class='ocr_line' id='line_1_57' title="bbox 548 4045 2118 4116; baseline 0.002 -16"><span class='ocrx_word' id='word_1_370' title='bbox 548 4045 699 4115; x_wconf 78' lang='lat' dir='ltr'><strong>quod</strong></span> <span class='ocrx_word' id='word_1_371' title='bbox 738 4055 933 4101; x_wconf 88' lang='lat' dir='ltr'><strong>natura</strong></span> <span class='ocrx_word' id='word_1_372' title='bbox 985 4045 1143 4101; x_wconf 77' lang='lat' dir='ltr'><strong>aliine</strong></span> <span class='ocrx_word' id='word_1_373' title='bbox 1175 4045 1536 4116; x_wconf 85' lang='lat' dir='ltr'><strong>ejusdemque</strong></span> <span class='ocrx_word' id='word_1_374' title='bbox 1570 4046 1789 4116; x_wconf 81' lang='lat' dir='ltr'><strong>generis</strong></span> <span class='ocrx_word' id='word_1_375' title='bbox 1825 4057 1948 4111; x_wconf 87' lang='lat' dir='ltr'><strong>est,</strong></span> <span class='ocrx_word' id='word_1_376' title='bbox 1992 4064 2118 4103; x_wconf 91' lang='lat' dir='ltr'><strong>cum</strong></span> 
     </span>
    </p>
   </div>
   <div class='ocr_carea' id='block_1_58' title="bbox 551 4136 2119 4206">
    <p class='ocr_par' dir='ltr' id='par_1_58' title="bbox 551 4136 2119 4206">
     <span class='ocr_line' id='line_1_58' title="bbox 551 4136 2119 4206; baseline 0.001 -11"><span class='ocrx_word' id='word_1_377' title='bbox 551 4136 641 4195; x_wconf 81' lang='lat' dir='ltr'><strong>his</strong></span> <span class='ocrx_word' id='word_1_378' title='bbox 670 4153 792 4206; x_wconf 69' lang='lat' dir='ltr'><strong>quae</strong></span> <span class='ocrx_word' id='word_1_379' title='bbox 817 4136 893 4191; x_wconf 88' lang='lat' dir='ltr'><strong>illi</strong></span> <span class='ocrx_word' id='word_1_380' title='bbox 938 4146 1291 4192; x_wconf 89' lang='lat' dir='ltr'><strong>accesserunt</strong></span> <span class='ocrx_word' id='word_1_381' title='bbox 1374 4152 1483 4191; x_wconf 91' lang='lat' dir='ltr'><strong>una</strong></span> <span class='ocrx_word' id='word_1_382' title='bbox 1520 4151 1710 4192; x_wconf 84' lang='lat' dir='ltr'><strong>secum</strong></span> <span class='ocrx_word' id='word_1_383' title='bbox 1749 4137 1820 4193; x_wconf 89' lang='lat' dir='ltr'><strong>ab</strong></span> <span class='ocrx_word' id='word_1_384' title='bbox 1860 4147 2119 4196; x_wconf 77' lang='lat' dir='ltr'><strong>extranea</strong></span> 
     </span>
    </p>
   </div>
   <div class='ocr_carea' id='block_1_59' title="bbox 549 4228 1055 4289">
    <p class='ocr_par' dir='ltr' id='par_1_59' title="bbox 549 4228 1055 4289">
     <span class='ocr_line' id='line_1_59' title="bbox 549 4228 1055 4289; baseline -0.014 0"><span class='ocrx_word' id='word_1_385' title='bbox 549 4229 821 4289; x_wconf 65' lang='lat' dir='ltr'><strong>servitute</strong></span> <span class='ocrx_word' id='word_1_386' title='bbox 847 4228 1055 4283; x_wconf 87' lang='lat' dir='ltr'><strong>educit.</strong></span> 
     </span>
    </p>
   </div>
   <div class='ocr_carea' id='block_1_60' title="bbox 620 4317 2118 4384">
    <p class='ocr_par' dir='ltr' id='par_1_60' title="bbox 620 4317 2118 4384">
     <span class='ocr_line' id='line_1_60' title="bbox 620 4317 2118 4384; baseline 0 -10"><span class='ocrx_word' id='word_1_387' title='bbox 620 4319 710 4374; x_wconf 70' lang='grc'><strong>48.</strong></span> <span class='ocrx_word' id='word_1_388' title='bbox 738 4318 1010 4384; x_wconf 87' lang='lat' dir='ltr'><strong>Scientia,</strong></span> <span class='ocrx_word' id='word_1_389' title='bbox 1047 4317 1157 4374; x_wconf 88' lang='lat' dir='ltr'><strong>nisi</strong></span> <span class='ocrx_word' id='word_1_390' title='bbox 1192 4333 1314 4373; x_wconf 87' lang='lat' dir='ltr'><strong>eam</strong></span> <span class='ocrx_word' id='word_1_391' title='bbox 1345 4317 1583 4373; x_wconf 86' lang='lat' dir='ltr'><strong>actionis</strong></span> <span class='ocrx_word' id='word_1_392' title='bbox 1626 4318 1780 4373; x_wconf 90' lang='lat' dir='ltr'><strong>cultu</strong></span> <span class='ocrx_word' id='word_1_393' title='bbox 1818 4318 2010 4374; x_wconf 88' lang='lat' dir='ltr'><strong>divino</strong></span> <span class='ocrx_word' id='word_1_394' title='bbox 2046 4322 2118 4377; x_wconf 87' lang='lat' dir='ltr'><strong>ti-</strong></span> 
     </span>
    </p>
   </div>
   <div class='ocr_carea' id='block_1_61' title="bbox 2216 1959 3806 2037">
    <p class='ocr_par' dir='ltr' id='par_1_61' title="bbox 2216 1959 3806 2037">
     <span class='ocr_line' id='line_1_61' title="bbox 2216 1959 3806 2037; baseline -0.004 -16"><span class='ocrx_word' id='word_1_395' title='bbox 2216 1967 2360 2037; x_wconf 80' lang='grc' dir='ltr'>ἁπλῆ</span> <span class='ocrx_word' id='word_1_396' title='bbox 2390 1967 2571 2036; x_wconf 76' lang='grc' dir='ltr'>μονὰς</span> <span class='ocrx_word' id='word_1_397' title='bbox 2594 1963 3051 2034; x_wconf 78' lang='grc' dir='ltr'>ἀποδεικνυμένη,</span> <span class='ocrx_word' id='word_1_398' title='bbox 3082 1964 3203 2024; x_wconf 81' lang='grc' dir='ltr'>ταῖς</span> <span class='ocrx_word' id='word_1_399' title='bbox 3237 1961 3375 2031; x_wconf 75' lang='grc' dir='ltr'>πρὸς</span> <span class='ocrx_word' id='word_1_400' title='bbox 3403 1959 3571 2032; x_wconf 70' lang='grc' dir='ltr'>αὐτὴν</span> <span class='ocrx_word' id='word_1_401' title='bbox 3598 1961 3710 2015; x_wconf 87' lang='grc' dir='ltr'><strong>τῶν</strong></span> <span class='ocrx_word' id='word_1_402' title='bbox 3738 1960 3806 2027; x_wconf 75' lang='grc' dir='ltr'>ἐξ</span> 
     </span>
    </p>
   </div>
   <div class='ocr_carea' id='block_1_62' title="bbox 2214 2048 3800 2128">
    <p class='ocr_par' dir='ltr' id='par_1_62' title="bbox 2214 2048 3800 2128">
     <span class='ocr_line' id='line_1_62' title="bbox 2214 2048 3800 2128; baseline -0.005 -18"><span class='ocrx_word' id='word_1_403' title='bbox 2214 2058 2382 2127; x_wconf 77' lang='grc' dir='ltr'>αὐτῆς</span> <span class='ocrx_word' id='word_1_404' title='bbox 2412 2055 2622 2128; x_wconf 87' lang='grc' dir='ltr'>ἀρετῶν</span> <span class='ocrx_word' id='word_1_405' title='bbox 2647 2052 3154 2108; x_wconf 80' lang='grc' dir='ltr'>ἀποκαταστάσεσιν</span> <span class='ocrx_word' id='word_1_406' title='bbox 3177 2070 3191 2084; x_wconf 77' lang='lat'><strong>-</strong></span> <span class='ocrx_word' id='word_1_407' title='bbox 3213 2052 3343 2105; x_wconf 81' lang='grc' dir='ltr'>ὅταν</span> <span class='ocrx_word' id='word_1_408' title='bbox 3372 2052 3553 2122; x_wconf 76' lang='grc' dir='ltr'>ἡμεῖς,</span> <span class='ocrx_word' id='word_1_409' title='bbox 3588 2050 3657 2103; x_wconf 81' lang='grc' dir='ltr'>δι’</span> <span class='ocrx_word' id='word_1_410' title='bbox 3695 2048 3800 2113; x_wconf 73' lang='grc' dir='ltr'>οὓς</span> 
     </span>
    </p>
   </div>
   <div class='ocr_carea' id='block_1_63' title="bbox 2214 2141 3799 2218">
    <p class='ocr_par' dir='ltr' id='par_1_63' title="bbox 2214 2141 3799 2218">
     <span class='ocr_line' id='line_1_63' title="bbox 2214 2141 3799 2218; baseline -0.005 -18"><span class='ocrx_word' id='word_1_411' title='bbox 2214 2145 2357 2200; x_wconf 84' lang='grc' dir='ltr'><strong>κατά</strong></span> <span class='ocrx_word' id='word_1_412' title='bbox 2391 2146 2489 2218; x_wconf 82' lang='grc' dir='ltr'>τὴν</span> <span class='ocrx_word' id='word_1_413' title='bbox 2518 2145 2757 2216; x_wconf 76' lang='grc' dir='ltr'>ἑκάστης</span> <span class='ocrx_word' id='word_1_414' title='bbox 2786 2145 2986 2215; x_wconf 79' lang='grc' dir='ltr'>ἀρετῆς</span> <span class='ocrx_word' id='word_1_415' title='bbox 3022 2142 3239 2212; x_wconf 67' lang='grc' dir='ltr'>γένεσιν</span> <span class='ocrx_word' id='word_1_416' title='bbox 3273 2144 3509 2195; x_wconf 82' lang='grc' dir='ltr'>ποιεῖται</span> <span class='ocrx_word' id='word_1_417' title='bbox 3528 2143 3628 2212; x_wconf 75' lang='grc' dir='ltr'><strong>τὴν</strong></span> <span class='ocrx_word' id='word_1_418' title='bbox 3648 2141 3799 2213; x_wconf 68' lang='grc' dir='ltr'>πρὸς</span> 
     </span>
    </p>
   </div>
   <div class='ocr_carea' id='block_1_64' title="bbox 2212 2232 3798 2306">
    <p class='ocr_par' dir='ltr' id='par_1_64' title="bbox 2212 2232 3798 2306">
     <span class='ocr_line' id='line_1_64' title="bbox 2212 2232 3798 2306; baseline -0.004 -14"><span class='ocrx_word' id='word_1_419' title='bbox 2212 2238 2350 2302; x_wconf 82' lang='grc' dir='ltr'>οδον,</span> <span class='ocrx_word' id='word_1_420' title='bbox 2385 2236 2725 2299; x_wconf 85' lang='grc' dir='ltr'>ἀνατατικῶς</span> <span class='ocrx_word' id='word_1_421' title='bbox 2770 2234 2840 2290; x_wconf 79' lang='grc' dir='ltr'><strong>δι’</strong></span> <span class='ocrx_word' id='word_1_422' title='bbox 2898 2233 3137 2305; x_wconf 76' lang='grc' dir='ltr'>ἑκάστης</span> <span class='ocrx_word' id='word_1_423' title='bbox 3187 2234 3392 2306; x_wconf 75' lang='grc' dir='ltr'>ἀρετῆς</span> <span class='ocrx_word' id='word_1_424' title='bbox 3439 2233 3574 2304; x_wconf 77' lang='grc' dir='ltr'>πρὸς</span> <span class='ocrx_word' id='word_1_425' title='bbox 3616 2232 3798 2302; x_wconf 72' lang='grc' dir='ltr'>αὐτὴν</span> 
     </span>
    </p>
   </div>
   <div class='ocr_carea' id='block_1_65' title="bbox 2215 2328 2585 2398">
    <p class='ocr_par' dir='ltr' id='par_1_65' title="bbox 2215 2328 2585 2398">
     <span class='ocr_line' id='line_1_65' title="bbox 2215 2328 2585 2398; baseline -0.003 -16"><span class='ocrx_word' id='word_1_426' title='bbox 2215 2328 2585 2398; x_wconf 85' lang='grc' dir='ltr'>συναγόμεθα.</span> 
     </span>
    </p>
   </div>
   <div class='ocr_carea' id='block_1_66' title="bbox 2288 2414 3796 2491">
    <p class='ocr_par' dir='ltr' id='par_1_66' title="bbox 2288 2414 3796 2491">
     <span class='ocr_line' id='line_1_66' title="bbox 2288 2414 3796 2491; baseline -0.004 -18"><span class='ocrx_word' id='word_1_427' title='bbox 2288 2426 2392 2491; x_wconf 85' lang='grc' dir='ltr'>με’.</span> <span class='ocrx_word' id='word_1_428' title='bbox 2422 2420 2646 2490; x_wconf 80' lang='grc' dir='ltr'>Τυφλὴν</span> <span class='ocrx_word' id='word_1_429' title='bbox 2668 2419 2781 2490; x_wconf 76' lang='grc' dir='ltr'>ἔχει</span> <span class='ocrx_word' id='word_1_430' title='bbox 2800 2417 2901 2489; x_wconf 69' lang='grc' dir='ltr'>τὴν</span> <span class='ocrx_word' id='word_1_431' title='bbox 2930 2417 3138 2482; x_wconf 87' lang='grc' dir='ltr'>πίστιν,</span> <span class='ocrx_word' id='word_1_432' title='bbox 3162 2416 3192 2469; x_wconf 95' lang='lat'><strong>6</strong></span> <span class='ocrx_word' id='word_1_433' title='bbox 3214 2416 3281 2470; x_wconf 83' lang='grc' dir='ltr'><strong>τά</strong></span> <span class='ocrx_word' id='word_1_434' title='bbox 3308 2416 3450 2471; x_wconf 86' lang='grc' dir='ltr'><strong>κατά</strong></span> <span class='ocrx_word' id='word_1_435' title='bbox 3477 2414 3575 2486; x_wconf 72' lang='grc' dir='ltr'>τὴν</span> <span class='ocrx_word' id='word_1_436' title='bbox 3599 2416 3796 2468; x_wconf 81' lang='grc' dir='ltr'>πίστιν</span> 
     </span>
    </p>
   </div>
   <div class='ocr_carea' id='block_1_67' title="bbox 2215 2508 3796 2583">
    <p class='ocr_par' dir='ltr' id='par_1_67' title="bbox 2215 2508 3796 2583">
     <span class='ocr_line' id='line_1_67' title="bbox 2215 2508 3796 2583; baseline -0.002 -18"><span class='ocrx_word' id='word_1_437' title='bbox 2215 2511 2335 2565; x_wconf 80' lang='grc' dir='ltr'>θεῖα</span> <span class='ocrx_word' id='word_1_438' title='bbox 2368 2510 2768 2582; x_wconf 81' lang='grc' dir='ltr'>προστάγματα</span> <span class='ocrx_word' id='word_1_439' title='bbox 2808 2510 2883 2582; x_wconf 80' lang='grc' dir='ltr'>μὴ</span> <span class='ocrx_word' id='word_1_440' title='bbox 2912 2508 3298 2583; x_wconf 78' lang='grc' dir='ltr'>ἐργαζόμενος.</span> <span class='ocrx_word' id='word_1_441' title='bbox 3322 2509 3385 2562; x_wconf 75' lang='lat' dir='ltr'><strong>Ei</strong></span> <span class='ocrx_word' id='word_1_442' title='bbox 3410 2508 3521 2580; x_wconf 77' lang='grc' dir='ltr'><strong>γὰρ</strong></span> <span class='ocrx_word' id='word_1_443' title='bbox 3542 2508 3658 2578; x_wconf 86' lang='grc' dir='ltr'><strong>φῶς</strong></span> <span class='ocrx_word' id='word_1_444' title='bbox 3678 2510 3796 2563; x_wconf 84' lang='grc' dir='ltr'>είσι</span> 
     </span>
    </p>
   </div>
   <div class='ocr_carea' id='block_1_68' title="bbox 2212 2599 3798 2673">
    <p class='ocr_par' dir='ltr' id='par_1_68' title="bbox 2212 2599 3798 2673">
     <span class='ocr_line' id='line_1_68' title="bbox 2212 2599 3798 2673; baseline 0 -18"><span class='ocrx_word' id='word_1_445' title='bbox 2212 2602 2283 2656; x_wconf 81' lang='grc' dir='ltr'><strong>τὰ</strong></span> <span class='ocrx_word' id='word_1_446' title='bbox 2314 2602 2408 2655; x_wconf 84' lang='grc' dir='ltr'>τοῦ</span> <span class='ocrx_word' id='word_1_447' title='bbox 2454 2602 2591 2655; x_wconf 81' lang='grc' dir='ltr'>Θεοῦ</span> <span class='ocrx_word' id='word_1_448' title='bbox 2651 2601 3073 2673; x_wconf 80' lang='grc' dir='ltr'>προστάγματα,</span> <span class='ocrx_word' id='word_1_449' title='bbox 3123 2599 3281 2670; x_wconf 86' lang='grc' dir='ltr'>δῆλον</span> <span class='ocrx_word' id='word_1_450' title='bbox 3324 2599 3408 2653; x_wconf 81' lang='grc' dir='ltr'>ὅτι</span> <span class='ocrx_word' id='word_1_451' title='bbox 3454 2599 3580 2669; x_wconf 86' lang='grc' dir='ltr'>δίχα</span> <span class='ocrx_word' id='word_1_452' title='bbox 3637 2599 3798 2655; x_wconf 89' lang='grc' dir='ltr'>θείου</span> 
     </span>
    </p>
   </div>
   <div class='ocr_carea' id='block_1_69' title="bbox 2214 2687 3796 2763">
    <p class='ocr_par' dir='ltr' id='par_1_69' title="bbox 2214 2687 3796 2763">
     <span class='ocr_line' id='line_1_69' title="bbox 2214 2687 3796 2763; baseline -0.002 -18"><span class='ocrx_word' id='word_1_453' title='bbox 2214 2692 2390 2760; x_wconf 85' lang='grc' dir='ltr'>φωτός</span> <span class='ocrx_word' id='word_1_454' title='bbox 2426 2693 2593 2755; x_wconf 82' lang='grc' dir='ltr'>ἐστιν,</span> <span class='ocrx_word' id='word_1_455' title='bbox 2625 2692 2654 2744; x_wconf 93' lang='lat'><strong>6</strong></span> <span class='ocrx_word' id='word_1_456' title='bbox 2698 2690 2773 2763; x_wconf 84' lang='grc' dir='ltr'>μὴ</span> <span class='ocrx_word' id='word_1_457' title='bbox 2811 2691 3067 2759; x_wconf 83' lang='grc' dir='ltr'>πράττων</span> <span class='ocrx_word' id='word_1_458' title='bbox 3112 2688 3182 2742; x_wconf 82' lang='grc' dir='ltr'><strong>τὰ</strong></span> <span class='ocrx_word' id='word_1_459' title='bbox 3214 2688 3333 2743; x_wconf 81' lang='grc' dir='ltr'>θεῖα</span> <span class='ocrx_word' id='word_1_460' title='bbox 3364 2687 3796 2759; x_wconf 83' lang='grc' dir='ltr'>προστάγματα,</span> 
     </span>
    </p>
   </div>
   <div class='ocr_carea' id='block_1_70' title="bbox 2217 2777 3799 2852">
    <p class='ocr_par' dir='ltr' id='par_1_70' title="bbox 2217 2777 3799 2852">
     <span class='ocr_line' id='line_1_70' title="bbox 2217 2777 3799 2852; baseline 0.001 -18"><span class='ocrx_word' id='word_1_461' title='bbox 2217 2782 2311 2834; x_wconf 72' lang='grc' dir='ltr'>καὶ</span> <span class='ocrx_word' id='word_1_462' title='bbox 2342 2781 2525 2852; x_wconf 75' lang='grc' dir='ltr'>ψιλὴν,</span> <span class='ocrx_word' id='word_1_463' title='bbox 2558 2780 2674 2835; x_wconf 78' lang='grc' dir='ltr'>ἀλλ’</span> <span class='ocrx_word' id='word_1_464' title='bbox 2704 2781 2807 2834; x_wconf 80' lang='grc' dir='ltr'>οὐκ</span> <span class='ocrx_word' id='word_1_465' title='bbox 2838 2778 3015 2851; x_wconf 78' lang='grc' dir='ltr'>ἀληθῆ</span> <span class='ocrx_word' id='word_1_466' title='bbox 3062 2778 3164 2850; x_wconf 78' lang='grc' dir='ltr'>τὴν</span> <span class='ocrx_word' id='word_1_467' title='bbox 3215 2777 3368 2832; x_wconf 87' lang='grc' dir='ltr'>θείαν</span> <span class='ocrx_word' id='word_1_468' title='bbox 3431 2779 3799 2850; x_wconf 79' lang='grc' dir='ltr'>περιφέρεται</span> 
     </span>
    </p>
   </div>
   <div class='ocr_carea' id='block_1_71' title="bbox 2217 2875 2430 2947">
    <p class='ocr_par' dir='ltr' id='par_1_71' title="bbox 2217 2875 2430 2947">
     <span class='ocr_line' id='line_1_71' title="bbox 2217 2875 2430 2947; baseline 0.014 -20"><span class='ocrx_word' id='word_1_469' title='bbox 2217 2875 2430 2947; x_wconf 73' lang='grc' dir='ltr'>κλῆσιν.</span> 
     </span>
    </p>
   </div>
   <div class='ocr_carea' id='block_1_72' title="bbox 2291 2957 3799 3036">
    <p class='ocr_par' dir='ltr' id='par_1_72' title="bbox 2291 2957 3799 3036">
     <span class='ocr_line' id='line_1_72' title="bbox 2291 2957 3799 3036; baseline -0.006 -16"><span class='ocrx_word' id='word_1_470' title='bbox 2291 2961 2408 3036; x_wconf 62' lang='lat' dir='ltr'><strong>pg’.</strong></span> <span class='ocrx_word' id='word_1_471' title='bbox 2461 2963 2647 3028; x_wconf 77' lang='grc' dir='ltr'>Οὐδεὶς</span> <span class='ocrx_word' id='word_1_472' title='bbox 2704 2961 3034 3033; x_wconf 81' lang='grc' dir='ltr'>ἁμαρτάνων</span> <span class='ocrx_word' id='word_1_473' title='bbox 3095 2959 3321 3014; x_wconf 82' lang='grc' dir='ltr'>δύναται</span> <span class='ocrx_word' id='word_1_474' title='bbox 3375 2961 3476 3031; x_wconf 77' lang='grc' dir='ltr'>τῆς</span> <span class='ocrx_word' id='word_1_475' title='bbox 3518 2957 3799 3029; x_wconf 83' lang='grc' dir='ltr'>ἁμαρτίας</span> 
     </span>
    </p>
   </div>
   <div class='ocr_carea' id='block_1_73' title="bbox 2219 3048 3797 3127">
    <p class='ocr_par' dir='ltr' id='par_1_73' title="bbox 2219 3048 3797 3127">
     <span class='ocr_line' id='line_1_73' title="bbox 2219 3048 3797 3127; baseline -0.004 -20"><span class='ocrx_word' id='word_1_476' title='bbox 2219 3054 2516 3127; x_wconf 80' lang='grc' dir='ltr'>συνήγορον</span> <span class='ocrx_word' id='word_1_477' title='bbox 2542 3053 2687 3124; x_wconf 77' lang='grc' dir='ltr'>ἔχειν</span> <span class='ocrx_word' id='word_1_478' title='bbox 2717 3055 2817 3124; x_wconf 77' lang='grc' dir='ltr'>τῆς</span> <span class='ocrx_word' id='word_1_479' title='bbox 2843 3051 3044 3123; x_wconf 74' lang='grc' dir='ltr'>σαρκὸς</span> <span class='ocrx_word' id='word_1_480' title='bbox 3072 3052 3172 3122; x_wconf 82' lang='grc' dir='ltr'>τὴν</span> <span class='ocrx_word' id='word_1_481' title='bbox 3196 3049 3501 3104; x_wconf 79' lang='grc' dir='ltr'>ἀσθένειαν.</span> <span class='ocrx_word' id='word_1_482' title='bbox 3560 3048 3629 3102; x_wconf 84' lang='grc' dir='ltr'><strong>Ἦ</strong></span> <span class='ocrx_word' id='word_1_483' title='bbox 3675 3049 3797 3121; x_wconf 73' lang='grc' dir='ltr'>γὰρ</span> 
     </span>
    </p>
   </div>
   <div class='ocr_carea' id='block_1_74' title="bbox 2220 3136 3797 3217">
    <p class='ocr_par' dir='ltr' id='par_1_74' title="bbox 2220 3136 3797 3217">
     <span class='ocr_line' id='line_1_74' title="bbox 2220 3136 3797 3217; baseline -0.004 -20"><span class='ocrx_word' id='word_1_484' title='bbox 2220 3144 2358 3217; x_wconf 67' lang='grc' dir='ltr'>πρὸς</span> <span class='ocrx_word' id='word_1_485' title='bbox 2390 3144 2481 3197; x_wconf 76' lang='grc' dir='ltr'>τὸν</span> <span class='ocrx_word' id='word_1_486' title='bbox 2510 3142 2642 3196; x_wconf 84' lang='grc' dir='ltr'>Θεὸν</span> <span class='ocrx_word' id='word_1_487' title='bbox 2664 3143 2835 3212; x_wconf 85' lang='grc' dir='ltr'>Λόγον</span> <span class='ocrx_word' id='word_1_488' title='bbox 2856 3141 3068 3207; x_wconf 80' lang='grc' dir='ltr'>ἓνωσις,</span> <span class='ocrx_word' id='word_1_489' title='bbox 3100 3139 3231 3208; x_wconf 80' lang='grc' dir='ltr'>ὃλην</span> <span class='ocrx_word' id='word_1_490' title='bbox 3252 3137 3352 3210; x_wconf 73' lang='grc' dir='ltr'>τὴν</span> <span class='ocrx_word' id='word_1_491' title='bbox 3373 3138 3533 3207; x_wconf 73' lang='grc' dir='ltr'>φύσιν</span> <span class='ocrx_word' id='word_1_492' title='bbox 3551 3140 3619 3208; x_wconf 78' lang='grc' dir='ltr'>τῇ</span> <span class='ocrx_word' id='word_1_493' title='bbox 3639 3136 3797 3191; x_wconf 80' lang='grc' dir='ltr'>λύσει</span> 
     </span>
    </p>
   </div>
   <div class='ocr_carea' id='block_1_75' title="bbox 2219 3231 3797 3306">
    <p class='ocr_par' dir='ltr' id='par_1_75' title="bbox 2219 3231 3797 3306">
     <span class='ocr_line' id='line_1_75' title="bbox 2219 3231 3797 3306; baseline -0.004 -17"><span class='ocrx_word' id='word_1_494' title='bbox 2219 3238 2318 3306; x_wconf 82' lang='grc' dir='ltr'>τῆς</span> <span class='ocrx_word' id='word_1_495' title='bbox 2339 3236 2583 3305; x_wconf 88' lang='grc' dir='ltr'>κατάρας</span> <span class='ocrx_word' id='word_1_496' title='bbox 2606 3234 2938 3306; x_wconf 72' lang='grc' dir='ltr'>ἀνέρρωσεν,</span> <span class='ocrx_word' id='word_1_497' title='bbox 2967 3231 3375 3303; x_wconf 82' lang='grc' dir='ltr'>ἀπροφάσιστον</span> <span class='ocrx_word' id='word_1_498' title='bbox 3398 3231 3532 3301; x_wconf 73' lang='grc' dir='ltr'>ἡμῖν</span> <span class='ocrx_word' id='word_1_499' title='bbox 3561 3246 3797 3299; x_wconf 88' lang='grc' dir='ltr'>ποιησα-</span> 
     </span>
    </p>
   </div>
   <div class='ocr_carea' id='block_1_76' title="bbox 2223 3317 3794 3395">
    <p class='ocr_par' dir='ltr' id='par_1_76' title="bbox 2223 3317 3794 3395">
     <span class='ocr_line' id='line_1_76' title="bbox 2223 3317 3794 3395; baseline -0.004 -17"><span class='ocrx_word' id='word_1_500' title='bbox 2223 3325 2358 3395; x_wconf 84' lang='grc' dir='ltr'>μένη</span> <span class='ocrx_word' id='word_1_501' title='bbox 2408 3325 2508 3395; x_wconf 76' lang='grc' dir='ltr'>τὴν</span> <span class='ocrx_word' id='word_1_502' title='bbox 2555 3323 2694 3394; x_wconf 75' lang='grc' dir='ltr'>πρὸς</span> <span class='ocrx_word' id='word_1_503' title='bbox 2726 3322 2796 3376; x_wconf 84' lang='grc' dir='ltr'>τὰ</span> <span class='ocrx_word' id='word_1_504' title='bbox 2826 3322 2973 3393; x_wconf 89' lang='grc' dir='ltr'>πάθη</span> <span class='ocrx_word' id='word_1_505' title='bbox 3001 3324 3101 3392; x_wconf 81' lang='grc' dir='ltr'>τῆς</span> <span class='ocrx_word' id='word_1_506' title='bbox 3125 3319 3351 3391; x_wconf 87' lang='grc' dir='ltr'>γνώμης</span> <span class='ocrx_word' id='word_1_507' title='bbox 3387 3317 3794 3389; x_wconf 86' lang='grc' dir='ltr'>προσπάθειαν.</span> 
     </span>
    </p>
   </div>
   <div class='ocr_carea' id='block_1_77' title="bbox 2231 3409 3798 3485">
    <p class='ocr_par' dir='ltr' id='par_1_77' title="bbox 2231 3409 3798 3485">
     <span class='ocr_line' id='line_1_77' title="bbox 2231 3409 3798 3485; baseline -0.002 -18"><span class='ocrx_word' id='word_1_508' title='bbox 2231 3415 2294 3467; x_wconf 83' lang='grc' dir='ltr'><strong>Ἦ</strong></span> <span class='ocrx_word' id='word_1_509' title='bbox 2323 3414 2432 3485; x_wconf 66' lang='grc' dir='ltr'>γὰρ</span> <span class='ocrx_word' id='word_1_510' title='bbox 2460 3412 2553 3467; x_wconf 80' lang='grc' dir='ltr'><strong>τοῦ</strong></span> <span class='ocrx_word' id='word_1_511' title='bbox 2581 3413 2758 3482; x_wconf 83' lang='grc' dir='ltr'>Λόγου</span> <span class='ocrx_word' id='word_1_512' title='bbox 2795 3411 3016 3483; x_wconf 86' lang='grc' dir='ltr'>θεότης,</span> <span class='ocrx_word' id='word_1_513' title='bbox 3058 3410 3202 3465; x_wconf 88' lang='grc' dir='ltr'><strong>κατά</strong></span> <span class='ocrx_word' id='word_1_514' title='bbox 3226 3409 3385 3482; x_wconf 81' lang='grc' dir='ltr'>χάριν</span> <span class='ocrx_word' id='word_1_515' title='bbox 3415 3410 3504 3463; x_wconf 77' lang='grc' dir='ltr'>ἀεὶ</span> <span class='ocrx_word' id='word_1_516' title='bbox 3555 3410 3798 3464; x_wconf 78' lang='grc' dir='ltr'>συνοῦσα</span> 
     </span>
    </p>
   </div>
   <div class='ocr_carea' id='block_1_78' title="bbox 2217 3503 3799 3574">
    <p class='ocr_par' dir='ltr' id='par_1_78' title="bbox 2217 3503 3799 3574">
     <span class='ocr_line' id='line_1_78' title="bbox 2217 3503 3799 3574; baseline -0.001 -15"><span class='ocrx_word' id='word_1_517' title='bbox 2217 3508 2332 3569; x_wconf 84' lang='grc' dir='ltr'>τοῖς</span> <span class='ocrx_word' id='word_1_518' title='bbox 2361 3507 2442 3570; x_wconf 85' lang='grc' dir='ltr'><strong>είς</strong></span> <span class='ocrx_word' id='word_1_519' title='bbox 2476 3505 2641 3558; x_wconf 79' lang='grc' dir='ltr'>αὐτὸν</span> <span class='ocrx_word' id='word_1_520' title='bbox 2667 3504 3010 3569; x_wconf 86' lang='grc' dir='ltr'>πιστεύουσι,</span> <span class='ocrx_word' id='word_1_521' title='bbox 3049 3503 3143 3556; x_wconf 85' lang='grc' dir='ltr'>τὸν</span> <span class='ocrx_word' id='word_1_522' title='bbox 3186 3503 3245 3556; x_wconf 83' lang='grc' dir='ltr'><strong>ἐν</strong></span> <span class='ocrx_word' id='word_1_523' title='bbox 3290 3506 3359 3574; x_wconf 78' lang='grc' dir='ltr'>τῇ</span> <span class='ocrx_word' id='word_1_524' title='bbox 3414 3503 3580 3574; x_wconf 73' lang='grc' dir='ltr'>σαρκὶ</span> <span class='ocrx_word' id='word_1_525' title='bbox 3624 3504 3799 3574; x_wconf 82' lang='grc' dir='ltr'>νόμον</span> 
     </span>
    </p>
   </div>
   <div class='ocr_carea' id='block_1_79' title="bbox 2178 3596 3045 3670">
    <p class='ocr_par' dir='ltr' id='par_1_79' title="bbox 2178 3596 3045 3670">
     <span class='ocr_line' id='line_1_79' title="bbox 2178 3596 3045 3670; baseline -0.001 -18"><span class='ocrx_word' id='word_1_526' title='bbox 2178 3600 2183 3605; x_wconf 84' lang='grc'><strong>’</strong></span> <span class='ocrx_word' id='word_1_527' title='bbox 2218 3601 2317 3670; x_wconf 76' lang='grc' dir='ltr'>τῆς</span> <span class='ocrx_word' id='word_1_528' title='bbox 2345 3597 2619 3669; x_wconf 86' lang='grc' dir='ltr'>ἁμαρτίας</span> <span class='ocrx_word' id='word_1_529' title='bbox 2655 3596 3045 3666; x_wconf 84' lang='grc' dir='ltr'>ἀπομαραίνει.</span> 
     </span>
    </p>
   </div>
   <div class='ocr_carea' id='block_1_80' title="bbox 2295 3682 3797 3757">
    <p class='ocr_par' dir='ltr' id='par_1_80' title="bbox 2295 3682 3797 3757">
     <span class='ocr_line' id='line_1_80' title="bbox 2295 3682 3797 3757; baseline -0.015 -5"><span class='ocrx_word' id='word_1_530' title='bbox 2295 3684 2403 3757; x_wconf 64' lang='grc' dir='ltr'><strong>μζ.</strong></span> <span class='ocrx_word' id='word_1_531' title='bbox 2447 3685 2506 3739; x_wconf 77' lang='grc'><strong>’0</strong></span> <span class='ocrx_word' id='word_1_532' title='bbox 2538 3686 2647 3739; x_wconf 79' lang='grc' dir='ltr'><strong>τῶν</strong></span> <span class='ocrx_word' id='word_1_533' title='bbox 2671 3685 2822 3756; x_wconf 78' lang='grc' dir='ltr'>παρὰ</span> <span class='ocrx_word' id='word_1_534' title='bbox 2857 3683 3019 3754; x_wconf 83' lang='grc' dir='ltr'>φύσιν</span> <span class='ocrx_word' id='word_1_535' title='bbox 3056 3684 3246 3739; x_wconf 79' lang='grc' dir='ltr'>παθῶν</span> <span class='ocrx_word' id='word_1_536' title='bbox 3283 3683 3372 3738; x_wconf 74' lang='grc' dir='ltr'>διὰ</span> <span class='ocrx_word' id='word_1_537' title='bbox 3401 3686 3499 3755; x_wconf 83' lang='grc' dir='ltr'>τῆς</span> <span class='ocrx_word' id='word_1_538' title='bbox 3532 3683 3613 3746; x_wconf 81' lang='grc' dir='ltr'><strong>είς</strong></span> <span class='ocrx_word' id='word_1_539' title='bbox 3656 3682 3797 3738; x_wconf 71' lang='grc' dir='ltr'>Θεὸν</span> 
     </span>
    </p>
   </div>
   <div class='ocr_carea' id='block_1_81' title="bbox 2220 3764 3797 3847">
    <p class='ocr_par' dir='ltr' id='par_1_81' title="bbox 2220 3764 3797 3847">
     <span class='ocr_line' id='line_1_81' title="bbox 2220 3764 3797 3847; baseline -0.003 -16"><span class='ocrx_word' id='word_1_540' title='bbox 2220 3764 2458 3841; x_wconf 82' lang='grc' dir='ltr'>πίστεως</span> <span class='ocrx_word' id='word_1_541' title='bbox 2486 3777 2583 3830; x_wconf 75' lang='grc' dir='ltr'>καὶ</span> <span class='ocrx_word' id='word_1_542' title='bbox 2616 3775 2840 3846; x_wconf 86' lang='grc' dir='ltr'>ἀγάπης</span> <span class='ocrx_word' id='word_1_543' title='bbox 2868 3775 3096 3847; x_wconf 80' lang='grc' dir='ltr'>νικήσας</span> <span class='ocrx_word' id='word_1_544' title='bbox 3123 3775 3224 3839; x_wconf 80' lang='grc' dir='ltr'>τὰς</span> <span class='ocrx_word' id='word_1_545' title='bbox 3246 3774 3588 3845; x_wconf 85' lang='grc' dir='ltr'>παραλόγους</span> <span class='ocrx_word' id='word_1_546' title='bbox 3610 3771 3797 3826; x_wconf 81' lang='grc' dir='ltr'>ἐπιθυ-</span> 
     </span>
    </p>
   </div>
   <div class='ocr_carea' id='block_1_82' title="bbox 2223 3863 3797 3940">
    <p class='ocr_par' dir='ltr' id='par_1_82' title="bbox 2223 3863 3797 3940">
     <span class='ocr_line' id='line_1_82' title="bbox 2223 3863 3797 3940; baseline -0.003 -17"><span class='ocrx_word' id='word_1_547' title='bbox 2223 3869 2374 3940; x_wconf 88' lang='grc' dir='ltr'>μίας,</span> <span class='ocrx_word' id='word_1_548' title='bbox 2433 3869 2606 3922; x_wconf 84' lang='grc' dir='ltr'>είτουν</span> <span class='ocrx_word' id='word_1_549' title='bbox 2640 3868 2900 3938; x_wconf 86' lang='grc' dir='ltr'>κινήσεις,</span> <span class='ocrx_word' id='word_1_550' title='bbox 2950 3867 3048 3921; x_wconf 70' lang='grc' dir='ltr'>καὶ</span> <span class='ocrx_word' id='word_1_551' title='bbox 3071 3865 3239 3921; x_wconf 75' lang='grc' dir='ltr'>αὑτοῦ</span> <span class='ocrx_word' id='word_1_552' title='bbox 3286 3864 3380 3919; x_wconf 82' lang='grc' dir='ltr'>τοῦ</span> <span class='ocrx_word' id='word_1_553' title='bbox 3435 3863 3578 3918; x_wconf 87' lang='grc' dir='ltr'><strong>κατά</strong></span> <span class='ocrx_word' id='word_1_554' title='bbox 3629 3864 3797 3934; x_wconf 78' lang='grc' dir='ltr'>φύσιν</span> 
     </span>
    </p>
   </div>
   <div class='ocr_carea' id='block_1_83' title="bbox 2220 3956 3796 4029">
    <p class='ocr_par' dir='ltr' id='par_1_83' title="bbox 2220 3956 3796 4029">
     <span class='ocr_line' id='line_1_83' title="bbox 2220 3956 3796 4029; baseline -0.003 -16"><span class='ocrx_word' id='word_1_555' title='bbox 2220 3959 2327 4026; x_wconf 74' lang='grc' dir='ltr'><strong>ἔξω</strong></span> <span class='ocrx_word' id='word_1_556' title='bbox 2361 3960 2572 4029; x_wconf 86' lang='grc' dir='ltr'>γίνεται</span> <span class='ocrx_word' id='word_1_557' title='bbox 2605 3959 2794 4029; x_wconf 90' lang='grc' dir='ltr'>νόμου,</span> <span class='ocrx_word' id='word_1_558' title='bbox 2826 3958 2920 4014; x_wconf 73' lang='grc' dir='ltr'>καὶ</span> <span class='ocrx_word' id='word_1_559' title='bbox 2945 3958 3082 4029; x_wconf 69' lang='grc' dir='ltr'>πρὸς</span> <span class='ocrx_word' id='word_1_560' title='bbox 3108 3958 3207 4028; x_wconf 80' lang='grc' dir='ltr'>τὴν</span> <span class='ocrx_word' id='word_1_561' title='bbox 3240 3957 3424 4027; x_wconf 84' lang='grc' dir='ltr'>χώραν</span> <span class='ocrx_word' id='word_1_562' title='bbox 3449 3956 3557 4011; x_wconf 88' lang='grc' dir='ltr'><strong>τῶν</strong></span> <span class='ocrx_word' id='word_1_563' title='bbox 3580 3957 3796 4027; x_wconf 83' lang='grc' dir='ltr'>νοητῶν</span> 
     </span>
    </p>
   </div>
   <div class='ocr_carea' id='block_1_84' title="bbox 2218 4046 3794 4120">
    <p class='ocr_par' dir='ltr' id='par_1_84' title="bbox 2218 4046 3794 4120">
     <span class='ocr_line' id='line_1_84' title="bbox 2218 4046 3794 4120; baseline -0.003 -15"><span class='ocrx_word' id='word_1_564' title='bbox 2218 4050 2339 4114; x_wconf 80' lang='grc' dir='ltr'>ὅλος</span> <span class='ocrx_word' id='word_1_565' title='bbox 2365 4049 2817 4120; x_wconf 76' lang='grc' dir='ltr'>μεταϐιϐάζεται,</span> <span class='ocrx_word' id='word_1_566' title='bbox 2835 4050 2930 4102; x_wconf 76' lang='grc' dir='ltr'>καὶ</span> <span class='ocrx_word' id='word_1_567' title='bbox 2954 4048 3016 4102; x_wconf 80' lang='grc' dir='ltr'>τὸ</span> <span class='ocrx_word' id='word_1_568' title='bbox 3045 4049 3185 4101; x_wconf 87' lang='grc' dir='ltr'><strong>κατά</strong></span> <span class='ocrx_word' id='word_1_569' title='bbox 3208 4047 3371 4116; x_wconf 85' lang='grc' dir='ltr'>φύσιν</span> <span class='ocrx_word' id='word_1_570' title='bbox 3390 4046 3660 4118; x_wconf 82' lang='grc' dir='ltr'>ὁμόφυλον</span> <span class='ocrx_word' id='word_1_571' title='bbox 3685 4047 3794 4116; x_wconf 82' lang='lat' dir='ltr'><strong>(d).</strong></span> 
     </span>
    </p>
   </div>
   <div class='ocr_carea' id='block_1_85' title="bbox 2222 4138 3797 4212">
    <p class='ocr_par' dir='ltr' id='par_1_85' title="bbox 2222 4138 3797 4212">
     <span class='ocr_line' id='line_1_85' title="bbox 2222 4138 3797 4212; baseline -0.002 -19"><span class='ocrx_word' id='word_1_572' title='bbox 2222 4140 2363 4211; x_wconf 83' lang='grc' dir='ltr'><strong>μετά</strong></span> <span class='ocrx_word' id='word_1_573' title='bbox 2422 4142 2532 4193; x_wconf 87' lang='grc' dir='ltr'><strong>τῶν</strong></span> <span class='ocrx_word' id='word_1_574' title='bbox 2588 4140 3040 4212; x_wconf 81' lang='grc' dir='ltr'>προσγενομένων</span> <span class='ocrx_word' id='word_1_575' title='bbox 3098 4139 3269 4210; x_wconf 80' lang='grc' dir='ltr'>αὐτῷ,</span> <span class='ocrx_word' id='word_1_576' title='bbox 3336 4142 3435 4210; x_wconf 78' lang='grc' dir='ltr'>τῆς</span> <span class='ocrx_word' id='word_1_577' title='bbox 3503 4138 3797 4209; x_wconf 84' lang='grc' dir='ltr'>ἀλλοτρίας</span> 
     </span>
    </p>
   </div>
   <div class='ocr_carea' id='block_1_86' title="bbox 2220 4230 3082 4301">
    <p class='ocr_par' dir='ltr' id='par_1_86' title="bbox 2220 4230 3082 4301">
     <span class='ocr_line' id='line_1_86' title="bbox 2220 4230 3082 4301; baseline 0 -17"><span class='ocrx_word' id='word_1_578' title='bbox 2220 4231 2396 4301; x_wconf 84' lang='grc' dir='ltr'>ἐαυτῷ</span> <span class='ocrx_word' id='word_1_579' title='bbox 2435 4231 2790 4287; x_wconf 84' lang='grc' dir='ltr'>συνεκϐάλλει</span> <span class='ocrx_word' id='word_1_580' title='bbox 2815 4230 3082 4294; x_wconf 86' lang='grc' dir='ltr'>δουλείας.</span> 
     </span>
    </p>
   </div>
   <div class='ocr_carea' id='block_1_87' title="bbox 2293 4319 3799 4395">
    <p class='ocr_par' dir='ltr' id='par_1_87' title="bbox 2293 4319 3799 4395">
     <span class='ocr_line' id='line_1_87' title="bbox 2293 4319 3799 4395; baseline -0.005 -16"><span class='ocrx_word' id='word_1_581' title='bbox 2293 4322 2403 4395; x_wconf 66' lang='lat' dir='ltr'><strong>pq’.</strong></span> <span class='ocrx_word' id='word_1_582' title='bbox 2432 4325 2524 4394; x_wconf 81' lang='grc' dir='ltr'>Μὴ</span> <span class='ocrx_word' id='word_1_583' title='bbox 2561 4322 2922 4395; x_wconf 81' lang='grc' dir='ltr'>χαλινουμένη</span> <span class='ocrx_word' id='word_1_584' title='bbox 2975 4321 3053 4393; x_wconf 82' lang='grc' dir='ltr'>τῷ</span> <span class='ocrx_word' id='word_1_585' title='bbox 3106 4321 3237 4391; x_wconf 83' lang='grc' dir='ltr'>θείῳ</span> <span class='ocrx_word' id='word_1_586' title='bbox 3296 4320 3446 4391; x_wconf 85' lang='grc' dir='ltr'>φόϐῳ</span> <span class='ocrx_word' id='word_1_587' title='bbox 3502 4319 3645 4374; x_wconf 84' lang='grc' dir='ltr'><strong>κατά</strong></span> <span class='ocrx_word' id='word_1_588' title='bbox 3692 4320 3799 4390; x_wconf 69' lang='grc' dir='ltr'>τὴν</span> 
     </span>
    </p>
   </div>
   <div class='ocr_carea' id='block_1_88' title="bbox 552 4404 2119 4485">
    <p class='ocr_par' dir='ltr' id='par_1_88' title="bbox 552 4410 2119 4477">
     <span class='ocr_line' id='line_1_88' title="bbox 552 4410 2119 4477; baseline 0.001 -11"><span class='ocrx_word' id='word_1_589' title='bbox 552 4425 705 4466; x_wconf 87' lang='lat' dir='ltr'><strong>more</strong></span> <span class='ocrx_word' id='word_1_590' title='bbox 744 4425 1025 4476; x_wconf 85' lang='lat' dir='ltr'><strong>coerceas,</strong></span> <span class='ocrx_word' id='word_1_591' title='bbox 1053 4410 1222 4465; x_wconf 90' lang='lat' dir='ltr'><strong>animi</strong></span> <span class='ocrx_word' id='word_1_592' title='bbox 1263 4411 1561 4466; x_wconf 87' lang='lat' dir='ltr'><strong>elationem</strong></span> <span class='ocrx_word' id='word_1_593' title='bbox 1602 4410 1767 4477; x_wconf 81' lang='lat' dir='ltr'><strong>facit;</strong></span> <span class='ocrx_word' id='word_1_594' title='bbox 1815 4412 1867 4467; x_wconf 91' lang='lat' dir='ltr'><strong>ei</strong></span> <span class='ocrx_word' id='word_1_595' title='bbox 1910 4413 2119 4468; x_wconf 85' lang='lat' dir='ltr'><strong>scilicet</strong></span> 
     </span>
    </p>
   </div>
   <div class='ocr_carea' id='block_1_89' title="bbox 2219 4404 3801 4485">
    <p class='ocr_par' dir='ltr' id='par_1_89' title="bbox 2221 4404 3801 4485">
     <span class='ocr_line' id='line_1_89' title="bbox 2221 4404 3801 4485; baseline -0.003 -18"><span class='ocrx_word' id='word_1_596' title='bbox 2221 4413 2421 4485; x_wconf 79' lang='grc' dir='ltr'>πρᾶξιν</span> <span class='ocrx_word' id='word_1_597' title='bbox 2459 4415 2493 4483; x_wconf 83' lang='grc' dir='ltr'>ὴ</span> <span class='ocrx_word' id='word_1_598' title='bbox 2532 4411 2755 4482; x_wconf 87' lang='grc' dir='ltr'>γνῶσις,</span> <span class='ocrx_word' id='word_1_599' title='bbox 2793 4411 2961 4481; x_wconf 89' lang='grc' dir='ltr'>τύφον</span> <span class='ocrx_word' id='word_1_600' title='bbox 2992 4410 3321 4482; x_wconf 74' lang='grc' dir='ltr'>ἐργάζεται,</span> <span class='ocrx_word' id='word_1_601' title='bbox 3370 4411 3448 4473; x_wconf 86' lang='grc' dir='ltr'>ὡς</span> <span class='ocrx_word' id='word_1_602' title='bbox 3495 4404 3695 4463; x_wconf 71' lang='grc' dir='ltr'>οἰκεῖον</span> <span class='ocrx_word' id='word_1_603' title='bbox 3734 4411 3801 4462; x_wconf 75' lang='grc' dir='ltr'><strong>τὺ</strong></span> 
     </span>
    </p>
   </div>
   <div class='ocr_carea' id='block_1_90' title="bbox 552 4498 2119 4589">
    <p class='ocr_par' dir='ltr' id='par_1_90' title="bbox 552 4498 2116 4572">
     <span class='ocr_line' id='line_1_90' title="bbox 552 4498 2116 4572; baseline 0.003 -19"><span class='ocrx_word' id='word_1_604' title='bbox 552 4500 649 4569; x_wconf 82' lang='lat' dir='ltr'><strong>qui</strong></span> <span class='ocrx_word' id='word_1_605' title='bbox 688 4514 753 4553; x_wconf 88' lang='lat' dir='ltr'><strong>ea</strong></span> <span class='ocrx_word' id='word_1_606' title='bbox 799 4498 1023 4554; x_wconf 82' lang='lat' dir='ltr'><strong>inﬂatus</strong></span> <span class='ocrx_word' id='word_1_607' title='bbox 1058 4500 1149 4565; x_wconf 82' lang='lat' dir='ltr'><strong>sit,</strong></span> <span class='ocrx_word' id='word_1_608' title='bbox 1194 4506 1387 4554; x_wconf 87' lang='lat' dir='ltr'><strong>auctor</strong></span> <span class='ocrx_word' id='word_1_609' title='bbox 1408 4499 1699 4565; x_wconf 81' lang='lat' dir='ltr'><strong>exsistens,</strong></span> <span class='ocrx_word' id='word_1_610' title='bbox 1735 4509 1798 4556; x_wconf 90' lang='lat' dir='ltr'><strong>ut</strong></span> <span class='ocrx_word' id='word_1_611' title='bbox 1842 4501 2011 4572; x_wconf 87' lang='lat' dir='ltr'><strong>quod.</strong></span> <span class='ocrx_word' id='word_1_612' title='bbox 2035 4502 2116 4558; x_wconf 83' lang='lat' dir='ltr'><strong>ie-</strong></span> 
     </span>
    </p>
   </div>
   <div class='ocr_carea' id='block_1_91' title="bbox 2219 4498 3797 4589">
    <p class='ocr_par' dir='ltr' id='par_1_91' title="bbox 2219 4501 3797 4574">
     <span class='ocr_line' id='line_1_91' title="bbox 2219 4501 3797 4574; baseline -0.003 -17"><span class='ocrx_word' id='word_1_613' title='bbox 2219 4503 2624 4572; x_wconf 71' lang='grc' dir='ltr'>δεδανεισμένον</span> <span class='ocrx_word' id='word_1_614' title='bbox 2651 4502 3052 4574; x_wconf 82' lang='grc' dir='ltr'>προϐάλλεσθαι</span> <span class='ocrx_word' id='word_1_615' title='bbox 3097 4502 3360 4556; x_wconf 88' lang='grc' dir='ltr'>πείθουσα</span> <span class='ocrx_word' id='word_1_616' title='bbox 3390 4502 3484 4555; x_wconf 83' lang='grc' dir='ltr'><strong>τὸν</strong></span> <span class='ocrx_word' id='word_1_617' title='bbox 3513 4501 3604 4554; x_wconf 78' lang='grc' dir='ltr'>ἐπ’</span> <span class='ocrx_word' id='word_1_618' title='bbox 3652 4502 3797 4572; x_wconf 69' lang='grc' dir='ltr'>αὐτῇ</span> 
     </span>
    </p>
   </div>
   <div class='ocr_carea' id='block_1_92' title="bbox 550 4590 2119 4664">
    <p class='ocr_par' dir='ltr' id='par_1_92' title="bbox 550 4590 2119 4663">
     <span class='ocr_line' id='line_1_92' title="bbox 550 4590 2119 4663; baseline 0.001 -16"><span class='ocrx_word' id='word_1_619' title='bbox 550 4600 745 4647; x_wconf 82' lang='lat' dir='ltr'><strong>nerato</strong></span> <span class='ocrx_word' id='word_1_620' title='bbox 799 4591 1031 4662; x_wconf 90' lang='lat' dir='ltr'><strong>accepit,</strong></span> <span class='ocrx_word' id='word_1_621' title='bbox 1078 4591 1230 4646; x_wconf 81' lang='lat' dir='ltr'><strong>velut</strong></span> <span class='ocrx_word' id='word_1_622' title='bbox 1273 4590 1556 4660; x_wconf 88' lang='lat' dir='ltr'><strong>proprium</strong></span> <span class='ocrx_word' id='word_1_623' title='bbox 1576 4599 1854 4658; x_wconf 89' lang='lat' dir='ltr'><strong>ostentet;</strong></span> <span class='ocrx_word' id='word_1_624' title='bbox 1905 4593 1986 4647; x_wconf 91' lang='lat' dir='ltr'><strong>sic</strong></span> <span class='ocrx_word' id='word_1_625' title='bbox 2019 4609 2119 4663; x_wconf 88' lang='lat' dir='ltr'><strong>per</strong></span> 
     </span>
    </p>
   </div>
   <div class='ocr_carea' id='block_1_93' title="bbox 2219 4590 3801 4664">
    <p class='ocr_par' dir='ltr' id='par_1_93' title="bbox 2221 4592 3801 4664">
     <span class='ocr_line' id='line_1_93' title="bbox 2221 4592 3801 4664; baseline 0 -18"><span class='ocrx_word' id='word_1_626' title='bbox 2221 4592 2561 4662; x_wconf 78' lang='grc' dir='ltr'>τυφωθέντα,</span> <span class='ocrx_word' id='word_1_627' title='bbox 2595 4594 2734 4664; x_wconf 79' lang='grc' dir='ltr'>πρὸς</span> <span class='ocrx_word' id='word_1_628' title='bbox 2760 4594 2963 4648; x_wconf 87' lang='grc' dir='ltr'>οίκεῖον</span> <span class='ocrx_word' id='word_1_629' title='bbox 2988 4593 3212 4648; x_wconf 68' lang='grc' dir='ltr'>ἔπαινον</span> <span class='ocrx_word' id='word_1_630' title='bbox 3237 4594 3334 4649; x_wconf 78' lang='grc' dir='ltr'><strong>τὸν</strong></span> <span class='ocrx_word' id='word_1_631' title='bbox 3360 4592 3553 4663; x_wconf 75' lang='grc' dir='ltr'>ἔρανον</span> <span class='ocrx_word' id='word_1_632' title='bbox 3581 4592 3678 4645; x_wconf 78' lang='grc' dir='ltr'><strong>τοῦ</strong></span> <span class='ocrx_word' id='word_1_633' title='bbox 3706 4592 3801 4646; x_wconf 66' lang='lat'><strong>16-</strong></span> 
     </span>
    </p>
   </div>
   <div class='ocr_carea' id='block_1_94' title="bbox 549 4680 2119 4757">
    <p class='ocr_par' dir='ltr' id='par_1_94' title="bbox 549 4680 2116 4753">
     <span class='ocr_line' id='line_1_94' title="bbox 549 4680 2116 4753; baseline 0.002 -16"><span class='ocrx_word' id='word_1_634' title='bbox 549 4696 668 4737; x_wconf 85' lang='lat' dir='ltr'><strong>eam</strong></span> <span class='ocrx_word' id='word_1_635' title='bbox 711 4682 985 4737; x_wconf 87' lang='lat' dir='ltr'><strong>sermonis</strong></span> <span class='ocrx_word' id='word_1_636' title='bbox 1027 4680 1335 4753; x_wconf 88' lang='lat' dir='ltr'><strong>symbolum</strong></span> <span class='ocrx_word' id='word_1_637' title='bbox 1365 4681 1675 4747; x_wconf 81' lang='lat' dir='ltr'><strong>conferens,</strong></span> <span class='ocrx_word' id='word_1_638' title='bbox 1706 4691 1768 4738; x_wconf 91' lang='lat' dir='ltr'><strong>ut</strong></span> <span class='ocrx_word' id='word_1_639' title='bbox 1813 4682 1869 4737; x_wconf 89' lang='lat' dir='ltr'><strong>in</strong></span> <span class='ocrx_word' id='word_1_640' title='bbox 1899 4697 1967 4737; x_wconf 90' lang='lat' dir='ltr'><strong>eo</strong></span> <span class='ocrx_word' id='word_1_641' title='bbox 2010 4684 2116 4740; x_wconf 88' lang='lat' dir='ltr'><strong>sibi</strong></span> 
     </span>
    </p>
   </div>
   <div class='ocr_carea' id='block_1_95' title="bbox 2219 4680 3800 4757">
    <p class='ocr_par' dir='ltr' id='par_1_95' title="bbox 2222 4682 3800 4757">
     <span class='ocr_line' id='line_1_95' title="bbox 2222 4682 3800 4757; baseline 0 -20"><span class='ocrx_word' id='word_1_642' title='bbox 2222 4702 2321 4753; x_wconf 88' lang='grc' dir='ltr'><strong>γου</strong></span> <span class='ocrx_word' id='word_1_643' title='bbox 2349 4684 2692 4754; x_wconf 83' lang='grc' dir='ltr'>ποιούμενον.</span> <span class='ocrx_word' id='word_1_644' title='bbox 2727 4686 2792 4738; x_wconf 86' lang='grc' dir='ltr'><strong>Ἦ</strong></span> <span class='ocrx_word' id='word_1_645' title='bbox 2814 4685 2869 4739; x_wconf 82' lang='grc' dir='ltr'>δὲ</span> <span class='ocrx_word' id='word_1_646' title='bbox 2899 4685 3098 4756; x_wconf 77' lang='grc' dir='ltr'>πρᾶξις</span> <span class='ocrx_word' id='word_1_647' title='bbox 3126 4682 3203 4757; x_wconf 81' lang='grc' dir='ltr'>τῷ</span> <span class='ocrx_word' id='word_1_648' title='bbox 3230 4685 3358 4756; x_wconf 82' lang='grc' dir='ltr'>θείῳ</span> <span class='ocrx_word' id='word_1_649' title='bbox 3385 4683 3800 4748; x_wconf 81' lang='grc' dir='ltr'>συναυξάνουσα</span> 
     </span>
    </p>
   </div>
   <div class='ocr_carea' id='block_1_96' title="bbox 546 4769 2119 4849">
    <p class='ocr_par' dir='ltr' id='par_1_96' title="bbox 546 4769 2117 4840">
     <span class='ocr_line' id='line_1_96' title="bbox 546 4769 2117 4840; baseline 0.001 -14"><span class='ocrx_word' id='word_1_650' title='bbox 546 4770 763 4827; x_wconf 86' lang='lat' dir='ltr'><strong>laudem</strong></span> <span class='ocrx_word' id='word_1_651' title='bbox 796 4779 997 4840; x_wconf 88' lang='lat' dir='ltr'><strong>captet.</strong></span> <span class='ocrx_word' id='word_1_652' title='bbox 1044 4769 1178 4837; x_wconf 78' lang='lat' dir='ltr'><strong>Qua:</strong></span> <span class='ocrx_word' id='word_1_653' title='bbox 1207 4779 1391 4825; x_wconf 88' lang='lat' dir='ltr'><strong>autem</strong></span> <span class='ocrx_word' id='word_1_654' title='bbox 1423 4771 1570 4825; x_wconf 87' lang='lat' dir='ltr'><strong>actio</strong></span> <span class='ocrx_word' id='word_1_655' title='bbox 1613 4787 1722 4825; x_wconf 90' lang='lat' dir='ltr'><strong>una</strong></span> <span class='ocrx_word' id='word_1_656' title='bbox 1755 4784 1883 4827; x_wconf 89' lang='lat' dir='ltr'><strong>cum</strong></span> <span class='ocrx_word' id='word_1_657' title='bbox 1924 4772 2117 4829; x_wconf 85' lang='lat' dir='ltr'><strong>divino</strong></span> 
     </span>
    </p>
   </div>
   <div class='ocr_carea' id='block_1_97' title="bbox 2219 4769 3797 4849">
    <p class='ocr_par' dir='ltr' id='par_1_97' title="bbox 2222 4775 3797 4849">
     <span class='ocr_line' id='line_1_97' title="bbox 2222 4775 3797 4849; baseline -0.001 -21"><span class='ocrx_word' id='word_1_658' title='bbox 2222 4776 2392 4846; x_wconf 87' lang='grc' dir='ltr'>πόθῳ,</span> <span class='ocrx_word' id='word_1_659' title='bbox 2426 4775 2525 4846; x_wconf 80' lang='grc' dir='ltr'>τὴν</span> <span class='ocrx_word' id='word_1_660' title='bbox 2554 4776 2695 4842; x_wconf 77' lang='grc' dir='ltr'>ὑπὲρ</span> <span class='ocrx_word' id='word_1_661' title='bbox 2721 4776 2791 4830; x_wconf 87' lang='grc' dir='ltr'><strong>τά</strong></span> <span class='ocrx_word' id='word_1_662' title='bbox 2818 4777 3068 4848; x_wconf 84' lang='grc' dir='ltr'>πρακτέα</span> <span class='ocrx_word' id='word_1_663' title='bbox 3099 4777 3174 4849; x_wconf 80' lang='grc' dir='ltr'>μὴ</span> <span class='ocrx_word' id='word_1_664' title='bbox 3201 4776 3547 4848; x_wconf 78' lang='grc' dir='ltr'>λαμϐάνουσα</span> <span class='ocrx_word' id='word_1_665' title='bbox 3566 4776 3797 4842; x_wconf 83' lang='grc' dir='ltr'>γνῶσιν,</span> 
     </span>
    </p>
   </div>
   <div class='ocr_carea' id='block_1_98' title="bbox 546 4860 2119 4939">
    <p class='ocr_par' dir='ltr' id='par_1_98' title="bbox 546 4860 2113 4935">
     <span class='ocr_line' id='line_1_98' title="bbox 546 4860 2113 4935; baseline 0.002 -18"><span class='ocrx_word' id='word_1_666' title='bbox 546 4878 733 4918; x_wconf 82' lang='lat' dir='ltr'><strong>amore</strong></span> <span class='ocrx_word' id='word_1_667' title='bbox 765 4861 881 4934; x_wconf 87' lang='lat' dir='ltr'><strong>ipsa</strong></span> <span class='ocrx_word' id='word_1_668' title='bbox 929 4869 1284 4933; x_wconf 87' lang='lat' dir='ltr'><strong>augmentum</strong></span> <span class='ocrx_word' id='word_1_669' title='bbox 1314 4860 1483 4924; x_wconf 84' lang='lat' dir='ltr'><strong>facit,</strong></span> <span class='ocrx_word' id='word_1_670' title='bbox 1532 4860 1665 4915; x_wconf 90' lang='lat' dir='ltr'><strong>dum</strong></span> <span class='ocrx_word' id='word_1_671' title='bbox 1709 4862 1813 4917; x_wconf 89' lang='lat' dir='ltr'><strong>sibi</strong></span> <span class='ocrx_word' id='word_1_672' title='bbox 1852 4865 2113 4935; x_wconf 82' lang='lat' dir='ltr'><strong>majorem</strong></span> 
     </span>
    </p>
   </div>
   <div class='ocr_carea' id='block_1_99' title="bbox 2219 4860 3800 4939">
    <p class='ocr_par' dir='ltr' id='par_1_99' title="bbox 2219 4864 3800 4939">
     <span class='ocr_line' id='line_1_99' title="bbox 2219 4864 3800 4939; baseline -0.002 -19"><span class='ocrx_word' id='word_1_673' title='bbox 2219 4867 2311 4920; x_wconf 82' lang='grc' dir='ltr'>τὸν</span> <span class='ocrx_word' id='word_1_674' title='bbox 2338 4867 2638 4937; x_wconf 76' lang='grc' dir='ltr'>πρακτικὸν</span> <span class='ocrx_word' id='word_1_675' title='bbox 2692 4868 2983 4939; x_wconf 74' lang='grc' dir='ltr'>ἐργάζεται</span> <span class='ocrx_word' id='word_1_676' title='bbox 3035 4869 3462 4938; x_wconf 79' lang='grc' dir='ltr'>ταπεινόφρονα,</span> <span class='ocrx_word' id='word_1_677' title='bbox 3486 4868 3598 4929; x_wconf 85' lang='grc' dir='ltr'>τοῖς</span> <span class='ocrx_word' id='word_1_678' title='bbox 3651 4864 3800 4935; x_wconf 77' lang='grc' dir='ltr'>ὑπὲρ</span> 
     </span>
    </p>
   </div>
   <div class='ocr_carea' id='block_1_100' title="bbox 545 4952 2119 5032">
    <p class='ocr_par' dir='ltr' id='par_1_100' title="bbox 545 4952 2119 5026">
     <span class='ocr_line' id='line_1_100' title="bbox 545 4952 2119 5026; baseline 0.001 -17"><span class='ocrx_word' id='word_1_679' title='bbox 545 4969 709 5025; x_wconf 87' lang='lat' dir='ltr'><strong>quam</strong></span> <span class='ocrx_word' id='word_1_680' title='bbox 748 4969 852 5025; x_wconf 86' lang='lat' dir='ltr'><strong>pro</strong></span> <span class='ocrx_word' id='word_1_681' title='bbox 880 4953 1218 5026; x_wconf 85' lang='lat' dir='ltr'><strong>agendorum</strong></span> <span class='ocrx_word' id='word_1_682' title='bbox 1259 4953 1474 5009; x_wconf 88' lang='lat' dir='ltr'><strong>ratione</strong></span> <span class='ocrx_word' id='word_1_683' title='bbox 1498 4952 1789 5009; x_wconf 87' lang='lat' dir='ltr'><strong>scientiam</strong></span> <span class='ocrx_word' id='word_1_684' title='bbox 1819 4969 1930 5009; x_wconf 90' lang='lat' dir='ltr'><strong>non</strong></span> <span class='ocrx_word' id='word_1_685' title='bbox 1965 4970 2119 5011; x_wconf 88' lang='lat' dir='ltr'><strong>arro-</strong></span> 
     </span>
    </p>
   </div>
   <div class='ocr_carea' id='block_1_101' title="bbox 2219 4952 3798 5032">
    <p class='ocr_par' dir='ltr' id='par_1_101' title="bbox 2222 4957 3798 5032">
     <span class='ocr_line' id='line_1_101' title="bbox 2222 4957 3798 5032; baseline 0.001 -22"><span class='ocrx_word' id='word_1_686' title='bbox 2222 4957 2321 5028; x_wconf 79' lang='grc' dir='ltr'>τὴν</span> <span class='ocrx_word' id='word_1_687' title='bbox 2343 4957 2550 5013; x_wconf 76' lang='grc' dir='ltr'>οἰκείαν</span> <span class='ocrx_word' id='word_1_688' title='bbox 2577 4958 2808 5030; x_wconf 86' lang='grc' dir='ltr'>δύναμιν</span> <span class='ocrx_word' id='word_1_689' title='bbox 2838 4959 3022 5028; x_wconf 90' lang='grc' dir='ltr'>λόγοις</span> <span class='ocrx_word' id='word_1_690' title='bbox 3072 4959 3212 5032; x_wconf 80' lang='grc' dir='ltr'>πρὸς</span> <span class='ocrx_word' id='word_1_691' title='bbox 3258 4960 3452 5013; x_wconf 76' lang='grc' dir='ltr'>ἑαυτὸν</span> <span class='ocrx_word' id='word_1_692' title='bbox 3503 4957 3798 5012; x_wconf 75' lang='grc' dir='ltr'>συστελλό-</span> 
     </span>
    </p>
   </div>
   <div class='ocr_carea' id='block_1_102' title="bbox 545 5042 2406 5118">
    <p class='ocr_par' dir='ltr' id='par_1_102' title="bbox 545 5042 2406 5118">
     <span class='ocr_line' id='line_1_102' title="bbox 545 5042 2406 5118; baseline -0.001 -17"><span class='ocrx_word' id='word_1_693' title='bbox 545 5053 654 5113; x_wconf 83' lang='lat' dir='ltr'><strong>gat,</strong></span> <span class='ocrx_word' id='word_1_694' title='bbox 679 5060 830 5111; x_wconf 89' lang='lat' dir='ltr'><strong>eum,</strong></span> <span class='ocrx_word' id='word_1_695' title='bbox 860 5042 956 5115; x_wconf 90' lang='lat' dir='ltr'><strong>qui</strong></span> <span class='ocrx_word' id='word_1_696' title='bbox 991 5044 1085 5100; x_wconf 90' lang='lat' dir='ltr'><strong>illa</strong></span> <span class='ocrx_word' id='word_1_697' title='bbox 1125 5043 1407 5114; x_wconf 73' lang='lat' dir='ltr'><strong>fungatur,</strong></span> <span class='ocrx_word' id='word_1_698' title='bbox 1441 5044 1509 5098; x_wconf 88' lang='lat' dir='ltr'><strong>ad</strong></span> <span class='ocrx_word' id='word_1_699' title='bbox 1547 5058 1744 5100; x_wconf 87' lang='lat' dir='ltr'><strong>sensus</strong></span> <span class='ocrx_word' id='word_1_700' title='bbox 1788 5046 2116 5102; x_wconf 84' lang='lat' dir='ltr'><strong>modestiam</strong></span> <span class='ocrx_word' id='word_1_701' title='bbox 2227 5064 2406 5118; x_wconf 84' lang='grc' dir='ltr'>μενον.</span> 
     </span>
    </p>
   </div>
   <div class='ocr_carea' id='block_1_103' title="bbox 545 5130 3331 5218">
    <p class='ocr_par' dir='ltr' id='par_1_103' title="bbox 545 5130 3331 5218">
     <span class='ocr_line' id='line_1_103' title="bbox 545 5130 3331 5218; baseline 0.001 -22"><span class='ocrx_word' id='word_1_702' title='bbox 545 5130 849 5207; x_wconf 71' lang='lat' dir='ltr'><strong>componit,</strong></span> <span class='ocrx_word' id='word_1_703' title='bbox 887 5137 983 5207; x_wconf 91' lang='lat' dir='ltr'><strong>qui</strong></span> <span class='ocrx_word' id='word_1_704' title='bbox 1013 5136 1277 5192; x_wconf 82' lang='lat' dir='ltr'><strong>nimirum</strong></span> <span class='ocrx_word' id='word_1_705' title='bbox 1314 5135 1628 5191; x_wconf 87' lang='lat' dir='ltr'><strong>rationibus</strong></span> <span class='ocrx_word' id='word_1_706' title='bbox 1670 5151 1825 5192; x_wconf 87' lang='lat' dir='ltr'><strong>suam</strong></span> <span class='ocrx_word' id='word_1_707' title='bbox 1868 5137 2017 5195; x_wconf 90' lang='lat' dir='ltr'><strong>illius</strong></span> <span class='ocrx_word' id='word_1_708' title='bbox 2045 5139 2359 5197; x_wconf 76' lang='lat' dir='ltr'><strong>facultatem</strong></span> <span class='ocrx_word' id='word_1_709' title='bbox 2388 5141 2781 5218; x_wconf 82' lang='lat' dir='ltr'><strong>superantibus</strong></span> <span class='ocrx_word' id='word_1_710' title='bbox 2811 5140 2868 5197; x_wconf 93' lang='lat' dir='ltr'><strong>in</strong></span> <span class='ocrx_word' id='word_1_711' title='bbox 2894 5156 2953 5197; x_wconf 89' lang='lat' dir='ltr'><strong>se</strong></span> <span class='ocrx_word' id='word_1_712' title='bbox 2980 5140 3331 5199; x_wconf 61' lang='lat' dir='ltr'><strong>contraham.</strong></span> 
     </span>
    </p>
   </div>
   <div class='ocr_carea' id='block_1_104' title="bbox 619 5247 1633 5316">
    <p class='ocr_par' dir='ltr' id='par_1_104' title="bbox 619 5247 1633 5316">
     <span class='ocr_line' id='line_1_104' title="bbox 619 5247 1633 5316; baseline 0 -11"><span class='ocrx_word' id='word_1_713' title='bbox 619 5250 664 5283; x_wconf 81' lang='grc'><strong>⁸⁷</strong></span> <span class='ocrx_word' id='word_1_714' title='bbox 694 5250 920 5306; x_wconf 89' lang='lat' dir='ltr'><strong>Zachar.</strong></span> <span class='ocrx_word' id='word_1_715' title='bbox 952 5265 1031 5316; x_wconf 86' lang='grc' dir='ltr'>ιιι,</span> <span class='ocrx_word' id='word_1_716' title='bbox 1055 5248 1110 5304; x_wconf 89' lang='lat'><strong>9.</strong></span> <span class='ocrx_word' id='word_1_717' title='bbox 1186 5247 1232 5281; x_wconf 85' lang='grc'><em>³³</em></span> <span class='ocrx_word' id='word_1_718' title='bbox 1257 5249 1417 5305; x_wconf 87' lang='lat' dir='ltr'><strong>Prov.</strong></span> <span class='ocrx_word' id='word_1_719' title='bbox 1443 5265 1516 5313; x_wconf 68' lang='grc' dir='ltr'><strong>γι,</strong></span> <span class='ocrx_word' id='word_1_720' title='bbox 1543 5248 1633 5305; x_wconf 76' lang='lat'><strong>25.</strong></span> 
     </span>
    </p>
   </div>
   <div class='ocr_carea' id='block_1_105' title="bbox 622 5366 1318 5439">
    <p class='ocr_par' dir='ltr' id='par_1_105' title="bbox 622 5366 1318 5439">
     <span class='ocr_line' id='line_1_105' title="bbox 622 5366 1318 5439; baseline -0.004 -14"><span class='ocrx_word' id='word_1_721' title='bbox 622 5367 646 5391; x_wconf 83' lang='grc'><strong>⁹</strong></span> <span class='ocrx_word' id='word_1_722' title='bbox 668 5366 824 5425; x_wconf 67' lang='grc' dir='ltr'>ρους.</span> <span class='ocrx_word' id='word_1_723' title='bbox 868 5366 936 5423; x_wconf 90' lang='lat' dir='ltr'><strong>ad</strong></span> <span class='ocrx_word' id='word_1_724' title='bbox 961 5367 1118 5423; x_wconf 82' lang='lat' dir='ltr'><strong>Tha].</strong></span> <span class='ocrx_word' id='word_1_725' title='bbox 1146 5383 1199 5439; x_wconf 90' lang='lat' dir='ltr'><strong>q.</strong></span> <span class='ocrx_word' id='word_1_726' title='bbox 1230 5368 1318 5423; x_wconf 86' lang='lat'><strong>55.</strong></span> 
     </span>
    </p>
   </div>
   <div class='ocr_carea' id='block_1_106' title="bbox 620 5476 2120 5549">
    <p class='ocr_par' dir='ltr' id='par_1_106' title="bbox 620 5476 2120 5549">
     <span class='ocr_line' id='line_1_106' title="bbox 620 5476 2120 5549; baseline -0.001 -16"><span class='ocrx_word' id='word_1_727' title='bbox 620 5478 697 5549; x_wconf 77' lang='grc' dir='ltr'><strong>(ά)</strong></span> <span class='ocrx_word' id='word_1_728' title='bbox 762 5479 831 5533; x_wconf 81' lang='grc' dir='ltr'><strong>Τὸ</strong></span> <span class='ocrx_word' id='word_1_729' title='bbox 884 5478 1036 5549; x_wconf 76' lang='grc' dir='ltr'>κατὰ</span> <span class='ocrx_word' id='word_1_730' title='bbox 1079 5479 1263 5549; x_wconf 66' lang='grc' dir='ltr'>φύσιν</span> <span class='ocrx_word' id='word_1_731' title='bbox 1320 5479 1648 5549; x_wconf 63' lang='grc' dir='ltr'>ὁμόφυλον.</span> <span class='ocrx_word' id='word_1_732' title='bbox 1695 5476 1970 5548; x_wconf 80' lang='lat' dir='ltr'><strong>Allegoria</strong></span> <span class='ocrx_word' id='word_1_733' title='bbox 2014 5487 2120 5541; x_wconf 83' lang='lat' dir='ltr'><strong>est,</strong></span> 
     </span>
    </p>
   </div>
   <div class='ocr_carea' id='block_1_107' title="bbox 549 5548 2119 5619">
    <p class='ocr_par' dir='ltr' id='par_1_107' title="bbox 549 5548 2119 5619">
     <span class='ocr_line' id='line_1_107' title="bbox 549 5548 2119 5619; baseline -0.002 -15"><span class='ocrx_word' id='word_1_734' title='bbox 549 5551 671 5619; x_wconf 80' lang='lat' dir='ltr'><strong>ejus</strong></span> <span class='ocrx_word' id='word_1_735' title='bbox 692 5548 838 5619; x_wconf 87' lang='lat' dir='ltr'><strong>quod</strong></span> <span class='ocrx_word' id='word_1_736' title='bbox 886 5548 1174 5604; x_wconf 79' lang='lat' dir='ltr'><strong>habetur]</strong></span> <span class='ocrx_word' id='word_1_737' title='bbox 1229 5548 1388 5619; x_wconf 85' lang='lat' dir='ltr'><strong>Esdr.</strong></span> <span class='ocrx_word' id='word_1_738' title='bbox 1444 5564 1510 5619; x_wconf 70' lang='grc' dir='ltr'><strong>ιι,</strong></span> <span class='ocrx_word' id='word_1_739' title='bbox 1545 5563 1675 5619; x_wconf 18' lang='lat' dir='ltr'><strong>Aque</strong></span> <span class='ocrx_word' id='word_1_740' title='bbox 1736 5555 2119 5619; x_wconf 63' lang='lat' dir='ltr'><strong>recensentur,</strong></span> 
     </span>
    </p>
   </div>
   <div class='ocr_carea' id='block_1_108' title="bbox 552 5616 2121 5689">
    <p class='ocr_par' dir='ltr' id='par_1_108' title="bbox 552 5616 2121 5689">
     <span class='ocr_line' id='line_1_108' title="bbox 552 5616 2121 5689; baseline -0.001 -17"><span class='ocrx_word' id='word_1_741' title='bbox 552 5616 646 5688; x_wconf 72' lang='lat' dir='ltr'><strong>qui</strong></span> <span class='ocrx_word' id='word_1_742' title='bbox 676 5616 878 5688; x_wconf 76' lang='lat' dir='ltr'><strong>egressi</strong></span> <span class='ocrx_word' id='word_1_743' title='bbox 903 5630 1033 5674; x_wconf 87' lang='lat' dir='ltr'><strong>sunt</strong></span> <span class='ocrx_word' id='word_1_744' title='bbox 1061 5619 1130 5675; x_wconf 91' lang='lat' dir='ltr'><strong>de</strong></span> <span class='ocrx_word' id='word_1_745' title='bbox 1159 5618 1433 5689; x_wconf 83' lang='lat' dir='ltr'><strong>Babylone</strong></span> <span class='ocrx_word' id='word_1_746' title='bbox 1448 5617 1517 5674; x_wconf 87' lang='lat' dir='ltr'><strong>ad</strong></span> <span class='ocrx_word' id='word_1_747' title='bbox 1542 5616 1952 5689; x_wconf 80' lang='lat' dir='ltr'><strong>instaurandam</strong></span> <span class='ocrx_word' id='word_1_748' title='bbox 1991 5616 2121 5672; x_wconf 82' lang='lat' dir='ltr'><strong>Hie-</strong></span> 
     </span>
    </p>
   </div>
   <div class='ocr_carea' id='block_1_109' title="bbox 557 5686 2118 5758">
    <p class='ocr_par' dir='ltr' id='par_1_109' title="bbox 557 5686 2118 5758">
     <span class='ocr_line' id='line_1_109' title="bbox 557 5686 2118 5758; baseline -0.001 -16"><span class='ocrx_word' id='word_1_749' title='bbox 557 5686 883 5758; x_wconf 62' lang='lat' dir='ltr'><strong>rosoljmam</strong></span> <span class='ocrx_word' id='word_1_750' title='bbox 930 5698 987 5744; x_wconf 91' lang='lat' dir='ltr'><strong>et</strong></span> <span class='ocrx_word' id='word_1_751' title='bbox 1016 5686 1304 5758; x_wconf 69' lang='lat' dir='ltr'><strong>templum,</strong></span> <span class='ocrx_word' id='word_1_752' title='bbox 1342 5688 1652 5758; x_wconf 82' lang='lat' dir='ltr'><strong>numeratis</strong></span> <span class='ocrx_word' id='word_1_753' title='bbox 1694 5686 1860 5740; x_wconf 87' lang='lat' dir='ltr'><strong>etiam</strong></span> <span class='ocrx_word' id='word_1_754' title='bbox 1897 5686 2118 5758; x_wconf 80' lang='lat' dir='ltr'><strong>illorum</strong></span> 
     </span>
    </p>
   </div>
   <div class='ocr_carea' id='block_1_110' title="bbox 555 5754 2114 5826">
    <p class='ocr_par' dir='ltr' id='par_1_110' title="bbox 555 5754 2114 5826">
     <span class='ocr_line' id='line_1_110' title="bbox 555 5754 2114 5826; baseline 0 -15"><span class='ocrx_word' id='word_1_755' title='bbox 555 5754 752 5819; x_wconf 78' lang='lat' dir='ltr'><strong>servis,</strong></span> <span class='ocrx_word' id='word_1_756' title='bbox 785 5765 842 5810; x_wconf 87' lang='lat' dir='ltr'><strong>et</strong></span> <span class='ocrx_word' id='word_1_757' title='bbox 868 5754 1262 5826; x_wconf 59' lang='lat' dir='ltr'><strong>jumentis&#39;seu</strong></span> <span class='ocrx_word' id='word_1_758' title='bbox 1310 5756 1639 5826; x_wconf 85' lang='lat' dir='ltr'><strong>pecoribus;</strong></span> <span class='ocrx_word' id='word_1_759' title='bbox 1666 5770 1789 5826; x_wconf 67' lang='lat' dir='ltr'><strong>quae</strong></span> <span class='ocrx_word' id='word_1_760' title='bbox 1836 5767 1966 5810; x_wconf 90' lang='lat' dir='ltr'><strong>sunt</strong></span> <span class='ocrx_word' id='word_1_761' title='bbox 2011 5755 2114 5811; x_wconf 85' lang='lat' dir='ltr'><strong>ista</strong></span> 
     </span>
    </p>
   </div>
   <div class='ocr_carea' id='block_1_111' title="bbox 558 5773 2114 5901">
    <p class='ocr_par' dir='ltr' id='par_1_111' title="bbox 558 5773 2114 5901">
     <span class='ocr_line' id='line_1_111' title="bbox 558 5773 2114 5826; baseline 0 -15"><span class='ocrx_word' id='word_1_762' title='bbox 558 5773 752 5819; x_wconf 77' lang='lat' dir='ltr'><strong>servis,</strong></span> <span class='ocrx_word' id='word_1_763' title='bbox 785 5773 842 5810; x_wconf 85' lang='lat' dir='ltr'><strong>et</strong></span> <span class='ocrx_word' id='word_1_764' title='bbox 868 5773 1132 5826; x_wconf 74' lang='lat' dir='ltr'><strong>jumenus</strong></span> <span class='ocrx_word' id='word_1_765' title='bbox 1164 5773 1262 5812; x_wconf 80' lang='lat' dir='ltr'><strong>seu</strong></span> <span class='ocrx_word' id='word_1_766' title='bbox 1346 5773 1639 5821; x_wconf 82' lang='lat' dir='ltr'><strong>ecorwus;</strong></span> <span class='ocrx_word' id='word_1_767' title='bbox 1666 5773 1789 5826; x_wconf 70' lang='lat' dir='ltr'><strong>qua:</strong></span> <span class='ocrx_word' id='word_1_768' title='bbox 1836 5773 1966 5810; x_wconf 86' lang='lat' dir='ltr'><strong>sunt</strong></span> <span class='ocrx_word' id='word_1_769' title='bbox 2011 5773 2114 5811; x_wconf 69' lang='lat' dir='ltr'><strong>tata</strong></span> 
     </span>
     <span class='ocr_line' id='line_1_112' title="bbox 558 5773 2114 5901; baseline 0.004 -25"><span class='ocrx_word' id='word_1_770' title='bbox 558 5826 984 5900; x_wconf 79' lang='grc' dir='ltr'>προσγενόμενα,</span> <span class='ocrx_word' id='word_1_771' title='bbox 1042 5836 1239 5900; x_wconf 77' lang='lat' dir='ltr'><strong>praeter</strong></span> <span class='ocrx_word' id='word_1_772' title='bbox 1279 5773 1344 5881; x_wconf 60' lang='grc' dir='ltr'><strong>τί</strong></span> <span class='ocrx_word' id='word_1_773' title='bbox 1365 5825 1656 5898; x_wconf 85' lang='grc' dir='ltr'>ὁμόφυλον,</span> <span class='ocrx_word' id='word_1_774' title='bbox 1685 5823 1779 5901; x_wconf 74' lang='lat' dir='ltr'><strong>qui</strong></span> <span class='ocrx_word' id='word_1_775' title='bbox 1822 5835 1978 5886; x_wconf 77' lang='lat' dir='ltr'><strong>erant</strong></span> <span class='ocrx_word' id='word_1_776' title='bbox 2012 5826 2114 5899; x_wconf 87' lang='lat' dir='ltr'><strong>ipsi</strong></span> 
     </span>
    </p>
   </div>
   <div class='ocr_carea' id='block_1_112' title="bbox 2228 5476 3795 5549">
    <p class='ocr_par' dir='ltr' id='par_1_112' title="bbox 2228 5476 3795 5549">
     <span class='ocr_line' id='line_1_113' title="bbox 2228 5476 3795 5549; baseline 0.004 -15"><span class='ocrx_word' id='word_1_777' title='bbox 2228 5479 2441 5535; x_wconf 61' lang='lat' dir='ltr'><strong>Hebraei</strong></span> <span class='ocrx_word' id='word_1_778' title='bbox 2485 5497 2498 5533; x_wconf 91' lang='lat'>:</span> <span class='ocrx_word' id='word_1_779' title='bbox 2543 5478 2631 5535; x_wconf 88' lang='lat' dir='ltr'><strong>illa</strong></span> <span class='ocrx_word' id='word_1_780' title='bbox 2670 5481 2825 5548; x_wconf 79' lang='lat' dir='ltr'><strong>quasi</strong></span> <span class='ocrx_word' id='word_1_781' title='bbox 2874 5479 3199 5545; x_wconf 76' lang='lat' dir='ltr'><strong>adventitia;</strong></span> <span class='ocrx_word' id='word_1_782' title='bbox 3242 5494 3366 5549; x_wconf 68' lang='lat' dir='ltr'><strong>qum</strong></span> <span class='ocrx_word' id='word_1_783' title='bbox 3412 5476 3597 5549; x_wconf 79' lang='lat' dir='ltr'><strong>omnia</strong></span> <span class='ocrx_word' id='word_1_784' title='bbox 3625 5478 3795 5541; x_wconf 77' lang='lat' dir='ltr'><strong>simtIl</strong></span> 
     </span>
    </p>
   </div>
   <div class='ocr_carea' id='block_1_113' title="bbox 2223 5548 3792 5632">
    <p class='ocr_par' dir='ltr' id='par_1_113' title="bbox 2223 5548 3792 5632">
     <span class='ocr_line' id='line_1_114' title="bbox 2223 5548 3792 5632; baseline 0.001 -28"><span class='ocrx_word' id='word_1_785' title='bbox 2223 5550 2422 5632; x_wconf 64' lang='lat' dir='ltr'><strong>educta</strong></span> <span class='ocrx_word' id='word_1_786' title='bbox 2444 5558 2573 5632; x_wconf 59' lang='lat' dir='ltr'><strong>sunt</strong></span> <span class='ocrx_word' id='word_1_787' title='bbox 2606 5565 2674 5604; x_wconf 79' lang='lat' dir='ltr'><strong>ex</strong></span> <span class='ocrx_word' id='word_1_788' title='bbox 2690 5550 2993 5632; x_wconf 72' lang='lat' dir='ltr'><strong>peregrina</strong></span> <span class='ocrx_word' id='word_1_789' title='bbox 3029 5549 3120 5632; x_wconf 80' lang='lat' dir='ltr'><strong>illa</strong></span> <span class='ocrx_word' id='word_1_790' title='bbox 3152 5548 3433 5632; x_wconf 51' lang='lat' dir='ltr'><strong>servitute:</strong></span> <span class='ocrx_word' id='word_1_791' title='bbox 3482 5548 3628 5630; x_wconf 80' lang='lat' dir='ltr'><strong>Nihil</strong></span> <span class='ocrx_word' id='word_1_792' title='bbox 3662 5559 3792 5632; x_wconf 59' lang='lat' dir='ltr'><strong>apto</strong></span> 
     </span>
    </p>
   </div>
   <div class='ocr_carea' id='block_1_114' title="bbox 2223 5617 3792 5690">
    <p class='ocr_par' dir='ltr' id='par_1_114' title="bbox 2223 5617 3792 5690">
     <span class='ocr_line' id='line_1_115' title="bbox 2223 5617 3792 5690; baseline 0.004 -18"><span class='ocrx_word' id='word_1_793' title='bbox 2223 5618 2405 5683; x_wconf 85' lang='lat' dir='ltr'><strong>Picus,</strong></span> <span class='ocrx_word' id='word_1_794' title='bbox 2436 5618 2505 5674; x_wconf 82' lang='lat' dir='ltr'><strong>Et</strong></span> <span class='ocrx_word' id='word_1_795' title='bbox 2541 5617 2935 5690; x_wconf 15' lang='lat' dir='ltr'><strong>iquod&#39;arri&#39;dct</strong></span> <span class='ocrx_word' id='word_1_796' title='bbox 2988 5627 3214 5690; x_wconf 61' lang='lat' dir='ltr'><strong>autem,</strong></span> <span class='ocrx_word' id='word_1_797' title='bbox 3236 5617 3511 5690; x_wconf 72' lang='lat' dir='ltr'><strong>etc._H:ec</strong></span> <span class='ocrx_word' id='word_1_798' title='bbox 3561 5619 3678 5690; x_wconf 82' lang='lat' dir='ltr'><strong>ipsa</strong></span> <span class='ocrx_word' id='word_1_799' title='bbox 3698 5617 3792 5679; x_wconf 78' lang='lat' dir='ltr'><strong>ibi</strong></span> 
     </span>
    </p>
   </div>
   <div class='ocr_carea' id='block_1_115' title="bbox 2221 5687 3759 5763">
    <p class='ocr_par' dir='ltr' id='par_1_115' title="bbox 2221 5687 3759 5763">
     <span class='ocr_line' id='line_1_116' title="bbox 2221 5687 3759 5763; baseline 0 -20"><span class='ocrx_word' id='word_1_800' title='bbox 2221 5689 2472 5763; x_wconf 78' lang='lat' dir='ltr'><strong>pluribus</strong></span> <span class='ocrx_word' id='word_1_801' title='bbox 2508 5687 2759 5763; x_wconf 79' lang='lat' dir='ltr'><strong>Maximo,</strong></span> <span class='ocrx_word' id='word_1_802' title='bbox 2802 5688 2977 5763; x_wconf 75' lang='lat' dir='ltr'><strong>amica</strong></span> <span class='ocrx_word' id='word_1_803' title='bbox 3031 5687 3111 5763; x_wconf 79' lang='lat' dir='ltr'><strong>illi</strong></span> <span class='ocrx_word' id='word_1_804' title='bbox 3149 5688 3428 5760; x_wconf 80' lang='lat' dir='ltr'><strong>allegoria,</strong></span> <span class='ocrx_word' id='word_1_805' title='bbox 3483 5687 3759 5763; x_wconf 71' lang='lat' dir='ltr'><strong>sensuque</strong></span> 
     </span>
    </p>
   </div>
   <div class='ocr_carea' id='block_1_116' title="bbox 2221 5754 3783 5833">
    <p class='ocr_par' dir='ltr' id='par_1_116' title="bbox 2221 5754 3783 5833">
     <span class='ocr_line' id='line_1_117' title="bbox 2221 5754 3783 5833; baseline -0.03 -15"><span class='ocrx_word' id='word_1_806' title='bbox 2221 5754 2453 5830; x_wconf 72' lang='lat' dir='ltr'><strong>spiritali</strong></span> <span class='ocrx_word' id='word_1_807' title='bbox 2475 5768 2529 5816; x_wconf 89' lang='lat' dir='ltr'><strong>et</strong></span> <span class='ocrx_word' id='word_1_808' title='bbox 2548 5758 2885 5833; x_wconf 81' lang='lat' dir='ltr'><strong>tropologico</strong></span> <span class='ocrx_word' id='word_1_809' title='bbox 2910 5757 3180 5831; x_wconf 74' lang='lat' dir='ltr'><strong>exposita.</strong></span> <span class='ocrx_word' id='word_1_810' title='bbox 3259 5754 3283 5760; x_wconf 80' lang='lat'><strong>&#39;</strong></span> <span class='ocrx_word' id='word_1_811' title='bbox 3663 5754 3686 5763; x_wconf 82' lang='grc'><strong><em>-</em></strong></span> <span class='ocrx_word' id='word_1_812' title='bbox 3766 5754 3783 5771; x_wconf 74' lang='lat'><strong>..</strong></span> 
     </span>
    </p>
   </div>
  </div>
