4094 6204
327 202 455 269 I281

987 201 1319 264 CAPITUM
1355 201 1775 276 QUINQUIES
1808 200 2327 267 CENTENORUM
2367 205 2753 268 CENTURIA
2791 206 2905 267 IlI.

3432 206 3564 271 1282

395 308 503 382 p.9'.
543 308 807 379 Οὐράνιον
857 309 1172 380 οἰκητήριὲν
1224 311 1393 374 ἐστιν,
1439 312 1472 381 ἡ
1524 312 1644 363 κατ’
1694 308 1891 379 ἀρετὴν

2066 316 2151 370 49.
2185 315 2418 369 lecste
2439 316 2780 371 domicilium
2804 323 2908 379 est,
2949 312 3238 369 affectibus
3271 329 3470 370 vacans
3502 332 3568 373 ac

321 402 537 472 ἀπαθὴς
592 402 728 466 ἕξις,
761 402 853 455 καὶ
884 403 916 471 ἡ
966 400 1132 472 μηδὲν
1161 400 1358 473 ἔχουσα
1390 404 1597 473 πλάνης
1624 400 1891 472 πολεμοῦν

320 495 458 565 αὐτῇ
483 494 680 565 νόημα,
721 493 943 561 γνῶσις.

392 593 455 639 ν’.
521 587 732 655 Ὠσπερ
792 585 943 646 τέλος
998 585 1317 656 κινηθείσης
1373 585 1599 655 μονάδος
1649 584 1797 637 ἐστὶν
1858 583 1891 654 ἡ

327 676 549 746 μυριὰς,
593 677 685 729 καὶ
711 676 853 745 ἀρχὴ
884 676 958 745 μὴ
996 676 1310 748 κινηθείσης
1342 675 1604 745 μυριάδος
1655 675 1804 726 ἐστὶν
1857 676 1889 742 ἡ

328 769 498 838 μονάς
530 784 544 800 ·
572 766 715 838 ἀρχὴ
745 766 856 836 γὰρ
886 768 1087 831 παντὸς
1106 768 1316 832 τέλους,
1338 768 1371 836 ἡ
1394 768 1513 820 κατ’
1543 766 1677 819 αὐτὸ
1709 764 1894 832 σαφῶς

322 858 581 928 ἀκινησία
609 858 915 928 καθέστηκε
942 874 955 888 ·
993 858 1088 911 καὶ
1116 859 1268 921 τέλος
1303 857 1483 927 πάσης
1511 858 1703 927 ἀρχῆς,
1739 858 1772 927 ἠ
1797 856 1895 924 τῆς

322 951 443 1005 κατ’
486 949 655 1019 αὐτὴν
700 951 963 1019 κινήσεως
1011 949 1246 1019 ὑπάρχει
1291 948 1683 1019 συμπλήρωσις
1709 962 1722 977 ο
1753 945 1895 999 οὕτω

320 1041 417 1095 καὶ⁸
452 1043 485 1110 ἡ
520 1041 720 1102 πίστις,
752 1041 895 1110 ἀρχὴ
928 1041 1070 1094 κατὰ
1098 1040 1502 1111 φύσινάρετῶν
1553 1039 1892 1108 ὑπάρχουσα,

322 1128 476 1190 τέλος
513 1127 624 1198 ἔχει
656 1128 749 1181 τοῦ
780 1128 848 1181 δι’
873 1129 1055 1181 αὐτῶν
1088 1129 1295 1197 ἀγαθοῦ
1323 1130 1422 1198 τὴν
1437 1118 1844 1199 ’συμπλήρωσιν
1876 1142 1890 1156 ⁸

325 1220 419 1273 καὶ
451 1221 512 1273 τὸ
547 1222 689 1274 κατά
723 1220 885 1289 φύσιν
913 1221 1140 1289 ἀγαθὸν,
1168 1225 1248 1291 ὡς
1271 1221 1483 1292 ἀρετῶν
1511 1222 1685 1284 τέλος,
1724 1219 1895 1291 ἀρχὴν

325 1310 445 1381 ἔχον
470 1314 568 1382 τὴν
600 1313 802 1377 πίστιν,
832 1316 966 1385 πρὸς
995 1313 1165 1384 αὐτὴν
1219 1315 1534 1376 ἐνδιαθέτως
1583 1317 1895 1380 συνάγεται.

323 1403 511 1466 Πίστις
547 1404 654 1473 γάρ
703 1406 849 1456 ἐστιν
895 1404 1195 1457 ἐνδιάθετον
1258 1404 1483 1472 ἀγαθὸν,
1546 1406 1637 1457 καὶ
1693 1404 1896 1472 ἀγαθόν

322 1496 469 1545 ἐστιν
499 1495 859 1565 ἐνεργηθεῖσα
911 1496 1112 1563 πίστις.
1166 1496 1362 1558 Πιστὸς
1399 1496 1455 1549 δὲ
1513 1495 1656 1550 κατά
1714 1495 1894 1563 φύσιν,

322 1586 417 1636 καὶ
441 1585 640 1653 ἀγαθός
661 1588 807 1638 ἐστιν
829 1587 857 1637 ὁ
880 1587 1014 1648 Θεός
1036 1603 1047 1615 ·
1086 1588 1142 1638 τὸ
1176 1588 1296 1656 μὲν,
1327 1586 1401 1649 ὡς
1431 1587 1646 1657 πρῶτον
1672 1586 1893 1654 ἀγαθόν·

320 1678 381 1728 τὸ
408 1677 488 1741 δὲ,
531 1677 605 1740 ὼς
644 1678 870 1747 ἔσχατον
908 1679 1151 1750 ὀρεκτόν.
1179 1679 1387 1731 Ταὺτὺν
1432 1678 1490 1730 δὲ
1531 1678 1703 1729 ταῦτα
1765 1677 1897 1730 καθ-
1931 1658 1969 1711 Β

324 1767 520 1838 ἔστηκε
545 1770 704 1821 παντὶ
732 1770 1178 1841 τρόπῳάλλήλοις
1190 1770 1342 1835 ὄντα,
1376 1768 1564 1839 μηδενὶ
1593 1768 1736 1839 λόγῳ
1760 1768 1898 1837 πλὴν

320 1858 415 1910 τοῦ
448 1858 567 1910 κατ’
603 1859 845 1912 ἐπίνοιαν
902 1848 1146 1931 ἀλλήλων
1184 1859 1540 1930 διαιρούμενα
1592 1859 1894 1922 παντελῶς,

321 1949 411 2001 διὰ
436 1949 535 2020 τὴν
569 1950 679 2002 τῶν
707 1954 802 2004 ἀπ’
838 1952 1002 2004 αὐτοῦ
1051 1952 1392 2024 ἀρχομένων,
1449 1952 1544 2005 καὶ
1600 1954 1680 2015 είς
1735 1952 1896 2003 αὑτὸν

323 2039 622 2110 ληγόντων,
647 2042 881 2111 κίνησιν,
920 2044 1063 2113 Ἀρα
1093 2045 1126 2114 ἡ
1167 2043 1369 2113 μυριὰς
1400 2044 1628 2113 ἐσχάτου
1667 2043 1895 2113 ὀρεκτοῦ

324 2132 565 2203 φέρουσα
611 2135 799 2198 τύπον,
852 2134 961 2187 τῶν
1005 2135 1141 2204 πρὸς
1166 2135 1301 2186 αὐτὸ
1329 2134 1663 2203 κινουμένων
1689 2133 1896 2185 τελείαν

323 2225 654 2294 περιγράφει
696 2226 795 2295 τὴν
836 2225 1019 2292 ἔφεσιν
1048 2242 1062 2256 ·
1090 2226 1183 2278 καὶ⁸
1212 2227 1244 2295 ἠ
1285 2226 1474 2294 μονάς,
1510 2224 1725 2295 πρώτου
1761 2227 1896 2291 ἁγαο

322 2314 416 2366 θοῦ
460 2315 700 2384 φέρουσα
750 2310 1041 2385 σύμϐολον,
1090 2316 1198 2367 τῶν
1233 2315 1327 2367 ἀπ’
1355 2314 1521 2366 αὑτοῦ
1561 2315 1894 2384 κινουμένων

321 2405 534 2457 τελείαν
568 2406 890 2478 ἐπιφέρεται
928 2407 1084 2475 βάσιν
1119 2407 1244 2479 [duo
1271 2406 1396 2476 Reg.
1449 2406 1655 2476 φύσιν]

390 2574 488 2629 να¹.
521 2574 720 2646 Πρώτη
758 2576 904 2628 ἐστὶν
951 2576 1210 2641 ἀπάθεια,
1284 2578 1317 2645 ἡ
1397 2575 1664 2642 παντελὴς
1718 2574 1895 2643 ἀποχὴ

318 2667 426 2720 τῶν
478 2666 599 2719 κατ’
655 2667 935 2735 ἐνέργειαν
986 2667 1191 2729 κακῶν,
1251 2668 1309 2718 ἐν
1359 2670 1472 2727 τοῖς
1523 2665 1895 2734 εἰσαγομένοις

321 2757 665 2827 θεωρουμένη
700 2771 712 2784 ·
744 2756 972 2827 δευτέρα
1004 2756 1082 2821 δὲ,
1121 2759 1153 2826 ἡ
1188 2757 1452 2826 παντελὴς
1488 2757 1627 2808 κατά
1658 2756 1893 2809 διάνοιαν

320 2850 450 2918 περὶ
480 2851 577 2918 τὴν
610 2848 719 2901 τῶν
765 2848 954 2900 κακῶν
998 2848 1399 2913 συγκατάθεσιν
1438 2846 1681 2915 ἀποϐολὴ
1745 2846 1894 2912 λογι-

325 2941 498 3007 σμῶν,
531 2940 590 2991 ἐν
617 2941 729 3000 τοῖς
761 2938 898 3008 μετά
933 2938 1090 3005 λόγου
1120 2939 1220 3008 τὴν
1255 2937 1452 3008 ἀρετὴν
1480 2937 1724 3006 μετιοῦσι
1752 2953 1889 3004 γινο-

327 3030 462 3098 μένη
535 3030 692 3098 τρίτη
722 3029 799 3091 δὲ,
843 3031 875 3097 ἡ
922 3028 1044 3081 κατ’
1096 3028 1397 3098 ἐπιθυμίαν
1449 3029 1577 3096 περὶ
1621 3027 1690 3078 τά
1743 3027 1891 3096 πάθη

322 3120 592 3188 παντελὴς
632 3120 913 3189 ἀκινησία,
949 3122 1007 3173 ἐν
1038 3123 1151 3181 τοῖς
1177 3119 1266 3172 διὰ
1297 3120 1405 3172 τῶν
1448 3118 1743 3188 σχημάτων
1769 3120 1894 3181 τοὺς

319 3209 508 3277 λόγους
533 3210 733 3278 νοητῶς
786 3210 1078 3280 θεωμένοις
1125 3210 1233 3263 τῶν
1278 3210 1571 3280 ὁρωμένων
1602 3225 1614 3238 ’
1660 3211 1891 3279 τετάρτη

318 3300 378 3354 δέ
407 3302 554 3353 ἐστιν
582 3302 839 3367 ἀπάθεια,
866 3302 898 3372 ἡ
925 3302 1020 3357 καὶ
1047 3301 1217 3372 αὐτῆς
1270 3302 1371 3371 τῆς
1404 3301 1565 3371 ψιλῆς
1595 3300 1894 3371 φαντασίας

321 3393 585 3457 παντελὴς
604 3392 889 3463 κάθαρσις,
920 3399 977 3447 ἐν
1006 3398 1116 3457 τοῖς
1148 3396 1235 3449 διὰ
1266 3394 1522 3463 γνώσεως
1544 3396 1636 3449 καὶ
1660 3394 1894 3465 θεωρίας

321 3484 560 3554 καθαρὸν
614 3486 707 3537 καὶ
759 3485 947 3548 διειδὲς
1000 3487 1265 3555 ἔσοπτρον
1298 3486 1394 3539 τοῦ
1428 3486 1563 3538 Θεοῦ
1587 3486 1891 3555 ποιησαμέ-

319 3598 430 3643 νοις
458 3581 519 3633 τὸ
552 3581 902 3651 ἡγεμονικὸν,
932 3578 1319 3647 συνισταμένη.
1361 3578 1417 3630 ’0
1443 3576 1620 3628 τοίνυν
1647 3576 1892 3643 καθάρας

319 3673 509 3724 ἑαυτὸν
556 3672 837 3742 ἐνεργείας
880 3670 1091 3733 παθῶν,
1145 3670 1239 3722 καὶ
1279 3667 1383 3738 τῆς
1416 3668 1501 3721 ἐπ’
1537 3668 1718 3729 αὐτοῖς
1750 3664 1890 3719 κατά

316 3763 555 3816 διάνοιαν
591 3762 1041 3831 συγκαταθέσεως
1077 3759 1481 3833 ἐλευθερωθεὶς,
1511 3759 1609 3811 καὶ⁵
1638 3758 1735 3828 τῆς
1763 3757 1889 3827 περὶ

317 3854 458 3907 αὑτά
510 3854 628 3906 κατ’
680 3852 975 3923 ἐπιθυμίαν
1036 3854 1304 3922 κινήσεως
1350 3850 1539 3902 στάσιν
1563 3846 1763 3910 λαϐὼν,
1794 3847 1889 3899 καὶ

316 3944 415 4012 τῆς
444 3944 621 3996 αὐτῶν
681 3927 842 4015 ψιλῆς
889 3942 1189 4012 φαντασίας
1238 3941 1328 3992 τὸν
1370 3938 1495 3993 νοῦν
1540 3938 1889 4006 καταστήσας

317 4032 634 4106 ἀμόλυντον,
674 4036 774 4099 τὰς
824 4036 1097 4104 τέσσαρας
1150 4032 1374 4100 γενικὰς
1427 4032 1693 4093 ἀπαθείας
1725 4030 1885 4099 ἔχων,

316 4127 596 4197 ἐξέρχεται
650 4128 745 4195 τῆς
798 4126 930 4195 ῦλης
982 4126 1075 4177 καὶ
1106 4124 1216 4175 τῶν
1242 4123 1463 4187 ὑλικῶν,
1498 4125 1593 4175 κα)⁸
1623 4122 1757 4191 πρὸς
1788 4118 1887 4190 τὴν

315 4218 506 4287 νοεράν
535 4219 625 4269 καὶ
644 4216 792 4269 θείαν
824 4217 915 4267 καὶ
944 4215 1225 4284 εἰρηνικὴν
1247 4214 1355 4267 τῶν
1381 4212 1586 4284 νοητῶν
1608 4212 1887 4280 ἐπείγεται

314 4306 484 4378 λῆξιν.

381 4571 478 4644 νβ’.
540 4570 767 4643 Πρώτην
811 4571 1081 4625 ἀπάθειαν
1110 4568 1283 4639 λέγει,
1311 4568 1408 4639 τὴν
1434 4568 1570 4639 πρὸς
1603 4567 1881 4639 ἁμαρτίαν

313 4663 406 4717 τοῦ
463 4663 712 4733 σώματος
766 4662 886 4715 κατ’
937 4660 1214 4731 ἐνέργειαν
1275 4658 1555 4728 ἀνέπαφον
1621 4659 1835 4729 κίνησιν
1864 4674 1878 4689 ο

312 4753 569 4825 δευτέραν
593 4753 672 4819 δὲ,
702 4752 800 4824 τὴν
821 4751 963 4806 κατά
987 4750 1165 4821 ψυχὴν
1189 4750 1297 4802 τῶν
1322 4750 1584 4820 ἐμπαθῶν
1607 4750 1882 4820 λογισμῶν

312 4846 520 4900 τελείαν
544 4844 836 4913 ἀποϐολὴν,
865 4843 931 4896 δι’
958 4840 1025 4916 ἦς
1060 4842 1168 4895 τῶν
1217 4842 1404 4895 παθῶν
1447 4842 1883 4914 ἀπομαραίνεται

313 4937 455 4991 κατά
478 4937 576 5009 τὴν
609 4936 832 5007 πρώτην
865 4935 1131 4989 ἀπάθειαν
1162 4933 1397 5003 κίνησις,
1430 4933 1760 4997 ὲξάπτοντας
1789 4934 1883 4985 αὺ-

310 5029 409 5099 τὴν
441 5028 577 5099 πρὸς
612 5028 893 5099 ἐνέργειαν
946 5026 1045 5079 οὐκ
1097 5025 1297 5094 ἔχουσα
1328 5026 1453 5087 τοὺς
1496 5025 1760 5093 ἐμπαθεῖς
1802 5027 1887 5079 λο-

310 5121 542 5191 γισμούς
576 5135 589 5150 ·
615 5120 805 5191 τρίτην
835 5119 913 5182 δὲ,
941 5119 1040 5187 τὴν
1086 5116 1215 5186 περὶ
1255 5115 1324 5169 τὰ
1358 5115 1504 5184 πάθη
1543 5115 1759 5171 τελείαν
1783 5120 1881 5188 τῆς

310 5213 611 5283 ἐπιθυμίας
634 5212 945 5282 ἀκινησίαν,
982 5208 1051 5262 δι’
1086 5211 1151 5281 ἢν
1180 5208 1272 5261 καὶ
1315 5210 1341 5279 ἡ
1371 5207 1596 5278 δευτέρα
1634 5207 1881 5276 γίνεσθαι

311 5302 546 5373 πέφυκε,
573 5304 642 5371 τῇ
670 5300 778 5353 τῶν
803 5298 1076 5369 λογισμῶν
1124 5297 1454 5366 καθαρότητι
1492 5297 1877 5368 συνισταμένηθ

308 5391 578 5462 τετάρτην
614 5392 670 5444 δὲ
701 5390 849 5458 λέγει
872 5388 1162 5450 ἀπάθειαν,
1194 5387 1294 5456 τὴν
1324 5386 1467 5438 κατά
1496 5386 1735 5441 διάνοιαν
1775 5406 1878 5441 πα-

313 5483 421 5536 σῶν
476 5482 585 5536 τῶν
639 5479 913 5552 αίσθητῶν
966 5475 1282 5547 φαντασιῶν
1335 5475 1550 5529 τελείαν
1600 5477 1877 5543 ἀπόθεσιν,

309 5573 431 5628 καθ’
464 5576 531 5647 ἢν
561 5576 593 5646 ἡ
617 5573 775 5646 τρίτη
804 5574 902 5642 τὴν
923 5572 1139 5642 γένεσιν
1167 5568 1411 5639 εἴληφεν,
1433 5566 1533 5620 οὐκ
1561 5567 1761 5637 ἔχουσα
1783 5570 1880 5633 τάς

1995 408 2322 475 tranquillus
2349 407 2567 462 virtutis
2591 408 2840 473 habitus;
2871 405 3233 474 scientiaque,
3277 421 3398 474 qua:
3420 406 3571 462 nullo

1992 500 2200 554 erroris
2232 499 2471 570 cogitatu
2508 500 2739 569 falsique
2768 499 2962 553 notitia
2998 498 3370 568 impugnetur.

2064 590 2149 643 50.
2207 588 2677 655 Quemadmodum
2722 588 2951 643 unitatis
3003 598 3163 642 metae
3216 590 3377 658 57o
3424 587 3570 654 ﬁnis,

1995 682 2197 751 myrias
2214 690 2337 746 est;
2367 682 2813 750 principiumque
2858 688 3017 733 motae
3051 680 3312 749 myriadis
3341 688 3424 733 est
3452 680 3572 734 uni-

1995 781 2077 826 tas
2102 773 2302 840 (omnis
2331 771 2476 825 enim
2524 771 2651 825 ﬁnis
2693 770 3023 840 principium
3053 809 3067 832 ,
3112 769 3231 838 ejus
3285 768 3569 839 perspicue

1995 860 2351 914 itnmobilitas
2397 869 2481 914 est
2513 902 2528 927 ,
2595 859 2829 928 ﬁnisque
2876 859 3056 913 omnis
3090 858 3365 927 principii,
3424 859 3571 912 illius

1996 961 2178 1006 motus
2201 952 2665 1020 complementum
2690 951 2795 1019 est)
2823 950 2904 1004 sic
2932 960 2987 1004 et
3020 949 3178 1013 ﬁdes,
3212 964 3337 1003 cum
3365 951 3436 1003 sit
3474 966 3573 1003 na-

1996 1052 2118 1097 tura
2143 1043 2408 1099 virtutum
2461 1042 2824 1111 principium,
2863 1042 2982 1111 ejus
3028 1041 3159 1095 boni
3205 1041 3573 1109 complemen-

1997 1144 2133 1196 tum,
2163 1132 2311 1201 quod
2363 1148 2458 1201 per
2499 1132 2621 1186 illas
2670 1140 2984 1201 praestatur,
3040 1129 3205 1185 ﬁnem
3239 1130 3435 1194 habet;
3474 1130 3573 1183 bo-

1995 1241 2239 1293 numque
2294 1234 2523 1287 natura,
2578 1233 2835 1293 tanquam
2875 1224 3052 1292 ipsum
3101 1223 3365 1276 virtutum
3415 1222 3570 1281 ﬁnis.

1996 1318 2141 1386 quod
2206 1316 2366 1370 fidem
2415 1316 2749 1386 principium
2796 1314 3017 1377 habeat,
3070 1312 3138 1367 ad
3188 1328 3309 1368 eam
3356 1314 3571 1367 interue

1997 1410 2182 1461 animo
2220 1409 2525 1478 colligitur.
2564 1407 2660 1461 Est
2710 1406 2857 1460 enim
2903 1403 3038 1458 ﬁdes
3065 1404 3270 1458 bonum
3310 1404 3479 1457 animi
3510 1417 3573 1457 ac

1998 1499 2313 1563 internum;
2384 1499 2744 1567 bonumque,
2817 1497 2995 1565 ipsum
3047 1495 3185 1550 ﬁdes
3235 1494 3423 1549 efﬁcax
3465 1504 3570 1548 est.

2000 1590 2162 1659 Atqui
2209 1591 2355 1643 Deus
2409 1602 2607 1643 natura
2644 1588 2819 1643 ﬁdelis
2858 1603 2921 1642 ac
2951 1588 3130 1641 bonus
3180 1596 3295 1654 est;
3342 1586 3571 1641 alterum

1998 1681 2241 1750 quidem,
2273 1690 2332 1734 ut
2363 1683 2602 1750 primum
2651 1680 2856 1733 bonum
2885 1696 2901 1739 ;
2937 1680 3172 1733 alterum
3202 1694 3367 1742 vero,
3397 1688 3457 1732 ut
3477 1693 3572 1731 su-

1998 1785 2249 1838 premum
2275 1770 2593 1840 appetibile.
2642 1769 2768 1824 Haec
2810 1783 2940 1823 vero
2975 1768 3118 1822 idem
3152 1769 3295 1823 inter
3338 1784 3396 1824 se
3426 1768 3572 1822 omni

1998 1860 2161 1913 modo
2192 1869 2339 1923 sunt,
2371 1860 2522 1914 nulla
2556 1876 2784 1930 prorsus
2830 1860 3047 1915 ratione
3089 1859 3371 1925 distincta,
3409 1876 3573 1930 quam

1996 1966 2117 2018 quae
2158 1951 2347 2005 subtili
2398 1951 2637 2018 cogitatu
2689 1950 2970 2014 noscitur;
3008 1949 3077 2002 ob
3130 1964 3319 2003 eorum
3365 1949 3572 2003 scilicet

1998 2052 2231 2104 motum;
2268 2056 2389 2109 qum
2420 2041 2490 2094 ab
2526 2041 2621 2094 illo
2660 2041 2868 2095 ducunt
2898 2040 3192 2109 originem,
3220 2049 3277 2095 et
3307 2041 3362 2094 in
3396 2041 3573 2110 ipsum

1997 2132 2281 2186 desinunt.
2339 2133 2538 2203 Myrias
2576 2133 2764 2202 igitur,
2797 2147 2918 2201 qua:
2969 2132 3210 2199 supremi
3262 2131 3573 2200 appetibilis

1995 2224 2225 2277 formam
2255 2232 2427 2294 gerat,
2450 2239 2641 2278 eorum
2670 2263 2683 2287 ,
2717 2238 2839 2291 qua:
2887 2222 2941 2275 in
2988 2220 3169 2289 ipsum
3227 2228 3573 2279 moveantur,

1995 2315 2293 2384 perfectam
2339 2314 2735 2383 appetitionem
2764 2311 2958 2366 deﬁnit
2995 2328 3008 2363 :
3045 2311 3331 2378 unitasque
3356 2348 3373 2373 ,
3411 2308 3570 2391 primi

1995 2407 2125 2460 boni
2153 2407 2421 2477 symbolo,
2449 2422 2639 2461 eorum
2666 2420 2786 2474 quae
2826 2405 2894 2458 ab
2919 2405 3040 2473 ipso
3074 2410 3387 2464 moventur,
3441 2416 3567 2470 pcr-

1994 2497 2191 2551 fectam
2226 2498 2400 2551 basim
2431 2497 2598 2551 infert
2623 2512 2685 2551 ac
2712 2495 3148 2549 fundamentum.

2063 2588 2150 2641 5!.
2178 2589 2359 2641 Prima
2405 2587 2644 2641 ἀπάθεια
2682 2595 2765 2641 est
2792 2585 3215 2655 (imperturbatio
3267 2584 3571 2653 aﬁcctuum-

1995 2693 2093 2746 que
2118 2679 2379 2747 vacuitas)
2413 2693 2536 2731 eum
2559 2693 2589 2730 a
2618 2677 2774 2730 malis
2806 2675 2925 2744 ipso
2948 2690 3113 2743 opere
3143 2688 3370 2742 prorsus
3404 2671 3571 2725 absti-

1994 2782 2232 2820 nemus:
2270 2767 2435 2835 inque
2482 2766 2589 2819 illis
2635 2765 3042 2827 consideratur,
3071 2763 3163 2831 qui
3192 2762 3373 2815 adhuc
3410 2760 3571 2813 indit-

1995 2865 2193 2908 cuntur
2228 2872 2241 2906 :
2275 2855 2534 2915 secunda,
2571 2870 2695 2908 cum
2720 2870 2911 2908 omnes
2951 2853 3153 2911 animo.
3182 2851 3383 2921 quibus
3417 2851 3572 2903 malis

1996 2946 2425 3009 consentiamus,
2483 2946 2845 3015 cogitationes
2905 2945 3222 3014 abigimus;
3255 2943 3419 3011 inque
3463 2942 3574 2995 illis

1996 3037 2284 3106 contingit,
2321 3037 2415 3105 qui
2442 3037 2651 3091 ratione
2682 3036 2881 3090 comite
2911 3037 3170 3090 virtutem
3204 3036 3409 3090 colunt.
3442 3034 3571 3087 Ter-

1997 3129 2091 3194 tia,
2138 3145 2262 3183 cum
2290 3129 2583 3199 appetendi
2623 3130 2854 3185 facultas
2900 3130 3053 3183 nullo
3095 3130 3257 3182 modo
3283 3127 3573 3182 atiectiLus

1994 3230 2244 3275 movetur
2276 3236 2337 3273 ac
2374 3222 2618 3285 libidine,
2673 3222 2729 3274 in
2784 3222 2852 3275 iis
2880 3221 2973 3289 qui
3015 3236 3112 3289 per
3150 3219 3350 3289 ﬁguras
3389 3234 3570 3272 rerum

1993 3315 2170 3367 oculis
2191 3315 2580 3383 subjectarum,
2605 3314 2931 3383 spiritaliter
2954 3312 3196 3366 rationes
3219 3320 3569 3365 contuentur.

1993 3405 2194 3471 Quarta
2222 3406 2458 3475 denique
2491 3405 2935 3474 imperturbatio,
2963 3414 3047 3459 est
3085 3404 3167 3458 vel
3194 3403 3261 3457 ab
3286 3404 3403 3472 ipsa
3420 3402 3571 3456 nuda

1994 3491 2322 3559 cogitatione
2362 3493 2520 3560 plena
2556 3492 2875 3561 integraque
2901 3490 3257 3556 emundatio;
3292 3492 3345 3545 in
3377 3491 3442 3545 iis
3468 3492 3568 3561 qui

1991 3596 2093 3649 per
2113 3581 2400 3635 scientiam
2426 3590 2482 3635 et
2502 3581 3042 3651 contemplationem,
3077 3581 3341 3635 mundum
3366 3597 3429 3634 ac
3456 3582 3572 3650 pel-

1991 3668 2234 3722 lucidum
2263 3670 2357 3724 Dei
2409 3671 2692 3737 speculum
2751 3677 2990 3733 mentem
3037 3669 3417 3724 reddiderunt.
3462 3670 3566 3740 Qui

1992 3762 2156 3833 igitur
2186 3762 2253 3815 ab
2281 3762 2400 3830 ipso
2431 3776 2489 3816 se
2512 3763 2772 3837 vitiorum
2799 3777 2893 3817 seu
2916 3761 3207 3815 libidinum
3235 3770 3357 3815 actu
3378 3777 3572 3815 cmun-

1991 3852 2163 3917 davit,
2186 3868 2249 3906 ac
2286 3868 2354 3906 ne
2383 3852 2494 3907 illis
2518 3854 2702 3907 animo
2731 3853 3037 3909 consentiat
3076 3854 3215 3909 liber
3253 3855 3445 3919 evasit,
3486 3856 3567 3909 af-

1989 3944 2246 4013 fectuque
2288 3944 2355 3998 ad
2389 3960 2453 3999 ea
2491 3946 2699 3998 moveri
2750 3952 2912 4013 atque
2950 3945 3078 3999 illici
3111 3945 3277 4000 desiit
3312 3946 3445 4015 :qui
3481 3947 3569 4000 de.

1990 4032 2156 4101 nique
2195 4049 2225 4087 a
2271 4033 2422 4088 nudo
2456 4034 2575 4103 ipso
2621 4035 2861 4104 cogitatu
2897 4034 3274 4089 intaininatam
3324 4044 3563 4091 mentem

1988 4124 2247 4190 reddidit,
2284 4126 2331 4180 is
2356 4125 2773 4196 quadruplicem
2814 4127 3123 4196 genericam
3151 4128 3414 4182 ἀπάθειαν
3440 4130 3563 4200 (im-

1952 4252 1955 4253 ν
1988 4215 2463 4283 perturbationem
2503 4215 2734 4286 scilicet)
2785 4224 3000 4281 nactus,
3046 4233 3078 4271 e
3119 4228 3262 4272 terra
3298 4220 3559 4273 terrenis-

1915 4312 1961 4367 D
1989 4321 2095 4374 que
2126 4306 2426 4373 egreditur,
2479 4315 2535 4360 et
2584 4305 2651 4360 ad
2700 4306 2965 4360 mentium
2998 4307 3351 4378 divinamque
3396 4316 3560 4380 atque

1987 4406 2237 4468 pacatam
2268 4397 2600 4467 Spiritalium
2634 4398 2902 4468 requiem,
2932 4399 3228 4471 beatusque
3254 4402 3411 4458 sedes
3429 4419 3561 4458 con-

1987 4488 2183 4544 tendit.

2054 4576 2141 4632 52.
2198 4578 2437 4633 Primam
2493 4580 2763 4634 ἀπάθειαν
2813 4582 3378 4651 (imperturbationem
3428 4586 3557 4656 απε-

1985 4676 2266 4737 ctuumque
2292 4669 2646 4739 vacuitatem)
2694 4679 2875 4733 vocat,
2914 4671 3183 4725 illibatum
3229 4673 3557 4742 corporisin

1982 4768 2267 4827 peccatum
2311 4760 2427 4829 ipso
2461 4769 2586 4814 actu
2614 4760 2768 4830 571
2801 4770 3039 4828 motum;
3070 4763 3293 4817 alteram
3317 4804 3331 4827 ,
3378 4764 3558 4833 perfe-

1983 4859 2070 4905 cte
2100 4851 2285 4905 animo
2311 4844 2592 4906 abdicatas
2642 4854 2965 4908 libidinosas
3006 4853 3253 4923 vitioque
3290 4856 3560 4910 haerentes

1983 4943 2365 5013 cogitationes,
2395 4959 2461 4998 cx
2485 4958 2595 5013 quo
2621 4953 2727 5009 est,
2757 4951 2816 4997 ut
2835 4960 2938 5014 pro
2967 4943 3168 5014 prioris
3195 4944 3562 5016 imperturba-

1983 5036 2151 5089 tionis
2171 5035 2355 5100 modo,
2383 5035 2677 5089 libidinum
2700 5045 2881 5090 motus
2901 5036 3306 5106 exstinguatur,
3329 5038 3416 5091 cui
3436 5038 3563 5092 libi-

1983 5126 2190 5180 dinosa:
2212 5127 2572 5195 cogitationes
2605 5126 2806 5189 desint,
2840 5126 3040 5195 quibus
3073 5127 3129 5180 in
3155 5137 3336 5181 actum
3360 5144 3557 5183 accen-

1982 5215 2145 5270 datur
2176 5234 2187 5268 :
2217 5217 2454 5282 tertiam,
2483 5217 2781 5285 perfectam
2808 5216 3119 5286 appetentis
3146 5217 3310 5270 animi
3349 5217 3404 5269 in
3427 5217 3558 5271 vitia

1981 5322 2046 5360 ac
2080 5307 2342 5361 libidines
2367 5307 2751 5371 cessationem,
2777 5322 2885 5376 qua
2905 5317 2961 5361 et
2989 5307 3229 5362 secunda
3259 5308 3338 5370 ﬁt,
3360 5322 3480 5375 qua:
3502 5307 3558 5358 in

1981 5399 2375 5468 cogitationum
2409 5398 2653 5467 puritate
2687 5399 2942 5454 consistit
2971 5416 2983 5451 :
3015 5408 3267 5467 quartam
3293 5397 3558 5466 denique,

1982 5500 2089 5554 qua
2127 5484 2376 5539 omnium
2426 5500 2546 5554 qua:
2595 5483 2758 5539 scnsu
2807 5486 3155 5555 attinguntur
3199 5485 3561 5556 cogitationes

1982 5576 2169 5631 animo
2218 5573 2594 5645 proﬂigamus,
2629 5576 2773 5631 unde
2822 5584 2877 5631 et
2905 5574 3069 5632 tertia
3111 5586 3295 5631 ortum
3342 5574 3554 5631 habuit.
