4094 6204
595 221 736 288 1283

1748 221 1807 281 S.
1846 221 2134 282 MAXIMI
2167 221 2673 285 CONFESSORIS

3700 227 3850 296 1281

590 344 776 386 rerum
811 327 1079 400 ejusmodi
1130 327 1554 399 cogitationibus
1582 342 1798 394 carens,
1847 331 2046 400 quibus
2071 332 2154 386 vi-

2261 332 2558 399 φαντασίας
2581 331 2690 386 τῶν
2720 331 2996 405 αἰσθητῶν
3028 334 3403 402 είδοποιούσας
3435 339 3575 412 αὐτῇ
3597 341 3713 394 τῶν
3736 357 3851 404 πατ

589 419 791 473 tiorum
825 419 1090 488 imagines
1118 434 1180 472 ac
1215 419 1510 473 simulacra
1541 418 1619 472 illi
1647 418 2036 474 informentur.

658 509 747 563 55.
777 508 1034 576 Quisquis
1087 507 1323 562 actionis
1368 509 1550 562 cultor
1579 508 1682 573 sit,
1730 508 1860 565 huic
1903 516 2160 578 tanquam

588 598 733 652 servi
763 608 928 666 atque
967 597 1201 661 ancillae,
1236 597 1377 652 ratio
1400 598 1710 668 mentisque
1729 599 1986 670 cogitatio
2006 600 2163 654 labo-

589 697 734 750 rant,
766 688 898 741 dum
930 687 1190 743 studiosae
1213 689 1448 744 actionis
1471 689 1665 744 modos
1691 690 2054 745 adinveniunt
2077 700 2161 744 at-

589 795 695 850 que
720 779 1010 844 fabricant,
1039 796 1368 851 omnemque
1415 782 1814 851 propemodum
1845 783 1954 836 vim
2006 795 2161 838 suam

588 869 644 924 in
671 871 1042 940 nequissimos
1092 870 1322 940 spiritus
1346 870 1544 925 actioni
1572 870 1812 925 infensos
1833 872 2160 925 instructam

586 960 795 1016 habent
816 970 980 1031 atque
997 969 1332 1016 contentam.
1353 961 1580 1030 Expleta
1599 969 1804 1026 autem,
1824 977 1946 1031 qua:
1961 961 2161 1015 actioni

587 1053 792 1119 studet,
822 1053 1188 1123 philosophia,
1220 1069 1382 1123 quam
1405 1054 1655 1108 senarius
1675 1069 1943 1107 annorum
1973 1068 2164 1108 nume-

587 1159 684 1198 rus
716 1144 1019 1212 designavit
1050 1144 1283 1210 (dictum
1323 1158 1562 1212 namque
1593 1151 1697 1206 est,
1733 1143 2007 1198 senarium
2056 1159 2162 1197 nu-

587 1251 800 1290 merum
833 1251 951 1290 eam
986 1243 1195 1304 partem
1231 1234 1595 1303 philosophiae
1635 1234 1881 1305 symbolo
1931 1234 2159 1298 referre,

585 1343 710 1397 quze
774 1328 1045 1382 actionem
1105 1325 1258 1396 colit)
1309 1326 1376 1379 ad
1433 1326 1733 1394 spiritalem
1769 1325 1933 1380 liberi
2001 1326 2164 1395 (ratio

586 1421 798 1476 scilicet
847 1419 1154 1487 mentisque
1203 1417 1481 1487 cogitatio)
1534 1418 1924 1482 dimittuntur;
1966 1432 2163 1487 nempe

585 1511 654 1565 ad
697 1511 943 1565 affinium
999 1511 1053 1563 in
1087 1510 1252 1564 rebus
1308 1510 1584 1563 rationum
1641 1509 2158 1578 contemplationem

585 1611 796 1657 reverta
805 1619 836 1655 n
846 1611 935 1656 tur
944 1643 956 1656 .

2262 422 2368 477 θῶν
2387 421 2487 485 τὰς
2519 423 2752 486 εἰκόνας.

2328 510 2429 579 νγ’.
2466 514 2638 566 Παντὶ
2685 512 3004 584 πρακτικῷ,
3050 514 3236 580 παιδὸς
3281 517 3378 570 καὶ
3421 520 3717 593 παιδίσκης
3759 524 3850 578 δί-

2261 623 2364 676 κην
2395 605 2487 677 (ε),
2521 607 2550 659 ό
2587 606 2744 676 λόγος
2771 608 2866 660 καὶ
2911 608 2953 676 ή·
2997 606 3207 662 διάνοια
3243 609 3523 680 μοχθοῦσι,
3555 614 3684 678 τοὺς
3711 616 3846 668 κατ’

2261 697 2462 767 ἀρετὴν
2489 699 2588 769 τῆς
2614 698 2869 769 πράξεως
2898 698 3137 769 τρόπους
3169 700 3509 766 ἐπινοοῦντες
3536 721 3594 757 τε
3623 705 3720 759 καὶ
3743 707 3847 778 δη-

2265 789 2674 859 μιουργοῦντες,
2703 790 2800 844 καὶ
2830 783 2942 843 οἷον
2965 792 3146 845 πᾶσαν
3189 793 3398 847 ἑαυτῶν
3422 795 3565 849 κατὰ
3598 797 3708 849 τῶν
3737 798 3846 851 ἀν-

2260 881 2584 950 τικειμένων
2612 884 2680 952 τῇ
2730 885 3008 953 πρακτικῇ
3046 883 3374 953 πνευμάτων
3417 885 3518 954 τῆς
3565 889 3846 960 πονηρίας

2261 971 2360 1040 τὴν
2384 971 2615 1042 δύναμιν
2659 971 2880 1043 ’ἔχοντες
2913 971 3411 1046 κάντίτεταγμένηνο
3444 977 3845 1049 πληρώσαντες

2259 1061 2316 1114 δὲ
2347 1061 2445 1133 τὴν
2469 1065 2780 1138 πρακτικὴν
2809 1065 3146 1134 φιλοσοφίαν,
3178 1068 3244 1137 ἢν
3265 1070 3292 1121 ὁ
3322 1067 3482 1131 ἕκτος
3508 1069 3618 1122 τῶν
3655 1072 3841 1126 ἐνιαυσ-

2261 1153 2368 1206 τῶν
2402 1151 2786 1223 παρεδήλωσεν
2817 1156 3080 1226 ἀριθμός·
3109 1179 3114 1182 ·
3144 1157 3360 1230 εἴρηται
3407 1159 3518 1228 γὰρ
3559 1162 3642 1214 ὅτι
3695 1163 3724 1214 ὁ
3778 1162 3841 1227 ἐξ

2263 1244 2513 1314 ἀριθμὸςς
2544 1245 2640 1314 τὴν
2668 1247 2983 1317 πρακτικὴν
3015 1247 3275 1318 σημαίνει
3305 1250 3656 1319 φιλοσοφίαν,
3676 1231 3841 1305 ,ἃςεῷ

2263 1335 2410 1405 θεροι
2443 1335 2580 1406 πρὸς
2623 1337 2726 1408 τὴν
2779 1339 3160 1409 πνευματικὴν
3207 1339 3555 1405 ἀπολύονται,
3585 1341 3840 1412 δηλονότι

2261 1423 2369 1478 τῶν
2397 1426 2456 1478 ὲν
2484 1428 2594 1490 τοῖς
2621 1423 2740 1481 οὖσι
2775 1429 3052 1497 συγγενῶν
3070 1429 3244 1498 λόγων
3273 1430 3506 1502 θεωρίαν
3537 1434 3842 1505 ἐπανερχό-

2267 1531 2442 1585 μενοι,
2470 1515 2499 1568 ὃ
2531 1531 2589 1568 τε
2617 1517 2773 1586 λόγος
2803 1518 2966 1589 καὶ-ή-
2989 1518 3214 1573 διάνοια.

656 1695 743 1749 54.
793 1695 997 1748 Servus
1035 1693 1338 1762 alienigena
1389 1706 1451 1744 ac
1487 1690 1687 1743 ancilla
1707 1690 1778 1753 °°,
1819 1689 1899 1743 ira
1937 1698 2065 1744 sunt
2108 1701 2159 1744 et

2334 1671 2426 1724 νδ’.
2469 1670 2794 1742 Ἀλλόφυλος
2829 1676 2957 1739 παῖς
3001 1677 3117 1729 ἐστι
3159 1677 3254 1730 καὶ
3284 1677 3570 1751 παιδίσκη,
3605 1681 3637 1732 ὁ
3666 1679 3841 1748 θυμὸς

585 1783 884 1852 cupiditas;
917 1797 1053 1850 quos
1075 1781 1290 1835 animus
1319 1779 1768 1849 contemplationi
1798 1779 2036 1840 deditus,
2064 1794 2164 1849 per

585 1872 964 1927 fortitudinem
1005 1887 1067 1925 ac
1087 1871 1526 1940 temperantiam,
1555 1871 1785 1924 rationis
1809 1885 2030 1939 semper
2061 1869 2162 1924 do-

585 1964 754 2017 minio
786 1963 841 2016 in
870 1963 1132 2016 virtutum
1165 1963 1490 2031 obsequium
1522 1963 1831 2030 mancipat;
1865 1961 2011 2014 haud
2042 1976 2162 2015 om-

584 2056 718 2108 nino
739 2054 991 2108 libertate
1022 2053 1256 2118 donans,
1302 2062 1464 2107 autve
1495 2053 1800 2114 dimittens,
1829 2050 2011 2106 donec
2063 2067 2162 2105 na-

586 2152 724 2198 turae
763 2145 849 2198 lex
897 2143 966 2196 ab
1003 2142 1232 2212 spiritus
1260 2143 1379 2212 lege
1426 2143 1686 2212 absorpta
1720 2141 1910 2205 fuerit,
1957 2156 2020 2196 ac
2053 2141 2098 2195 si
2131 2156 2163 2194 a

583 2233 695 2286 vita
752 2230 964 2285 inﬁnita
1019 2231 1234 2284 miserae
1285 2231 1466 2284 carnis
1516 2245 1684 2294 mors,
1737 2237 1960 2298 totaque
2019 2229 2164 2284 clare

583 2326 775 2378 aeterni
833 2324 987 2394 regni
1038 2323 1216 2392 imago
1269 2322 1500 2387 eniteat,
1551 2336 1766 2376 omnem
1809 2322 2160 2392 exemplaris,

585 2414 836 2470 imitandi
869 2415 1001 2477 ritu,
1043 2413 1273 2468 formam
1320 2429 1633 2482 expressam
1690 2414 1936 2467 habens:
2001 2429 2163 2482 quam

585 2512 781 2559 nactus
807 2504 1256 2572 contemplationi
1293 2503 1522 2558 studens
1545 2503 1787 2567 animus,
1829 2503 1966 2556 iram
1991 2515 2047 2557 et
2071 2519 2166 2558 cu-

586 2591 872 2662 piditatem
898 2592 1152 2645 libertate
1193 2591 1401 2646 donat:
1430 2593 1572 2646 hanc
1605 2591 1862 2660 quidem,
1899 2592 1956 2646 in
1992 2593 2163 2646 divini

586 2684 792 2739 amoris
825 2683 1203 2737 intemeratam
1226 2684 1562 2751 voluptatem
1593 2698 1658 2737 ac
1684 2683 2024 2752 impollutam
2051 2685 2166 2738 ille-

587 2774 804 2827 cebram
830 2773 1370 2836 convertens;-i|lam
1400 2788 1554 2836 vero,
1589 2773 1644 2826 in
1678 2772 1949 2826 fervorem
1998 2773 2166 2843 spiri-

587 2864 750 2918 talem
773 2875 1169 2931 aceensamque
1195 2862 1341 2931 jugis
1371 2870 1553 2916 motus
1575 2863 1927 2933 agitationem
1965 2879 2030 2918 ac
2076 2879 2165 2919 so-

588 2953 770 3007 brium
804 2953 1048 3006 furorem
1076 2951 1389 3006 traducens.

659 3132 745 3187 55.
771 3131 984 3186 r‘Eterni
1016 3130 1170 3200 regni
1201 3130 1379 3200 imago
1407 3144 1472 3184 ac
1505 3129 1857 3184 simulacrum
1876 3169 1891 3195 ,
1920 3139 2007 3185 est
2043 3130 2162 3185 ani-

585 3236 710 3279 mus
741 3220 1118 3292 cognoscenda
1155 3219 1386 3275 veritate
1419 3220 1778 3274 immutabilis
1799 3261 1813 3285 ,
1857 3235 2160 3290 sensusque

587 3314 794 3369 virtute
828 3311 1061 3367 colenda
1088 3313 1474 3380 incorruptus;
1511 3311 1695 3365 animo
1721 3327 1920 3381 nempe
1952 3327 2016 3366 ac
2039 3328 2163 3367 cor-

586 3421 744 3475 pore,
777 3407 893 3460 sola
923 3405 1109 3458 divina
1140 3403 1367 3473 spiritus
1395 3405 1513 3473 lege
1553 3404 1697 3456 inter
1743 3419 1803 3458 se
1858 3403 2158 3467 devinctis,

588 3511 653 3552 ea
678 3497 910 3560 ratione,
946 3512 1053 3566 qua
1094 3511 1292 3551 sensus
1338 3496 1394 3548 in
1433 3495 1592 3564 572
1637 3504 1878 3548 mentem
1931 3494 2163 3565 spiritus

589 3589 969 3644 immutatione
1001 3588 1226 3653 transit;
1260 3603 1370 3657 qua
1407 3587 1672 3640 nimirum
1692 3626 1706 3650 ,
1733 3586 1852 3657 jugi
1883 3587 2162 3642 incitatam

589 3691 741 3736 motu
792 3680 1098 3749 miramque
1151 3694 1217 3734 ac
1268 3687 1515 3748 vegetam
1548 3677 1734 3732 omnia
1771 3677 2161 3748 pervadentem

588 3769 820 3824 rationis
851 3769 1226 3838 operationem
1255 3768 1499 3832 habent;
1531 3767 1585 3820 in
1606 3783 1716 3837 qua
1745 3767 1898 3822 nulla
1938 3783 2164 3839 prorsus

589 3879 620 3916 a
655 3862 766 3916 Deo
787 3861 1180 3916 dissimilitudo
1203 3860 1466 3913 occurrit.

660 3954 747 4008 56.
776 3951 1146 4023 Cupiditatem
1177 3966 1298 4021 quae
1335 3960 1459 4006 actu
1484 3950 1790 4020 expleatur,
1824 3950 2160 4020 voluptatem

589 4057 712 4099 esse
739 4043 950 4107 dicunt,
984 4058 1109 4098 cum
1149 4043 1355 4098 bonum
1395 4057 1641 4112 prasens
1683 4041 1752 4096 ad
1793 4043 1914 4113 ejus
1953 4050 2164 4112 spectet

591 4137 998 4203 definitionem;
1031 4137 1368 4206 voluptatem
1409 4143 1593 4189 autem
1620 4150 1745 4204 quae
1771 4149 1884 4188 non
1915 4144 2042 4188 actu
2069 4150 2164 4189 ex-

591 4229 829 4297 pleatur,
859 4226 1238 4296 cupiditatem,
1275 4233 1338 4278 ut
1361 4223 1428 4278 ad
1448 4225 1609 4294 cujus
1639 4223 2015 4278 definitionem
2039 4238 2165 4293 spe-

2265 1763 2357 1814 καὶ
2380 1765 2414 1832 ἡ
2446 1762 2742 1833 ἐπιθυμία·
2775 1764 2867 1828 οὒς
2902 1765 3266 1836 ὑποζεύγνυσι
3291 1767 3380 1822 διὰ
3409 1770 3610 1834 παντὸς
3639 1775 3712 1842 τῇ
3751 1771 3842 1824 δε-

2265 1853 2494 1924 σποτεία
2522 1854 2614 1908 τοῦ
2640 1855 2820 1924 λόγου,
2853 1856 2988 1926 πρὸς
3015 1856 3320 1928 ὑπηρεσίαν
3347 1860 3452 1916 τῶν
3496 1862 3739 1931 ἀρετῶν,
3773 1863 3842 1916 δι’

2263 1944 2484 2015 ἀνδρίας
2513 1945 2607 1999 καὶ
2639 1948 2992 2018 σωφροσύνης
3027 1950 3055 2001 ό
3086 1947 3438 2021 θεωρητηκδς
3462 1951 3608 2016 νοῦς,
3644 1953 3726 2021 μὴ
3765 1954 3844 2006 δι-

2261 2034 2386 2098 δοὺς
2418 2038 2600 2100 αὐτοῖς
2646 2038 2925 2101 παντελῶς
2955 2039 3052 2110 τὴν
3082 2040 3221 2110 πρὸς
3276 2038 3588 2112 ἐλευθερίαν
3615 2043 3840 2111 ἄφεσιν,

2262 2129 2367 2192 ἕως
2395 2128 2459 2183 ἂν
2487 2129 2768 2202 καταποθῇ
2790 2129 2875 2201 ,τῷ
2907 2131 3055 2201 νόμῳ
3091 2131 3186 2184 τοῦ
3217 2133 3526 2204 πνεύματος
3559 2134 3788 2198 τελείως
3815 2137 3844 2187 ό

2263 2225 2360 2296 τῆς
2390 2223 2602 2292 φύσεως
2625 2223 2807 2292 νόμος,
2840 2224 3092 2297 καθάπερ
3124 2225 3228 2279 ὑπὸ
3251 2227 3400 2296 ζωῆς
3422 2229 3675 2298 ἀπείρου,
3707 2245 3844 2296 σαρ-

2263 2315 2359 2379 οιδς
2383 2315 2647 2386 δυστήνου
2675 2315 2924 2382 θάνατος,
2957 2316 3052 2370 καὶ
3102 2319 3250 2371 πᾶσα
3283 2318 3469 2389 δειχθῇ
3497 2319 3761 2389 καθαρῶς
3807 2324 3838 2390 ἡ

2265 2404 2364 2474 τῆς
2393 2405 2629 2476 ἀνάρχου
2660 2404 2943 2476 βασιλείας·
2966 2406 3149 2472 εἰκὼν,
3183 2410 3362 2462 πᾶσαν
3391 2409 3589 2479 ἔχουσα
3621 2411 3720 2464 τοῦ
3743 2414 3842 2482 ἀρ·

2263 2493 2497 2564 χετύπου
2526 2495 2614 2548 διὰ
2643 2497 2927 2566 μιμήσεως
2955 2496 3053 2568 τὴν
3088 2500 3324 2570 μορφήν
3367 2500 3486 2552 καθ’
3517 2502 3586 2571 ἢν
3609 2503 3844 2570 γενόμε-

2264 2604 2354 2649 νος
2385 2587 2412 2638 ό
2437 2585 2767 2656 θεωρητικὸς
2800 2586 2946 2653 νοῦς,
3002 2589 3320 2661 ἐλευθέρους
3354 2594 3590 2645 ποιεῖται
3638 2594 3734 2646 τόν
3783 2611 3844 2647 τε

2267 2675 2435 2746 θυμὸν
2463 2677 2556 2730 καὶ
2585 2676 2685 2746 τὴν
2715 2676 3032 2746 ἐπιθυμίαν·
3058 2677 3158 2747 τὴν
3187 2679 3307 2747 μὲν,
3334 2679 3472 2750 πρὸς
3504 2681 3604 2750 τὴν
3625 2683 3843 2754 suam.

2263 2782 2355 2818 τον
2380 2765 2473 2818 τοῦ
2503 2764 2648 2818 θείου
2683 2765 2886 2835 ἔρωτος
2933 2767 3125 2840 ἡδονὴν
3157 2769 3251 2822 καὶ
3280 2769 3382 2839 τὴν
3411 2771 3682 2842 ἄχραντον
3712 2772 3833 2825 θέλ-

2268 2856 2349 2921 ξιν
2379 2854 2802 2925 μετασκευάζων
2827 2873 2841 2886 ο
2874 2856 2974 2927 τὴν
2999 2857 3077 2921 δὲ,
3111 2859 3247 2928 πρὸς
3282 2859 3432 2923 ζέσιν
3460 2861 3842 2933 πνευματικὴν

2264 2947 2361 3000 καὶ
2389 2947 2651 3017 διάπυρον
2679 2947 3020 3018 ἀεικινησίαν
3067 2949 3132 3020 (f)
3181 2951 3280 3004 καὶ
3332 2949 3584 3021 σώφρονα
3634 2955 3841 3022 μανίαν

2268 3039 2668 3110 μεταϐιϐάζων.
2915 3088 2926 3102 ,

2330 3135 2423 3181 νε’.
2465 3129 2728 3200 Ἀνᾴρχου
2761 3129 3039 3199 βασιλείας
3075 3131 3223 3183 ἐστὶν
3275 3131 3459 3196 εἰκὼν,
3503 3135 3536 3203 ἡ
3591 3133 3692 3187 τοῦ
3741 3135 3836 3188 νοῦ

2261 3223 2391 3292 περὶ
2420 3221 2520 3292 τὴν
2571 3221 2747 3292 ἀληθῆ
2803 3223 3004 3290 γνῶσιν
3036 3222 3290 3294 ἀτρεψία,
3321 3225 3412 3277 καὶ
3451 3227 3482 3295 ὴ
3509 3226 3611 3295 τῆς
3641 3227 3841 3297 αίσθή·

2263 3331 2401 3377 σεως
2437 3315 2566 3385 περὶ
2588 3314 2905 3384 τὴνὰρετὴν
2931 3315 3213 3386 ἁφθαρσία
3238 3332 3252 3347 ⁸
3284 3319 3386 3386 τῆς
3409 3317 3591 3387 ψυχῆς
3620 3319 3719 3371 καὶ
3742 3318 3841 3372 τοῦ

2264 3403 2536 3473 σώματος,
2567 3405 2710 3458 κατὰ
2735 3404 2836 3473 τὴν
2869 3406 2926 3458 ὲν
2968 3404 3243 3476 πνεύματι
3270 3407 3406 3475 πρὸς
3454 3406 3546 3460 τὸν
3581 3407 3708 3460 νοῦν
3736 3407 3841 3476 τῆς

2262 3493 2568 3566 αἰσθήσεως
2621 3496 3000 3566 μετατωίησιν,
3035 3497 3179 3566 μόνῳ
3235 3497 3315 3567 τῷ
3360 3497 3490 3568 θείῳ
3538 3498 3691 3567 νόμῳ
3741 3498 3838 3551 τώ

2263 3585 2570 3656 πνεύματος
2601 3586 2850 3658 ἀλλήλοις
2878 3588 3299 3658 συνδεδεμένων,
3331 3588 3452 3644 καθ’
3493 3591 3561 3659 ἢν
3591 3589 3692 3659 τὴν
3723 3592 3839 3642 ἀει-

2263 3677 2482 3748 κίνητον
2511 3676 2606 3730 τοῦ
2638 3677 2800 3746 λόγου
2837 3678 2934 3733 καὶ⁸
2964 3679 3147 3744 ζῶσαν
3193 3677 3485 3743 διαπαντὸς
3516 3680 3709 3750 ἔχουσι
3757 3682 3839 3734 δι·

2267 3767 2593 3838 ικνουμένην
2625 3768 2907 3840 ἐνέργειαν
2933 3787 2946 3801 ·
2989 3772 3046 3824 ἐν
3076 3765 3110 3846 ᾗ
3145 3773 3295 3829 πᾶσα
3318 3771 3600 3834 παντελῶς
3636 3772 3839 3826 ἄπεστι

2264 3857 2401 3927 πρὸς
2427 3857 2488 3910 τὸ
2510 3857 2663 3911 Θεῖον
2687 3859 3024 3928 ἀπέμφασις.

2334 3945 2446 4013 νς.’
2486 3949 2919 4021 Ἐνεργουμένην
2975 3951 3273 4020 ἐπιθυμίαν
3329 3950 3494 4020 φασὶν
3543 3946 3686 4004 εἶναι
3738 3951 3839 4020 τὴν

2262 4041 2478 4112 ἡδονὴν,
2513 4041 2674 4112 εῐπερ
2710 4041 2886 4112 παρὸν
2935 4042 3163 4111 ἀγαθὸν,
3193 4042 3335 4097 κατὰ
3362 4043 3452 4096 τὸν
3480 4043 3652 4111 αὐτῆς
3685 4044 3837 4094 ἐστιν

2261 4129 2525 4202 ὁρισμόν·
2579 4129 2937 4202 ἁνενέργητον
2983 4132 3040 4186 δὲ
3079 4131 3302 4202 ἡδονὴν,
3363 4134 3459 4202 τὴν
3514 4131 3837 4201 ἐπιθυμίαν,

2231 4265 2234 4268 .
2261 4221 2420 4292 εἴπερ
2451 4220 2643 4291 μέλλον
2673 4223 2896 4292 ἀγαθὸν,
2927 4224 3070 4279 κατὰ
3101 4225 3191 4278 τὸν
3215 4225 3383 4295 αὐτῆς
3407 4228 3556 4276 ἐστιν
3586 4224 3837 4295 ὁρισμόν·

593 4327 705 4373 ctet
744 4319 950 4373 bonum
1003 4317 1220 4371 absens.
1267 4316 1428 4379 Iram,
1471 4331 1636 4385 quam
1684 4315 1868 4369 animo
1901 4315 2159 4369 molimur

2262 4313 2354 4367 τὸν
2385 4313 2440 4365 δὲ
2469 4312 2661 4382 θυμὸν,
2693 4314 2888 4383 μανίας
2931 4315 3312 4386 μελετωμένην
3342 4316 3577 4385 κίνησιν,
3609 4315 3711 4368 καὶ
3743 4315 3840 4385 τὴν

593 4407 798 4460 furoris
826 4406 1228 4472 incitationem;
1279 4406 1544 4467 furorem,
1589 4418 1753 4473 quam
1801 4405 1922 4473 ipso
1969 4418 2155 4473 opere.

593 4495 699 4560 Qui
725 4510 857 4565 ergo
889 4495 988 4548 has
1037 4493 1324 4548 facultates
1357 4492 1556 4546 rationi
1585 4491 1902 4562 subjccerit,
1931 4492 2159 4553 cupidi-

665 4631 712 4664 ⁹⁰
745 4631 916 4686 Exod.
949 4647 1058 4697 xxx,
1088 4631 1124 4686 2
1152 4648 1306 4703 seqq.

667 4762 735 4836 (e)
751 4833 764 4836 Α
779 4762 996 4836 Παιδὸς
1023 4763 1136 4836 οιαίᾷ
1151 4763 1475 4836 παιδίσκης
1497 4763 1692 4836 δίκην,
1713 4763 1875 4836 Clara
1909 4765 2151 4836 tropolo-

593 4833 802 4906 κίειςᾶο
819 4834 1003 4906 servis
1044 4834 1306 4898 Hebraeis,
1330 4835 1423 4906 qui
1474 4843 1602 4888 sunt
1640 4834 1700 4886 τὸ
1741 4834 2032 4906 ὁμόφυλον,
2073 4834 2154 4906 sic

594 4903 735 4959 belle
774 4904 901 4958 Pico
935 4919 1100 4973 supra
1154 4903 1495 4972 expositum;
1532 4903 2042 4973 quorumservitus
2083 4903 2153 4956 ad

596 4983 810 5043 tempus
841 4972 1014 5043 esset,
1031 4972 1084 5026 id
1110 4982 1212 5037 est,
1254 4973 1309 5026 in
1339 4989 1510 5027 annos
1539 4987 1727 5038 senos;
1758 4972 1935 5043 deque
1977 4974 2154 5043 servis

595 5041 917 5113 alienigenis
939 5043 1034 5112 qui
1079 5043 1134 5095 in
1174 5052 1499 5112 perpetuum
1533 5055 1720 5096 essent
1761 5041 2049 5113 servituri;
2083 5042 2152 5096 de

594 5112 946 5168 facultatibus
981 5113 1149 5166 animi
1214 5129 1340 5167 cum
1387 5114 1598 5166 ratione
1642 5121 1698 5166 et
1743 5112 1860 5167 sine
1915 5112 2151 5168 ratione.

590 5182 741 5237 Nihil
764 5183 901 5237 bene
924 5183 1104 5246 Picus,
1135 5183 1275 5237 Puer
1300 5190 1348 5235 et
1378 5182 1553 5252 puella
1583 5184 1869 5252 negotium,
1891 5182 2154 5252 facessunt

597 5253 704 5308 imo
733 5262 903 5314 certe,
925 5253 1231 5322 suscipiunt
1263 5267 1360 5306 seu
1379 5250 1618 5315 habent;
1645 5250 1707 5305 ac
1729 5251 1872 5320 quod
1908 5250 2148 5316 reddidi,

601 5321 859 5377 laborant.
879 5323 934 5375 Ὀ
963 5321 1118 5385 ἕκτος
1145 5321 1254 5376 τῶν
1285 5323 1444 5375 ιτῶνο
1485 5337 1744 5375 annorum
1765 5323 2026 5384 senarius,
2055 5338 2158 5374 nu-

592 5407 768 5447 merus
799 5408 818 5447 :
847 5394 989 5447 male
1021 5408 1248 5462 prorsus
1277 5392 1442 5448 editis
1464 5400 1604 5458 erat,
1629 5392 1854 5462 ἀρετῶν,
1879 5393 2152 5455 virtutum,

593 5462 698 5517 etsi
726 5464 980 5533 excoquit
1002 5461 1184 5518 Picus.
1211 5462 1342 5530 Qum
1370 5462 1516 5518 enim
1558 5477 1702 5533 sena:
1725 5461 1993 5533 virtutes?
2020 5476 2155 5533 qua:

595 5539 781 5588 ternas
807 5529 1010 5587 norunt
1060 5529 1395 5603 philosophi,
1433 5543 1616 5587 ternas
1663 5531 1930 5603 theologi;
1967 5529 2150 5584 neutri

596 5615 794 5656 senas:
829 5618 931 5658 nec
953 5603 1008 5656 in
1035 5601 1334 5660 virtutibus
1363 5612 1716 5658 consecratus
1750 5601 1840 5656 hic
1887 5613 2152 5654 numerus

2269 4403 2483 4473 μανίαν,
2509 4404 2678 4474 θυμὸν
2713 4407 3125 4476 ὲνεργούμενον.
3159 4407 3218 4461 '0
3241 4405 3375 4475 γοῦν
3405 4407 3608 4469 ταύτας
3637 4406 3842 4458 ﬁmi.

2265 4493 2361 4561 ξας
2388 4494 2466 4565 τῷ
2497 4495 2644 4566 λόγῳ
2672 4497 2771 4561 τὰς
2800 4497 3081 4568 δυνάμεις,
3112 4499 3354 4570 εὑρήσει,
3385 4499 3484 4570 τὴν
3518 4500 3618 4569 μὲν
3644 4497 3841 4550 ἐπιθυ-

2257 4776 2362 4844 est,
2389 4768 2508 4844 ipse
2529 4767 2732 4840 alioqui
2763 4770 2817 4844 i_n
2846 4786 2907 4825 se
2928 4771 3228 4844 perfectus,
3255 4781 3314 4826 et
3339 4772 3580 4844 actionis
3613 4775 3838 4844 symbo-

2258 4838 2372 4892 lum
2406 4839 2612 4894 idcirco
2641 4838 2790 4908 quod
2828 4838 3146 4897 sex'diebus
3185 4841 3423 4897 mundus
3440 4838 3706 4898 conditus
3731 4856 3834 4903 est.

2260 4908 2492 4980 septimo
2519 4909 2690 4980 quieti
2727 4909 2967 4980 addicto,
2992 4913 3084 4980 qui
3129 4921 3214 4965 est
3237 4912 3356 4965 dies
3404 4912 3661 4978 Sabbati;
3699 4931 3836 4967 nova

2260 4978 2422 5032 nobis
2448 4979 2727 5051 creatione
2750 4979 2806 5033 in
2836 4980 2982 5035 diem
3010 4978 3365 5036 Dominicum
3391 4982 3679 5050 auspicata
3719 4984 3836 5051 ejus

2259 5049 2671 5122 resurrectione
2707 5061 3003 5122 nostraque
3031 5052 3090 5122 in
3115 5051 3228 5116 illo,
3261 5067 3457 5106 versus
3485 5049 3507 5100 ἐ
3548 5069 3649 5122 per
3681 5049 3839 5121 cujus

2258 5117 2577 5192 προεόρτιον
2605 5118 2699 5192 die
2730 5117 3204 5192 magnosabbati,
3251 5136 3372 5175 mea
3414 5117 3671 5192 relegens
3727 5117 3838 5177 hac

2257 5187 2620 5259 subnotabam
2641 5191 2762 5246 Kal.
2795 5187 2974 5259 Kpril.
3013 5190 3124 5245 ind.
3154 5208 3264 5245 im.

2333 5255 2399 5328 (Γ)
2432 5257 2730 5327 Διάπυρον
2763 5255 3164 5326 ἁεὶκινησίαν.
3215 5261 3316 5316 Hic
3381 5276 3583 5329 nempe
3639 5261 3834 5325 ardor,

2264 5325 2492 5398 hacque
2512 5325 2822 5398 proprietas
2853 5325 3268 5398 perfectissimae
3291 5331 3495 5385 divinae
3517 5325 3834 5386 charitatis:

2265 5396 2355 5458 Τὸ,
2387 5396 2688 5472 διαπειρόν,
2717 5396 2869 5468 quod
2903 5408 3044 5472 erat,
3102 5415 3206 5472 nec
3263 5401 3437 5472 probe
3480 5400 3668 5456 Graeca
3708 5417 3836 5462 vos,

2261 5481 2366 5548 nec
2384 5467 2684 5548 quidquam
2732 5467 2878 5538 apta.
2913 5469 3062 5525 Pico.
3099 5467 3348 5542 Ignotum
3377 5480 3690 5542 perpetuum
3723 5485 3840 5525 mo-

2260 5544 2372 5590 tum
2399 5553 2413 5590 :
2443 5544 2576 5605 imo,
2610 5554 2912 5595 accensum.
