4062 6198
315 202 453 267 1:285

977 200 1307 262 CAPITUM
1341 196 1759 271 QUINQUIES
1795 195 2315 259 CENTENORUM
2352 199 2742 261 CENTURIA
2793 201 2909 262 III.

3421 201 3558 265 19.86

312 312 462 379 μίαν,
495 307 644 377 αὖτῷ
674 306 965 377 γινομένην
998 306 1212 376 ἡδονὴν,
1268 305 1410 358 κατὰ
1457 306 1556 373 τὴν
1601 306 1658 356 ὲν
1692 303 1874 372 χάριτι

1981 312 2145 357 tatem
2183 305 2238 358 in
2272 307 2615 376 voluptatem
2645 308 2931 374 transisse,
2970 323 3070 378 per
3102 309 3270 363 animi
3296 327 3421 366 cum
3445 314 3558 369 Deo

307 404 443 473 πρὸς
473 402 531 454 τὸ
560 401 712 454 Θεῖον
755 400 853 469 τῆς
895 398 1073 468 ψυχῆς
1101 399 1368 468 ἄχραντον
1398 397 1749 466 συμπλοκήν’
1789 395 1880 446 τὸν

235 539 246 547 .
305 496 362 547 δὲ
391 493 582 562 θυμὸν,
618 491 765 554 ζέσιν
794 491 1088 559 ἀκήρατον,
1121 489 1218 557 τῆς
1249 487 1376 558 περὶ
1403 487 1462 538 τὸ
1492 486 1641 538 Θεῖον
1686 483 1880 553 ἡδονῆς

309 583 703 655 φρουρητικὴν,
755 581 849 634 καὶ
905 579 1158 650 σώφρονα
1201 578 1417 649 μανίαν,
1454 578 1550 646 τῆς
1597 576 1739 628 κατᾶ
1781 573 1880 643 τὴν

308 679 495 744 ἔφεσιν
528 675 630 743 τῆς
654 674 830 742 ψυχῆς
867 672 1154 740 θελκτικῆς
1200 671 1483 737 δυνάμεως
1509 668 1618 720 ἀπὸ
1656 666 1763 718 τῶν
1791 665 1872 717 εν.

245 791 256 797 -
306 786 414 820 των
446 765 667 828 τελείως
707 764 1058 831 ἐκστατικὴν.
1097 762 1306 814 Οὐκοῦν
1341 761 1445 822 ἕως
1477 762 1535 811 ὲν
1573 760 1706 828 ἡμῖν
1732 759 1760 810 ὁ
1789 755 1878 808 κό-

311 873 448 928 σμος
481 855 569 925 ζῇ,
606 855 701 906 καὶ
734 856 764 924 ἡ
793 852 930 922 πρὸς
957 851 1025 904 τὰ
1071 851 1232 904 eam
1274 850 1372 918 τῆς
1426 847 1602 916 ψυχῆς
1633 844 1877 904 ἑκούσιος

309 949 513 1018 σχέσις,
543 945 604 998 οὐ
645 943 728 997 δεῖ
762 943 988 1005 ταύταις
1019 941 1278 1011 παρέχειν
1306 937 1613 1007 ἐλευθερίαν
1644 939 1762 998 ταῖς
1791 935 1878 987 δυ-

307 1038 529 1106 νάμεσι,
588 1037 784 1104 μήπως
843 1035 1084 1104 μιγεῖσαι
1122 1035 1234 1094 τοῖς
1264 1030 1538 1099 αἰσθητοῖς
1567 1027 1642 1089 ὡς
1673 1025 1876 1096 ὁμοφύ-

308 1127 440 1191 λοις,
496 1126 852 1194 πολεμήσωσι
895 1125 993 1192 τὴν
1035 1123 1237 1192 ψυχὴν,
1284 1124 1381 1175 καὶ
1421 1121 1660 1174 λάϐωσιν
1707 1117 1876 1188 αὐτὴν

309 1218 644 1288 δορύάλωτον
694 1197 1068 1284 γεγενημένην
1125 1216 1241 1276 τοῖς
1294 1212 1544 1276 πάθεσιν,
1593 1211 1668 1272 ὡς
1709 1209 1875 1262 πάλαι

309 1309 409 1378 τὴν
438 1306 814 1377 Ἰερουσαλὴμ,
850 1307 899 1358 οἱ
959 1305 1314 1358 Βαϐυλώνιοι.
1376 1305 1480 1357 Τὸν
1537 1303 1646 1374 γὰρ
1705 1302 1874 1355 αἰῶνα

311 1400 434 1454 καθ’
461 1399 520 1452 ὃν
552 1399 678 1461 τοὺς
724 1397 1054 1465 ἀλλοφύλους
1105 1398 1302 1459 παῖδας
1329 1393 1606 1448 δουλεύειν
1638 1395 1666 1445 ὁ
1714 1392 1874 1461 νόμος

311 1491 589 1554 ἐκέλευσε,
624 1491 722 1561 τὴν
779 1490 914 1561 πρὸς
961 1490 1054 1544 τὸν
1085 1491 1290 1560 κόσμον
1321 1490 1528 1552 τοῦτον,
1564 1490 1730 1558 ἤγουν
1775 1487 1875 1554 τὴν

312 1582 592 1652 παροῦσαν
617 1580 784 1651 ζωὴν,
812 1580 1101 1652 γνωμικὴν
1135 1581 1235 1649 τῆς
1267 1580 1447 1651 ψυχῆς
1481 1580 1722 1646 ὲσήμανε
1755 1575 1874 1644 σχέ-

1987 396 2330 464 impollutam
2361 398 2415 450 in
2440 398 2615 466 gratia
2637 398 3000 452 coliazsioncm
3023 399 3291 464 inveniet;
3310 399 3559 470 iramque.

1985 489 2042 542 in
2077 489 2467 544 intemeratum
2525 490 2798 556 fervorem
2826 531 2838 554 ,
2868 491 3167 559 voluptatis
3204 491 3348 546 circa
3385 493 3557 548 Deum

1984 583 2280 648 vindicem,
2319 586 2679 654 sobriumque
2730 585 3027 647 fervorem,
3093 599 3224 654 quo,
3281 584 3558 642 desiderio

1984 677 2235 730 muleens
2273 685 2328 729 et
2359 677 2680 730 illecebrosa
2725 677 2892 730 animi
2944 677 3172 730 facultas
3197 716 3210 737 .
3261 678 3501 746 perfecte
3528 696 3555 732 ιι

1985 767 2155 821 rebus
2185 768 2424 822 excedit.
2461 768 2715 834 Quandiu
2743 769 2910 838 igitur
2936 770 3176 824 mundus
3206 771 3260 824 in
3287 772 3448 826 nobis
3471 774 3545 826 vi-

1981 859 2081 923 vit,
2114 859 2536 928 voluntariaque
2582 860 2751 914 animi
2798 859 2864 914 ad
2909 875 2995 914 res
3027 869 3274 915 terrenas
3313 864 3554 926 affectio,

1981 949 2289 1002 cavendum
2312 948 2473 1002 nobis
2503 964 2571 1002 ne
2596 949 2693 1002 has
2714 948 3145 1004 vireslibcrtatc
3174 950 3462 1017 donemus,
3492 971 3557 1009 ne

1983 1041 2126 1094 forte
2155 1056 2282 1095 cum
2316 1040 2484 1094 rebus
2519 1040 2576 1093 in
2611 1055 2835 1102 sensum
2872 1042 3199 1103 cadentibus
3242 1045 3395 1097 Velut
3433 1062 3556 1100 cum

1983 1131 2282 1186 tribulibus
2305 1132 2627 1195 commistte,
2661 1130 2902 1186 animum
2932 1133 3080 1188 bello
3119 1143 3351 1201 tentent,
3377 1137 3556 1190 vitiis-

1981 1238 2087 1292 que
2133 1238 2196 1277 ac
2238 1222 2528 1277 affectibus
2577 1224 2895 1278 dodititium
2949 1227 3337 1296 captivumque
3387 1228 3554 1298 (haud

1979 1330 2138 1369 secus
2183 1331 2247 1368 ac
2285 1316 2412 1370 olim
2459 1317 2741 1386 Babylonii
2770 1319 3130 1390 Jerosolyma)
3162 1321 3398 1389 capiant.
3444 1322 3555 1376 Sae-

1971 1403 2166 1456 culum
2209 1402 2355 1456 euim
2385 1444 2398 1462 ,
2435 1420 2544 1472 quo
2577 1414 2691 1459 toto
2722 1406 2807 1460 lex
2847 1423 3037 1462 servos
3070 1409 3408 1478 alienigenas
3437 1425 3554 1463 ser—

1980 1494 2097 1548 vire
2141 1505 2498 1564 praeceperat,
2529 1514 2647 1550 eam
2670 1515 2793 1567 quae
2836 1500 3040 1554 mentis
3067 1502 3344 1556 sententia
3367 1518 3431 1556 ac
3461 1518 3555 1554 vo-

1981 1583 2212 1645 luntate,
2243 1585 2307 1637 ad
2345 1586 2612 1639 mundum
2645 1587 2807 1640 istum
2856 1589 2943 1659 (ad
2978 1606 3096 1644 eam
3139 1591 3350 1646 scilicet
3387 1608 3553 1661 quam

312 1689 397 1726 σιν
425 1675 453 1726 ὁ
483 1673 661 1740 λόγος,
711 1673 800 1726 διὰ
831 1672 937 1724 τῶν
984 1673 1378 1743 ἱστορουμένων
1413 1668 1774 1740 παραδεικνὺς
1807 1668 1874 1719 τὰ

1983 1673 2037 1726 in
2061 1689 2128 1726 eo
2171 1675 2407 1726 vivimus
2441 1676 2646 1744 vitam)
2682 1677 2902 1732 affectio
2950 1695 3012 1732 ac
3041 1680 3212 1733 libido
3253 1690 3338 1735 est
3362 1722 3376 1745 ,
3411 1681 3557 1736 Seri-

310 1761 430 1811 νοού
438 1777 573 1830 μενα
583 1799 595 1812 .

383 2015 478 2079 νζ’.
521 2015 825 2085 Ἦργμένον
866 2015 1034 2083 λέγει,
1084 2016 1144 2069 τὸ
1185 2017 1386 2071 κακόν
1420 2019 1596 2088 ἀρχὴν
1627 2019 1736 2088 γὰρ
1763 2019 1878 2089 ἔχει

309 2106 407 2176 τὴν
432 2106 587 2176 ἡμῶν
617 2106 767 2176 παρὰ
809 2106 970 2174 φύσιν
1003 2108 1215 2178 κίνησιν
1239 2127 1251 2139 ο
1285 2111 1384 2163 οὐκ
1407 2110 1680 2181 ἠργμένον
1713 2111 1788 2177 δὲ,
1818 2110 1879 2162 τὺ

310 2198 516 2266 ἀγαθόν
547 2200 647 2269 (gl'
681 2200 786 2269 πρὸ
813 2200 1018 2263 παντὸς
1055 2201 1164 2271 γὰρ
1187 2202 1382 2264 αἰῶνος
1407 2203 1497 2256 καὶ
1531 2203 1745 2272 χρόνου,
1775 2205 1878 2270 φύ-

311 2305 396 2342 σει
431 2291 492 2342 τὸ
519 2290 744 2357 ἀγαθόν.
782 2291 992 2357 Νοητὺν
1013 2291 1168 2359 λέγει
1203 2293 1261 2344 τὸ
1285 2293 1512 2359 ἀγαθὸν,
1549 2294 1577 2345 ὃ
1605 2294 1686 2346 δεῖ
1719 2295 1876 2363 μόνον

310 2383 482 2434 νοεῖν·
521 2382 582 2434 ού
637 2381 824 2450 νοητὸν
863 2383 1036 2446 at,»
1073 2383 1268 2447 Δκακὸν,
1306 2385 1441 2455 ὅπερ
1481 2386 1560 2438 δεῖ
1609 2387 1769 2454 μόνον
1803 2386 1876 2455 μὴ

311 2475 452 2525 νοεῖν
476 2487 491 2502 ⁸
531 2472 693 2543 ῥητὸν
719 2473 776 2526 δὲ
803 2473 953 2540 λέγει
985 2477 1046 2527 τὸ
1083 2475 1307 2542 ἀγαθὸν,
1343 2476 1476 2528 αὐτὸ
1499 2476 1606 2546 γὰρ
1645 2477 1725 2528 δεῖ
1779 2478 1877 2546 μό-

311 2580 400 2616 νον
430 2563 730 2618 λαλεῖσθαι.
760 2565 874 2616 Καὶ
911 2565 1198 2635 γινόμενον
1217 2567 1366 2633 λέγει
1400 2566 1460 2618 τὸ
1485 2567 1707 2634 ἀγαθόν’
1739 2567 1878 2618 κατὰ

313 2653 472 2722 φύσιν
494 2653 604 2725 γὰρ
639 2655 882 2726 ὑπάρχον
916 2656 1232 2727 ἀγέννητον,
1265 2657 1407 2710 κατὰ
1451 2658 1609 2728 χάριν
1635 2658 1721 2710 διὰ
1753 2659 1870 2725 φιλί

314 2747 630 2817 ανθρωπίαν
657 2749 788 2817 παρ’
813 2747 973 2817 ἡμῶν
1005 2750 1257 2818 ἀνέχεται
1285 2749 1556 2818 γίνεσθαι,
1599 2751 1733 2819 πρὸς
1780 2754 1877 2821 τὴν

311 2837 471 2907 ἡμῶν
495 2838 604 2891 τῶν
638 2841 936 2892 ποιούντων
971 2841 1062 2894 καὶ
1087 2840 1394 2892 λαλούντων
1423 2840 1705 2902 ὲκθέωσιν,
1739 2843 1876 2912 ὅπερ

310 2931 394 2980 δεῖ
424 2928 730 2995 μονώτατον
758 2929 1032 2998 γίνεσθαι·
1065 2930 1127 2982 οὐ
1159 2928 1479 2998 ποιούμενον
1505 2929 1560 2981 δὲ
1598 2929 1658 2981 τὸ
1688 2929 1874 2988 κακὸν.

310 3021 449 3091 ὅπερ
475 3021 556 3072 δεῖ
584 3021 744 3090 μόνον
781 3022 855 3092 μὴ
889 3021 1160 3088 γίνεσθαι.
1198 3021 1442 3090 (Magaba;
1488 3020 1636 3089 λέγει
1665 3021 1726 3073 τὸ
1776 3039 1878 3074 και
1905 3003 1945 3057 C

312 3113 440 3166 κόν*
477 3113 648 3184 φθορὰ
683 3116 793 3185 γάρ
827 3118 976 3168 ἐστιν
1007 3116 1039 3184 ἡ
1075 3114 1168 3167 τοῦ
1206 3114 1380 3167 κακοῦ
1417 3114 1598 3182 φύσις,
1629 3115 1880 3184 οὐδαμῶς

314 3203 436 3256 κατ’
462 3203 612 3256 οὐδὲν
641 3203 874 3274 ὓπαρξιν
899 3204 1098 3272 ἔχουσα
1120 3220 1134 3234 ·
1176 3203 1453 3275 ἄφθαρτον
1481 3205 1537 3257 δὲ
1569 3205 1630 3257 τὸ
1649 3204 1878 3272 ἀγαθὸν,

313 3293 390 3354 ὡς
413 3294 503 3346 ἀεὶ
550 3294 630 3358 ὂν,
677 3296 773 3348 καὶ
806 3296 1072 3366 μηδέποτε
1116 3295 1210 3348 τοῦ
1247 3293 1386 3348 εἶναι
1419 3297 1746 3366 παυόμενον,
1785 3297 1879 3349 καὶ

313 3388 533 3442 πάντων
563 3383 642 3451 οἷς
672 3389 980 3458 ἐγγίνηται,
1007 3389 1396 3459 φρουρητικὸν.
1424 3389 1594 3442 Τοῦτο
1623 3389 1775 3457 γοῦν,
1801 3389 1879 3459 τῷ

317 3480 417 3547 μὲν
445 3476 760 3547 λογιστικῷ,
798 3478 1067 3547 ζητοῦμεν
1086 3496 1100 3508 ·
1150 3479 1228 3548 τῷ
1255 3480 1310 3532 δὲ
1338 3479 1739 3550 ἐπιθυμητικῷ,
1780 3497 1878 3531 πο-

315 3568 515 3639 θοῦμεν
539 3586 551 3598 ·
587 3569 665 3640 τῷ
697 3569 754 3621 δὲ
798 3570 1035 3640 θυμικῷ,
1069 3570 1410 3640 φυλάττομεν
1451 3572 1650 3626 ἄσυλον
1675 3591 1688 3604 ε
1726 3571 1802 3640 τῷ
1835 3572 1878 3624 δ’

313 3660 621 3731 αἰσθητικῷ
665 3662 785 3715 κατ’
833 3663 1163 3733 ἐπιστήμην,
1199 3665 1398 3733 ἀμιγὲς
1425 3667 1557 3719 αὐτὸ
1582 3666 1690 3718 τῶν
1724 3669 1876 3720 ἐναν-

309 3754 443 3807 τίων
465 3755 848 3825 διακρίνομενο
889 3755 966 3826 τῷ
991 3756 1047 3808 δὲ
1075 3754 1386 3826 φωνητικῷ,
1419 3756 1705 3822 λαλοῦντες
1747 3761 1879 3812 αὐτὸ

313 3844 576 3914 ποιοῦμεν
622 3847 737 3909 τοῖς
788 3846 1041 3914 ἀγνοοῦσι
1094 3846 1354 3922 φανερόν·
1410 3847 1611 3918 καὶτῷ
1646 3850 1875 3920 γονίμῳ,

313 3935 657 4006 πληθύνομεν
685 3937 816 3990 αὐτό
837 3953 850 3966 ο
915 3935 1118 4006 μᾶλλον
1167 3936 1212 3989 δ’
1254 3936 1458 4006 ἀληθὲς
1487 3939 1684 4003 εἰπεῖν,
1715 3942 1876 4011 ἡμεῖς

309 4027 432 4079 κατ’
458 4026 590 4079 αὐτὸ
622 4025 1030 4096 πληθυνόμεθα.

1981 1774 2140 1834 ptura
2165 1765 2530 1834 significavit;
2559 1783 2658 1834 per
2707 1783 2770 1822 ea
2797 1784 2918 1837 qua:
2948 1779 3099 1838 gesta
3142 1781 3461 1833 narrantur,
3489 1789 3553 1826 ea

1979 1872 2100 1924 qua:
2142 1857 2378 1926 spiritali
2407 1872 2570 1911 sensu
2606 1858 2961 1928 intelligenda
2993 1869 3142 1925 sunt,
3191 1861 3372 1916 obiter
3414 1862 3556 1916 iniii-

1979 1961 2131 1999 CﬂllS.
2163 1959 2174 1980 ’“

2050 2036 2136 2089 57.
2170 2035 2367 2090 Malum
2403 2047 2690 2106 occeptum
2723 2039 2859 2094 dicit
2891 2058 2902 2092 :
2937 2042 3140 2111 quippe
3174 2058 3298 2098 cum
3330 2044 3554 2100 innatu-

1980 2126 2149 2179 ralem
2198 2136 2406 2179 motum
2461 2138 2713 2182 nostrum
2757 2131 3026 2200 originem
3079 2133 3294 2188 habeat.
3343 2136 3553 2191 Bonum

1979 2230 2161 2274 autem
2184 2235 2295 2275 non
2318 2229 2636 2292 occeptum;
2660 2224 2804 2290 quod
2834 2223 3092 2277 nimirum
3109 2235 3300 2280 natura
3326 2227 3551 2292 bonum,

1978 2313 2126 2366 omni
2153 2322 2397 2382 tempore
2431 2329 2660 2383 aevoque
2683 2315 2934 2371 anterius
2967 2324 3070 2373 est.
3101 2317 3450 2390 lntclligibile
3474 2320 3556 2375 «ii-

1979 2405 2054 2458 cit
2081 2405 2308 2468 bonum,
2337 2407 2484 2474 quod
2523 2409 2702 2461 solum
2742 2417 2803 2461 ut
2827 2409 3200 2480 intelligamus
3227 2428 3407 2481 opera)
3427 2430 3553 2482 pre-

1979 2498 2114 2549 tium
2175 2507 2433 2551 cstznon
2487 2499 2831 2570 intelligibile
2879 2509 3062 2555 autem
3109 2503 3347 2562 malum,
3406 2504 3553 2573 quod

1979 2587 2154 2640 solum
2196 2604 2305 2640 non
2342 2590 2646 2658 intelligere
2693 2607 2789 2646 seu
2836 2593 3077 2661 cogitare
3112 2594 3271 2648 nobis
3315 2604 3550 2662 praestet.

1979 2679 2146 2732 Porro
2171 2679 2390 2732 fandum
2420 2690 2576 2734 vocat
2598 2682 2840 2745 bonum,
2874 2684 3018 2751 quod
3057 2685 3230 2752 ipsum
3259 2685 3432 2739 solutn
3456 2704 3556 2741 nos

1978 2769 2125 2836 loqui
2153 2786 2250 2838 par
2281 2778 2394 2834 est,
2440 2773 2684 2840 dicitque
2716 2774 2919 2826 bonum
2951 2790 3072 2828 esse
3107 2775 3251 2844 quod
3297 2776 3376 2840 fit,
3409 2777 3554 2845 quod

1978 2875 2101 2911 cum
2131 2870 2328 2913 natura
2358 2862 2660 2929 ingenitum
2704 2863 2860 2918 sitae
2896 2881 3002 2918 non
3046 2863 3272 2929 factum,
3305 2866 3376 2918 ob
3403 2881 3553 2919 sum-

1978 2965 2120 3003 mam
2159 2950 2574 3020 benignitatem,
2601 2965 2671 3007 ut
2701 2971 2729 3007 a
2760 2956 2942 3019 nobis,
2971 2955 3041 3008 ob
3062 2965 3308 3011 nostram
3341 2959 3432 3026 qui
3464 2959 3547 3011 fa-

1986 3042 2160 3096 cimus
2206 3052 2370 3111 atque
2415 3045 2696 3113 loquimur
2735 3046 3155 3112 deificationem,
3188 3066 3285 3118 per
3324 3049 3555 3119 gratiam

1989 3134 2100 3194 fiat,
2152 3136 2480 3203 propensius
2503 3125 2778 3202 admittit,
2815 3139 2962 3206 quod
3008 3155 3178 3193 unum
3214 3140 3446 3194 maxime
3493 3157 3556 3194 ac

1987 3225 2480 3294 singularissimum
2526 3227 2666 3292 fieri,
2704 3245 2882 3298 operte
2931 3231 3166 3300 pretium
3201 3242 3321 3286 est:
3351 3235 3552 3288 malum

1988 3331 2116 3370 vero
2144 3317 2290 3386 quod
2319 3334 2427 3371 non
2455 3318 2568 3382 fiat,
2599 3319 2744 3388 quod
2773 3322 2949 3375 solum
2979 3338 3090 3376 non
3115 3322 3272 3392 573
3306 3323 3425 3378 fieri
3467 3327 3555 3378 dc-

1987 3415 2124 3461 ceat.
2171 3407 2542 3478 Corruptibilc
2593 3411 2795 3463 malum
2826 3413 3074 3466 vocitat:
3118 3424 3204 3469 est
3240 3415 3385 3468 enim
3434 3431 3556 3469 cor-

1983 3497 2166 3565 ruptio
2200 3499 2327 3551 mali
2374 3509 2592 3565 natura,
2627 3517 2748 3569 quae
2783 3503 2987 3556 nullam
3029 3519 3256 3572 prorsus
3288 3506 3555 3561 exsisten-

1981 3587 2108 3640 tiam
2129 3597 2222 3641 aut
2251 3588 2608 3644 substantiam
2636 3590 2833 3645 habeat
2868 3610 2880 3644 :
2915 3592 3118 3646 bonum
3161 3601 3343 3649 autem
3377 3597 3555 3650 inror-

1981 3677 2260 3744 ruptibile,
2299 3679 2532 3748 utquod
2560 3681 2631 3736 sit
2660 3697 2896 3750 semper,
2917 3691 2971 3738 et
2994 3699 3273 3752 nunquam
3313 3701 3433 3739 esse
3459 3686 3554 3740 de—

1983 3769 2145 3835 sinat,
2180 3787 2243 3824 ac
2265 3771 2467 3839 quibus
2497 3771 2658 3835 inest,
2690 3774 3118 3829 incolumitatem
3149 3792 3213 3830 ac
3238 3787 3551 3846 perennita-

1983 3870 2092 3914 tem
2136 3862 2355 3916 tribuat.
2406 3864 2553 3918 Istud
2577 3864 2755 3935 igitur
2790 3867 3005 3935 (nempe
3043 3867 3267 3939 bon‘um)
3298 3870 3552 3924 facultate

1981 3952 2210 4006 rationis
2247 3954 2582 4022 qu:erimus;
2615 3955 2916 4025 cupiditate
2961 3974 3207 4013 amamus
3240 3975 3303 4015 ac
3335 3961 3552 4016 deside-

1982 4058 2199 4109 ramus;
2233 4044 2335 4110 ira,
2368 4045 2686 4101 inviolabile
2717 4063 3034 4114 servamus;
3062 4065 3255 4105 sensus
3291 4051 3551 4107 facultate

312 4133 412 4186 per
443 4117 725 4173 scientiam
759 4134 824 4172 ac
859 4119 1169 4183 solertiam,
1209 4119 1606 4177 incommistum
1669 4124 1845 4194 ipsum
1883 4145 1913 4184 a
1953 4137 2240 4191 contrariis
2280 4137 2677 4206 discernimus;
2725 4142 2874 4196 vocis
2937 4157 3177 4212 organo,
3221 4145 3288 4198 ad
3335 4160 3429 4199 eos
3457 4145 3551 4214 qui

313 4207 579 4273 nesciant,
597 4208 1296 4278 loquendomanifestamus
1315 4211 1565 4281 ;,genitali
1596 4212 1878 4284 facultate,
1918 4220 2095 4292 ipsum
2143 4228 2602 4298 multiplicamus;
2648 4246 2744 4286 seu
2813 4207 3029 4302 potius,
3051 4243 3113 4289 ut
3164 4207 3307 4290 rvere
3351 4207 3551 4302 dicant,

311 4315 379 4357 ex
404 4299 522 4369 ejus
555 4315 656 4354 nos
677 4301 983 4356 rationibus
1013 4302 1456 4372 multiplicemur.

383 4415 484 4488 νη’.
517 4419 610 4470 Δεῖ
635 4418 728 4471 τὸν
765 4418 1097 4489 θεωρητικὸν
1125 4418 1268 4486 νοῦν,
1303 4421 1659 4490 βασιλεύοντα
1687 4426 1796 4479 τῶν
1821 4430 1877 4481 ὲν

2055 4432 2142 4487 58.
2176 4433 2368 4505 Operae
2418 4439 2656 4507 pretium
2687 4450 2772 4495 est
2809 4449 3049 4498 mentem
3098 4449 3551 4518 contemplationi

312 4511 422 4570 τοῖς
447 4505 566 4562 οὖσι
597 4510 884 4580 νοημάτων
917 4527 976 4563 τε
1025 4511 1120 4564 καὶ
1167 4512 1474 4584 θεαμάτων,
1523 4518 1618 4571 καὶ
1648 4519 1758 4572 τῶν
1795 4523 1877 4573 οἰ-

313 4598 477 4652 κείων
515 4598 855 4668 κινημάτων,
889 4597 1000 4665 ἓξιν
1043 4603 1238 4670 ἄγονον
1266 4603 1410 4674 ἔχειν
1443 4607 1641 4672 κακίας
1664 4625 1678 4640 ·
1717 4627 1874 4665 τουτ-

314 4689 450 4750 έστι,
487 4689 686 4742 κακίαν
719 4691 856 4759 μήτε
892 4690 1368 4760 συλλαμϐάνουσαν
1402 4698 1700 4766 παντελῶς,
1738 4704 1875 4771 μήτε

311 4777 604 4832 τίκτουσαν
623 4794 640 4828 °.
669 4781 752 4848 ἐφ’
777 4777 845 4853 ἧς
863 4781 1034 4834 αὐτὸν
1059 4782 1141 4835 δεῖ
1196 4784 1322 4856 περὶ
1351 4785 1583 4853 θεωρίαν
1619 4791 1874 4862 κινούμε-

315 4882 404 4917 νον
449 4867 730 4936 φέρεσθαι,
767 4871 964 4939 μήπως
1014 4873 1396 4943 πνευματικὴν
1429 4876 1752 4947 ποιούμενος
1780 4881 1880 4950 τὴν

313 4956 421 5010 τῶν
475 4959 642 5012 ὄντων
685 4960 991 5030 διάσκεψιν,
1055 4961 1232 5016 λαθὼν
1286 4968 1559 5038 περιπέσῃ
1615 4969 1721 5023 τινὶ
1761 4972 1880 5023 τῶν

315 5051 712 5122 παραφθείρειν
766 5053 855 5106 διὰ
903 5053 1047 5117 τινὸς
1089 5055 1196 5107 τῶν
1234 5057 1511 5128 αἰσθητῶν
1560 5062 1880 5131 πεφυκότων

403 5211 642 5285 ‘Dionys.
667 5215 729 5268 de
755 5217 858 5271 div.
890 5233 1033 5272 nom.

385 5367 831 5450 (9),Ἣρλ⁴μένον
891 5376 958 5450 td
1016 5378 1236 5450 κακόν·
1295 5379 1407 5432 οὐκ
1452 5379 1748 5450 ἠργμένον
1810 5389 1874 5441 τὸ

313 5438 556 5524 ᾷγᾳθόν.
573 5438 578 5439 “
595 5441 829 5524 οιςριαιη
847 5445 1046 5524 malum
1070 5463 1095 5524 ;_
1117 5448 1308 5500 bonum
1328 5463 1439 5524 non
1463 5438 1684 5520 Emptum
1697 5438 1876 5524 majus

315 5507 600 5588 utriusque
630 5507 774 5567 clara
796 5515 943 5588 ratio
960 5507 1193 5588 Magium
1225 5517 1420 5588 tradita
1449 5536 1460 5570 :
1490 5507 1636 5588 quod
1665 5507 1870 5580 malum

318 5589 346 5626 a
383 5579 539 5634 nobis
572 5594 866 5653 nostraque
902 5586 1305 5652 sitvoluntate;
1343 5579 1548 5645 bonum
1587 5601 1777 5660 autem
1813 5579 1868 5652 in

1983 4520 2246 4588 deditam,
2273 4540 2394 4594 qua:
2423 4529 2813 4584 exsistentibus
2843 4532 2897 4584 in
2928 4533 3090 4586 rebus
3128 4535 3450 4593 notionibus
3485 4557 3552 4596 ac

1985 4616 2431 4683 spcculabilibus,
2482 4621 2703 4690 suisque
2745 4622 2859 4692 ipsa
2903 4626 3144 4681 motibus
3192 4628 3545 4693 dominetur,

1985 4703 2282 4761 infecundo
2317 4709 2433 4763 vitii
2474 4726 2538 4765 ac
2571 4713 2790 4768 malitiae
2825 4715 3014 4770 habitu
3063 4719 3346 4786 praeditam
3377 4736 3498 4775 esse
3531 4739 3546 4774 :

1983 4795 2256 4863 ejusmodi
2278 4799 2490 4854 scilicet
2525 4802 2735 4866 habitu,
2792 4805 2886 4872 qui
2933 4821 3035 4859 nec
3089 4807 3280 4860 vitium
3321 4823 3385 4863 ac
3430 4826 3549 4866 ma-

1979 4883 2154 4939 litiam
2200 4889 2429 4943 omnino
2477 4893 2774 4962 concipiat,
2834 4910 3014 4964 neque
3067 4897 3280 4964 pariat:
3314 4915 3422 4968 quo
3465 4901 3552 4955 in-

1979 4983 2267 5044 structam,
2293 4981 2424 5035 ferri
2455 4997 2574 5038 eam
2601 4985 2760 5039 decet
2784 4995 2945 5056 atque
2971 4989 3178 5043 moveri
3211 4991 3275 5044 ad
3305 5001 3552 5048 contem-

1979 5067 2313 5138 plationem;
2341 5089 2410 5128 ne
2433 5073 2573 5128 forte
2587 5075 2716 5129 dum
2743 5077 2972 5146 spiritali
2994 5095 3178 5136 rerum
3217 5083 3547 5154 inspectioni

1986 5399 2096 5444 tota
2109 5391 2528 5473 ‘sualatitudine
2547 5395 2827 5473 abstrahat
2843 5400 2992 5456 abeo
3012 5401 3155 5471 quod
3174 5410 3254 5458 est
3278 5401 3543 5473 eaapisse;

1979 5461 2134 5542 quod.
2163 5461 2471 5542 sit‘lionum
2502 5475 2724 5542 natura,
2752 5468 2928 5542 ipsum
2975 5461 3238 5527 aeternum
3269 5461 3543 5542 Detisque;

1971 5529 2212 5611 lnsipide
2246 5529 2434 5611 Picus
2458 5541 2515 5586 et
2555 5529 2916 5609 ἀφιλοσόφως,
2954 5541 3158 5596 malum
3190 5529 3544 5611 coarctatam,

1967 5599 2160 5653 bonum
2191 5615 2292 5653 non
2322 5599 2607 5658 arctalum,
