  <div class='ocr_page' id='page_1' title='image "/cluster/home/n/w/nwhite01/storage/ocr_20150623/90/hvd.32044073502197/649.png"; bbox 0 0 4094 6204; ppageno 0'>
   <div class='ocr_carea' id='block_1_1' title="bbox 569 215 700 280">
    <p class='ocr_par' dir='ltr' id='par_1_1' title="bbox 569 215 700 280">
     <span class='ocr_line' id='line_1_1' title="bbox 569 215 700 280; baseline -0.015 0"><span class='ocrx_word' id='word_1_1' title='bbox 569 215 700 280; x_wconf 70' lang='grc'><strong>1237</strong></span> 
     </span>
    </p>
   </div>
   <div class='ocr_carea' id='block_1_2' title="bbox 1732 185 2662 260">
    <p class='ocr_par' dir='ltr' id='par_1_2' title="bbox 1732 185 2662 260">
     <span class='ocr_line' id='line_1_2' title="bbox 1732 185 2662 260; baseline -0.014 0"><span class='ocrx_word' id='word_1_2' title='bbox 1732 200 1792 260; x_wconf 91' lang='lat' dir='ltr'><strong>S.</strong></span> <span class='ocrx_word' id='word_1_3' title='bbox 1832 195 2118 259; x_wconf 84' lang='lat' dir='ltr'><strong>MAXIMI</strong></span> <span class='ocrx_word' id='word_1_4' title='bbox 2152 185 2662 255; x_wconf 73' lang='lat' dir='ltr'><strong>CONFESSORIS</strong></span> 
     </span>
    </p>
   </div>
   <div class='ocr_carea' id='block_1_3' title="bbox 3683 171 3834 237">
    <p class='ocr_par' dir='ltr' id='par_1_3' title="bbox 3683 171 3834 237">
     <span class='ocr_line' id='line_1_3' title="bbox 3683 171 3834 237; baseline 0.007 -1"><span class='ocrx_word' id='word_1_5' title='bbox 3683 171 3834 237; x_wconf 75' lang='lat'><strong>1288</strong></span> 
     </span>
    </p>
   </div>
   <div class='ocr_carea' id='block_1_4' title="bbox 567 285 2161 398">
    <p class='ocr_par' dir='ltr' id='par_1_4' title="bbox 567 309 2144 398">
     <span class='ocr_line' id='line_1_4' title="bbox 567 309 2144 398; baseline -0.013 -15"><span class='ocrx_word' id='word_1_6' title='bbox 567 322 927 398; x_wconf 77' lang='lat' dir='ltr'><strong>impenditur,</strong></span> <span class='ocrx_word' id='word_1_7' title='bbox 955 315 1275 390; x_wconf 83' lang='lat' dir='ltr'><strong>imprudens</strong></span> <span class='ocrx_word' id='word_1_8' title='bbox 1317 315 1374 371; x_wconf 92' lang='lat' dir='ltr'><strong>in</strong></span> <span class='ocrx_word' id='word_1_9' title='bbox 1417 311 1736 384; x_wconf 83' lang='lat' dir='ltr'><strong>quempiam</strong></span> <span class='ocrx_word' id='word_1_10' title='bbox 1773 309 2144 380; x_wconf 88' lang='lat' dir='ltr'><strong>nequissimo-</strong></span> 
     </span>
    </p>
   </div>
   <div class='ocr_carea' id='block_1_5' title="bbox 2263 285 3836 398">
    <p class='ocr_par' dir='ltr' id='par_1_5' title="bbox 2263 285 3836 375">
     <span class='ocr_line' id='line_1_5' title="bbox 2263 285 3836 375; baseline -0.013 -17"><span class='ocrx_word' id='word_1_11' title='bbox 2263 303 2505 375; x_wconf 74' lang='grc' dir='ltr'>ττονηρῶν</span> <span class='ocrx_word' id='word_1_12' title='bbox 2554 299 2902 372; x_wconf 77' lang='grc' dir='ltr'><strong>πνευμάτων,</strong></span> <span class='ocrx_word' id='word_1_13' title='bbox 2936 294 3035 368; x_wconf 80' lang='grc' dir='ltr'>τὴν</span> <span class='ocrx_word' id='word_1_14' title='bbox 3067 293 3244 365; x_wconf 69' lang='grc' dir='ltr'>ἁγνὴν</span> <span class='ocrx_word' id='word_1_15' title='bbox 3291 289 3385 361; x_wconf 81' lang='grc' dir='ltr'>τῆς</span> <span class='ocrx_word' id='word_1_16' title='bbox 3442 285 3673 359; x_wconf 76' lang='grc' dir='ltr'>καρδίας</span> <span class='ocrx_word' id='word_1_17' title='bbox 3705 287 3836 341; x_wconf 77' lang='grc' dir='ltr'>διά-</span> 
     </span>
    </p>
   </div>
   <div class='ocr_carea' id='block_1_6' title="bbox 566 404 2144 487">
    <p class='ocr_par' dir='ltr' id='par_1_6' title="bbox 566 404 2144 487">
     <span class='ocr_line' id='line_1_6' title="bbox 566 404 2144 487; baseline -0.012 -13"><span class='ocrx_word' id='word_1_18' title='bbox 566 433 692 473; x_wconf 89' lang='lat' dir='ltr'><strong>rum</strong></span> <span class='ocrx_word' id='word_1_19' title='bbox 726 416 1019 487; x_wconf 75' lang='lat' dir='ltr'><strong>spirituum</strong></span> <span class='ocrx_word' id='word_1_20' title='bbox 1045 409 1269 473; x_wconf 81' lang='lat' dir='ltr'><strong>incidat,</strong></span> <span class='ocrx_word' id='word_1_21' title='bbox 1307 407 1402 478; x_wconf 89' lang='lat' dir='ltr'><strong>qui</strong></span> <span class='ocrx_word' id='word_1_22' title='bbox 1428 406 1612 476; x_wconf 89' lang='lat' dir='ltr'><strong>aliquo</strong></span> <span class='ocrx_word' id='word_1_23' title='bbox 1637 404 1924 460; x_wconf 88' lang='lat' dir='ltr'><strong>sensilium</strong></span> <span class='ocrx_word' id='word_1_24' title='bbox 1957 417 2144 457; x_wconf 88' lang='lat' dir='ltr'><strong>rerum</strong></span> 
     </span>
    </p>
   </div>
   <div class='ocr_carea' id='block_1_7' title="bbox 569 499 2146 572">
    <p class='ocr_par' dir='ltr' id='par_1_7' title="bbox 569 499 2146 572">
     <span class='ocr_line' id='line_1_7' title="bbox 569 499 2146 572; baseline -0.011 -6"><span class='ocrx_word' id='word_1_25' title='bbox 569 511 790 566; x_wconf 88' lang='lat' dir='ltr'><strong>incursu</strong></span> <span class='ocrx_word' id='word_1_26' title='bbox 811 547 825 572; x_wconf 93' lang='lat'><strong>,</strong></span> <span class='ocrx_word' id='word_1_27' title='bbox 851 513 1058 561; x_wconf 89' lang='lat' dir='ltr'><strong>castam</strong></span> <span class='ocrx_word' id='word_1_28' title='bbox 1089 501 1278 557; x_wconf 85' lang='lat' dir='ltr'><strong>cordis</strong></span> <span class='ocrx_word' id='word_1_29' title='bbox 1327 499 1731 570; x_wconf 86' lang='lat' dir='ltr'><strong>dispectionem</strong></span> <span class='ocrx_word' id='word_1_30' title='bbox 1778 509 2146 564; x_wconf 86' lang='lat' dir='ltr'><strong>corrumpere</strong></span> 
     </span>
    </p>
   </div>
   <div class='ocr_carea' id='block_1_8' title="bbox 566 599 793 655">
    <p class='ocr_par' dir='ltr' id='par_1_8' title="bbox 566 599 793 655">
     <span class='ocr_line' id='line_1_8' title="bbox 566 599 793 655; baseline -0.022 0"><span class='ocrx_word' id='word_1_31' title='bbox 566 599 793 655; x_wconf 76' lang='lat' dir='ltr'><strong>soleant.</strong></span> 
     </span>
    </p>
   </div>
   <div class='ocr_carea' id='block_1_9' title="bbox 639 677 2146 754">
    <p class='ocr_par' dir='ltr' id='par_1_9' title="bbox 639 677 2146 754">
     <span class='ocr_line' id='line_1_9' title="bbox 639 677 2146 754; baseline -0.009 -10"><span class='ocrx_word' id='word_1_32' title='bbox 639 691 727 745; x_wconf 83' lang='lat'><strong>59.</strong></span> <span class='ocrx_word' id='word_1_33' title='bbox 783 686 886 754; x_wconf 86' lang='lat' dir='ltr'><strong>Qui</strong></span> <span class='ocrx_word' id='word_1_34' title='bbox 939 683 1166 739; x_wconf 88' lang='lat' dir='ltr'><strong>virtutis</strong></span> <span class='ocrx_word' id='word_1_35' title='bbox 1214 691 1311 737; x_wconf 92' lang='lat' dir='ltr'><strong>aut</strong></span> <span class='ocrx_word' id='word_1_36' title='bbox 1367 681 1614 738; x_wconf 64' lang='lat' dir='ltr'><strong>scientiae</strong></span> <span class='ocrx_word' id='word_1_37' title='bbox 1660 681 1907 744; x_wconf 89' lang='lat' dir='ltr'><strong>nomine,</strong></span> <span class='ocrx_word' id='word_1_38' title='bbox 1963 677 2146 732; x_wconf 88' lang='lat' dir='ltr'><strong>inanis</strong></span> 
     </span>
    </p>
   </div>
   <div class='ocr_carea' id='block_1_10' title="bbox 567 768 2144 853">
    <p class='ocr_par' dir='ltr' id='par_1_10' title="bbox 567 768 2144 853">
     <span class='ocr_line' id='line_1_10' title="bbox 567 768 2144 853; baseline -0.008 -17"><span class='ocrx_word' id='word_1_39' title='bbox 567 781 754 853; x_wconf 74' lang='lat' dir='ltr'><strong>gloria:</strong></span> <span class='ocrx_word' id='word_1_40' title='bbox 783 777 975 834; x_wconf 87' lang='lat' dir='ltr'><strong>aculeo</strong></span> <span class='ocrx_word' id='word_1_41' title='bbox 1002 777 1116 830; x_wconf 91' lang='lat' dir='ltr'><strong>ullo</strong></span> <span class='ocrx_word' id='word_1_42' title='bbox 1153 776 1478 830; x_wconf 76' lang='lat' dir='ltr'><strong>vulneratus</strong></span> <span class='ocrx_word' id='word_1_43' title='bbox 1519 783 1626 839; x_wconf 88' lang='lat' dir='ltr'><strong>est,</strong></span> <span class='ocrx_word' id='word_1_44' title='bbox 1678 771 1938 828; x_wconf 75' lang='lat' dir='ltr'><strong>elationis</strong></span> <span class='ocrx_word' id='word_1_45' title='bbox 1975 768 2144 824; x_wconf 89' lang='lat' dir='ltr'><strong>animi</strong></span> 
     </span>
    </p>
   </div>
   <div class='ocr_carea' id='block_1_11' title="bbox 567 867 2146 938">
    <p class='ocr_par' dir='ltr' id='par_1_11' title="bbox 567 867 2146 938">
     <span class='ocr_line' id='line_1_11' title="bbox 567 867 2146 938; baseline -0.01 -6"><span class='ocrx_word' id='word_1_46' title='bbox 567 892 804 938; x_wconf 88' lang='lat' dir='ltr'><strong>comam,</strong></span> <span class='ocrx_word' id='word_1_47' title='bbox 833 875 1008 928; x_wconf 84' lang='lat' dir='ltr'><strong>instar</strong></span> <span class='ocrx_word' id='word_1_48' title='bbox 1031 871 1344 933; x_wconf 76' lang='lat' dir='ltr'><strong>Absalonis,</strong></span> <span class='ocrx_word' id='word_1_49' title='bbox 1380 870 1546 924; x_wconf 87' lang='lat' dir='ltr'><strong>stulte</strong></span> <span class='ocrx_word' id='word_1_50' title='bbox 1609 868 1864 923; x_wconf 88' lang='lat' dir='ltr'><strong>nutriens</strong></span> <span class='ocrx_word' id='word_1_51' title='bbox 1892 867 1974 931; x_wconf 80' lang='grc'><strong>⁹¹;</strong></span> <span class='ocrx_word' id='word_1_52' title='bbox 2027 869 2146 917; x_wconf 88' lang='lat' dir='ltr'><strong>arte</strong></span> 
     </span>
    </p>
   </div>
   <div class='ocr_carea' id='block_1_12' title="bbox 569 960 2148 1033">
    <p class='ocr_par' dir='ltr' id='par_1_12' title="bbox 569 960 2148 1033">
     <span class='ocr_line' id='line_1_12' title="bbox 569 960 2148 1033; baseline -0.008 -9"><span class='ocrx_word' id='word_1_53' title='bbox 569 970 806 1024; x_wconf 78' lang='lat' dir='ltr'><strong>fucatam</strong></span> <span class='ocrx_word' id='word_1_54' title='bbox 833 965 1164 1033; x_wconf 87' lang='lat' dir='ltr'><strong>mistamque</strong></span> <span class='ocrx_word' id='word_1_55' title='bbox 1204 962 1354 1016; x_wconf 82' lang='lat' dir='ltr'><strong>velut</strong></span> <span class='ocrx_word' id='word_1_56' title='bbox 1386 960 1619 1024; x_wconf 87' lang='lat' dir='ltr'><strong>mulum,</strong></span> <span class='ocrx_word' id='word_1_57' title='bbox 1669 975 1776 1030; x_wconf 84' lang='lat' dir='ltr'><strong>qua</strong></span> <span class='ocrx_word' id='word_1_58' title='bbox 1809 965 2148 1029; x_wconf 84' lang='lat' dir='ltr'><strong>spectatores</strong></span> 
     </span>
    </p>
   </div>
   <div class='ocr_carea' id='block_1_13' title="bbox 569 1053 2148 1126">
    <p class='ocr_par' dir='ltr' id='par_1_13' title="bbox 569 1053 2148 1126">
     <span class='ocr_line' id='line_1_13' title="bbox 569 1053 2148 1126; baseline -0.009 -8"><span class='ocrx_word' id='word_1_59' title='bbox 569 1063 816 1126; x_wconf 88' lang='lat' dir='ltr'><strong>seducat,</strong></span> <span class='ocrx_word' id='word_1_60' title='bbox 831 1059 1092 1113; x_wconf 85' lang='lat' dir='ltr'><strong>moralem</strong></span> <span class='ocrx_word' id='word_1_61' title='bbox 1107 1063 1348 1110; x_wconf 82' lang='lat' dir='ltr'><strong>ostentat</strong></span> <span class='ocrx_word' id='word_1_62' title='bbox 1365 1053 1718 1124; x_wconf 90' lang='lat' dir='ltr'><strong>disciplinam</strong></span> <span class='ocrx_word' id='word_1_63' title='bbox 1756 1069 1770 1104; x_wconf 87' lang='lat'><strong>:</strong></span> <span class='ocrx_word' id='word_1_64' title='bbox 1803 1067 1910 1120; x_wconf 87' lang='lat' dir='ltr'><strong>qua</strong></span> <span class='ocrx_word' id='word_1_65' title='bbox 1931 1057 2148 1104; x_wconf 88' lang='lat' dir='ltr'><strong>tumens</strong></span> 
     </span>
    </p>
   </div>
   <div class='ocr_carea' id='block_1_14' title="bbox 569 1140 2148 1224">
    <p class='ocr_par' dir='ltr' id='par_1_14' title="bbox 569 1140 2148 1224">
     <span class='ocr_line' id='line_1_14' title="bbox 569 1140 2148 1224; baseline -0.01 -14"><span class='ocrx_word' id='word_1_66' title='bbox 569 1164 734 1224; x_wconf 91' lang='lat' dir='ltr'><strong>atque</strong></span> <span class='ocrx_word' id='word_1_67' title='bbox 756 1151 996 1214; x_wconf 88' lang='lat' dir='ltr'><strong>inflatus,</strong></span> <span class='ocrx_word' id='word_1_68' title='bbox 1031 1149 1150 1204; x_wconf 88' lang='lat' dir='ltr'><strong>fore</strong></span> <span class='ocrx_word' id='word_1_69' title='bbox 1180 1148 1483 1212; x_wconf 79' lang='lat' dir='ltr'><strong>existimat,</strong></span> <span class='ocrx_word' id='word_1_70' title='bbox 1513 1156 1576 1200; x_wconf 91' lang='lat' dir='ltr'><strong>ut</strong></span> <span class='ocrx_word' id='word_1_71' title='bbox 1598 1145 1694 1215; x_wconf 91' lang='lat' dir='ltr'><strong>qui</strong></span> <span class='ocrx_word' id='word_1_72' title='bbox 1714 1142 1970 1198; x_wconf 87' lang='lat' dir='ltr'><strong>doctrina</strong></span> <span class='ocrx_word' id='word_1_73' title='bbox 1990 1140 2148 1195; x_wconf 87' lang='lat' dir='ltr'><strong>verbi</strong></span> 
     </span>
    </p>
   </div>
   <div class='ocr_carea' id='block_1_15' title="bbox 569 1237 2145 1317">
    <p class='ocr_par' dir='ltr' id='par_1_15' title="bbox 569 1237 2145 1317">
     <span class='ocr_line' id='line_1_15' title="bbox 569 1237 2145 1317; baseline -0.01 -16"><span class='ocrx_word' id='word_1_74' title='bbox 569 1246 782 1317; x_wconf 79' lang='lat' dir='ltr'><strong>genuit,</strong></span> <span class='ocrx_word' id='word_1_75' title='bbox 819 1249 1103 1312; x_wconf 90' lang='lat' dir='ltr'><strong>parentem</strong></span> <span class='ocrx_word' id='word_1_76' title='bbox 1153 1239 1414 1309; x_wconf 76' lang='lat' dir='ltr'><strong>subigat;</strong></span> <span class='ocrx_word' id='word_1_77' title='bbox 1462 1237 1569 1291; x_wconf 90' lang='lat' dir='ltr'><strong>hoc</strong></span> <span class='ocrx_word' id='word_1_78' title='bbox 1622 1249 1822 1303; x_wconf 89' lang='lat' dir='ltr'><strong>nempe</strong></span> <span class='ocrx_word' id='word_1_79' title='bbox 1867 1241 2145 1302; x_wconf 79' lang='lat' dir='ltr'><strong>satagens,</strong></span> 
     </span>
    </p>
   </div>
   <div class='ocr_carea' id='block_1_16' title="bbox 570 1325 2152 1392">
    <p class='ocr_par' dir='ltr' id='par_1_16' title="bbox 570 1325 2152 1392">
     <span class='ocr_line' id='line_1_16' title="bbox 570 1325 2152 1392; baseline -0.01 0"><span class='ocrx_word' id='word_1_80' title='bbox 570 1344 633 1392; x_wconf 90' lang='lat' dir='ltr'><strong>ut</strong></span> <span class='ocrx_word' id='word_1_81' title='bbox 671 1341 890 1389; x_wconf 82' lang='lat' dir='ltr'><strong>omnem</strong></span> <span class='ocrx_word' id='word_1_82' title='bbox 939 1332 1163 1386; x_wconf 86' lang='lat' dir='ltr'><strong>virtutis</strong></span> <span class='ocrx_word' id='word_1_83' title='bbox 1217 1345 1282 1385; x_wconf 92' lang='lat' dir='ltr'><strong>ac</strong></span> <span class='ocrx_word' id='word_1_84' title='bbox 1320 1328 1567 1384; x_wconf 74' lang='lat' dir='ltr'><strong>scientia:</strong></span> <span class='ocrx_word' id='word_1_85' title='bbox 1621 1325 1932 1381; x_wconf 89' lang='lat' dir='ltr'><strong>claritatem</strong></span> <span class='ocrx_word' id='word_1_86' title='bbox 1969 1363 1984 1386; x_wconf 93' lang='lat'><strong>,</strong></span> <span class='ocrx_word' id='word_1_87' title='bbox 2029 1337 2152 1392; x_wconf 79' lang='lat' dir='ltr'><strong>quae</strong></span> 
     </span>
    </p>
   </div>
   <div class='ocr_carea' id='block_1_17' title="bbox 570 1414 2152 1492">
    <p class='ocr_par' dir='ltr' id='par_1_17' title="bbox 570 1414 2152 1492">
     <span class='ocr_line' id='line_1_17' title="bbox 570 1414 2152 1492; baseline -0.011 -10"><span class='ocrx_word' id='word_1_88' title='bbox 570 1427 759 1482; x_wconf 82' lang='lat' dir='ltr'><strong>divino</strong></span> <span class='ocrx_word' id='word_1_89' title='bbox 791 1440 1020 1479; x_wconf 87' lang='lat' dir='ltr'><strong>munere</strong></span> <span class='ocrx_word' id='word_1_90' title='bbox 1043 1420 1186 1492; x_wconf 87' lang='lat' dir='ltr'><strong>patri</strong></span> <span class='ocrx_word' id='word_1_91' title='bbox 1219 1419 1482 1490; x_wconf 90' lang='lat' dir='ltr'><strong>suppetit,</strong></span> <span class='ocrx_word' id='word_1_92' title='bbox 1516 1419 1573 1472; x_wconf 89' lang='lat' dir='ltr'><strong>in</strong></span> <span class='ocrx_word' id='word_1_93' title='bbox 1619 1431 1678 1472; x_wconf 85' lang='lat' dir='ltr'><strong>se</strong></span> <span class='ocrx_word' id='word_1_94' title='bbox 1713 1417 1829 1485; x_wconf 89' lang='lat' dir='ltr'><strong>ipse</strong></span> <span class='ocrx_word' id='word_1_95' title='bbox 1872 1414 2027 1467; x_wconf 88' lang='lat' dir='ltr'><strong>velut</strong></span> <span class='ocrx_word' id='word_1_96' title='bbox 2055 1427 2152 1466; x_wconf 91' lang='lat' dir='ltr'><strong>su-</strong></span> 
     </span>
    </p>
   </div>
   <div class='ocr_carea' id='block_1_18' title="bbox 569 1501 2151 1590">
    <p class='ocr_par' dir='ltr' id='par_1_18' title="bbox 569 1501 2151 1590">
     <span class='ocr_line' id='line_1_18' title="bbox 569 1501 2151 1590; baseline -0.012 -16"><span class='ocrx_word' id='word_1_97' title='bbox 569 1519 774 1590; x_wconf 88' lang='lat' dir='ltr'><strong>perbus</strong></span> <span class='ocrx_word' id='word_1_98' title='bbox 807 1514 1088 1588; x_wconf 80' lang='lat' dir='ltr'><strong>tyrannice</strong></span> <span class='ocrx_word' id='word_1_99' title='bbox 1120 1511 1435 1567; x_wconf 87' lang='lat' dir='ltr'><strong>transferat.</strong></span> <span class='ocrx_word' id='word_1_100' title='bbox 1460 1510 1682 1590; x_wconf 81' lang='lat' dir='ltr'><strong>_Verum</strong></span> <span class='ocrx_word' id='word_1_101' title='bbox 1749 1506 1841 1560; x_wconf 88' lang='lat' dir='ltr'><strong>hic</strong></span> <span class='ocrx_word' id='word_1_102' title='bbox 1876 1504 2002 1559; x_wconf 89' lang='lat' dir='ltr'><strong>talis</strong></span> <span class='ocrx_word' id='word_1_103' title='bbox 2025 1543 2040 1568; x_wconf 90' lang='lat'><strong>,</strong></span> <span class='ocrx_word' id='word_1_104' title='bbox 2083 1501 2151 1556; x_wconf 90' lang='lat' dir='ltr'><strong>ad</strong></span> 
     </span>
    </p>
   </div>
   <div class='ocr_carea' id='block_1_19' title="bbox 566 1586 2153 1676">
    <p class='ocr_par' dir='ltr' id='par_1_19' title="bbox 566 1586 2153 1676">
     <span class='ocr_line' id='line_1_19' title="bbox 566 1586 2153 1676; baseline -0.01 -12"><span class='ocrx_word' id='word_1_105' title='bbox 566 1586 841 1664; x_wconf 70' lang='lat' dir='ltr'><strong>naturalis</strong></span> <span class='ocrx_word' id='word_1_106' title='bbox 870 1607 928 1661; x_wconf 83' lang='lat' dir='ltr'><strong>in</strong></span> <span class='ocrx_word' id='word_1_107' title='bbox 964 1605 1163 1676; x_wconf 86' lang='lat' dir='ltr'><strong>spiritu</strong></span> <span class='ocrx_word' id='word_1_108' title='bbox 1188 1586 1584 1673; x_wconf 81' lang='lat' dir='ltr'><strong>speculationis</strong></span> <span class='ocrx_word' id='word_1_109' title='bbox 1610 1599 1724 1654; x_wconf 89' lang='lat' dir='ltr'><strong>lata</strong></span> <span class='ocrx_word' id='word_1_110' title='bbox 1756 1610 2038 1667; x_wconf 80' lang='lat' dir='ltr'><strong>egressus,</strong></span> <span class='ocrx_word' id='word_1_111' title='bbox 2082 1593 2153 1648; x_wconf 91' lang='lat' dir='ltr'><strong>ad</strong></span> 
     </span>
    </p>
   </div>
   <div class='ocr_carea' id='block_1_20' title="bbox 2248 395 2462 466">
    <p class='ocr_par' dir='ltr' id='par_1_20' title="bbox 2248 395 2462 466">
     <span class='ocr_line' id='line_1_20' title="bbox 2248 395 2462 466; baseline -0.005 -16"><span class='ocrx_word' id='word_1_112' title='bbox 2248 395 2462 466; x_wconf 73' lang='grc' dir='ltr'>σκεψιν.</span> 
     </span>
    </p>
   </div>
   <div class='ocr_carea' id='block_1_21' title="bbox 2317 648 3840 733">
    <p class='ocr_par' dir='ltr' id='par_1_21' title="bbox 2317 648 3840 733">
     <span class='ocr_line' id='line_1_21' title="bbox 2317 648 3840 733; baseline -0.016 -13"><span class='ocrx_word' id='word_1_113' title='bbox 2317 665 2414 720; x_wconf 82' lang='grc' dir='ltr'><strong>νϐ’.</strong></span> <span class='ocrx_word' id='word_1_114' title='bbox 2453 666 2511 718; x_wconf 86' lang='lat'><strong>&#39;0</strong></span> <span class='ocrx_word' id='word_1_115' title='bbox 2564 660 2842 733; x_wconf 72' lang='grc' dir='ltr'>κενοδοξία</span> <span class='ocrx_word' id='word_1_116' title='bbox 2890 658 3018 722; x_wconf 73' lang='grc' dir='ltr'>τινὶ,</span> <span class='ocrx_word' id='word_1_117' title='bbox 3051 656 3117 709; x_wconf 79' lang='grc' dir='ltr'>δι’</span> <span class='ocrx_word' id='word_1_118' title='bbox 3159 652 3359 722; x_wconf 79' lang='grc' dir='ltr'>ἀρετὴν</span> <span class='ocrx_word' id='word_1_119' title='bbox 3389 652 3421 721; x_wconf 76' lang='grc' dir='ltr'>ἢ</span> <span class='ocrx_word' id='word_1_120' title='bbox 3455 648 3658 718; x_wconf 88' lang='grc' dir='ltr'>γνῶσιν</span> <span class='ocrx_word' id='word_1_121' title='bbox 3683 660 3840 715; x_wconf 72' lang='grc' dir='ltr'>τρωο</span> 
     </span>
    </p>
   </div>
   <div class='ocr_carea' id='block_1_22' title="bbox 2247 737 3841 827">
    <p class='ocr_par' dir='ltr' id='par_1_22' title="bbox 2247 737 3841 827">
     <span class='ocr_line' id='line_1_22' title="bbox 2247 737 3841 827; baseline -0.016 -13"><span class='ocrx_word' id='word_1_122' title='bbox 2247 760 2383 825; x_wconf 70' lang='grc' dir='ltr'>θεὶς,</span> <span class='ocrx_word' id='word_1_123' title='bbox 2414 758 2512 827; x_wconf 78' lang='grc' dir='ltr'><strong>τὴν</strong></span> <span class='ocrx_word' id='word_1_124' title='bbox 2538 757 2714 827; x_wconf 83' lang='grc' dir='ltr'><strong>κόμην</strong></span> <span class='ocrx_word' id='word_1_125' title='bbox 2747 752 2994 824; x_wconf 80' lang='grc' dir='ltr'><strong>ματαίως</strong></span> <span class='ocrx_word' id='word_1_126' title='bbox 3028 749 3356 819; x_wconf 83' lang='grc' dir='ltr'>διατρέφων,</span> <span class='ocrx_word' id='word_1_127' title='bbox 3387 741 3639 810; x_wconf 85' lang='grc' dir='ltr'>καθάπερ</span> <span class='ocrx_word' id='word_1_128' title='bbox 3665 737 3841 792; x_wconf 61' lang='grc' dir='ltr'><strong>’Ᾱσεα</strong></span> 
     </span>
    </p>
   </div>
   <div class='ocr_carea' id='block_1_23' title="bbox 2250 832 3843 918">
    <p class='ocr_par' dir='ltr' id='par_1_23' title="bbox 2250 832 3843 918">
     <span class='ocr_line' id='line_1_23' title="bbox 2250 832 3843 918; baseline -0.014 -14"><span class='ocrx_word' id='word_1_129' title='bbox 2250 849 2446 915; x_wconf 87' lang='grc' dir='ltr'>σαλὼν,</span> <span class='ocrx_word' id='word_1_130' title='bbox 2483 848 2582 918; x_wconf 85' lang='grc' dir='ltr'>τῆς</span> <span class='ocrx_word' id='word_1_131' title='bbox 2617 849 2867 917; x_wconf 73' lang='grc' dir='ltr'>οἰήσεως,</span> <span class='ocrx_word' id='word_1_132' title='bbox 2900 837 3434 910; x_wconf 77' lang='grc' dir='ltr'>ὲπιτετεχνασμένην</span> <span class='ocrx_word' id='word_1_133' title='bbox 3483 851 3541 887; x_wconf 86' lang='grc' dir='ltr'><strong>τε</strong></span> <span class='ocrx_word' id='word_1_134' title='bbox 3601 832 3701 886; x_wconf 64' lang='grc' dir='ltr'><strong>καὶ⁵</strong></span> <span class='ocrx_word' id='word_1_135' title='bbox 3742 847 3843 902; x_wconf 80' lang='grc' dir='ltr'>μι-</span> 
     </span>
    </p>
   </div>
   <div class='ocr_carea' id='block_1_24' title="bbox 2251 924 3843 1010">
    <p class='ocr_par' dir='ltr' id='par_1_24' title="bbox 2251 924 3843 1010">
     <span class='ocr_line' id='line_1_24' title="bbox 2251 924 3843 1010; baseline -0.013 -16"><span class='ocrx_word' id='word_1_136' title='bbox 2251 942 2388 1010; x_wconf 78' lang='grc' dir='ltr'>κτὴν</span> <span class='ocrx_word' id='word_1_137' title='bbox 2409 941 2600 1009; x_wconf 83' lang='grc' dir='ltr'>ὥσπερ</span> <span class='ocrx_word' id='word_1_138' title='bbox 2622 939 2846 1009; x_wconf 76' lang='grc' dir='ltr'><strong>ἡμίονον</strong></span> <span class='ocrx_word' id='word_1_139' title='bbox 2861 936 2997 1006; x_wconf 75' lang='grc' dir='ltr'>πρὸς</span> <span class='ocrx_word' id='word_1_140' title='bbox 3022 932 3242 1003; x_wconf 77' lang='grc' dir='ltr'>ἀπάτην</span> <span class='ocrx_word' id='word_1_141' title='bbox 3267 929 3376 982; x_wconf 91' lang='grc' dir='ltr'><strong>τῶν</strong></span> <span class='ocrx_word' id='word_1_142' title='bbox 3393 925 3709 996; x_wconf 79' lang='grc' dir='ltr'><strong>θεωμένων,</strong></span> <span class='ocrx_word' id='word_1_143' title='bbox 3735 924 3843 995; x_wconf 71' lang='grc' dir='ltr'>τὴν</span> 
     </span>
    </p>
   </div>
   <div class='ocr_carea' id='block_1_25' title="bbox 2249 1013 3844 1104">
    <p class='ocr_par' dir='ltr' id='par_1_25' title="bbox 2249 1013 3844 1104">
     <span class='ocr_line' id='line_1_25' title="bbox 2249 1013 3844 1104; baseline -0.014 -16"><span class='ocrx_word' id='word_1_144' title='bbox 2249 1033 2449 1104; x_wconf 73' lang='grc' dir='ltr'>ἠθικὴν</span> <span class='ocrx_word' id='word_1_145' title='bbox 2499 1030 2867 1084; x_wconf 70' lang='grc' dir='ltr'>ἐπιδείκνυται</span> <span class='ocrx_word' id='word_1_146' title='bbox 2919 1023 3231 1078; x_wconf 81' lang='grc' dir='ltr'><strong>πολιτείαν·</strong></span> <span class='ocrx_word' id='word_1_147' title='bbox 3273 1021 3359 1088; x_wconf 81' lang='grc' dir='ltr'><strong>ἐφ’</strong></span> <span class='ocrx_word' id='word_1_148' title='bbox 3410 1013 3478 1090; x_wconf 77' lang='grc' dir='ltr'>ἧς</span> <span class='ocrx_word' id='word_1_149' title='bbox 3523 1015 3844 1088; x_wconf 74' lang='grc' dir='ltr'>αἰωρούμε-</span> 
     </span>
    </p>
   </div>
   <div class='ocr_carea' id='block_1_26' title="bbox 2251 1107 3843 1191">
    <p class='ocr_par' dir='ltr' id='par_1_26' title="bbox 2251 1107 3843 1191">
     <span class='ocr_line' id='line_1_26' title="bbox 2251 1107 3843 1191; baseline -0.012 -12"><span class='ocrx_word' id='word_1_150' title='bbox 2251 1143 2363 1191; x_wconf 87' lang='grc' dir='ltr'>νος,</span> <span class='ocrx_word' id='word_1_151' title='bbox 2395 1124 2568 1177; x_wconf 80' lang='grc' dir='ltr'>οίεται</span> <span class='ocrx_word' id='word_1_152' title='bbox 2598 1121 2692 1176; x_wconf 80' lang='grc' dir='ltr'><strong>τὸν</strong></span> <span class='ocrx_word' id='word_1_153' title='bbox 2735 1120 3081 1191; x_wconf 80' lang='grc' dir='ltr'>γεννήσαντα</span> <span class='ocrx_word' id='word_1_154' title='bbox 3105 1116 3193 1170; x_wconf 75' lang='grc' dir='ltr'>διὰ</span> <span class='ocrx_word' id='word_1_155' title='bbox 3222 1115 3322 1184; x_wconf 78' lang='grc' dir='ltr'>τῆς</span> <span class='ocrx_word' id='word_1_156' title='bbox 3347 1110 3703 1173; x_wconf 78' lang='grc' dir='ltr'>διδασκαλίας</span> <span class='ocrx_word' id='word_1_157' title='bbox 3742 1107 3843 1161; x_wconf 86' lang='grc' dir='ltr'><strong>τοῦ</strong></span> 
     </span>
    </p>
   </div>
   <div class='ocr_carea' id='block_1_27' title="bbox 2250 1199 3845 1287">
    <p class='ocr_par' dir='ltr' id='par_1_27' title="bbox 2250 1199 3845 1287">
     <span class='ocr_line' id='line_1_27' title="bbox 2250 1199 3845 1287; baseline -0.014 -15"><span class='ocrx_word' id='word_1_158' title='bbox 2250 1219 2411 1287; x_wconf 84' lang='grc' dir='ltr'>λόγου</span> <span class='ocrx_word' id='word_1_159' title='bbox 2461 1215 2677 1286; x_wconf 80' lang='grc' dir='ltr'>πατέρα</span> <span class='ocrx_word' id='word_1_160' title='bbox 2725 1208 3118 1283; x_wconf 77' lang='grc' dir='ltr'><strong>χειρώσασθαι,</strong></span> <span class='ocrx_word' id='word_1_161' title='bbox 3161 1208 3340 1261; x_wconf 76' lang='grc' dir='ltr'>πᾶσαν</span> <span class='ocrx_word' id='word_1_162' title='bbox 3381 1202 3709 1274; x_wconf 85' lang='grc' dir='ltr'>βουλόμενος</span> <span class='ocrx_word' id='word_1_163' title='bbox 3742 1199 3845 1270; x_wconf 69' lang='grc' dir='ltr'>τὴν</span> 
     </span>
    </p>
   </div>
   <div class='ocr_carea' id='block_1_28' title="bbox 2251 1290 3846 1381">
    <p class='ocr_par' dir='ltr' id='par_1_28' title="bbox 2251 1290 3846 1381">
     <span class='ocr_line' id='line_1_28' title="bbox 2251 1290 3846 1381; baseline -0.014 -18"><span class='ocrx_word' id='word_1_164' title='bbox 2251 1309 2331 1381; x_wconf 84' lang='grc' dir='ltr'>τῷ</span> <span class='ocrx_word' id='word_1_165' title='bbox 2360 1309 2531 1376; x_wconf 62' lang='grc' dir='ltr'><strong>πατρὶ⁸</strong></span> <span class='ocrx_word' id='word_1_166' title='bbox 2564 1302 2877 1377; x_wconf 87' lang='grc' dir='ltr'>προσοῦσαν</span> <span class='ocrx_word' id='word_1_167' title='bbox 2917 1300 3105 1355; x_wconf 73' lang='grc' dir='ltr'>θεόθεν</span> <span class='ocrx_word' id='word_1_168' title='bbox 3153 1296 3313 1363; x_wconf 80' lang='grc' dir='ltr'>δόξαν</span> <span class='ocrx_word' id='word_1_169' title='bbox 3357 1295 3456 1366; x_wconf 84' lang='grc' dir='ltr'>τῆς</span> <span class='ocrx_word' id='word_1_170' title='bbox 3501 1290 3846 1364; x_wconf 74' lang='grc' dir='ltr'>ἀρετῆςκαὶ</span> 
     </span>
    </p>
   </div>
   <div class='ocr_carea' id='block_1_29' title="bbox 2252 1384 3847 1474">
    <p class='ocr_par' dir='ltr' id='par_1_29' title="bbox 2252 1384 3847 1474">
     <span class='ocr_line' id='line_1_29' title="bbox 2252 1384 3847 1474; baseline -0.014 -16"><span class='ocrx_word' id='word_1_171' title='bbox 2252 1404 2353 1474; x_wconf 83' lang='grc' dir='ltr'>τῆς</span> <span class='ocrx_word' id='word_1_172' title='bbox 2379 1399 2662 1471; x_wconf 64' lang='grc' dir='ltr'>γνώσεως,</span> <span class='ocrx_word' id='word_1_173' title='bbox 2679 1398 2754 1461; x_wconf 85' lang='grc' dir='ltr'>ὡς</span> <span class='ocrx_word' id='word_1_174' title='bbox 2786 1394 3138 1467; x_wconf 78' lang='grc' dir='ltr'>ὑπερήφανος</span> <span class='ocrx_word' id='word_1_175' title='bbox 3166 1392 3246 1456; x_wconf 85' lang='grc' dir='ltr'><strong>είς</strong></span> <span class='ocrx_word' id='word_1_176' title='bbox 3274 1388 3464 1444; x_wconf 77' lang='grc' dir='ltr'>ἑαυτὸν</span> <span class='ocrx_word' id='word_1_177' title='bbox 3493 1384 3847 1458; x_wconf 79' lang='grc' dir='ltr'>τυραννικῶς</span> 
     </span>
    </p>
   </div>
   <div class='ocr_carea' id='block_1_30' title="bbox 2255 1476 3848 1564">
    <p class='ocr_par' dir='ltr' id='par_1_30' title="bbox 2255 1476 3848 1564">
     <span class='ocr_line' id='line_1_30' title="bbox 2255 1476 3848 1564; baseline -0.013 -16"><span class='ocrx_word' id='word_1_178' title='bbox 2255 1491 2686 1564; x_wconf 82' lang='grc' dir='ltr'>ἐφελκύσασθαι.</span> <span class='ocrx_word' id='word_1_179' title='bbox 2723 1488 2862 1542; x_wconf 82' lang='grc' dir='ltr'>Ἀλλ’</span> <span class='ocrx_word' id='word_1_180' title='bbox 2895 1489 2924 1541; x_wconf 86' lang='grc' dir='ltr'>ὁ</span> <span class='ocrx_word' id='word_1_181' title='bbox 2957 1485 3197 1548; x_wconf 86' lang='grc' dir='ltr'>τοιοῦτος</span> <span class='ocrx_word' id='word_1_182' title='bbox 3237 1479 3468 1548; x_wconf 72' lang='grc' dir='ltr'>ἐξελθὼν</span> <span class='ocrx_word' id='word_1_183' title='bbox 3498 1481 3578 1542; x_wconf 86' lang='grc' dir='ltr'><strong>είς</strong></span> <span class='ocrx_word' id='word_1_184' title='bbox 3607 1478 3671 1530; x_wconf 80' lang='grc' dir='ltr'>τὸ</span> <span class='ocrx_word' id='word_1_185' title='bbox 3699 1476 3848 1529; x_wconf 73' lang='grc' dir='ltr'>πλά-</span> 
     </span>
    </p>
   </div>
   <div class='ocr_carea' id='block_1_31' title="bbox 2256 1567 3850 1653">
    <p class='ocr_par' dir='ltr' id='par_1_31' title="bbox 2256 1567 3850 1653">
     <span class='ocr_line' id='line_1_31' title="bbox 2256 1567 3850 1653; baseline -0.011 -16"><span class='ocrx_word' id='word_1_186' title='bbox 2256 1601 2349 1648; x_wconf 83' lang='grc' dir='ltr'><strong>τος</strong></span> <span class='ocrx_word' id='word_1_187' title='bbox 2392 1583 2490 1653; x_wconf 86' lang='grc' dir='ltr'>τῆς</span> <span class='ocrx_word' id='word_1_188' title='bbox 2525 1584 2584 1635; x_wconf 80' lang='grc' dir='ltr'>ὲν</span> <span class='ocrx_word' id='word_1_189' title='bbox 2621 1580 2898 1649; x_wconf 74' lang='grc' dir='ltr'>πνεύματι</span> <span class='ocrx_word' id='word_1_190' title='bbox 2950 1576 3188 1648; x_wconf 81' lang='grc' dir='ltr'><strong>φυσικῆς</strong></span> <span class='ocrx_word' id='word_1_191' title='bbox 3237 1571 3494 1645; x_wconf 81' lang='grc' dir='ltr'>θεωρίας,</span> <span class='ocrx_word' id='word_1_192' title='bbox 3547 1568 3690 1640; x_wconf 72' lang='grc' dir='ltr'>πρὸς</span> <span class='ocrx_word' id='word_1_193' title='bbox 3753 1567 3850 1620; x_wconf 72' lang='grc' dir='ltr'>τὸν</span> 
     </span>
    </p>
   </div>
   <div class='ocr_carea' id='block_1_32' title="bbox 571 1663 2161 1767">
    <p class='ocr_par' dir='ltr' id='par_1_32' title="bbox 571 1663 2157 1767">
     <span class='ocr_line' id='line_1_32' title="bbox 571 1663 2157 1767; baseline -0.012 -12"><span class='ocrx_word' id='word_1_194' title='bbox 571 1701 778 1756; x_wconf 87' lang='lat' dir='ltr'><strong>bellum</strong></span> <span class='ocrx_word' id='word_1_195' title='bbox 809 1697 956 1767; x_wconf 91' lang='lat' dir='ltr'><strong>quod</strong></span> <span class='ocrx_word' id='word_1_196' title='bbox 975 1663 1075 1766; x_wconf 78' lang='lat' dir='ltr'><strong>pro</strong></span> <span class='ocrx_word' id='word_1_197' title='bbox 1103 1663 1337 1750; x_wconf 72' lang='lat' dir='ltr'><strong>veritate</strong></span> <span class='ocrx_word' id='word_1_198' title='bbox 1378 1691 1591 1746; x_wconf 85' lang='lat' dir='ltr'><strong>ratione</strong></span> <span class='ocrx_word' id='word_1_199' title='bbox 1624 1663 1990 1744; x_wconf 65' lang='lat' dir='ltr'><strong>committitur</strong></span> <span class='ocrx_word' id='word_1_200' title='bbox 2013 1724 2028 1749; x_wconf 93' lang='lat'><strong>,</strong></span> <span class='ocrx_word' id='word_1_201' title='bbox 2075 1683 2157 1738; x_wconf 86' lang='lat' dir='ltr'><strong>vi-</strong></span> 
     </span>
    </p>
   </div>
   <div class='ocr_carea' id='block_1_33' title="bbox 2263 1663 3850 1767">
    <p class='ocr_par' dir='ltr' id='par_1_33' title="bbox 2263 1663 3850 1746">
     <span class='ocr_line' id='line_1_33' title="bbox 2263 1663 3850 1746; baseline -0.01 -16"><span class='ocrx_word' id='word_1_202' title='bbox 2263 1677 2396 1746; x_wconf 78' lang='grc' dir='ltr'>ὑπὲρ</span> <span class='ocrx_word' id='word_1_203' title='bbox 2428 1673 2691 1745; x_wconf 77' lang='grc' dir='ltr'>ἀληθείας</span> <span class='ocrx_word' id='word_1_204' title='bbox 2743 1670 2963 1740; x_wconf 83' lang='grc' dir='ltr'>λογικὸν</span> <span class='ocrx_word' id='word_1_205' title='bbox 2993 1669 3252 1739; x_wconf 85' lang='grc' dir='ltr'>πόλεμον,</span> <span class='ocrx_word' id='word_1_206' title='bbox 3280 1667 3368 1721; x_wconf 81' lang='grc' dir='ltr'>διὰ</span> <span class='ocrx_word' id='word_1_207' title='bbox 3412 1664 3507 1736; x_wconf 81' lang='grc' dir='ltr'>τὴν</span> <span class='ocrx_word' id='word_1_208' title='bbox 3536 1663 3726 1728; x_wconf 81' lang='grc' dir='ltr'>ζῶσαν</span> <span class='ocrx_word' id='word_1_209' title='bbox 3761 1663 3850 1715; x_wconf 79' lang='grc' dir='ltr'><strong>αἶ-</strong></span> 
     </span>
    </p>
   </div>
   <div class='ocr_carea' id='block_1_34' title="bbox 574 1786 2155 1864">
    <p class='ocr_par' dir='ltr' id='par_1_34' title="bbox 574 1786 2155 1864">
     <span class='ocr_line' id='line_1_34' title="bbox 574 1786 2155 1864; baseline -0.011 -16"><span class='ocrx_word' id='word_1_210' title='bbox 574 1803 738 1864; x_wconf 82' lang='lat' dir='ltr'><strong>gcnte</strong></span> <span class='ocrx_word' id='word_1_211' title='bbox 765 1791 821 1845; x_wconf 90' lang='lat' dir='ltr'><strong>in</strong></span> <span class='ocrx_word' id='word_1_212' title='bbox 842 1805 910 1845; x_wconf 84' lang='lat' dir='ltr'><strong>eo</strong></span> <span class='ocrx_word' id='word_1_213' title='bbox 941 1804 1126 1852; x_wconf 88' lang='lat' dir='ltr'><strong>sensu,</strong></span> <span class='ocrx_word' id='word_1_214' title='bbox 1155 1802 1185 1841; x_wconf 92' lang='lat' dir='ltr'><strong>e</strong></span> <span class='ocrx_word' id='word_1_215' title='bbox 1207 1786 1377 1840; x_wconf 90' lang='lat' dir='ltr'><strong>densa</strong></span> <span class='ocrx_word' id='word_1_216' title='bbox 1407 1793 1617 1853; x_wconf 85' lang='lat' dir='ltr'><strong>quercu</strong></span> <span class='ocrx_word' id='word_1_217' title='bbox 1643 1790 1999 1837; x_wconf 89' lang='lat' dir='ltr'><strong>terrenorum</strong></span> <span class='ocrx_word' id='word_1_218' title='bbox 2027 1792 2155 1847; x_wconf 86' lang='lat' dir='ltr'><strong>spe-</strong></span> 
     </span>
    </p>
   </div>
   <div class='ocr_carea' id='block_1_35' title="bbox 578 1871 2162 1946">
    <p class='ocr_par' dir='ltr' id='par_1_35' title="bbox 578 1871 2162 1946">
     <span class='ocr_line' id='line_1_35' title="bbox 578 1871 2162 1946; baseline -0.008 -7"><span class='ocrx_word' id='word_1_219' title='bbox 578 1883 942 1946; x_wconf 89' lang='lat' dir='ltr'><strong>eulabilium,</strong></span> <span class='ocrx_word' id='word_1_220' title='bbox 1005 1895 1160 1934; x_wconf 90' lang='lat' dir='ltr'><strong>coma</strong></span> <span class='ocrx_word' id='word_1_221' title='bbox 1215 1885 1454 1941; x_wconf 88' lang='lat' dir='ltr'><strong>tenetur,</strong></span> <span class='ocrx_word' id='word_1_222' title='bbox 1502 1877 1677 1945; x_wconf 90' lang='lat' dir='ltr'><strong>ipsam</strong></span> <span class='ocrx_word' id='word_1_223' title='bbox 1729 1876 1947 1930; x_wconf 89' lang='lat' dir='ltr'><strong>inanem</strong></span> <span class='ocrx_word' id='word_1_224' title='bbox 1992 1871 2162 1928; x_wconf 92' lang='lat' dir='ltr'><strong>animi</strong></span> 
     </span>
    </p>
   </div>
   <div class='ocr_carea' id='block_1_36' title="bbox 575 1966 2165 2036">
    <p class='ocr_par' dir='ltr' id='par_1_36' title="bbox 575 1966 2165 2036">
     <span class='ocr_line' id='line_1_36' title="bbox 575 1966 2165 2036; baseline -0.009 -5"><span class='ocrx_word' id='word_1_225' title='bbox 575 1977 878 2032; x_wconf 88' lang='lat' dir='ltr'><strong>elationem</strong></span> <span class='ocrx_word' id='word_1_226' title='bbox 916 1972 1082 2027; x_wconf 89' lang='lat' dir='ltr'><strong>morti</strong></span> <span class='ocrx_word' id='word_1_227' title='bbox 1114 1971 1484 2025; x_wconf 90' lang='lat' dir='ltr'><strong>innectentem</strong></span> <span class='ocrx_word' id='word_1_228' title='bbox 1521 2007 1536 2033; x_wconf 92' lang='lat'><strong>,</strong></span> <span class='ocrx_word' id='word_1_229' title='bbox 1589 1967 1903 2036; x_wconf 62' lang='lat' dir='ltr'><strong>caelumque</strong></span> <span class='ocrx_word' id='word_1_230' title='bbox 1930 1966 2076 2019; x_wconf 89' lang='lat' dir='ltr'><strong>inter</strong></span> <span class='ocrx_word' id='word_1_231' title='bbox 2107 1971 2165 2018; x_wconf 91' lang='lat' dir='ltr'><strong>et</strong></span> 
     </span>
    </p>
   </div>
   <div class='ocr_carea' id='block_1_37' title="bbox 579 2053 2162 2130">
    <p class='ocr_par' dir='ltr' id='par_1_37' title="bbox 579 2053 2162 2130">
     <span class='ocr_line' id='line_1_37' title="bbox 579 2053 2162 2130; baseline -0.009 -8"><span class='ocrx_word' id='word_1_232' title='bbox 579 2079 804 2130; x_wconf 86' lang='lat' dir='ltr'><strong>terram,</strong></span> <span class='ocrx_word' id='word_1_233' title='bbox 842 2063 1086 2118; x_wconf 84' lang='lat' dir='ltr'><strong>medium</strong></span> <span class='ocrx_word' id='word_1_234' title='bbox 1111 2059 1570 2130; x_wconf 88' lang='lat' dir='ltr'><strong>suspendentem,</strong></span> <span class='ocrx_word' id='word_1_235' title='bbox 1609 2057 1841 2111; x_wconf 87' lang='lat' dir='ltr'><strong>habens.</strong></span> <span class='ocrx_word' id='word_1_236' title='bbox 1875 2055 1978 2122; x_wconf 86' lang='lat' dir='ltr'><strong>Qui</strong></span> <span class='ocrx_word' id='word_1_237' title='bbox 2014 2053 2162 2109; x_wconf 88' lang='lat' dir='ltr'><strong>enim</strong></span> 
     </span>
    </p>
   </div>
   <div class='ocr_carea' id='block_1_38' title="bbox 576 2146 2161 2224">
    <p class='ocr_par' dir='ltr' id='par_1_38' title="bbox 576 2146 2161 2224">
     <span class='ocr_line' id='line_1_38' title="bbox 576 2146 2161 2224; baseline -0.008 -13"><span class='ocrx_word' id='word_1_238' title='bbox 576 2157 758 2211; x_wconf 87' lang='lat' dir='ltr'><strong>inanis</strong></span> <span class='ocrx_word' id='word_1_239' title='bbox 779 2154 964 2224; x_wconf 69' lang='lat' dir='ltr'><strong>gloria:</strong></span> <span class='ocrx_word' id='word_1_240' title='bbox 992 2152 1130 2206; x_wconf 87' lang='lat' dir='ltr'><strong>vitio</strong></span> <span class='ocrx_word' id='word_1_241' title='bbox 1158 2152 1392 2214; x_wconf 88' lang='lat' dir='ltr'><strong>laborat,</strong></span> <span class='ocrx_word' id='word_1_242' title='bbox 1447 2150 1624 2203; x_wconf 89' lang='lat' dir='ltr'><strong>instar</strong></span> <span class='ocrx_word' id='word_1_243' title='bbox 1673 2148 1799 2202; x_wconf 73' lang='lat' dir='ltr'><strong>coeli</strong></span> <span class='ocrx_word' id='word_1_244' title='bbox 1825 2186 1838 2212; x_wconf 93' lang='lat'><strong>,</strong></span> <span class='ocrx_word' id='word_1_245' title='bbox 1872 2146 2161 2201; x_wconf 87' lang='lat' dir='ltr'><strong>scientiam</strong></span> 
     </span>
    </p>
   </div>
   <div class='ocr_carea' id='block_1_39' title="bbox 575 2237 2162 2313">
    <p class='ocr_par' dir='ltr' id='par_1_39' title="bbox 575 2237 2162 2313">
     <span class='ocr_line' id='line_1_39' title="bbox 575 2237 2162 2313; baseline -0.008 -11"><span class='ocrx_word' id='word_1_246' title='bbox 575 2264 688 2302; x_wconf 93' lang='lat' dir='ltr'><strong>non</strong></span> <span class='ocrx_word' id='word_1_247' title='bbox 718 2246 905 2308; x_wconf 88' lang='lat' dir='ltr'><strong>habet,</strong></span> <span class='ocrx_word' id='word_1_248' title='bbox 932 2259 1055 2313; x_wconf 69' lang='lat' dir='ltr'><strong>quae</strong></span> <span class='ocrx_word' id='word_1_249' title='bbox 1077 2257 1298 2296; x_wconf 90' lang='lat' dir='ltr'><strong>sursum</strong></span> <span class='ocrx_word' id='word_1_250' title='bbox 1356 2240 1499 2296; x_wconf 91' lang='lat' dir='ltr'><strong>ferat</strong></span> <span class='ocrx_word' id='word_1_251' title='bbox 1548 2255 1580 2294; x_wconf 89' lang='lat' dir='ltr'><strong>a</strong></span> <span class='ocrx_word' id='word_1_252' title='bbox 1633 2239 1960 2294; x_wconf 90' lang='lat' dir='ltr'><strong>detrahente</strong></span> <span class='ocrx_word' id='word_1_253' title='bbox 1994 2237 2162 2293; x_wconf 86' lang='lat' dir='ltr'><strong>stulta</strong></span> 
     </span>
    </p>
   </div>
   <div class='ocr_carea' id='block_1_40' title="bbox 578 2328 2164 2407">
    <p class='ocr_par' dir='ltr' id='par_1_40' title="bbox 578 2328 2164 2407">
     <span class='ocr_line' id='line_1_40' title="bbox 578 2328 2164 2407; baseline -0.007 -14"><span class='ocrx_word' id='word_1_254' title='bbox 578 2340 666 2394; x_wconf 89' lang='lat' dir='ltr'><strong>sui</strong></span> <span class='ocrx_word' id='word_1_255' title='bbox 713 2336 978 2407; x_wconf 87' lang='lat' dir='ltr'><strong>opinione</strong></span> <span class='ocrx_word' id='word_1_256' title='bbox 1013 2353 1025 2387; x_wconf 92' lang='lat'>:</span> <span class='ocrx_word' id='word_1_257' title='bbox 1060 2349 1124 2388; x_wconf 91' lang='lat' dir='ltr'><strong>ac</strong></span> <span class='ocrx_word' id='word_1_258' title='bbox 1169 2348 1352 2403; x_wconf 86' lang='lat' dir='ltr'><strong>neque</strong></span> <span class='ocrx_word' id='word_1_259' title='bbox 1412 2345 1608 2386; x_wconf 90' lang='lat' dir='ltr'><strong>rursus</strong></span> <span class='ocrx_word' id='word_1_260' title='bbox 1652 2337 1855 2384; x_wconf 89' lang='lat' dir='ltr'><strong>terram</strong></span> <span class='ocrx_word' id='word_1_261' title='bbox 1907 2328 2164 2392; x_wconf 86' lang='lat' dir='ltr'><strong>(actionis</strong></span> 
     </span>
    </p>
   </div>
   <div class='ocr_carea' id='block_1_41' title="bbox 584 2419 2164 2494">
    <p class='ocr_par' dir='ltr' id='par_1_41' title="bbox 584 2419 2164 2494">
     <span class='ocr_line' id='line_1_41' title="bbox 584 2419 2164 2494; baseline -0.006 -9"><span class='ocrx_word' id='word_1_262' title='bbox 584 2430 800 2486; x_wconf 89' lang='lat' dir='ltr'><strong>scilicet</strong></span> <span class='ocrx_word' id='word_1_263' title='bbox 850 2430 907 2483; x_wconf 89' lang='lat' dir='ltr'><strong>in</strong></span> <span class='ocrx_word' id='word_1_264' title='bbox 967 2425 1280 2482; x_wconf 87' lang='lat' dir='ltr'><strong>humilitate</strong></span> <span class='ocrx_word' id='word_1_265' title='bbox 1337 2421 1535 2494; x_wconf 73' lang='lat' dir='ltr'><strong>basim)</strong></span> <span class='ocrx_word' id='word_1_266' title='bbox 1583 2438 1613 2477; x_wconf 92' lang='lat' dir='ltr'><strong>a</strong></span> <span class='ocrx_word' id='word_1_267' title='bbox 1669 2435 1888 2476; x_wconf 90' lang='lat' dir='ltr'><strong>sursum</strong></span> <span class='ocrx_word' id='word_1_268' title='bbox 1939 2419 2164 2475; x_wconf 84' lang='lat' dir='ltr'><strong>tollente</strong></span> 
     </span>
    </p>
   </div>
   <div class='ocr_carea' id='block_1_42' title="bbox 561 2512 2162 2591">
    <p class='ocr_par' dir='ltr' id='par_1_42' title="bbox 561 2512 2162 2591">
     <span class='ocr_line' id='line_1_42' title="bbox 561 2512 2162 2591; baseline -0.008 -14"><span class='ocrx_word' id='word_1_269' title='bbox 561 2514 725 2578; x_wconf 80' lang='lat' dir='ltr'><strong>&#39;fastu</strong></span> <span class='ocrx_word' id='word_1_270' title='bbox 779 2520 942 2591; x_wconf 66' lang='grc'><strong>574</strong></span> <span class='ocrx_word' id='word_1_271' title='bbox 990 2533 1053 2573; x_wconf 93' lang='lat' dir='ltr'><strong>ac</strong></span> <span class='ocrx_word' id='word_1_272' title='bbox 1105 2517 1385 2581; x_wconf 87' lang='lat' dir='ltr'><strong>elatione,</strong></span> <span class='ocrx_word' id='word_1_273' title='bbox 1443 2513 1690 2585; x_wconf 82' lang='lat' dir='ltr'><strong>proclive</strong></span> <span class='ocrx_word' id='word_1_274' title='bbox 1739 2512 2162 2582; x_wconf 85' lang='lat' dir='ltr'><strong>deprimentem.</strong></span> 
     </span>
    </p>
   </div>
   <div class='ocr_carea' id='block_1_43' title="bbox 591 2603 2165 2682">
    <p class='ocr_par' dir='ltr' id='par_1_43' title="bbox 591 2603 2165 2682">
     <span class='ocr_line' id='line_1_43' title="bbox 591 2603 2165 2682; baseline -0.008 -16"><span class='ocrx_word' id='word_1_275' title='bbox 591 2612 769 2676; x_wconf 83' lang='lat' dir='ltr'><strong>Hunc,</strong></span> <span class='ocrx_word' id='word_1_276' title='bbox 811 2611 905 2682; x_wconf 90' lang='lat' dir='ltr'><strong>qui</strong></span> <span class='ocrx_word' id='word_1_277' title='bbox 938 2609 1129 2681; x_wconf 79' lang='lat' dir='ltr'><strong>genuit</strong></span> <span class='ocrx_word' id='word_1_278' title='bbox 1159 2608 1376 2672; x_wconf 90' lang='lat' dir='ltr'><strong>doctor,</strong></span> <span class='ocrx_word' id='word_1_279' title='bbox 1424 2603 1784 2659; x_wconf 86' lang='lat' dir='ltr'><strong>humanitatis</strong></span> <span class='ocrx_word' id='word_1_280' title='bbox 1810 2618 1996 2666; x_wconf 91' lang='lat' dir='ltr'><strong>sensu,</strong></span> <span class='ocrx_word' id='word_1_281' title='bbox 2040 2611 2165 2656; x_wconf 88' lang='lat' dir='ltr'><strong>tan-</strong></span> 
     </span>
    </p>
   </div>
   <div class='ocr_carea' id='block_1_44' title="bbox 581 2693 2163 2774">
    <p class='ocr_par' dir='ltr' id='par_1_44' title="bbox 581 2693 2163 2774">
     <span class='ocr_line' id='line_1_44' title="bbox 581 2693 2163 2774; baseline -0.006 -16"><span class='ocrx_word' id='word_1_282' title='bbox 581 2720 744 2774; x_wconf 89' lang='lat' dir='ltr'><strong>quam</strong></span> <span class='ocrx_word' id='word_1_283' title='bbox 775 2704 903 2773; x_wconf 89' lang='lat' dir='ltr'><strong>pius</strong></span> <span class='ocrx_word' id='word_1_284' title='bbox 942 2716 1006 2756; x_wconf 93' lang='lat' dir='ltr'><strong>ac</strong></span> <span class='ocrx_word' id='word_1_285' title='bbox 1054 2699 1368 2770; x_wconf 80' lang='lat' dir='ltr'><strong>religiosus,</strong></span> <span class='ocrx_word' id='word_1_286' title='bbox 1405 2706 1462 2752; x_wconf 90' lang='lat' dir='ltr'><strong>et</strong></span> <span class='ocrx_word' id='word_1_287' title='bbox 1506 2705 1792 2752; x_wconf 89' lang='lat' dir='ltr'><strong>mortuum</strong></span> <span class='ocrx_word' id='word_1_288' title='bbox 1834 2695 2019 2765; x_wconf 84' lang='lat' dir='ltr'><strong>luget;</strong></span> <span class='ocrx_word' id='word_1_289' title='bbox 2067 2693 2163 2749; x_wconf 89' lang='lat' dir='ltr'><strong>Dei</strong></span> 
     </span>
    </p>
   </div>
   <div class='ocr_carea' id='block_1_45' title="bbox 581 2784 2165 2861">
    <p class='ocr_par' dir='ltr' id='par_1_45' title="bbox 581 2784 2165 2861">
     <span class='ocr_line' id='line_1_45' title="bbox 581 2784 2165 2861; baseline -0.008 -10"><span class='ocrx_word' id='word_1_290' title='bbox 581 2796 796 2851; x_wconf 85' lang='lat' dir='ltr'><strong>scilicet</strong></span> <span class='ocrx_word' id='word_1_291' title='bbox 827 2793 1104 2861; x_wconf 79' lang='lat' dir='ltr'><strong>exemplo,</strong></span> <span class='ocrx_word' id='word_1_292' title='bbox 1160 2791 1357 2846; x_wconf 85' lang='lat' dir='ltr'><strong>nolens</strong></span> <span class='ocrx_word' id='word_1_293' title='bbox 1387 2796 1623 2845; x_wconf 89' lang='lat' dir='ltr'><strong>mortem</strong></span> <span class='ocrx_word' id='word_1_294' title='bbox 1671 2787 1980 2857; x_wconf 88' lang='lat' dir='ltr'><strong>peccatoris</strong></span> <span class='ocrx_word' id='word_1_295' title='bbox 2005 2825 2020 2851; x_wconf 89' lang='lat'><strong>,</strong></span> <span class='ocrx_word' id='word_1_296' title='bbox 2067 2784 2165 2840; x_wconf 90' lang='lat' dir='ltr'><strong>sed</strong></span> 
     </span>
    </p>
   </div>
   <div class='ocr_carea' id='block_1_46' title="bbox 581 2881 1389 2943">
    <p class='ocr_par' dir='ltr' id='par_1_46' title="bbox 581 2881 1389 2943">
     <span class='ocr_line' id='line_1_46' title="bbox 581 2881 1389 2943; baseline -0.012 0"><span class='ocrx_word' id='word_1_297' title='bbox 581 2899 643 2943; x_wconf 89' lang='lat' dir='ltr'><strong>ut</strong></span> <span class='ocrx_word' id='word_1_298' title='bbox 673 2893 1026 2942; x_wconf 88' lang='lat' dir='ltr'><strong>convertatur</strong></span> <span class='ocrx_word' id='word_1_299' title='bbox 1051 2892 1108 2938; x_wconf 90' lang='lat' dir='ltr'><strong>et</strong></span> <span class='ocrx_word' id='word_1_300' title='bbox 1135 2883 1286 2936; x_wconf 89' lang='lat' dir='ltr'><strong>vivat</strong></span> <span class='ocrx_word' id='word_1_301' title='bbox 1318 2881 1389 2933; x_wconf 65' lang='grc' dir='ltr'><strong>θ’.</strong></span> 
     </span>
    </p>
   </div>
   <div class='ocr_carea' id='block_1_47' title="bbox 653 2968 2162 3046">
    <p class='ocr_par' dir='ltr' id='par_1_47' title="bbox 653 2968 2162 3046">
     <span class='ocr_line' id='line_1_47' title="bbox 653 2968 2162 3046; baseline -0.009 -12"><span class='ocrx_word' id='word_1_302' title='bbox 653 2980 742 3034; x_wconf 85' lang='grc'><strong>60.</strong></span> <span class='ocrx_word' id='word_1_303' title='bbox 775 2977 1220 3046; x_wconf 75' lang='lat' dir='ltr'><strong>Uniuscujusque</strong></span> <span class='ocrx_word' id='word_1_304' title='bbox 1267 2971 1512 3026; x_wconf 86' lang='lat' dir='ltr'><strong>hominis</strong></span> <span class='ocrx_word' id='word_1_305' title='bbox 1561 2969 1760 3025; x_wconf 87' lang='lat' dir='ltr'><strong>salutis</strong></span> <span class='ocrx_word' id='word_1_306' title='bbox 1805 2968 2026 3023; x_wconf 90' lang='lat' dir='ltr'><strong>initium</strong></span> <span class='ocrx_word' id='word_1_307' title='bbox 2075 2981 2162 3022; x_wconf 88' lang='lat' dir='ltr'><strong>sa-</strong></span> 
     </span>
    </p>
   </div>
   <div class='ocr_carea' id='block_1_48' title="bbox 583 3061 2163 3142">
    <p class='ocr_par' dir='ltr' id='par_1_48' title="bbox 583 3061 2163 3142">
     <span class='ocr_line' id='line_1_48' title="bbox 583 3061 2163 3142; baseline -0.007 -17"><span class='ocrx_word' id='word_1_308' title='bbox 583 3071 790 3142; x_wconf 88' lang='lat' dir='ltr'><strong>pientia</strong></span> <span class='ocrx_word' id='word_1_309' title='bbox 804 3079 1052 3138; x_wconf 80' lang='lat' dir='ltr'><strong>cst;qu:.e</strong></span> <span class='ocrx_word' id='word_1_310' title='bbox 1068 3066 1290 3136; x_wconf 89' lang='lat' dir='ltr'><strong>quidem</strong></span> <span class='ocrx_word' id='word_1_311' title='bbox 1319 3064 1612 3134; x_wconf 89' lang='lat' dir='ltr'><strong>incipiens,</strong></span> <span class='ocrx_word' id='word_1_312' title='bbox 1639 3064 1880 3134; x_wconf 92' lang='lat' dir='ltr'><strong>primum</strong></span> <span class='ocrx_word' id='word_1_313' title='bbox 1908 3061 2163 3116; x_wconf 85' lang='lat' dir='ltr'><strong>timorem</strong></span> 
     </span>
    </p>
   </div>
   <div class='ocr_carea' id='block_1_49' title="bbox 583 3153 2169 3232">
    <p class='ocr_par' dir='ltr' id='par_1_49' title="bbox 583 3153 2169 3232">
     <span class='ocr_line' id='line_1_49' title="bbox 583 3153 2169 3232; baseline -0.007 -14"><span class='ocrx_word' id='word_1_314' title='bbox 583 3162 772 3226; x_wconf 71' lang='lat' dir='ltr'><strong>edicit,</strong></span> <span class='ocrx_word' id='word_1_315' title='bbox 824 3169 1128 3232; x_wconf 89' lang='lat' dir='ltr'><strong>posteaque</strong></span> <span class='ocrx_word' id='word_1_316' title='bbox 1175 3174 1301 3213; x_wconf 90' lang='lat' dir='ltr'><strong>cum</strong></span> <span class='ocrx_word' id='word_1_317' title='bbox 1347 3157 1519 3212; x_wconf 85' lang='lat' dir='ltr'><strong>fuerit</strong></span> <span class='ocrx_word' id='word_1_318' title='bbox 1565 3161 1988 3218; x_wconf 86' lang='lat' dir='ltr'><strong>consummata,</strong></span> <span class='ocrx_word' id='word_1_319' title='bbox 2024 3153 2169 3209; x_wconf 86' lang='lat' dir='ltr'><strong>desi-</strong></span> 
     </span>
    </p>
   </div>
   <div class='ocr_carea' id='block_1_50' title="bbox 583 3245 2168 3320">
    <p class='ocr_par' dir='ltr' id='par_1_50' title="bbox 583 3245 2168 3320">
     <span class='ocr_line' id='line_1_50' title="bbox 583 3245 2168 3320; baseline -0.007 -10"><span class='ocrx_word' id='word_1_320' title='bbox 583 3255 800 3310; x_wconf 89' lang='lat' dir='ltr'><strong>derium</strong></span> <span class='ocrx_word' id='word_1_321' title='bbox 848 3265 1204 3320; x_wconf 87' lang='lat' dir='ltr'><strong>amoremque</strong></span> <span class='ocrx_word' id='word_1_322' title='bbox 1253 3249 1561 3304; x_wconf 87' lang='lat' dir='ltr'><strong>constituit.</strong></span> <span class='ocrx_word' id='word_1_323' title='bbox 1603 3249 1699 3303; x_wconf 82' lang='lat' dir='ltr'><strong>Vel</strong></span> <span class='ocrx_word' id='word_1_324' title='bbox 1748 3247 1932 3316; x_wconf 90' lang='lat' dir='ltr'><strong>potius</strong></span> <span class='ocrx_word' id='word_1_325' title='bbox 1979 3245 2096 3314; x_wconf 88' lang='lat' dir='ltr'><strong>ipsa</strong></span> <span class='ocrx_word' id='word_1_326' title='bbox 2136 3260 2168 3299; x_wconf 89' lang='lat' dir='ltr'><strong>a</strong></span> 
     </span>
    </p>
   </div>
   <div class='ocr_carea' id='block_1_51' title="bbox 581 3338 2164 3419">
    <p class='ocr_par' dir='ltr' id='par_1_51' title="bbox 581 3338 2164 3419">
     <span class='ocr_line' id='line_1_51' title="bbox 581 3338 2164 3419; baseline -0.006 -17"><span class='ocrx_word' id='word_1_327' title='bbox 581 3347 858 3419; x_wconf 86' lang='lat' dir='ltr'><strong>principio</strong></span> <span class='ocrx_word' id='word_1_328' title='bbox 877 3352 1102 3414; x_wconf 89' lang='lat' dir='ltr'><strong>propter</strong></span> <span class='ocrx_word' id='word_1_329' title='bbox 1124 3358 1225 3396; x_wconf 90' lang='lat' dir='ltr'><strong>nos</strong></span> <span class='ocrx_word' id='word_1_330' title='bbox 1247 3341 1657 3412; x_wconf 88' lang='lat' dir='ltr'><strong>dispensatione</strong></span> <span class='ocrx_word' id='word_1_331' title='bbox 1683 3339 1849 3393; x_wconf 89' lang='lat' dir='ltr'><strong>timor</strong></span> <span class='ocrx_word' id='word_1_332' title='bbox 1869 3338 2164 3398; x_wconf 84' lang='lat' dir='ltr'><strong>exsistens,</strong></span> 
     </span>
    </p>
   </div>
   <div class='ocr_carea' id='block_1_52' title="bbox 584 3434 2167 3504">
    <p class='ocr_par' dir='ltr' id='par_1_52' title="bbox 584 3434 2167 3504">
     <span class='ocr_line' id='line_1_52' title="bbox 584 3434 2167 3504; baseline -0.004 -12"><span class='ocrx_word' id='word_1_333' title='bbox 584 3447 646 3494; x_wconf 91' lang='lat' dir='ltr'><strong>ut</strong></span> <span class='ocrx_word' id='word_1_334' title='bbox 674 3446 946 3492; x_wconf 79' lang='lat' dir='ltr'><strong>amantem</strong></span> <span class='ocrx_word' id='word_1_335' title='bbox 977 3451 1008 3490; x_wconf 79' lang='grc' dir='ltr'><strong>ιι</strong></span> <span class='ocrx_word' id='word_1_336' title='bbox 1035 3435 1172 3489; x_wconf 84' lang='lat' dir='ltr'><strong>vitio</strong></span> <span class='ocrx_word' id='word_1_337' title='bbox 1201 3449 1263 3488; x_wconf 91' lang='lat' dir='ltr'><strong>ac</strong></span> <span class='ocrx_word' id='word_1_338' title='bbox 1288 3434 1558 3504; x_wconf 84' lang='lat' dir='ltr'><strong>pravitate</strong></span> <span class='ocrx_word' id='word_1_339' title='bbox 1595 3440 1935 3500; x_wconf 85' lang='lat' dir='ltr'><strong>compescat,</strong></span> <span class='ocrx_word' id='word_1_340' title='bbox 1965 3445 2028 3484; x_wconf 91' lang='lat' dir='ltr'><strong>ac</strong></span> <span class='ocrx_word' id='word_1_341' title='bbox 2045 3444 2167 3500; x_wconf 70' lang='lat' dir='ltr'><strong>qua:</strong></span> 
     </span>
    </p>
   </div>
   <div class='ocr_carea' id='block_1_53' title="bbox 581 3521 2167 3601">
    <p class='ocr_par' dir='ltr' id='par_1_53' title="bbox 581 3521 2167 3601">
     <span class='ocr_line' id='line_1_53' title="bbox 581 3521 2167 3601; baseline -0.005 -17"><span class='ocrx_word' id='word_1_342' title='bbox 581 3538 773 3601; x_wconf 85' lang='lat' dir='ltr'><strong>postea</strong></span> <span class='ocrx_word' id='word_1_343' title='bbox 806 3529 922 3599; x_wconf 89' lang='lat' dir='ltr'><strong>ipsa</strong></span> <span class='ocrx_word' id='word_1_344' title='bbox 951 3536 1178 3598; x_wconf 85' lang='lat' dir='ltr'><strong>propter</strong></span> <span class='ocrx_word' id='word_1_345' title='bbox 1218 3541 1276 3581; x_wconf 90' lang='lat' dir='ltr'><strong>se</strong></span> <span class='ocrx_word' id='word_1_346' title='bbox 1305 3540 1460 3580; x_wconf 90' lang='lat' dir='ltr'><strong>amor</strong></span> <span class='ocrx_word' id='word_1_347' title='bbox 1499 3532 1695 3578; x_wconf 88' lang='lat' dir='ltr'><strong>natura</strong></span> <span class='ocrx_word' id='word_1_348' title='bbox 1742 3523 1796 3577; x_wconf 92' lang='lat' dir='ltr'><strong>in</strong></span> <span class='ocrx_word' id='word_1_349' title='bbox 1849 3521 1959 3577; x_wconf 83' lang='lat' dir='ltr'><strong>fine</strong></span> <span class='ocrx_word' id='word_1_350' title='bbox 2011 3521 2167 3576; x_wconf 89' lang='lat' dir='ltr'><strong>inve-</strong></span> 
     </span>
    </p>
   </div>
   <div class='ocr_carea' id='block_1_54' title="bbox 586 3613 2166 3691">
    <p class='ocr_par' dir='ltr' id='par_1_54' title="bbox 586 3613 2166 3691">
     <span class='ocr_line' id='line_1_54' title="bbox 586 3613 2166 3691; baseline -0.006 -14"><span class='ocrx_word' id='word_1_351' title='bbox 586 3624 793 3687; x_wconf 87' lang='lat' dir='ltr'><strong>niatur,</strong></span> <span class='ocrx_word' id='word_1_352' title='bbox 831 3630 892 3675; x_wconf 90' lang='lat' dir='ltr'><strong>ut</strong></span> <span class='ocrx_word' id='word_1_353' title='bbox 918 3636 1014 3675; x_wconf 86' lang='lat' dir='ltr'><strong>eos</strong></span> <span class='ocrx_word' id='word_1_354' title='bbox 1041 3619 1136 3690; x_wconf 87' lang='lat' dir='ltr'><strong>qui</strong></span> <span class='ocrx_word' id='word_1_355' title='bbox 1181 3621 1302 3691; x_wconf 82' lang='lat' dir='ltr'><strong>ejus</strong></span> <span class='ocrx_word' id='word_1_356' title='bbox 1341 3617 1657 3673; x_wconf 83' lang='lat' dir='ltr'><strong>convictum</strong></span> <span class='ocrx_word' id='word_1_357' title='bbox 1697 3615 1868 3670; x_wconf 89' lang='lat' dir='ltr'><strong>rebus</strong></span> <span class='ocrx_word' id='word_1_358' title='bbox 1901 3613 2166 3668; x_wconf 89' lang='lat' dir='ltr'><strong>omnibus</strong></span> 
     </span>
    </p>
   </div>
   <div class='ocr_carea' id='block_1_55' title="bbox 583 3706 2090 3782">
    <p class='ocr_par' dir='ltr' id='par_1_55' title="bbox 583 3706 2090 3782">
     <span class='ocr_line' id='line_1_55' title="bbox 583 3706 2090 3782; baseline -0.005 -15"><span class='ocrx_word' id='word_1_359' title='bbox 583 3714 950 3782; x_wconf 84' lang='lat' dir='ltr'><strong>antiquiorem</strong></span> <span class='ocrx_word' id='word_1_360' title='bbox 977 3711 1314 3772; x_wconf 85' lang='lat' dir='ltr'><strong>habuerunt,</strong></span> <span class='ocrx_word' id='word_1_361' title='bbox 1349 3707 1586 3778; x_wconf 89' lang='lat' dir='ltr'><strong>spiritali</strong></span> <span class='ocrx_word' id='word_1_362' title='bbox 1615 3707 1732 3762; x_wconf 89' lang='lat' dir='ltr'><strong>risu</strong></span> <span class='ocrx_word' id='word_1_363' title='bbox 1775 3706 2090 3776; x_wconf 87' lang='lat' dir='ltr'><strong>adimpleat.</strong></span> 
     </span>
    </p>
   </div>
   <div class='ocr_carea' id='block_1_56' title="bbox 655 3798 2167 3873">
    <p class='ocr_par' dir='ltr' id='par_1_56' title="bbox 655 3798 2167 3873">
     <span class='ocr_line' id='line_1_56' title="bbox 655 3798 2167 3873; baseline -0.003 -17"><span class='ocrx_word' id='word_1_364' title='bbox 655 3805 742 3859; x_wconf 88' lang='lat'><strong>6|.</strong></span> <span class='ocrx_word' id='word_1_365' title='bbox 777 3803 1054 3873; x_wconf 86' lang='lat' dir='ltr'><strong>Sapientia</strong></span> <span class='ocrx_word' id='word_1_366' title='bbox 1079 3810 1136 3857; x_wconf 89' lang='lat' dir='ltr'><strong>et</strong></span> <span class='ocrx_word' id='word_1_367' title='bbox 1177 3803 1341 3856; x_wconf 89' lang='lat' dir='ltr'><strong>timor</strong></span> <span class='ocrx_word' id='word_1_368' title='bbox 1371 3810 1476 3866; x_wconf 89' lang='lat' dir='ltr'><strong>est,</strong></span> <span class='ocrx_word' id='word_1_369' title='bbox 1520 3817 1644 3870; x_wconf 72' lang='lat' dir='ltr'><strong>qua:</strong></span> <span class='ocrx_word' id='word_1_370' title='bbox 1687 3799 1992 3854; x_wconf 86' lang='lat' dir='ltr'><strong>secundum</strong></span> <span class='ocrx_word' id='word_1_371' title='bbox 2026 3798 2167 3868; x_wconf 64' lang='lat' dir='ltr'><strong>fugae</strong></span> 
     </span>
    </p>
   </div>
   <div class='ocr_carea' id='block_1_57' title="bbox 586 3888 2166 3965">
    <p class='ocr_par' dir='ltr' id='par_1_57' title="bbox 586 3888 2166 3965">
     <span class='ocr_line' id='line_1_57' title="bbox 586 3888 2166 3965; baseline -0.003 -20"><span class='ocrx_word' id='word_1_372' title='bbox 586 3892 854 3946; x_wconf 89' lang='lat' dir='ltr'><strong>rationem</strong></span> <span class='ocrx_word' id='word_1_373' title='bbox 882 3932 896 3956; x_wconf 94' lang='lat'><strong>,</strong></span> <span class='ocrx_word' id='word_1_374' title='bbox 952 3907 1062 3945; x_wconf 92' lang='lat' dir='ltr'><strong>non</strong></span> <span class='ocrx_word' id='word_1_375' title='bbox 1097 3889 1489 3960; x_wconf 88' lang='lat' dir='ltr'><strong>appetentibus</strong></span> <span class='ocrx_word' id='word_1_376' title='bbox 1519 3889 1761 3960; x_wconf 88' lang='lat' dir='ltr'><strong>privatio</strong></span> <span class='ocrx_word' id='word_1_377' title='bbox 1785 3888 2016 3965; x_wconf 75' lang='lat' dir='ltr'><strong>exsistat</strong></span> <span class='ocrx_word' id='word_1_378' title='bbox 2044 3905 2058 3953; x_wconf 92' lang='lat'><strong>;</strong></span> <span class='ocrx_word' id='word_1_379' title='bbox 2107 3894 2166 3941; x_wconf 90' lang='lat' dir='ltr'><strong>et</strong></span> 
     </span>
    </p>
   </div>
   <div class='ocr_carea' id='block_1_58' title="bbox 585 3979 2165 4052">
    <p class='ocr_par' dir='ltr' id='par_1_58' title="bbox 585 3979 2165 4052">
     <span class='ocr_line' id='line_1_58' title="bbox 585 3979 2165 4052; baseline -0.001 -16"><span class='ocrx_word' id='word_1_380' title='bbox 585 3999 741 4037; x_wconf 89' lang='lat' dir='ltr'><strong>amor</strong></span> <span class='ocrx_word' id='word_1_381' title='bbox 780 3999 874 4038; x_wconf 89' lang='lat' dir='ltr'><strong>seu</strong></span> <span class='ocrx_word' id='word_1_382' title='bbox 905 3983 1266 4046; x_wconf 88' lang='lat' dir='ltr'><strong>desiderium,</strong></span> <span class='ocrx_word' id='word_1_383' title='bbox 1299 3997 1421 4052; x_wconf 69' lang='lat' dir='ltr'><strong>quae</strong></span> <span class='ocrx_word' id='word_1_384' title='bbox 1459 3981 1697 4036; x_wconf 88' lang='lat' dir='ltr'><strong>fruentis</strong></span> <span class='ocrx_word' id='word_1_385' title='bbox 1737 3979 1906 4034; x_wconf 89' lang='lat' dir='ltr'><strong>animi</strong></span> <span class='ocrx_word' id='word_1_386' title='bbox 1941 3980 2165 4035; x_wconf 88' lang='lat' dir='ltr'><strong>habitus</strong></span> 
     </span>
    </p>
   </div>
   <div class='ocr_carea' id='block_1_59' title="bbox 585 4071 2164 4146">
    <p class='ocr_par' dir='ltr' id='par_1_59' title="bbox 585 4071 2164 4146">
     <span class='ocr_line' id='line_1_59' title="bbox 585 4071 2164 4146; baseline -0.003 -17"><span class='ocrx_word' id='word_1_387' title='bbox 585 4076 941 4146; x_wconf 80' lang='lat' dir='ltr'><strong>diligentibus</strong></span> <span class='ocrx_word' id='word_1_388' title='bbox 978 4075 1089 4130; x_wconf 81' lang='lat' dir='ltr'><strong>fiat.</strong></span> <span class='ocrx_word' id='word_1_389' title='bbox 1121 4074 1246 4129; x_wconf 64' lang='lat' dir='ltr'><strong>Haec</strong></span> <span class='ocrx_word' id='word_1_390' title='bbox 1271 4075 1419 4128; x_wconf 90' lang='lat' dir='ltr'><strong>enim</strong></span> <span class='ocrx_word' id='word_1_391' title='bbox 1448 4071 1704 4143; x_wconf 91' lang='lat' dir='ltr'><strong>supplicii</strong></span> <span class='ocrx_word' id='word_1_392' title='bbox 1751 4072 2164 4142; x_wconf 81' lang='lat' dir='ltr'><strong>exspectatione</strong></span> 
     </span>
    </p>
   </div>
   <div class='ocr_carea' id='block_1_60' title="bbox 587 4165 2165 4234">
    <p class='ocr_par' dir='ltr' id='par_1_60' title="bbox 587 4165 2165 4234">
     <span class='ocr_line' id='line_1_60' title="bbox 587 4165 2165 4234; baseline -0.003 -12"><span class='ocrx_word' id='word_1_393' title='bbox 587 4184 616 4222; x_wconf 94' lang='lat' dir='ltr'><strong>a</strong></span> <span class='ocrx_word' id='word_1_394' title='bbox 645 4167 797 4221; x_wconf 86' lang='lat' dir='ltr'><strong>vitiis</strong></span> <span class='ocrx_word' id='word_1_395' title='bbox 821 4168 1088 4232; x_wconf 84' lang='lat' dir='ltr'><strong>liberans,</strong></span> <span class='ocrx_word' id='word_1_396' title='bbox 1118 4175 1174 4221; x_wconf 91' lang='lat' dir='ltr'><strong>et</strong></span> <span class='ocrx_word' id='word_1_397' title='bbox 1206 4167 1463 4220; x_wconf 90' lang='lat' dir='ltr'><strong>timorem</strong></span> <span class='ocrx_word' id='word_1_398' title='bbox 1486 4165 1637 4230; x_wconf 82' lang='lat' dir='ltr'><strong>facit,</strong></span> <span class='ocrx_word' id='word_1_399' title='bbox 1666 4173 1723 4219; x_wconf 91' lang='lat' dir='ltr'><strong>et</strong></span> <span class='ocrx_word' id='word_1_400' title='bbox 1752 4180 1995 4219; x_wconf 88' lang='lat' dir='ltr'><strong>amorem</strong></span> <span class='ocrx_word' id='word_1_401' title='bbox 2033 4181 2165 4234; x_wconf 88' lang='lat' dir='ltr'><strong>ope-</strong></span> 
     </span>
    </p>
   </div>
   <div class='ocr_carea' id='block_1_61' title="bbox 588 4253 2164 4328">
    <p class='ocr_par' dir='ltr' id='par_1_61' title="bbox 588 4253 2164 4328">
     <span class='ocr_line' id='line_1_61' title="bbox 588 4253 2164 4328; baseline -0.001 -16"><span class='ocrx_word' id='word_1_402' title='bbox 588 4269 760 4321; x_wconf 85' lang='lat' dir='ltr'><strong>ratur,</strong></span> <span class='ocrx_word' id='word_1_403' title='bbox 795 4274 916 4328; x_wconf 69' lang='lat' dir='ltr'><strong>quae</strong></span> <span class='ocrx_word' id='word_1_404' title='bbox 939 4258 1213 4312; x_wconf 86' lang='lat' dir='ltr'><strong>virtutum</strong></span> <span class='ocrx_word' id='word_1_405' title='bbox 1250 4255 1614 4325; x_wconf 86' lang='lat' dir='ltr'><strong>acquisitione</strong></span> <span class='ocrx_word' id='word_1_406' title='bbox 1641 4255 1710 4309; x_wconf 89' lang='lat' dir='ltr'><strong>ad</strong></span> <span class='ocrx_word' id='word_1_407' title='bbox 1758 4253 1996 4309; x_wconf 88' lang='lat' dir='ltr'><strong>videnda</strong></span> <span class='ocrx_word' id='word_1_408' title='bbox 2042 4271 2164 4325; x_wconf 74' lang='lat' dir='ltr'><strong>qua:</strong></span> 
     </span>
    </p>
   </div>
   <div class='ocr_carea' id='block_1_62' title="bbox 588 4347 1606 4409">
    <p class='ocr_par' dir='ltr' id='par_1_62' title="bbox 588 4347 1606 4409">
     <span class='ocr_line' id='line_1_62' title="bbox 588 4347 1606 4409; baseline -0.004 -6"><span class='ocrx_word' id='word_1_409' title='bbox 588 4351 771 4403; x_wconf 90' lang='lat' dir='ltr'><strong>futura</strong></span> <span class='ocrx_word' id='word_1_410' title='bbox 800 4356 948 4409; x_wconf 87' lang='lat' dir='ltr'><strong>sunt,</strong></span> <span class='ocrx_word' id='word_1_411' title='bbox 983 4357 1223 4403; x_wconf 90' lang='lat' dir='ltr'><strong>mentem</strong></span> <span class='ocrx_word' id='word_1_412' title='bbox 1259 4347 1606 4401; x_wconf 84' lang='lat' dir='ltr'><strong>assuefaciat.</strong></span> 
     </span>
    </p>
   </div>
   <div class='ocr_carea' id='block_1_63' title="bbox 658 4435 2172 4501">
    <p class='ocr_par' dir='ltr' id='par_1_63' title="bbox 658 4435 2172 4501">
     <span class='ocr_line' id='line_1_63' title="bbox 658 4435 2172 4501; baseline -0.003 -8"><span class='ocrx_word' id='word_1_413' title='bbox 658 4441 748 4496; x_wconf 71' lang='lat'><strong>62.</strong></span> <span class='ocrx_word' id='word_1_414' title='bbox 800 4439 992 4495; x_wconf 87' lang='lat' dir='ltr'><strong>Omnis</strong></span> <span class='ocrx_word' id='word_1_415' title='bbox 1035 4438 1313 4493; x_wconf 81' lang='lat' dir='ltr'><strong>confessio</strong></span> <span class='ocrx_word' id='word_1_416' title='bbox 1357 4436 1603 4492; x_wconf 89' lang='lat' dir='ltr'><strong>animum</strong></span> <span class='ocrx_word' id='word_1_417' title='bbox 1650 4435 1946 4501; x_wconf 89' lang='lat' dir='ltr'><strong>bumiliat;</strong></span> <span class='ocrx_word' id='word_1_418' title='bbox 1997 4435 2172 4490; x_wconf 91' lang='lat' dir='ltr'><strong>altera</strong></span> 
     </span>
    </p>
   </div>
   <div class='ocr_carea' id='block_1_64' title="bbox 589 4515 2172 4600">
    <p class='ocr_par' dir='ltr' id='par_1_64' title="bbox 589 4515 2172 4600">
     <span class='ocr_line' id='line_1_64' title="bbox 589 4515 2172 4600; baseline -0.002 -17"><span class='ocrx_word' id='word_1_419' title='bbox 589 4529 836 4599; x_wconf 86' lang='lat' dir='ltr'><strong>quidem,</strong></span> <span class='ocrx_word' id='word_1_420' title='bbox 878 4529 1055 4600; x_wconf 79' lang='lat' dir='ltr'><strong>gratia</strong></span> <span class='ocrx_word' id='word_1_421' title='bbox 1083 4528 1482 4598; x_wconf 71' lang='lat' dir='ltr'><strong>iustificatam;</strong></span> <span class='ocrx_word' id='word_1_422' title='bbox 1521 4527 1693 4582; x_wconf 89' lang='lat' dir='ltr'><strong>altera</strong></span> <span class='ocrx_word' id='word_1_423' title='bbox 1740 4543 1894 4594; x_wconf 83' lang='lat' dir='ltr'><strong>vero,</strong></span> <span class='ocrx_word' id='word_1_424' title='bbox 1937 4515 2172 4598; x_wconf 59' lang='lat' dir='ltr'><strong>propriai</strong></span> 
     </span>
    </p>
   </div>
   <div class='ocr_carea' id='block_1_65' title="bbox 590 4611 2106 4690">
    <p class='ocr_par' dir='ltr' id='par_1_65' title="bbox 590 4611 2106 4690">
     <span class='ocr_line' id='line_1_65' title="bbox 590 4611 2106 4690; baseline -0.001 -17"><span class='ocrx_word' id='word_1_425' title='bbox 590 4621 790 4675; x_wconf 87' lang='lat' dir='ltr'><strong>mentis</strong></span> <span class='ocrx_word' id='word_1_426' title='bbox 821 4619 1057 4690; x_wconf 79' lang='lat' dir='ltr'><strong>ignavia,</strong></span> <span class='ocrx_word' id='word_1_427' title='bbox 1108 4633 1256 4674; x_wconf 89' lang='lat' dir='ltr'><strong>ream</strong></span> <span class='ocrx_word' id='word_1_428' title='bbox 1286 4618 1459 4688; x_wconf 87' lang='lat' dir='ltr'><strong>ipsam</strong></span> <span class='ocrx_word' id='word_1_429' title='bbox 1481 4617 1708 4674; x_wconf 90' lang='lat' dir='ltr'><strong>docens.</strong></span> <span class='ocrx_word' id='word_1_430' title='bbox 2103 4611 2106 4614; x_wconf 71' lang='grc'><strong>’</strong></span> 
     </span>
    </p>
   </div>
   <div class='ocr_carea' id='block_1_66' title="bbox 659 4795 2165 4867">
    <p class='ocr_par' dir='ltr' id='par_1_66' title="bbox 659 4795 2165 4867">
     <span class='ocr_line' id='line_1_66' title="bbox 659 4795 2165 4867; baseline 0.001 -16"><span class='ocrx_word' id='word_1_431' title='bbox 659 4797 748 4852; x_wconf 79' lang='lat'><strong>05.</strong></span> <span class='ocrx_word' id='word_1_432' title='bbox 781 4796 1156 4852; x_wconf 83' lang='lat' dir='ltr'><strong>Confessionis</strong></span> <span class='ocrx_word' id='word_1_433' title='bbox 1200 4797 1404 4867; x_wconf 81' lang='lat' dir='ltr'><strong>duplex</strong></span> <span class='ocrx_word' id='word_1_434' title='bbox 1453 4806 1540 4851; x_wconf 91' lang='lat' dir='ltr'><strong>cst</strong></span> <span class='ocrx_word' id='word_1_435' title='bbox 1582 4796 1722 4850; x_wconf 88' lang='lat' dir='ltr'><strong>ratio</strong></span> <span class='ocrx_word' id='word_1_436' title='bbox 1753 4812 1767 4849; x_wconf 87' lang='lat'><strong>:</strong></span> <span class='ocrx_word' id='word_1_437' title='bbox 1799 4795 1968 4852; x_wconf 88' lang='lat' dir='ltr'><strong>altera</strong></span> <span class='ocrx_word' id='word_1_438' title='bbox 1992 4838 2006 4860; x_wconf 90' lang='lat'><strong>,</strong></span> <span class='ocrx_word' id='word_1_439' title='bbox 2043 4811 2165 4866; x_wconf 60' lang='lat' dir='ltr'><strong>quae</strong></span> 
     </span>
    </p>
   </div>
   <div class='ocr_carea' id='block_1_67' title="bbox 589 4888 2161 4959">
    <p class='ocr_par' dir='ltr' id='par_1_67' title="bbox 589 4888 2161 4959">
     <span class='ocr_line' id='line_1_67' title="bbox 589 4888 2161 4959; baseline 0.002 -18"><span class='ocrx_word' id='word_1_440' title='bbox 589 4889 893 4959; x_wconf 78' lang='lat' dir='ltr'><strong>gratiarum</strong></span> <span class='ocrx_word' id='word_1_441' title='bbox 928 4889 1166 4944; x_wconf 90' lang='lat' dir='ltr'><strong>actionis</strong></span> <span class='ocrx_word' id='word_1_442' title='bbox 1215 4904 1380 4944; x_wconf 90' lang='lat' dir='ltr'><strong>causa</strong></span> <span class='ocrx_word' id='word_1_443' title='bbox 1423 4889 1494 4944; x_wconf 91' lang='lat' dir='ltr'><strong>ob</strong></span> <span class='ocrx_word' id='word_1_444' title='bbox 1539 4889 1685 4943; x_wconf 91' lang='lat' dir='ltr'><strong>bona</strong></span> <span class='ocrx_word' id='word_1_445' title='bbox 1735 4889 1980 4958; x_wconf 72' lang='lat' dir='ltr'><strong>praestita</strong></span> <span class='ocrx_word' id='word_1_446' title='bbox 2027 4888 2161 4956; x_wconf 90' lang='lat' dir='ltr'><strong>fiat;</strong></span> 
     </span>
    </p>
   </div>
   <div class='ocr_carea' id='block_1_68' title="bbox 591 4979 2163 5050">
    <p class='ocr_par' dir='ltr' id='par_1_68' title="bbox 591 4979 2163 5050">
     <span class='ocr_line' id='line_1_68' title="bbox 591 4979 2163 5050; baseline 0.001 -17"><span class='ocrx_word' id='word_1_447' title='bbox 591 4982 764 5034; x_wconf 85' lang='lat' dir='ltr'><strong>altera</strong></span> <span class='ocrx_word' id='word_1_448' title='bbox 790 5021 804 5044; x_wconf 97' lang='lat'><strong>,</strong></span> <span class='ocrx_word' id='word_1_449' title='bbox 841 4995 961 5050; x_wconf 80' lang='lat' dir='ltr'><strong>quae</strong></span> <span class='ocrx_word' id='word_1_450' title='bbox 994 4981 1212 5035; x_wconf 87' lang='lat' dir='ltr'><strong>dicatur</strong></span> <span class='ocrx_word' id='word_1_451' title='bbox 1263 4980 1329 5034; x_wconf 92' lang='lat' dir='ltr'><strong>ad</strong></span> <span class='ocrx_word' id='word_1_452' title='bbox 1369 4979 1650 5048; x_wconf 83' lang='lat' dir='ltr'><strong>arguenda</strong></span> <span class='ocrx_word' id='word_1_453' title='bbox 1692 4996 1756 5036; x_wconf 91' lang='lat' dir='ltr'><strong>ac</strong></span> <span class='ocrx_word' id='word_1_454' title='bbox 1799 4981 2163 5035; x_wconf 76' lang='lat' dir='ltr'><strong>examinanda</strong></span> 
     </span>
    </p>
   </div>
   <div class='ocr_carea' id='block_1_69' title="bbox 594 5070 2166 5140">
    <p class='ocr_par' dir='ltr' id='par_1_69' title="bbox 594 5070 2166 5140">
     <span class='ocr_line' id='line_1_69' title="bbox 594 5070 2166 5140; baseline 0.001 -16"><span class='ocrx_word' id='word_1_455' title='bbox 594 5078 806 5140; x_wconf 87' lang='lat' dir='ltr'><strong>patrata</strong></span> <span class='ocrx_word' id='word_1_456' title='bbox 846 5071 1006 5125; x_wconf 89' lang='lat' dir='ltr'><strong>mala.</strong></span> <span class='ocrx_word' id='word_1_457' title='bbox 1035 5072 1275 5125; x_wconf 75' lang='lat' dir='ltr'><strong>Vocatur</strong></span> <span class='ocrx_word' id='word_1_458' title='bbox 1316 5070 1464 5124; x_wconf 89' lang='lat' dir='ltr'><strong>enim</strong></span> <span class='ocrx_word' id='word_1_459' title='bbox 1500 5070 1794 5136; x_wconf 88' lang='lat' dir='ltr'><strong>confessio,</strong></span> <span class='ocrx_word' id='word_1_460' title='bbox 1832 5081 1946 5126; x_wconf 92' lang='lat' dir='ltr'><strong>tum</strong></span> <span class='ocrx_word' id='word_1_461' title='bbox 1995 5071 2166 5126; x_wconf 89' lang='lat' dir='ltr'><strong>benc-</strong></span> 
     </span>
    </p>
   </div>
   <div class='ocr_carea' id='block_1_70' title="bbox 596 5159 2219 5231">
    <p class='ocr_par' dir='ltr' id='par_1_70' title="bbox 596 5159 2219 5231">
     <span class='ocr_line' id='line_1_70' title="bbox 596 5159 2219 5231; baseline 0.001 -19"><span class='ocrx_word' id='word_1_462' title='bbox 596 5159 844 5213; x_wconf 88' lang='lat' dir='ltr'><strong>ficiorum</strong></span> <span class='ocrx_word' id='word_1_463' title='bbox 861 5159 1109 5229; x_wconf 88' lang='lat' dir='ltr'><strong>quibusa</strong></span> <span class='ocrx_word' id='word_1_464' title='bbox 1133 5161 1244 5214; x_wconf 88' lang='lat' dir='ltr'><strong>Deo</strong></span> <span class='ocrx_word' id='word_1_465' title='bbox 1274 5159 1456 5214; x_wconf 68' lang='lat' dir='ltr'><strong>affecti</strong></span> <span class='ocrx_word' id='word_1_466' title='bbox 1484 5175 1834 5225; x_wconf 87' lang='lat' dir='ltr'><strong>sumus,cum</strong></span> <span class='ocrx_word' id='word_1_467' title='bbox 1868 5161 2169 5231; x_wconf 81' lang='lat' dir='ltr'><strong>gratiarum</strong></span> <span class='ocrx_word' id='word_1_468' title='bbox 2216 5160 2219 5161; x_wconf 59' lang='grc'><strong><em>⁷</em></strong></span> 
     </span>
    </p>
   </div>
   <div class='ocr_carea' id='block_1_71' title="bbox 595 5237 2171 5321">
    <p class='ocr_par' dir='ltr' id='par_1_71' title="bbox 595 5237 2171 5321">
     <span class='ocr_line' id='line_1_71' title="bbox 595 5237 2171 5321; baseline 0.003 -19"><span class='ocrx_word' id='word_1_469' title='bbox 595 5249 812 5304; x_wconf 83' lang='lat' dir='ltr'><strong>actione</strong></span> <span class='ocrx_word' id='word_1_470' title='bbox 831 5251 1305 5313; x_wconf 88' lang='lat' dir='ltr'><strong>commemoratio,</strong></span> <span class='ocrx_word' id='word_1_471' title='bbox 1351 5260 1467 5303; x_wconf 90' lang='lat' dir='ltr'><strong>tum</strong></span> <span class='ocrx_word' id='word_1_472' title='bbox 1497 5237 1637 5305; x_wconf 79' lang='lat' dir='ltr'><strong>male</strong></span> <span class='ocrx_word' id='word_1_473' title='bbox 1662 5260 1963 5321; x_wconf 81' lang='lat' dir='ltr'><strong>gestorum,</strong></span> <span class='ocrx_word' id='word_1_474' title='bbox 2001 5252 2068 5306; x_wconf 91' lang='lat' dir='ltr'><strong>ab</strong></span> <span class='ocrx_word' id='word_1_475' title='bbox 2104 5251 2171 5306; x_wconf 87' lang='lat' dir='ltr'><strong>iis</strong></span> 
     </span>
    </p>
   </div>
   <div class='ocr_carea' id='block_1_72' title="bbox 594 5342 2171 5415">
    <p class='ocr_par' dir='ltr' id='par_1_72' title="bbox 594 5342 2171 5415">
     <span class='ocr_line' id='line_1_72' title="bbox 594 5342 2171 5415; baseline 0.004 -22"><span class='ocrx_word' id='word_1_476' title='bbox 594 5342 688 5411; x_wconf 91' lang='lat' dir='ltr'><strong>qui</strong></span> <span class='ocrx_word' id='word_1_477' title='bbox 717 5342 795 5395; x_wconf 92' lang='lat' dir='ltr'><strong>rei</strong></span> <span class='ocrx_word' id='word_1_478' title='bbox 827 5351 975 5406; x_wconf 87' lang='lat' dir='ltr'><strong>sunt,</strong></span> <span class='ocrx_word' id='word_1_479' title='bbox 1011 5342 1153 5397; x_wconf 89' lang='lat' dir='ltr'><strong>facta</strong></span> <span class='ocrx_word' id='word_1_480' title='bbox 1195 5343 1493 5414; x_wconf 81' lang='lat' dir='ltr'><strong>evulgatio.</strong></span> <span class='ocrx_word' id='word_1_481' title='bbox 1542 5344 1784 5413; x_wconf 85' lang='lat' dir='ltr'><strong>Utraque</strong></span> <span class='ocrx_word' id='word_1_482' title='bbox 1834 5345 1980 5399; x_wconf 88' lang='lat' dir='ltr'><strong>enim</strong></span> <span class='ocrx_word' id='word_1_483' title='bbox 2022 5345 2171 5415; x_wconf 83' lang='lat' dir='ltr'><strong>ejus-</strong></span> 
     </span>
    </p>
   </div>
   <div class='ocr_carea' id='block_1_73' title="bbox 598 5435 2169 5506">
    <p class='ocr_par' dir='ltr' id='par_1_73' title="bbox 598 5435 2169 5506">
     <span class='ocr_line' id='line_1_73' title="bbox 598 5435 2169 5506; baseline 0.003 -18"><span class='ocrx_word' id='word_1_484' title='bbox 598 5435 744 5489; x_wconf 90' lang='lat' dir='ltr'><strong>modi</strong></span> <span class='ocrx_word' id='word_1_485' title='bbox 764 5445 893 5490; x_wconf 88' lang='lat' dir='ltr'><strong>sunt</strong></span> <span class='ocrx_word' id='word_1_486' title='bbox 914 5447 1034 5505; x_wconf 61' lang='lat' dir='ltr'><strong>quae</strong></span> <span class='ocrx_word' id='word_1_487' title='bbox 1053 5435 1316 5490; x_wconf 86' lang='lat' dir='ltr'><strong>humilem</strong></span> <span class='ocrx_word' id='word_1_488' title='bbox 1341 5451 1561 5491; x_wconf 88' lang='lat' dir='ltr'><strong>sensum</strong></span> <span class='ocrx_word' id='word_1_489' title='bbox 1585 5436 1825 5506; x_wconf 88' lang='lat' dir='ltr'><strong>pariant.</strong></span> <span class='ocrx_word' id='word_1_490' title='bbox 1855 5437 1994 5492; x_wconf 91' lang='lat' dir='ltr'><strong>Tum</strong></span> <span class='ocrx_word' id='word_1_491' title='bbox 2020 5437 2169 5493; x_wconf 90' lang='lat' dir='ltr'><strong>enim</strong></span> 
     </span>
    </p>
   </div>
   <div class='ocr_carea' id='block_1_74' title="bbox 664 5616 1898 5689">
    <p class='ocr_par' dir='ltr' id='par_1_74' title="bbox 664 5616 1898 5689">
     <span class='ocr_line' id='line_1_74' title="bbox 664 5616 1898 5689; baseline 0 -17"><span class='ocrx_word' id='word_1_492' title='bbox 664 5616 711 5649; x_wconf 82' lang='lat'><strong>‘“</strong></span> <span class='ocrx_word' id='word_1_493' title='bbox 745 5617 790 5672; x_wconf 85' lang='lat' dir='ltr'><strong>ll</strong></span> <span class='ocrx_word' id='word_1_494' title='bbox 827 5618 961 5689; x_wconf 75' lang='lat' dir='ltr'><strong>Reg.</strong></span> <span class='ocrx_word' id='word_1_495' title='bbox 994 5634 1142 5682; x_wconf 83' lang='lat' dir='ltr'><strong>xvm,</strong></span> <span class='ocrx_word' id='word_1_496' title='bbox 1179 5618 1234 5674; x_wconf 87' lang='lat'><strong>9.</strong></span> <span class='ocrx_word' id='word_1_497' title='bbox 1311 5621 1356 5652; x_wconf 86' lang='grc'><strong>⁹¹</strong></span> <span class='ocrx_word' id='word_1_498' title='bbox 1387 5618 1590 5674; x_wconf 83' lang='lat' dir='ltr'><strong>Ezech.</strong></span> <span class='ocrx_word' id='word_1_499' title='bbox 1626 5635 1778 5682; x_wconf 77' lang='lat' dir='ltr'><strong>xvm,</strong></span> <span class='ocrx_word' id='word_1_500' title='bbox 1809 5618 1898 5673; x_wconf 72' lang='lat'><strong>52.</strong></span> 
     </span>
    </p>
   </div>
   <div class='ocr_carea' id='block_1_75' title="bbox 2262 1757 3852 1841">
    <p class='ocr_par' dir='ltr' id='par_1_75' title="bbox 2262 1757 3852 1841">
     <span class='ocr_line' id='line_1_75' title="bbox 2262 1757 3852 1841; baseline -0.011 -16"><span class='ocrx_word' id='word_1_501' title='bbox 2262 1771 2478 1841; x_wconf 85' lang='grc' dir='ltr'>σθησιν,</span> <span class='ocrx_word' id='word_1_502' title='bbox 2509 1768 2587 1839; x_wconf 84' lang='grc' dir='ltr'><strong>τῷ</strong></span> <span class='ocrx_word' id='word_1_503' title='bbox 2630 1768 2784 1822; x_wconf 81' lang='grc' dir='ltr'>δάσει</span> <span class='ocrx_word' id='word_1_504' title='bbox 2839 1765 2941 1836; x_wconf 81' lang='grc' dir='ltr'><strong>τῆς</strong></span> <span class='ocrx_word' id='word_1_505' title='bbox 2989 1763 3150 1834; x_wconf 85' lang='grc' dir='ltr'>δρυὸς</span> <span class='ocrx_word' id='word_1_506' title='bbox 3173 1761 3283 1816; x_wconf 89' lang='grc' dir='ltr'><strong>τῶν</strong></span> <span class='ocrx_word' id='word_1_507' title='bbox 3311 1758 3514 1814; x_wconf 79' lang='grc' dir='ltr'>ὑλικῶν</span> <span class='ocrx_word' id='word_1_508' title='bbox 3543 1757 3852 1828; x_wconf 74' lang='grc' dir='ltr'>θεαμάτων</span> 
     </span>
    </p>
   </div>
   <div class='ocr_carea' id='block_1_76' title="bbox 2261 1848 3853 1934">
    <p class='ocr_par' dir='ltr' id='par_1_76' title="bbox 2261 1848 3853 1934">
     <span class='ocr_line' id='line_1_76' title="bbox 2261 1848 3853 1934; baseline -0.011 -18"><span class='ocrx_word' id='word_1_509' title='bbox 2261 1863 2550 1934; x_wconf 87' lang='grc' dir='ltr'>κρατεῖται</span> <span class='ocrx_word' id='word_1_510' title='bbox 2600 1859 2700 1929; x_wconf 85' lang='grc' dir='ltr'>τῆς</span> <span class='ocrx_word' id='word_1_511' title='bbox 2748 1857 2951 1928; x_wconf 85' lang='grc' dir='ltr'>κόμης,</span> <span class='ocrx_word' id='word_1_512' title='bbox 3015 1853 3188 1925; x_wconf 78' lang='grc' dir='ltr'>αὐτὴν</span> <span class='ocrx_word' id='word_1_513' title='bbox 3243 1851 3383 1923; x_wconf 77' lang='grc' dir='ltr'>έχων</span> <span class='ocrx_word' id='word_1_514' title='bbox 3434 1848 3853 1919; x_wconf 78' lang='grc' dir='ltr'>συνδεσμοῦσαν</span> 
     </span>
    </p>
   </div>
   <div class='ocr_carea' id='block_1_77' title="bbox 2262 1939 3853 2026">
    <p class='ocr_par' dir='ltr' id='par_1_77' title="bbox 2262 1939 3853 2026">
     <span class='ocr_line' id='line_1_77' title="bbox 2262 1939 3853 2026; baseline -0.011 -18"><span class='ocrx_word' id='word_1_515' title='bbox 2262 1956 2400 2026; x_wconf 72' lang='grc' dir='ltr'>πρὸς</span> <span class='ocrx_word' id='word_1_516' title='bbox 2434 1953 2687 2016; x_wconf 82' lang='grc' dir='ltr'>θάνατον,</span> <span class='ocrx_word' id='word_1_517' title='bbox 2719 1951 2820 2022; x_wconf 78' lang='grc' dir='ltr'>τὴν</span> <span class='ocrx_word' id='word_1_518' title='bbox 2853 1949 3102 2002; x_wconf 84' lang='grc' dir='ltr'>διάκενον</span> <span class='ocrx_word' id='word_1_519' title='bbox 3131 1946 3333 2015; x_wconf 76' lang='grc' dir='ltr'>οἴησιν,</span> <span class='ocrx_word' id='word_1_520' title='bbox 3366 1943 3463 2013; x_wconf 81' lang='grc' dir='ltr'><strong>τὴν</strong></span> <span class='ocrx_word' id='word_1_521' title='bbox 3492 1939 3853 2012; x_wconf 82' lang='grc' dir='ltr'>κρεμνοῦσαν</span> 
     </span>
    </p>
   </div>
   <div class='ocr_carea' id='block_1_78' title="bbox 2261 2030 3851 2114">
    <p class='ocr_par' dir='ltr' id='par_1_78' title="bbox 2261 2030 3851 2114">
     <span class='ocr_line' id='line_1_78' title="bbox 2261 2030 3851 2114; baseline -0.011 -15"><span class='ocrx_word' id='word_1_522' title='bbox 2261 2033 2423 2099; x_wconf 82' lang='grc' dir='ltr'>αὑτὸν</span> <span class='ocrx_word' id='word_1_523' title='bbox 2445 2043 2719 2114; x_wconf 83' lang='grc' dir='ltr'>ἀναμέσον</span> <span class='ocrx_word' id='word_1_524' title='bbox 2743 2039 2838 2094; x_wconf 87' lang='grc' dir='ltr'><strong>τοῦ</strong></span> <span class='ocrx_word' id='word_1_525' title='bbox 2871 2035 3127 2110; x_wconf 79' lang='grc' dir='ltr'>οὐρανοῦ,</span> <span class='ocrx_word' id='word_1_526' title='bbox 3158 2035 3256 2088; x_wconf 78' lang='grc' dir='ltr'>καὶ</span> <span class='ocrx_word' id='word_1_527' title='bbox 3287 2033 3560 2102; x_wconf 86' lang='grc' dir='ltr'>ἀναμέσον</span> <span class='ocrx_word' id='word_1_528' title='bbox 3587 2030 3697 2099; x_wconf 77' lang='grc' dir='ltr'>τῆς</span> <span class='ocrx_word' id='word_1_529' title='bbox 3720 2032 3851 2100; x_wconf 84' lang='grc' dir='ltr'>γῆς.</span> 
     </span>
    </p>
   </div>
   <div class='ocr_carea' id='block_1_79' title="bbox 2263 2122 3853 2208">
    <p class='ocr_par' dir='ltr' id='par_1_79' title="bbox 2263 2122 3853 2208">
     <span class='ocr_line' id='line_1_79' title="bbox 2263 2122 3853 2208; baseline -0.011 -16"><span class='ocrx_word' id='word_1_530' title='bbox 2263 2139 2338 2192; x_wconf 77' lang='grc' dir='ltr'><strong>Οὐ</strong></span> <span class='ocrx_word' id='word_1_531' title='bbox 2375 2137 2483 2208; x_wconf 83' lang='grc' dir='ltr'>γὰρ</span> <span class='ocrx_word' id='word_1_532' title='bbox 2519 2135 2633 2206; x_wconf 73' lang='grc' dir='ltr'>ἔχει</span> <span class='ocrx_word' id='word_1_533' title='bbox 2663 2132 2870 2202; x_wconf 91' lang='grc' dir='ltr'>γνῶσιν</span> <span class='ocrx_word' id='word_1_534' title='bbox 2907 2132 2936 2183; x_wconf 85' lang='grc' dir='ltr'><strong>ὁ</strong></span> <span class='ocrx_word' id='word_1_535' title='bbox 2983 2126 3284 2193; x_wconf 84' lang='grc' dir='ltr'>κενόδοξος,</span> <span class='ocrx_word' id='word_1_536' title='bbox 3315 2124 3568 2192; x_wconf 78' lang='grc' dir='ltr'>καθάπερ</span> <span class='ocrx_word' id='word_1_537' title='bbox 3613 2122 3853 2193; x_wconf 68' lang='grc' dir='ltr'>οὐρανὸν</span> 
     </span>
    </p>
   </div>
   <div class='ocr_carea' id='block_1_80' title="bbox 2261 2214 3851 2292">
    <p class='ocr_par' dir='ltr' id='par_1_80' title="bbox 2261 2214 3851 2292">
     <span class='ocr_line' id='line_1_80' title="bbox 2261 2214 3851 2292; baseline -0.009 -11"><span class='ocrx_word' id='word_1_538' title='bbox 2261 2227 2597 2282; x_wconf 86' lang='grc' dir='ltr'>ἀνέλκουσαν</span> <span class='ocrx_word' id='word_1_539' title='bbox 2629 2224 2794 2278; x_wconf 75' lang='grc' dir='ltr'>αὐτὸν</span> <span class='ocrx_word' id='word_1_540' title='bbox 2822 2221 2925 2292; x_wconf 79' lang='grc' dir='ltr'>τῆς</span> <span class='ocrx_word' id='word_1_541' title='bbox 2973 2219 3346 2286; x_wconf 81' lang='grc' dir='ltr'>κατασπώσης</span> <span class='ocrx_word' id='word_1_542' title='bbox 3399 2217 3634 2286; x_wconf 75' lang='grc' dir='ltr'>οἰήσεως</span> <span class='ocrx_word' id='word_1_543' title='bbox 3657 2230 3674 2244; x_wconf 83' lang='grc'><strong>’</strong></span> <span class='ocrx_word' id='word_1_544' title='bbox 3735 2214 3851 2268; x_wconf 64' lang='grc' dir='ltr'>οὐδ’</span> 
     </span>
    </p>
   </div>
   <div class='ocr_carea' id='block_1_81' title="bbox 2265 2302 3852 2384">
    <p class='ocr_par' dir='ltr' id='par_1_81' title="bbox 2265 2302 3852 2384">
     <span class='ocr_line' id='line_1_81' title="bbox 2265 2302 3852 2384; baseline -0.012 -12"><span class='ocrx_word' id='word_1_545' title='bbox 2265 2315 2336 2373; x_wconf 80' lang='grc' dir='ltr'><strong>αὖ</strong></span> <span class='ocrx_word' id='word_1_546' title='bbox 2365 2316 2532 2370; x_wconf 85' lang='grc' dir='ltr'>πάλιν</span> <span class='ocrx_word' id='word_1_547' title='bbox 2571 2316 2697 2384; x_wconf 85' lang='grc' dir='ltr'>γῆν,</span> <span class='ocrx_word' id='word_1_548' title='bbox 2730 2313 2829 2384; x_wconf 82' lang='grc' dir='ltr'>τὴν</span> <span class='ocrx_word' id='word_1_549' title='bbox 2881 2312 2940 2365; x_wconf 74' lang='grc' dir='ltr'>ἑν</span> <span class='ocrx_word' id='word_1_550' title='bbox 2971 2309 3038 2381; x_wconf 81' lang='grc' dir='ltr'>τῇ</span> <span class='ocrx_word' id='word_1_551' title='bbox 3073 2306 3424 2363; x_wconf 58' lang='grc' dir='ltr'>’ταπεινώσει</span> <span class='ocrx_word' id='word_1_552' title='bbox 3481 2304 3629 2372; x_wconf 89' lang='grc' dir='ltr'>λέγω</span> <span class='ocrx_word' id='word_1_553' title='bbox 3690 2302 3852 2372; x_wconf 79' lang='grc' dir='ltr'>βάσιν</span> 
     </span>
    </p>
   </div>
   <div class='ocr_carea' id='block_1_82' title="bbox 2263 2398 3854 2483">
    <p class='ocr_par' dir='ltr' id='par_1_82' title="bbox 2263 2398 3854 2483">
     <span class='ocr_line' id='line_1_82' title="bbox 2263 2398 3854 2483; baseline -0.011 -16"><span class='ocrx_word' id='word_1_554' title='bbox 2263 2413 2366 2483; x_wconf 80' lang='grc' dir='ltr'><strong>τῆς</strong></span> <span class='ocrx_word' id='word_1_555' title='bbox 2396 2411 2673 2482; x_wconf 82' lang='grc' dir='ltr'>πράξεως,</span> <span class='ocrx_word' id='word_1_556' title='bbox 2713 2408 3091 2462; x_wconf 86' lang='grc' dir='ltr'>καθέλκουσαν</span> <span class='ocrx_word' id='word_1_557' title='bbox 3131 2402 3308 2458; x_wconf 78' lang='grc' dir='ltr'>ἀὐτὸν</span> <span class='ocrx_word' id='word_1_558' title='bbox 3353 2401 3454 2471; x_wconf 82' lang='grc' dir='ltr'>τῆς</span> <span class='ocrx_word' id='word_1_559' title='bbox 3509 2398 3854 2466; x_wconf 73' lang='grc' dir='ltr'>ἀνασπώσης</span> 
     </span>
    </p>
   </div>
   <div class='ocr_carea' id='block_1_83' title="bbox 2265 2490 3854 2576">
    <p class='ocr_par' dir='ltr' id='par_1_83' title="bbox 2265 2490 3854 2576">
     <span class='ocr_line' id='line_1_83' title="bbox 2265 2490 3854 2576; baseline -0.011 -15"><span class='ocrx_word' id='word_1_560' title='bbox 2265 2504 2588 2576; x_wconf 85' lang='grc' dir='ltr'>φυσιώσεως</span> <span class='ocrx_word' id='word_1_561' title='bbox 2613 2520 2626 2534; x_wconf 75' lang='grc'><strong>⁸</strong></span> <span class='ocrx_word' id='word_1_562' title='bbox 2664 2502 2722 2556; x_wconf 83' lang='grc' dir='ltr'>ὃν</span> <span class='ocrx_word' id='word_1_563' title='bbox 2775 2499 2966 2556; x_wconf 88' lang='grc' dir='ltr'>πενθεῖ</span> <span class='ocrx_word' id='word_1_564' title='bbox 2997 2498 3094 2553; x_wconf 73' lang='grc' dir='ltr'>καὶ</span> <span class='ocrx_word' id='word_1_565' title='bbox 3142 2496 3374 2551; x_wconf 83' lang='grc' dir='ltr'>θανόντα</span> <span class='ocrx_word' id='word_1_566' title='bbox 3412 2495 3502 2547; x_wconf 81' lang='grc' dir='ltr'>διὰ</span> <span class='ocrx_word' id='word_1_567' title='bbox 3532 2490 3854 2561; x_wconf 68' lang='grc' dir='ltr'>φιλανθρω-</span> 
     </span>
    </p>
   </div>
   <div class='ocr_carea' id='block_1_84' title="bbox 2266 2585 3855 2665">
    <p class='ocr_par' dir='ltr' id='par_1_84' title="bbox 2266 2585 3855 2665">
     <span class='ocr_line' id='line_1_84' title="bbox 2266 2585 3855 2665; baseline -0.011 -13"><span class='ocrx_word' id='word_1_568' title='bbox 2266 2598 2395 2651; x_wconf 83' lang='grc' dir='ltr'>πίαν</span> <span class='ocrx_word' id='word_1_569' title='bbox 2427 2597 2502 2661; x_wconf 83' lang='grc' dir='ltr'>ὡς</span> <span class='ocrx_word' id='word_1_570' title='bbox 2535 2594 2782 2665; x_wconf 81' lang='grc' dir='ltr'>φιλόθεος</span> <span class='ocrx_word' id='word_1_571' title='bbox 2816 2595 2844 2647; x_wconf 88' lang='grc' dir='ltr'><strong>ό</strong></span> <span class='ocrx_word' id='word_1_572' title='bbox 2886 2593 3156 2663; x_wconf 81' lang='grc' dir='ltr'>γεννήσας</span> <span class='ocrx_word' id='word_1_573' title='bbox 3204 2585 3548 2651; x_wconf 81' lang='grc' dir='ltr'>διδάσκαλος,</span> <span class='ocrx_word' id='word_1_574' title='bbox 3613 2585 3855 2655; x_wconf 68' lang='grc' dir='ltr'>μιμήσει</span> 
     </span>
    </p>
   </div>
   <div class='ocr_carea' id='block_1_85' title="bbox 2267 2675 3853 2760">
    <p class='ocr_par' dir='ltr' id='par_1_85' title="bbox 2267 2675 3853 2760">
     <span class='ocr_line' id='line_1_85' title="bbox 2267 2675 3853 2760; baseline -0.011 -15"><span class='ocrx_word' id='word_1_575' title='bbox 2267 2690 2428 2756; x_wconf 84' lang='grc' dir='ltr'>Θεοῦ,</span> <span class='ocrx_word' id='word_1_576' title='bbox 2492 2688 2566 2760; x_wconf 79' lang='grc' dir='ltr'>μὴ</span> <span class='ocrx_word' id='word_1_577' title='bbox 2619 2687 2946 2759; x_wconf 82' lang='grc' dir='ltr'>βουλόμενος</span> <span class='ocrx_word' id='word_1_578' title='bbox 2979 2685 3071 2737; x_wconf 79' lang='grc' dir='ltr'><strong>τὸν</strong></span> <span class='ocrx_word' id='word_1_579' title='bbox 3105 2682 3336 2736; x_wconf 78' lang='grc' dir='ltr'>θάνατον</span> <span class='ocrx_word' id='word_1_580' title='bbox 3361 2679 3458 2733; x_wconf 86' lang='grc' dir='ltr'><strong>τοῦ</strong></span> <span class='ocrx_word' id='word_1_581' title='bbox 3488 2675 3853 2748; x_wconf 85' lang='grc' dir='ltr'>ἁμαρτωλοῦ,</span> 
     </span>
    </p>
   </div>
   <div class='ocr_carea' id='block_1_86' title="bbox 2265 2773 3274 2851">
    <p class='ocr_par' dir='ltr' id='par_1_86' title="bbox 2265 2773 3274 2851">
     <span class='ocr_line' id='line_1_86' title="bbox 2265 2773 3274 2851; baseline -0.012 -13"><span class='ocrx_word' id='word_1_582' title='bbox 2265 2783 2341 2848; x_wconf 81' lang='grc' dir='ltr'>ὡς</span> <span class='ocrx_word' id='word_1_583' title='bbox 2370 2782 2429 2837; x_wconf 79' lang='grc' dir='ltr'>τὸ</span> <span class='ocrx_word' id='word_1_584' title='bbox 2459 2779 2812 2851; x_wconf 72' lang='grc' dir='ltr'>ἐπιστρέψαι,</span> <span class='ocrx_word' id='word_1_585' title='bbox 2843 2779 2938 2832; x_wconf 70' lang='grc' dir='ltr'>καὶ</span> <span class='ocrx_word' id='word_1_586' title='bbox 2968 2777 3067 2848; x_wconf 78' lang='grc' dir='ltr'><strong>ζῇν</strong></span> <span class='ocrx_word' id='word_1_587' title='bbox 3091 2773 3274 2829; x_wconf 81' lang='grc' dir='ltr'>αὐτόν.</span> 
     </span>
    </p>
   </div>
   <div class='ocr_carea' id='block_1_87' title="bbox 2343 2951 3856 3032">
    <p class='ocr_par' dir='ltr' id='par_1_87' title="bbox 2343 2951 3856 3032">
     <span class='ocr_line' id='line_1_87' title="bbox 2343 2951 3856 3032; baseline -0.011 -14"><span class='ocrx_word' id='word_1_588' title='bbox 2343 2960 2406 3029; x_wconf 76' lang='grc' dir='ltr'><strong>ε’.</strong></span> <span class='ocrx_word' id='word_1_589' title='bbox 2453 2960 2621 3032; x_wconf 82' lang='grc' dir='ltr'>Ἀρχὴ</span> <span class='ocrx_word' id='word_1_590' title='bbox 2666 2958 2760 3013; x_wconf 73' lang='grc' dir='ltr'><strong>καὶ</strong></span> <span class='ocrx_word' id='word_1_591' title='bbox 2809 2957 2964 3020; x_wconf 81' lang='grc' dir='ltr'>τέλος</span> <span class='ocrx_word' id='word_1_592' title='bbox 2993 2955 3112 3009; x_wconf 74' lang='grc' dir='ltr'>ἐστὶ</span> <span class='ocrx_word' id='word_1_593' title='bbox 3142 2955 3242 3024; x_wconf 84' lang='grc' dir='ltr'>τῆς</span> <span class='ocrx_word' id='word_1_594' title='bbox 3272 2953 3508 3007; x_wconf 75' lang='grc' dir='ltr'>ἑκάστου</span> <span class='ocrx_word' id='word_1_595' title='bbox 3545 2951 3856 3020; x_wconf 80' lang='grc' dir='ltr'>σωτηρίας,</span> 
     </span>
    </p>
   </div>
   <div class='ocr_carea' id='block_1_88' title="bbox 2269 3043 3859 3126">
    <p class='ocr_par' dir='ltr' id='par_1_88' title="bbox 2269 3043 3859 3126">
     <span class='ocr_line' id='line_1_88' title="bbox 2269 3043 3859 3126; baseline -0.01 -17"><span class='ocrx_word' id='word_1_596' title='bbox 2269 3056 2305 3126; x_wconf 81' lang='grc' dir='ltr'>ἠ</span> <span class='ocrx_word' id='word_1_597' title='bbox 2362 3053 2554 3124; x_wconf 89' lang='grc' dir='ltr'>σοφία·</span> <span class='ocrx_word' id='word_1_598' title='bbox 2614 3052 2779 3122; x_wconf 76' lang='grc' dir='ltr'>φόϐον</span> <span class='ocrx_word' id='word_1_599' title='bbox 2837 3050 2935 3121; x_wconf 76' lang='grc' dir='ltr'>μὲν</span> <span class='ocrx_word' id='word_1_600' title='bbox 2979 3046 3262 3120; x_wconf 83' lang='grc' dir='ltr'>ἀρχομένη</span> <span class='ocrx_word' id='word_1_601' title='bbox 3310 3043 3529 3115; x_wconf 89' lang='grc' dir='ltr'>πρῶτον</span> <span class='ocrx_word' id='word_1_602' title='bbox 3582 3043 3859 3113; x_wconf 77' lang='grc' dir='ltr'>δημιουρ-</span> 
     </span>
    </p>
   </div>
   <div class='ocr_carea' id='block_1_89' title="bbox 2269 3134 3856 3216">
    <p class='ocr_par' dir='ltr' id='par_1_89' title="bbox 2269 3134 3856 3216">
     <span class='ocr_line' id='line_1_89' title="bbox 2269 3134 3856 3216; baseline -0.009 -16"><span class='ocrx_word' id='word_1_603' title='bbox 2269 3145 2462 3216; x_wconf 86' lang='grc' dir='ltr'>γοῦσα,</span> <span class='ocrx_word' id='word_1_604' title='bbox 2495 3143 2588 3197; x_wconf 78' lang='grc' dir='ltr'>καὶ</span> <span class='ocrx_word' id='word_1_605' title='bbox 2635 3142 2801 3197; x_wconf 89' lang='grc' dir='ltr'>πόθον</span> <span class='ocrx_word' id='word_1_606' title='bbox 2833 3142 3062 3210; x_wconf 79' lang='grc' dir='ltr'>ὕστερον</span> <span class='ocrx_word' id='word_1_607' title='bbox 3093 3137 3448 3206; x_wconf 83' lang='grc' dir='ltr'>τελειουμένη</span> <span class='ocrx_word' id='word_1_608' title='bbox 3495 3134 3814 3188; x_wconf 85' lang='grc' dir='ltr'>συνιστῶσα</span> <span class='ocrx_word' id='word_1_609' title='bbox 3841 3151 3856 3164; x_wconf 89' lang='grc'><strong>·</strong></span> 
     </span>
    </p>
   </div>
   <div class='ocr_carea' id='block_1_90' title="bbox 2275 3227 3857 3309">
    <p class='ocr_par' dir='ltr' id='par_1_90' title="bbox 2275 3227 3857 3309">
     <span class='ocr_line' id='line_1_90' title="bbox 2275 3227 3857 3309; baseline -0.009 -18"><span class='ocrx_word' id='word_1_610' title='bbox 2275 3236 2476 3309; x_wconf 74' lang='grc' dir='ltr'>μᾶλλον</span> <span class='ocrx_word' id='word_1_611' title='bbox 2509 3234 2568 3288; x_wconf 86' lang='grc' dir='ltr'><strong>δὲ</strong></span> <span class='ocrx_word' id='word_1_612' title='bbox 2595 3234 2763 3303; x_wconf 81' lang='grc' dir='ltr'>φόόος</span> <span class='ocrx_word' id='word_1_613' title='bbox 2788 3229 2928 3302; x_wconf 73' lang='grc' dir='ltr'>αὑτὴ</span> <span class='ocrx_word' id='word_1_614' title='bbox 2961 3231 3084 3284; x_wconf 82' lang='grc' dir='ltr'>κατ’</span> <span class='ocrx_word' id='word_1_615' title='bbox 3112 3230 3286 3301; x_wconf 85' lang='grc' dir='ltr'>ἀρχὰς</span> <span class='ocrx_word' id='word_1_616' title='bbox 3307 3229 3376 3282; x_wconf 84' lang='grc' dir='ltr'>δι’</span> <span class='ocrx_word' id='word_1_617' title='bbox 3398 3229 3545 3298; x_wconf 78' lang='grc' dir='ltr'>ἡμᾶς</span> <span class='ocrx_word' id='word_1_618' title='bbox 3571 3227 3857 3296; x_wconf 76' lang='grc' dir='ltr'>οἰκονομι-</span> 
     </span>
    </p>
   </div>
   <div class='ocr_carea' id='block_1_91' title="bbox 2270 3320 3858 3399">
    <p class='ocr_par' dir='ltr' id='par_1_91' title="bbox 2270 3320 3858 3399">
     <span class='ocr_line' id='line_1_91' title="bbox 2270 3320 3858 3399; baseline -0.009 -15"><span class='ocrx_word' id='word_1_619' title='bbox 2270 3330 2382 3393; x_wconf 89' lang='grc' dir='ltr'><strong>κῶς</strong></span> <span class='ocrx_word' id='word_1_620' title='bbox 2410 3329 2693 3399; x_wconf 85' lang='grc' dir='ltr'>γινομένη,</span> <span class='ocrx_word' id='word_1_621' title='bbox 2727 3327 2814 3380; x_wconf 73' lang='grc' dir='ltr'>ἵνα</span> <span class='ocrx_word' id='word_1_622' title='bbox 2858 3325 3041 3396; x_wconf 80' lang='grc' dir='ltr'>παύσῃ</span> <span class='ocrx_word' id='word_1_623' title='bbox 3093 3323 3294 3386; x_wconf 84' lang='grc' dir='ltr'>κακίας</span> <span class='ocrx_word' id='word_1_624' title='bbox 3337 3322 3430 3375; x_wconf 81' lang='grc' dir='ltr'><strong>τὸν</strong></span> <span class='ocrx_word' id='word_1_625' title='bbox 3462 3320 3722 3392; x_wconf 72' lang='grc' dir='ltr'>ἐραστὴν,</span> <span class='ocrx_word' id='word_1_626' title='bbox 3756 3321 3858 3372; x_wconf 67' lang='grc' dir='ltr'><strong>καὶ</strong></span> 
     </span>
    </p>
   </div>
   <div class='ocr_carea' id='block_1_92' title="bbox 2270 3412 3857 3490">
    <p class='ocr_par' dir='ltr' id='par_1_92' title="bbox 2270 3412 3857 3490">
     <span class='ocr_line' id='line_1_92' title="bbox 2270 3412 3857 3490; baseline -0.008 -15"><span class='ocrx_word' id='word_1_627' title='bbox 2270 3421 2436 3484; x_wconf 87' lang='grc' dir='ltr'>πόθος</span> <span class='ocrx_word' id='word_1_628' title='bbox 2468 3418 2692 3490; x_wconf 82' lang='grc' dir='ltr'>ὕστερον</span> <span class='ocrx_word' id='word_1_629' title='bbox 2713 3417 2963 3487; x_wconf 83' lang='grc' dir='ltr'>φυσικῶς</span> <span class='ocrx_word' id='word_1_630' title='bbox 2989 3415 3359 3488; x_wconf 83' lang='grc' dir='ltr'>εὑρισκομένη</span> <span class='ocrx_word' id='word_1_631' title='bbox 3392 3413 3458 3466; x_wconf 87' lang='grc' dir='ltr'>δι’</span> <span class='ocrx_word' id='word_1_632' title='bbox 3477 3413 3678 3483; x_wconf 77' lang='grc' dir='ltr'>ἑαυτὴν</span> <span class='ocrx_word' id='word_1_633' title='bbox 3709 3412 3857 3463; x_wconf 72' lang='grc' dir='ltr'>κατὰ</span> 
     </span>
    </p>
   </div>
   <div class='ocr_carea' id='block_1_93' title="bbox 2268 3503 3857 3580">
    <p class='ocr_par' dir='ltr' id='par_1_93' title="bbox 2268 3503 3857 3580">
     <span class='ocr_line' id='line_1_93' title="bbox 2268 3503 3857 3580; baseline -0.008 -14"><span class='ocrx_word' id='word_1_634' title='bbox 2268 3512 2330 3566; x_wconf 82' lang='grc' dir='ltr'>τὺ</span> <span class='ocrx_word' id='word_1_635' title='bbox 2354 3511 2529 3576; x_wconf 83' lang='grc' dir='ltr'>τέλος,</span> <span class='ocrx_word' id='word_1_636' title='bbox 2556 3511 2645 3564; x_wconf 76' lang='grc' dir='ltr'>ἵνα</span> <span class='ocrx_word' id='word_1_637' title='bbox 2674 3508 2940 3580; x_wconf 80' lang='grc' dir='ltr'>πληρώσῃ</span> <span class='ocrx_word' id='word_1_638' title='bbox 2966 3508 3203 3576; x_wconf 87' lang='grc' dir='ltr'>γέλωτος</span> <span class='ocrx_word' id='word_1_639' title='bbox 3229 3505 3444 3577; x_wconf 83' lang='grc' dir='ltr'>νοητοῦ,</span> <span class='ocrx_word' id='word_1_640' title='bbox 3473 3505 3603 3567; x_wconf 82' lang='grc' dir='ltr'>τοὺς</span> <span class='ocrx_word' id='word_1_641' title='bbox 3625 3503 3728 3571; x_wconf 77' lang='grc' dir='ltr'><strong>τὴν</strong></span> <span class='ocrx_word' id='word_1_642' title='bbox 3751 3503 3857 3555; x_wconf 78' lang='grc' dir='ltr'><strong>σὺ·</strong></span> 
     </span>
    </p>
   </div>
   <div class='ocr_carea' id='block_1_94' title="bbox 2269 3596 3741 3674">
    <p class='ocr_par' dir='ltr' id='par_1_94' title="bbox 2269 3596 3741 3674">
     <span class='ocr_line' id='line_1_94' title="bbox 2269 3596 3741 3674; baseline -0.007 -16"><span class='ocrx_word' id='word_1_643' title='bbox 2269 3604 2367 3674; x_wconf 81' lang='grc' dir='ltr'>τῆς</span> <span class='ocrx_word' id='word_1_644' title='bbox 2397 3603 2614 3658; x_wconf 85' lang='grc' dir='ltr'>πάντων</span> <span class='ocrx_word' id='word_1_645' title='bbox 2643 3600 2752 3654; x_wconf 87' lang='grc' dir='ltr'><strong>τῶν</strong></span> <span class='ocrx_word' id='word_1_646' title='bbox 2778 3599 2950 3654; x_wconf 71' lang='grc' dir='ltr'>ὄντων</span> <span class='ocrx_word' id='word_1_647' title='bbox 2974 3596 3383 3670; x_wconf 81' lang='grc' dir='ltr'>ἁλλαξαμένους</span> <span class='ocrx_word' id='word_1_648' title='bbox 3409 3613 3472 3650; x_wconf 91' lang='grc' dir='ltr'><strong>συ</strong></span> <span class='ocrx_word' id='word_1_649' title='bbox 3481 3596 3741 3666; x_wconf 71' lang='grc' dir='ltr'>μείωσιν.</span> 
     </span>
    </p>
   </div>
   <div class='ocr_carea' id='block_1_95' title="bbox 2339 3769 3855 3848">
    <p class='ocr_par' dir='ltr' id='par_1_95' title="bbox 2339 3769 3855 3848">
     <span class='ocr_line' id='line_1_95' title="bbox 2339 3769 3855 3848; baseline -0.009 -13"><span class='ocrx_word' id='word_1_650' title='bbox 2339 3778 2442 3848; x_wconf 60' lang='lat' dir='ltr'><strong>ea}.</strong></span> <span class='ocrx_word' id='word_1_651' title='bbox 2477 3780 2545 3833; x_wconf 83' lang='lat' dir='ltr'><strong>&#39;H</strong></span> <span class='ocrx_word' id='word_1_652' title='bbox 2574 3778 2737 3846; x_wconf 82' lang='grc' dir='ltr'>σοφία</span> <span class='ocrx_word' id='word_1_653' title='bbox 2767 3777 2864 3831; x_wconf 76' lang='grc' dir='ltr'>καὶ</span> <span class='ocrx_word' id='word_1_654' title='bbox 2892 3776 3058 3846; x_wconf 73' lang='grc' dir='ltr'>φόϐος</span> <span class='ocrx_word' id='word_1_655' title='bbox 3096 3773 3235 3838; x_wconf 76' lang='grc' dir='ltr'>ἐστὶ,</span> <span class='ocrx_word' id='word_1_656' title='bbox 3267 3772 3410 3827; x_wconf 90' lang='grc' dir='ltr'><strong>κατά</strong></span> <span class='ocrx_word' id='word_1_657' title='bbox 3437 3771 3536 3843; x_wconf 83' lang='grc' dir='ltr'>τὴν</span> <span class='ocrx_word' id='word_1_658' title='bbox 3556 3769 3855 3840; x_wconf 73' lang='grc' dir='ltr'>ἀποφυγὴν</span> 
     </span>
    </p>
   </div>
   <div class='ocr_carea' id='block_1_96' title="bbox 2267 3865 3850 3946">
    <p class='ocr_par' dir='ltr' id='par_1_96' title="bbox 2267 3865 3850 3946">
     <span class='ocr_line' id='line_1_96' title="bbox 2267 3865 3850 3946; baseline -0.008 -18"><span class='ocrx_word' id='word_1_659' title='bbox 2267 3873 2531 3946; x_wconf 86' lang='grc' dir='ltr'>γινομένη</span> <span class='ocrx_word' id='word_1_660' title='bbox 2593 3873 2868 3944; x_wconf 83' lang='grc' dir='ltr'>στέρησις,</span> <span class='ocrx_word' id='word_1_661' title='bbox 2924 3873 3039 3934; x_wconf 85' lang='grc' dir='ltr'>τοῖς</span> <span class='ocrx_word' id='word_1_662' title='bbox 3090 3869 3192 3922; x_wconf 81' lang='grc' dir='ltr'>οὐκ</span> <span class='ocrx_word' id='word_1_663' title='bbox 3227 3865 3582 3940; x_wconf 86' lang='grc' dir='ltr'>ὀρεγομένοις</span> <span class='ocrx_word' id='word_1_664' title='bbox 3637 3866 3850 3934; x_wconf 74' lang='grc' dir='ltr'>αὐτῆς·</span> 
     </span>
    </p>
   </div>
   <div class='ocr_carea' id='block_1_97' title="bbox 2267 3957 3858 4030">
    <p class='ocr_par' dir='ltr' id='par_1_97' title="bbox 2267 3957 3858 4030">
     <span class='ocr_line' id='line_1_97' title="bbox 2267 3957 3858 4030; baseline -0.009 -8"><span class='ocrx_word' id='word_1_665' title='bbox 2267 3968 2362 4022; x_wconf 75' lang='grc' dir='ltr'>καὶ</span> <span class='ocrx_word' id='word_1_666' title='bbox 2388 3965 2554 4030; x_wconf 87' lang='grc' dir='ltr'>πόθος</span> <span class='ocrx_word' id='word_1_667' title='bbox 2607 3967 2781 4029; x_wconf 72' lang='grc' dir='ltr'>ἐστὶν,</span> <span class='ocrx_word' id='word_1_668' title='bbox 2807 3963 2921 4030; x_wconf 76' lang='grc' dir='ltr'>ἕξις</span> <span class='ocrx_word' id='word_1_669' title='bbox 2954 3960 3361 4029; x_wconf 80' lang='grc' dir='ltr'>ἀπολαυστικῆς</span> <span class='ocrx_word' id='word_1_670' title='bbox 3389 3959 3676 4029; x_wconf 79' lang='grc' dir='ltr'>ἐνεργείας</span> <span class='ocrx_word' id='word_1_671' title='bbox 3704 3957 3858 4026; x_wconf 78' lang='grc' dir='ltr'>εὑρι-</span> 
     </span>
    </p>
   </div>
   <div class='ocr_carea' id='block_1_98' title="bbox 2269 4048 3856 4131">
    <p class='ocr_par' dir='ltr' id='par_1_98' title="bbox 2269 4048 3856 4131">
     <span class='ocr_line' id='line_1_98' title="bbox 2269 4048 3856 4131; baseline -0.009 -19"><span class='ocrx_word' id='word_1_672' title='bbox 2269 4059 2509 4131; x_wconf 86' lang='grc' dir='ltr'>σκομένη</span> <span class='ocrx_word' id='word_1_673' title='bbox 2541 4060 2655 4121; x_wconf 82' lang='grc' dir='ltr'>τοῖς</span> <span class='ocrx_word' id='word_1_674' title='bbox 2682 4056 2976 4126; x_wconf 86' lang='grc' dir='ltr'>ἀγαπῶσιν</span> <span class='ocrx_word' id='word_1_675' title='bbox 3005 4054 3197 4124; x_wconf 83' lang='grc' dir='ltr'>αὐτήν.</span> <span class='ocrx_word' id='word_1_676' title='bbox 3223 4050 3374 4121; x_wconf 77' lang='grc' dir='ltr'>Αὕτη</span> <span class='ocrx_word' id='word_1_677' title='bbox 3399 4049 3509 4120; x_wconf 85' lang='grc' dir='ltr'>γὰρ</span> <span class='ocrx_word' id='word_1_678' title='bbox 3543 4048 3724 4101; x_wconf 77' lang='grc' dir='ltr'>ἐλπίδι</span> <span class='ocrx_word' id='word_1_679' title='bbox 3756 4063 3856 4099; x_wconf 75' lang='grc' dir='ltr'>κο-</span> 
     </span>
    </p>
   </div>
   <div class='ocr_carea' id='block_1_99' title="bbox 2263 4138 3856 4214">
    <p class='ocr_par' dir='ltr' id='par_1_99' title="bbox 2263 4138 3856 4214">
     <span class='ocr_line' id='line_1_99' title="bbox 2263 4138 3856 4214; baseline -0.009 -9"><span class='ocrx_word' id='word_1_680' title='bbox 2263 4152 2474 4214; x_wconf 82' lang='grc' dir='ltr'>λάσεως</span> <span class='ocrx_word' id='word_1_681' title='bbox 2501 4149 2692 4204; x_wconf 87' lang='grc' dir='ltr'>παθῶν</span> <span class='ocrx_word' id='word_1_682' title='bbox 2732 4147 3182 4210; x_wconf 79' lang='grc' dir='ltr'>ἀπαλλάσσουσα,</span> <span class='ocrx_word' id='word_1_683' title='bbox 3217 4144 3314 4196; x_wconf 73' lang='grc' dir='ltr'>καὶ</span> <span class='ocrx_word' id='word_1_684' title='bbox 3342 4140 3506 4210; x_wconf 76' lang='grc' dir='ltr'>φόϐον</span> <span class='ocrx_word' id='word_1_685' title='bbox 3540 4141 3718 4192; x_wconf 66' lang='grc' dir='ltr'>ποιεῖν</span> <span class='ocrx_word' id='word_1_686' title='bbox 3754 4138 3856 4192; x_wconf 81' lang='grc' dir='ltr'>καὶ</span> 
     </span>
    </p>
   </div>
   <div class='ocr_carea' id='block_1_100' title="bbox 2268 4231 3856 4314">
    <p class='ocr_par' dir='ltr' id='par_1_100' title="bbox 2268 4231 3856 4314">
     <span class='ocr_line' id='line_1_100' title="bbox 2268 4231 3856 4314; baseline -0.009 -17"><span class='ocrx_word' id='word_1_687' title='bbox 2268 4243 2430 4297; x_wconf 86' lang='grc' dir='ltr'>πόθον</span> <span class='ocrx_word' id='word_1_688' title='bbox 2461 4242 2773 4314; x_wconf 74' lang='grc' dir='ltr'>ἐργάζεται,</span> <span class='ocrx_word' id='word_1_689' title='bbox 2803 4241 2869 4311; x_wconf 80' lang='grc' dir='ltr'>τῇ</span> <span class='ocrx_word' id='word_1_690' title='bbox 2903 4238 3013 4291; x_wconf 86' lang='grc' dir='ltr'><strong>τῶν</strong></span> <span class='ocrx_word' id='word_1_691' title='bbox 3042 4233 3253 4306; x_wconf 87' lang='grc' dir='ltr'>ἀρετῶν</span> <span class='ocrx_word' id='word_1_692' title='bbox 3277 4233 3564 4304; x_wconf 77' lang='grc' dir='ltr'>ὲπικτήσει</span> <span class='ocrx_word' id='word_1_693' title='bbox 3597 4231 3692 4285; x_wconf 79' lang='grc' dir='ltr'><strong>τὸν</strong></span> <span class='ocrx_word' id='word_1_694' title='bbox 3725 4231 3856 4284; x_wconf 76' lang='grc' dir='ltr'>νοῦν</span> 
     </span>
    </p>
   </div>
   <div class='ocr_carea' id='block_1_101' title="bbox 2200 4329 3180 4417">
    <p class='ocr_par' dir='ltr' id='par_1_101' title="bbox 2200 4329 3180 4417">
     <span class='ocr_line' id='line_1_101' title="bbox 2200 4329 3180 4417; baseline -0.008 -28"><span class='ocrx_word' id='word_1_695' title='bbox 2200 4361 2244 4417; x_wconf 76' lang='lat' dir='ltr'><strong>D</strong></span> <span class='ocrx_word' id='word_1_696' title='bbox 2269 4335 2520 4398; x_wconf 77' lang='grc' dir='ltr'>ἐθίζουσα</span> <span class='ocrx_word' id='word_1_697' title='bbox 2556 4332 2774 4403; x_wconf 87' lang='grc' dir='ltr'>βλέπειν</span> <span class='ocrx_word' id='word_1_698' title='bbox 2798 4331 2865 4384; x_wconf 89' lang='grc' dir='ltr'><strong>τά</strong></span> <span class='ocrx_word' id='word_1_699' title='bbox 2899 4329 3180 4401; x_wconf 87' lang='grc' dir='ltr'>μέλλοντα.</span> 
     </span>
    </p>
   </div>
   <div class='ocr_carea' id='block_1_102' title="bbox 2343 4420 3851 4495">
    <p class='ocr_par' dir='ltr' id='par_1_102' title="bbox 2343 4420 3851 4495">
     <span class='ocr_line' id='line_1_102' title="bbox 2343 4420 3851 4495; baseline -0.013 -5"><span class='ocrx_word' id='word_1_700' title='bbox 2343 4423 2441 4495; x_wconf 81' lang='grc' dir='ltr'><strong>ξβ’.</strong></span> <span class='ocrx_word' id='word_1_701' title='bbox 2471 4425 2630 4480; x_wconf 83' lang='grc' dir='ltr'>Πᾶσα</span> <span class='ocrx_word' id='word_1_702' title='bbox 2682 4422 3091 4493; x_wconf 75' lang='grc' dir='ltr'>ἐξομολόγησις,</span> <span class='ocrx_word' id='word_1_703' title='bbox 3132 4425 3383 4477; x_wconf 81' lang='grc' dir='ltr'>ταπεινοῖ</span> <span class='ocrx_word' id='word_1_704' title='bbox 3419 4423 3519 4494; x_wconf 79' lang='grc' dir='ltr'>τὴν</span> <span class='ocrx_word' id='word_1_705' title='bbox 3563 4421 3779 4492; x_wconf 59' lang='grc' dir='ltr'>ψυχήν</span> <span class='ocrx_word' id='word_1_706' title='bbox 3818 4420 3851 4488; x_wconf 77' lang='grc' dir='ltr'><strong>ὴ</strong></span> 
     </span>
    </p>
   </div>
   <div class='ocr_carea' id='block_1_103' title="bbox 2273 4513 3851 4588">
    <p class='ocr_par' dir='ltr' id='par_1_103' title="bbox 2273 4513 3851 4588">
     <span class='ocr_line' id='line_1_103' title="bbox 2273 4513 3851 4588; baseline -0.003 -17"><span class='ocrx_word' id='word_1_707' title='bbox 2273 4515 2392 4588; x_wconf 75' lang='grc' dir='ltr'>μὲν,</span> <span class='ocrx_word' id='word_1_708' title='bbox 2423 4515 2607 4587; x_wconf 81' lang='grc' dir='ltr'>χάριτι</span> <span class='ocrx_word' id='word_1_709' title='bbox 2635 4514 2771 4568; x_wconf 87' lang='grc' dir='ltr'>Θεοῦ</span> <span class='ocrx_word' id='word_1_710' title='bbox 2798 4514 3216 4569; x_wconf 59' lang='grc' dir='ltr'>δικαιωθεῖσανα</span> <span class='ocrx_word' id='word_1_711' title='bbox 3252 4516 3285 4585; x_wconf 84' lang='grc' dir='ltr'><strong>ή</strong></span> <span class='ocrx_word' id='word_1_712' title='bbox 3317 4515 3396 4578; x_wconf 78' lang='grc' dir='ltr'>δὲ,</span> <span class='ocrx_word' id='word_1_713' title='bbox 3431 4513 3682 4586; x_wconf 70' lang='grc' dir='ltr'>ῥᾳθυμία</span> <span class='ocrx_word' id='word_1_714' title='bbox 3712 4513 3851 4582; x_wconf 75' lang='grc' dir='ltr'>γνώ-</span> 
     </span>
    </p>
   </div>
   <div class='ocr_carea' id='block_1_104' title="bbox 2273 4605 3852 4678">
    <p class='ocr_par' dir='ltr' id='par_1_104' title="bbox 2273 4605 3852 4678">
     <span class='ocr_line' id='line_1_104' title="bbox 2273 4605 3852 4678; baseline -0.001 -18"><span class='ocrx_word' id='word_1_715' title='bbox 2273 4625 2382 4678; x_wconf 88' lang='grc' dir='ltr'><strong>μης</strong></span> <span class='ocrx_word' id='word_1_716' title='bbox 2402 4606 2609 4670; x_wconf 79' lang='grc' dir='ltr'>οἰκείας</span> <span class='ocrx_word' id='word_1_717' title='bbox 2666 4606 2751 4659; x_wconf 69' lang='grc' dir='ltr'><strong>ἐπ’</strong></span> <span class='ocrx_word' id='word_1_718' title='bbox 2787 4605 3127 4676; x_wconf 73' lang='grc' dir='ltr'>ἐγκλήμασιν</span> <span class='ocrx_word' id='word_1_719' title='bbox 3173 4605 3522 4676; x_wconf 78' lang='grc' dir='ltr'>ἐνεχομένην,</span> <span class='ocrx_word' id='word_1_720' title='bbox 3555 4606 3727 4676; x_wconf 78' lang='grc' dir='ltr'>αὐτὴν</span> <span class='ocrx_word' id='word_1_721' title='bbox 3767 4607 3852 4658; x_wconf 71' lang='grc' dir='ltr'><strong>ὲκ-</strong></span> 
     </span>
    </p>
   </div>
   <div class='ocr_carea' id='block_1_105' title="bbox 2267 4700 2617 4754">
    <p class='ocr_par' dir='ltr' id='par_1_105' title="bbox 2267 4700 2617 4754">
     <span class='ocr_line' id='line_1_105' title="bbox 2267 4700 2617 4754; baseline 0 0"><span class='ocrx_word' id='word_1_722' title='bbox 2267 4700 2617 4754; x_wconf 79' lang='grc' dir='ltr'>διδάσκουσα.</span> 
     </span>
    </p>
   </div>
   <div class='ocr_carea' id='block_1_106' title="bbox 2343 4790 3852 4863">
    <p class='ocr_par' dir='ltr' id='par_1_106' title="bbox 2343 4790 3852 4863">
     <span class='ocr_line' id='line_1_106' title="bbox 2343 4790 3852 4863; baseline -0.009 -5"><span class='ocrx_word' id='word_1_723' title='bbox 2343 4790 2444 4861; x_wconf 81' lang='grc' dir='ltr'><strong>ξγό</strong></span> <span class='ocrx_word' id='word_1_724' title='bbox 2472 4791 2656 4855; x_wconf 82' lang='grc' dir='ltr'><strong>Αιττδς</strong></span> <span class='ocrx_word' id='word_1_725' title='bbox 2681 4792 2709 4844; x_wconf 86' lang='grc' dir='ltr'>ὁ</span> <span class='ocrx_word' id='word_1_726' title='bbox 2734 4792 2834 4862; x_wconf 85' lang='grc' dir='ltr'>τῆς</span> <span class='ocrx_word' id='word_1_727' title='bbox 2861 4793 3307 4863; x_wconf 81' lang='grc' dir='ltr'>ὲξομολογήσεως</span> <span class='ocrx_word' id='word_1_728' title='bbox 3327 4793 3484 4862; x_wconf 76' lang='grc' dir='ltr'>λόγος</span> <span class='ocrx_word' id='word_1_729' title='bbox 3508 4811 3522 4825; x_wconf 75' lang='grc' dir='ltr'><strong><em>ο</em></strong></span> <span class='ocrx_word' id='word_1_730' title='bbox 3551 4795 3582 4847; x_wconf 82' lang='grc' dir='ltr'>ὁ</span> <span class='ocrx_word' id='word_1_731' title='bbox 3612 4793 3736 4863; x_wconf 81' lang='grc' dir='ltr'>μὲν,</span> <span class='ocrx_word' id='word_1_732' title='bbox 3763 4795 3852 4848; x_wconf 68' lang='grc' dir='ltr'>επ*</span> 
     </span>
    </p>
   </div>
   <div class='ocr_carea' id='block_1_107' title="bbox 2272 4881 3853 4954">
    <p class='ocr_par' dir='ltr' id='par_1_107' title="bbox 2272 4881 3853 4954">
     <span class='ocr_line' id='line_1_107' title="bbox 2272 4881 3853 4954; baseline 0.001 -19"><span class='ocrx_word' id='word_1_733' title='bbox 2272 4881 2594 4953; x_wconf 73' lang='grc' dir='ltr'>εὐχαριστία</span> <span class='ocrx_word' id='word_1_734' title='bbox 2625 4881 2734 4935; x_wconf 86' lang='grc' dir='ltr'><strong>τῶν</strong></span> <span class='ocrx_word' id='word_1_735' title='bbox 2774 4881 3164 4954; x_wconf 84' lang='grc' dir='ltr'>δεδωρημένων</span> <span class='ocrx_word' id='word_1_736' title='bbox 3193 4883 3416 4952; x_wconf 85' lang='grc' dir='ltr'>ἀγαθῶν</span> <span class='ocrx_word' id='word_1_737' title='bbox 3447 4885 3736 4951; x_wconf 81' lang='grc' dir='ltr'>γινόμενος</span> <span class='ocrx_word' id='word_1_738' title='bbox 3755 4901 3770 4915; x_wconf 89' lang='grc'><strong>·</strong></span> <span class='ocrx_word' id='word_1_739' title='bbox 3825 4887 3853 4938; x_wconf 80' lang='grc' dir='ltr'><strong>ό</strong></span> 
     </span>
    </p>
   </div>
   <div class='ocr_carea' id='block_1_108' title="bbox 2270 4972 3854 5045">
    <p class='ocr_par' dir='ltr' id='par_1_108' title="bbox 2270 4972 3854 5045">
     <span class='ocr_line' id='line_1_108' title="bbox 2270 4972 3854 5045; baseline 0 -18"><span class='ocrx_word' id='word_1_740' title='bbox 2270 4973 2348 5040; x_wconf 87' lang='grc' dir='ltr'>δὲ,</span> <span class='ocrx_word' id='word_1_741' title='bbox 2382 4974 2470 5026; x_wconf 73' lang='grc' dir='ltr'><strong>ἐπ’</strong></span> <span class='ocrx_word' id='word_1_742' title='bbox 2505 4973 2715 5044; x_wconf 78' lang='grc' dir='ltr'>ἐλέγχῳ</span> <span class='ocrx_word' id='word_1_743' title='bbox 2769 4973 2863 5027; x_wconf 72' lang='grc' dir='ltr'>καὶ</span> <span class='ocrx_word' id='word_1_744' title='bbox 2893 4973 3115 5044; x_wconf 80' lang='grc' dir='ltr'>ὲτασμῷ</span> <span class='ocrx_word' id='word_1_745' title='bbox 3159 4972 3270 5026; x_wconf 81' lang='grc' dir='ltr'><strong>τῶν</strong></span> <span class='ocrx_word' id='word_1_746' title='bbox 3308 4973 3496 5036; x_wconf 84' lang='grc' dir='ltr'>κακῶς</span> <span class='ocrx_word' id='word_1_747' title='bbox 3527 4975 3854 5045; x_wconf 78' lang='grc' dir='ltr'>πεπραγμέ-</span> 
     </span>
    </p>
   </div>
   <div class='ocr_carea' id='block_1_109' title="bbox 2273 5063 3847 5137">
    <p class='ocr_par' dir='ltr' id='par_1_109' title="bbox 2273 5063 3847 5137">
     <span class='ocr_line' id='line_1_109' title="bbox 2273 5063 3847 5137; baseline 0.001 -18"><span class='ocrx_word' id='word_1_748' title='bbox 2273 5083 2378 5119; x_wconf 89' lang='grc' dir='ltr'><strong>νων</strong></span> <span class='ocrx_word' id='word_1_749' title='bbox 2402 5064 2719 5135; x_wconf 85' lang='grc' dir='ltr'>λεγόμενος.</span> <span class='ocrx_word' id='word_1_750' title='bbox 2768 5063 3190 5136; x_wconf 81' lang='grc' dir='ltr'>Ἐξομολόγησις</span> <span class='ocrx_word' id='word_1_751' title='bbox 3223 5065 3330 5137; x_wconf 84' lang='grc' dir='ltr'>γὰρ</span> <span class='ocrx_word' id='word_1_752' title='bbox 3380 5065 3622 5133; x_wconf 86' lang='grc' dir='ltr'>λέγεται,</span> <span class='ocrx_word' id='word_1_753' title='bbox 3675 5073 3769 5121; x_wconf 80' lang='grc' dir='ltr'><strong>καὶ</strong></span> <span class='ocrx_word' id='word_1_754' title='bbox 3817 5070 3847 5136; x_wconf 80' lang='grc' dir='ltr'><strong>ἠ</strong></span> 
     </span>
    </p>
   </div>
   <div class='ocr_carea' id='block_1_110' title="bbox 2265 5155 3842 5230">
    <p class='ocr_par' dir='ltr' id='par_1_110' title="bbox 2265 5155 3842 5230">
     <span class='ocr_line' id='line_1_110' title="bbox 2265 5155 3842 5230; baseline 0.001 -17"><span class='ocrx_word' id='word_1_755' title='bbox 2265 5159 2373 5213; x_wconf 89' lang='grc' dir='ltr'><strong>τῶν</strong></span> <span class='ocrx_word' id='word_1_756' title='bbox 2401 5155 2459 5213; x_wconf 85' lang='grc' dir='ltr'><strong>εὖ</strong></span> <span class='ocrx_word' id='word_1_757' title='bbox 2493 5157 2842 5213; x_wconf 84' lang='grc' dir='ltr'>πεπονθότων</span> <span class='ocrx_word' id='word_1_758' title='bbox 2876 5157 2992 5229; x_wconf 86' lang='grc' dir='ltr'>μετ’</span> <span class='ocrx_word' id='word_1_759' title='bbox 3021 5159 3372 5230; x_wconf 84' lang='grc' dir='ltr'>εὐχαριστίας</span> <span class='ocrx_word' id='word_1_760' title='bbox 3402 5159 3509 5212; x_wconf 83' lang='grc' dir='ltr'><strong>τῶν</strong></span> <span class='ocrx_word' id='word_1_761' title='bbox 3546 5160 3711 5214; x_wconf 86' lang='grc' dir='ltr'>θείων</span> <span class='ocrx_word' id='word_1_762' title='bbox 3760 5162 3842 5214; x_wconf 73' lang='grc' dir='ltr'>εὐ-</span> 
     </span>
    </p>
   </div>
   <div class='ocr_carea' id='block_1_111' title="bbox 2267 5251 3850 5327">
    <p class='ocr_par' dir='ltr' id='par_1_111' title="bbox 2267 5251 3850 5327">
     <span class='ocr_line' id='line_1_111' title="bbox 2267 5251 3850 5327; baseline 0.003 -23"><span class='ocrx_word' id='word_1_763' title='bbox 2267 5251 2534 5324; x_wconf 85' lang='grc' dir='ltr'>εργεσιῶν</span> <span class='ocrx_word' id='word_1_764' title='bbox 2559 5251 2956 5322; x_wconf 89' lang='grc' dir='ltr'>ἀπαρίθμησις,</span> <span class='ocrx_word' id='word_1_765' title='bbox 2987 5253 3080 5305; x_wconf 70' lang='grc' dir='ltr'><strong>καὶ</strong></span> <span class='ocrx_word' id='word_1_766' title='bbox 3103 5253 3136 5322; x_wconf 83' lang='grc' dir='ltr'><strong>ἡ</strong></span> <span class='ocrx_word' id='word_1_767' title='bbox 3170 5251 3280 5306; x_wconf 88' lang='grc' dir='ltr'><strong>τῶν</strong></span> <span class='ocrx_word' id='word_1_768' title='bbox 3304 5253 3492 5318; x_wconf 86' lang='grc' dir='ltr'>κακῶς</span> <span class='ocrx_word' id='word_1_769' title='bbox 3522 5257 3850 5327; x_wconf 77' lang='grc' dir='ltr'>πεπραγμέο</span> 
     </span>
    </p>
   </div>
   <div class='ocr_carea' id='block_1_112' title="bbox 2266 5343 3847 5419">
    <p class='ocr_par' dir='ltr' id='par_1_112' title="bbox 2266 5343 3847 5419">
     <span class='ocr_line' id='line_1_112' title="bbox 2266 5343 3847 5419; baseline 0.002 -22"><span class='ocrx_word' id='word_1_770' title='bbox 2266 5361 2372 5399; x_wconf 90' lang='grc' dir='ltr'><strong>νων</strong></span> <span class='ocrx_word' id='word_1_771' title='bbox 2407 5344 2560 5415; x_wconf 85' lang='grc' dir='ltr'>παρὰ</span> <span class='ocrx_word' id='word_1_772' title='bbox 2599 5343 2706 5399; x_wconf 89' lang='grc' dir='ltr'><strong>τῶν</strong></span> <span class='ocrx_word' id='word_1_773' title='bbox 2731 5344 3000 5399; x_wconf 80' lang='grc' dir='ltr'>ὑπαιτίων</span> <span class='ocrx_word' id='word_1_774' title='bbox 3027 5344 3411 5418; x_wconf 78' lang='grc' dir='ltr'>ὲξαγόρευσιςο</span> <span class='ocrx_word' id='word_1_775' title='bbox 3448 5348 3737 5419; x_wconf 81' lang='grc' dir='ltr'>ἀμφότερα</span> <span class='ocrx_word' id='word_1_776' title='bbox 3768 5349 3847 5410; x_wconf 76' lang='grc' dir='ltr'><strong>δὲ,</strong></span> 
     </span>
    </p>
   </div>
   <div class='ocr_carea' id='block_1_113' title="bbox 2268 5435 3854 5514">
    <p class='ocr_par' dir='ltr' id='par_1_113' title="bbox 2268 5435 3854 5514">
     <span class='ocr_line' id='line_1_113' title="bbox 2268 5435 3854 5514; baseline 0.003 -23"><span class='ocrx_word' id='word_1_777' title='bbox 2268 5435 2655 5503; x_wconf 85' lang='grc' dir='ltr'>ταπεινώσεως</span> <span class='ocrx_word' id='word_1_778' title='bbox 2682 5436 2918 5511; x_wconf 82' lang='grc' dir='ltr'>ὑπάρχει</span> <span class='ocrx_word' id='word_1_779' title='bbox 2949 5439 3232 5511; x_wconf 82' lang='grc' dir='ltr'>ποιητικά.</span> <span class='ocrx_word' id='word_1_780' title='bbox 3283 5439 3350 5497; x_wconf 79' lang='lat'>&#39;0</span> <span class='ocrx_word' id='word_1_781' title='bbox 3375 5459 3437 5495; x_wconf 84' lang='grc' dir='ltr'><strong>τε</strong></span> <span class='ocrx_word' id='word_1_782' title='bbox 3464 5440 3576 5514; x_wconf 88' lang='grc' dir='ltr'><strong>γάρ</strong></span> <span class='ocrx_word' id='word_1_783' title='bbox 3605 5441 3692 5497; x_wconf 74' lang='grc' dir='ltr'><strong>ἐπ’</strong></span> <span class='ocrx_word' id='word_1_784' title='bbox 3720 5443 3854 5510; x_wconf 72' lang='grc' dir='ltr'>ἀγα-</span> 
     </span>
    </p>
   </div>
  </div>
