4094 6204
353 263 488 332 1989

994 269 1328 331 CAPITUM
1363 271 1786 345 QUINQUIES
1819 271 2334 335 CENTENORUM
2371 272 2752 333 CENTURIA
2800 273 2914 333 III.

3457 279 3590 344 1290

351 381 463 443 θοῖς
496 376 838 448 εὐχαριστῶν
867 377 1023 448 ὁμοῦ,
1059 380 1154 433 καὶ
1178 381 1206 433 6
1229 382 1316 435 ἐπ’
1349 381 1692 453 ἐγκλήμασιν
1726 381 1915 445 ἐταζό-

2040 384 2112 452 ιιιί
2147 382 2218 437 ob
2245 382 2385 436 dona
2416 384 2612 437 collata
2647 383 2849 453 gratias
2876 382 3005 452 agit,
3056 397 3114 438 se
3149 382 3424 451 humiliat,
3474 398 3591 444 tum

350 487 529 541 μενος,
557 468 912 523 ταπεινοῦται
938 485 953 501 ο
1003 473 1030 524 6
1079 472 1199 543 μὲν,
1230 475 1420 528 ἐαυτὸν
1453 475 1672 540 ἀνάξιον
1717 476 1922 546 κρίνων

346 563 456 616 τῶν
483 562 743 616 δοθέντων
772 561 974 616 καλῶν·
1003 565 1033 618 6
1067 565 1146 628 δὲ,
1176 565 1363 621 λαϐεῖν
1385 567 1577 637 ἄφεσιν
1606 567 1716 620 τῶν
1743 566 1922 636 πλημ-

351 653 698 726 μεληθέντων
724 654 1002 724 δεόμενος.

419 745 512 811 ξδ’.
539 746 614 798 Τὸ
636 745 736 815 τῆς
761 746 1141 817 ὑπερηφανίας
1161 749 1358 813 πάθος,
1391 752 1454 802 ἐκ
1483 751 1574 804 δύο
1595 751 1922 820 συνέστηκεν

348 837 600 907 ἁγνοιῶν.
638 837 740 891 Δύο
783 839 840 892 δὲ
880 840 1234 894 συνελθοῦσαι
1273 842 1408 911 πρὸς
1457 841 1652 895 ἐνωσιν
1684 844 1918 911 ἄγνοιαι,

353 931 481 1002 μίαν
512 933 774 1002 φρόνησιν
797 931 1210 1002 συγκεχυμένην
1232 933 1576 989 ἀποτελοῦσι.
1611 936 1786 997 Μόνος
1815 936 1922 1008 γάρ

350 1023 554 1085 ἐκεῖνός
577 1025 726 1075 ἐστιν
751 1023 1118 1092 ὑπερήφανος,
1152 1026 1179 1076 ό
1213 1024 1305 1077 καὶ
1344 1025 1440 1094 τὴν
1467 1026 1616 1078 θείαν
1650 1026 1920 1097 βοήθειαν.

351 1114 444 1167 καὶ
491 1116 590 1184 τὴν
647 1115 996 1184 ἀνθρωπίνην
1049 1117 1320 1186 ἀγνοήσας
1375 1117 1677 1170 ἀσθένειαν.
1715 1117 1924 1172 υύκοῦν

353 1205 702 1276 ὑπερηφανία
741 1208 878 1271 ἐστὶ,
929 1208 1079 1272 θείας
1125 1209 1220 1261 καὶ
1269 1206 1620 1278 ἀνθρωπίνης
1671 1208 1924 1277 γνώσεως

356 1299 631 1370 στέρησις.
666 1301 745 1369 Τῇ
805 1300 915 1370 γὰρ
963 1301 1072 1353 τῶν
1110 1299 1324 1372 ἀληθῶν
1373 1300 1560 1372 ἄκρων
1626 1301 1922 1371 ἀποφάσει,

357 1391 453 1462 μία
484 1393 578 1444 καὶ
605 1391 807 1462 ψευδὴς
836 1393 1070 1464 ὑπάρχει
1098 1392 1429 1460 κατάφασις.

425 1479 519 1548 Ea'.
581 1482 645 1534 Ἦ
696 1481 992 1547 κενοδοξία,
1049 1482 1254 1537 σκοποῦ
1312 1483 1409 1553 μὲν
1457 1482 1552 1537 τοῦ
1606 1482 1748 1536 κατὰ
1794 1483 1926 1537 Θεόν

355 1574 504 1626 ἐστιν
547 1572 842 1636 ἔκστασις·
913 1574 1050 1644 πρὸς
1103 1573 1160 1627 δὲ
1211 1574 1369 1628 ἄλλον
1423 1575 1626 1628 σκοπὸν
1661 1577 1811 1646 παρὰ
1837 1576 1926 1630 τὸν

355 1661 499 1717 θεῖον
555 1664 789 1736 ὑπάρχει
846 1665 1167 1735 μετάϐασις.
1217 1665 1504 1730 Κενόδοξος
1552 1666 1660 1737 γάρ
1697 1668 1867 1731 ἐστιν,
1899 1668 1927 1720 6

356 1755 454 1824 τῆς
483 1755 723 1821 οἰκείας,
760 1756 896 1810 ἀλλὰ
947 1756 1026 1829 μὴ
1060 1757 1165 1826 τῆς·
1208 1756 1360 1820 θείας
1409 1758 1572 1811 ἕνεκα
1623 1758 1803 1827 δόξης.
1831 1757 1928 1830 τὴν

355 1845 554 1916 ἀρετὴν
589 1845 947 1916 ἐπιτηδεύων,
979 1847 1074 1900 καὶ
1117 1847 1298 1910 πόνοις
1341 1847 1562 1911 οἰκείοις
1597 1849 1725 1912 τοὺς
1753 1848 1810 1915 ἐξ
1840 1850 1933 1903 άν-

359 1936 592 2009 θρώπων
621 1937 1028 2001 ἀνυποστάτους
1057 1937 1316 2001 ἐπαίνους
1345 1938 1485 1993 ὼνού
1496 1955 1680 2010 μενος.

429 2025 535 2092 ξς’.
581 2029 638 2081 Ὀ
688 2029 1175 2100 ἀνθρωπάρεσκος,
1230 2030 1407 2102 μόνων
1448 2033 1793 2104 ἐπιμελεῖται
1821 2031 1932 2087 τῶν

359 2120 700 2189 φαινομένων
731 2120 897 2190 ἠθῶν,
931 2122 1023 2174 καὶ
1057 2124 1162 2196 μὴν
1190 2126 1285 2180 καὶ
1314 2125 1473 2194 λόγου
1511 2123 1606 2177 τοῦ
1652 2125 1882 2189 κόλακος
1911 2139 1927 2156 ⁸

361 2207 448 2260 ἵνα
479 2209 593 2270 τοῖς
628 2208 728 2277 μὲν
771 2208 867 2279 τὴν
895 2209 1086 2281 ὅρασιν
1107 2254 1122 2277 ,
1149 2213 1228 2284 τῷ
1269 2213 1327 2266 δὲ
1367 2213 1467 2282 τὴν
1492 2213 1660 2284 ἀκοὴν
1686 2213 1934 2283 σφετερί-

361 2299 542 2367 ζηται,
585 2298 692 2352 τῶν
728 2300 907 2369 μόνοις
945 2303 1220 2372 ἡδομένων
1269 2305 1300 2374 ἢ
1353 2304 1448 2356 καὶ
1482 2303 1934 2374 καταπληττομέ-

361 2407 467 2443 νων
512 2393 625 2455 τοῖς
658 2393 1004 2462 φαινομένοις
1042 2412 1100 2448 τε
1135 2396 1229 2448 καὶ
1260 2397 1634 2466 άκουομένοις.
1666 2396 1758 2448 καὶ
1796 2395 1935 2468 μόνῃ

362 2484 428 2550 τῇ
461 2481 713 2551 αἰσθήσει
747 2484 1198 2553 περιγραφόντων
1226 2484 1323 2555 τὴν
1366 2485 1610 2554 ἀρετήν.
1656 2483 1937 2556 Ἀνθρωπ-

363 2573 656 2643 αρέσκειαν
684 2569 776 2626 οὖν
813 2592 1013 2644 φαμεν,
1063 2577 1160 2647 τὴν
1204 2575 1278 2639 ὡς
1308 2576 1393 2628 ἐπ’
1421 2579 1587 2646 ἀρετῇ
1621 2574 1687 2628 δι’
1725 2575 1937 2646 ἀνθρώ-

366 2679 501 2726 πους
534 2664 826 2735 γινομένην
859 2666 964 2719 τῶν
991 2667 1134 2736 ᾑθὼν
1159 2685 1216 2719 τε
1249 2667 1421 2735 λόγων
1450 2664 1734 2731 ἐπίδειξιν·

439 2925 534 2990 ξςν.
574 2924 894 2998 Ύπὸκρισίς
941 2929 1080 2990 ἐστι,
1132 2926 1317 2996 φιλίας
1348 2926 1711 2996 προσποίησις
1734 2942 1750 2957 ο
1783 2923 1817 2998 ἢ
1847 2927 1939 2997 μί-

371 3034 480 3081 σος,
538 3018 780 3086 σχήματι
833 3018 1020 3086 φιλίας
1074 3017 1599 3088 κεκαλυμμένον·ἢ
1649 3017 1838 3090 ἔχθρα,
1870 3017 1938 3072 δι’

370 3109 581 3173 εὐνοίας
609 3110 984 3180 ἐνεργουμένη
1008 3127 1022 3142 ·
1055 3111 1086 3180 ἢ
1117 3109 1329 3177 φθόνος,
1362 3109 1582 3180 ἀγάπης
1610 3107 1940 3183 χαρακτῆρα

372 3201 746 3272 μιμούμενος·
801 3202 834 3273 ἢ
892 3201 1030 3272 βίος,
1087 3201 1289 3272 ἀρετῆς
1349 3201 1654 3272 πλάσματι,
1709 3202 1823 3255 ἀλλ’
1877 3203 1938 3255 ού

373 3295 654 3364 πράγματι
681 3293 742 3346 τὸ
776 3294 1002 3362 κόσμιον
1031 3292 1190 3362 ἐχωνο
1214 3292 1246 3364 ἢ
1270 3293 1618 3364 δικαιοσύνης
1647 3295 1942 3365 προσποίη-

383 3401 489 3447 σις,
539 3387 605 3453 τῇ
641 3383 734 3436 τοῦ
766 3380 902 3437 εἶναι
933 3384 1153 3453 δοκήσει
1181 3385 1590 3455 συν-τηρουμένη
1619 3400 1631 3413 ’
1668 3385 1699 3454 ἢ
1733 3385 1939 3453 ἀπάτη,

371 3474 628 3546 ἀληθείας
667 3472 870 3541 ἔχουσα
923 3472 1206 3542 μόρφωσιν
1227 3490 1240 3502 ·
1279 3475 1344 3543 ἢν
1375 3475 1422 3524 oi.
1450 3474 1540 3525 τὸν
1574 3476 1696 3541 ὅφιν
1729 3476 1794 3542 τῇ
1833 3473 1942 3525 τῶν

369 3565 516 3636 ἠθῶν
548 3564 856 3634 σκολιότητι
898 3563 1252 3633 μιμούμενοι,
1289 3563 1728 3631 ἐπιτηδεύουσιν.

441 3741 543 3815 ξη’.
586 3745 649 3796 Ἡ
682 3743 791 3797 τῶν
823 3742 990 3795 ὄντων
1044 3741 1212 3805 αἰτία,
1265 3741 1360 3794 καί
1389 3740 1497 3794 τῶν
1547 3743 1603 3795 ἐν
1649 3744 1760 3805 τοῖς
1793 3737 1944 3794 οὖσιν

372 3837 614 3904 ἀγαθῶν,
648 3835 797 3889 ἐστὶν
834 3836 864 3888 6
891 3835 1046 3898 Θεός.
1087 3833 1144 3888 '0
1173 3832 1356 3886 τοίνυν
1389 3833 1522 3903 περὶ
1545 3833 1644 3904 τὴν
1669 3833 1872 3905 ἀρετὴν
1900 3833 1934 3903 ἢ

373 3925 470 3995 τὴν
498 3925 697 3992 γνῶσιν
722 3922 1106 3993 ἐπαιρόμενος,
1143 3921 1237 3974 καὶ
1269 3921 1344 3991 μὴ
1379 3919 1457 3990 τῷ
1507 3922 1691 3991 μέτρῳ
1739 3920 1837 3991 τῆς
1885 3921 1944 3974 ἐν

375 4015 559 4085 χάριτι
605 4014 808 4084 ἀρετῆς
861 4012 980 4082 ἤτοι
1032 4009 1338 4080 προκοπῆς,
1392 4009 1944 4078 συνεπεκτείνωντῆς

373 4105 576 4167 οἰκείας
605 4103 885 4164 ἀσθενείας
912 4103 1010 4170 τὴν
1045 4101 1519 4170 ἐπιγνωμοσύνην,
1552 4100 1614 4152 τὸ
1643 4100 1740 4169 τῆς
1771 4101 1942 4168 ὑπερ-

375 4197 610 4268 ηφανίας
639 4194 806 4248 κακὸν
839 4193 899 4245 οὑ
931 4193 1204 4260 διέφυγεν.
1241 4192 1300 4245 '0
1327 4192 1384 4246 δὲ
1412 4192 1568 4262 δόξης
1595 4193 1779 4276 ἐνεκεν
1812 4191 1948 4254 ἰδίας

375 4291 436 4342 τὸ
465 4287 627 4340 καλὸν
655 4285 1010 4356 ἐπιτηδεύων,
1042 4286 1235 4339 ἑαυτὸν
1264 4286 1358 4338 τοῦ
1381 4285 1516 4338 Θεοῦ
1557 4286 1946 4356 προτετίμηκε,

2023 470 2116 539 qui
2151 470 2496 525 examinator
2523 471 2594 524 ob
2624 478 2834 538 patrata
2869 468 3134 535 crimina;
3161 482 3396 539 quorum
3427 475 3590 541 alter,

2024 562 2265 630 acceptis
2310 562 2475 616 bonis
2514 561 2800 632 indignum
2858 577 2918 616 se
2965 562 3208 632 judicct;
3257 566 3396 620 alter
3437 583 3590 632 vero,

2028 655 2240 710 veniam
2271 653 2599 733 delictorum
2631 653 2880 722 accipere
2916 653 3140 724 ﬂagitet.

2095 745 2184 801 64.
2217 745 2503 816 Superbia:
2553 746 2751 800 vitium
2795 760 2863 799 ex
2904 745 3113 814 duplici
3158 757 3378 803 constat
3425 751 3594 822 igno-

2024 839 2225 894 rantia.
2273 839 2367 894 Hae
2413 855 2586 903 vero,
2638 839 2693 892 in
2746 854 2915 893 unum
2963 845 3262 905 coeuntes,
3314 842 3596 914 alteraque

2025 932 2182 986 alteri
2211 939 2499 996 consertae,
2535 930 2818 986 confusam
2852 947 3016 985 unam
3068 931 3312 987 cilicium
3351 935 3598 1002 pruden-

2027 1022 2181 1078 tiam.
2210 1022 2373 1078 Solus
2393 1022 2540 1076 enim
2574 1022 2666 1076 ille
2695 1023 2968 1090 superbus
2997 1031 3101 1086 est,
3137 1023 3230 1091 qui
3273 1032 3327 1075 et
3348 1024 3595 1078 divinum

2027 1115 2312 1181 auxilium,
2347 1123 2403 1169 et
2427 1115 2719 1168 humanam
2751 1114 2967 1183 ignorat
3009 1116 3460 1170 imbecillitatem.
3501 1112 3599 1171 Est

2028 1207 2212 1276 itaque
2243 1205 2522 1276 superbia,
2559 1205 2760 1260 divina:
2801 1205 3163 1276 humanasque
3188 1207 3434 1262 scientiae
3481 1208 3596 1276 pri-

2027 1293 2194 1348 vatio.
2258 1293 2642 1347 Extremorum
2698 1307 2933 1362 namque
2975 1308 3232 1348 verorum
3280 1293 3594 1364 negatione,

2029 1396 2136 1436 una
2166 1381 2408 1451 falsaque
2433 1381 2648 1436 exsistit
2682 1381 2994 1438 affirmatio.

2099 1472 2188 1527 65.
2216 1472 2400 1537 Inanis
2428 1473 2624 1543 gloria,
2652 1488 2681 1526 a
2725 1472 2916 1526 divino
2953 1487 3121 1543 θεορο
3163 1488 3340 1544 exque
3398 1474 3600 1531 divinis

2030 1564 2336 1618 rationibus
2356 1564 2686 1618 exorbitatio
2708 1575 2813 1628 est,
2837 1564 2996 1634 575
3011 1565 3175 1633 inque.
3190 1566 3356 1619 alium
3375 1581 3599 1636 scepum

2031 1671 2193 1726 quam
2216 1655 2461 1710 divinum
2491 1655 2752 1710 deviatio.
2798 1656 2982 1710 Inanis
3007 1656 3154 1710 enim
3198 1656 3388 1726 gloria:
3425 1658 3604 1713 cultor

2033 1756 2117 1802 est
2144 1787 2158 1811 ,
2218 1748 2312 1816 qui
2351 1763 2462 1802 suae
2521 1747 2710 1818 gloriai
2747 1762 2937 1816 causa,
2980 1762 3092 1802 non
3138 1747 3360 1813 divinae,
3411 1749 3603 1804 virtuti

2031 1839 2237 1904 studet,
2271 1839 2494 1909 suisque
2529 1838 2814 1894 laboribus
2842 1837 3064 1908 fragiles
3089 1854 3154 1894 ac
3185 1855 3309 1910 qua
3345 1854 3413 1895 ne
3455 1841 3604 1896 exsi-

2031 1940 2182 1987 stant
2211 1931 2457 2002 quidem,
2486 1930 2758 1986 humanas
2787 1929 3009 1986 redimit
3042 1931 3254 1986 laudes.

2101 2024 2189 2079 66.
2235 2024 2340 2090 Qui
2379 2024 2781 2079 assentationis
2827 2023 2968 2078 vitio
3011 2024 3245 2087 laborat,
3293 2039 3462 2077 unum
3502 2024 3608 2079 hoc

2033 2125 2191 2170 curat
2224 2123 2283 2168 ut
2315 2116 2563 2169 exterius
2589 2125 2746 2185 gestu
2769 2115 3077 2184 habituque
3101 2130 3285 2169 mores
3306 2131 3437 2170 suos
3461 2131 3610 2169 com.-

2033 2215 2200 2276 ponat
2231 2222 2244 2257 :
2281 2206 2374 2259 sed
2399 2215 2453 2260 et
2486 2204 2775 2258 adulatorii
2813 2205 3086 2259 sermonis
3102 2205 3369 2258 rationem
3404 2204 3606 2269 habet;

2036 2305 2098 2350 ut
2121 2296 2379 2350 nimirum
2415 2297 2590 2351 altero
2617 2303 2900 2365 aspectum
2929 2295 3194 2361 deliniat;
3226 2296 3398 2350 altero
3421 2305 3606 2350 autem

2035 2403 2131 2442 eos
2148 2387 2404 2452 mulceat,
2423 2388 2514 2457 qui
2531 2387 2744 2441 nonnisi
2764 2385 2896 2441 visis
2916 2388 3225 2456 auditisque
3242 2387 3607 2455 delectantur,

2037 2494 2133 2534 seu
2168 2479 2332 2532 etiam
2358 2479 2465 2532 illis
2490 2476 2853 2531 admiratione
2878 2476 3179 2542 ducuntur,
3213 2493 3276 2532 ac
3300 2477 3416 2531 solo
3441 2492 3606 2532 sensu

2037 2571 2300 2626 virtutem
2340 2569 2834 2625 circumscribunt.
2863 2569 3268 2623 Assentationis
3298 2572 3480 2639 itaque
3511 2585 3606 2624 seu

2038 2656 2634 2712 demerendihomines
2653 2657 2848 2712 vitium
2879 2657 2995 2726 (1νο
3007 2655 3447 2729 ρωπαρέσκειαν)
3471 2656 3607 2710 dici-

2040 2766 2182 2814 mus,
2224 2765 2345 2819 quaa
2375 2749 2429 2803 in
2461 2749 2709 2804 moribus
2737 2765 2801 2805 ac
2829 2749 3179 2805 sermonibus
3207 2748 3364 2818 quasi
3390 2748 3612 2802 virtutis

2040 2841 2262 2895 nomine
2299 2841 2597 2895 ostentatio
2628 2842 2919 2911 contingit.

2112 2934 2199 2988 67.
2252 2933 2568 3004 Ilypocrisis
2603 2973 2617 2997 ,
2674 2933 2930 2986 amicitur
3007 2930 3290 2985 simulatio
3343 2938 3462 2998 est;
3518 2941 3613 2985 aut

2043 3026 2254 3093 odium,
2284 3026 2538 3082 amicitia:
2559 3025 2751 3081 habitu
2775 3025 3106 3081 occultatum
3131 3044 3144 3093 ;
3181 3025 3610 3088 autinimicitim.

2043 3138 2164 3193 quae
2189 3121 2589 3176 benevolentia:
2615 3120 2739 3176 ﬁcta
2767 3120 2950 3190 specie
2982 3128 3381 3186 exerceantur;
3410 3127 3505 3174 aut
3531 3120 3616 3174 in-

2042 3212 2209 3276 vidia,
2250 3210 2562 3266 dilectionis
2601 3209 2829 3282 figuram
2864 3209 3108 3266 referens
3151 3227 3165 3263 :
3211 3219 3307 3264 aut
3343 3211 3477 3274 vita,
3503 3213 3616 3265 vir-

2043 3305 2176 3360 tutis
2209 3305 2356 3369 fuco,
2399 3320 2508 3358 non
2556 3305 2673 3374 ipsa
2704 3319 2761 3357 re
2808 3303 3154 3370 honestatem
3213 3303 3470 3358 habens:
3521 3314 3617 3357 aut

2035 3397 2264 3468 iustitia:
2295 3395 2576 3451 simulatio
2605 3437 2620 3461 ,
2661 3410 2782 3464 qua:
2830 3395 2946 3447 sola
2975 3393 3300 3466 apparentia
3351 3403 3569 3448 constet
3597 3412 3612 3458 ;

2043 3497 2135 3543 aut
2157 3505 2338 3552 error,
2357 3487 2607 3542 veritatis
2628 3486 2858 3540 formam
2891 3485 3137 3551 habens;
3165 3501 3328 3555 quam
3364 3486 3402 3540 ii
3427 3486 3618 3540 colunt

2044 3594 2206 3650 atque
2247 3588 2552 3644 sectantur,
2602 3579 2696 3650 qui
2745 3593 2961 3632 morum
2996 3578 3264 3648 pravitate
3304 3588 3616 3648 serpentem

2046 3669 2358 3725 imitantur.

2116 3763 2203 3817 68.
2262 3763 2407 3815 Deus
2456 3778 2641 3815 rerum
2681 3770 2876 3816 auctor
2935 3769 3039 3820 est.
3083 3776 3147 3816 ac
3190 3760 3462 3814 bonorum
3498 3775 3621 3829 qua:

2048 3851 2216 3904 rebus
2243 3851 2454 3904 insunt.
2488 3850 2537 3903 Is
2567 3851 2774 3920 itaque,
2825 3851 2920 3920 qui
2958 3851 3183 3904 virtutis
3226 3858 3323 3904 aut
3375 3850 3622 3906 scientia:

2047 3943 2268 3996 nomine
2294 3942 2598 4006 extollitur,
2635 3957 2739 3997 nec
2782 3959 2880 4012 pro
2909 3943 3069 3996 modo
3112 3942 3334 3996 virtutis
3371 3957 3464 3996 seu
3492 3957 3621 4011 pro—

2046 4032 2242 4095 fectus,
2288 4042 2576 4103 praestante
2607 4033 2802 4104 gratia,
2857 4033 3191 4088 infirmitatis
3229 4048 3340 4087 suae
3376 4033 3623 4087 modesto

2047 4139 2212 4178 sensu
2247 4124 2582 4193 agnitionem
2618 4126 2851 4179 intendit
2881 4167 2894 4186 ,
2956 4125 3229 4195 superhim
3276 4125 3480 4179 malum
3513 4141 3624 4178 nou

2049 4214 2261 4283 effugit.
2288 4214 2390 4280 Qui
2416 4231 2568 4270 vero.
2595 4218 2829 4286 proprizn
2856 4217 3043 4287 gloria:
3063 4231 3228 4270 causa
3277 4216 3625 4272 honestatem

2051 4304 2200 4367 colit,
2259 4304 2374 4374 ipse
2419 4321 2477 4359 se
2528 4307 2661 4369 Deo,
2710 4306 2888 4360 inanis
2924 4305 3109 4374 gloria:
3159 4305 3315 4360 clavo
3353 4303 3623 4361 confixus.

375 4380 452 4449 τῷ
481 4380 578 4449 τῆς
609 4379 914 4443 κενοδοξίας
944 4378 1060 4449 ἥλῳ
1113 4377 1466 4448 περιπαρείς.
1512 4378 1570 4430 '0
1618 4377 1676 4430 δὲ
1724 4378 1859 4447 πρὸς
1889 4375 1936 4429 τί

2052 4396 2386 4463 anteposuit.
2425 4396 2529 4461 Qui
2568 4405 2749 4450 autem
2783 4407 2841 4450 ut
2881 4397 2949 4451 ab
3000 4397 3320 4453 hominibus
3373 4397 3627 4452 videatur

378 4469 638 4538 θεαθῆναι
686 4469 795 4531 τοῖς
828 4466 1160 4538 ἀνθρώποις,
1217 4468 1390 4520 ποιῶν
1430 4468 1463 4539 ἢ
1517 4467 1694 4520 λαλῶν
1743 4467 1945 4539 (Ιι)τὴν

380 4562 605 4633 ἀρετὴν,
627 4561 728 4630 τῆς
757 4559 910 4623 θείας
937 4560 1118 4631 πολλῷ
1147 4559 1244 4632 τὴν
1278 4560 1628 4632 ἀνθρωπίνην
1675 4559 1947 4630 ἀποδοχὴν

381 4653 706 4724 ὑπερέθηκε,
762 4653 842 4725 τῷ
887 4653 988 4723 τῆς
1034 4653 1560 4725 άνθρωπαρεσκείας
1593 4653 1756 4707 πάθει
1784 4670 1947 4722 νοση-

380 4744 700 4814 λευόμενος·
740 4747 768 4798 6
823 4745 878 4798 δὲ
935 4746 1094 4815 μόνον
1125 4746 1191 4816 τῇ
1241 4745 1361 4798 κατ’
1409 4744 1608 4816 ἀρετὴν
1657 4745 1948 4814 σεμνότητι

380 4837 516 4906 πρὸς
547 4835 761 4906 ἀπάτην
792 4835 1113 4906 κακούργως
1141 4835 1454 4906 ἐπιχρώσας
1487 4838 1554 4889 τά
1579 4835 1706 4906 ἤθη,
1735 4837 1830 4888 καὶ
1851 4834 1950 4905 τὴν

381 4928 624 5000 πονηρὰν
655 4928 754 4998 τῆς
784 4927 1012 4999 γνώμης
1058 4927 1298 4981 διάθεσιν
1329 4927 1410 4996 τῷ
1461 4927 1772 4996 φαινομένῳ
1821 4929 1954 4997 σχῇ.

385 5039 517 5093 ματι
548 5021 840 5075 καλύπτων
875 5022 973 5092 τῆς
1006 5021 1312 5083 εὐλαϐείας.
1361 5019 1439 5090 τῷ
1487 5019 1586 5089 τῆς
1612 5020 1954 5092 ὑποκρίσεως

381 5117 660 5184 ἐξωνείται
689 5114 827 5184 δόλῳ
863 5116 962 5185 τὴν
984 5116 1203 5186 ἀρετήν.
1239 5114 1450 5180 Οὑκοῦν
1498 5116 1526 5167 ὁ
1570 5113 1830 5176 τοιοῦτος,
1861 5113 1951 5166 ἐπ’

383 5207 518 5261 ἄλλα
551 5207 700 5278 παρὰ
725 5206 821 5279 τὴν
852 5206 1033 5259 αἰτίαν
1076 5206 1308 5259 ἑκάστου
1343 5205 1548 5260 τούτων
1577 5205 1830 5275 ἀπήγαγε
1861 5204 1953 5258 τὸν

386 5301 608 5354 σκοπόν.

455 5391 554 5458 ξίν.
583 5394 598 5412 '
629 5390 816 5454 Ούδείς
845 5389 951 5442 τῶν
979 5389 1229 5461 πονηρῶν
1254 5388 1542 5459 δαιμόνων,
1575 5389 1668 5441 τοῦ
1699 5389 1952 5460 ἐναρέτου

460 5511 478 5532 ⁹
505 5509 587 5567 Cf.
612 5509 678 5563 ad
705 5509 948 5563 Thalass.
974 5522 1028 5575 q.
1054 5507 1142 5561 56.

453 5602 534 5730 gl)
573 5600 761 5658 Ποῖ-ὧν
784 5603 817 5667 ἢ
846 5600 1071 5656 λαλῶνο
1099 5601 1232 5655 Male
1254 5601 1418 5656 editis
1454 5602 1646 5664 δοκῶν,
1699 5603 1843 5672 quod
1896 5613 1954 5658 et
1992 5604 2338 5663 soluacismus
2365 5614 2468 5674 est,
2505 5622 2608 5663 nec
2643 5606 2774 5663 satis
2812 5607 2904 5661 hic
2974 5607 3249 5678 congruit,
3303 5601 3406 5657 etsi
3482 5601 3644 5658 Picus

491 5677 618 5730 dc‘rc
645 5686 874 5728 conatus
900 5682 1004 5730 est.
1038 5671 1258 5726 Exercet
1284 5681 1374 5724 aut
1407 5671 1646 5726 simulat.

393 5695 448 5734 re

491 5671 618 5730 dc‘rc
645 5686 874 5728 conatus
900 5682 1004 5737 est,
1038 5671 1258 5726 Exercet
1284 5681 1374 5724 aut
1407 5671 1646 5726 simulat.

676 5769 942 5827 ΡΑτιιοι..
995 5765 1033 5825 li
1049 5785 1107 5828 ιι.
1158 5766 1279 5826 XC.

2052 4494 2147 4540 aut
2176 4486 2306 4542 facit
2337 4503 2459 4557 qurc
2484 4487 2708 4543 virtutis
2741 4497 2887 4551 sunt,
2923 4497 3017 4542 aut
3043 4489 3290 4558 loquitur
3315 4529 3328 4551 ,
3375 4495 3626 4542 assenta-

2054 4576 2222 4632 tionis
2244 4577 2438 4631 morbo
2459 4577 2737 4642 laborans,
2779 4578 2937 4648 longe
2971 4579 3144 4647 pluris
3173 4578 3338 4632 habet
3371 4586 3430 4630 ut
3452 4577 3631 4630 homi-

2053 4669 2239 4732 nibus,
2299 4684 2464 4738 quam
2493 4679 2555 4724 ut
2603 4670 2716 4724 Deo
2767 4671 3053 4740 probetur.
3093 4669 3197 4735 Qui
3236 4667 3476 4736 denique
3512 4667 3630 4720 sola

2054 4758 2276 4812 virtutis
2307 4759 2595 4814 honestate
2624 4760 2691 4814 ad
2725 4759 2909 4817 fucum
2953 4757 3264 4814 faciendum
3317 4757 3461 4811 malo
3507 4763 3630 4810 astu

2057 4864 2239 4904 mores
2261 4849 2492 4915 imbuit,
2524 4864 2858 4920 pravamque
2887 4848 3054 4904 animi
3104 4847 3452 4902 affectionem
3491 4862 3630 4900 cou-

2055 4943 2249 5012 spicuo
2283 4943 2562 5014 religionis
2592 4943 2814 5014 pietatis
2844 4943 3034 4996 habitu
3078 4943 3309 5012 obtegit,
3363 4941 3410 4996 is
3462 4941 3634 5010 hypo-

2057 5033 2219 5088 crisis
2243 5032 2372 5088 dolo
2399 5033 2660 5088 virtutem
2694 5033 2940 5088 redimit.
2969 5032 3072 5100 Qui
3104 5049 3236 5103 ergo
3268 5032 3391 5090 talis
3413 5037 3518 5094 est,
3565 5027 3634 5082 ad

2058 5123 2164 5178 alia
2209 5140 2374 5193 quam
2431 5124 2499 5179 ad
2549 5133 2852 5188 auctorem,
2901 5124 3102 5180 horum
3145 5124 3412 5195 cujusque
3468 5119 3636 5174 finem

2059 5215 2272 5269 retulit.

2115 5390 2204 5446 69.
2218 5392 2413 5449 Nullus
2429 5409 2670 5466 unquam
2686 5396 2929 5467 nequissi
2941 5411 3152 5450 morum
3169 5395 3500 5459 daemonum,
3517 5390 3637 5462 ejus

3269 5760 3336 5818 Μ

3653 5213 3677 5386 ξ
