  <div class='ocr_page' id='page_1' title='image "/cluster/home/n/w/nwhite01/storage/ocr_20150623/90/hvd.32044073502197/651.png"; bbox 0 0 4094 6204; ppageno 0'>
   <div class='ocr_carea' id='block_1_1' title="bbox 505 313 633 377">
    <p class='ocr_par' dir='ltr' id='par_1_1' title="bbox 505 313 633 377">
     <span class='ocr_line' id='line_1_1' title="bbox 505 313 633 377; baseline 0 -1"><span class='ocrx_word' id='word_1_1' title='bbox 505 313 633 377; x_wconf 76' lang='grc'><strong>1291</strong></span> 
     </span>
    </p>
   </div>
   <div class='ocr_carea' id='block_1_2' title="bbox 1669 305 2608 372">
    <p class='ocr_par' dir='ltr' id='par_1_2' title="bbox 1669 305 2608 372">
     <span class='ocr_line' id='line_1_2' title="bbox 1669 305 2608 372; baseline 0.004 -7"><span class='ocrx_word' id='word_1_2' title='bbox 1669 307 1732 365; x_wconf 90' lang='lat' dir='ltr'><strong>S.</strong></span> <span class='ocrx_word' id='word_1_3' title='bbox 1766 305 2056 366; x_wconf 77' lang='lat' dir='ltr'><strong>MAXIMI</strong></span> <span class='ocrx_word' id='word_1_4' title='bbox 2095 306 2608 372; x_wconf 83' lang='lat' dir='ltr'><strong>CUNFESSORIS</strong></span> 
     </span>
    </p>
   </div>
   <div class='ocr_carea' id='block_1_3' title="bbox 3644 311 3793 379">
    <p class='ocr_par' dir='ltr' id='par_1_3' title="bbox 3644 311 3793 379">
     <span class='ocr_line' id='line_1_3' title="bbox 3644 311 3793 379; baseline 0.013 -2"><span class='ocrx_word' id='word_1_5' title='bbox 3644 311 3793 379; x_wconf 66' lang='lat'><strong>12&quot;)</strong></span> 
     </span>
    </p>
   </div>
   <div class='ocr_carea' id='block_1_4' title="bbox 497 418 2070 498">
    <p class='ocr_par' dir='ltr' id='par_1_4' title="bbox 497 419 2070 496">
     <span class='ocr_line' id='line_1_4' title="bbox 497 419 2070 496; baseline -0.004 -18"><span class='ocrx_word' id='word_1_6' title='bbox 497 430 594 496; x_wconf 90' lang='lat' dir='ltr'><strong>qui</strong></span> <span class='ocrx_word' id='word_1_7' title='bbox 627 423 850 480; x_wconf 86' lang='lat' dir='ltr'><strong>virtutis</strong></span> <span class='ocrx_word' id='word_1_8' title='bbox 875 421 1056 478; x_wconf 99' lang='lat' dir='ltr'><strong>cultor</strong></span> <span class='ocrx_word' id='word_1_9' title='bbox 1095 430 1202 485; x_wconf 87' lang='lat' dir='ltr'><strong>est,</strong></span> <span class='ocrx_word' id='word_1_10' title='bbox 1263 419 1606 474; x_wconf 74' lang='lat' dir='ltr'><strong>alacritatem</strong></span> <span class='ocrx_word' id='word_1_11' title='bbox 1659 429 2070 488; x_wconf 72' lang='lat' dir='ltr'><strong>promptumqut</strong></span> 
     </span>
    </p>
   </div>
   <div class='ocr_carea' id='block_1_5' title="bbox 2171 418 3791 498">
    <p class='ocr_par' dir='ltr' id='par_1_5' title="bbox 2193 418 3791 498">
     <span class='ocr_line' id='line_1_5' title="bbox 2193 418 3791 498; baseline 0.006 -26"><span class='ocrx_word' id='word_1_12' title='bbox 2193 418 2327 473; x_wconf 83' lang='grc' dir='ltr'>ποτὲ</span> <span class='ocrx_word' id='word_1_13' title='bbox 2364 419 2566 475; x_wconf 83' lang='grc' dir='ltr'><strong>κωλύει</strong></span> <span class='ocrx_word' id='word_1_14' title='bbox 2590 420 2652 474; x_wconf 74' lang='grc' dir='ltr'><strong>τὸ</strong></span> <span class='ocrx_word' id='word_1_15' title='bbox 2676 419 2963 494; x_wconf 78' lang='grc' dir='ltr'><strong>πρόθυμον</strong></span> <span class='ocrx_word' id='word_1_16' title='bbox 2982 440 2999 456; x_wconf 86' lang='grc'><strong>·</strong></span> <span class='ocrx_word' id='word_1_17' title='bbox 3034 425 3178 482; x_wconf 80' lang='grc' dir='ltr'>ἀλλὰ</span> <span class='ocrx_word' id='word_1_18' title='bbox 3205 425 3300 481; x_wconf 72' lang='grc' dir='ltr'>καὶ</span> <span class='ocrx_word' id='word_1_19' title='bbox 3329 424 3534 498; x_wconf 77' lang='grc' dir='ltr'>μᾶλλον</span> <span class='ocrx_word' id='word_1_20' title='bbox 3562 425 3664 492; x_wconf 82' lang='grc' dir='ltr'><strong>τάς</strong></span> <span class='ocrx_word' id='word_1_21' title='bbox 3694 428 3791 482; x_wconf 74' lang='grc' dir='ltr'><strong>ἐλ-</strong></span> 
     </span>
    </p>
   </div>
   <div class='ocr_carea' id='block_1_6' title="bbox 494 510 2088 586">
    <p class='ocr_par' dir='ltr' id='par_1_6' title="bbox 494 510 2088 586">
     <span class='ocr_line' id='line_1_6' title="bbox 494 510 2088 586; baseline -0.004 -14"><span class='ocrx_word' id='word_1_22' title='bbox 494 518 740 572; x_wconf 83' lang='lat' dir='ltr'><strong>animum</strong></span> <span class='ocrx_word' id='word_1_23' title='bbox 771 515 1032 586; x_wconf 78' lang='lat' dir='ltr'><strong>prohibet</strong></span> <span class='ocrx_word' id='word_1_24' title='bbox 1063 531 1082 568; x_wconf 86' lang='lat'><strong>:</strong></span> <span class='ocrx_word' id='word_1_25' title='bbox 1113 514 1252 584; x_wconf 91' lang='lat' dir='ltr'><strong>quin</strong></span> <span class='ocrx_word' id='word_1_26' title='bbox 1302 512 1472 567; x_wconf 89' lang='lat' dir='ltr'><strong>etiam</strong></span> <span class='ocrx_word' id='word_1_27' title='bbox 1516 511 1787 566; x_wconf 89' lang='lat' dir='ltr'><strong>virtutum</strong></span> <span class='ocrx_word' id='word_1_28' title='bbox 1832 510 2088 566; x_wconf 88' lang='lat' dir='ltr'><strong>defectus</strong></span> 
     </span>
    </p>
   </div>
   <div class='ocr_carea' id='block_1_7' title="bbox 495 601 2084 675">
    <p class='ocr_par' dir='ltr' id='par_1_7' title="bbox 495 601 2084 675">
     <span class='ocr_line' id='line_1_7' title="bbox 495 601 2084 675; baseline -0.003 -15"><span class='ocrx_word' id='word_1_29' title='bbox 495 607 625 661; x_wconf 89' lang='lat' dir='ltr'><strong>dolo</strong></span> <span class='ocrx_word' id='word_1_30' title='bbox 656 613 969 674; x_wconf 72' lang='lat' dir='ltr'><strong>amputans,</strong></span> <span class='ocrx_word' id='word_1_31' title='bbox 995 605 1233 675; x_wconf 81' lang='lat' dir='ltr'><strong>majores</strong></span> <span class='ocrx_word' id='word_1_32' title='bbox 1259 611 1493 658; x_wconf 75' lang='lat' dir='ltr'><strong>conatus</strong></span> <span class='ocrx_word' id='word_1_33' title='bbox 1509 601 1777 657; x_wconf 88' lang='lat' dir='ltr'><strong>adhibere</strong></span> <span class='ocrx_word' id='word_1_34' title='bbox 1802 601 2084 668; x_wconf 81' lang='lat' dir='ltr'><strong>hortatur,</strong></span> 
     </span>
    </p>
   </div>
   <div class='ocr_carea' id='block_1_8' title="bbox 495 695 2090 768">
    <p class='ocr_par' dir='ltr' id='par_1_8' title="bbox 495 695 2090 768">
     <span class='ocr_line' id='line_1_8' title="bbox 495 695 2090 768; baseline -0.001 -15"><span class='ocrx_word' id='word_1_35' title='bbox 495 713 684 768; x_wconf 90' lang='lat' dir='ltr'><strong>parem</strong></span> <span class='ocrx_word' id='word_1_36' title='bbox 716 712 843 753; x_wconf 88' lang='lat' dir='ltr'><strong>cum</strong></span> <span class='ocrx_word' id='word_1_37' title='bbox 873 697 943 753; x_wconf 88' lang='lat' dir='ltr'><strong>iis</strong></span> <span class='ocrx_word' id='word_1_38' title='bbox 967 698 1064 768; x_wconf 86' lang='lat' dir='ltr'><strong>qui</strong></span> <span class='ocrx_word' id='word_1_39' title='bbox 1100 697 1408 753; x_wconf 75' lang='lat' dir='ltr'><strong>certamine</strong></span> <span class='ocrx_word' id='word_1_40' title='bbox 1461 695 1772 766; x_wconf 89' lang='lat' dir='ltr'><strong>funguntur</strong></span> <span class='ocrx_word' id='word_1_41' title='bbox 1813 695 2090 751; x_wconf 80' lang='lat' dir='ltr'><strong>exhibens</strong></span> 
     </span>
    </p>
   </div>
   <div class='ocr_carea' id='block_1_9' title="bbox 493 786 2088 860">
    <p class='ocr_par' dir='ltr' id='par_1_9' title="bbox 493 786 2088 860">
     <span class='ocr_line' id='line_1_9' title="bbox 493 786 2088 860; baseline 0 -18"><span class='ocrx_word' id='word_1_42' title='bbox 493 788 878 854; x_wconf 81' lang='lat' dir='ltr'><strong>alacritatem;</strong></span> <span class='ocrx_word' id='word_1_43' title='bbox 911 787 1076 860; x_wconf 72' lang='lat'><strong>576</strong></span> <span class='ocrx_word' id='word_1_44' title='bbox 1099 789 1206 843; x_wconf 90' lang='lat' dir='ltr'><strong>hoc</strong></span> <span class='ocrx_word' id='word_1_45' title='bbox 1237 787 1454 842; x_wconf 83' lang='lat' dir='ltr'><strong>scilicet</strong></span> <span class='ocrx_word' id='word_1_46' title='bbox 1472 801 1660 858; x_wconf 82' lang='lat' dir='ltr'><strong>agens,</strong></span> <span class='ocrx_word' id='word_1_47' title='bbox 1687 794 1752 841; x_wconf 91' lang='lat' dir='ltr'><strong>ut</strong></span> <span class='ocrx_word' id='word_1_48' title='bbox 1770 786 2088 842; x_wconf 79' lang='lat' dir='ltr'><strong>exercentis</strong></span> 
     </span>
    </p>
   </div>
   <div class='ocr_carea' id='block_1_10' title="bbox 494 878 2088 950">
    <p class='ocr_par' dir='ltr' id='par_1_10' title="bbox 494 878 2088 950">
     <span class='ocr_line' id='line_1_10' title="bbox 494 878 2088 950; baseline 0 -16"><span class='ocrx_word' id='word_1_49' title='bbox 494 879 563 934; x_wconf 85' lang='lat' dir='ltr'><strong>ad</strong></span> <span class='ocrx_word' id='word_1_50' title='bbox 606 881 871 950; x_wconf 81' lang='lat' dir='ltr'><strong>pietatem</strong></span> <span class='ocrx_word' id='word_1_51' title='bbox 923 887 1099 934; x_wconf 89' lang='lat' dir='ltr'><strong>totum</strong></span> <span class='ocrx_word' id='word_1_52' title='bbox 1143 881 1200 934; x_wconf 93' lang='lat' dir='ltr'><strong>in</strong></span> <span class='ocrx_word' id='word_1_53' title='bbox 1243 894 1304 935; x_wconf 88' lang='lat' dir='ltr'><strong>se</strong></span> <span class='ocrx_word' id='word_1_54' title='bbox 1333 879 1579 934; x_wconf 87' lang='lat' dir='ltr'><strong>animum</strong></span> <span class='ocrx_word' id='word_1_55' title='bbox 1623 878 1830 944; x_wconf 86' lang='lat' dir='ltr'><strong>trahat,</strong></span> <span class='ocrx_word' id='word_1_56' title='bbox 1879 878 2088 934; x_wconf 86' lang='lat' dir='ltr'><strong>amisso</strong></span> 
     </span>
    </p>
   </div>
   <div class='ocr_carea' id='block_1_11' title="bbox 494 971 2085 1044">
    <p class='ocr_par' dir='ltr' id='par_1_11' title="bbox 494 971 2085 1044">
     <span class='ocr_line' id='line_1_11' title="bbox 494 971 2085 1044; baseline 0.001 -17"><span class='ocrx_word' id='word_1_57' title='bbox 494 972 897 1031; x_wconf 82' lang='lat' dir='ltr'><strong>mediocritatis</strong></span> <span class='ocrx_word' id='word_1_58' title='bbox 917 973 1272 1044; x_wconf 64' lang='lat' dir='ltr'><strong>aequilibrio;</strong></span> <span class='ocrx_word' id='word_1_59' title='bbox 1331 972 1490 1043; x_wconf 89' lang='lat' dir='ltr'><strong>isque</strong></span> <span class='ocrx_word' id='word_1_60' title='bbox 1523 973 1666 1029; x_wconf 87' lang='lat' dir='ltr'><strong>adeo</strong></span> <span class='ocrx_word' id='word_1_61' title='bbox 1713 971 2044 1043; x_wconf 79' lang='lat' dir='ltr'><strong>imprudens</strong></span> <span class='ocrx_word' id='word_1_62' title='bbox 2069 1015 2085 1039; x_wconf 88' lang='lat'><strong>,</strong></span> 
     </span>
    </p>
   </div>
   <div class='ocr_carea' id='block_1_12' title="bbox 493 1063 2089 1134">
    <p class='ocr_par' dir='ltr' id='par_1_12' title="bbox 493 1063 2089 1134">
     <span class='ocr_line' id='line_1_12' title="bbox 493 1063 2089 1134; baseline -0.001 -15"><span class='ocrx_word' id='word_1_63' title='bbox 493 1064 563 1119; x_wconf 88' lang='lat' dir='ltr'><strong>ad</strong></span> <span class='ocrx_word' id='word_1_64' title='bbox 610 1063 762 1118; x_wconf 88' lang='lat' dir='ltr'><strong>aliud</strong></span> <span class='ocrx_word' id='word_1_65' title='bbox 790 1079 957 1134; x_wconf 89' lang='lat' dir='ltr'><strong>quam</strong></span> <span class='ocrx_word' id='word_1_66' title='bbox 1009 1063 1305 1120; x_wconf 82' lang='lat' dir='ltr'><strong>videbatur</strong></span> <span class='ocrx_word' id='word_1_67' title='bbox 1356 1063 1731 1119; x_wconf 81' lang='lat' dir='ltr'><strong>diversorium</strong></span> <span class='ocrx_word' id='word_1_68' title='bbox 1780 1064 1892 1120; x_wconf 81' lang='lat' dir='ltr'><strong>iter</strong></span> <span class='ocrx_word' id='word_1_69' title='bbox 1956 1077 2089 1119; x_wconf 82' lang='lat' dir='ltr'><strong>eon-</strong></span> 
     </span>
    </p>
   </div>
   <div class='ocr_carea' id='block_1_13' title="bbox 494 1153 706 1209">
    <p class='ocr_par' dir='ltr' id='par_1_13' title="bbox 494 1153 706 1209">
     <span class='ocr_line' id='line_1_13' title="bbox 494 1153 706 1209; baseline -0.005 0"><span class='ocrx_word' id='word_1_70' title='bbox 494 1153 706 1209; x_wconf 84' lang='lat' dir='ltr'><strong>tendat.</strong></span> 
     </span>
    </p>
   </div>
   <div class='ocr_carea' id='block_1_14' title="bbox 565 1244 2085 1317">
    <p class='ocr_par' dir='ltr' id='par_1_14' title="bbox 565 1244 2085 1317">
     <span class='ocr_line' id='line_1_14' title="bbox 565 1244 2085 1317; baseline 0 -17"><span class='ocrx_word' id='word_1_71' title='bbox 565 1244 654 1300; x_wconf 82' lang='lat'><strong>70.</strong></span> <span class='ocrx_word' id='word_1_72' title='bbox 690 1246 997 1310; x_wconf 68' lang='lat' dir='ltr'><strong>Daemones,</strong></span> <span class='ocrx_word' id='word_1_73' title='bbox 1020 1261 1124 1302; x_wconf 89' lang='lat' dir='ltr'><strong>nec</strong></span> <span class='ocrx_word' id='word_1_74' title='bbox 1151 1246 1462 1302; x_wconf 82' lang='lat' dir='ltr'><strong>castitatem</strong></span> <span class='ocrx_word' id='word_1_75' title='bbox 1507 1245 1772 1313; x_wconf 90' lang='lat' dir='ltr'><strong>oderunt,</strong></span> <span class='ocrx_word' id='word_1_76' title='bbox 1801 1261 1907 1302; x_wconf 90' lang='lat' dir='ltr'><strong>nec</strong></span> <span class='ocrx_word' id='word_1_77' title='bbox 1933 1246 2085 1317; x_wconf 85' lang='lat' dir='ltr'><strong>jeju-</strong></span> 
     </span>
    </p>
   </div>
   <div class='ocr_carea' id='block_1_15' title="bbox 491 1337 2082 1410">
    <p class='ocr_par' dir='ltr' id='par_1_15' title="bbox 491 1337 2082 1410">
     <span class='ocr_line' id='line_1_15' title="bbox 491 1337 2082 1410; baseline 0.001 -19"><span class='ocrx_word' id='word_1_78' title='bbox 491 1338 646 1392; x_wconf 86' lang='lat' dir='ltr'><strong>nium</strong></span> <span class='ocrx_word' id='word_1_79' title='bbox 680 1346 1042 1393; x_wconf 76' lang='lat' dir='ltr'><strong>exsecrantur</strong></span> <span class='ocrx_word' id='word_1_80' title='bbox 1083 1354 1097 1390; x_wconf 89' lang='lat'><strong>:</strong></span> <span class='ocrx_word' id='word_1_81' title='bbox 1135 1353 1245 1392; x_wconf 91' lang='lat' dir='ltr'><strong>non</strong></span> <span class='ocrx_word' id='word_1_82' title='bbox 1279 1339 1642 1409; x_wconf 79' lang='lat' dir='ltr'><strong>pecuniarum</strong></span> <span class='ocrx_word' id='word_1_83' title='bbox 1673 1337 2082 1410; x_wconf 79' lang='lat' dir='ltr'><strong>elargitionem,</strong></span> 
     </span>
    </p>
   </div>
   <div class='ocr_carea' id='block_1_16' title="bbox 490 1428 2081 1499">
    <p class='ocr_par' dir='ltr' id='par_1_16' title="bbox 490 1428 2081 1499">
     <span class='ocr_line' id='line_1_16' title="bbox 490 1428 2081 1499; baseline 0.001 -17"><span class='ocrx_word' id='word_1_84' title='bbox 490 1443 604 1482; x_wconf 89' lang='lat' dir='ltr'><strong>non</strong></span> <span class='ocrx_word' id='word_1_85' title='bbox 625 1428 1084 1499; x_wconf 83' lang='lat' dir='ltr'><strong>hospitalitatem,</strong></span> <span class='ocrx_word' id='word_1_86' title='bbox 1111 1444 1221 1483; x_wconf 80' lang='lat' dir='ltr'><strong>non</strong></span> <span class='ocrx_word' id='word_1_87' title='bbox 1244 1429 1583 1499; x_wconf 88' lang='lat' dir='ltr'><strong>psalmorum</strong></span> <span class='ocrx_word' id='word_1_88' title='bbox 1609 1429 2081 1494; x_wconf 86' lang='lat' dir='ltr'><strong>decantationem,</strong></span> 
     </span>
    </p>
   </div>
   <div class='ocr_carea' id='block_1_17' title="bbox 489 1519 2085 1590">
    <p class='ocr_par' dir='ltr' id='par_1_17' title="bbox 489 1519 2085 1590">
     <span class='ocr_line' id='line_1_17' title="bbox 489 1519 2085 1590; baseline 0.002 -17"><span class='ocrx_word' id='word_1_89' title='bbox 489 1535 602 1574; x_wconf 81' lang='lat' dir='ltr'><strong>non</strong></span> <span class='ocrx_word' id='word_1_90' title='bbox 647 1519 907 1575; x_wconf 87' lang='lat' dir='ltr'><strong>lectionis</strong></span> <span class='ocrx_word' id='word_1_91' title='bbox 939 1535 1162 1590; x_wconf 86' lang='lat' dir='ltr'><strong>operam</strong></span> <span class='ocrx_word' id='word_1_92' title='bbox 1188 1561 1203 1586; x_wconf 97' lang='lat'><strong>,</strong></span> <span class='ocrx_word' id='word_1_93' title='bbox 1245 1534 1356 1575; x_wconf 85' lang='lat' dir='ltr'><strong>non</strong></span> <span class='ocrx_word' id='word_1_94' title='bbox 1392 1520 1675 1576; x_wconf 87' lang='lat' dir='ltr'><strong>silentium</strong></span> <span class='ocrx_word' id='word_1_95' title='bbox 1718 1535 1784 1577; x_wconf 87' lang='lat' dir='ltr'><strong>ac</strong></span> <span class='ocrx_word' id='word_1_96' title='bbox 1829 1521 2085 1576; x_wconf 88' lang='lat' dir='ltr'><strong>solitudi-</strong></span> 
     </span>
    </p>
   </div>
   <div class='ocr_carea' id='block_1_18' title="bbox 489 1611 2083 1683">
    <p class='ocr_par' dir='ltr' id='par_1_18' title="bbox 489 1611 2083 1683">
     <span class='ocr_line' id='line_1_18' title="bbox 489 1611 2083 1683; baseline 0.002 -18"><span class='ocrx_word' id='word_1_97' title='bbox 489 1626 642 1676; x_wconf 86' lang='lat' dir='ltr'><strong>nem,</strong></span> <span class='ocrx_word' id='word_1_98' title='bbox 679 1626 790 1666; x_wconf 94' lang='lat' dir='ltr'><strong>non</strong></span> <span class='ocrx_word' id='word_1_99' title='bbox 823 1611 1023 1667; x_wconf 79' lang='lat' dir='ltr'><strong>eximie</strong></span> <span class='ocrx_word' id='word_1_100' title='bbox 1059 1611 1329 1668; x_wconf 84' lang='lat' dir='ltr'><strong>sublimes</strong></span> <span class='ocrx_word' id='word_1_101' title='bbox 1372 1611 1717 1683; x_wconf 85' lang='lat' dir='ltr'><strong>disciplinas,</strong></span> <span class='ocrx_word' id='word_1_102' title='bbox 1771 1628 1886 1667; x_wconf 88' lang='lat' dir='ltr'><strong>non</strong></span> <span class='ocrx_word' id='word_1_103' title='bbox 1924 1613 2083 1668; x_wconf 89' lang='lat' dir='ltr'><strong>strati</strong></span> 
     </span>
    </p>
   </div>
   <div class='ocr_carea' id='block_1_19' title="bbox 490 1703 2084 1777">
    <p class='ocr_par' dir='ltr' id='par_1_19' title="bbox 490 1703 2084 1777">
     <span class='ocr_line' id='line_1_19' title="bbox 490 1703 2084 1777; baseline 0.003 -21"><span class='ocrx_word' id='word_1_104' title='bbox 490 1703 647 1757; x_wconf 90' lang='lat' dir='ltr'><strong>humi</strong></span> <span class='ocrx_word' id='word_1_105' title='bbox 663 1703 954 1768; x_wconf 83' lang='lat' dir='ltr'><strong>duritiem,</strong></span> <span class='ocrx_word' id='word_1_106' title='bbox 970 1719 1082 1758; x_wconf 93' lang='lat' dir='ltr'><strong>non</strong></span> <span class='ocrx_word' id='word_1_107' title='bbox 1107 1704 1344 1775; x_wconf 76' lang='lat' dir='ltr'><strong>vigilias,</strong></span> <span class='ocrx_word' id='word_1_108' title='bbox 1379 1720 1491 1759; x_wconf 91' lang='lat' dir='ltr'><strong>non</strong></span> <span class='ocrx_word' id='word_1_109' title='bbox 1520 1705 1733 1775; x_wconf 90' lang='lat' dir='ltr'><strong>reliqua</strong></span> <span class='ocrx_word' id='word_1_110' title='bbox 1753 1706 1941 1760; x_wconf 87' lang='lat' dir='ltr'><strong>omnia</strong></span> <span class='ocrx_word' id='word_1_111' title='bbox 1959 1707 2084 1777; x_wconf 85' lang='lat' dir='ltr'><strong>qui-</strong></span> 
     </span>
    </p>
   </div>
   <div class='ocr_carea' id='block_1_20' title="bbox 2187 507 3788 584">
    <p class='ocr_par' dir='ltr' id='par_1_20' title="bbox 2187 507 3788 584">
     <span class='ocr_line' id='line_1_20' title="bbox 2187 507 3788 584; baseline 0.004 -24"><span class='ocrx_word' id='word_1_112' title='bbox 2187 507 2396 578; x_wconf 84' lang='grc' dir='ltr'>λείψεις</span> <span class='ocrx_word' id='word_1_113' title='bbox 2423 509 2662 582; x_wconf 81' lang='grc' dir='ltr'><strong>δολερῶς</strong></span> <span class='ocrx_word' id='word_1_114' title='bbox 2693 511 3004 582; x_wconf 70' lang='grc' dir='ltr'><strong>περικόψας</strong></span> <span class='ocrx_word' id='word_1_115' title='bbox 3035 513 3147 568; x_wconf 87' lang='grc' dir='ltr'><strong>τῶν</strong></span> <span class='ocrx_word' id='word_1_116' title='bbox 3180 513 3418 584; x_wconf 79' lang='grc' dir='ltr'><strong>ἀρετῶν,</strong></span> <span class='ocrx_word' id='word_1_117' title='bbox 3449 512 3550 576; x_wconf 83' lang='grc' dir='ltr'>τὰς</span> <span class='ocrx_word' id='word_1_118' title='bbox 3581 513 3788 574; x_wconf 63' lang='grc' dir='ltr'>ἐπιτάρ-</span> 
     </span>
    </p>
   </div>
   <div class='ocr_carea' id='block_1_21' title="bbox 2183 602 3786 677">
    <p class='ocr_par' dir='ltr' id='par_1_21' title="bbox 2183 602 3786 677">
     <span class='ocr_line' id='line_1_21' title="bbox 2183 602 3786 677; baseline 0.002 -23"><span class='ocrx_word' id='word_1_119' title='bbox 2183 617 2304 666; x_wconf 90' lang='grc' dir='ltr'>σεις</span> <span class='ocrx_word' id='word_1_120' title='bbox 2333 602 2692 676; x_wconf 80' lang='grc' dir='ltr'><strong>ὑπαγορεύει,</strong></span> <span class='ocrx_word' id='word_1_121' title='bbox 2742 605 2865 668; x_wconf 76' lang='grc' dir='ltr'>τοῖς</span> <span class='ocrx_word' id='word_1_122' title='bbox 2892 604 3236 674; x_wconf 74' lang='grc' dir='ltr'><strong>ἀγωνισταῖς</strong></span> <span class='ocrx_word' id='word_1_123' title='bbox 3259 604 3786 677; x_wconf 85' lang='grc' dir='ltr'>συμπροθυμούμε-</span> 
     </span>
    </p>
   </div>
   <div class='ocr_carea' id='block_1_22' title="bbox 2187 692 3786 770">
    <p class='ocr_par' dir='ltr' id='par_1_22' title="bbox 2187 692 3786 770">
     <span class='ocr_line' id='line_1_22' title="bbox 2187 692 3786 770; baseline 0.004 -24"><span class='ocrx_word' id='word_1_124' title='bbox 2187 709 2297 756; x_wconf 75' lang='grc' dir='ltr'>νοςο</span> <span class='ocrx_word' id='word_1_125' title='bbox 2331 692 2422 748; x_wconf 80' lang='grc' dir='ltr'><strong>ἵνα</strong></span> <span class='ocrx_word' id='word_1_126' title='bbox 2455 694 2592 766; x_wconf 82' lang='grc' dir='ltr'>πρὸς</span> <span class='ocrx_word' id='word_1_127' title='bbox 2623 694 2820 750; x_wconf 78' lang='grc' dir='ltr'>ἑαυτὸν</span> <span class='ocrx_word' id='word_1_128' title='bbox 2853 696 2986 765; x_wconf 85' lang='grc' dir='ltr'>ὃλην</span> <span class='ocrx_word' id='word_1_129' title='bbox 3034 699 3335 770; x_wconf 87' lang='grc' dir='ltr'>ποιήσηται</span> <span class='ocrx_word' id='word_1_130' title='bbox 3366 696 3464 751; x_wconf 89' lang='grc' dir='ltr'><strong>τοῦ</strong></span> <span class='ocrx_word' id='word_1_131' title='bbox 3495 698 3786 768; x_wconf 75' lang='grc' dir='ltr'>ἀσκουμέ-</span> 
     </span>
    </p>
   </div>
   <div class='ocr_carea' id='block_1_23' title="bbox 2187 785 3787 860">
    <p class='ocr_par' dir='ltr' id='par_1_23' title="bbox 2187 785 3787 860">
     <span class='ocr_line' id='line_1_23' title="bbox 2187 785 3787 860; baseline 0.004 -24"><span class='ocrx_word' id='word_1_132' title='bbox 2187 800 2284 836; x_wconf 90' lang='grc' dir='ltr'><strong>νου</strong></span> <span class='ocrx_word' id='word_1_133' title='bbox 2314 785 2416 855; x_wconf 78' lang='grc' dir='ltr'>τὴν</span> <span class='ocrx_word' id='word_1_134' title='bbox 2447 785 2685 849; x_wconf 75' lang='grc' dir='ltr'>ἔννοιαν,</span> <span class='ocrx_word' id='word_1_135' title='bbox 2716 788 3186 858; x_wconf 87' lang='grc' dir='ltr'>παραπολέσασαν</span> <span class='ocrx_word' id='word_1_136' title='bbox 3225 790 3290 843; x_wconf 76' lang='grc' dir='ltr'>τὸ</span> <span class='ocrx_word' id='word_1_137' title='bbox 3331 790 3448 844; x_wconf 82' lang='grc' dir='ltr'>ῐσον</span> <span class='ocrx_word' id='word_1_138' title='bbox 3473 789 3575 860; x_wconf 78' lang='grc' dir='ltr'>τῆς</span> <span class='ocrx_word' id='word_1_139' title='bbox 3610 789 3787 860; x_wconf 80' lang='grc' dir='ltr'>μεσό-</span> 
     </span>
    </p>
   </div>
   <div class='ocr_carea' id='block_1_24' title="bbox 2187 877 3787 955">
    <p class='ocr_par' dir='ltr' id='par_1_24' title="bbox 2187 877 3787 955">
     <span class='ocr_line' id='line_1_24' title="bbox 2187 877 3787 955; baseline 0.004 -26"><span class='ocrx_word' id='word_1_140' title='bbox 2187 893 2351 946; x_wconf 88' lang='grc' dir='ltr'>τητος</span> <span class='ocrx_word' id='word_1_141' title='bbox 2385 877 2672 949; x_wconf 87' lang='grc' dir='ltr'>στάθμιον,</span> <span class='ocrx_word' id='word_1_142' title='bbox 2699 880 2800 934; x_wconf 75' lang='grc' dir='ltr'>καὶ</span> <span class='ocrx_word' id='word_1_143' title='bbox 2819 879 2960 955; x_wconf 75' lang='grc' dir='ltr'>λάθῃ</span> <span class='ocrx_word' id='word_1_144' title='bbox 2996 881 3138 954; x_wconf 74' lang='grc' dir='ltr'>πρὸς</span> <span class='ocrx_word' id='word_1_145' title='bbox 3163 880 3296 938; x_wconf 75' lang='grc' dir='ltr'>ἀλλο</span> <span class='ocrx_word' id='word_1_146' title='bbox 3316 880 3474 954; x_wconf 81' lang='grc' dir='ltr'>παρὰ</span> <span class='ocrx_word' id='word_1_147' title='bbox 3495 881 3560 935; x_wconf 79' lang='grc' dir='ltr'><strong>τὺ</strong></span> <span class='ocrx_word' id='word_1_148' title='bbox 3581 879 3787 936; x_wconf 81' lang='grc' dir='ltr'>δοκοῦν</span> 
     </span>
    </p>
   </div>
   <div class='ocr_carea' id='block_1_25' title="bbox 2183 969 2847 1042">
    <p class='ocr_par' dir='ltr' id='par_1_25' title="bbox 2183 969 2847 1042">
     <span class='ocr_line' id='line_1_25' title="bbox 2183 969 2847 1042; baseline 0.009 -18"><span class='ocrx_word' id='word_1_149' title='bbox 2183 969 2449 1026; x_wconf 83' lang='grc' dir='ltr'>δδεύοοσα</span> <span class='ocrx_word' id='word_1_150' title='bbox 2473 972 2847 1042; x_wconf 78' lang='grc' dir='ltr'><strong>καταγώγιον.</strong></span> 
     </span>
    </p>
   </div>
   <div class='ocr_carea' id='block_1_26' title="bbox 2257 1219 3786 1294">
    <p class='ocr_par' dir='ltr' id='par_1_26' title="bbox 2257 1219 3786 1294">
     <span class='ocr_line' id='line_1_26' title="bbox 2257 1219 3786 1294; baseline 0 -18"><span class='ocrx_word' id='word_1_151' title='bbox 2257 1226 2320 1276; x_wconf 86' lang='lat' dir='ltr'><strong>o’.</strong></span> <span class='ocrx_word' id='word_1_152' title='bbox 2370 1219 2436 1275; x_wconf 77' lang='grc' dir='ltr'><strong>οι</strong></span> <span class='ocrx_word' id='word_1_153' title='bbox 2483 1221 2739 1292; x_wconf 83' lang='grc' dir='ltr'>δαίμονες</span> <span class='ocrx_word' id='word_1_154' title='bbox 2771 1220 2902 1276; x_wconf 77' lang='grc' dir='ltr'>οὔτε</span> <span class='ocrx_word' id='word_1_155' title='bbox 2939 1221 3299 1294; x_wconf 76' lang='grc' dir='ltr'><strong>σωφροσύνην</strong></span> <span class='ocrx_word' id='word_1_156' title='bbox 3335 1221 3611 1292; x_wconf 78' lang='grc' dir='ltr'><strong>μισοῦσιν,</strong></span> <span class='ocrx_word' id='word_1_157' title='bbox 3649 1220 3786 1276; x_wconf 77' lang='grc' dir='ltr'>οῦτι</span> 
     </span>
    </p>
   </div>
   <div class='ocr_carea' id='block_1_27' title="bbox 2184 1312 3784 1388">
    <p class='ocr_par' dir='ltr' id='par_1_27' title="bbox 2184 1312 3784 1388">
     <span class='ocr_line' id='line_1_27' title="bbox 2184 1312 3784 1388; baseline 0.002 -22"><span class='ocrx_word' id='word_1_158' title='bbox 2184 1312 2444 1386; x_wconf 76' lang='grc' dir='ltr'><strong>νηστείαν</strong></span> <span class='ocrx_word' id='word_1_159' title='bbox 2472 1313 2897 1385; x_wconf 80' lang='grc' dir='ltr'>βδελύσσονται’</span> <span class='ocrx_word' id='word_1_160' title='bbox 2950 1315 3016 1370; x_wconf 81' lang='grc' dir='ltr'>οὔ</span> <span class='ocrx_word' id='word_1_161' title='bbox 3071 1314 3378 1388; x_wconf 83' lang='grc' dir='ltr'>χρημάτων</span> <span class='ocrx_word' id='word_1_162' title='bbox 3412 1315 3678 1381; x_wconf 77' lang='grc' dir='ltr'><strong>διάδοσιν,</strong></span> <span class='ocrx_word' id='word_1_163' title='bbox 3712 1315 3784 1369; x_wconf 79' lang='grc' dir='ltr'><strong>ού</strong></span> 
     </span>
    </p>
   </div>
   <div class='ocr_carea' id='block_1_28' title="bbox 2184 1404 3780 1479">
    <p class='ocr_par' dir='ltr' id='par_1_28' title="bbox 2184 1404 3780 1479">
     <span class='ocr_line' id='line_1_28' title="bbox 2184 1404 3780 1479; baseline 0.003 -21"><span class='ocrx_word' id='word_1_164' title='bbox 2184 1404 2514 1474; x_wconf 78' lang='grc' dir='ltr'>φιλοξενίαν,</span> <span class='ocrx_word' id='word_1_165' title='bbox 2549 1406 2613 1460; x_wconf 84' lang='grc' dir='ltr'>οὐ</span> <span class='ocrx_word' id='word_1_166' title='bbox 2641 1405 2989 1478; x_wconf 83' lang='grc' dir='ltr'>ψαλμφδίαν,</span> <span class='ocrx_word' id='word_1_167' title='bbox 3021 1406 3085 1459; x_wconf 79' lang='grc' dir='ltr'>οὐ</span> <span class='ocrx_word' id='word_1_168' title='bbox 3143 1407 3343 1479; x_wconf 79' lang='grc' dir='ltr'>σχολὴν</span> <span class='ocrx_word' id='word_1_169' title='bbox 3381 1406 3780 1477; x_wconf 79' lang='grc' dir='ltr'>ἀναγνώσεως,</span> 
     </span>
    </p>
   </div>
   <div class='ocr_carea' id='block_1_29' title="bbox 2182 1497 3781 1570">
    <p class='ocr_par' dir='ltr' id='par_1_29' title="bbox 2182 1497 3781 1570">
     <span class='ocr_line' id='line_1_29' title="bbox 2182 1497 3781 1570; baseline 0.001 -20"><span class='ocrx_word' id='word_1_170' title='bbox 2182 1497 2283 1567; x_wconf 77' lang='grc' dir='ltr'>οὐχ</span> <span class='ocrx_word' id='word_1_171' title='bbox 2314 1497 2572 1568; x_wconf 79' lang='grc' dir='ltr'><strong>ἡσυχίαν,</strong></span> <span class='ocrx_word' id='word_1_172' title='bbox 2600 1498 2664 1552; x_wconf 82' lang='grc' dir='ltr'>οὔ</span> <span class='ocrx_word' id='word_1_173' title='bbox 2715 1497 2827 1552; x_wconf 88' lang='grc' dir='ltr'><strong>τῶν</strong></span> <span class='ocrx_word' id='word_1_174' title='bbox 2857 1497 3207 1570; x_wconf 80' lang='grc' dir='ltr'><strong>μαθημάτων</strong></span> <span class='ocrx_word' id='word_1_175' title='bbox 3236 1498 3308 1553; x_wconf 82' lang='grc' dir='ltr'>τὰ</span> <span class='ocrx_word' id='word_1_176' title='bbox 3341 1499 3683 1570; x_wconf 77' lang='grc' dir='ltr'>ὑψηλότατα,</span> <span class='ocrx_word' id='word_1_177' title='bbox 3711 1501 3781 1552; x_wconf 72' lang='grc' dir='ltr'>οὗ</span> 
     </span>
    </p>
   </div>
   <div class='ocr_carea' id='block_1_30' title="bbox 2181 1589 3781 1662">
    <p class='ocr_par' dir='ltr' id='par_1_30' title="bbox 2181 1589 3781 1662">
     <span class='ocr_line' id='line_1_30' title="bbox 2181 1589 3781 1662; baseline 0.001 -20"><span class='ocrx_word' id='word_1_178' title='bbox 2181 1589 2508 1660; x_wconf 84' lang='grc' dir='ltr'>χαμευνίαν,</span> <span class='ocrx_word' id='word_1_179' title='bbox 2539 1591 2641 1644; x_wconf 81' lang='grc' dir='ltr'>οὐκ</span> <span class='ocrx_word' id='word_1_180' title='bbox 2690 1590 3024 1662; x_wconf 80' lang='grc' dir='ltr'>ἀγρυπνίαν,</span> <span class='ocrx_word' id='word_1_181' title='bbox 3073 1591 3137 1645; x_wconf 74' lang='grc' dir='ltr'><strong>ού</strong></span> <span class='ocrx_word' id='word_1_182' title='bbox 3165 1590 3234 1645; x_wconf 82' lang='grc' dir='ltr'><strong>τὰ</strong></span> <span class='ocrx_word' id='word_1_183' title='bbox 3267 1590 3434 1646; x_wconf 76' lang='grc' dir='ltr'>λοιπὰ</span> <span class='ocrx_word' id='word_1_184' title='bbox 3464 1591 3669 1653; x_wconf 83' lang='grc' dir='ltr'>πάντα,</span> <span class='ocrx_word' id='word_1_185' title='bbox 3705 1590 3781 1644; x_wconf 81' lang='grc' dir='ltr'>δι’</span> 
     </span>
    </p>
   </div>
   <div class='ocr_carea' id='block_1_31' title="bbox 2184 1673 3780 1755">
    <p class='ocr_par' dir='ltr' id='par_1_31' title="bbox 2184 1673 3780 1755">
     <span class='ocr_line' id='line_1_31' title="bbox 2184 1673 3780 1755; baseline 0.002 -21"><span class='ocrx_word' id='word_1_186' title='bbox 2184 1673 2263 1734; x_wconf 82' lang='grc' dir='ltr'><strong>ῶν</strong></span> <span class='ocrx_word' id='word_1_187' title='bbox 2286 1679 2316 1734; x_wconf 82' lang='grc' dir='ltr'><strong>ὁ</strong></span> <span class='ocrx_word' id='word_1_188' title='bbox 2345 1680 2491 1736; x_wconf 78' lang='grc' dir='ltr'>κατὰ</span> <span class='ocrx_word' id='word_1_189' title='bbox 2522 1681 2656 1735; x_wconf 79' lang='grc' dir='ltr'>Θεὸν</span> <span class='ocrx_word' id='word_1_190' title='bbox 2683 1682 3154 1755; x_wconf 77' lang='grc' dir='ltr'>χαρακτηρίζεται</span> <span class='ocrx_word' id='word_1_191' title='bbox 3190 1683 3326 1754; x_wconf 84' lang='grc' dir='ltr'>βίος,</span> <span class='ocrx_word' id='word_1_192' title='bbox 3355 1683 3464 1749; x_wconf 70' lang='grc' dir='ltr'>ἕως</span> <span class='ocrx_word' id='word_1_193' title='bbox 3497 1683 3640 1754; x_wconf 71' lang='grc' dir='ltr'>πρὸς</span> <span class='ocrx_word' id='word_1_194' title='bbox 3669 1683 3780 1737; x_wconf 85' lang='grc' dir='ltr'>αύ-</span> 
     </span>
    </p>
   </div>
   <div class='ocr_carea' id='block_1_32' title="bbox 490 1772 2070 1868">
    <p class='ocr_par' dir='ltr' id='par_1_32' title="bbox 490 1772 2070 1868">
     <span class='ocr_line' id='line_1_32' title="bbox 490 1772 2070 1868; baseline 0.003 -20"><span class='ocrx_word' id='word_1_195' title='bbox 490 1795 598 1849; x_wconf 84' lang='lat' dir='ltr'><strong>bus</strong></span> <span class='ocrx_word' id='word_1_196' title='bbox 619 1794 919 1864; x_wconf 79' lang='lat' dir='ltr'><strong>insignitur</strong></span> <span class='ocrx_word' id='word_1_197' title='bbox 939 1796 1051 1850; x_wconf 89' lang='lat' dir='ltr'><strong>vita</strong></span> <span class='ocrx_word' id='word_1_198' title='bbox 1081 1772 1340 1866; x_wconf 78' lang='lat' dir='ltr'><strong>religiose</strong></span> <span class='ocrx_word' id='word_1_199' title='bbox 1371 1796 1569 1867; x_wconf 85' lang='lat' dir='ltr'><strong>pieque</strong></span> <span class='ocrx_word' id='word_1_200' title='bbox 1600 1772 1873 1860; x_wconf 81' lang='lat' dir='ltr'><strong>instituta,</strong></span> <span class='ocrx_word' id='word_1_201' title='bbox 1900 1772 2070 1868; x_wconf 75' lang='lat' dir='ltr'><strong>quan-</strong></span> 
     </span>
    </p>
   </div>
   <div class='ocr_carea' id='block_1_33' title="bbox 2171 1772 3774 1868">
    <p class='ocr_par' dir='ltr' id='par_1_33' title="bbox 2174 1772 3774 1848">
     <span class='ocr_line' id='line_1_33' title="bbox 2174 1772 3774 1848; baseline 0.001 -22"><span class='ocrx_word' id='word_1_202' title='bbox 2174 1772 2302 1837; x_wconf 78' lang='grc' dir='ltr'>τοὺς</span> <span class='ocrx_word' id='word_1_203' title='bbox 2334 1772 2594 1828; x_wconf 73' lang='grc' dir='ltr'>νένευκεν</span> <span class='ocrx_word' id='word_1_204' title='bbox 2627 1775 2657 1828; x_wconf 85' lang='grc' dir='ltr'>ὁ</span> <span class='ocrx_word' id='word_1_205' title='bbox 2695 1775 2900 1840; x_wconf 74' lang='grc' dir='ltr'>σκοπὸς</span> <span class='ocrx_word' id='word_1_206' title='bbox 2927 1776 3024 1830; x_wconf 71' lang='grc' dir='ltr'>καὶ</span> <span class='ocrx_word' id='word_1_207' title='bbox 3056 1775 3091 1848; x_wconf 80' lang='grc' dir='ltr'><strong>ή</strong></span> <span class='ocrx_word' id='word_1_208' title='bbox 3121 1775 3272 1830; x_wconf 85' lang='grc' dir='ltr'>αἰτία</span> <span class='ocrx_word' id='word_1_209' title='bbox 3299 1773 3413 1830; x_wconf 91' lang='grc' dir='ltr'><strong>τῶν</strong></span> <span class='ocrx_word' id='word_1_210' title='bbox 3437 1773 3774 1845; x_wconf 73' lang='grc' dir='ltr'>γινομένων.</span> 
     </span>
    </p>
   </div>
   <div class='ocr_carea' id='block_1_34' title="bbox 489 1885 1937 1958">
    <p class='ocr_par' dir='ltr' id='par_1_34' title="bbox 489 1885 1937 1958">
     <span class='ocr_line' id='line_1_34' title="bbox 489 1885 1937 1958; baseline 0.001 -18"><span class='ocrx_word' id='word_1_211' title='bbox 489 1885 584 1940; x_wconf 90' lang='lat' dir='ltr'><strong>diu</strong></span> <span class='ocrx_word' id='word_1_212' title='bbox 615 1899 808 1940; x_wconf 87' lang='lat' dir='ltr'><strong>eorum</strong></span> <span class='ocrx_word' id='word_1_213' title='bbox 835 1901 958 1955; x_wconf 64' lang='lat' dir='ltr'><strong>quae</strong></span> <span class='ocrx_word' id='word_1_214' title='bbox 989 1895 1228 1957; x_wconf 81' lang='lat' dir='ltr'><strong>aguntur</strong></span> <span class='ocrx_word' id='word_1_215' title='bbox 1256 1885 1323 1940; x_wconf 91' lang='lat' dir='ltr'><strong>ad</strong></span> <span class='ocrx_word' id='word_1_216' title='bbox 1347 1901 1444 1942; x_wconf 88' lang='lat' dir='ltr'><strong>eos</strong></span> <span class='ocrx_word' id='word_1_217' title='bbox 1474 1886 1653 1958; x_wconf 78' lang='lat' dir='ltr'><strong>vergit</strong></span> <span class='ocrx_word' id='word_1_218' title='bbox 1681 1886 1937 1942; x_wconf 87' lang='lat' dir='ltr'><strong>intentio.</strong></span> 
     </span>
    </p>
   </div>
   <div class='ocr_carea' id='block_1_35' title="bbox 560 1997 2077 2070">
    <p class='ocr_par' dir='ltr' id='par_1_35' title="bbox 560 1997 2077 2070">
     <span class='ocr_line' id='line_1_35' title="bbox 560 1997 2077 2070; baseline 0.001 -17"><span class='ocrx_word' id='word_1_219' title='bbox 560 2000 647 2053; x_wconf 83' lang='lat'><strong>7|.</strong></span> <span class='ocrx_word' id='word_1_220' title='bbox 684 1998 948 2068; x_wconf 81' lang='lat' dir='ltr'><strong>Reliquos</strong></span> <span class='ocrx_word' id='word_1_221' title='bbox 969 1997 1109 2052; x_wconf 88' lang='lat' dir='ltr'><strong>forte</strong></span> <span class='ocrx_word' id='word_1_222' title='bbox 1144 1997 1423 2054; x_wconf 71' lang='lat' dir='ltr'><strong>daemones</strong></span> <span class='ocrx_word' id='word_1_223' title='bbox 1447 1999 1614 2054; x_wconf 89' lang='lat' dir='ltr'><strong>citius</strong></span> <span class='ocrx_word' id='word_1_224' title='bbox 1633 1998 2077 2070; x_wconf 84' lang='lat' dir='ltr'><strong>deprehendens,</strong></span> 
     </span>
    </p>
   </div>
   <div class='ocr_carea' id='block_1_36' title="bbox 488 2090 2082 2162">
    <p class='ocr_par' dir='ltr' id='par_1_36' title="bbox 488 2090 2082 2162">
     <span class='ocr_line' id='line_1_36' title="bbox 488 2090 2082 2162; baseline 0.001 -17"><span class='ocrx_word' id='word_1_225' title='bbox 488 2091 587 2162; x_wconf 85' lang='lat' dir='ltr'><strong>qui</strong></span> <span class='ocrx_word' id='word_1_226' title='bbox 635 2090 703 2144; x_wconf 91' lang='lat' dir='ltr'><strong>ad</strong></span> <span class='ocrx_word' id='word_1_227' title='bbox 755 2091 1018 2160; x_wconf 89' lang='lat' dir='ltr'><strong>pietatem</strong></span> <span class='ocrx_word' id='word_1_228' title='bbox 1056 2098 1300 2156; x_wconf 89' lang='lat' dir='ltr'><strong>exercet,</strong></span> <span class='ocrx_word' id='word_1_229' title='bbox 1343 2090 1491 2160; x_wconf 89' lang='lat' dir='ltr'><strong>quod</strong></span> <span class='ocrx_word' id='word_1_230' title='bbox 1544 2091 1614 2146; x_wconf 92' lang='lat' dir='ltr'><strong>ab</strong></span> <span class='ocrx_word' id='word_1_231' title='bbox 1665 2091 1777 2146; x_wconf 90' lang='lat' dir='ltr'><strong>illis</strong></span> <span class='ocrx_word' id='word_1_232' title='bbox 1828 2091 2082 2146; x_wconf 87' lang='lat' dir='ltr'><strong>imminet</strong></span> 
     </span>
    </p>
   </div>
   <div class='ocr_carea' id='block_1_37' title="bbox 488 2181 2079 2253">
    <p class='ocr_par' dir='ltr' id='par_1_37' title="bbox 488 2181 2079 2253">
     <span class='ocr_line' id='line_1_37' title="bbox 488 2181 2079 2253; baseline 0.001 -15"><span class='ocrx_word' id='word_1_233' title='bbox 488 2183 774 2240; x_wconf 86' lang='lat' dir='ltr'><strong>damnum.</strong></span> <span class='ocrx_word' id='word_1_234' title='bbox 801 2181 963 2236; x_wconf 83' lang='lat' dir='ltr'><strong>facile</strong></span> <span class='ocrx_word' id='word_1_235' title='bbox 994 2181 1226 2252; x_wconf 75' lang='lat' dir='ltr'><strong>effugiet</strong></span> <span class='ocrx_word' id='word_1_236' title='bbox 1261 2199 1274 2235; x_wconf 91' lang='lat'><strong>:</strong></span> <span class='ocrx_word' id='word_1_237' title='bbox 1319 2190 1396 2249; x_wconf 87' lang='lat' dir='ltr'><strong>at,</strong></span> <span class='ocrx_word' id='word_1_238' title='bbox 1437 2183 1533 2253; x_wconf 87' lang='lat' dir='ltr'><strong>qui</strong></span> <span class='ocrx_word' id='word_1_239' title='bbox 1570 2183 1625 2238; x_wconf 92' lang='lat' dir='ltr'><strong>in</strong></span> <span class='ocrx_word' id='word_1_240' title='bbox 1649 2183 1871 2239; x_wconf 90' lang='lat' dir='ltr'><strong>virtutis</strong></span> <span class='ocrx_word' id='word_1_241' title='bbox 1899 2183 2079 2240; x_wconf 89' lang='lat' dir='ltr'><strong>stadio</strong></span> 
     </span>
    </p>
   </div>
   <div class='ocr_carea' id='block_1_38' title="bbox 487 2273 2080 2346">
    <p class='ocr_par' dir='ltr' id='par_1_38' title="bbox 487 2273 2080 2346">
     <span class='ocr_line' id='line_1_38' title="bbox 487 2273 2080 2346; baseline 0 -16"><span class='ocrx_word' id='word_1_242' title='bbox 487 2275 593 2346; x_wconf 74' lang='lat' dir='ltr'><strong>ipsi</strong></span> <span class='ocrx_word' id='word_1_243' title='bbox 642 2273 777 2328; x_wconf 89' lang='lat' dir='ltr'><strong>socii</strong></span> <span class='ocrx_word' id='word_1_244' title='bbox 825 2289 889 2328; x_wconf 91' lang='lat' dir='ltr'><strong>ac</strong></span> <span class='ocrx_word' id='word_1_245' title='bbox 936 2273 1223 2345; x_wconf 85' lang='lat' dir='ltr'><strong>adjutores</strong></span> <span class='ocrx_word' id='word_1_246' title='bbox 1273 2273 1613 2340; x_wconf 89' lang='lat' dir='ltr'><strong>videantur,</strong></span> <span class='ocrx_word' id='word_1_247' title='bbox 1669 2276 1876 2346; x_wconf 88' lang='lat' dir='ltr'><strong>quique</strong></span> <span class='ocrx_word' id='word_1_248' title='bbox 1925 2275 2080 2331; x_wconf 90' lang='lat' dir='ltr'><strong>velut</strong></span> 
     </span>
    </p>
   </div>
   <div class='ocr_carea' id='block_1_39' title="bbox 485 2364 2074 2435">
    <p class='ocr_par' dir='ltr' id='par_1_39' title="bbox 485 2364 2074 2435">
     <span class='ocr_line' id='line_1_39' title="bbox 485 2364 2074 2435; baseline 0.001 -15"><span class='ocrx_word' id='word_1_249' title='bbox 485 2366 650 2420; x_wconf 80' lang='lat' dir='ltr'><strong>simul</strong></span> <span class='ocrx_word' id='word_1_250' title='bbox 674 2366 870 2420; x_wconf 80' lang='lat' dir='ltr'><strong>collata</strong></span> <span class='ocrx_word' id='word_1_251' title='bbox 893 2380 1058 2435; x_wconf 89' lang='lat' dir='ltr'><strong>opera</strong></span> <span class='ocrx_word' id='word_1_252' title='bbox 1088 2380 1196 2418; x_wconf 91' lang='lat' dir='ltr'><strong>una</strong></span> <span class='ocrx_word' id='word_1_253' title='bbox 1223 2365 1486 2434; x_wconf 87' lang='lat' dir='ltr'><strong>templum</strong></span> <span class='ocrx_word' id='word_1_254' title='bbox 1513 2364 1786 2421; x_wconf 61' lang='lat' dir='ltr'><strong>aediﬁcare</strong></span> <span class='ocrx_word' id='word_1_255' title='bbox 1809 2366 1984 2421; x_wconf 89' lang='lat' dir='ltr'><strong>velint</strong></span> <span class='ocrx_word' id='word_1_256' title='bbox 2005 2367 2074 2433; x_wconf 85' lang='lat'><strong>”,</strong></span> 
     </span>
    </p>
   </div>
   <div class='ocr_carea' id='block_1_40' title="bbox 487 2454 2077 2529">
    <p class='ocr_par' dir='ltr' id='par_1_40' title="bbox 487 2454 2077 2529">
     <span class='ocr_line' id='line_1_40' title="bbox 487 2454 2077 2529; baseline 0.003 -21"><span class='ocrx_word' id='word_1_257' title='bbox 487 2474 741 2529; x_wconf 59' lang='lat' dir='ltr'><strong>quanam</strong></span> <span class='ocrx_word' id='word_1_258' title='bbox 769 2457 908 2512; x_wconf 88' lang='lat' dir='ltr'><strong>adeo</strong></span> <span class='ocrx_word' id='word_1_259' title='bbox 933 2454 1190 2510; x_wconf 85' lang='lat' dir='ltr'><strong>sublimis</strong></span> <span class='ocrx_word' id='word_1_260' title='bbox 1220 2469 1378 2509; x_wconf 89' lang='lat' dir='ltr'><strong>mens</strong></span> <span class='ocrx_word' id='word_1_261' title='bbox 1413 2463 1473 2509; x_wconf 92' lang='lat' dir='ltr'><strong>ut</strong></span> <span class='ocrx_word' id='word_1_262' title='bbox 1501 2455 1902 2526; x_wconf 80' lang='lat' dir='ltr'><strong>deprehendat,</strong></span> <span class='ocrx_word' id='word_1_263' title='bbox 1935 2456 2077 2514; x_wconf 89' lang='lat' dir='ltr'><strong>citra</strong></span> 
     </span>
    </p>
   </div>
   <div class='ocr_carea' id='block_1_41' title="bbox 483 2547 2078 2619">
    <p class='ocr_par' dir='ltr' id='par_1_41' title="bbox 483 2547 2078 2619">
     <span class='ocr_line' id='line_1_41' title="bbox 483 2547 2078 2619; baseline -0.001 -15"><span class='ocrx_word' id='word_1_264' title='bbox 483 2547 766 2605; x_wconf 74' lang='lat' dir='ltr'><strong>efﬁcacem</strong></span> <span class='ocrx_word' id='word_1_265' title='bbox 800 2547 1099 2618; x_wconf 87' lang='lat' dir='ltr'><strong>vivumque</strong></span> <span class='ocrx_word' id='word_1_266' title='bbox 1145 2559 1487 2610; x_wconf 87' lang='lat' dir='ltr'><strong>sermonem,</strong></span> <span class='ocrx_word' id='word_1_267' title='bbox 1521 2547 1615 2616; x_wconf 88' lang='lat' dir='ltr'><strong>qui</strong></span> <span class='ocrx_word' id='word_1_268' title='bbox 1648 2547 1836 2602; x_wconf 90' lang='lat' dir='ltr'><strong>omnia</strong></span> <span class='ocrx_word' id='word_1_269' title='bbox 1880 2563 2078 2619; x_wconf 89' lang='lat' dir='ltr'><strong>perva-</strong></span> 
     </span>
    </p>
   </div>
   <div class='ocr_carea' id='block_1_42' title="bbox 484 2637 2075 2712">
    <p class='ocr_par' dir='ltr' id='par_1_42' title="bbox 484 2637 2075 2712">
     <span class='ocr_line' id='line_1_42' title="bbox 484 2637 2075 2712; baseline 0.001 -18"><span class='ocrx_word' id='word_1_270' title='bbox 484 2640 588 2704; x_wconf 90' lang='lat' dir='ltr'><strong>dit,</strong></span> <span class='ocrx_word' id='word_1_271' title='bbox 621 2649 677 2694; x_wconf 63' lang='grc' dir='ltr'><strong>ιιι</strong></span> <span class='ocrx_word' id='word_1_272' title='bbox 706 2655 878 2710; x_wconf 84' lang='lat' dir='ltr'><strong>usque</strong></span> <span class='ocrx_word' id='word_1_273' title='bbox 911 2638 979 2693; x_wconf 90' lang='lat' dir='ltr'><strong>ad</strong></span> <span class='ocrx_word' id='word_1_274' title='bbox 1006 2637 1337 2693; x_wconf 89' lang='lat' dir='ltr'><strong>divisionem</strong></span> <span class='ocrx_word' id='word_1_275' title='bbox 1368 2637 1657 2693; x_wconf 70' lang='lat' dir='ltr'><strong>animte&#39;ac</strong></span> <span class='ocrx_word' id='word_1_276' title='bbox 1682 2639 1912 2709; x_wconf 89' lang='lat' dir='ltr'><strong>spiritus</strong></span> <span class='ocrx_word' id='word_1_277' title='bbox 1945 2656 2075 2712; x_wconf 88' lang='lat' dir='ltr'><strong>per-</strong></span> 
     </span>
    </p>
   </div>
   <div class='ocr_carea' id='block_1_43' title="bbox 485 2730 2074 2803">
    <p class='ocr_par' dir='ltr' id='par_1_43' title="bbox 485 2730 2074 2803">
     <span class='ocr_line' id='line_1_43' title="bbox 485 2730 2074 2803; baseline 0.001 -17"><span class='ocrx_word' id='word_1_278' title='bbox 485 2733 650 2803; x_wconf 81' lang='lat' dir='ltr'><strong>tingit</strong></span> <span class='ocrx_word' id='word_1_279' title='bbox 681 2731 766 2785; x_wconf 68' lang='lat'><strong>“1&#39;</strong></span> <span class='ocrx_word' id='word_1_280' title='bbox 787 2731 881 2802; x_wconf 88' lang='lat' dir='ltr'><strong>qui</strong></span> <span class='ocrx_word' id='word_1_281' title='bbox 912 2746 1110 2801; x_wconf 88' lang='lat' dir='ltr'><strong>nempe</strong></span> <span class='ocrx_word' id='word_1_282' title='bbox 1136 2730 1417 2785; x_wconf 87' lang='lat' dir='ltr'><strong>discernat</strong></span> <span class='ocrx_word' id='word_1_283' title='bbox 1471 2745 1537 2786; x_wconf 91' lang='lat' dir='ltr'><strong>ac</strong></span> <span class='ocrx_word' id='word_1_284' title='bbox 1567 2731 1783 2802; x_wconf 88' lang='lat' dir='ltr'><strong>judicct</strong></span> <span class='ocrx_word' id='word_1_285' title='bbox 1820 2748 2074 2803; x_wconf 67' lang='lat' dir='ltr'><strong>quaenam</strong></span> 
     </span>
    </p>
   </div>
   <div class='ocr_carea' id='block_1_44' title="bbox 480 2825 2074 2898">
    <p class='ocr_par' dir='ltr' id='par_1_44' title="bbox 480 2825 2074 2898">
     <span class='ocr_line' id='line_1_44' title="bbox 480 2825 2074 2898; baseline 0.001 -17"><span class='ocrx_word' id='word_1_286' title='bbox 480 2844 649 2898; x_wconf 81' lang='lat' dir='ltr'><strong>opera</strong></span> <span class='ocrx_word' id='word_1_287' title='bbox 683 2840 956 2896; x_wconf 86' lang='lat' dir='ltr'><strong>sensaque</strong></span> <span class='ocrx_word' id='word_1_288' title='bbox 990 2841 1055 2880; x_wconf 89' lang='lat' dir='ltr'><strong>ac</strong></span> <span class='ocrx_word' id='word_1_289' title='bbox 1078 2825 1317 2896; x_wconf 82' lang='lat' dir='ltr'><strong>cogitata</strong></span> <span class='ocrx_word' id='word_1_290' title='bbox 1342 2825 1604 2880; x_wconf 84' lang='lat' dir='ltr'><strong>animalia</strong></span> <span class='ocrx_word' id='word_1_291' title='bbox 1629 2825 1741 2881; x_wconf 91' lang='lat' dir='ltr'><strong>sint</strong></span> <span class='ocrx_word' id='word_1_292' title='bbox 1769 2827 2074 2897; x_wconf 87' lang='lat' dir='ltr'><strong>(naturales</strong></span> 
     </span>
    </p>
   </div>
   <div class='ocr_carea' id='block_1_45' title="bbox 481 2913 2073 2986">
    <p class='ocr_par' dir='ltr' id='par_1_45' title="bbox 481 2913 2073 2986">
     <span class='ocr_line' id='line_1_45' title="bbox 481 2913 2073 2986; baseline -0.003 -13"><span class='ocrx_word' id='word_1_293' title='bbox 481 2917 694 2973; x_wconf 85' lang='lat' dir='ltr'><strong>scilicet</strong></span> <span class='ocrx_word' id='word_1_294' title='bbox 726 2915 948 2972; x_wconf 87' lang='lat' dir='ltr'><strong>virtutis</strong></span> <span class='ocrx_word' id='word_1_295' title='bbox 977 2914 1191 2986; x_wconf 84' lang='lat' dir='ltr'><strong>species</strong></span> <span class='ocrx_word' id='word_1_296' title='bbox 1215 2913 1557 2986; x_wconf 89' lang='lat' dir='ltr'><strong>motusque),</strong></span> <span class='ocrx_word' id='word_1_297' title='bbox 1581 2931 1646 2968; x_wconf 90' lang='lat' dir='ltr'><strong>ac</strong></span> <span class='ocrx_word' id='word_1_298' title='bbox 1674 2931 1926 2985; x_wconf 67' lang='lat' dir='ltr'><strong>quaenam</strong></span> <span class='ocrx_word' id='word_1_299' title='bbox 1959 2913 2073 2985; x_wconf 90' lang='lat' dir='ltr'><strong>spi-</strong></span> 
     </span>
    </p>
   </div>
   <div class='ocr_carea' id='block_1_46' title="bbox 482 3006 2071 3080">
    <p class='ocr_par' dir='ltr' id='par_1_46' title="bbox 482 3006 2071 3080">
     <span class='ocr_line' id='line_1_46' title="bbox 482 3006 2071 3080; baseline -0.001 -17"><span class='ocrx_word' id='word_1_300' title='bbox 482 3009 666 3064; x_wconf 88' lang='lat' dir='ltr'><strong>ritalia</strong></span> <span class='ocrx_word' id='word_1_301' title='bbox 705 3008 848 3080; x_wconf 70' lang='lat' dir='ltr'><strong>(quae</strong></span> <span class='ocrx_word' id='word_1_302' title='bbox 873 3007 1138 3062; x_wconf 91' lang='lat' dir='ltr'><strong>nimirum</strong></span> <span class='ocrx_word' id='word_1_303' title='bbox 1177 3013 1443 3077; x_wconf 88' lang='lat' dir='ltr'><strong>superent</strong></span> <span class='ocrx_word' id='word_1_304' title='bbox 1487 3014 1742 3061; x_wconf 88' lang='lat' dir='ltr'><strong>naturam</strong></span> <span class='ocrx_word' id='word_1_305' title='bbox 1785 3006 2071 3076; x_wconf 89' lang='lat' dir='ltr'><strong>Deumque</strong></span> 
     </span>
    </p>
   </div>
   <div class='ocr_carea' id='block_1_47' title="bbox 2250 1971 3777 2045">
    <p class='ocr_par' dir='ltr' id='par_1_47' title="bbox 2250 1971 3777 2045">
     <span class='ocr_line' id='line_1_47' title="bbox 2250 1971 3777 2045; baseline 0 -19"><span class='ocrx_word' id='word_1_306' title='bbox 2250 1971 2352 2026; x_wconf 86' lang='lat' dir='ltr'><strong>oa&#39;.</strong></span> <span class='ocrx_word' id='word_1_307' title='bbox 2380 1972 2522 2037; x_wconf 78' lang='grc' dir='ltr'>Τοὺς</span> <span class='ocrx_word' id='word_1_308' title='bbox 2545 1973 2644 2044; x_wconf 82' lang='grc' dir='ltr'>μὲν</span> <span class='ocrx_word' id='word_1_309' title='bbox 2666 1973 2861 2038; x_wconf 74' lang='grc' dir='ltr'>ἄλλους</span> <span class='ocrx_word' id='word_1_310' title='bbox 2883 1973 3168 2044; x_wconf 85' lang='grc' dir='ltr'>δαίμονας,</span> <span class='ocrx_word' id='word_1_311' title='bbox 3191 1973 3380 2045; x_wconf 82' lang='grc' dir='ltr'>τάχιον</span> <span class='ocrx_word' id='word_1_312' title='bbox 3404 1972 3534 2037; x_wconf 75' lang='grc' dir='ltr'>ἴσως</span> <span class='ocrx_word' id='word_1_313' title='bbox 3551 1973 3777 2045; x_wconf 82' lang='grc' dir='ltr'>δάσκη-</span> 
     </span>
    </p>
   </div>
   <div class='ocr_carea' id='block_1_48' title="bbox 2171 2063 3779 2138">
    <p class='ocr_par' dir='ltr' id='par_1_48' title="bbox 2171 2063 3779 2138">
     <span class='ocr_line' id='line_1_48' title="bbox 2171 2063 3779 2138; baseline -0.001 -20"><span class='ocrx_word' id='word_1_314' title='bbox 2171 2063 2279 2137; x_wconf 80' lang='grc' dir='ltr'>-τὴς</span> <span class='ocrx_word' id='word_1_315' title='bbox 2305 2063 2782 2135; x_wconf 76' lang='grc' dir='ltr'>καταλαϐόμενος,</span> <span class='ocrx_word' id='word_1_316' title='bbox 2822 2065 3026 2138; x_wconf 76' lang='grc' dir='ltr'>ῥαδίως</span> <span class='ocrx_word' id='word_1_317' title='bbox 3077 2065 3180 2138; x_wconf 75' lang='grc' dir='ltr'>τὴν</span> <span class='ocrx_word' id='word_1_318' title='bbox 3210 2064 3270 2132; x_wconf 77' lang='grc' dir='ltr'><strong>ἐξ</strong></span> <span class='ocrx_word' id='word_1_319' title='bbox 3316 2064 3499 2119; x_wconf 82' lang='grc' dir='ltr'>αὐτῶν</span> <span class='ocrx_word' id='word_1_320' title='bbox 3561 2063 3779 2134; x_wconf 75' lang='grc' dir='ltr'>βλάὗην</span> 
     </span>
    </p>
   </div>
   <div class='ocr_carea' id='block_1_49' title="bbox 2175 2157 3773 2231">
    <p class='ocr_par' dir='ltr' id='par_1_49' title="bbox 2175 2157 3773 2231">
     <span class='ocr_line' id='line_1_49' title="bbox 2175 2157 3773 2231; baseline 0.001 -21"><span class='ocrx_word' id='word_1_321' title='bbox 2175 2157 2549 2229; x_wconf 78' lang='grc' dir='ltr'>διαδιδράσκει</span> <span class='ocrx_word' id='word_1_322' title='bbox 2570 2177 2586 2190; x_wconf 65' lang='grc' dir='ltr'><strong>ι</strong></span> <span class='ocrx_word' id='word_1_323' title='bbox 2635 2161 2762 2222; x_wconf 72' lang='grc' dir='ltr'>τοὺς</span> <span class='ocrx_word' id='word_1_324' title='bbox 2796 2158 2855 2212; x_wconf 76' lang='grc' dir='ltr'>δδ</span> <span class='ocrx_word' id='word_1_325' title='bbox 2899 2157 3195 2222; x_wconf 80' lang='grc' dir='ltr'>δοκοῦντας</span> <span class='ocrx_word' id='word_1_326' title='bbox 3227 2161 3510 2231; x_wconf 74' lang='grc' dir='ltr'>συνεργεῖν</span> <span class='ocrx_word' id='word_1_327' title='bbox 3534 2158 3617 2229; x_wconf 80' lang='grc' dir='ltr'><strong>τῷ</strong></span> <span class='ocrx_word' id='word_1_328' title='bbox 3648 2159 3773 2230; x_wconf 84' lang='grc' dir='ltr'>δρό-</span> 
     </span>
    </p>
   </div>
   <div class='ocr_carea' id='block_1_50' title="bbox 2181 2246 3777 2322">
    <p class='ocr_par' dir='ltr' id='par_1_50' title="bbox 2181 2246 3777 2322">
     <span class='ocr_line' id='line_1_50' title="bbox 2181 2246 3777 2322; baseline 0.001 -19"><span class='ocrx_word' id='word_1_329' title='bbox 2181 2266 2269 2320; x_wconf 87' lang='grc' dir='ltr'>μῳ</span> <span class='ocrx_word' id='word_1_330' title='bbox 2305 2249 2409 2320; x_wconf 79' lang='grc' dir='ltr'>τῆς</span> <span class='ocrx_word' id='word_1_331' title='bbox 2432 2250 2662 2321; x_wconf 79' lang='grc' dir='ltr'>ἀρετῆς,</span> <span class='ocrx_word' id='word_1_332' title='bbox 2703 2250 2799 2304; x_wconf 79' lang='grc' dir='ltr'>καὶ</span> <span class='ocrx_word' id='word_1_333' title='bbox 2828 2246 2943 2304; x_wconf 74' lang='grc' dir='ltr'>οἷον</span> <span class='ocrx_word' id='word_1_334' title='bbox 2975 2250 3380 2320; x_wconf 79' lang='grc' dir='ltr'>συνοικοδομεῖν</span> <span class='ocrx_word' id='word_1_335' title='bbox 3411 2249 3777 2322; x_wconf 80' lang='grc' dir='ltr'>βουλομένους</span> 
     </span>
    </p>
   </div>
   <div class='ocr_carea' id='block_1_51' title="bbox 2173 2341 3774 2415">
    <p class='ocr_par' dir='ltr' id='par_1_51' title="bbox 2173 2341 3774 2415">
     <span class='ocr_line' id='line_1_51' title="bbox 2173 2341 3774 2415; baseline 0.002 -20"><span class='ocrx_word' id='word_1_336' title='bbox 2173 2342 2266 2396; x_wconf 75' lang='grc' dir='ltr'><strong>τὸν</strong></span> <span class='ocrx_word' id='word_1_337' title='bbox 2293 2342 2422 2396; x_wconf 78' lang='grc' dir='ltr'>ναὸν</span> <span class='ocrx_word' id='word_1_338' title='bbox 2448 2343 2663 2415; x_wconf 80' lang='grc' dir='ltr'>Κυρίῳ,</span> <span class='ocrx_word' id='word_1_339' title='bbox 2693 2343 2781 2406; x_wconf 85' lang='grc' dir='ltr'><strong>τίς</strong></span> <span class='ocrx_word' id='word_1_340' title='bbox 2809 2343 2876 2397; x_wconf 79' lang='grc' dir='ltr'>ἂν</span> <span class='ocrx_word' id='word_1_341' title='bbox 2900 2341 3010 2396; x_wconf 90' lang='grc' dir='ltr'><strong>τῶν</strong></span> <span class='ocrx_word' id='word_1_342' title='bbox 3039 2343 3181 2412; x_wconf 77' lang='grc' dir='ltr'>ἄγαν</span> <span class='ocrx_word' id='word_1_343' title='bbox 3213 2343 3438 2414; x_wconf 79' lang='grc' dir='ltr'>ὑψηλῶν</span> <span class='ocrx_word' id='word_1_344' title='bbox 3467 2343 3774 2398; x_wconf 64' lang='grc' dir='ltr'>καταλάὼε</span> 
     </span>
    </p>
   </div>
   <div class='ocr_carea' id='block_1_52' title="bbox 2175 2435 3774 2508">
    <p class='ocr_par' dir='ltr' id='par_1_52' title="bbox 2175 2435 3774 2508">
     <span class='ocr_line' id='line_1_52' title="bbox 2175 2435 3774 2508; baseline 0.001 -19"><span class='ocrx_word' id='word_1_345' title='bbox 2175 2435 2322 2501; x_wconf 89' lang='grc' dir='ltr'>νοῦς,</span> <span class='ocrx_word' id='word_1_346' title='bbox 2358 2435 2531 2507; x_wconf 78' lang='grc' dir='ltr'>χωρὶς</span> <span class='ocrx_word' id='word_1_347' title='bbox 2554 2435 2650 2490; x_wconf 87' lang='grc' dir='ltr'><strong>τοῦ</strong></span> <span class='ocrx_word' id='word_1_348' title='bbox 2677 2436 2768 2490; x_wconf 83' lang='grc' dir='ltr'>διὰ</span> <span class='ocrx_word' id='word_1_349' title='bbox 2802 2437 3024 2492; x_wconf 86' lang='grc' dir='ltr'>πάντων</span> <span class='ocrx_word' id='word_1_350' title='bbox 3048 2436 3356 2508; x_wconf 80' lang='grc' dir='ltr'>χωροῦντος</span> <span class='ocrx_word' id='word_1_351' title='bbox 3394 2435 3655 2508; x_wconf 71' lang='grc' dir='ltr'>ἐνεργοῦς</span> <span class='ocrx_word' id='word_1_352' title='bbox 3685 2436 3774 2490; x_wconf 80' lang='grc' dir='ltr'>λό-</span> 
     </span>
    </p>
   </div>
   <div class='ocr_carea' id='block_1_53' title="bbox 2167 2527 3768 2602">
    <p class='ocr_par' dir='ltr' id='par_1_53' title="bbox 2167 2527 3768 2602">
     <span class='ocr_line' id='line_1_53' title="bbox 2167 2527 3768 2602; baseline 0.001 -21"><span class='ocrx_word' id='word_1_353' title='bbox 2167 2543 2276 2597; x_wconf 84' lang='grc' dir='ltr'><strong>γου</strong></span> <span class='ocrx_word' id='word_1_354' title='bbox 2313 2529 2408 2582; x_wconf 71' lang='grc' dir='ltr'>καὶ</span> <span class='ocrx_word' id='word_1_355' title='bbox 2442 2527 2670 2593; x_wconf 76' lang='grc' dir='ltr'>ζῶντος,</span> <span class='ocrx_word' id='word_1_356' title='bbox 2722 2528 2820 2583; x_wconf 82' lang='grc' dir='ltr'>καὶ</span> <span class='ocrx_word' id='word_1_357' title='bbox 2873 2528 3252 2602; x_wconf 84' lang='grc' dir='ltr'>διικνουμένον</span> <span class='ocrx_word' id='word_1_358' title='bbox 3295 2528 3426 2600; x_wconf 76' lang='grc' dir='ltr'>ἄχρι</span> <span class='ocrx_word' id='word_1_359' title='bbox 3488 2527 3768 2600; x_wconf 83' lang='grc' dir='ltr'>μερισμοῦ</span> 
     </span>
    </p>
   </div>
   <div class='ocr_carea' id='block_1_54' title="bbox 2165 2617 3770 2690">
    <p class='ocr_par' dir='ltr' id='par_1_54' title="bbox 2165 2617 3770 2690">
     <span class='ocr_line' id='line_1_54' title="bbox 2165 2617 3770 2690; baseline -0.003 -15"><span class='ocrx_word' id='word_1_360' title='bbox 2165 2619 2352 2690; x_wconf 77' lang='grc' dir='ltr'>ψυχῆς</span> <span class='ocrx_word' id='word_1_361' title='bbox 2383 2619 2478 2672; x_wconf 81' lang='grc' dir='ltr'>καὶ</span> <span class='ocrx_word' id='word_1_362' title='bbox 2502 2617 3132 2690; x_wconf 59' lang='grc' dir='ltr'>πνεύματοςμσουτέστι,</span> <span class='ocrx_word' id='word_1_363' title='bbox 3162 2617 3621 2688; x_wconf 83' lang='grc' dir='ltr'>διαγινώσκοντος</span> <span class='ocrx_word' id='word_1_364' title='bbox 3642 2617 3770 2672; x_wconf 74' lang='grc' dir='ltr'>τινα</span> 
     </span>
    </p>
   </div>
   <div class='ocr_carea' id='block_1_55' title="bbox 2172 2707 3763 2781">
    <p class='ocr_par' dir='ltr' id='par_1_55' title="bbox 2172 2707 3763 2781">
     <span class='ocr_line' id='line_1_55' title="bbox 2172 2707 3763 2781; baseline -0.001 -19"><span class='ocrx_word' id='word_1_365' title='bbox 2172 2709 2284 2763; x_wconf 88' lang='grc' dir='ltr'><strong>τῶν</strong></span> <span class='ocrx_word' id='word_1_366' title='bbox 2315 2708 2495 2780; x_wconf 73' lang='grc' dir='ltr'>ἔργων</span> <span class='ocrx_word' id='word_1_367' title='bbox 2527 2707 2562 2780; x_wconf 75' lang='grc' dir='ltr'>ἢ</span> <span class='ocrx_word' id='word_1_368' title='bbox 2598 2707 2892 2780; x_wconf 84' lang='grc' dir='ltr'>νοημάτων</span> <span class='ocrx_word' id='word_1_369' title='bbox 2925 2709 3037 2764; x_wconf 76' lang='grc' dir='ltr'>εἰσὶ</span> <span class='ocrx_word' id='word_1_370' title='bbox 3058 2708 3292 2781; x_wconf 76' lang='grc' dir='ltr'>ψυχικὰ,</span> <span class='ocrx_word' id='word_1_371' title='bbox 3325 2709 3610 2762; x_wconf 81' lang='grc' dir='ltr'>τουτέστιν</span> <span class='ocrx_word' id='word_1_372' title='bbox 3642 2707 3763 2778; x_wconf 81' lang='grc' dir='ltr'><strong>είόη</strong></span> 
     </span>
    </p>
   </div>
   <div class='ocr_carea' id='block_1_56' title="bbox 2174 2796 3764 2870">
    <p class='ocr_par' dir='ltr' id='par_1_56' title="bbox 2174 2796 3764 2870">
     <span class='ocr_line' id='line_1_56' title="bbox 2174 2796 3764 2870; baseline 0 -20"><span class='ocrx_word' id='word_1_373' title='bbox 2174 2796 2382 2867; x_wconf 80' lang='grc' dir='ltr'>φυσικὰ</span> <span class='ocrx_word' id='word_1_374' title='bbox 2412 2797 2510 2864; x_wconf 83' lang='grc' dir='ltr'>τῆς</span> <span class='ocrx_word' id='word_1_375' title='bbox 2539 2798 2744 2870; x_wconf 81' lang='grc' dir='ltr'>ἀρετῆς</span> <span class='ocrx_word' id='word_1_376' title='bbox 2787 2798 2822 2870; x_wconf 78' lang='grc' dir='ltr'>ἢ</span> <span class='ocrx_word' id='word_1_377' title='bbox 2877 2799 3181 2869; x_wconf 83' lang='grc' dir='ltr'>κινήματα,</span> <span class='ocrx_word' id='word_1_378' title='bbox 3219 2799 3316 2852; x_wconf 73' lang='grc' dir='ltr'>καὶ</span> <span class='ocrx_word' id='word_1_379' title='bbox 3343 2798 3469 2852; x_wconf 83' lang='grc' dir='ltr'>τινα</span> <span class='ocrx_word' id='word_1_380' title='bbox 3499 2798 3764 2868; x_wconf 80' lang='grc' dir='ltr'>τυγχάνει</span> 
     </span>
    </p>
   </div>
   <div class='ocr_carea' id='block_1_57' title="bbox 2173 2891 3762 2964">
    <p class='ocr_par' dir='ltr' id='par_1_57' title="bbox 2173 2891 3762 2964">
     <span class='ocr_line' id='line_1_57' title="bbox 2173 2891 3762 2964; baseline -0.002 -17"><span class='ocrx_word' id='word_1_381' title='bbox 2173 2893 2546 2964; x_wconf 79' lang='grc' dir='ltr'>πνευματικὰ,</span> <span class='ocrx_word' id='word_1_382' title='bbox 2574 2893 2879 2959; x_wconf 81' lang='grc' dir='ltr'>τουτέστιν,</span> <span class='ocrx_word' id='word_1_383' title='bbox 2918 2893 3062 2963; x_wconf 77' lang='grc' dir='ltr'>ὑπὲρ</span> <span class='ocrx_word' id='word_1_384' title='bbox 3086 2891 3251 2962; x_wconf 81' lang='grc' dir='ltr'>φύσιν</span> <span class='ocrx_word' id='word_1_385' title='bbox 3282 2892 3378 2946; x_wconf 76' lang='grc' dir='ltr'>καὶ</span> <span class='ocrx_word' id='word_1_386' title='bbox 3408 2891 3544 2946; x_wconf 77' lang='grc' dir='ltr'>Θεὸν</span> <span class='ocrx_word' id='word_1_387' title='bbox 3587 2909 3762 2963; x_wconf 77' lang='grc' dir='ltr'>χαραο</span> 
     </span>
    </p>
   </div>
   <div class='ocr_carea' id='block_1_58' title="bbox 2174 2975 3754 3058">
    <p class='ocr_par' dir='ltr' id='par_1_58' title="bbox 2174 2975 3754 3058">
     <span class='ocr_line' id='line_1_58' title="bbox 2174 2975 3754 3058; baseline -0.001 -18"><span class='ocrx_word' id='word_1_388' title='bbox 2174 2987 2540 3058; x_wconf 61' lang='grc' dir='ltr'>κτηρΚοντα·</span> <span class='ocrx_word' id='word_1_389' title='bbox 2583 2989 2650 3058; x_wconf 76' lang='grc' dir='ltr'><strong>τῇ</strong></span> <span class='ocrx_word' id='word_1_390' title='bbox 2715 2984 2878 3055; x_wconf 67' lang='grc' dir='ltr'>φύσει</span> <span class='ocrx_word' id='word_1_391' title='bbox 2928 2985 2987 3039; x_wconf 80' lang='grc' dir='ltr'>δὲ</span> <span class='ocrx_word' id='word_1_392' title='bbox 3044 2975 3192 3040; x_wconf 80' lang='grc' dir='ltr'>κατὰ</span> <span class='ocrx_word' id='word_1_393' title='bbox 3243 2985 3408 3056; x_wconf 84' lang='grc' dir='ltr'>χάριν</span> <span class='ocrx_word' id='word_1_394' title='bbox 3460 2984 3754 3055; x_wconf 75' lang='grc' dir='ltr'>διδόμεναο</span> 
     </span>
    </p>
   </div>
   <div class='ocr_carea' id='block_1_59' title="bbox 480 3076 2070 3191">
    <p class='ocr_par' dir='ltr' id='par_1_59' title="bbox 480 3076 2067 3170">
     <span class='ocr_line' id='line_1_59' title="bbox 480 3076 2067 3170; baseline -0.004 -16"><span class='ocrx_word' id='word_1_395' title='bbox 480 3076 823 3170; x_wconf 76' lang='lat' dir='ltr'><strong>insigniant;</strong></span> <span class='ocrx_word' id='word_1_396' title='bbox 878 3103 1092 3151; x_wconf 69' lang='lat' dir='ltr'><strong>natura:</strong></span> <span class='ocrx_word' id='word_1_397' title='bbox 1122 3076 1260 3150; x_wconf 79' lang='lat' dir='ltr'><strong>vero</strong></span> <span class='ocrx_word' id='word_1_398' title='bbox 1293 3095 1610 3150; x_wconf 90' lang='lat' dir='ltr'><strong>tribuantur</strong></span> <span class='ocrx_word' id='word_1_399' title='bbox 1644 3111 1744 3166; x_wconf 85' lang='lat' dir='ltr'><strong>per</strong></span> <span class='ocrx_word' id='word_1_400' title='bbox 1768 3094 2024 3166; x_wconf 75' lang='lat' dir='ltr'><strong>gratiam)</strong></span> <span class='ocrx_word' id='word_1_401' title='bbox 2053 3111 2067 3148; x_wconf 90' lang='lat'><strong>:</strong></span> 
     </span>
    </p>
   </div>
   <div class='ocr_carea' id='block_1_60' title="bbox 2171 3076 3758 3191">
    <p class='ocr_par' dir='ltr' id='par_1_60' title="bbox 2171 3076 3758 3191">
     <span class='ocr_line' id='line_1_60' title="bbox 2175 3076 3758 3152; baseline -0.002 -19"><span class='ocrx_word' id='word_1_402' title='bbox 2175 3079 2369 3152; x_wconf 85' lang='grc' dir='ltr'>άρμῶν</span> <span class='ocrx_word' id='word_1_403' title='bbox 2390 3097 2449 3133; x_wconf 90' lang='grc' dir='ltr'><strong>τε</strong></span> <span class='ocrx_word' id='word_1_404' title='bbox 2485 3079 2580 3132; x_wconf 70' lang='grc' dir='ltr'>καὶ</span> <span class='ocrx_word' id='word_1_405' title='bbox 2610 3078 2848 3149; x_wconf 84' lang='grc' dir='ltr'>μυελῶν,</span> <span class='ocrx_word' id='word_1_406' title='bbox 2887 3076 2988 3150; x_wconf 81' lang='grc' dir='ltr'>τὴν</span> <span class='ocrx_word' id='word_1_407' title='bbox 3017 3077 3154 3148; x_wconf 76' lang='grc' dir='ltr'>πρὸς</span> <span class='ocrx_word' id='word_1_408' title='bbox 3190 3077 3318 3141; x_wconf 80' lang='grc' dir='ltr'>τοὺς</span> <span class='ocrx_word' id='word_1_409' title='bbox 3349 3077 3758 3147; x_wconf 72' lang='grc' dir='ltr'>πνευματικοὺς</span> 
     </span>
     <span class='ocr_line' id='line_1_61' title="bbox 2171 3168 3730 3191; baseline -0.002 2"><span class='ocrx_word' id='word_1_410' title='bbox 2171 3170 2364 3191; x_wconf 72' lang='grc' dir='ltr'><strong>υ---..-</strong></span> <span class='ocrx_word' id='word_1_411' title='bbox 2393 3169 2498 3191; x_wconf 43' lang='grc' dir='ltr'>Α..</span> <span class='ocrx_word' id='word_1_412' title='bbox 2543 3170 2666 3191; x_wconf 55' lang='grc' dir='ltr'><strong>η--.</strong></span> <span class='ocrx_word' id='word_1_413' title='bbox 2702 3170 2899 3191; x_wconf 59' lang='grc' dir='ltr'><strong>ι---ι-.</strong></span> <span class='ocrx_word' id='word_1_414' title='bbox 2941 3168 3161 3191; x_wconf 72' lang='grc' dir='ltr'><strong>--ι--</strong></span> <span class='ocrx_word' id='word_1_415' title='bbox 3221 3168 3477 3191; x_wconf 68' lang='grc' dir='ltr'><strong>ι.-,,ιιι-,--</strong></span> <span class='ocrx_word' id='word_1_416' title='bbox 3516 3168 3547 3191; x_wconf 73' lang='grc'><em>,</em></span> <span class='ocrx_word' id='word_1_417' title='bbox 3596 3169 3730 3191; x_wconf 55' lang='grc' dir='ltr'><strong>ιη--</strong></span> 
     </span>
    </p>
   </div>
   <div class='ocr_carea' id='block_1_61' title="bbox 479 3187 2070 3262">
    <p class='ocr_par' dir='ltr' id='par_1_61' title="bbox 479 3187 2070 3262">
     <span class='ocr_line' id='line_1_62' title="bbox 479 3187 2070 3262; baseline -0.003 -15"><span class='ocrx_word' id='word_1_418' title='bbox 479 3191 575 3262; x_wconf 89' lang='lat' dir='ltr'><strong>qui</strong></span> <span class='ocrx_word' id='word_1_419' title='bbox 611 3190 779 3246; x_wconf 90' lang='lat' dir='ltr'><strong>etiam</strong></span> <span class='ocrx_word' id='word_1_420' title='bbox 806 3203 1135 3260; x_wconf 80' lang='lat' dir='ltr'><strong>compagum</strong></span> <span class='ocrx_word' id='word_1_421' title='bbox 1180 3196 1236 3242; x_wconf 91' lang='lat' dir='ltr'><strong>et</strong></span> <span class='ocrx_word' id='word_1_422' title='bbox 1269 3187 1641 3242; x_wconf 89' lang='lat' dir='ltr'><strong>medullarum</strong></span> <span class='ocrx_word' id='word_1_423' title='bbox 1678 3187 1929 3259; x_wconf 90' lang='lat' dir='ltr'><strong>(virtutis</strong></span> <span class='ocrx_word' id='word_1_424' title='bbox 1959 3188 2070 3243; x_wconf 91' lang='lat' dir='ltr'><strong>sci-</strong></span> 
     </span>
    </p>
   </div>
   <div class='ocr_carea' id='block_1_62' title="bbox 478 3279 2067 3351">
    <p class='ocr_par' dir='ltr' id='par_1_62' title="bbox 478 3279 2067 3351">
     <span class='ocr_line' id='line_1_63' title="bbox 478 3279 2067 3351; baseline -0.005 -10"><span class='ocrx_word' id='word_1_425' title='bbox 478 3285 608 3341; x_wconf 90' lang='lat' dir='ltr'><strong>licet</strong></span> <span class='ocrx_word' id='word_1_426' title='bbox 645 3283 937 3339; x_wconf 91' lang='lat' dir='ltr'><strong>modorum</strong></span> <span class='ocrx_word' id='word_1_427' title='bbox 985 3296 1112 3337; x_wconf 90' lang='lat' dir='ltr'><strong>cum</strong></span> <span class='ocrx_word' id='word_1_428' title='bbox 1161 3281 1506 3350; x_wconf 89' lang='lat' dir='ltr'><strong>spiritalibus</strong></span> <span class='ocrx_word' id='word_1_429' title='bbox 1549 3279 1883 3351; x_wconf 85' lang='lat' dir='ltr'><strong>rationibus)</strong></span> <span class='ocrx_word' id='word_1_430' title='bbox 1929 3295 2067 3336; x_wconf 87' lang='lat' dir='ltr'><strong>con—</strong></span> 
     </span>
    </p>
   </div>
   <div class='ocr_carea' id='block_1_63' title="bbox 476 3370 2068 3445">
    <p class='ocr_par' dir='ltr' id='par_1_63' title="bbox 476 3370 2068 3445">
     <span class='ocr_line' id='line_1_64' title="bbox 476 3370 2068 3445; baseline -0.003 -14"><span class='ocrx_word' id='word_1_431' title='bbox 476 3376 795 3433; x_wconf 89' lang='lat' dir='ltr'><strong>venientem</strong></span> <span class='ocrx_word' id='word_1_432' title='bbox 821 3375 909 3430; x_wconf 91' lang='lat' dir='ltr'><strong>vel</strong></span> <span class='ocrx_word' id='word_1_433' title='bbox 946 3373 1801 3445; x_wconf 71' lang='lat' dir='ltr'><strong>disconvenientemjuncturam</strong></span> <span class='ocrx_word' id='word_1_434' title='bbox 1839 3370 2068 3426; x_wconf 82' lang='lat' dir='ltr'><strong>omnino</strong></span> 
     </span>
    </p>
   </div>
   <div class='ocr_carea' id='block_1_64' title="bbox 476 3464 2068 3536">
    <p class='ocr_par' dir='ltr' id='par_1_64' title="bbox 476 3464 2068 3536">
     <span class='ocr_line' id='line_1_65' title="bbox 476 3464 2068 3536; baseline -0.003 -12"><span class='ocrx_word' id='word_1_435' title='bbox 476 3469 698 3524; x_wconf 88' lang='lat' dir='ltr'><strong>noverit</strong></span> <span class='ocrx_word' id='word_1_436' title='bbox 731 3484 744 3521; x_wconf 93' lang='lat'><strong>:</strong></span> <span class='ocrx_word' id='word_1_437' title='bbox 778 3464 1170 3535; x_wconf 87' lang='lat' dir='ltr'><strong>discernatque</strong></span> <span class='ocrx_word' id='word_1_438' title='bbox 1219 3465 1586 3536; x_wconf 78' lang='lat' dir='ltr'><strong>cogitationes</strong></span> <span class='ocrx_word' id='word_1_439' title='bbox 1625 3472 1682 3519; x_wconf 85' lang='lat' dir='ltr'><strong>et</strong></span> <span class='ocrx_word' id='word_1_440' title='bbox 1728 3465 2068 3520; x_wconf 88' lang='lat' dir='ltr'><strong>intentiones</strong></span> 
     </span>
    </p>
   </div>
   <div class='ocr_carea' id='block_1_65' title="bbox 475 3553 2062 3626">
    <p class='ocr_par' dir='ltr' id='par_1_65' title="bbox 475 3553 2062 3626">
     <span class='ocr_line' id='line_1_66' title="bbox 475 3553 2062 3626; baseline -0.001 -14"><span class='ocrx_word' id='word_1_441' title='bbox 475 3557 728 3613; x_wconf 86' lang='lat' dir='ltr'><strong>eordium</strong></span> <span class='ocrx_word' id='word_1_442' title='bbox 759 3555 806 3588; x_wconf 82' lang='lat'><em>&quot;</em></span> <span class='ocrx_word' id='word_1_443' title='bbox 831 3555 1116 3626; x_wconf 86' lang='lat' dir='ltr'><strong>(obscuras</strong></span> <span class='ocrx_word' id='word_1_444' title='bbox 1143 3553 1380 3619; x_wconf 86' lang='lat' dir='ltr'><strong>scilicet,</strong></span> <span class='ocrx_word' id='word_1_445' title='bbox 1409 3555 1464 3610; x_wconf 92' lang='lat' dir='ltr'><strong>in</strong></span> <span class='ocrx_word' id='word_1_446' title='bbox 1495 3555 1566 3610; x_wconf 87' lang='lat' dir='ltr'><strong>iis</strong></span> <span class='ocrx_word' id='word_1_447' title='bbox 1585 3570 1709 3626; x_wconf 70' lang='lat' dir='ltr'><strong>qum</strong></span> <span class='ocrx_word' id='word_1_448' title='bbox 1731 3555 1880 3611; x_wconf 87' lang='lat' dir='ltr'><strong>dicta</strong></span> <span class='ocrx_word' id='word_1_449' title='bbox 1911 3563 2062 3620; x_wconf 86' lang='lat' dir='ltr'><strong>sunt,</strong></span> 
     </span>
    </p>
   </div>
   <div class='ocr_carea' id='block_1_66' title="bbox 474 3645 2067 3721">
    <p class='ocr_par' dir='ltr' id='par_1_66' title="bbox 474 3645 2067 3721">
     <span class='ocr_line' id='line_1_67' title="bbox 474 3645 2067 3721; baseline -0.001 -18"><span class='ocrx_word' id='word_1_450' title='bbox 474 3665 578 3721; x_wconf 86' lang='lat' dir='ltr'><strong>pro</strong></span> <span class='ocrx_word' id='word_1_451' title='bbox 611 3647 988 3719; x_wconf 84' lang='lat' dir='ltr'><strong>profunditate</strong></span> <span class='ocrx_word' id='word_1_452' title='bbox 1022 3645 1348 3702; x_wconf 78' lang='lat' dir='ltr'><strong>aﬂ‘ectiones</strong></span> <span class='ocrx_word' id='word_1_453' title='bbox 1391 3661 1490 3701; x_wconf 88' lang='lat' dir='ltr'><strong>seu</strong></span> <span class='ocrx_word' id='word_1_454' title='bbox 1537 3647 1920 3712; x_wconf 88' lang='lat' dir='ltr'><strong>habitudines,</strong></span> <span class='ocrx_word' id='word_1_455' title='bbox 1973 3663 2067 3702; x_wconf 90' lang='lat' dir='ltr'><strong>ea-</strong></span> 
     </span>
    </p>
   </div>
   <div class='ocr_carea' id='block_1_67' title="bbox 476 3736 2061 3810">
    <p class='ocr_par' dir='ltr' id='par_1_67' title="bbox 476 3736 2061 3810">
     <span class='ocr_line' id='line_1_68' title="bbox 476 3736 2061 3810; baseline 0 -17"><span class='ocrx_word' id='word_1_456' title='bbox 476 3752 713 3809; x_wconf 83' lang='lat' dir='ltr'><strong>rumque</strong></span> <span class='ocrx_word' id='word_1_457' title='bbox 743 3738 930 3792; x_wconf 90' lang='lat' dir='ltr'><strong>animo</strong></span> <span class='ocrx_word' id='word_1_458' title='bbox 956 3736 1262 3791; x_wconf 87' lang='lat' dir='ltr'><strong>invisibiles</strong></span> <span class='ocrx_word' id='word_1_459' title='bbox 1295 3751 1494 3792; x_wconf 89' lang='lat' dir='ltr'><strong>causas</strong></span> <span class='ocrx_word' id='word_1_460' title='bbox 1536 3753 1600 3793; x_wconf 87' lang='lat' dir='ltr'><strong>ac</strong></span> <span class='ocrx_word' id='word_1_461' title='bbox 1630 3737 1894 3810; x_wconf 87' lang='lat' dir='ltr'><strong>rationes)</strong></span> <span class='ocrx_word' id='word_1_462' title='bbox 1927 3755 1941 3792; x_wconf 94' lang='lat'>:</span> <span class='ocrx_word' id='word_1_463' title='bbox 1972 3737 2061 3793; x_wconf 89' lang='lat' dir='ltr'><strong>cui</strong></span> 
     </span>
    </p>
   </div>
   <div class='ocr_carea' id='block_1_68' title="bbox 475 3826 2061 3903">
    <p class='ocr_par' dir='ltr' id='par_1_68' title="bbox 475 3826 2061 3903">
     <span class='ocr_line' id='line_1_69' title="bbox 475 3826 2061 3903; baseline 0.001 -19"><span class='ocrx_word' id='word_1_464' title='bbox 475 3829 628 3884; x_wconf 84' lang='lat' dir='ltr'><strong>nulla</strong></span> <span class='ocrx_word' id='word_1_465' title='bbox 653 3837 908 3883; x_wconf 85' lang='lat' dir='ltr'><strong>creatura</strong></span> <span class='ocrx_word' id='word_1_466' title='bbox 936 3826 1232 3882; x_wconf 89' lang='lat' dir='ltr'><strong>invisibilis</strong></span> <span class='ocrx_word' id='word_1_467' title='bbox 1283 3835 1370 3882; x_wconf 90' lang='lat' dir='ltr'><strong>est</strong></span> <span class='ocrx_word' id='word_1_468' title='bbox 1405 3827 1424 3899; x_wconf 89' lang='lat'><strong>(</strong></span> <span class='ocrx_word' id='word_1_469' title='bbox 1451 3827 1506 3882; x_wconf 94' lang='lat' dir='ltr'><strong>in</strong></span> <span class='ocrx_word' id='word_1_470' title='bbox 1538 3829 1700 3886; x_wconf 87' lang='lat' dir='ltr'><strong>nobis</strong></span> <span class='ocrx_word' id='word_1_471' title='bbox 1722 3829 1937 3887; x_wconf 91' lang='lat' dir='ltr'><strong>scilicet</strong></span> <span class='ocrx_word' id='word_1_472' title='bbox 1967 3830 2061 3903; x_wconf 92' lang='lat' dir='ltr'><strong>qui</strong></span> 
     </span>
    </p>
   </div>
   <div class='ocr_carea' id='block_1_69' title="bbox 473 3917 2058 3995">
    <p class='ocr_par' dir='ltr' id='par_1_69' title="bbox 473 3917 2058 3995">
     <span class='ocr_line' id='line_1_70' title="bbox 473 3917 2058 3995; baseline 0.003 -22"><span class='ocrx_word' id='word_1_473' title='bbox 473 3919 646 3974; x_wconf 86' lang='lat' dir='ltr'><strong>latere</strong></span> <span class='ocrx_word' id='word_1_474' title='bbox 672 3917 971 3986; x_wconf 84' lang='lat' dir='ltr'><strong>videmur),</strong></span> <span class='ocrx_word' id='word_1_475' title='bbox 1004 3917 1101 3972; x_wconf 88' lang='lat' dir='ltr'><strong>sed</strong></span> <span class='ocrx_word' id='word_1_476' title='bbox 1129 3917 1276 3972; x_wconf 86' lang='lat' dir='ltr'><strong>nuda</strong></span> <span class='ocrx_word' id='word_1_477' title='bbox 1303 3917 1488 3973; x_wconf 91' lang='lat' dir='ltr'><strong>omnia</strong></span> <span class='ocrx_word' id='word_1_478' title='bbox 1545 3926 1602 3973; x_wconf 93' lang='lat' dir='ltr'><strong>et</strong></span> <span class='ocrx_word' id='word_1_479' title='bbox 1637 3930 1830 3991; x_wconf 84' lang='lat' dir='ltr'><strong>aperta</strong></span> <span class='ocrx_word' id='word_1_480' title='bbox 1857 3923 1904 3954; x_wconf 81' lang='lat'><strong>&#39;°</strong></span> <span class='ocrx_word' id='word_1_481' title='bbox 1925 3922 2058 3995; x_wconf 90' lang='lat' dir='ltr'><strong>(non</strong></span> 
     </span>
    </p>
   </div>
   <div class='ocr_carea' id='block_1_70' title="bbox 473 4007 2058 4087">
    <p class='ocr_par' dir='ltr' id='par_1_70' title="bbox 473 4007 2058 4087">
     <span class='ocr_line' id='line_1_71' title="bbox 473 4007 2058 4087; baseline 0.003 -22"><span class='ocrx_word' id='word_1_482' title='bbox 473 4026 539 4065; x_wconf 86' lang='lat' dir='ltr'><strong>ea</strong></span> <span class='ocrx_word' id='word_1_483' title='bbox 551 4011 730 4064; x_wconf 91' lang='lat' dir='ltr'><strong>solum</strong></span> <span class='ocrx_word' id='word_1_484' title='bbox 748 4024 871 4080; x_wconf 72' lang='lat' dir='ltr'><strong>qua:</strong></span> <span class='ocrx_word' id='word_1_485' title='bbox 884 4007 1026 4064; x_wconf 84' lang='lat' dir='ltr'><strong>facta</strong></span> <span class='ocrx_word' id='word_1_486' title='bbox 1048 4016 1178 4064; x_wconf 80' lang='lat' dir='ltr'><strong>sunt</strong></span> <span class='ocrx_word' id='word_1_487' title='bbox 1198 4017 1254 4064; x_wconf 90' lang='lat' dir='ltr'><strong>ct</strong></span> <span class='ocrx_word' id='word_1_488' title='bbox 1276 4010 1539 4080; x_wconf 79' lang='lat' dir='ltr'><strong>cogitata,</strong></span> <span class='ocrx_word' id='word_1_489' title='bbox 1565 4011 1659 4066; x_wconf 86' lang='lat' dir='ltr'><strong>sed</strong></span> <span class='ocrx_word' id='word_1_490' title='bbox 1709 4021 1766 4068; x_wconf 86' lang='lat' dir='ltr'><strong>et</strong></span> <span class='ocrx_word' id='word_1_491' title='bbox 1793 4028 1918 4084; x_wconf 72' lang='lat' dir='ltr'><strong>qua:</strong></span> <span class='ocrx_word' id='word_1_492' title='bbox 1943 4014 2058 4087; x_wconf 83' lang='lat' dir='ltr'><strong>jam</strong></span> 
     </span>
    </p>
   </div>
   <div class='ocr_carea' id='block_1_71' title="bbox 470 4100 1884 4176">
    <p class='ocr_par' dir='ltr' id='par_1_71' title="bbox 470 4100 1884 4176">
     <span class='ocr_line' id='line_1_72' title="bbox 470 4100 1884 4176; baseline 0.001 -19"><span class='ocrx_word' id='word_1_493' title='bbox 470 4101 723 4157; x_wconf 90' lang='lat' dir='ltr'><strong>futurum</strong></span> <span class='ocrx_word' id='word_1_494' title='bbox 769 4108 856 4157; x_wconf 89' lang='lat' dir='ltr'><strong>est</strong></span> <span class='ocrx_word' id='word_1_495' title='bbox 888 4108 1004 4155; x_wconf 89' lang='lat' dir='ltr'><strong>uta</strong></span> <span class='ocrx_word' id='word_1_496' title='bbox 1052 4100 1212 4157; x_wconf 90' lang='lat' dir='ltr'><strong>nobis</strong></span> <span class='ocrx_word' id='word_1_497' title='bbox 1257 4100 1390 4156; x_wconf 78' lang='lat' dir='ltr'><strong>fiant</strong></span> <span class='ocrx_word' id='word_1_498' title='bbox 1436 4112 1493 4158; x_wconf 90' lang='lat' dir='ltr'><strong>et</strong></span> <span class='ocrx_word' id='word_1_499' title='bbox 1524 4103 1884 4176; x_wconf 79' lang='lat' dir='ltr'><strong>cogitentur).</strong></span> 
     </span>
    </p>
   </div>
   <div class='ocr_carea' id='block_1_72' title="bbox 547 4209 2059 4281">
    <p class='ocr_par' dir='ltr' id='par_1_72' title="bbox 547 4209 2059 4281">
     <span class='ocr_line' id='line_1_73' title="bbox 547 4209 2059 4281; baseline 0.001 -14"><span class='ocrx_word' id='word_1_500' title='bbox 547 4214 639 4269; x_wconf 76' lang='lat'><strong>72.</strong></span> <span class='ocrx_word' id='word_1_501' title='bbox 700 4210 1038 4266; x_wconf 86' lang='lat' dir='ltr'><strong>Divisionem</strong></span> <span class='ocrx_word' id='word_1_502' title='bbox 1083 4209 1280 4265; x_wconf 73' lang='lat' dir='ltr'><strong>anima:</strong></span> <span class='ocrx_word' id='word_1_503' title='bbox 1330 4217 1387 4266; x_wconf 92' lang='lat' dir='ltr'><strong>et</strong></span> <span class='ocrx_word' id='word_1_504' title='bbox 1432 4209 1663 4281; x_wconf 79' lang='lat' dir='ltr'><strong>Spiritus</strong></span> <span class='ocrx_word' id='word_1_505' title='bbox 1704 4221 1886 4278; x_wconf 88' lang='lat' dir='ltr'><strong>vocat,</strong></span> <span class='ocrx_word' id='word_1_506' title='bbox 1941 4213 2059 4270; x_wconf 87' lang='lat' dir='ltr'><strong>dis-</strong></span> 
     </span>
    </p>
   </div>
   <div class='ocr_carea' id='block_1_73' title="bbox 470 4303 2056 4375">
    <p class='ocr_par' dir='ltr' id='par_1_73' title="bbox 470 4303 2056 4375">
     <span class='ocr_line' id='line_1_74' title="bbox 470 4303 2056 4375; baseline 0 -15"><span class='ocrx_word' id='word_1_507' title='bbox 470 4305 799 4360; x_wconf 88' lang='lat' dir='ltr'><strong>tinctionem</strong></span> <span class='ocrx_word' id='word_1_508' title='bbox 832 4303 1124 4368; x_wconf 90' lang='lat' dir='ltr'><strong>virtutum,</strong></span> <span class='ocrx_word' id='word_1_509' title='bbox 1152 4317 1275 4373; x_wconf 72' lang='lat' dir='ltr'><strong>qua:</strong></span> <span class='ocrx_word' id='word_1_510' title='bbox 1299 4317 1366 4357; x_wconf 87' lang='lat' dir='ltr'><strong>ex</strong></span> <span class='ocrx_word' id='word_1_511' title='bbox 1398 4311 1598 4358; x_wconf 86' lang='lat' dir='ltr'><strong>natura</strong></span> <span class='ocrx_word' id='word_1_512' title='bbox 1636 4314 1787 4367; x_wconf 90' lang='lat' dir='ltr'><strong>sunt,</strong></span> <span class='ocrx_word' id='word_1_513' title='bbox 1820 4320 2056 4375; x_wconf 86' lang='lat' dir='ltr'><strong>quarum</strong></span> 
     </span>
    </p>
   </div>
   <div class='ocr_carea' id='block_1_74' title="bbox 469 4392 2054 4468">
    <p class='ocr_par' dir='ltr' id='par_1_74' title="bbox 469 4392 2054 4468">
     <span class='ocr_line' id='line_1_75' title="bbox 469 4392 2054 4468; baseline 0.001 -17"><span class='ocrx_word' id='word_1_514' title='bbox 469 4404 669 4452; x_wconf 87' lang='lat' dir='ltr'><strong>natura</strong></span> <span class='ocrx_word' id='word_1_515' title='bbox 689 4394 960 4449; x_wconf 85' lang='lat' dir='ltr'><strong>habemus</strong></span> <span class='ocrx_word' id='word_1_516' title='bbox 977 4392 1223 4449; x_wconf 89' lang='lat' dir='ltr'><strong>rationes</strong></span> <span class='ocrx_word' id='word_1_517' title='bbox 1247 4411 1262 4460; x_wconf 91' lang='lat'><strong>;</strong></span> <span class='ocrx_word' id='word_1_518' title='bbox 1292 4402 1348 4449; x_wconf 87' lang='lat' dir='ltr'><strong>et</strong></span> <span class='ocrx_word' id='word_1_519' title='bbox 1369 4409 1581 4460; x_wconf 89' lang='lat' dir='ltr'><strong>earum,</strong></span> <span class='ocrx_word' id='word_1_520' title='bbox 1600 4411 1723 4466; x_wconf 76' lang='lat' dir='ltr'><strong>qua:</strong></span> <span class='ocrx_word' id='word_1_521' title='bbox 1743 4412 1808 4451; x_wconf 80' lang='lat' dir='ltr'><strong>ex</strong></span> <span class='ocrx_word' id='word_1_522' title='bbox 1833 4397 2054 4468; x_wconf 79' lang='lat' dir='ltr'><strong>Spiritu,</strong></span> 
     </span>
    </p>
   </div>
   <div class='ocr_carea' id='block_1_75' title="bbox 2171 3168 3759 3242">
    <p class='ocr_par' dir='ltr' id='par_1_75' title="bbox 2171 3168 3759 3242">
     <span class='ocr_line' id='line_1_76' title="bbox 2171 3168 3759 3242; baseline -0.003 -18"><span class='ocrx_word' id='word_1_523' title='bbox 2171 3170 2365 3240; x_wconf 83' lang='grc' dir='ltr'>λόγους</span> <span class='ocrx_word' id='word_1_524' title='bbox 2389 3169 2500 3224; x_wconf 89' lang='grc' dir='ltr'><strong>τῶν</strong></span> <span class='ocrx_word' id='word_1_525' title='bbox 2542 3170 2666 3225; x_wconf 82' lang='grc' dir='ltr'>κατ’</span> <span class='ocrx_word' id='word_1_526' title='bbox 2694 3170 2900 3242; x_wconf 83' lang='grc' dir='ltr'>ἀρετὴν</span> <span class='ocrx_word' id='word_1_527' title='bbox 2939 3168 3183 3241; x_wconf 87' lang='grc' dir='ltr'>τρόπων,</span> <span class='ocrx_word' id='word_1_528' title='bbox 3217 3168 3477 3240; x_wconf 82' lang='grc' dir='ltr'>ἁρμόδιον</span> <span class='ocrx_word' id='word_1_529' title='bbox 3516 3168 3551 3240; x_wconf 76' lang='grc' dir='ltr'>ἢ</span> <span class='ocrx_word' id='word_1_530' title='bbox 3591 3169 3759 3240; x_wconf 82' lang='grc' dir='ltr'>ἀναρ-</span> 
     </span>
    </p>
   </div>
   <div class='ocr_carea' id='block_1_76' title="bbox 2175 3259 3755 3335">
    <p class='ocr_par' dir='ltr' id='par_1_76' title="bbox 2175 3259 3755 3335">
     <span class='ocr_line' id='line_1_77' title="bbox 2175 3259 3755 3335; baseline -0.004 -17"><span class='ocrx_word' id='word_1_531' title='bbox 2175 3263 2358 3335; x_wconf 86' lang='grc' dir='ltr'>μόδιον</span> <span class='ocrx_word' id='word_1_532' title='bbox 2381 3262 2556 3318; x_wconf 85' lang='grc' dir='ltr'>διόλου</span> <span class='ocrx_word' id='word_1_533' title='bbox 2591 3261 2880 3316; x_wconf 83' lang='grc' dir='ltr'>σύννευσιν</span> <span class='ocrx_word' id='word_1_534' title='bbox 2931 3261 3326 3333; x_wconf 77' lang='grc' dir='ltr'>ἐπισταμένου,</span> <span class='ocrx_word' id='word_1_535' title='bbox 3385 3259 3667 3331; x_wconf 85' lang='grc' dir='ltr'>κρίνοντός</span> <span class='ocrx_word' id='word_1_536' title='bbox 3695 3277 3755 3313; x_wconf 87' lang='grc' dir='ltr'><strong>τε</strong></span> 
     </span>
    </p>
   </div>
   <div class='ocr_carea' id='block_1_77' title="bbox 2169 3352 3756 3425">
    <p class='ocr_par' dir='ltr' id='par_1_77' title="bbox 2169 3352 3756 3425">
     <span class='ocr_line' id='line_1_78' title="bbox 2169 3352 3756 3425; baseline -0.004 -15"><span class='ocrx_word' id='word_1_537' title='bbox 2169 3356 2271 3420; x_wconf 82' lang='grc' dir='ltr'><strong>τὰς</strong></span> <span class='ocrx_word' id='word_1_538' title='bbox 2300 3353 2636 3425; x_wconf 76' lang='grc' dir='ltr'>ἐνθυμήσεις</span> <span class='ocrx_word' id='word_1_539' title='bbox 2670 3353 2887 3416; x_wconf 75' lang='grc' dir='ltr'>καὶτὰς</span> <span class='ocrx_word' id='word_1_540' title='bbox 2917 3353 3127 3416; x_wconf 78' lang='grc' dir='ltr'>ἐννοίας</span> <span class='ocrx_word' id='word_1_541' title='bbox 3163 3353 3274 3407; x_wconf 80' lang='grc' dir='ltr'><strong>τῶν</strong></span> <span class='ocrx_word' id='word_1_542' title='bbox 3300 3352 3564 3425; x_wconf 84' lang='grc' dir='ltr'>καρδιῶν,</span> <span class='ocrx_word' id='word_1_543' title='bbox 3595 3368 3756 3404; x_wconf 80' lang='grc' dir='ltr'>τουτ-</span> 
     </span>
    </p>
   </div>
   <div class='ocr_carea' id='block_1_78' title="bbox 2169 3442 3755 3517">
    <p class='ocr_par' dir='ltr' id='par_1_78' title="bbox 2169 3442 3755 3517">
     <span class='ocr_line' id='line_1_79' title="bbox 2169 3442 3755 3517; baseline -0.004 -16"><span class='ocrx_word' id='word_1_544' title='bbox 2169 3448 2307 3512; x_wconf 89' lang='grc' dir='ltr'>έστι,</span> <span class='ocrx_word' id='word_1_545' title='bbox 2339 3445 2442 3509; x_wconf 82' lang='grc' dir='ltr'>τὰς</span> <span class='ocrx_word' id='word_1_546' title='bbox 2468 3445 2561 3499; x_wconf 71' lang='grc' dir='ltr'><strong>ἐπὶ</strong></span> <span class='ocrx_word' id='word_1_547' title='bbox 2593 3447 2708 3510; x_wconf 83' lang='grc' dir='ltr'><strong>τοίς</strong></span> <span class='ocrx_word' id='word_1_548' title='bbox 2733 3445 3048 3517; x_wconf 68' lang='grc' dir='ltr'>εἰρημένοις</span> <span class='ocrx_word' id='word_1_549' title='bbox 3077 3447 3307 3514; x_wconf 78' lang='grc' dir='ltr'>ἀφανεῖς</span> <span class='ocrx_word' id='word_1_550' title='bbox 3329 3444 3474 3498; x_wconf 80' lang='grc' dir='ltr'>κατὰ</span> <span class='ocrx_word' id='word_1_551' title='bbox 3498 3443 3560 3497; x_wconf 80' lang='grc' dir='ltr'><strong>τὸ</strong></span> <span class='ocrx_word' id='word_1_552' title='bbox 3590 3442 3755 3514; x_wconf 81' lang='grc' dir='ltr'>βάθος</span> 
     </span>
    </p>
   </div>
   <div class='ocr_carea' id='block_1_79' title="bbox 2171 3536 3756 3612">
    <p class='ocr_par' dir='ltr' id='par_1_79' title="bbox 2171 3536 3756 3612">
     <span class='ocr_line' id='line_1_80' title="bbox 2171 3536 3756 3612; baseline -0.004 -18"><span class='ocrx_word' id='word_1_553' title='bbox 2171 3540 2408 3612; x_wconf 83' lang='grc' dir='ltr'>σχέσεις,</span> <span class='ocrx_word' id='word_1_554' title='bbox 2451 3536 2682 3603; x_wconf 37' lang='grc' dir='ltr'>καὶκτὰς</span> <span class='ocrx_word' id='word_1_555' title='bbox 2717 3539 2862 3593; x_wconf 82' lang='grc' dir='ltr'>κατὰ</span> <span class='ocrx_word' id='word_1_556' title='bbox 2895 3536 3076 3610; x_wconf 75' lang='grc' dir='ltr'>ψυχὴν</span> <span class='ocrx_word' id='word_1_557' title='bbox 3098 3538 3371 3610; x_wconf 82' lang='grc' dir='ltr'>άοράτους</span> <span class='ocrx_word' id='word_1_558' title='bbox 3416 3536 3626 3591; x_wconf 80' lang='grc' dir='ltr'>τούτων</span> <span class='ocrx_word' id='word_1_559' title='bbox 3663 3537 3756 3589; x_wconf 82' lang='grc' dir='ltr'>αἰ-</span> 
     </span>
    </p>
   </div>
   <div class='ocr_carea' id='block_1_80' title="bbox 2165 3626 3755 3702">
    <p class='ocr_par' dir='ltr' id='par_1_80' title="bbox 2165 3626 3755 3702">
     <span class='ocr_line' id='line_1_81' title="bbox 2165 3626 3755 3702; baseline -0.004 -15"><span class='ocrx_word' id='word_1_560' title='bbox 2165 3635 2309 3699; x_wconf 79' lang='grc' dir='ltr'>τίας,</span> <span class='ocrx_word' id='word_1_561' title='bbox 2337 3626 2382 3702; x_wconf 81' lang='grc' dir='ltr'>ᾧ</span> <span class='ocrx_word' id='word_1_562' title='bbox 2411 3632 2511 3686; x_wconf 82' lang='grc' dir='ltr'>οὐκ</span> <span class='ocrx_word' id='word_1_563' title='bbox 2534 3630 2652 3685; x_wconf 75' lang='grc' dir='ltr'>ἐστι</span> <span class='ocrx_word' id='word_1_564' title='bbox 2686 3630 2866 3695; x_wconf 87' lang='grc' dir='ltr'>κτίσις</span> <span class='ocrx_word' id='word_1_565' title='bbox 2897 3630 3133 3702; x_wconf 76' lang='grc' dir='ltr'>ἀφανὴς,</span> <span class='ocrx_word' id='word_1_566' title='bbox 3171 3631 3230 3684; x_wconf 74' lang='grc' dir='ltr'>ὲν</span> <span class='ocrx_word' id='word_1_567' title='bbox 3257 3630 3390 3700; x_wconf 76' lang='grc' dir='ltr'>ἡμῖν</span> <span class='ocrx_word' id='word_1_568' title='bbox 3411 3630 3525 3692; x_wconf 83' lang='grc' dir='ltr'>τοῖς</span> <span class='ocrx_word' id='word_1_569' title='bbox 3558 3626 3755 3681; x_wconf 79' lang='grc' dir='ltr'>λανθά·</span> 
     </span>
    </p>
   </div>
   <div class='ocr_carea' id='block_1_81' title="bbox 2165 3721 3753 3794">
    <p class='ocr_par' dir='ltr' id='par_1_81' title="bbox 2165 3721 3753 3794">
     <span class='ocr_line' id='line_1_82' title="bbox 2165 3721 3753 3794; baseline -0.004 -15"><span class='ocrx_word' id='word_1_570' title='bbox 2165 3743 2279 3779; x_wconf 87' lang='grc' dir='ltr'>νειν</span> <span class='ocrx_word' id='word_1_571' title='bbox 2311 3724 2559 3779; x_wconf 82' lang='grc' dir='ltr'>δοκοῦσι·</span> <span class='ocrx_word' id='word_1_572' title='bbox 2598 3723 2779 3779; x_wconf 83' lang='grc' dir='ltr'>πάντα</span> <span class='ocrx_word' id='word_1_573' title='bbox 2818 3721 2877 3777; x_wconf 69' lang='grc' dir='ltr'>δὲ</span> <span class='ocrx_word' id='word_1_574' title='bbox 2915 3722 3101 3794; x_wconf 81' lang='grc' dir='ltr'>γυμνά</span> <span class='ocrx_word' id='word_1_575' title='bbox 3127 3723 3222 3777; x_wconf 69' lang='grc' dir='ltr'>καὶ</span> <span class='ocrx_word' id='word_1_576' title='bbox 3253 3721 3753 3793; x_wconf 78' lang='grc' dir='ltr'>τετραχηλισμένα,</span> 
     </span>
    </p>
   </div>
   <div class='ocr_carea' id='block_1_82' title="bbox 2163 3811 3753 3887">
    <p class='ocr_par' dir='ltr' id='par_1_82' title="bbox 2163 3811 3753 3887">
     <span class='ocr_line' id='line_1_83' title="bbox 2163 3811 3753 3887; baseline -0.003 -19"><span class='ocrx_word' id='word_1_577' title='bbox 2163 3815 2226 3868; x_wconf 83' lang='grc' dir='ltr'><strong>ού</strong></span> <span class='ocrx_word' id='word_1_578' title='bbox 2299 3817 2465 3887; x_wconf 91' lang='grc' dir='ltr'>μόνον</span> <span class='ocrx_word' id='word_1_579' title='bbox 2515 3814 2585 3868; x_wconf 75' lang='grc' dir='ltr'><strong>τὰ</strong></span> <span class='ocrx_word' id='word_1_580' title='bbox 2634 3812 2982 3884; x_wconf 81' lang='grc' dir='ltr'>γεγενημένα</span> <span class='ocrx_word' id='word_1_581' title='bbox 3013 3829 3074 3866; x_wconf 88' lang='grc' dir='ltr'><strong>τε</strong></span> <span class='ocrx_word' id='word_1_582' title='bbox 3127 3813 3222 3867; x_wconf 78' lang='grc' dir='ltr'>καὶ</span> <span class='ocrx_word' id='word_1_583' title='bbox 3279 3813 3600 3884; x_wconf 82' lang='grc' dir='ltr'>νενοημένα,</span> <span class='ocrx_word' id='word_1_584' title='bbox 3634 3811 3753 3865; x_wconf 82' lang='grc' dir='ltr'>ἀλλ’</span> 
     </span>
    </p>
   </div>
   <div class='ocr_carea' id='block_1_83' title="bbox 2164 3903 3751 3978">
    <p class='ocr_par' dir='ltr' id='par_1_83' title="bbox 2164 3903 3751 3978">
     <span class='ocr_line' id='line_1_84' title="bbox 2164 3903 3751 3978; baseline -0.003 -18"><span class='ocrx_word' id='word_1_585' title='bbox 2164 3907 2265 3978; x_wconf 77' lang='grc' dir='ltr'><strong>ήδη</strong></span> <span class='ocrx_word' id='word_1_586' title='bbox 2292 3907 2388 3961; x_wconf 72' lang='grc' dir='ltr'>καὶ</span> <span class='ocrx_word' id='word_1_587' title='bbox 2431 3904 2502 3960; x_wconf 76' lang='grc' dir='ltr'><strong>τά</strong></span> <span class='ocrx_word' id='word_1_588' title='bbox 2527 3905 2901 3976; x_wconf 84' lang='grc' dir='ltr'>γεννησόμενα</span> <span class='ocrx_word' id='word_1_589' title='bbox 2949 3905 3084 3976; x_wconf 83' lang='grc' dir='ltr'>παρ’</span> <span class='ocrx_word' id='word_1_590' title='bbox 3136 3904 3298 3978; x_wconf 82' lang='grc' dir='ltr'>ήμῶν</span> <span class='ocrx_word' id='word_1_591' title='bbox 3335 3906 3431 3958; x_wconf 76' lang='grc' dir='ltr'>καὶ</span> <span class='ocrx_word' id='word_1_592' title='bbox 3480 3903 3751 3976; x_wconf 77' lang='grc' dir='ltr'>νοηθησόο</span> 
     </span>
    </p>
   </div>
   <div class='ocr_carea' id='block_1_84' title="bbox 2166 4016 2326 4071">
    <p class='ocr_par' dir='ltr' id='par_1_84' title="bbox 2166 4016 2326 4071">
     <span class='ocr_line' id='line_1_85' title="bbox 2166 4016 2326 4071; baseline 0.013 -21"><span class='ocrx_word' id='word_1_593' title='bbox 2166 4016 2326 4071; x_wconf 86' lang='grc' dir='ltr'>μενα.</span> 
     </span>
    </p>
   </div>
   <div class='ocr_carea' id='block_1_85' title="bbox 2230 4209 3750 4285">
    <p class='ocr_par' dir='ltr' id='par_1_85' title="bbox 2230 4209 3750 4285">
     <span class='ocr_line' id='line_1_86' title="bbox 2230 4209 3750 4285; baseline -0.002 -16"><span class='ocrx_word' id='word_1_594' title='bbox 2230 4212 2330 4284; x_wconf 82' lang='grc' dir='ltr'>οβ’.</span> <span class='ocrx_word' id='word_1_595' title='bbox 2365 4211 2650 4284; x_wconf 72' lang='grc' dir='ltr'>Μερισμδν</span> <span class='ocrx_word' id='word_1_596' title='bbox 2701 4210 2882 4282; x_wconf 70' lang='grc' dir='ltr'>ψυχῆς</span> <span class='ocrx_word' id='word_1_597' title='bbox 2913 4211 3010 4265; x_wconf 77' lang='grc' dir='ltr'>καὶ</span> <span class='ocrx_word' id='word_1_598' title='bbox 3066 4209 3383 4284; x_wconf 85' lang='grc' dir='ltr'>πνεύματος</span> <span class='ocrx_word' id='word_1_599' title='bbox 3427 4211 3599 4280; x_wconf 78' lang='grc' dir='ltr'>λέγει,</span> <span class='ocrx_word' id='word_1_600' title='bbox 3644 4212 3750 4285; x_wconf 74' lang='grc' dir='ltr'>τὴν</span> 
     </span>
    </p>
   </div>
   <div class='ocr_carea' id='block_1_86' title="bbox 2159 4292 3748 4378">
    <p class='ocr_par' dir='ltr' id='par_1_86' title="bbox 2159 4292 3748 4378">
     <span class='ocr_line' id='line_1_87' title="bbox 2159 4292 3748 4378; baseline -0.002 -17"><span class='ocrx_word' id='word_1_601' title='bbox 2159 4307 2424 4378; x_wconf 71' lang='grc' dir='ltr'>διαφορὰν</span> <span class='ocrx_word' id='word_1_602' title='bbox 2453 4292 2563 4358; x_wconf 72' lang='grc' dir='ltr'>τῗύν</span> <span class='ocrx_word' id='word_1_603' title='bbox 2593 4306 2658 4358; x_wconf 81' lang='grc' dir='ltr'>ἐκ</span> <span class='ocrx_word' id='word_1_604' title='bbox 2685 4303 2903 4374; x_wconf 82' lang='grc' dir='ltr'>φύσεως</span> <span class='ocrx_word' id='word_1_605' title='bbox 2933 4302 3169 4376; x_wconf 79' lang='grc' dir='ltr'>ἀρετῶν,</span> <span class='ocrx_word' id='word_1_606' title='bbox 3218 4297 3294 4358; x_wconf 84' lang='grc' dir='ltr'>ὧν</span> <span class='ocrx_word' id='word_1_607' title='bbox 3328 4304 3576 4373; x_wconf 72' lang='grc' dir='ltr'>φυσικῶς</span> <span class='ocrx_word' id='word_1_608' title='bbox 3621 4305 3748 4376; x_wconf 69' lang='grc' dir='ltr'>ἔχοι</span> 
     </span>
    </p>
   </div>
   <div class='ocr_carea' id='block_1_87' title="bbox 2162 4389 3750 4468">
    <p class='ocr_par' dir='ltr' id='par_1_87' title="bbox 2162 4389 3750 4468">
     <span class='ocr_line' id='line_1_88' title="bbox 2162 4389 3750 4468; baseline -0.001 -16"><span class='ocrx_word' id='word_1_609' title='bbox 2162 4415 2264 4468; x_wconf 85' lang='grc' dir='ltr'><strong>μεν</strong></span> <span class='ocrx_word' id='word_1_610' title='bbox 2296 4399 2426 4462; x_wconf 85' lang='grc' dir='ltr'>τοὺς</span> <span class='ocrx_word' id='word_1_611' title='bbox 2455 4397 2676 4466; x_wconf 75' lang='grc' dir='ltr'>λόγουςο</span> <span class='ocrx_word' id='word_1_612' title='bbox 2711 4397 2806 4451; x_wconf 71' lang='grc' dir='ltr'>καὶ</span> <span class='ocrx_word' id='word_1_613' title='bbox 2833 4396 2943 4450; x_wconf 86' lang='grc' dir='ltr'><strong>τῶν</strong></span> <span class='ocrx_word' id='word_1_614' title='bbox 2994 4398 3061 4450; x_wconf 80' lang='grc' dir='ltr'>ἐκ</span> <span class='ocrx_word' id='word_1_615' title='bbox 3110 4396 3446 4466; x_wconf 86' lang='grc' dir='ltr'>πνεύματος,</span> <span class='ocrx_word' id='word_1_616' title='bbox 3492 4389 3571 4450; x_wconf 80' lang='grc' dir='ltr'><strong>ὧν</strong></span> <span class='ocrx_word' id='word_1_617' title='bbox 3603 4400 3750 4451; x_wconf 70' lang='grc' dir='ltr'>κατὰ</span> 
     </span>
    </p>
   </div>
   <div class='ocr_carea' id='block_1_88' title="bbox 469 4484 2070 4563">
    <p class='ocr_par' dir='ltr' id='par_1_88' title="bbox 469 4484 2052 4557">
     <span class='ocr_line' id='line_1_89' title="bbox 469 4484 2052 4557; baseline 0.003 -17"><span class='ocrx_word' id='word_1_618' title='bbox 469 4501 707 4557; x_wconf 90' lang='lat' dir='ltr'><strong>quarum</strong></span> <span class='ocrx_word' id='word_1_619' title='bbox 753 4485 849 4540; x_wconf 89' lang='lat' dir='ltr'><strong>Dei</strong></span> <span class='ocrx_word' id='word_1_620' title='bbox 907 4499 1136 4540; x_wconf 76' lang='lat' dir='ltr'><strong>munere</strong></span> <span class='ocrx_word' id='word_1_621' title='bbox 1198 4484 1429 4556; x_wconf 81' lang='lat' dir='ltr'><strong>gratiam</strong></span> <span class='ocrx_word' id='word_1_622' title='bbox 1480 4487 1802 4557; x_wconf 83' lang='lat' dir='ltr'><strong>accipimus.</strong></span> <span class='ocrx_word' id='word_1_623' title='bbox 1845 4490 2052 4546; x_wconf 82' lang='lat' dir='ltr'><strong>Harum</strong></span> 
     </span>
    </p>
   </div>
   <div class='ocr_carea' id='block_1_89' title="bbox 2171 4484 3750 4563">
    <p class='ocr_par' dir='ltr' id='par_1_89' title="bbox 2171 4490 3750 4563">
     <span class='ocr_line' id='line_1_90' title="bbox 2171 4490 3750 4563; baseline 0.001 -19"><span class='ocrx_word' id='word_1_624' title='bbox 2171 4491 2368 4562; x_wconf 72' lang='grc' dir='ltr'>Βωρεὰν</span> <span class='ocrx_word' id='word_1_625' title='bbox 2394 4490 2664 4562; x_wconf 84' lang='grc' dir='ltr'>δεχόμεθα</span> <span class='ocrx_word' id='word_1_626' title='bbox 2717 4491 2816 4562; x_wconf 80' lang='grc' dir='ltr'>τὴν</span> <span class='ocrx_word' id='word_1_627' title='bbox 2855 4491 3039 4563; x_wconf 85' lang='grc' dir='ltr'>χάριν.</span> <span class='ocrx_word' id='word_1_628' title='bbox 3081 4490 3302 4543; x_wconf 83' lang='grc' dir='ltr'>Τούτων</span> <span class='ocrx_word' id='word_1_629' title='bbox 3326 4492 3437 4562; x_wconf 81' lang='grc' dir='ltr'>γὰρ</span> <span class='ocrx_word' id='word_1_630' title='bbox 3476 4490 3750 4562; x_wconf 84' lang='grc' dir='ltr'>εύκρινῶς</span> 
     </span>
    </p>
   </div>
   <div class='ocr_carea' id='block_1_90' title="bbox 468 4577 1928 4637">
    <p class='ocr_par' dir='ltr' id='par_1_90' title="bbox 468 4577 1928 4637">
     <span class='ocr_line' id='line_1_91' title="bbox 468 4577 1928 4637; baseline 0.001 -3"><span class='ocrx_word' id='word_1_631' title='bbox 468 4579 617 4634; x_wconf 88' lang='lat' dir='ltr'><strong>enim</strong></span> <span class='ocrx_word' id='word_1_632' title='bbox 641 4579 790 4635; x_wconf 85' lang='lat' dir='ltr'><strong>clare</strong></span> <span class='ocrx_word' id='word_1_633' title='bbox 823 4577 1234 4633; x_wconf 88' lang='lat' dir='ltr'><strong>distinctionem</strong></span> <span class='ocrx_word' id='word_1_634' title='bbox 1264 4577 1393 4633; x_wconf 81' lang='lat' dir='ltr'><strong>facit</strong></span> <span class='ocrx_word' id='word_1_635' title='bbox 1418 4578 1698 4635; x_wconf 84' lang='lat' dir='ltr'><strong>discretor</strong></span> <span class='ocrx_word' id='word_1_636' title='bbox 1721 4597 1928 4637; x_wconf 87' lang='lat' dir='ltr'><strong>sermo.</strong></span> 
     </span>
    </p>
   </div>
   <div class='ocr_carea' id='block_1_91' title="bbox 413 4680 2051 4762">
    <p class='ocr_par' dir='ltr' id='par_1_91' title="bbox 413 4680 2051 4762">
     <span class='ocr_line' id='line_1_92' title="bbox 413 4680 2051 4762; baseline 0.002 -17"><span class='ocrx_word' id='word_1_637' title='bbox 413 4680 434 4756; x_wconf 67' lang='grc' dir='ltr'><strong>ἓ</strong></span> <span class='ocrx_word' id='word_1_638' title='bbox 538 4689 1030 4762; x_wconf 77' lang='lat' dir='ltr'><strong>75.Cogitatiunes</strong></span> <span class='ocrx_word' id='word_1_639' title='bbox 1066 4699 1124 4744; x_wconf 91' lang='lat' dir='ltr'><strong>et</strong></span> <span class='ocrx_word' id='word_1_640' title='bbox 1171 4689 1531 4754; x_wconf 90' lang='lat' dir='ltr'><strong>intentiones,</strong></span> <span class='ocrx_word' id='word_1_641' title='bbox 1578 4707 1814 4761; x_wconf 89' lang='lat' dir='ltr'><strong>quarum</strong></span> <span class='ocrx_word' id='word_1_642' title='bbox 1864 4707 2051 4751; x_wconf 89' lang='lat' dir='ltr'><strong>sermo</strong></span> 
     </span>
    </p>
   </div>
   <div class='ocr_carea' id='block_1_92' title="bbox 466 4777 2052 4852">
    <p class='ocr_par' dir='ltr' id='par_1_92' title="bbox 466 4777 2052 4852">
     <span class='ocr_line' id='line_1_93' title="bbox 466 4777 2052 4852; baseline 0.001 -18"><span class='ocrx_word' id='word_1_643' title='bbox 466 4779 742 4835; x_wconf 88' lang='lat' dir='ltr'><strong>discretor</strong></span> <span class='ocrx_word' id='word_1_644' title='bbox 765 4787 871 4843; x_wconf 92' lang='lat' dir='ltr'><strong>est,</strong></span> <span class='ocrx_word' id='word_1_645' title='bbox 899 4777 1068 4833; x_wconf 88' lang='lat' dir='ltr'><strong>animi</strong></span> <span class='ocrx_word' id='word_1_646' title='bbox 1098 4777 1153 4832; x_wconf 94' lang='lat' dir='ltr'><strong>in</strong></span> <span class='ocrx_word' id='word_1_647' title='bbox 1184 4777 1391 4833; x_wconf 88' lang='lat' dir='ltr'><strong>divinis</strong></span> <span class='ocrx_word' id='word_1_648' title='bbox 1413 4779 1727 4834; x_wconf 85' lang='lat' dir='ltr'><strong>rationibus</strong></span> <span class='ocrx_word' id='word_1_649' title='bbox 1755 4790 1810 4835; x_wconf 91' lang='lat' dir='ltr'><strong>et</strong></span> <span class='ocrx_word' id='word_1_650' title='bbox 1835 4781 2052 4852; x_wconf 79' lang='lat' dir='ltr'><strong>cogita-</strong></span> 
     </span>
    </p>
   </div>
   <div class='ocr_carea' id='block_1_93' title="bbox 465 4871 2053 4943">
    <p class='ocr_par' dir='ltr' id='par_1_93' title="bbox 465 4871 2053 4943">
     <span class='ocr_line' id='line_1_94' title="bbox 465 4871 2053 4943; baseline 0.001 -16"><span class='ocrx_word' id='word_1_651' title='bbox 465 4873 715 4928; x_wconf 86' lang='lat' dir='ltr'><strong>tionibus</strong></span> <span class='ocrx_word' id='word_1_652' title='bbox 743 4871 1069 4928; x_wconf 80' lang='lat' dir='ltr'><strong>aﬂ&#39;ectiones</strong></span> <span class='ocrx_word' id='word_1_653' title='bbox 1098 4879 1281 4935; x_wconf 89' lang='lat' dir='ltr'><strong>vocat,</strong></span> <span class='ocrx_word' id='word_1_654' title='bbox 1313 4887 1619 4942; x_wconf 85' lang='lat' dir='ltr'><strong>earumque</strong></span> <span class='ocrx_word' id='word_1_655' title='bbox 1650 4875 1871 4943; x_wconf 69' lang='lat' dir='ltr'><strong>(nempe</strong></span> <span class='ocrx_word' id='word_1_656' title='bbox 1917 4873 2053 4929; x_wconf 78' lang='lat' dir='ltr'><strong>aﬂ&#39;e—</strong></span> 
     </span>
    </p>
   </div>
   <div class='ocr_carea' id='block_1_94' title="bbox 463 4962 2057 5036">
    <p class='ocr_par' dir='ltr' id='par_1_94' title="bbox 463 4962 2057 5036">
     <span class='ocr_line' id='line_1_95' title="bbox 463 4962 2057 5036; baseline 0 -16"><span class='ocrx_word' id='word_1_657' title='bbox 463 4964 732 5035; x_wconf 90' lang='lat' dir='ltr'><strong>ctionum)</strong></span> <span class='ocrx_word' id='word_1_658' title='bbox 785 4963 946 5035; x_wconf 81' lang='lat'><strong>577</strong></span> <span class='ocrx_word' id='word_1_659' title='bbox 989 4979 1204 5020; x_wconf 89' lang='lat' dir='ltr'><strong>causas.</strong></span> <span class='ocrx_word' id='word_1_660' title='bbox 1252 4962 1527 5036; x_wconf 76' lang='lat' dir='ltr'><strong>Cogitatio</strong></span> <span class='ocrx_word' id='word_1_661' title='bbox 1584 4980 1825 5036; x_wconf 89' lang='lat' dir='ltr'><strong>namque</strong></span> <span class='ocrx_word' id='word_1_662' title='bbox 1870 4973 2057 5022; x_wconf 84' lang='lat' dir='ltr'><strong>movet</strong></span> 
     </span>
    </p>
   </div>
   <div class='ocr_carea' id='block_1_95' title="bbox 461 5055 2055 5126">
    <p class='ocr_par' dir='ltr' id='par_1_95' title="bbox 461 5055 2055 5126">
     <span class='ocr_line' id='line_1_96' title="bbox 461 5055 2055 5126; baseline 0.001 -14"><span class='ocrx_word' id='word_1_663' title='bbox 461 5056 813 5121; x_wconf 78' lang='lat' dir='ltr'><strong>memoriam,</strong></span> <span class='ocrx_word' id='word_1_664' title='bbox 868 5056 1028 5126; x_wconf 81' lang='lat' dir='ltr'><strong>cujus</strong></span> <span class='ocrx_word' id='word_1_665' title='bbox 1079 5055 1304 5126; x_wconf 88' lang='lat' dir='ltr'><strong>propria</strong></span> <span class='ocrx_word' id='word_1_666' title='bbox 1346 5056 1567 5112; x_wconf 74' lang='lat' dir='ltr'><strong>affectio</strong></span> <span class='ocrx_word' id='word_1_667' title='bbox 1605 5064 1692 5112; x_wconf 91' lang='lat' dir='ltr'><strong>est</strong></span> <span class='ocrx_word' id='word_1_668' title='bbox 1747 5074 1761 5110; x_wconf 92' lang='lat'><strong>:</strong></span> <span class='ocrx_word' id='word_1_669' title='bbox 1817 5057 2055 5113; x_wconf 90' lang='lat' dir='ltr'><strong>intentio</strong></span> 
     </span>
    </p>
   </div>
   <div class='ocr_carea' id='block_1_96' title="bbox 460 5146 2053 5220">
    <p class='ocr_par' dir='ltr' id='par_1_96' title="bbox 460 5146 2053 5220">
     <span class='ocr_line' id='line_1_97' title="bbox 460 5146 2053 5220; baseline -0.001 -14"><span class='ocrx_word' id='word_1_670' title='bbox 460 5155 648 5206; x_wconf 73' lang='lat' dir='ltr'><strong>autem</strong></span> <span class='ocrx_word' id='word_1_671' title='bbox 687 5147 860 5204; x_wconf 73' lang='lat' dir='ltr'><strong>linem</strong></span> <span class='ocrx_word' id='word_1_672' title='bbox 911 5146 1170 5214; x_wconf 89' lang='lat' dir='ltr'><strong>attendit,</strong></span> <span class='ocrx_word' id='word_1_673' title='bbox 1222 5148 1319 5218; x_wconf 92' lang='lat' dir='ltr'><strong>qui</strong></span> <span class='ocrx_word' id='word_1_674' title='bbox 1370 5147 1597 5220; x_wconf 88' lang='lat' dir='ltr'><strong>quidem</strong></span> <span class='ocrx_word' id='word_1_675' title='bbox 1640 5148 1871 5204; x_wconf 90' lang='lat' dir='ltr'><strong>denotat</strong></span> <span class='ocrx_word' id='word_1_676' title='bbox 1921 5164 2053 5205; x_wconf 86' lang='lat' dir='ltr'><strong>cau-</strong></span> 
     </span>
    </p>
   </div>
   <div class='ocr_carea' id='block_1_97' title="bbox 459 5256 598 5298">
    <p class='ocr_par' dir='ltr' id='par_1_97' title="bbox 459 5256 598 5298">
     <span class='ocr_line' id='line_1_98' title="bbox 459 5256 598 5298; baseline -0.014 0"><span class='ocrx_word' id='word_1_677' title='bbox 459 5256 576 5298; x_wconf 82' lang='lat' dir='ltr'><strong>sam</strong></span> <span class='ocrx_word' id='word_1_678' title='bbox 585 5282 598 5296; x_wconf 89' lang='lat'><strong>.</strong></span> 
     </span>
    </p>
   </div>
   <div class='ocr_carea' id='block_1_98' title="bbox 530 5353 2044 5426">
    <p class='ocr_par' dir='ltr' id='par_1_98' title="bbox 530 5353 2044 5426">
     <span class='ocr_line' id='line_1_99' title="bbox 530 5353 2044 5426; baseline -0.001 -15"><span class='ocrx_word' id='word_1_679' title='bbox 530 5356 620 5413; x_wconf 73' lang='grc'><strong>74.</strong></span> <span class='ocrx_word' id='word_1_680' title='bbox 647 5355 788 5414; x_wconf 87' lang='lat' dir='ltr'><strong>Cum</strong></span> <span class='ocrx_word' id='word_1_681' title='bbox 804 5357 950 5412; x_wconf 88' lang='lat' dir='ltr'><strong>Deus</strong></span> <span class='ocrx_word' id='word_1_682' title='bbox 970 5355 1346 5412; x_wconf 87' lang='lat' dir='ltr'><strong>essentialiter</strong></span> <span class='ocrx_word' id='word_1_683' title='bbox 1377 5355 1450 5412; x_wconf 90' lang='lat' dir='ltr'><strong>sit</strong></span> <span class='ocrx_word' id='word_1_684' title='bbox 1473 5353 1725 5419; x_wconf 74' lang='lat' dir='ltr'><strong>scientia,</strong></span> <span class='ocrx_word' id='word_1_685' title='bbox 1753 5354 2044 5426; x_wconf 88' lang='lat' dir='ltr'><strong>palamque</strong></span> 
     </span>
    </p>
   </div>
   <div class='ocr_carea' id='block_1_99' title="bbox 457 5446 2041 5517">
    <p class='ocr_par' dir='ltr' id='par_1_99' title="bbox 457 5446 2041 5517">
     <span class='ocr_line' id='line_1_100' title="bbox 457 5446 2041 5517; baseline 0.001 -17"><span class='ocrx_word' id='word_1_686' title='bbox 457 5462 678 5504; x_wconf 91' lang='lat' dir='ltr'><strong>omnem</strong></span> <span class='ocrx_word' id='word_1_687' title='bbox 706 5447 994 5503; x_wconf 89' lang='lat' dir='ltr'><strong>scientiam</strong></span> <span class='ocrx_word' id='word_1_688' title='bbox 1029 5446 1322 5503; x_wconf 89' lang='lat' dir='ltr'><strong>antecedat</strong></span> <span class='ocrx_word' id='word_1_689' title='bbox 1350 5462 1528 5512; x_wconf 87' lang='lat' dir='ltr'><strong>mens,</strong></span> <span class='ocrx_word' id='word_1_690' title='bbox 1551 5446 1656 5502; x_wconf 88' lang='lat' dir='ltr'><strong>sub</strong></span> <span class='ocrx_word' id='word_1_691' title='bbox 1683 5461 1847 5517; x_wconf 89' lang='lat' dir='ltr'><strong>quam</strong></span> <span class='ocrx_word' id='word_1_692' title='bbox 1873 5447 2041 5502; x_wconf 89' lang='lat' dir='ltr'><strong>etiam</strong></span> 
     </span>
    </p>
   </div>
   <div class='ocr_carea' id='block_1_100' title="bbox 460 5534 2042 5612">
    <p class='ocr_par' dir='ltr' id='par_1_100' title="bbox 460 5534 2042 5612">
     <span class='ocr_line' id='line_1_101' title="bbox 460 5534 2042 5612; baseline 0.001 -19"><span class='ocrx_word' id='word_1_693' title='bbox 460 5534 538 5594; x_wconf 79' lang='lat' dir='ltr'><strong>illi</strong></span> <span class='ocrx_word' id='word_1_694' title='bbox 575 5548 955 5612; x_wconf 88' lang='lat' dir='ltr'><strong>comparatum</strong></span> <span class='ocrx_word' id='word_1_695' title='bbox 987 5547 1074 5596; x_wconf 86' lang='lat' dir='ltr'><strong>est</strong></span> <span class='ocrx_word' id='word_1_696' title='bbox 1097 5547 1158 5595; x_wconf 90' lang='lat' dir='ltr'><strong>ut</strong></span> <span class='ocrx_word' id='word_1_697' title='bbox 1191 5539 1353 5595; x_wconf 89' lang='lat' dir='ltr'><strong>cadat</strong></span> <span class='ocrx_word' id='word_1_698' title='bbox 1383 5557 1397 5594; x_wconf 90' lang='lat'><strong>:</strong></span> <span class='ocrx_word' id='word_1_699' title='bbox 1433 5538 1594 5610; x_wconf 91' lang='lat' dir='ltr'><strong>plane</strong></span> <span class='ocrx_word' id='word_1_700' title='bbox 1619 5538 1765 5595; x_wconf 86' lang='lat' dir='ltr'><strong>Deus</strong></span> <span class='ocrx_word' id='word_1_701' title='bbox 1807 5538 2042 5594; x_wconf 88' lang='lat' dir='ltr'><strong>scientia</strong></span> 
     </span>
    </p>
   </div>
   <div class='ocr_carea' id='block_1_101' title="bbox 2153 4581 3344 4654">
    <p class='ocr_par' dir='ltr' id='par_1_101' title="bbox 2153 4581 3344 4654">
     <span class='ocr_line' id='line_1_102' title="bbox 2153 4581 3344 4654; baseline -0.002 -18"><span class='ocrx_word' id='word_1_702' title='bbox 2153 4581 2258 4654; x_wconf 79' lang='grc' dir='ltr'>τὴν</span> <span class='ocrx_word' id='word_1_703' title='bbox 2286 4581 2572 4654; x_wconf 74' lang='grc' dir='ltr'>διαστολὴν</span> <span class='ocrx_word' id='word_1_704' title='bbox 2602 4584 2840 4636; x_wconf 75' lang='grc' dir='ltr'>ποιεῖται</span> <span class='ocrx_word' id='word_1_705' title='bbox 2875 4581 3080 4653; x_wconf 78' lang='grc' dir='ltr'>κρίνων</span> <span class='ocrx_word' id='word_1_706' title='bbox 3113 4584 3142 4636; x_wconf 83' lang='grc' dir='ltr'>ὁ</span> <span class='ocrx_word' id='word_1_707' title='bbox 3171 4583 3344 4652; x_wconf 86' lang='grc' dir='ltr'>λόγος.</span> 
     </span>
    </p>
   </div>
   <div class='ocr_carea' id='block_1_102' title="bbox 2227 4687 3752 4769">
    <p class='ocr_par' dir='ltr' id='par_1_102' title="bbox 2227 4687 3752 4769">
     <span class='ocr_line' id='line_1_103' title="bbox 2227 4687 3752 4769; baseline -0.002 -18"><span class='ocrx_word' id='word_1_708' title='bbox 2227 4695 2329 4767; x_wconf 82' lang='grc' dir='ltr'>ογ⁹.</span> <span class='ocrx_word' id='word_1_709' title='bbox 2359 4697 2471 4758; x_wconf 76' lang='grc' dir='ltr'><strong>Τὰς</strong></span> <span class='ocrx_word' id='word_1_710' title='bbox 2501 4697 2830 4769; x_wconf 78' lang='grc' dir='ltr'>ἐνθυμήσεις</span> <span class='ocrx_word' id='word_1_711' title='bbox 2857 4697 2954 4750; x_wconf 78' lang='grc' dir='ltr'>καὶ</span> <span class='ocrx_word' id='word_1_712' title='bbox 2980 4697 3080 4759; x_wconf 76' lang='grc' dir='ltr'><strong>τὰς</strong></span> <span class='ocrx_word' id='word_1_713' title='bbox 3107 4695 3335 4759; x_wconf 77' lang='grc' dir='ltr'>ἰννοίας,</span> <span class='ocrx_word' id='word_1_714' title='bbox 3361 4687 3438 4750; x_wconf 72' lang='grc' dir='ltr'><strong>ὧν</strong></span> <span class='ocrx_word' id='word_1_715' title='bbox 3472 4695 3592 4749; x_wconf 75' lang='grc' dir='ltr'>ἔστι</span> <span class='ocrx_word' id='word_1_716' title='bbox 3620 4712 3752 4766; x_wconf 87' lang='grc' dir='ltr'>κρι-</span> 
     </span>
    </p>
   </div>
   <div class='ocr_carea' id='block_1_103' title="bbox 2153 4783 3748 4858">
    <p class='ocr_par' dir='ltr' id='par_1_103' title="bbox 2153 4783 3748 4858">
     <span class='ocr_line' id='line_1_104' title="bbox 2153 4783 3748 4858; baseline 0 -15"><span class='ocrx_word' id='word_1_717' title='bbox 2153 4790 2310 4854; x_wconf 77' lang='grc' dir='ltr'>τικὸς</span> <span class='ocrx_word' id='word_1_718' title='bbox 2359 4791 2384 4842; x_wconf 79' lang='grc' dir='ltr'>ὁ</span> <span class='ocrx_word' id='word_1_719' title='bbox 2432 4789 2616 4858; x_wconf 75' lang='grc' dir='ltr'>λόγος,</span> <span class='ocrx_word' id='word_1_720' title='bbox 2673 4789 2843 4858; x_wconf 76' lang='grc' dir='ltr'>φησὶν</span> <span class='ocrx_word' id='word_1_721' title='bbox 2889 4783 3031 4842; x_wconf 75' lang='grc' dir='ltr'>εἶναι</span> <span class='ocrx_word' id='word_1_722' title='bbox 3067 4788 3171 4851; x_wconf 84' lang='grc' dir='ltr'><strong>τὰς</strong></span> <span class='ocrx_word' id='word_1_723' title='bbox 3201 4787 3302 4858; x_wconf 84' lang='grc' dir='ltr'>τῆς</span> <span class='ocrx_word' id='word_1_724' title='bbox 3331 4787 3517 4858; x_wconf 73' lang='grc' dir='ltr'>ψυχῆς</span> <span class='ocrx_word' id='word_1_725' title='bbox 3557 4789 3654 4842; x_wconf 84' lang='grc' dir='ltr'>ὲπί</span> <span class='ocrx_word' id='word_1_726' title='bbox 3682 4805 3748 4843; x_wconf 82' lang='grc' dir='ltr'><strong>τε</strong></span> 
     </span>
    </p>
   </div>
   <div class='ocr_carea' id='block_1_104' title="bbox 2155 4879 3748 4951">
    <p class='ocr_par' dir='ltr' id='par_1_104' title="bbox 2155 4879 3748 4951">
     <span class='ocr_line' id='line_1_105' title="bbox 2155 4879 3748 4951; baseline 0 -16"><span class='ocrx_word' id='word_1_727' title='bbox 2155 4883 2270 4945; x_wconf 79' lang='grc' dir='ltr'>τοῖς</span> <span class='ocrx_word' id='word_1_728' title='bbox 2297 4880 2460 4945; x_wconf 85' lang='grc' dir='ltr'>θείοις</span> <span class='ocrx_word' id='word_1_729' title='bbox 2485 4881 2665 4949; x_wconf 87' lang='grc' dir='ltr'>λόγοις</span> <span class='ocrx_word' id='word_1_730' title='bbox 2694 4880 2790 4934; x_wconf 75' lang='grc' dir='ltr'>καὶ</span> <span class='ocrx_word' id='word_1_731' title='bbox 2815 4882 2928 4942; x_wconf 77' lang='grc' dir='ltr'>τοῖς</span> <span class='ocrx_word' id='word_1_732' title='bbox 2952 4879 3235 4951; x_wconf 84' lang='grc' dir='ltr'>λογισμοῖς</span> <span class='ocrx_word' id='word_1_733' title='bbox 3257 4881 3494 4950; x_wconf 79' lang='grc' dir='ltr'>σχέσεις,</span> <span class='ocrx_word' id='word_1_734' title='bbox 3520 4881 3616 4934; x_wconf 81' lang='grc' dir='ltr'>καὶ</span> <span class='ocrx_word' id='word_1_735' title='bbox 3641 4881 3748 4946; x_wconf 80' lang='grc' dir='ltr'><strong>τὰς</strong></span> 
     </span>
    </p>
   </div>
   <div class='ocr_carea' id='block_1_105' title="bbox 2159 4971 3745 5045">
    <p class='ocr_par' dir='ltr' id='par_1_105' title="bbox 2159 4971 3745 5045">
     <span class='ocr_line' id='line_1_106' title="bbox 2159 4971 3745 5045; baseline -0.002 -18"><span class='ocrx_word' id='word_1_736' title='bbox 2159 4973 2342 5028; x_wconf 80' lang='grc' dir='ltr'>αὐτῶν</span> <span class='ocrx_word' id='word_1_737' title='bbox 2373 4972 2574 5045; x_wconf 81' lang='grc' dir='ltr'>δηλαδὴ</span> <span class='ocrx_word' id='word_1_738' title='bbox 2606 4971 2717 5026; x_wconf 90' lang='grc' dir='ltr'><strong>τῶν</strong></span> <span class='ocrx_word' id='word_1_739' title='bbox 2749 4971 2992 5042; x_wconf 80' lang='grc' dir='ltr'>σχέσεων</span> <span class='ocrx_word' id='word_1_740' title='bbox 3016 4972 3220 5036; x_wconf 82' lang='grc' dir='ltr'>αἰτίας.</span> <span class='ocrx_word' id='word_1_741' title='bbox 3256 4972 3322 5026; x_wconf 86' lang='grc' dir='ltr'><em>Ἦ</em></span> <span class='ocrx_word' id='word_1_742' title='bbox 3359 4971 3470 5044; x_wconf 77' lang='grc' dir='ltr'><strong>γὰρ</strong></span> <span class='ocrx_word' id='word_1_743' title='bbox 3495 4971 3745 5044; x_wconf 75' lang='grc' dir='ltr'>ἐνθύμη-</span> 
     </span>
    </p>
   </div>
   <div class='ocr_carea' id='block_1_106' title="bbox 2157 5059 3750 5136">
    <p class='ocr_par' dir='ltr' id='par_1_106' title="bbox 2157 5059 3750 5136">
     <span class='ocr_line' id='line_1_107' title="bbox 2157 5059 3750 5136; baseline 0 -16"><span class='ocrx_word' id='word_1_744' title='bbox 2157 5083 2264 5131; x_wconf 86' lang='grc' dir='ltr'>σις,</span> <span class='ocrx_word' id='word_1_745' title='bbox 2293 5068 2434 5119; x_wconf 82' lang='grc' dir='ltr'>κινεῖ</span> <span class='ocrx_word' id='word_1_746' title='bbox 2463 5065 2710 5136; x_wconf 81' lang='grc' dir='ltr'>μνήμην,</span> <span class='ocrx_word' id='word_1_747' title='bbox 2741 5059 2811 5135; x_wconf 77' lang='grc' dir='ltr'>ἧς</span> <span class='ocrx_word' id='word_1_748' title='bbox 2832 5065 3034 5117; x_wconf 76' lang='grc' dir='ltr'>οἰκεῐον</span> <span class='ocrx_word' id='word_1_749' title='bbox 3060 5065 3094 5134; x_wconf 85' lang='grc' dir='ltr'><strong>ή</strong></span> <span class='ocrx_word' id='word_1_750' title='bbox 3145 5063 3367 5135; x_wconf 74' lang='grc' dir='ltr'>σχέσιςο</span> <span class='ocrx_word' id='word_1_751' title='bbox 3403 5063 3436 5134; x_wconf 81' lang='grc' dir='ltr'><strong>ή</strong></span> <span class='ocrx_word' id='word_1_752' title='bbox 3475 5063 3534 5116; x_wconf 70' lang='grc' dir='ltr'>δὲ</span> <span class='ocrx_word' id='word_1_753' title='bbox 3561 5063 3750 5120; x_wconf 75' lang='grc' dir='ltr'>ἔννοια</span> 
     </span>
    </p>
   </div>
   <div class='ocr_carea' id='block_1_107' title="bbox 2162 5154 3544 5230">
    <p class='ocr_par' dir='ltr' id='par_1_107' title="bbox 2162 5154 3544 5230">
     <span class='ocr_line' id='line_1_108' title="bbox 2162 5154 3544 5230; baseline -0.001 -19"><span class='ocrx_word' id='word_1_754' title='bbox 2162 5159 2340 5230; x_wconf 80' lang='grc' dir='ltr'>πέρας</span> <span class='ocrx_word' id='word_1_755' title='bbox 2369 5157 2695 5224; x_wconf 72' lang='grc' dir='ltr'>ἀποσκοπεῖ,</span> <span class='ocrx_word' id='word_1_756' title='bbox 2732 5157 2870 5226; x_wconf 86' lang='grc' dir='ltr'>ὅπερ</span> <span class='ocrx_word' id='word_1_757' title='bbox 2909 5155 3090 5210; x_wconf 83' lang='grc' dir='ltr'>αἰτίαν</span> <span class='ocrx_word' id='word_1_758' title='bbox 3121 5154 3544 5228; x_wconf 75' lang='grc' dir='ltr'>χαρακτηρίζει.</span> 
     </span>
    </p>
   </div>
   <div class='ocr_carea' id='block_1_108' title="bbox 2225 5355 3744 5430">
    <p class='ocr_par' dir='ltr' id='par_1_108' title="bbox 2225 5355 3744 5430">
     <span class='ocr_line' id='line_1_109' title="bbox 2225 5355 3744 5430; baseline 0.001 -20"><span class='ocrx_word' id='word_1_759' title='bbox 2225 5357 2318 5412; x_wconf 85' lang='grc' dir='ltr'>οδ’.</span> <span class='ocrx_word' id='word_1_760' title='bbox 2380 5356 2443 5410; x_wconf 84' lang='grc' dir='ltr'>Εἰ</span> <span class='ocrx_word' id='word_1_761' title='bbox 2473 5355 2592 5410; x_wconf 78' lang='grc' dir='ltr'>κατ’</span> <span class='ocrx_word' id='word_1_762' title='bbox 2614 5357 2804 5411; x_wconf 78' lang='grc' dir='ltr'>οὐσίαν</span> <span class='ocrx_word' id='word_1_763' title='bbox 2831 5356 3034 5426; x_wconf 89' lang='grc' dir='ltr'>γνῶσίς</span> <span class='ocrx_word' id='word_1_764' title='bbox 3062 5357 3215 5411; x_wconf 74' lang='grc' dir='ltr'>ἐστιν</span> <span class='ocrx_word' id='word_1_765' title='bbox 3237 5357 3266 5410; x_wconf 83' lang='grc' dir='ltr'>ὁ</span> <span class='ocrx_word' id='word_1_766' title='bbox 3285 5358 3442 5422; x_wconf 76' lang='grc' dir='ltr'>Θεὸς.</span> <span class='ocrx_word' id='word_1_767' title='bbox 3476 5361 3744 5430; x_wconf 81' lang='grc' dir='ltr'>προηγεῖ-</span> 
     </span>
    </p>
   </div>
   <div class='ocr_carea' id='block_1_109' title="bbox 2149 5443 3746 5520">
    <p class='ocr_par' dir='ltr' id='par_1_109' title="bbox 2149 5443 3746 5520">
     <span class='ocr_line' id='line_1_110' title="bbox 2149 5443 3746 5520; baseline 0.001 -20"><span class='ocrx_word' id='word_1_768' title='bbox 2149 5465 2241 5501; x_wconf 88' lang='grc' dir='ltr'><strong>ται</strong></span> <span class='ocrx_word' id='word_1_769' title='bbox 2286 5447 2347 5500; x_wconf 86' lang='grc' dir='ltr'>δὲ</span> <span class='ocrx_word' id='word_1_770' title='bbox 2402 5445 2590 5516; x_wconf 80' lang='grc' dir='ltr'>σαφῶς</span> <span class='ocrx_word' id='word_1_771' title='bbox 2633 5448 2817 5520; x_wconf 81' lang='grc' dir='ltr'>πάσης</span> <span class='ocrx_word' id='word_1_772' title='bbox 2851 5446 3110 5517; x_wconf 83' lang='grc' dir='ltr'>γνώσεως</span> <span class='ocrx_word' id='word_1_773' title='bbox 3140 5447 3286 5515; x_wconf 81' lang='grc' dir='ltr'>νοῦς,</span> <span class='ocrx_word' id='word_1_774' title='bbox 3338 5443 3386 5518; x_wconf 83' lang='grc' dir='ltr'>ᾧ</span> <span class='ocrx_word' id='word_1_775' title='bbox 3414 5451 3510 5503; x_wconf 73' lang='grc' dir='ltr'>καὶ</span> <span class='ocrx_word' id='word_1_776' title='bbox 3535 5448 3746 5502; x_wconf 70' lang='grc' dir='ltr'>ὑποπί-</span> 
     </span>
    </p>
   </div>
   <div class='ocr_carea' id='block_1_110' title="bbox 2149 5537 3748 5612">
    <p class='ocr_par' dir='ltr' id='par_1_110' title="bbox 2149 5537 3748 5612">
     <span class='ocr_line' id='line_1_111' title="bbox 2149 5537 3748 5612; baseline 0.002 -20"><span class='ocrx_word' id='word_1_777' title='bbox 2149 5555 2308 5592; x_wconf 88' lang='grc' dir='ltr'>πτειν</span> <span class='ocrx_word' id='word_1_778' title='bbox 2335 5538 2579 5609; x_wconf 81' lang='grc' dir='ltr'>πέφυκεν</span> <span class='ocrx_word' id='word_1_779' title='bbox 2597 5554 2612 5569; x_wconf 76' lang='grc' dir='ltr'><strong>ο</strong></span> <span class='ocrx_word' id='word_1_780' title='bbox 2665 5539 2774 5610; x_wconf 76' lang='grc' dir='ltr'>ἄρα</span> <span class='ocrx_word' id='word_1_781' title='bbox 2803 5537 2950 5612; x_wconf 73' lang='grc' dir='ltr'>ὑπὲρ</span> <span class='ocrx_word' id='word_1_782' title='bbox 2973 5537 3183 5612; x_wconf 81' lang='grc' dir='ltr'>ταύτην</span> <span class='ocrx_word' id='word_1_783' title='bbox 3207 5539 3360 5596; x_wconf 70' lang='grc' dir='ltr'>ἐστὶν</span> <span class='ocrx_word' id='word_1_784' title='bbox 3389 5541 3418 5594; x_wconf 80' lang='grc' dir='ltr'><em>ὁ</em></span> <span class='ocrx_word' id='word_1_785' title='bbox 3441 5538 3575 5605; x_wconf 82' lang='grc' dir='ltr'>Θεδς</span> <span class='ocrx_word' id='word_1_786' title='bbox 3592 5581 3610 5607; x_wconf 90' lang='grc'><strong>,</strong></span> <span class='ocrx_word' id='word_1_787' title='bbox 3652 5539 3748 5595; x_wconf 77' lang='grc' dir='ltr'>ὅτι</span> 
     </span>
    </p>
   </div>
   <div class='ocr_carea' id='block_1_111' title="bbox 530 5713 2322 5780">
    <p class='ocr_par' dir='ltr' id='par_1_111' title="bbox 530 5713 2322 5780">
     <span class='ocr_line' id='line_1_112' title="bbox 530 5713 2322 5780; baseline -0.001 -11"><span class='ocrx_word' id='word_1_788' title='bbox 530 5714 576 5745; x_wconf 80' lang='grc'><strong>⁸³</strong></span> <span class='ocrx_word' id='word_1_789' title='bbox 598 5713 666 5769; x_wconf 88' lang='lat' dir='ltr'><strong>lll</strong></span> <span class='ocrx_word' id='word_1_790' title='bbox 694 5713 854 5770; x_wconf 77' lang='lat' dir='ltr'><strong>Esdr.</strong></span> <span class='ocrx_word' id='word_1_791' title='bbox 900 5731 955 5778; x_wconf 89' lang='lat' dir='ltr'><strong>v,</strong></span> <span class='ocrx_word' id='word_1_792' title='bbox 988 5715 1057 5770; x_wconf 77' lang='lat'><strong>68</strong></span> <span class='ocrx_word' id='word_1_793' title='bbox 1155 5715 1201 5747; x_wconf 75' lang='lat'><em>“</em></span> <span class='ocrx_word' id='word_1_794' title='bbox 1229 5713 1394 5768; x_wconf 86' lang='lat' dir='ltr'><strong>llebr.</strong></span> <span class='ocrx_word' id='word_1_795' title='bbox 1425 5729 1497 5780; x_wconf 78' lang='lat' dir='ltr'><strong>Iv,</strong></span> <span class='ocrx_word' id='word_1_796' title='bbox 1535 5714 1619 5768; x_wconf 68' lang='grc'><strong>12.</strong></span> <span class='ocrx_word' id='word_1_797' title='bbox 1698 5716 1745 5750; x_wconf 76' lang='grc'><strong>’⁸</strong></span> <span class='ocrx_word' id='word_1_798' title='bbox 1775 5715 1911 5772; x_wconf 87' lang='lat' dir='ltr'><strong>ibid.</strong></span> <span class='ocrx_word' id='word_1_799' title='bbox 1991 5715 2039 5747; x_wconf 82' lang='lat'><strong>&quot;</strong></span> <span class='ocrx_word' id='word_1_800' title='bbox 2069 5713 2207 5770; x_wconf 88' lang='lat' dir='ltr'><strong>ibid.</strong></span> <span class='ocrx_word' id='word_1_801' title='bbox 2234 5714 2322 5768; x_wconf 79' lang='lat' dir='ltr'><strong>l3.</strong></span> 
     </span>
    </p>
   </div>
  </div>
