4062 6198
392 285 528 350 1237

1052 273 1386 374 CA.PITUM
1423 268 1846 345 QUINQUIES
1883 267 2406 355 CENTENORUM
2450 270 2839 333 CENTURIA
2878 271 2994 332 III.

3516 270 3650 333 ms

386 403 494 455 τῶν
525 397 840 468 δαιμονίων,
873 396 971 450 οὐκ
999 383 1344 448 εἰσακούεται
1379 389 1837 464 προσευχόμενος,
1873 383 1970 438 οὐκ

2077 382 2264 440 niente
2296 399 2426 454 erga
2471 399 2717 440 errorem
2759 385 3090 450 damonum,
3133 398 3235 438 nec
3280 383 3396 454 ipse
3427 387 3653 440 exaudi-

389 492 528 561 ἔχων
579 491 660 551 εἰς
705 489 1012 559 προσευχῆς
1045 486 1308 557 δύναμιν,
1370 484 1470 554 τὴν
1497 482 1606 537 ἀπὸ
1635 483 1736 552 τῆς
1767 479 1975 547 πλάνης

387 584 496 636 τῶν
525 581 703 636 ἀθέων
729 581 999 634 Ἰουδαίων
1027 579 1382 650 ἐπιστροφήν.
1418 576 1580 631 Ὅθεν
1603 573 1699 627 τοῦ
1721 571 1974 640 διακενῆς

389 677 793 748 προσεύχεσθαι
827 678 919 728 καὶ
950 675 1138 728 τοῦτον
1164 674 1394 742 ἀπάγων
1424 674 1454 725 ό
1476 671 1632 734 Θεὸς,
1669 668 1828 738 φησί,
1863 665 1972 719 Καὶ

391 772 473 827 σὺ
503 770 590 841 μὴ
625 770 974 838 προσεύχου
1017 767 1150 835 περί
1182 765 1289 818 τοῦ
1317 763 1473 818 λαοῦ
1501 763 1740 823 τούτου,
1768 759 1865 812 καί
1886 757 1971 825 μὴ

393 862 571 927 ἀξίου
619 863 727 916 τοῦ
767 859 1090 928 ἐλεηθῆναι
1119 857 1364 922 αὐτοὺς,
1396 855 1491 909 καί
1519 853 1606 924 μὴ
1634 853 1840 920 εὔχου,
1876 850 1972 902 καί

389 953 474 1022 μὴ
510 953 854 1021 προσέλθῃς
877 969 979 1020 μοι
1013 949 1145 1018 περὶ
1175 947 1375 1003 αὐτῶν
1400 946 1488 1000 ἔτι
1511 989 1524 1014 ,
1582 945 1672 999 ὅτι
1703 945 1816 998 οὐκ
1847 944 1975 996 εἰσ-

394 1045 746 1111 ακούσομαι.

469 1140 581 1202 πγ¹.
619 1133 831 1202 Πολλῆς
855 1134 1026 1197 ὅντως
1055 1133 1205 1186 ἐστὶν
1234 1131 1583 1202 ἁϐελτηρίας,
1615 1129 1702 1182 ἵνα
1731 1126 1804 1198 μὴ
1830 1124 1973 1192 λέγω

397 1227 824 1299 παραφροσύνης
849 1266 864 1290 ,
919 1228 985 1280 δι’
1008 1229 1173 1298 εὐχῆς
1221 1225 1447 1278 δικαίων
1488 1223 1767 1292 ἐπιζητεῖν
1795 1237 1973 1290 σωτη-

332 1354 340 1359 -
398 1320 519 1386 ρἀν
543 1357 559 1382 ,
622 1318 716 1372 τδν
761 1319 904 1373 κατὰ
950 1318 1192 1372 διάθεσιν
1229 1320 1344 1380 τοῖς
1381 1314 1648 1387 ὀλεθρίοις
1675 1313 1969 1385 ἡδόμενον”

394 1407 664 1462 κάκείνων
722 1408 990 1463 αἰτεῖσθαι
1050 1405 1400 1479 συγχώρησιν
1426 1445 1440 1470 ,
1501 1399 1584 1467 οἷς
1633 1404 1972 1473 ὲγκαυχᾶται

393 1501 512 1552 κατ’
528 1499 811 1571 ἐνέργειαν
838 1500 1095 1572 προθέσει
1129 1499 1510 1569 σπιλούμενος,
1546 1496 1664 1550 δέον
1697 1494 1771 1566 μὴ
1797 1494 1973 1566 ἀργὴν

392 1593 488 1663 ὲᾷν
529 1591 777 1661 γίνεσθαι
825 1594 918 1646 καὶ
956 1592 1217 1663 ἀκίνητον
1263 1592 1358 1645 τοῦ
1395 1589 1607 1644 δικαίου
1635 1588 1736 1659 τὴν
1763 1586 1969 1656 δέησιν,

392 1683 485 1734 τόν
538 1681 740 1752 ταύτης
785 1683 1072 1753 δεόμενον,
1129 1684 1288 1754 εἰπερ
1327 1681 1545 1754 ἀληθῶς
1572 1682 1688 1742 τοῖς
1716 1681 1972 1749 πονηροῖς

396 1772 758 1843 ἀπεχθάνεται
777 1790 793 1807 ο
847 1775 963 1830 ἀλλ’
982 1775 1207 1847 ἐνεργὸν
1233 1777 1409 1828 ποιεῖν
1439 1775 1536 1827 καὶ¹
1565 1773 1814 1843 ἰσχυράν,
1844 1774 1969 1836 ταῖς

393 1864 622 1930 οἰκείαις
667 1867 890 1938 ἀρεταῖς
934 1869 1330 1940 πτερουμένην,
1382 1869 1476 1922 καὶ
1520 1867 1830 1937 φθάνουσαν
1876 1866 1969 1919 τὸν

397 1956 744 2031 συγχώρησιν
769 1959 968 2014 διδόναι
991 1961 1100 2015 τῶν
1124 1961 1628 2034 πλημμεληθέντων
1649 1959 1966 2030 δυνάμενον.

469 2137 571 2192 πδ’.
628 2139 796 2193 Πολὺ
836 2141 1033 2209 ἰσχύει
1077 2141 1188 2196 τοῦ
1216 2143 1451 2197 δικαίου
1492 2143 1532 2210 ἡ
1565 2140 1810 2210 δέησις,
1859 2141 1971 2194 εἴτε

397 2231 460 2282 ἐκ
505 2229 600 2282 τοῦ
651 2233 975 2302 ποιουμένου
1004 2232 1208 2302 ταύτην
1233 2233 1443 2287 δικαίου
1462 2275 1476 2299 ,
1540 2234 1648 2287 εἴτε
1677 2233 1743 2286 ὲκ
1767 2232 1860 2286 τοῦ
1885 2231 1972 2299 γί-

397 2321 582 2374 νεσθαι
611 2323 782 2392 αὐτὴν
810 2325 1129 2394 αἰτουμένου
1162 2323 1254 2378 τὸν
1278 2325 1486 2378 δίκαιον
1511 2365 1525 2388 ,
1578 2319 1967 2396 ἐνεργουμένη.

406 2411 543 2466 Ὑπὸ
568 2414 666 2484 μὲν
692 2415 801 2487 γὰρ
825 2415 918 2470 τοῦ
941 2417 1148 2470 δικαίου
1176 2417 1566 2488 ἐνεργουμένη,
1590 2417 1803 2470 δίδωσιν
1825 2416 1972 2486 αὐτῷ

401 2507 711 2576 παρρησίαν
735 2509 870 2579 πρὸς
891 2508 985 2562 τὸν
1008 2509 1191 2563 δοῦναι
1215 2509 1509 2579 δυνάμενον
1529 2509 1596 2564 τά
1615 2509 1726 2562 τῶν
1747 2508 1972 2563 δικαίων

398 2597 694 2667 αἰτήματα·
725 2598 830 2652 ὑπὸ
853 2599 908 2652 δὲ
933 2599 1024 2652 τοῦ
1051 2601 1257 2671 ταύτην
1285 2599 1606 2669 αἰτουμένου
1631 2600 1722 2654 τὸν
1741 2598 1968 2664 δίκαιον,

396 2685 496 2757 τῆς
521 2688 796 2758 προτέρας
822 2689 984 2742 αὐτὸν
1013 2689 1315 2761 μοχθηρίας
1341 2691 1602 2761 ἀφίστησι
1629 2733 1642 2757 ,
1690 2690 1970 2762 μεταϐάλο

396 2775 562 2831 λουσα
596 2778 732 2848 πρὸς
761 2780 964 2852 ἀρετὴν
993 2781 1140 2851 αὐτῷ
1167 2781 1266 2852 τὴν
1291 2783 1549 2837 διάθεσιν.

467 2874 571 2924 us’.
590 2869 610 2891 ⁶
629 2869 735 2922 Τοῦ
752 2871 1078 2925 ’Δποστὸλου
1105 2875 1408 2943 εἰρηκότος,
1427 2867 1588 2941 Ἑνῷ
1603 2873 1974 2946 ἀγαλλιᾶσθε

398 2959 606 3029 ὀλίγον
633 2960 783 3029 ἄρτι,
819 2963 871 3015 εἰ
917 2961 1058 3016 δέον
1093 2964 1224 3018 ἐστί
1269 2965 1658 3033 λυπηθέντας
1698 2965 1855 3036 ὑμᾶς
1903 2966 1973 3020 ἐν

396 3051 696 3116 ποικίλοις
731 3053 1102 3122 πειρασμοῖς,
1139 3055 1255 3118 πῶς
1281 3074 1366 3121 τις
1391 3056 1731 3126 λυπούμενος
1760 3058 1816 3109 ὲν
1852 3073 1972 3111 πει·
1998 3062 2041 3124 C

397 3143 627 3211 ρασμοῖς
656 3141 875 3196 δύναται
906 3143 1263 3214 άγαλλιᾶσθαι
1289 3149 1346 3200 ὲν
1369 3140 1413 3216 ᾧ
1437 3146 1683 3201 λυπεῖται
1712 3165 1728 3214 ;

467 3327 584 3384 πςν.
618 3321 729 3392 Τὴν
752 3322 930 3396 λύπην
952 3324 1136 3397 διττὴν
1159 3323 1268 3380 οἶδε
1301 3327 1403 3395 τῆς
1429 3329 1686 3399 ἀληθείας
1715 3332 1743 3383 ὀ
1771 3330 1926 3398 λόγος
1953 3345 1966 3362 ’

391 3411 491 3482 τὴν
520 3412 637 3481 μὲν,
667 3415 809 3469 κατὰ
833 3416 1012 3488 ψυχὴν
1038 3419 1258 3486 ἀφανῶς
1281 3437 1295 3452 ·
1344 3420 1442 3490 τὴν
1467 3422 1544 3486 δὲ,
1572 3420 1692 3474 κατ’
1718 3421 1972 3492 αἴσθησιν

395 3503 648 3572 φανερῶς
676 3507 1092 3576 συνισταμένην
1126 3509 1218 3560 καὶ
1245 3510 1343 3579 τὴν
1377 3511 1497 3580 μὲν,
1525 3511 1647 3565 ὅλον
1672 3512 1771 3581 τῆς
1791 3511 1971 3582 ψυχῆς

394 3593 456 3644 τὸ
487 3593 651 3662 βάθος
678 3595 1212 3666 περιλαμϐάνουσαν,
1249 3603 1314 3670 τῇ
1345 3587 1568 3671 μάστιγι
1597 3603 1698 3672 τῆς
1724 3603 1970 3674 συνειδή-

394 3699 530 3746 σεως
561 3683 928 3756 αἰκιζόμενον·
959 3688 1058 3758 τὴν
1085 3689 1164 3750 δὲ,
1199 3692 1378 3743 πᾶσαν
1405 3693 1503 3764 τὴν
1534 3693 1786 3764 αἴσθησιν
1812 3712 1968 3764 περι-

394 3774 711 3848 γράφουσαν
736 3816 750 3841 ,
803 3777 882 3848 τῷ
925 3777 1080 3850 βάρει
1111 3781 1220 3834 τῶν
1242 3781 1505 3849 ἀλγεινῶν
1538 3785 1970 3857 συστελλομένην

392 3864 495 3932 τῆς
520 3870 756 3939 φυσικῆς
779 3869 1110 3940 διαχύσεωςο
1173 3873 1270 3926 καὶ
1295 3874 1395 3942 τὴν
1426 3874 1527 3944 μὲν
1545 3917 1560 3938 ,
1611 3877 1711 3947 τῆς
1739 3878 1860 3930 κατ’
1883 3879 1971 3930 αἵ-

397 3950 588 4019 σθησιν
615 3954 804 4026 ἡδονῆς
838 3971 852 3983 ο
909 3958 1008 4026 τὴν
1035 3959 1112 4020 δὲ,
1134 3959 1235 4026 τῆς
1266 3962 1404 4015 κατὰ
1427 3962 1604 4035 ψυχὴν
1630 3967 1969 4036 εὐφροσύνης

394 4041 545 4108 τέλος
575 4043 926 4117 ὑπάρχουσαν
951 4065 966 4080 ·
1006 4051 1208 4119 μᾶλλον
1233 4054 1290 4107 δὲ
1321 4057 1420 4126 τὴν
1449 4056 1569 4125 μὲν,
1604 4057 1713 4110 τῶν
1743 4061 1862 4112 κατ’
1881 4059 1968 4112 αἵ-

397 4136 587 4206 σθησιν
629 4139 922 4210 γνωμικῶν
947 4157 962 4174 ο
1015 4142 1113 4214 τὴν
1153 4144 1230 4206 δὲ,
1264 4145 1374 4199 τῶν
1409 4148 1528 4199 κατ’
1553 4149 1722 4221 αὐτὴν
1753 4151 1965 4221 συμπέ-

396 4247 581 4302 ρασμα
611 4233 758 4302 παρὰ
784 4234 1006 4306 γνώμην
1037 4237 1223 4290 παθῶν
1248 4239 1634 4308 τυγχάνουσαν.

2079 483 2186 538 tur,
2225 475 2371 544 quod
2416 475 2567 544 impii
2611 475 2786 529 Judai
2829 473 3200 529 eonvertendo
3243 487 3302 527 se
3336 472 3404 526 ab
3438 487 3646 538 errore,

2074 568 2256 623 nullas
2298 568 2604 638 precationi
2642 568 2790 623 vires
2827 567 3109 621 afferrent.
3150 565 3303 621 Unde
3337 575 3392 620 et
3435 566 3577 620 Deus
3620 581 3649 619 a

2071 657 2387 712 irustraneo
2429 658 2523 711 illo
2569 671 2796 727 precum
2835 655 3045 709 ambitu
3088 671 3214 710 eum
3255 670 3534 708 avocans:
3577 655 3648 707 Tn

2075 764 2298 818 quoque,
2355 748 2554 817 inquit,
2602 747 2710 801 noli
2751 763 2907 800 orare
2947 764 3043 817 pro
3085 746 3278 817 populo
3327 747 3440 809 hoc,
3485 755 3531 798 et
3587 763 3653 798 ne

2077 855 2224 909 roges
2258 848 2535 916 ut_eorum
2574 841 2864 904 miserear;
2901 857 2993 893 nec
3029 839 3174 894 ultra
3218 855 3312 909 pro
3353 842 3425 892 eis
3461 839 3530 891 ad
3571 855 3650 891 me

2073 932 2371 996 accesseris,
2398 931 2522 998 quia
2551 947 2651 984 non
2671 933 2956 984 exaudiam
2991 932 3028 983 ί.

2145 1111 2232 1166 85.
2268 1110 2503 1165 Summa
2536 1126 2724 1165 revera
2760 1109 3077 1164 stiliditatis
3113 1119 3216 1172 est,
3251 1111 3520 1165 ne'dicam
3551 1112 3650 1166 de-

2075 1205 2314 1269 mentiae,
2339 1206 2616 1275 justorum
2657 1204 2912 1274 precibus
2942 1204 3173 1267 salutem
3207 1206 3520 1272 exquirere,
3556 1207 3649 1274 qui

2073 1297 2322 1351 exitiosis
2363 1296 2529 1351 rebus
2571 1311 2635 1351 ac
2682 1313 2805 1366 qua
2843 1296 3127 1350 interitum
3177 1295 3414 1365 pariant,
3465 1298 3654 1350 animo

2073 1387 2415 1454 delectetur;
2441 1403 2743 1458 eorumque
2772 1388 2990 1443 veniam
3014 1397 3222 1457 petere,
3244 1387 3448 1460 quibus
3472 1389 3652 1457 reipsa

2074 1479 2307 1535 sordens
2331 1481 2535 1536 mentis
2576 1480 2864 1551 proposito
2879 1481 3175 1552 glorietur;
3209 1495 3332 1535 cum
3360 1496 3459 1550 par
3483 1491 3649 1546 esset,

2074 1580 2134 1624 ut
2159 1572 2253 1640 qui
2284 1572 2418 1642 justi
2452 1572 2896 1642 deprecationem
2945 1572 3224 1641 implorat,
3267 1587 3376 1626 non
3419 1573 3651 1627 otiosam

2073 1670 2368 1729 motusque
2399 1673 2680 1731 expertem
2720 1678 2783 1716 ac
2820 1661 3064 1717 desidem
3107 1677 3227 1716 eam
3265 1661 3385 1716 ﬁeri
3421 1663 3649 1725 sineret,

2072 1751 2118 1805 si
2165 1751 2330 1806 modo
2361 1766 2491 1806 vere
2523 1751 2599 1805 illi
2641 1752 2782 1806 mala
2816 1751 3210 1821 displicerent;
3241 1752 3336 1806 sed
3375 1751 3651 1807 eﬂicaeem

2069 1842 2440 1912 validamque,
2489 1845 2732 1913 propriis
2781 1843 2952 1912 ipsius
3009 1843 3314 1898 virtutibus
3361 1843 3651 1897 subnixam

2069 1937 2352 2005 altumque
2379 1935 2654 1990 volantem
2689 1935 2964 2002 redderet,
2983 1951 3220 2005 eumque
3248 1946 3648 2006 assequentem,

2072 2025 2165 2095 qui
2192 2033 2373 2094 potest
2393 2025 2722 2079 delictorum
2748 2026 2964 2089 veniam
2990 2027 3259 2096 prabere.

2141 2129 2231 2185 84.
2273 2129 2499 2183 Multum
2539 2129 2676 2183 valet
2707 2131 2844 2200 justi
2896 2130 3214 2201 deprecatio,
3260 2133 3376 2187 sive
3416 2147 3482 2187 ex
3517 2121 3672 2203 justi"

2072 2219 2246 2289 ipsius
2278 2219 2562 2275 oil‘erentis
2591 2235 2848 2289 persona,
2890 2221 3006 2275 sive
3037 2221 3201 2285 illius,
3234 2223 3390 2293 cujus
3416 2225 3531 2294 ipse
3563 2242 3668 2280 ro-e

2071 2316 2198 2378 gatu
2229 2307 2440 2360 Numen
2472 2307 2803 2377 interpellat,
2842 2308 3055 2362 efﬁcax.
3091 2310 3248 2365 Justo
3288 2312 3436 2365 enim
3467 2313 3655 2368 efﬁca-

2073 2410 2192 2449 cem
2233 2395 2506 2458 reddenti,
2549 2395 2807 2449 tidueiam
2849 2397 3180 2465 impetrandi
3233 2399 3463 2468 prabet,
3503 2404 3656 2471 apud-

2071 2498 2196 2535 eum
2227 2483 2320 2551 qui
2351 2483 2626 2551 justorum
2662 2483 2960 2552 petitiones
2992 2492 3176 2554 potest
3204 2487 3482 2555 tribuere;
3521 2503 3662 2544 eum.

2073 2587 2204 2626 vero
2232 2574 2326 2642 qui
2347 2574 2554 2643 justum
2590 2581 2936 2643 precatorem
2971 2574 3216 2640 adhibet,
3248 2593 3278 2631 a
3319 2577 3504 2647 priore
3544 2579 3650 2633 ini-

2074 2665 2347 2736 probitate
2374 2666 2640 2737 abjungit,
2661 2667 2780 2738 ejus
2808 2666 3054 2721 animum
3075 2666 3142 2722 ad
3171 2668 3430 2725 virtutem
3459 2671 3650 2726 tradu-

2073 2768 2223 2810 CBIIS.
3335 2821 3338 2824 .

2142 2848 2231 2907 85..
2281 2849 2418 2903 Cum
2449 2848 2744 2918 Apostolus
2786 2849 2934 2904 dicat
2970 2867 2983 2902 :
3028 2849 3093 2905 In
3141 2866 3243 2921 quo
3298 2849 3654 2916 exsultabitis,

2074 2941 2334 2996 modicum
2372 2957 2531 3006 nunc,
2576 2944 2622 2996 si
2671 2951 2871 3013 oportet
2902 2945 3205 3000 contristari
3249 2961 3338 3000 vos
3386 2946 3441 2999 in
3491 2947 3668 2999 uariis-

2075 3033 2447 3087 tentationibus
2476 3035 2527 3098 ’ς
2565 3034 2842 3104 quomodo
2875 3036 2971 3105 qui
3026 3036 3080 3090 in
3119 3037 3518 3092 tentationibus
3554 3038 3654 3091 tri-

2073 3131 2270 3190 statur,
2319 3124 2374 3178 in
2425 3140 2490 3180 eo
2533 3126 2810 3181 exsultare
2866 3127 3040 3196 possit
3094 3127 3151 3182 in
3200 3143 3312 3198 quo
3358 3129 3646 3193 tristatur;

2072 3215 2231 3285 cujus
2258 3230 2455 3284 nempe
2478 3216 2652 3286 gratia
2679 3217 2916 3272 maret?

2141 3304 2232 3359 86.
2292 3305 2578 3374 Duplieem
2637 3307 2914 3362 tristitiam
2967 3309 3122 3364 novit
3188 3325 3318 3364 vera
3369 3309 3646 3376 doctrina;

2071 3393 2297 3452 alteram
2319 3412 2442 3467 qua
2467 3397 2522 3450 in
2552 3398 2738 3453 animo
2761 3398 2992 3454 occultis
3015 3400 3322 3455 rationibus
3343 3401 3646 3467 conﬂatur;

2071 3486 2320 3549 alteram,
2354 3501 2476 3555 qua
2500 3484 2663 3555 580
2690 3486 2745 3539 in
2789 3502 2955 3542 sensu
2983 3489 3281 3544 manifeste
3311 3491 3488 3560 posita
3521 3501 3605 3546 est
3632 3510 3644 3546 :

2071 3591 2135 3630 ac
2173 3576 2320 3630 illam
2367 3577 2611 3646 quidem,
2658 3585 2834 3636 totum
2879 3578 3046 3633 animi
3098 3581 3433 3648 profundum
3479 3599 3660 3638 occu-~

2073 3683 2224 3738 pare,
2259 3669 2406 3738 quod
2447 3669 2799 3724 conscientia
2826 3670 3040 3740 ﬂagello
3073 3673 3292 3741 vapulet
3321 3692 3335 3727 :
3376 3675 3520 3731 hanc
3546 3692 3648 3731 au—

2072 3769 2204 3826 tem,
2253 3775 2473 3817 sensum
2528 3777 2746 3817 omnem
2794 3763 3218 3829 circumvenire,
3268 3781 3434 3835 quem
3480 3784 3648 3838 grave

2070 3852 2448 3908 molestiarum
2473 3853 2690 3922 pondus
2722 3871 2751 3908 a
2777 3856 3010 3910 naturali
3038 3856 3330 3913 diﬂ‘usione
3361 3869 3643 3926 coerceat;

2071 3945 2329 4016 illamque
2350 3945 2487 4007 adeo
2507 3947 2804 4017 voluptatis
2838 3963 3051 4013 sensus,
3077 3949 3216 4004 hanc
3239 3951 3442 4008 latitia
3473 3953 3646 4008 animi

2071 4035 2235 4090 ﬁnem
2256 4037 2562 4093 exsistere:
2594 4040 2727 4108 quin
2765 4041 2968 4110 potius,
3011 4041 3157 4096 illam
3190 4043 3414 4112 quidem
3450 4061 3660 4102 sensus-

2068 4127 2364 4183 aﬁ‘ectuum
2402 4145 2466 4184 ex
2501 4131 2814 4197 voluntate;
2867 4132 3008 4187 hanc
3043 4143 3248 4198 autem,
3287 4150 3481 4190 eorum
3524 4153 3658 4206 quas

2034 4259 2036 4261 ›
2069 4228 2269 4290 prater
2301 4221 2640 4277 voluntatem
2678 4238 2854 4294 eaque
2887 4225 3058 4280 invita
3099 4225 3176 4280 illi
3213 4228 3490 4297 accidunt,
3519 4244 3642 4286 esse

2069 4313 2384 4369 terminum.

462 4409 569 4474 nC'.
612 4412 772 4483 Λύπη
803 4414 920 4466 ἐστὶ
943 4456 956 4477 ,
1005 4418 1126 4469 κατ’
1149 4417 1248 4486 ἐμὲ
1279 4417 1464 4487 φάναι,
1498 4419 1736 4486 διάθεσις
1760 4423 1968 4494 ἡδονῶν

2141 4405 2230 4459 87.
2257 4407 2504 4462 Tristitia
2529 4417 2614 4464 est
2637 4409 2805 4480 (quod
2835 4411 3058 4482 quidem
3089 4414 3367 4487 existimo)
3401 4415 3636 4486 disposi.
3668 4383 3676 4395 .

393 4503 729 4575 ἐστερημένη
750 4520 764 4534 ·
804 4508 1057 4576 στέρησις
1083 4507 1140 4560 δὲ
1170 4509 1508 4580 καθέστηκεν
1532 4513 1754 4584 ἡδονῶν,
1785 4517 1968 4571 πόνων

391 4593 654 4663 ἐπαγωγὴ
680 4611 694 4626 ο
748 4597 909 4658 πόνος
934 4598 990 4650 δὲ
1021 4598 1206 4668 σαφῶς
1233 4601 1372 4664 ἐστι,
1421 4606 1658 4676 φυσικῆς
1687 4605 1852 4671 ἕξεως
1878 4609 1964 4662 ἔλ-

391 4677 566 4770 λειψις
618 4681 651 4750 ἡ
705 4682 1094 4755 ὑποχώρησιςο
1154 4688 1390 4760 ἔλλειψις
1428 4693 1485 4746 δὲ
1538 4701 1770 4770 φυσικῆς
1813 4701 1961 4752 ἐστιν

390 4765 561 4860 ἕξεως
582 4811 596 4835 ,
657 4772 828 4837 πάθος
875 4777 974 4847 τῆς
1003 4779 1146 4833 κατά
1173 4781 1334 4848 φύσιν
1363 4765 1735 4858 ὑποκειμένης.
1755 4793 1820 4860 τῇ
1847 4791 1960 4855 ἕξει

389 4859 694 4953 δυνάμεως.
731 4865 804 4919 Τὸ
828 4867 882 4920 δὲ
911 4869 1080 4933 πάθος
1109 4872 1208 4942 τῆς
1236 4875 1376 4927 κατὰ
1401 4877 1560 4944 φύσιν
1591 4859 1961 4953 ὑποκειμένης

390 4954 454 5023 τῇ
503 4952 613 5018 ἕξει
657 4956 938 5026 δυνάμεώς
976 4963 1156 5027 ἐστιν,
1216 4964 1244 5016 ό
1276 4965 1417 5019 κατὰ
1463 4967 1561 5039 τὴν
1609 4972 1959 5044 παρὰχρησιν

390 5044 488 5113 τῆς
527 5048 762 5118 φυσικῆς
790 5050 1068 5120 ἐνεργείας
1105 5053 1305 5122 τρόπος
1329 5071 1344 5086 ο
1405 5060 1746 5132 παράχρησις
1773 5063 1827 5114 δὲ
1862 5063 1957 5117 τοῦ

393 5138 509 5186 κατ’
534 5137 810 5208 ἐνέργειαν
835 5142 1035 5211 τρόπου
1068 5143 1426 5216 καθέστηκεν,
1457 5147 1489 5218 ἡ
1523 5151 1657 5219 πρὸς
1679 5153 1739 5204 τὸ
1770 5153 1841 5224 μὴ
1865 5173 1958 5207 πε.

390 5224 560 5291 φυκὸς
589 5229 732 5280 κατὰ
759 5230 918 5297 φύσιν
945 5234 1036 5284 καὶ
1061 5233 1426 5305 ὑφιστάμενον
1451 5235 1520 5305 (It)
1551 5239 1648 5308 τῆς
1677 5239 1958 5312 δυνάμεως

388 5327 622 5384 κινησις.

462 5468 477 5498 ’
509 5468 710 5525 Jerem.
748 5489 839 5538 vn,
887 5476 971 5532 l6.
1024 5479 1241 5534 ’lPetr.
1281 5497 1318 5544 ι,
1348 5482 1398 5536 6.

456 5583 474 5602 ⁰
507 5582 590 5639 Cf.
618 5585 687 5640 ad
716 5587 957 5646 Tlialass.
983 5609 1037 5663 q.
1068 5594 1154 5649 58.

2071 4497 2148 4552 tio
2182 4498 2352 4553 animi
2385 4515 2484 4555 seu
2524 4500 2741 4558 affectio
2771 4503 3148 4574 voluptatibus
3178 4520 3393 4561 carens.
3434 4507 3643 4562 llarum

2069 4599 2255 4646 autem
2282 4593 2538 4660 privatio,
2569 4595 2818 4650 laborum
2847 4596 3077 4653 inﬂictio
3097 4605 3200 4652 est.
3229 4598 3410 4654 Labor
3431 4608 3637 4664 autem,

2060 4684 2329 4740 naturalis
2365 4685 2585 4742 habitus
2612 4689 2790 4758 palam
2831 4689 3100 4755 defectus,
3129 4705 3225 4745 seu
3253 4691 3551 4746 subductio
3574 4708 3640 4747 ac

2064 4790 2314 4833 recessus
2347 4785 2452 4833 est.
2498 4778 2753 4835 Defectus
2779 4790 2968 4835 autem
2997 4788 3058 4834 et
3089 4780 3339 4835 absentia
3371 4782 3654 4850 naturalis,

2067 4866 2311 4934 habitus,
2349 4871 2531 4940 passio
2569 4880 2650 4926 est
2691 4880 2747 4926 et
2788 4872 2941 4925 labes
2980 4886 3074 4924 seu
3115 4870 3385 4941 agritudo
3413 4874 3534 4944 ejus
3559 4874 3638 4929 fa-
3703 4904 3713 4939 ,-

2065 4959 2309 5025 cultatis,
2351 4977 2474 5031 qua
2510 4970 2707 5017 natura
2753 4963 2966 5016 habitui
3009 4963 3253 5034 subjecta
3296 4974 3400 5021 est.
3449 4966 3642 5022 Passio

2063 5058 2247 5106 autem
2279 5065 2334 5108 et
2376 5053 2527 5108 labes
2570 5069 2664 5108 seu
2711 5053 2979 5125 agritudo
3021 5056 3142 5126 ejus
3188 5055 3484 5124 facultatis,
3515 5075 3650 5128 qua

2063 5153 2258 5200 natura
2289 5147 2502 5201 babitui
2543 5147 2786 5218 subjecta
2817 5157 2922 5214 est,
2956 5150 3152 5205 modus
3175 5160 3258 5206 est
3281 5167 3379 5220 per
3403 5152 3642 5208 abusum-

2059 5238 2324 5292 naturalis
2358 5239 2712 5308 operationis.
2767 5242 2940 5297 Porro
2994 5242 3202 5298 abusus
3241 5243 3387 5298 modi
3433 5259 3635 5313 opera-

2057 5331 2245 5392 tionis,
2274 5340 2456 5386 motus
2481 5340 2565 5386 est
2596 5332 2895 5395 facultatis,
2939 5335 2993 5389 in
3029 5334 3079 5390 id
3116 5335 3264 5404 quod
3299 5345 3492 5392 natura
3530 5337 3632 5390 mi-

2057 5423 2205 5477 nime
2240 5432 2613 5491 comparatum
2636 5432 2738 5487 est,
2773 5441 2953 5494 neque
2994 5443 3119 5481 vere
3153 5436 3257 5482 est.

459 5699 532 5769 (ἐι)
574 5702 806 5771 ἸΙπρὸς
850 5705 913 5759 τὸ
955 5707 1041 5775 μὴ
1096 5710 1361 5778 πεφυκὸς
1410 5713 1557 5766 κατὰ
1600 5715 1788 5782 φύσιν
1847 5717 1941 5770 καὶ

2071 5717 2409 5788 ιστάμενον.
2447 5717 2617 5774 Motus
2683 5721 2952 5792 facultatis
3021 5725 3073 5778 in
3127 5726 3182 5780 id
3213 5723 3351 5796 quod
3390 5739 3494 5778 non
3550 5731 3622 5777 est
