4062 6198
352 264 489 336 i301

1003 274 1337 337 CAPITUM
1374 275 1797 349 QUINQUIES
1833 277 2357 343 CENTENORL'M
2396 282 2780 345 CENTURIA
2822 285 2940 347 IlI.

3478 288 3495 350 l
3507 292 3612 355 302

414 376 527 452 id.
566 380 629 436 '0
681 380 784 453 μὲν
835 381 1043 457 Κύριος
1091 386 1431 457 ἀπεύχεσθαι
1482 388 1613 453 τοὺς
1647 388 1929 456 ἑκουσίους

2111 393 2201 449 95.
2238 394 2508 451 Dominus
2530 396 2775 467 quidem,
2797 413 2892 454 eas
2921 413 3023 455 nos
3059 399 3395 456 tentationes
3416 400 3612 471 depre-

346 470 498 544 ῆμᾶς
529 474 773 528 διδάσκει
798 477 1167 547 πειρασμοὺς,
1202 478 1279 543 ὼς
1308 478 1514 550 σαρκὸς
1541 479 1663 551 μιν,
1692 480 1925 552 ἡδονῆς·

344 564 526 637 ψυχῆς
546 565 623 629 δι,
672 568 989 637 ποιητικοὺς
1015 567 1210 641 ὀδύνης
1228 582 1244 599 ·
1297 569 1328 623 ό
1356 567 1414 624 δὲ
1444 569 1620 641 μέγας
1650 570 1926 638 Ἰάκωϐος,

347 658 440 712 ἐπὶ
470 659 583 721 τοῖς
602 658 880 723 ἀκουσίοις
917 660 1051 731 ἡμῖν
1080 663 1335 733 παραινεῖ
1353 662 1565 733 χαίρειν
1580 665 1927 735 πειρασμοῖς,

347 748 421 811 ὥς
453 748 656 820 σαρκὸς
688 749 788 821 μὲν
816 749 1033 822 ἡδονὴν,
1065 749 1246 824 ψυχῆς
1272 752 1330 806 δὲ
1361 751 1558 824 ὀδύνην
1584 752 1927 825 ἀφαιρουμέ-

348 858 481 904 νοις.
1564 882 1569 887 .

420 1017 523 1085 1.,δν.
569 1017 791 1083 Τέλειός
816 1019 993 1086 ἔστιν,
1028 1020 1060 1074 6
1082 1023 1195 1087 τοῖς
1223 1023 1492 1088 ἑκουσίοις
1518 1023 1588 1078 δι’
1603 1024 1931 1097 ἐγκρατείας

353 1110 661 1181 μαχόμενος
685 1149 702 1175 ,
757 1112 853 1165 καὶ
895 1115 1012 1177 τοῖς
1037 1115 1315 1179 ἀκουσίοις
1340 1115 1408 1169 δι’
1427 1116 1705 1189 ὑπομονῆς
1729 1120 1932 1192 ἔγκαρ-

348 1200 527 1271 ἰερῶν
554 1206 885 1274 πειρασμοῖς
906 1218 924 1235 ·
978 1205 1075 1258 καὶ
1100 1206 1397 1279 δλόκληρός
1419 1209 1600 1275 ἐστιν,
1651 1212 1680 1265 ό
1710 1213 1804 1265 καὶ
1830 1213 1931 1284 τὴν

351 1293 552 1364 πρᾶξιν
586 1295 727 1365 μετὰ
752 1294 1008 1365 γνώσεως
1028 1338 1044 1363 ,
1105 1300 1201 1353 καὶ
1230 1300 1333 1369 τὴν
1359 1300 1596 1373 θεωρίαν
1622 1304 1721 1358 οὐκ
1752 1306 1932 1374 ἀπρα-

349 1402 478 1439 κτον
502 1384 755 1442 διανύων.

413 1565 523 1635 ιε’.
566 1570 921 1643 Διῃρημένης
954 1573 1034 1636 εἰς
1060 1574 1240 1645 ψυχήν
1259 1591 1319 1628 τε
1352 1576 1445 1629 καὶ
1472 1575 1726 1649 αἴσθησιν
1750 1578 1849 1649 τῆς
1868 1595 1929 1633 τε

348 1656 525 1729 λύπης
562 1662 657 1713 καὶ
685 1660 787 1732 τῆς
812 1663 1008 1734 ἡδονῆς
1030 1703 1045 1729 ,
1099 1666 1130 1718 ό
1165 1666 1268 1735 τὴν
1290 1667 1391 1737 τῆς
1413 1666 1591 1738 ψυχῆς
1617 1670 1931 1740 περιποιού-

353 1766 512 1820 μενος
541 1752 735 1824 ἡδονὴν
758 1791 775 1815 ,
835 1731 936 1825 τὴν
958 1731 1016 1809 δὲ
1045 1756 1146 1825 τῆς
1166 1731 1629 1829 αἰ-σθήσεωςνμεθ
1653 1731 1931 1832 ὑπομονῆς
1961 1731 2004 1787 Β

351 1841 783 1912 καταδεχόμενος
822 1843 1001 1916 λύπην
1024 1886 1040 1911 ,
1101 1846 1325 1918 δόκιμος
1360 1848 1567 1917 γίνεται
1601 1852 1695 1907 καὶ
1726 1852 1931 1917 τέλειος

350 1932 448 1985 καὶ
475 1933 786 2004 ὁλόκληρος·
814 1935 1037 2007 δόκιμος
1062 1938 1183 2005 μὲν,
1218 1938 1306 1993 διὰ
1332 1942 1432 2011 τὴν
1457 1945 1652 2012 πεῖραν
1677 1943 1787 1997 τῶν
1810 1946 1930 1998 κατ’

351 2022 608 2094 αἴσθησιν
640 2025 935 2080 ἐναντίων·
993 2028 1200 2093 τέλειος
1228 2029 1308 2095 δὲ,
1344 2031 1421 2095 ὡς
1444 2036 1511 2105 τῇ
1538 2035 1658 2087 κατ’
1681 2036 1931 2107 αἴσθησιν

348 2114 514 2184 ἡδονῇ
548 2132 606 2167 τε
641 2117 736 2169 καὶ
759 2117 904 2188 λύπῃ
938 2117 1005 2172 δι’
1033 2121 1362 2193 ἐγκρατείας
1407 2124 1502 2177 καὶ
1534 2125 1814 2199 ὑπομονῆς
1839 2130 1933 2184 ἀν-

353 2204 581 2269 ενδότως
609 2209 937 2279 μαχόμενος·
967 2212 1259 2285 ὁλόκληρος
1282 2213 1360 2279 δὲ,
1389 2215 1466 2280 ὡς
1490 2217 1592 2281 τὰς
1616 2220 1933 2291 μαχομένας

351 2300 478 2362 ταῖς
526 2302 649 2353 κατ’
689 2302 944 2374 αἴσθησιν
993 2305 1257 2377 ἀλλήλαις
1298 2308 1707 2379 ἀντικειμέναις
1752 2313 1933 2367 διαθέ-

357 2403 508 2441 σεσιν
536 2389 679 2455 ἔξεις
701 2431 717 2456 ,
780 2394 840 2446 έν
866 2397 932 2465 τῇ
967 2396 1323 2468 σταθερότητι
1353 2398 1455 2467 τῆς
1487 2404 1632 2457 κατά
1658 2402 1753 2456 τὸν
1773 2403 1932 2469 λόγον

354 2480 716 2552 ταυτότητος,
754 2484 1070 2557 ἀλωϐήτους
1103 2488 1511 2557 διαφυλάττων·
1568 2494 1712 2563 φημὶ
1742 2493 1801 2547 δὲ
1833 2494 1933 2563 τὴν

357 2573 559 2644 πρᾶξιν
592 2574 687 2628 καὶ
712 2577 811 2646 τὴν
840 2575 1096 2649 θεωρίαν,
1129 2578 1391 2650 ἀλλήλαις
1422 2584 1809 2652 συνεχομένας,
1838 2587 1937 2640 καὶ

370 2664 634 2737 μηδεμίαν
679 2666 780 2736 τῆς
823 2668 1016 2740 ἐτέρας
1048 2670 1439 2744 διεζευγμένην
1463 2692 1476 2707 ·
1535 2675 1673 2731 ἀλλά
1705 2676 1804 2749 τὴν
1834 2677 1935 2748 μὲν

359 2754 561 2825 πρᾶξιν
620 2757 720 2829 τῆς
767 2758 999 2830 θεωρίας
1061 2761 1160 2832 τὴν
1202 2762 1404 2831 γνῶσιν
1448 2764 1535 2821 διά
1574 2765 1683 2820 τῶν
1718 2767 1937 2837 τρόπων

359 2850 789 2919 προφαίνουσαν·
822 2851 921 2922 τὴν
953 2852 1011 2906 δὲ
1043 2851 1297 2923 θεωρίαν,
1333 2856 1432 2925 οὐχ
1459 2851 1622 2930 ἦττον
1650 2856 1745 2912 τοῦ
1774 2858 1934 2929 λόγου

358 2937 459 3010 τὴν
485 2940 688 3012 ἀρετὴν
714 2941 1201 3015 τεθωρακισμένην
1234 2944 1336 3015 τῆς
1364 2945 1639 3017 πράξεως.

430 3110 547 3180 ιιι-’-
594 3112 653 3167 Ὀ
696 3113 874 3184 λύπης
922 3116 1018 3171 καὶ
1050 3116 1247 3188 ἡδονῆς
1277 3118 1481 3193 σαρκὸς
1512 3122 1708 3192 πεῖραν
1731 3120 1932 3190 λαϐὼν,

359 3203 559 3274 λέγοιτ’
580 3205 645 3259 ἂν
671 3206 915 3278 δόκιμος·
946 3208 1023 3272 ὡς
1052 3209 1336 3281 εὐχερείας
1359 3212 1453 3266 καὶ
1475 3211 1797 3283 δυσχερείας
1827 3214 1939 3269 τῶν

359 3295 492 3365 περὶ
537 3298 711 3368 σάρκα
750 3300 1091 3370 πραγμάτων
1130 3303 1559 3373 πεπειραμένος.
1612 3305 1831 3370 Τέλειος
1855 3306 1935 3373 δὲ,

358 3389 390 3440 6
414 3387 511 3457 τὴν
537 3387 735 3460 ἡδονὴν
763 3389 863 3459 τῆς
888 3390 1091 3461 σαρκὸς
1116 3393 1213 3446 καὶ
1237 3392 1335 3464 τὴν
1355 3392 1545 3465 ὀδύνην
1568 3398 1637 3466 τῇ
1660 3395 1754 3449 τοῦ
1777 3397 1939 3466 λόγου

358 3477 589 3550 δυνάμει
635 3480 1053 3547 καταπαλαίσας
1076 3497 1093 3512 ·
1145 3483 1439 3554 ὁλόκληρος
1478 3486 1563 3549 δὲ,
1611 3489 1640 3539 ό
1672 3487 1770 3551 τάς
1798 3489 1942 3543 κατὰ

357 3568 458 3640 τὴν
502 3570 706 3641 πρᾶξιν
748 3573 843 3625 καὶ
886 3573 1120 3643 θεωρίαν
1164 3572 1337 3639 ἕξεις,
1375 3576 1682 3645 ἀτρέπτους
1712 3581 1781 3650 τῇ
1811 3580 1940 3651 περὶ

358 3654 451 3709 τὸν
475 3654 618 3709 θεῖον
646 3656 811 3713 πόθον
843 3659 1095 3733 συντονίᾳ
1123 3660 1480 3736 διατηρήσας.

430 3832 537 3901 ιιξν.
568 3835 681 3906 Τῆς
710 3835 809 3906 μὲν
838 3838 980 3893 κατά
1004 3837 1181 3924 ψυχὴν
1201 3838 1379 3911 λύπης
1404 3841 1539 3907 ἐστὶ,
1570 3841 1747 3907 διττός
1766 3845 1796 3897 ό
1816 3842 1941 3914 τρό-

360 3940 482 3987 πος·
500 3924 530 3978 6
563 3925 683 3995 μὲν,
708 3926 801 3979 ἰπὶ
832 3928 945 3991 τοῖς
966 3930 1212 3993 οἰκείοις·
1228 3931 1257 3983 ό
1283 3928 1363 3994 δὲ,
1383 3931 1477 3985 ἐπὶ
1505 3932 1618 3995 τοῖς
1639 3931 1942 4003 ἀλλοτρίοις

368 4014 807 4088 πλημμελήμασι
866 4020 1279 4091 συνιστάμενος.
1324 4021 1486 4079 Altis
1524 4022 1580 4077 δὲ
1621 4023 1721 4094 τῆς
1758 4022 1943 4080 τοιαύ-

360 4123 462 4175 της
491 4106 701 4178 λύπης,
748 4110 782 4181 ή
813 4110 933 4163 κατ’
956 4111 1210 4180 αἴσθησιν
1242 4111 1336 4167 τοῦ
1367 4112 1705 4185 λυπουμένου
1732 4114 1940 4184 σαφῶς,

360 4196 394 4267 ῆ
423 4198 532 4251 τῶν
559 4200 626 4253 δι’
650 4200 746 4265 οὒς
775 4201 1029 4256 λυπεῖται
1060 4204 1401 4275 καθέστηκεν
1428 4206 1617 4277 ἡδονή.
1653 4206 1811 4261 Κατά
1834 4206 1945 4279 γάρ

360 4290 453 4345 τὸν
476 4291 680 4364 ἀκριϐῆ
703 4292 882 4363 λόγον,
913 4296 1013 4349 οὒκ
1039 4294 1153 4351 ἔστι
1182 4297 1460 4362 παντελῶς
1488 4297 1735 4371 ἁμαρτία
1756 4299 1942 4370 σχεδὸν

2030 485 2147 541 cari
2180 485 2363 552 docet,
2401 502 2524 558 quae
2560 488 2739 543 nostri
2767 498 2898 544 sunt
2924 490 3140 545 arbitrii
3174 507 3239 548 ac
3272 492 3608 556 voluntatis;

2030 584 2093 631 ut
2134 592 2258 648 qua:
2306 578 2490 633 carnis
2533 578 2754 650 quidem
2802 578 3169 650 voluptatem,
3205 580 3376 635 animi
3425 589 3609 635 autem

2030 666 2278 722 dolorem
2300 666 2577 722 efﬁciant:
2609 683 2842 738 magnus
2872 678 3057 723 autem
3083 668 3343 735 Iacobus,
3374 684 3469 724 eas
3510 685 3612 724 nos

2030 758 2397 824 tentationes,
2445 773 2568 829 quae
2615 758 2820 814 invitos
2863 766 3089 830 petunt,
3134 760 3292 815 laetos
3330 761 3611 831 suscipere

2030 848 2327 915 admonet;
2356 856 2417 903 ut
2443 864 2565 919 qua:
2596 850 2781 905 carnis
2808 850 3173 921 voluptatem,
3211 850 3491 922 animique
3515 851 3612 906 do-

2029 940 2205 995 lorem
2236 939 2500 996 eximant.

2100 1031 2191 1088 96.
2221 1031 2502 1088 Perfectus
2528 1041 2632 1096 est,
2667 1033 2760 1103 qui
2791 1048 2890 1103 per
2918 1032 3319 1089 continentiam
3347 1034 3613 1091 adversus

2028 1122 2375 1179 voluntarias
2416 1125 2756 1181 tentationes
2803 1124 3120 1197 depugnat;
3167 1134 3224 1181 et
3258 1141 3359 1196 per
3397 1127 3613 1197 patien-

2030 1213 2186 1279 tiam,
2225 1215 2280 1269 in
2317 1214 2387 1270 iis
2415 1230 2537 1285 quae
2562 1215 2822 1271 violenta:
2852 1224 2984 1272 sunt
3012 1232 3078 1271 ac
3111 1216 3302 1273 invitis
3324 1218 3611 1278 accidunt.

2030 1314 2290 1361 constans
2329 1314 2669 1377 perseverat.
2713 1307 2935 1379 integer
2976 1316 3161 1363 autem
3196 1316 3302 1372 est,
3346 1308 3443 1379 qui
3494 1318 3611 1364 tum

2030 1396 2303 1451 actionem
2331 1411 2457 1451 cum
2495 1397 2749 1464 scientia,
2788 1408 2904 1453 tum
2938 1398 3461 1469 contemplationem
3499 1414 3610 1454 non

2030 1487 2262 1542 otiosam
2289 1502 2385 1542 seu
2409 1487 2642 1543 inertem
2678 1498 2919 1559 praestat.

2101 1576 2264 1651 582
2289 1578 2377 1634 95.
2405 1578 2542 1635 Cum
2563 1580 2712 1634 enim
2764 1588 2880 1634 tum
2917 1579 3145 1635 tristitia
3179 1586 3408 1649 tumque
3459 1578 3616 1633 volu-

2029 1677 2155 1739 ptas
2200 1670 2257 1723 in
2297 1670 2537 1725 animam
2564 1686 2628 1726 ac
2669 1687 2869 1741 corpus
2906 1671 3097 1726 divisae
3132 1672 3275 1738 sint;
3306 1672 3400 1742 qui
3443 1672 3611 1725 animi

2030 1761 2372 1832 voluptatem
2413 1770 2787 1827 consectatur,
2830 1778 3135 1832 sensusque
3168 1763 3451 1817 tristitiam
3493 1777 3611 1815 am-

2029 1851 2316 1922 plectitur,
2351 1852 2398 1907 is
2435 1852 2703 1923 probatus
2737 1868 2801 1907 ac
2831 1852 3113 1922 perfectus
3143 1851 3467 1922 integer-que
3498 1849 3613 1905 elli-

2029 1942 2177 1997 citur
2204 1958 2218 1996 :
2256 1942 2520 2012 probatus
2547 1941 2797 2013 quidem,
2827 1958 3022 1996 eorum
3057 1941 3308 2012 periculo
3339 1957 3461 2012 quae
3486 1957 3614 1996 sen-

2030 2049 2125 2089 sus
2169 2034 2382 2089 ratione
2426 2035 2704 2089 contraria
2753 2042 2916 2101 sunt;
2968 2035 3248 2105 perfectus
3298 2043 3504 2099 autem,
3551 2042 3614 2089 ut
3720 2042 3729 2057 '

2029 2124 2125 2193 qui
2141 2138 2241 2192 per
2265 2122 2664 2178 continentiam
2683 2137 2747 2177 ac
2772 2122 3097 2195 patientiam
3122 2122 3390 2178 adversus
3412 2138 3614 2182 sensns

2029 2213 2341 2281 libidinem,
2373 2222 2431 2268 et
2460 2213 2746 2268 tristitiam
2774 2228 2870 2269 seu
2904 2213 3176 2278 dolorem,
3212 2197 3415 2267 obnixe
3438 2213 3614 2282 depu-

2031 2312 2194 2375 gnet;
2241 2304 2455 2374 integer
2484 2303 2748 2373 denique,
2787 2311 2850 2358 ut
2890 2303 2985 2373 qui
3033 2302 3331 2357 contrariis
3373 2303 3520 2357 inter
3552 2317 3613 2358 se

2032 2407 2229 2449 sensus
2254 2392 2470 2449 ratione
2512 2391 2902 2448 afl‘ectionibus
2928 2401 3239 2463 pugnantes
3269 2392 3514 2458 habitus,
3553 2392 3611 2446 in

2031 2482 2227 2539 eadem
2257 2482 2491 2539 rationis
2524 2484 2836 2539 constantia
2865 2482 3071 2539 illaesos
3093 2492 3281 2539 servet
3299 2498 3365 2537 ac
3397 2482 3613 2537 incolu-

2032 2590 2152 2632 mes
2187 2574 2486 2646 (actionem
2525 2574 2743 2631 scilicet
2782 2584 2841 2632 et
2882 2576 3433 2646 contemplationem)
3465 2575 3616 2629 inter

2034 2682 2095 2723 se
2118 2665 2486 2730 cohaerentes,
2527 2672 2899 2735 neutramque
2944 2666 3174 2721 alteram
3209 2665 3279 2720 ab
3304 2665 3478 2721 altera
3505 2663 3615 2718 dis-

2029 2760 2316 2831 iunctam;
2346 2758 2441 2813 sed
2476 2756 2551 2813 ita
2577 2764 2640 2812 ut
2672 2756 2839 2823 actio,
2873 2757 3138 2815 exteriori
3170 2757 3325 2813 cultu
3354 2771 3419 2811 ac
3444 2754 3615 2810 mori-

2036 2849 2144 2909 bus
2182 2850 2542 2920 praelucente,
2566 2850 3051 2921 contemplationis
3098 2848 3333 2907 scientia
3373 2846 3611 2919 polleat;

2035 2940 2541 3010 contemplatioque
2584 2939 2951 2995 nihilominus
2999 2939 3235 2994 rationis
3267 2938 3471 2991 virtute
3516 2951 3615 3006 per

1962 3057 2006 3117 c
2038 3030 2312 3086 actionem
2344 3038 2458 3084 tuta
2491 3045 2554 3084 ac
2576 3029 2788 3085 munita
2813 3030 3102 3085 consistat.

2107 3119 2197 3175 96.
2231 3119 2336 3186 Qui
2378 3120 2590 3176 doloris
2626 3136 2690 3175 ac
2735 3120 3035 3190 voluptatis
3070 3118 3274 3181 carnis,
3307 3118 3609 3188 periculum

2036 3209 2188 3276 fecit,
2240 3210 2286 3265 is
2331 3210 2600 3280 probatus
2635 3210 2876 3275 dicatur,
2908 3219 3167 3279 tanquam
3199 3208 3291 3278 qui
3324 3222 3508 3262 rerum
3545 3206 3615 3263 ad

2036 3316 2260 3359 carnem
2295 3302 2668 3372 spectantium
2701 3315 2964 3371 prospera
2986 3299 3328 3368 adversaque
3353 3306 3619 3368 expertus

2037 3393 2130 3449 sit.
2162 3392 2448 3449 Perfectus
2470 3406 2626 3456 vero,
2656 3398 2717 3445 ut
2750 3390 2845 3460 qui
2873 3390 3058 3445 carnis
3090 3389 3432 3459 voluptatem
3464 3387 3620 3443 dolo-

2038 3498 2267 3553 remque
2302 3483 2576 3537 sermonis
2613 3481 2857 3551 potentia
2909 3496 2973 3535 ac
3013 3481 3245 3535 rationis
3272 3492 3621 3549 expugnave-

2039 3574 2132 3628 rit.
2182 3574 2403 3644 lnteger
2450 3572 2712 3641 denique,
2756 3579 2816 3625 ut
2849 3571 2940 3639 qui
2985 3570 3221 3625 actionis
3259 3585 3325 3625 ac
3370 3578 3622 3625 contem-

2038 3663 2302 3734 plationis
2337 3663 2581 3725 habitus,
2612 3676 2724 3731 quo
2757 3662 2931 3717 Deum
2967 3668 3231 3715 contento
3263 3675 3453 3716 amore
3490 3673 3621 3729 pro-

2041 3753 2317 3823 sequitur,
2352 3753 2726 3807 immutahiles
2754 3751 3087 3807 servaverit.

2108 3845 2200 3900 97.
2243 3844 2510 3900 Tristitia
2537 3843 2707 3898 animi
2746 3842 2951 3913 duplex
2988 3842 3186 3898 modus
3216 3850 3337 3908 est;
3381 3857 3621 3912 quorum

2040 3936 2181 3991 alter
2224 3951 2293 3992 ex
2336 3935 2611 4006 propriis;
2658 3934 2800 3990 alter
2846 3949 3002 4000 vero,
3051 3948 3119 3989 ex
3161 3932 3358 3988 alienis
3403 3931 3629 3987 delictis

2043 4026 2337 4083 conflatur.
2380 4024 2701 4082 Istiusmodi
2760 4033 2945 4081 autem
2992 4038 3158 4079 causa
3202 4022 3463 4087 tristitiae,
3502 4022 3626 4092 ejus

2042 4118 2206 4189 plane
2237 4118 2330 4189 qui
2378 4117 2603 4173 tristitia
2628 4116 2890 4181 efficitur,
2916 4126 3012 4171 aut
3047 4130 3264 4178 eorum,
3306 4115 3361 4170 in
3388 4129 3625 4184 quorum

2043 4210 2272 4281 gratiam
2316 4209 2408 4264 illa
2432 4208 2695 4274 afficitur,
2718 4222 2914 4264 sensus
2942 4207 3198 4276 voluptas
3233 4221 3297 4261 ac
3318 4205 3493 4269 libido
3514 4213 3624 4263 est.

2046 4301 2117 4358 Ut
2147 4301 2295 4357 enim
2332 4315 2464 4355 vera
2491 4306 2751 4370 certaque
2796 4297 2908 4354 fert
2936 4297 3098 4362 ratio,
3130 4297 3221 4353 vix
3260 4297 3431 4352 ullum
3465 4311 3626 4367 pror-

361 4383 419 4435 ιν
453 4382 784 4455 ἀνθρώποις,
823 4385 900 4457 μὴ
930 4386 1032 4457 τῆς
1062 4386 1242 4459 ψυχῆς
1272 4388 1411 4459 πρὸς
1439 4389 1713 4462 αἴσθησιν,
1750 4390 1938 4462 ἡδονῆς

2048 4407 2144 4447 sus
2166 4392 2313 4449 inter
2335 4390 2591 4447 homines
2623 4398 2805 4447 exstat
2834 4398 3150 4461 peccatum,
3182 4389 3330 4459 quod
3361 4404 3476 4445 sua}
3516 4389 3629 4444 ori-

361 4470 549 4526 ἕνεκεν
575 4473 862 4542 ἀλόγιστον
888 4476 1095 4547 σχέσιν,
1119 4477 1293 4550 ἀρχὴν
1320 4479 1418 4549 τῆς
1442 4480 1651 4545 οἰκείας
1676 4482 1943 4551 γενέσεως

362 4562 581 4634 ἔχουσα.
630 4566 742 4638 Τῆς
766 4567 824 4621 δὲ
858 4568 999 4623 κατά
1024 4570 1203 4644 ψυχὴν
1233 4571 1428 4644 ἡδονῆς
1456 4572 1627 4642 αἰτία,
1660 4575 1943 4648 προδήλως

362 4655 513 4709 ἐστὶν
536 4695 552 4720 ,
614 4657 649 4728 ἠ
679 4658 797 4712 κατ’
820 4660 1074 4731 αἰσθησιν
1109 4662 1205 4715 τοῦ
1232 4663 1327 4718 ἐπὶ
1353 4666 1472 4729 ταῖς
1497 4665 1728 4731 οἰκείαις
1756 4666 1789 4741 ἢ
1822 4672 1945 4733 ταίς

362 4749 675 4822 ἀλλοτρίαις
699 4752 925 4823 ἀρεταῖς
951 4754 1213 4824 ἡδομένου
1239 4772 1298 4810 τε
1348 4756 1444 4811 καὶ
1464 4757 1748 4830 χαίροντος
1774 4758 1941 4833 λύπη.

363 4841 523 4896 Κατά
551 4842 661 4913 γάρ
691 4842 782 4897 τὸν
807 4844 1011 4917 ἀκριϐῆ
1042 4845 1222 4915 λόγον,
1253 4848 1354 4902 οὐκ
1382 4848 1529 4905 ἐστιν
1554 4850 1727 4923 ἀρετὴ
1758 4852 1944 4922 σχεδὸν

364 4932 425 4986 ιν
467 4932 779 5005 ἀνθρώποις
802 4974 818 4999 ,
886 4937 961 5007 μὴ
1002 4936 1103 5007 τῆς
1134 4937 1316 5009 ψυχῆς
1346 4940 1484 5011 πρὸς
1514 4940 1767 5011 αίσθησιν
1797 4942 1945 4996 λελο-

364 5024 632 5093 γισμένην
668 5024 1019 5079 ἀποδιάθεσιν
1038 5065 1053 5089 ,
1103 5027 1278 5098 ἀρχὴν
1309 5027 1408 5097 τῆς
1436 5028 1646 5094 οἰκείας
1675 5030 1945 5099 γενέσεως

366 5113 585 5185 ἔχουσα.

437 5210 547 5279 κη’.
598 5207 783 5280 Χωρὶς
829 5207 931 5282 τῆς
973 5208 1118 5264 κατά
1149 5209 1327 5281 ψυχὴν
1370 5210 1651 5283 έμπαθοῦς
1688 5213 1823 5284 πρὸς
1856 5214 1944 5269 αἰ-

367 5296 559 5369 σθησιν
602 5301 862 5371 σχέσεως,
910 5301 1014 5356 οὐκ
1052 5301 1201 5356 ἔστιν
1240 5304 1300 5356 ἰν
1333 5302 1643 5374 ἀνθρώποις
1665 5307 1947 5371 παντελῶς

364 5392 630 5464 ἁμαρτία·
662 5395 845 5466 πάσης
869 5394 926 5449 δι
954 5394 1132 5463 λύπης
1160 5396 1559 5467 συνισταμένης
1582 5396 1723 5451 κατά
1745 5397 1943 5471 ψυχὴν,

365 5486 527 5559 ἡδονὴ
561 5486 763 5559 σαρκὸς
796 5488 1142 5560 προηγεῖται.

436 5580 542 5646 ἥθ’.
602 5583 821 5646 Γένεσις
864 5580 1065 5653 ἀρετῆς
1115 5582 1263 5635 ἐστιν
1308 5581 1546 5653 ἀληθὴς,
1600 5584 1636 5655 ἠ
1685 5583 1822 5656 πρὸς
1850 5583 1948 5656 τὴν

367 5672 548 5747 σάρκα
576 5674 677 5746 τῆς
700 5675 880 5747 ψυχῆς
906 5675 1154 5741 ἑκούσιος
1178 5674 1552 5747 ἀλλοτρίωσις·
1584 5676 1867 5748 εὐφραίνει
1890 5676 1947 5730 δὲ

2044 4481 2188 4554 ginis
2210 4481 2567 4554 principium,
2595 4482 2653 4536 in
2688 4480 2857 4536 animi
2883 4479 2951 4536 ad
2983 4496 3206 4536 sensum
3237 4497 3305 4536 ex
3340 4481 3627 4550 voluptate

2044 4589 2111 4631 ac
2152 4573 2393 4630 libidine
2436 4573 2807 4629 inconsultam
2842 4571 3193 4629 affectionem
3236 4588 3347 4627 non
3397 4570 3621 4626 referat.

2043 4666 2230 4723 Animi
2261 4681 2396 4723 vero
2436 4665 2739 4737 voluptatis
2765 4663 3059 4736 perspicue
3099 4678 3266 4719 causa
3290 4670 3396 4725 est,
3429 4675 3627 4715 sensus

2044 4758 2226 4825 dolor,
2263 4760 2405 4830 ejus,
2446 4757 2543 4829 qui
2586 4756 2657 4813 de
2702 4756 2839 4821 suis,
2886 4762 2984 4810 aut
3029 4754 3264 4809 aliorum
3321 4749 3624 4806 virtutibus

2045 4849 2268 4921 gaudet.
2301 4850 2371 4908 Ut
2395 4850 2545 4905 enim
2571 4863 2703 4903 vera
2734 4847 2903 4901 habet
2936 4844 3100 4908 ratio,
3134 4844 3224 4897 vix
3257 4842 3369 4898 ulla
3398 4856 3626 4912 prorsus

2046 4942 2103 4997 in
2133 4943 2454 4998 hominibus
2480 4943 2660 4996 virtus
2696 4948 2801 5003 est,
2839 4952 2962 5007 qua:
3006 4935 3239 5006 originis
3268 4951 3382 4990 suae
3415 4934 3623 5005 princi-

2045 5036 2220 5107 pium,
2250 5035 2421 5091 animl
2457 5049 2586 5103 erga
2616 5044 2840 5089 sensum
2876 5028 3185 5084 consultam
3211 5026 3446 5083 allectus
3469 5025 3626 5081 abdi-

2045 5129 2320 5185 cationem
2353 5142 2464 5183 non
2496 5124 2718 5181 haheat.

2115 5219 2205 5288 98.
2238 5218 2391 5276 Citra
2420 5216 2588 5273 animi
2618 5215 2687 5271 ad
2713 5228 2939 5272 sensum
2983 5211 3337 5269 libidinosam
3371 5208 3627 5265 atl‘ectio-

2046 5327 2172 5369 nem
2196 5310 2410 5366 nullum
2440 5322 2670 5380 prorsus
2686 5306 2744 5362 in
2760 5304 3082 5361 hominibus
3101 5309 3284 5358 exstat
3314 5311 3623 5371 peccatum.

2044 5402 2207 5460 Omni
2241 5409 2426 5457 autem
2475 5398 2531 5454 in
2574 5398 2760 5454 animo
2801 5394 3127 5454 consistenti
3167 5393 3429 5459 tristitiae,
3467 5390 3630 5463 praeit

2046 5494 2232 5552 carnis
2262 5493 2543 5563 voluptas.

2118 5584 2207 5640 99.
2232 5582 2469 5639 Virtutis
2490 5596 2621 5638 vera
2662 5580 2821 5653 origo
2860 5593 2925 5635 ac
2951 5586 3171 5641 natura,
3206 5574 3373 5630 animi
3406 5592 3434 5630 a
3460 5588 3629 5630 carne

2050 5685 2352 5747 spontanea
2394 5673 2727 5731 abalienatio
2771 5679 2877 5730 est.
2924 5669 3086 5742 583
3132 5668 3390 5725 Animum
3442 5673 3629 5726 autem
