4094 6204
379 229 516 294 1305

1042 229 1378 296 CAPITUM
1415 235 1840 310 QUINQUIES
1875 236 2400 306 CENTENORUM
2439 248 2826 312 CENTURIA
2866 254 2965 317 IV.

3511 260 3646 327 1303

442 343 506 400 ε’.
549 344 606 399 '0
639 343 762 410 νοῦς
801 344 920 415 ἅμα
963 345 1064 417 τὴν
1085 347 1339 420 αἴσθησιν
1377 350 1584 405 οἰκείαν
1621 353 1762 407 κατᾶ
1792 351 1942 422 ipson

2131 357 2184 412 5.
2233 359 2408 424 Mens,
2445 378 2573 417 mox
2601 378 2666 420 ac
2712 381 2934 422 sensum
2969 366 3098 427 vim.
3124 369 3405 439 propriam
3436 387 3500 426 ex
3546 390 3635 428 na-

371 437 636 506 ἦγήσεται
661 438 914 508 δύναμιν,
935 441 1055 511 ταῖς
1081 439 1190 493 τῶν
1217 440 1495 513 αἰσθητῶν
1527 444 1962 515 ἐπιπλεκόμενος

371 527 738 598 ἐπιφανείαις,
762 530 1060 583 ἐπινοεῖται
1081 533 1180 593 τὰς
1213 533 1482 604 σαρκικὰς
1521 534 1738 602 ἡδονὰς,
1777 534 1838 588 οὐ
1869 534 1961 588 δυο

371 619 606 688 νάμενος
642 619 751 673 τῶν
793 621 1006 691 ὁρατῶν
1047 622 1298 695 διαϐῆναι
1346 625 1445 695 τὴν
1477 625 1667 694 φύσιν,
1702 629 1768 698 τῇ
1823 627 1960 698 πρὸς

369 710 472 781 τὴν
508 711 763 781 αἴσθησιν
793 713 1034 782 ἐμπαθεῖ
1075 715 1257 786 σχέσει
1293 716 1673 786 κατασχεθείς.

441 802 518 866 ς’.
552 802 613 856 Εἰ
643 805 744 856 οὐκ
793 805 911 858 ἔστι
940 806 1168 870 δυνατὸν
1217 808 1352 878 πρὸς
1403 809 1472 860 τά
1521 810 1763 879 συγγενῆ
1792 810 1958 882 νοητὰ

367 895 459 948 τὸν
486 895 610 949 νοῦν
639 897 910 968 διαϐῆναι,
941 899 1066 969 δίχα
1101 901 1200 970 τῆς
1224 900 1331 953 τῶν
1352 901 1439 954 διὰ
1465 901 1632 970 μέσον
1653 903 1960 974 προϐεϐλη-

373 987 550 1058 μένων
573 989 848 1060 αἰσθητῶν
887 990 1142 1064 θεωρίας·
1173 992 1374 1063 ταύτην
1403 993 1463 1046 δὲ
1505 994 1778 1062 γενέσθαι,
1817 1012 1957 1049 παν-

367 1082 538 1146 τελῶς
577 1085 858 1155 ἀμήχανον
885 1086 1058 1157 χωρὶς
1091 1087 1192 1156 τῆς
1223 1087 1372 1158 αὐτῷ
1415 1089 1514 1157 μὲν
1559 1089 1952 1161 συγκειμένης,

374 1179 488 1241 τοῖς
525 1176 805 1244 αἰσθητοῖς
830 1177 886 1231 δὲ
920 1178 1060 1232 κατὰ
1101 1178 1263 1248 φύσιν
1296 1180 1592 1248 συγγενοῦς
1623 1181 1952 1251 αἰσθήσεωςυ

370 1268 595 1332 εἰκότως
627 1271 675 1323 εἰ
707 1269 804 1339 μὲν
844 1269 1136 1338 προϐαλὼν
1181 1271 1408 1341 ἐνσχεθῇ
1445 1273 1566 1334 ταῖς
1606 1271 1952 1340 ἐπιφανείαις

368 1357 477 1412 τῶν
507 1359 743 1429 ὁρατῶν,
786 1359 1068 1430 ἐνέργειαν
1119 1356 1264 1412 εἶναι
1305 1361 1542 1430 φυσικὴν
1581 1360 1681 1431 τὴν
1728 1375 1952 1426 συγκει-

374 1449 539 1520 μένην
573 1451 818 1521 οἰόμενος
856 1451 1128 1519 αἴσθησιν,
1181 1450 1289 1504 τῶι
1334 1451 1431 1522 μὲν
1479 1451 1621 1514 κατὰ
1650 1451 1811 1519 φύσιν
1856 1452 1951 1504 ὲκ-

374 1543 628 1595 πέπτωκε
670 1542 897 1613 νοητῶνο
944 1543 1052 1596 τῶν
1096 1543 1152 1596 δὲ
1208 1543 1358 1613 παρὰ
1391 1541 1552 1610 ερύσιν
1597 1543 1800 1612 ἀμφοῖν
1829 1545 1948 1595 ταῖν

368 1635 572 1701 χεροῖν,
611 1632 640 1686 δ
675 1633 742 1702 δὴ
770 1633 1008 1701 λέγεται,
1039 1633 1335 1687 ἐπελάϐετο
1363 1633 1652 1702 σωμάτων·
1682 1627 1762 1695 οἷς
1795 1633 1948 1703 παρὰ

369 1727 458 1778 τὸν
491 1724 648 1793 λόγον
683 1724 1096 1796 ὲνεργούμενος,
1141 1725 1230 1778 διὰ
1254 1724 1350 1796 τὴν
1387 1725 1546 1778 αὑτὸν
1577 1712 1946 1794 ἐκνικήσασιν
1983 1712 1996 1756 ¹

367 1815 644 1888 αἴσθησιν,
674 1817 774 1888 τῆς
808 1817 908 1888 μὲν
936 1818 1078 1871 κατὰ
1093 1816 1270 1888 ψυχὴν
1293 1817 1472 1888 λύπης
1512 1819 1792 1888 γεννήτωρ
1818 1815 1950 1870 καθ-

369 1907 607 1969 ίσταται,
638 1910 859 1978 συχναῖς
895 1910 1016 1970 ταῖς
1067 1908 1206 1962 κατὰ
1237 1908 1541 1978 συνείδησιν
1582 1907 1831 1977 μάστιξιν
1863 1909 1950 1962 αἰ-

366 1999 676 2070 κιζόμενος·
718 2003 818 2072 τῆς
845 2000 901 2052 δὲ
928 2003 1048 2054 κατ’
1080 1999 1338 2070 αἴσθησιν
1365 2000 1557 2071 ἡδονῆς
1587 2000 1843 2071 ἀρίδηλος
1862 2000 1949 2070 γί-

363 2110 518 2148 νεται
569 2095 839 2166 ποιητὴς,
895 2098 1019 2158 ταῖς
1057 2095 1325 2159 ἐπινοίαις
1370 2094 1480 2148 τῶν
1513 2096 1946 2166 περιποιητικῶν

363 2184 580 2254 τρόπων
615 2186 718 2254 τῆς
760 2185 964 2256 σαρκὸς
999 2186 1406 2256 λιπαινόμενος.
1439 2187 1516 2254 Εἰ,
1552 2186 1610 2239 δὲ
1660 2185 1758 2257 τὴν
1809 2187 1947 2255 πρὸς

364 2275 638 2346 αἴσθησιν,
669 2275 785 2344 ἅμα
815 2279 880 2346 τῇ
912 2276 1189 2347 προσϐολῇ
1221 2276 1329 2330 τῶν
1352 2277 1646 2346 ὁρωμένων
1672 2278 1945 2348 διατεμὼν

363 2367 710 2436 ἐπιφάνειαν,
739 2369 865 2431 τοὺς
897 2370 1306 2440 πνευματικοὺς
1328 2370 1438 2424 τῶν
1473 2372 1641 2424 ὄντων
1668 2370 1945 2442 καθαροὺς

361 2458 470 2513 τῶν
515 2458 603 2512 ἐπ’
640 2459 826 2522 αὐτοῖς
849 2460 1146 2531 σχημάτων
1172 2459 1424 2516 θεάσεται
1455 2461 1668 2530 λόγους,
1705 2463 1804 2535 τὴν
1845 2465 1943 2534 μὲν

361 2549 458 2618 τῆς
490 2549 670 2620 ψυχῆς
698 2550 894 2621 ἡδονὴν
938 2552 1360 2623 κατειργάσατο,
1395 2553 1584 2622 μηδενὶ
1611 2554 1720 2608 τῶν
1747 2555 1942 2625 αἰσθη-

359 2642 470 2695 τῶν
497 2641 889 2713 θεωρουμένων
937 2645 1343 2716 κρατουμένης,
1374 2647 1473 2718 τὴν
1511 2647 1567 2700 δὲ
1619 2649 1719 2717 τῆς
1750 2646 1943 2718 αἰσθή-

361 2755 494 2802 σεως
529 2741 898 2810 συνεστήσατο
941 2740 1146 2812 λύπην,
1191 2740 1412 2796 πάντων
1463 2743 1606 2796 κατὰ
1639 2740 1801 2810 φύσιν
1830 2739 1940 2794 τῶν

359 2829 631 2901 αἰσθητῶν
665 2830 1060 2901 ἐστερημένης.
1247 2885 1252 2888 .

427 2917 490 2984 ζ’.
548 2919 766 2990 Ἐπειδὴ
795 2919 893 2991 τὴν
939 2920 1039 2990 μὲν
1075 2922 1173 2991 τῆς
1202 2920 1380 2992 ψυχῆς
1409 2922 1606 2990 λύπην.
1653 2923 1820 2994 ἤγουν
1849 2921 1940 2975 τὸν

2066 456 2186 504 tura
2212 466 2333 506 esse
2354 452 2596 520 duxerit,
2633 471 2820 510 rerum
2853 458 3141 513 sensilium
3167 460 3359 531 ﬁguris
3393 477 3457 516 ac
3487 465 3641 519 colo-

2063 543 2218 599 ribus
2270 543 2572 615 implit-ata,
2615 550 2800 604 carnis
2832 553 3144 622 voluptates
3188 555 3484 624 excogitat,
3528 574 3639 614 non

2061 637 2251 692 valens
2300 654 2485 692 rerum
2545 642 2961 715 aspertabilium
3019 653 3275 700 naturam
3338 662 3637 716 superare,

2058 743 2182 798 quae
2209 729 2504 805 libidinosa
2528 732 2595 786 ad
2631 749 2853 788 sensum
2880 735 3172 792 affectione
3196 739 3409 794 irretita
3439 742 3531 794 sit.

2131 822 2185 876 6.
2207 821 2345 877 Cum
2374 823 2490 880 ﬁeri
2523 841 2634 880 non
2670 828 2868 896 possit,
2906 839 2967 883 ut
2996 845 3155 885 mens
3192 831 3259 884 ad
3293 841 3522 903 cognata
3556 834 3641 888 in-

2059 912 2363 984 telligibilia
2408 924 2669 979 transeat,
2703 919 2838 988 quin
2889 922 3140 984 sensilia,
3173 937 3296 992 quae
3337 924 3517 978 media
3555 925 3640 978 in-

2057 1005 2285 1076 teriecta
2311 1017 2462 1073 sunt,
2497 1010 2848 1079 speculetur;
2895 1013 3122 1082 [necque
3153 1013 3246 1068 illa
3282 1016 3436 1069 nullo
3475 1032 3637 1085 pror-

2055 1113 2151 1154 sus
2190 1099 2356 1153 modo
2383 1099 2594 1168 absque
2622 1116 2814 1167 sensu,
2849 1102 2925 1156 illi
2959 1104 3181 1172 quidem
3209 1104 3544 1169 adhaerente,
3582 1113 3638 1159 at

2053 1193 2149 1262 qui
2183 1202 2380 1248 natura
2413 1195 2709 1248 sensilibus
2753 1195 2934 1249 aliinis
2971 1197 3064 1260 sit,
3103 1198 3376 1266 speculari
3405 1198 3587 1251 valeat
3617 1215 3632 1252 :

2053 1284 2253 1338 merito
2285 1299 2437 1348 sane,
2485 1286 2762 1356 siquidem
2799 1303 2860 1341 ea
2887 1288 3231 1358 attingendo,
3264 1304 3449 1342 rerum
3471 1304 3635 1358 aspe-

2051 1376 2334 1431 ctabilium
2355 1377 2545 1449 figuris
2571 1393 2634 1432 ac
2657 1379 2940 1433 coloribus
2964 1379 3308 1445 inhmrescat,
3327 1381 3632 1449 simplicem

2050 1482 2172 1523 esse
2209 1477 2327 1522 rata
2355 1469 2758 1538 operationem,
2787 1486 2910 1539 qua:
2935 1486 3133 1525 sensus
3156 1472 3496 1542 compositus
3525 1481 3630 1536 est,

2049 1559 2118 1613 ab
2133 1560 2575 1631 intelligibilibus
2588 1577 2650 1615 ac
2667 1561 3030 1631 spiritalibus,
3048 1575 3311 1632 quaesout
3326 1578 3390 1617 ex
3410 1571 3629 1628 natura,

2052 1649 2328 1719 prolapsa,
2355 1650 2628 1704 ambabus
2666 1652 2834 1719 (quod
2879 1651 3056 1720 aiunt)
3095 1652 3371 1716 manibus,
3407 1652 3633 1705 innatu-

2053 1740 2188 1794 ralia
2210 1755 2442 1810 corpora
2470 1741 2860 1810 apprehendit,
2890 1757 2954 1795 ac
2975 1741 3257 1794 complexa
3281 1749 3397 1795 est:
3426 1742 3632 1810 quibus

2049 1832 2212 1887 aliter
2239 1847 2304 1886 ac
2331 1832 2528 1887 suadet
2558 1832 2700 1885 ratio
2726 1834 2908 1886 excita
2943 1846 3007 1884 ac
3050 1839 3220 1892 mota,
3248 1831 3320 1884 ob
3353 1847 3548 1885 sensus
3575 1834 3631 1886 in

2048 1939 2168 1978 eam
2195 1923 2508 1987 victoriam,
2547 1924 2788 1978 tristitiae
2814 1922 2986 1976 animi
3020 1921 3234 1976 crebris
3274 1923 3633 1976 conscientia:

2048 2015 2381 2070 verberibus
2415 2015 2752 2084 vapulantis,
2780 2029 2986 2083 parens
3025 2014 3279 2079 exsistit;
3323 2028 3631 2079 sensusque

2047 2106 2562 2178 palam'voluptatis
2588 2112 2784 2160 auctor
2809 2104 3070 2169 efﬁcitur,
3109 2119 3232 2172 qua:
3261 2104 3476 2157 scilicet
3516 2119 3634 2158 mo-

2047 2202 2134 2256 dis
2176 2199 2428 2254 l'ovenda:
2456 2197 2642 2252 carnis
2679 2195 3056 2265 excogitandis
3101 2195 3332 2248 nimium
3361 2203 3628 2263 quantum

2046 2292 2354 2346 delectetur
2374 2304 2439 2344 ac
2458 2289 2613 2342 velut
2637 2287 3031 2356 impinguetur.
3057 2285 3152 2339 Sin
3177 2293 3360 2340 autem
3395 2300 3521 2338 mox
3563 2297 3628 2339 ac

2045 2383 2226 2454 attigit
2262 2381 2643 2452 percepitque,
2689 2388 2918 2433 externa
2970 2391 3156 2431 rerum
3207 2377 3626 2447 aspectabiliqu

2043 2476 2280 2530 dis‘secta
2306 2473 2512 2542 specie,
2544 2469 2825 2540 spiritales
2868 2482 3049 2522 rerum
3079 2469 3341 2532 rationes,
3380 2467 3624 2538 ipsarum

2044 2567 2234 2638 ﬁguris
2285 2565 2582 2634 depuratas
2631 2559 3003 2629 conspexerit,
3067 2560 3236 2614 animi
3284 2561 3624 2629 voluptatem

2043 2656 2323 2730 produxit,
2376 2655 2471 2726 qui
2517 2653 2673 2707 nullo
2711 2651 2956 2705 visorum
3007 2650 3294 2704 seusilium
3335 2657 3622 2715 teneatur;

2042 2763 2348 2818 sensusque
2379 2747 2649 2808 dolorem,
2687 2741 2946 2796 omnibus
2977 2756 3045 2796 ex
3083 2749 3278 2797 natura
3324 2741 3626 2796 sensilibus

2040 2844 2261 2912 privati,
2295 2843 2601 2898 constituit.

2045 2949 2052 2957 '
2114 2935 2166 2987 7.
2195 2933 2333 2998 Quia
2366 2934 2532 3004 igitur
2567 2935 2735 2988 animi
2766 2934 2991 3004 quidem
3025 2928 3303 2985 tristitiam
3331 2939 3428 2979 seu
3466 2921 3626 2977 dolo—

357 3010 520 3065 πὸνον
536 3009 749 3081 (ταύτὸν
767 3011 876 3082 γὰρ
903 3012 1158 3081 αλλήλοις
1175 3013 1511 3085 ἀμφότερα),
1540 3017 1570 3084 ἡ
1592 3014 1714 3067 κατ’
1739 3014 1936 3086 αἴσθη-

2047 3040 2161 3080 rem
2203 3025 2469 3095 (laborem
2517 3027 2765 3081 scilicet:
2801 3036 2931 3081 sunt
2959 3023 3106 3078 enim
3138 3021 3253 3074 hare
3274 3014 3625 3085 eadem)‘vo-

357 3120 441 3156 σιν
467 3103 630 3173 ἡδονὴ
667 3103 969 3175 συνίστησι’
1001 3105 1100 3176 τὴν
1125 3106 1184 3158 δὲ
1233 3108 1334 3178 τῆς
1379 3106 1687 3175 αἰσθήσεως
1731 3106 1932 3176 λύπην,

355 3195 522 3266 ἤγουν
556 3195 649 3248 τὸν
681 3195 860 3260 πόνον,
897 3197 930 3267 ἡ
965 3195 1107 3258 κατᾲ
1155 3196 1334 3267 ψυχὴν
1367 3200 1538 3250 ποιεῖν
1571 3198 1732 3268 ἡδονὴ
1765 3198 1942 3266 πέφυ-

356 3304 472 3352 κεν,
507 3287 728 3349 εἰκότως
757 3289 785 3340 ό
814 3289 913 3359 τῆς
943 3288 1063 3342 κατ’
1095 3289 1286 3342 ἐλπίδα
1332 3287 1479 3358 ζωῆς
1519 3290 1625 3344 τοῦ
1655 3292 1804 3345 Θεοῦ
1840 3291 1940 3345 καί

356 3377 628 3446 Σωτῆρος
671 3377 842 3448 ἡμῶν
887 3371 1091 3447 Ἰησοῦ
1123 3381 1404 3449 Χριστοῦ,
1441 3381 1515 3435 δι’
1548 3383 1940 3448 ἀναστάσεως

353 3469 584 3538 νεκρῶν
609 3473 698 3535 εἰς
727 3473 1140 3540 κληρονομίαν
1169 3473 1479 3541 ἄφθαρτον
1508 3475 1605 3528 καὶ
1645 3475 1940 3542 ἀμίαντον

354 3562 451 3616 καὶ
483 3563 830 3632 ἀμάραντον
860 3563 1273 3632 τετηρημένην
1310 3564 1379 3617 ἐν
1428 3565 1742 3632 οὐρανοῖς,
1789 3567 1940 3635 ἐφιέ-

357 3671 542 3722 μενος,
574 3653 717 3707 κατὰ
749 3653 848 3724 μὲν
893 3657 991 3725 τὴν
1017 3654 1196 3726 ψυχὴν
1221 3655 1546 3723 ἀγαλλίασιν
1586 3657 1720 3726 ἔχει,
1761 3658 1938 3728 χαρὰν

355 3743 736 3815 ἀνεκλάλητον,
767 3745 1030 3816 διηνεκῶς
1057 3749 1122 3816 τῇ
1149 3747 1256 3799 τῶν
1287 3746 1588 3817 μελλόντων
1611 3749 1786 3802 ἐλπίδι
1811 3766 1938 3816 γαν-

352 3834 581 3905 νύμενος
621 3836 864 3905 ἀγαθῶν·
897 3838 1043 3892 κατὰ
1070 3837 1126 3890 δὲ
1152 3837 1254 3908 τὴν
1285 3838 1466 3907 σάρκα
1502 3839 1597 3891 καὶ
1624 3838 1722 3909 τὴν
1745 3838 1936 3908 αἴσθη-

354 3944 457 3993 σιν,
492 3926 690 4000 λύπην,
729 3929 896 3999 ἡγουν
925 3930 1049 3991 τοὺς
1081 3929 1145 3981 ὲκ
1173 3927 1282 3980 τῶν
1319 3929 1578 3981 ποικίλων
1614 3932 1936 4001 πειρασμῶν

351 4019 761 4091 ἐπιγινομένους
788 4023 925 4091 αὐτῇ
969 4021 1186 4084 πόνους,
1215 4023 1310 4074 καὶ
1339 4023 1436 4084 τὰς
1465 4024 1551 4075 ἐπ’
1585 4023 1776 4086 αὐτοῖς
1813 4024 1925 4077 ὀδό·

349 4127 467 4172 νας.
517 4111 672 4182 Πάσῃ
704 4113 815 4181 γὰρ
857 4113 1047 4182 ἀρετῇ,
1079 4113 1241 4182 ἡδονὴ
1274 4114 1368 4165 καὶ
1407 4114 1568 4177 πόνος
1600 4115 1931 4186 παρέπεταιο

349 4201 512 4263 πόνος
553 4201 654 4272 μὲν
681 4202 906 4271 σαρκὸς,
952 4204 1326 4273 ἐστερημένης
1367 4205 1467 4274 τῆς
1499 4207 1804 4278 προσηνοῦς
1841 4209 1933 4262 καὶ

346 4290 628 4364 λειοτέρας
674 4293 999 4364 αἰσθήσεως·
1055 4295 1217 4367 ἡδονὴ
1277 4296 1333 4348 δὲ
1379 4295 1578 4368 ψυχῆς,
1613 4299 1811 4362 παντὸς
1845 4302 1929 4353 al-

2041 3118 2225 3188 luptas
2251 3134 2448 3173 sensus
2475 3119 2794 3184 constituit;
2821 3130 3123 3186 sensusque
3151 3112 3398 3166 dolorem
3420 3107 3496 3180 (id
3515 3115 3621 3168 εει,

2041 3208 2312 3280 laborem)
2346 3209 2515 3263 animi
2552 3210 2809 3280 voluptas
2841 3209 3024 3263 facere
3066 3203 3384 3267 consuevit;
3421 3199 3624 3254 merito

2042 3300 2110 3365 is,
2138 3301 2232 3370 qui
2272 3302 2401 3355 vita:
2439 3301 2495 3356 in
2527 3317 2622 3371 spe
2654 3301 2865 3371 positae,
2895 3299 2992 3354 Dei
3024 3315 3088 3352 ac
3120 3294 3416 3351 Saluatoris
3455 3290 3623 3346 nostri

2039 3391 2165 3446 Iesu
2201 3391 2397 3447 Christi
2429 3409 2522 3464 per
2550 3394 2982 3446 resurrectionem
3010 3406 3074 3443 ex
3101 3389 3342 3451 mortuis,
3363 3387 3418 3439 in
3453 3386 3624 3439 luere-

2040 3484 2261 3538 ditatem
2306 3483 2757 3554 incorruptibilem
2813 3492 2861 3536 et
2903 3482 3381 3536 incontaminatam
3423 3486 3471 3531 et
3520 3477 3620 3529 im-

2040 3575 2447 3629 marcescibilem
2477 3585 2838 3629 conservatam
2875 3577 2932 3627 in
2970 3571 3109 3626 emlis
3148 3571 3189 3636 ",
3233 3567 3510 3624 desiderio
3540 3573 3622 3618 te-

2039 3677 2224 3732 netur,
2277 3669 2461 3723 animo
2500 3669 2723 3738 quidem
2768 3667 3026 3729 exsultat,
3070 3663 3380 3734 gaudetque
3419 3658 3620 3729 gaudio

2040 3761 2417 3825 inenarrabili,
2447 3761 2719 3815 honorum
2754 3759 2915 3830 585
2949 3758 3260 3812 futurorum
3296 3769 3390 3823 spe
3415 3751 3622 3821 iugiter

2037 3855 2334 3923 ganniens;
2376 3869 2541 3909 carne
2585 3863 2767 3908 autem
2818 3868 2880 3906 ac
2922 3867 3086 3906 sensu
3146 3848 3392 3901 dolorem
3431 3843 3615 3905 habet,

2034 3946 2254 4002 labores
2280 3947 2490 4002 scilicet
2516 3947 2608 4016 qui
2640 3962 2706 4000 ex
2743 3945 2914 3999 variis
2952 3939 3347 3998 tentationibus
3381 3936 3458 3990 illi
3482 3951 3615 3990 con‘

2036 4037 2259 4102 ﬂantur,
2302 4054 2365 4093 ac
2414 4055 2550 4107 quas
2591 4039 2670 4092 illi
2704 4051 2978 4092 :erumnas
3015 4050 3080 4088 ac
3119 4033 3339 4087 dolores
3375 4028 3614 4098 pariunt.
3709 4029 3715 4038 '

2035 4130 2197 4185 Omni
2247 4131 2394 4185 enim
2454 4131 2651 4186 virtu-ti
2700 4140 2814 4184 tum
2868 4130 3143 4198 voluptas,
3196 4133 3310 4177 tum
3358 4131 3412 4175 et
3463 4121 3618 4186 labor

2035 4235 2220 4277 comes
2240 4223 2456 4277 exsistit
2489 4239 2501 4275 :
2541 4239 2739 4292 nempe
2774 4221 2957 4276 carnis
2985 4219 3160 4282 labor,
3191 4231 3354 4286 quam
3386 4211 3618 4267 blandus

2034 4310 2322 4380 leniorque
2373 4325 2569 4365 sensus
2615 4308 2856 4372 deficiat,
2901 4307 3178 4377 animique
3219 4305 3487 4372 voluptas,
3521 4299 3615 4370 qui

352 4379 548 4450 σθητοῦ
577 4383 840 4453 καθαροῖς
883 4384 1236 4456 ὲντρυφώσης
1282 4389 1396 4450 τοῖς
1438 4389 1497 4442 ὲν
1543 4387 1811 4460 πνεύματι
1837 4391 1930 4444 λό-

2043 4400 2107 4453 ab
2134 4375 2283 4454 omni
2316 4400 2504 4455 sensili
2532 4400 2688 4470 puris
2723 4400 2778 4453 in
2816 4399 3017 4469 spiritu
3064 4375 3371 4451 rationibus
3403 4391 3619 4448 deliciis

349 4490 483 4543 γοις.

419 4575 490 4639 η’.
520 4569 649 4622 Δέον
685 4570 802 4622 ἐστὶ¹
846 4569 940 4623 τὸν
976 4571 1101 4625 νοῦν
1142 4575 1285 4628 κατὰ
1317 4575 1415 4648 τὴν
1443 4581 1730 4652 παροῦσαν
1785 4583 1933 4656 ζωὴν

349 4657 529 4732 (τοῦτο
545 4661 652 4731 γάρ
674 4679 761 4731 μοι
793 4665 1013 4728 νοεῖται,
1046 4663 1107 4717 τὸ
1134 4665 1272 4737 νῦν),
1291 4669 1432 4723 κατὰ
1459 4673 1638 4742 σάρκα
1665 4675 1934 4748 λυπούμε-

346 4768 456 4816 νον,
487 4753 574 4807 διὰ
612 4754 737 4817 τοὺς
772 4754 1002 4818 πολλοὺς
1035 4757 1232 4821 πόνους
1275 4760 1385 4812 τῶν
1422 4763 1562 4835 ὑπὲρ
1603 4767 1806 4837 ἀρετῆς
1840 4769 1934 4822 αὑ-

345 4843 423 4915 τῷ
450 4849 874 4917 προσαγομένων
901 4851 1249 4920 πειρασμῶν,
1276 4854 1363 4906 ἀεὶ
1394 4859 1608 4927 χαίρειν
1640 4861 1780 4914 κατὰ
1817 4861 1923 4924 ψυ-

346 4935 468 5007 χὴν,
511 4938 602 4990 καὶ
644 4937 869 5008 ἥδεσθαι
899 4939 988 4992 διὰ
1015 4939 1115 5010 τὴν
1151 4932 1343 4996 ἐλπίδα
1376 4945 1486 4997 τῶν
1527 4949 1761 5001 αἰωνίων
1787 4951 1927 5019 ἀγα-

347 5026 476 5090 θῶν,
509 5028 613 5081 κᾶν
647 5028 745 5101 ἔχῃ
768 5033 1257 5104 καταπονουμένην
1281 5034 1380 5104 τὴν
1396 5035 1668 5107 αἴσθησιν.
1703 5041 1785 5094 Οὐ
1814 5041 1926 5112 γὰρ

346 5119 486 5184 ἀξια
520 5121 588 5173 τὰ
611 5121 928 5189 παθήματα
960 5123 1068 5176 τοῦ
1093 5125 1211 5177 νῦν
1228 5126 1435 5193 καιροῦ
1464 5130 1615 5195 πρὸς
1639 5131 1753 5200 τὴν
1779 5136 1932 5201 μερίς

343 5215 585 5296 ,ζουσαν
608 5212 798 5278 δόξαν
825 5215 1362 5272 ἀποκαλύπτεσθαι
1406 5221 1494 5286 εἰς
1536 5221 1713 5290 ἡμᾶς,
1757 5226 1924 5296 φησὶν

345 5304 374 5354 ὁ
402 5303 546 5366 θεῖος
591 5305 935 5368 ’Δπόστολολ

417 5393 482 5450 θ’.
513 5395 726 5467 Ψυχῆς,
773 5399 806 5468 ἡ
858 5399 1014 5470 σὰρξ,
1050 5402 1164 5454 ἀλλ’
1197 5404 1258 5457 οὐ
1294 5408 1498 5479 σαρκὸς
1535 5410 1568 5480 ἡ
1610 5408 1754 5481 ψυχή
1780 5428 1794 5442 ·
1827 5412 1923 5466 τοῦ

344 5485 454 5556 γὰρ
477 5488 806 5558 κρείττονος,
838 5491 973 5560 φησί
994 5533 1008 5557 ,
1047 5493 1110 5545 τὸ
1135 5491 1318 5566 ἦττον,
1344 5498 1462 5550 ἀλλ’
1490 5502 1549 5551 οὐ
1578 5501 1670 5554 τοῦ
1699 5503 1920 5572 ἥττονος

421 5671 439 5702 ⁷
471 5671 490 5730 ί
517 5672 660 5728 Petr.
696 5689 732 5734 ι.
765 5673 817 5727 '5.
899 5670 918 5702 ⁸
948 5673 967 5728 ι
995 5673 1141 5729 Petr.
1179 5690 1214 5738 ι,
1244 5675 1295 5727 ὓ.
1371 5675 1394 5706 ’
1421 5675 1579 5730 Rom.
1615 5693 1724 5742 vni,
1762 5678 1823 5732 13

2037 4490 2245 4546 afﬂuat.

2107 4585 2158 4639 8.
2176 4582 2381 4652 Opera:
2421 4583 2662 4653 pretium
2695 4591 2780 4637 est
2812 4591 2872 4637 ut
2903 4583 3121 4638 animus
3152 4582 3265 4637 vita
3296 4581 3401 4634 hac
3435 4578 3616 4645 (hunc

2034 4676 2181 4732 enim
2207 4674 2342 4729 mihi
2373 4691 2595 4730 sensum
2627 4675 2816 4737 habet,
2839 4675 2984 4745 quod
3013 4675 3238 4738 dicitur,
3261 4669 3420 4737 nunc)
3451 4683 3616 4723 carne

2033 4769 2226 4824 dolens
2252 4783 2315 4822 ac
2343 4783 2602 4832 manens,
2629 4769 2700 4822 ob
2731 4784 2924 4822 carum
2959 4768 3323 4821 tentationum
3343 4764 3385 4827 ⁸,
3415 4760 3617 4832 quibus

2032 4862 2255 4916 virtutis
2287 4875 2451 4915 causa
2485 4860 2782 4929 appetitur,
2820 4859 3177 4928 multiplicem
3219 4855 3492 4919 laborem,
3526 4865 3616 4907 se-

2032 4969 2155 5009 cum
2194 4954 2311 5024 ipse
2346 4968 2565 5022 semper
2589 4951 2820 5022 gaudeat
2849 4967 2912 5005 ac
2939 4948 3294 5020 jucundetur,
3321 4961 3415 5016 spe
3443 4945 3615 4999 fretus

2030 5043 2345 5100 futurorum
2370 5045 2666 5109 bonorum,
2696 5045 2799 5099 etsi
2829 5057 3056 5098 sensum
3087 5039 3369 5095 laboribus
3395 5037 3606 5090 divexa—

2031 5143 2145 5190 tum
2193 5133 2411 5189 habeat.
2446 5135 2518 5191 Ut
2550 5135 2698 5188 enim
2741 5135 2817 5187 ait
2851 5133 3073 5187 divinus
3108 5129 3404 5201 Apostolus
3444 5144 3457 5180 :
3494 5125 3613 5180 Non

2029 5234 2153 5278 sunt
2182 5225 2455 5296 condigna:
2485 5227 2752 5296 passiones
2782 5224 2939 5294 lmjus
2971 5221 3240 5292 temporis,
3275 5219 3344 5273 ad
3377 5217 3614 5288 futuram

2031 5317 2281 5390 gloriam,
2311 5323 2430 5389 qua?
2460 5315 2780 5370 revelabitur
2805 5317 2859 5369 in
2891 5314 3037 5368 nobis
3057 5313 3101 5367 ’.

2099 5413 2153 5467 9.
2185 5411 2345 5476 Caro,
2379 5410 2549 5465 animi
2587 5417 2691 5474 est,
2723 5424 2829 5476 non
2867 5407 3108 5462 vicissim
3149 5403 3367 5458 animus
3408 5397 3610 5455 carnis.

2031 5505 2125 5559 Est
2171 5502 2317 5558 enim
2368 5499 2793 5572 prmstantioris,
2828 5497 3038 5568 inquit,
3072 5497 3126 5553 id
3172 5493 3321 5565 quod
3369 5488 3615 5546 deterius
