4046 6196
470 220 613 288 1311·

1649 222 1710 285 S.
1752 224 2041 285 MAXIMI
2079 221 2588 287 CONFESSORIS

3589 218 3739 284 1322

471 332 732 389 mundam
778 331 996 403 adepti,
1038 331 1380 409 quaesierunt
1426 330 1669 401 primum
1715 341 1783 388 et
1818 333 2059 390 scrutati

2172 336 2556 407 ιποκατέστησε
2586 333 2843 405 δύναμιν·
2866 330 2933 400 ὴν
2966 332 3215 405 καθαρὰν
3249 331 3618 395 ἁπολαεόντες
3643 331 3739 385 διὰ

470 426 698 486 sunt";
742 432 969 493 tumque
1006 423 1420 493 exquisierunt,
1449 433 1506 479 et
1545 434 1675 481 sunt
1714 427 2045 496 exscrutati,

471 531 570 584 per
595 514 845 569 eamdem
872 513 1085 569 scilicet
1108 513 1350 583 Spiritus
1371 515 1621 585 gratiam.

545 689 630 743 19.
665 686 988 745 Animorum
1036 685 1249 741 scilicet
1287 686 1509 757 proprie
1544 687 1725 754 salus,
1759 689 1887 746 ﬁdei
1923 690 2052 747 ﬁnis

471 787 575 835 est.
612 778 765 832 Fidei
804 793 939 843 vero
977 776 1122 841 ﬁnis,
1147 778 1268 849 ejus
1308 779 1456 847 quod
1492 777 1765 834 creditum
1801 790 1887 836 est
1920 797 2049 837 vera

474 870 736 924 revelatio
764 877 849 923 est
871 883 936 923 ac
967 868 1355 923 manifestatio.
1378 870 1517 925 Vera
1546 879 1731 925 autem
1760 872 1880 942 ejus
1903 872 2053 943 quod

473 962 745 1017 creditum
780 960 945 1031 588
969 969 1054 1017 est
1076 962 1341 1019 revelatio
1360 970 1418 1017 et
1438 960 1829 1027 manifestatio,
1852 979 2051 1020 arcana

474 1060 561 1105 est
583 1065 683 1120 pro
706 1051 824 1120 ejus
847 1049 974 1105 ﬁdei
1008 1050 1221 1106 ratione
1253 1067 1361 1121 qua
1391 1051 1625 1122 quisque
1644 1054 1915 1121 praeditus
1947 1063 2052 1120 est,

476 1141 596 1211 ejus
631 1140 777 1211 quod
819 1141 1091 1196 creditum
1124 1151 1208 1197 est
1239 1143 1679 1213 comprehensio.
1707 1145 1840 1219 Ejus
1869 1154 2053 1202 autem

477 1233 624 1302 quod
671 1232 943 1288 creditum
992 1242 1076 1288 est
1119 1235 1562 1304 comprehensio,
1595 1251 1788 1291 eorum
1832 1245 1916 1305 est
1958 1237 2054 1308 qui

478 1322 841 1377 crediderunt
872 1324 938 1377 ad
969 1324 1317 1393 principium
1339 1340 1438 1394 pro
1467 1325 1592 1381 ﬁnis
1624 1327 1837 1382 ratione
1870 1343 2054 1382 rever-

479 1412 580 1467 sio.
628 1413 834 1467 Eorum
879 1422 1062 1468 autem
1111 1414 1207 1483 qui
1257 1414 1613 1471 crediderunt
1655 1417 1723 1472 ad
1770 1419 2055 1487 proprium

420 1512 429 1521 ‘
480 1500 812 1574 principium
862 1521 962 1575 pro
1028 1505 1153 1560 ﬁnis
1203 1507 1417 1565 ratione
1465 1508 1745 1574 reversio,
1795 1509 2055 1566 desiderii

481 1595 798 1665 adimpletio
838 1605 943 1650 est.
986 1596 1258 1652 Desiderii
1302 1605 1488 1652 autem
1529 1598 1873 1668 adimpletio,
1908 1601 2057 1672 jugis

482 1694 665 1740 motus
691 1685 850 1755 quies
873 1695 956 1740 est
980 1687 1361 1756 appetentium
1391 1689 1539 1743 circa
1565 1690 1884 1760 appetibilc.
1906 1693 2061 1762 Jugis

481 1783 667 1830 autem
704 1786 886 1831 motus
924 1776 1082 1847 quies
1126 1780 1505 1848 appetentium
1547 1780 1693 1836 circa
1731 1783 2058 1852 appetibile,

479 1869 629 1939 jugis
650 1876 734 1923 est
755 1877 811 1924 et
839 1869 1100 1924 continua
1123 1871 1441 1939 appetibilis
1462 1871 1673 1927 fruitio.
1696 1873 1850 1945 Jugis
1877 1884 2060 1933 autem

487 1967 545 2015 et
603 1961 866 2016 continua
926 1960 1244 2030 appetibilis
1305 1962 1532 2029 fruitio,
1575 1964 1887 2020 divinorum
1951 1968 2060 2022 vim

485 2067 705 2107 omnem
747 2060 958 2106 natura:
995 2054 1374 2122 superantium
1417 2055 1765 2125 participatio
1804 2072 1869 2111 ac
1908 2073 2062 2112 com-

486 2140 753 2207 mercium
795 2148 898 2194 est.
925 2127 1249 2195 Divinorum
1286 2152 1468 2196 autem
1510 2154 1718 2199 naturae
1746 2144 1855 2198 vim
1893 2161 2059 2216 supe-

488 2216 747 2285 rantium'
782 2230 1135 2301 participatio
1177 2247 1240 2291 ac
1279 2234 1700 2298 commercium,
1739 2251 1931 2291 eorum
1976 2246 2060 2292 est

487 2320 583 2390 qui
620 2321 1037 2391 participatione
1073 2337 1137 2377 ac
1175 2323 1506 2378 commercio
1545 2324 1802 2396 gaudent.
1831 2342 1953 2381 cum
1991 2343 2059 2383 eo

489 2413 557 2467 de
584 2413 742 2483 cujus
766 2413 1005 2482 gaudent
1032 2414 1450 2484 participatione
1472 2423 1528 2469 et
1551 2419 1879 2472 commercio
1909 2419 2061 2479 simi-

490 2501 686 2557 litudo.
720 2502 1031 2558 Similitudo
1061 2511 1244 2557 autem
1297 2519 1486 2558 eorum
1518 2505 1610 2573 qui
1644 2506 2065 2576 participatione

490 2601 548 2649 ct
576 2592 908 2649 commercio
941 2594 1201 2665 gaudent,
1228 2610 1352 2648 cum
1390 2594 1507 2663 ipso
1535 2594 1603 2647 de
1635 2596 1791 2662 cujus
1823 2597 2063 2666 gaudent

495 2682 910 2752 participatione
958 2691 1013 2737 et
1062 2682 1427 2744 commercio.
1473 2683 1525 2736 vi
1575 2683 1953 2742 similitudinis
2004 2687 2059 2741 in

2147 428 2247 497 τῆς
2270 427 2516 499 χάριτος,
2553 429 2771 499 πρῶτον
2808 424 3085 497 ἐζήτησαν
3125 426 3221 479 καὶ
3269 424 3606 495 ὴρεύνησαν.
3641 426 3743 475 καὶ

2147 518 2321 581 οὕτως
2345 517 2682 588 ἐξεζήτησαν
2722 516 2816 569 καὶ
2864 514 3260 589 ἐξηρεὺνησαν,
3290 515 3380 569 διὰ
3426 515 3526 585 τῆς
3554 513 3744 582 αὐτῆς

2148 608 2347 681 δηλαδὴ
2372 608 2464 662 τοῦ
2498 607 2818 678 Πνεύματος
2845 607 3089 677 χάριτος.

2225 700 2312 755 ιθ¹.
2349 700 2602 771 Σωτηρια
2628 699 2831 770 δηλαδὴ
2855 699 3063 770 ψυχῶν,
3096 699 3301 771 κυρίως
3326 698 3465 760 ἐστὶ,
3492 698 3555 749 τὸ
3577 695 3746 755 τέλος

2148 794 2252 862 τῆς
2280 793 2536 857 πίστεως.
2567 791 2732 856 Τέλος
2752 792 2810 847 δὲ
2857 791 3095 854 πίστεώς
3130 792 3298 856 ἔστιν,
3331 790 3477 862 ητοῦ
3511 805 3746 843 marsu-

2153 882 2335 946 θέντος
2364 881 2569 951 ἀληθὴς
2598 879 2963 950 ἀποκάλυψις.
3008 879 3239 950 ’Δληθὴς
3279 879 3338 934 δὲ
3366 877 3460 931 τοῦ
3509 894 3738 931 πιστευ-

2154 970 2341 1034 θέντος
2368 970 2518 1023 ὲστὶν
2557 969 2924 1039 ἀποκάλυψις,
2961 972 2994 1040 ἡ
3041 969 3184 1023 κατὰ
3218 969 3511 1037 ἀναλογίαν
3540 971 3648 1039 τῆς
3686 969 3749 1020 ὲν

2155 1062 2373 1133 ἑκάστῳ
2424 1060 2661 1124 πίστεως
2718 1061 2957 1133 ᾶρρητος
3010 1060 3107 1113 τοῦ
3167 1060 3604 1131 πεπιστευμένου
3660 1058 3749 1130 (η)

2156 1152 2550 1224 περιχώρησις.
2611 1151 2991 1223 Περιχώρησις
3047 1151 3105 1205 δὲ
3153 1152 3248 1206 τοῦ
3293 1150 3750 1221 πεπιστευμένου

2157 1241 2519 1315 καθέστηκεν,
2557 1247 2591 1316 ἡ
2645 1245 2782 1316 πρὸς
2828 1245 2929 1315 τὴν
2960 1245 3136 1317 ἀρχὴν
3165 1245 3308 1298 κατὰ
3352 1245 3416 1299 τὸ
3448 1245 3600 1307 τέλος
3632 1243 3752 1296 τῶν

2158 1334 2601 1387 πεπιστευκότων
2646 1335 2950 1399 ἐπάνοδος..
3006 1335 3071 1389 Ἦ
3120 1336 3177 1389 δὲ
3224 1336 3363 1406 πρὸς
3393 1335 3493 1405 τὴν
3527 1334 3759 1387 elatam

2156 1426 2331 1497 ἀρχὴν
2376 1426 2519 1479 κατὰ
2564 1427 2624 1479 τὸ
2655 1426 2811 1491 τέλος
2858 1426 2967 1479 τῶν
3000 1426 3452 1480 πεπιστευκότων
3476 1422 3757 1486 ὲπάνοδός

2157 1517 2326 1578 ἔστιν,
2366 1517 2399 1586 ἡ
2437 1519 2538 1587 τῆς
2584 1516 2824 1585 ὲφέσεως
2866 1517 3167 1587 πλήρωσις.
3219 1518 3491 1587 Ἑφέσεως
3517 1515 3577 1569 δὲ
3608 1514 3754 1585 πλή-

2163 1603 2328 1676 ρωσξς
2357 1606 2526 1668 ἔστιν,
2560 1608 2592 1676 ἡ
2623 1604 2752 1678 περ).
2779 1608 2839 1661 τὸ
2866 1608 3059 1678 ἐφετὸν
3084 1607 3195 1662 τῶν
3228 1607 3535 1677 ἐφιεμένων
3562 1607 3753 1660 ἀεικε-

2163 1712 2323 1763 νητος
2357 1697 2567 1760 στάσις.
2614 1699 2950 1769 ’Δεικὶνητος
2974 1700 3030 1754 δὲ
3065 1699 3260 1763 στάσις
3293 1699 3425 1769 περὶ
3450 1698 3513 1751 τὸ
3546 1697 3759 1766 ἐφετὸν

2164 1786 2275 1842 τῶν
2301 1788 2604 1857 ἐφιεμένων
2628 1789 2793 1853 ἐστὶν,
2832 1792 2866 1861 ή
2892 1789 2987 1843 τοῦ
3032 1789 3226 1859 ἐφετοῦ
3275 1789 3530 1861 διηνεκὴς
3559 1806 3619 1841 τε
3652 1788 3773 1842 καὶΔ

2166 1877 2490 1961 ἀδιάστατος
2540 1879 2861 1945 ἀπόλαυσις.
2926 1881 3251 1945 ’Ᾱπὸλαυσις
3296 1882 3352 1934 δὲ
3381 1880 3641 1951 διηνεκὴς
3690 1895 3757 1931 τε

2169 1972 2263 2023 καὶ
2290 1968 2616 2035 ἀδιάστατος
2648 1971 2744 2025 τοῦ
2783 1973 2997 2042 ἐφετοῦ,
3027 1975 3060 2045 η
3089 1974 3198 2027 τῶν
3227 1974 3366 2046 ὑπὲρ
3392 1971 3560 2041 φύσιν
3583 1971 3759 2024 θεεων

2170 2057 2476 2130 καθέστηκε
2495 2058 2733 2131 μέθεξις.
2757 2060 2989 2126 Μέθεξις
3013 2062 3067 2115 δὲ
3099 2062 3207 2115 τῶν
3230 2061 3373 2132 ὑπὲρ
3395 2060 3558 2130 φύσιν
3587 2060 3761 2112 θείων

2165 2149 2339 2214 ἐστὶν,
2361 2152 2394 2222 ἡ
2422 2151 2558 2222 πρὸς
2572 2151 2633 2205 τὸ
2658 2154 3019 2224 μετεχόμενον
3042 2153 3153 2207 τῶν
3176 2152 3509 2224 μετεχόντων
3537 2152 3761 2222 ducito-

2168 2255 2273 2303 σις.
2331 2241 2397 2294 Ἦ
2439 2241 2497 2295 δὲ
2529 2243 2666 2313 πρὸς
2711 2244 2773 2297 τὸ
2841 2246 3200 2316 μετεχόμενον
3257 2243 3370 2298 τῶν
3406 2243 3763 2316 μετεχόντων

2165 2331 2424 2401 ὁμοίωσις
2456 2334 2623 2400 ἐστιν,
2662 2337 2695 2406 ἡ
2737 2339 2859 2391 κατ’
2888 2338 3168 2409 ἐνέργειαν
3216 2336 3352 2407 πρὸς
3398 2334 3530 2389 αὐτὸ
3555 2335 3621 2387 τὸ
3652 2351 3760 2405 με-

2165 2425 2453 2495 τεχόμενον
2515 2427 2624 2483 τῶν
2684 2429 3017 2499 μετεχόντων
3071 2429 3138 2482 δι’
3175 2429 3492 2499 ὁμοιότητος
3533 2427 3761 2498 ἔνδεκῦ·

2167 2513 2304 2586 μάνη
2337 2519 2625 2590 ταυτότης.
2672 2520 2741 2573 'H
2783 2521 2841 2575 δὲ
2896 2522 3005 2575 τῶν
3038 2523 3373 2593 μετεχόντων
3416 2518 3756 2590 ἐνδεχομένη

2167 2605 2287 2659 κατ’
2303 2607 2583 2678 ἐνέργειαν
2604 2611 2671 2665 δι’
2692 2613 3007 2683 ὁμοιότητος
3023 2612 3306 2683 ταυτότης,
3336 2615 3368 2681 ἡ
3399 2611 3468 2666 δι’
3494 2611 3761 2682 ὁμοιότη-

2165 2702 2259 2758 τος
2281 2697 2419 2766 πρὸς
2451 2699 2511 2752 τὸ
2537 2702 2897 2774 μετεχόμενόν
2919 2707 3035 2761 ἐστι
3061 2704 3252 2768 θέωσις
3276 2703 3385 2758 τῶν
3414 2704 3764 2775 ἀξιουμένων

491 2781 638 2834 actu,
665 2782 866 2842 quanta
908 2774 1151 2844 przestari
1190 2780 1371 2844 potest
1403 2772 1486 2845 (ut
1522 2774 1760 2847 vocant),
1803 2775 2060 2837 identilas

2172 2785 2406 2854 Βεὼσεως
2437 2795 2473 2849 ⁸.

410 2896 416 2901 .
493 2865 828 2963 ests-librum
862 2866 1103 2963 denique
1159 2866 1253 2938 qui
1289 2867 1708 2963 participatione
1775 2885 1840 2963 ac
1907 2879 2240 2961 commercio
2297 2855 2572 2955 gaudent,
2609 2899 2814 2960 quanta
2862 2892 3108 2962 praestari
3138 2899 3331 2963 potest
3378 2894 3432 2947 in
3481 2900 3607 2948 actu
3648 2906 3761 2962 per

496 2957 912 3012 similitudinem
935 2957 1215 3023 identitas,
1238 2973 1362 3013 cum
1385 2974 1452 3013 eo
1472 2960 1628 3031 cujus
1651 2960 2073 3032 participatione
2107 2976 2163 3023 et
2180 2985 2359 3028 comm

494 3047 697 3104 deitatc
721 3049 1016 3114 donentur,
1036 3049 1332 3106 deiﬁcatio.

565 3133 655 3193 20.
687 3139 924 3203 Natura,
953 3155 1147 3195 eorum
1181 3156 1303 3210 qum
1336 3150 1465 3195 sunt
1495 3157 1660 3212 supra
1694 3153 1946 3201 naturam
1983 3164 2073 3202 ras

498 3232 674 3287 tiones
700 3247 808 3286 non
836 3231 1031 3298 habet;
1063 3231 1142 3285 uti
1170 3247 1349 3302 neque
1378 3246 1569 3288 eorum
1600 3235 1769 3305 leges,
1796 3253 1918 3306 quae
1947 3247 2077 3294 sunt

498 3333 697 3394 praeter
732 3332 1005 3378 naturam.
1034 3323 1210 3395 Supra
1246 3333 1502 3379 naturam
1540 3336 1725 3381 autem
1762 3343 1884 3384 esse
1926 3330 2073 3396 dico,

499 3415 741 3470 divinam
779 3416 928 3470 illam
961 3414 1220 3485 omnique
1254 3416 1518 3486 majorem
1550 3418 1790 3487 cogitatu
1820 3419 2076 3490 volupta-

501 3516 643 3574 tem,
669 3521 834 3577 quam
868 3506 979 3561 Deo
1009 3505 1191 3576 dignis
1222 3520 1323 3576 per
1351 3506 1582 3576 gratiam
1618 3507 1775 3561 unito
1811 3520 2076 3579 praestare

501 3607 697 3654 natura
742 3607 1121 3669 comparatum
1156 3606 1242 3653 est
1281 3615 1295 3650 3
1341 3607 1541 3667 ρτεειοι·
1575 3609 1828 3656 naturam
1866 3610 2072 3667 autem,

499 3690 595 3758 qui
630 3680 794 3760 hujus
829 3688 1136 3759 privatione
1168 3688 1320 3742 nulla
1349 3686 1402 3743 vi
1432 3691 1704 3745 sermonis
1735 3692 2078 3761 explicabilis

503 3780 777 3836 conﬂatur
803 3781 990 3853 dolor;
1021 3783 1179 3852 cujus
1206 3783 1373 3847 Deus,
1394 3780 1597 3851 quibus
1625 3791 1823 3851 praeter
1848 3784 2076 3853 gratiam

504 3872 562 3927 in
585 3871 764 3943 dignis
788 3871 996 3938 unitur,
1019 3882 1218 3938 natura
1238 3872 1454 3939 exsistit
1472 3880 1684 3929 auctor.
1707 3875 1812 3929 Pro
1833 3873 2080 3945 subjecta

505 3964 654 4019 enim
691 3965 955 4035 cujusque
998 3964 1377 4034 dispositionis
1419 3964 1706 4035 qualitate,
1738 3964 1833 4034 qui
1870 3965 2087 4020 cunctis

510 4056 761 4121 uniatur,
792 4057 967 4121 Deus,
999 4071 1106 4127 qua
1149 4057 1304 4111 novit
1341 4056 1456 4127 ipse
1500 4057 1745 4123 ratione,
1779 4071 1878 4125 pro
1916 4071 1983 4113 eo
2022 4072 2086 4113 ac

510 4147 741 4218 quisque
785 4163 818 4202 a
860 4150 1043 4219 seipse
1082 4149 1355 4217 formatus
1394 4156 1479 4202 est
1518 4162 1585 4202 ac
1625 4155 1974 4221 comparatus
2017 4148 2083 4217 ad

508 4252 635 4290 eum
670 4237 1110 4308 suscipiendum,
1141 4238 1235 4308 qui
1268 4237 1495 4293 omnino
1524 4236 1582 4290 in
1616 4235 1724 4291 ﬁne
1758 4237 2085 4293 seculorum

509 4326 768 4382 omnibus
794 4327 1069 4383 uniendus
1090 4335 1194 4394 est,
1217 4325 1419 4399 singuli
1445 4340 1670 4382 sensum
1697 4325 1925 4396 praebet.

579 4439 625 4472 "
650 4438 692 4494 Ι.
714 4438 859 4494 Pctr.
892 4457 929 4504 I,
964 4440 1049 4494 10.

2362 2976 2513 3032 ercio
2535 2980 2796 3050 gaudent,
2817 2997 3011 3037 eorum
3039 2993 3124 3038 est
3145 2983 3238 3055 qui
3262 2983 3408 3054 digni
3470 2990 3600 3038 sunt
3651 2981 3761 3051 qui

2148 3232 2153 3233 γ
2249 3163 2317 3210 κ’.
2350 3159 2464 3212 Οὐκ
2492 3160 2605 3231 ἔχει
2630 3163 2664 3233 ἡ
2696 3162 2859 3231 φύσις
2886 3163 2997 3218 τῶν
3024 3165 3163 3237 ὑπὲρ
3197 3164 3357 3235 φύσιν
3379 3167 3507 3230 τοὺς
3531 3167 3756 3236 λόγους,

2177 3243 2368 3319 ὥσπερ
2418 3250 2541 3303 οὐδὲ
2594 3252 2704 3305 τῶν
2748 3254 2900 3324 παρὰ
2929 3255 3094 3324 φύσιν
3128 3255 3255 3320 τοὺς
3304 3257 3518 3327 νόμους.
3575 3258 3760 3331 ’Υπὲρ

2177 3334 2340 3402 φύσιν
2364 3336 2421 3389 δὲ
2447 3337 2612 3407 λέγω,
2634 3341 2733 3412 τὴν
2780 3343 2934 3397 Θείαν
2963 3345 3059 3398 καὶ⁸
3087 3346 3406 3415 ἀνεννόητον
3435 3347 3649 3418 ἡδονὴν,
3681 3351 3759 3421 ἣν

2179 3428 2353 3480 ποιεῖν
2387 3429 2630 3498 πέφυκεν
2656 3432 2685 3483 ὁ
2711 3432 2845 3497 Θεὸς
2866 3435 3049 3502 φύσει,
3080 3435 3224 3490 κατὰ
3246 3437 3410 3508 χάριν
3435 3442 3545 3501 τοῖς
3576 3438 3763 3503 ἀξίοις

2179 3515 2485 3587 ένοὺμενος·
2525 3521 2674 3589 παρὰ
2703 3522 2866 3592 φύσιν
2905 3524 2983 3589 δὲ,
3013 3525 3111 3596 τὴν
3148 3529 3301 3580 κατὰ
3330 3528 3585 3599 στέρησιν
3615 3530 3760 3582 ταύ-

2180 3623 2280 3676 της
2326 3612 2723 3684 συνισταμένην
2765 3614 3128 3688 ἁνεκλὰλητον
3172 3617 3404 3687 ὀδύνην,
3453 3619 3521 3690 ην
3573 3622 3762 3672 ποιείν

2181 3698 2373 3752 εἴωθεν
2402 3702 2430 3753 ὀ
2462 3701 2595 3766 Θεὸς
2629 3704 2808 3772 φύσει,
2854 3708 3008 3778 παρὰ
3038 3707 3136 3779 τὴν
3179 3710 3340 3781 χάριν
3362 3711 3474 3773 τοῖς
3509 3710 3762 3775 ἀναξίοις

2182 3787 2492 3859 ένούμενος.
2526 3794 2684 3848 Κατὰ
2712 3795 2818 3866 γὰρ
2836 3796 2934 3867 τὴν
2961 3798 3333 3869 ὑποκειμένην
3365 3801 3579 3871 ἑκάστῳ
3611 3802 3762 3855 ποιό-

2182 3895 2322 3965 τητα
2359 3881 2460 3950 τῆς
2493 3882 2809 3950 διαθέσεως,
2856 3889 2885 3940 ό
2919 3887 3052 3953 Θεὸς
3096 3893 3209 3953 τοῖς
3237 3893 3405 3944 πᾶσιν
3439 3893 3755 3965 ἑνούμενος,

2181 3967 2257 4030 ὡς
2280 3964 2418 4022 οἶδεν
2450 3970 2633 4035 αὐτὸς,
2662 3973 2760 4045 τὴν
2787 3974 3040 4046 αἴσθησιν
3067 3978 3282 4049 ἑκάστῳ
3305 3981 3624 4051 παρέχεται,
3647 4000 3757 4037 και

2183 4058 2291 4124 θὼς
2320 4062 2469 4115 ἐστιν
2497 4063 2726 4128 ἕκαστος
2761 4065 2852 4135 ὑφ’
2877 4067 3073 4121 ἑαυτοῦ
3097 4069 3590 4142 διαπεπλασμένος,
3616 4072 3761 4143 πρὸς

2184 4147 2452 4221 ὑποδοχὴν
2480 4151 2575 4204 τοῦ
2610 4153 2833 4218 πάντως.
2865 4158 3033 4210 πᾶσιν
3082 4158 3488 4229 ἑνωθησομένου
3528 4163 3671 4215 κατὰ
3693 4162 3764 4215 τὸ

2184 4239 2362 4312 πέρας
2383 4243 2492 4298 τῶν
2525 4244 2754 4301 αἰώνων.

580 4534 599 4551 ⁶
620 4531 940 4602 Sequuntur
968 4534 1127 4607 longe
1145 4534 1306 4606 plura
1327 4547 1420 4604 qu.
1450 4532 1541 4590 illa
1563 4529 1632 4589 59
1646 4578 1663 4603 ,
1677 4533 1841 4605 digna
1868 4532 2087 4590 Ματιηιὶ
2120 4547 2280 4590 vena.

584 4654 662 4721 (n)
678 4654 739 4707 Ἠ
757 4652 1014 4720 ἆρῤητος
1025 4655 1422 4721 περιχώίγησις
1442 4654 1551 4706 τοῦ
1563 4638 2070 4721 πεπιστευμένου.

2184 4650 2276 4706 Sic
2309 4664 2441 4721 ergo
2463 4632 2757 4704 Maximum
2781 4647 3565 4721 intelligo:Manifestationem
3589 4665 3657 4721 ac
3674 4666 3765 4705 re-

513 4723 632 4779 Alia
653 4722 887 4793 profano
921 4736 1026 4793 usu
1044 4722 1210 4793 hujus
1243 4722 1391 4793 vocis
1405 4722 1758 4793 signiﬁcatio,
1785 4736 1947 4791 quam
1988 4721 2081 4777 hic

513 4790 826 4849 conveniat.
852 4791 1010 4862 Quod
1031 4790 1172 4862 vero
1203 4790 1387 4862 reddit
1404 4790 1588 4856 Picus,
1620 4790 1823 4862 arcana
1869 4805 2079 4862 proces-

512 4865 612 4923 sio,
643 4878 751 4916 non
804 4859 1101 4926 satisfacit;
1134 4876 1236 4931 nec
1264 4859 1411 4931 satis:
1429 4862 1589 4931 video
1641 4860 1775 4931 quid
1834 4859 1898 4931 ea
1944 4875 2080 4931 [oce

512 4933 666 4987 velit.
689 4932 923 4986 Budaeus
954 4932 1114 5001 longe
1138 4929 1355 4986 doctior
1401 4930 1456 4984 in
1489 4926 1824 5001 Damasceno
1857 4930 1925 4984 de
1954 4926 2081 4982 Tri-

515 5002 911 5057 nit..divinam
972 4999 1334 5070 personarum
1379 4999 1771 5070 περιχώρησιν,
1830 5001 2081 5070 unionem

518 5072 735 5149 reddit;
763 5070 912 5149 quod
964 5068 1106 5126 forte
1163 5070 1329 5139 paulo
1373 5068 1790 5149 liberius.est:
1844 5068 2086 5149 theologi

517 5138 1052 5196 circuminéessionem
1091 5138 1305 5209 vocant,
1353 5138 1511 5209 quasi
1547 5139 1711 5193 unius
1746 5153 1996 5209 persona:
2029 5138 2085 5209 in

521 5211 682 5266 aliam
729 5211 976 5277 undique
1036 5206 1480 5274 immeationém;
1529 5209 1717 5262 malim
1747 5206 1890 5277 'cgo,
1938 5206 2085 5277 quod

518 5297 629 5336 una
643 5281 824 5349 capiat
842 5276 1002 5334 aliam
1020 5293 1084 5349 ac
1099 5280 1251 5333 velut
1263 5279 1543 5349 contineat
1557 5285 1613 5332 et
1625 5276 2055 5348 comprehendat
2070 5294 2084 5343 ;

519 5347 799 5420 quomodo
833 5350 1008 5420 etiam
1031 5347 1295 5404 dicuntur
1326 5348 1527 5404 divinae
1555 5347 1801 5420 persona:
1840 5350 2092 5415 ἀνεκφοι-

520 5417 699 5489 eam;
725 5419 1044 5489 procedere,
1085 5420 1161 5472 ita
1190 5428 1248 5473 ut
1269 5420 1380 5473 alia
1414 5417 1564 5473 extra
1599 5417 1767 5472 aliam
1791 5434 1897 5489 non
1918 5432 2092 5489 Δαξξεσς»-

522 5484 655 5543 ἀὰηι
675 5506 694 5546 :
717 5484 837 5560 quia
856 5488 1009 5545 vocis
1036 5490 1254 5560 χωρεῖν,
1292 5488 1417 5543 trita
1446 5488 1741 5560 admodum
1762 5484 2089 5560 signiﬁcatio

524 5569 629 5620 est,
663 5555 910 5637 soletque
937 5555 1389 5637 et_ad'animum
1437 5557 1748 5637 transferri.
1790 5555 1969 5637 quod"
1996 5555 2086 5637 ille

525 5628 683 5697 quasi
718 5625 1052 5686 continendo
1075 5642 1140 5685 ac
1164 5629 1220 5684 in
1248 5640 1307 5684 sc
1333 5641 1449 5685 rem
1484 5626 1759 5692 habendo,
1800 5625 2082 5694 intelligat.

2186 4720 2519 4790 velationem
2554 4721 2633 4773 rei
2667 4719 2892 4790 creditae
2932 4734 2997 4790 ac
3044 4720 3140 4774 Dei
3170 4722 3328 4790 (quze
3355 4719 3416 4773 ﬁt
3458 4734 3561 4790 per
3612 4720 3761 4777 dona

2187 4789 2426 4859 Spiritus
2439 4788 2754 4859 adjuvantia
2778 4788 2962 4859 ﬁdem)
2984 4790 3105 4859 ejus
3130 4788 3189 4843 in
3208 4788 3367 4859 nobis
3395 4788 3768 4859 comprehen-

2186 4860 2401 4914 sionem
2430 4858 2551 4929 esse
2566 4873 2639 4929 ac
2662 4858 3072 4929 perceptionem
3106 4875 3120 4910 :
3145 4869 3205 4913 ut
3234 4858 3366 4912 hinc
3393 4858 3450 4912 in
3472 4858 3639 4913 nobis
3670 4859 3769 4914 ha-

2188 4929 2456 4983 bitantem
2491 4927 2792 4983 habeamus
2821 4927 3110 4998 ipsumque
3137 4938 3459 4998 prmsentem
3502 4943 3569 4982 ac
3598 4930 3769 4984 nobis

2192 4998 2448 5053 intimum
2483 4997 2895 5067 cognoscamus,
2915 4998 3067 5067 juxta
3095 4997 3230 5052 illud
3253 4997 3402 5052 Pauli
3431 4997 3657 5067 (Ephes.
3681 5015 3763 5064 Ill,

2193 5068 2280 5138 l7)
2312 5085 2326 5120 :
2359 5066 2903 5138 HabitareChristum
2914 5083 3007 5137 per
3025 5066 3181 5135 ﬁdem
3208 5068 3260 5121 in
3289 5066 3530 5138 cordibus
3554 5072 3761 5138 uestris.

2191 5135 2305 5193 Nec
2333 5136 2482 5193 istud
2523 5144 2672 5191 vetat
2697 5135 2935 5206 aliquid:
2951 5152 3205 5190 arcanam
3237 5136 3518 5206 unionem
3551 5137 3763 5199 dicere.

2191 5216 2249 5261 et
2260 5206 2420 5286 _quasi
2438 5205 2896 5286 commistionem,
2921 5205 3247 5286 juxta‘qu'od
3270 5205 3508 5286 llesvcb:
3528 5224 3767 5286 περιχω-

2191 5222 2249 5261 et
2267 5222 2420 5276 quasn
2438 5222 2896 5270 commisuonem,
2921 5222 3247 5329 juxtaauou
3274 5222 3506 5286 uesycn.
3528 5224 3763 5286 περιχω-

2136 5332 2141 5337 _
2199 5279 2301 5346 ρεί,
2342 5276 2724 5346 puggic‘ferat
2749 5275 2994 5346 exponit.
3028 5275 3097 5346 Se
3169 5276 3226 5330 in
3270 5274 3763 5346 lusibalhuttmus,

2193 5344 2298 5401 etsi
2326 5344 2500 5401 Graeci
2536 5346 2699 5411 paulo
2732 5344 2893 5399 nobis
2927 5344 3157 5398 vocibus
3208 5353 3337 5398 sunt
3358 5345 3665 5411 feliciores.
3703 5345 3762 5399 lu

2194 5415 2337 5480 aliis,
2369 5414 2507 5469 nihil
2531 5414 2644 5470 fere
2677 5415 2842 5469 Picus
2892 5414 3126 5477 felicior.
3164 5422 3226 5468 ut
3281 5414 3431 5483 quod
3454 5415 3767 5484 ἀεικίνητος

2195 5486 2405 5546 στάσις,
2433 5484 2513 5538 illi
2537 5492 2641 5549 est,
2669 5484 2897 5538 conditio
2921 5499 3126 5554 semper
3162 5499 3407 5549 movens;
3458 5500 3573 5540 non
3614 5486 3767 5554 quin

2193 5554 2307 5627 iugi
2330 5554 2555 5611 incitata
2582 5562 2727 5610 motu
2743 5569 2763 5620 ;
2788 5554 2968 5623 qualis
3002 5554 3305 5610 frueutium
3324 5554 3457 5610 Deo.
