4010 6202
284 284 434 349 13Ιῦ

965 269 1299 334 CAPITUM
1339 267 1762 341 QUlNQUIES
1799 222 2318 327 CEVTENORUM
2356 259 2749 356 CENTURIA.
2783 260 2882 321 IV.

3427 257 3562 325 13ἰὲ

354 394 467 463 κα³.
504 389 644 451 Τοὺς
693 383 1060 455 ἐκζητοῦντας
1105 382 1163 434 ἐν
1209 379 1480 450 πνεύματι
1509 379 1606 447 τὴν
1637 378 1746 432 τῶν
1771 375 1872 446 ψυ-

2048 372 2139 428 2i.
2169 372 2278 428 Eos
2310 369 2405 441 qui
2441 373 2497 426 in
2531 372 2726 442 spiritu
2764 384 3074 426 animarum
3102 365 3336 424 salutem
3363 371 3560 440 exqui-

279 485 396 555 χῶν
426 481 724 552 σωτηρίαν,
763 478 860 531 καὶ
887 473 1292 546 ἐξερευνῶντας
1319 473 1446 534 τοὺς
1473 469 1676 541 ταύτης
1704 484 1872 521 πνευ-

284 575 554 645 ματικοὺς
616 570 716 639 τῆς
781 565 1059 636 σωτηρίας
1113 562 1308 630 λόγους
1361 578 1422 614 τε
1466 561 1562 614 καὶ
1612 559 1871 629 τρόπους,

279 668 471 736 ὁδηγεῖ
500 663 636 734 πρὸς
681 660 1011 730 κατανόησιν
1063 657 1126 710 τὸ
1171 655 1395 725 Πνεῦμα
1436 653 1498 706 τὸ
1556 653 1730 720 ἅγιον,
1773 651 1874 703 οὐκ

279 758 394 811 ὲῶν
438 754 699 823 ἀκίνητον
738 751 922 812 αὐτοῖς
973 748 1174 819 μένειν,
1229 747 1325 800 καὶ
1381 745 1745 814 ἀνενέργητον
1775 742 1877 812 τὴν

281 849 355 902 δι’
388 843 456 918 ἦς
492 846 559 898 τὰ
589 845 707 897 θεῖα
737 843 990 912 ἐπιζητεῖν
1025 838 1307 921 πεφύδιασι
1335 835 1496 908 [unus
1533 834 1664 906 Reg.
1698 832 1875 902 πεφύ-

283 938 494 1011 καμεν]
527 939 780 1006 δύναμιν.

358 1031 466 1102 κβ’.
512 1028 738 1102 Πρῶτόν
779 1045 864 1090 τις
910 1026 1066 1097 ζητεῖ
1099 1026 1166 1096 τῇ
1219 1020 1542 1094 προαιρέσει
1595 1018 1874 1091 νεκρῶσαι

282 1123 389 1195 τὴν
424 1120 724 1195 ἁμαρτίαν,
763 1117 858 1172 καὶ
895 1117 993 1187 τὴν
1021 1114 1346 1187 προαίρεσιν
1383 1113 1450 1182 τῇ
1470 1109 1747 1181 ἁμαρτίᾳ’
1775 1109 1874 1162 καὶ

291 1217 469 1278 οὓτως,
524 1215 744 1283 ἐρευνᾷ,
779 1210 900 1274 πῶς
937 1209 1018 1262 δεῖ
1053 1209 1147 1261 καί¹
1186 1205 1325 1276 ποίῳ
1364 1204 1554 1275 τρόπῳ
1607 1201 1878 1271 νεκρῶσαι

287 1307 502 1367 ταύτας
537 1303 826 1374 ἀλλήλαις;
860 1303 966 1354 Καὶ
998 1299 1160 1353 πάλιν
1189 1297 1331 1368 μετὰ
1351 1297 1453 1366 τὴν
1475 1293 1682 1347 τούτων
1710 1293 1876 1362 ἀλλή-

287 1400 413 1460 λαις
455 1396 668 1451 τελείαν
714 1396 1004 1465 νέκρωσιν,
1048 1390 1203 1464 ζητεῖ
1244 1390 1345 1459 τὴν
1387 1387 1507 1441 κατ’
1551 1385 1752 1456 ἀρετὴν
1781 1385 1880 1456 τῆς

291 1490 700 1562 προαιρέσεως,
734 1488 830 1540 καὶ
857 1486 959 1556 τῆς
1001 1483 1204 1555 ἀρετῆς
1242 1483 1340 1554 τὴν
1367 1479 1510 1533 κατὰ
1553 1477 1879 1548 προαίρεσιν

295 1583 478 1652 ζωήνσ
521 1580 615 1633 καὶ
645 1577 819 1639 οὓτως
860 1575 1081 1647 ἐρευνᾷ,
1115 1573 1232 1637 πῶς
1259 1571 1463 1624 δεῖκαὶ
1505 1569 1645 1639 ποίῳ
1692 1566 1880 1637 τρόπῳ

291 1675 396 1745 τὴν
419 1678 477 1729 ἐν
513 1673 778 1744 ἀλλήλαις
799 1669 1006 1724 τούτων
1040 1668 1102 1736 δη
1116 1667 1447 1738 μιουργῆσαι
1483 1661 1650 1733 ζωήν.
1689 1662 1879 1713 Ἔστιν

1983 475 2133 529 runt,
2171 467 2398 536 ejusque
2436 465 2628 520 salutis
2668 465 2941 535 Spiritales
2981 462 3221 518 rationes
3259 461 3562 532 modosque

1981 565 2389 620 exscrutautur,
2413 557 2600 627 dirigit
2623 556 2862 626 Spiritus
2883 563 3106 610 sanctus
3129 564 3189 608 ut
3209 563 3390 607 mente
3415 567 3570 606 asse—

1983 657 2254 719 quantur;
2295 649 2459 719 589
2495 665 2599 705 nec
2630 649 2750 704 sine
2784 656 2937 702 motu
2973 655 3138 715 atque
3173 645 3405 699 inertem
3440 659 3561 698 eam

1985 743 2093 797 illis
2130 742 2238 796 vim
2281 757 2500 796 manere
2537 741 2688 802 sinit,
2718 755 2815 810 per
2850 754 3013 808 quam
3053 745 3116 791 ut
3153 736 3338 790 divina
3372 736 3564 804 exqui-

1985 842 2130 896 rant,
2156 834 2264 888 illis
2291 834 2533 903 proclive
2558 837 2933 900 comparatum
2961 836 3064 882 est.

2055 1009 2143 1063 29..
2171 1009 2415 1062 Primum
2441 1007 2565 1076 quis
2593 1005 2790 1076 qumrit
2810 1003 3078 1060 voluntati
3104 1011 3387 1072 peccatum
3418 1016 3564 1055 mor-

1989 1102 2198 1159 tificare
2244 1109 2301 1155 et
2344 1101 2679 1154 voluntatem
2724 1107 2982 1168 peccato;
3029 1095 3216 1164 sicque
3267 1103 3564 1157 scrutatur,

1987 1193 2264 1264 quomodo
2302 1207 2367 1247 ac
2403 1208 2512 1261 qua
2551 1192 2764 1246 ratione
2793 1190 2910 1244 haec
2941 1188 3047 1242 alia
3079 1186 3202 1241 aliis
3233 1184 3566 1240 mortiﬁcare

1987 1284 2314 1340 conveniat?
2338 1284 2679 1351 Rursusque,
2706 1280 2792 1334 his
2816 1278 3056 1348 perfecte
3085 1277 3226 1331 inter
3251 1292 3308 1330 se
3331 1275 3564 1330 mortiﬁ-

1987 1376 2153 1438 catis,
2192 1377 2358 1428 vitam
2403 1373 2705 1427 voluntatis
2746 1387 2868 1441 qua:
2910 1370 3116 1424 virtute
3162 1378 3472 1438 praestatur,
3509 1377 3566 1422 et

1986 1465 2231 1526 virtutis,
2265 1480 2387 1533 qua:
2426 1470 2714 1532 praestatur
2755 1462 3059 1515 voluntate.
3093 1459 3289 1528 quaerit
3331 1476 3344 1511 :
3388 1467 3444 1513 et
3485 1457 3565 1511 sic

1987 1554 2601 1623 scrutatur,‘quomodo
2636 1569 2811 1622 quave
2846 1552 3059 1606 ratione
3094 1551 3290 1604 horum
3329 1550 3474 1604 inter
3507 1565 3566 1604 se
3595 1614 3604 1624 .

1987 1651 2102 1703 vita
2145 1647 2431 1702 conﬂanda
2474 1645 2566 1699 sit.
2603 1645 2698 1698 Est
2743 1643 2928 1713 igitur,
2964 1651 3024 1696 ut
3061 1642 3212 1710 quasi
3255 1639 3566 1694 deﬁniendo

296 1732 513 1835 οὖνζώς
562 1732 884 1834 ἐνοὸρισμῷ
929 1732 1201 1829 λαϐεῖν.,ή
1397 1732 1646 1826 ζήτησις,
1701 1753 1880 1824 δρεξις

1994 1739 2339 1808 complectar,
2362 1735 2508 1805 quod
2537 1735 2857 1804 quaerimus,
2879 1733 3260 1788 desiderabilis
3283 1732 3566 1802 cujusdam

296 1859 639 1930 καταθυμίου
667 1858 813 1920 τινός
834 1875 847 1888 ·
877 1859 909 1927 ἡ
945 1856 1001 1908 δὲ
1033 1853 1340 1925 ὲρεύνησις,
1367 1849 1566 1921 τρόπος
1594 1848 1694 1916 τῆς
1741 1846 1878 1918 πρὸς

296 1955 361 2007 τὸ
401 1951 742 2022 καταθύμιον
773 1949 1010 2020 ὀρέξεως
1045 1943 1360 2004 άνυστικός.

372 2023 494 2114 κγ’.-
521 2046 612 2095 Δεῖ
657 2043 733 2106 ώς
784 2037 999 2108 ἀληθῶς
1041 2037 1132 2090 τὸν
1169 2035 1574 2106 σωθησόμενον,
1609 2033 1684 2104 μὴ
1719 2033 1880 2102 μόνον

298 2139 368 2208 τῇ
405 2134 724 2206 προαιρέσει
773 2130 1051 2201 νεκρῶσαι
1097 2127 1195 2197 τὴν
1241 2126 1534 2197 ἁμαρτίαν,
1597 2125 1732 2177 ἀλλὰ
1790 2124 1883 2176 καὶ

302 2228 475 2298 αὐτὴν
524 2226 623 2296 τὴν
681 2223 1007 2294 προαίρεσιν
1061 2221 1127 2289 τῇ
1177 2218 1576 2288 ἀμαρτίᾳοκαί
1609 2216 1684 2287 μὴ
1720 2215 1882 2285 μόνον

305 2320 614 2389 ἀναστῆσαι
650 2320 714 2388 τῇ
748 2317 920 2386 ἀρετῇ
956 2312 1055 2384 τὴν
1086 2312 1426 2382 προαίρεσιν,
1469 2309 1607 2363 ἀλλὰ
1646 2309 1741 2361 καὶ
1783 2307 1882 2361 αὐ-

304 2411 404 2480 τὴν
433 2412 498 2480 τῇ
542 2407 864 2479 προαιρέσει
907 2405 1008 2476 τὴν
1043 2405 1271 2472 ἀρετήν·
1309 2402 1396 2453 ἵνα
1439 2400 1608 2470 νεκρὰ
1654 2400 1880 2469 νεκρᾶς,

306 2499 401 2570 δλη
435 2498 562 2568 ὅλης
598 2497 696 2567 τῆς
726 2492 1000 2564 ἁμαρτίας
1032 2489 1366 2561 διαιρεθεῖσα
1419 2489 1493 2560 μὴ
1535 2487 1880 2559 αἰσθάνηται,

309 2589 402 2645 καὶ
423 2589 573 2652 ζῶσα
602 2586 803 2656 ζώσης,
835 2584 930 2655 ὅλη
962 2582 1091 2653 ὅλης
1107 2582 1206 2651 τῆς
1236 2581 1439 2651 ἀρετῆς
1466 2579 1882 2648 ἐπαισθάνηται,

309 2682 433 2738 καθ’
469 2683 664 2736 ἕνωσιν
709 2679 1036 2734 ἀδιάστατον
1080 2675 1113 2745 ἡ
1157 2673 1497 2744 προαίρεσις.
1539 2673 1598 2724 Ὁ
1651 2671 1760 2743 γὰρ
1797 2689 1884 2723 νε-

311 2775 530 2848 κρώσας
563 2776 629 2844 τῇ
661 2769 909 2842 ἁμαρτίᾳ.
946 2769 1047 2839 τὴν
1096 2765 1438 2838 προαίρεσιν,
1480 2763 1762 2834 σύμφυτος
1793 2763 1885 2829 γέ-

309 2885 435 2936 γονε
473 2865 548 2936 τῷ
580 2861 888 2934 ὁμοιώματι
931 2859 1027 2914 τοῦ
1063 2857 1300 2912 θανάτου
1340 2856 1436 2909 τοῦ
1481 2852 1756 2925 Χριστοῦ·
1790 2854 1887 2907 καὶ

305 2964 333 3016 ὁ
369 2958 573 3029 ταύτην
599 2955 912 3026 ἀναστήσας
936 2953 1003 3024 τῇ
1035 2949 1372 3022 δικαιοσύνῃ.
1399 2947 1678 3019 σύμφυτος
1697 2946 1886 3013 γέγονε

311 3050 405 3106 καὶ
429 3050 530 3121 τῆς
553 3047 908 3108 ἀναστάσεως
937 3041 1122 3097 αὓτοῦ.

1979 1831 2279 1902 appetitio;
2304 1828 2450 1898 quod
2476 1844 2606 1883 vero
2631 1834 2964 1891 scrutamur,
2990 1826 3186 1880 modus
3206 1839 3316 1894 quo
3339 1840 3402 1878 ea
3424 1824 3570 1879 desi-

1979 1923 2242 1978 derabilis
2273 1920 2540 1991 appetitio
2569 1919 2776 1989 expleri
2809 1919 3005 1988 possit.

2052 2015 2143 2070 23.
2171 2016 2383 2070 Revera
2409 2012 2687 2074 convenit,
2714 2019 2776 2064 ut
2799 2010 2892 2080 qui
2920 2009 3216 2064 salvandns
3245 2011 3335 2074 sit,
3361 2010 3566 2064 nedum

1981 2107 2249 2162 voluntati
2301 2113 2585 2174 peccatum
2643 2101 2971 2165 mortiﬁcet,
3021 2118 3214 2154 verum
3275 2110 3331 2155 et
3391 2103 3566 2171 ipsam

1982 2199 2323 2253 voluntatem
2359 2204 2584 2266 peccato
2617 2213 2630 2249 :
2663 2210 2767 2249 nec
2797 2194 2974 2247 solum
3003 2194 3342 2246 voluntatem
3374 2192 3565 2245 virtuti

1983 2290 2243 2351 viviﬁcet,
2271 2289 2365 2344 sed
2402 2295 2459 2341 et
2487 2287 2748 2340 virtutem
2789 2285 2888 2354 ipsi
2921 2285 3219 2347 voluntati;
3258 2293 3317 2338 ut
3350 2293 3566 2338 mortua

1983 2391 2286 2442 mortuum.
2322 2388 2433 2434 tota
2465 2396 2497 2433 a
2536 2389 2650 2433 toto
2674 2377 2868 2442 divisa,
2895 2385 3178 2446 peccatum
3210 2391 3312 2430 nec
3338 2391 3568 2445 persen-

1988 2475 2113 2540 tiat,
2169 2472 2471 2540 vivensquc
2522 2470 2836 2533 viventem,
2895 2475 3009 2522 tota
3069 2477 3272 2533 totam,
3333 2467 3566 2523 indivisa

1987 2565 2190 2620 unione
2246 2563 2500 2617 voluntas
2553 2561 2856 2631 perseutiat
2910 2559 3200 2614 virtutem.
3253 2558 3356 2626 Qui
3415 2559 3566 2614 enim

1985 2657 2322 2710 voluntatem
2366 2662 2591 2723 peccato
2630 2650 3007 2713 mortiﬁcavit,
3043 2650 3446 2719 cornplantatus
3485 2649 3568 2703 fa-

1987 2759 2108 2805 ctus
2141 2756 2225 2803 est
2253 2745 2600 2802 similitudini
2632 2744 2826 2798 mortis
2855 2742 3060 2798 Christi
3086 2743 3127 2774 ⁸⁸
3158 2760 3170 2794 :
3202 2757 3267 2796 ac
3297 2741 3389 2810 qui
3425 2741 3570 2796 hanc

1986 2842 2179 2896 virtuti
2248 2839 2567 2904 suscitavit,
2622 2839 3024 2910 eomplautatus
3093 2833 3271 2890 factus
3322 2844 3409 2890 cst
3448 2836 3570 2907 ejus

1987 2933 2154 2988 etiam
2181 2929 2528 2986 similitudini
2557 2927 3001 2985 resurrectionis.

377 3097 906 3210 ᾇέῨίῘῖρἆιέ
942 3134 1038 3188 καὶ
1075 3135 1108 3204 ὴ
1153 3133 1472 3203 προαίρεσις
1519 3126 1883 3199 νεκροὺμεναι

2059 3126 2150 3180 24.
2176 3125 2468 3179 Peccatum
2503 3131 2666 3191 atque
2693 3121 2968 3186 voluntas,
3001 3135 3109 3190 qua
3144 3120 3378 3175 alterum
3407 3119 3566 3175 alteri

309 3236 589 3306 ἀλλήλαις,
621 3233 817 3302 διπλῆν
849 3230 1035 3300 ἔχουσι
1064 3227 1199 3299 πρὸς
1230 3225 1467 3295 ἀλλήλας
1493 3223 1590 3294 τὴν
1624 3219 1888 3290 ἀναισθη-

310 3328 450 3384 σίαν.
483 3327 594 3380 Καὶ
623 3326 657 3397 ἡ
688 3321 1002 3393 δικαιοσύνη
1054 3320 1148 3374 καὶ
1177 3321 1210 3390 ἡ
1255 3316 1596 3388 προαίρεσις,
1628 3314 1887 3386 ἀλλήλαις

309 3420 529 3492 ἔχουσαι
556 3417 655 3487 τὴν
682 3415 849 3484 ζωὴν,
885 3413 1077 3482 διπλῆν
1106 3409 1415 3480 ἐχουσιτὴν
1447 3407 1718 3477 αἴσθησιν.

378 3519 478 3566 κε’.
519 3511 650 3572 Θεὸς
703 3507 965 3578 ὑπάρχων
1018 3503 1179 3572 φύσει
1231 3501 1327 3553 καὶ
1376 3499 1721 3568 ἇνθρωποςό
1752 3497 1886 3566 Χρι-

309 3603 456 3666 στὸς,
483 3601 572 3669 ὑφ’
609 3596 768 3670 ἡμῶν
801 3596 877 3660 ὡς
912 3593 1046 3656 Θεὸς
1090 3591 1233 3661 ὑπὲρ
1271 3589 1434 3658 φύσιν
1471 3589 1654 3658 χάριτι
1686 3585 1886 3655 κληρο-

308 3695 578 3764 νομεῖται,
627 3688 767 3742 κατὰ
812 3687 911 3756 τὴν
959 3686 1199 3755 ἄρρητον
1236 3679 1485 3752 μέθεξιν
1520 3679 1613 3731 καὶ
1638 3677 1708 3730 δι’
1739 3677 1886 3746 ἡμᾶς

311 3789 367 3840 ἐν
391 3785 524 3838 εῖδει
553 3781 631 3853 τῷ
653 3779 776 3834 καθ’
805 3779 953 3849 ἡμᾶς
976 3777 1051 3840 ώς
1081 3773 1367 3844 ἄνθρωπος
1396 3772 1546 3841 ἡμᾶς
1582 3767 1888 3837 οἰκειούμε·

311 3895 421 3942 νος,
454 3873 651 3929 ἐαυτὸν
680 3871 1010 3942 κληρονομεῖ
1037 3867 1136 3919 σὺν
1164 3867 1297 3936 ἡμῖν
1335 3862 1476 3917 κατὰ
1508 3861 1606 3932 τὴν
1634 3861 1890 3928 ἀνεννόη-

312 3986 403 4022 τον
458 3963 902 4034 συγκατάϐασιν·
934 3961 992 4014 ὃν
1045 3957 1122 4028 τῷ
1180 3954 1452 4026 πνεύματι
1506 3950 1783 4023 μυστικῶς
1837 3951 1888 4002 οἰ

313 4061 456 4128 ἅγιοι
489 4055 997 4128 προθεωρήσαντες,
1015 4045 1370 4117 ἐδιδάχθησαν
1397 4043 1472 4106 ώς
1494 4042 1599 4114 χρὴ
1619 4041 1719 4111 τῆς
1749 4039 1888 4093 κατὰ

311 4152 371 4204 τὸ
406 4149 598 4220 μέλλον
633 4143 1016 4216 φανησομένης
1042 4139 1133 4192 διὰ
1179 4138 1278 4208 τὴν
1329 4134 1529 4207 ἀρετὴν
1561 4135 1618 4187 ἐν
1667 4131 1888 4204 Χριστῷ

314 4242 488 4310 δόξης.
524 4238 595 4292 τὰ
622 4240 703 4300 εἰς
741 4235 904 4290 αὑτὸν
965 4232 1106 4303 ὑπὲρ
1159 4231 1358 4303 ἀρετῆς
1407 4228 1550 4284 κατὰ
1603 4227 1666 4281 τὸ
1713 4227 1886 4298 παρὸν

317 4326 784 4403 προκαθηγεῖσθαι
815 4325 1134 4395 παθήματα.

386 4512 498 4572 κς’.
550 4504 608 4558 Ὀ
640 4503 738 4574 μὲν
773 4505 896 4562 νοῦς
948 4499 1090 4553 κατὰ
1134 4497 1304 4570 μόνην
1328 4494 1426 4567 τὴν
1463 4493 1650 4565 ἔφεσιν
1706 4489 1885 4560 ἀγνώ-

318 4614 457 4660 στως
478 4594 636 4666 ιπρὸς
663 4593 761 4664 τὴν
788 4591 895 4646 τῶν
934 4591 1105 4644 ὄντων
1147 4589 1325 4642 αἰτίαν
1355 4588 1698 4656 κινούμενος,
1734 4583 1890 4654 ζητεί

323 4689 516 4760 μόνον’
547 4689 576 4741 ὁ
605 4685 662 4739 δέ
707 4684 886 4754 λόγος,
917 4683 1042 4746 τοὺς
1090 4683 1148 4734 ἐν
1196 4682 1310 4744 τοῖς
1340 4674 1491 4736 οὖσιν
1519 4676 1740 4746 ἀληθεῖς
1774 4693 1891 4728 ποι⁴

317 4780 480 4842 κίλως
503 4775 772 4847 ἐφοδεύων
811 4775 1009 4846 ἐρευνᾷ
1039 4773 1252 4841 λόγους.

390 4869 494 4935 κζ’.
537 4868 772 4940 Ζήτησίς
814 4869 962 4919 ἐστιν
996 4867 1029 4935 ἡ
1065 4863 1160 4917 τοῦ
1189 4860 1282 4916 νοῦ
1311 4859 1506 4931 πρώτη
1529 4876 1588 4912 τε
1622 4861 1716 4912 καὶ
1740 4857 1888 4929 ἁπλῆ

319 4963 452 5035 πρὸς
477 4963 577 5032 τὴν
607 4961 743 5013 ἰδίαν
771 4959 950 5012 αἰτίαν
983 4955 1098 5028 μετ’
1129 4955 1367 5024 ἐφέσεως
1387 4952 1602 5022 κίνησις
1621 4968 1635 4982 ·
1662 4951 1888 5021 ἐρεύνη-

321 5073 401 5118 σις
432 5054 489 5107 δέ
524 5055 692 5117 ἐστιν,
715 5054 748 5122 ἡ
781 5049 973 5122 πρώτη
1017 5065 1076 5100 τε
1121 5047 1216 5100 καὶ
1256 5043 1402 5114 ἁπλῆ
1442 5041 1537 5095 τοῦ
1566 5042 1726 5112 λόγου
1759 5042 1889 5115 περὶ

319 5145 411 5216 τὴν
442 5144 577 5198 ἰδίαν
612 5142 792 5197 αἰτίαν
822 5141 962 5213 μετά
993 5154 1138 5200 τινος
1179 5135 1388 5198 ἐννοίας
1431 5132 1726 5204 διάκρισις.
1765 5134 1888 5186 Ἐκ-

319 5238 542 5308 ζήτησις
584 5234 640 5288 δὲ
691 5233 852 5287 πάλιν
900 5233 1068 5296 ἐστὶν,
1107 5233 1140 5301 ἠ
1181 5227 1275 5281 τοῦ
1307 5226 1400 5280 νοῦ
1434 5227 1554 5279 κατ’
1578 5225 1888 5296 ἐπιστήμην

319 5326 591 5397 γνωστικῆ
631 5326 767 5397 πρὸς
799 5325 898 5394 τὴν
935 5323 1073 5376 ἰδίαν
1103 5320 1283 5376 αἰτίαν
1316 5317 1456 5387 μετά
1489 5334 1632 5380 τινος
1657 5316 1888 5388 ζεούσης

319 5417 557 5487 ἐφέσεως
586 5416 797 5487 κίνησις
817 5432 830 5445 ·
865 5413 1214 5483 ἐξερεύνησις
1253 5409 1310 5464 δέ
1339 5411 1507 5472 ἐστιν,
1539 5409 1572 5479 ἡ
1607 5406 1702 5460 τοῦ
1724 5407 1888 5476 λόγου

321 5511 439 5566 κατ’
465 5509 748 5577 ἐνέργειαν
794 5508 902 5560 τῶν
937 5505 1148 5578 ἀρετῶν
1202 5501 1332 5574 περὶ
1377 5501 1476 5574 τὴν
1521 5501 1659 5556 ἰδίαν
1709 5502 1890 5556 αἰτίαν

389 5671 431 5705 ⁸⁸
460 5671 618 5726 Rom.
647 5685 721 5732 vi,
747 5668 800 5724 5.
879 5668 919 5698 "
956 5666 1114 5722 Rom.
1142 5682 1256 5729 vnt,
1281 5665 1365 5722 25.

1989 3216 2419 3279 mortiﬁcamur,
2448 3215 2723 3284 duplicem
2760 3213 2904 3268 inter
2935 3228 2993 3268 se
3029 3212 3235 3267 habent
3263 3212 3566 3267 absentiam

1987 3324 2204 3363 sensus.
2236 3305 2568 3376 Iustitiaque
2612 3313 2668 3359 et
2711 3305 2986 3370 voluntas,
3020 3304 3126 3359 alia
3166 3304 3259 3359 alii
3296 3304 3567 3372 viventes,

1986 3416 2207 3454 sensum
2239 3399 2511 3467 duplicem
2544 3397 2767 3452 habent.

2059 3491 2146 3543 25.
2189 3490 2471 3550 Christus,
2515 3490 2609 3558 qui
2651 3489 2797 3542 Deus
2839 3498 3036 3542 natura
3085 3497 3141 3542 et
3185 3489 3351 3544 homo
3393 3489 3493 3553 sit,
3531 3510 3558 3546 τι

1988 3584 2150 3638 nobis
2187 3593 2244 3637 ut
2277 3584 2421 3636 Deus
2456 3597 2622 3650 supra
2656 3591 2940 3644 naturam,
2973 3598 3173 3636 arcana
3205 3598 3305 3651 per
3339 3583 3567 3653 gratiam

1987 3675 2408 3745 participatione
2438 3688 2532 3727 seu
2575 3673 2932 3737 commercio,
2959 3672 3280 3729 litercditate
3317 3674 3568 3742 posside-

1990 3776 2110 3833 tur;
2141 3765 2423 3834 nostrique
2449 3779 2612 3820 eausa
2638 3765 2694 3819 in
2719 3764 2895 3818 forma
2924 3764 3084 3818 nobis
3106 3763 3271 3818 simili
3297 3773 3356 3818 ut
3381 3765 3562 3821 homo.

1998 3874 2099 3912 nos
2157 3856 2262 3911 sibi
2318 3855 2606 3910 vindicans
2658 3869 2722 3909 ac
2776 3853 2930 3924 quasi
2983 3869 3277 3924 arrogans,
3327 3855 3566 3925 seipsuni

1987 3948 2274 4003 nobiscum
2326 3963 2424 4016 per
2470 3947 2913 4010 inclinationem,
2949 3961 3168 4000 omnem
3213 3948 3414 4002 mentis
3454 3949 3566 4002 vim

1988 4053 2375 4115 superantem,
2425 4039 2746 4095 haereditate
2807 4038 3050 4108 possidet
3103 4054 3116 4091 :
3169 4053 3331 4108 quem
3391 4042 3565 4094 sancti

1988 4133 2212 4205 mystice
2239 4131 2294 4185 in
2327 4129 2522 4201 spiritu
2549 4126 2932 4197 praevidentcs,
2957 4142 3137 4196 operai
3166 4127 3403 4197 pretium
3428 4129 3571 4183 didi-

1987 4239 2144 4284 cere,
2182 4232 2244 4277 ut
2277 4219 2689 4276 manifestaudae
2723 4219 2778 4272 in
2813 4218 3058 4272 futurum
3089 4217 3309 4272 virtutis
3342 4220 3568 4288 prtemio

1989 4317 2044 4371 in
2073 4315 2290 4372 Christo
2320 4313 2527 4385 gloria),
2553 4311 2776 4366 virtutis
2805 4326 2966 4365 causa
2991 4311 3046 4364 in
3075 4311 3332 4380 praesenti
3365 4312 3571 4382 passio-

1919 4430 1962 4485 ι)
1989 4427 2090 4466 nes
2120 4419 2285 4479 atque
2311 4423 2569 4463 utrumme
2598 4408 2651 4461 in
2679 4407 2797 4476 ipso
2821 4406 3082 4476 praeirent
3107 4405 3170 4459 ‘7.

2061 4499 2150 4554 96.
2179 4498 2329 4552 Mens
2359 4512 2510 4559 sane,
2537 4512 2656 4566 qua:
2690 4496 2805 4551 solo
2837 4493 3109 4550 desiderio
3144 4494 3325 4566 ignota
3358 4497 3570 4551 ratione

1996 4591 2050 4646 in
2086 4605 2268 4644 rerum
2300 4588 2594 4642 Auctorem
2629 4595 2944 4650 moveatur,
2977 4586 3152 4640 solum
3187 4586 3412 4655 quaerit;
3450 4603 3570 4655 qua:

1997 4691 2178 4736 autern
2203 4696 2362 4734 veras
2393 4680 2448 4733 in
2478 4679 2644 4734 rebus
2670 4679 2911 4734 rationes
2935 4679 3085 4733 varie
3115 4678 3384 4747 conjectet
3409 4677 3566 4743 ratio,

1997 4785 2060 4825 ac
2087 4770 2424 4840 argumentis
2450 4769 2783 4831 connitatur,
2808 4768 2924 4822 hme
2944 4781 3075 4820 vero
3107 4774 3400 4820 scrutatur.

2066 4863 2229 4935 590
2272 4862 2362 4917 27.
2390 4860 2506 4915 Hoc
2547 4859 2694 4929 quod
2735 4867 2821 4913 est
2863 4873 3128 4926 quaerere,
3162 4857 3336 4926 prima
3378 4865 3462 4911 est
3506 4872 3570 4914 ac

1992 4957 2224 5026 simplex
2254 4953 2452 5007 mentis
2481 4953 2534 5007 in
2565 4952 2842 5020 proprium
2868 4950 3163 5003 Auctorem
3195 4964 3319 5003 cum
3351 4948 3568 5018 cupidi-

1994 5058 2104 5104 tate
2152 5045 2400 5101 incitatio
2451 5061 2464 5097 :
2512 5040 2957 5104 scrutarivero,
3005 5040 3182 5110 prima
3230 5055 3294 5094 ac
3340 5040 3568 5109 simplex

1995 5139 2226 5196 rationis
2279 5137 2424 5192 circa
2482 5133 2769 5204 proprium
2812 5130 3106 5186 Auctorem
3157 5145 3282 5186 cum
3336 5129 3567 5200 quadam

1996 5230 2301 5286 intentione
2325 5225 2518 5297 judicii
2548 5221 2829 5277 discretio.
2856 5221 2934 5276 Ac
2963 5237 3156 5276 rursus
3183 5221 3288 5275 hoc
3312 5219 3456 5290 quod
3486 5230 3568 5274 est

1995 5317 2304 5386 exquirere,
2328 5313 2526 5367 mentis
2559 5320 2643 5367 est
2667 5311 2967 5365 secundum
3001 5311 3283 5365 scientiam
3311 5309 3570 5380 spiritalis

1994 5409 2323 5478 sapiensque
2377 5406 2430 5457 'n
2485 5401 2764 5473 proprium
2808 5401 3102 5458 Auctorem
3157 5418 3281 5456 cum
3335 5416 3568 5456 accenso

1996 5499 2235 5572 quodam
2280 5496 2554 5553 desiderio
2598 5493 2878 5562 incitatio;
2918 5495 3218 5551 exscrutari
3259 5501 3442 5550 autem
3485 5492 3571 5564 (ut
