4046 6196
526 282 670 352 l‘ll5

1688 288 1750 351 S.
1790 287 2075 351 MAXIMI
2111 287 2618 352 CONFESSOBIS

3646 287 3799 353 i316

522 400 602 456 sic
638 395 858 468 loquar)
895 395 1131 454 rationis
1167 357 1472 455 secundum
1507 401 1884 472 operationem
1919 403 2100 459 virtu-

2208 405 2344 476 μετά
2378 422 2524 471 τινος
2574 404 2846 477 ἔμφρονος
2895 404 2993 460 καὶ
3036 406 3208 479 σοφῆς
3259 402 3472 471 ῑννοίας
3517 408 3798 478 γινομένη

523 499 639 545 tum
673 489 818 544 circa
854 489 1140 559 proprium
1171 489 1488 558 Auctorem,
1514 507 1642 548 cum
1674 494 1936 565 prudenti
1969 509 2104 566 qua-

522 581 644 635 dam
674 589 730 635 et
754 580 985 650 sapienti
1012 581 1317 638 intentione
1339 583 1624 641 discretio.

591 671 680 724 28.
705 670 890 726 Sancti
916 686 981 726 ac
1008 671 1181 727 divini
1209 674 1513 744 prophetae,
1543 675 1614 732 de
1665 677 1843 733 salute
1895 677 2105 734 anima-

525 778 647 817 rum
676 763 1028 832 exquirentes
1059 779 1125 819 ac
1152 774 1583 836 perscrutantes,
1617 783 1908 825 accensum
1939 779 2103 840 atque

522 853 825 908 ferventem
887 871 1013 910 cum
1079 857 1304 912 solertia
1363 857 1735 928 scientiaque,
1787 861 1989 916 mentis
2045 860 2102 915 in

523 945 696 1000 Deum
721 945 996 1001 desiderio
1021 962 1283 1013 accensa,
1309 957 1515 1004 motum
1545 951 1837 1018 habebant,
1863 952 2104 1022 pruden-

522 1035 676 1106 tique
705 1051 770 1092 ac
796 1036 1030 1107 sapienti
1052 1038 1377 1094 exercendis
1398 1039 1602 1096 divinis
1625 1056 1928 1112 eorumque
1951 1049 2099 1107 actu,

521 1123 857 1180 discretione
900 1125 1180 1195 pollebant
1221 1143 1236 1180 :
1276 1143 1418 1197 quos
1451 1129 1548 1199 qui
1591 1131 1938 1196 :emulantur,
1975 1146 2102 1186 cum

522 1216 745 1272 solertia
782 1231 847 1271 ac
885 1216 1138 1276 scientia.
1168 1218 1476 1274 animarum
1516 1221 1748 1277 salutem
1781 1221 2100 1292 exquirunt,

520 1322 587 1363 ac
627 1322 752 1361 eum
798 1307 1090 1376 prudentia
1131 1308 1510 1380 sapientiaque
1546 1319 1980 1381 perscrutantes,
2014 1313 2102 1368 di-

521 1396 813 1453 scretionis
835 1397 1105 1468 judicium
1129 1397 1185 1451 in
1211 1398 1417 1454 divinis
1438 1400 1704 1471 operibus
1730 1402 1939 1457 colunt.
2017 1410 2019 1412 ’

588 1590 680 1646 29.
718 1590 1001 1662 Duplicem
1045 1590 1358 1647 divinorum
1403 1591 1688 1663 Scriptura
1729 1593 1884 1648 novit
1921 1593 2102 1648 scien-

522 1682 689 1748 tiam,
729 1698 896 1737 unam
945 1682 1268 1738 habitudine
1312 1699 1376 1739 ac
1419 1684 1684 1739 relatione
1724 1693 2100 1749 constantem,

520 1790 621 1832 seu
647 1775 1087 1838 intentionalem,
1115 1791 1236 1844 qua:
1263 1775 1318 1829 in
1347 1776 1462 1830 sola
1489 1776 1701 1831 ratione
1728 1777 2014 1847 sensisque
2039 1792 2105 1832 ac

521 1868 848 1940 cogitatibus
885 1867 1062 1937 posita
1101 1867 1196 1932 sit,
1225 1883 1328 1922 nec
1362 1868 1535 1922 ullum
1575 1869 1754 1938 reipsa
1795 1883 1895 1938 per
1935 1884 2104 1938 expe-

521 1955 774 2010 rientiam
798 1955 1001 2026 cogniti
1029 1971 1249 2010 sensum
1275 1955 1504 2023 habeat;
1531 1972 1629 2026 per
1650 1973 1813 2027 quam
1838 1958 2102 2028 praesenti

519 2044 634 2098 vita
666 2043 1012 2115 disponimur
1043 2060 1106 2099 ac
1138 2044 1542 2115 gubernamur;
1577 2045 1803 2099 alteram
1839 2045 2015 2116 reipsa
2048 2054 2105 2102 et

519 2136 743 2206 proprie
777 2151 984 2200 veram,
1015 2136 1071 2190 in
1107 2138 1222 2192 sola
1259 2137 1314 2191 in
1347 2145 1470 2190 actu
1505 2138 1865 2206 experientia,
1895 2137 2104 2208 absque

521 2229 739 2285 ratione
797 2227 1076 2296 animique
1135 2228 1495 2298 conceptibus
1554 2243 1617 2282 ac
1677 2228 2102 2298 cogitationibus

523 2321 704 2382 sitam,
731 2333 852 2388 quae
881 2325 1052 2371 totum
1083 2317 1311 2388 cogniti,
1342 2318 1672 2372 commercio
1703 2317 1796 2372 illo
1828 2317 1974 2388 quod
2007 2332 2104 2388 per

521 2411 752 2482 gratiam
786 2419 889 2473 est,
915 2424 1137 2464 sensum
1173 2408 1414 2478 praebeat
1449 2425 1464 2462 τ
1496 2425 1596 2480 per
1630 2425 1793 2479 quam
1828 2408 1885 2463 in
1917 2409 2100 2464 futura

522 2501 714 2570 requie
739 2515 804 2554 ac
832 2499 1112 2564 felicitate,
1137 2506 1346 2554 natura:
1371 2499 1480 2553 vim
1505 2515 1723 2554 omnem
1751 2511 2099 2569 superantem

519 2591 725 2663 iugiter
762 2590 817 2645 in
856 2597 980 2644 actu
1019 2604 1081 2643 ac
1115 2587 1386 2642 eiiicacem
1430 2589 1762 2658 suscipimus
1793 2588 2100 2644 deificatio—

525 2692 674 2732 nem.
705 2676 780 2731 Ae
819 2675 1039 2746 quidem
1079 2675 1224 2729 illam
1270 2675 1593 2730 habitudine
1629 2686 1968 2732 constantem
2003 2694 2102 2733 seu

525 2765 941 2822 intentionalem
959 2806 974 2830 ,
998 2766 1149 2821 velut
1187 2765 1242 2819 in
1283 2766 1497 2821 ratione
1528 2766 1806 2837 animique
1835 2770 2009 2825 sensis
2038 2784 2104 2825 ac

524 2857 857 2928 cogitatibus
888 2856 1142 2926 positam,
1169 2871 1232 2911 ea
1269 2856 1319 2910 vi
1351 2857 1558 2926 pollere
1588 2858 1766 2920 aiunt,
1793 2867 1854 2912 ut
1880 2858 2101 2914 deside-

526 2949 668 3003 rium
716 2947 957 3018 pelliciat
1003 2961 1066 3001 ac
1113 2946 1507 3016 cupiditatem,
1548 2946 1602 3001 in
1647 2962 1766 3001 eam
1809 2963 1932 3018 quae
1973 2965 2101 3005 vera

2201 495 2494 567 διάκρισις.

2275 667 2382 743 κη’.
2424 671 2489 724 Oi
2521 670 2666 740 ἅγιοι
2695 670 2792 725 καὶ
2816 669 2948 724 θεῖοι
2975 669 3273 743 προῳῆται,
3309 670 3439 742 περὶ
3467 671 3566 740 τῆς
3600 688 3801 741 σωτη-

2208 764 2330 836 ρίας
2359 763 2469 817 τῶν
2498 763 2689 835 ψυχῶν
2723 761 3134 833 ικζητήσαντές
3161 779 3222 816 τε
3267 763 3363 816 καὶ⁵
3390 763 3798 834 ἑξερευνήσαν-

2201 871 2317 916 τες,
2357 853 2623 926 διάπυρον
2675 849 2824 925 εῐχον
2871 852 2971 907 καὶ
3025 852 3256 917 ζέουσαν
3315 857 3433 924 μετ’
3466 855 3797 925 ἐπιστήμης

2204 948 2299 1002 καὶ
2325 945 2580 1015 γνώσεως
2603 945 2740 1015 πρὸς
2769 945 2860 1000 τὸν
2897 945 3031 999 Θεὸν
3068 946 3167 1017 τὴν
3192 945 3287 999 τοῦ
3322 945 3415 1000 νοῦ
3446 949 3567 1000 κατ’
3598 947 3799 1015 ἔφεσιν

2204 1042 2441 1112 κίνησιν,
2475 1041 2569 1095 κα)⁸
2595 1042 2843 1112 ἔμφρονα
2881 1040 2978 1096 καὶ
3009 1041 3181 1112 σοφὴν
3205 1040 3306 1112 τὴν
3338 1040 3434 1096 τοῦ
3458 1041 3620 1110 λόγου
3643 1044 3798 1096 κατὰ

2202 1131 2304 1204 τὴν
2332 1131 2617 1202 ἐνέργειαν
2652 1132 2764 1186 τῶν
2795 1131 2958 1186 θείων
2979 1132 3258 1204 διάκρισιν
3278 1150 3292 1164 ο
3311 1133 3407 1196 οὓς
3428 1135 3478 1186 οί
3514 1133 3796 1204 μιμούμε-

2203 1240 2304 1283 νοι,
2345 1223 2485 1294 μετὰ
2526 1222 2784 1292 γνώσεως
2817 1223 2916 1278 καὶ
2970 1223 3280 1294 ἐπιστήμης
3314 1221 3414 1293 τὴν
3455 1223 3566 1276 τῶν
3596 1223 3794 1294 ψυχῶν

2204 1312 2498 1384 ὲκζητοῦσι
2532 1314 2831 1384 σωτηρίαν,
2863 1312 2960 1366 καὶ
3003 1311 3143 1383 μετὰ
3192 1313 3508 1382 φρονήσεως
3553 1315 3652 1367 καὶ
3704 1329 3794 1366 σο-

2205 1407 2332 1474 φίας
2365 1404 2778 1474 ἐξερευνῶντες,
2817 1403 3172 1475 μετέρχονται
3205 1403 3305 1472 τὴν
3351 1405 3408 1456 ὲν
3459 1405 3574 1466 τοῖς
3617 1403 3792 1466 θείοις

2211 1494 2397 1565 ἔργοις
2427 1494 2726 1563 διάκρισιν.

2275 1585 2375 1638 κθ’.
2419 1588 2437 1606 ⁶
2457 1583 2652 1656 Διττὴν
2689 1579 2796 1639 οἶδε
2827 1583 2930 1654 τὴν
2974 1581 3085 1636 τῶν
3123 1583 3280 1636 θείων
3307 1582 3505 1652 γνῶσιν
3538 1583 3568 1635 ὁ
3604 1581 3788 1650 λόγος,

2203 1675 2304 1746 τὴν
2341 1676 2462 1746 μὲν,
2498 1674 2755 1748 σχετικὴν
2781 1676 2878 1744 (ο).
2925 1674 3001 1738 ὡς
3047 1676 3104 1728 έν
3149 1675 3295 1745 λόγῳ
3340 1674 3488 1744 μόνῳ
3516 1673 3790 1745 κειμένην

2205 1768 2300 1821 καὶ
2337 1768 2598 1838 νοήμασι,
2642 1767 2738 1822 καὶ
2775 1767 2875 1838 τὴν
2931 1765 3051 1824 κατ’
3076 1766 3359 1836 ἐνέργειαν
3388 1766 3484 1819 τοῦ
3511 1765 3792 1834 γνωσθέν-

2203 1875 2294 1922 τος
2341 1859 2430 1912 διὰ
2470 1858 2666 1931 πείρας
2702 1859 2805 1913 οὐκ
2848 1857 3080 1928 ἔχουσαν
3125 1857 3401 1930 αἴσθησιν,
3438 1858 3504 1912 δι’
3530 1853 3601 1930 ἧς
3635 1856 3792 1911 κατά

2203 1951 2306 2023 τὴν
2332 1951 2615 2022 παροῦσαν
2662 1950 2808 2021 ζωὴν
2835 1950 3304 2022 οίιιονομρύμεθα⁹
3335 1951 3436 2021 τὴν
3462 1950 3538 2017 δὲ,
3573 1950 3792 2018 κυρίως

2204 2046 2488 2117 ἀληθινὴν,
2531 2048 2625 2100 ini
2661 2047 2798 2118 μόνῃ
2838 2050 2903 2119 τῇ
2944 2049 3132 2119 πείρᾳ.
3175 2048 3297 2100 κατ’
3334 2041 3621 2116 ἐνέργειαν
3661 2046 3790 2118 δίχα

2203 2134 2364 2204 λόγου
2425 2137 2520 2190 καὶ
2563 2135 2879 2207 νοημάτων,
2923 2137 3056 2208 ὅλην
3094 2135 3191 2190 τοῦ
3245 2136 3584 2205 γνωσθέντος
3637 2135 3790 2190 κατὰ

2203 2225 2366 2297 χάριν
2411 2225 2630 2298 μεθέξει
2675 2228 3063 2299 παρεχομένην
3110 2227 3212 2299 τὴν
3254 2226 3532 2298 αἴσθησιν,
3597 2227 3668 2282 δι’
3717 2222 3788 2300 ἧς

2203 2320 2347 2376 κατὰ
2376 2321 2478 2390 τὴν
2517 2319 2819 2390 μέλλουσαν
2847 2319 3024 2390 λῆξιν,
3053 2319 3152 2390 τὴν
3184 2319 3326 2390 ὑπὲρ
3373 2319 3533 2389 φύσιν
3584 2318 3782 2371 ὑποδε-

2201 2411 2411 2483 χόμεθα
2435 2409 2630 2464 θέωσιν
2653 2397 2949 2473 ἁπαῦστως
2976 2412 3061 2464 ὲνε
3071 2409 3400 2480 ργουμένην.
3425 2409 3535 2462 Καὶ
3561 2409 3664 2480 τὴν
3687 2409 3789 2480 μὲν

2203 2498 2483 2570 σχετικὴν.
2527 2497 2604 2560 ὡς
2649 2496 2709 2551 ιν
2743 2497 2890 2569 λόγῳ
2938 2498 3202 2569 κειμένην
3250 2499 3487 2558 καὶτοῖς
3521 2497 3788 2567 νοήμασι,

2201 2589 2488 2661 κινητικὴν
2529 2585 2676 2642 εἶναί
2727 2605 2884 2658 φασι,
2925 2588 3026 2659 τῆς
3075 2588 3214 2660 πρὸς
3256 2587 3357 2658 τὴν
3396 2587 3617 2658 μεθέξει
3664 2596 3790 2640 κατ’

2202 2682 2484 2754 ἐνέργειαν
2527 2680 2732 2750 γνῶσιν
2775 2677 3019 2750 ἐφέσεως
3043 2695 3058 2711 ·
3087 2679 3188 2750 τὴν
3218 2678 3275 2733 δὲ
3315 2680 3439 2732 κατ’
3473 2678 3788 2749 ἐνέργειαν,

2200 2770 2291 2826 διὰ
2313 2771 2414 2841 τῆς
2448 2769 2641 2842 πείρας
2660 2768 2876 2841 μεθέξει
2915 2767 3295 2839 παρεχομένην
3326 2767 3422 2818 τοῦ
3445 2762 3790 2832 γνωσθέντος

2200 2861 2298 2932 τὴν
2315 2860 2570 2932 αἴσθησιν
2597 2857 2762 2932 [male
2775 2859 2940 2920 edita,
2964 2859 3173 2928 lcpsctv,
3200 2852 3590 2928 cupiditatem],
3612 2855 3789 2923 ἀφαι-

2205 2951 2427 3022 ρετικὴν
2472 2945 2614 3006 εἶναι
2659 2950 2762 3022 τῆς
2801 2951 2860 3004 έν
2905 2949 3051 3020 λόγῳ
3092 2946 3359 3020 κειμένης
3397 2946 3496 3001 καὶ
3530 2944 3788 3014 νοήμασι

526 3039 706 3109 reipsa
736 3037 1154 3108 participatione
1184 3052 1248 3092 ac
1274 3039 1608 3092 commercio
1633 3047 1736 3103 est,
1764 3039 2047 3095 scientiam
2077 3056 2092 3094 :
2122 3033 2164 3092 C
2197 3043 2453 3111 γνώσεως

523 3129 668 3184 hanc
716 3136 898 3182 autem
945 3142 1066 3196 quin
1117 3141 1308 3181 revera
1357 3142 1456 3196 per
1501 3127 1934 3197 experientiam,
1981 3132 2102 3198 ejus
2171 3130 2345 3202 ipsius
2378 3131 2525 3201 quod
2564 3129 2740 3186 scitur
2773 3142 2840 3184 ac
2877 3125 3249 3200 cognoscitur,
3311 3127 3427 3197 ipsa
3469 3125 3620 3180 illius
3650 3139 3789 3195 perb

523 3223 776 3294 eeptione
796 3237 1018 3277 sensum
1039 3220 1266 3292 praebet,
1283 3221 1552 3292 ejusmodi
1573 3236 1716 3288 esse,
1769 3230 1830 3277 ut
1847 3223 2132 3280 scientiam
2169 3225 2412 3294 aboleat,
2476 3225 2533 3280 in
2569 3223 2782 3280 ratione
2822 3222 3103 3294 animique
3143 3220 3320 3278 sensis
3351 3234 3417 3277 ac
3449 3217 3789 3290 cogitatihus

571 3315 788 3371 ositam.

571 3331 788 3371 osuam.

524 3331 562 3388 Ρ
596 3403 686 3461 30.
720 3401 1002 3472 Duplicem
1034 3400 1169 3456 dicit
1211 3413 1332 3454 esse
1380 3399 1748 3470 cognitionem
1781 3415 1880 3456 seu
1916 3399 2099 3460 scien-

526 3495 692 3561 tiam;
723 3495 950 3548 alteram
977 3491 1032 3546 in
1062 3491 1274 3546 ratione
1299 3489 1610 3560 divinisque
1637 3489 1816 3548 sensis
1839 3508 1903 3548 ac
1923 3495 2102 3549 notio-

523 3585 690 3646 nibus
718 3583 983 3659 positam,
1018 3597 1120 3640 nec
1151 3581 1334 3656 ipsum
1361 3580 1664 3640 secundum
1695 3584 1930 3654 speciem
1958 3600 2100 3655 pra:-

524 3688 758 3742 sentem,
790 3677 947 3748 591
990 3692 1181 3732 eorum
1225 3691 1348 3746 quae
1386 3683 1516 3730 sunt
1554 3674 1849 3739 intellecta,
1881 3689 2102 3730 sensum

524 3770 852 3834 habentem;
903 3768 1128 3822 alteram
1182 3765 1238 3821 iu
1285 3774 1412 3821 actu
1463 3764 1675 3836 reipsa,
1719 3765 1836 3821 sine
1890 3766 2102 3820 ratione

523 3861 806 3931 animique
841 3859 1019 3915 sensis
1045 3874 1110 3914 ac
1135 3857 1489 3929 cogitatibus,
1515 3872 1772 3913 verorum
1799 3856 2102 3912 secundum

523 3952 764 4021 speciem
805 3950 1098 4005 habentem
1145 3948 1486 4004 fruitionem.
1521 3947 1676 4014 Quod
1720 3948 1867 4003 enim
1913 3963 1977 4003 ea
2020 3949 2105 4002 vis

525 4042 756 4098 rationis
785 4055 952 4112 atque
986 4040 1257 4096 sermonis
1288 4055 1386 4110 per
1413 4039 1703 4096 scientiam
1737 4054 1802 4093 ac
1833 4039 2103 4109 cognitio-

2269 3403 2336 3460 λ’.
2377 3404 2573 3476 Διττὴν
2618 3399 2758 3458 εἶναι
2797 3401 2947 3471 λέγει
2994 3399 3094 3472 τὴν
3140 3399 3364 3470 γνῶσιν,
3416 3397 3516 3468 τὴν
3558 3397 3679 3468 μὲν,
3721 3399 3788 3452 ἐν

2198 3497 2344 3569 λόγῳ
2381 3496 2641 3567 κειμένην
2672 3495 2765 3548 καὶ
2789 3493 2954 3555 θείοις
2996 3493 3253 3562 νοήμασι,
3293 3489 3416 3544 κατ’
3446 3482 3586 3552 εἶδος
3620 3506 3788 3560 παρ-

2200 3588 2366 3643 οῦσαν
2403 3589 2503 3658 τὴν
2555 3587 2808 3654 αἴσθησιν
2858 3583 2970 3638 τῶν
3027 3583 3331 3653 νοηθέντων
3379 3580 3479 3635 οὐκ
3511 3579 3787 3651 ἔχουσαν·

2199 3680 2301 3750 τὴν
2330 3679 2410 3742 δὲ,
2445 3679 2566 3732 κατ’
2620 3676 2903 3747 ἐνέργειαν
2958 3674 3126 3745 μόνην
3166 3673 3416 3744 ἔχουσαν.
3451 3672 3574 3744 δίχα
3615 3671 3788 3740 λόγου

2203 3772 2297 3826 καὶ
2339 3769 2628 3840 νοημάτων
2671 3768 2782 3821 τῶν
2823 3765 3040 3838 ἀληθῶν
3072 3765 3169 3837 τὴν
3210 3766 3332 3820 κατ’
3363 3759 3504 3829 είδος
3545 3763 3792 3818 ἀπόλαυ-

2204 3880 2308 3917 σιν.
2357 3860 2576 3930 Ἐπειδὴ
2623 3859 2732 3933 γὰρ
2768 3859 2858 3914 διὰ
2896 3857 3151 3928 γνώσεως
3195 3857 3224 3911 ό
3263 3856 3420 3926 λόγος
3449 3856 3511 3909 τὸ
3537 3856 3790 3924 γνωστὸν

2204 3955 2449 4022 πέφυκεν
2482 3950 2908 4022 ὑποσημαίνειν,
2941 3952 3084 4004 κινεῖ
3127 3949 3226 4018 τὴν
3253 3947 3438 4016 ἔφεσιν
3458 3947 3566 3999 τῶν
3583 3946 3650 3998 δι’
3681 3946 3790 4000 αὐ-

2203 4045 2300 4099 τοῦ
2325 4043 2683 4116 κινουμένων,
2718 4043 2855 4116 πρὸς
2879 4041 2978 4115 τὴν
3001 4039 3098 4096 τοῦ
3147 4040 3516 4112 σημανθέντος
3542 4038 3789 4098 audian-

525 4147 653 4188 nem
685 4141 791 4196 est,
816 4140 878 4186 ut
909 4131 964 4186 id
997 4130 1144 4200 quod
1179 4131 1352 4186 scitur
1378 4145 1442 4184 ac
1470 4129 1818 4201 cognoscitur
1846 4129 2108 4185 subnotet
2208 4153 2318 4190 σιν.

524 4238 590 4277 ac
619 4223 882 4287 insinuet,
907 4237 1097 4290 eorum
1130 4221 1225 4291 qui
1258 4221 1375 4292 ipso
1409 4228 1700 4276 moventur
1727 4220 2103 4291 cupiditatem,

524 4312 592 4366 ad
621 4312 674 4367 id
699 4313 846 4382 quod
875 4313 1149 4382 signatum
1174 4319 1278 4375 est,
1305 4310 1594 4366 fruendum
1620 4319 1822 4366 movet.

592 4401 682 4454 51.
721 4402 893 4455 Aiunt
927 4401 1033 4455 viri
1063 4401 1344 4471 sapientes
1381 4400 1500 4455 ﬁeri
1541 4415 1654 4455 non
1685 4414 1868 4470 posse,
1897 4407 1960 4454 ut
1984 4413 2107 4470 quae

2273 4388 2380 4448 λα’.
2430 4390 2738 4460 ’Δμὴχανον
2777 4381 2918 4442 εἶναι
2965 4401 3132 4454 φασιν
3183 4383 3236 4436 oi.
3284 4381 3460 4449 σοφοὶ,
3498 4380 3792 4447 συνυπάρ-

524 4489 594 4546 de
627 4490 742 4546 Deo
759 4491 901 4546 ratio
927 4500 1033 4556 est,
1065 4470 1172 4546 una
1198 4491 1272 4546 sit
1305 4506 1431 4546 cum
1463 4491 1560 4545 Dei
1584 4493 1992 4563 experimento;
2019 4491 2101 4546 vel

2208 4501 2325 4556 χειν
2349 4484 2418 4554 τῇ
2451 4484 2619 4552 πείρα
2649 4478 2742 4532 τοῦ
2773 4478 2930 4543 Θεοῦ,
2957 4476 3050 4530 τὸν
3075 4477 3205 4548 περὶ
3244 4473 3408 4528 αὑτοῦ
3442 4473 3622 4540 λόγον,
3649 4470 3684 4540 ἦ

527 4589 588 4634 ιιι
618 4579 877 4651 cogitatio
909 4589 1074 4650 atque
1103 4580 1278 4646 notio,
1312 4596 1417 4636 una
1447 4596 1573 4634 cum
1603 4581 1701 4636 Dei
1733 4597 1899 4638 sensu
1939 4595 2100 4651 repe-

2207 4576 2462 4646 αἰσθήσει
2501 4571 2598 4626 τοῦ
2630 4569 2788 4636 Θεοῦ,
2809 4569 2908 4642 τὴν
2937 4567 3066 4640 περὶ
3097 4566 3262 4622 αὑτοῦ
3291 4566 3499 4636 νόησιν.
3528 4563 3705 4628 Λόγον
3729 4561 3791 4613 δὲ

528 4670 728 4726 riatur.
754 4671 1045 4726 Rationem
1073 4681 1256 4726 autem
1299 4669 1368 4725 de
1397 4671 1510 4725 Deo
1537 4669 1685 4735 dico,
1726 4687 1848 4740 qua:
1909 4685 1977 4725 ex
2005 4685 2097 4726 re-

2208 4667 2332 4736 περὶ
2357 4665 2496 4720 Θεοῦ
2547 4681 2710 4736 φημι,
2752 4662 2851 4733 τὴν
2899 4662 2964 4714 ὲκ
3004 4659 3111 4712 τῶν
3149 4659 3318 4712 ὄντων
3357 4656 3650 4723 ἀναλογίαν
3680 4653 3790 4723 τῆς

526 4759 632 4816 bus
657 4778 756 4834 per
807 4761 1222 4834 proportionem
1253 4771 1516 4832 certaque
1545 4761 1962 4832 comparatione
1980 4759 2102 4833 spi-

594 4938 615 4962 ‘
646 4937 731 4996 Cf.
765 4938 834 4994 ad
865 4938 1112 4994 Thalass.
1152 4953 1208 5009 q.
1243 4937 1330 4993 60.

593 5116 672 5242 se}
704 5115 822 5182 Τὴν·
843 5112 959 5183 μὲν
979 5111 1290 5182 σχετικὴν.
1314 5111 1475 5166 Nulla
1501 5109 1592 5165 hic
1609 5109 1952 5165 commodius
1968 5123 2102 5164 voce

670 5187 685 5240 i
725 5185 1000 5242 videatur,
1051 5198 1216 5242 quam
1266 5182 1314 5235 si
1369 5180 1771 5235 intentionalem
1808 5180 2056 5234 dicamus
2081 5195 2096 5242 ;

528 5180 685 5245 reddi
725 5180 1000 5243 videatur,
1027 5180 1216 5251 quam
1266 5182 1314 5235 si
1369 5180 1781 5251 intentioualem
1808 5180 2096 5251 dicamus;

525 5258 683 5330 quasi
730 5257 784 5309 in
812 5253 979 5308 animi
1008 5248 1323 5330 rationibus
1351 5261 1409 5306 et
1449 5249 1896 5330 apprehensione
1949 5248 2099 5330 posit

529 5318 638 5384 tam
659 5345 674 5393 ;
699 5341 862 5395 quam
885 5333 940 5378 et
967 5323 1343 5395 abstracturam
1363 5318 1577 5395 rudiari
1609 5319 1881 5395 vocabulo
1923 5318 2099 5395 nostri

529 5387 766 5464 theologi
795 5402 1014 5450 vocant.
1063 5393 1257 5464 Allinis
1286 5407 1420 5464 usus
1453 5391 1605 5464 illius
1649 5389 1804 5464 vocis
1845 5387 2100 5443 Patribus

528 5483 602 5523 vn
659 5460 876 5528 synodi,
929 5464 1060 5518 dum
1110 5463 1492 5518 adorationem
1548 5460 1871 5528 imaginum,
1935 5473 2100 5528 quam

530 5527 804 5596 sanciunt.
833 5527 1084 5610 σχετικὴν
1115 5543 1352 5598 vocant;
1382 5547 1505 5610 qua:
1531 5527 1887 5610 scilicet_non
1918 5528 1986 5610 ad
2014 5527 2100 5608 ip:

529 5621 645 5660 sam
673 5621 810 5667 rem,
840 5599 902 5658 ut
933 5604 986 5657 in
1030 5599 1088 5658 se
1118 5611 1224 5666 est,
1273 5599 1622 5664 terminatur,
1675 5599 1772 5653 sed
1827 5607 1887 5652 ut
1927 5599 1981 5650 in
2013 5599 2100 5650 sui

531 5674 909 5738 similitudine,
947 5673 1134 5729 animo
1161 5672 1420 5744 cogitanti
1446 5670 1604 5742 quasi
1630 5683 1872 5743 praesens
1909 5667 2100 5738 objici-

2209 4759 2341 4832 περὶ
2371 4755 2535 4810 αὐτοῦ
2561 4755 2870 4826 γνωστικῆς
2900 4751 3163 4823 θεωρίας·
3189 4750 3442 4821 αἴσθησιν
3466 4747 3547 4812 δι,
3581 4745 3684 4816 τὴν
3727 4745 3792 4797 ὲν

2211 5115 2322 5172 tur,
2351 5121 2416 5162 ac
2440 5105 2673 5177 quadam
2701 5104 2756 5160 in
2777 5120 2903 5177 eam
2928 5103 3232 5177 intentione
3272 5118 3335 5157 ac
3370 5111 3788 5177 m_otu,_secun-

2207 5171 2337 5232 dum
2358 5171 2520 5246 qua'm
2544 5175 2746 5230 dicitur
2775 5176 2953 5246 honor
2983 5173 3232 5246 imaginis
3257 5171 3570 5246 transire_a_d
3595 5187 3789 5225 exem-

2206 5251 2325 5317 ptar
2352 5241 2446 5300 seu
2475 5243 3017 5317 prototypum,_Nihil
3048 5244 3115 5317 ad
3143 5258 3281 5301 remo
3305 5241 3451 5317 (190d
3483 5241 3648 5317 Ρίῗυδ
3686 5256 3786 5317 53'

2207 5309 2314 5371 incl
2336 5326 2393 5371 et
2423 5309 2622 5370 iterum
2656 5309 3000 5368 reconditam.
3037 5313 3118 5367 Ac
3175 5309 3337 5367 certe
3357 5313 3518 5379 longe
3555 5309 3783 5363 inaudi-

2208 5393 2320 5439 tum
2345 5385 2572 5448 mundo,
2617 5383 2768 5454 quod
2811 5383 2938 5452 quis
2988 5398 3056 5436 ex
3101 5383 3220 5454 ejus
3271 5379 3786 5454 interpretamentis

2203 5455 2504 5510 conﬁceret
2543 5449 2958 5508 vocabularium
2990 5468 3004 5503 :
3044 5449 3287 5520 sie'sine
3317 5449 3526 5520 judicio
3553 5458 3782 5520 cuncta

2201 5525 2324 5578 viro
2347 5523 2639 5598 arbitraria
2653 5529 2761 5598 int
2797 5522 2952 5598 quod
2986 5521 3098 5586 hic,
3131 5523 3164 5591 ἡ
3200 5518 3415 5598 μεθέξει
3442 5518 3778 5598 κατ’ᾼὲνέρξ

2205 5611 2362 5661 γειαν
2394 5594 2618 5662 γνῶσις,
2651 5591 2729 5646 illi
2759 5589 2986 5662 ca'gnitio
3013 5601 3097 5662 est
3124 5589 3386 5660 particeps
3406 5589 3727 5660 operationis
3761 5596 3784 5642 :

2203 5659 2349 5734 quod
2397 5659 2602 5732 ἔφεσιν,
2639 5676 2739 5732 pro
2769 5659 3020 5732 αἴσθησιν
3040 5659 3322 5730 deCoquit,
3349 5659 3457 5716 etc.
