4010 6202
309 274 446 343 131‘1
979 248 1311 338 Caenum
1353 270 1777 346 QUINQUIES
1814 258 2335 333 eammeam
2373 273 2761 337 CENTURIA
2795 273 2895 338 Iv.
3431 270 3568 337 1313

296 395 365 463 τῇ
405 391 621 462 μεθέξει
664 394 861 463 πεῖραν
886 388 996 445 τῶν
1026 388 1169 459 ὑπὲρ
1198 387 1363 458 φύσιν
1410 385 1662 456 άγαθιων
1694 384 1874 455 νόησιν

1985 382 2163 441 ritalis
2201 385 2473 456 doctaque
2528 386 2597 442 de
2645 387 2766 458 ipso
2809 385 3183 445 consideratio
3244 404 3311 446 ac
3360 406 3565 460 specu-

295 482 377 548 δὲ,
407 482 510 556 τὴν
542 484 610 538 ὲκ
637 483 749 537 τῶν
781 483 952 537 ὄντων
983 480 1167 552 ἁπλῆν
1202 480 1334 553 περὶ
1360 478 1526 535 αὐτοῦ
1555 479 1650 533 καὶ
1672 477 1874 532 ἑνιαίαν

1982 476 2116 532 latio
2142 488 2268 545 est;
2300 493 2523 534 sensum
2554 495 2720 543 vero,
2753 495 2875 535 eam
2906 479 3179 535 bonorum
3226 491 3424 538 natura
3470 499 3565 538 su-

296 574 503 642 γνῶσιν
525 592 541 608 ο
575 577 716 646 τάχα
741 575 800 629 δὲ
832 575 931 629 καὶ
957 574 1045 627 ἐπ’
1076 573 1240 629 ἄλλου
1264 571 1467 636 παντὸς
1494 569 1651 625 τοῦτο
1680 568 1881 639 γνωρί-

298 665 479 730 ζεται·
557 666 717 736 εἴπερ
782 666 816 735 ἡ
864 663 1019 718 τοῦδε
1079 662 1177 717 τοῦ
1221 662 1545 734 πράγματος
1571 664 1756 730 πεῖρα,
1791 658 1883 712 τὸν

298 740 441 828 περὶη
466 755 635 811 αὐτοῦ
661 753 973 809 καταπαύει
1017 753 1179 821 λόγον
1205 770 1219 783 ·
1251 753 1345 806 καὶ
1371 755 1404 823 ἡ
1432 751 1586 804 τοῦδε
1615 750 1711 803 τοῦ
1734 751 1878 819 πρά-

296 864 509 920 γματος
536 846 811 918 αἴσθησις,
843 845 942 917 τὴν
964 845 1091 916 περὶ
1116 842 1282 897 αὑτοῦ
1311 842 1678 913 σχολάζουσαν
1710 841 1878 912 ὲργάο

296 940 452 1004 (erat
475 938 683 1011 νόησιν.
714 938 918 1009 Πετραν
946 935 1001 990 δὲ
1026 935 1195 1005 λέγω.
1227 934 1398 1005 αὐτὴν
1431 933 1530 1005 τὴν
1576 934 1700 988 κατ’
1730 932 1881 1004 ὲνέρ⁴

300 1049 455 1100 γειαν
480 1031 707 1102 γνῶσιν,
738 1030 837 1103 τὴν
869 1028 1009 1101 μετὰ
1039 1029 1218 1083 πάντα
1254 1027 1414 1095 λόγον
1457 1027 1843 1097 ὲπιγινομένην
1862 1042 1875 1057 ·

294 1124 553 1193 αἴσθησιν
580 1122 658 1188 δὲ,
687 1122 861 1193 αὐτὴν
887 1120 985 1176 τοῦ
1014 1119 1351 1190 γνωσθέντος
1370 1119 1471 1190 τὴν
1521 1118 1758 1189 μέθεξιν,
1781 1118 1879 1187 τὴν

299 1212 439 1283 μετὰ
467 1213 647 1266 πᾶσαν
688 1212 872 1282 νόησιν
905 1210 1327 1280 ἑκφαινομένην.
1366 1208 1476 1262 Καὶ
1513 1206 1671 1261 τοῦτο
1717 1207 1879 1276 τυχὸν

300 1300 577 1371 μυστικῶς
601 1300 870 1353 διδάσκων
891 1301 920 1353 ό
947 1300 1124 1370 μέγας
1159 1299 1510 1363 Ἀπόστολος,
1543 1299 1724 1371 φησίν·
1743 1299 1880 1353 Εἴτε

295 1393 364 1445 δὲ
399 1390 754 1461 προφητεῖαι
807 1390 1395 1460 καταργηθήσονται,
1443 1389 1564 1444 εἴτε
1606 1388 1881 1459 γλῶσσαι

295 1485 660 1548 παύσονται,
709 1482 833 1535 εἴτε
884 1481 1111 1551 γνῶσις
1168 1480 1706 1550 καταργηθήσεται,
1753 1480 1882 1551 περὶ

297 1578 397 1648 τῆς
426 1578 485 1628 ἐν
517 1575 661 1645 λόγῳ
682 1573 945 1645 κειμένης
967 1573 1063 1627 καὶ
1094 1576 1327 1644 νοήμασι
1359 1572 1613 1642 γνώσεως
1640 1571 1882 1643 δηλονότι

298 1669 545 1737 φάσκων.

1982 570 2267 639 periurum
2323 572 2719 642 experientiam
2748 613 2764 637 ,
2808 588 2930 642 quae
2966 574 3388 643 participatione
3431 591 3563 630 con-
3660 623 3664 626 ι

1981 664 2175 720 sistit:
2210 664 2609 734 cogitationem
2652 680 2786 718 vero
2836 681 2930 719 seu
2964 664 3272 727 notionem,
3320 683 3443 736 qua:
3494 668 3562 722 dc

1981 758 2101 827 ipso
2121 763 2208 811 est
2227 772 2293 809 ex
2314 756 2480 809 rebus
2496 757 2800 826 simplicem
2824 771 2889 809 ac
2911 756 3246 825 singularem
3269 757 3561 812 scientiam

1978 863 2043 902 ac
2068 846 2461 917 cOgnitioncm.
2497 847 2656 901 Forte
2684 861 2815 900 vero
2861 846 3029 899 etiam
3083 846 3141 900 in
3197 862 3257 900 re
3316 848 3564 916 qualibet

1979 938 2125 993 idem
2166 955 2269 993 usu
2306 939 2493 1005 venit;
2537 938 2813 1009 siquidem
2863 938 2945 993 rei
2990 939 3119 993 talis
3172 940 3514 1009 experientia
3544 981 3558 1002 ,

1977 1046 2099 1099 qua:
2122 1030 2189 1084 de
2208 1031 2298 1084 illa
2320 1039 2425 1093 est,
2452 1031 2720 1085 rationem
2742 1045 2957 1085 cessare
2980 1029 3142 1095 facit;
3172 1031 3444 1101 hujusque
3480 1032 3560 1086 rei

1980 1115 2106 1169 talis
2135 1131 2353 1179 sensus,
2373 1132 2496 1185 qua:
2524 1117 2593 1172 de
2624 1117 2715 1172 illa
2736 1126 2841 1181 est,
2872 1118 3262 1187 cogitationem
3283 1135 3378 1173 seu
3409 1135 3563 1175 com-

1979 1207 2370 1261 mcutationcm
2398 1208 2629 1263 otiosam
2661 1208 2863 1263 reddit.
2903 1209 3350 1278 Experimentum
3378 1221 3562 1268 autem

1982 1296 2130 1361 dico,
2157 1297 2329 1366 ipsam
2358 1299 2538 1368 reipsa
2560 1299 2615 1353 in
2636 1310 2761 1355 actu
2780 1300 3066 1355 scientiam
3086 1317 3149 1355 ac
3165 1302 3559 1371 cognitionem,

1979 1405 2100 1459 qua:
2121 1399 2243 1459 post
2266 1406 2485 1445 omnem
2511 1392 2724 1447 accedit
2745 1393 3014 1449 rationem
3031 1403 3197 1464 atque
3210 1410 3520 1451 sermonem
3542 1412 3557 1450 :

1980 1497 2202 1537 sensum
2236 1498 2392 1547 vero,
2427 1484 2601 1553 ipsam
2623 1485 2743 1555 ejus
2773 1486 2921 1556 quod
2965 1487 3168 1541 scitum
3214 1496 3300 1542 est
3326 1528 3341 1552 ,
3394 1496 3562 1558 atque

1982 1574 2262 1643 cognitum
2282 1575 2692 1644 perceptionem
2711 1579 3235 1647 commerciumque,
3253 1586 3375 1647 post
3392 1578 3562 1633 animi

1984 1661 2285 1730 cogitatum
2317 1675 2534 1714 omnem
2566 1677 2630 1715 ac
2659 1662 3084 1732 intelligentiam
3108 1667 3355 1721 elucens.
3386 1664 3565 1735 idque

298 1759 531 1814 forsitan
562 1757 790 1829 mystice
821 1756 1026 1812 docens
1063 1771 1294 1827 magnus
1325 1753 1623 1825 Apostolus
1642 1754 1826 1809 aiebat
1851 1773 1864 1808 :
1895 1754 2014 1811 Sive
2038 1752 2322 1826 prophetia:
2348 1753 2760 1816 evacuabuntur,
2795 1754 2902 1805 sive
2922 1753 3114 1823 lingua
3142 1757 3435 1821 cessabunt,
3455 1760 3564 1814 sive

293 1851 514 1906 scientia
533 1847 938 1913 destruetur";
981 1860 1179 1916 nempe
1198 1846 1268 1902 de
1286 1861 1353 1900 ea
1367 1845 1598 1917 loquens
1626 1845 1881 1911 scientia,
1920 1862 2045 1916 qua:
2071 1846 2127 1899 in
2161 1844 2373 1899 ratione
2403 1841 2685 1912 animique
2749 1843 2929 1898 sensis
2977 1854 3032 1899 et
3068 1846 3401 1916 cogitatibus
3429 1866 3563 1906 con-

296 1941 469 1997 sistit.

518 2031 718 2102 Ἐχρῆν
761 2030 838 2095 ὡς
885 2028 1100 2101 άληθῶς
1131 2029 1222 2083 τὸν
1260 2028 1401 2082 κατὰ
1450 2027 1612 2097 φύσιν
1641 2030 1738 2097 τῆς
1770 2029 1874 2082 τῶν

2049 2029 2138 2085 52.
2172 2028 2416 2083 Docebat
2448 2027 2597 2082 enim
2647 2043 2842 2082 revera
2870 2068 2885 2093 ,
2928 2044 3079 2094 eum,
3115 2030 3210 2099 qui
3252 2032 3560 2089 secundum

293 2123 465 2177 ὄντων
502 2121 691 2184 οὐσίας
738 2120 1094 2192 δημιουργὸν,
1126 2123 1218 2174 καὶ
1250 2121 1349 2191 τῆς
1388 2123 1529 2176 κατὰ
1554 2121 1715 2191 χάριν
1744 2123 1878 2174 αὺτ-

293 2210 489 2281 ουργὸν
545 2208 798 2279 γενέσθαι
846 2209 958 2261 τῶν
1034 2210 1337 2277 γεγονότων
1393 2208 1681 2273 Θεώσεωςο
1729 2210 1820 2265 ἵνα
1848 2210 1877 2262 ό

296 2302 393 2355 τοῦ
427 2298 569 2356 εἶναι
612 2301 801 2372 δοτὴρ,
838 2303 981 2372 φανῇ
1022 2302 1117 2355 καὶ
1158 2301 1253 2354 τοῦ
1281 2298 1448 2356 άε“ιεῦ
1476 2297 1615 2355 εἶναι
1638 2319 1880 2375 χαριστι-

297 2393 413 2456 κός.
448 2392 603 2447 Ἐπεὶ
630 2388 725 2446 οὖν
750 2392 906 2446 οὐδὲν
938 2391 1046 2445 τῶν
1069 2391 1239 2445 ὄντων
1283 2392 1443 2446 ἑαυτὸ
1466 2394 1813 2464 τοπαράπαν,
1843 2393 1876 2465 ἢ

296 2485 428 2541 ἄλλο
474 2484 734 2555 γινώσκει
760 2486 788 2539 δ
814 2485 867 2538 τί
909 2502 1038 2539 ποτε
1062 2484 1183 2539 κατ’
1205 2484 1393 2538 οὐσίαν
1437 2486 1603 2550 ἐστὶν,
1654 2485 1878 2549 εἰκότως

295 2578 419 2634 οὐδὲ
472 2578 582 2633 τῶν
623 2577 1007 2648 γενησομένων
1059 2575 1272 2640 οὐδενὸς
1309 2574 1464 2629 οὐδὲν
1518 2576 1627 2630 τῶν
1688 2576 1875 2642 ὄντων,

297 2668 411 2740 ἔχει
439 2669 582 2722 κατὰ
612 2668 776 2737 φύσιν
808 2665 907 2737 τὴν
935 2665 1267 2736 πρόγνωσιν,
1321 2664 1464 2739 πλὴν
1509 2665 1603 2719 τοῦ
1634 2667 1773 2737 ὑπὲρ
1808 2668 1880 2720 τὰ

296 2760 425 2814 ὄντα
446 2759 601 2825 Θεοῦ,
629 2762 724 2813 καὶ
753 2757 948 2812 ἑαυτὸν
997 2756 1376 2826 γινώσκοντος,
1403 2758 1430 2811 ὃ
1458 2773 1511 2810 τι
1536 2759 1658 2810 κατ’
1692 2757 1878 2811 οὐσίαν

296 2852 437 2918 ἐστὶ,
472 2852 568 2905 καὶ
602 2851 815 2904 πάντων
844 2848 954 2903 τῶν
1009 2848 1099 2902 ὑπ’
1147 2848 1312 2901 αὑτοῦ
1345 2851 1750 2920 πεποιημένων,
1786 2851 1880 2903 καὶ

297 2945 428 3016 πρὶν
458 2941 712 3013 γενέσθαι
750 2940 1156 3013 προεγνωκότος
1184 2941 1282 3011 τὴν
1313 2938 1547 3012 ὓπαρξιν
1572 2957 1588 2971 ο
1624 2941 1715 2993 καὶ
1747 2940 1878 3010 μέλη

296 3030 479 3093 λοντος
510 3030 650 3083 κατὰ
671 3029 832 3100 χάριν
882 3028 1292 3100 φιλοτιμεῖσθαι
1328 3030 1441 3092 τοῖς
1469 3023 1585 3082 οὖσι
1618 3029 1719 3099 τὴν
1750 3031 1877 3083 ἑαυ-

296 3119 428 3183 τῶν,
460 3119 553 3171 καὶ
600 3118 797 3181 ἄλλων,
828 3118 857 3171 ὅ
900 3117 953 3171 τί
995 3133 1125 3170 ποτε
1167 3117 1288 3169 κατ’
1337 3116 1525 3169 οὐσίαν
1576 3118 1880 3187 ὑπάρχουσι

296 3211 521 3280 γνῶσιν,
561 3211 656 3263 καὶ
698 3211 827 3273 τοὺς
867 3210 925 3262 ἐν
965 3209 1116 3279 αὐτῷ
1167 3208 1453 3279 μονοειδῶς
1482 3208 1748 3279 προόντας
1779 3208 1880 3278 τῆς

298 3302 477 3357 αὐτῶν
500 3301 769 3370 γενέσεως
798 3301 1116 3373 φανερῶσσι
1146 3301 1361 3369 λόγους.

1978 2130 2235 2175 naturam
2263 2118 2519 2173 essentize
2564 2134 2749 2173 rerum
2795 2119 3050 2173 conditor
3098 2122 3190 2185 sit,
3242 2131 3559 2178 creatorum

1979 2226 2197 2282 quoque
2228 2209 2616 2276 dedicationis,
2658 2228 2779 2281 qua:
2808 2227 2908 2281 per
2934 2212 3168 2281 gratiam
3197 2222 3305 2277 est,
3359 2230 3558 2269 auem-

1980 2320 2095 2357 rem
2124 2304 2394 2358 exsistere
2420 2321 2435 2369 ;
2468 2312 2529 2357 ut
2561 2302 2656 2372 qui
2684 2312 2745 2356 ut
2769 2312 2955 2358 essent
3000 2314 3390 2368 concesserat,
3438 2308 3559 2377 ejus

1978 2394 2126 2463 quod
2159 2404 2245 2449 est
2271 2410 2491 2463 semper
2532 2394 2673 2449 bene
2714 2409 2835 2448 esse
2867 2394 3329 2465 sempiternzeque
3377 2397 3558 2452 felici-

1981 2489 2109 2542 tatis
2142 2487 2373 2558 largitor
2388 2488 2648 2541 eniteret.
2676 2486 2813 2541 Cum
2842 2487 3008 2557 igitur
3038 2487 3185 2540 nulla
3213 2503 3300 2542 res
3330 2489 3554 2543 omnino

1981 2577 2102 2647 ipsa
2128 2593 2209 2639 sc,
2262 2585 2425 2631 autve.
2461 2578 2624 2630 aliam
2660 2586 2992 2647 cognoscat,
3040 2576 3304 2646 quidnam
3354 2579 3423 2633 sit
3459 2595 3557 2649 per

1980 2668 2315 2733 essentiam;
2359 2668 2555 2721 metito
2586 2666 2665 2731 tit,
2700 2675 2761 2721 ut
2794 2683 2897 2721 nec
2941 2668 3050 2721 ulla
3098 2668 3331 2739 alicujus
3362 2686 3557 2726 eorum

1979 2771 2101 2825 qua:
2136 2755 2323 2809 futura
2354 2765 2504 2819 sunt,
2536 2770 2606 2809 ex
2650 2765 2847 2809 natura
2892 2755 3290 2824 praeseientiam
3334 2756 3554 2824 habeat,

1978 2863 2092 2900 uno
2122 2846 2409 2908 duntaxat,
2435 2845 2531 2914 qui
2564 2854 2649 2899 est
2678 2860 2846 2915 super
2881 2846 3065 2899 omnia
3092 2887 3105 2910 ,
3157 2857 3389 2916 excepto
3419 2848 3552 2914 Deo,

1978 2936 2073 3007 qui
2131 2948 2189 2991 et
2239 2937 2355 3005 ipse
2401 2935 2643 3005 seipsum
2678 2944 2973 3005 cognoscat
3022 2937 3283 3005 quidnam
3338 2939 3411 2993 sit
3458 2955 3558 3009 per.

1978 3026 2296 3088 essentiam,
2329 3030 2686 3095 omniumque
2714 3041 2902 3079 eorum
2927 3042 3048 3094 quae
3078 3026 3147 3080 ab
3185 3028 3303 3095 ipso
3333 3029 3565 3085 condita;

1981 3123 2130 3179 sunt,
2160 3114 2478 3183 priusquam
2510 3114 2679 3168 etiam
2712 3114 3084 3169 conderentur
3126 3116 3285 3186 592
3337 3128 3555 3173 essent-

1980 3221 2088 3275 que
2126 3206 2296 3269 edila,
2350 3207 2715 3260 substantiam
2762 3215 3072 3275 prmnoscat
3106 3224 3119 3260 :
3157 3208 3252 3277 qui
3312 3209 3569 3281 denique:

1982 3314 2081 3368 per
2110 3298 2340 3369 gratiam
2362 3297 2648 3352 liberalius
2678 3298 2841 3352 rebus
2873 3298 3175 3353 collaturus
3194 3299 3285 3365 sit,
3335 3311 3393 3355 ut
3422 3302 3569 3372 ipsa?

298 3414 397 3464 se,
425 3399 779 3469 vicissimque
832 3397 955 3451 alim
1008 3396 1144 3452 alias
1190 3404 1566 3467 cognoscant,
1610 3392 1877 3467 quidnam
1922 3394 2155 3465 sintper
2190 3392 2508 3458 essentiam,
2549 3393 2718 3462 inque
2783 3392 2969 3461 seipse
3018 3392 3370 3450 uniformiter
3410 3412 3566 3467 prae-—

296 3489 600 3546 existentes
626 3504 817 3545 earum
846 3487 1077 3557 originis
1116 3489 1296 3557 palam
1338 3489 1472 3557 ipsis
1501 3489 1751 3543 facturus
1787 3487 2053 3541 rationes.

368 3580 471 3650 λγ’.
525 3582 584 3634 '0
619 3580 719 3650 τὴν
765 3578 927 3647 φύσιν
962 3578 1071 3630 τῶν
1116 3577 1418 3648 ἀνθρώπων
1464 3578 1874 3648 δημιουργήσας

2048 3576 2134 3629 55.
2172 3574 2274 3641 Qui
2324 3575 2618 3629 humanam
2660 3583 2914 3627 naturam
2946 3574 3194 3630 condidit
3240 3578 3386 3633 Deus
3417 3618 3432 3641 ,
3483 3596 3564 3637 eo;

296 3670 455 3739 λόγος
480 3668 594 3741 [qq.
642 3668 712 3721 ad
752 3665 967 3721 Thales.
1002 3682 1055 3736 q.
1106 3663 1194 3718 61.
1235 3664 1414 3736 Osee],
1450 3665 1513 3717 οὐ
1560 3666 1874 3717 συνέκτισεν

299 3762 439 3831 αὐτῇ
463 3758 608 3812 κατὰ
631 3756 906 3828 αἴσθησιν,
939 3755 1065 3809 οὔτε
1092 3756 1306 3827 ἡδονὴν,
1334 3753 1464 3808 οὔτε
1496 3754 1716 3825 ὀδύνηνο
1740 3753 1876 3807 ἀλλὰ

299 3849 531 3921 δύναμίν
570 3865 691 3902 τινα
724 3846 866 3900 κατὰ
894 3844 1019 3899 νοῦν
1060 3846 1198 3917 αὐτῇ
1234 3845 1370 3916 πρὸς
1398 3844 1613 3916 ἡδονὴν,
1651 3842 1775 3897 καθ’
1807 3845 1874 3915 ἣν

298 3941 549 4014 ἀρρήτως
594 3937 889 3997 ἀπολαύειν
917 3936 1082 3991 αὐτοῦ
1122 3937 1430 4009 δυνήσεται,
1464 3935 1872 4006 ὲνετεκτήνατο.

300 4032 515 4103 Ταύτην
553 4032 611 4086 δὲ
657 4031 757 4103 τὴν
803 4029 1063 4100 δύναμιν,
1109 4028 1256 4096 λέγω
1305 4027 1360 4081 δὲ
1392 4027 1491 4097 τὴν
1526 4028 1667 4082 κατὰ
1710 4027 1872 4096 φύσιν

297 4121 393 4177 τοῦ
427 4121 519 4176 νοῦ
548 4119 688 4193 πρὸς
726 4121 820 4175 τὸν
853 4120 984 4174 Θεὸν
1020 4118 1228 4187 ἔφεσιν,
1263 4118 1379 4188 ἅμα
1406 4118 1773 4188 τῷγενέσοαι,
1801 4119 1869 4189 τῇ

302 4212 548 4283 αἰσθήσει
575 4212 699 4274 δοὺς
726 4212 757 4265 ό
792 4210 1009 4280 πρῶτος
1036 4208 1347 4279 ἄνθρωπος,
1368 4206 1507 4280 πρὸς
1536 4207 1605 4260 τά
1637 4207 1871 4275 αἰσθητὰ

297 4302 419 4354 κατ’
452 4300 621 4370 αὐτὴν
653 4297 753 4370 τὴν
800 4298 1025 4370 πρώτην
1066 4298 1281 4368 κίνησιν
1323 4296 1412 4350 διὰ
1455 4294 1628 4367 μέσης
1651 4295 1751 4366 τῆς
1784 4296 1870 4349 αἱ·

298 4391 543 4462 σθήσεως
585 4389 711 4460 ἔσχε
766 4390 921 4460 παρὰ
968 4387 1128 4458 φύσιν
1166 4388 1574 4458 ἐνεργουμένην
1613 4386 1712 4458 τὴν
1744 4387 1869 4457 ἠδο-

296 4484 428 4552 νήν’
462 4475 608 4553 ᾗτινι
672 4481 814 4535 κατὰ
860 4479 1116 4551 πρόνοιαν
1169 4478 1198 4531 ό
1249 4479 1349 4550 τῆς
1391 4479 1550 4550 ἡμῶν
1594 4480 1869 4550 σωτηρίας

298 4574 619 4644 κηδόμενος,
638 4573 959 4643 παρέπηξεν
989 4571 1181 4642 ὥσπερ
1204 4572 1327 4625 τινὰ
1355 4571 1597 4642 τιμωρὸν
1617 4570 1866 4642 δύναμιν,

295 4664 395 4733 τὴν
428 4662 659 4733 ὀδύνηνο
714 4663 836 4718 καθ’
880 4664 947 4735 ἢν
991 4663 1020 4715 ό
1068 4662 1161 4714 τοῦ
1208 4661 1436 4715 θανάτου
1497 4662 1633 4731 μετὰ
1678 4661 1868 4730 σοφίας

296 4754 627 4827 ὲνερῥιζώθη
653 4757 719 4826 τῇ
743 4753 835 4807 τοῦ
860 4754 1111 4824 σώματος
1137 4752 1296 4822 φύσει
1327 4753 1512 4822 νόμος,
1541 4751 1868 4824 περιορίζων

294 4846 395 4918 τῆς
432 4845 526 4899 τοῦ
559 4844 653 4900 νοῦ
708 4846 907 4914 μανίας
959 4844 1113 4916 παρά
1159 4846 1324 4914 φύσιν
1376 4843 1469 4896 ἐπὶ
1514 4842 1584 4896 τά
1627 4842 1866 4914 αἰσθητά

295 4938 624 5009 κινουμένην
645 4937 742 5009 τὴν
768 4938 975 5007 ἔφεσιν.

364 5030 462 5087 λδ’.
514 5031 707 5103 Ἡδονὴ
758 5032 852 5084 καὶ
897 5030 1082 5102 ὀδύνη,
1132 5029 1200 5100 τῆ
1235 5028 1396 5100 φύσει
1423 5027 1522 5099 τῆς
1554 5027 1760 5099 σαρκὸς
1802 5027 1864 5081 οὐ

297 5123 727 5195 συνεκτίσθησαν
747 5140 761 5153 ο
795 5122 911 5176 ἀλλ’
946 5124 980 5194 ὴ
1007 5122 1339 5193 παράδεισις,
1368 5121 1467 5189 τὴν
1496 5118 1616 5191 μὲν,
1642 5118 1868 5190 ἐπενόη-

298 5232 388 5270 σεν
415 5218 496 5279 είς
522 5215 729 5287 φθοράν
768 5216 867 5286 τῆς
893 5214 1268 5287 προαιρέσεως
1286 5230 1300 5245 ο
1338 5213 1437 5284 τὴν
1464 5211 1544 5276 δὲ,
1578 5211 1867 5266 κατεδίκα-

297 5324 392 5362 σεν
419 5310 500 5373 είς
530 5307 684 5363 λύσιν
721 5313 819 5381 τῆς
849 5310 1065 5380 φύσεως
1087 5324 1101 5339 ·
1130 5308 1217 5364 ἵνα
1248 5308 1282 5378 ὴ
1332 5305 1431 5378 μὶν
1458 5304 1645 5377 ἡδονὴ.
1683 5304 1862 5375 ψυχῆς

293 5400 542 5457 δκούσιον
595 5403 896 5474 ἐργάσηται
954 5402 1185 5456 θάνατον
1228 5393 1339 5470 ’τὴν
1376 5396 1683 5469 ἁμαρτίαν·
1727 5396 1761 5465 ἡ
1807 5396 1865 5448 δὲ

292 5494 454 5567 ὀδύνη
481 5495 569 5549 διά
595 5495 695 5564 τῆς
740 5494 969 5562 λύσεως,
1002 5494 1099 5566 τὴν
1121 5493 1247 5549 κατ’
1277 5486 1419 5561 εῐδος
1440 5489 1738 5561 ποιήσηται
1767 5488 1868 5559 τῆς

366 5653 411 5691 ⁸³
439 5654 608 5713 lCor.
631 5670 747 5721 xm,
780 5655 832 5709 8.

1978 3667 2123 3736 quod
2151 3667 2419 3731 condidit,
2460 3681 2640 3736 neque
2680 3667 3020 3734 voluptatem
3073 3680 3254 3736 neque
3302 3669 3551 3727 dolorem

1976 3756 2126 3809 illius
2155 3756 2339 3810 sensui
2373 3755 2575 3809 indidit
2612 3772 2626 3809 :
2659 3754 2755 3809 sed
2792 3755 2901 3807 vim
2944 3756 3237 3824 quamdam
3266 3759 3451 3814 animo
3479 3762 3550 3817 ad

1974 3846 2309 3915 voluptatem
2342 3846 2645 3899 fabricatus
2665 3852 2773 3909 est,
2802 3844 3110 3899 secundum
3142 3862 3307 3917 quam
3348 3864 3547 3907 arcana

1974 3937 2251 4007 nullisque
2283 3937 2472 3992 verbis
2526 3936 2841 4005 explica‘bili
2890 3937 3106 3994 ratione
3132 3980 3147 4004 ,
3204 3940 3325 4011 ipso
3364 3953 3551 4013 posset

1973 4027 2104 4082 frui.
2144 4027 2294 4083 Hane
2338 4029 2521 4099 itaque
2553 4028 2663 4083 vim
2698 4028 2970 4101 (naturale
3017 4031 3230 4087 scilicet
3262 4036 3464 4091 mentis
3492 4037 3549 4092 in

1972 4116 2144 4169 Deum
2175 4116 2537 4187 desiderium)
2566 4117 2781 4187 primus
2823 4119 2991 4174 homo
3019 4136 3143 4174 mox
3184 4136 3248 4176 ac
3292 4124 3550 4182 conditus

1972 4204 2171 4269 fuerat,
2221 4206 2409 4261 sensui
2454 4206 2755 4273 addicens,
2808 4224 3081 4279 propense
3110 4211 3165 4265 in
3208 4229 3272 4268 ea
3316 4230 3438 4284 qua:
3493 4216 3551 4271 in

1970 4314 2194 4353 sensum
2221 4298 2446 4365 cadunt,
2470 4300 2650 4369 primo
2676 4301 2796 4370 ipso
2820 4309 2994 4364 motu,
3028 4302 3357 4361 intermedio
3383 4323 3553 4364 sensu

1972 4390 2342 4445 innaturalem
2374 4393 2557 4460 reipsa
2607 4393 2907 4446 exercitam
2939 4401 3101 4464 atque
3141 4394 3416 4466 vigentem
3455 4414 3555 4451 vo-

1972 4480 2241 4550 luptatem
2274 4480 2502 4547 habuit;
2527 4482 2734 4551 cuiper
2756 4482 3185 4551 providentiam,
3222 4487 3315 4555 qui
3345 4495 3555 4543 nostra:

1971 4587 2165 4628 curam
2192 4572 2386 4627 salutis
2410 4573 2555 4642 agit,
2614 4589 2715 4627 ceu
2770 4575 2878 4628 vim
2921 4576 3214 4644 quamdam
3268 4577 3551 4644 ultricem,

1971 4664 2220 4719 dolorem
2250 4663 2458 4729 ailixit;
2493 4680 2602 4734 quo
2634 4665 2916 4735 sapienter
2954 4665 3149 4720 mortis
3182 4666 3291 4729 lex,
3338 4675 3552 4724 natum

1969 4757 2221 4825 corporis
2243 4756 2371 4809 altis
2387 4755 2564 4810 delixa
2588 4756 2872 4810 radicibus
2892 4763 2997 4820 est,
3024 4755 3350 4825 desipientis
3370 4759 3550 4813 animi

1972 4846 2255 4900 incitatam
2292 4846 2345 4899 in
2382 4861 2471 4900 res
2498 4845 2685 4899 sensui
2717 4846 2961 4915 objectas
2989 4845 3351 4899 innaturalem
3386 4848 3549 4918 cupi-

1904 4922 1944 4976 Ι)
1978 4937 2211 4991 ditatem
2251 4935 2543 4989 eliminans
2572 4943 2736 5003 atque
2775 4932 3096 4988 extrudens.

2046 5028 2135 5083 3t.
2174 5028 2435 5097 Voluptas
2465 5042 2529 5082 ac
2554 5026 2732 5087 dolor,
2765 5040 2873 5078 non
2906 5040 3014 5078 uua
3044 5039 3168 5078 cum
3198 5035 3394 5080 natura
3420 5042 3545 5081 car-

1973 5119 2061 5173 nis
2086 5118 2310 5173 eondita
2352 5124 2518 5180 sunt;
2561 5113 2656 5168 sed
2709 5111 3070 5184 transgressio
3112 5113 3275 5167 aliam
3321 5114 3544 5183 quidem

1974 5208 2043 5263 ad
2072 5206 2370 5263 voluntatis
2398 5204 2565 5260 animi
2597 5202 2777 5257 labem
2829 5201 3143 5267 adinvenit;
3190 5202 3425 5256 alterum
3474 5218 3545 5258 ex

1972 5302 2323 5357 damnatione
2340 5298 2393 5351 in
2412 5296 2695 5352 interitum
2719 5304 2927 5349 natura:
2949 5294 3154 5350 invexit
3178 5313 3190 5348 :
3216 5310 3326 5364 quo
3344 5310 3543 5365 nempe

1971 5394 2230 5461 voluptas
2248 5389 2473 5459 quidem
2504 5403 2568 5442 ac
2602 5387 2777 5441 libido
2804 5392 3162 5456 spontaucam
3196 5385 3362 5441 animi
3395 5401 3541 5442 mor-

1974 5494 2085 5540 tem
2116 5486 2425 5554 (peccatum
2459 5479 2689 5549 scilicet)
2724 5478 3049 5545 asciscerct;
3074 5478 3233 5533 dolor
3261 5492 3395 5533 vero
3424 5475 3534 5533 d3-
