4046 6196
534 306 669 371 1319

1691 291 1751 350 S.
1791 286 2081 349 MAXIMI
2120 283 2628 348 CONFESSORIS

3650 270 3803 334 1320

528 413 796 472 solvendo
823 451 841 477 ,
902 404 1089 464 earnls
1111 407 1295 477 ipsam
1328 405 1585 460 naturam
1635 399 1907 454 aboleret.
1955 397 2102 451 Deus

2222 395 2412 467 ταρκὶς
2445 392 2788 463 ἀπογένεσιν.
2821 391 2981 459 Κατά
3007 391 3266 462 πρόνοιαν
3307 387 3416 459 γὰρ
3457 386 3591 458 πρὸς
3623 386 3806 439 κόλα-

528 508 677 562 enim
706 520 815 575 qua
848 516 935 555 res
950 500 1227 553 humanas
1250 492 1598 568 providentia
1619 492 1912 564 gubernat,
1937 487 2104 543 casti—

529 597 719 669 gaudes
742 590 959 648 libidini
984 605 1106 660 qua
1144 597 1231 643 est
1276 585 1446 643 animi
1497 584 1804 647 voluntate,
1848 579 2104 635 involuti-

530 687 728 741 tarium
761 690 974 738 naturae
995 680 1266 744 dolorem,
1297 693 1383 743 ac,
1409 677 1570 747 cujus
1598 674 1692 729 ille
1734 671 1994 743 pararius
2017 676 2103 724 est

529 795 594 835 ac
616 789 831 842 auctor,
859 785 1092 832 mortem
1117 774 1389 845 adiunxit.

597 870 685 924 55.
716 870 798 924 0b
821 883 963 930 eam,
995 883 1118 937 qua:
1146 866 1457 920 abhorrens
1505 878 1537 916 a
1590 860 1809 915 ratione
1848 857 2104 925 voluptas

528 972 739 1017 naturae
764 959 1087 1020 inoleverat,
1121 955 1213 1025 qui
1240 970 1307 1010 ex
1333 952 1549 1008 ratione
1578 962 1666 1007 est
1689 949 1891 1005 invasit
1918 948 2099 1013 dolor;

527 1068 628 1122 per
651 1052 850 1105 multas
880 1050 1090 1105 scilicet
1126 1060 1424 1109 mriininas,
1450 1045 1505 1098 in
1518 1043 1723 1113 quibus
1741 1050 1798 1096 et
1817 1056 1881 1096 ex
1904 1038 2106 1109 quibus

526 1143 721 1197 mortis
738 1142 912 1215 origo,
933 1139 1299 1195 innaturalem
1335 1144 1628 1206 amputans
1649 1133 1991 1202 voluptatem
2012 1145 2027 1194 ;
2049 1136 2107 1182 at

527 1246 637 1289 n0n
682 1233 909 1288 omnino
956 1231 1124 1287 etiam
1188 1229 1415 1283 abolens
1465 1243 1530 1282 ac
1580 1226 1944 1287 interimens;
1997 1234 2109 1290 qua

526 1327 789 1382 nimirum
826 1339 949 1395 quae
976 1330 1163 1378 mente
1195 1328 1302 1387 est,
1336 1320 1539 1375 divinae
1575 1315 1878 1387 voluptatis
1906 1313 2103 1385 gratia,

527 1418 749 1473 elucere
777 1414 945 1470 habet
976 1427 1041 1468 ac
1068 1426 1128 1466 se
1157 1410 1417 1481 prodere.

597 1530 687 1585 '56.
723 1529 925 1599 Sponte
950 1522 1235 1581 adinventi
1264 1519 1641 1591 assumptique
1657 1518 1909 1582 labores,
1940 1522 2106 1586 atque

527 1622 716 1677 invitis
774 1619 967 1674 indicti
1028 1615 1368 1685 inﬂictique,
1428 1612 1690 1667 auferunt
1746 1609 1970 1679 quidem
2027 1608 2109 1663 illi

529 1716 888 1781 voluptatem,
925 1710 1047 1779 ejus
1094 1707 1152 1761 in
1202 1715 1329 1761 actu
1380 1705 1643 1759 sistentes
1696 1709 1942 1765 motum;
1996 1714 2109 1753 non

2203 502 2289 539 σιν
2321 487 2419 556 τῆς
2449 484 2948 556 κατὰ-προαίρεσιν
2975 482 3193 553 ἡδονῆς,
3232 480 3469 534 δέδωκεν
3502 478 3532 529 ὁ
3557 476 3693 540 05b;
3711 478 3796 545 τῇ

2204 578 2385 648 φύσει,
2412 578 2511 650 τὴν
2566 578 2720 649 παρὰ
2774 575 3101 647 προαίρεσιν
3150 572 3368 642 ὀδύνην,
3402 570 3498 624 καὶ
3541 569 3637 623 τὸν
3688 567 3792 622 ἐπ’

2202 668 2338 739 αὐτῇ
2365 668 2613 721 θάνατον.

2274 844 2373 900 λε’.
2415 845 2514 899 Διὰ
2556 844 2655 916 τὴν
2700 843 3039 898 ἐπελθοῦσαν
3070 845 3142 919 τῇ
3195 841 3361 913 φύσει
3424 839 3576 911 παρὰ
3620 839 3803 905 λόγον

2204 939 2420 1011 ἡδονὴν,
2450 941 2484 1009 ή
2516 938 2659 991 κατὰ
2686 937 2846 1006 λόγον
2876 936 3199 1007 ἐπεισῆλθεν
3245 934 3428 1004 ὀδύνη,
3457 933 3546 986 διὰ
3573 929 3805 989 πολλῶν

2206 1032 2572 1102 παθημάτων,
2602 1033 2659 1083 έν
2688 1027 2771 1093 οἷς
2811 1030 2910 1084 καὶ
2953 1028 3014 1094 ἐξ
3041 1023 3116 1083 ὧν
3142 1030 3173 1082 ὁ
3198 1028 3449 1093 θάνατος,
3481 1023 3800 1094 ποιουμένη

2205 1126 2303 1195 τῆς
2338 1125 2490 1194 παρὰ
2529 1123 2691 1192 φύσιν
2740 1123 2936 1194 ἡδονῆς
2991 1124 3091 1191 τὴν
3137 1121 3463 1191 ἀφαίρεσιν·
3493 1119 3557 1172 οὐ
3593 1117 3710 1186 μὴν
3736 1114 3801 1166 δὲ

2206 1219 2304 1272 καὶ
2329 1216 2543 1270 τελείαν
2570 1216 2877 1287 ἀναίρεσιν,
2911 1217 3006 1268 καὶ
3026 1215 3094 1284 ἢν
3120 1216 3153 1284 ή
3197 1217 3339 1266 κατὰ
3360 1213 3485 1265 νοῦν
3512 1210 3612 1279 τῆς
3638 1207 3805 1268 θείας

2207 1310 2420 1381 ήδονῆς,
2456 1308 2875 1363 ἀναδείκνυσθαι
2903 1308 3113 1377 πέφυκε
3140 1306 3321 1377 χάρις.

2280 1501 2391 1568 λς’.
2443 1503 2510 1557 Ἦ
2539 1501 2651 1556 τῶν
2688 1501 2955 1556 ἑκουσίων
3010 1501 3187 1555 πόνων
3236 1500 3471 1561 ἐπίνοια.
3492 1500 3590 1554 καὶ
3619 1502 3659 1570 ὴ
3686 1500 3803 1553 τῶν

2208 1596 2480 1650 ἀκουσίων
2538 1594 2831 1664 ἐπαγωγὴ,
2865 1594 3225 1665 ἀφαιροῦνται
3281 1593 3380 1663 μὲν
3423 1592 3522 1663 τήν
3571 1592 3798 1663 ἡδονὴν,

2209 1688 2311 1758 τὴν
2363 1689 2486 1740 κατ’
2527 1687 2808 1757 ἐνέργειαν
2854 1684 3029 1755 αὐτῆς
3065 1684 3485 1738 καταπαύουσαι
3529 1685 3798 1755 κίνησιν·

529 1772 710 1860 tamen
745 1772 884 1872 quae
915 1772 1066 1854 velut
1111 1795 1341 1867 originis
1374 1795 1463 1849 lex
1493 1802 1706 1847 natura
1751 1790 1927 1845 indita
1980 1800 2107 1855 est,

2222 1778 2312 1831 si»:
2337 1775 2622 1846 ἀναιροῦσι
2654 1774 2718 1829 δὲ
2749 1774 2849 1847 τὴν
2877 1772 3067 1842 ὥσπερ
3094 1775 3259 1844 νόμον
3303 1776 3372 1844 τῇ
3412 1772 3574 1842 φύσει
3608 1775 3809 1839 ἐγκει-

525 1863 827 1968 potentiam
863 1891 1161 1963 perimunt.
1196 1863 1327 1954 Quae
1356 1886 1505 1941 enim
1533 1881 1883 1954 philosophia
1926 1881 2108 1935 virtu-

2222 1867 2386 1937 μένην
2425 1866 2564 1938 πρὸς
2587 1866 2805 1933 γένεσιν
2835 1865 2975 1936 αὐτῇ
3001 1863 3253 1934 δύναμιν.
3293 1865 3359 1917 Ἦ
3381 1863 3492 1935 γὰρ
3509 1864 3631 1918 κατ’
3659 1864 3804 1935 ἁρε-

530 1955 638 2043 ἱθιη
670 1986 824 2048 colit,
859 1955 990 2038 l‘acit
1020 1982 1115 2035 illa
1143 1978 1368 2049 quidem
1397 1975 1557 2046 593
1600 1972 1905 2028 voluntatis
1936 1970 2107 2025 animi

2222 1959 2309 2030 τὴν
2362 1958 2677 2029 φιλοσοφία,
2728 1957 2956 2028 γνώμης
2997 1955 3294 2040 ᾲπάθειαν,
3341 1957 3456 2011 ἀλλ’
3479 1957 3542 2010 οὐ
3574 1956 3805 2026 φύσεως

530 2075 1103 2149 imperturbationem,
1132 2080 1189 2126 at
1221 2086 1331 2124 non
1364 2084 1432 2123 ex
1464 2077 1663 2121 natura
1693 2064 1957 2119 aﬂ‘ectum
1984 2076 2108 2115 om-

2222 2051 2544 2123 ἐργάξεσθαι
2574 2050 2818 2122 πέφυκε·
2845 2051 2971 2105 καθ’
2999 2052 3066 2123 ἢν
3115 2050 3319 2121 δηλαδὴ
3360 2049 3461 2121 τὴν
3500 2051 3801 2120 γνωμικὴν

530 2186 655 2225 nem
689 2167 841 2239 ejicit
872 2184 885 2220 :
916 2181 1023 2236 qua
1055 2163 1318 2218 nimirum
1357 2158 1661 2214 voluntatis
1692 2155 1862 2210 animi
1904 2153 2111 2223 imper-

530 2257 845 2314 turbatione
897 2253 1110 2309 accedit
1167 2249 1373 2304 divinae
1424 2246 1723 2317 voluptatis
1791 2244 1988 2317 gratia,
2050 2242 2109 2298 in

531 2358 715 2406 mente
744 2346 1077 2402 consistens.

601 2463 690 2517 57.
726 2458 916 2515 Omnis
943 2456 1119 2519 labor,
1151 2462 1211 2509 ut
1266 2467 1381 2508 suae
1419 2466 1643 2507 causam
1682 2447 1915 2520 originis
1942 2487 1958 2515 ,
2010 2462 2111 2503 vo-
2178 2462 2179 2465 ‘

531 2556 797 2625 luptatem
827 2564 924 2605 seu
955 2546 1238 2604 libidinem
1272 2544 1449 2615 reipsa
1490 2550 1830 2613 praeeuntem
1877 2539 2109 2605 habens,

533 2647 698 2718 plane
728 2642 977 2698 debitum
1027 2648 1136 2702 est,
1175 2636 1323 2708 quod
1362 2636 1514 2690 velut
1547 2649 1614 2688 ex
1664 2642 1819 2687 reatu
1848 2672 1862 2698 ,
1918 2646 2147 2695 omnes.

532 2734 866 2792 naturaliter
909 2731 1147 2795 solvant,
1198 2728 1292 2799 qui
1348 2735 1479 2782 sunt
1523 2733 1738 2780 natura:
1789 2722 2110 2795 participes.

531 2828 816 2899 Voluptati
865 2825 1013 2880 enim
1057 2830 1259 2894 prmter
1312 2826 1588 2882 naturam,
1640 2815 1870 2870 omnino
1913 2826 2115 2871 natura

531 2936 721 2979 comes
756 2926 843 2973 est
875 2916 1054 2978 labor,
1110 2913 1166 2967 in
1215 2908 1497 2972 omnibus,
1551 2920 1787 2977 quorum
1841 2905 2114 2977 originem

533 3009 831 3069 antecessit
856 3003 1155 3075 voluptatis
1187 3003 1297 3065 lex,
1327 3000 1445 3070 ipsa
1472 3011 1637 3052 causa
1669 3011 1892 3050 vacans.
1934 2995 2115 3051 Causa

532 3109 719 3159 autem
742 3102 1027 3153 vacantem
1061 3092 1399 3161 voluptatem
1449 3087 1594 3153 dico,
1651 3102 1774 3156 qum
1821 3102 1889 3140 ex
1936 3095 2116 3140 trans-

534 3192 819 3267 gressione
868 3193 994 3251 est,
1036 3199 1158 3254 qua:
1206 3182 1470 3237 nimirum
1515 3177 1855 3249 superiorem
1902 3177 2110 3232 nullum

536 3285 783 3342 dolorem
815 3287 1008 3336 secuta
1043 3285 1148 3332 est.

602 3398 693 3453 38.
720 3393 884 3451 Nullo
913 3404 1145 3461 prorsus
1166 3384 1332 3441 modo
1360 3383 1478 3440 ﬁeri
1508 3390 1727 3454 poterat
1750 3420 1765 3444 ,
1798 3387 1861 3436 ut
1888 3388 2110 3441 natura,

534 3503 659 3560 quae
688 3494 802 3540 tum
834 3488 1150 3552 spontanea:
1185 3474 1478 3559 voluptati,
1516 3482 1631 3529 tum
1652 3472 1903 3527 violento
1932 3469 2112 3525 dolori

535 3581 740 3639 collum
779 3574 1114 3632 submiserat
1145 3612 1161 3638 ,
1210 3569 1280 3625 ad
1314 3567 1607 3639 pristinam
1659 3573 2013 3620 revocaretur
2050 3579 2115 3619 ac

538 3674 941 3730 instauraretur
970 3665 1163 3729 vitam,
1199 3660 1335 3732 quin
1370 3661 1487 3730 ipse
1518 3657 1703 3729 opifex
1728 3657 1894 3711 homo
1927 3655 2111 3723 ﬁeret;

537 3760 635 3833 qui
665 3772 864 3828 nempe
895 3756 1014 3827 ipse
1039 3760 1257 3825 sponte,
1318 3751 1679 3807 adinventum
1729 3748 1977 3804 dolorem
2012 3764 2117 3819 pu-

538 3850 757 3909 nienda
781 3863 946 3905 causa
976 3844 1279 3915 voluptatis
1328 3843 1613 3899 voluntate
1652 3849 1864 3898 naturae
1884 3840 2070 3913 ascita:
2095 3879 2111 3905 ,

536 3948 866 4006 assumeret,
897 3938 988 3996 cui
1021 3936 1175 4007 origo
1200 3951 1267 3992 ex
1292 3936 1576 4005 voluptate
1592 3948 1657 3988 ac
1680 3931 1934 3999 libidine,
1960 3932 2115 3988 nulla

537 4032 874 4105 praeivisset;
904 4044 1015 4099 quo
1038 4028 1254 4083 scilicet
1277 4025 1349 4081 ab
1377 4034 1506 4081 ortu
1536 4022 1844 4078 nativitatis
1864 4037 1933 4078 ex
1961 4023 2115 4078 dam-

537 4124 764 4180 natione
792 4120 1013 4176 invecto
1037 4127 1289 4174 naturam
1308 4116 1589 4180 liberaret,
1606 4120 1792 4170 ortum
1808 4112 2114 4170 nativitatis

534 4213 838 4270 admittens
862 4251 878 4278 ,
916 4209 1015 4281 qui
1056 4224 1127 4264 ex
1172 4207 1326 4263 nulla
1378 4206 1665 4276 voluptate
1704 4204 1974 4276 originem
2017 4204 2115 4259 ha-

538 4309 715 4364 heret.

607 4395 697 4450 39.
728 4391 867 4459 Quia
900 4396 1025 4459 post
1058 4383 1586 4455 transgressionem.
1633 4383 1898 4439 mortales
1922 4396 2116 4439 omnes

2211 2143 2507 2210 ἀπάθειαν,
2534 2145 2569 2215 ή
2600 2143 2742 2198 κατὰ
2781 2140 2910 2198 νοῦν
2956 2143 3059 2214 τῆς
3079 2142 3231 2207 θείας
3257 2142 3451 2214 ήδονῆς
3482 2142 3802 2212 ἐπιγίνεται

2210 2237 2392 2310 χάρις.

2256 2456 2259 2459 ‘
2286 2436 2383 2505 λζ’.
2411 2438 2527 2502 Πᾶς
2556 2438 2738 2502 πόνος,
2758 2435 2834 2501 ὡς
2853 2436 3032 2491 αἰτίαν
3054 2435 3156 2506 τῆς
3181 2435 3315 2501 ἰδίας
3331 2436 3602 2504 γενέσεως
3624 2436 3797 2508 ἔχων,

2213 2533 2338 2587 κατ’
2388 2531 2672 2601 ἐνέργειαν
2731 2528 3155 2600 προηγουμένην
3202 2528 3302 2600 τὴν
3357 2527 3572 2599 ήδονήν,
3631 2531 3802 2600 χρέος

2214 2625 2333 2679 ἐστὶ
2356 2625 2579 2694 δηλαδὴ,
2608 2621 2855 2693 φυσικῶς
2897 2623 3019 2675 κατ’
3045 2621 3226 2676 αἰτίαν
3256 2619 3406 2691 παρά
3430 2620 3657 2674 πάντων
3686 2621 3803 2675 τῶν

2219 2715 2626 2788 μετειληφότων
2670 2715 2769 2784 τῆς
2817 2712 3034 2783 φύσεως
3081 2710 3486 2782 ὲκτιννύμενον.
3534 2710 3613 2782 Τῇ
3682 2713 3800 2781 γὰρ

2191 2806 2371 2880 ’παρὰ
2414 2806 2578 2877 φύσιν
2611 2806 2795 2877 ήδονῇ,
2851 2805 3069 2868 πάντως
3106 2803 3414 2874 παρέπεται
3464 2804 3723 2873 φυσικῶς
3773 2807 3805 2860 ό

2216 2900 2377 2963 πόνος
2420 2900 2479 2952 ὲν
2536 2900 2724 2964 πᾶσιν,
2782 2890 2856 2951 ὧν
2899 2897 2928 2949 ό
2982 2895 3083 2967 τῆς
3113 2895 3308 2966 ἡδονῆς
3343 2895 3504 2967 νόμος
3536 2898 3804 2962 ἀναιτίως

2218 2987 2687 3061 προκαθηγήσατο
2709 2973 2812 3059 τῆς
2838 2985 3113 3056 γενέσεως
3142 2983 3242 3055 (ρ).
3278 2984 3541 3038 Ἀναίτιον
3563 2986 3619 3039 δέ
3651 3004 3804 3059 φημι

2218 3080 2315 3153 τὴν
2361 3083 2424 3135 ὲκ
2477 3084 2575 3154 τῆς
2612 3080 2980 3154 παραϐάσεως
3024 3083 3240 3156 ήδονὴν,
3265 3084 3341 3147 ὡς
3381 3084 3457 3155 μὴ
3488 3083 3805 3156 γενομένην

2218 3171 2459 3244 δηλονότι
2483 3173 2844 3245 προλαϐόντος
2876 3175 3039 3229 πόνου
3065 3175 3328 3248 διάδοχον.

2290 3367 2393 3441 λη’.
2448 3367 2753 3440 Ἀμήχανον
2789 3365 2860 3444 ῆν
2910 3370 3216 3436 παντελῶς,
3238 3371 3338 3443 τὴν
3374 3371 3535 3442 φύσιν
3564 3373 3801 3429 ὑποχλι-

2220 3460 2403 3516 θεῖσαν
2425 3462 2492 3532 τῇ
2525 3478 2586 3514 τε
2612 3459 2755 3514 κατὰ
2788 3462 3115 3535 προαίρεσιν
3158 3464 3348 3536 ἡδονῇ,
3378 3466 3474 3519 καὶ
3517 3469 3586 3537 τῇ
3641 3469 3807 3538 παρὰ

2220 3550 2542 3623 προαίρεσιν
2570 3550 2754 3624 ὀδύνῃ,
2787 3551 2952 3607 πάλιν
3001 3554 3083 3618 είς
3135 3554 3234 3627 τὴν
3278 3556 3513 3628 ἔξαρχῆς
3560 3559 3810 3633 ἀναχλη-

2220 3643 2381 3716 θῆναι
2407 3641 2574 3717 ζωήν,
2601 3644 2650 3698 εί
2689 3643 2764 3717 μὴ
2788 3645 3012 3715 γέγονεν
3041 3646 3329 3719 ἄνθρωπος
3360 3650 3388 3703 ό
3431 3650 3803 3722 δημιουργοί,

2220 3737 2543 3809 προαιρέσει
2584 3736 2872 3808 δεχόμενος
2917 3736 3017 3809 τὴν
3072 3738 3211 3809 πρὸς
3259 3739 3483 3795 κόλασιν
3526 3742 3624 3812 τῆς
3652 3744 3807 3798 κατὰ

2220 3825 2541 3899 προαίρεσιν
2590 3826 2694 3896 τῆς
2745 3825 2960 3896 φύσεως
3013 3828 3228 3900 ἡδονῆς,
3261 3831 3637 3904 ὲπινοηθεῖσαν
3673 3837 3807 3890 ὀδύ-

2219 3934 2337 3991 νην,
2369 3918 2470 3972 οὐκ
2503 3918 2733 3989 ἔχουσαν
2758 3920 3187 3993 προηγουμένην
3235 3923 3409 3994 αὐτῆς
3438 3925 3537 3995 τὴν
3563 3928 3623 3992 ἐξ
3676 3930 3804 4000 ἡδο.

2219 4013 2316 4083 νῆς
2350 4013 2596 4082 γένεσιν·
2631 4013 2719 4068 ἵνα
2760 4017 2859 4085 τῆς
2888 4018 2953 4069 ὲκ
2980 4016 3282 4089 καταδίκης
3325 4019 3673 4097 ἐλευθερώσῃ
3706 4028 3809 4097 τὴν

2221 4103 2384 4175 φύσιν
2412 4104 2740 4174 γεννήσεως,
2774 4105 2835 4170 ἐξ
2863 4106 3056 4177 ἡδονῆς
3084 4107 3260 4180 ἀρχὴν
3298 4096 3399 4163 οὖκ
3431 4111 3663 4181 ἔχουσαν
3702 4096 3810 4169 κσ-

2218 4195 2576 4267 ταδεχόμενος
2605 4196 2879 4268 γέννησιν.

2291 4376 2391 4433 λίπ’.
2440 4375 2660 4447 Ἐπειδὴ
2706 4378 2847 4448 μετὰ
2872 4377 2971 4450 τὴν
3014 4378 3328 4439 παράϐασιν
3354 4379 3557 4445 πάντες
3588 4382 3789 4454 ἄνθρω

540 4486 875 4555 voluptatem
912 4478 1192 4535 habebant
1219 4476 1449 4548 proprio
1525 4474 1676 4529 ortui
1724 4484 1922 4531 natura
1967 4489 2114 4544 prae.-

2222 4488 2309 4524 ποι
2347 4469 2446 4540 τὴν
2491 4468 2686 4541 ἡδονὴν
2730 4465 2878 4541 εἶχον
2922 4474 3022 4541 τῆς
3068 4470 3204 4537 ἰδίας
3251 4471 3499 4542 φυσικῶς
3551 4478 3813 4545 προκαθ-

545 4585 795 4639 euntem,
851 4586 955 4628 nec
1002 4570 1147 4626 ullus
1188 4581 1421 4639 prorsus
1465 4566 1535 4621 ab
1569 4565 1784 4637 origine
1821 4566 2120 4636 voluptatis

543 4670 666 4725 labe
719 4665 1027 4737 inquinata,
1072 4669 1269 4715 natura
1302 4657 1566 4713 immunis
1614 4648 1778 4723 erat;
1826 4655 1920 4712 sed
1963 4656 2118 4712 velut

541 4758 794 4815 naturale
841 4752 1124 4811 reddendo
1170 4750 1446 4815 debitum,
1486 4748 1727 4813 labores,
1772 4758 2116 4818 mortemque

545 4852 657 4907 illis
677 4848 969 4912 asseclam,
988 4841 1371 4909 sustinebant;
1394 4839 1687 4909 nullusque
1714 4838 1940 4894 omnino
1967 4853 2117 4895 asse-

614 5006 716 5079 (p)_
734 5003 1040 5079 Ἀνᾳιτίως
1074 5000 1462 5079 «pontiﬁcem
1490 4998 1602 5079 τῆς
1630 4998 1943 5079 γενέσξιρς.
1976 4997 2135 5066 Quod

550 5067 720 5135 semel
747 5086 805 5131 et
837 5067 1039 5129 iterum
1062 5067 1221 5126 cavet
1241 5067 1680 5133 Maximus,hoc
1710 5076 1766 5122 et
1811 5067 1881 5123 39
1910 5084 2033 5138 cap.
2064 5083 2135 5124 ne

546 5150 608 5203 τὸ
642 5148 899 5207 ἀναιτίως
945 5151 1002 5197 et
1049 5143 1310 5206 ἀναίτιον,
1365 5139 1535 5210 quasi
1578 5138 1860 5210 innoxium
1911 5146 1969 5210 et
2012 5140 2133 5194 sine

545 5220 710 5288 culpa
732 5214 1059 5288 accipiatur,
1086 5227 1210 5281 qua:
1241 5220 1329 5266 est
1367 5208 1630 5288 proclivis
1675 5210 1794 5288 ejus
1833 5209 1987 5288 vocis
2035 5224 2131 5264 ac-

546 5278 751 5370 οςρ-ιίο,
799 5278 872 5370 id:
918 5297 1059 5370 vero
1104 5278 1386 5370 propense'
1429 5279 1627 5370 PicusL
1646 5278 2018 5370 ampleptitur,
2066 5293 2131 5333 ac

549 5348 765 5428 ubique
797 5348 1225 5428 interpretatur:
1267 5348 1365 5428 Est
1392 5357 1541 5428 certe
1599 5349 1715 5428 haec
1761 5349 2015 5428 voluptas
2058 5364 2128 5404 eo

550 5419 716 5484 sensu
753 5425 899 5479 haud
947 5419 1213 5486 ἆναίτιος,
1240 5420 1338 5475 sed
1366 5419 1541 5489 culpat
1586 5419 1900 5489 conjuncta,
1952 5428 2009 5473 et
2056 5433 2124 5473 ex

548 5500 733 5568 culpa,
764 5496 820 5549 ni
857 5494 1031 5568 magis
1054 5494 1169 5568 ipsa
1200 5491 1398 5568 culpa;
1437 5491 1559 5565 ipse
1599 5498 1808 5544 natura:
1847 5496 2125 5568 reatusex

553 5558 1008 5638 transgressione,
1033 5558 1112 5618 sic
1133 5558 1488 5638 quasi'brutae
1514 5561 1657 5638 vitaz,
1713 5575 1836 5629 qua:
1891 5558 2123 5638 libidine

554 5630 812 5700 ducat'ur,
836 5650 939 5689 nec
969 5636 1081 5705 jam
1113 5630 1345 5705 ratione,
1379 5630 1474 5686 sed
1511 5631 1686 5700 magis
1731 5630 2118 5705 se_ns_u_vivat:

553 5698 807 5769 ἀναίτιος
839 5698 991 5770 vero,
1032 5702 1086 5758 id
1141 5710 1228 5757 est
1284 5702 1403 5758 sine
1428 5698 1624 5765 causa,
1654 5698 1800 5769 quod
1854 5698 2118 5765 laborem,

2225 4562 2538 4634 ηγουμένην
2577 4561 2865 4631 γενέσεως,
2898 4563 2995 4616 καὶ
3023 4563 3199 4629 οὐδεὶς
3225 4559 3294 4636 ἦν
3333 4566 3624 4620 τοσύνολον
3647 4570 3682 4622 ὁ
3711 4570 3818 4638 τῆς

2226 4654 2349 4710 καθ’
2390 4652 2583 4725 ἡδονὴν
2619 4652 2903 4724 ὲμπαθοῦς
2932 4655 3200 4722 γενέσεως
3249 4656 3495 4726 φυσικῶς
3539 4657 3818 4728 ὑπάρχων

2224 4742 2510 4815 ἐλεύθερος
2532 4759 2546 4773 ο
2578 4744 2693 4797 ἀλλ’
2730 4742 2806 4808 ὡς
2847 4744 3008 4815 χρέος
3046 4746 3248 4809 πάντες
3272 4747 3502 4815 φυσικὸν
3523 4746 3819 4799 ἀποδιδόνο

2221 4855 2316 4902 τες
2338 4837 2465 4901 τοὺς
2490 4836 2709 4900 πόνους,
2744 4835 2840 4889 καὶ
2869 4835 2962 4892 τὸν
3003 4837 3091 4891 ἐπ’
3120 4838 3304 4903 αὐτοῖς
3338 4837 3612 4909 ὑπέμενον
3640 4837 3819 4893 adva-

2236 4996 2641 5069 cuigsuceedat,
2673 4997 2924 5069 ._ejusque
2970 5014 3135 5054 causa
3182 4999 3273 5065 sit,
3321 4999 3529 5054 nullum
3582 4997 3813 5056 habeat.

2235 5068 2392 5126 Unde
2418 5083 2522 5122 nec
2564 5066 2819 5122 Christus
2836 5066 2924 5123 'sic
2951 5069 3192 5123 ἀναίτιον
3219 5069 3563 5123 nativitatem
3590 5083 3657 5123 ex
3688 5071 3819 5124 libi~

2232 5139 2364 5221 dine
2396 5137 2716 5221 assumpsit,
2746 5138 2895 5208 quod
2927 5153 3038 5193 non
3063 5140 3366 5221 illo__modo
3410 5139 3678 5221 dvatrtog,
3715 5140 3816 5195 sed

2231 5209 2610 5290 illi‘comitem.
2635 5207 3108 5290 laboremnexque
3130 5210 3247 5274 illa,
3272 5210 3348 5273 ὡς
3379 5209 3681 5290 αίτίας,“ιιῐ
3747 5226 3817 5290 eo

2223 5279 2392 5359 iuste,
2424 5292 2550 5359 cum
2700 5278 2810 5359 illo.
2850 5278 3099 5359 iniustus
3116 5289 3282 5359 esset,
3329 5279 3733 5359 nulloseilieet
3758 5279 3817 5333 in

2229 5347 2563 5429 ipsoreatu,
2584 5347 2733 5429 illam
2761 5347 3231 5429 aboleret;ng
3256 5350 3411 5429 be_lle_
3424 5350 3694 5429 cohaeret,
3754 5359 3817 5404 ut

2237 5417 2475 5489 Maximo
2499 5417 2834 5489 ᾁδικωτάτη,
2861 5419 3233 5489 injustissima,
3284 5422 3359 5474 sit
3396 5420 3513 5474 hac
3551 5420 3816 5489 voluptas

2232 5502 2331 5571 seu
2387 5486 2585 5571 libido,
2618 5494 2690 5571 ,οι
2726 5486 2923 5571 tamen
2947 5490 3113 5571 ipsa-
3129 5491 3369 5571 αναίτιυς
3417 5490 3657 5571 sit,
3691 5486 3816 5570 sine

2230 5556 2578 5641 culpa,bello
2615 5556 2919 5641 interprete
2946 5556 3075 5613 Pico
3090 5559 3251 5641 ?.N_ec
3265 5561 3412 5615 enim
3437 5568 3499 5641 u_t
3535 5556 3696 5614 labor
3726 5560 3817 5613 in-

2227 5629 2553 5708 justus,_s_ic
2578 5635 2634 5708 e_t
2664 5629 2948 5708 voluptas;
2988 5629 3135 5699 quod
3186 5631 3302 5687 haec
3330 5647 3361 5687 a
3397 5630 3819 5706 voluntateu-

2231 5697 2413 5768 sistat,
2450 5697 2543 5752 ille
2564 5697 2635 5753 ab
2666 5701 2942 5755 exteriore
2969 5697 3190 5769 agente.
3744 5701 3749 5706 ’
