4046 6196
286 302 418 369 I321

963 300 1300 361 CAPITUM
1340 294 1763 371 QUINQUIES
1792 286 2309 357 CENTENORUM
2348 290 2731 354 CENTURIA
2774 290 2870 352 IV.

3412 290 3546 356 1329!

279 435 409 471 τον·
439 412 535 469 καὶ
574 408 645 486 ἦν
681 411 890 484 ἄπορος
937 411 1290 466 παντάπασιν
1334 413 1365 464 ὁ
1402 413 1502 482 τῆς
1544 410 1860 481 ἐλευθερίας

1971 406 2152 461 renda:
2178 407 2263 461 eis
2297 406 2576 461 libertatis
2605 404 2805 459 modus
2843 402 3197 473 suppetebat,
3226 402 3323 472 qui
3357 403 3546 474 iniqua

279 508 505 579 τρόπος,
532 509 644 569 τοῖς
676 505 782 558 ὑπὸ
810 504 912 575 τῆς
935 504 1125 559 ἀδίκου
1152 504 1612 575 τυραννουμένοις
1640 504 1858 579 ἡδονῆς,

278 578 374 653 καὶ
415 598 524 652 ὑπὸ
550 597 661 651 τῶν
698 596 924 652 δικαίων
972 596 1173 665 πόνων,
1211 596 1307 650 καὶ
1334 594 1429 649 τοῦ
1460 594 1546 648 ἐπ’
1572 578 1755 657 αὐτοῖς
1787 593 1864 645 δι·

281 689 573 742 καιοτάτου
636 685 870 740 Θανάτου
921 686 1172 754 φυσικῶς
1219 684 1593 755 ἐνεχομένοις·
1643 683 1751 737 ἔδει
1806 682 1864 734 δὲ

281 780 419 850 πρδς
446 778 730 848 ἀναίρεσιν
768 775 867 846 μὲν
886 778 985 848 τῆς
1011 776 1353 847 ἁδικωτάτης
1382 776 1597 843 ἡδονῆς,
1634 774 1727 827 καὶ
1755 773 1864 827 τῶν

279 871 349 924 δι’
395 869 568 941 αὐτὴν
603 868 961 923 δικαιοτάτων
999 868 1201 935 πόνων,
1235 868 1327 937 ὐφ’
1368 860 1444 922 ὧν
1491 866 1742 930 ἐλεεινῶς
1786 868 1864 919 δι-

280 965 487 1017 εσπᾶτο
513 962 739 1032 πάσχων
762 963 790 1015 ό
814 960 1121 1032 ἄνθρωπος,
1146 963 1211 1014 ὲκ
1229 960 1435 1031 φθορᾶς
1465 961 1565 1030 τῆς
1594 959 1717 1016 καθ’
1744 960 1866 1029 ἠδο-

281 1058 382 1127 νὴν
411 1055 550 1126 ἔχων
594 1054 695 1125 τὴν
728 1051 903 1125 ἀρχὴν
942 1053 1042 1123 τῆς
1081 1052 1373 1121 γενέσεως,
1404 1054 1500 1105 καὶ
1542 1052 1624 1115 εἰς
1658 1050 1867 1120 φθορὰν

282 1147 380 1218 τὴν
409 1146 498 1200 διὰ
526 1145 623 1199 τοῦ
656 1144 893 1199 θανάτου
918 1144 983 1199 τὸ
1012 1144 1111 1215 τῆς
1137 1142 1283 1215 ζωῆς
1314 1144 1642 1214 καταλήγων
1676 1141 1830 1206 τέλος
1849 1158 1861 1172 ’

285 1238 423 1309 πρὸς
461 1238 519 1291 δὲ
550 1238 652 1309 τὴν
681 1235 1062 1307 ἐπανόρθωσιν
1085 1237 1184 1306 τῆς
1215 1234 1461 1299 ἀπαθοῦς
1481 1240 1497 1257 ⁹
1525 1234 1740 1305 φύσεως
1764 1236 1863 1306 (ιι),

285 1327 635 1399 ἐπινοηθῆναι
660 1328 819 1381 πόνον
846 1326 939 1381 καὶ⁵
956 1325 1206 1390 θάνατον,
1228 1326 1412 1381 ἄδικον
1438 1325 1574 1396 ὁμοῦ
1604 1325 1698 1378 καὶ
1712 1325 1867 1379 ἀναί-

283 1438 398 1474 τιον
427 1435 439 1449 ·
474 1420 715 1474 ἀναίτιον
750 1420 869 1491 μὲν,
904 1418 979 1483 ὼς
1014 1418 1270 1488 οὐδαμῶς
1323 1418 1705 1490 προλαϐοῦσαν
1742 1416 1865 1487 ἠδο-

285 1510 379 1581 νὴν
407 1511 683 1582 ἐσχηκότα
714 1510 851 1581 πρὸς
879 1510 1093 1578 γένεσιν
1115 1527 1128 1541 ο
1158 1512 1344 1564 ἄδικον
1389 1510 1466 1575 δὲ,
1498 1508 1573 1573 ὡς
1609 1509 1866 1579 οὐδεμιᾶς

284 1598 614 1667 τοπαράπαν
647 1598 792 1668 ζωῆς
819 1597 1101 1668 ὲμπαθοῦς
1128 1599 1257 1652 ὄντα
1284 1599 1551 1669 διάδοχον,
1578 1599 1668 1653 ἵνα
1702 1599 1866 1671 μέσος

285 1687 604 1757 διαληφθεὶς
650 1689 848 1760 ἡδονῆς
892 1689 1105 1754 ἀδίκου,
1139 1691 1233 1744 καὶ
1282 1691 1445 1745 πόνου
1489 1690 1587 1744 καὶ
1634 1689 1863 1745 θανάτου

284 1780 649 1846 δικαιοτάτου,
689 1781 853 1846 πόνος
904 1784 999 1837 καὶ
1036 1783 1264 1847 θάνατος
1311 1782 1666 1849 ἀδικώτατος,
1697 1784 1862 1854 ἀνέλῃ
1896 1774 1936 1827 Β

284 1875 458 1930 διόλου
482 1873 579 1946 τὴν
616 1875 676 1939 ἐξ
705 1874 901 1945 ἡδονῆς
949 1875 1295 1946 ἀδικωτάτην
1327 1875 1524 1947 ἀρχὴν,
1569 1876 1664 1930 καὶ
1696 1877 1757 1929 τὸ
1792 1876 1860 1928 δι’

284 1966 455 2038 αὐτὴν
498 1966 587 2021 διά
624 1966 859 2021 θανάτου
898 1966 1239 2022 δικαιότατον
1285 1967 1440 2030 τέλος
1482 1966 1582 2036 τῆς
1622 1966 1859 2036 φύσεως,

286 2062 380 2113 καὶ
410 2059 637 2128 γένηται
684 2058 845 2113 πάλιν
887 2059 1083 2132 ἡδονῆς
1122 2061 1217 2115 καὶ
1259 2058 1451 2131 ὀδύνης
1492 2059 1777 2130 ἐλεύθερον
1802 2059 1863 2110 τὸ

284 2152 446 2218 γένος
485 2152 593 2205 τῶν
632 2150 959 2222 ἀνθρώπων,
992 2150 1089 2222 τὴν
1130 2151 1366 2223 ἐξαρχῆς
1408 2150 1703 2220 εὐκληρίαν
1724 2151 1863 2209 ἀπο-

284 2242 556 2314 λαϐούσης
589 2244 690 2314 τῆς
725 2242 960 2313 φύσεως,
983 2242 1172 2313 μηδενὶ
1197 2243 1307 2297 τῶν
1333 2241 1727 2313 ὲμπεφυκότων
1752 2244 1863 2304 τοῖς

289 2332 389 2388 ὑπὸ
423 2336 639 2404 γένεσιν
688 2337 779 2389 καὶ
805 2336 1012 2407 φθορὰν
1043 2336 1441 2407 γνωρισμάτων
1471 2332 1860 2405 μολυνομένην.

286 2428 386 2481 Διά
416 2427 578 2481 τοῦτο
608 2428 741 2491 Θεὸς
771 2428 1033 2499 ὑπάρχων
1078 2427 1283 2491 τέλειος
1328 2426 1471 2481 κατὰ
1503 2426 1665 2495 φύσιν
1711 2428 1739 2479 ὁ
1765 2425 1856 2478 τοῦ

286 2518 421 2571 Θεοῦ
484 2520 677 2588 Λόγος,
739 2520 952 2589 γίνεται
1001 2519 1205 2584 τέλειος
1256 2519 1543 2591 ἄνθρωπος
1576 2519 1642 2572 ὲκ
1686 2519 1864 2589 ψυχῆς

286 2613 479 2681 νοερᾶς
510 2613 604 2664 καὶ
638 2611 891 2684 σώματος
919 2612 1165 2684 παθητοῦ
1200 2611 1343 2668 κατά
1374 2612 1536 2684 φύσιν
1576 2612 1865 2683 παραπλη-

286 2706 417 2769 σίως
466 2705 616 2775 ἡμῖν,
653 2706 827 2775 χωρὶς
867 2706 1039 2777 μόνης
1091 2706 1368 2777 ἁμαρτίας
1428 2703 1729 2768 συνεστῶς’
1764 2705 1864 2775 τὴν

290 2794 387 2865 μὲν
438 2796 501 2846 ὲκ
545 2795 644 2863 τῆς
699 2796 989 2867 παρακοῆς
1033 2797 1245 2867 ἡδονὴν,
1289 2796 1539 2866 οὐδαμῶς
1582 2795 1865 2849 τοσύνολον

286 2884 557 2956 ἐσχηκὼς,
599 2887 1019 2958 προηγουμένην
1051 2886 1217 2940 αὐτοῦ
1260 2888 1358 2959 τῆς
1402 2888 1467 2940 ὲκ
1505 2887 1765 2956 γυναικὸς
1805 2891 1864 2943 ὲν

287 2974 466 3047 χρόνῳ
479 2978 783 3049 γεννήσεως
801 2993 818 3009 ο
844 2977 942 3049 τὴν
971 2977 1028 3031 δὲ
1064 2976 1132 3029 δι’
1158 2976 1328 3047 αὐτὴν
1355 2976 1566 3047 ὀδύνην,
1591 2978 1863 3050 ὑπάρχους-

291 3082 387 3119 σαν
429 3067 581 3132 τέλος
614 3068 714 3138 τῆς
755 3071 992 3139 φύσεως,
1019 3067 1105 3120 διὰ
1145 3066 1557 3139 φιλανθρωπίαν
1590 3070 1734 3122 κατά
1772 3069 1861 3122 θέ-

286 3157 443 3228 λησιν
477 3160 922 3230 προσηκάμενος,
950 3161 1037 3213 ἵνα
1061 3159 1288 3230 πάσχων
1311 3159 1537 3225 ἀδίκως,
1574 3161 1740 3235 ἀνέλῃ
1770 3162 1867 3233 τὴν

286 3246 346 3313 ἐξ
375 3248 568 3319 ἡδονῆς
600 3249 788 3302 ἀδίκου
831 3250 1208 3320 τυραννοῦσαν
1231 3252 1329 3322 τὴν
1365 3250 1529 3321 φύσιν
1566 3253 1743 3324 ἀρχὴν
1775 3255 1873 3323 τῆς

286 3338 556 3406 γενέσεως
578 3356 591 3370 ·
622 3340 721 3393 οὐκ
749 3341 981 3411 ἔχουσαν
1010 3344 1086 3406 ὼς
1118 3344 1278 3414 χρέος
1305 3344 1445 3415 ὑπὲρ
1482 3345 1656 3415 αὐτῆς
1697 3348 1873 3399 ἐκτιν-

286 3431 518 3501 νύμενον
546 3433 688 3486 κατά
720 3436 845 3497 τοὺς
875 3434 1073 3498 ἄλλους
1107 3436 1431 3507 ἀνθρώπους
1464 3441 1559 3493 καὶ
1619 3440 1715 3492 τοῦ
1759 3442 1873 3492 Κυ-

290 3522 407 3591 ρίου
438 3522 529 3575 τὸν
555 3524 804 3589 θάνατον,
831 3526 970 3579 ἀλλὰ
1010 3527 1209 3597 μᾶλλον
1238 3528 1358 3580 κατ’
1382 3529 1554 3599 αὐτῆς
1570 3531 1872 3600 προϐεϐλη-

292 3612 450 3681 μένον
469 3629 483 3643 ·
513 3615 610 3667 καὶ
643 3614 705 3667 τὸ
733 3615 822 3668 διὰ
852 3614 944 3667 τοῦ
980 3615 1212 3670 θανάτου
1256 3616 1468 3670 δίκαιον
1496 3618 1650 3682 τέλος
1675 3621 1876 3690 ἐξαφα-

289 3703 410 3777 νίσῃ
436 3705 535 3775 τῆς
563 3706 802 3774 φύσεως,
834 3708 934 3760 οὐκ
963 3708 1101 3778 ἔχων
1129 3708 1228 3778 τὴν
1258 3708 1324 3760 δι’
1346 3709 1411 3781 ἣν
1434 3710 1746 3781 ἐπεισῆλθε,
1781 3713 1875 3765 καὶ

288 3793 378 3845 ὑπ’
413 3796 579 3849 αὐτοῦ
622 3797 848 3861 δικαίως
901 3799 1347 3870 τιμωρουμένην,
1412 3800 1487 3862 ὡς
1544 3802 1724 3855 αίτίαν
1769 3802 1864 3855 τοῦ

286 3881 429 3941 εἶναι
460 3890 779 3960 παράνομον
812 3889 1023 3961 ἡδονήν.

1967 498 2271 567 voluptatis
2318 499 2495 567 pressi
2533 496 2823 569 tyrannide
2849 536 2863 558 ,
2918 496 3083 565 iustis
3134 495 3422 551 laboribus
3460 499 3549 569 ju-

1966 573 2335 660 stissimaeque
2359 606 2428 646 ex
2458 590 2568 645 illis
2610 588 2778 644 morti
2816 595 3016 642 natura
3067 585 3295 641 obnoxii
3344 598 3545 654 erant;

1964 698 2150 753 operae
2174 683 2527 753 pretiumque
2554 692 2695 748 erat,
2717 690 2831 735 tum
2854 680 2921 735 ad
2950 679 3353 750 iniquissimam
3372 681 3547 737 inter-

1965 774 2245 833 imendam
2299 775 2672 844 voluptatem,
2727 774 2985 850 ejusque.
3023 789 3190 829 causa
3235 774 3549 844 justissime

1963 867 2219 921 invectos
2260 866 2482 921 labores
2504 864 2812 921 abolendos
2840 904 2855 929 ,
2899 865 3103 935 quibus
3149 865 3314 920 homo
3347 865 3551 921 misere

1962 957 2230 1012 laborans
2261 957 2680 1013 distrahebatur
2727 958 2835 1030 (cui
2886 956 3102 1013 scilicet
3141 973 3212 1012 ex
3247 957 3551 1027 voluptatis

1964 1063 2031 1104 ac
2058 1047 2306 1102 libidinis
2326 1047 2448 1103 labe
2469 1048 2702 1119 originis
2735 1056 2885 1103 esset
2916 1046 3162 1111 initium,
3200 1046 3370 1116 inque
3397 1062 3550 1101 mor-

1967 1139 2040 1195 tis
2074 1139 2259 1195 tabem
2286 1140 2412 1195 vita:
2439 1138 2564 1193 linis
2590 1138 2911 1209 desineret),
2959 1148 3075 1193 tum
3122 1137 3189 1193 ad
3242 1138 3553 1193 laborantis

1970 1240 2182 1288 naturae
2212 1231 2703 1297 instaurationem,
2737 1230 2983 1285 laborem
3024 1230 3328 1300 mortisque
3372 1230 3552 1285 inter-

1968 1330 2105 1383 itum
2154 1328 2493 1399 excogitari,
2546 1327 2815 1399 iniustum
2862 1327 3030 1381 simul
3076 1335 3135 1382 et
3174 1342 3397 1411 causam
3438 1342 3553 1382 non

1970 1420 2290 1476 habentem.
2320 1420 2530 1490 Nempe
2562 1434 2674 1473 non
2719 1418 3022 1473 habentem
3069 1432 3315 1484 causam,
3361 1426 3422 1472 ut
3456 1420 3554 1488 qui

1964 1521 2306 1581 praeeuntem
2339 1526 2453 1566 suae
2501 1510 2701 1583 origini
2745 1511 3088 1580 voluptatem
3124 1510 3554 1580 haudquaquam

1970 1603 2291 1667 habuisset;
2334 1603 2607 1673 injustum
2646 1618 2817 1667 vero,
2869 1612 2930 1659 ut
2976 1604 3072 1673 qui
3127 1604 3265 1657 nulli
3320 1619 3554 1674 prorsus

1970 1693 2285 1749 libidinosa:
2318 1695 2444 1749 vitae
2469 1710 2655 1750 comes
2684 1703 2831 1749 esset
2860 1734 2875 1759 ,
2927 1702 2988 1748 ut
3031 1694 3294 1749 nimirum
3337 1697 3554 1752 medius

1962 1788 2311 1857 interceptus
2336 1786 2482 1843 inter
2508 1788 2770 1858 injustam
2807 1786 3166 1856 voluptatem,
3194 1787 3555 1859 laboremque

1964 1888 2022 1933 ct
2076 1890 2311 1935 mortem
2366 1880 2777 1950 justissimam,
2829 1876 2992 1949 595
3045 1878 3203 1933 labor
3247 1880 3555 1938 mortisque

1967 1968 2229 2022 interitus
2261 1967 2679 2037 injustissimus,
2716 1966 3141 2037 injustissimam
3167 1983 3236 2022 ex
3269 1969 3556 2038 voluptate

1964 2059 2238 2128 originem
2267 2075 2500 2129 prorsus
2525 2058 2796 2118 aboleret.
2822 2073 2906 2122 ac,
2928 2058 3021 2127 qui
3046 2060 3168 2130 ejus
3190 2075 3357 2115 causa
3408 2076 3560 2115 mor-

1968 2150 2037 2204 tis
2053 2150 2376 2204 interitione
2396 2149 3103 2219 inoleverat,justissimum
3122 2159 3334 2206 natura:
3358 2151 3518 2206 ﬁnem
3537 2170 3552 2217 ;

1965 2243 2383 2312 humanumque
2415 2257 2593 2311 genus
2630 2256 2829 2295 rursus
2871 2255 2902 2294 a
2940 2241 3227 2310 voluptate
3250 2242 3557 2314 doloreque

1964 2334 2269 2396 eximeret,
2301 2343 2499 2389 natura
2531 2334 2825 2404 pristinam
2870 2335 3176 2405 recipiente
3220 2334 3553 2399 claritatem,

1964 2426 2131 2491 nullis
2168 2442 2359 2481 earum
2390 2442 2576 2481 rerum
2613 2428 2763 2482 notis
2796 2426 3058 2483 fmdatam
3084 2469 3099 2493 ,
3140 2443 3263 2499 quin
3296 2428 3444 2483 ortui
3491 2443 3559 2482 ac

1960 2518 2218 2575 interitui
2253 2519 2509 2575 obnoxia:
2538 2528 2689 2575 sunt.
2732 2518 2950 2573 Idcirco
2974 2534 3103 2575 eum
3138 2519 3287 2574 Deus
3314 2536 3414 2589 per
3457 2535 3557 2573 na-

1968 2624 2148 2666 turam
2170 2612 2454 2681 perlectus
2475 2622 2643 2677 esset,
2666 2611 2764 2667 Dei
2790 2611 3031 2667 Verbum
3074 2611 3355 2681 perfectus
3387 2612 3557 2666 homo

1968 2702 2048 2767 fit,
2083 2719 2153 2757 ex
2182 2703 2369 2759 anima
2409 2703 2773 2774 intelligente,
2807 2720 2872 2758 ac
2924 2703 3144 2758 mortali
3175 2718 3273 2772 per
3297 2710 3557 2758 naturam

1968 2809 2225 2865 corpore,
2255 2796 2424 2850 simili
2448 2797 2609 2851 nobis
2633 2796 2870 2860 ratione,
2900 2812 3011 2849 uno
3036 2796 3308 2852 duntaxat
3328 2805 3559 2865 peccato

1966 2899 2220 2960 excepto,
2260 2888 2579 2945 consistens
2617 2890 2742 2959 :qui
2793 2904 2914 2943 eam
2945 2888 3172 2957 quidem
3207 2888 3556 2957 voluptatem

1967 2998 2065 3037 seu
2116 2982 2447 3047 libidinem,
2502 2998 2622 3052 qua:
2679 2981 2910 3034 inolevit
2943 2994 3011 3034 ex
3065 2979 3505 3053 transgressione
3537 3018 3552 3043 ,

1972 3072 2264 3143 temporali
2296 3074 2471 3143 ipsius
2503 3089 2569 3126 ex
2622 3071 2856 3126 muliere
2894 3070 3173 3135 nativitati
3214 3078 3554 3141 prmeuutem

1974 3167 2128 3221 nullo
2179 3182 2411 3237 prorsus
2462 3164 2630 3220 modo
2662 3164 2914 3227 haberet,
2954 3163 3176 3218 tametsi
3210 3163 3360 3218 illius
3395 3178 3561 3217 causa

1976 3262 2261 3316 invectum
2303 3259 2551 3314 dolorem
2590 3300 2602 3321 ,
2637 3258 2731 3327 qui
2766 3268 2978 3311 natura:
3010 3255 3135 3311 ﬁnis
3166 3254 3416 3321 exsistat,
3450 3271 3562 3325 prae

1975 3368 2189 3408 summa
2222 3353 2568 3407 humanitate
2601 3366 2664 3404 ac
2709 3350 3079 3421 benignitate,
3119 3350 3403 3404 voluntate
3443 3348 3563 3418 ipse

1979 3461 2078 3499 sua
2126 3443 2491 3507 admisisset,
2546 3451 2608 3495 ut
2660 3441 2863 3511 injuste
2920 3441 3141 3513 patiens
3182 3441 3560 3510 moriensque,

1982 3535 2213 3603 primam
2253 3549 2319 3587 ex
2355 3534 2543 3602 iniqua
2575 3533 2859 3603 voluptate
2892 3533 3187 3603 originem,
3220 3542 3473 3587 naturain
3508 3533 3564 3587 vi

1978 3625 2409 3695 Opprimentem,
2447 3624 2795 3696 proﬂigaret;
2826 3640 2947 3694 qua:
2970 3624 3202 3689 scilicet,
3240 3625 3467 3694 perinde
3499 3640 3563 3678 ac

1981 3718 2327 3786 reliquorum
2359 3717 2648 3771 hominum
2674 3758 2689 3781 ,
2743 3717 2823 3771 sic
2850 3726 2907 3771 et
2938 3717 3157 3770 Domini
3190 3725 3423 3771 mortem
3461 3730 3563 3786 pro

1984 3824 2049 3863 ea
2080 3808 2375 3862 obnoxiam
2417 3823 2484 3862 ac
2518 3808 2672 3863 velut
2705 3824 2773 3863 ex
2806 3808 2996 3862 debito
3029 3807 3345 3862 solvendam
3374 3847 3390 3872 ,
3451 3823 3564 3861 non

1977 3902 2243 3967 haberet;
2275 3901 2374 3955 sed
2400 3916 2522 3970 qua:
2546 3901 2731 3970 potius
2760 3901 2839 3955 illi
2862 3899 3098 3955 adversa
3121 3908 3291 3964 esset,
3316 3900 3562 3970 justum-

287 3994 394 4047 que
434 3982 631 4036 mortis
672 3981 991 4038 interitione
1041 3992 1253 4038 natura),
1288 3984 1452 4039 ﬁnem
1507 3987 1790 4053 aboleret;
1822 3992 1910 4045 cui
1947 3994 2212 4048 nimirum
2263 3994 2453 4063 iniqua
2490 3994 2746 4064 voluptas
2768 4008 2832 4047 ac
2862 3992 3057 4057 libido,
3085 3991 3244 4063 cujus
3266 3992 3358 4046 ille
3381 3992 3563 4062 gratia

289 4078 537 4143 inolevit,
566 4095 629 4135 ac
666 4095 832 4148 quam
895 4081 1041 4149 justo
1082 4079 1418 4145 ulciscatur,
1491 4090 1550 4136 ut
1592 4099 1705 4137 sure
1738 4094 1934 4142 auctor
1969 4088 2203 4160 originis
2244 4087 2477 4144 minime
2511 4096 2854 4159 suppeteret.

362 4180 434 4241 μ’.
480 4174 627 4226 Ἔδει
658 4174 733 4235 ὡς
768 4172 1005 4242 ἀληθῶς,
1052 4173 1183 4240 ἔδει,
1220 4176 1381 4243 σοφὸν
1418 4178 1513 4229 καὶ
1541 4179 1747 4233 δίκαιον
1780 4183 1872 4234 καὶ

298 4265 525 4318 δυνατὸν
554 4266 682 4318 ὄντα
713 4266 854 4319 κατά
882 4268 1050 4335 φύσιν
1077 4268 1169 4321 τὸν
1195 4268 1423 4340 Κύριον,
1448 4270 1523 4334 ὡς
1557 4272 1656 4342 μὲν
1685 4275 1869 4343 σοφὸν,

2053 4184 2142 4239 40.
2171 4186 2416 4240 Decebat
2460 4185 2623 4255 plane
2675 4199 2739 4240 ac
2792 4200 2895 4254 par
2926 4192 3067 4248 erat,
3105 4183 3426 4247 Dominum,
3467 4184 3563 4253 qui

1979 4300 2081 4356 per
2106 4295 2361 4341 naturam
2396 4285 2638 4355 sapiens,
2677 4286 2972 4356 iustusque
2999 4300 3062 4339 ac
3087 4294 3287 4355 potens
3311 4286 3561 4349 exsistat,

292 4356 366 4426 μὴ
402 4356 669 4427 ἀγνοῆσαι
706 4356 799 4410 τὸν
848 4359 1049 4429 τρόπον
1090 4360 1191 4431 τῆς
1229 4364 1499 4433 ίατρείας³
1545 4367 1619 4432 ὡς
1671 4368 1870 4423 δίκαιον

1983 4387 2045 4433 ut
2080 4378 2308 4449 quidem
2340 4380 2671 4449 sapientem,
2706 4394 2820 4433 non
2858 4380 3079 4434 nescire
3110 4380 3415 4434 curationis
3442 4396 3562 4434 mo-

287 4446 366 4507 δὲ,
419 4450 491 4517 μὴ
551 4448 883 4521 τυραννικὴν
931 4452 1261 4522 ποιήσασθαι
1298 4453 1393 4508 τοῦ
1434 4457 1872 4530 κατειλημμένου

291 4539 432 4590 κατά
466 4539 693 4611 γνώμην
730 4540 837 4593 ὑπὸ
868 4540 967 4611 τῆς
1009 4541 1285 4615 ἁμαρτίας
1314 4545 1604 4619 ἀνθρώπου
1634 4550 1733 4621 τὴν
1766 4569 1871 4605 σω-

291 4630 486 4699 τηρίαν
511 4648 524 4661 ·
556 4632 631 4695 ὼς
660 4632 716 4685 δὲ
748 4634 927 4687 πάντα
976 4634 1293 4707 δυνάμενον,
1322 4638 1397 4710 μὴ
1433 4641 1691 4713 ἀτονῆσαι
1736 4645 1871 4715 πρὸς

291 4723 390 4792 τὴν
421 4723 517 4791 τῆς
559 4726 800 4797 ἰατρείας
832 4728 1204 4800 ἐκπλήρωσιν.

369 4822 477 4884 μα’.
520 4818 593 4869 Τὸ
630 4819 728 4887 μὲν
761 4820 924 4888 σοφὸν
954 4820 1048 4873 τοῦ
1094 4821 1251 4887 θεοῦ,
1286 4824 1344 4876 ὲν
1376 4822 1455 4895 τῷ
1493 4827 1743 4894 γενέσθαι
1777 4830 1875 4898 φύ-

298 4925 379 4960 σει
422 4912 544 4962 κατ’
582 4911 846 4980 ἀλήθειαν
887 4912 1203 4983 ἄνθρωπον.
1244 4916 1552 4971 δείκνυται·
1604 4920 1665 4973 τὸ
1708 4919 1764 4973 δὲ
1798 4922 1878 4975 δί-

296 5017 471 5066 καιον,
498 5002 555 5053 ἐν
607 5002 685 5072 τῷ
721 5004 781 5055 τὸ
821 5004 1063 5075 παθητὸν
1108 5006 1248 5061 κατὰ
1291 5007 1391 5078 τὴν
1420 5009 1637 5075 γένεσιν
1672 5012 1876 5081 ὁμοίως

295 5095 424 5163 ἡμῖν
460 5094 811 5166 ἀνειληφέναι
845 5097 944 5165 τῆς
972 5096 1188 5165 φύσεως
1212 5114 1225 5127 ·
1258 5097 1318 5151 τὸ
1350 5098 1407 5151 δὲ
1440 5100 1682 5165 δυνατὸν,
1716 5105 1771 5155 ὲν
1798 5104 1875 5174 τῷ

1983 4471 2160 4525 dum:
2198 4480 2261 4526 ut
2290 4481 2473 4528 autem
2524 4473 2761 4543 justum,
2812 4489 2921 4528 non
2976 4473 3029 4527 vi
3072 4473 3275 4543 palam,
3320 4474 3564 4528 hominis

1982 4576 2083 4615 sua
2104 4560 2392 4616 voluntate
2422 4570 2650 4632 peccato
2682 4561 2814 4617 facti
2840 4562 3095 4627 obnoxii,
3151 4563 3387 4618 salutem
3420 4579 3566 4634 prae-

1981 4661 2129 4706 stare
2162 4670 2175 4705 :
2206 4659 2373 4722 atque
2402 4662 2463 4707 ut
2488 4653 2949 4724 omnipotentem,
2973 4654 3298 4721 complenda
3330 4654 3564 4709 sanitate

1984 4758 2093 4797 non
2133 4742 2392 4799 deiicere.

2052 4834 2141 4887 4i.
2182 4834 2278 4888 Dei
2315 4835 2542 4905 quidem
2589 4837 2859 4906 sapientia
2908 4829 2963 4890 in
3021 4853 3089 4891 eo
3130 4839 3361 4903 elucet,
3416 4839 3562 4909 quod

1981 4942 2111 4981 vere
2140 4937 2337 4981 natura
2366 4928 2545 4983 factus
2580 4929 2651 4983 sit
2678 4930 2845 4983 homo
2893 4948 2905 4984 :
2941 4930 3156 5001 justitia
3185 4947 3319 4986 vero
3345 4973 3359 4996 ,
3415 4932 3561 5003 quod

1982 5019 2148 5072 simili
2184 5020 2347 5073 nobis
2377 5022 2591 5075 ratione
2618 5031 2826 5077 naturze
2856 5022 3274 5092 vimpatibilcm
3300 5034 3424 5079 ortu
3464 5040 3564 5080 suo

1984 5112 2347 5180 assumpserit
2383 5131 2394 5164 :
2434 5114 2679 5181 potentia
2716 5113 2981 5183 denique,
3030 5116 3171 5183 quod
3208 5118 3563 5186 passionilms

369 5237 385 5254 .
413 5234 515 5306 Qq_
547 5192 613 5289 αοᾱ
648 5235 863 5290 Thalas.
894 5252 949 5305 q.
977 5236 1066 5300 Gl,
1098 5236 1409 5308 παθούσης·
1438 5242 1586 5309 quod
1618 5251 1673 5297 et
1702 5244 2015 5314 legendum.

373 5349 447 5418 (ᾳ)
495 5349 609 5415 Τῆς
648 5348 917 5413 ἀπαθοῦς
945 5352 1206 5416 φύσεως.
1256 5350 1345 5405 Sic
1374 5352 1521 5406 dicta
1558 5353 1613 5406 in
1650 5353 1872 5410 Christo

300 5431 528 5501 natura,
570 5420 757 5505 sicque
804 5429 1200 5505 repraesentant
1250 5422 1868 5505 -c;odd._atgue‘edita,

300 5489 390 5544 cui
415 5490 642 5562 proinde
662 5490 819 5562 labor
843 5498 1007 5562 atque
1041 5507 1209 5562 mors,
1239 5490 1425 5562 domo;
1444 5489 1580 5562 ὁμοῦ
1605 5493 1699 5547 καὶ
1717 5489 1871 5548 ἅναξ-ὲ

300 5558 423 5633 τιοςς
451 5560 610 5615 foret.
651 5560 762 5633 sed
789 5558 923 5633 mihi
956 5560 1099 5633 istud
1126 5561 1320 5614 durius
1349 5579 1363 5614 :
1418 5558 1576 5633 longe
1606 5580 1735 5617 vero
1769 5582 1868 5619 ex-

304 5631 541 5704 peditius
574 5631 720 5704 quod
752 5630 1016 5704 habetur,
1043 5630 1238 5695 Quwst.
1271 5633 1339 5685 ad
1361 5630 1675 5704 ΤΙιαίῘπρδς
1704 5637 1870 5688 ἑπαν..

304 5701 535 5769 όρθωσιν
586 5700 683 5770 τῆς
725 5700 1001 5770 παθούσης
1042 5704 1254 5769 φύσεως
1292 5720 1305 5733 ·
1349 5705 1493 5771 quod
1538 5700 1594 5760 et
1628 5706 1861 5763 reddidi.

626 5796 891 5854 ΡΑτιιυι.
940 5795 1034 5853 (in
1092 5795 1210 5854 XC.

1982 5362 2073 5437 Sic
2096 5376 2245 5437 certe
2273 5364 2698 5437 totalaborabat
2721 5374 2937 5426 natura,
2984 5374 3207 5436 totaque
3238 5373 3564 5437 reparanda,

1978 5432 2183 5489 Christi
2227 5435 2514 5505 laboribus
2564 5444 2619 5489 et
2658 5443 2835 5489 morte
2882 5453 2991 5489 non
3044 5432 3253 5492 natura:
3292 5432 3561 5505 ἀπαθοῦς,

1977 5505 2125 5573 quod
2156 5522 2258 5559 nec
2283 5506 2398 5625 ἱέρεα
2435 5504 2513 5557 sic
2550 5506 2801 5559 absolute
2847 5506 3063 5560 dicatur
3097 5507 3303 5563 Christi
3344 5504 3563 5577 natura,

1977 5590 2097 5625 mue
2129 5577 2188 5625 τδ
2220 5594 2293 5625 πα
2334 5574 2458 5625 πτὺν
2488 5576 2671 5625 carnis
2715 5577 2961 5625 haberet-
2999 5580 3359 5625 quantumvis
3421 5594 3562 5625 ρςςιιι

1977 5577 2188 5657 quae?)
2220 5574 2671 5657 παθητὸν-εθιηίς
2715 5577 2962 5657 haberet,
2999 5580 3359 5657 quantumvis
3421 5574 3563 5641 esset

1976 5645 2212 5716 ἀπαθὴς,
2251 5645 2395 5715 quod
2426 5645 2490 5699 ad
2521 5646 2710 5701 vitium
2738 5647 2935 5701 attinet
2958 5645 3282 5716 adeulpam.

3189 5803 3265 5859 lt?
