4046 6196
418 1655 429 1667 ’
542 1639 740 1694 mortis
777 1635 1121 1703 exsistebat;
1148 1650 1235 1701 ac,
1275 1649 1403 1704 quae
1427 1633 1713 1702 voluptate
1745 1645 1847 1687 seu
1873 1626 2129 1691 libidine,

431 1896 438 1903 ’
466 1912 467 1915 “
542 1911 793 1967 valescit.
822 1911 988 1965 Plane
1015 1909 1165 1965 enim
1193 1908 1497 1980 voluptatis
1522 1907 1846 1976 dolorisque
1877 1905 2130 1961 domina-

538 308 683 379 ιω
1713 302 1773 362 s.
1812 297 2103 360 MAXIM!
2144 294 2654 387 CONFESSORIS
2782 316 2785 319 λ
3681 294 3861 361 um

542 441 606 482 ac
637 434 839 482 morte.
874 398 1271 492 sempiternam
1314 424 1529 473 natura:
1574 413 1748 471 vitam
1794 410 2127 486 impetibili-

2243 411 2318 464 iuit
2353 408 2701 479 παθημάτων
2730 406 2829 462 καὶ
2857 404 3119 493 θανάτου,
3150 404 3297 478 ζωὴν
3347 407 3523 464 ἀΐδιον
3549 412 3618 482 τῇ
3657 413 3863 483 φύσει

545 530 823 588 tatemque
862 512 1263 570 immutabilem
1295 509 1633 567 condiderit.

2243 500 2642 577 Βημιουργῆσαι
2679 503 2777 558 καὶ
2801 501 3074 558 ἀπάθειαν
3094 501 3388 575 ἄτρεπτον.

612 629 703 684 42.
744 621 1043 695 Sapientiae
1086 622 1314 694 quidem
1334 619 1615 676 ‘Dominus
1663 617 1814 673 clare
1844 614 2128 685 specimen

541 718 821 782 exhibuit,
856 715 912 771 in
965 714 1272 772 curationis
1318 712 1505 775 modo.
1543 711 1686 767 'citra
1728 722 1951 763 omnem
2001 720 2129 760 mu-

542 813 808 869 tationem
840 823 905 865 ac
937 809 1025 864 vel
1053 808 1344 863 minimam
1369 803 1455 861 sui
1481 804 1684 868 labem,
1706 802 1892 858 factus
1921 800 2125 855 homo:

534 905 768 978 iustitiae
798 917 934 959 vero
958 900 1331 972 mqualitatem
1354 896 1630 969 prodidit,
1660 896 1717 952 in
1748 891 2129 950 inclinationis

540 997 710 1068 inque
733 1010 847 1051 rem
869 996 1123 1049 nostram
1142 990 1500 1047 demissionis
1528 985 1910 1058 magnitudine
1935 1001 1951 1051 ;
1974 997 2133 1038 nem-

540 1104 610 1160 pe
632 1102 756 1159 quae
790 1088 847 1141 in
876 1095 1091 1141 natura;
1124 1081 1285 1155 595
1325 1088 1486 1153 parte
1536 1078 1751 1152 patibili
1791 1085 1879 1133 est
1929 1081 2129 1147 sponte

542 1181 772 1238 subiens
803 1177 1239 1242 damnationem,
1268 1188 1504 1244 eamque
1532 1172 1602 1228 ad
1638 1169 1972 1226 abolendum
1997 1180 2127 1238 pec-

541 1281 750 1338 catum,
782 1285 848 1326 ac
883 1283 1007 1341 qua:
1030 1284 1099 1325 ex
1120 1268 1216 1324 illo
1243 1274 1352 1332 est,
1398 1274 1660 1330 mortem,
1709 1263 1765 1318 in
1805 1275 1960 1317 arma
2004 1275 2132 1315 ver-

540 1374 666 1422 tens
685 1361 1037 1434 (abolendam
1048 1401 1063 1427 ,
1082 1360 1329 1431 inquam,
1343 1358 1688 1428 voluptatem
1700 1368 1799 1411 seu
1814 1352 2126 1416 libidinem,

543 1471 631 1521 ac,
673 1456 771 1527 qui
812 1462 1043 1525 propter
1065 1467 1191 1508 eam
1242 1449 1512 1515 inolevit,
1566 1446 1837 1518 dolorem)
1871 1462 1886 1501 :
1921 1445 1980 1501 in
2020 1459 2130 1516 qua

540 1549 805 1603 nimirum
837 1545 1018 1619 (parte
1046 1544 1314 1601 nimirum
1360 1541 1607 1613 patibili)
1653 1538 1868 1612 peccati
1902 1536 2020 1603 vis,
2064 1550 2132 1591 ac

2304 616 2415 688 (ιβ’.
2457 616 2565 670 Τδν
2604 615 2705 688 μὲν
2731 616 2834 687 τῆς
2861 619 3058 687 σοφίας
3091 617 3273 686 λόγον,
3304 619 3363 671 ὲν
3393 617 3472 689 τῷ
3499 620 3697 690 τρόπῳ
3732 613 3864 685 τῆς

2234 710 2504 780 ἰατρείας,
2534 709 2770 783 φανερὸν
2812 709 2842 761 ὁ
2878 708 3085 780 Κύριος
3123 709 3374 780 ἐποίησε,
3405 708 3578 780 χωρὶς
3612 712 3859 784 τροπῆς

2232 801 2328 854 καὶ
2356 803 2460 872 τῆς
2488 800 2710 856 οἱασοῦν
2762 800 3125 865 ἀλλοιώσεως,
3166 801 3461 872 γενόμενος
3491 802 3812 872 ἄνθρωπος
3839 817 3858 829 ·

2230 895 2331 964 τὴν
2369 894 2593 963 ἰσότητα
2625 892 2684 946 δὲ
2729 893 2828 964 τῆς
2858 891 3230 963 δικαιοσύνης,
3264 892 3324 946 ἐν
3348 892 3429 964 τῷ
3466 894 3700 964 μεγέθει
3740 896 3855 965 τῆς

2233 983 2700 1054 συγκαταὸἀσεως
2728 982 2921 1049 ἔδειξε,
2953 983 3015 1037 τδ
3042 985 3103 1040 ὲν
3131 985 3208 1056 τῷ
3241 983 3474 1056 παθητῷ
3501 985 3861 1056 κατάκριμα

2235 1077 2337 1148 τῆς
2365 1075 2603 1148 φύσεως,
2631 1076 2774 1131 κατὰ
2808 1076 3032 1148 θέλησιν
3071 1076 3294 1141 ὑποδὺς,
3331 1077 3557 1131 κάκεῖνο
3587 1077 3855 1147 ποιήσας

2231 1168 2398 1224 ὅπλον
2444 1168 2586 1241 πρὸς
2620 1169 2724 1240 τὴν
2750 1172 2852 1241 τῆς
2882 1169 3163 1241 ἁμαρτίας
3192 1168 3475 1239 ἀναίρεσιν
3509 1168 3609 1222 καὶ
3644 1167 3753 1221 τοῦ
3779 1167 3855 1221 δι’

2231 1261 2403 1335 αὐτὴν
2426 1261 2691 1328 θανάτου,
2721 1262 2974 1316 τουτέστι
3006 1264 3107 1332 τῆς
3138 1261 3336 1333 ἡδονῆς
3372 1262 3466 1316 καὶ
3494 1261 3597 1332 τῆς
3638 1261 3712 1315 δι’
3745 1262 3854 1316 αὑ-

2231 1355 2331 1429 τὴν
2363 1354 2583 1428 ὀδύνης,
2617 1356 2677 1411 ὲν
2705 1346 2752 1423 ᾧ
2774 1355 2879 1426 τῆς
2919 1355 3200 1427 ἁμαρτίας
3226 1354 3441 1425 ὑπῆρχε
3475 1354 3573 1408 καὶ
3603 1351 3713 1406 τοῦ
3749 1353 3857 1407 θα-

2230 1446 2395 1499 νάτου
2421 1445 2485 1499 τὸ
2517 1446 2741 1518 κράτος,
2772 1446 2869 1499 καὶ
2899 1446 2933 1517 ἡ
2967 1445 3111 1499 κατὰ
3136 1445 3237 1517 τὴν
3265 1444 3462 1517 ἡδονὴν
3507 1445 3610 1516 τῆς
3647 1446 3852 1516 ἅμαρ-

2230 1540 2356 1605 τίανς
2387 1539 2671 1611 τυραννὶς,
2708 1538 2805 1593 καὶ
2838 1540 2874 1610 ἡ
2904 1538 2972 1592 δι’
3000 1537 3175 1610 αὐτὴν
3206 1538 3351 1592 κατὰ
3379 1538 3478 1609 τὴν
3505 1538 3716 1608 ὀδύνην
3744 1537 3851 1592 τοῦ

2233 1631 2467 1687 Θανάτου
2503 1631 2816 1687 δυναστεία.
2863 1631 2954 1686 Ἐν
2984 1630 3097 1702 γὰρ
3141 1631 3220 1702 τῷ
3263 1630 3494 1702 παθητῷ
3539 1631 3851 1703 προδήλοκ

542 1730 756 1801 peccati
811 1727 1064 1799 tyrannis
1108 1726 1467 1792 concrescit;
1510 1739 1734 1780 necnon
1772 1725 1934 1795 cujus
1972 1729 2129 1777 reatu

2243 1723 2472 1796 ύπάρχει
2509 1724 2610 1795 τῆς
2641 1723 2882 1793 φύσεως,
2919 1725 2983 1778 τδ
3020 1724 3121 1796 τῆς
3150 1724 3345 1796 ἡδονῆς
3377 1724 3582 1796 κράτος
3622 1725 3734 1779 καὶ
3784 1726 3854 1778 τὸ

540 1837 644 1892 per
667 1821 916 1875 dolorem
952 1828 1120 1891 atque
1153 1833 1453 1883 aerumnas,
1492 1816 1691 1872 mortis
1716 1824 1965 1887 potestas
1992 1829 2129 1870 con-

2243 1814 2332 1886 τῆς
2358 1814 2575 1886 ὀδύνης.
2613 1814 2728 1869 Καὶ
2756 1815 2868 1886 γάρ
2904 1831 3023 1880 πως
3055 1814 3157 1885 τῆς
3185 1814 3380 1885 ὀδύνης
3415 1815 3581 1869 πλέον
3599 1816 3671 1869 τὸ
3693 1820 3853 1870 κατὰ

2236 1905 2400 1974 φύσιν
2433 1905 2839 1977 ἐπιτεινόμενον
2882 1907 3203 1978 πρόστιμον,
3237 1905 3328 1962 διὰ
3358 1907 3460 1980 τῆς
3500 1907 3712 1979 ἡδονῆς
3742 1908 3851 1962 αὖ·

2234 1995 2334 2069 τὴν
2363 1997 2812 2069 παραμυθεῖσθαι
2849 1997 3257 2071 σπουδάζομεν⁵
3289 1999 3541 2065 θέλοντες
3575 1999 3695 2072 γὰρ
3745 2002 3851 2054 ἑκ-

2237 2090 2431 2158 φυγεϊν
2456 2089 2557 2161 τὴν
2585 2089 2727 2144 κατὰ
2748 2089 2848 2162 τὴν
2872 2090 3068 2163 ὀδύνην
3088 2092 3347 2146 ἐπίπονον
3373 2091 3655 2164 αῐσθησιν¹,
3695 2092 3846 2164 πρὶς

2236 2181 2337 2250 τὴν
2383 2181 2579 2254 ¹ἡδονὴν
2616 2183 3065 2255 καταφεύγομεν,
3093 2183 3173 2256 τῷ
3201 2185 3306 2255 τῆς
3339 2184 3535 2257 ὀδύνης
3574 2184 3846 2257 αἰκισμῷ

2237 2274 2571 2346 πιεζομένην
2610 2274 2711 2346 τὴν
2774 2274 2957 2344 φύσιν,
3013 2276 3423 2349 ἐπιχειροῦντες
3475 2277 3844 2349 παραμυθιῖ-

546 2379 693 2430 mus,
725 2364 797 2420 ad
827 2364 1167 2434 voluptatem
1192 2358 1546 2430 confugimus
1573 2397 1589 2423 ,
1616 2356 1672 2412 id
1713 2357 1992 2412 enitentes
2015 2395 2031 2420 ,
2073 2362 2138 2411 ut

2243 2366 2386 2421 σθαι.
2425 2367 2764 2433 Σπεύδοντες
2799 2369 2858 2424 δὲ
2901 2370 2992 2424 διὰ
3033 2370 3137 2438 τῆς
3175 2369 3374 2442 ἡδονῆς
3403 2370 3473 2425 τὰ
3494 2371 3598 2440 τῆς
3629 2371 3842 2442 ὀδύνης

545 2464 801 2512 naturam
847 2454 1063 2511 doloris
1109 2452 1327 2524 ﬂagello
1357 2465 1716 2522 oppressam,
1751 2449 1903 2504 illius
1935 2447 2137 2504 solatio

2243 2457 2510 2529 ἀμϐλῦναι
2559 2460 2861 2531 κινήματα,
2913 2460 3078 2515 πλέον
3129 2460 3302 2533 αὐτῆς
3348 2462 3410 2515 τὸ
3461 2462 3586 2516 καθ’
3611 2464 3839 2517 ἑαυτῶν

547 2550 816 2604 levemus.
858 2548 967 2605 Sed
1002 2547 1136 2603 dum
1186 2545 1399 2601 doloris
1442 2543 1671 2599 aculeos
1715 2542 2019 2612 voluptatis
2055 2541 2138 2597 le-

2243 2548 2605 2622 ὲπικυροῦμεν
2641 2551 3032 2624 χειρόγραφον,
3074 2553 3267 2624 ὀδύνης
3314 2553 3412 2607 καὶ
3460 2554 3646 2608 πόνων
3685 2555 3841 2627 ἔχειν

544 2641 770 2697 nocinio
793 2640 1016 2695 mollire
1061 2638 1364 2709 satagimus
1391 2651 1458 2692 ac
1493 2632 1795 2692 retundere
1816 2672 1830 2700 ,
1879 2634 2003 2705 ejus
2031 2632 2134 2688 ad-

2243 2637 2336 2711 τὴν
2360 2639 2559 2711 ἡδονὴν
2581 2641 2997 2716 ἀπολελυμένην
3023 2643 3085 2697 ού
3115 2644 3431 2716 δυνάμενοι.

545 2744 771 2785 versum
803 2744 904 2785 nos
936 2727 1367 2801 chirographum
1391 2725 1565 2798 magis
1620 2723 2039 2789 conﬁrmamus,
2102 2725 2200 2796 qui
2239 2730 2523 2802 voluptate
2554 2771 2570 2799 ,
2629 2732 2821 2790 dolore
2878 2749 2945 2790 ac
2996 2735 3282 2792 laboribus
3335 2736 3516 2793 soluta
3558 2736 3679 2793 frui
3727 2752 3834 2794 ue-

544 2836 835 2894 queamus.

542 2001 621 2057 tio
649 2016 715 2056 ac
744 2000 936 2065 robur,
964 2001 1022 2055 in
1046 2007 1261 2055 naturae
1285 2006 1442 2069 parte
1483 1996 1701 2068 patibili
1745 1994 1984 2051 exsistit.
2017 1994 2130 2050 Na-

543 2093 741 2149 turalis
773 2091 980 2163 quippe
1015 2089 1226 2146 doloris
1257 2104 1477 2161 paenam
1508 2085 1901 2142 vehementius
1948 2084 2134 2139 inten-

543 2200 662 2240 sam
699 2184 986 2253 voluptate
1019 2182 1189 2238 solari
1238 2178 1651 2252 quodammodo
1698 2177 1953 2232 nitimur.
1987 2177 2131 2231 Dum

543 2290 784 2346 namque
814 2275 1109 2330 molestum
1136 2271 1349 2328 doloris
1391 2285 1619 2326 sensum
1668 2268 1922 2341 mitigare
1964 2268 2129 2323 volu-

593 2952 707 3013 ‘45.
737 2954 1074 3011 Excellentis
1107 2962 1295 3010 autem
1329 2953 1598 3024 potentiae
1638 2951 1751 3008 vim
1790 2950 2006 3024 liquido
2033 2967 2128 3008 asc

2307 2954 2419 3027 μγ’.
2449 2956 2560 3029 Τὴν
2590 2957 2648 3011 δὲ
2698 2960 2799 3030 τῆς
2840 2959 3291 3033 ύπερῦαλλούσης
3341 2963 3628 3035 δυνάμεως
3673 2968 3841 3041 ἰσχὺν

550 3047 749 3113 tendit,
786 3046 934 3118 quod
959 3061 1060 3117 per
1081 3061 1146 3101 ea
1176 3045 1480 3110 contraria,
1530 3060 1652 3116 quae
1680 3044 1799 3116 ipse
1827 3059 2128 3116 perpessus

2243 3047 2392 3120 δῆλον
2427 3049 2754 3121 κατέστησε,
2804 3050 2912 3105 τῶν
2944 3048 3028 3117 οἷς
3068 3052 3230 3119 αὐτὸς
3269 3054 3507 3128 ἔπασχεν
3538 3060 3834 3122 ἐναντίων.

547 3148 657 3204 est,
682 3136 1085 3193 immutabilem
1128 3144 1344 3191 natura:
1377 3136 1693 3207 genituram
1731 3145 2030 3206 ortumque
2073 3149 2138 3189 ac

2243 3141 2557 3214 ὑποστήσας
2583 3144 2651 3214 τῇ
2679 3142 2841 3214 φύσει
2868 3143 2968 3216 τὴν
2989 3144 3209 3213 γένεσιν
3234 3147 3508 3219 ἄτρεπτον
3540 3163 3559 3181 ’
3597 3150 3694 3205 διὰ
3728 3154 3837 3207 πά-

549 3228 923 3287 substantiam
957 3227 1231 3286 condidit.
1265 3228 1373 3284 Per
1403 3227 1719 3298 passionem
1742 3227 1917 3293 enim,
1943 3228 2142 3283 immu-

547 3339 648 3380 nes
675 3338 798 3379 esse
828 3338 857 3377 a
886 3321 1173 3393 passione;
1199 3326 1301 3391 per
1332 3321 1574 3385 labores,
1608 3320 2002 3377 remissionem
2030 3337 2048 3386 ;
2077 3335 2143 3376 ac

548 3429 651 3487 per
683 3420 945 3475 mortem,
970 3410 1368 3481 sempiternam
1404 3418 1622 3466 natura:
1660 3410 1913 3466 tribuens
1941 3409 2139 3476 vitam,

550 3504 787 3577 pristina
821 3500 1089 3559 felicitate
1133 3501 1415 3570 restituit;
1469 3502 1674 3573 quibus
1717 3502 1835 3573 ipse
1883 3500 2140 3572 penuriis

550 3599 862 3663 laboravit,
894 3607 1109 3654 natura:
1130 3596 1355 3653 habitus
1393 3595 1752 3661 instaurans;
1794 3608 1859 3648 ac
1886 3608 1996 3664 qua
2023 3606 2145 3648 ear-

550 3708 680 3748 nem
710 3689 911 3756 induit,
955 3693 1171 3745 naturaa
1203 3688 1315 3743 vim
1346 3702 1567 3743 omnem
1612 3681 1973 3758 superantem
2018 3699 2143 3755 gra-

553 3784 684 3840 tiam
724 3783 804 3855 (id
825 3793 932 3848 est,
956 3778 1394 3849 deiﬁcalionem)
1424 3787 1637 3835 natura:
1659 3778 1891 3834 donans.

620 3901 710 3956 44.
749 3899 898 3956 Deus
918 3912 1051 3954 vere
1075 3896 1256 3959 factus
1281 3902 1368 3951 est
1390 3894 1578 3959 homo,
1598 3891 1875 3963 aliamque
1904 3889 2137 3947 secundi

554 4001 712 4047 ortus
739 4000 951 4047 natura:
989 3988 1144 4049 dedit
1177 3987 1486 4060 originem;
1510 3999 1633 4057 qua:
1658 3983 1871 4040 scilicet
1895 3998 1924 4037 a
1950 3982 2140 4038 labore

554 4089 755 4154 empta,
799 4082 856 4136 in
898 4081 1096 4136 futura:
1128 4079 1257 4135 vita:
1291 4077 1523 4134 delicias
1568 4075 1808 4131 desinat.
1861 4072 2141 4152 Quemad-

554 4173 782 4229 modum
803 4172 956 4228 enim
986 4169 1202 4242 primus
1229 4182 1435 4241 parens
1468 4164 1735 4229 Adamus,
1768 4163 1916 4235 quod
1963 4161 2139 4218 divini

554 4265 798 4321 mandati
832 4261 1294 4335 transgressione,
1329 4260 1492 4315 aliam
1520 4275 1588 4316 ex
1626 4259 1916 4329 voluptate
1966 4270 2031 4310 ac
2067 4254 2138 4309 li-

552 4357 743 4413 bidine
778 4356 1074 4426 originem,
1118 4353 1413 4425 interiecto
1442 4350 1633 4407 labore
1678 4356 1846 4421 atque
1892 4363 2138 4405 aerumna

555 4449 613 4505 in
649 4456 885 4503 mortem
941 4445 1286 4501 desinentem
1314 4484 1330 4509 ,
1379 4451 1583 4515 przeter
1626 4457 1748 4497 eam
1789 4456 1911 4511 quze
1955 4438 2136 4510 primo
2170 4474 2214 4527 ο

554 4538 783 4594 condita
833 4535 1038 4601 fuerat,
1074 4535 1333 4606 sequiore
1364 4534 1596 4589 consilio
1646 4533 1971 4597 invexerat;
2014 4544 2134 4585 ser-

554 4629 850 4701 pentisque
892 4642 1059 4683 suasu
1120 4627 1459 4697 voluptatem
1489 4666 1503 4690 ,
1557 4639 1679 4694 qua:
1731 4622 1995 4679 anteriori
2054 4620 2134 4677 la-

555 4720 679 4777 bori
725 4736 843 4779 non
880 4717 1208 4774 succederet
1238 4716 1254 4784 ;
1304 4715 1402 4774 sed
1430 4732 1552 4789 quae
1585 4715 1700 4786 ipsa
1728 4714 1916 4786 potius
1965 4714 2019 4768 in
2055 4715 2136 4769 la-

557 4812 747 4868 borem
781 4824 1196 4876 zerumnamque
1224 4808 1472 4873 cederet,
1501 4808 1886 4872 adinveuerat,
1940 4820 2135 4861 omnes

555 4915 624 4957 cx
647 4901 773 4972 ipso
792 4916 958 4956 carne
992 4899 1072 4955 illi
1102 4898 1271 4955 simili
1294 4906 1647 4971 propagatos,
1679 4896 1751 4952 ob
1789 4896 2038 4967 iniquam
2065 4913 2134 4953 ex

556 4992 839 5063 romptate
861 4990 1155 5063 originem,
1188 4992 1243 5047 in
1272 4990 1468 5046 mor‘lis
1500 4991 1662 5045 tinem
1701 5005 1767 5045 ac
1792 4989 2137 5045 interitionis

558 5097 745 5139 secum
770 5083 978 5154 pariter
1003 5084 1154 5156 justo
1178 5082 1432 5138 trahebat
1458 5099 1470 5134 :
1506 5081 1586 5136 sic
1609 5096 1833 5152 quoque
1871 5081 2141 5137 Dominus

558 5174 737 5231 factus
783 5176 993 5241 homo,
1041 5174 1321 5246 aliamque
1369 5173 1601 5230 secundi
1662 5182 1823 5228 ortus
1867 5172 2140 5249 originem

559 5265 726 5338 596
742 5281 810 5322 ex
834 5264 1046 5337 Spiritu
1075 5276 1270 5322 sancto
1292 5274 1511 5321 natura:
1538 5264 1865 5327 fabricatus,
1894 5263 2143 5336 justissi-

560 5372 818 5428 mamque
877 5356 1226 5428 Adami'per
1284 5355 1575 5422 laborem,
1624 5362 1789 5425 atque
1836 5368 2141 5410 aerumnam

563 5457 794 5505 mortem
823 5445 1137 5520 suscipiens
1182 5449 1262 5520 (iu
1308 5464 1376 5507 eo
1425 5451 1620 5521 utique
1668 5448 2091 5520 iniustissimam
2123 5487 2139 5514 ,

560 5540 651 5596 cui
676 5541 892 5599 scilicet
910 5542 1124 5615 proprii
1147 5550 1305 5597 ortus
1327 5542 1484 5615 origo
1503 5541 1853 5613 iniquissima
1888 5556 1953 5596 ex
1975 5540 2139 5611 primi

567 5634 808 5697 parentis
852 5634 1294 5706 transgressione
1336 5633 1614 5706 deesset),
1656 5633 1930 5690 utrumvis
1961 5641 2158 5709 extre:

560 5736 739 5789 mum,
791 5734 905 5780 tum
954 5739 1152 5791 nempe
1185 5723 1474 5795 originem.
1524 5734 1639 5779 tum
1702 5724 1865 5779 linem
1911 5721 2137 5776 humani

2246 3230 2373 3295 θους
2401 3232 2513 3304 γὰρ
2541 3235 2643 3306 τὴν
2666 3234 2958 3300 ἀπάθειαν,
2991 3236 3089 3290 καὶ
3130 3236 3221 3292 διὰ
3267 3240 3445 3295 πόνων
3483 3241 3583 3311 τὴν
3616 3242 3835 3309 ἄνεσιν,

2244 3324 2341 3379 καὶ
2362 3325 2455 3381 διὰ
2510 3325 2746 3382 θανάτου
2790 3328 2892 3399 τὴν
2931 3329 3106 3384 ἀΐδιον
3147 3329 3293 3399 ζωὴν
3341 3335 3408 3404 τῇ
3458 3332 3622 3402 φύσει
3678 3337 3835 3402 δοὺς,

2244 3415 2407 3471 πάλιν
2452 3418 2869 3484 ἀποκατέστησε
2896 3438 2909 3452 -
2959 3425 3083 3486 ταῖς
3133 3421 3331 3477 ἑαυτοῦ
3389 3428 3839 3498 καταστερήσεσι

2242 3507 2341 3572 τὰς
2361 3506 2506 3575 ἔξεις
2534 3509 2892 3577 ἀνακαινίσας
2924 3513 3023 3583 τῆς
3046 3513 3285 3582 φύσεως,
3316 3516 3413 3570 καὶ
3438 3516 3527 3569 διὰ
3556 3519 3656 3589 τῆς
3696 3520 3838 3583 ιδίας

2246 3600 2602 3673 σαρκώσεως,
2639 3604 2741 3673 τὴν
2780 3604 2923 3676 ὑπὲρ
2950 3606 3114 3676 φύσιν
3152 3608 3317 3679 χάριν
3336 3608 3745 3681 δωρησάμενος
3772 3616 3835 3685 τῇ

2244 3688 2428 3759 φύσει,
2459 3689 2560 3762 τὴν
2584 3690 2799 3746 θέωσιν.

2318 3866 2421 3939 μδ.
2452 3868 2687 3938 Γέγονεν
2710 3872 2739 3925 ὁ
2762 3870 2896 3937 Θεὸς
2934 3877 3056 3928 κατ’
3088 3876 3351 3948 ἀλήθειαν
3380 3879 3693 3952 ἄνθρωπος,
3740 3883 3838 3939 καὶ

2240 3959 2474 4016 δέδωκεν
2497 3962 2667 4035 ἄλλην
2693 3963 2870 4037 ἀρχὴν
2897 3968 2964 4038 τῇ
3011 3966 3176 4036 φύσει
3223 3969 3481 4043 δευτέρας
3538 3974 3833 4041 γενέσεως,

2241 4051 2329 4106 διὰ
2369 4053 2535 4107 πόνου
2578 4054 2718 4127 πρὸς
2742 4055 2937 4129 ἡδονὴν
2968 4058 3272 4132 μελλούσης
3302 4061 3448 4133 ζωῆς
3480 4064 3837 4138 καταλήγου-

2246 4157 2368 4195 σαν.
2408 4141 2497 4207 Ὠς
2530 4143 2640 4216 γὰρ
2690 4143 2862 4217 Ἀδὰμ
2891 4146 2919 4198 ὁ
2953 4148 3257 4218 προπάτωρ
3288 4149 3388 4221 τὴν
3417 4151 3567 4205 θείαν
3606 4155 3837 4224 ἐντολὴν

2246 4232 2524 4305 παραϐὰς,
2575 4234 2742 4307 ἄλλην
2797 4237 2973 4308 ἀρχὴν
3032 4241 3324 4309 γενέσεως,
3374 4242 3439 4308 ἐξ
3481 4245 3677 4316 ἡδονῆς
3733 4249 3838 4314 μὲν

2247 4328 2674 4400 συνισταμένην,
2702 4331 2782 4395 εἰς
2807 4331 2865 4385 δὲ
2893 4334 2984 4387 τὸν
3027 4333 3118 4388 διὰ
3148 4336 3315 4390 πόνου
3370 4338 3603 4392 θάνατον
3644 4341 3840 4395 τελευ-

2244 4418 2427 4474 τῶσαν
2450 4422 2519 4492 τῇ
2546 4420 2709 4490 φύσει
2732 4424 2886 4494 παρὰ
2917 4425 3017 4497 τὴν
3046 4426 3272 4498 πρώτην
3301 4430 3715 4501 παρεισήγαγε,
3744 4434 3836 4488 καὶ

2243 4511 2507 4584 ἐπενόησε
2540 4513 2684 4568 κατὰ
2711 4515 2812 4586 τὴν
2841 4518 3154 4591 συμϐουλὴν
3174 4518 3271 4573 τοῦ
3298 4521 3478 4591 ὄφεως
3506 4523 3706 4596 ἡδονὴν
3734 4529 3835 4580 οὐκ

2240 4598 2407 4660 οὖσαν
2449 4604 2817 4678 προλαϐόντος
2859 4610 3021 4664 πόνου
3055 4612 3321 4684 διάδοχον,
3349 4614 3489 4668 ἀλλὰ
3524 4615 3739 4686 μᾶλλον
3757 4621 3833 4681 εἰς

2239 4694 2332 4749 τὸν
2357 4697 2516 4750 πόνον
2546 4700 2969 4771 περαιουμένην,
2997 4702 3205 4768 πάντας
3226 4705 3353 4769 τοὺς
3382 4704 3443 4770 ἐξ
3461 4707 3629 4761 αύτοῦ
3669 4707 3834 4781 σαρκὶ

2240 4787 2566 4860 γενομένους
2592 4790 2712 4843 κατ’
2736 4790 2921 4856 αὑτὸν,
2945 4793 3035 4848 διὰ
3057 4794 3156 4865 τὴν
3180 4794 3240 4863 ἐξ
3277 4796 3474 4868 ἡδονῆς
3511 4797 3708 4855 ἄδικον
3743 4803 3834 4873 ἀρ-

2243 4881 2367 4952 χὴν,
2414 4874 2529 4952 εἶχε
2583 4884 3068 4955 συνυπαγομένους
3108 4887 3259 4959 αὐτῷ
3295 4889 3545 4956 δικαίως,
3584 4892 3730 4964 πρὸς
3781 4896 3836 4947 τὺ

2243 4974 2332 5028 διὰ
2365 4973 2527 5029 πόνου
2554 4974 2698 5029 κατὰ
2728 4974 2819 5029 τόν
2851 4976 3080 5032 θάνατον
3110 4978 3262 5043 τέλος
3285 4994 3300 5009 ⁸
3335 4977 3481 5034 οὕτω
3507 4983 3601 5036 καὶ
3644 4987 3675 5035 δ
3722 4984 3833 5038 Κύ-

2246 5086 2357 5148 ριος
2390 5070 2681 5157 γενόμενος
2708 5068 3017 5142 ἄνθρωπος,
3040 5072 3136 5126 καὶ
3163 5071 3333 5145 ἄλλην
3366 5074 3545 5147 ἀρχὴν
3572 5075 3835 5148 δευτέρας

2243 5164 2512 5231 γενέσεως
2533 5164 2599 5218 ὲκ
2628 5164 2947 5235 Πνεύματος
2979 5164 3142 5232 ἁγίου
3187 5167 3257 5237 τῇ
3291 5167 3455 5236 φύσει
3492 5168 3835 5241 δημιουργή-

2246 5271 2365 5320 σας,
2392 5254 2488 5307 xui.
2514 5254 2609 5307 τὸν
2635 5252 2727 5307 διὰ
2760 5255 2925 5308 πόνου
2954 5255 3050 5308 τοῦ
3088 5254 3259 5326 ’Δδὰμ
3283 5255 3636 5311 δικαιότατον
3663 5274 3832 5311 κατα-

2248 5344 2539 5417 δεξάμενος
2586 5346 2839 5413 θάνατον,
2873 5347 2934 5401 ἐν
2975 5346 3128 5419 αύτῷ
3158 5345 3362 5418 δηλαδὴ
3399 5347 3697 5419 γενόμενον
3722 5347 3834 5401 d8:-

2250 5438 2513 5504 κώτατον,
2557 5441 2633 5505 ὡς
2683 5438 2783 5493 οὐκ
2833 5437 3030 5508 ἔχοντα
3054 5439 3154 5510 τῆς
3185 5438 3322 5503 ἰδίας
3360 5438 3631 5511 γενέσεως
3660 5440 3836 5511 ἀρχὴν

2248 5532 2346 5606 τὴν
2374 5534 2437 5587 ὲκ
2459 5532 2743 5604 παρακοῆς
2771 5532 3116 5603 ἀδικωτάτην
3138 5530 3233 5585 τοῦ
3256 5532 3599 5604 προπάτορος
3620 5530 3833 5606 ἡδονὴν,

2249 5625 2576 5698 ἀμφοτέρων
2602 5624 2711 5680 τῶν
2732 5624 2945 5697 ἄκρων,
2978 5625 3154 5696 ἀρχῆς
3209 5642 3270 5679 τε
3319 5617 3466 5693 λέγω
3496 5624 3592 5678 καὶ
3647 5622 3834 5678 τέλους

2248 5720 2348 5791 τῆς
2396 5718 2545 5772 κατᾶ
2578 5718 2673 5772 τὸν
2729 5718 2907 5787 Ἀδὰμ
2952 5716 3298 5788 ἀνθρωπίνης
3327 5716 3616 5786 γενέσεως,
3651 5708 3749 5769 οἷα
3776 5711 3838 5783 δὴ
