4046 6196
216 357 349 423 1325

903 342 1238 403 CAPITUM
1275 338 1699 410 OUINQUIES
1735 333 2253 395 CENTENORUM
2293 333 2684 395 CENTURIA
2722 334 2821 396 IV.

3341 332 3478 397 1326

212 462 643 542 προηγουμένως
690 459 793 511 οὐκ
838 455 1007 510 ὄντων
1041 456 1105 508 ὲκ
1137 453 1233 507 τοῦ
1260 453 1419 518 Θεοῦ,
1450 450 1551 521 τὴν
1574 449 1794 542 evortes:

1923 454 2055 500 ll‘lUS
2089 462 2190 515 pro
2213 449 2334 516 ejus
2358 445 2534 515 ipsius
2560 445 2776 499 ratione
2808 441 3072 506 sustulit;
3112 450 3173 496 ut
3217 457 3341 512 qua:
3368 459 3481 501 non

212 539 294 616 σιν
336 557 653 625 ἐποιήσατο,
687 550 785 603 καὶ
816 550 1026 611 πάντας
1063 548 1191 608 τοὺς
1224 542 1505 616 μυστικῶς
1536 541 1596 605 ea
1628 539 1793 592 αὑτοῦ

188 642 713 714 κάναγεννωμένους,
749 637 851 706 τῆς
882 633 970 688 ἐπ’
1028 633 1200 703 αὐτῆς
1252 631 1443 702 ἐνοχῆς
1476 627 1796 698 ἐλευθέρους

215 740 338 795 κατὲ
348 753 535 806 στησε.

282 829 386 902 με’.
412 830 524 899 Τὴν
555 828 620 880 ὲκ
643 824 737 878 τοῦ
792 821 959 893 νόμου
1013 820 1116 889 τῆς
1162 817 1437 887 ἁμαρτίας
1482 813 1676 885 ἡδονὴν
1720 814 1800 874 είς

215 926 469 994 ἀθέτησιν
522 920 623 990 τῆς
676 916 819 971 κατὰ
869 915 1052 985 σάρκα
1086 911 1393 983 γεννήσεως
1429 908 1537 961 τῶν
1567 910 1625 960 ὲν
1651 905 1800 975 αὑτῷ

217 1018 400 1089 χάριτι
421 1014 511 1068 διὰ
533 1010 852 1081 Πνεύματος
888 1003 1248 1076 γεννωμένων
1293 1003 1322 1055 ὁ
1359 1001 1564 1072 Κύριος
1601 997 1801 1089 ἀφελό-

222 1088 403 1180 μενος,
439 1106 529 1160 τὸν
563 1106 643 1166 εἰς
670 1099 973 1170 καταδίκην
1004 1096 1067 1150 τὸ
1097 1095 1363 1168 πρότερον
1394 1093 1527 1180 ὄντα
1563 1090 1664 1161 τῆς
1698 1088 1801 1158 φύ-

221 1179 378 1263 σεως,
415 1197 495 1258 εἰς
530 1193 628 1264 τὴν
663 1192 761 1260 τῆς
792 1187 1069 1260 ἁμαρτίας
1102 1182 1430 1255 κατάκρισιν
1460 1179 1643 1241 αὐτοῖς
1668 1192 1801 1245 συγ-

220 1289 387 1362 χωρεῖ
419 1283 670 1356 δέχεσθαι
725 1281 978 1345 θάνατον,
1033 1277 1256 1347 ἔχοντας
1314 1273 1413 1344 μὲν
1464 1268 1562 1324 τοῦ
1631 1267 1805 1337 Ἀδὰμ

220 1382 404 1438 οὐκέτι
444 1379 546 1449 τὴν
577 1380 642 1429 ἐκ
700 1374 796 1427 τοῦ
852 1370 1028 1441 Ἀδὰμ
1079 1368 1273 1439 ἡδονὴν
1325 1366 1428 1435 τῆς
1483 1362 1753 1432 γενέσεως
1788 1375 1801 1390 ο

226 1475 391 1548 μόνην
429 1473 487 1526 δὲ
533 1471 635 1541 τὴν
679 1467 769 1522 διὰ
815 1466 907 1519 τδν
957 1463 1131 1533 Ἀδάμ
1160 1460 1355 1531 ὀδύνην
1385 1456 1721 1548 ἐνεργοῦσαν
1748 1457 1805 1548 ὲν

223 1547 405 1628 αὐτοῖς
434 1581 447 1595 ο
473 1563 534 1617 ού
565 1560 707 1615 κατὰ
742 1558 904 1630 χρέος
962 1554 1104 1626 ὑπὲρ
1152 1551 1452 1623 ἁμαρτίας,
1500 1547 1642 1603 ἀλλὰ
1683 1547 1804 1600 κατ’

221 1653 554 1724 οἰκονομίαν,
581 1650 671 1731 δοιὰ
701 1650 803 1721 τὴν
837 1646 981 1701 κατὰ
1032 1643 1197 1713 φύσιν
1252 1638 1625 1731 περίστασινμ
1662 1634 1807 1688 κατὰ
1840 1698 1851 1711 1

222 1748 323 1818 τῆς
355 1730 655 1817 ἁμαρτιας,
688 1742 781 1796 τὸν
812 1741 1043 1794 θάνατον
1074 1751 1088 1767 ο
1119 1736 1179 1798 ὃς
1198 1733 1404 1788 ὁπόταν
1433 1730 1508 1802 μὴ
1540 1730 1654 1800 ἔχει
1684 1743 1809 1797 γεν-

1902 537 2084 607 primo
2115 552 2146 590 a
2174 537 2284 591 Deo
2325 545 2546 600 essent;
2596 544 2937 603 cunctosque
2980 533 3213 604 mystice
3255 549 3324 590 ex
3360 536 3484 606 ipso

1904 637 2280 694 renascentes,
2320 629 2467 683 illius
2497 634 2655 682 reatu
2692 626 2951 681 absolvit.

1973 804 2063 860 45.
2102 803 2235 870 Quae
2279 821 2347 859 ex
2397 805 2517 874 lege
2566 805 2782 875 peccati
2811 813 2916 868 est,
2954 804 3238 873 voluptate
3272 804 3486 859 sublata

1907 908 1972 948 ac
2000 894 2253 959 libidine,
2286 893 2355 948 ad
2382 909 2575 949 eorum
2604 894 2697 963 qui
2748 895 2806 949 in
2856 895 2977 964 ipso
3022 895 3213 965 gratiae
3257 910 3487 951 munere

1906 999 2007 1054 per
2031 983 2298 1054 Spiritum
2329 993 2635 1041 nascuntur
2662 985 2988 1041 abolendam
3012 988 3291 1042 carnalem
3336 988 3487 1042 nati-

1910 1077 2160 1141 vitatem,
2202 1076 2451 1147 indulget
2500 1078 2808 1141 Dominus,
2856 1088 2919 1134 ut
2948 1088 3183 1134 mortem
3210 1119 3225 1145 ,
3279 1080 3486 1149 quaein

1910 1174 2124 1222 naturae
2145 1168 2302 1238 prius
2331 1168 2741 1225 damnationem
2768 1179 2920 1235 erat,
2975 1170 3043 1225 ad
3095 1170 3307 1240 peccati
3354 1185 3493 1225 con-

1906 1258 2317 1315 demnationem
2348 1261 2676 1331 suscipiant,
2700 1261 2796 1331 qui
2813 1276 3032 1332 nempe,
3052 1276 3159 1317 non
3195 1262 3310 1333 jam
3332 1270 3490 1317 ortus

1915 1367 1985 1407 ex
2017 1353 2228 1408 Adamo
2255 1353 2567 1418 libidinem,
2599 1353 2695 1408 sed
2725 1353 2995 1408 duntaxat
3016 1352 3228 1408 Adamo
3262 1361 3495 1409 auctore

1910 1444 2193 1500 invectum
2225 1445 2477 1501 dolorem
2507 1459 2571 1501 ac
2586 1460 2889 1501 aerumnam
2917 1445 3181 1512 habeant;
3204 1461 3316 1500 non
3334 1445 3496 1515 quasi

1909 1551 1978 1591 ex
2006 1536 2196 1591 debito
2224 1537 2438 1607 peccati
2479 1548 2658 1601 reatu,
2686 1537 2785 1593 sed
2832 1546 2983 1592 certa
3018 1537 3239 1593 consilii
3276 1537 3499 1592 ratione

1909 1642 1975 1681 ac
1999 1627 2438 1697 dispensatione,
2475 1628 2547 1682 ob
2590 1628 2904 1684 naturalem
2945 1630 3357 1697 necessitatem,
3396 1630 3499 1687 ad-

1910 1734 2109 1774 versus
2138 1728 2427 1789 peccatum
2447 1718 2639 1788 illique
2667 1719 2967 1784 abolendo,
2993 1728 3229 1775 mortem
3258 1737 3499 1791 operan-

429 1798 596 1890 αύτδν
615 1798 844 1904 ’μητέρα
869 1830 990 1901 τὴν,
1013 1824 1082 1901 ἦς
1114 1824 1364 1895 γίνεσθαι
1391 1798 1605 1891 πέφυκε
1633 1836 1809 1890 τιμω-

1923 1818 2043 1864 tem.
2074 1808 2204 1865 Hec
2236 1808 2408 1874 enim,
2438 1808 2531 1863 ubi
2558 1808 2734 1878 ipsius
2755 1824 2977 1879 parens.
3002 1811 3163 1881 cujus
3184 1811 3353 1866 ultrix
3377 1824 3502 1866 esse

228 1930 341 2003 ρδς,
358 1927 550 1999 ἡδονὴν
576 1925 749 1980 ἀϊδίου
772 1922 921 1993 ζωῆς
946 1920 1232 1992 προδήλως
1254 1916 1580 1972 καθίσταται
1600 1914 1805 1983 πατήρ.

237 2022 324 2084 Ὠς
372 2018 484 2089 γάρ
531 2015 627 2069 τοῦ
694 2013 870 2085 Ἀδάμ
927 2013 961 2083 ἡ
1000 2010 1122 2064 καθ’
1155 2006 1353 2080 ἡδονὴν
1391 2005 1527 2077 ζωὴ,
1572 2003 1807 2057 Θανάτου

226 2113 321 2168 καὶ
344 2110 552 2181 φθορᾶς
581 2108 773 2177 γέγονε
802 2107 1009 2178 μήτηρ,
1043 2102 1191 2157 οὕτω
1210 2101 1307 2155 καὶ
1339 2102 1370 2154 ὁ
1394 2098 1486 2153 διὰ
1506 2097 1599 2151 τὸν
1637 2095 1811 2165 Ἀδὰμ

224 2206 321 2262 τοῦ
342 2206 554 2275 Κυρίου
580 2203 810 2265 θάνατος
833 2200 1097 2271 ὑπάρχων
1122 2197 1223 2268 τῆς
1246 2197 1311 2250 ὲκ
1332 2193 1428 2248 τοῦ
1459 2192 1635 2263 Ἀδὰμ
1656 2190 1811 2244 ἐλεύ-

228 2301 384 2373 θερος
416 2298 630 2369 ἡδονῆς,
666 2293 838 2351 ἀϊδίου
867 2291 1148 2363 γεννήτωρ
1172 2288 1385 2359 γίνεται
1426 2284 1593 2355 ζωῆς.

302 2571 419 2637 μς⁹.
465 2558 669 2637 Ἀρχὴν
703 2562 831 2634 ἔσχε
869 2560 1012 2633 μετὰ
1041 2559 1140 2632 τὴν
1172 2557 1486 2630 παράϐασιν
1521 2558 1554 2627 ἡ
1584 2552 1817 2630 τῶνοάν-

230 2658 465 2728 θρώπων
515 2661 680 2725 φύσις
721 2658 821 2727 τῆς
862 2654 999 2717 ἰδίας
1035 2652 1304 2721 γενέσεως
1336 2650 1435 2720 τὴν
1467 2646 1591 2702 καθ’
1621 2644 1815 2716 ἡδονὴν

228 2754 294 2807 ὲκ
318 2752 527 2822 σπορᾶς
551 2747 835 2818 σύλληψιν,
871 2746 968 2800 κα)⁸
996 2746 1097 2817 τὴν
1126 2741 1273 2797 κατὰ
1296 2741 1481 2812 ῥεῦσιν
1514 2736 1770 2808 γέννησιν
1797 2752 1814 2769 ⁸

229 2844 324 2896 καὶ
344 2841 520 2905 τέλος,
549 2840 641 2892 τὸν
678 2838 802 2891 κατ’
831 2837 1024 2916 ὀδύνην
1046 2835 1136 2888 διὰ
1166 2833 1373 2904 φθορᾶς
1401 2830 1630 2885 θάνατον
1658 2845 1672 2860 ⁸
1702 2830 1730 2883 ὁ
1758 2827 1818 2881 δὲ

228 2933 437 3005 Κύριος
454 2932 664 3002 ταύτην
684 2932 787 2985 οὐκ
811 2930 954 3001 ἔχων
981 2926 1158 2999 ἀρχὴν
1183 2927 1283 2996 τῆς
1306 2924 1449 2979 κατὰ
1477 2922 1658 2993 σάρκα
1689 2938 1814 2990 γεν-

230 3023 464 3095 νήσεως,
501 3021 626 3075 οὔτε
670 3020 751 3092 τῷ
784 3020 952 3085 τέλει,
979 3017 1231 3073 τουτέστι
1258 3015 1339 3087 τῷ
1367 3013 1606 3084 θανάτῳ,
1635 3012 1816 3082 ὑπῆρ-

232 3132 325 3185 χεν
354 3113 583 3176 άλωτός.

298 3184 415 3277 llic.
450 3206 554 3260 Τὸν
610 3204 783 3275 Ἀδὰμ
812 3205 845 3274 ἡ
879 3202 1124 3274 ἁμαρτία
1166 3199 1447 3271 καταρχὰς
1491 3196 1816 3259 δελεάσασα,

232 3301 371 3373 πρὸς
401 3298 715 3370 πειράσασιν
744 3297 841 3367 τῆς
871 3296 1024 3361 θείας
1054 3294 1392 3367 παρέπεισεν
1438 3289 1616 3344 ἐλθεῖν
1665 3290 1819 3343 ἐντο-

232 3392 333 3463 λῆς
366 3407 381 3421 ο
437 3390 559 3444 καθ’
605 3391 671 3459 ἢν
716 3390 818 3459 τὴν
848 3388 1046 3460 ἡδονὴν
1077 3387 1456 3456 ὑποστήσασα,
1493 3383 1590 3442 καὶ
1620 3379 1820 3451 ἑαυτὴν

233 3482 325 3538 διά
351 3482 454 3553 τῆς
474 3482 669 3553 ἡδονῆς
697 3482 755 3534 ὲν
782 3479 934 3550 αὐτῷ
960 3478 1331 3546 καθηλώσασα
1359 3477 1439 3547 τῷ
1464 3474 1702 3545 πυθμένι
1722 3475 1822 3543 τῆς

236 3572 473 3643 φύσεως,
504 3573 597 3626 τὸν
628 3572 858 3627 θάνατον
910 3571 1009 3641 τῆς
1063 3571 1192 3638 ὅλης
1242 3568 1533 3637 κατέκρινε
1582 3565 1819 3633 φύσεως,

237 3666 454 3721 ὠθοῦσα
484 3664 622 3736 πρὸς
646 3664 972 3732 άπογένεσιν
994 3661 1137 3715 κατὰ
1178 3659 1271 3712 τὸν
1303 3658 1535 3711 θάνατον
1586 3655 1677 3709 διὰ
1727 3652 1824 3707 τοῦ

237 3757 550 3831 ἀνθρώπου,
589 3754 686 3827 τὴν
729 3753 895 3825 φύσιν
946 3752 1058 3807 τῶν
1105 3750 1432 3820 γεγονότων.
1501 3747 1673 3801 Τοῦτο
1714 3745 1825 3816 γὰρ

202 3886 207 3890 ι
240 3850 335 3905 καὶ
369 3850 730 3920 μεμηχάνητο
757 3844 836 3916 τῷ
866 3846 1062 3915 σπορεϊ
1080 3846 1180 3915 τῆς
1207 3840 1505 3913 ἁμαρτίας,
1535 3839 1630 3893 καὶ
1656 3838 1826 3907 πατρὶ

236 3943 336 4012 τῆς
355 3941 554 4003 κακίας
582 3938 804 4010 πονηρῷ
824 3937 1075 4008 διαὸόλῳ,
1100 3935 1179 4007 τῷ
1211 3934 1402 3989 ἑαυτὸν
1435 3933 1533 4003 μὲν
1570 3932 1630 3999 ἐξ
1656 3933 1827 4002 ὑπερε

240 4035 475 4104 ηςρανίας
538 4031 640 4102 τῆς
692 4031 842 4094 θείας
893 4028 1222 4094 έξοικίσαντι
1269 4025 1450 4096 δόξης,
1493 4024 1583 4076 διά
1628 4023 1825 4092 φθόνον

237 4127 298 4180 δὲ
326 4126 418 4179 τόν
459 4143 519 4178 τε
555 4124 695 4195 πρὸς
725 4120 876 4192 ἡμᾶς
926 4120 1021 4174 καὶ
1069 4119 1160 4172 τὸν
1207 4117 1361 4180 Θεὸν,
1412 4114 1508 4170 τοῦ
1566 4113 1828 4186 παραδεί-

244 4236 341 4271 σου
372 4220 464 4271 τδν
508 4217 680 4283 Ἀδάμ
729 4213 1082 4280 ὲξοικίσαντι,
1132 4210 1396 4280 ἀφανίσαι
1452 4209 1522 4263 τὰ
1565 4207 1702 4278 ἔργα
1730 4206 1825 4260 τοῦ

239 4308 399 4375 Θεοῦ,
434 4309 531 4361 καὶ
560 4304 810 4359 διαλῦσαι
839 4304 907 4357 τὰ
940 4302 1252 4356 συνεστῶτα
1278 4300 1417 4373 πρὸς
1442 4300 1680 4369 γένεσιν.

1909 1901 2222 1966 consuevit,
2259 1902 2516 1972 voluptas
2549 1900 2837 1971 libidoque
2866 1900 3130 1966 defuerit,
3167 1903 3287 1973 ipsa
3314 1906 3500 1974 palam

1910 1991 2265 2063 sempiternae
2310 1993 2439 2047 vitae
2478 2007 2682 2062 parens
2729 1992 2969 2047 exsistit.
3024 1992 3503 2060 Quemadmodum

1911 2082 2062 2138 enim
2096 2081 2413 2152 voluptaria
2447 2097 2512 2137 ac
2537 2081 2841 2137 libidinosa
2870 2082 3066 2138 Adami
3096 2084 3244 2151 vita,
3302 2089 3505 2143 mortis

1911 2189 1977 2230 ac
2000 2174 2258 2230 interitus
2277 2188 2478 2244 parens
2495 2174 2705 2230 exstitit
2733 2192 2747 2228 :
2781 2174 2862 2229 sic
2882 2190 3105 2246 quoque
3126 2192 3291 2248 quam
3312 2179 3505 2234 Domi-

1912 2282 2019 2321 nus
2038 2275 2266 2337 propter
2286 2264 2559 2321 Adamu‘m
2576 2274 2815 2320 mortem
2843 2265 3036 2334 subiit,
3067 2283 3190 2337 quae
3210 2270 3280 2324 ab
3304 2270 3505 2327 Adami

1911 2357 2144 2415 libidine
2166 2372 2233 2413 ac
2267 2357 2551 2429 voluptate
2584 2356 2851 2413 immunis
2873 2357 2967 2425 sit,
2998 2361 3354 2431 sempiternae
3380 2365 3509 2420 vite

1912 2476 2117 2532 parens
2141 2461 2382 2517 exsistit.

1985 2553 2076 2609 46.
2115 2553 2432 2609 Humanum
2465 2570 2640 2627 genus
2662 2569 2695 2611 a
2731 2558 3201 2629 transgressione,
3226 2570 3385 2617 ortus
3421 2564 3509 2619 sui

1913 2644 2212 2715 originem,
2263 2646 2637 2717 voluptariam
2686 2663 2752 2703 ac
2787 2648 3145 2721 libidinosam
3175 2668 3245 2707 ex
3293 2653 3510 2709 semine

1916 2745 2140 2792 nactum
2177 2745 2262 2794 est
2291 2740 2711 2810 conceptionem
2736 2782 2751 2805 ,
2790 2757 2971 2813 exque
3004 2742 3249 2800 ﬁuxione
3298 2745 3473 2799 nativi
3497 2776 3512 2785 -

1918 2838 2119 2896 tatem;
2149 2845 2215 2887 ac
2245 2841 2530 2902 postremo
2565 2833 2758 2900 ﬁnem,
2798 2850 2923 2905 quae
2951 2836 3144 2891 labore
3178 2846 3237 2892 et
3261 2852 3511 2894 rerumna

1916 2922 2213 2990 conﬂatur,
2242 2925 2441 2981 mortis
2462 2926 2841 2982 interitionem
2872 2945 2885 2980 :
2912 2928 3183 2984 Dominus
3207 2944 3342 2985 vero
3365 2971 3379 2995 ,
3411 2932 3509 3001 qui

1917 3015 2061 3071 hanc
2116 3031 2229 3071 non
2281 3016 2518 3074 haberet
2560 3020 2872 3075 nativitatis
2924 3022 3166 3077 carnalis
3215 3023 3509 3093 originem,

1845 3144 1889 3203 ο
1921 3118 2026 3159 nec
2052 3104 2221 3160 etiam
2256 3105 2353 3161 ﬁni
2390 3106 2579 3179 (morti
2612 3108 2852 3178 scilicet)
2880 3109 3156 3165 obnoxius
3184 3121 3326 3167 erat.

1995 3197 2085 3252 47.
2120 3198 2436 3265 Peccatum,
2462 3201 2616 3255 velut
2654 3201 2842 3256 oblata
2882 3218 3008 3258 esca
3036 3244 3050 3267 ,
3088 3203 3359 3259 Adamum
3386 3245 3401 3265 ,
3452 3214 3513 3259 ut

1924 3288 2101 3344 divini
2138 3298 2520 3363 transgressor
2557 3293 2802 3349 mandati
2837 3294 2999 3351 ﬁeret
3035 3296 3198 3350 initio
3237 3295 3458 3351 induxit
3495 3315 3509 3350 :

1924 3398 2031 3453 qua
2062 3399 2264 3454 nempe
2314 3394 2511 3439 auctor
2560 3384 2640 3439 illi
2675 3386 2981 3458 voluptatis
3019 3388 3226 3443 factum
3274 3404 3338 3443 ac
3381 3388 3513 3442 libi-

1926 3475 2094 3541 dinis,
2136 3492 2347 3546 perque
2396 3477 2595 3546 ipsam,
2627 3478 2766 3548 ipsis
2797 3489 3009 3535 natura:
3037 3482 3163 3537 imis
3204 3481 3515 3537 visceribus

1925 3565 2036 3620 alte
2061 3566 2311 3630 inﬁxum,
2339 3576 2593 3622 naturam
2617 3585 2839 3625 omnem
2870 3572 3067 3627 mortis
3086 3588 3234 3627 ream
3263 3574 3509 3637 addixit;

1926 3658 2170 3713 hominis
2200 3658 2296 3714 illo
2326 3669 2505 3725 reatu,
2533 3670 2851 3717 creatorum
2880 3678 3055 3733 genus
3076 3679 3240 3718 omne
3272 3664 3327 3717 in
3352 3665 3515 3718 nihili

1928 3748 2271 3814 barathrum,
2308 3758 2366 3805 et
2403 3758 2466 3805 ut
2495 3767 2563 3807 ne
2590 3753 2704 3807 sint
2747 3754 2973 3824 quidem
3007 3755 3321 3825 impellens.
3378 3757 3514 3811 Nam

1929 3838 2036 3894 hoc
2075 3855 2299 3909 quoque
2337 3842 2562 3898 molitus
2598 3855 2718 3905 erat
2770 3848 2982 3916 peccati
3018 3856 3169 3901 sator
3213 3844 3517 3919 pesSimus-

1928 3949 2035 4002 que
2062 3934 2324 4004 nequitiae
2349 3952 2555 4005 parens
2584 3938 2860 4005 diabolus,
2892 3940 2986 4010 qui
3022 3950 3138 3995 tum
3167 3956 3226 3996 se
3266 3942 3385 4012 ipse
3416 3958 3518 4013 per

1929 4024 2248 4093 superbiam
2282 4043 2314 4082 a
2341 4028 2530 4082 divina
2565 4029 2820 4085 claritate
2854 4032 3180 4098 extruserit,
3215 4044 3331 4087 tum
3369 4034 3517 4089 Adn-

1930 4130 2081 4169 mum
2113 4132 2213 4186 per
2234 4117 2501 4175 invidiam
2532 4120 2587 4174 in
2605 4136 2709 4177 nos
2737 4123 2948 4193 pariter
2976 4139 3039 4178 ac
3066 4124 3238 4178 Deum
3259 4126 3518 4195 paradiso

1931 4204 2093 4275 597
2120 4208 2497 4277 expulerat,ut
2520 4212 2617 4266 Dei
2642 4228 2809 4283 opera
2841 4215 3111 4280 aboleret,
3143 4226 3200 4270 et
3237 4233 3360 4287 qua:
3391 4230 3518 4273 ortu

1930 4298 2080 4353 edita
2114 4300 2281 4370 inque
2312 4318 2502 4357 rerum
2536 4314 2734 4361 natura
2759 4308 3173 4373 consisterent,
3216 4310 3333 4365 haec
3382 4325 3519 4366 vero

1932 4389 2284 4447 dissolveret.

315 4472 404 4554 μη¹
424 4515 444 4532 ο
462 4482 680 4536 Φθονῶν
708 4480 786 4552 τῷ
816 4444 957 4552 Θεῷλ
982 4482 1076 4535 καὶ
1132 4480 1262 4552 ἡμῖν
1290 4482 1318 4533 ὁ
1373 4478 1639 4547 διάϐολος,
1689 4479 1816 4549 δόλῳ

1999 4483 2088 4537 48.
2131 4485 2417 4550 Diabolus,
2470 4504 2579 4559 qua
2625 4491 2680 4545 in
2733 4506 2836 4547 nos
2888 4494 3174 4565 Deumque
3228 4496 3383 4551 ardet
3430 4497 3519 4551 in-

239 4574 333 4628 τὸν
385 4573 671 4646 ἄνθρωπον
727 4572 834 4625 ὑπδ
881 4571 1018 4625 Θεοῦ
1074 4570 1390 4640 φθονεῖσθαι
1450 4570 1822 4639 παραπείσας,

243 4665 563 4737 παραϐῆναι
581 4664 682 4737 τὴν
706 4663 926 4736 ἐντολὴν
953 4664 1360 4736 παρεσκεύασε.
1411 4664 1500 4734 Τῷ
1533 4663 1652 4733 Θεῷ
1702 4665 1822 4732 μὲν,

243 4758 332 4809 ἵνα
367 4760 578 4829 φανερὰ
610 4740 695 4829 μὴ
730 4757 955 4826 γένηται
997 4758 1116 4811 κατ’
1152 4757 1434 4827 ἐνέργειαν
1470 4758 1503 4826 ἡ
1535 4755 1827 4824 πανύμνη-

242 4864 336 4910 τος
368 4847 534 4901 αὑτοῦ
562 4847 792 4918 δύναμις
836 4845 1175 4918 θεουργοῦσα
1226 4845 1318 4899 τὸν
1366 4844 1652 4914 ἄνθρωπον
1690 4859 1701 4872 ο
1752 4843 1829 4912 τῷ

242 4939 288 4992 δ’
326 4940 601 5011 ἀνθρώπῳ
629 4939 939 5011 προδήλως,
977 4940 1064 4992 ἵνα
1100 4938 1176 5009 μὴ
1209 4937 1435 5009 γένηται
1467 4940 1564 5007 τῆς
1591 4937 1741 5000 θείας
1771 4939 1827 4989 ὲν

244 5028 376 5082 εἴδει
426 5029 548 5082 κατ’
576 5029 779 5101 ἀρετὴν
818 5029 1046 5098 μέτοχος
1076 5026 1255 5097 δόξης.
1282 5026 1472 5079 Φθονεῖ
1502 5026 1610 5095 γὰρ
1637 5027 1666 5078 ὁ
1699 5042 1828 5094 μια-

245 5122 488 5192 ρώτατος
508 5122 568 5175 οὺ
600 5120 763 5191 μόνον
784 5122 916 5191 ἡμῖν
952 5122 1052 5191 τῆς
1080 5119 1172 5171 ὲπὶ
1203 5117 1280 5188 τῷ
1304 5117 1424 5187 Θεῷ
1453 5117 1541 5170 διὰ
1566 5118 1667 5189 τὴν
1695 5119 1827 5189 άρε-

243 5213 345 5285 τὴν
376 5212 556 5283 δόξης,
583 5211 721 5265 ἀλλὰ
754 5213 848 5266 καὶ
882 5211 961 5282 τῷ
996 5209 1117 5282 Θεῷ
1157 5212 1255 5282 τῆς
1291 5210 1376 5279 ἐφ’
1411 5209 1543 5281 ἡμῖν
1588 5210 1675 5262 διὰ
1732 5209 1829 5280 τὴν

247 5302 525 5375 σωτηρίαν
549 5303 903 5373 πανυμνήτου
928 5302 1229 5373 δυνάμεως.

325 5581 433 5651 μθν.
477 5581 690 5651 Ὠσπερ
728 5582 785 5633 ὲν
822 5578 901 5650 τῷ
953 5578 1125 5647 Ἀδάμ
1154 5581 1189 5632 ό¹
1218 5576 1450 5643 θάνατος
1497 5580 1595 5645 τῆς
1627 5577 1843 5644 φύσεως

322 5764 341 5788 ’⁵
362 5766 478 5835 QQ.
504 5767 571 5824 ad
601 5767 819 5823 Thalas.
855 5782 910 5836 q.
942 5765 1030 5829 6i,
1063 5765 1470 5835 πνευματικῶς.
1560 5754 1563 5757 ’

1924 4576 2106 4641 vidia,
2167 4593 2266 4647 per
2319 4579 2569 4637 fraudem
2628 4584 2842 4639 homini
2897 4590 3277 4655 persuadens,
3346 4589 3520 4644 Deum

1929 4664 2008 4718 illi
2039 4666 2308 4734 invidere,
2348 4673 2790 4741 transgrediendi
2827 4677 3150 4731 mandatum
3184 4679 3289 4748 ipsi
3326 4687 3522 4733 auctor

1927 4752 2053 4809 fuit.
2088 4755 2202 4811 Deo
2223 4759 2451 4827 quidem
2475 4762 2567 4817 ille
2606 4764 2845 4830 invidet,
2882 4782 2952 4820 ne
2985 4769 3107 4837 ejus
3148 4769 3331 4838 reipsa
3367 4779 3524 4823 actu-

1929 4862 2039 4914 que
2064 4850 2358 4905 manifesta
2392 4854 2507 4919 ﬁat,
2540 4855 2755 4912 donans
2788 4859 3073 4913 hominem
3108 4861 3337 4921 deitate,
3370 4864 3522 4917 omni

1935 4940 2098 4995 laude
2133 4946 2521 5013 prosequenda
2549 4952 2799 5018 potentia
2823 4967 2843 5017 ;
2864 4966 2994 5021 erga
3016 4952 3301 5008 hominem
3338 4963 3521 5010 autem

1934 5030 2115 5085 l'ertur
2174 5035 2419 5102 invidia,
2478 5054 2547 5093 ne
2580 5040 2628 5094 is
2683 5040 2911 5096 virtutis
2970 5044 3127 5098 cultu
3174 5044 3377 5101 divinae
3424 5061 3526 5117 per

1936 5123 2179 5192 speciem
2204 5127 2391 5197 gloria:
2424 5130 2656 5186 consors
2693 5133 2911 5189 evadat.
2968 5134 3183 5189 Nedum
3215 5138 3364 5191 enim
3407 5152 3527 5191 scc-

1935 5213 2270 5273 lestissimus
2290 5220 2383 5275 ille
2408 5223 2570 5279 nobis
2593 5224 2827 5289 invidet,
2847 5225 2968 5297 eius
2989 5226 3260 5281 claritatis
3278 5226 3522 5289 nomine.

1937 5322 2103 5376 quam
2143 5312 2289 5381 apud
2322 5315 2497 5369 Deum
2534 5331 2602 5370 ex
2628 5316 2838 5373 virtute
2872 5319 3300 5390 consequimur;
3331 5335 3528 5375 verum

1932 5398 2098 5453 etiam
2122 5400 2257 5469 Deo,
2285 5403 2357 5459 ob
2379 5420 2501 5464 eam
2526 5407 2707 5462 modis
2729 5409 2991 5464 omnibus
3019 5410 3298 5466 laudatam
3332 5419 3531 5482 poten-

1948 5494 2200 5557 tentiam,
2233 5512 2340 5565 qua
2375 5499 2537 5555 nobis
2568 5502 2803 5557 salutem
2832 5504 3069 5561 confert.

2024 5585 2107 5638 49.
2144 5586 2620 5653 Quemadmodum
2648 5595 2700 5649 in
2730 5596 2941 5651 Adamo
2965 5612 3119 5654 mors
3140 5608 3351 5652 naturcc
3377 5595 3532 5652 dam-
