4046 6196
581 351 712 416 1327

1745 341 1806 400 S.
1843 340 2130 400 MAXlMl
2171 341 2681 404 CONFESSORIS

3738 348 3902 413 2323

575 463 732 519 natio
759 465 900 523 erat,
947 451 1160 526 proprii
1210 448 1427 506 scilicet
1470 455 1629 504 ortus
1659 447 1962 519 originem,
2009 448 2165 502 volu-

2282 450 2487 522 Βπῆρχε
2531 450 2884 522 κατάκρισις,
2929 453 3114 525 ἀρχὴν
3153 454 3383 528 ἐχούσης
3416 456 3513 528 τὴν
3535 456 3742 528 ἡδονὴν
3780 458 3905 522 τῆς

575 562 783 626 ptatem
805 549 1021 605 habens
1047 562 1064 599 :
1097 544 1179 600 sic
1211 543 1268 598 in
1296 541 1546 608 Christo,
1585 555 1737 595 mors
1766 539 1981 611 peccati
2010 539 2170 595 dam-

575 646 728 701 natio
757 642 899 697 facta
935 647 1040 705 est,
1088 637 1146 692 in
1199 651 1311 706 quo
1349 649 1548 690 rursus
1581 641 1786 688 natura
1831 632 2100 688 mundam
2140 647 2171 686 a

573 735 859 804 voluptate
889 739 947 787 et
978 729 1212 784 libidine
1241 727 1516 799 originem
1543 733 1709 782 nacta
1732 733 1840 781 est.

644 825 733 881 50.
767 825 822 880 Si
846 839 968 890 nos,
997 822 1095 894 qui
1133 820 1234 876 Dei
1269 821 1470 876 domus
1502 819 1694 891 gratia:
1736 817 1886 873 dono
1916 832 2017 888 per
2042 817 2170 888 Spi-

575 920 749 973 ritum
777 915 918 972 eﬂici
955 914 1286 978 meruimus,
1347 920 1561 967 tantam
1598 909 1832 981 iustitiae
1877 924 2044 965 causa
2103 909 2172 964 ad

575 1011 989 1066 damnationem
1013 1007 1225 1079 peccati
1257 1005 1527 1062 exhibere
1547 1004 1820 1058 debemus
1847 1003 2172 1075 passionum

576 1103 928 1159 tolerantiam
964 1116 1030 1157 ac
1053 1112 1457 1165 aerumnarum,
1501 1103 1853 1166 mortemque
1879 1102 2174 1151 contume-

573 1196 957 1258 liosissimam,
990 1192 1398 1248 sceleratorum
1438 1204 1620 1254 more,
1654 1188 1951 1259 quantavis
1983 1186 2174 1258 probi-

581 1296 691 1344 tate
725 1287 1054 1358 iulgeamus,
1085 1283 1256 1338 alacri
1287 1283 1480 1336 animo
1545 1281 1758 1336 referre
1817 1297 1830 1332 :
1869 1267 2016 1346 Quis.
2047 1279 2173 1348 ﬁnis

579 1395 783 1443 eorum,
816 1378 910 1448 qui
938 1392 1042 1430 non
1075 1375 1297 1428 credunt
1337 1371 1434 1426 Dei
1459 1370 1754 1442 Evangelia
1778 1373 1824 1404 "
1850 1371 1876 1424 .9
1911 1370 2017 1426 ho’c
2046 1381 2170 1426 est:

578 1473 768 1540 Qualis
783 1472 890 1528 erit
903 1485 1101 1526 eorum
1131 1467 1278 1529 ﬁnis,
1299 1484 1397 1524 seu
1423 1467 1716 1537 judicium,
1739 1465 1836 1536 qui
1853 1479 1963 1519 non
1987 1464 2169 1519 solum

581 1565 759 1619 vivam
793 1571 960 1633 atque
982 1562 1259 1632 vigentem
1277 1561 1720 1628 exercitamque,
1744 1557 1930 1612 animo
1963 1555 2176 1627 pariter

592 1663 652 1709 et
688 1667 947 1723 corpore,
979 1651 1267 1720 animique
1299 1649 1578 1704 sententia
1628 1654 1686 1702 et
1724 1653 1944 1711 natura,
1987 1644 2177 1700 libidi-

580 1761 773 1800 nosam
806 1753 1023 1799 naturae
1050 1742 1433 1797 dominantem
1465 1740 1523 1794 in
1558 1739 1724 1794 linem
1759 1753 1936 1808 usque
1978 1735 2172 1792 Adami

580 1837 852 1907 originem
891 1833 1089 1889 sedqu
1128 1832 1522 1897 retinuerunt;
1553 1831 1651 1886 sed
1683 1845 1863 1900 neque
1888 1830 2079 1884 Deum:
2113 1836 2172 1883 et
2199 1812 2244 1868 Β

581 1925 819 1988 Patrem,
854 1937 957 1993 per
997 1920 1198 1976 Filium
1241 1927 1529 1988 assumpta
1576 1933 1746 1973 carne
1781 1918 2168 1973 exhortantem

580 2021 965 2085 susceperunt;
989 2026 1174 2082 neque
1207 2027 1340 2066 vero
1366 2009 1727 2065 Mediatorem
1743 2025 1808 2065 ac
1843 2009 2045 2064 Filium
2069 2024 2172 2079 pro

580 2108 742 2161 Patre
773 2103 1050 2176 legatione
1079 2101 1404 2174 fungentem
1439 2102 1485 2134 ’ί
1517 2119 1532 2167 ;
1577 2100 1715 2171 qui‘,
1752 2108 1817 2155 ut
1865 2115 1969 2156 nos
2018 2101 2173 2156 Patri

581 2197 993 2261 reconciliaret,
1047 2195 1169 2264 ipse
1205 2209 1264 2250 se
1302 2193 1592 2248 voluntate
1636 2193 1819 2248 Patris
1867 2208 1970 2263 pro
2011 2192 2178 2246 nobis

584 2300 786 2362 sponte
815 2290 982 2346 morti
1000 2285 1298 2344 tradiderit
1330 2303 1345 2353 ;
1371 2294 1438 2340 ut
1458 2301 1560 2340 nos
1587 2295 1820 2356 propter
1845 2301 1926 2351 se,
1955 2285 2180 2340 deitatis

582 2401 696 2441 suae
715 2384 917 2440 decore
945 2380 1338 2452 praefulgean
1354 2387 1576 2433 tantum
1599 2377 1933 2432 clariﬁcaret
1951 2419 1965 2442 ,
1995 2392 2177 2447 quan-

585 2489 701 2531 tum
749 2483 979 2547 propter
1014 2488 1118 2528 nos
1142 2473 1354 2526 nostris
1404 2471 1522 2541 ipse
1557 2469 1918 2526 dehonestari
1967 2469 2180 2540 passio-

585 2570 754 2624 nibus
779 2567 1074 2623 sustinuit.

653 2661 743 2715 51.
797 2659 1263 2730 Quandoquidem
1315 2660 1465 2713 Deus
1513 2655 1763 2710 omnium
1803 2654 1899 2724 qui
1936 2652 2169 2708 salutem

584 2759 996 2822 consequentur
1023 2751 1180 2806 locus
1211 2750 1325 2805 erit
1365 2750 1434 2813 ",
1472 2745 1994 2815 incircumscriptus
2043 2759 2175 2799 con-

584 2843 885 2912 tinuusque
908 2850 964 2896 et
995 2841 1267 2906 inﬁnitus,
1291 2841 1386 2911 qui
1414 2856 1516 2910 pro
1533 2848 1690 2894 certa
1707 2838 1937 2909 iustitiae
1961 2837 2176 2892 ratione

585 2931 770 2986 omnia
794 2932 1054 2987 omnibus
1084 2932 1211 3000 tiatl;
1235 2930 1510 3001 quinimo,
1543 2929 1638 3000 qui
1662 2944 1763 2998 pro
1793 2927 1960 2982 modo
1983 2942 2175 2982 earum

585 3026 906 3098 passionum
947 3041 1012 3081 ac
1048 3040 1423 3082 erumnarum
1453 3066 1469 3089 ,
1517 3025 1722 3094 quibus
1759 3037 1878 3078 aevo
1916 3022 2023 3077 hoc
2050 3037 2179 3076 cum

2275 542 2415 606 ιδίας
2445 543 2718 612 γενέσεως
2750 561 2764 574 ο
2791 543 2969 608 οὕτως
3002 549 3031 600 ό
3075 547 3308 611 θάνατος
3368 552 3427 602 ὲν
3470 548 3724 621 Χριστῷ,
3781 553 3906 619 τῆς

2270 635 2549 707 ἁμαρτίας
2593 636 2924 706 κατάκρισις
2965 638 3214 708 γέγονεν,
3271 641 3465 711 ἡδονῆς
3511 640 3784 712 καθαρὰν
3831 642 3894 693 ἐ·

2270 729 2494 800 Χριστῷ
2525 729 2688 783 πάλιν
2717 733 2816 800 τῆς
2841 731 3058 800 φύσεως
3083 733 3468 805 ἀπολαϐούσης
3493 734 3595 806 τὴν
3622 735 3897 804 γένεσιν.

2344 819 2408 875 ν’.
2443 823 2506 874 Εἰ
2537 824 2698 890 ἡμεῖς
2741 825 2790 875 οἱ
2827 817 2978 887 οἶκος
3027 825 3123 878 τοῦ
3183 824 3320 877 Θεοῦ
3369 825 3554 896 χάριτι
3609 825 3900 894 γενέσθαι

2271 913 2599 980 ἀξιωθέντες
2633 915 2722 969 διὰ
2748 916 3089 985 Πνεύματος,
3119 917 3392 987 τοσαύτην
3414 919 3556 989 ὑπὲρ
3587 916 3900 972 dura-.935-

2270 1024 2368 1079 νης
2397 1011 2476 1070 εἰς
2512 1007 2841 1080 κατάκρισιν
2879 1011 2979 1079 τῆς
3017 1009 3296 1080 άμαρτέας
3345 1009 3623 1081 ὑπομονὴν
3667 1011 3898 1063 ὲττιδεξο

2272 1099 2501 1154 κνυσθαι
2533 1098 2878 1170 παθημάτων
2897 1100 3207 1172 ὀφείλομεν,
3231 1104 3324 1155 καὶ¹
3343 1101 3418 1165 ὼς
3447 1101 3766 1173 κακούργοι
3795 1104 3899 1154 τὶν

2272 1192 2625 1263 ἑφύϐριστον,
2661 1191 2861 1261 ἀγαθοὶ
2889 1193 3281 1263 τυγχάνοντες,
3314 1193 3617 1266 προθύμως
3661 1195 3898 1263 ἀποφέ-

2275 1280 2467 1351 ρεσθαι
2515 1278 2767 1342 θάνατον,
2807 1279 2865 1331 τι
2885 1278 2954 1332 τό
2983 1279 3159 1346 τέλος
3190 1279 3311 1334 τῶν
3347 1281 3784 1336 ἀπειθούντων
3815 1281 3898 1345 τῷ

2273 1372 2382 1426 τοῦ
2410 1371 2564 1426 Θεοῦ
2590 1372 2942 1442 Εὑαγγελίῳ
2972 1388 2991 1437 ;
3028 1373 3278 1426 τουτέστι
3302 1377 3453 1426 ποῖον
3483 1374 3645 1426 ἔσται
3692 1375 3761 1426 τὺ
3797 1373 3899 1425 τέ-

2272 1459 2386 1524 λος,
2417 1460 2586 1530 ἤγουν
2619 1461 2652 1530 ἡ
2685 1459 2888 1530 κρίσις,
2930 1459 3044 1512 τῶν
3090 1461 3165 1532 μὴ
3215 1461 3380 1531 μόνον
3423 1462 3608 1526 ζῶσάν
3669 1479 3740 1516 τε
3795 1462 3898 1516 καὶ

2273 1547 2702 1619 ἐνεργουμένην,
2734 1546 2880 1600 κατά
2906 1563 2966 1600 τε
2999 1547 3182 1618 ψυχὴν
3210 1549 3306 1601 καὶ
3359 1548 3538 1619 σῶμα,
3576 1549 3798 1623 γνώμῃ
3837 1568 3898 1602 τε

2273 1638 2373 1692 καὶ
2401 1637 2562 1708 φύσει
2605 1637 2705 1708 τὴν
2746 1638 2866 1691 καθ’
2911 1638 3109 1710 ἡδονὴν
3143 1639 3240 1692 τοῦ
3303 1640 3477 1716 Ἀδάμ
3509 1643 3898 1714 κρατήσασαν

2273 1733 2375 1796 τῆς
2408 1730 2625 1800 φύσεως
2655 1730 2872 1797 γένεσιν
2906 1731 3070 1802 μέχρι
3098 1732 3286 1795 τέλους
3307 1732 3398 1786 διὰ
3430 1734 3682 1804 σπουδῆς
3715 1737 3898 1805 Em-

2272 1824 2450 1879 κότων
2471 1865 2484 1888 ,
2543 1823 2682 1878 ἀλλὰ
2733 1826 2869 1894 μήτε
2925 1825 3382 1896 προσδεξαμένων
3445 1829 3899 1897 παρακαλοῦντα

2273 1915 2366 1970 τὸν
2403 1916 2540 1970 Θεὸν
2598 1916 2694 1970 καὶ
2751 1917 2975 1987 Πατέρα
3019 1917 3090 1970 δι’
3128 1917 3260 1971 Υἱοῦ
3323 1919 3720 1988 σαρκωθέντος
3753 1937 3770 1950 ο
3819 1924 3896 1991 μή

2271 2026 2332 2062 τε
2366 2009 2474 2080 μὴν
2523 2007 2688 2061 αὑτὸν
2736 2009 2832 2062 τὸν
2891 2008 3034 2079 ὑπὲρ
3075 2009 3170 2063 τοῦ
3221 2011 3436 2082 Πατρδς
3493 2011 3897 2082 πρεσϐεύοντα

2277 2099 2507 2171 μεσίτην
2534 2100 2631 2155 καὶ
2651 2101 2804 2165 Υἱὺν,
2833 2103 2929 2155 καὶ⁵
2949 2101 3093 2173 ὑπὲρ
3115 2101 3220 2173 τῆς
3245 2105 3404 2174 ἡμῶν
3426 2105 3506 2166 εἰς
3532 2105 3628 2157 τὸν
3654 2105 3892 2176 Πατέρα

2275 2180 2650 2262 καταλλαγῆς,
2701 2193 2898 2246 ἑαυτὸν
2953 2193 3204 2264 βουλήσει
3243 2194 3338 2248 τοῦ
3389 2195 3635 2265 Πατρὸς,
3674 2197 3765 2260 εἰς
3797 2199 3894 2249 τὸν

2278 2287 2421 2358 ὑπὲρ
2448 2288 2608 2359 ἡμῶν
2640 2288 2873 2342 θάνατον
2903 2291 3044 2344 κατὰ
3071 2290 3294 2360 θέλησιν
3329 2292 3691 2364 προϊέμενον,
3739 2295 3890 2356 ὅπως

2278 2379 2345 2433 δι’
2397 2379 2592 2434 ἑαυτὸν
2636 2382 2786 2451 ἡμᾶς
2833 2381 3092 2435 τοσοῦτον
3116 2381 3341 2453 δοξάσῃ,
3370 2383 3446 2454 τῷ
3475 2383 3676 2437 κάλλει
3713 2401 3888 2438 κατα-

2243 2502 2253 2512 -
2279 2471 2578 2542 φαιδρύνας
2602 2472 2703 2542 τῆς
2739 2473 2946 2536 οἰκείας
2975 2473 3253 2544 θεότητος,
3285 2476 3408 2528 ὅσον
3441 2475 3508 2528 δι’
3534 2477 3697 2547 ἡμᾶς
3727 2479 3888 2540 αὖτὶς

2275 2561 2606 2627 κατεδέξατο
2625 2565 2737 2626 τοῖς
2765 2564 2925 2634 ἡμῶν
2963 2564 3340 2635 ἀτιμασθῆναι
3383 2565 3744 2637 παθήμασιν.

2343 2652 2448 2707 να’.
2490 2653 2714 2724 Ἐπειδὴ
2737 2656 2958 2709 πάντων
2987 2657 3098 2709 τῶν
3128 2657 3454 2728 σωζομένων
3482 2659 3702 2723 όΘεδς,
3739 2662 3891 2714 ἔσται

2275 2744 2440 2808 τόπος
2473 2745 2860 2817 ἀπερίγραφός
2905 2765 2965 2801 τε
3009 2749 3106 2802 καὶ
3145 2748 3470 2814 ἀδιάστατος
3502 2751 3600 2804 καὶ
3619 2752 3888 2824 ἄπειρος,

2278 2837 2412 2890 πᾶσι
2479 2838 2656 2891 πάντα
2720 2839 3006 2910 γινόμενος
3063 2839 3203 2894 κατὰ
3258 2842 3359 2912 τὴν
3414 2843 3732 2912 ἀναλογίαν
3789 2849 3891 2916 τῆς

2277 2927 2648 3000 δικαιοσύνης,
2686 2929 2887 3000 μᾶλλον
2915 2931 2973 2983 δὲ
3019 2930 3165 2984 κατὰ
3211 2932 3272 2984 τὺ
3325 2925 3525 3005 μέτρον
3567 2935 3690 2988 τῶν
3751 2938 3890 3006 μετὰ

2279 3018 2538 3086 γνώσεως
2594 3021 2736 3092 ὑπὲρ
2793 3021 3145 3094 δικαιοσύνης
3200 3024 3433 3079 ἐνταῦθα
3496 3026 3884 3098 παθημάτων,

585 3117 818 3173 scientia
843 3116 1248 3187 perfungimur,
1279 3115 1448 3186 598
1499 3115 1744 3184 seipsum
1792 3114 2026 3184 singulis
2069 3113 2176 3167 lar-

2282 3110 2475 3164 ἑαυτὸν
2514 3112 2734 3182 ἑκάστῳ
2755 3112 3123 3184 δωρούμενος,
3153 3115 3404 3188 καθάπερ
3433 3118 3583 3189 ψυχὴ
3621 3119 3889 3190 σώματος

585 3208 804 3279 giturus
828 3208 920 3272 sit,
959 3207 1107 3261 haud
1132 3221 1295 3262 secus
1317 3220 1382 3260 ac
1411 3204 1617 3270 anima,
1650 3219 1750 3274 pro
1775 3203 2024 3273 subjecta
2060 3201 2176 3256 cui-

586 3313 695 3369 que
725 3297 976 3354 membro
1015 3296 1296 3359 facultate,
1341 3294 1579 3364 seipsam
1614 3301 1936 3363 operantem
1968 3291 2172 3362 prodit,

586 3405 653 3445 ac
676 3388 978 3452 emcacem,
1009 3387 1175 3457 vique
1199 3401 1320 3450 sua,
1367 3383 1618 3438 membra
1660 3381 1910 3438 continet
1945 3391 2005 3435 ut
2039 3381 2172 3445 sint,

592 3491 649 3538 et
682 3481 751 3536 ad
780 3481 906 3535 vitm
949 3479 1137 3534 munia
1170 3486 1364 3548 vegeta
1406 3476 1520 3532 sint
1553 3492 1567 3528 :
1599 3475 1794 3544 impius
1847 3482 1897 3526 et
1935 3481 2178 3544 peccator

591 3575 680 3630 ubi
703 3573 962 3647 parebunt
987 3575 1072 3636 ²³,
1133 3571 1229 3641 qui
1281 3571 1387 3625 hac
1416 3569 1598 3641 gratia
1641 3567 2020 3622 deﬁciamur?
2072 3565 2177 3633 Qui

591 3665 741 3721 enim
775 3665 872 3721 Dei
917 3663 1272 3734 praesentiam
1313 3661 1639 3716 beatitatem
1683 3667 2042 3730 praestantem
2088 3675 2179 3714 ca-

593 3771 726 3828 pere
753 3769 863 3810 non
886 3755 1052 3818 valet,
1080 3753 1307 3808 ubinam
1336 3750 1577 3822 parebit,
1613 3765 1741 3805 cum
1770 3766 1802 3804 a
1829 3749 2022 3805 divina
2044 3750 2176 3814 vita,

593 3861 757 3903 omne
820 3847 1081 3902 smculum
1133 3855 1466 3915 tempusque
1512 3859 1579 3899 ac
1627 3843 1814 3898 locum
1855 3853 2176 3914 superante,

589 3953 718 3994 eum
747 3937 1019 3993 excidisse
1059 3936 1358 4008 contigerit
1378 3937 1403 3990 ?

660 4029 750 4084 52.
792 4029 896 4096 Qui
943 4028 1040 4084 Dei
1104 4027 1173 4083 a1
1231 4028 1555 4083 beatitatem
1614 4028 1785 4083 vitam
1838 4028 2182 4084 continentis

593 4137 819 4192 compos
873 4136 986 4177 non
1040 4121 1133 4186 sit,
1175 4120 1270 4190 qui
1320 4121 1440 4191 ipse
1489 4120 1647 4176 locus
1688 4119 1875 4192 dignis
1922 4119 2182 4175 omnibus

593 4222 737 4285 erit;
777 4230 1018 4287 quonam
1048 4214 1215 4270 modo
1245 4230 1366 4270 sese
1415 4213 1667 4277 habebit,
1715 4213 1806 4268 cui
1858 4213 2008 4268 Deus
2063 4213 2181 4283 ipse

595 4308 900 4364 secundum
929 4306 1212 4362 beatitatis
1248 4306 1303 4360 in
1329 4307 1442 4361 Deo
1478 4305 1888 4376 perennitatem
1918 4320 1982 4359 ac
2007 4303 2182 4358 ﬁrmi-

2282 3202 2470 3272 μέλεσι
2491 3203 2632 3257 κατὰ
2653 3203 2752 3274 τὴν
2778 3205 3150 3279 ὑποκειμένην
3184 3209 3402 3280 ἑκάστῳ
3433 3209 3588 3278 μέλει
3617 3211 3886 3284 δύναμιν,

2277 3294 2480 3365 ἑαυτὴν
2513 3294 2844 3366 ἐνεργοῦσαν
2870 3297 3226 3366 ἐκφαωουσα,
3257 3299 3355 3352 καὶ
3382 3300 3517 3370 προς
3557 3300 3622 3354 τὸ
3647 3299 3803 3357 εἶναι
3825 3305 3888 3357 δι’

2277 3387 2478 3454 ἑαυτῆς
2493 3386 2562 3439 τὰ
2588 3386 2723 3457 μέλη
2744 3388 3043 3458 συνέχουσα
3065 3389 3201 3460 πρὸς
3221 3390 3367 3461 ζωὴν
3390 3395 3886 3463 συγκρατούμεναο

2278 3478 2310 3530 ό
2340 3475 2568 3544 ἀσεϐὴς
2597 3476 2695 3530 καὶ
2731 3477 3081 3547 ἁμαρτωλὸς
3135 3479 3258 3533 ποῦ
3307 3481 3606 3550 φανεῖται,
3674 3485 3886 3556 cadet;

2277 3570 2646 3642 ἐστερημένος
2706 3572 2806 3643 τῆς
2855 3573 3114 3642 χάριτος;
3175 3573 3233 3626 '0
3283 3574 3392 3645 γὰρ
3447 3574 3523 3646 μὴ
3572 3576 3886 3648 δυνάμενος

2281 3663 2683 3744 ἐνεργουμένην
2720 3664 2820 3736 τὴν
2855 3665 2997 3718 κατὰ
3025 3665 3086 3718 τὺ
3129 3663 3191 3721 εὖ
3223 3662 3365 3721 εἶναι
3409 3666 3504 3720 τοῦ
3541 3669 3690 3722 Θεοῦ
3731 3672 3884 3737 δέξα-

2282 3754 2408 3808 σθαι
2457 3757 2786 3826 παρουσίαν,
2829 3756 2934 3810 ποῦ
2967 3761 3237 3828 φανεῖται,
3273 3762 3371 3833 τῆς
3399 3759 3555 3824 θείας
3600 3761 3763 3833 ζωῆς
3789 3765 3886 3834 τῆς

2281 3847 2422 3919 ὑπὲρ
2450 3848 2626 3902 αἰῶνα
2657 3849 2754 3903 καὶ
2783 3849 2976 3920 χρόνον
3009 3851 3105 3904 καὶ
3130 3852 3300 3905 τόπον
3333 3851 3634 3924 ὑπομείνας
3659 3854 3773 3925 τὴν
3796 3855 3886 3907 ἐκ-

2281 3956 2490 3994 πτωσιν
2510 3958 2526 4006 ;

2352 4030 2450 4101 νβ’.
2503 4032 2563 4085 ὐ
2588 4031 2680 4086 τὸν
2707 4033 2841 4086 Θεὸν
2865 4033 2966 4087 οὐκ
2993 4031 3134 4104 ἔχων
3172 4035 3310 4106 πρὸς
3353 4022 3414 4088 τὸ
3466 4030 3530 4089 εὖ
3567 4033 3722 4090 εἶναι
3773 4055 3890 4091 συν.

2283 4123 2476 4196 έχοντα
2507 4124 2606 4197 τὴν
2639 4124 2809 4197 ζωὴν,
2841 4127 2935 4180 τὸν
2968 4127 3232 4197 μέλλοντα
3264 4129 3399 4181 πᾶσι
3425 4127 3686 4196 γίνεσθαι
3718 4132 3888 4184 τόπον

2281 4219 2395 4283 τοῖς
2443 4219 2637 4284 ἀξίοις,
2683 4206 2809 4283 πῶς’
2864 4220 3042 4286 ἔσται,
3082 4220 3250 4273 τόπον
3284 4219 3449 4274 αὑτὸν
3479 4221 3584 4273 ούκ
3612 4221 3766 4292 ἔχων
3799 4225 3886 4276 τὸν

2283 4311 2417 4365 Θεὸν
2443 4311 2584 4365 κατὰ
2617 4312 2716 4382 τὴν
2739 4313 2848 4367 τῶν
2881 4310 2941 4367 εὖ
2985 4308 3128 4367 εἶναι
3163 4315 3222 4366 ὲν
3277 4313 3396 4386 Θεῷ
3450 4315 3622 4385 μονήν
3675 4333 3742 4369 τε
3799 4318 3885 4368 καὶ

597 4408 765 4454 tatem
791 4399 976 4455 desit?
1004 4398 1104 4463 Ac,
1132 4398 1178 4453 si
1208 4414 1350 4467 aegre
1383 4396 1680 4452 admodum
1715 4397 1904 4467 justus
1937 4395 2176 4450 salvabi-

2287 4401 2529 4474 ἵδρυσινς
2563 4403 2672 4456 Καὶ
2698 4405 2748 4455 επὶ
2786 4404 2923 4474 μετὰ
2975 4403 3177 4475 πολλῆς
3221 4404 3543 4477 δυσχερείας
3590 4407 3619 4457 ὁ
3677 4407 3884 4468 δίκαιος

598 4503 709 4558 tur,
741 4491 876 4563 quid
903 4491 1014 4547 erit
1047 4498 1215 4546 autve
1247 4491 1343 4545 ﬁet
1386 4489 1497 4554 illi,
1551 4489 1647 4560 qui
1696 4489 1906 4544 nullam
1959 4488 2176 4558 pietatis

2285 4493 2540 4559 σώζεται,
2563 4493 2617 4546 τί
2644 4493 2818 4552 ἔσται.
2844 4493 2949 4565 ῆτί
2973 4495 3222 4550 πείσεται
3274 4495 3544 4566 ό-μηδένα
3583 4496 3757 4568 λόγου
3800 4499 3883 4551 εὐ-

595 4593 760 4656 atque
789 4583 1034 4649 virtutis,
1069 4581 1318 4656 quandiu
1353 4582 1468 4636 vita
1504 4581 1582 4638 illi
1611 4596 1800 4637 comes
1827 4581 1962 4647 fuit,
2002 4581 2176 4636 ratio-

2287 4585 2504 4649 σεϐείας
2539 4585 2634 4638 καὶ
2672 4585 2874 4656 ἀρετῆς
2903 4588 3045 4639 κατά
3079 4586 3180 4657 τὴν
3219 4587 3501 4659 παροῦσαν
3531 4587 3692 4658 ζωὴν
3730 4607 3881 4659 mn;-

593 4692 721 4731 ncm
751 4675 983 4731 habuit?
2138 4708 2140 4710 τ

2287 4677 2522 4748 σάμενος
2540 4695 2555 4742 ;

666 4768 755 4823 55.
795 4767 944 4822 Deus
972 4764 1224 4835 quidem,
1252 4763 1561 4821 secundum
1586 4779 1755 4819 unam
1791 4762 2021 4819 inﬁnitae
2064 4762 2176 4816 vir-

2356 4775 2456 4837 νγ’.
2495 4770 2552 4821 '0
2608 4769 2704 4840 μὲν
2739 4769 2886 4832 Θεὸς
2920 4770 3066 4824 κατὰ
3117 4771 3247 4842 μίαν
3300 4768 3761 4841 άπειροδύναμον
3793 4773 3881 4840 τῆς

598 4861 732 4916 tutis
781 4856 1054 4916 bonitatis
1096 4871 1212 4912 suae
1248 4856 1593 4912 voluntatem
1617 4897 1632 4922 ,
1685 4869 1888 4929 omnes
1927 4853 2176 4918 omnino,

2285 4860 2624 4931 ἀγαθότητος
2655 4859 2934 4932 βούλησιν,
2965 4863 3173 4926 πάντας
3221 4861 3432 4926 συνέξει
3471 4863 3570 4915 καὶ
3613 4865 3882 4932 ἀγγέλους

594 4951 930 5024 angelosque
956 4956 1016 5004 et
1045 4947 1306 5004 homines
1331 4988 1345 5013 ,
1375 4947 1667 5018 bonosque
1695 4954 1754 5002 et
1781 4946 1957 5000 malos
1995 4943 2176 4999 conti-

2285 4952 2384 5005 καὶ
2426 4951 2769 5024 ἀνθρώπους,
2815 4953 3058 5021 ἀγαθούς
3105 4970 3165 5007 τε
3211 4954 3307 5006 καὶ
3358 4952 3634 5022 πονηρούς
3675 4971 3692 4986 ⁸
3747 4952 3879 5009 οὗτοι

595 5042 752 5098 nebit
795 5060 810 5099 :
849 5056 963 5097 non
1008 5049 1194 5096 tamen
1239 5052 1436 5095 omnes
1493 5038 1783 5110 aequaliter
1842 5036 2176 5108 paribusque

2285 5041 2343 5093 δὲ
2367 5041 2590 5106 πάντες,
2619 5041 2719 5095 οὐκ
2741 5042 2873 5105 ἴσως
2913 5041 3200 5112 μεθέξουσι
3222 5039 3381 5107 Θεοῦ,
3413 5041 3507 5094 τοῦ
3540 5042 3633 5096 διά

596 5130 795 5196 modis,
854 5128 1074 5186 cunctis
1120 5127 1377 5184 absolute
1422 5136 1588 5197 atque
1633 5127 1811 5182 libere
1867 5125 2176 5180 immeantis

2289 5135 2536 5207 ἀσχέτως
2557 5137 2930 5208 χωρήσαντος,
2959 5134 3076 5189 ἀλλ’
3103 5135 3384 5204 ἀναλόγως
3418 5136 3663 5200 ἑαυτοῖς.

593 5221 717 5286 Dei,
749 5227 920 5276 erunt
942 5217 1285 5291 participes;
1319 5217 1413 5273 sed
1437 5233 1538 5288 pro
1561 5233 1631 5272 eo
1660 5233 1725 5274 ac
1752 5215 1989 5288 quisque
2015 5215 2180 5270 modo

595 5313 762 5368 canit.

701 5330 762 5368 ιι.

663 5330 757 5460 ἓξ.
788 5403 895 5472 Qui
919 5403 1262 5461 voluntatem
1291 5411 1458 5474 atque
1475 5402 1720 5458 animum
1746 5417 1846 5471 per
1867 5400 2054 5454 omnia
2083 5415 2181 5453 na-

2361 5397 2452 5452 νδ’.
2487 5399 2549 5452 Οἱ
2579 5398 2676 5469 μὲν
2707 5400 2772 5470 τῇ
2807 5396 2967 5468 φύσει
3017 5398 3088 5471 (r)
3136 5398 3474 5469 φυλάξαντες
3525 5398 3619 5452 διὰ
3661 5401 3885 5454 πάντων

666 5543 710 5571 ὀ
737 5541 755 5595 1
780 5543 930 5598 Petr.
960 5559 1034 5610 tv,
1061 5543 1147 5597 17.
1229 5544 1272 5574 ἰ
1305 5543 1349 5598 ll
1381 5542 1508 5598 Cor.
1546 5559 1601 5609 ν,
1629 5541 1719 5596 20.
1802 5543 1847 5575 "
1885 5543 2027 5598 Psal.
2061 5557 2176 5606 ιτς,

2353 5540 2398 5572 ’³
2425 5539 2445 5592 1
2473 5539 2618 5594 Petr.
2648 5553 2721 5603 tv,
2755 5537 2840 5594 l8.
2915 5577 2920 5582 .

666 5653 737 5724 (r)
765 5656 830 5707 Ol
852 5653 970 5722 μὲν
997 5654 1071 5725 τῇ
1095 5656 1299 5725 φύσει.
1331 5653 1496 5725 Quod
1537 5654 1617 5708 sic
1668 5654 1779 5717 hic,
1831 5663 1888 5708 et
1916 5653 2167 5725 sequenti

598 5723 716 5791 cap.
778 5739 843 5779 ac
887 5723 1108 5794 passim
1138 5725 1289 5794 alibi,
1321 5723 1588 5778 Maximus
1634 5731 1888 5794 naturam
1944 5723 2166 5794 ingerit,

598 5794 828 5864 ejusque
858 5793 1126 5852 rationem
1158 5801 1219 5849 ut
1240 5793 1465 5850 virtutis
1497 5793 1677 5850 omnis
1702 5794 1966 5864 regulam,
1996 5807 2059 5848 ac
2077 5809 2169 5848 nc-

2281 5651 2644 5708 cessitudinis
2686 5667 2812 5706 cum
2871 5653 2984 5707 Deo
3033 5667 3326 5718 normam;
3378 5663 3438 5707 ut
3493 5661 3722 5708 tantum
3777 5657 3880 5710 Deo

2280 5724 2539 5796 uniamur
2568 5723 2884 5796 acgvirtute
2933 5722 3262 5793 fulgeamus,
3312 5725 3598 5796 simusque
3645 5739 3880 5796 capaces

2277 5804 2496 5848 mternre
2521 5793 2900 5859 beatitudinis,
2935 5801 3203 5864 quantum
3247 5794 3408 5850 nobis
3453 5808 3515 5848 ac
3546 5793 3766 5852 nostri:
3789 5812 3880 5850 vo-
