4046 6196
197 306 334 373 1329

869 308 1206 368 CAPITUM
1243 305 1669 379 QUINOUIES
1707 306 2232 368 CENTENORUM
2271 309 2662 370 CENTURIA
2699 311 2798 372 IV.

3341 309 3474 374 1330

198 418 554 491 ισονομοῦσαν
583 420 682 491 τὴν
735 420 991 492 γνώμην,
1026 422 1121 474 καὶ
1164 421 1274 474 τῶν
1321 421 1670 492 τῆςφύσεως
1700 421 1789 474 λό-

1899 429 2033 476 turae
2057 422 2386 492 aequabilem
2419 432 2804 491 servaverunt,
2832 424 3124 495 ipsumque
3152 423 3338 494 rcipsa
3379 441 3477 477 na-

192 528 305 582 γων
344 513 464 565 κατ’
495 511 775 583 ἐνέργειαν
825 512 1082 584 δεκτικὴν
1131 513 1304 582 αὐτὴν
1334 513 1782 581 καταστήσαντες

192 604 315 657 καθ’
345 604 465 657 ὅλον
498 604 590 656 τὸν
622 604 713 656 τοῦ
735 605 823 657 ἀεὶ
849 601 909 658 εὖ
928 602 1068 658 εἶναι
1096 604 1275 673 λόγον,
1301 605 1388 658 διά
1412 605 1511 674 τὴν
1534 603 1666 674 πρὸς
1689 603 1784 673 τὴν

192 697 346 750 θείαν
375 696 628 768 βούλησιν
669 697 770 767 τῆς
823 697 1051 768 γνώμης
1110 696 1431 759 εὐπάθειαν,
1476 697 1605 767 ὅλης
1660 695 1776 767 [qu.

192 787 286 842 illa
326 789 414 852 61,
457 786 615 860 ὅλως]
665 788 955 860 μεθέξουσι
989 790 1090 860 τῆς
1120 790 1478 859 ἀγαθότητος,
1512 790 1655 841 κατὰ
1684 789 1785 858 τὴν

189 881 374 943 αὑτοῖς
409 880 824 951 ἐπιλάμπουσαν
845 881 922 944 ώς
949 882 1007 934 ὲν
1035 881 1288 951 ἀγγέλοις
1320 880 1354 951 ἢ
1380 880 1455 944 ὡς
1487 881 1545 933 ὲν
1573 878 1785 950 ἀνθρώ-

191 989 317 1036 ποις
344 973 496 1026 θείαν
520 973 688 1044 ζωήν.
725 975 787 1026 υἱ
817 975 874 1027 δὲ
897 978 964 1045 τῇ
987 974 1148 1044 φύσει
1181 965 1511 1046 ποιήσαντες
1538 975 1784 1028 ἀνισονο-

194 1065 402 1134 μοῦσαν
423 1065 510 1120 διὰ
534 1067 748 1119 πάντων
772 1067 870 1136 τὴν
894 1065 1146 1138 γνώμην,
1180 1066 1274 1121 καὶ⁹
1296 1066 1406 1119 τῶν
1432 1068 1533 1138 τῆς
1561 1063 1782 1134 φύσεως

191 1157 369 1225 λόγων
416 1159 558 1212 κατά
595 1159 697 1230 τὴν
741 1160 1024 1230 ἐνέργειαν
1055 1157 1422 1229 σκεδαστικὴν
1451 1159 1623 1230 αὐτὴν
1650 1160 1784 1212 ἀπο-

190 1248 468 1315 δείξαντες
492 1248 613 1302 καθ’
645 1247 764 1302 ὂλον
780 1249 871 1302 τὸν
889 1248 980 1301 τοῦ
994 1243 1054 1302 εὖ
1073 1247 1209 1301 εἶναι
1225 1247 1399 1316 λόγον,
1420 1247 1510 1300 διά
1528 1248 1626 1320 τὴν
1648 1248 1785 1317 πρὸς

191 1340 294 1410 τὴν
331 1340 482 1394 θεεαν
529 1339 783 1412 βούλησιν
828 1341 930 1411 τῆς
967 1341 1195 1412 γνώμης
1242 1339 1620 1403 ἀντιπάθειαν,
1655 1339 1786 1411 ὅλης

192 1431 556 1486 ἐκπεσοῦνται
604 1432 704 1503 τῆς
748 1432 1106 1504 ἀγαθότητος,
1137 1431 1279 1485 κατὰ
1310 1432 1410 1496 τὴν
1453 1432 1784 1502 ἐμφαινομέ-

191 1543 295 1596 νην
320 1525 506 1588 αὐτοῖς
541 1524 678 1594 πρὸς
703 1524 763 1577 τὸ
792 1524 894 1594 φεῦ
923 1520 1062 1578 εῖναι
1092 1526 1192 1594 τῆς
1221 1523 1448 1596 γνώμης
1469 1525 1744 1577 οἰκείωσιν
1767 1538 1782 1554 ’

193 1617 320 1670 καθ’
367 1618 433 1686 ἦν
475 1619 508 1687 ή
555 1619 691 1688 πρὸς
737 1618 829 1671 τὸν
867 1617 1002 1671 Θεὸν
1049 1617 1206 1672 ἔσται
1234 1617 1342 1672 τῶν
1373 1617 1631 1670 τοιούτων
1663 1617 1782 1670 διά-

195 1723 404 1769 στασις,
421 1708 531 1759 -ούκ
557 1707 790 1776 ἑχόντων
818 1709 963 1761 κατά
982 1708 1082 1778 τὴν
1109 1709 1371 1777 πρόθεσιν
1402 1709 1499 1777 τῆς
1532 1706 1781 1777 γνώμης,

192 1801 315 1861 ταῖς
349 1799 654 1869 ἐνεργείαις
681 1799 790 1852 τῶν
822 1799 1068 1869 ἀγαθῶν,
1100 1801 1191 1853 τὸν
1215 1800 1310 1854 τοῦ
1341 1797 1400 1854 εὖ
1450 1797 1590 1854 εἶναι
1626 1799 1781 1868 λόγον
1817 1787 1856 1842 Β

195 1889 654 1960 ζωογονούμενον,
689 1889 815 1944 καθ’
859 1891 918 1946 ὃν
968 1893 1001 1963 ἡ
1055 1890 1175 1947 θεία
1230 1892 1343 1964 ζωὴ
1405 1893 1782 1964 διαφαίνεσθαι

197 1978 436 2048 πέφυκε.

268 2165 361 2215 νε’.
389 2160 562 2230 Ζυγὸς
581 2162 679 2232 τῆς
706 2162 936 2217 ἑκάστου
960 2163 1185 2236 γνώμης
1213 2163 1528 2219 ἐσταικατά
1556 2165 1654 2235 τὴν
1669 2166 1790 2235 κρί-

202 2251 462 2322 σιν,ότῆς
479 2251 882 2320 φύσεωςλόγος,
911 2255 1009 2324 τὴν
1045 2255 1188 2326 πρὸς.
1213 2255 1274 2308 τὸ
1304 2255 1427 2325 φεῦ,
1458 2255 1492 2325 ἢ
1526 2251 1585 2309 εὖ
1619 2257 1790 2327 αὐτῆς

200 2342 492 2413 διελέγχων
517 2344 752 2414 κίνησιν,
773 2345 896 2398 καθ’
923 2346 989 2416 ἢν
1023 2347 1056 2416 ή
1085 2346 1184 2416 τῆς
1207 2346 1358 2410 θείας
1391 2347 1536 2418 ζωῆς
1572 2348 1791 2419 μέθεξις

201 2434 236 2504 ἦ
258 2433 523 2504 ἁμεθεξὶα
559 2434 806 2504 γίνεσθαι
843 2437 1078 2507 πέφυκε.
1111 2439 1266 2492 Κατά
1293 2440 1402 2512 γὰρ
1432 2439 1491 2493 τὸ
1519 2436 1659 2494 εἶναι
1694 2442 1787 2494 καὶ

203 2525 292 2578 ἀεὶ
321 2521 481 2590 εἶναι,
511 2526 720 2591 πάντας
753 2527 963 2593 συνέξει
995 2529 1186 2601 παρὼν
1215 2533 1241 2584 ό
1275 2530 1406 2595 Θεός
1433 2548 1446 2562 ⁸
1477 2533 1617 2587 κατὰ
1644 2534 1702 2587 δὲ
1728 2535 1788 2588 τὸ

203 2618 292 2671 ἀεὶ
317 2614 376 2672 εὖ
405 2612 571 2686 εἶναι,
603 2620 799 2690 μόνους
841 2621 1158 2693 ἰδιοτρόπως
1208 2625 1333 2688 τοὺς
1375 2625 1586 2695 ἁγίους,
1619 2628 1789 2696 ἀγγέ-

203 2709 329 2774 λους
355 2729 416 2765 τε
444 2713 538 2766 καὶ
565 2712 911 2784 ἀνθρώπους,
946 2715 1009 2766 τὸ
1039 2717 1127 2769 ἀεὶ
1169 2715 1274 2786 φεῦ
1328 2714 1492 2782 εἶναι,
1548 2722 1661 2783 τοῖς
1717 2719 1791 2791 μὴ

203 2806 468 2870 τοιούτοις
500 2808 575 2872 ώς
600 2809 827 2879 γνώμης
865 2811 1078 2901 καρπὸν
1117 2814 1278 2884 ἀφεὶς
1331 2814 1790 2886 ἐπικιρνώμενον.

1887 523 2024 568 tura:
2059 515 2336 569 rationum
2363 530 2621 585 capacem
2641 517 2798 587 juxta
2829 532 3049 571 omnem
3073 517 3214 572 bene
3248 515 3469 571 essendi

1887 606 2157 661 rationem
2191 606 2576 685 reddiderunt,
2603 606 2678 669 ob’
2705 608 2875 662 animi
2899 623 2964 663 ac
2999 608 3303 664 voluntatis
3346 623 3473 662 cum

1884 696 2071 752 divina
2095 698 2384 754 voluntate
2412 699 2857 755 convenientiam
2875 739 2889 764 ,
2927 697 3130 754 divinae
3150 698 3332 754 omnis
3372 697 3474 752 bo-

1885 788 2099 855 nitatis,
2145 805 2246 860 pro
2291 790 2494 846 divinae
2525 791 2580 846 in
2611 792 2695 846 eis
2726 790 2874 857 vitm,
2918 800 2980 846 ut
3035 791 3088 846 in
3121 791 3335 862 angelis
3379 800 3477 844 aut

1886 882 1942 936 in
1969 882 2291 938 hominibus
2321 883 2615 948 elucentis,
2674 882 2911 947 ratione,
2953 892 3121 940 erunt
3146 882 3471 952 participes.

1885 974 1990 1042 Qui
2017 991 2154 1031 vero
2183 992 2284 1047 per
2306 977 2493 1031 omnia
2514 974 2906 1045 inaequabilem
2933 975 3282 1028 voluntatem
3307 984 3474 1042 atque

1885 1069 2132 1123 animum
2190 1075 2402 1123 naturae
2455 1067 2864 1131 reddiderunt,
2912 1075 3232 1135 natum-que
3291 1065 3474 1133 reipsa

1888 1160 2135 1214 rationes
2164 1159 2526 1229 dissipantem
2555 1160 2709 1230 juxta
2743 1173 2963 1213 onmem
2992 1158 3134 1212 bene
3163 1172 3340 1226 exque
3367 1156 3477 1208 vir-

1887 1259 2004 1305 tute
2035 1251 2257 1305 cssendi
2299 1251 2571 1306 rationem
2628 1250 3004 1306 exhibuerunt
3031 1291 3045 1315 ,
3084 1249 3154 1303 ob
3191 1247 3362 1302 animi
3411 1263 3476 1301 ac

1885 1343 2190 1397 voluntatis
2223 1357 2350 1397 cum
2376 1342 2563 1397 divina
2587 1343 2875 1398 voluntate
2911 1340 3472 1402 disconvenientiam,

1885 1433 2153 1488 bonitatis
2192 1432 2866 1504 omnisjacturam,juxta
2907 1432 3227 1486 elucentem
3274 1430 3329 1483 in
3371 1430 3471 1492 eis,

1885 1543 2012 1582 cum
2053 1527 2161 1581 hoc
2187 1526 2334 1596 quod
2363 1532 2448 1580 cst
2477 1525 2618 1579 male
2645 1524 2956 1594 misereque
2983 1539 3127 1587 esse,
3170 1523 3476 1577 voluntatis

1884 1617 2166 1688 animique
2199 1617 2692 1682 necessitudinem,
2723 1617 2930 1672 facient
2956 1633 2971 1681 ;
3002 1631 3132 1684 qua,
3158 1631 3352 1669 eorum
3378 1615 3475 1684 qui

1885 1708 2161 1781 ejusmodi
2201 1715 2353 1771 sunt,
2388 1708 2498 1762 crit
2525 1723 2650 1761 cum
2684 1707 2796 1761 Deo
2831 1706 3135 1760 divortium
3170 1706 3475 1777 scjunctio-

1885 1817 2025 1872 que;
2066 1801 2270 1871 quibus
2297 1815 2496 1870 nempe
2528 1798 2673 1854 desit
2700 1797 2904 1852 mentis
2933 1796 3220 1868 proposito
3249 1837 3265 1862 ,
3314 1796 3476 1850 bonis

1886 1893 2151 1965 operibus
2202 1892 2390 1948 vivida
2444 1891 2746 1962 vigensque
2809 1889 2952 1944 bene
3002 1887 3227 1944 essendi
3290 1887 3472 1951 ratio,

1887 1983 2195 2040 secundum
2212 1997 2375 2052 quam
2395 1981 2598 2036 divina:
2615 1980 2739 2035 vitae
2763 1979 2946 2035 exseri
2967 1987 3348 2050 comparatum
3368 1987 3471 2042 cst,

1888 2091 1952 2130 ac
1980 2073 2389 2144 splendescere.

1959 2167 2049 2222 55.
2081 2164 2363 2236 Cujusque
2390 2165 2694 2219 voluntatis
2732 2163 2937 2217 trutina
2970 2163 3025 2216 in
3053 2163 3267 2234 judicio
3290 2161 3475 2214 futura

1887 2269 1974 2316 est
2029 2267 2245 2314 natura:
2294 2257 2476 2323 ratio,
2546 2258 2667 2328 cjus
2726 2256 2994 2310 nimirum
3036 2253 3200 2324 599
3246 2254 3315 2307 ad
3370 2253 3475 2306 huc

1888 2351 2036 2421 quod
2084 2361 2169 2406 est
2199 2349 2338 2404 male
2371 2365 2496 2403 esse
2526 2358 2623 2402 aut
2669 2348 2810 2402 bene
2843 2355 3053 2400 motum
3085 2360 3360 2416 arguens;
3409 2359 3477 2399 ex

1887 2446 2048 2516 cujus
2077 2444 2292 2498 ratione
2325 2452 2439 2506 est,
2473 2449 2536 2496 ut
2563 2440 2764 2496 divina:
2807 2441 2933 2495 vitae
2962 2439 3263 2510 participes
3302 2437 3478 2493 simus

1887 2547 1984 2594 aut
2022 2537 2359 2607 inexpertes.
2390 2535 2675 2601 Quatenus
2693 2534 2840 2588 enim
2871 2533 2983 2588 sint
3003 2547 3068 2588 ac
3098 2547 3318 2602 semper
3342 2531 3475 2593 sint,

1887 2644 2135 2700 praesens
2164 2629 2310 2682 Deus
2347 2641 2542 2682 omnes
2586 2624 2901 2680 continebit
2942 2665 2955 2677 .
3006 2634 3066 2677 ut
3101 2632 3287 2678 autem
3335 2623 3478 2678 bene

1891 2737 2112 2792 semper
2174 2719 2286 2775 illis
2337 2719 2410 2774 sit
2447 2733 2511 2772 ac
2555 2727 2830 2788 perpetua
2871 2715 3134 2771 beatitate
3189 2715 3477 2779 fruantur,

1892 2813 2162 2886 peculiari
2191 2813 2459 2867 duntaxat
2493 2810 2707 2865 ratione
2739 2817 2979 2874 sanctos,
3016 2810 3242 2880 angelos
3272 2809 3481 2879 pariter

202 2907 371 2970 atque
406 2901 686 2969 homines;
725 2904 816 2969 iis,
845 2904 939 2974 qui
963 2921 1073 2961 non
1122 2909 1399 2978 ejusmodi
1459 2910 1684 2972 fuerint,
1760 2919 2024 2980 tanquam
2069 2921 2265 2962 eorum
2309 2904 2480 2960 animi
2529 2919 2593 2958 ac
2635 2903 2942 2957 voluntatis
3007 2901 3285 2962 fructum.
3330 2917 3479 2956 com-

205 2993 431 3048 mistum
475 2995 816 3066 relinquens,
852 3006 912 3052 ut
945 2999 1030 3054 eis
1055 3014 1273 3070 semper
1302 3003 1445 3057 male
1480 3005 1570 3058 sit.

275 3089 383 3154 νς’.
434 3089 508 3142 Ού
549 3091 919 3160 συνεπάγεται
965 3095 1031 3163 τῇ
1082 3095 1228 3149 κατά
1259 3096 1422 3165 φύσιν
1460 3099 1570 3152 τῶν
1605 3099 1662 3166 ἐξ
1714 3093 1788 3153 ὧν
1817 3104 1859 3162 C

210 3179 540 3251 συνέστηκεν
573 3183 878 3253 ἑτερότητι,
907 3184 1004 3238 καὶ
1034 3185 1134 3257 τὴν
1174 3187 1300 3241 καθ’
1347 3189 1648 3244 ὑπόστασιν
1678 3190 1792 3243 δια-

206 3271 382 3342 φορὰν
415 3271 476 3324 τὺ
504 3274 803 3345 μυστήριον
834 3277 935 3347 τῆς
969 3275 1121 3340 θείας
1151 3279 1486 3351 σαρκώσεως
1508 3296 1521 3309 ·
1561 3281 1624 3335 τὸ
1665 3282 1788 3352 μὲν,

209 3367 296 3419 ⁶ἰνα
331 3367 406 3438 μὴ
432 3368 753 3439 προσθήκην
789 3369 927 3442 λάϐῃ
958 3371 1020 3424 τὸ
1059 3373 1161 3443 τῆς
1190 3373 1420 3446 Τριάδος
1453 3379 1787 3447 μυστήριονο

208 3459 270 3513 τδ
295 3457 369 3525 δὲ,
405 3460 492 3513 ἵνα
526 3460 695 3532 μηδὲν
788 3465 854 3534 τῇ
901 3462 1117 3534 θεότητι
1148 3467 1290 3520 κατὰ
1324 3467 1486 3535 φύσιν
1531 3468 1794 3538 ὁμογενὲς

209 3550 302 3602 καὶ
339 3551 647 3621 ὁμοούσιον.
676 3553 782 3607 Δύο
827 3554 937 3627 γὰρ
999 3555 1216 3624 φύσεων
1278 3557 1414 3628 πρδς
1468 3557 1790 3622 ὑπόστασιν,

209 3641 328 3694 ἀλλ’
359 3642 421 3696 οὐ
458 3645 594 3717 πρὸς
630 3645 792 3716 φύσιν
832 3647 960 3716 μίαν
1005 3648 1197 3716 γέγονε
1255 3648 1512 3712 σύνοδος·
1568 3650 1656 3702 ἵνα
1695 3650 1794 3703 καὶ

209 3732 272 3786 τὸ
300 3732 425 3788 καθ’
447 3735 748 3790 ὑπόστασιν
779 3736 839 3790 ἓν
869 3739 933 3790 ἐκ
961 3737 1072 3791 τῶν
1091 3737 1350 3810 ἀλλήλαις
1366 3739 1792 3810 συνδραμουσῶν

212 3823 430 3894 φύσεων
461 3827 648 3900 δειχθῇ
677 3829 820 3883 κατά
841 3829 941 3902 τὴν
967 3830 1164 3884 ἕνωσιν
1198 3831 1662 3902 ἀποτελούμενον,
1695 3835 1790 3888 καὶ

211 3917 274 3970 τὸ
309 3917 564 3991 διάφορον
586 3920 697 3974 τῶν
732 3922 1096 3976 συνελθόντων
1123 3922 1260 3994 πρὸς
1287 3921 1386 3992 τὴν
1426 3923 1794 3981 ἀδιάσπαστον

211 4007 408 4064 ἕνωσιν
441 4010 584 4066 κατὰ
608 4013 708 4084 τὴν
739 4015 976 4085 φυσικὴν
1014 4013 1259 4085 ἰδιότητα
1288 4015 1577 4086 πιστευθῇ,
1612 4019 1796 4087 πάσης

213 4099 372 4168 ἐκτὸς
399 4103 563 4175 μένον
588 4105 802 4177 τροπῆς
830 4105 923 4158 καὶ
958 4105 1293 4177 συγχύσεως.

282 4277 382 4342 νζν.
412 4279 488 4332 Οὐ
511 4277 744 4349 λέγομεν
761 4279 854 4333 ἐπὶ
874 4281 1111 4353 Χριστοῦ
1133 4281 1396 4353 διαφορὰν
1420 4285 1794 4353 ὑποστάσεων,

213 4369 298 4423 ὅτι
327 4369 503 4443 Τριάς
536 4371 850 4444 μεμένηκεν
883 4375 916 4444 ή
946 4372 1140 4444 Τριάς,
1171 4377 1266 4428 καὶ
1291 4376 1670 4447 σαρκωθέντος
1697 4378 1794 4432 τοῦ

213 4460 410 4532 Λόγου,
445 4462 766 4536 προσθήκης
802 4465 1097 4537 προσώπου
1145 4467 1206 4522 ού
1252 4469 1700 4541 προσγενομένης
1725 4472 1792 4542 τῇ
1831 4451 1872 4506 θ

214 4556 349 4630 ἁγίᾳ
386 4557 580 4628 Τριάδι
607 4556 695 4612 διὰ
717 4557 817 4630 τὴν
845 4558 1124 4630 σάρκωσιν
1145 4577 1159 4592 ·
1203 4559 1436 4631 λέγομεν
1478 4560 1536 4614 δὲ
1575 4561 1796 4632 φύσεων

211 4648 499 4722 διαφορὰν,
529 4649 615 4704 ἴνα
657 4649 732 4723 μὴ
762 4649 842 4722 τῷ
871 4651 1032 4723 Λόγῳ
1081 4652 1223 4707 κατά
1256 4652 1356 4725 τὴν
1397 4653 1561 4725 φύσιν
1597 4655 1796 4726 ὀμοού-

215 4756 334 4794 σιον
361 4739 460 4812 τήν
500 4742 679 4813 σάρκα
705 4741 1120 4815 πρεσϐεύωμεν.

291 4831 392 4905 νη’.
444 4834 502 4887 '0
555 4834 628 4907 μὴ
684 4834 861 4905 λέγων
916 4836 1132 4906 φύσεων
1183 4837 1470 4910 διαφορὰν,
1520 4840 1622 4894 οὐκ
1682 4839 1796 4911 ἔχει

212 4925 384 4980 πόθεν
441 4926 820 4980 πιστώσασθαι
860 4929 962 4999 τὴν
1007 4929 1088 4982 ὅτι
1121 4929 1313 4998 γέγονε
1358 4931 1498 5003 σὰρξ
1542 4934 1571 4986 ό
1625 4932 1797 5001 Λόγος

213 5018 339 5090 δίχα
383 5019 594 5090 τροπῆς
637 5019 967 5090 ὁμολογιανο
1027 5021 1102 5092 μὴ
1146 5021 1432 5090 γινώσκων
1489 5023 1797 5094 σωζόμενον

215 5111 360 5165 κατά
409 5110 508 5181 τὴν
559 5110 722 5180 φύσιν
775 5112 835 5164 ὲν
885 5115 952 5184 τῇ
999 5115 1098 5184 μιᾷ
1132 5114 1228 5169 τοῦ
1271 5116 1387 5180 ἐνὸς
1421 5116 1660 5188 Χριστοῦ
1703 5119 1799 5173 καὶ

290 5295 306 5317 ‘
335 5292 417 5351 Cf.
451 5292 518 5349 ad
548 5293 706 5350 Thal.
738 5309 793 5364 q.
822 5293 910 5348 62.

218 5462 420 5519 luntati
451 5476 575 5516 cum
604 5468 816 5515 naturae
843 5459 1156 5514 rationibus
1202 5461 1522 5515 convenerit
1546 5479 1559 5527 ;
1595 5463 1664 5518 de
1688 5479 1789 5518 na-

218 5541 344 5588 tura
372 5540 560 5586 sanata
580 5541 635 5586 et
655 5530 904 5585 instituta
929 5547 1027 5600 per
1053 5531 1304 5601 gratiam,
1335 5531 1560 5586 omnino
1581 5533 1789 5588 intelli-

219 5604 462 5673 gendum
510 5601 714 5657 nonde
765 5602 881 5670 ipsa
903 5600 1174 5673 quatenus
1209 5600 1266 5673 in
1290 5601 1448 5655 nobis
1495 5619 1560 5656 ex
1606 5614 1789 5658 trans-

221 5671 507 5741 gressione
552 5689 649 5743 pro
677 5680 903 5743 peccato
928 5671 1195 5743 inolevit:
1237 5671 1304 5727 de
1337 5681 1530 5726 natura
1567 5675 1789 5728 (lemqu

224 5743 402 5811 qualis
425 5759 452 5797 a
489 5741 597 5798 Deo
633 5743 852 5799 condita
883 5742 1006 5808 fuit,
1031 5741 1266 5814 imagine
1297 5754 1487 5800 ornata
1533 5757 1585 5800 et
1635 5745 1791 5800 simi~

1963 3094 2051 3148 56.
2085 3092 2295 3147 Divina:
2344 3089 2746 3146 incarnationis
2799 3088 3158 3161 mysterium,
3220 3102 3332 3141 non
3374 3102 3482 3142 una

1895 3201 2022 3240 cum
2043 3199 2261 3248 eorum,
2288 3200 2354 3238 ex
2383 3183 2588 3253 quibus
2613 3191 2846 3243 constat,
2876 3180 3116 3236 naturali
3137 3179 3481 3243 diversitate,

1895 3277 2062 3334 etiam
2109 3277 2462 3347 personalem
2514 3275 2683 3330 infert
2733 3274 3150 3329 distinctionem
3193 3289 3206 3326 :
3245 3272 3482 3326 alterum

1895 3370 2120 3442 quidem
2147 3411 2161 3436 ,
2191 3380 2252 3424 ut
2289 3369 2503 3424 nullum
2550 3367 2842 3422 Trinitatis
2893 3367 3218 3439 mysterium
3270 3365 3486 3420 addita-

1895 3472 2145 3517 mentum
2174 3461 2447 3530 accipiat;
2479 3459 2717 3514 alterum
2754 3474 2910 3522 vero,
2945 3467 3006 3511 ut
3052 3455 3192 3511 nihil
3238 3471 3339 3526 per
3382 3470 3484 3509 na-

1895 3562 2076 3608 turam
2119 3551 2315 3605 dcitati
2371 3557 2819 3620 congencrumct
2869 3546 3342 3603 consubstantiale
3389 3560 3484 3601 ex-

1894 3643 2072 3697 sistat.
2104 3642 2232 3696 Duee
2246 3642 2394 3695 enim
2421 3649 2634 3696 natura:
2653 3640 2708 3695 in
2731 3654 2897 3694 unam
2926 3653 3221 3711 personam
3241 3636 3481 3697 coivere.

1895 3751 2007 3789 non
2056 3735 2113 3788 in
2167 3749 2334 3788 unam
2374 3740 2653 3797 naturam,
2685 3740 2746 3786 ut
2781 3741 2898 3786 tum
2947 3727 3262 3801 personalis
3304 3727 3486 3781 unitas

1895 3841 1962 3882 ex
2016 3836 2344 3880 naturarum
2394 3824 2542 3879 inter
2601 3838 2659 3878 se
2716 3839 2991 3879 concursu
3036 3839 3137 3892 per
3180 3821 3484 3876 unitionem

1897 3927 2228 3991 patesceret,
2254 3928 2371 3974 tum
2405 3919 2866 3974 concurrentium
2899 3916 2968 3972 ad
3001 3916 3295 3972 indivisam
3329 3915 3487 3970 unio-

1895 4029 2022 4069 nem
2069 4013 2305 4068 naturali
2362 4011 2704 4082 prOprietate
2780 4011 3073 4066 distinctio
3102 4051 3118 4075 ,
3166 4018 3322 4065 extra
3363 4025 3485 4064 om-

1896 4123 2026 4178 nem
2060 4106 2426 4162 mutationem
2449 4120 2515 4159 ac
2567 4105 2957 4160 confusionem
3006 4105 3328 4160 crederetur
3376 4121 3487 4158 ma-

1899 4217 2054 4257 nere.

1972 4294 2060 4350 5'7.
2110 4294 2481 4350 Personarum
2529 4295 2587 4348 in
2617 4293 2841 4348 Christo
2871 4291 3292 4347 distinctionem
3335 4290 3486 4345 haud

1899 4386 2158 4453 dicimus,
2195 4386 2344 4458 quod
2375 4386 2621 4442 Trinitas
2677 4385 2922 4440 Trinitas
2947 4383 3234 4448 manserit,
3270 4391 3488 4453 postea-

1899 4467 2066 4550 quam
2092 4477 2260 4534 etiam
2290 4479 2535 4535 Verbum
2562 4493 2785 4553 carnem
2826 4476 3167 4546 assumpsit;
3225 4475 3377 4529 nulla
3420 4489 3489 4528 ex

1895 4569 2280 4624 incarnatione
2313 4577 2520 4627 sancta:
2541 4569 2801 4623 Trinitati
2846 4568 2988 4622 facta
3025 4583 3274 4638 persona:
3305 4582 3490 4622 acces-

1891 4659 2070 4714 sione.
2130 4657 2468 4713 Naturarum
2525 4667 2709 4713 tamen
2758 4658 3178 4713 distinctionem
3225 4657 3485 4720 dicimus,

1892 4768 1964 4807 ne
1994 4767 2220 4807 carnem
2250 4751 2438 4808 Verbo
2467 4751 3008 4806 consubstantialem
3057 4751 3380 4805 sentiamus.

1966 4843 2054 4898 58.
2085 4843 2190 4910 Qui
2223 4853 2545 4898 naturarum
2575 4844 2996 4898 distinctionem
3035 4858 3147 4897 non
3174 4841 3484 4912 proﬁtetur,

1904 4951 2016 4991 non
2043 4935 2211 4990 habet
2243 4937 2388 4991 unde
2415 4943 2633 4991 astruat
2665 4935 2816 5006 quod
2845 4934 3087 4991 Verbum
3116 4934 3323 4989 factum
3361 4950 3486 4991 car-

1905 5041 2055 5090 nem,
2104 5025 2245 5081 citra
2294 5042 2515 5081 onmem
2552 5026 2921 5080 mutationem
2963 5023 3336 5090 confitemur;
3389 5023 3486 5094 qui

1905 5133 2105 5190 nempe
2152 5134 2263 5175 non
2314 5119 2605 5191 intelligat,
2654 5119 2749 5173 uni
2805 5117 2972 5174 unius
3013 5117 3113 5172 Dei
3167 5131 3232 5173 ac
3277 5115 3486 5172 Christi

1926 5461 2174 5526 litudine,
2204 5462 2258 5515 in
2281 5477 2389 5532 qua
2419 5459 2591 5516 divini
2621 5461 2908 5532 elucerent
2953 5461 3332 5532 characteres,
3357 5475 3484 5532 non

1900 5533 1990 5588 cui
2026 5532 2264 5587 obducta
2289 5530 2353 5585 ex
2387 5538 2615 5600 peccato
2638 5531 2933 5585 brutorum
2976 5531 3095 5601 ipsa
3119 5531 3266 5600 πάθη
3313 5530 3484 5601 (libi-

1900 5605 2058 5658 dines
2077 5601 2332 5672 scilicet).
2358 5603 2582 5672 virtutis
2604 5603 2757 5656 cultu
2779 5617 2844 5656 ac
2865 5602 3260 5672 exercitatione
3278 5618 3309 5656 a
3327 5601 3490 5672 nobis

1900 5673 2250 5736 excutienda,
2281 5670 2341 5726 ut
2361 5671 2550 5726 divina
2575 5673 2628 5726 in
2652 5672 2813 5725 nobis
2836 5673 3178 5727 instauretur
3207 5670 3490 5741 \‘ila,quod

1905 5761 2012 5799 non
2038 5745 2199 5798 aliter
2231 5743 2519 5810 habemus,
2561 5758 2724 5812 quam
2747 5742 2954 5798 Christi
2984 5743 3184 5816 gratia.
