4046 6196
557 292 692 365 i331

1718 300 1785 360 S.
1827 297 2118 360 MAXIM!
2156 296 2669 361 CONFESSORIS

3711 287 3867 367 ιστὶὲ

556 420 834 482 personae,
865 414 992 477 post
1019 407 1285 464 unionem
1320 415 1523 462 natura
1553 417 1808 478 perstare
1835 405 2144 473 incolume,
2178 459 2184 470 ε

2291 409 2391 463 θεοῦ
2424 410 2682 481 Σωτῆρος
2710 403 3012 463 ὑποστάσει
3042 402 3181 474 μετὰ
3205 401 3304 477 τήν
3332 403 3551 492 ἐνωσιν,
3578 402 3649 458 τὸ
3673 417 3863 475 προσο

559 495 616 555 id
633 494 784 566 quod
809 494 1112 564 assumpsit
1137 503 1197 550 et
1225 495 1378 566 quod
1412 504 1763 567 assumptum
1794 503 1901 553 est.

633 588 722 644 59.
741 586 878 643 Cum
902 587 1088 643 carnis
1102 586 1398 645 inChristo
1411 604 1476 645 ac
1491 589 1718 646 dcitatis
1736 598 1862 661 post
1877 589 2147 647 unionem

560 685 793 734 exsustat
820 678 1110 735 distinctio
1129 680 1256 750 (nec
1272 681 1422 737 enim
1447 680 1625 737 deitas
1648 690 1705 737 et
1720 697 1850 738 caro
1868 680 2015 737 idem
2043 696 2148 735 un-

563 787 729 841 quam
751 772 1128 829 essentialiter
1147 774 1462 846 exsistant),
1487 773 1635 834 haud
1657 767 1934 845 quaquam
1954 787 2152 829 eorum

564 878 687 933 quas
709 873 1098 921 convenerunt
1116 865 1260 922 laeta
1280 865 1414 922 unio
1432 874 1538 932 cst,
1562 874 1622 923 ut
1656 881 1767 921 una
1790 863 2152 922 constituere-

565 962 659 1009 tur
677 963 914 1023 natura;
938 955 1036 1012 sed
1056 964 1116 1012 ut
1136 973 1244 1012 una
1271 973 1530 1028 persona,
1550 973 1721 1031 penes
1746 973 1911 1028 quam
1940 955 2149 1012 nullam

566 1046 684 1101 ullo
704 1049 869 1103 modo
882 1048 1299 1105 distinctionem
1318 1050 1374 1105 in
1384 1048 1956 1107 Christoinvcnimus.
1970 1049 2154 1118 Quan-

569 1147 686 1193 tum
714 1140 862 1194 enim
883 1140 951 1195 ad
985 1156 1296 1210 personam,
1325 1142 1573 1199 Verbum
1603 1142 1749 1197 idem
1771 1152 1857 1198 est
1891 1158 2015 1198 cum
2054 1157 2156 1199 sua

569 1242 759 1283 carne.
781 1227 899 1294 Qua
914 1229 1061 1284 enim
1081 1230 1297 1287 ratione
1314 1232 1482 1293 ullam
1502 1247 1733 1307 prorsus
1754 1232 2013 1288 Christus
2028 1247 2155 1288 cum

569 1334 670 1375 sua
709 1337 875 1376 carne
910 1322 1328 1380 distinctionem
1363 1323 1631 1390 admittit,
1676 1340 1850 1382 unum
1900 1341 2028 1381 cum
2055 1341 2156 1381 sua

571 1428 737 1468 carne
754 1414 905 1471 omni
922 1415 1087 1472 modo
1104 1432 1227 1473 esse
1238 1416 1466 1489 nequit:
1490 1433 1599 1488 qua
1621 1432 1755 1472 vero
1773 1419 1980 1472 nullam
1997 1432 2157 1488 pror-

574 1521 672 1560 sus
712 1506 1129 1565 distinctionem
1160 1510 1428 1577 admittit,
1475 1526 1646 1565 unum
1681 1510 1771 1581 pie
1813 1512 1965 1568 omni
1996 1510 2162 1568 modo

571 1598 740 1670 600
767 1615 987 1670 semper
1020 1601 1076 1656 in
1098 1617 1167 1657 eo
1199 1603 1293 1668 sit,
1328 1603 1508 1674 deque
1536 1606 1632 1660 illo
1658 1603 1771 1659 diei
1802 1601 2083 1658 debuerit.

648 1691 739 1747 60.
773 1692 938 1748 Fides
964 1694 1084 1765 spei
1127 1695 1470 1753 adminiculo
1524 1696 1832 1768 perfectam
1884 1695 1941 1750 in
1987 1695 2162 1750 Deum

576 1783 910 1840 cllaritatem
941 1786 1275 1853 constituit;
1331 1766 1588 1858 bonaque
1624 1786 1990 1851 conscientia,
2039 1802 2163 1857 qua:
2197 1766 2236 1821 Β

577 1892 709 1947 erga
732 1876 1048 1946 proximum
1074 1877 1317 1935 cbaritas
1344 1886 1453 1944 est,
1486 1878 1876 1937 mandatorum
1905 1878 2167 1934 observa-

579 1966 735 2021 tione
762 1966 956 2039 fulget.
993 1967 1144 2023 Bona
1177 1969 1327 2025 enim
1360 1970 1740 2037 conscientia,
1771 1970 1922 2041 quod
1941 1980 2169 2027 accuset

580 2060 904 2117 mandatum
938 2078 1050 2116 non
1077 2062 1267 2130 habet,
1310 2063 1519 2120 idcirco
1559 2064 1711 2135 quod
1760 2065 2030 2120 violatum
2084 2066 2167 2120 fa-

583 2159 851 2222 ctumque
907 2153 1130 2209 irritum
1163 2154 1256 2210 sit.
1290 2155 1401 2212 Has
1444 2165 1631 2212 autem
1660 2171 1857 2212 eorum
1904 2158 2170 2213 duntaxat

583 2244 805 2301 animus
840 2245 1083 2303 creditas
1113 2248 1373 2321 accipiat,
1424 2250 1520 2321 qui
1553 2264 1701 2307 verae
1758 2250 1959 2307 salutis
2020 2250 2172 2308 desi-

584 2336 744 2393 derio
776 2338 1003 2410 fulgeat.

659 2430 749 2486 6i.
785 2431 936 2487 Nihil
963 2433 1204 2490 celerius
1235 2449 1402 2505 quam
1432 2434 1660 2492 credere
1687 2454 1702 2504 ;
1737 2451 1842 2493 nec
1867 2436 2173 2509 quidquam

587 2522 831 2591 facilius,
865 2540 1031 2596 quam
1054 2533 1117 2581 ut
1145 2526 1269 2598 ejus
1294 2527 1446 2598 quod
1473 2528 1785 2585 credideris
1808 2529 2044 2601 gratiam
2076 2543 2173 2583 ore

590 2612 930 2670 confitearis.
978 2614 1113 2672 Nam
1147 2615 1283 2672 illud
1312 2615 1562 2687 quidem,
1612 2617 1917 2673 animatam
1956 2618 2173 2673 vivam-

590 2718 701 2775 quc
734 2706 856 2777 ejus
894 2705 989 2776 qui
1037 2705 1277 2763 credidit
1321 2723 1453 2779 erga
1499 2716 1787 2765 auctorem
1845 2708 2177 2777 charitatem

592 2794 878 2863 ostendit;
937 2795 1088 2851 istud
1136 2811 1271 2852 vero
1300 2837 1317 2863 ,
1365 2798 1513 2868 piam
1570 2813 1638 2854 ac
1682 2797 2001 2871 religiosam
2047 2813 2179 2871 erga

594 2888 913 2959 proximum
945 2887 1321 2947 all'ectionem.
1360 2888 1538 2946 Porro
1565 2891 1811 2947 eharitas
1849 2890 2179 2962 sinceraque

596 2979 823 3037 an‘ectio
850 2980 1008 3053 (fides
1031 2981 1245 3037 scilicet
1289 2981 1543 3054 bonaque
1574 2982 1940 3055 conscientia)
1971 2983 2179 3039 occulti

2246 502 2411 557 λαϐὸν
2444 501 2539 557 καὶ
2563 501 2624 555 τὸ
2647 499 3150 572 προσειλημμένον.

2319 595 2417 651 νϐ’.
2453 596 2516 649 Εἰ
2547 593 2749 666 σαρκὸς
2779 595 2839 647 ἐν
2874 591 3098 667 Χριστῷ
3131 591 3229 648 καὶ
3264 590 3521 663 θεότητος
3558 587 3712 660 μετὰ
3751 588 3863 658 τὴν

2249 689 2444 744 ἕνωσιν
2473 687 2711 759 ὑπάρχει
2742 686 2977 757 διαφορὰ
3007 684 3152 741 κατὰ
3175 684 3337 756 φύσιν
3359 701 3374 716 ·
3401 682 3464 741 αὑ
3495 682 3615 754 γὰρ
3646 680 3866 735 ταύτὸν

2251 780 2371 833 κατ’
2427 777 2619 832 οὑσίαν
2664 776 2796 832 ποτέ
2847 777 3035 849 θεότης
3076 775 3173 830 καὶ
3214 772 3381 847 σάρξ’
3433 772 3574 844 πρὸς
3628 770 3866 841 φύσεως

2257 875 2388 941 μιᾶς
2413 870 2654 941 γένεσιν,
2687 872 2722 942 ή
2766 868 2879 924 τῶν
2918 868 3286 924 συνελθόντων
3322 865 3577 937 οὑδαμῶς
3612 866 3863 934 γέγονεν

2253 966 2467 1029 ἓνωσις,
2499 962 2638 1019 ἀλλὰ
2665 962 2807 1035 πρὸς
2829 961 2961 1033 μίαν
2994 961 3316 1025 ὑπόστασιν,
3349 958 3474 1014 καθ’
3490 959 3559 1030 ήν
3581 957 3865 1027 οὐδεμία-δ

2256 1060 2315 1112 ἐν
2348 1057 2573 1129 Χριστῷ
2615 1056 2742 1114 καθ’
2777 1056 3095 1126 οἱονδήποτε
3121 1054 3324 1123 τρόπον
3360 1050 3703 1122 εὑρίσκομεν
3737 1048 3868 1102 δια-

2257 1149 2453 1221 φοράν.
2487 1148 2699 1203 Ταὺτὺν
2732 1147 2844 1220 γάρ
2877 1151 2945 1220 τῇ
2977 1146 3157 1217 οἰκείᾳ
3195 1144 3360 1214 σαρκὶ⁵
3403 1142 3550 1197 κατὰ
3579 1142 3690 1211 τὴν
3716 1140 3866 1195 ὑπό-

2260 1258 2452 1297 στασιν
2484 1243 2513 1295 ὁ
2537 1241 2733 1310 Λόγος.
2767 1239 2905 1294 Καθ’
2936 1238 2966 1292 ό
2994 1238 3105 1311 γὰρ
3133 1237 3201 1292 ἂν
3245 1240 3275 1293 ό
3309 1236 3545 1308 Χριστὸς
3580 1234 3693 1309 ἔχῃ
3741 1235 3866 1288 δια-

2260 1333 2457 1407 φορὰν,
2483 1333 2542 1388 ἓν
2571 1329 2714 1388 εἶναι
2743 1333 2887 1388 κατὰ
2911 1332 3090 1388 πάντα
3108 1331 3311 1402 τρόπον
3333 1330 3393 1384 οὑ
3423 1329 3658 1384 δύναται
3683 1344 3699 1358 ·
3732 1326 3865 1381 καὲ³

2259 1427 2289 1481 ὃ
2317 1426 2374 1481 δὲ
2398 1428 2498 1499 τὴν
2535 1424 2750 1481 οίανοῦν
2780 1424 3064 1489 παντελῶς
3089 1425 3189 1479 οὑκ
3218 1422 3531 1494 ἐπιδέχεται
3554 1418 3865 1490 διαφοράν,

2261 1519 2405 1573 κατὰ
2430 1517 2610 1573 πάντα
2636 1516 2840 1589 τρόπον
2873 1516 2937 1570 τὸ
2979 1514 3039 1569 ἐν
3080 1515 3168 1569 ἐπ’
3198 1510 3367 1568 αὑτοῦ
3422 1510 3491 1583 (ε)
3552 1509 3870 1572 διαπαντός

2264 1610 2505 1675 εὑσεεῶς
2532 1609 2649 1679 ἔχει
2680 1609 2775 1662 καὶ
2806 1606 2867 1661 ὃν
2898 1607 2992 1663 καὶ
3009 1606 3323 1676 λεγόμενον.
3370 1626 3379 1640 ι

2338 1701 2403 1767 ξ’.
2446 1701 2511 1754 Ἦ
2535 1700 2714 1762 πίστις
2736 1698 2826 1754 διὰ
2852 1699 2951 1770 τῆς
2984 1696 3198 1759 ἐλπίδος
3230 1696 3332 1766 τὴν
3360 1694 3442 1759 είς
3468 1691 3604 1747 Θεὸν
3625 1691 3869 1760 ἀγάπην

2268 1793 2482 1850 τελείαν
2511 1792 2829 1863 συνίστησιν
2852 1808 2866 1822 ·
2893 1791 2926 1863 ή
2959 1788 3143 1859 ἀγαθὴ
3172 1787 3500 1858 συνείδησις,
3533 1784 3638 1856 τὴν
3661 1786 3751 1847 είς
3778 1784 3872 1836 τὸν

2269 1888 2503 1961 πλησίον
2522 1885 2613 1942 διὰ
2636 1884 2739 1955 τῆς
2769 1882 3045 1955 φυλακῆςκ
3058 1881 3171 1935 τῶν
3198 1878 3429 1934 ἐντολῶν
3470 1877 3707 1948 ἀγάπην
3760 1876 3875 1944 t3?-

2274 1983 2508 2053 ίστησιν.
2575 1980 2643 2033 'H
2665 1979 2775 2051 γὰρ
2836 1976 3019 2047 ἀγαθὴ
3079 1972 3386 2044 συνείδησις
3440 1968 3875 2040 παραϐαθείσαν

2271 2074 2494 2147 ἐντολήν
2525 2075 2626 2128 οὑκ
2654 2072 2770 2144 ἔχει
2800 2070 3127 2142 κατήγορον.
3159 2065 3378 2129 Ταύτας
3402 2063 3462 2118 δὲ
3492 2062 3640 2136 μόνη
3664 2061 3876 2133 καρδία

2274 2166 2630 2222 πιστεύεσθαι
2681 2165 2919 2235 πέφυκε,
2979 2162 3090 2216 τῶν
3136 2158 3445 2231 ἐφιεμένων
3470 2156 3574 2227 τῆς
3623 2153 3876 2226 ἀληθοῦς

2276 2260 2574 2334 σωτηρίας.

2349 2440 2447 2506 Ea}.
2478 2436 2653 2493 Οὐδὲν
2692 2435 2790 2491 τοῦ
2817 2433 3098 2489 πιστεύειν
3136 2429 3458 2501 ταχύτερον,
3480 2426 3594 2495 ,καὶ
3636 2423 3749 2479 τοῦ
3788 2421 3878 2477 διὰ

2280 2534 2547 2604 στόματος
2602 2528 2890 2600 ὁμολογεῖν
2944 2526 3041 2582 τοῦ
3093 2521 3483 2583 πιστευθέντος
3541 2518 3650 2589 τὴν
3712 2515 3879 2586 χάριν

2278 2624 2427 2679 ἐστὶν
2452 2620 2822 2691 εὐκολώτερον
2848 2637 2862 2651 ’
2900 2618 2962 2675 τὸ
2996 2619 3096 2689 μὲν
3124 2615 3256 2687 γὰρ,
3283 2612 3433 2685 δηλοῖ
3469 2609 3576 2682 τὴν
3620 2608 3880 2680 ἐμψυχον

2280 2716 2419 2789 πρὸς
2442 2715 2537 2769 τὸν
2558 2711 2904 2784 πεποιηκότα
2926 2708 3022 2764 τοῦ
3053 2705 3483 2767 πεπιστευκότος
3508 2700 3752 2771 ἀγάπην
3775 2714 3793 2729 '
3824 2700 3881 2753 τὸ

2280 2808 2362 2876 δὲ,
2396 2806 2496 2880 τὴν
2530 2805 2759 2877 θεοφιλῆ
2778 2803 2915 2875 πρὸς
2936 2802 3029 2856 τὸν
3065 2798 3294 2870 πλησίον
3339 2794 3607 2851 διάθεσιν.
3657 2792 3880 2861 ’Δγάπη

2280 2901 2340 2956 δὲ
2373 2900 2468 2954 καὶ
2499 2900 2700 2968 γνησία
2756 2893 3019 2956 διάθεσις,
3074 2892 3245 2963 ἤγουν
3297 2889 3481 2951 πίστις
3534 2885 3635 2940 καὶ
3696 2883 3885 2952 ἀγαθὴ

2285 2991 2616 3061 συνείδησις,
2656 2988 2819 3061 ἔργον
2851 2984 3136 3058 προδήλως
3169 2980 3266 3036 τοῦ
3293 2979 3439 3035 κατὰ
3466 2977 3717 3049 καρδίαν
3740 2978 3884 3047 dpu-

598 3072 771 3131 animi
798 3082 984 3133 motus
1015 3074 1195 3145 palam
1225 3090 1367 3146 opus
1393 3085 1545 3144 sunt,
1576 3077 1733 3134 nulla
1764 3091 1996 3151 prorsus
2021 3086 2176 3134 exte-

2291 3087 2412 3152 νοῦς
2441 3086 2680 3156 ὑπάρχει
2699 3081 3022 3153 κινήματος,
3047 3078 3148 3149 τῆς
3163 3074 3322 3140 ἐκτὸς
3346 3073 3479 3145 ὑλης
3498 3070 3643 3143 προς
3662 3070 3888 3142 γένεσιν

597 3163 735 3223 riori
769 3165 1002 3221 materia
1027 3165 1306 3238 indigens,
1349 3176 1410 3223 ut
1443 3168 1561 3226 ﬁat.

673 3257 763 3314 62.
796 3256 901 3325 Qui
950 3258 1271 3315 omnimoda
1319 3274 1449 3332 erga
1480 3260 1536 3316 id
1576 3262 1725 3333 quod
1756 3263 2053 3322 honestum
2101 3273 2189 3323 est

602 3365 668 3411 ac
689 3350 854 3406 ollicii
872 3359 1058 3407 motus
1078 3351 1327 3408 carentia
1349 3351 1678 3424 ignaviaque
1701 3353 1938 3421 laborat,
1959 3355 2188 3417 omnino

604 3460 738 3516 erga
764 3442 962 3500 vitium
987 3459 1050 3501 ac
1069 3444 1276 3502 malum
1301 3446 1594 3517 expeditus
1613 3445 1902 3520 facilisque
1934 3446 2186 3505 exsistat.

606 3535 977 3603 Quamobrem
1002 3537 1172 3593 etiam
1214 3536 1507 3610 Scriptura
1538 3538 1752 3610 lapides
1778 3538 2060 3610 appellare
2104 3555 2193 3595 so—

610 3628 689 3684 let
707 3627 776 3694 “,
823 3628 998 3684 animi
1045 3644 1185 3701 erga.
1211 3645 1279 3686 ea
1322 3646 1446 3701 quae
1480 3631 1715 3687 honesta
1752 3640 1886 3688 sunt
1923 3640 1982 3688 et
2023 3630 2192 3689 olIicii

611 3719 927 3791 segnitiem,
959 3729 1224 3791 tanquam
1251 3703 1376 3791 quae.
1404 3721 1678 3779 virtutum
1711 3737 1881 3779 sensu
1912 3722 2191 3778 destitua—

614 3819 708 3866 tur
748 3829 762 3867 :
799 3812 948 3884 ligna
998 3828 1171 3880 vero,
1215 3812 1561 3868 alacritatem
1599 3828 1731 3884 erga
1779 3829 1845 3869 ea
1885 3829 2010 3885 qua:
2056 3814 2199 3871 mala

614 3912 747 3961 sunt
786 3904 854 3959 “.
904 3903 1115 3960 Sensus
1154 3914 1341 3961 autem
1384 3906 1578 3971 motio,
1631 3905 1836 3962 mentis
1886 3906 2199 3977 operationi

617 3998 933 4068 conjuncta,
965 3996 1227 4054 virtutem
1263 4013 1387 4052 cum
1416 3997 1652 4054 scientia
1681 3998 2035 4071 coniunctam
2063 4013 2201 4069 prato

618 4099 748 4147 stat.

689 4182 778 4239 6'5.
814 4181 1058 4237 Medium
1086 4180 1359 4252 parietem
1383 4182 1429 4213 ¹⁶
1459 4181 1722 4247 arbitror,
1743 4183 2054 4237 naturalem
2082 4197 2206 4239 eor—

620 4275 774 4351 poris
802 4275 976 4346 legem
1004 4275 1075 4333 ab
1099 4273 1388 4345 Scriptura
1411 4274 1631 4337 vocari;
1658 4273 1955 4329 maceriem
1982 4289 2115 4329 vero
2137 4274 2204 4338 ",

2292 3179 2573 3241 παντελῶς
2601 3178 2662 3230 οὑ
2697 3174 2976 3247 δεόμενον.

2360 3272 2461 3344 ξβθ.
2535 3271 2593 3324 '0
2627 3268 2726 3339 τὴν
2775 3263 3019 3335 παντελῆ
3076 3261 3207 3334 περὶ
3251 3260 3315 3314 τδ
3358 3257 3527 3313 καλὸν
3584 3255 3887 3325 ἀκινησίαν

2289 3364 2489 3430 νοσῶν,
2528 3361 2662 3431 περὶ
2699 3358 2763 3413 τὸ
2799 3357 2972 3413 κακὸν
3015 3354 3251 3426 ὑπάρχει
3312 3351 3530 3413 πάντως
3569 3347 3885 3416 εὐκίνητος.

2294 3457 2428 3515 Κατ’
2457 3456 2627 3528 ἄμφω
2651 3455 2763 3524 γὰρ
2786 3451 3046 3521 ἀκίνητον
3076 3447 3367 3518 ὑπάρχειν,
3402 3441 3698 3499 ἀδύνατον.
3722 3439 3890 3493 Ὅθεν

2294 3552 2389 3608 καὶ
2417 3549 2601 3613 λίθους
2628 3547 2817 3602 καλεῖν
2847 3540 2990 3600 οἶδεν
3018 3545 3053 3614 ἡ
3081 3539 3296 3613 Γραφὴ,
3333 3537 3436 3610 τήν
3478 3535 3614 3607 περὶ
3636 3534 3722 3588 τὰ
3756 3533 3889 3589 καλὰ

2293 3647 2395 3716 τῆς
2436 3642 2618 3715 ψυχῆς
2672 3638 2972 3712 ῥᾳθυμίαν,
3023 3635 3102 3700 ὡς
3147 3632 3361 3705 ἀρετῶν
3408 3626 3888 3697 ἀναισθητούσης·

2299 3737 2433 3805 ξύλα
2458 3736 2539 3801 δὲ,
2572 3733 2673 3805 τὴν
2706 3731 2836 3803 περὶ
2868 3728 2940 3785 τὰ
2981 3726 3133 3783 κακὰ
3174 3722 3506 3796 προθυμίαν.
3561 3719 3630 3773 Ἦ
3672 3717 3743 3772 δὲ
3779 3718 3891 3771 κατ’

2299 3830 2557 3901 αἴσθησιν
2596 3826 2813 3897 κίνησις
2854 3817 3243 3889 συναπτομένη
3277 3818 3345 3887 τῇ
3380 3811 3523 3868 κατὰ
3562 3808 3701 3865 νοῦν
3744 3810 3895 3879 ἐνερ-

2301 3924 2448 3996 γείᾳ,
2481 3921 2629 3976 ποιεῖ
2658 3918 2755 3989 τὴν
2791 3914 2930 3988 μετὰ
2950 3911 3207 3983 γνώσεως
3236 3908 3457 3981 ἀρετήν.

2379 4171 2480 4241 ξγἏ
2536 4167 2869 4237 Μεσότοιχον
2904 4166 2938 4236 ή
2988 4160 3205 4233 Γραφὴ,
3258 4159 3349 4212 τὸν
3392 4154 3531 4210 κατὰ
3576 4153 3779 4222 φύσιν,
3832 4152 3899 4214 ὡς

2308 4264 2487 4338 οἶμαι,
2519 4262 2685 4334 νόμον
2720 4258 2816 4315 τοῦ
2862 4257 3116 4328 σώματος
3168 4249 3407 4322 κέκληκε
3434 4264 3450 4280 ·
3506 4247 3780 4318 φραγμὶιν
3830 4246 3899 4307 ἱὲ,

622 4340 746 4437 qua:
783 4366 840 4419 in
862 4366 983 4437 lege
1011 4366 1197 4421 carnis
1223 4365 1475 4431 residet,
1520 4380 1653 4436 erga
1682 4363 1918 4419 affectus
1952 4379 2018 4419 ac
2066 4364 2184 4419 viti:

2310 4360 2409 4431 τὴν
2435 4359 2493 4413 ἐν
2527 4356 2606 4427 τῷ
2649 4354 2800 4424 νόμῳ
2847 4351 2950 4421 τῆς
2981 4346 3186 4420 σαρκὸς
3226 4345 3365 4415 πρὸς
3403 4341 3478 4445 τά
3505 4340 3655 4445 πάθη
3688 4340 3901 4445 ilict},

626 4457 705 4526 (id
729 4467 835 4523 est,
867 4460 1182 4529 peccatum)
1215 4456 1707 4514 necessitudinem.
1737 4455 1864 4512 Sola
1897 4455 2047 4511 enim
2078 4471 2184 4510 eun

2314 4456 2482 4525 ἤγουν
2506 4449 2606 4520 τὴν
2634 4444 2930 4518 ἁμαρτίαν.
2962 4441 3116 4511 Μόνη
3139 4439 3250 4508 γὰρ
3285 4438 3318 4508 ή
3357 4434 3496 4529 πρὸς
3519 4432 3592 4485 τὰ
3628 4432 3797 4529 πάθη
3814 4432 3902 4499 τῆς

624 4550 912 4624 probrosis
943 4549 1240 4605 affectibus
1270 4550 1533 4621 vitiisque
1562 4545 1936 4612 necessitudo,
1993 4556 2184 4603 natura

2315 4523 2545 4616 ἆτιμίας
2599 4539 2805 4611 σχέσις,
2859 4533 2955 4589 τοῦ
2999 4532 3169 4602 νόμου
3194 4529 3294 4597 τῆς
3330 4526 3578 4627 φύσεωςζ
3626 4523 3901 4627 τουτέστι,

624 4611 766 4714 legis
800 4642 1066 4713 (patibilis
1094 4642 1307 4698 scilicet
1352 4611 1573 4701 naturae.
1610 4639 1906 4711 portionis)
1941 4638 2177 4693 macerie

2316 4611 2691 4701 sobvarallmoﬁ
2724 4628 2824 4694 τῆς
2868 4624 3084 4696 φύσεως
3114 4620 3336 4693 μέρους,
3366 4611 3624 4719 φραγμδς
3653 4613 3898 4719 γίνεται,

626 4735 886 4800 edicitur,
915 4735 1069 4790 velut
1113 4734 1406 4806 interjecto
1461 4746 1622 4788 muro
1658 4747 1863 4803 corpus
1902 4731 1973 4791 ab
2024 4730 2184 4789 animi

2318 4728 2416 4797 τῆς
2440 4724 2623 4797 ψυχῆς
2651 4720 2712 4774 τὸ
2745 4718 2905 4790 σῶμα
2929 4712 3294 4783 διατειχίζων,
3336 4709 3433 4762 καὶ
3464 4705 3561 4809 τοῖο
3606 4705 3785 4808 λόγου
3806 4705 3901 4807 τῶν

628 4828 973 4898 dispescens,
1002 4842 1108 4883 nec
1150 4826 1421 4883 rationem
1458 4826 1748 4888 virtutum,
1799 4822 2036 4879 actionis
2058 4823 2184 4878 ουιιι

2318 4814 2532 4888 ἀρετῶν
2569 4812 2669 4884 τὴν
2698 4808 2836 4882 πρὸς
2868 4808 3047 4879 σάρκα
3089 4803 3179 4858 διὰ
3210 4799 3592 4898 μέσης-ψυχῆς
3616 4799 3788 4898 ,κατα
3807 4799 3902 4898 ,τὴν

631 4919 964 4975 intermedia
999 4918 1183 4977 anima
1216 4918 1285 4974 ad
1326 4933 1551 4973 carnem
1602 4915 1841 4971 transire
1887 4915 2099 4970 sinens.
2144 4915 2184 4973 Α

2326 4908 2548 4981 πρᾶξιν,
2580 4905 2657 4977 μὴ
2686 4900 2988 4974 συγχωρῶν
3010 4896 3264 4968 γενέσθαι
3291 4892 3573 4948 διάϐασινο
3606 4892 3639 4943 ό
3663 4890 3727 4942 δὲ
3759 4889 3900 4956 λόγος

634 5011 728 5067 ubi
774 5011 1193 5076 advenitratio,
1244 5012 1534 5082 legemque
1580 5018 1789 5064 naturae
1819 5005 2075 5079 (naturae,
2126 5006 2181 5065 in

2322 4998 2794 5074 παραγενόμενος,
2825 4996 2920 5050 καὶ
2947 4992 3040 5046 τὸν
3070 4992 3169 5062 τῆς
3197 4988 3413 5060 φύσεως
3443 4985 3611 5056 νόμον
3629 4983 3726 5055 (ι),
3748 4984 3901 5054 ἠγοξδιι

706 5167 751 5197 ’³
780 5165 981 5220 Ezeclt.
1016 5180 1090 5229 xi,
1136 5163 1232 5229 19;
1266 5177 1448 5227 XXXVI,
1475 5161 1564 5215 26.
1640 5162 1685 5192 ’³
1718 5158 1909 5213 Matth.
1953 5171 2062 5220 λιιι,
2092 5156 2178 5211 l9.

2291 5154 2302 5182 ⁵
2329 5153 2532 5223 Ephes.
2560 5167 2619 5215 ιι,
2649 5148 2734 5202 Η.
2811 5148 2855 5178 ³⁷
2887 5144 3023 5199 ibid.

733 5317 780 5385 δ)
819 5318 888 5371 Τὸ
916 5315 987 5371 ἐν
1013 5315 1106 5369 ἐπ’
1131 5315 1338 5372 αὐτοῦ.
1366 5314 1524 5385 Legit
1557 5313 1725 5385 Picus
1767 5312 1860 5365 ὑπ’
1913 5307 2104 5368 αὑτοῦ.
2134 5324 2225 5385 _ae

733 5340 758 5374 δ
819 5321 888 5371 Τὸ
916 5321 987 5371 ἐν
1013 5321 1106 5369 ἐπ’
1131 5321 1338 5372 αὐτοῦ.
1366 5321 1524 5385 Legit
1559 5321 1725 5370 Picus
1767 5321 1860 5365 ὑπ’
1913 5321 2104 5368 αὐτου.
2160 5324 2225 5362 ae

643 5321 877 5449 reddere
903 5396 1138 5460 conatus
1159 5395 1266 5450 est,
1291 5385 1386 5439 Pie
1410 5385 1508 5441 sub
1530 5401 1585 5460 se
1608 5383 1762 5460 liabet
1777 5399 1978 5460 unum,
2004 5380 2142 5460 quod
2160 5385 2235 5432 est

641 5473 691 5520 et
715 5460 929 5516 dicitur.
953 5456 1112 5522 Quod
1137 5472 1268 5512 sane
1300 5470 1525 5514 sensum
1553 5454 1722 5509 habet
1742 5450 2232 5522 absurdisSimum,

646 5518 713 5590 ac
739 5530 789 5588 si
819 5518 1256 5600 velitVChristum
1284 5528 1542 5600 superius
1559 5524 1919 5600 praedicatum
1943 5536 2104 5600 esse,
2129 5518 2234 5573 sub

647 5617 758 5676 quo
780 5616 953 5676 unum
978 5607 1035 5654 et
1056 5598 1129 5655 sit
1149 5608 1204 5653 et
1229 5593 1587 5676 intelligatur.
1613 5594 1710 5676 Ait
1730 5594 1914 5676 itaque
1943 5593 2231 5676 Maximus,

653 5662 824 5728 unum
877 5667 962 5740 pie
992 5684 1211 5739 semper
1251 5667 1309 5723 in
1341 5662 1567 5722 Ch'risto
1593 5674 1649 5721 et
1679 5665 1748 5719 de
1772 5662 2136 5740 Christo__esse
2177 5671 2235 5713 ct

650 5732 909 5815 intelligi,
939 5756 1008 5797 ea
1061 5732 1278 5797 ratione
1318 5754 1426 5808 qua
1483 5749 1722 5813 persona
1755 5743 1861 5801 cst,
1912 5732 2234 5805 nullamque

2331 5303 2748 5360 distinctionem
2792 5296 3057 5352 admittit.
3111 5290 3322 5347 Deinde
3367 5291 3458 5343 ὑπ’
3510 5286 3679 5362 αὑτὸν
3722 5290 3906 5362 legul-

2332 5374 2465 5429 dum
2501 5373 2667 5434 foret,
2706 5367 2852 5471 quod
2884 5382 2991 5422 nec
3012 5367 3129 5434 ipse
3155 5368 3517 5431 reprmsentat
3545 5361 3735 5414 Picus.

2408 5443 2468 5471 (Α
2542 5442 2640 5471 rut
2674 5459 2722 5471 ο,
2742 5456 2782 5471 ,ι
2814 5436 2925 5471 ,αξη
2956 5437 3201 5471 ριηςιη-ιηις
3220 5432 3411 5471 νΛηην
3464 5430 3665 5471 Lpomm
3699 5446 3735 5471 n

2406 5443 2500 5517 (t)_
2536 5430 2782 5517 Καλτιξν
2814 5436 2925 5517 ζῇς
2952 5430 3201 5516 ρύὶγεωιξ
3220 5430 3429 5517 νόμιον.
3463 5430 3911 5517 [:egenttlatnt'at

2334 5502 2465 5569 toto
2488 5514 2596 5568 hoc
2619 5509 2797 5580 capite
2826 5502 3094 5562 Maximus
3115 5509 3349 5580 usurpat
3366 5517 3467 5571 pro
3492 5502 3611 5570 lege
3635 5502 3907 5569 corporis.

2333 5601 2431 5640 seu
2469 5583 2652 5640 carnis
2679 5574 2970 5647 etscnsus,
3002 5574 3289 5647 cum‘alias
3320 5587 3463 5641 sarpe
3496 5580 3786 5647 naturam.
3827 5583 3908 5647 pro

2332 5639 2527 5710 natura
2559 5656 2677 5722 ipsa
2710 5646 2957 5705 hominis
2978 5662 3110 5723 qua_
3133 5644 3301 5723 homo
3343 5639 3459 5705 est,
3492 5657 3557 5697 ac
3586 5639 3907 5722 rationed.

2333 5726 2412 5782 vit
2436 5713 2603 5797 atque
2630 5723 2836 5778 virtute
2862 5713 3160 5783 acceperit.
3184 5713 3400 5787 Ubique
3430 5727 3564 5768 sane
3597 5713 3658 5768 in
3683 5725 3799 5767 usu
3831 5726 3910 5767 \a~
