4046 6196
303 241 451 309 1333

984 248 1319 313 CAPITUM
1358 252 1784 328 QUINOUIES
1821 255 2349 327 CENTENORUM
2383 270 2771 334 CENTURIA
2812 276 2911 337 IV.

3456 277 3592 345 1334

296 368 374 417 τὸ
429 361 530 434 τῆς
581 362 798 431 φύσεως
850 363 1095 434 παθητὸν
1153 364 1332 436 [unus
1395 367 1523 439 Reg.
1558 368 1895 441 παθητικὸν]

2011 390 2189 445 quam,
2236 384 2342 437 vim
2378 385 2690 457 patibilem)
2723 388 3081 459 expugnavit,
3117 387 3394 461 vigentem
3436 392 3492 447 in
3522 408 3586 451 ea

299 456 751 523 καταπαλαίσας,
784 457 885 526 τὴν
913 460 972 510 ἐν
994 458 1144 529 αύτῷ
1181 459 1291 514 τῶν
1324 462 1475 532 παρά
1513 462 1676 531 φύσιν
1710 463 1899 517 παθῶν

304 552 504 622 σχέσιν
534 552 910 623 κατήργησεν.

381 644 476 710 ξδ’.
520 645 711 699 Ἢνίκα
742 646 842 716 μὲν
880 645 947 698 δι’
981 646 1199 717 ἀπάτης
1236 646 1375 718 δόλῳ
1410 646 1590 701 συλῶν
1639 649 1738 719 τὴν
1771 648 1901 720 περὶ

298 734 446 788 Θεὸν
474 736 717 806 ἔμφυτον
752 736 956 804 γνῶσιν
987 737 1088 805 τῆς
1113 735 1350 805 φύσεως,
1382 736 1586 806 ταύτην
1611 738 1638 789 6
1664 737 1900 808 πονηρὸς

301 828 394 888 εἰς
428 826 623 880 ἑαυτὸν
657 828 1065 897 σφετερίζεται,
1094 826 1337 897 κλέπτης
1369 828 1507 891 ἐστὶ,
1542 828 1676 897 πρὸς
1707 828 1901 881 ἐαυτὸν

300 920 422 973 ἀπὸ
474 920 572 974 τοῦ
619 920 758 974 Θεοῦ
812 919 873 973 τὸ
924 922 1088 985 σέϐας
1136 920 1466 991 μεταφέρειν
1514 922 1896 992 πειρώμενος·

303 1012 548 1081 ἀπάγων
573 1013 822 1083 δηλονότι
852 1012 962 1065 τῶν
1001 1014 1059 1066 ἐν
1088 1015 1200 1077 τοῖς
1227 1016 1478 1082 γεγονόσι
1510 1014 1900 1084 πνευματικῶν

305 1102 511 1177 λόγων,
542 1105 639 1175 τὴν
670 1104 813 1158 κατὰ
842 1103 967 1158 νοῦν
1001 1105 1101 1175 τῆς
1133 1105 1312 1177 ψυχῆς
1348 1104 1608 1177 Θεωρίαν,
1639 1106 1733 1158 καὶ
1762 1106 1898 1176 μόνῃ

316 1173 679 1266 περιγράφων
708 1196 807 1267 τὴν
842 1196 1037 1267 νοεράν
1059 1173 1325 1266 δύναμιν,
1363 1199 1430 1267 τῇ
1461 1173 1609 1249 κατά
1652 1195 1749 1267 τὴν
1766 1173 1901 1249 iam:

312 1286 543 1354 κράνειαν
581 1288 844 1358 προσόψει
889 1287 999 1341 τῶν
1043 1287 1341 1357 αίσθητῶν.
1413 1286 1681 1356 Ὀπηνίκα
1711 1285 1766 1337 δὲ
1813 1284 1901 1337 διὰ

306 1379 425 1431 τῶν
451 1378 697 1447 φυσικῶν
720 1380 1101 1450 ἀπαρχόμενος
1132 1379 1473 1449 κινημάτων,
1502 1376 1638 1446 πρὸς
1659 1376 1725 1430 τὰ
1754 1375 1900 1445 παρὰ

310 1470 480 1541 φύσιν
505 1472 836 1540 σοφιστικῶς
862 1471 1153 1543 κατασύρῃ
1178 1471 1277 1541 τὴν
1310 1471 1620 1540 πρακτικὴν
1645 1468 1897 1539 δύναμιν,

311 1565 415 1617 καὶ
449 1563 541 1617 διὰ
577 1563 688 1617 τῶν
713 1564 1089 1635 νομιζομένων
1124 1563 1306 1616 καλῶν
1356 1563 1469 1624 τοῖς
1500 1561 1709 1633 χείροσι
1740 1558 1901 1613 πιθα-

311 1656 424 1719 νῶς
452 1654 784 1726 προσηλῶσῃ
818 1656 1025 1725 ταύτης
1052 1654 1148 1726 τὴν
1186 1655 1396 1724 ἔφεσιν,
1433 1656 1526 1709 ἐπὶ
1565 1652 1643 1723 τῷ
1674 1652 1900 1722 όνόματι

310 1750 526 1818 Κυρίου
568 1748 759 1818 ὀμνύει
814 1731 1045 1818 ψευδῶς,
1094 1748 1228 1819 πρὸς
1268 1746 1404 1800 ἄλλα
1436 1748 1567 1818 παρ’
1606 1746 1898 1816 ὑπόσχεσιν

312 1843 469 1910 ἄγων
492 1843 591 1913 τὴν
614 1841 946 1913 πειθομένην
979 1842 1180 1914 ψυχήν.
1221 1844 1331 1895 Καὶ
1360 1842 1478 1894 ἐστι
1504 1840 1747 1911 κλέπτης
1778 1840 1897 1911 μὲν,

312 1933 393 1995 ὡς
442 1933 581 2004 πρὸς
633 1933 824 1987 ἑαυτὸν
878 1934 1057 1987 συλῶν
1105 1934 1205 2003 τὴν
1263 1933 1468 2003 γνῶσιν
1513 1933 1612 2001 τῆς
1649 1930 1895 2002 φύσεως·

314 2026 576 2096 ἐπίορκος
608 2026 690 2092 δὲ,
748 2025 825 2089 ῶς
877 2026 938 2079 τὸ
994 2025 1299 2096 πρακτικὸν
1338 2024 1441 2095 τῆς
1486 2024 1666 2095 ψυχῆς
1720 2024 1901 2095 μάτην

314 2115 688 2171 διαπονεῖσθαι
714 2117 916 2171 πείθων
949 2120 1063 2180 τοῖς
1102 2118 1253 2188 παρά
1291 2116 1477 2187 φύσιν.

393 2304 487 2368 ξέ.
521 2305 591 2357 Ἦ
616 2304 781 2358 πάλιν
808 2304 1050 2375 κλέπτης
1090 2305 1262 2369 ἐστὶν,
1292 2306 1321 2358 ό
1360 2302 1497 2375 πρὸς
1532 2303 1751 2373 ἀπάτην
1795 2303 1903 2355 τῶν

317 2399 625 2452 ἀκουόντων
669 2399 797 2460 τοὺς
839 2397 1016 2461 θείους
1073 2396 1235 2465 δῆθεν
1292 2394 1636 2463 ἀσκούμενος
1687 2394 1901 2463 λόγους,

318 2488 393 2545 ὧν
426 2491 528 2545 οὐκ
556 2490 774 2558 ἐπέγνω
806 2489 897 2542 διά
941 2488 1053 2542 τῶν
1104 2488 1284 2557 ἔργων
1339 2486 1437 2559 τὴν
1489 2486 1741 2559 δύναμιν,
1805 2487 1904 2556 τὴν

319 2584 480 2655 ψιλὴν
506 2580 790 2654 προφορὰν
826 2580 985 2651 δόξης
1012 2580 1286 2652 ἐμπορίαν
1322 2580 1673 2650 ποιούμενος,
1708 2581 1804 2634 καὶ
1826 2580 1905 2651 τῷ

319 2676 409 2730 διὰ
440 2673 695 2744 γλώσσης
723 2674 867 2745 λόγῳ
894 2673 987 2726 τὸν
1026 2672 1120 2726 τοῦ
1150 2672 1363 2736 δίκαιος
1402 2672 1723 2743 νομίζεσθαι
1755 2672 1905 2743 παρά

319 2768 428 2821 τῶν
481 2767 855 2839 ἀκροωμένων
902 2765 1223 2837 θηρώμενος
1269 2763 1511 2818 ἔπαινον.
1554 2763 1664 2819 Καὶ
1718 2763 1906 2827 ἁπλῶς

321 2866 520 2927 εἰπεῖν,
555 2865 582 2917 6
606 2862 685 2934 τῷ
713 2863 857 2933 λόγῳ
891 2863 984 2915 τὸν
1016 2860 1128 2930 βίον
1152 2859 1517 2932 ἀνάρμοστον,
1552 2860 1647 2914 καὶ⁸
1674 2863 1739 2932 τῇ
1765 2860 1903 2928 γνὼο

324 2975 407 3011 σει
458 2957 559 3028 τὴν
618 2955 859 3009 διάθεσιν
906 2954 1007 3023 τῆς
1048 2953 1228 3025 ψυχῆς
1295 2952 1436 3023 ἔχων
1495 2953 1902 3025 ἀντικειμένην,

324 3049 565 3120 κλέπτης
591 3048 759 3113 ἐστὶν,
792 3049 855 3099 ἐκ
890 3047 1000 3100 τῶν
1030 3044 1326 3116 ἀλλοτρίων
1377 3043 1602 3114 ἀγαθῶν
1627 3045 1687 3098 ού
1722 3044 1907 3107 καλῶς
1938 3087 1982 3146 c

324 3142 759 3213 διαφαινόμενος.
797 3140 937 3211 Πρὸς
990 3138 1051 3192 ὃν
1103 3141 1133 3193 6
1174 3138 1333 3207 λόγος
1373 3138 1604 3200 εἰκότως
1637 3139 1771 3209 ἐρεῖ,
1824 3138 1911 3205 Τῷ

326 3234 393 3288 δὲ
420 3231 749 3303 ἁμαρτωλῷ
781 3227 954 3286 εἶπεν
1000 3233 1034 3287 ό
1064 3229 1231 3297 Θεὸς,
1258 3230 1385 3284 Ἵνα
1437 3229 1495 3283 τί
1533 3230 1616 3284 σὺ
1660 3229 1911 3301 ἐκδιηγῆ

327 3326 398 3381 τὰ
418 3324 780 3393 δικαιώματά
804 3342 944 3394 μου,
974 3324 1069 3378 καί
1089 3320 1534 3393 ἀναλαμϐάνεις
1563 3322 1913 3393 τὴν-,διαϐήμ-

328 3438 447 3489 mir
474 3438 594 3491 μου
620 3419 721 3473 διὰ
752 3419 1055 3488 στόματός
1086 3433 1237 3483 σου;

396 3513 505 3580 ξς’.
539 3512 796 3580 κλέπτης
828 3510 1092 3574 ὡσαύτως
1126 3512 1265 3573 ἐστὶ,
1296 3510 1393 3563 καὶ
1438 3512 1467 3563 6
1500 3512 1613 3573 τοῖς
1643 3511 1911 3580 φαινομέ-

329 3624 439 3671 νοις
470 3604 697 3676 τρόποις
728 3604 821 3658 καὶ
845 3604 1024 3676 Ιἤθεσι,
1060 3602 1161 3673 τὴν
1207 3602 1283 3673 μὴ
1322 3601 1662 3673 φαινομένην
1702 3619 1912 3671 συγκα-

330 3699 549 3754 ιύπτων
573 3700 671 3768 τῆς
697 3697 879 3768 ψυχῆς
910 3696 1269 3767 κακουργίαν,
1300 3694 1605 3757 ἐπιεικείας
1634 3694 1912 3765 πλάσματι

332 3792 427 3864 τὴν
446 3792 593 3846 ἔνδον
616 3789 1005 3845 ἐπικαλύπτων
1022 3787 1284 3842 διάθεσιν·
1314 3788 1413 3841 καὶ
1430 3786 1702 3853 κλέπτων,
1724 3788 1912 3861 ῶσπερ

331 3888 536 3949 ἐκεῖνος
562 3888 629 3956 τῇ
667 3883 921 3955 προφορᾷ
960 3881 1071 3935 τῶν
1117 3879 1291 3948 λόγων
1336 3878 1437 3950 τῆς
1491 3879 1769 3949 γνώσεως,
1812 3882 1913 3954 τὴν

329 3978 437 4032 τῶν
493 3978 802 4031 ἀκουόντων
849 3976 1123 4029 διάνοιαν·
1185 3972 1328 4025 οῦτω
1371 3972 1436 4043 δὴ
1478 3972 1574 4027 καὶ
1617 3974 1781 4039 αὐτὸς
1833 3978 1914 4049 τῷ

331 4071 516 4141 τρόπῳ
560 4070 660 4140 τῆς
689 4069 799 4122 τῶν
838 4067 988 4137 ὴθῶν
1046 4066 1415 4137 ὑποκρίσεως,
1459 4066 1570 4120 τῶν
1623 4068 1913 4141 θεωμένων

332 4164 427 4236 τὴν
460 4163 740 4233 αἴσθησιν,
781 4162 913 4231 πρὸς
948 4161 1006 4214 ὃν
1044 4159 1247 4229 ὁμοίως
1288 4163 1591 4232 εἰρήσεται,
1646 4166 1912 4233 Αίσχύν-

332 4259 493 4323 θητε,
542 4258 594 4308 οι
618 4251 1004 4321 ἐνδεδυμένοι
1046 4250 1249 4321 Lucina
1289 4253 1619 4321 ἀλλότρια·
1686 4257 1779 4310 καὶ
1830 4257 1911 4321 τὸ,

345 4346 753 4413 Ἀποκαλύψει
802 4344 1021 4409 Κύριος
1068 4344 1133 4397 τὸ
1191 4344 1403 4414 σχῆμα
1459 4344 1661 4399 αὐτῶν
1716 4346 1787 4400 ἐν
1838 4348 1915 4416 τῇ

2002 473 2397 531 inuaturalium
2422 477 2726 535 affectuum
2761 481 3239 537 necessitudinem
3272 482 3596 555 proﬂigavit

2001 579 2065 619 ac
2092 565 2405 622 libidinem.

2070 661 2157 715 64.
2192 662 2328 718 Cum
2383 681 2483 734 per
2528 682 2775 721 errorem
2807 667 2967 730 dolo,
3023 666 3329 737 ingenitam
3379 669 3594 721 natura:

2000 752 2069 808 de
2090 754 2204 809 Deo
2236 757 2608 826 cognitionem
2648 760 3016 829 depraadando
3045 758 3425 829 nequissimus
3480 759 3591 814 sibi

2002 856 2243 917 arrogat,
2280 846 2370 901 fur
2401 858 2507 913 cst,
2549 851 2644 920 qui
2697 850 2793 905 Dei
2848 850 2905 905 in
2963 867 3022 906 se
3052 852 3268 907 cultum
3304 866 3371 906 ac
3414 854 3592 922 maje-

2002 946 2198 993 statcm
2224 938 2519 995 transferre
2540 950 2785 1012 satagat;
2817 941 3401 1013 nempeintclligcntis
3422 943 3593 997 animi

2002 1030 2439 1099 speculationem
2476 1033 2545 1086 ab
2576 1033 2923 1103 spiritalibus
2970 1034 3025 1087 in
3052 1033 3213 1104 601
3256 1034 3464 1089 creatis
3510 1050 3596 1088 ra-

2006 1124 2253 1178 tionibus
2283 1124 2591 1191 abducens,
2629 1125 2857 1195 solaque
2904 1141 3091 1180 rerum
3127 1125 3183 1179 in
3234 1140 3462 1180 sensum
3507 1142 3598 1180 ca-

2001 1211 2255 1266 dentium
2284 1222 2512 1268 externa
2538 1214 2723 1283 specie
2748 1225 2912 1285 atque
2926 1222 3229 1283 conspectu
3254 1215 3363 1269 vim
3394 1215 3597 1269 mentis

2003 1304 2295 1360 deﬁniens.
2326 1304 2463 1360 Cum
2483 1322 2616 1362 vero
2633 1322 2664 1361 a
2684 1307 3040 1361 naturalibus
3071 1307 3320 1362 motibus
3338 1307 3595 1377 auspica-

2005 1408 2093 1452 tus
2119 1397 2187 1451 ad
2225 1398 2572 1453 innaturales
2601 1398 2801 1469 agendi
2830 1398 2941 1451 vim
2972 1397 3189 1454 fallacia
3219 1396 3486 1460 traxerit,
3532 1411 3598 1449 ac

2004 1505 2104 1559 per
2137 1505 2199 1544 ea
2244 1506 2367 1560 qua:
2396 1492 2542 1545 bona
2592 1492 3019 1555 existimantur,
3060 1490 3338 1561 probabili
3390 1489 3595 1558 specie,

2005 1582 2306 1650 voluptatis
2332 1584 2612 1637 lenocinio
2662 1584 2900 1637 illectam
2942 1582 3063 1651 ejus
3095 1580 3465 1652 cupiditatem
3497 1580 3597 1633 de—

2007 1673 2311 1729 terioribus
2344 1674 2603 1739 afﬁxcrit,
2635 1677 2690 1729 in
2721 1676 2945 1729 nomine
2989 1675 3207 1729 Domini
3265 1672 3403 1727 falso
3426 1673 3595 1743 iurat,

2012 1764 2120 1817 alio
2153 1781 2320 1835 quam
2362 1765 2647 1835 pollicitus
2682 1765 2864 1820 fuerat
2902 1764 3149 1818 animum
3194 1762 3598 1831 obsequentem

2008 1856 2237 1911 ducens.
2273 1857 2351 1913 Ac
2396 1858 2622 1927 quidem
2668 1857 2757 1912 fur
2798 1866 2921 1923 est,
2970 1873 3080 1927 qua
3128 1858 3342 1912 ratione
3386 1865 3600 1911 naturte

2009 1951 2115 2004 sibi
2147 1951 2523 2021 cognitionem
2556 1951 2699 2022 rapit
2726 1970 2738 2005 :
2773 1954 3032 2023 periurus
3065 1965 3221 2015 vero,
3254 1965 3365 2020 qua
3399 1948 3599 2020 agendi

2012 2045 2118 2097 vim
2139 2086 2155 2109 ,
2186 2045 2253 2099 iis
2282 2045 2484 2099 frustra
2538 2046 2823 2101 laboribus
2853 2046 2946 2115 qui
2986 2061 3016 2098 a
3042 2054 3238 2099 natura
3270 2043 3597 2106 abhorrent,

2010 2136 2301 2192 suadendo
2330 2137 2557 2192 addicit.

2082 2310 2170 2365 65.
2210 2311 2319 2364 Aut
2339 2324 2535 2364 rursus
2558 2310 2647 2364 fur
2668 2319 2773 2374 est,
2806 2310 2903 2380 qui
2933 2319 2993 2364 ut
3020 2310 3375 2366 auditoribus
3408 2310 3597 2365 fucum

2011 2401 2200 2467 faciat,
2229 2402 2450 2457 divinos
2473 2402 2665 2473 utique
2694 2418 2985 2458 sermones
3016 2403 3169 2469 colit,
3211 2419 3452 2473 quorum
3498 2419 3599 2473 per

2012 2509 2179 2564 opera
2209 2493 2322 2549 vim
2347 2495 2578 2550 minime
2618 2495 2885 2567 agnovit;
2917 2495 3122 2550 nudam
3164 2496 3380 2551 scilicet
3416 2496 3600 2566 prola-

2014 2586 2221 2642 tionem
2255 2587 2309 2641 in
2331 2588 2519 2658 gloria:
2544 2597 2916 2643 mercaturam
2947 2596 3208 2652 vertens;
3236 2602 3300 2642 ac
3321 2602 3597 2647 sermone.

2013 2694 2178 2749 quem
2206 2694 2303 2733 ore
2333 2678 2603 2749 loquitur,
2625 2679 2857 2751 justitizn
2894 2678 3117 2733 laudem
3148 2678 3219 2733 ab
3250 2678 3602 2733 auditoribus

2012 2768 2454 2840 captans.Atque
2476 2777 2535 2823 ut
2560 2784 2776 2824 summa
2804 2769 3005 2834 dicam,
3035 2768 3130 2839 qui
3160 2769 3329 2823 vitam
3354 2768 3601 2823 sermoni

2012 2880 2077 2919 ac
2096 2863 2362 2918 doctrina:
2378 2862 2809 2927 dissentaneam,
2837 2862 3120 2932 animique
3138 2861 3397 2917 ali‘ectum
3422 2859 3602 2915 scien-

2014 2956 2105 3010 tia:
2124 2956 2531 3020 adversantem,
2548 2954 2734 3019 habet,
2759 2954 2846 3008 fur
2868 2966 2973 3018 est,
2995 2970 3061 3009 ex
3085 2954 3283 3009 alienis
3302 2953 3465 3008 bonis
3485 2970 3595 3009 non

2016 3049 2161 3105 bene
2184 3048 2579 3105 inclarescens.
2611 3048 2694 3103 Ad
2730 3064 2894 3118 quem
2922 3049 3123 3101 merito
3165 3047 3242 3102 ait
3267 3047 3554 3117 Scriptura
3582 3064 3597 3102 :

2014 3139 2286 3194 Peccaton'
2310 3147 2486 3193 autem
2508 3139 2640 3193 dixit
2665 3137 2804 3192 Deus
2833 3156 2849 3194 :
2882 3137 3061 3203 Quare
3088 3147 3144 3191 tu
3179 3154 3404 3192 enarras
3427 3139 3597 3210 justi-

2014 3234 2115 3287 tias
2173 3250 2338 3297 meas,
2388 3243 2436 3287 et
2489 3234 2713 3288 assumis
2766 3241 3141 3289 testamentum
3209 3250 3386 3288 meum
3414 3251 3508 3304 per
3542 3251 3599 3287 os

2014 3334 2163 3379 tuum
2195 3326 2281 3378 '8?

2084 3524 2172 3579 66.
2208 3523 2403 3579 Itidem
2429 3523 2517 3578 fur
2550 3531 2655 3587 est,
2698 3520 2792 3592 qui
2819 3532 3049 3579 externa
3072 3519 3262 3577 indole
3285 3530 3451 3591 atque
3481 3536 3598 3574 mo-

2013 3614 2171 3669 ribus
2222 3614 2497 3669 internum
2551 3623 2717 3685 atque
2746 3614 3010 3669 latentem
3054 3613 3394 3668 fraudulenti
3426 3612 3595 3667 animi

2012 3706 2222 3777 obtegit
2243 3705 2583 3776 nequitiam;
2618 3707 2743 3761 licta
2777 3705 3048 3760 nimirum
3086 3703 3315 3775 pictatis
3366 3718 3432 3758 ac
3480 3718 3599 3757 mo-

2014 3799 2392 3865 destiaalarva,
2421 3799 2696 3854 internam
2722 3798 2893 3854 animi
2916 3797 3267 3853 aﬂectionem
3289 3796 3507 3862 celans;
3537 3809 3603 3851 ac

2015 3893 2157 3947 sicut
2180 3891 2292 3956 ille,
2322 3891 2671 3946 eruditorum
2705 3906 3027 3947 sermonum
3067 3889 3402 3961 prolatione,
3436 3887 3599 3943 audi-

2016 3994 2197 4039 torum
2252 3992 2513 4047 mentem,
2564 3983 2645 4039 sic
2697 3993 2754 4040 et
2804 3984 2920 4054 ipse
2972 3983 3334 4039 honestorum
3384 3996 3601 4036 morum

2015 4074 2375 4129 simulatione.
2410 4074 2745 4144 virtutisque
2786 4074 3052 4130 ementita
3101 4072 3284 4143 specie
3315 4113 3330 4137 ,
3378 4071 3599 4126 intuen-

2017 4168 2152 4223 tium
2205 4182 2429 4223 sensum
2498 4167 2745 4234 fallcns;
2803 4168 2859 4223 in
2927 4182 3091 4238 quem
3153 4165 3384 4237 perinde
3450 4164 3603 4219 dice-

2017 4271 2107 4316 tur
2138 4279 2149 4315 :
2181 4259 2505 4325 Erubescite,
2527 4261 2618 4330 qui
2639 4260 2925 4314 induimini
2943 4268 3104 4313 vestes
3122 4258 3329 4312 alienas
3346 4258 3414 4311 ".
3436 4256 3602 4311 Item-

2016 4370 2123 4423 que
2142 4371 2155 4407 :
2175 4353 2431 4407 Dominus
2454 4352 2739 4406 denudabit
2763 4352 3001 4406 habitum
3032 4368 3218 4405 earum
3234 4352 3288 4403 in
3311 4349 3393 4404 die
3414 4348 3511 4403 illa
3530 4348 3596 4401 ³⁸.

332 4433 523 4505 ἡμέρᾳ
547 4434 772 4500 ἐκείνῃ.
805 4431 941 4485 Καθ’
970 4432 1208 4501 ἑκάστην
1239 4434 1349 4503 γὰρ
1370 4436 1428 4486 ἐν
1452 4433 1531 4503 τῷ
1561 4436 1791 4508 κρυπτῷ
1816 4440 1907 4509 τῆς

2018 4437 2279 4506 Quotidie
2308 4438 2459 4493 enim
2495 4438 2552 4493 in
2587 4437 2776 4492 abdita
2808 4437 2990 4492 cordis
3012 4436 3250 4501 olIicina,
3282 4436 3399 4490 tunc
3424 4434 3492 4489 ad
3513 4449 3598 4488 me

336 4527 561 4600 καρδίας
609 4524 981 4595 ἐργαστηρίῳ,
1031 4523 1203 4577 ταῦτά
1244 4541 1333 4594 μοι
1380 4524 1632 4594 λέγοντος
1692 4528 1915 4583 ἀκούειν

334 4619 475 4673 δοκῶ
505 4618 600 4670 τοῦ
637 4616 775 4670 Θεοῦ
810 4616 908 4687 τὴν
942 4618 1176 4689 ἡμέραν,
1208 4617 1286 4682 ὡς
1316 4617 1404 4670 ἐπ’
1437 4619 1641 4689 ἀμφοῖν
1683 4620 1913 4693 διαρῤή-

336 4714 430 4785 δην
461 4710 935 4781 κατεγνωσμένος.

404 4803 502 4871 ξξν.
532 4804 821 4874 Ἐπίορκός
847 4804 1015 4869 ἐστιν,
1040 4804 1207 4871 ἤγουν
1238 4803 1457 4872 ὀμνύων
1476 4805 1568 4858 ἐπὶ
1590 4806 1667 4877 τῷ
1691 4807 1913 4878 ὀνόματι

337 4898 543 4970 Κυρίου
580 4896 814 4968 ψευδῶς,
854 4900 883 4950 6
905 4895 1377 4967 ἐπαγγελλόμενος
1405 4898 1483 4969 τῷ
1516 4898 1636 4970 Θεῷ
1668 4902 1759 4954 τὸν
1793 4906 1915 4955 κατ’

338 4988 540 5059 ἀρετὴν
580 4989 716 5059 βίον,
746 4989 841 5041 καὶ
867 4988 1123 5059 ἀλλότρια
1154 4987 1307 5058 παρά
1345 4989 1446 5059 τὴν
1479 4990 1773 5062 ὑπόσχεσιν
1817 4994 1917 5064 τῆς

337 5079 541 5143 οἰκείας
578 5078 910 5147 ἐπαγγελίας
943 5077 1301 5149 ἐπιτηδεύων,
1342 5076 1439 5131 καὶ
1488 5078 1588 5148 τὴν
1639 5078 1919 5150 συνθήκην

338 5172 432 5244 τῆς
462 5172 750 5243 ὁμολογίας
784 5172 879 5226 τοῦ
909 5171 1110 5244 σεμνοῦ
1156 5170 1274 5242 βίου
1312 5170 1401 5224 διὰ
1428 5172 1527 5241 τῆς
1568 5171 1769 5242 ἀργίας
1809 5171 1919 5224 τῶν

2015 4531 2336 4600 loquentem
2372 4529 2544 4583 Deum
2586 4528 2721 4583 mihi
2749 4527 2943 4583 audire
2982 4527 3196 4591 videor,
3230 4534 3291 4581 ut
3322 4526 3416 4596 qui
3446 4534 3599 4580 utro-

2014 4639 2121 4693 que
2155 4622 2376 4677 nomine
2402 4619 2692 4691 perspicue
2723 4619 2995 4675 obnoxius
3030 4619 3315 4674 exsistam.

2086 4803 2173 4858 67.
2216 4801 2481 4873 Periurus
2505 4812 2609 4865 est,
2648 4800 2702 4855 id
2733 4810 2839 4867 est,
2872 4800 3012 4854 falso
3039 4801 3230 4871 jurans
3273 4799 3329 4853 in
3370 4796 3596 4853 nomine

2009 4894 2253 4961 Domini,
2293 4895 2387 4965 qui
2412 4892 2661 4949 studiose
2690 4909 2869 4963 exque
2898 4892 3122 4947 virtutis
3159 4891 3376 4945 ratione
3423 4890 3593 4944 vitam

2010 5004 2070 5043 se
2096 4987 2483 5042 instituturum
2504 4986 2806 5055 pollicitus,
2831 4986 3009 5040 aliena
3044 4993 3400 5042 consectatur
3413 4983 3483 5038 ab
3509 4982 3597 5037 bis

2012 5096 2134 5151 qua:
2182 5080 2333 5135 vovit
2386 5088 2441 5134 et
2488 5078 2767 5148 professus
2820 5088 2945 5144 est;
2990 5078 3285 5148 tardusque
3331 5076 3602 5147 religiosa:

2012 5188 2076 5226 ac
2101 5170 2393 5228 sanctioris
2428 5172 2572 5236 vitaz,
2606 5185 2717 5225 non
2751 5170 3065 5241 praestando
3108 5169 3388 5233 mandata,
3422 5176 3601 5222 trans—

338 5262 566 5318 ἐντολῶν
592 5261 971 5334 παραϐαίνων.
1007 5263 1116 5316 Καὶ
1150 5260 1433 5332 συντόμως
1468 5264 1666 5325 εἰπεῖν,
1710 5264 1739 5314 6
1779 5263 1907 5315 κοιτά

2015 5262 2286 5332 greditur.
2328 5263 2531 5333 Atque,
2559 5271 2620 5317 ut
2653 5278 2867 5318 summa
2897 5263 3099 5327 dicam,
3130 5262 3223 5332 qui
3266 5276 3393 5315 cum
3422 5263 3510 5330 pie
3535 5270 3601 5311 ac

401 5444 449 5478 ⁸⁸
487 5445 629 5500 Psal.
659 5446 747 5511 49,
785 5445 869 5499 16.
945 5446 991 5477 ²⁹
1015 5445 1257 5515 Sophon.
1288 5461 1324 5508 t,
1356 5445 1407 5498 8.
1486 5448 1529 5478 ³ο
1559 5446 1658 5499 lsa.
1704 5462 1780 5510 Ill,
1820 5446 1899 5499 l7.

341 5644 462 5685 cum
498 5627 833 5701 attendenda
881 5643 1037 5683 meus
1087 5638 1398 5693 auctorum,
1430 5627 1482 5681 ni
1522 5626 1647 5696 quis
1689 5628 1912 5697 gravius
1949 5644 2137 5684 errare
2202 5629 2364 5695 velit,
2427 5628 2697 5701 docetque
2738 5629 2854 5700 ipse
2904 5626 3171 5682 Maximus
3211 5626 3267 5679 in
3311 5624 3427 5679 suis
3463 5621 3596 5693 υσθ-

349 5718 393 5756 ut
410 5700 562 5753 uicis.
