4010 6202
462 251 597 314 13ῗῖ5

1625 243 1687 300 S.
1730 239 2014 300 MAXIM!
2055 240 2562 305 CONFESSORIS

3607 232 3770 299 133:3

457 369 620 442 602
647 365 900 435 religiose
923 363 1111 417 vivere
1141 356 1519 418 constituerit,
1547 371 1656 408 non
1688 363 1774 410 est
1800 356 2044 426 perfecte

2182 358 2280 411 lsbv
2314 358 2412 428 ζῇν
2443 357 2830 442 προελόμενος,
2868 355 2967 409 καὶ
2999 352 3076 425 μὴ
3113 352 3338 416 τελείως
3379 351 3460 422 τῷ
3502 351 3776 423 παρόντι

465 441 716 512 mortuus
757 455 888 508 huic
922 450 1148 512 saeculo,
1174 445 1410 502 mendax
1433 460 1497 499 ac
1529 445 1791 513 periurus
1818 450 1925 505 est;
1947 441 2044 510 qui

460 548 684 619 quidem
723 546 836 599 Deo
870 538 1143 612 juraverit
1175 536 1397 609 (nempe
1445 533 1764 605 promiserit
1803 532 2048 586 voverit-

461 639 591 710 que)
639 636 981 704 inculpatum
1032 631 1090 684 in
1149 629 1355 684 divinis
1404 624 1756 682 sermonibus
1800 637 2044 686 cursum,

463 748 566 788 nec
622 739 802 784 tamen
848 723 1201 796 impleverit;
1262 721 1469 790 quique
1521 718 1660 773 adeo
1714 717 1868 772 nulla
1919 714 2050 769 hinc

461 822 626 878 laude
656 821 856 891 dignus
892 817 986 872 sit.
1038 813 1368 868 Laudabitur
1405 811 1575 874 enim,
1631 809 1830 878 inquit,
1861 807 2050 879 omnis

463 916 553 986 qui
577 915 731 984 jurat
774 913 830 965 in
864 925 923 964 eo
958 909 1002 940 ³¹
1032 949 1049 972 ,
1078 907 1188 961 hoc
1239 912 1345 967 est,
1399 903 1587 957 omnis
1629 901 1724 970 qui
1758 913 1888 953 cum
1937 897 2050 950 Deo

429 1053 432 1056 .
465 1005 710 1060 divinam
760 1000 979 1056 voverit
1019 998 1149 1052 vita:
1181 995 1452 1051 rationem
1478 1033 1494 1059 ,
1547 991 1781 1046 veritate
1814 1003 2048 1060 operum

460 1096 714 1168 justitiae,
746 1094 907 1150 bonas
939 1089 1302 1162 professionis
1327 1087 1553 1157 votique
1595 1086 1918 1156 iuramenta
1951 1081 2048 1137 ad-

464 1188 679 1258 implet.

539 1277 626 1332 68.
659 1275 763 1343 Qui
797 1273 913 1330 sola
953 1284 1274 1328 sermonum
1302 1266 1614 1339 prolatione
1641 1263 1933 1320 scientiam
1979 1261 2056 1316 si-

467 1367 708 1430 mulans,
765 1365 822 1418 in
863 1378 1021 1419 suam
1057 1361 1175 1432 ipse
1209 1359 1442 1430 gloriam
1494 1355 1818 1411 auditorum
1859 1351 2054 1407 furtim

467 1459 640 1514 trahit
679 1457 972 1520 animum;
1022 1469 1088 1508 ac
1131 1450 1384 1522 perinde,
1433 1448 1530 1520 qui
1570 1446 1849 1502 exteriore
1901 1443 2056 1498 cultu

468 1550 852 1620 moribusque,
877 1545 1104 1601 virtutis
1131 1545 1348 1616 objecta
1365 1542 1540 1608 larva,
1564 1540 1620 1594 in
1651 1554 1806 1594 suam
1825 1537 2054 1609 gloriam

469 1645 664 1701 furtim
698 1642 894 1697 itidem
928 1679 946 1705 ,
996 1638 1264 1693 virtutem
1319 1632 1634 1690 simulando
1679 1639 2057 1700 spectatorum

2157 449 2256 521 βίῳ
2286 444 2669 521 νεκρούμενος,
2687 448 2931 518 ψεύστης
2960 446 3076 499 ἐστὶ
3103 445 3196 498 καί
3223 444 3504 516 ἐπίορκος,
3535 444 3775 513 ὀμόσας

2160 541 2256 610 μὲν
2284 541 2360 612 τῷ
2391 541 2531 612 Θεῷ,
2566 521 2866 604 τουτέστιν,
2899 537 3368 610 ἐπαγγειλάμενος
3400 536 3494 590 τὸν
3537 537 3601 588 ἐν
3634 539 3771 598 τοῖς

2157 633 2322 697 θείοις
2343 634 2550 703 ἀγῶσιν
2581 632 2879 710 ἄμεμπτον
2905 632 3127 704 δρόμον,
3170 630 3267 683 καὶ
3300 631 3374 703 μὴ
3408 629 3766 700 πληρώσεις,

2157 719 2252 774 καὶ
2297 720 2385 774 διὰ
2409 719 2568 774 τοῦτο
2599 720 2866 792 μηδαμῶς
2910 719 3325 790 ἐπαινούμενος.
3384 718 3764 784 Ἐπαιγεθήο

2157 826 2327 866 σεται
2347 812 2457 884 γὰρ
2477 812 2597 880 πᾶς
2619 817 2652 868 ό
2679 814 2921 884 ὀμνύων
2951 814 3020 867 ἐν
3048 810 3227 877 αὐτῷ,
3259 813 3529 877 τουτέστι,
3566 813 3692 874 πᾶς
3733 810 3767 861 6

2159 902 2236 973 τῷ
2257 903 2376 974 Θεῷ
2404 904 2496 957 τὸν
2523 904 2708 958 ἔνθεον
2743 905 3214 974 ἐπαγγειλάμενος
3245 904 3382 974 βίον,
3413 905 3510 957 καὶ
3531 902 3624 956 διὰ
3648 903 3764 972 τῆς

2158 995 2418 1065 ἀληθείας
2455 996 2564 1049 τῶν
2598 996 2778 1068 ἔργων
2822 997 2924 1067 τῆς
2972 995 3319 1066 δικαιοσύνης
3367 995 3496 1058 τοὺς
3541 995 3761 1066 ὅρκους

2162 1087 2390 1160 πληρῶν
2421 1089 2520 1159 τῆς
2547 1089 2722 1160 καλῆς
2754 1089 3119 1162 ὑποσχέσεως.

2234 1281 2335 1353 ξη’.
2380 1283 2438 1338 '0
2465 1284 2609 1338 κατὰ
2641 1286 2809 1356 μόνην
2837 1287 2938 1355 τὴν
2967 1287 3026 1340 ἐν
3054 1287 3166 1348 τοῖς
3201 1283 3382 1354 λόγοις
3432 1283 3756 1356 προφορὰν,

2165 1375 2366 1443 γνῶσιν
2401 1378 2848 1451 ὑποκρινόμενος,
2895 1380 3034 1450 πρὸς
3071 1378 3232 1443 δόξαν
3267 1377 3477 1432 οἰκείαν
3506 1377 3606 1449 τὴν
3635 1377 3757 1430 τῶν

2164 1467 2470 1523 ἀκουόντων
2503 1470 2726 1525 κλέπτει
2754 1472 2989 1526 διάνοιαν
3013 1489 3028 1504 ·
3082 1472 3175 1524 καὶ
3213 1473 3242 1524 6
3285 1472 3398 1533 τοῖς
3443 1469 3600 1541 ηθεσι
3647 1471 3755 1537 τὴν

2164 1559 2365 1630 ἀρετὴν
2394 1561 2838 1633 ὑποκρινόμενος,
2886 1561 3024 1632 πρὸς
3072 1561 3229 1627 δόξαν
3267 1560 3476 1614 οἰκείαν
3518 1559 3753 1612 κλέπτει

2167 1649 2274 1702 τῶν
2306 1650 2595 1723 Θεωμένων
2615 1653 2712 1717 τὴν
2732 1653 2921 1725 ὅρασιν
2946 1668 2960 1683 ·
2992 1651 3090 1705 καὶ
3115 1649 3181 1703 δι’
3209 1649 3425 1718 ἀπάτης
3445 1646 3752 1717 ἀμφότεροι

471 1738 646 1794 trahit
675 1741 958 1806 aspectum
982 1749 997 1798 ;
1031 1730 1182 1786 furto
1201 1729 1536 1796 obrepentes
1559 1723 1816 1778 simulate
1844 1722 2064 1786 fallunt,

2182 1719 2514 1810 κλέπτοντες,
2573 1719 2869 1812 πλανῶσιν,
2915 1748 2944 1799 6
2997 1745 3120 1815 μὲν,
3150 1743 3387 1797 διάνοιαν
3435 1742 3612 1812 ψυχῆς
3635 1740 3752 1792 τῶν

472 1831 616 1886 alter
643 1827 962 1883 auditorum
1003 1832 1269 1885 mentem,
1305 1821 1446 1874 alter
1476 1816 1792 1872 videntium
1816 1814 2069 1884 corporis

473 1938 720 1979 sensum.
1165 1963 1180 1984 ,

546 2015 634 2069 69.
667 2013 726 2068 Si
753 2011 981 2068 omnino
1011 2006 1232 2063 laudem
1258 2003 1448 2067 habet,
1503 2003 1600 2072 qui
1646 2017 1711 2056 ea
1743 2015 1866 2070 qua:
1895 1998 2066 2062 vovit,

476 2105 765 2174 adimplet,
795 2112 857 2156 ut
891 2100 988 2171 qui
1011 2100 1160 2170 juret
1181 2096 1236 2149 in
1264 2096 1398 2159 Deo,
1426 2109 1528 2148 nec
1550 2108 1580 2146 a
1606 2107 1740 2146 vero
1768 2091 2069 2161 quidquam

476 2195 776 2260 abscedat;
838 2193 1019 2261 liquet
1074 2188 1269 2256 utique
1332 2185 1538 2254 probro
1604 2183 1904 2237 obnoxium
1953 2180 2070 2234 fore

478 2285 902 2359 ignominiaque
925 2278 1260 2342 notandum,
1300 2274 1396 2345 qui
1426 2289 1524 2329 sua
1559 2273 1675 2342 ipse
1705 2281 1866 2342 pacta
1900 2270 2072 2324 fuerit

477 2377 902 2451 prmvaricatus,
936 2381 997 2427 ut
1020 2370 1117 2441 qui
1139 2371 1338 2440 jurans
1362 2367 1418 2421 in
1444 2366 1558 2422 Deo
1583 2365 1852 2419 mentitus
1903 2364 1996 2417 sit.

555 2469 644 2525 70.
680 2467 802 2528 Non
833 2462 1014 2518 omnis
1053 2462 1222 2515 homo
1248 2458 1342 2528 qui
1367 2457 1522 2512 venit
1543 2457 1600 2510 in
1626 2456 1778 2509 hunc
1803 2453 2070 2508 mundum

483 2559 778 2616 omnino‘a
822 2554 1005 2611 Verbo
1049 2550 1399 2606 illuminatur
1432 2549 1476 2581 ⁸⁸
1508 2565 1521 2600 :
1560 2546 1720 2602 multi
1771 2546 1922 2600 enim
1959 2561 2072 2598 non

482 2650 782 2708 illuminati
819 2655 1068 2710 manent,
1100 2658 1206 2698 nec
1236 2643 1356 2713 ejus
1378 2641 1540 2706 lucis,
1566 2656 1688 2710 quae
1714 2640 1766 2710 in
1789 2639 2072 2708 agnitione

482 2745 665 2815 posita
699 2751 806 2806 est,
846 2743 1172 2809 compotes;
1207 2733 1302 2789 sed
1344 2734 1508 2804 plane
1548 2731 1730 2787 omnis
1758 2732 1945 2794 homo,
1976 2730 2073 2800 qui

483 2836 656 2892 animi
683 2835 970 2890 voluntate
1005 2830 1062 2884 in
1084 2843 1281 2884 verum
1308 2826 1581 2881 virtutum
1605 2823 1874 2878 mundum
1896 2822 2070 2876 venit.

485 2927 680 2985 Omnis
701 2925 852 2982 enim
877 2923 974 2994 qui
1005 2937 1138 2977 vere
1160 2918 1477 2976 voluntaria
1515 2916 1803 2971 nativitate
1834 2915 1892 2969 in
1924 2914 2074 2968 hunc

484 3020 758 3077 mundum
785 3017 959 3081 venit,
991 3015 1224 3070 omnino
1257 3029 1288 3066 a
1315 3009 1496 3066 Verbo
1531 3009 1876 3064 illuminatur
1904 3047 1918 3072 ,
1964 3007 2070 3070 im:

450 3133 456 3142 ν
489 3111 752 3166 mobilem
783 3107 1011 3162 virtutis
1036 3113 1234 3161 nactus
1252 3102 1530 3168 habitum,
1548 3115 1804 3170 veraeque
1829 3097 2074 3154 scientiae

488 3213 702 3260 certam
729 3200 1006 3259 notitiam.

566 3386 654 3441 7i.
680 3384 804 3439 Non
835 3396 1027 3436 omnes
1068 3394 1319 3451 persona:
1352 3379 1562 3449 pariter
1595 3385 1760 3446 atque
1801 3391 1910 3440 res,
1956 3391 2079 3445 qurc

493 3477 692 3534 eodem
729 3483 1031 3530 censentur
1077 3473 1350 3528 vocabulo
1375 3512 1390 3536 ,
1429 3486 1595 3526 unam
1639 3469 1870 3525 omnino
1911 3477 2077 3538 atque

495 3569 749 3626 eamdem
780 3582 976 3623 sensus
1014 3566 1284 3636 spiritalis
1311 3564 1734 3635 intelligentiam
1763 3562 2076 3632 rccipiunt;

495 3663 594 3718 sed
633 3661 851 3732 singula
877 3676 999 3730 qua:
1031 3659 1294 3714 dicuntur
1329 3673 1429 3727 pro
1472 3657 1719 3726 subjecta
1748 3655 1871 3710 loco
1910 3669 2081 3708 sacrae

497 3753 803 3824 Scriptura:
831 3752 884 3807 vi
912 3751 1286 3819 intelligamus
1316 3762 1545 3803 necesse
1569 3755 1676 3811 est,
1701 3746 1746 3801 si
1775 3746 1938 3800 modo
1968 3759 2079 3814 quo

497 3853 754 3915 spectent
787 3859 851 3898 ea
875 3859 997 3914 qua:
1023 3841 1227 3912 scripta
1251 3851 1382 3896 sunt
1410 3840 1515 3894 rite
1566 3840 1886 3910 conjectura
1933 3852 2082 3892 asse-

498 3932 683 3989 cuturi
711 3948 921 3987 sumus.

569 4026 657 4078 7‘2.
694 4025 856 4079 Nulla
887 4024 1322 4094 perscriptarum
1360 4022 1659 4091 Scriptura:
1681 4004 2078 4090 personarum,

499 4116 713 4172 nihilve
765 4116 1018 4171 locorum
1059 4122 1154 4168 aut
1193 4113 1429 4167 aliarum
1485 4128 1669 4166 rerum
1711 4112 2078 4165 animatarum

500 4209 714 4282 pariter
742 4208 1050 4278 animmque
1079 4207 1414 4277 expertium,
1444 4205 1842 4273 scnsiliumque
1876 4212 1932 4258 et
1961 4219 2083 4273 qua:

502 4300 621 4356 sola
648 4306 834 4354 mente
861 4298 1261 4368 intelligantur,
1285 4313 1396 4352 uno
1422 4312 1645 4365 semper
1665 4295 1829 4366 603
1859 4295 2082 4350 eodem-

503 4405 613 4459 que
634 4389 798 4444 modo
814 4389 1247 4453 consideratum,
1297 4387 1541 4457 undique
1566 4386 1672 4440 sibi
1691 4387 2080 4450 cohaerentem,

501 4481 584 4536 rei
607 4490 775 4552 gestae
801 4479 1176 4534 narrationem
1204 4490 1301 4534 aut
1323 4495 1545 4535 sensum
1568 4479 1873 4549 spiritalem
1898 4479 2084 4533 liabet.

500 4573 716 4630 Idcirco
746 4586 930 4641 opera:
958 4569 1222 4640 pretium,
1263 4580 1323 4625 ut
1350 4571 1444 4642 qui
1493 4581 1647 4626 certa
1679 4570 1915 4626 veritate
1948 4570 2088 4625 divi-

501 4681 631 4722 nam
667 4663 969 4733 Scripturte
993 4671 1344 4718 consectatur
1378 4663 1796 4734 intelligentiam
1821 4706 1834 4730 ,
1867 4681 1967 4734 pro
1991 4679 2088 4719 eo-

501 4774 626 4812 rum
664 4772 788 4826 quae
809 4763 962 4827 gesta
988 4760 1086 4808 aut
1120 4769 1242 4824 qua;
1275 4753 1422 4809 dicta
1457 4754 1778 4811 referuntur
1819 4754 2093 4810 discrimi-

504 4865 576 4904 ne
596 4889 610 4913 ,
672 4847 946 4903 recensita
992 4846 1207 4917 singula
1234 4845 1608 4901 diversimode
1645 4847 2044 4916 interpretetur
2073 4888 2088 4913 ,

505 4943 699 5011 eisque
734 4939 1155 4995 convenientem
1193 4955 1296 5010 pro
1338 4940 1461 4995 loco
1499 4951 1596 4996 aut
1635 4948 1881 5010 tempore
1922 4940 2086 5010 Spiri-

509 5033 676 5085 talem
704 5031 806 5085 rite
831 5046 1054 5086 sensum
1093 5031 1412 5087 distribuat.

582 5124 668 5178 75.
699 5121 940 5176 Docendi
969 5131 1096 5178 sunt
1123 5138 1318 5179 omnes
1345 5123 1441 5193 qui
1471 5123 1527 5178 in
1555 5123 1706 5179 omni
1732 5122 1937 5176 mundo
1963 5139 2088 5176 ver-

507 5225 722 5284 santur,
753 5226 813 5270 ut
841 5216 955 5271 sola
983 5216 1196 5270 ratione
1220 5216 1407 5272 vivant
1436 5229 1730 5284 moresque
1763 5213 2046 5268 instituant
2070 5232 2084 5281 ;

509 5319 767 5380 tantaque
798 5307 1123 5376 corporibus
1157 5323 1285 5361 cura
1322 5305 1733 5376 impenduntur,
1760 5314 1963 5375 quanta
1993 5322 2087 5360 ne-

508 5417 662 5460 cesse
697 5409 781 5457 est
817 5409 876 5455 ut
913 5401 1084 5454 multa
1122 5399 1490 5456 sollicitudine
1526 5415 1588 5453 ac
1623 5397 1905 5469 diligentia
1956 5415 2077 5469 pro-

584 5557 624 5587 ³¹
656 5557 796 5610 Psal.
829 5573 954 5620 ιλιι,
986 5556 1069 5608 12.
1148 5557 1192 5587 ³³
1218 5555 1372 5611 Joal.
1414 5572 1449 5618 l,
1476 5556 1526 5609 9.

582 5671 600 5689 '
625 5669 706 5724 Cf.
737 5669 804 5723 ad
829 5671 986 5726 Tlial.
1018 5688 1069 5742 (ι.
1097 5671 1163 5724 65
1187 5679 1237 5723 et
1271 5671 1337 5724 ϐό
1372 5669 1509 5723 infra
1541 5669 1604 5724 ad
1641 5683 1791 5724 num.
1826 5666 1908 5722 72.

2169 1837 2496 1902 ἀκουόντων,
2546 1837 2574 1890 6
2605 1835 2682 1902 δὲ,
2716 1836 2824 1890 τῶν
2857 1835 3148 1906 θεωμένων
3186 1832 3438 1902 σώματος
3468 1833 3748 1903 αἴσθησιν.

2242 2014 2341 2084 ξθ’.
2375 2018 2437 2070 Εἰ
2473 2015 2690 2077 πάντως
2721 2013 2940 2067 ἔπαινον
2968 2012 3082 2082 ἔχει
3109 2014 3137 2066 6
3156 2011 3263 2064 τῶν
3291 2009 3511 2064 οἰκείων
3536 2009 3754 2078 πληρω-

2170 2110 2268 2180 τὴς
2301 2105 2664 2176 ἐπαγγελιῶν,
2697 2105 2772 2169 ὡς
2813 2104 3031 2176 ὀμνύων
3063 2104 3122 2156 ἐν
3158 2102 3236 2172 τῷ
3277 2100 3419 2170 Θεῷ,
3470 2099 3566 2153 καὶ
3617 2100 3752 2169 (nr..-

2173 2200 2377 2255 θεύων’
2439 2200 2600 2269 δῆλον
2632 2199 2713 2251 ὅτι
2758 2196 2925 2267 ψόγον
2974 2195 3086 2260 ’ἐξει
3121 2194 3216 2248 καὶ
3253 2192 3501 2262 ἀτιμίαν,
3563 2192 3594 2243 ὸ
3638 2189 3748 2243 τῶν

2171 2294 2389 2346 οἰκείων
2419 2290 2702 2362 συνθηκῶν
2735 2288 3064 2360 παραϐάτης
3109 2286 3411 2356 γινόμενος,
3445 2283 3520 2347 ὼς
3545 2281 3750 2352 ὀμόσας

2171 2387 2230 2438 ἐν
2261 2384 2339 2454 τῷ
2377 2383 2520 2452 Θεῷ,
2557 2382 2653 2435 καὶ
2678 2380 3044 2451 ψευσάμενος.

2243 2483 2305 2531 o'.
2338 2478 2354 2496 '
2381 2476 2457 2529 Οὐ
2502 2477 2611 2539 πᾶς
2654 2474 2940 2545 ἄνθρωπος
2981 2475 3061 2535 εἰς
3096 2470 3287 2525 τοῦτον
3333 2469 3629 2540 ἐρχόμενος
3662 2468 3754 2520 τὸν

2173 2569 2402 2639 κόσμον,
2441 2566 2546 2620 ὑπὸ
2573 2560 2670 2619 τοῦ
2718 2565 2893 2633 Λόγου
2929 2565 3146 2627 πάντως
3189 2561 3520 2631 φωτίζεται⁹
3569 2559 3757 2613 πολλοὶ

2173 2661 2284 2730 γὰρ
2310 2656 2604 2730 ἀφώτιστοι
2638 2657 2970 2728 διαμένουσι,
3021 2654 3237 2708 καὶτοῦ
3287 2653 3408 2706 κατ’
3461 2652 3758 2720 ἐπίγνωσιν

2175 2753 2434 2822 ἁμέτοχοι
2461 2751 2671 2820 φωτός·
2718 2747 2854 2802 ἀλλὰ
2887 2746 3047 2817 δῆλον
3072 2747 3153 2798 ὅτι
3177 2745 3284 2807 πᾶς
3317 2743 3610 2814 ἄνθρωπος
3638 2741 3756 2793 κατ’

2175 2845 2381 2898 οἰκείαν
2415 2843 2665 2914 γνώμην,
2705 2844 2786 2903 εἰς
2841 2840 2931 2893 τὸν
2979 2836 3152 2908 ἀληθῆ
3197 2836 3402 2905 κόσμον
3459 2834 3756 2904 ἐρχόμενος

2176 2939 2284 2994 τῶν
2316 2937 2546 3010 ἀρετῶν.
2570 2936 2683 2999 Πᾶς
2709 2935 2817 3005 γὰρ
2837 2933 2864 2986 6
2893 2931 3014 2985 κατ’
3039 2929 3298 2999 ἀλήθειαν
3323 2926 3413 2980 διὰ
3437 2927 3538 2996 τῆς
3571 2925 3760 2978 αὐθαιο

2183 3030 2335 3103 ρέτου
2365 3030 2670 3100 γεννήσεως
2715 3028 2795 3090 εἰς
2824 3023 3011 3078 τοῦτον
3050 3020 3347 3092 ἐρχόμενος
3390 3015 3488 3069 τὸν
3533 3016 3756 3084 κόσμον,

2181 3123 2286 3177 ὑπὸ
2324 3122 2417 3176 τοῦ
2460 3121 2634 3189 Λόγου
2681 3118 2897 3180 πάντως
2947 3111 3264 3183 φωτίζεται,
3309 3108 3604 3179 λαμϐάνων
3650 3105 3762 3170 ἔξω

2182 3217 2382 3289 ἀρετῆς
2412 3212 2834 3286 ἀμετακίνητον,
2864 3208 2960 3262 καὶ
2991 3204 3251 3276 γνώσεως
3272 3199 3513 3273 ἀληθοῦς
3530 3199 3760 3269 ἐπιστήο

2185 3326 2294 3380 μην
2327 3307 2644 3362 ἄπταιστον.

2252 3408 2354 3454 οαθ.
2377 3401 2453 3452 Οὐ
2485 3399 2685 3462 πάντες
2713 3416 2773 3451 τε
2802 3398 2897 3452 καὶ
2927 3399 3107 3454 πάντα
3143 3398 3214 3451 τὰ
3244 3395 3344 3466 τὴν
3376 3393 3548 3463 αὐτὴν
3579 3389 3758 3459 ὲκῳώ-

2183 3511 2338 3565 νησιν
2361 3492 2573 3562 ἔχοντα,
2598 3490 2719 3545 καθ’
2747 3491 2844 3544 ἕνα
2869 3491 2961 3544 καὶ
2992 3491 3080 3544 τὸν
3115 3488 3281 3544 αὑτὸν
3311 3485 3535 3548 πάντως
3560 3482 3759 3551 νοηθὴ·

2183 3605 2333 3641 σεται
2382 3585 2581 3657 τρόπον
2607 3599 2620 3614 ·
2647 3583 2788 3657 ⁸ἀλλ’
2835 3584 3067 3636 ἕκαστον
3121 3581 3231 3634 τῶν
3279 3578 3590 3648 λεγομένων
3625 3575 3759 3645 πρὸς

2180 3678 2278 3747 τὴν
2335 3651 2702 3745 ὑποκειμένην
2759 3673 3002 3743 δηλονότι
3053 3671 3134 3740 τῷ
3198 3669 3384 3739 τρόπῳ
3450 3668 3552 3736 τῆς
3602 3664 3756 3732 ἁγίας

2183 3771 2405 3839 Γραφῆς
2456 3766 2690 3837 δύναμιν
2732 3765 2976 3834 νοητέον,
3020 3765 3069 3817 εἰ
3114 3762 3402 3833 μέλλοιμεν
3438 3758 3616 3830 ὀρθῶς
3664 3755 3756 3808 τοῦ

2186 3862 2386 3917 σκοποῦ
2413 3861 2524 3915 τῶν
2553 3858 2954 3931 γεγραμμένων
2981 3853 3505 3926 καταστοχάζεσθαι.

2254 4046 2353 4117 οβ’.
2445 4042 2612 4097 Οὐδὲν
2673 4039 2780 4093 τῶν
2863 4034 3372 4110 ἀναγεγραμμένων
3444 4034 3511 4103 τῇ
3568 4029 3751 4100 Γραφῇ

2185 4137 2514 4211 προσώπων,
2545 4133 2580 4204 ἢ
2605 4131 2806 4195 τόπων,
2831 4129 2864 4199 ἢ
2893 4129 3121 4200 χρόνων,
3138 4126 3171 4197 ἦ
3191 4124 3396 4198 ἐτέρων
3422 4120 3751 4192 πραγμάτων

2184 4231 2445 4303 ἐμψύχων
2475 4245 2534 4280 τε
2569 4225 2665 4280 καὶ
2709 4221 2954 4293 ἀψύχων,
2987 4213 3262 4291 αἰσθητῶν
3299 4233 3360 4270 τε
3401 4216 3498 4269 καὶ
3530 4211 3745 4282 νοητῶν,

2187 4300 2347 4384 κατάῗ
2368 4324 2462 4378 τὸν
2490 4320 2652 4376 αὐτὸν
2681 4318 2768 4371 ἀεὶ
2801 4314 3089 4386 νοούμενον
3117 4311 3342 4382 τρόπον,
3369 4308 3483 4378 ἔχει
3523 4300 3743 4373 συμεαξο

2192 4434 2390 4473 νουσαν
2435 4414 2602 4483 ἐαυτῇ
2641 4409 2815 4464 διόλου
2851 4407 2951 4476 τὴν
2998 4403 3238 4475 ἰστορίαν
3285 4401 3319 4468 ἦ
3362 4400 3463 4470 τὴν
3508 4394 3742 4464 θεωρίαν.

2190 4513 2280 4570 Διὸ
2299 4507 2405 4582 χρὴ
2424 4506 2515 4559 τὸν
2537 4500 2850 4562 ἀπταίστως
2866 4496 2962 4568 τὴν
2978 4495 3132 4550 θείαν
3150 4497 3248 4565 τῆς
3269 4491 3494 4564 Γραφῆς
3515 4483 3746 4582 ἐξασκού·

2195 4577 2356 4678 μενον
2390 4577 2618 4667 εἴδησιν,
2648 4593 2768 4655 ταῖς
2787 4590 3070 4659 διαφοραῖς
3097 4585 3209 4639 τῶν
3230 4581 3531 4653 γινομένων
3556 4577 3744 4648 ἢλεγο-

2196 4669 2396 4768 μένων,
2453 4688 2724 4758 διαφόρως
2767 4681 3082 4750 ἐκδέχεσθαι
3136 4675 3244 4730 τῶν
3294 4669 3744 4744 ἀπηριθμημένων

2197 4760 2450 4844 ἐκαστον,
2486 4781 2582 4835 καὶ
2606 4777 2703 4848 τὴν
2734 4774 3079 4845 ἁρμόζουσαν
3119 4767 3270 4837 αὐτῷ
3296 4765 3439 4820 κατὰ
3467 4763 3556 4818 τὸν
3579 4760 3742 4821 τόπον,

2201 4882 2233 4950 ἢ
2274 4880 2365 4934 τὸν
2395 4875 2584 4948 χρόνον
2611 4871 2839 4933 δεόντως
2880 4864 3110 4934 θεωρίαν
3140 4861 3490 4934 προσνέμειν.

2265 5127 2366 5196 ογ’.
2404 5125 2685 5179 Διδάσκειν
2718 5120 2825 5192 χρὴ
2857 5117 3061 5178 πάντας
3105 5113 3229 5176 τοὺς
3259 5113 3315 5163 ἐν
3358 5107 3520 5162 παντί
3561 5101 3636 5174 τῷ
3677 5099 3751 5155 κό-

2198 5191 2341 5287 σμω,
2375 5215 2519 5285 λόγῳ
2545 5213 2644 5284 ζῇν
2674 5191 2823 5283 μόνω
2857 5208 2948 5263 καὶ
2974 5201 3373 5264 πολιτεύεσθαι,
3401 5198 3495 5251 καὶ
3518 5191 3749 5287 τοσοῦτον

2194 5282 2338 5378 ἔχειν
2391 5282 2518 5378 περλι
2558 5282 2684 5359 τῶν
2713 5302 2981 5372 σωμάτων
3037 5298 3137 5369 τὴν
3196 5287 3488 5366 μέριμναν,
3515 5290 3633 5343 ὅσον
3675 5282 3750 5378 6:1

2193 5373 2395 5470 πολλῆς
2427 5373 2704 5470 φροντίδος
2749 5395 2846 5468 τὴν
2891 5392 3028 5466 πρὸς
3073 5387 3213 5444 αὐτὰ
3271 5384 3452 5456 σχέσιν
3476 5381 3573 5453 τῆς
3590 5373 3748 5449 ψυχῆς
