4046 6196
314 250 452 321 1337

988 255 1323 315 CAPITUM
1362 254 1789 326 OUlNQUIES
1830 254 2359 315 CENTENORUM
2400 256 2789 315 CENTURIA
2832 258 2921 317 IV.

3449 259 3584 325 1338

308 364 581 434 διακόψαι,
620 364 715 417 καὶ
759 364 1031 435 μηδεμίαν
1074 364 1272 418 διδόναι
1323 366 1604 418 coci/01'»
1651 367 1781 437 ’ὑλης
1825 368 1891 436 τῇ
1927 401 1936 425 ι

2010 368 2282 421 :liviorcm
2318 368 2369 421 in
2401 384 2464 421 ca
2494 369 2662 420 animi
2692 368 2950 422 affectum
2979 386 3043 424 ac
3072 370 3356 425 libidinem
3386 389 3580 442 ampu-

307 458 455 527 ψυχῇ
486 457 787 525 φαντασίαν
822 472 835 486 ·
874 454 1195 526 σϐεσθείσης
1222 455 1322 527 ἤδη
1353 456 1431 527 τῷ
1467 457 1611 528 λόγῳ
1640 458 1740 526 τῆς
1770 457 1891 510 κατ’

307 550 506 621 ἀρχὰς,
537 549 628 603 τὸν
664 549 761 619 μὲν
793 548 953 614 λόγον
986 548 1411 620 παρωσαμένης,
1442 549 1541 621 τὴν
1583 550 1809 619 ἀλογίαν
1835 550 1892 604 δὲ

307 644 408 711 τῆς
439 642 633 711 ἡδονῆς
662 640 837 707 ὄφεως
868 639 1025 710 δίκην
1059 640 1391 710 ἐρπυστικοῦ
1422 640 1891 712 προσδεξαμένης,

308 733 632 804 αἰσθήσεως,
675 732 799 785 καθ’
836 726 904 803 ἦς
939 731 1151 804 ὡρίσθη
1186 732 1413 797 δικαίως
1449 735 1478 786 6
1519 733 1771 798 θάνατος,
1807 734 1894 788 ἵνα

309 825 592 892 παύσηται
620 822 695 894 τῷ
733 822 969 895 διαϐόλῳ
1005 816 1142 895 πρὸς
1180 824 1279 895 τὴν
1319 824 1497 897 ψυχὴν
1539 824 1892 897 παρεχομένη

309 915 411 987 τὴν
442 916 668 968 εἴσοδον.

382 1097 472 1150 οδ’.
506 1098 619 1150 Μία
676 1096 1001 1169 ὑπάρχουσα
1050 1096 1193 1151 κατὰ
1252 1099 1316 1151 τὸ
1355 1098 1514 1166 γένος
1542 1100 1577 1170 ή
1616 1098 1892 1168 αἴσθησις,

311 1189 719 1244 πενταπλοῦται
751 1193 864 1254 τοῖς
893 1190 1084 1253 εἴδεσι,
1112 1190 1202 1245 διὰ
1240 1191 1339 1260 τῆς
1378 1190 1501 1243 καθ’
1529 1190 1760 1244 ἕκαστον
1818 1185 1897 1243 εἷ-

315 1284 401 1345 δο,
433 1282 825 1354 ἀντιληπτικῆς
878 1284 1182 1355 ἐνεργείας,
1243 1284 1303 1337 τὸ
1353 1284 1637 1355 προσφυὲς
1700 1283 1894 1355 αίσθηο

314 1376 426 1437 τὴν,
458 1376 579 1429 ἀντὶ
614 1374 749 1428 Θεοῦ
782 1375 1031 1447 στέργειν
1052 1375 1150 1446 τὴν
1180 1376 1541 1446 πλανωμένην
1566 1375 1744 1446 ψυχὴν
1766 1377 1897 1429 ἁνα-

315 1467 601 1522 πείθουσα.
645 1468 845 1540 Διόπερ
903 1470 932 1522 6
970 1467 1047 1538 τῷ
1095 1468 1239 1538 λόγῳ
1272 1467 1450 1537 σοφῶς
1473 1468 1756 1537 ἑπόμενος,
1791 1466 1897 1536 πρὸ

324 1558 419 1612 τοῦ
453 1558 812 1629 βεϐιασμένου
839 1558 933 1611 καί⁵
960 1558 1112 1629 παρά
1142 1556 1370 1628 γνώμην
1404 1557 1659 1621 θανάτου,
1684 1557 1774 1610 τὸν
1801 1557 1897 1611 θά-

316 1668 476 1704 νκτον
501 1651 599 1721 τῆς
634 1650 836 1721 σαρκὸς
862 1649 1127 1712 ἑκουσίως
1150 1648 1617 1718 καταψηφίζεται,
1644 1650 1735 1703 τὸν
1762 1650 1898 1719 πρὸς

2004 466 2137 523 tent,
2156 458 2473 530 nullamque
2495 460 2544 514 ei
2569 476 2794 531 prorsus
2818 474 3167 518 terrenorum
3190 463 3580 532 cogitationem

2002 550 2355 620 indulgeant;
2407 553 2677 607 exstincto
2721 555 2833 624 jam
2886 571 2984 624 per
3031 555 3305 609 rationem
3353 555 3583 624 ejusque

2001 642 2275 710 potentia,
2307 642 2402 712 qui
2437 643 2597 699 initio
2631 646 2882 710 submota
2920 647 3162 712 ratione,
3189 647 3489 716 voluptatis
3523 662 3586 699 ac

2001 730 2249 786 libidinis
2281 732 2500 788 brutam
2535 734 2881 791 affectionem
2920 738 3193 807 serpentis
3224 753 3381 793 more
3414 740 3588 808 repti-

2000 821 2089 886 lis,
2120 838 2315 877 sensus
2350 834 2693 895 susceperat;
2735 827 3002 882 adversus
3038 844 3204 897 quem
3244 828 3440 882 merito
3478 830 3588 883 lata

2002 914 2199 969 mortis
2239 917 2535 984 sententia,
2570 933 2683 987 quo
2721 919 2816 974 ille
2852 919 3073 974 diabolo
3096 919 3152 973 in
3194 920 3440 973 animum
3481 920 3588 974 iter

2002 1007 2244 1074 pandere
2270 1007 2507 1064 desinat.

2075 1096 2161 1150 74.
2206 1094 2343 1151 Cum
2390 1113 2586 1155 sensus
2630 1101 2830 1155 unicus
2880 1101 2950 1156 sit
2993 1117 3224 1171 genere,
3261 1101 3588 1172 quintuplex

2002 1196 2086 1242 est
2108 1188 2314 1257 specie,
2339 1205 2441 1260 pro
2466 1193 2732 1262 cujusque
2759 1192 2962 1262 speciei
2993 1195 3367 1264 perceptione,
3392 1195 3591 1250 animas

2003 1279 2245 1334 seducta:
2277 1290 2470 1337 auctor
2496 1284 2789 1349 exsistens,
2821 1294 2883 1339 ut
2914 1285 3013 1341 Dei
3046 1287 3170 1341 loco
3202 1287 3588 1356 amplectatur,

2003 1373 2151 1441 quod
2182 1373 2340 1429 aliine
2367 1390 2431 1430 ac
2459 1378 2801 1433 conveniens
2823 1378 3104 1449 objectum
3130 1394 3354 1434 sensum
3383 1388 3586 1434 movet.

2004 1464 2213 1520 idcirco
2257 1466 2350 1535 qui
2399 1468 2699 1537 prudenter
2742 1470 3012 1525 rationem
3062 1470 3260 1525 ducem
3315 1471 3587 1540 sequitur,

2004 1558 2445 1625 antejviolentam
2475 1568 2739 1631 extraque
2757 1562 2927 1616 animi
2950 1563 3306 1629 sententiam,
3331 1574 3588 1628 mortem,

2005 1659 2200 1719 sponte
2230 1667 2451 1707 carnem
2478 1656 2643 1709 morti
2673 1656 2904 1721 addicit,
2929 1656 3177 1711 animum
3205 1672 3237 1711 a
3267 1673 3434 1712 sensu
3462 1673 3590 1727 per-

318 1742 572 1812 ατσθησιν
782 1741 1007 1813 γνώμης
1062 1741 1298 1812 παντελῆ
1348 1741 1672 1812 ποιούμενος
1732 1734 1936 1813 χωρι-Ῑ

2010 1738 2145 1792 lecto
2168 1740 2405 1796 divortio
2428 1757 2707 1811 scparans.

319 1834 475 1904 σμόν.

388 1930 478 1979 οε’.
498 1923 754 1977 Λαϐοῦσα
784 1923 874 1978 τὸν
905 1922 1029 1977 νοῦν
1064 1926 1097 1994 ή
1126 1924 1389 1995 αἴσθησις
1422 1924 1739 1995 ὑποχείριον
1767 1963 1781 1985 ,
1814 1924 1897 1978 δι-

316 2015 504 2069 δάσκει
535 2016 818 2079 πολύθεον,
852 2016 919 2069 δι’
943 2016 1183 2087 ἑκάστης
1222 2016 1534 2086 αἰσθήσεως
1569 2018 1637 2086 τῇ
1673 2016 1804 2086 περὶ
1833 2017 1900 2069 τά

317 2106 466 2175 πάθη
517 2106 735 2178 δουλεία
775 2107 854 2171 ὡς
883 2106 1027 2161 θεῖον
1060 2106 1120 2160 τὸ
1143 2107 1421 2178 προσφυὲς
1450 2104 1705 2177 αίσθητὸν
1734 2105 1899 2178 θερα-

318 2214 383 2249 πε
393 2195 581 2251 ύουσα.

387 2292 492 2350 ος¹.
529 2288 548 2307 ⁴
598 2285 659 2341 Ὀ
695 2286 841 2357 μόνῳ
881 2286 959 2357 τῷ
991 2287 1285 2358 γράμματι
1324 2286 1425 2356 τῆς
1459 2287 1684 2358 Γραφῆς
1720 2302 1899 2356 παρα-

318 2378 653 2449 καθήμενος,
690 2379 859 2449 μόνην
903 2378 1017 2449 ἔχει
1050 2379 1146 2450 τὴν
1183 2378 1438 2449 αἴσθησιν
1468 2377 1776 2448 κρατοῦσαν
1799 2378 1900 2445 τῆς

321 2466 560 2536 φύσεως,
593 2468 717 2522 καθ’
752 2469 817 2540 ἣν
853 2471 886 2541 ἡ
917 2469 1058 2540 πρὸς
1086 2469 1186 2539 τὴν
1211 2469 1391 2538 σάρκα
1417 2469 1516 2539 τῆς
1559 2467 1738 2538 ψυχῆς
1780 2466 1903 2535 σχέ-

322 2577 408 2624 σις
439 2562 573 2632 μόνη
599 2560 983 2631 διαφαίνεσθαι
1012 2560 1247 2630 πέφυκε.
1281 2561 1354 2612 Τὸ
1397 2560 1504 2630 γὰρ
1557 2560 1791 2631 γράμμα
1827 2558 1902 2630 μὴ

320 2650 611 2720 νοούμενον
668 2651 1081 2721 πνευματικῶς,
1114 2649 1289 2722 μόνην
1348 2649 1460 2719 ἔχει
1504 2647 1603 2718 τὴν
1648 2648 1903 2719 αἴσθησιν

321 2739 773 2811 περιγράφουσαν
809 2740 977 2793 αὐτοῦ
1002 2738 1102 2812 τήν
1128 2737 1462 2807 ὲκφώνησιν,
1516 2737 1613 2790 καὶ
1660 2736 1734 2808 μὴ
1774 2753 1905 2806 συγ-

325 2832 615 2905 χωροῦσαν
643 2832 779 2904 πρὸς
799 2834 890 2886 τὸν
913 2832 1038 2887 νοῦν
1069 2831 1324 2903 διαϐῆναι
1354 2831 1461 2883 τῶν
1495 2830 1903 2901 γεγραμμένων

328 2925 430 2994 τὴν
460 2922 711 2993 δύναμιν.
740 2924 803 2976 Ei
835 2923 891 2976 δὲ
921 2923 1061 2994 πρὸς
1098 2922 1264 2993 μόνην
1300 2921 1398 2991 τὴν
1433 2920 1685 2992 αίσθησιν
1711 2920 1821 2991 ἔχει
1843 2920 1905 2974 τὸ

325 3016 561 3088 γράμμα
585 3015 683 3087 τήν
707 3016 1038 3086 οἰκειότητα,
1071 3016 1181 3077 πᾶς
1213 3017 1240 3068 6
1266 3013 1390 3067 καθ’
1431 3013 1677 3085 ἱστορίαν
1730 3013 1900 3085 μόνην

2078 1918 2163 1971 75.
2189 1916 2424 1972 Addicto
2448 1934 2648 1973 sensus
2676 1919 2862 1973 animo
2888 1919 3108 1990 sibique
3137 1921 3449 1991 subjugato,
3473 1922 3600 1991 plu-

2006 2007 2152 2061 rium
2192 2022 2320 2062 eum
2360 2008 2593 2063 deorum
2635 2010 2975 2079 impietatem
3015 2011 3195 2077 docet,
3227 2012 3359 2066 dum
3401 2027 3597 2067 sensus

2006 2098 2274 2169 cujusque
2303 2114 2470 2168 opera
2502 2100 2794 2156 serviendo
2822 2101 3131 2171 affectibus,
3157 2102 3307 2172 quod
3336 2112 3595 2174 agnatum

2004 2189 2207 2244 sensile
2233 2199 2320 2245 est
2340 2191 2496 2245 velut
2520 2192 2635 2247 fere
2662 2194 2877 2248 Numen
2903 2194 3056 2248 colit.

2080 2282 2167 2337 76.
2192 2280 2297 2348 Qui
2330 2283 2386 2337 in
2415 2284 2531 2336 sola
2563 2283 2864 2354 Scriptum
2891 2285 3075 2338 littera
3104 2284 3450 2353 immoratur,
3473 2302 3597 2341 sen-

2006 2392 2129 2432 sum
2164 2376 2431 2431 duntaxat
2460 2384 2670 2431 natum
2700 2377 3078 2433 dominantem
3113 2378 3300 2444 habet,
3333 2395 3445 2448 quo
3480 2378 3598 2436 sola

2006 2467 2176 2522 animi
2206 2467 2275 2521 ad
2299 2482 2523 2521 carnem
2548 2467 2770 2522 affectio
2800 2478 2966 2538 atque
2989 2470 3166 2525 libido
3190 2470 3410 2525 elucere
3434 2472 3599 2527 solet-

2008 2558 2217 2613 Littera
2262 2559 2411 2613 enim
2437 2601 2451 2626 ,
2487 2559 2595 2614 nisi
2644 2560 2973 2630 Spiritaliter
3017 2561 3385 2633 intelligatur,
3421 2563 3598 2619 solum

2008 2667 2264 2718 sensum,
2299 2652 2448 2707 illius
2490 2652 3037 2709 circumscribenlem
3076 2655 3469 2725 prolationem,
3498 2656 3598 2709 ha-

2008 2742 2122 2810 bet,
2151 2760 2255 2799 nec
2287 2744 2562 2799 sinentem
2596 2760 2789 2800 eorum
2821 2761 2945 2815 qua:
2975 2734 3183 2815 scripta‘
3214 2756 3360 2811 sunt,
3389 2746 3500 2799 vim
3530 2745 3600 2800 ad

2009 2835 2255 2893 animum
2294 2836 2550 2891 transire.
2583 2836 2872 2906 Siquidem
2906 2837 3073 2907 igitur
3103 2837 3286 2892 littera
3323 2852 3449 2891 cum
3484 2836 3602 2892 solo

2010 2945 2176 2986 sensu
2202 2930 2673 2986 necessitudinem
2704 2930 2892 2997 habet,
2915 2930 3171 3000 quisquis
3197 2945 3264 2984 ex
3287 2929 3403 2983 sola
3429 2929 3605 2983 histo-

2012 3022 2109 3076 ria:
2143 3020 2359 3076 ratione
2391 3020 2619 3076 Judaice
2655 3020 2896 3076 litteram
2930 3019 3162 3091 accipit,
3194 3035 3263 3075 ex
3298 3020 3479 3075 carnis
3513 3035 3603 3074 ra-

337 3106 645 3170 ’ῐουδαῖκῶς
672 3106 732 3159 τὸ
777 3107 1015 3178 γράμμα
1051 3105 1359 3177 δεχόμενος,
1397 3105 1539 3159 κατά
1587 3104 1767 3174 σάρκα
1813 3105 1936 3174 ζῇ,¹

2011 3112 2163 3166 tione
2197 3111 2364 3179 vivit,
2392 3112 2487 3183 qui
2520 3112 2733 3183 peccati
2769 3112 3019 3182 quotidie
3050 3088 3262 3179 morte,
3289 3113 3511 3168 vivente
3547 3112 3603 3167 in

327 3202 426 3268 τῆς
472 3199 746 3269 ἁμαρτίας
796 3198 917 3251 καθ’
948 3198 1188 3269 ἑκάστην
1234 3197 1448 3269 ἡμέραν
1481 3197 1570 3251 διὰ
1600 3197 1698 3269 τὴν
1727 3195 1907 3260 ζῶσαν

327 3292 582 3362 αἴσθησιν
630 3290 924 3361 γνωμικῶς
967 3289 1331 3362 ἀποθνήσκων
1370 3290 1462 3343 τὸν
1517 3288 1772 3358 θάνατον,
1833 3290 1908 3363 μὴ

329 3383 627 3452 δυνάμενος
654 3381 923 3452 πνεύματι
950 3383 1051 3445 τὰς
1088 3381 1316 3454 πράξεις
1340 3381 1653 3435 θανατῶσαι
1682 3380 1777 3435 τοῦ
1802 3381 1909 3434 σώ-

337 3492 526 3545 ματος,
571 3474 658 3526 ἵνα
708 3472 772 3545 ζῇ
810 3474 907 3542 τήν
958 3474 1015 3524 ἐν
1063 3473 1335 3544 πνεύματι
1399 3474 1681 3545 μακαρίαν
1740 3474 1908 3544 ζωήν.

336 3569 403 3619 El
434 3566 543 3635 γὰρ
577 3566 728 3619 κατὰ
771 3564 971 3631 σάρκα
1000 3561 1153 3631 ζῆτε,
1177 3564 1435 3633 μέλλετε
1471 3564 1909 3631 ἀποθνήσκειν,

332 3658 499 3728 φησὶν
549 3658 577 3709 6
632 3658 774 3719 θεῖος
826 3657 1185 3719 ’Λπὸστολοςο
1228 3657 1281 3709 εί
1329 3656 1415 3727 δὲ,
1452 3658 1743 3726 πνεύματι
1804 3656 1913 3723 τὰς

332 3751 577 3818 πράξεις
606 3749 712 3804 τοῦ
739 3748 1015 3818 σώματος
1048 3748 1375 3803 θανατοῦτε
1405 3789 1418 3812 ,
1450 3746 1724 3814 ζήσεσθε.

405 3841 501 3905 οζν.
535 3841 626 3912 Μὴ
652 3840 830 3894 τοίνυν
856 3840 947 3895 τὸν
970 3842 1113 3895 θεῖον
1159 3841 1375 3911 λύχνον,
1399 3840 1566 3912 ἤγουν
1619 3841 1711 3895 τὸν
1744 3859 1914 3910 φωτι-

335 3933 520 3987 στικὸν
570 3934 673 4004 τῆς
724 3933 979 4003 γνώσεως
1007 3934 1164 4003 λόγον
1192 3934 1530 3998 ἀνάπτοντες
1554 3933 1643 3988 διά
1676 3934 1912 4006 θεωρίας

335 4028 430 4080 καὶ
462 4026 734 4096 πράξεως,
757 4025 863 4079 ὑπδ
892 4026 983 4079 τὸν
1016 4025 1197 4095 μόδιον
1219 4025 1497 4097 θήσωμεν,
1528 4026 1616 4079 ἵνα
1641 4026 1718 4097 μὴ
1746 4043 1914 4080 κατα-

335 4119 614 4192 κριθῶμεν
650 4118 725 4181 ώς
759 4118 1193 4189 περιγράφοντες
1243 4117 1322 4187 τῷ
1355 4118 1647 4189 γράμματι
1680 4118 1781 4189 τὴν
1812 4116 1915 4187 τῆς

338 4212 531 4281 σοφίας
564 4208 939 4279 ἀπερίληπτον
961 4206 1189 4277 δύναμιν
1216 4224 1231 4239 ⁸
1257 4208 1373 4261 ἀλλ’
1408 4209 1501 4261 ἐπὶ
1530 4210 1629 4279 τὴν
1653 4208 1876 4278 λυχνίαν
1898 4250 1914 4270 ,

334 4303 476 4371 λέγω
496 4300 592 4373 τὴν
617 4301 776 4370 ἁγίαν
808 4299 1159 4371 Ἐκκλησίαν,
1192 4302 1250 4354 ὲν
1280 4300 1358 4371 τῷ
1385 4300 1511 4371 ὕψει
1544 4302 1646 4371 τῆς
1678 4300 1913 4372 ἀληθοῦς

2009 3219 2078 3259 eo
2103 3213 2266 3274 atque
2286 3204 2506 3275 vigente
2536 3220 2725 3272 sensu,
2750 3205 2937 3261 animo
2962 3205 3256 3272 moriatur;
3283 3221 3393 3260 non
3417 3205 3606 3261 valens

2008 3298 2224 3353 scilicet
2244 3309 2403 3355 actus
2427 3298 2677 3369 corporis
2700 3299 2900 3369 spiritu
2926 3298 3285 3365 mortificare,‘
3308 3306 3367 3352 ut
3388 3300 3604 3353 beatam

2010 3387 2067 3441 in
2093 3387 2292 3458 spiritu
2317 3389 2487 3444 vitam
2509 3390 2659 3444 vivat
2689 3408 2702 3443 :
2732 3388 2790 3444 Si
2820 3392 2961 3445 enim
2982 3390 3270 3444 secundum
3294 3388 3460 3461 604
3486 3404 3609 3443 car-

2009 3496 2131 3533 nem
2159 3481 2415 3545 viazeritis,
2445 3479 2625 3549 inquit
2653 3480 2876 3537 divinus
2904 3482 3221 3551 Apostolus,
3248 3482 3552 3536 moriemini
3583 3497 3604 3536 :

2006 3567 2053 3619 si
2088 3576 2266 3621 autem
2296 3569 2487 3637 spiritu
2522 3576 2669 3624 actus
2703 3572 2938 3640 corporis
2972 3570 3441 3639 mortiﬁcaveritis,
3463 3573 3605 3626 vive-

2010 3658 2076 3710 tis
2103 3655 2171 3711 ³³.

2083 3833 2171 3886 77.
2192 3831 2275 3888 Ne
2303 3831 2468 3904 igitur
2493 3830 2735 3887 divinam
2766 3832 3050 3887 lucernam
3078 3831 3468 3903 (illustrantem
3497 3830 3604 3886 sci-

2009 3923 2141 3979 licet
2167 3923 2416 3980 scientiaa
2443 3923 2776 3993 sermonem)
2805 3924 3291 3995 contemplationis
3316 3923 3601 3993 diligentia

2011 4030 2076 4070 ac
2114 4016 2353 4073 actionis
2388 4017 2781 4084 accendentes,
2819 4017 2923 4072 sub
2962 4017 3150 4072 modio
3189 4032 3479 4087 ponamus,
3510 4032 3601 4084 ne,

2011 4106 2165 4161 velut
2214 4106 2310 4179 qui
2357 4107 2642 4178 sapientiae
2683 4107 2797 4162 vim
2849 4107 3367 4178 incomprehensam
3416 4107 3602 4163 littera

2012 4201 2574 4269 circumscribamus,
2607 4200 2980 4257 damnationis
3014 4202 3097 4257 rei
3129 4201 3467 4269 habeamur;
3505 4201 3602 4257 sed

2013 4311 2185 4365 super
2224 4293 2646 4361 candelabrum,
2681 4302 2927 4350 sanctam
2970 4295 3233 4349 nimirum
3278 4295 3603 4359 Ecclesiam,

336 4394 591 4467 θεωρίας,
618 4394 754 4447 πᾶσι
795 4392 857 4446 τὸ
887 4392 1002 4462 φῶς
1029 4394 1139 4449 τῶν
1168 4392 1331 4447 θείων
1361 4393 1647 4465 δογμάτων
1671 4389 1914 4463 πυρσεύ-

2019 4386 2077 4441 in
2114 4386 2263 4441 celso
2298 4401 2445 4442 vera:
2484 4387 2975 4456 contemplationis
3008 4387 3257 4458 fastigio,
3289 4388 3605 4443 divinorum

334 4504 519 4545 ουσαν.

405 4665 507 4739 οη’.
546 4667 605 4721 '0
655 4666 756 4730 τὰς
797 4664 1108 4738 προσϐολὰς
1136 4662 1247 4718 τῶν
1284 4664 1558 4719 ἀκουσίων
1593 4666 1921 4737 πειρασμῶν

335 4760 474 4812 κατὰ
495 4759 583 4812 τὸν
609 4758 879 4829 μακάριον
909 4755 1029 4810 Ἰὼϐ
1060 4756 1154 4833 κα)
1174 4756 1300 4819 τοὺς
1326 4758 1611 4825 γενναίους
1633 4758 1921 4829 μάρτυρας

335 4848 715 4917 ἀκατασείστῳ
768 4848 952 4918 φέρων
1011 4844 1090 4917 τῷ
1133 4851 1490 4920 φρονήματι,
1536 4847 1728 4919 λύχνος
1773 4850 1920 4902 ἐστὶν

341 4939 582 5009 ἰσχυρὸς,
622 4937 1033 4992 ἀκατάσϐεστον
1055 4939 1151 4991 καὶ⁵
1180 4937 1344 5001 αὐτὸς
1389 4938 1673 5007 φυλάττων
1702 4939 1764 4991 τὸ
1799 4938 1919 5007 φῶς

337 5030 439 5098 τῆς
471 5030 763 5101 σωτηρίας,
800 5032 857 5084 ὲν
886 5030 966 5101 τῷ
993 5030 1180 5101 τρόπῳ
1221 5033 1319 5101 τῆς
1349 5031 1498 5083 κατὰ
1542 5031 1643 5100 τὴν
1694 5031 1920 5100 ἀνδρίαν

341 5121 623 5193 ὑπομονῆς
674 5122 1100 5192 φυλαττόμενον,
1121 5121 1197 5187 ὡς
1242 5121 1334 5177 τὸν
1365 5122 1570 5195 Κύριον
1599 5124 1755 5192 ἰσχὺν
1779 5122 1919 5193 ἔχων

340 5215 437 5270 xui.
470 5214 726 5286 ὕμνησιν.
761 5216 819 5269 '0
849 5216 905 5269 δὲ
939 5215 1225 5284 γινώσκων
1249 5213 1345 5268 τοῦ
1378 5212 1618 5286 πονηροῦ
1641 5214 1709 5268 τά
1741 5231 1917 5286 μηχα⁶

336 5305 580 5377 νήματα,
607 5304 702 5358 καὶ
744 5305 843 5368 τὰς
899 5305 1220 5375 συμπλοκάς
1266 5304 1373 5358 τῶν
1416 5304 1638 5375 ἀφανῶν
1660 5305 1913 5375 πολέμων

340 5398 443 5451 οὐκ
470 5396 701 5466 ἀγνοῶν,
726 5396 821 5450 καὶ
845 5392 998 5461 οὗτος
1023 5396 1102 5468 τῷ
1148 5398 1288 5466 φωτὶ
1332 5399 1434 5469 τῆς
1462 5397 1721 5466 γνώσεως
1756 5415 1912 5471 περι-

416 5536 462 5570 ³³
491 5536 649 5593 Rom.
678 5554 790 5600 vm,
823 5539 909 5593 15.
987 5538 1029 5570 ³⁵
1056 5540 1245 5595 Matth.
1275 5558 1328 5607 ν,
1358 5541 1442 5595 iii.

418 5655 437 5675 '
471 5652 717 5709 Thalass.
748 5667 800 5722 q.
832 5651 917 5706 65.

1965 4477 1994 4505 ν
2020 4479 2204 4534 lucem
2234 4477 2589 4535 decretorum
2622 4479 2797 4536 instar
2827 4479 2986 4536 factis
3019 4479 3239 4537 cunctis
3269 4480 3430 4551 longe
3462 4494 3605 4550 prae-

2013 4570 2286 4627 ferentem
2309 4569 2376 4625 “.

2087 4663 2173 4717 78.
2208 4661 2313 4729 Qui
2356 4661 2853 4717 involuntariarum
2901 4661 3270 4717 tentationum
3315 4660 3601 4724 incursus,

2014 4752 2162 4807 haud
2214 4768 2378 4809 secus
2428 4768 2495 4807 ac
2547 4752 2904 4807 beatissimus
2946 4751 3052 4807 Job
3105 4767 3172 4807 ac
3229 4748 3605 4806 strenuissimi

2016 4852 2315 4916 martyres,
2348 4843 2679 4899 inconcusso
2712 4842 2925 4913 perfert
2954 4841 3170 4906 animo,
3198 4840 3428 4894 lucerna
3462 4853 3605 4909 pra:-

2018 4945 2216 5006 potens
2243 4944 2348 5002 est,
2372 4935 2469 5006 qui
2492 4948 2551 4991 et
2576 4935 2695 5006 ipse
2726 4924 3118 4989 inexstin‘ctum
3145 4941 3438 4988 conservet
3461 4930 3608 4986 salu-

2018 5030 2088 5086 tis
2118 5029 2340 5094 lumen,
2373 5027 2521 5098 quod
2557 5026 2614 5081 in
2644 5026 2825 5082 virilis
2860 5025 3142 5096 patientiae
3178 5024 3343 5079 modo
3378 5038 3605 5078 conser—

2015 5134 2209 5190 vatur;
2240 5123 2393 5178 velut
2422 5120 2637 5177 scilicet
2668 5119 2965 5175 Dominum
3002 5117 3175 5172 robur
3208 5125 3407 5171 nactus
3438 5122 3605 5183 atque

2016 5217 2292 5273 canticum
2314 5217 2380 5269 ³⁸.
2406 5215 2510 5283 Qui
2540 5223 2727 5271 autem
2750 5213 3075 5285 nequissimi
3108 5220 3257 5267 artes
3286 5218 3604 5282 perspectas

2020 5309 2217 5376 habet,
2249 5325 2353 5365 nec
2387 5308 2749 5363 invisibilium
2784 5306 3097 5378 praeliorum
3133 5320 3465 5376 congressus
3500 5318 3601 5358 nc-

2018 5400 2153 5467 scit;
2187 5401 2280 5455 hic
2304 5416 2525 5471 quoque
2552 5399 2796 5454 scientia:
2820 5399 2943 5453 luce
2972 5398 3346 5463 collustratus,
3372 5395 3601 5451 lucerna

1522 5541 1565 5572 ³⁵
1594 5539 1637 5594 ll
1665 5540 1796 5609 Reg.
1825 5554 1955 5604 χχιι,
1988 5539 2043 5605 2,
2078 5540 2144 5607 5;
2187 5540 2391 5596 Jcrem.
2427 5555 2534 5604 xvi,
2575 5538 2674 5606 19;
2708 5537 2850 5593 Psal.
2884 5552 3004 5601 Lxx,
3031 5535 3084 5603 fi,
3117 5534 3169 5589 7.
