4046 6196
459 229 596 301 1339

1642 238 1704 298 S.
1743 235 2029 298 MAXIMI
2062 236 2571 299 CONFESSORIS

3589 213 3736 279 13w

457 354 567 410 alia
599 350 820 417 claruit,
852 347 972 420 pari
1009 347 1123 404 fere
1162 362 1361 418 magno
1396 348 1661 418 Apostolo
1700 349 1914 405 ratione
1956 350 2038 405 lo-
2071 368 2084 411 λ

2184 351 2492 421 ιμπόμενος
2522 392 2538 415 ,
2585 347 2743 411 ἄλλος
2808 347 3016 419 πέφηνε
3087 344 3314 416 λύχνος,
3365 343 3443 414 τῷ
3499 341 3727 416 μεγάλῳ

460 461 637 518 quens
660 461 676 499 :
703 443 821 498 Non
849 443 989 496 enim
1017 442 1327 510 ignoramus
1355 442 1693 512 cogitationes
1725 443 1840 513 ejus
1863 443 1927 496 “.

536 622 625 676 79.
673 619 769 673 llis
815 616 1039 686 quidem
1092 615 1187 684 qui
1241 614 1392 684 digni
1451 615 1714 669 virtutum
1769 614 2042 669 munditia

467 718 627 773 sunt,
660 707 924 778 Spiritus,
952 714 1176 760 sanctus
1207 720 1306 774 per
1339 705 1400 758 tii
1423 719 1591 758 mrem
1617 712 1672 757 et
1699 705 1960 774 pietatem
1988 715 2044 760 et

469 799 775 862 scientiam,
823 795 1272 850 emundationem
1317 795 1543 864 praebet.
1580 794 1676 849 His
1719 805 1904 850 autem
1951 797 2046 866 qui

469 890 619 960 digni
649 891 769 944 luce
797 899 949 954 sunt,
977 887 1380 942 noscendarum
1410 888 1834 944 illustrationem
1861 906 2045 944 rerum

471 981 773 1036 secundum
807 995 900 1034 eas
931 978 1134 1048 quibus
1165 979 1436 1033 exsistunt
1468 980 1726 1045 rationes,
1759 996 1858 1050 per
1890 981 2050 1035 forti-

475 1074 722 1130 tudinem
763 1082 820 1128 et
857 1072 1150 1128 consilium
1195 1082 1251 1126 et
1292 1073 1704 1142 intelligentiam
1754 1073 1940 1128 donat.
1981 1074 2054 1128 lis

474 1164 715 1233 denique
752 1163 846 1232 qui
885 1162 1036 1232 digni
1075 1169 1203 1216 sunt
1241 1161 1608 1224 deiﬁcatione,
1645 1179 1743 1232 per
1777 1163 2053 1217 lucidissi-

476 1271 619 1308 mam
647 1253 1063 1322 simplicemque
1087 1269 1149 1306 ac
1177 1254 1396 1306 totaleni
1424 1253 1744 1322 sapientiam
1769 1253 2060 1323 perfectio-

477 1361 603 1400 nem
646 1346 896 1415 largitur,
927 1344 995 1398 ad
1041 1360 1227 1398 rerum
1269 1359 1367 1398 eos
1402 1344 1698 1399 Auctorem
1745 1345 2059 1400 immediate

479 1437 629 1491 omni
669 1436 853 1503 modo,
886 1436 1068 1506 quoad
1108 1436 1318 1491 homini
1361 1452 1682 1490 concessum
1722 1447 1825 1502 est,
1858 1436 2060 1491 subve-

481 1529 649 1594 hens;
684 1529 778 1598 qui
815 1544 883 1583 ex
921 1528 1053 1583 solis
1093 1528 1297 1582 divinis
1336 1527 1600 1582 bonitatis
1634 1529 2063 1598 proprietatibus

482 1630 782 1675 noscantur
808 1638 820 1672 ε
852 1635 960 1690 qua
991 1619 1252 1674 nimirum
1283 1635 1343 1673 se
1369 1635 1437 1674 ex
1464 1619 1576 1673 Deo
1603 1634 1779 1687 exque
1806 1635 1865 1674 se
1888 1619 2059 1674 Deum

2154 442 2464 511 ’Δποστόλῳ
2489 440 2883 511 προσηκόντως
2910 438 3306 509 φθεγγόμενος,
3341 439 3424 492 Οὐ
3475 439 3584 507 τὰρ
3613 440 3724 492 σὺ-

2139 530 2244 587 τοῦ
2273 533 2345 585 τὰ
2371 531 2642 600 νοήματα
2665 529 3026 600 ἀγνοοῦμεν.

2214 623 2312 676 οϐ’.
2347 623 2458 693 Τὴν
2492 621 2591 692 μὲν
2620 620 2891 690 κάθαρσιν
2936 623 3050 684 τοῖς
3080 619 3254 686 ἀξίοις
3294 619 3392 689 τῆς
3436 619 3546 672 τῶν
3594 617 3729 688 άρε-

2145 714 2253 768 τῶν
2285 714 2678 785 καθαρότητος.
2715 713 2804 767 διά
2839 712 3007 783 φόϐου
3033 712 3127 766 καὶ
3158 711 3440 776 εὐσεϐείας
3473 711 3566 764 καὶ
3589 710 3731 778 γνὼ-

2150 821 2288 867 σεως
2314 806 2548 858 ποιεῖται
2579 803 2639 856 τὸ
2659 803 2884 872 Πνεῦμα
2909 803 2968 855 τὸ
3008 804 3164 870 ἄτιον
3199 818 3212 832 ο
3241 801 3332 854 τὸν
3359 800 3417 854 δὲ
3447 799 3734 869 φωτισμὸν

2148 893 2247 964 τῆς
2272 894 2382 946 τῶν
2414 894 2582 948 ὄντων
2619 893 2740 946 καθ’
2769 892 2863 956 οὓς
2899 893 3208 963 ὑπάρχουσι
3232 891 3424 960 λόγους
3452 890 3732 958 γνώσεως,

2151 983 2217 1036 δι’
2247 981 2426 1052 ἰσχύος
2469 983 2564 1035 καὶ
2608 981 2804 1051 βουλῆς
2852 981 2948 1034 καὶ
3011 981 3280 1043 συνέσεως
3323 981 3577 1052 δωρεῖται
3616 981 3737 1040 tot;

2153 1074 2325 1140 ἀξίοις
2356 1073 2532 1140 φωτός
2568 1088 2581 1102 ’
2609 1073 2710 1142 τὴν
2739 1071 2798 1125 δὲ
2824 1071 3163 1142 τελειότητα,
3193 1072 3280 1125 διὰ
3306 1074 3406 1142 τῆς
3437 1069 3739 1139 πλμφαοῦς

2156 1165 2250 1216 καὶ
2299 1162 2475 1231 ἁπλῆς
2527 1161 2624 1216 καὶ
2662 1161 2988 1233 ὁλοσχεροῦς
3035 1164 3229 1232 σοφίας
3287 1161 3574 1232 χαρίζεται
3621 1162 3741 1221 τοῖς

2158 1254 2330 1319 ἀξίοις
2349 1251 2618 1318 οεὼσεως,
2654 1253 2791 1322 πρὸς
2817 1254 2917 1322 τὴν
2945 1254 3055 1307 τῶν
3088 1255 3258 1308 ὄντων
3290 1253 3486 1312 αἰτίαν,
3510 1249 3742 1321 άμέσως

2161 1346 2356 1408 αότοὺς
2381 1345 2580 1413 ἀνάγον
2610 1345 2752 1398 κατὰ
2780 1345 2960 1399 πάντα
2991 1345 3212 1416 τρόπον,
3248 1346 3322 1409 ὡς
3361 1344 3502 1396 ἐστι-α
3532 1342 3736 1413 άνθριίν

2161 1453 2249 1505 mp
2301 1436 2542 1499 δυνατὸν,
2583 1437 2647 1488 ἐκ
2697 1436 2874 1505 μόνων
2917 1437 3024 1489 τῶν
3066 1436 3224 1489 θείων
3261 1436 3358 1504 τῆς
3400 1435 3741 1504 άγαοότητος

2165 1527 2470 1596 ἰδιωμάτων
2523 1526 2995 1598 γνωριζομένους.
3030 1528 3150 1583 καθ’
3206 1529 3272 1598 ἥν
3323 1529 3386 1580 ἐκ
3437 1525 3572 1579 Θεοῦ
3639 1524 3742 1595 μὲν

2166 1621 2410 1684 ἑαυτοὺς,
2446 1621 2504 1688 ἐξ
2547 1621 2754 1674 ἑαυτῶν
2805 1621 2861 1675 δὲ
2905 1623 3268 1690 γινώσκοντες
3317 1622 3407 1675 τὸν
3441 1620 3602 1684 Θεὸν,
3637 1620 3743 1671 ούκ

485 1713 589 1782 ipsi
623 1721 1040 1781 cognoscentes,
1070 1711 1223 1764 nullo
1269 1709 1546 1764 dividente
1582 1709 1764 1762 medio
1802 1724 1866 1764 ac
1898 1710 2066 1763 inter-

2184 1713 2322 1775 5ντος
2351 1712 2496 1776 τινὸς
2531 1714 2696 1784 μέσου
2718 1714 3139 1785 διατειχίζοντος
3167 1731 3182 1745 ·
3216 1714 3405 1784 σοφίας
3435 1713 3543 1784 γὰρ
3577 1713 3745 1782 μέσον

485 1804 741 1858 eludente
782 1803 1012 1872 (nullum
1050 1802 1200 1856 enim
1245 1801 1571 1871 sapientiam
1611 1801 1751 1855 inter
1791 1817 1855 1857 ac
1892 1803 2063 1856 Deum

489 1893 781 1964 medium),
809 1894 977 1948 nullis
995 1893 1288 1948 obnoxiam
1316 1892 1674 1947 varietatibus
1706 1893 2067 1948 immutabili-

488 1996 657 2042 tatem
688 1986 992 2051 habebunt;
1027 1985 1240 2039 cunctis
1269 1985 1482 2040 scilicet
1507 1985 1706 2040 mediis
1737 2001 1803 2039 ex
1838 1996 1952 2040 toto
1987 1986 2067 2039 eis

489 2077 798 2147 superatis,
838 2077 893 2130 in
929 2076 1132 2145 quibus
1171 2082 1234 2128 ut.
1270 2076 1324 2129 in
1363 2075 1612 2140 scientia,
1641 2091 1709 2130 ne
1736 2075 2070 2144 quandoque

491 2185 650 2224 error
685 2169 995 2237 obreperet,
1031 2167 1338 2245 periculum
1384 2165 1492 2221 illis
1528 2166 1866 2220 vertebatur.
1902 2166 2074 2220 Porro

454 2273 463 2282 '
493 2260 672 2316 media
697 2269 874 2324 vocat,
900 2273 1086 2313 rerum
1113 2273 1234 2327 qua:
1265 2257 1732 2336 intelligunturpc
1761 2273 1883 2326 quae
1908 2273 2071 2313 sensu

2169 1804 2320 1857 οὐδὲν
2352 1803 2487 1874 πρὸς
2511 1805 2664 1859 Θεόν·
2702 1807 2802 1877 τὴν
2832 1806 3424 1871 άναλλοίωτονὲξουσιν
3452 1803 3744 1875 άτρεψίαν,

2172 1893 2280 1945 τῶν
2341 1895 2519 1964 μέσων
2559 1897 2741 1960 αὐτοῖς
2782 1896 2980 1960 όλικῶς
3015 1898 3236 1952 πάντων
3273 1896 3659 1956 διαϐαθέντων,
3688 1897 3750 1946 ὲν

2172 1979 2254 2047 οἷς
2284 1985 2530 2058 ὑπῆρχεν
2562 1989 2590 2040 ὁ
2628 1991 2754 2059 περὶ
2776 1989 2876 2061 τὴν
2901 1990 3104 2059 γνῶσίν
3136 2007 3264 2043 ποτε
3292 1989 3386 2042 τοῦ
3413 1985 3750 2057 σφάλλεσθαι

2177 2074 2437 2140 κίνδυνος.
2474 2079 2629 2132 Μέσα
2668 2079 2724 2132 δὲ
2764 2080 2939 2147 καλεῖ,
2975 2083 3076 2150 τὴν
3115 2081 3225 2134 τῶν
3258 2081 3465 2149 νοητῶν
3501 2078 3598 2132 καὶ
3638 2076 3750 2130 τῶν

2174 2165 2448 2238 αἰσθητῶν
2473 2169 2679 2236 οὐσίαν,
2703 2172 2769 2224 δι’
2793 2165 2867 2226 ῶν
2885 2173 3022 2242 πρὸς
3052 2173 3184 2226 Θεὸν
3207 2172 3281 2236 ὡς
3315 2171 3494 2225 αἰτίαν
3522 2169 3628 2222 τῶν
3651 2169 3743 2221 δν-

2175 2275 2305 2322 των,
2339 2261 2368 2312 ό
2398 2260 2738 2331 ἀνθρώπινος
2771 2266 2893 2328 νοῦς
2937 2263 3235 2332 ἀνάγεσθαι
3271 2263 3503 2332 πέφυκε.

495 2351 881 2421 percipiuntur
924 2348 1312 2416 substantiam,
1341 2349 1546 2420 quibus
1583 2348 1637 2403 in
1674 2349 1845 2403 Deum
1883 2354 1944 2402 ut
1985 2362 2172 2402 rerum
2223 2358 2507 2406 auctorem
2571 2355 2801 2423 provehi
2870 2356 3120 2410 humana:
3189 2363 3400 2408 naturae
3465 2365 3757 2422 compara-

497 2453 613 2498 tum
643 2453 747 2518 est.

570 2535 660 2589 80.
699 2536 832 2602 Qua:
877 2536 1064 2591 studet
1103 2535 1307 2591 actioni
1353 2533 1756 2604 philosophiam
1802 2531 2076 2596 eﬂiciunt,

501 2627 690 2692 timor,
718 2627 894 2696 pietas
923 2635 978 2681 et
1009 2627 1240 2680 scientia
1276 2643 1290 2679 :
1324 2624 1628 2679 naturalem
1662 2623 1823 2695 605
1854 2637 1986 2677 vero
2023 2622 2078 2676 in

501 2717 699 2790 spiritu
723 2718 1154 2788 speculationem
1178 2724 1458 2788 prtestant,
1480 2715 1766 2781 fortitudo,
1787 2713 2080 2769 consilium

502 2817 562 2864 et
591 2809 905 2863 intellectus
935 2825 948 2861 :
985 2807 1269 2879 mysticam
1304 2805 1544 2875 denique
1580 2803 1938 2876 theologiam,
1969 2802 2084 2858 sola

504 2898 691 2956 divina
721 2897 990 2968 sapientia
1020 2897 1273 2968 largitur.

577 2989 666 3044 8l.
703 2989 1176 3056 Quemadmodum
1221 2987 1340 3042 ﬁeri
1383 3001 1494 3040 non
1537 2992 1745 3056 potest,
1777 2993 1834 3039 ut
1878 2984 2087 3054 absque

507 3081 633 3137 oleo
659 3082 886 3138 lucerna
912 3081 1239 3136 inexstincta
1265 3087 1548 3145 servetur;
1581 3078 1661 3132 sic
1686 3094 1865 3147 neque
1891 3085 1951 3132 ut
1971 3077 2091 3132 sine

511 3171 730 3237 habitu,
765 3171 1224 3228 convenientibus
1260 3181 1374 3225 tum
1418 3169 1723 3224 rationibus
1759 3176 1876 3222 tum
1915 3167 2092 3222 modis

513 3263 903 3334 moribusque,
930 3264 1216 3334 sensisque
1247 3278 1313 3318 ac
1341 3259 1770 3332 cogitationibus
1805 3259 2092 3330 congruis,

514 3370 638 3425 quin
668 3355 898 3410 honesta
931 3363 1092 3420 sunt,
1124 3352 1449 3408 confovente
1480 3367 1544 3406 ac
1580 3351 1886 3419 nutriente,
1917 3350 2091 3405 dono-

518 3460 640 3498 rum
682 3445 867 3500 lumen
912 3443 1300 3499 inexstinctum
1335 3440 1698 3497 custodiatur.
1733 3439 1905 3495 Omne
1948 3439 2094 3498 enim

517 3535 766 3606 spiritale
813 3535 1055 3604 donum,
1093 3533 1448 3592 convenienti
1491 3541 1655 3604 atque
1702 3532 1848 3589 amni
1894 3534 2099 3605 indiget

521 3628 733 3696 habitu,
755 3644 866 3700 quo
892 3629 1041 3684 velut
1065 3630 1269 3696 oleum,
1290 3628 1495 3701 jugiter
1515 3629 1567 3683 ei
1591 3627 1658 3683 ad
1684 3626 2097 3698 intelligendum

523 3719 754 3773 materia
791 3717 1144 3785 infundatur,
1173 3727 1234 3773 ut
1266 3733 1366 3788 pro
1399 3718 1520 3789 ejus
1549 3715 1643 3788 qui
1680 3714 1875 3786 recipit
1909 3715 2100 3770 habitu

522 3809 743 3864 ﬁrmum
771 3819 990 3872 maneat
1015 3825 1080 3864 ac
1109 3817 1381 3864 teneatur.

596 3901 685 3956 82.
711 3899 1180 3968 Quemadmodum
1210 3899 1334 3955 ﬁeri
1362 3914 1474 3954 non
1502 3906 1683 3970 potest
1708 3906 1768 3953 ut
1789 3896 1907 3951 sine
1936 3895 2100 3961 oliva,

527 4008 716 4048 verum
747 4000 941 4048 natura
966 4007 1031 4046 ac
1059 3991 1358 4062 genuinum
1389 3990 1572 4045 oleum
1598 4004 1829 4059 usquam
1861 3987 2106 4042 invenia-

529 4093 648 4151 tur;
691 4085 778 4139 vel
817 4093 878 4139 ut
919 4085 1038 4140 sine
1074 4098 1202 4138 vase
1243 4082 1494 4152 capiente
1535 4081 1718 4136 oleum
1757 4079 2107 4134 contineatur

530 4186 694 4246 atque
717 4184 1000 4241 servetur;
1029 4191 1093 4230 ac
1120 4175 1282 4245 plane
1313 4174 1386 4228 ita
1411 4173 1577 4228 rebus
1602 4180 1976 4242 comparatum
2001 4177 2104 4236 est,

2253 2541 2328 2590 π’.
2359 2535 2472 2606 Τὴν
2502 2537 2601 2608 μὲν
2632 2538 2942 2609 πρακτικὴν
2981 2536 3302 2606 φιλοσοφίαν
3321 2578 3335 2603 ,
3370 2534 3534 2605 φόϐος
3553 2573 3568 2595 ,
3599 2533 3760 2586 εὗσέ-

2182 2623 2306 2679 ϐειά
2339 2642 2400 2678 τε
2427 2626 2522 2679 καί⁵
2553 2625 2753 2695 γνῶσις
2783 2626 3109 2698 ἐργάζονται
3134 2640 3150 2656 ⁸
3188 2625 3288 2697 τὴν
3319 2625 3377 2678 δὲ
3409 2623 3647 2693 φυσικὴν
3697 2623 3756 2675 ἐν

2182 2717 2456 2787 πνεύματι
2479 2717 2733 2788 θεωρίαν,
2769 2719 2923 2789 ἰσχὺς
2950 2721 3045 2774 καὶ
3074 2719 3239 2790 βουλὴ
3259 2718 3351 2772 καὶ⁸
3376 2715 3596 2779 σύνεσις
3622 2732 3760 2769 κατ·

2181 2810 2400 2881 οροοῦσι
2436 2827 2450 2841 ·
2487 2810 2588 2880 τὴν
2638 2810 2696 2864 δὲ
2747 2812 3017 2882 μυστικὴν
3084 2811 3388 2882 Θεολογίαν,
3419 2808 3584 2878 σοφία
3642 2807 3765 2860 Θεία

2113 2934 2156 2991 C
2191 2902 2326 2974 μόνη
2363 2905 2665 2976 χαρίζεται.

2263 3003 2374 3052 πα’.
2411 2997 2624 3071 Ὠσπερ
2656 2999 2838 3053 ἐλαίου
2860 2999 3053 3070 χωρὶς,
3076 2995 3342 3052 ἄσϐεστον
3371 2991 3768 3064 διαηρηθῆναι

2191 3087 2385 3158 λύχνον
2433 3091 2748 3161 ἀμήχανον,
2780 3089 2955 3154 οὕτως
2995 3090 3164 3154 ἕξεως
3197 3087 3365 3159 χωρὶς
3384 3127 3400 3150 .
3436 3083 3768 3155 προσφόροις

2195 3181 2287 3233 καὶ
2314 3179 2495 3250 λόγοις
2526 3184 2620 3235 καὶ
2641 3182 2866 3252 τρόποις
2894 3182 2988 3235 καὶ
3021 3181 3198 3253 ἦθεσι,
3227 3178 3465 3250 νοήμασι
3494 3194 3552 3230 τε
3583 3172 3650 3230 αὖ
3673 3174 3770 3230 καὶ

2193 3273 2474 3344 λογισμοῖς
2525 3277 2636 3338 τοῖς
2682 3274 2986 3345 καθήκουσι
3027 3273 3094 3325 τά
3135 3272 3276 3325 καλά
3321 3268 3764 3341 διατρεφούσης,

2196 3365 2460 3418 ἄσϐεστον
2481 3365 2821 3440 φυλαχθῆναι
2850 3365 2911 3430 τὸ
2934 3364 3051 3438 φῶς
3080 3363 3191 3420 τῶν
3227 3362 3588 3437 χαρισμάτων
3621 3364 3770 3436 ἀμή-

2197 3477 2379 3530 χανον.
2411 3461 2527 3515 Πᾶν
2575 3460 2685 3532 γὰρ
2725 3460 2978 3532 χάρισμα.
3031 3458 3405 3530 πνευματικὸν
3457 3455 3775 3528 προσφυοῦς

2198 3549 2390 3622 χρῄζει
2416 3549 2518 3622 τῆς
2550 3548 2737 3619 ἕξεως,
2774 3549 3066 3613 ἀπαύστως
3097 3546 3425 3618 ὲπιχεούσης
3457 3544 3603 3615 αὐτῷ
3635 3544 3772 3603 καθ-

2200 3643 2344 3714 άπερ
2399 3641 2577 3696 ἔλαιον
2618 3643 2720 3714 τιρ
2775 3641 2906 3712 ὕλην
2952 3640 3051 3711 τὴν
3096 3639 3328 3710 νοερέιν,
3375 3638 3464 3691 ἴνα
3521 3636 3777 3707 διαμείνῃ

2201 3735 2344 3788 κατὰ
2375 3733 2472 3806 τὴν
2497 3733 2613 3799 ἕξιν
2643 3733 2736 3786 τοῦ
2770 3731 3064 3802 δεξαμένου
3099 3728 3494 3800 κρατούμενον.

2276 3913 2390 3984 πβ’.
2422 3912 2638 3982 Ὠσπερ
2667 3908 2854 3970 ἐλαίας
2884 3907 3077 3979 χωρὶς,
3109 3906 3210 3959 οὐκ
3238 3905 3388 3958 ἔστιν
3408 3901 3661 3973 οὐδαμῶς
3686 3902 3779 3955 εὖ·

2209 4010 2323 4080 ρεῖν
2353 4005 2514 4075 φύσει
2544 4003 2665 4058 κατ’
2693 4001 2953 4074 ἀλήθειαν
2970 4000 3196 4070 γνήσιον
3225 3998 3404 4051 ἔλαιον
3438 4013 3454 4028 ο
3490 3997 3694 4064 ἄγγους
3724 3994 3781 4048 δὲ

2209 4101 2333 4171 δίχα
2361 4096 2682 4170 κρατεῖσθαι
2717 4094 2810 4148 τοῦ
2844 4091 3132 4164 δεχομένου
3160 4090 3220 4144 τὸ
3248 4091 3426 4142 ἔλαιον
3447 4089 3508 4141 ού
3533 4086 3783 4140 δυνατόν’

2211 4190 2375 4262 ἐλαίῳ
2403 4190 2460 4244 δὲ
2491 4189 2565 4261 μὴ
2595 4187 2933 4260 τρεφόμενον
2971 4183 3256 4238 σϐέννυται
3299 4182 3517 4243 πάντως
3548 4178 3610 4231 τὸ
3652 4177 3785 4247 λυχ-

533 4277 596 4325 ιιι
625 4269 770 4339 quod
805 4269 926 4324 oleo
959 4284 1066 4324 non
1099 4267 1343 4322 nutritur
1373 4266 1610 4321 lucerna:
1646 4265 1854 4328 lumen,
1881 4263 2084 4318 omnim

2211 4285 2382 4338 νιαῖον
2413 4281 2551 4351 φῶς·
2587 4279 2730 4333 οὕτω
2760 4277 2868 4331 τῶν
2895 4274 3064 4343 ἁγίων
3087 4271 3321 4344 Γραφῶν
3342 4271 3529 4341 χωρὶς,
3550 4269 3650 4322 οὐκ
3667 4269 3788 4320 ἐστι

451 4416 459 4421 _
531 4361 954 4432 exstinguatur:
999 4361 1079 4416 sic
1111 4360 1318 4430 absque
1355 4358 1559 4413 divinis
1605 4357 1934 4426 Scripturis,
1967 4356 2080 4410 null

2212 4376 2354 4430 κατὰ
2436 4372 2696 4443 ἀλήθειαν
2767 4370 3000 4441 δύναμις
3075 4365 3364 4437 νοημάτων
3430 4360 3785 4431 ίιεοειτρεπής⁹

535 4469 664 4509 vere
688 4455 875 4510 divina
904 4468 1192 4509 sensorum
1233 4451 1321 4506 vis
1351 4467 1416 4506 ac
1458 4449 1718 4520 maiestas
1747 4447 1983 4513 exsistit,
2015 4462 2083 4502 ne

2211 4470 2377 4534 ἕξεως
2405 4466 2463 4522 δὲ
2495 4467 2640 4537 δίχα,
2672 4463 2925 4533 καθάπερ
2960 4461 3161 4530 άγγους
3191 4456 3479 4528 νοημάτων
3499 4453 3789 4514 δεκτικοῦ.

537 4544 656 4599 sine
686 4543 898 4609 habitu,
924 4558 1035 4612 quo
1069 4542 1217 4596 velut
1246 4556 1374 4596 vase
1409 4539 1500 4594 illa
1535 4539 1943 4602 contineantur,
1971 4535 2114 4590 divi-

538 4650 644 4691 nus
677 4651 905 4706 usquam
939 4643 1242 4704 conceptus
1270 4633 1525 4687 consistit
1553 4649 1566 4685 :
1598 4645 1665 4685 ac
1693 4639 1976 4699 postremo
2006 4625 2116 4680 nisi

539 4727 685 4798 quod
717 4729 770 4782 in
798 4727 960 4783 donis
984 4726 1227 4782 scientia:
1256 4731 1441 4779 lumen
1475 4732 1580 4788 est,
1608 4721 1811 4776 divinis
1843 4717 2116 4791 ejusmodi

541 4819 716 4874 sensis
745 4835 808 4874 ac
832 4817 1192 4888 coneeptibus
1219 4815 1518 4881 nutriatur,
1541 4814 1628 4870 his
1654 4815 1746 4883 qui
1777 4813 1871 4867 illo
1899 4809 2115 4883 praditi

543 4909 684 4973 sint,
715 4909 1102 4965 inexstinctum
1128 4905 1551 4975 haudquaquam
1577 4902 1870 4958 exstiterit.
1918 4976 1922 4980 '

613 5001 702 5056 85.
728 4999 939 5055 Olivam
969 5014 1089 5069 quae
1111 5014 1140 5052 a
1165 4997 1404 5054 sinistris
1425 4997 1489 5063 ",
1513 4996 1683 5051 Vetus
1706 4993 2119 5048 Testamentum

545 5091 853 5164 signiﬁcare
888 5091 1173 5154 existimo,
1208 5098 1268 5144 ut
1298 5087 1447 5159 quod
1481 5084 1882 5157 philosophiam
1918 5081 2119 5136 actioni

545 5182 857 5239 studentem
901 5182 1073 5253 magis
1111 5189 1269 5236 curet
1306 5197 1320 5232 :
1359 5194 1482 5248 quae
1522 5185 1704 5230 autem
1751 5191 1781 5228 a
1822 5172 2030 5227 dextris
2050 5170 2115 5238 ³⁸,

546 5272 759 5328 Novum
793 5272 1222 5334 Testamentum,
1250 5269 1399 5339 quod
1431 5281 1633 5322 novum
1667 5263 1985 5336 mysterium
2016 5261 2118 5316 do-

548 5374 691 5432 ceat,
721 5381 786 5421 ac
817 5365 911 5436 qui
946 5366 1000 5419 in
1031 5363 1262 5434 singulis
1295 5360 1535 5416 fidelium
1568 5367 1671 5421 est,
1702 5355 1948 5410 habitum
1983 5368 2118 5408 con-

553 5455 924 5527 templationis
955 5452 1168 5511 elliciat.
1201 5450 1339 5507 Illud
1372 5449 1616 5520 quidem,
1644 5446 1864 5501 virtutis
1895 5443 2114 5509 modos,

620 5645 662 5677 ³⁸
704 5636 746 5695 ll
776 5636 900 5692 Cor.
931 5651 988 5698 ιι,
1021 5633 1104 5688 ll.

1186 5633 1225 5662 ³⁵
1257 5629 1482 5684 Zacliar.
1512 5646 1583 5692 tv,
1613 5631 1665 5684 3.
1745 5626 1788 5657 ³⁸
1824 5621 1958 5678 ibid.

2211 4558 2465 4628 οὐδαμῶς
2489 4556 2555 4610 ἂν
2581 4553 2810 4622 συσταίη
2843 4552 3022 4622 νόημα
3047 4549 3190 4604 θεῖον
3223 4567 3236 4580 ο
3273 4547 3442 4610 Θείοις
3471 4545 3529 4598 δὲ
3553 4546 3791 4615 νοήμασι

2218 4650 2293 4721 μὴ
2319 4647 2655 4720 τρεφόμενον
2688 4645 2750 4699 τὸ
2775 4643 2893 4712 φῶς
2936 4642 3035 4711 τῆς
3065 4642 3123 4693 ὲν
3155 4641 3267 4704 τοῖς
3311 4638 3616 4710 χαρίσμασι
3645 4632 3792 4704 γνὼ-

2219 4756 2382 4804 σεως,
2418 4737 2684 4793 ἄσϐεστον
2717 4735 2778 4789 ού
2816 4733 3164 4804 συντηρεῖται
3197 4732 3310 4794 τοῖς
3343 4728 3544 4799 ἔχουσι.

2290 4977 2407 5048 πγ’.
2433 4976 2546 5048 Τὴν
2569 4974 2670 5046 μὲν
2690 4971 2937 5028 Παλαιὰν
2967 4971 3264 5043 Διαθήκην,
3295 4969 3392 5041 τὴν
3413 4966 3474 5034 ἐξ
3500 4967 3797 5038 εὐωνύμων

2222 5070 2416 5124 ἐλαίαν
2454 5067 2828 5138 ὑπολαμϐάνω
2875 5066 3187 5137 σημαίνειν,
3217 5063 3294 5127 ὡς
3338 5063 3440 5132 τῆς
3486 5063 3795 5132 πρακτικῆς

2229 5159 2432 5233 μᾶλλον
2467 5155 2876 5230 προνοουμένην
2903 5152 3222 5223 φιλοσοφίας
3243 5169 3258 5183 ·
3291 5151 3387 5223 τὴν
3417 5151 3481 5203 ἐκ
3510 5148 3699 5211 δεξιῶν
3719 5149 3794 5210 δὲ,

2229 5251 2328 5322 τὴν
2361 5249 2510 5304 Νέαν
2549 5246 2848 5318 Διαθήκην,
2882 5245 2957 5308 ὡς
2985 5242 3176 5298 καινοῦ
3217 5241 3514 5314 μυστηρίου
3546 5238 3795 5292 διδάσκει·

2225 5344 2338 5404 λον,
2367 5340 2463 5394 καὶ
2518 5341 2616 5410 τῆς
2666 5340 2725 5392 ὲν
2779 5337 2996 5407 ἑκάστῳ
3049 5334 3161 5388 τῶν
3211 5333 3419 5389 πιστῶν
3459 5329 3794 5402 Θεωρητικῆς

2224 5437 2390 5505 ἕξεως
2432 5433 2739 5505 ποιητικήν.
2811 5430 2874 5485 Ἦ
2909 5431 3008 5502 μὶν
3038 5429 3168 5501 γὰρ,
3214 5427 3421 5501 ἀρετῆς
3464 5425 3719 5498 τρόπους,
3763 5422 3793 5491 ἡ
