4010 6202
423 190 560 261 1341

1100 194 1437 260 CAPITUM
1477 200 1901 275 QUINQUIES
1936 206 2461 272 CENTENORUM
2497 211 2888 274 CENTURIA
2924 213 3022 275 IV.

3558 214 3694 285 1342

416 303 497 371 δὲ,
524 304 781 374 γνώσεως
819 306 1012 378 λόγους
1062 312 1367 383 παρέχεται
1401 315 1514 378 τοῖς
1539 314 1606 368 τά
1630 313 1752 370 θεῖα
1786 317 1996 385 φιλοσο-

2108 319 2255 376 istud
2284 338 2441 390 vero,
2472 324 2721 380 scientia:
2754 325 2997 387 rationes
3024 325 3213 382 divina
3250 325 3689 399 philosophanti-

415 397 599 468 φοῦσι·
628 403 723 455 καὶ
756 403 789 473 ή
817 403 935 475 μὲν,
969 405 1069 474 τῆς
1098 406 1210 460 τῶν
1236 407 1533 479 ὁρωμξνωι
1553 408 1785 481 ὁμίχλης
1809 411 1986 482 ὑφαρ-

415 492 667 558 πάζουσα
686 495 820 566 πρὸς
843 496 902 551 τὸ
934 499 1193 568 συγγενὲς
1211 492 1405 572 ἀνάγει
1425 502 1516 555 τὸν
1534 503 1681 566 νοῦν,
1701 505 1881 575 πάσης
1904 522 2002 559 κα-

416 584 582 658 θαρὸν
631 586 822 659 ὑλικῆς
860 591 1167 660 φαντασίας
1214 594 1580 665 γεγενημένον
1610 610 1625 626 ·
1674 597 1708 665 ἡ
1769 595 1848 658 δὲ,
1901 595 2001 664 τῆς

416 676 608 749 ὑλικῆς
637 681 1014 750 προσπαθείας
1053 684 1215 738 αὑτὸν
1247 684 1638 756 ἀποκαθαίρει,
1662 684 1742 757 τῷ
1778 687 1877 756 τῆς
1907 686 1999 738 ἀνα

415 769 570 840 δρεας
591 773 1012 847 τόνῳ,καθάπερ
1046 776 1230 849 σφῦρα
1257 778 1368 830 τινὶ
1411 780 1537 842 τοὺς
1568 778 1703 850 πρδς
1746 778 1808 831 τὸ
1839 778 2000 850 σῶμα

414 861 515 931 τῆς
535 864 764 935 γνώμης
791 865 935 919 κατά
959 866 1057 937 τὴν
1091 868 1275 939 σχέσιν
1301 871 1680 943 ἐκκρουομένη
1704 870 1890 941 ἥλους.

491 1034 597 1092 τπδ’.
647 1038 713 1092 ἸΙ
745 1040 846 1109 μὲν
882 1040 1118 1109 Παλαιὰ,
1152 1043 1213 1098 τὸ
1245 1044 1405 1116 σῶμα
1444 1044 1582 1116 πρὸς
1631 1045 1813 1118 ψυχὴν
1851 1045 1998 1116 λογι-

425 1127 552 1183 σθὲν
575 1129 899 1197 ἀναϐιϐάζει
928 1133 1017 1187 διὰ
1056 1135 1236 1205 μέσων
1278 1137 1388 1190 τῶν
1445 1138 1681 1209 ἀρετῶν,
1715 1139 1999 1193 κωλύουσα

417 1220 513 1276 τοῦ
549 1222 685 1294 πρὸς
707 1226 867 1295 σῶμα
896 1225 987 1281 τὸν
1022 1226 1148 1281 νοῦν
1183 1228 1681 1293 καταϐιϐάζεσθαι*
1707 1233 1741 1301 ὴ
1769 1231 1826 1284 δὲ
1859 1232 1996 1294 Νέα.

416 1317 509 1368 τὸν
540 1315 665 1370 νοῦν
711 1316 849 1389 πρὸς
896 1316 988 1372 τὸν
1038 1319 1170 1374 Θεὸν
1213 1321 1570 1387 ἀναϐιϐάζει,
1601 1322 1677 1393 τῷ
1717 1325 1854 1394 πυρὶ
1886 1324 1988 1392 τῆς

417 1407 642 1478 ἀγάπης
663 1409 1030 1481 πτερούμενον
1063 1414 1097 1464 ’.
1133 1413 1240 1466 Καὶ
1268 1414 1299 1484 ἡ
1333 1414 1454 1484 μὲν,
1480 1414 1678 1469 ταύτὸν
1704 1416 1999 1488 ἐργάζεται

417 1496 497 1569 τῷ
537 1497 620 1552 νοῒ
683 1499 737 1552 τὸ
799 1501 953 1573 σῶμα
985 1503 1129 1557 κατὰ
1162 1505 1259 1577 τὴν
1301 1505 1446 1560 θέσει
1474 1507 1689 1579 κίνησιν
1717 1508 1817 1578 (ιι)·
1854 1510 1887 1578 ἡ
1916 1509 1995 1572 δὲ,

418 1589 617 1643 ταύτὸν
641 1589 720 1662 τῷ
756 1592 875 1665 Θεῷ
901 1593 993 1647 τὸν
1027 1596 1150 1650 νοῦν
1184 1598 1438 1651 ἀποτελεῖ
1464 1599 1607 1653 κατὰ
1633 1600 1734 1670 τὴν
1759 1600 1871 1664 ἕξιν
1898 1602 1995 1670 τῆς

2104 413 2210 470 bus
2239 415 2449 487 praabet
2476 435 2491 471 :
2520 425 2684 486 atque
2709 417 2949 472 alterum
2979 416 3227 487 quidem,
3250 433 3282 472 a
3306 433 3491 474 rerum
3516 422 3694 479 oculis

2103 506 2480 577 subjectarum
2508 508 2742 579 caligine
2770 508 3036 578 paulatim
3064 508 3310 564 animum
3342 510 3690 582 abstrahens,

2101 597 2170 651 ad
2229 597 2283 653 id
2342 598 2601 655 subvehit
2642 599 2791 669 quod
2836 599 2998 654 aliine
3048 608 3106 654 et
3150 608 3443 671 cognatum
3492 612 3610 668 est,
3659 620 3692 660 a

2105 698 2330 744 terreno
2362 690 2515 744 omni
2551 690 2793 761 cogitatu
2831 689 3188 755 mandatum;
3225 689 3458 746 alterum
3483 708 3633 759 vero,
3657 709 3691 749 α

2106 789 2325 843 terrena
2357 779 2651 836 affectione
2685 795 2751 834 ac
2783 779 3015 836 libidine
3048 778 3304 845 mundat,
3340 781 3493 834 velut
3523 781 3691 836 nimi-

2103 890 2224 928 rum
2267 874 2465 930 malleo
2504 872 2769 942 quodam,
2802 869 3146 926 fortitudinis
3183 871 3400 941 vigore,
3445 866 3691 929 excussis

2103 966 2308 1036 quibus
2333 966 2553 1035 corpori
2579 979 2734 1018 meus
2759 962 3021 1034 illigatur,
3045 960 3296 1016 libidinis
3322 962 3511 1017 clavis.

2175 1057 2263 1112 84.
2314 1053 2482 1110 Vetus
2526 1055 2751 1125 quidem
2795 1053 3246 1119 Testamentum,
3292 1068 3497 1123 corpus
3541 1054 3692 1110 velut

2102 1147 2315 1201 ratione
2349 1147 2619 1201 imbutum
2652 1145 2997 1202 intermediis
3017 1144 3321 1199 virtutibus
3348 1144 3415 1198 ad
3445 1144 3689 1201 animum

2101 1240 2381 1304 subvehit,
2415 1239 2717 1310 prohibens
2755 1252 2826 1292 ne
2864 1252 3023 1292 mens
3061 1237 3130 1291 ad
3170 1252 3372 1307 corpus
3410 1237 3689 1307 deprima-

2103 1341 2224 1398 tur;
2253 1331 2467 1387 Novum
2488 1337 2694 1394 autem,
2721 1336 2960 1382 mentem
2991 1327 3046 1382 in
3075 1328 3248 1382 Deum
3275 1326 3482 1395 evehit,
3508 1328 3691 1383 chari-

2100 1425 2231 1480 tatis
2272 1425 2396 1495 igne
2437 1423 2620 1477 volatu
2667 1420 2956 1476 sublimem
3000 1420 3168 1491 606
3206 1419 3480 1476 effectam.
3510 1420 3689 1492 Atque

2099 1517 2335 1570 alterum
2360 1514 2606 1585 quidem,
2628 1528 2830 1583 corpus
2857 1513 3000 1567 idem
3029 1527 3156 1567 cum
3182 1518 3369 1567 mente
3390 1511 3689 1567 voluntatis

2102 1618 2253 1662 motu
2285 1605 2478 1672 ellieit;
2514 1606 2770 1669 alterum,
2797 1603 2943 1658 idem
2979 1618 3107 1658 cum
3138 1603 3251 1657 Deo
3277 1611 3519 1659 mentem
3551 1603 3687 1657 cha-

421 1689 644 1753 χάριτος
682 1685 953 1755 τοσαύτην
1000 1685 1193 1756 ἔχοντα
1219 1688 1357 1758 πρὸς
1379 1689 1512 1744 Θεὸν
1543 1690 1642 1761 τὴν
1675 1692 1994 1761 ἐμφέρειαν,

2106 1698 2284 1753 ritatis
2324 1697 2519 1752 habitu
2559 1696 2757 1760 reddit,
2796 1703 2944 1749 tanta
2981 1710 3106 1750 cum
3146 1694 3258 1749 Deo
3292 1695 3482 1764 sicque
3521 1709 3687 1749 accu-

418 1770 559 1824 ῶστε
584 1772 674 1826 τὸν
705 1773 838 1828 Θεὸν
860 1776 927 1829 δι’
962 1778 1127 1831 αὑτοῦ
1162 1779 1563 1852 γνωρίζεσθαι,
1589 1783 1682 1835 τὸν
1714 1780 1775 1847 ἐξ
1804 1782 1997 1835 ἑαυτοῦ

419 1864 559 1917 κατὰ
579 1862 740 1935 φύσιν
765 1866 1015 1937 οὐδαμῶς
1038 1871 1361 1941 τοπαράπαν
1380 1872 1555 1927 οὐδενὶ
1576 1875 1997 1945 γινωσκόμενον,

416 1952 492 2018 ὡς
519 1953 583 2008 ἔκ
610 1973 755 2020 τινος
775 1958 985 2023 εἰκόνος
1020 1963 1347 2032 ἀρχέτυπον.

491 2045 596 2101 πε’.
637 2048 699 2102 Ἢ
736 2050 834 2122 μὲν
865 2053 1076 2108 Παλαιὰ
1100 2055 1366 2127 Διαθήκη,
1402 2058 1652 2127 πράξεως
1676 2059 1771 2112 καὶ
1795 2058 1998 2130 ἀρετῆς

417 2137 744 2209 ὑπάρχουσα
799 2142 1093 2213 σύμϐολον,
1125 2152 1436 2217 συμφωνεῖν
1494 2150 1554 2204 τὸ
1602 2151 1759 2221 σῶμα
1808 2150 1887 2221 τῷ
1916 2150 1996 2205 νεῖ

416 2233 833 2303 παρασκευάζει
860 2236 1001 2291 κατὰ
1032 2238 1132 2310 τὴν
1158 2241 1371 2311 κίνησιν
1400 2259 1415 2272 ·
1452 2243 1484 2313 ἡ
1513 2243 1566 2296 δὲ
1594 2244 1727 2308 Νέα,
1762 2231 2006 2313 θεωρίας

413 2315 550 2373 οὖσα
591 2323 687 2375 καὶ
740 2324 999 2393 γνώσεως
1040 2333 1321 2402 ποιητικὴ,
1367 2332 1456 2387 τὸν
1502 2336 1780 2403 μυστικῶς
1824 2337 1996 2405 αὐτῆς

414 2412 770 2483 ἀντεχόμενον
839 2417 960 2471 νοῦν
1024 2422 1136 2486 τοῖς
1189 2421 1351 2488 θείοις
1417 2426 1652 2497 νοήμασι
1721 2446 1994 2499 καταφαι-

414 2505 605 2573 δρύνει
640 2508 733 2562 καὶ
762 2513 874 2575 τοῖς
926 2514 1274 2586 γνωρίσμασι
1299 2517 1336 2538 ⁶⁶
1364 2535 1377 2548 ·
1409 2519 1503 2571 καὶ
1531 2521 1563 2590 ἡ
1614 2522 1713 2591 μὲν
1759 2522 1993 2581 Παλαιὰ.

411 2596 490 2669 τῷ
519 2603 806 2673 γνωστικῷ
841 2609 1068 2676 χορηγεῖ
1099 2608 1224 2672 τοὺς
1261 2612 1497 2681 τρόπους
1529 2613 1636 2666 τῶν
1666 2612 1878 2682 ἀρετῶν
1914 2632 1927 2644 ο
1955 2617 1989 2685 ἡ

412 2689 470 2746 δὲ
494 2692 631 2759 Νέα,
653 2694 732 2766 τῷ
767 2698 1056 2771 πρακτικῷ
1084 2700 1338 2770 γνώσεως
1358 2703 1593 2775 ἀληθοῦς
1611 2704 1802 2774 λόγους
1833 2708 1991 2778 χαρίο

412 2784 583 2849 (aut.

486 2883 605 2941 πς’.
649 2878 904 2934 Ἐκείνων
926 2883 955 2935 ὁ
989 2882 1122 2944 Θεὸ;
1143 2883 1364 2953 λέγεταί
1399 2904 1458 2940 τε
1487 2888 1818 2958 καὶγίνεται
1852 2888 1993 2943 κατὰ

2102 1798 2220 1844 rata
2248 1787 2634 1851 similitudine,
2663 1795 2723 1841 ut
2752 1801 2820 1840 ex
2852 1800 2916 1839 ea
2948 1785 3097 1840 Deus
3129 1794 3513 1855 cognoscatur,
3537 1786 3690 1840 velut

2097 1898 2167 1937 ex
2214 1880 2453 1950 imagine
2491 1893 2588 1933 seu
2638 1876 2936 1933 simulacro
2981 1875 3286 1945 exemplar,
3332 1874 3417 1944 qui
3464 1873 3582 1944 ipse
3619 1889 3689 1928 ex

2097 1974 2281 2043 seipse
2312 1989 2343 2027 a
2374 1971 2529 2026 nullo
2554 1985 2785 2040 usquam
2820 1983 3049 2038 prorsus
3080 1975 3279 2022 natura
3311 1965 3684 2037 cognoscitur.

2167 2066 2258 2120 85.
2292 2064 2463 2120 Vetus
2506 2062 2730 2132 quidem
2773 2061 3220 2123 Testamentum,
3256 2057 3407 2129 quod
3451 2056 3687 2112 actionis

2097 2169 2263 2228 atque
2296 2156 2522 2211 virtutis
2560 2156 2633 2210 sit
2672 2154 3005 2224 symbolum,
3042 2152 3292 2222 corporis
3333 2165 3459 2206 eum
3499 2157 3684 2205 mente

2096 2265 2429 2308 consensum
2465 2249 2620 2314 facit,
2651 2246 2796 2317 quod
2843 2246 3042 2300 attinet
3078 2243 3145 2298 ad
3188 2252 3427 2307 motum;
3469 2242 3686 2296 Novum

2094 2350 2315 2404 autem,
2351 2337 2499 2409 quod
2549 2337 2621 2390 sit
2662 2332 3143 2404 contemplationis
3185 2345 3250 2385 ac
3298 2327 3544 2384 scientia:
3583 2342 3683 2397 pa-

2097 2449 2252 2498 rens,
2287 2438 2530 2485 mentem
2575 2428 2677 2498 ipsi
2719 2425 2948 2497 mystice
2982 2424 3284 2493 impensam
3321 2428 3486 2489 atque
3521 2418 3681 2475 dedi-

2099 2536 2229 2591 tam,
2262 2523 2469 2579 divinis
2503 2521 2682 2577 sensis
2714 2519 2970 2587 notisque
3002 2520 3236 2571 exornat
3272 2530 3286 2566 :
3320 2521 3485 2580 atque
3517 2509 3684 2564 \‘ctus

2094 2618 2342 2689 quidem,
2368 2613 2601 2685 spiritali
2637 2627 2701 2667 ac
2730 2608 2965 2679 sapienti
2992 2607 3264 2661 virtutum
3301 2602 3684 2660 subministrat

2095 2710 2315 2773 modos;
2341 2706 2552 2761 Novum
2580 2712 2787 2768 autem,
2810 2698 3015 2756 colenti
3038 2696 3314 2753 actionem
3336 2708 3482 2750 verae
3504 2692 3683 2747 scien-

2099 2802 2184 2855 tia:
2209 2798 2451 2852 rationes
2475 2794 2693 2851 tribuit.

2165 2903 2253 2959 86.
2288 2903 2494 2957 Eorum
2534 2900 2681 2954 Deus
2713 2912 2814 2966 per
2844 2893 3075 2966 gratiam
3110 2891 3272 2946 Pater
3308 2899 3427 2945 tum
3461 2901 3679 2942 nuncu-

413 2968 572 3039 χάριν
611 2970 801 3066 [latim
829 3012 844 3037 ,
873 2974 982 3066 τῶν
1035 2976 1204 3047 μόνην
1243 2977 1475 3046 ἑχόντων
1512 2980 1614 3051 τὴν
1646 2982 1767 3034 κατ’
1790 2982 1991 3053 ἀρετὴν

2106 3004 2256 3063 natur
2288 3001 2403 3047 tum
2437 2989 2692 3053 ellicitur,
2715 2985 2810 3056 qui
2846 2984 3018 3040 solam
3050 2980 3237 3036 animo
3268 2978 3495 3034 virtutis
3522 2977 3676 3032 cultu

412 3060 696 3133 γνωμικὴν
744 3064 801 3114 ἐν
848 3063 1120 3135 πνεύματι
1179 3065 1435 3137 γέννησιν
1469 3085 1483 3098 ·
1530 3071 1653 3123 καθ’
1686 3073 1753 3144 ἢν
1799 3072 1988 3145 ὥσπερ

2094 3089 2149 3142 iu
2185 3085 2382 3156 spiritu
2416 3081 2761 3138 nativitatem
2793 3075 2937 3132 nacti
2966 3085 3125 3139 sunt;
3158 3088 3299 3142 qua,
3332 3071 3482 3126 velut
3512 3069 3680 3124 animi

411 3150 590 3224 ψυχῆς
635 3154 945 3223 πρόσωπον,
982 3157 1073 3210 τὸν
1128 3158 1186 3211 ἐν
1229 3159 1455 3229 ἀρεταῖς
1488 3161 1581 3215 τοῦ
1637 3165 1992 3234 γεννήσαντος

2106 3181 2289 3235 'aeiem
2323 3192 2389 3232 ac
2418 3174 2650 3245 eﬂigiem
2669 3213 2683 3237 ,
2713 3169 2960 3242 parentis
2994 3167 3088 3222 Dei
3122 3164 3427 3220 virtutibus
3453 3164 3680 3219 elucen-

415 3245 548 3300 Θεοῦ
579 3248 910 3319 χαρακτῆρα
964 3250 1291 3320 φαινόμενον
1314 3250 1529 3321 ἔχοντες
1566 3254 1707 3309 κατά
1740 3256 1832 3311 τὸν
1855 3256 1989 3326 βίον,

414 3340 541 3399 τοὺς
588 3335 893 3407 θεωμένους
923 3343 989 3411 τῇ
1032 3340 1302 3413 μεταϐολῇ
1336 3342 1446 3398 τῶν
1490 3344 1713 3415 τρόπων
1749 3345 1993 3411 δοξάζειν

414 3424 507 3481 τὸν
537 3426 668 3481 Θεὸν
693 3432 1195 3499 παρασκευάζουσι,
1222 3436 1314 3486 τὸν
1336 3436 1533 3488 οἰκεῖον
1569 3436 1682 3506 βίον
1720 3438 1857 3506 πρὸς
1904 3439 1993 3509 μί-

417 3537 585 3591 μησιν
614 3522 942 3593 παρέχοντες
964 3524 1146 3588 αὐτοῖς
1176 3525 1459 3596 ἐξαίρετον
1483 3528 1687 3597 ἀρετῆς
1719 3527 1993 3598 ἐξεμπλά-

417 3631 554 3688 ριον.
585 3616 657 3668 Οὐ
689 3618 797 3685 γὰρ
849 3615 991 3688 λόγῳ
1035 3617 1177 3689 ψιλῷ
1206 3618 1338 3684 Θεὸς
1367 3621 1688 3686 ωξάζεσθαι
1726 3623 1988 3691 πέφυκεν,

414 3705 533 3763 ἀλλ’
561 3705 745 3777 ἔργοις
778 3706 1129 3779 δικαιοσύνης
1162 3708 1344 3782 πολλῷ
1366 3710 1592 3768 πλείονα
1620 3711 1797 3781 λόγων
1837 3713 1997 3786 βοῶσι

415 3798 513 3871 τὴν
534 3797 685 3853 θείαν
721 3800 1222 3874 μεγαλοπρέπειαν.
1684 3868 1689 3871 _

486 3891 597 3954 υπς’.
652 3892 965 3971 Ἀριστερδς
998 3894 1098 3964 μὲν
1127 3897 1155 3948 ὁ
1176 3894 1406 3964 φυσικὸς
1439 3895 1622 3965 νόμος,
1654 3896 1743 3951 διὰ
1769 3897 1869 3967 τὴν
1907 3896 1989 3952 αῖ-

418 3981 611 4055 σθησιν
638 4000 653 4015 °
687 3984 955 4055 προσάγει
1010 3986 1068 4039 δὲ
1132 3985 1211 4057 τῷ
1261 3986 1407 4057 λόγῳ
1438 3987 1567 4051 τοὺς
1612 3988 1848 4059 τρόπους
1888 3988 1997 4042 τῶν

417 4075 647 4145 ἀρετῶν.
690 4075 787 4129 καὶ
806 4080 954 4129 ποιεῖ
980 4075 1182 4146 γνῶσιν
1203 4078 1626 4149 ἐνεργουμένην.
1664 4079 1721 4133 '0
1744 4080 1801 4152 δὲ
1834 4098 1999 4133 πνευ-

420 4168 647 4238 ματικὸς
670 4169 853 4238 νόμος,
879 4167 1051 4234 δεξιὸς
1073 4170 1316 4247 μένΙὲστι
1344 4171 1433 4224 διὰ
1460 4171 1552 4225 τὸν
1578 4172 1703 4226 νοῦν
1735 4189 1748 4202 ’
1777 4173 1999 4243 μίγνυσι

417 4258 475 4312 δὲ
505 4263 570 4332 τῇ
602 4261 854 4331 αἰσθήσει
877 4262 1006 4324 τοὺς
1055 4264 1112 4315 ἐν
1151 4264 1265 4326 τοῖς
1295 4258 1416 4317 οὖσι
1455 4265 1862 4335 πνευματικοὺς
1904 4264 1993 4320 λό-

418 4365 569 4419 γους,
603 4351 696 4404 xei.
727 4354 869 4405 ποιεῖ
891 4353 1089 4422 πρᾶξιν
1123 4351 1543 4423 λελογισμένην.

490 4448 602 4511 σπη’.
648 4443 706 4496 Ὀ
739 4445 804 4513 τῇ
836 4443 1034 4514 πράξει
1052 4445 1479 4515 σωματουμένην
1503 4446 1603 4518 τὴν
1628 4448 1865 4515 γνῶσιν’,
1900 4450 1994 4504 καὶ

418 4535 486 4603 τῇ
516 4532 713 4602 γνώσει
738 4535 1087 4606 ψυχουμένην
1113 4536 1213 4606 τὴν
1241 4536 1442 4608 πρᾶξιν
1469 4539 1702 4603 δεικνὺς.
1719 4542 1811 4593 τὸν
1832 4542 1994 4612 ἀκρι-

419 4625 493 4697 ϐῆ
532 4625 731 4697 τρόπον
779 4622 906 4695 εὗρε
949 4628 1049 4697 τῆς
1091 4626 1327 4698 ἀληθοῦς
1375 4627 1663 4701 θεουργίας
1717 4633 1810 4702 (υ).
1857 4630 1916 4686 Ὀ
1951 4633 1996 4687 δ’

485 4789 504 4809 ⁸
532 4786 634 4854 Qu.
669 4785 759 4842 63.
792 4784 860 4840 ad
891 4785 1048 4840 Thal.
1085 4785 1349 4858 πυροὺμ.,
1381 4802 1656 4842 accensam

493 4926 572 4999 (ιι)
617 4925 781 4999 Κατὰ
798 4925 912 4999 τὴν
932 4924 1093 4999 θέσει
1117 4923 1494 4999 κίττησινηδίε
1515 4922 1682 4977 etiam
1705 4929 1899 4999 quaest.
1929 4922 1998 4978 56

424 4993 511 5055 Αᾱ
530 4993 774 5052 Thulass.
813 4996 930 5051 Non
988 4996 1125 5050 satis
1160 4994 1343 5058 Picus,
1377 4994 1433 5046 in
1480 4993 1777 5064 peragenda
1827 5004 1996 5046 motu.

426 5068 688 5133 Reddidi,
727 5065 1013 5125 voluminis
1057 5073 1225 5130 motu,
1262 5079 1370 5118 non
1402 5060 1792 5134 (ιιιὸάθελήσει
1832 5064 2000 5134 velim

424 5130 803 5203 emendatum,
845 5136 941 5192 sed
968 5135 1115 5206 quod
1148 5135 1225 5199 id,
1261 5130 1519 5204 quod'sic
1549 5130 1717 5197 θέσει,
1744 5133 1902 5206 quasi
1932 5132 2001 5206 ab

425 5210 741 5265 extrinseco
774 5201 832 5263 et
857 5201 1066 5262 factitie
1101 5215 1207 5264 est.
1243 5201 1531 5259 voluntate
1563 5208 1669 5265 est,
1702 5201 1776 5256 at‘
1805 5204 1858 5258 in
1905 5201 2003 5256 ad-

426 5278 654 5349 optione
678 5321 691 5345 ,
735 5294 843 5349 qua
881 5276 1007 5347 quis
1046 5276 1213 5349 θέσει,
1250 5290 1363 5330 non
1402 5273 1561 5349 φύσει
1591 5314 1606 5336 ,
1632 5272 1714 5349 _in
1742 5272 2004 5349 familiam

428 5341 712 5419 filiumque
743 5341 1069 5419 cooptatur.
1104 5346 1196 5402 Sic
1218 5341 1426 5419 corpus
1468 5341 1534 5397 ad
1556 5342 1802 5419 animum
1833 5343 2002 5396 ell‘er-

430 5429 543 5490 tur,
589 5414 710 5490 eius
762 5414 937 5490 quasi,
970 5417 1183 5472 ratione
1218 5414 1513 5490 imbutum,
1568 5427 1677 5482 qua
1718 5414 2004 5469 voluntate

429 5485 736 5545 virtutibus
765 5485 1059 5558 excolitur,
1105 5501 1274 5558 supra
1319 5485 1489 5550 illius,
1530 5492 1593 5538 ut
1652 5497 1856 5555 corpus
1879 5490 2001 5548 est,

430 5561 690 5629 meritum
722 5569 890 5629 atque
921 5557 1189 5629 debitum.

503 5626 580 5702 (υ)
612 5629 729 5701 Τῆς
757 5625 1020 5699 ἀληθοῦς
1064 5628 1393 5700 θεουργίας.
1436 5628 1636 5685 Veram
1688 5625 2001 5700 θεουργίαν,

2095 3276 2225 3330 tem,
2248 3266 2362 3320 vita
2387 3263 2457 3318 iis
2484 3262 2758 3325 instituta,
2782 3259 3161 3314 characterem
3192 3255 3478 3318 habentes,
3503 3252 3556 3306 in
3584 3252 3682 3307 Dei

2093 3358 2315 3413 laudem
2369 3353 2735 3412 conversione
2781 3363 3000 3405 morum
3049 3347 3415 3417 spectantium
3468 3343 3681 3398 animos

2095 3453 2427 3520 provocant;
2478 3444 2682 3515 quibus
2722 3442 2986 3497 eximium
3026 3439 3252 3495 virtutis
3289 3436 3570 3507 exemplar
3608 3434 3678 3489 ad

2094 3539 2454 3603 imitandum,
2485 3536 2652 3591 vitam
2693 3533 2797 3603 ipsi
2839 3547 2995 3587 suam
3034 3530 3336 3602 praebeant.
3370 3529 3492 3584 Non
3530 3526 3680 3582 enim

2096 3633 2153 3686 in
2180 3630 2329 3684 nudo
2355 3641 2609 3683 sermone
2633 3624 2827 3694 posita;
2852 3622 2949 3676 Dei
2973 3621 3184 3686 laudes,
3206 3619 3300 3674 sed
3331 3619 3387 3673 in
3417 3616 3682 3689 operibus

2092 3721 2349 3793 justitiae;
2394 3733 2518 3789 qua:
2560 3716 2722 3786 longe
2764 3713 2957 3784 majori
3002 3728 3116 3782 prae
3152 3710 3342 3767 verbis
3380 3709 3677 3782 praaconio,

2097 3811 2338 3867 divinam
2369 3810 2608 3866 clament
2631 3802 3117 3875 magnificentiam.

2170 3901 2257 3957 87.
2295 3900 2406 3955 Lex
2448 3896 2721 3953 naturalis
2767 3894 2993 3950 sinistra
3046 3892 3239 3962 utique
3287 3900 3400 3954 cst,
3448 3896 3677 3962 propter

2096 4007 2354 4058 sensum;
2405 3991 2784 4058 virtutumque
2842 3986 3036 4041 modos
3086 3984 3289 4039 rationi
3341 3982 3677 4044 admovens,

2098 4083 2383 4140 scientiam
2408 4081 2679 4138 eﬂicaeem
2713 4094 2777 4134 ac
2809 4088 3089 4133 actuosam
3120 4074 3319 4130 reddit.
3353 4074 3465 4128 Lex
3492 4080 3675 4127 autem

2098 4177 2365 4249 Spiritalis
2415 4174 2606 4229 dextra
2636 4181 2742 4237 est,
2768 4180 2992 4241 propter
3018 4169 3260 4227 animum
3286 4182 3383 4222 seu
3406 4173 3675 4231 mentem;

2097 4269 2445 4336 miscensque
2499 4263 2687 4321 sensui
2743 4262 3020 4333 spiritales
3068 4260 3127 4315 in
3182 4259 3350 4315 rebus
3402 4258 3677 4323 rationes,

2025 4351 2073 4407 D
2100 4359 2371 4415 actionem
2401 4355 2710 4411 consultam
2737 4352 3115 4421 imbutamque
3137 4350 3349 4408 ratione
3375 4349 3525 4407 facit.

2174 4448 2263 4504 88.
2292 4447 2396 4514 Qui
2436 4446 2653 4503 actione
2691 4449 3037 4512 eorporatam
3079 4439 3388 4502 scientiam,
3419 4436 3678 4493 scientia-

2099 4556 2209 4613 que
2241 4539 2537 4594 animatam
2571 4534 2843 4590 actionem
2879 4531 3153 4596 ostendit,
3188 4534 3507 4587 acéuratum
3539 4543 3679 4582 vera:

2101 4632 2386 4705 θεουργίας
2413 4628 2632 4703 (divina:
2661 4627 2873 4685 scilicet
2893 4623 3253 4696 operationis)
3280 4622 3504 4678 modum
3529 4620 3681 4674 inve-

2172 4789 2210 4810 “
2241 4786 2323 4843 Ad
2355 4784 2610 4840 Thalass.
2644 4782 2965 4853 χαρίσμασι.

2094 4938 2193 4979 seu
2224 4921 2469 4977 divinam
2500 4915 2912 4987 operationem,
2934 4911 3159 4965 videtur
3189 4908 3290 4987 hic
3311 4907 3521 4973 dicere,
3552 4924 3677 4987 qua;

2098 4994 2178 5048 sic
2226 4991 2442 5047 actione
2476 4979 3026 5052 et'contemplatione
3057 4979 3398 5052 comple_tur,_
3433 4988 3489 5032 et
3513 4980 3674 5052 quasi

2098 5063 2410 5118 eminenter
2437 5058 2725 5124 utriusque
2770 5049 2892 5124 vim
2928 5051 3133 5124 habet:
3164 5049 3494 5124 sapientiam
3520 5049 3675 5124 scili-

2099 5141 2208 5197 cet,
2249 5145 2373 5198 qua:
2422 5118 2671 5198 proxima
2699 5130 2786 5198 est
2828 5120 2896 5175 ad
2937 5118 3676 5198 deificationcm.Quom.odo

2100 5187 2159 5258 et
2182 5187 2238 5257 in
2265 5187 2488 5272 Christo
2511 5192 3031 5272 dietamﬂsoupyiav
3058 5188 3338 5272 Dionysio,
3363 5187 3497 5258 quin
3520 5187 3669 5269 dica-
3740 5252 3743 5255 _

2103 5288 2246 5335 mus,
2278 5268 2416 5324 nihil
2438 5266 2660 5321 videtur
2687 5259 2909 5318 obstare
2940 5278 2969 5335 :_
2983 5276 3098 5315 non
3117 5259 3349 5335 quidem
3368 5272 3491 5328 quae
3509 5259 3673 5335 unici-

2109 5342 2164 5414 ni
2208 5328 2864 5414 prreviaiptelligaturet
2903 5328 3454 5414 adeam‘disponeps
3500 5328 3669 5398 (quod

2104 5397 2417 5467 Nes'toriaui
2439 5397 2668 5462 furfuris
2696 5407 2822 5469 est),
2853 5401 2953 5457 sed
2986 5400 3068 5455 illi
3090 5397 3302 5458 eomes.
3333 5397 3402 5469 ad
3436 5413 3673 5469 eamque

2108 5494 2369 5550 sequens,
2403 5477 2570 5550 _velut
2618 5467 3037 5550 illius‘ornatus
3071 5488 3085 5550 ς
3118 5471 3180 5550 ἰιιΔ
3222 5484 3334 5550 qua
3360 5467 3475 5550 ipsa
3501 5467 3678 5550 nobis

2110 5537 2256 5607 idem
2285 5537 2540 5604 Christus
2561 5551 2618 5601 et
2643 5552 2836 5598 auctor
2861 5542 3092 5597 exsistat
3131 5548 3189 5594 et
3209 5537 3671 5608 perfectissimqu

2107 5619 2423 5694 exemplar;
2449 5632 2576 5676 cum
2598 5616 2719 5689 ejus
2736 5612 3014 5686 θεουργια,
3045 5621 3109 5668 ιιι
3127 5608 3328 5668 Budteo
3350 5608 3670 5681 exponitur.
