4046 6196
423 289 560 357 1345
1103 288 1434 351 CAPITUM
1475 282 1901 358 QUINQUIES
1940 280 2021 342 CE

2079 282 2456 344 'TENORUM
2495 286 2883 347 CENTURIA
2927 288 3021 348 ιν.
3541 288 3677 356 1316

415 411 597 480 πάσης
641 406 845 479 ἀρετῆς
902 405 1144 474 κεφαλὴν
1178 406 1207 456 ό
1246 406 1529 476 προρήτης
1556 403 1836 472 ὠνόμασεν
1863 415 1876 428 °
1910 400 1986 459 ὡς

2092 399 2360 454 rationem
2391 409 2554 469 atque
2587 416 2919 466 sermonem,
2951 410 3208 472 tanquam
3241 399 3460 458 virtutis
3496 410 3677 463 omnis

411 501 494 566 τὸ,
533 500 680 554 Ἕδυ
708 500 747 568 ἠ
780 499 1013 568 κεφαλὴ
1040 515 1159 568 μου
1182 500 1264 564 είς
1301 498 1571 566 σχισμὰς
1632 495 1852 562 ὀρέων-⁸
1889 491 1991 553 τὰς

2093 491 2424 562 principium
2453 501 2508 546 et
2537 493 2838 562 originem;
2870 495 2946 548 uti
2979 503 3062 547 est
3093 493 3228 548 illud
3262 511 3276 548 :
3312 493 3481 550 Subiit
3517 508 3675 568 caput

310 635 313 638 .
411 591 467 644 δὲ
496 591 734 654 διανοίας
761 591 870 642 τῶν
904 590 1231 660 πνευμάτων
1272 591 1368 659 τῆς
1435 586 1723 656 πονηρίας,
1754 601 1908 654 σχισμ

2095 599 2266 636 meum
2297 585 2556 636 scissuras
2595 585 2850 637 montium
2875 585 2938 636 ³³.
2971 583 3252 639 Scissuras
3289 594 3472 642 autem
3517 602 3675 640 mon-

411 679 520 736 τῶν
548 679 742 748 ὁρέων,
773 680 863 748 ὑφ’
903 673 979 732 ὧν
1007 677 1286 749 κατεπόθη
1312 678 1400 732 διὰ
1427 679 1523 748 τῆς
1568 676 1932 746 παραϐάσεως
1961 674 1990 726 ό

2092 671 2251 738 tium,
2269 673 2731 742 nequissimorum
2761 675 3052 744 spirituum
3077 675 3305 730 consilia
3333 681 3386 726 et
3413 677 3672 741 rationes,

409 768 679 839 ἡμέτερος
736 769 898 832 νοῦςο
929 769 1032 839 γῆν
1074 768 1132 822 δὲ
1180 768 1524 837 κατωτάτην,
1559 767 1659 838 τὴν
1725 763 1990 835 μηδαμῶς

2091 764 2292 833 quibus
2331 780 2429 834 per
2467 767 2953 836 transgressionem
2992 783 3148 822 mens
3187 778 3376 820 nostra
3415 767 3675 838 absorpta

408 857 672 925 γνώσεως
731 857 1130 930 αἰσθανομένην
1191 857 1420 928 θείας,ῆ
1473 858 1572 929 τῆς
1623 857 1745 910 κατ’
1789 855 1989 926 ἀρετὴν

2089 862 2174 908 cst
2217 871 2231 907 :
2281 863 2480 908 terram
2522 871 2653 910 vero
2700 857 2966 921 infimam,
2999 858 3149 911 omni
3193 856 3437 912 scientiae
3475 857 3676 911 divinae

408 951 556 1020 ζωῆς
576 991 591 1016 ,
617 950 718 1022 τὴν
752 949 966 1005 οίανοῦν
1000 953 1214 1020 κίνησιν
1264 948 1494 1020 ἔχουσαν
1547 949 1658 1014 ἕξιν
1687 964 1702 980 ·
1754 947 1989 1000 ἄϐυσσον

2090 960 2253 1000 sensu
2305 955 2586 1001 carentem
2635 948 2917 1012 habitum,
2955 963 3020 1002 ac
3068 950 3161 1018 qui
3213 950 3339 1002 vita:
3382 965 3412 1003 e
3452 949 3676 1004 virtutis

407 1040 486 1102 δὲ,
514 1040 612 1110 τὴν
646 1040 1008 1112 ἐπικειμένην
1038 1040 1262 1110 ἄγνοιαν
1285 1043 1353 1111 τῇ
1389 1039 1500 1104 ἔξει
1527 1041 1626 1109 τῆς
1651 1038 1881 1102 κακίας,
1901 1039 1986 1108 ἐφ’

2091 1036 2398 1092 rationibus
2433 1039 2699 1095 institutae
2728 1049 2879 1094 motu
2913 1041 3065 1094 omni
3101 1041 3458 1096 destituatur.
3490 1041 3639 1113 Abys
3659 1072 3673 1082 -

408 1127 442 1206 ᾖ
473 1132 674 1204 βέϐηκε
696 1131 951 1204 καθάπερ
974 1135 1069 1204 γῇ,
1093 1133 1163 1185 τὰ
1188 1131 1289 1200 τῆς
1319 1131 1522 1195 κακίας
1546 1130 1759 1200 πελάγη
1789 1130 1822 1200 ἢ
1859 1130 1984 1200 γῆν,

2089 1143 2233 1193 sum,
2265 1129 2630 1199 ignorantiam
2663 1131 2951 1202 pravitatis
2985 1132 3198 1186 babitui
3234 1133 3669 1200 incumbentem;

406 1224 506 1295 τὴν
579 1224 788 1294 παγίαν
838 1225 939 1294 τῆς
991 1223 1185 1285 κακίας
1228 1223 1340 1288 ἕξιν
1388 1217 1579 1274 εἷπεν·
1619 1220 1872 1281 αἰωνίους
1928 1219 1986 1272 δὲ

2090 1217 2145 1273 in
2195 1235 2394 1288 quam,
2437 1223 2587 1276 velut
2636 1222 2691 1275 in
2745 1232 2945 1277 terram
3000 1223 3369 1277 ascenderunt
3413 1225 3672 1293 nequitia:

413 1318 665 1388 μοχλοὺς,
699 1317 800 1381 τὰς
837 1317 1254 1388 συγκρατούσας
1281 1318 1381 1387 τὴν
1413 1315 1694 1386 χειρίστην
1723 1313 1838 1380 ἕξιν
1881 1313 1985 1382 ἑμ-

2085 1307 2253 1378 608
2297 1310 2502 1374 maria,
2552 1310 2665 1366 sive
2711 1320 2945 1374 terram,
2990 1311 3206 1366 ﬁrmum
3256 1312 3374 1366 vitii
3425 1313 3670 1366 habitum

411 1410 603 1474 παθεῖς
634 1408 1009 1480 προσπαθείας
1032 1410 1141 1463 τῶν
1169 1408 1390 1464 ὑλικῶν.

2087 1402 2446 1471 nuncupavit.
2496 1403 2688 1458 Vectes
2747 1413 3018 1468 :eternos,
3067 1404 3366 1473 pessimum
3420 1404 3669 1460 habitum

2087 1493 2510 1549 corroborantes
2543 1503 2892 1549 terrenorum
2920 1495 3250 1550 libidinosos
3275 1496 3526 1550 affectus.

479 1591 587 1655 tm.
631 1586 696 1638 'H
727 1585 834 1639 τῶν
858 1583 1032 1653 ἁγίων
1073 1583 1320 1654 ὑπομονὴ
1347 1623 1362 1649 ,
1393 1582 1494 1653 τὴν
1537 1580 1782 1652 πονηρὰν
1820 1578 1984 1632 δύνα-

2157 1584 2246 1648 95⁸
2293 1585 2618 1640 Sanctorum
2669 1588 2968 1656 patientia,
3007 1588 3348 1642 adorientem
3393 1589 3666 1658 nequissi-

412 1694 504 1748 μιν
526 1676 993 1748 προσϐάλλουσαν,
1023 1675 1240 1746 δαπανᾷ
1268 1691 1282 1705 ο
1317 1675 1395 1738 ὡς
1423 1673 1690 1728 πείθουσα
1709 1675 1821 1736 τοῖς
1842 1671 1984 1742 ὑπὲρ

2087 1691 2232 1730 mam
2263 1687 2588 1746 potestatem
2619 1679 2889 1746 absumit;
2921 1689 2982 1734 ut
3006 1695 3128 1748 qua:
3157 1680 3439 1735 laboribus
3466 1683 3667 1737 verita-

407 1731 663 1841 ;itl'qtle'iac
693 1731 1428 1839 ἐγκαλλωπίζεσθαιπόνοις,
1449 1769 1572 1832 τοὺς
1610 1767 1781 1836 αὐτῆς
1801 1731 1986 1821 διακό-

2091 1765 2161 1820 tis
2199 1780 2363 1822 causa
2401 1766 2649 1822 ferendis
2687 1769 2933 1838 gloriari,
2968 1768 3236 1824 ministris
3271 1769 3386 1823 suis
3420 1771 3665 1836 suadeat,

407 1880 550 1926 νους,
583 1863 674 1916 καὶ
697 1862 855 1916 πλέον
877 1861 1316 1932 ὲμπλατύνεσθαι
1337 1861 1664 1915 διδάσκουσα
1685 1857 1986 1928 τοῖςπαθή-

2089 1853 2392 1926 doceatque
2417 1873 2513 1912 eos
2539 1857 2711 1928 magis
2731 1857 2993 1912 aerumnis
3015 1858 3256 1924 dilatari,
3279 1876 3440 1930 quam
3467 1863 3669 1930 quibus

411 1971 594 2025 μασιν,
609 1953 772 2024 ἢταῖς
787 1955 1058 2016 ἀνέσεσιν,
1073 1955 1123 2006 οί
1139 1954 1239 2021 τῆς
1259 1954 1316 2005 ὲν
1332 1952 1493 2022 σαρκὶ
1513 1951 1659 2022 ζωῆς
1671 1952 1808 2019 ἄγαν
1822 1952 1987 2020 cppr-

2087 1946 2325 2000 carnalis
2347 1947 2457 2001 vita
2489 1949 2724 2002 maxime
2753 1964 2898 2003 cura:
2923 1957 3027 2013 est,
3051 1950 3263 2004 deliciis
3290 1951 3665 2015 oblectet-itur;

406 2042 668 2105 τίζοντες,
706 2043 961 2097 ὑπόθεσιν
985 2044 1169 2106 αὐτοῖς
1197 2042 1640 2112 ὑπερϐαλλούσης
1667 2042 1811 2094 κατὰ
1831 2040 1987 2094 πνεῦ-

2085 2039 2404 2094 excellentis
2445 2041 2527 2094 eis
2566 2040 2832 2110 spiritalis
2859 2041 3083 2096 virtutis
3114 2058 3180 2095 ac
3209 2042 3549 2097 fortitudinis
3575 2060 3665 2097 ar-

409 2150 486 2202 μα
515 2133 798 2202 δυνάμεως
836 2134 1152 2203 ποιουμένη,
1182 2132 1280 2203 τὴν
1303 2132 1443 2185 κατὰ
1465 2132 1627 2199 φύσιν
1649 2131 1748 2201 τῆς
1780 2129 1983 2202 σαρκὸς

2085 2137 2406 2200 gumentum
2436 2130 2665 2196 faciens,
2696 2133 2998 2186 naturalem
3031 2133 3212 2187 carnis
3243 2135 3398 2188 malis
3426 2134 3667 2188 ferendis

405 2224 532 2294 περὶ
564 2224 624 2276 τὸ
653 2225 881 2294 πάσχειν
911 2224 1217 2278 ἀσθένειαν.
1252 2225 1391 2294 ’ἷΟρα
1422 2223 1530 2294 γὰρ
1559 2224 1706 2286 ὅπως
1733 2222 1834 2292 τῆς
1858 2221 1981 2275 καθ’

2085 2222 2538 2277 imbecillitatem.
2563 2222 2700 2278 Vide
2727 2223 2874 2276 enim
2903 2223 3362 2292 quemadmodum
3389 2225 3663 2278 excellen-

405 2314 710 2385 ὑπερϐολὴν
738 2315 889 2379 θείας
919 2315 1216 2385 ςδυνάμεώς
1244 2315 1393 2368 ἐστιν
1445 2313 1725 2376 ὑπόθεσις,
1767 2315 1800 2383 ἡ
1840 2312 1982 2368 κατὰ

2084 2312 2156 2367 tis
2183 2311 2384 2366 divina:
2414 2312 2674 2381 potentiae
2705 2320 3119 2382 argumentum,
3147 2312 3412 2367 naturalis
3443 2323 3658 2369 sancto-

405 2407 569 2474 φύσιν
604 2407 714 2460 τῶν
745 2408 916 2474 ἁγίων
944 2407 1219 2470 ἀσθένεια,
1244 2403 1312 2478 ἦς
1337 2407 1538 2476 ἥττονα
1577 2405 1666 2460 τὸν
1691 2405 1980 2476 ὑπερήφα-

2083 2419 2208 2457 rum
2242 2403 2536 2458 infirmitas
2570 2404 2663 2468 sit,
2695 2419 2802 2474 qua
2835 2403 3100 2459 Dominus
3137 2405 3436 2475 superbum
3468 2406 3661 2462 diabo-

403 2516 493 2551 νον
517 2498 762 2552 διάϐολον
788 2501 817 2552 ό
849 2499 1053 2570 Κύριος
1083 2499 1304 2564 εδειξεν.

1235 2517 1304 2554 εν.
2081 2495 2194 2550 lum
2225 2495 2545 2556 inferiorem
2573 2496 2833 2551 ostendit.

475 2589 573 2658 ἥδ’.
621 2590 680 2642 Ὀ
714 2590 872 2659 λόγος
899 2592 1002 2662 τῆς
1029 2592 1274 2662 χάριτος,
1313 2590 1403 2644 διὰ
1427 2589 1639 2644 πολλῶν
1656 2590 1979 2662 πειρασμῶν

2153 2588 2242 2644 94.
2294 2588 2487 2644 Sermo
2540 2589 2762 2659 gratim,
2806 2604 2905 2660 per
2952 2591 3152 2645 multas
3209 2592 3542 2649 tentationes
3591 2592 3661 2647 ad

405 2686 539 2754 πρὸς
571 2684 668 2756 τὴν
698 2685 806 2736 τῶν
831 2683 1134 2756 ἀνθρώπων
1161 2684 1348 2754 φύσιν,
1376 2685 1545 2755 ἦγουν
1588 2684 1688 2753 τὴν
1743 2684 1853 2736 τῶν
1891 2684 1981 2738 ὲθ-

2081 2679 2384 2735 humanum
2415 2696 2590 2750 genus
2626 2682 2948 2751 (Ecclesiam
2983 2683 3190 2737 scilicet
3218 2684 3483 2754 gentium)
3511 2685 3660 2740 velut

405 2775 512 2827 νῶν
553 2775 904 2846 Ἐκκλησίαν,
941 2775 1130 2846 ὥσπερ
1171 2776 1361 2837 Ἰωνᾶς
1385 2775 1475 2829 διὰ
1497 2775 1707 2830 πολλῶν
1748 2775 1979 2845 θλίψεων

2078 2771 2244 2826 Jonas
2293 2787 2392 2840 per
2440 2774 2639 2826 multas
2685 2772 3007 2827 atllictiones
3053 2782 3221 2842 atque
3269 2790 3545 2828 aerumnas
3590 2775 3657 2829 ad

404 2865 541 2935 πρὸς
579 2867 764 2922 Νινευὶ
785 2867 980 2929 διαϐὰς
1015 2867 1116 2937 τὴν
1143 2867 1298 2920 πόλιν
1346 2867 1446 2936 τὴν
1491 2867 1732 2938 μεγάλην
1753 2907 1768 2929 ,
1792 2867 1978 2920 ἔπεισε

2079 2863 2276 2918 Ninivc
2305 2863 2584 2919 civitatem
2614 2881 2864 2934 magnam
2892 2881 3204 2920 commeans
3225 2865 3291 2929 ⁵ο,
3320 2866 3422 2936 legi
3450 2875 3657 2922 naturae

404 2956 494 3008 τὸν
525 2956 881 3026 βασιλεύοντα
905 2956 1067 3026 νόμον
1101 2956 1199 3026 τῆς
1229 2955 1444 3024 φύσεως
1473 2954 1839 3022 ἐξαναστῆναι
1884 2951 1976 3006 τοῦ

2080 2957 2230 3011 illius
2271 2956 2416 3026 regia
2457 2965 2726 3026 potestate
2765 2957 3073 3012 dominanti
3111 2965 3304 3011 auctor
3335 2957 3466 3020 fuit,
3496 2966 3556 3012 ut
3589 2959 3656 3012 de

405 3047 620 3118 θρόνου,
651 3048 752 3118 τῆς
789 3048 1060 3120 προτέρας
1088 3045 1287 3117 δηλαδὴ
1326 3046 1454 3115 περὶ
1503 3046 1565 3098 τὸ
1616 3045 1783 3098 κακὸν
1830 3045 2003 3130 κατὰγ

2081 3047 2220 3101 solio
2252 3057 2501 3117 surgeret
2532 3049 2582 3119 (a
2618 3047 2804 3116 priore
2835 3048 3046 3102 scilicet
3074 3049 3277 3102 malum
3309 3058 3657 3104 consectante

403 3137 501 3209 τὴν
543 3139 797 3209 αἴσθησιν
824 3139 1013 3205 ἕξεως,
1039 3141 1135 3192 καὶ
1175 3137 1522 3209 περιελέσθαι
1543 3137 1644 3208 τὴν
1669 3137 1861 3208 στολὴν
1877 3138 1975 3191 αὑ-

2077 3156 2140 3195 ac
2164 3139 2364 3194 vitium
2399 3155 2593 3194 sensus
2628 3138 2839 3208 habitu)
2875 3139 3183 3208 Stolamque
3217 3140 3541 3195 detraheret
3577 3140 3653 3210 (id

403 3230 518 3295 τοῦ,
548 3233 639 3283 τὸν
694 3231 787 3284 ἐπὶ
843 3233 954 3293 τοῖς
999 3231 1154 3300 ἤθεσι
1195 3230 1338 3299 λέγω
1374 3234 1472 3302 τῆς
1509 3231 1783 3301 κοσμικῆς
1817 3231 1974 3301 δόξης

2075 3241 2180 3296 est,
2214 3230 2504 3286 mundana:
2542 3229 2727 3300 gloria:
2765 3245 2831 3282 ex
2870 3244 3084 3283 morum
3128 3241 3324 3284 ornatu
3364 3232 3651 3300 quaesitura

401 3316 700 3371 ἀποθέσθαι
758 3316 959 3386 τῦφον,
1006 3318 1101 3370 καὶ
1159 3317 1550 3388 περιϐαλέσθαι
1611 3319 1852 3382 σάκκον,
1912 3319 1974 3372 τὸ

2077 3325 2275 3380 fastum
2298 3323 2610 3395 abjiceret),
2632 3338 2694 3376 ac
2713 3337 2873 3378 sacco
2897 3322 3220 3377 indueretur
3249 3324 3474 3394 (luctum
3508 3324 3653 3378 scili-

405 3405 600 3470 πένθος
629 3407 831 3478 δηλαδὴ
863 3409 959 3462 καὶ
993 3409 1090 3479 τὴν
1126 3408 1360 3479 δυσχερῆ
1418 3409 1512 3463 καὶ
1561 3413 1821 3481 τραχεῖαν
1875 3410 1975 3480 τῆς

2076 3426 2193 3480 cet,
2228 3424 2284 3470 et
2330 3416 2617 3471 molestam
2663 3429 2727 3468 ac
2775 3414 3058 3469 laboribus
3106 3431 3384 3485 asperam,
3417 3416 3540 3471 vitae
3585 3431 3652 3470 ex

403 3495 814 3562 κακοπαθείας,
857 3498 952 3550 καὶ
995 3497 1094 3568 βίῳ
1135 3497 1214 3567 τῷ
1274 3499 1416 3551 κατὰ
1471 3499 1604 3552 Θεὸν
1657 3501 1974 3570 πρέπουσαν

2076 3507 2296 3576 pietatis
2323 3506 2632 3560 rationibus
2667 3506 2929 3560 instituta:
2959 3521 3276 3577 congruam,
3303 3508 3649 3578 disciplinam

403 3587 627 3656 ἀγωγήν
660 3602 675 3616 ⁸
716 3589 812 3641 καὶ
841 3588 1068 3642 καθίσαι
1099 3589 1193 3642 ἐπὶ
1217 3589 1418 3669 σποδοξ
1447 3605 1460 3620 ·
1491 3590 1684 3653 σποδὸς
1715 3591 1772 3644 δέ
1827 3593 1974 3646 ἐστιν

2075 3595 2400 3664 assumeret)
2431 3603 2595 3664 atque
2629 3595 2684 3650 in
2716 3596 2900 3650 cinere
2934 3597 3171 3653 sederet.
3199 3598 3455 3669 Est-vero
3487 3600 3645 3664 cinis,

403 3677 710 3748 ἡπτωχεία
745 3677 840 3730 τοῦ
896 3678 1226 3748 πνεύματος,
1268 3651 1448 3749 ἐφ’ἶς
1504 3680 1796 3740 καθέζεται
1867 3683 1975 3746 πᾶς

2075 3695 2367 3757 paupertas
2401 3687 2662 3756 spiritus,
2696 3687 2750 3742 in
2784 3704 2894 3758 quo
2929 3689 3082 3743 sedet
3118 3662 3368 3758 quisquis
3406 3690 3528 3744 vita:
3562 3691 3649 3761 pie

403 3767 642 3832 εὐσεϐῶς
669 3767 770 3840 ζῇν
799 3768 1199 3839 διδασκόμενος,
1219 3773 1315 3825 καὶ
1334 3771 1434 3842 τὴν
1459 3771 1698 3842 μάστιγα
1720 3773 1817 3844 τῆς
1845 3789 1972 3826 συν-

2076 3778 2428 3834 ὶιιειίιιιθιιάω
2472 3780 2762 3850 praeceptis
2806 3779 3094 3844 eruditur;
3151 3797 3246 3844 ac,
3287 3781 3378 3850 qui
3434 3782 3650 3836 candens

401 3857 660 3928 ειδήσεως
699 3860 839 3931 έχων
879 3863 970 3915 ἐπὶ
999 3865 1110 3926 τοῖς
1129 3862 1622 3934 πλημμεληθεῖσιν,
1649 3864 1811 3918 αὐτὸν
1838 3882 1971 3919 κατ-ν

2075 3869 2427 3925 conscientiae
2456 3870 2754 3942 ﬂagellum,
2780 3886 2884 3941 pro
2925 3871 2992 3926 iis
3023 3889 3144 3942 qua:
3177 3872 3429 3942 deliquit,
3461 3873 3645 3928 habet.

401 3950 740 4016 αικίζουσαν.
1099 3975 1120 3986 -

473 4042 724 4114 ιιεἏὊρα
754 4046 904 4107 ὅπως
937 4045 1162 4115 βασιλέα
1192 4045 1290 4116 μὲν
1318 4041 1457 4100 εἶναι
1489 4047 1657 4116 λέγει,
1685 4050 1776 4102 τὸν
1809 4067 1970 4119 φυσι-

2142 4050 2230 4106 95.
2273 4049 2409 4107 Vide
2455 4049 2921 4120 quemadmodum
2967 4065 3150 4120 regem
3197 4050 3434 4119 appellet
3473 4051 3645 4121 legem

404 4137 500 4189 κδν
558 4137 724 4204 νόμον
748 4152 761 4165 ·
798 4135 989 4206 θρόνον
1037 4136 1116 4201 δὲ,
1152 4139 1251 4206 τὴν
1299 4139 1522 4210 ἐμπαθῆ
1567 4143 1690 4194 κατ’
1719 4143 1971 4214 αἴσθησιν

2072 4143 2410 4209 naturalem;
2445 4141 2642 4196 solium
2675 4156 2838 4206 vero,
2870 4141 3228 4195 libidinosum
3262 4156 3458 4195 sensus
3490 4141 3647 4196 habi-

399 4225 532 4290 ἕξιν·
560 4223 659 4294 τὴν
684 4224 740 4278 δὲ
761 4225 974 4296 στολὴν,
1013 4226 1110 4296 τὴν
1141 4227 1243 4297 τῆς
1269 4231 1430 4298 κενῆς
1452 4230 1609 4301 δόξης
1647 4232 1919 4304 προϐολήν
1952 4250 1967 4264 ο

2075 4243 2222 4303 tum;
2251 4237 2468 4301 stolam,
2497 4237 2679 4292 inanis
2709 4236 2895 4306 gloriae
2927 4235 3220 4300 amictum;
3260 4251 3500 4300 saccum,
3529 4251 3647 4306 pm-

399 4315 492 4368 τδν
517 4314 578 4367 δὲ
623 4315 849 4380 σάκκον,
874 4315 937 4368 τὸ
980 4316 1120 4370 κατὰ
1144 4318 1243 4388 τὴν
1275 4319 1568 4389 μετάνοιαν
1600 4321 1794 4384 πένθος
1819 4337 1832 4351 ο
1869 4321 1970 4392 τὴν

2071 4328 2318 4383 nitentia:
2356 4329 2597 4394 luctum;
2643 4329 2914 4392 cinerem,
2948 4327 3181 4382 modesti
3219 4327 3388 4381 animi
3427 4343 3647 4382 sensum

399 4401 456 4455 δὲ
486 4402 702 4467 σποδὸν,
725 4403 823 4474 τὴν
846 4408 1368 4478 ταπεινοφροσύνηψ
1391 4409 1712 4480 ἀνθρώπους
1739 4412 1814 4477 δὲ,
1843 4416 1970 4479 τοὺς

2047 4444 2048 4449 π
2077 4419 2154 4491 (id
2177 4428 2280 4484 est,
2299 4420 2684 4490 humilitatem)
2709 4419 2978 4483 homines,
3005 4419 3096 4488 qui
3117 4419 3360 4482 ratione;
3380 4420 3645 4490 jumenta,

403 4495 534 4566 περὶ
575 4495 667 4550 τὸν
700 4495 858 4565 λόγον
893 4515 908 4529 ·
938 4501 1109 4570 κτήνη
1149 4501 1226 4566 δὲ,
1259 4503 1386 4564 τοὺς
1449 4504 1578 4574 περὶ
1629 4508 1727 4575 τὴν
1782 4507 1972 4560 ἐπιθυ-

2073 4512 2168 4582 qui
2199 4512 2528 4582 cupiditate;
2563 4511 2753 4576 boves,
2784 4510 2880 4581 qui
2915 4510 3027 4576 ira;
3065 4525 3215 4573 oves,
3248 4510 3341 4581 qui
3377 4526 3558 4565 rerum
3593 4510 3645 4564 in

405 4587 534 4656 μίαν
560 4601 574 4615 '
613 4587 740 4657 βόας
783 4587 861 4651 δὲ,
894 4589 1024 4654 τοὺς
1073 4591 1202 4662 περὶ
1253 4591 1346 4645 τὸν
1381 4591 1550 4664 θυμόν
1576 4608 1590 4622 ⁸
1621 4594 1869 4666 πρόϐατα
1893 4597 1972 4663 δὲ,

1836 4615 1869 4649 α
1893 4597 1972 4663 δὲ,
2073 4613 2354 4676 aspectum
2385 4604 2701 4660 cadentium
2729 4603 3103 4674 speculatione
3128 4603 3432 4658 olfendunt.

398 4678 524 4738 τοὺς
549 4678 677 4748 περὶ
707 4678 805 4748 τὴν
841 4678 1073 4751 θεωρίαν
1095 4681 1203 4734 τῶν
1226 4682 1436 4752 ὁρατῶν
1467 4684 1777 4749 πταίοντας.

469 4768 584 4836 ιτς-Ἀ
628 4771 688 4824 '0
707 4772 798 4824 διὰ
825 4771 922 4843 τὴν
952 4772 1173 4842 ἔννομον
1212 4776 1412 4846 ἀρετὴν
1437 4776 1546 4828 τῶν
1579 4778 1637 4829 έν
1672 4779 1846 4850 σαρκὶ
1868 4796 1974 4834 πα-

2141 4795 2228 4851 96.
2254 4795 2359 4862 Qui
2398 4795 2654 4865 legitima:
2683 4794 2908 4848 virtutis
2948 4807 3144 4857 causa,
3178 4793 3478 4847 carnalium
3511 4792 3647 4848 alle-

400 4861 508 4915 θῶν
530 4862 604 4925 ὡς
666 4864 974 4935 ἀριστερῶν
1036 4865 1360 4935 ποιούμενος
1394 4865 1584 4936 λήθην,
1617 4870 1711 4921 καὶ
1754 4870 1840 4923 διὰ
1871 4871 1970 4942 τὴν

2075 4861 2819 4942 ctuumvelut'sinistrorum
2853 4885 3227 4948 obliviscitur;
3263 4899 3469 4953 proque
3505 4883 3647 4937 inof-

398 4953 692 5007 ἄπταιστον
721 4955 944 5022 γνῶσιν,
981 4956 1077 5009 ἒπὶ
1136 4959 1249 5019 τοῖς
1286 4958 1673 5028 κατορθώμασι
1720 4963 1784 5032 τῇ
1830 4963 1970 5032 νόσῳ

2075 4980 2241 5034 fensae
2279 4978 2523 5032 scientia:
2558 4992 2812 5041 munere,
2837 4977 2909 5030 ob
2947 4976 3204 5045 praeclare
3245 4985 3392 5046 gesta
3430 4991 3492 5030 ac
3534 4992 3646 5030 me-

398 5048 496 5118 τῆς
518 5047 814 5120 eumnam;
844 5049 1075 5118 οἰήσεως
1114 5049 1188 5111 ὡς
1210 5048 1392 5114 δεξιᾶς
1451 5051 1550 5119 οὐκ
1593 5052 1968 5123 ἁλισκόμενοςν

2073 5071 2199 5135 rita,
2229 5069 2408 5124 inanis
2440 5069 2717 5139 jactantize
2749 5067 2943 5122 morbo
2976 5066 3229 5136 fastuque
3264 5082 3374 5120 non
3409 5066 3643 5136 capitur,

399 5139 537 5213 ἀνὴρ
565 5140 778 5209 γέγονε,
818 5141 891 5212 μὴ
922 5140 1208 5209 γινώσκων
1252 5142 1436 5209 δεξιὰν
1467 5145 1657 5208 αὐτοῦ,
1691 5147 1766 5210 ὡς
1815 5148 1971 5219 δόξης

2077 5163 2132 5216 in
2187 5161 2366 5216 virum
2424 5159 2632 5225 evasit,
2679 5159 2774 5230 qui
2835 5159 3045 5214 nesciat
3093 5159 3373 5213 dexteram
3422 5175 3576 5212 suam
3605 5160 3643 5190 "

398 5233 497 5286 οὐκ
540 5231 682 5303 ἐρῶν
721 5233 1010 5303 λυομένης,
1049 5233 1171 5288 οὐδὲ
1227 5235 1552 5306 ἀριστερὰν,
1578 5237 1653 5300 ὡς
1701 5242 1814 5302 τοῖς
1875 5242 1971 5312 τῆς

2076 5251 2262 5323 (quem
2308 5252 2518 5306 scilicet
2559 5251 2815 5320 periturae
2845 5249 3031 5320 gloriae
3059 5266 3214 5305 amor
3257 5265 3366 5304 non
3413 5251 3643 5318 teneat),

345 5323 360 5406 ᾖ
401 5323 602 5394 σαρκὸς
663 5324 764 5377 οὐκ
810 5325 1190 5396 ἐρεθιζόμενος
1247 5327 1465 5381 πάθεσι.
1503 5329 1694 5393 Δεξιὰν
1744 5327 1858 5394 οὖν,
1890 5333 1943 5384 th

2072 5357 2250 5412 neque
2289 5357 2422 5396 vero
2465 5341 2744 5395 sinistram
2771 5340 2846 5404 δ’,
2889 5348 2949 5393 ιιι
2992 5354 3156 5408 quem
3197 5339 3378 5393 carnis
3418 5337 3645 5392 affectus

399 5414 593 5481 ἔοικεν,
623 5413 775 5470 εἶπεν
801 5418 832 5469 ό
859 5417 1036 5486 λόγος,
1069 5419 1164 5489 τὴν
1205 5421 1296 5472 ἐπὶ
1324 5423 1434 5484 τοῖς
1483 5421 1642 5490 δῆθεν
1692 5425 1967 5496 κατορθώ-

2069 5449 2167 5502 per
2201 5432 2484 5486 libidinem
2520 5447 2629 5485 non
2664 5431 2911 5486 illiciant.
2946 5432 3233 5486 Dexteram
3267 5431 3454 5502 igitur,
3483 5431 3644 5500 609

401 5521 530 5578 μασι
556 5507 879 5576 κενοδοξίαψ
915 5511 1209 5582 ἀριστερὰν
1238 5511 1316 5576 δὲ,
1340 5512 1436 5583 τὴν
1465 5515 1555 5567 ἐπὶ
1585 5518 1694 5578 τοῖς
1715 5519 1961 5587 αἰσχροῖς

2079 5532 2137 5576 ιιι
2172 5521 2410 5586 videtur,
2439 5522 2652 5577 vocavit
2691 5522 2994 5592 Scriptura,
3028 5523 3247 5585 inanem
3285 5523 3535 5595 gloriam,
3581 5523 3656 5577 ob

471 5692 515 5724 ³⁹
539 5691 584 5747 ll
619 5693 752 5763 Reg.
784 5710 912 5757 xm,
947 5695 998 5747 8.
1082 5695 1125 5727 ⁸⁸
1155 5695 1304 5750 Jonze
1335 5713 1413 5758 ιιι,
1455 5714 1471 5751 ι
1513 5713 1666 5769 seqq.
1744 5701 1784 5731 “
1821 5701 1972 5757 Jonae
2019 5718 2069 5755 tv

1082 5695 1125 5727 ⁸⁸
1155 5695 1304 5750 Jonze
1335 5713 1413 5758 ιιι,
1455 5714 1471 5751 ι
1513 5713 1666 5769 seqq.
1744 5701 1784 5731 “
1821 5701 1972 5757 Jonae
2019 5718 2091 5765 tv,
2130 5700 2214 5766 l0,
2251 5701 2338 5756 ll.
2417 5702 2462 5733 δ’
2489 5665 2628 5755 ibid.
