4046 6196
456 315 585 381 134⁸1
1624 318 1683 376 S.
1725 312 2011 376 ΜΛΧῙΜΙ
2052 330 2054 360 ι

2125 306 2559 373 )NFESSORIS
2700 298 2703 301 Ἴ
3584 309 3723 376 1348

453 435 601 482 recte
636 422 775 482 facta
809 439 874 482 ac
902 424 1170 481 virtutum
1197 440 1396 497 opera;
1432 426 1712 483 sinistram
1740 445 1893 494 vero,
1915 443 2038 499 qua:

2146 427 2377 481 πάθεσιν
2420 422 2740 478 ἀκολασίαν.
2779 422 2837 476 Ὀ
2872 420 2983 493 γὰρ
3012 420 3114 492 τῆς
3151 422 3356 494 ἀρετῆς
3401 422 3586 491 λόγος,
3621 423 3726 495 τῆς

372 534 380 546 ’
454 534 524 571 ex
557 517 815 586 turpibus
848 515 1141 571 affectibus
1166 526 1275 582 est,
1300 517 1597 572 luxuriam.
1623 518 1861 575 Virtutis
1889 521 1970 574 cui

2143 520 2344 590 σαρκὸς
2399 519 2476 581 ὡς
2513 517 2812 589 ἀριστερᾶς
2865 516 2967 569 οὐκ
3019 511 3160 569 οἶδεν
3210 516 3486 587 ἁμαρτίαν
3513 533 3527 547 ⁸
3584 519 3615 571 6
3666 518 3727 572 δὲ

456 621 642 661 sermo
669 615 833 675 atque
857 606 1019 670 ratio,
1045 614 1334 676 peccatum
1365 608 1550 663 carnis
1579 609 1759 662 nescit
1783 617 2040 679 tanquam

2140 612 2240 683 τῆς
2297 609 2575 681 γνώσεως,
2626 609 2727 682 τὴν
2769 609 2949 679 ψυχῆς
2997 607 3074 672 ὡς
3122 607 3305 673 δεξιᾶ-ς
3353 608 3416 662 οὐ
3468 608 3728 677 γινώσκει

455 698 695 752 sinistra:
725 714 739 751 :
769 696 1017 752 scientia:
1032 682 1369 777 \vero‘ratio,
1395 699 1564 755 animi
1591 700 1781 755 vitium
1816 716 1881 756 ac
1912 716 2041 771 pra-
2141 682 2360 762 κακίαν.

452 786 681 842 vitatem
708 787 889 843 nescit
912 797 1173 859 tanquam
1198 790 1421 846 dextrae.

522 878 613 932 97.
650 879 932 935 Virtutum
976 896 1045 935 ex
1090 882 1307 937 ratione
1351 882 1585 939 scientia
1625 883 1787 954 (vera
1828 883 2043 938 scilicet

2213 880 2321 948 ιιζν.
2375 879 2440 933 Ἢ
2463 877 2611 933 κατὰ
2645 877 2806 947 λόγον
2840 875 3046 946 γνῶσις
3078 874 3186 929 τῶν
3230 875 3471 947 ἀρετῶν,
3495 872 3667 947 ἦγουν
3691 875 3727 946 ἡ

453 968 635 1038 reipsa
667 969 928 1026 Auctoris
957 971 1227 1027 virtutum
1261 974 1487 1044 agnitio)
1519 974 1889 1029 omnimodam
1922 973 2044 1043 ejus

2141 972 2260 1024 κατ’
2289 970 2576 1042 ὲνέργειαν
2620 968 2830 1040 ἀληθὴς
2871 966 2973 1037 τῆς
3003 966 3114 1021 τῶν
3151 966 3367 1038 ἀρετῶν
3394 967 3574 1030 αίτίας
3599 968 3728 1020 ἐπί-

454 1067 572 1115 tum
602 1076 886 1126 excessus,
917 1072 1033 1116 tum
1064 1063 1335 1129 defectus,
1363 1065 1460 1135 qui
1493 1067 1757 1138 utrinque
1781 1082 1811 1121 a
1833 1066 2042 1121 dextris

2140 1079 2365 1132 γνωσις,
2392 1064 2619 1132 ἄγνοιαν
2652 1060 2894 1131 παντελῆ
2919 1059 3134 1129 πέφυκε
3168 1062 3367 1125 ποιεῖν,
3400 1060 3502 1131 τῆς
3542 1059 3729 1127 δεξιᾶς

452 1162 508 1209 et
534 1169 564 1208 a
591 1155 854 1220 sinistris,
881 1156 1155 1211 virtutum
1185 1156 1555 1213 mediocritati
1588 1158 1860 1228 adjacent,
1889 1157 2043 1228 igno-

2141 1156 2238 1209 καὶ
2283 1156 2585 1226 ἀριστερᾶς
2613 1152 2960 1225 ἑκατέρωθεν
2988 1153 3410 1224 παρακειμένης
3444 1155 3511 1225 τῇ
3562 1153 3733 1222 μισόο

453 1248 688 1302 rantiam
752 1258 1017 1318 praestare
1084 1248 1271 1305 habet.
1341 1249 1626 1319 Siquidem
1689 1250 1837 1305 enim
1900 1248 2041 1304 nihil

2139 1263 2265 1317 τητι
2312 1247 2425 1300 τῶν
2463 1245 2678 1315 ἀρετῶν
2707 1244 3019 1318 ὑπερϐολῆς
3050 1245 3147 1298 καὶ
3178 1244 3491 1314 ἐλλείψεως.
3519 1244 3582 1298 El
3610 1243 3730 1315 γὰρ

451 1352 686 1407 prorsus
734 1348 1119 1409 comparatum
1164 1348 1250 1395 est
1296 1354 1418 1394 esse
1467 1339 1522 1393 in
1567 1339 1783 1395 ratione
1821 1338 1968 1410 quod
2008 1355 2040 1395 a

2139 1339 2293 1393 οὐδὲν
2329 1340 2390 1392 ὲν
2416 1338 2495 1409 τῷ
2530 1338 2674 1410 λόγῳ
2708 1337 2990 1401 παντελῶς
3021 1337 3268 1408 πέφυκεν
3307 1333 3448 1393 εἶναι
3482 1335 3730 1407 παράλο-

450 1430 665 1486 ratione
717 1432 1056 1496 abhorreat;
1090 1432 1270 1502 palam
1315 1441 1422 1497 est,
1453 1448 1580 1487 eum
1617 1431 1710 1501 qui
1752 1431 1821 1486 ad
1859 1432 2040 1486 virtu-

2141 1446 2260 1500 γον,
2291 1430 2481 1500 σαφῶς
2508 1433 2538 1485 6
2566 1430 2707 1502 πρὸς
2733 1430 2825 1484 τὸν
2855 1430 3015 1499 λόγον
3052 1429 3163 1484 τῶν
3194 1429 3408 1503 ἀρετῶν
3441 1429 3725 1501 ἀναχθεὶς,

451 1526 565 1573 tum
615 1520 890 1576 rationem
939 1531 1168 1577 evectus
1216 1522 1309 1587 sit,
1350 1536 1543 1577 eorum
1576 1536 1699 1591 quae
1745 1537 1775 1576 a
1824 1523 2041 1576 ratione

2138 1523 2238 1595 τὴν
2257 1522 2367 1577 τῶν
2383 1523 2716 1595 παραλόγων
2756 1523 3011 1595 οὐδαμῶς
3046 1523 3418 1592 ἐπιγνώσεται
3445 1522 3611 1577 θέσιν.
3644 1523 3724 1577 Οὐ

447 1610 789 1667 abhorreant
830 1628 1181 1683 nequaquam
1215 1614 1549 1685 positionem
1591 1627 1821 1683 remque
1854 1613 2043 1684 cogni-

2139 1617 2250 1687 γὰρ
2279 1615 2513 1670 δυνατὸν
2539 1615 2709 1687 ἄμφω
2742 1615 2886 1669 κατὰ
2908 1614 3106 1669 ταύτὸν
3133 1615 3251 1684 ἅμα
3275 1613 3623 1685 καταθρῆσαι
3652 1615 3728 1667 τὰ

448 1707 661 1756 turum.
701 1704 820 1757 Non
857 1704 1005 1759 enim
1040 1705 1318 1760 contraria
1350 1703 1658 1759 secundum
1692 1703 1837 1759 idem
1873 1702 2038 1758 simul

2141 1706 2519 1778 ἀντικείμενα,
2555 1707 2653 1761 καὶ
2677 1706 2893 1778 θατέρῳ
2918 1705 3035 1778 ἅμα
3052 1705 3113 1760 τὸ
3137 1706 3328 1778 ἕτερον
3354 1704 3559 1776 γνῶναι
3590 1722 3727 1760 συνο

446 1793 695 1863 conspici
741 1802 1004 1864 possunt,
1053 1803 1219 1866 atque
1265 1796 1502 1851 alterum
1540 1810 1647 1849 una
1689 1809 1813 1849 cum
1857 1794 2034 1850 altero

963 1802 1004 1861 t,
1053 1803 1219 1866 atque
1265 1796 1502 1851 alterum
1540 1810 1647 1849 una
1689 1809 1813 1849 cum
1857 1794 2034 1850 altero
2070 1775 2111 1830 Β
2142 1775 2561 1872 εμφαινόμενον.

445 1885 613 1940 simul
646 1887 891 1942 elucere.

515 1978 605 2035 98.
648 1978 937 2050 Siquidem
993 1979 1050 2035 in
1086 1977 1242 2042 'ilde,
1293 1978 1640 2034 inﬁdelitatis
1686 1978 1837 2034 nulla
1890 1979 2034 2033 ratio

2209 1981 2322 2051 κη’.
2363 1980 2437 2036 El
2462 1981 2729 2045 ἀπιστίας
2768 1982 2827 2035 ὲν
2847 1982 2914 2053 τῇ
2960 1982 3147 2035 πίστει
3177 1979 3337 2049 λόγος
3372 1979 3572 2045 οὐδεὶς,
3595 1978 3722 2034 οὐδὲ

443 2079 563 2137 est;
609 2086 790 2140 neque
834 2071 929 2125 lux
980 2086 1081 2141 per
1130 2079 1386 2125 naturam
1431 2070 1789 2125 tenebrarum
1836 2077 2033 2125 "auctor

2148 2072 2370 2137 σκότους
2419 2073 2572 2127 αίτία
2619 2072 2763 2126 κατὰ
2810 2072 2974 2140 φύσιν
3020 2072 3258 2144 ὑπάρχει
3301 2072 3367 2125 τὸ
3405 2071 3548 2139 φῶς,
3593 2072 3746 2126 eoat"

441 2171 558 2231 cst;
593 2178 698 2219 nec
734 2163 960 2218 diabolo
993 2171 1379 2233 comparatum
1415 2171 1476 2217 ut
1509 2178 1618 2217 una
1651 2177 1777 2218 eum
1808 2160 2032 2220 Christo

2139 2162 2361 2235 Χριστῷ
2391 2163 2874 2218 συνενδείκνυσθαι
2915 2164 3160 2234 πέφυκεν
3199 2165 3231 2218 ό
3272 2161 3540 2227 διάϐολος.
3558 2162 3724 2232 δῆλον

441 2262 788 2325 compareat;
823 2254 988 2325 plane
1031 2269 1216 2323 neque
1259 2261 1321 2307 ut
1351 2252 1553 2308 rationi
1586 2253 1813 2307 omnino
1844 2267 2031 2309 comes

2136 2253 2213 2318 ὡς
2238 2254 2363 2308 οὐδὲ
2392 2255 2472 2326 τῷ
2500 2255 2643 2327 λόγῳ
2669 2256 3002 2327 τοπαράπαν
3020 2256 3359 2328 συνυπάρχει
3389 2256 3452 2310 τὸ
3477 2257 3724 2327 παράλο-

441 2346 692 2413 exsistat,
724 2347 873 2418 quod
919 2346 1189 2401 abhorret
1214 2362 1245 2401 a
1279 2344 1516 2400 ratione.
1558 2344 1655 2400 Sin
1694 2354 1876 2400 autem
1907 2360 2030 2400 om-

2138 2361 2257 2416 γον.
2288 2347 2352 2401 El
2393 2346 2453 2401 δὲ
2503 2347 2583 2419 τῷ
2619 2347 2764 2419 λόγῳ
2806 2350 3047 2403 συνεῖναι
3079 2348 3361 2412 παντελῶς
3389 2348 3452 2401 οὐ
3489 2347 3724 2405 δύναται

441 2439 577 2495 nino
621 2438 827 2495 rationi
855 2454 1044 2495 comes
1069 2452 1193 2494 esse
1226 2452 1335 2491 non
1368 2444 1551 2507 potest
1582 2435 1732 2507 quod
1765 2436 2032 2493 abhorret

2138 2436 2201 2490 τὸ
2232 2437 2568 2509 παράλογον,
2598 2439 2629 2492 6
2659 2439 2797 2511 πρὸς
2836 2438 2931 2493 τὸν
2975 2438 3136 2509 λόγον
3172 2437 3285 2493 τῶν
3330 2438 3546 2508 ἀρετῶν
3581 2441 3722 2494 ἁνα-

442 2545 474 2585 a
507 2530 759 2595 ratione,
786 2528 883 2599 qui
928 2528 997 2583 ad
1032 2527 1303 2583 virtutum
1336 2526 1608 2581 rationem
1655 2534 1881 2582 evectus
1920 2533 2026 2591 est,

2133 2526 2306 2599 χθεὶς,
2356 2528 2457 2601 τὴν
2520 2531 2629 2584 τῶν
2674 2530 3006 2602 παραλόγων
3052 2530 3306 2603 οὐδαμῶς
3349 2531 3720 2602 ἐπιγνώσεται

440 2620 936 2677 abhorrentium'a
976 2617 1190 2674 ratione
1225 2617 1559 2688 positionem
1595 2616 2028 2688 haudquaquam

2133 2619 2306 2687 θέσιν,
2350 2622 2520 2694 μόνην
2549 2623 2627 2686 ὡς
2661 2622 2832 2687 ἔστιν,
2868 2622 2987 2678 ἀλλ’
3028 2624 3129 2694 οὐχ
3180 2623 3259 2688 ὡς
3309 2624 3594 2695 νομίζεται
3620 2641 3718 2693 γι-

436 2716 739 2781 agnoscet;
790 2708 887 2779 qui
936 2708 1152 2763 scilicet
1196 2709 1394 2772 solam,
1436 2707 1518 2762 uti
1545 2706 1685 2777 ipsa
1727 2721 1787 2761 se
1835 2706 2023 2773 habet,

2132 2712 2363 2768 νῶσκων
2390 2714 2490 2786 τὴν
2520 2715 2725 2786 ἀρετήν
2743 2733 2759 2748 ·
2794 2716 2890 2769 καὶ
2918 2715 3008 2770 διὰ
3035 2714 3198 2770 τοῦτο
3244 2716 3391 2787 μήτε
3417 2715 3603 2782 δεξιὰν
3624 2716 3720 2771 διὰ

438 2815 550 2855 non
582 2807 647 2855 ut
692 2799 1064 2864 existimatur,
1097 2806 1395 2872 cognoscat
1436 2798 1746 2854 virtutem:
1782 2797 2026 2869 hincque

2132 2808 2233 2878 τῆς
2262 2807 2603 2879 ὑπερὼλῆς,
2647 2809 2787 2880 μήτε
2828 2808 3127 2882 ἀριστερὰν
3162 2809 3252 2864 διὰ
3291 2809 3394 2881 τῆς
3420 2809 3722 2882 ὲλλείψεως

436 2902 547 2961 est,
579 2901 641 2950 ut
680 2909 860 2965 neque
900 2892 1186 2948 dexteram
1235 2907 1335 2962 per
1378 2905 1691 2954 excessum,
1730 2904 1911 2961 neque
1946 2889 2025 2944 si-

2132 2899 2521 2970 ὲπιστάμενος.
2565 2900 2687 2954 Ἐπ’
2721 2902 2925 2972 ἀμφοῖν
2967 2903 3079 2974 γὰρ
3108 2901 3403 2973 θεωρεῖται
3432 2901 3622 2972 σαφῶς
3646 2902 3716 2957 τὺ

436 2985 668 3041 nistram
704 2999 805 3055 per
847 2983 1152 3046 defectum,
1185 2981 1344 3037 sciat.
1383 2981 1629 3050 Utraque
1672 2979 1823 3034 enim
1863 2986 2025 3050 parte
2130 2989 2460 3061 παράλογον,

436 3072 617 3142 palam
647 3071 994 3142 intelligitur,
1022 3070 1172 3140 quod
1201 3069 1501 3124 abhorreat
1530 3084 1560 3123 a
1590 3069 1827 3124 ratione.

506 3159 598 3215 99.
635 3128 1220 3215 inﬁdelitatem-vocat
1247 3173 1347 3213 seu
1377 3156 1844 3223 incredulitatem,
1870 3156 2023 3228 quod
2049 3128 2093 3188 θ

2199 3168 2306 3236 1.,θο.
2360 3169 2649 3225 ’Δπιστίαν
2684 3169 2858 3240 λέγει.
2887 3170 2989 3242 τὴν
3016 3171 3249 3242 ἄρνησιν
3283 3172 3393 3227 τῶν
3438 3170 3714 3227 ἐντολῶν⁹

434 3253 564 3325 quis
593 3254 831 3325 abneget
870 3252 1159 3319 mandata;
1207 3250 1372 3306 ﬁdem
1408 3266 1565 3315 vero,
1601 3249 1753 3321 quod
1794 3250 1905 3306 illis
1940 3267 2029 3307 as-

2130 3256 2313 3312 πίστιν
2348 3259 2430 3323 δὲ,
2473 3259 2572 3330 τὴν
2601 3260 2782 3314 αὐτῶν
2828 3260 3260 3329 συγκατάθεσιν·
3296 3260 3359 3315 τὸ
3394 3260 3455 3316 δὲ
3492 3262 3711 3328 σκότος,

434 3360 661 3401 sensum
728 3345 995 3415 praebeat.
1068 3344 1387 3407 Tenebras,
1466 3341 1602 3396 boni
1687 3342 2024 3413 honestique

2127 3346 2224 3401 τοῦ
2257 3347 2425 3401 καλοῦ
2451 3350 2551 3418 τὴν
2580 3348 2807 3418 ἄγνοιαν
2828 3366 2842 3380 ο
2879 3349 2942 3403 τὸ
2970 3349 3030 3404 δὲ
3062 3350 3206 3419 φῶς,
3243 3351 3347 3423 τὴν
3374 3352 3568 3406 τούτου
3596 3352 3715 3409 διά·

432 3438 832 3511 ignorantiam;
882 3437 1087 3501 lucem,
1134 3437 1255 3507 ejus
1302 3434 1663 3505 agnitionem.
1713 3433 2023 3503 Christum,

2124 3454 2352 3507 γνωσιν.
2394 3440 2631 3512 Χριστὸν
2664 3440 2719 3494 δὲ
2747 3440 3012 3514 κέκληκε,
3047 3440 3147 3513 τὴν
3176 3441 3368 3496 οὐσίαν
3407 3442 3505 3497 τοῦ
3535 3443 3710 3498 καλοῦ

433 3532 567 3587 boni
609 3529 945 3600 honestique
986 3527 1282 3599 appellavit
1322 3526 1623 3583 essentiam
1660 3541 1727 3583 ac
1759 3527 2023 3583 substan-

2124 3533 2221 3587 καὶ
2269 3531 2370 3602 τὴν
2410 3531 2745 3587 ὑπόστασινο
2779 3533 2872 3587 τὸν
2913 3533 3161 3588 διάϐολον
3212 3534 3294 3599 δὲ,
3340 3533 3441 3607 τὴν
3479 3533 3707 3592 πάντων

431 3623 589 3679 tiam.
642 3621 935 3678 Diabolum
985 3619 1264 3690 denique,
1302 3618 1400 3690 qui
1455 3618 1730 3674 malorum
1773 3620 2022 3675 omnium

1686 3633 1730 3673 In
1773 3620 2022 3675 omnium
2121 3621 2452 3695 γεννητικὴν
2472 3623 2585 3676 τῶν
2608 3623 2801 3697 κακῶν
2830 3624 3119 3697 χειρίστην
3147 3623 3284 3691 ἕξιν.

433 3727 636 3784 parens
664 3712 915 3776 exsistat,
946 3682 1258 3781 pessimum
1284 3682 1561 3764 habitum.
2134 3682 2146 3691 ’
2277 3682 2289 3693 ’
2408 3682 2421 3695 ’
2656 3682 2695 3719 ⁸⁵

504 3806 633 3862 100.
660 3803 799 3860 Cum
840 3803 982 3858 ratio
1017 3817 1203 3857 rerum
1244 3801 1372 3857 ﬁnis
1418 3801 1729 3873 modusque
1764 3801 2017 3868 exsistat,

2194 3807 2261 3872 ρ’.
2305 3800 2368 3854 El
2400 3802 2527 3872 ὄρος
2557 3801 2797 3874 ὑπάρχει
2844 3803 2940 3857 καὶ
2989 3803 3188 3875 μέτρον
3213 3803 3322 3859 τῶν
3349 3803 3521 3860 ὄντων
3548 3804 3580 3859 6
3606 3804 3706 3859 λό-

430 3898 664 3970 perinde
700 3905 786 3953 est
826 3896 894 3952 ad
941 3895 1173 3951 rationis
1212 3895 1545 3961 absentiam,
1577 3904 1745 3965 atque
1790 3894 1931 3950 adeo
1960 3906 2022 3953 ut

2117 3909 2237 3962 γος,
2270 3893 2388 3948 ἴσον
2432 3894 2570 3966 πρὸς
2616 3894 2841 3963 ἀλογίαν
2868 3895 3006 3960 ἐστὶ,
3037 3896 3134 3949 καὶ
3163 3895 3253 3950 διὰ
3274 3897 3434 3950 τοῦτο
3461 3895 3707 3967 παράλο-

429 4007 461 4046 a
492 3989 709 4046 ratione
739 3989 1055 4051 abhorreat,
1090 3997 1293 4057 praeter
1330 3988 1495 4043 tinem
1539 3986 1893 4058 modumque,
1923 3997 2020 4043 aut

2120 4000 2238 4051 γον,
2270 3983 2333 4038 τὸ
2363 3983 2520 4055 παρὰ
2539 3983 2633 4037 τὸν
2663 3984 2786 4054 ὅρον
2814 3984 2909 4038 καὶ
2936 3984 3087 4054 παρὰ
3132 3984 3193 4038 τὸ
3220 3986 3443 4057 μέτρον,
3472 3984 3506 4056 ἢ
3537 3984 3706 4040 πάλιν

430 4097 626 4139 rursus
650 4097 821 4152 supra
852 4080 967 4145 illa,
997 4080 1232 4136 moveri.
1262 4078 1549 4136 Utrumvis
1575 4080 1747 4145 enim,
1776 4079 1898 4146 hos,
1922 4081 2017 4151 qui

2120 4075 2260 4146 ὑπὲρ
2290 4074 2382 4128 τὸν
2414 4076 2542 4145 ὅρον
2583 4075 2856 4129 κινεῖσθαι
2877 4076 2974 4129 καὶ
3006 4074 3148 4147 ὑπὲρ
3179 4074 3242 4128 τὸ
3275 4075 3497 4146 μέτρον.
3542 4074 3704 4130 Ἐπί-

428 4177 511 4233 sic
556 4183 909 4235 moveantur,
941 4173 1010 4227 ab
1047 4187 1115 4226 eo
1161 4170 1310 4242 quod
1356 4179 1441 4226 est
1488 4171 1712 4241 proprie
1758 4186 2017 4229 exerrare

2119 4180 2221 4232 σης
2254 4162 2366 4234 γὰρ
2413 4162 2582 4233 ἄμφω
2624 4165 2738 4227 τοῖς
2789 4162 2934 4217 οὕτω
2975 4162 3313 4235 κινουμένοις
3357 4163 3454 4217 τοῦ
3490 4164 3700 4236 κυρίως

428 4268 610 4325 facit:
647 4266 882 4322 alterum
929 4264 1187 4335 quidem,
1243 4263 1517 4319 incertum
1573 4264 1852 4335 nullisque
1900 4272 2017 4321 ter-

2117 4253 2270 4316 δντος
2309 4254 2471 4324 φέρει
2512 4255 2614 4325 τὴν
2655 4254 2967 4308 ἔκπτωσιν*
3008 4253 3072 4308 τὸ
3118 4256 3238 4327 μὲν,
3284 4256 3481 4328 ἄδηλον
3512 4257 3700 4321 αὐτοῖς

428 4360 594 4415 minis
625 4356 914 4413 definitum
963 4371 1190 4412 cursum
1233 4370 1500 4427 peragere
1535 4354 1803 4421 suadens;
1850 4356 2019 4427 610

2117 4346 2387 4400 ποιεῖσθαι
2414 4344 2511 4399 τοῦ
2553 4346 2756 4418 δρόμου
2790 4348 2980 4400 πεῖθον
3009 4346 3109 4419 τὴν
3155 4347 3372 4418 κίνησιν
3408 4348 3505 4402 καὶ
3539 4347 3702 4419 ἀόρι-

425 4452 507 4506 sic
555 4450 842 4512 nimirum,
877 4458 939 4503 ut
979 4464 1093 4518 prae
1141 4448 1345 4503 mentis
1388 4445 1847 4525 immoderantia,
1897 4455 2018 4501 tan-

2124 4455 2265 4503 στον,
2308 4439 2411 4492 οὐκ
2471 4438 2702 4509 ἔχουσαν
2760 4437 2963 4492 σκοπὸν
3009 4439 3099 4493 τὸν
3142 4439 3276 4493 Θεὸν
3315 4440 3383 4494 δι’
3427 4440 3701 4512 ἀμετρίαν

424 4559 590 4616 quam
621 4542 786 4599 ﬁnem
824 4541 932 4596 illis
959 4551 1432 4612 praeconceptum,
1463 4540 1638 4594 Deum
1679 4538 2015 4595 destinatum

2119 4528 2256 4593 νοὸς,
2285 4529 2362 4594 ὼς
2392 4529 2545 4594 τέλος
2585 4530 2771 4593 αὐτοῖς
2805 4531 3327 4602 προεπινοούμενον*
3360 4530 3458 4585 τοῦ
3493 4531 3697 4596 δεξιοῦ,

423 4653 536 4692 non
582 4634 858 4699 habeant;
902 4632 1034 4688 dum
1081 4647 1151 4687 co
1202 4630 1350 4701 quod
1397 4629 1656 4685 dextrum
1700 4638 1818 4694 est,
1866 4630 2015 4685 aliud

2113 4617 2432 4691 δεξιώτερον
2480 4621 2976 4691 ἁναπλαττομένοις
2996 4637 3010 4652 ο
3058 4623 3120 4675 τὸ
3160 4622 3240 4689 δὲ,
3278 4622 3429 4694 παρὰ
3452 4622 3542 4676 τὸν
3569 4638 3700 4677 σκο-

422 4721 556 4794 quid
602 4721 779 4793 magis
823 4720 1082 4775 dextrum
1134 4733 1200 4774 ac
1246 4717 1485 4783 beatius,
1521 4718 1796 4774 somniant
1833 4734 1847 4772 :
1882 4719 2017 4774 alte-

2116 4712 2240 4776 πδν,
2275 4714 2425 4786 πρὸς·
2459 4713 2629 4785 μόνην
2675 4714 2773 4785 τὴν
2822 4712 3077 4784 αἴσθησιν
3116 4715 3318 4778 αὐτοὺς
3358 4713 3565 4781 πεῖθον,
3595 4715 3699 4769 τοῦ

421 4829 546 4870 rum
584 4829 717 4870 vero
769 4813 826 4868 in
876 4811 1123 4868 animum
1175 4810 1472 4873 inducens,
1502 4821 1565 4867 ut
1604 4821 1808 4881 praeter
1843 4811 2017 4867 desti-

2117 4805 2318 4876 δρόμου
2343 4804 2619 4859 ποιεῖσθαι
2643 4806 2744 4875 τὴν
2778 4805 3017 4876 κίνησιν,
3041 4806 3109 4860 δι’
3135 4805 3355 4871 ἀτονίας
3383 4806 3524 4871 νοὸς,
3558 4824 3700 4877 προ-

420 4915 634 4971 natum,
667 4905 725 4960 in
777 4904 959 4961 solum
1007 4915 1233 4957 sensum
1272 4916 1496 4957 cursum
1535 4900 1852 4967 intendant;
1883 4899 2015 4955 dum

2120 4896 2507 4967 επινοούμενον
2556 4897 2709 4960 τέλος
2753 4897 3099 4968 νομίζοντας,
3163 4898 3225 4950 τὸ
3268 4899 3393 4952 κατ’
3437 4898 3697 4968 αἴσθησιν

419 5010 533 5065 pra:
583 4993 788 5048 mentis
839 4990 1188 5062 pusillitate,
1234 5003 1400 5058 quem
1448 5004 1613 5045 sensu
1661 4988 2016 5045 circumscri-

2114 4989 2299 5052 αὐτοῖς
2343 4988 2823 5059 περιγραφόμενον
2841 5004 2856 5018 ·
2885 4988 3031 5057 ἅπερ
3060 4989 3245 5058 ἀγνοεῖ
3285 4990 3363 5061 μὴ
3392 4990 3641 5061 πάσχων.
3663 4994 3697 5045 6

420 5084 596 5149 bunt,
650 5088 1095 5153 praeconceptum
1147 5079 1313 5135 ﬁnem
1370 5079 1710 5135 existimant.
1756 5078 1884 5135 [hac
1932 5079 2014 5133 rei

2117 5080 2262 5151 μόνῳ
2304 5079 2382 5152 τῷ
2422 5080 2568 5151 λόγῳ
2615 5080 2720 5151 τῆς
2751 5081 2953 5153 ἀρετῆς
2984 5081 3347 5153 συνημμένος,
3378 5083 3474 5140 καὶ
3509 5083 3695 5139 πᾶσαν

421 5177 543 5247 ipso
568 5191 735 5232 sensu
777 5190 888 5230 non
928 5173 1239 5244 experitur,
1276 5171 1372 5242 qui
1410 5171 1514 5227 soli
1546 5171 1771 5227 virtutis
1811 5171 2013 5226 rationi

2111 5170 2261 5241 αὐτῷ
2294 5171 2406 5242 τῆς
2433 5170 2578 5225 κατὰ
2614 5172 2743 5225 νοῦν
2782 5170 2996 5236 οἰκείας
3025 5172 3307 5242 δυνάμεως
3339 5172 3693 5245 περιγράψας

417 5268 731 5333 devinctus,
757 5280 981 5321 omnem
1017 5264 1223 5320 mentis
1254 5279 1367 5319 suae
1394 5262 1673 5319 facultatis
1704 5269 1916 5316 motum
1945 5278 2011 5319 ea

2110 5264 2209 5335 τὴν
2240 5263 2478 5332 κίνησιν,
2525 5264 2621 5318 καὶ
2667 5262 2917 5317 διατοῦτο
2961 5264 3127 5336 μηδὲν
3162 5265 3304 5337 ὑπὲρ
3350 5266 3443 5319 τὸν
3473 5266 3688 5337 λόγονῆ

417 5356 703 5423 deﬁnivit;
735 5373 803 5411 ex
830 5370 942 5426 quo
976 5354 1052 5409 illi
1081 5362 1188 5417 est,
1218 5362 1281 5410 ut
1314 5352 1457 5407 nihil
1486 5367 1653 5422 supra
1679 5359 1775 5406 aut
1806 5361 2007 5422 praeter

1696 5359 1775 5406 tut
1806 5361 2007 5422 praeter
2114 5358 2265 5427 παρὰ
2293 5356 2385 5409 τὸν
2417 5355 2575 5423 λόγον
2612 5356 2945 5411 διανοεῖσθαι
2975 5356 3294 5426 δυνάμενος.

418 5447 712 5509 rationem,
743 5445 949 5515 illaque
973 5443 1145 5498 invita
1173 5443 1360 5497 animo
1393 5441 1635 5512 cogitare
1664 5441 1859 5511 possit.

734 5555 994 5626 QUINTO
1029 5554 1356 5614 CENTENA
1387 5553 1663 5610 CAPITA.

492 5652 543 5705 l.
584 5650 860 5705 Naturalis
890 5650 1053 5714 ratio,
1086 5664 1187 5719 per
1214 5647 1426 5705 medias
1453 5644 1712 5712 virtutes,
1742 5662 1869 5702 eum
1906 5645 2001 5716 qui

490 5760 507 5781 ⁶
537 5759 620 5816 Cf.
655 5758 719 5813 ad
751 5758 909 5816 Thai.
938 5777 991 5830 q.
1029 5760 1115 5815 64.

2513 5554 2930 5609 ΕΚΔΤΟΝΤΔΣ
2967 5554 3288 5610 ΠΕΜΠἹἮ.

2180 5653 2249 5700 α’.
2294 5649 2309 5667 ⁶
2344 5647 2404 5700 '0
2443 5648 2584 5702 κατὰ
2628 5647 2792 5717 φύσιν
2839 5647 3017 5717 λόγος,
3063 5647 3152 5702 διὰ
3200 5646 3379 5717 μέσων
3419 5646 3528 5701 τῶν
3554 5648 3684 5730 ἆραι
