4046 6196
307 339 445 406 ιειο

975 333 1318 397 'CAPITUM
1359 333 1783 405 QUINQUIES
1820 315 2343 394 CENTENORUM
2379 333 2769 399 CENTURIA
2807 334 2871 394 V.

3451 332 3588 401 1350

304 459 434 522 τῶν,
467 455 606 528 πρὸς
635 453 729 508 τὸν
765 452 892 509 νοῦν
933 453 1161 521 ἀνάγειν
1211 453 1425 523 πέφυκε
1469 452 1561 505 τὸν
1601 449 1892 522 ἐπιμελοὺ-

2014 451 2205 504 ιριίοηί
2248 450 2589 521 diligentiam
2633 451 2819 518 habet,
2858 449 2927 506 ad
2964 449 3385 522 intelligentiam
3427 468 3589 508 men-

305 567 468 620 μενον
500 549 787 620 πράξεως·
823 549 852 601 ὁ
878 547 936 600 δὲ
977 546 1102 609 νοῦς
1133 546 1273 618 πρὸς
1304 547 1402 618 τὴν
1445 543 1640 614 σοφίαν
1678 544 1892 613 εἰσάγει

300 642 390 695 διά
421 640 659 712 θεωρίας
699 639 791 692 τὸν
835 639 1123 708 ἐφιέμενον
1163 637 1440 706 γνώσεως.
1477 639 1551 691 Τὸ
1573 638 1628 691 δὲ
1655 637 1894 708 παράλο-

301 747 399 799 γον
428 731 621 794 πάθος,
655 729 794 795 πρὸς
837 729 937 800 τὴν
983 727 1238 798 αἴσθησιν
1267 727 1445 781 πείθει
1485 725 1894 798 καταφέρεσθαι

301 824 396 878 τὸν
426 822 740 893 ἀμελοῦντα
770 821 880 875 τῶν
918 820 1176 884 ἐντολῶν,
1209 815 1278 892 ἦς
1319 819 1472 883 τέλος
1503 819 1641 885 ἐστὶ,
1672 819 1730 872 τὸ
1758 819 1896 890 πρὸς

301 916 401 988 τὴν
431 915 627 986 ἡδονὴν
659 911 1048 985 καθηλωθῆναι
1071 911 1164 965 τὸν
1192 909 1338 966 νοῦν.

377 1096 443 1164 β’.
499 1093 730 1166 Ἀρετὴν
774 1093 953 1156 καλεῖ,
986 1091 1088 1162 τὴν
1120 1089 1509 1161 ἀπαθεστάτην
1553 1093 1649 1145 καὶ
1689 1090 1895 1160 παγίαν

306 1208 371 1243 πε
382 1187 438 1261 pi.
463 1189 524 1241 τὸ
551 1187 718 1240 καλὸν
762 1185 900 1251 ἕξιν,
929 1177 997 1257 ἧς
1035 1183 1121 1254 ἐφ’
1150 1183 1390 1255 ἑκάτερα
1419 1183 1768 1256 καθέστηκεν
1805 1184 1898 1238 οὑ-

305 1284 414 1346 δὲν,
454 1280 591 1335 Θεοῦ
623 1279 896 1350 φερούσης
921 1281 1275 1350 χαρακτῆρα,
1307 1269 1352 1344 ᾧ
1379 1277 1531 1330 οὐδέν
1557 1277 1705 1330 ἐστιν
1739 1278 1898 1330 ἐναν-

306 1373 438 1427 τίον.
470 1370 634 1425 Attia
679 1370 736 1423 δὲ
775 1368 886 1423 τῶν
920 1368 1132 1439 ἀρετῶν
1166 1370 1318 1420 ἐστιν
1346 1369 1375 1420 ὁ
1414 1366 1549 1430 Θεός
1569 1383 1583 1397 ·
1615 1365 1806 1421 τούτου
1838 1367 1896 1420 δὲ

308 1464 429 1520 κατ’
451 1463 734 1536 ἐνέργειαν
773 1461 996 1531 γνῶσις,
1034 1463 1070 1531 ἡ
1101 1459 1192 1515 τοῦ
1215 1460 1338 1514 κατ’
1369 1459 1630 1530 ἀλήθειαν
1653 1461 1898 1528 ἐπεγνω-

308 1559 465 1620 κότος
489 1557 580 1610 τὸν
601 1554 735 1609 Θεὸν
755 1553 891 1624 πρὸς
918 1554 980 1607 τὸ
1004 1546 1398 1624 πνεῦμίκατά
1423 1551 1523 1616 τὴν
1547 1550 1661 1616 ’έξιν
1673 1551 1899 1605 ἀλλοίω-

311 1669 417 1715 σις.

379 1749 445 1810 γ’.
473 1742 535 1794 El
557 1742 585 1794 ὁ
601 1739 757 1809 λόγος
783 1737 1037 1809 διώρισεν
1057 1737 1134 1801 ὡς
1163 1736 1406 1806 πέφυκεν
1422 1736 1653 1791 ἑκάστου
1675 1736 1774 1808 τὴν
1790 1735 1898 1807 γέ-

310 1851 475 1897 νεσιν,
503 1833 656 1886 οὐδὲν
685 1831 795 1884 τῶν
817 1829 987 1884 ὄντων
1017 1828 1180 1882 ἑαυτὸ
1193 1828 1438 1897 φυσικῶς
1463 1828 1494 1898 ἢ
1519 1827 1900 1900 ὑπερϐέϐηκεν
1932 1806 1974 1864 Β

313 1926 343 1995 ἢ
377 1923 738 1994 ὑποϐέϐηκεν.
777 1919 988 1976 Οὐκοῦν
1021 1923 1148 1991 ὄρος
1191 1920 1291 1990 μὲν
1318 1919 1428 1973 τῶν
1455 1919 1627 1972 ὄντων
1670 1919 1835 1984 ἐστὶν,
1867 1919 1900 1988 ἡ

313 2015 432 2069 κατ’
451 2014 635 2085 ἔφεσιν
650 2015 750 2083 τῆς
765 2012 942 2076 αίτίας
969 2013 1263 2080 ἐπίγνωσις
1283 2027 1298 2043 ⁸
1321 2011 1519 2081 μέτρον
1548 2011 1626 2074 δὲ,
1650 2013 1684 2081 ἡ
1706 2009 1900 2081 ἐφικτὴ

313 2109 424 2170 τοῖς
443 2102 562 2160 οὖσι
591 2107 712 2159 κατ’
758 2104 1038 2172 ἐνέργειαν
1060 2104 1160 2173 τῆς
1188 2104 1368 2166 αἰτίας
1394 2103 1717 2173 ἐκμίμησις.
1749 2103 1823 2154 Τὸ
1845 2101 1902 2154 δὲ

315 2199 455 2269 ὑπὲρ
480 2198 569 2252 τὸν
595 2199 721 2268 ὅρον
755 2196 1022 2268 φέρεσθαι
1044 2196 1140 2249 καὶ
1172 2195 1233 2248 τὸ
1270 2193 1470 2264 μέτρον
1501 2193 1611 2246 τῶν
1648 2191 1904 2263 κινουμέ-

313 2307 420 2342 νων
446 2287 544 2360 τὴν
573 2288 779 2356 ἔφεσιν,
812 2287 1071 2358 ἀνόνητον
1104 2289 1250 2339 ποιεῖ
1283 2287 1372 2338 τὸν
1397 2284 1617 2356 δρόμον,
1659 2283 1733 2355 μὴ
1759 2300 1896 2337 κατ-

314 2378 600 2434 αντώντων
651 2382 732 2442 είς
779 2379 933 2442 Θεὸν,
986 2380 1044 2431 ἐν
1093 2372 1138 2446 ᾧ
1186 2378 1220 2448 ἡ
1254 2379 1378 2430 κατ’
1425 2376 1612 2445 ἔφεσιν
1678 2376 1898 2428 πάντων

318 2470 534 2523 ἵσταται
585 2469 816 2541 κίνησις,
867 2468 1280 2523 αὐθυπόστατον
1317 2466 1582 2537 δεχομένη
1612 2465 1766 2529 τέλος
1799 2464 1896 2518 τοῦ

317 2561 452 2614 Θεοῦ
486 2561 584 2632 τὴν
611 2561 935 2614 ἀπόλαυσιν.
970 2559 1044 2612 Τὸ
1075 2557 1132 2610 δὲ
1175 2557 1329 2628 παρά
1357 2557 1449 2610 τὸν
1477 2557 1604 2628 ὅρον
1634 2554 1894 2627 φέρεσθαι

321 2654 497 2708 καὶτὸ
531 2654 732 2725 μέτρον
767 2653 877 2706 τῶν
911 2652 1252 2724 κινουμένων
1278 2651 1378 2722 τὴν
1409 2649 1617 2720 ἔφεσιν,
1649 2649 1907 2720 ἀνόνητον

321 2747 463 2798 ποιεῖ
491 2745 582 2798 τὸν
614 2743 836 2816 δρόμον,
868 2741 990 2797 ἀντὶ
1033 2740 1171 2796 Θεοῦ
1211 2741 1603 2794 καταντῶντων
1645 2740 1786 2812 πρὸς
1808 2740 1908 2810 τὴν

323 2837 597 2908 αἴσθησιν,
644 2839 702 2888 ἐν
821 2835 946 2888 καθ’
982 2834 1177 2906 ἡδονὴν
1223 2833 1459 2904 βέϐηκεν
1497 2836 1532 2905 ἡ
1566 2833 1675 2886 τῶν
1718 2832 1910 2888 παθῶν

323 2927 693 2990 ἀνυπόστατος
723 2925 1046 2986 ἀπόλαυσις.

1998 552 2220 613 temque
2249 543 2498 612 proclive
2536 543 2838 613 provehit:
2873 559 3032 599 mens
3076 558 3212 598 vero
3251 546 3590 614 contempla-

1997 635 2166 690 tionis
2195 636 2347 689 cultu
2379 635 2622 690 scientia:
2651 634 2932 690 desiderio
2959 633 3238 698 aﬁ‘cctum,
3267 633 3335 687 ad
3365 634 3585 704 sapien-

1955 783 1958 786 .
1998 727 2128 782 tiam
2161 727 2396 783 inducit.
2421 726 2554 794 Quae
2577 736 2762 782 autem
2790 743 2820 781 a
2849 726 3063 781 ratione
3091 727 3274 795 passio
3301 725 3587 789 abhorret,

1997 831 2059 876 ut
2110 822 2165 876 in
2214 837 2434 877 sensum
2486 837 2732 892 praeceps
2778 829 2906 875 ruat
2955 821 3034 875 illi
3094 828 3288 874 auctor
3333 829 3446 884 est,
3491 820 3588 889 qui

1997 914 2255 968 mandata
2284 915 2541 985 negligit;
2583 915 2742 985 cujus
2782 913 2908 968 ﬁnis
2941 923 3045 978 est,
3078 919 3140 966 ut
3180 926 3338 967 mens
3366 911 3589 966 libidini

1998 1005 2205 1061 haereat
2232 1007 2396 1076 eique
2427 1007 2641 1062 conﬁxa
2671 1007 2762 1060 sit.
3221 1017 3225 1021 '

2066 1097 2121 1151 2.
2172 1098 2446 1153 Virtutem
2512 1107 2707 1162 vocat,
2772 1096 3194 1168 pacatissimum
3260 1095 3591 1165 ﬁrmumque

1999 1190 2222 1247 honesti
2261 1193 2511 1262 rectique
2559 1192 2834 1257 habitum,
2879 1191 3021 1245 nihil
3071 1190 3336 1259 utrinque
3382 1189 3593 1243 haben-

1999 1293 2134 1349 tem,
2162 1285 2259 1356 qui
2293 1287 2390 1341 Dei
2436 1288 2816 1342 characterem
2861 1287 3022 1351 ferat,
3055 1286 3146 1341 cui
3189 1285 3330 1339 nihil
3361 1285 3594 1340 exsistat

1999 1377 2366 1432 contrarium.
2401 1377 2683 1432 Virtutum
2729 1385 2915 1432 autem
2961 1392 3128 1433 causa
3176 1376 3322 1430 Deus
3354 1385 3460 1440 est,
3492 1390 3592 1430 seu

1999 1477 2194 1523 auctor
2227 1486 2240 1522 :
2279 1469 2377 1524 Dei
2420 1484 2556 1524 vero
2599 1469 2656 1523 in
2706 1476 2830 1523 actu
2886 1467 3150 1539 cognitio,
3186 1467 3301 1536 ipsa
3337 1468 3458 1536 ejus
3497 1465 3591 1535 qui

1997 1575 2131 1615 vere
2198 1561 2372 1616 Deum
2428 1561 2657 1631 agnovit
2700 1560 2758 1614 in
2821 1560 3088 1630 spiritum
3144 1559 3337 1613 habitu
3393 1559 3595 1612 immu-

2001 1649 2158 1704 tatio.

2071 1743 2124 1796 5.
2163 1740 2302 1796 Cum
2343 1743 2509 1807 ratio,
2547 1743 2816 1813 cujusque
2855 1743 2957 1806 rei,
2991 1758 3093 1812 pro
3119 1757 3187 1798 eo
3220 1757 3286 1797 ac
3325 1742 3403 1796 illi
3445 1756 3596 1796 com-

2003 1842 2260 1905 paratum
2287 1842 2394 1900 est,
2430 1834 2796 1891 substantiam
2828 1844 3196 1905 naturamque
3232 1835 3591 1899 discreverit;

2004 1925 2157 1980 nulla
2209 1941 2299 1981 res
2340 1934 2428 1981 est
2475 1941 2599 1996 quae
2646 1926 2885 1996 seipsam
2936 1935 3135 1980 natura
3187 1925 3450 1989 excedat,
3500 1933 3597 1978 aut

2005 2015 2185 2086 seipsa
2222 2017 2455 2071 inferior
2482 2017 2574 2071 sit.
2611 2017 2802 2087 Itaque
2839 2033 3025 2072 rerum
3060 2017 3186 2071 ﬁnis
3213 2027 3379 2086 atque
3405 2017 3596 2071 termi—

2004 2120 2133 2168 nus,
2175 2103 2434 2161 Auctoris
2481 2105 2760 2160 desiderio
2813 2106 3023 2176 agnitio
3073 2106 3291 2161 exsistit
3336 2121 3350 2158 :
3399 2105 3598 2159 modus

2003 2211 2159 2261 vero,
2191 2197 2314 2267 ejus
2362 2196 2540 2267 ipsius
2585 2197 2825 2251 imitatio
2869 2207 2981 2262 est,
3022 2213 3188 2267 quam
3243 2212 3333 2252 res
3371 2198 3425 2251 in
3469 2207 3594 2251 actu

2005 2287 2226 2358 assequi
2264 2287 2498 2357 possint.
2530 2287 2687 2354 Quod
2723 2303 2890 2358 porro
2932 2304 3098 2359 supra
3144 2287 3307 2343 ﬁnem
3345 2289 3600 2343 modum-

2004 2393 2135 2447 que,
2164 2393 2358 2434 eorum
2391 2394 2514 2449 quae
2542 2388 2836 2433 moventur
2859 2380 3140 2449 appetitus
3165 2377 3394 2443 feratur,
3431 2378 3602 2432 inuti-

2003 2470 2111 2526 lem
2144 2470 2329 2526 reddit
2356 2486 2605 2534 cursum,
2640 2470 2786 2541 quod
2813 2470 2879 2524 ad
2909 2453 3082 2527 Deum
3105 2486 3217 2526 non
3246 2471 3595 2541 perveniant,

2005 2559 2063 2614 in
2109 2573 2220 2629 quo
2269 2559 2520 2613 omnium
2566 2558 2926 2630 appetitionis
2976 2569 3194 2623 motus,
3240 2560 3420 2631 ipsum
3464 2572 3600 2614 vere

2004 2651 2364 2706 cxsistentcm
2410 2651 2573 2706 ﬁnem
2607 2652 2846 2722 (beatam
2893 2652 3110 2707 scilicet
3150 2653 3246 2708 Dei
3294 2653 3599 2722 possessio-

2008 2744 2156 2816 nem)
2189 2753 2408 2807 nactus,
2438 2743 2803 2814 conquiescit.
2839 2744 2933 2799 Sin
2973 2754 3157 2799 autem
3195 2755 3397 2815 prmler
3433 2744 3597 2799 ﬁnem

2007 2837 2348 2906 modumque
2402 2851 2597 2890 eorum
2649 2837 2931 2907 appetitus
2986 2837 3218 2900 feratur,
3273 2853 3396 2906 quae
3445 2847 3599 2892 metu

2013 2928 2339 2992 incitantur,
2391 2927 2643 2982 inutilem
2699 2936 2926 3000 priestat
2981 2943 3241 2992 cursum,
3294 2929 3423 2983 dum
3478 2928 3603 2982 loco

324 3017 418 3072 Dei
490 3018 545 3072 in
611 3029 834 3072 sensum
874 3013 1149 3079 incidunt,
1189 3013 1246 3068 in
1288 3027 1400 3083 quo
1441 3014 1622 3069 inanis
1685 3014 2109 3086 frustrancaque
2174 3017 2476 3073 aﬂectuum
2540 3019 2949 3088 libidinumquc
3022 3019 3217 3074 fruitio
3287 3021 3602 3092 voluptarie

324 3109 615 3166 conﬂatur.

393 3221 458 3277 δ’.
512 3225 569 3277 '0
599 3221 736 3294 πρὸς
764 3222 862 3294 τὴν
900 3221 1082 3276 αἰτίαν
1128 3221 1235 3276 τῶν
1271 3223 1440 3276 ὅντων
1489 3221 1737 3293 ἀσχέτως
1776 3223 1905 3276 ἀνα-

2083 3202 2242 3274 θιι
2295 3202 2348 3256 4.
2387 3202 2542 3259 Mens
2590 3203 2644 3258 in
2695 3218 2879 3258 rerum
2932 3218 3152 3259 causam
3195 3203 3605 3274 Auctoremque

327 3316 499 3381 τιθεὶς
559 3316 684 3370 νοῦν
716 3357 732 3381 ,
777 3316 1035 3386 ἀγνοήσει
1085 3315 1390 3382 παντελῶς,
1438 3316 1641 3387 μηδένα
1688 3313 1909 3386 θεωρῶν

335 3410 513 3477 λόγον,
552 3410 607 3463 ἐν
648 3409 726 3480 τῷ
765 3408 908 3462 κατὰ
952 3409 1133 3462 πᾶσαν
1161 3408 1342 3462 αἰτίαν
1373 3406 1516 3480 ὑπὲρ
1541 3407 1720 3462 πάντα
1752 3407 1910 3477 λόγον

329 3501 445 3557 δντι
477 3501 598 3556 κατ’
613 3501 802 3556 οὐσίαν
825 3501 944 3565 Θεῷ
969 3517 983 3529 ·
1015 3501 1153 3572 πρὸς
1183 3501 1242 3554 ὃν
1270 3501 1378 3554 ἀπὸ
1407 3500 1516 3552 τῶν
1541 3501 1710 3556 ὅντων
1741 3500 1913 3554 ἁπάν-

329 3609 438 3646 των
473 3591 781 3656 συσταλεὶς,
808 3589 998 3642 οὐδένα
1033 3588 1142 3641 τῶν
1193 3587 1290 3657 ἀφ’
1331 3581 1408 3641 ὧν
1454 3589 1667 3653 ἀπέστη
1712 3589 1908 3656 λόγων,

332 3683 646 3746 ἐπίσταται,
685 3682 846 3752 μόνον
893 3680 985 3733 τὸν
1033 3679 1172 3750 πρὸς
1222 3678 1282 3732 ὃν
1320 3679 1510 3748 γέγονε
1552 3679 1694 3732 κατά
1728 3680 1910 3750 χάριν,

333 3774 758 3847 ἀνερμηνεύτως
803 3771 1102 3844 θεώμενος.
1153 3771 1266 3826 Καὶ
1303 3771 1414 3842 γὰρ
1471 3772 1566 3825 καὶ
1621 3773 1749 3835 τοὺς
1804 3771 1912 3824 τῶν

333 3865 640 3937 ἀσωμάτων
688 3866 782 3918 καὶ
813 3865 940 3929 τοὺς
969 3863 1079 3916 τῶν
1123 3862 1391 3934 σωμάτων
1425 3862 1620 3933 ἀφίησι
1642 3862 1856 3931 λόγους,
1885 3864 1914 3915 ό

343 3958 482 4027 πρὸς
518 3955 609 4008 τὸν
657 3954 788 4009 Θεὸν
833 3951 1160 4027 ἀναδραμὼν
1189 3955 1310 4006 κατ’
1353 3951 1610 4006 ἔκστασιν
1649 3951 1793 4016 νοῦς.
1837 3952 1912 4005 Οὐ

335 4021 446 4118 γάρ
487 4047 699 4116 πέφυκέ
737 4065 788 4100 τι
821 4021 1075 4114 Θεῷ
1119 4021 1256 4114 μετά
1305 4043 1456 4111 Θεὸν,
1495 4043 1612 4115 ἅμα
1649 4060 1914 4113 συγκατοο

339 4138 654 4194 πτεῦεσθαι.

404 4314 467 4362 ε’.
486 4307 789 4378 Ἑπάρατον
805 4307 972 4371 ὅντως
987 4307 1159 4367 πάθος
1192 4310 1222 4364 ὁ
1236 4308 1426 4380 τῦφος,
1448 4310 1539 4362 καὶ
1551 4307 1718 4362 ἐκδύο
1731 4308 1916 4362 κακῶν
1995 4298 2006 4311 ’

337 4399 476 4452 κατά
509 4398 759 4452 σύνθεσιν
787 4401 1201 4472 συνιστάμενον,
1239 4401 1623 4472 ὑπερηφανίας
1656 4400 1801 4471 φημὶ
1824 4401 1917 4453 καὶ

336 4489 674 4557 κενοδοξίας·
713 4484 787 4544 ὧν
829 4493 862 4561 ἠ
913 4491 1014 4560 μὲν
1068 4491 1438 4562 ὑπερηφανία,
1473 4490 1570 4562 τὴν
1609 4492 1790 4545 αἰτίαν
1820 4493 1917 4561 ἀρ-

2013 3295 2188 3350 libere
2237 3296 2472 3360 intenta,
2524 3295 2754 3351 omnino
2807 3296 3102 3367 ignorabit,
3143 3297 3350 3350 nullam
3393 3297 3450 3350 in
3489 3298 3603 3352 Deo

2013 3396 2284 3443 contuens
2344 3388 2649 3452 rationem,
2715 3388 2810 3456 qui
2870 3389 3247 3444 essentialiter
3300 3389 3604 3445 secundum

2013 3493 2234 3532 omnem
2289 3495 2510 3533 causam
2540 3520 2555 3544 ,
2608 3481 2762 3535 omni
2814 3482 3071 3551 superior
3125 3482 3340 3537 ratione
3384 3492 3469 3538 est
3505 3500 3518 3536 ε
3548 3484 3604 3538 in

2013 3583 2179 3636 quem
2225 3584 2256 3622 a
2303 3570 2521 3624 cunctis
2564 3571 2734 3626 rebus
2791 3572 3041 3636 collecta,
3082 3573 3288 3626 nullam
3322 3588 3535 3638 earum,
3573 3589 3607 3628 α

2014 3656 2219 3725 quibus
2246 3657 2536 3724 abscessit,
2572 3660 2852 3714 rationum
2897 3660 3078 3726 novit;
3115 3661 3294 3714 solum
3343 3662 3607 3716 nimirum

2014 3745 2082 3800 ad
2111 3763 2276 3817 quem
2309 3749 2486 3804 evasit
2529 3765 2631 3820 per
2669 3750 2926 3822 gratiam,
2974 3750 3349 3821 inexplicabili
3393 3753 3608 3807 ratione

2015 3853 2249 3893 cernens
2286 3855 2352 3894 ac
2398 3840 2780 3896 considerans.
2822 3842 2953 3908 Qurc
2992 3841 3140 3895 enim
3178 3855 3335 3896 mens
3381 3857 3607 3896 excessu

2017 3932 2072 3987 in
2117 3933 2293 3987 Deum
2338 3933 2604 3998 excurrit,
2651 3933 3106 4003 incorporeorum
3139 3933 3257 4003 (seu
3287 3932 3607 4005 spirituum)

2016 4039 2427 4095 corporumque
2481 4025 2679 4079 missas
2732 4024 2978 4080 rationes
3028 4025 3180 4080 facit.
3233 4025 3370 4079 Nam
3426 4041 3609 4096 neque

2017 4126 2394 4186 comparatum
2443 4128 2562 4182 est,
2615 4127 2675 4171 ut
2724 4133 2919 4171 eorum
2969 4117 3217 4188 aliquid,
3262 4133 3385 4188 qua:
3425 4134 3456 4173 a
3494 4119 3609 4174 Deo

2017 4208 2259 4262 secunda
2289 4219 2437 4275 sunt,
2471 4225 2580 4264 una
2608 4223 2736 4264 cum
2766 4209 2881 4262 Deo
2909 4209 3306 4279 conspiciatur.

2093 4301 2145 4355 5.
2185 4299 2602 4356 Exsecrandum
2633 4314 2825 4354 revera
2851 4299 3048 4353 vitium
3081 4299 3443 4368 aﬁ‘ectusque,
3473 4298 3604 4353 elati

2019 4393 2188 4447 animi
2219 4401 2404 4447 tumor
2431 4407 2496 4447 ac
2529 4392 2705 4446 fastus
2737 4391 3160 4461 insolentiaque.
3190 4406 3367 4461 exque
3398 4390 3604 4461 duplici

2022 4485 2342 4539 coalescens
2369 4485 2538 4548 vitio,
2577 4483 2838 4555 superbia
2879 4484 3144 4538 nimirum
3192 4483 3453 4552 inanique
3489 4483 3608 4552 glo-

334 4583 505 4634 νεῖται
539 4582 637 4653 τῆς
672 4582 878 4654 ἀρετῆς
909 4583 1004 4636 καὶ
1039 4582 1138 4653 τῆς
1184 4583 1402 4654 φύσεως
1423 4599 1436 4614 ο
1468 4585 1502 4654 ἡ
1533 4583 1589 4636 δὲ
1619 4583 1910 4651 κενοδοξία,

2024 4575 2135 4642 ria;
2166 4592 2399 4646 quarum
2433 4578 2606 4632 altera
2636 4549 2857 4648 (nempe
2883 4574 3167 4646 superbia)
3195 4549 3420 4631 virtut—is
3442 4549 3609 4645 atque

335 4673 436 4743 τήν
465 4689 525 4725 τε
557 4673 740 4742 φύσιν,
771 4675 868 4728 καὶ
900 4674 1071 4746 αὐτὴν
1094 4673 1248 4728 νόθον
1283 4676 1384 4748 τὴν
1417 4676 1622 4746 ἀρετὴν
1653 4675 1918 4746 καθίστη-

338 4778 445 4817 σιν.
482 4764 650 4818 Οὐδὲν
677 4765 788 4838 γάρ
829 4765 908 4838 τῷ
950 4766 1292 4838 ὑπερηφάνῳ
1326 4767 1469 4822 κατὰ
1490 4767 1624 4823 Θεὸν
1654 4766 1919 4838 διαπράτ-

335 4871 509 4921 τεται,
544 4857 636 4910 καὶ
665 4858 818 4912 οὐδὲν
848 4857 926 4930 τῷ
965 4858 1225 4927 κενοδόξῳ
1264 4859 1407 4913 κατά
1455 4859 1618 4928 φύσιν
1660 4861 1919 4931 προέρχε-

335 4961 446 4998 ται.

411 5125 484 5184 ς’,
537 5120 948 5190 ’Υπερηφανίας
997 5121 1150 5189 ἴδιον,
1198 5123 1260 5176 τὸ
1305 5123 1586 5194 ἀρνεῖσθαι
1648 5125 1738 5180 τὸν
1786 5128 1918 5182 Θεὸν

338 5212 542 5281 ἀρετῆς
595 5208 732 5264 εἶναι
785 5212 1014 5281 γενέτην
1060 5213 1156 5266 καὶ
1193 5213 1440 5280 φύσεως·
1484 5215 1792 5280 κενοδοξίας
1839 5217 1916 5282 δὲ,

337 5304 398 5355 τὸ
435 5304 680 5375 μερίζειν
732 5304 829 5375 τὴν
886 5307 1048 5375 φύσιν
1103 5306 1244 5378 πρὸς
1303 5307 1529 5376 ῦφεσιν’
1582 5302 1657 5363 ὧν
1688 5309 1717 5361 ὁ
1751 5310 1918 5378 τῦφος

339 5393 477 5448 εἶναι
526 5396 773 5466 γέννημα
810 5397 1076 5466 πέφυκεν,
1112 5395 1224 5462 ἕξις
1254 5397 1455 5462 κακίας
1501 5399 1760 5470 ὑπάρχων
1800 5401 1919 5454 σύν-

341 5487 513 5551 θετος,
548 5488 684 5541 Θεοῦ
720 5489 950 5560 ἄρνησιν
995 5489 1242 5544 ἑκούσιον
1275 5490 1494 5561 ἔχουσα,
1527 5491 1624 5545 καὶ
1652 5492 1752 5561 τῆς
1782 5496 1922 5548 κατὰ

343 5577 506 5646 φύσιν
543 5579 815 5650 ἰσοτιμίας
855 5578 1101 5646 ἄγνοιαν.

2024 4677 2238 4724 natura:
2295 4669 2595 4725 Auctorem
2646 4676 2845 4740 neget;
2901 4668 3074 4723 altera
3133 4667 3337 4737 (inanis
3398 4667 3612 4722 scilicet

2025 4760 2222 4832 gloria)
2262 4772 2379 4816 tum
2420 4771 2697 4825 naturam,
2741 4769 2856 4815 tum
2887 4760 3151 4814 virtutem
3191 4759 3366 4828 ipsam
3401 4758 3615 4813 adulte-

2028 4866 2133 4911 ret.
2169 4855 2318 4910 Nihil
2355 4855 2503 4910 enim
2534 4854 2609 4919 ei,
2634 4855 2730 4924 qui
2764 4853 3038 4922 superbus
3065 4851 3159 4916 sit,
3189 4851 3380 4906 divina
3407 4851 3615 4921 pietate

2031 4946 2398 5017 religioseque
2421 4945 2632 5018 agitur;
2661 4944 2913 5014 nihilque
2942 4940 3215 4997 laboranti
3240 4939 3388 4996 inani
3418 4940 3613 5011 gloria,

2025 5056 2092 5092 ex
2123 5049 2335 5093 natura:
2365 5037 2676 5093 rationibus
2710 5035 3090 5107 progreditur.

2098 5131 2151 5185 6.
2187 5131 2479 5199 Proprium
2531 5128 2808 5200 superbia:
2849 5136 2954 5191 est,
2987 5136 3048 5181 ut
3084 5126 3256 5180 Deum
3300 5123 3523 5178 virtutis
3551 5137 3616 5177 ac

2029 5233 2238 5279 natura:
2273 5232 2584 5278 creatorem
2626 5232 2787 5293 neget
2822 5240 2835 5275 :
2871 5220 3049 5275 inanis
3089 5227 3271 5274 autem
3311 5217 3519 5288 gloriae,
3554 5224 3615 5268 ut

2027 5324 2306 5376 naturam,
2351 5313 2472 5383 ejus
2519 5310 2834 5366 minuendae
2889 5325 2954 5364 ac
3005 5307 3380 5380 deprimendm
3425 5320 3612 5365 causa.

2025 5405 2280 5475 partibus
2319 5403 2572 5469 scindat;
2622 5417 2856 5473 quarum
2899 5400 3066 5455 animi
3108 5410 3290 5454 tumor
3327 5397 3614 5466 fastusque

2023 5505 2079 5550 et
2105 5495 2398 5550 insolentia
2431 5496 2644 5566 (τῦφος,
2676 5493 2756 5549 sic
2782 5493 2993 5548 dictum
3023 5489 3244 5558 vitium)
3273 5487 3458 5559 proles
3491 5501 3618 5542 esse

2025 5589 2191 5653 solet;
2247 5587 2587 5656 compositus
2643 5585 2856 5640 scilicet
2915 5582 3137 5638 malitia:
3191 5581 3454 5646 habitus,
3505 5578 3613 5632 hoc

2027 5681 2260 5744 habens,
2295 5688 2355 5733 ut
2393 5681 2564 5734 Deum
2598 5687 2798 5748 sponte
2835 5677 3091 5746 abneget,
3118 5689 3181 5729 ac
3209 5688 3329 5743 quae
3357 5687 3387 5726 a
3417 5679 3613 5726 natura

2024 5785 2174 5832 sunt.
2209 5787 2373 5842 pares
2402 5771 2631 5827 honoris
2659 5777 2846 5841 partes
2881 5768 3119 5840 ignoret.
