4046 6196
518 320 646 388 1351

1688 316 1749 376 S.
1792 316 2083 378 MAXIMI
2125 316 2635 383 CONFESSORIS

3661 321 3812 392 18εῆ

583 432 639 486 7.
689 429 835 486 Elati
892 426 1064 484 animi
1123 433 1310 481 tumor
1372 424 1656 495 [astusque
1701 433 1761 480 et
1809 424 2094 481 insolentia

2280 426 2345 491 ζ’.
2397 427 2811 500 ’Υπερηφανίας
2856 429 2951 483 καὶ
2988 427 3296 495 κενοδοξίας
3354 427 3529 499 μίξις,
3569 430 3816 502 otiiqu

516 522 539 585 ί
558 521 614 578 id
659 528 767 587 est,
810 519 1017 591 τῦφος)
1062 518 1338 589 superbiae
1387 517 1676 587 inanisque
1718 517 1909 589 gloria
1952 532 2105 573 com-

510 613 699 668 inistio
746 619 854 676 est,
884 626 1014 682 erga
1062 611 1237 667 Deum
1281 617 1662 680 contemptum
1714 608 1952 675 habens,
1989 625 2103 680 quo

512 705 609 759 Dei
659 703 1094 774 providentiam,
1130 702 1236 774 ipsi
1280 701 1650 765 detrahendo,
1698 715 1972 773 propenso
2010 716 2105 757 ea-

511 794 847 860 lumuiatur;
891 808 1021 864 erga
1070 802 1329 849 naturam
1369 808 1526 859 vero,
1556 794 1725 849 alieni
1759 794 1932 849 animi
1971 793 2104 849 atie-

508 895 684 949 ctum,
742 901 876 956 quo,
938 885 1212 956 quidquid
1292 893 1506 942 naturae
1558 894 1648 942 est
1712 885 2103 942 innaturaliter

509 977 835 1049 aggrediens
865 986 1218 1050 tentansque,
1250 990 1465 1036 naturae
1519 978 1778 1039 decorem
1832 979 2101 1037 abusione

505 1069 840 1140 corrumpit.
1460 1130 1464 1134 Α
1800 1124 1813 1130 -

577 1161 632 1216 8.
669 1161 913 1231 Spiritus
955 1162 1176 1220 ardoris
1205 1162 1274 1231 “,
1309 1163 1516 1220 nedum
1552 1164 1889 1221 tentationes
1922 1163 2099 1236 signi-

507 1252 655 1318 ﬁcat,
687 1254 785 1309 sed
831 1262 892 1310 et
935 1255 1033 1311 Dei
1085 1255 1530 1322 derelictionem,
1560 1273 1684 1327 qua:
1714 1255 1920 1313 Judaeis
1954 1255 2099 1313 divi-

505 1361 708 1402 norum
756 1347 1030 1403 donorum
1085 1348 1269 1405 ablata
1323 1349 1774 1406 subministratio
1811 1358 1915 1406 est.
1965 1348 2098 1417 Qute

505 1443 691 1490 autem
734 1452 837 1506 per
877 1438 1135 1507 spiritum
1173 1439 1344 1495 animi
1385 1439 1742 1501 necessitudo
1782 1448 1954 1496 estet
1984 1438 2099 1494 alii-

504 1526 673 1592 nitas,
702 1528 871 1583 animi
902 1529 970 1585 ad
1003 1546 1227 1587 carnem
1254 1532 1606 1589 aii‘ectionem
1632 1531 1819 1598 solvit,
1849 1531 2094 1602 Dcoque,

504 1618 784 1675 desiderio
809 1619 1052 1687 aliixum,
1076 1622 1340 1679 devincit.

2207 513 2514 584 καθέστηκε
2537 532 2551 545 ο
2589 516 2727 588 πρὸς
2770 516 2876 588 μὲν
2910 516 3003 570 τὸν
3031 516 3166 572 Θεὸν
3202 517 3345 589 ἔχων
3386 518 3488 589 τὴν
3516 522 3812 592 καταφρό-

2206 621 2385 673 νησιν,
2424 606 2548 661 καθ’
2582 607 2650 678 ἢν
2691 607 2903 677 πέφυκε
2956 607 3296 680 βλασφήμως
3331 609 3647 667 διαϐάλλειν
3696 613 3811 684 τὴν

2207 692 2493 760 πρόνοιανσ
2534 694 2672 765 πρὸς
2698 694 2755 749 δὲ
2788 695 2888 766 τὴν
2912 696 3076 767 φύσιν
3106 697 3447 769 κεκτημένος
3493 699 3595 772 τὴν
3632 702 3811 757 ἀλλο⁸

2202 781 2450 853 τρίωσιν,
2487 785 2613 839 καθ’
2641 788 2708 858 ἢν
2754 788 2937 842 πάντα
2975 789 3044 844 τὰ
3085 792 3186 861 τῆς
3237 791 3456 860 φύσεως
3488 795 3649 867 παρὰ
3693 797 3808 867 τὴν

2208 872 2371 942 φύσιν
2415 880 2879 951 μεταχειρίζεται,
2909 882 2988 954 τῷ
3025 884 3171 939 κατὰ
3214 886 3568 958 παράχρησιν
3603 887 3809 961 τρόπω

2203 963 2304 1035 τὴν
2326 964 2430 1038 τῆς
2464 969 2682 1038 φύσεως
2716 974 3116 1046 παραφθείρων
3146 978 3506 1049 εὐπρέπειαν.

2270 1147 2346 1212 η’.
2387 1141 2464 1197 Τδ
2508 1141 2729 1217 πνεῦμα
2778 1146 2876 1202 τοῦ
2921 1148 3205 1215 καύσωνος
3224 1151 3266 1215 ',
3316 1151 3380 1205 ού
3447 1151 3612 1222 μόνον
3665 1150 3807 1214 τοὺς

2206 1235 2579 1307 πειρασμοὺς,
2623 1236 2761 1292 ἀλλὰ
2802 1238 2898 1294 καὶ
2940 1239 3042 1313 τὴν
3077 1241 3468 1314 ἐγκατάλειψιν
3503 1242 3599 1298 τοῦ
3626 1242 3801 1310 Θεοῦ,

2197 1326 2298 1397 τὴν
2325 1328 2739 1403 demugiqu
2769 1330 2882 1386 τῶν
2916 1331 3187 1388 Ἰουδαίων
3221 1335 3321 1407 τὴν
3350 1335 3459 1389 τῶν
3493 1334 3660 1391 θείων
3692 1354 3805 1408 χα-

2203 1417 2485 1491 ρισμάτων
2550 1422 2840 1494 χορηγίαν,
2892 1423 3062 1497 δηλοῖ.
3109 1425 3173 1481 Ἠ
3217 1426 3276 1480 δὲ
3322 1426 3412 1481 διὰ
3475 1428 3806 1501 πνεύματος

2202 1510 2349 1563 κατὰ
2369 1510 2552 1583 ψυχὴν
2581 1514 2894 1583 ἀγχιστεία,
2922 1516 3128 1588 σαρκὸς
3163 1517 3266 1588 μιν
3302 1518 3422 1573 λύει
3459 1520 3562 1593 τὴν
3598 1521 3803 1592 σχέσιν

2200 1600 2301 1669 τῆς
2354 1602 2756 1674 προαιρέσεως,
2799 1604 2920 1678 Θεῷ
2968 1607 3027 1661 δέ
3074 1607 3413 1680 προσδεσμεί
3452 1609 3597 1665 κατά
3623 1610 3802 1664 πόθον

2203 1691 2668 1764 προσηλωθεῖσαν.

576 1797 630 1853 9.
671 1796 786 1854 Lex
834 1800 1143 1866 naturalis,
1198 1815 1326 1856 cum
1384 1801 1660 1873 vigentem
1714 1817 1829 1873 prae
1880 1803 2094 1859 ratione

2270 1781 2351 1873 θ’.
2391 1783 2449 1838 Ὀ
2484 1785 2599 1856 ¹μὲν
2638 1785 2872 1856 φυσικὸς
2914 1786 3103 1859 νόμος,
3146 1789 3277 1846 ὅταν
3313 1791 3413 1846 οὒκ
3450 1791 3550 1864 ἔχῃ
3596 1792 3804 1848 πλεον-

506 1889 701 1959 illique
745 1891 1137 1960 prtevalentem
1188 1907 1415 1948 sensum
1458 1909 1572 1951 non
1618 1894 1900 1960 habuerit,
1940 1895 2093 1951 ultro

506 1996 700 2036 otunes
734 1981 1000 2052 nulloque
1047 1983 1312 2054 magistro
1350 1983 1419 2039 ad
1465 1993 1732 2055 cognatos
1768 1985 2099 2055 generisque

506 2070 922 2127 necessitudine
960 2073 1127 2143 612
1172 2075 1505 2145 coniunctos
1554 2076 1969 2145 amplectendos
2015 2077 2100 2132 itt-

504 2161 689 2229 ducit;
736 2164 852 2233 ipsa
887 2164 1150 2221 nimirum
1193 2176 1391 2222 natura
1427 2166 1688 2233 docente,
1729 2170 2097 2238 praestandam

503 2248 687 2323 Opem,
731 2255 843 2322 his,
889 2256 985 2325 qui
1037 2257 1356 2328 indigeant;
1401 2266 1459 2315 et
1505 2267 1566 2313 ut
1605 2275 1800 2316 omnes
1838 2261 2099 2319 omnibus

503 2344 710 2410 velint,
760 2346 909 2415 quod
954 2347 1193 2418 quisque
1243 2348 1426 2404 libens
1465 2348 1670 2405 habeat
1714 2348 1822 2405 sibi
1877 2350 1947 2405 ab
1987 2352 2098 2408 alio

502 2438 900 2507 przestandum.
951 2436 1123 2510 quue
1166 2454 1230 2495 ut
1268 2441 1501 2496 doceret
1543 2441 1834 2508 Dominus,
1866 2442 2094 2499 aiebat:

502 2527 841 2600 Quicumque
872 2529 1032 2585 vultis
1075 2540 1132 2585 ut
1174 2530 1379 2601 faciant
1419 2531 1563 2586 vobis
1610 2532 1875 2598 homines,
1917 2542 1967 2587 et
2011 2550 2096 2591 vos

499 2619 751 2675 similiter
780 2619 940 2691 facite
968 2620 1077 2676 illis
1102 2620 1170 2676 “.

578 2721 662 2777 lo.
695 2722 978 2779 Naturalis
1004 2723 1144 2794 legis
1172 2739 1312 2795 opus
1338 2739 1463 2781 esse
1487 2724 1646 2791 dicit,
1675 2733 1738 2780 ut
1759 2723 2095 2781 concordem

502 2813 753 2869 omnium
792 2830 921 2886 erga
967 2829 1162 2869 omnes
1202 2813 1375 2869 animi
1419 2815 1702 2871 voluntate
1738 2814 2093 2871 aii‘ectionem

502 2922 569 2961 ac
605 2906 1079 2962 necessitudinem
1116 2914 1365 2977 praestet.
1389 2907 1450 2961 In
1477 2895 1862 2977 quibus'enim
1894 2915 2094 2963 natura

502 3000 719 3055 ratione
760 3000 997 3070 regitur,
1034 3001 1091 3054 in
1140 3000 1228 3055 bis
1259 3009 1665 3070 comparatum,
1702 3010 1764 3055 ut
1793 3016 1938 3056 unus
1973 3001 2094 3056 ani-

502 3107 647 3157 mus,
675 3092 980 3163 eademque
1022 3093 1224 3147 mentis
1262 3093 1484 3148 aﬂ‘ectio
1510 3093 1600 3149 sit.
1630 3093 1874 3160 Quorum
1906 3103 2087 3148 autem

500 3185 723 3240 animus
769 3184 1081 3254 mentisque
1128 3183 1377 3249 aﬂ'ectio,
1424 3200 1490 3240 ac
1534 3200 1753 3240 morum
1798 3186 1939 3240 ratio
1981 3201 2090 3241 una

499 3289 608 3338 est,
651 3273 781 3330 vitm
826 3289 1048 3344 quoque
1092 3289 1290 3330 cursus
1327 3275 1508 3345 palam
1556 3292 1701 3331 unus
1738 3291 1859 3332 esse
1900 3277 2087 3333 habet.

500 3366 746 3432 Quorum
808 3375 999 3420 autem
1066 3380 1285 3420 morum
1363 3367 1505 3422 ratio
1564 3378 1625 3423 et
1683 3368 1809 3424 vitm
1868 3386 2090 3441 quoque

500 3471 700 3512 cursus
747 3455 895 3510 idem
939 3464 1044 3522 est,
1092 3471 1264 3510 unum
1315 3456 1509 3526 utique
1556 3456 1814 3528 idemque
1853 3460 2086 3515 aliorum

501 3564 628 3603 eum
660 3549 787 3604 aliis
820 3548 987 3603 animi
1017 3547 1297 3604 sententia
1338 3548 1773 3605 necessitudinis
1804 3551 2087 3607 vinculum

500 3638 736 3702 exsistit,
764 3654 873 3693 una
896 3637 1067 3693 animi
1098 3638 1383 3694 voluntate
1409 3653 1475 3694 ac
1500 3640 1799 3705 sententia,
1832 3641 1889 3696 in
1920 3658 2088 3699 unam

500 3748 694 3787 omnes
756 3739 970 3787 natura;
1026 3731 1302 3787 rationem
1363 3746 1597 3803 cogens;
1653 3732 1711 3787 in
1764 3748 1877 3804 qua
1936 3734 2089 3790 nullo

500 3838 728 3893 prorsus
779 3823 947 3878 modo
1001 3833 1123 3889 est,
1170 3838 1293 3895 quae
1350 3838 1505 3878 nunc
1552 3823 1682 3879 caci
1739 3826 2088 3896 carnalisque

498 3915 704 3970 amoris
759 3916 885 3970 labe
936 3915 1124 3985 viget,
1182 3923 1394 3970 natura:
1456 3915 1677 3971 divisio.
1732 3916 1846 3973 Lex
1901 3930 2087 3973 autem

498 4004 725 4075 scripta,
760 4019 1050 4075 pinnarum
1100 4012 1254 4060 metu
1300 4005 1697 4076 incompositos
1742 4005 2090 4077 insipientio-

500 4114 622 4153 rtttn
657 4099 1066 4170 appetitionum
1099 4108 1290 4154 motus
1321 4098 1603 4164 inhibens,
1639 4099 1706 4154 ad
1741 4101 1913 4155 solam
1943 4105 2085 4172 aequi

498 4191 949 4248 distributionem
1001 4193 1248 4247 animum
1304 4192 1631 4257 attendere,
1686 4194 1850 4264 eique
1900 4210 2086 4250 assue-

497 4300 653 4342 scere
707 4286 872 4342 docet
906 4303 920 4341 :
951 4302 1060 4357 qua
1117 4286 1384 4343 nimirum
1433 4287 1664 4359 iustitiae
1706 4288 1791 4343 vis
1839 4297 2086 4359 tempore

494 4379 732 4445 ﬁrmata,
769 4378 827 4434 in
850 4387 1106 4434 naturam
1132 4379 1359 4447 transit;
1403 4380 1478 4435 ita
1505 4380 1768 4434 nimirum
1795 4390 1859 4435 ut
1894 4383 2085 4451 paula-

2200 1870 2470 1931 εκτοῢσαν
2492 1878 2583 1931 τὸν
2597 1877 2759 1949 λόγον
2789 1879 2888 1950 τὴν
2918 1880 3194 1952 αἴσθησιν,
3212 1882 3520 1949 ἀδιδάκτως
3539 1885 3800 1951 ἀσπάζε-

2202 1969 2327 2023 σθαι
2353 1969 2565 2034 πάντας
2590 1972 2771 2028 πείθει
2796 1973 2859 2027 τὸ
2882 1975 3141 2042 συγγενὲς
3161 1976 3260 2030 καὶ
3293 1976 3588 2048 ὁμόφυλον,
3616 1980 3801 2050 aintv

2199 2061 2430 2131 ἔχοντας
2454 2062 2747 2135 τὴνφύσιν
2775 2066 2875 2135 τῆς
2899 2065 3011 2120 τῶν
3050 2067 3324 2140 δεομένων
3360 2071 3689 2143 ἐπιχωρίας
3722 2071 3801 2127 δι-

2199 2152 2495 2221 δάσκαλον,
2533 2156 2757 2210 κάκεῖνο
2785 2157 3071 2228 βούλεσθαι
3094 2162 3261 2215 πᾶσιν
3295 2158 3459 2234 [male
3486 2163 3635 2219 edita
3658 2159 3796 2235 πᾶ.νῖ

2201 2246 2471 2311 ἅπαντας,
2516 2248 2657 2320 ὅπερ
2703 2249 2935 2321 ἕκαστος
2961 2252 3140 2323 ἐαυτῷ
3172 2255 3325 2324 παρὰ
3358 2254 3467 2309 τῶν
3498 2255 3682 2309 ἄλλων
3709 2273 3796 2325 γι-

2197 2339 2447 2410 νόμενον,
2491 2338 2635 2396 εἶναι
2682 2342 2832 2397 δοκεί
2870 2344 3226 2417 καταθύμιον.
3282 2347 3398 2400 Καὶ
3447 2347 3608 2402 τοῦτο
3645 2348 3797 2403 διδά-

2206 2448 2354 2486 σκων
2382 2433 2410 2485 ὁ
2453 2432 2682 2504 Κύριος,
2716 2437 2904 2507 φησιν,
2939 2438 3099 2495 Ὅσα
3138 2440 3345 2493 θέλετε
3395 2439 3498 2493 ἵνα
3528 2439 3797 2495 ποιῶσιν

2205 2522 2351 2591 ὑμῖν
2375 2526 2429 2578 oi
2472 2514 2795 2594 ἁνθρωπὸι,
2826 2527 3041 2597 ὁμοίως
3072 2528 3172 2581 καί
3210 2529 3378 2599 ὑμεῖς
3405 2530 3637 2585 ποιεῖτε
3667 2533 3794 2586 αὐ-

2199 2630 2346 2681 τοις.

2274 2712 2332 2760 ι’.
2377 2706 2581 2778 Ἔργον
2605 2703 2747 2761 εἶναι
2768 2707 2863 2762 τοῦ
2890 2709 3124 2776 φυσικοῦ
3148 2710 3315 2782 νόμου
3346 2711 3497 2784 φησὶ,
3527 2712 3794 2783 τὴνγνω-

2200 2798 2371 2868 μικὴν
2405 2799 2624 2855 πάντων
2669 2801 2807 2869 πρὸς
2851 2801 3063 2866 πάντας
3110 2803 3386 2874 δμόθυμον
3416 2805 3621 2876 σχέσιν.
3671 2805 3791 2876 Ἐφ’

2197 2885 2273 2946 ὧν
2305 2891 2417 2964 γὰρ
2445 2894 2479 2963 ἠ
2510 2893 2675 2961 φύσις
2724 2894 2869 2965 λόγῳ
2922 2896 3272 2967 βραϐεύεται,
3299 2897 3508 2951 τούτων
3556 2900 3663 2969 μία
3695 2902 3791 2954 τεέ-

2199 3002 2370 3054 φυκεν
2398 2982 2541 3039 εἶναι
2568 2986 2829 3050 διάθεσις.
2867 2982 2969 3042 Ὧν
3006 2988 3062 3042 δὲ
3107 2988 3347 3054 διάθεσις
3377 2993 3413 3062 ἠ
3443 2991 3605 3063 αὐτὴ,
3632 2995 3736 3048 καὶ
3760 2996 3790 3049 ό

2202 3077 2320 3131 κατ’
2348 3072 2480 3149 ἦθος
2518 3080 2739 3150 τρόπος,
2773 3081 2867 3133 καὶ
2902 3082 2930 3134 ό
2957 3082 3053 3134 τοῦ
3094 3082 3213 3152 βίου
3257 3081 3459 3155 δρόμος
3489 3080 3573 3148 εἷς
3602 3087 3789 3158 ὑπάρ-

2196 3187 2313 3240 χειν
2359 3171 2644 3242 προδήλως
2690 3172 2956 3242 πέφυκεν.
3003 3169 3104 3229 Ὧν
3152 3175 3210 3241 δὲ
3258 3178 3461 3250 τρόπος
3507 3178 3664 3249 ἠθῶν
3692 3181 3789 3233 καὶ

2195 3263 2314 3334 βίου
2345 3263 2549 3339 δρόμος
2580 3268 2737 3323 ἐστὶν
2762 3271 2793 3322 ό
2828 3269 3010 3333 αὐτὸς,
3044 3264 3126 3334 εἷς
3154 3269 3400 3342 δηλονότι
3432 3271 3527 3325 καὶ
3559 3274 3588 3324 ὀ
3614 3272 3788 3337 αὐτὸς

2193 3356 2339 3410 κατὰ
2362 3359 2463 3428 τὴν
2492 3357 2721 3431 γνώμην
2750 3362 2849 3432 τῆς
2881 3361 3017 3435 πρὸς
3040 3362 3307 3434 ἀλλήλους
3336 3364 3582 3434 σχέσεως
3600 3364 3788 3436 ὑπάρ-

2191 3470 2278 3524 χει
2309 3452 2531 3523 δεσμὸς,
2568 3455 2713 3509 κατὰ
2745 3458 2876 3526 μίαν
2913 3457 3141 3530 γνώμην
3191 3456 3343 3527 ἄγων
3387 3460 3517 3522 τοὺς
3563 3459 3784 3523 πάντας

2193 3544 2332 3615 πρὸς
2360 3546 2450 3599 τὸν
2480 3548 2576 3601 ἕνα
2597 3548 2755 3614 λόγον
2789 3549 2888 3619 τῆς
2917 3549 3167 3619 φύσεως·
3201 3552 3271 3609 ἐν,
3289 3544 3334 3618 ᾧ
3356 3550 3645 3615 παντελῶς
3680 3552 3786 3606 οὐκ

2192 3638 2340 3692 ἔστιν
2369 3640 2402 3710 ή
2432 3640 2526 3694 νῦν
2557 3641 2839 3715 κρατοῦσα
2862 3645 2964 3716 τῆς
2997 3644 3213 3714 φύσεως
3239 3645 3328 3700 διὰ
3358 3649 3456 3719 τῆς
3484 3645 3786 3715 φιλαυτίας

2190 3730 2478 3804 διείρεσις.
2523 3733 2583 3787 '0
2630 3735 2687 3787 δὲ
2739 3736 2989 3806 γραπτὰς
3017 3737 3201 3807 νόμος,
3238 3736 3390 3809 φόϐῳ
3439 3737 3549 3791 τῶν
3596 3740 3783 3792 ἐπιτι-

2191 3824 2334 3896 μίων
2368 3824 2582 3894 ἐπέχων
2619 3827 2717 3888 τὰς
2764 3826 3037 3891 ἀτάκτους
3076 3827 3187 3881 τῶν
3229 3828 3654 3899 ἀφρονεστέρων
3685 3832 3781 3901 δρ-

2194 3917 2322 3987 μάς,
2355 3915 2526 3982 ἐθίζει
2567 3916 2855 3979 διδάσκων,
2889 3920 3027 3990 πρὸς
3062 3919 3232 3991 μόνην
3263 3920 3463 3983 αὐτοὺς
3505 3921 3647 3992 όρᾷν
3680 3923 3783 3991 τὴν

2190 4008 2284 4061 τοῦ
2320 4009 2437 4062 ἴσου
2471 4007 2757 4079 διανομὴν,
2778 4008 2900 4061 καθ’
2937 3997 3003 4081 ἢν
3029 4010 3130 4080 τῆς
3163 4009 3511 4082 δικαιοσύνης
3540 4010 3602 4064 τὸ
3640 4012 3783 4081 κρά-

2188 4119 2283 4165 τος
2315 4101 2493 4172 χρόνῳ
2519 4099 2848 4170 βεδαιωθὲν,
2881 4103 2962 4166 είς
2992 4102 3155 4172 φύσιν
3190 4105 3536 4174 μεθίσταται,
3558 4106 3781 4165 ποιοῦν.

2188 4193 2281 4245 τὸν
2339 4192 2437 4261 μὲν
2485 4191 2671 4259 φόϐον,
2720 4193 2981 4260 διάθεσιν,
3038 4197 3222 4266 ἠρέμα
3271 4196 3413 4249 κατὰ
3463 4195 3667 4267 μικρὸν
3712 4200 3778 4267 τῇ

2190 4285 2322 4356 περὶ
2360 4283 2421 4337 τδ
2455 4282 2621 4338 καλὸν
2672 4282 2868 4357 γνώμῃ
2918 4288 3477 4358 συγκρατυνομένην·
3530 4287 3649 4351 ἕξιν
3700 4289 3780 4350 δὲ,

2188 4382 2288 4453 τὴν
2329 4380 2646 4451 συνήθειαν,
2699 4382 2765 4451 τῇ
2817 4380 2955 4452 λῄοῃ
2986 4381 3094 4433 τῶν
3125 4380 3410 4451 προτέρων
3437 4378 3784 4449 καθαιρομέ-

498 4470 597 4526 tim
647 4471 1001 4541 sensimque,
1046 4480 1292 4538 metum,
1339 4471 1512 4527 animi
1560 4472 1797 4529 honesta
1847 4475 2087 4530 volentis

2199 4490 2309 4545 νην,
2341 4472 2437 4527 καὶ
2464 4471 2526 4525 τὸ
2550 4470 2873 4542 φιλάλληλον
2906 4472 3072 4542 ἑαυτῇ
3105 4469 3629 4525 συναποτίκτουσαν.

498 4563 777 4621 sententia
834 4563 1154 4619 roboratam
1221 4563 1593 4631 affectionem,
1620 4565 1853 4632 eiliciat;
1917 4566 2303 4637 habitumque,
2341 4564 2400 4621 in
2464 4563 2922 4621 consuetudinem
2965 4565 3211 4635 priorum
3256 4563 3540 4620 oblivione
3574 4577 3782 4617 emun-

494 4658 703 4722 datam,
731 4672 797 4713 ac
826 4672 950 4728 quae
981 4672 1091 4710 una
1118 4671 1308 4711 secum
1337 4666 1588 4711 mutuam
1618 4659 1801 4728 pariat
1834 4659 2207 4716 dilectionem.
2241 4667 2442 4714 vertat.

566 4751 656 4807 ll.
691 4750 803 4807 Lex
830 4751 1060 4822 scripta,
1088 4749 1294 4820 inquit,
1323 4758 1473 4804 metu
1501 4751 1767 4822 iniuriam
1794 4751 2084 4818 cohibens,

494 4843 714 4898 colendi
739 4843 883 4915 juris
915 4858 981 4898 ac
1012 4841 1293 4912 aequitatis
1323 4841 1791 4898 consuetudinem
1831 4842 2045 4898 inducit
2071 4862 2083 4897 :

494 4944 657 4991 aucta
698 4943 887 4991 autem
927 4942 1175 5006 tempore
1213 4933 1598 4999 consuetudo,
1640 4936 1776 5005 justi
1808 4943 2084 4989 amantem

494 5025 666 5081 animi
694 5025 1047 5081 aii‘ectionem
1077 5023 1228 5091 facit,
1254 5039 1361 5095 qua
1393 5023 1585 5079 ﬁrmus
1611 5024 1830 5079 honesti
1862 5022 2087 5078 habitus

492 5117 729 5182 accedit,
752 5116 957 5187 prioris
979 5115 1244 5186 nequitiae
1268 5114 1611 5171 oblivionem
1645 5115 1936 5170 inducens.

565 5208 653 5262 12.
696 5206 806 5263 Lex
849 5214 1036 5261 autem
1077 5206 1286 5278 gratia,
1323 5206 1506 5277 ipsum
1555 5205 1873 5262 immediate
1906 5205 2081 5260 Deum

493 5299 698 5354 imitari
749 5298 932 5365 docet,
978 5282 1098 5363 eos,
1145 5299 1240 5368 qui
1298 5297 1686 5369 adducuntur;
1721 5298 1817 5368 qui
1871 5307 2086 5352 tantum

468 5406 595 5446 nos
627 5406 739 5462 prie
764 5406 823 5447 se
853 5398 973 5461 ipse
1008 5391 1075 5462 (si
1110 5390 1274 5445 modo
1301 5389 1384 5445 fas
1406 5389 1727 5461 estdicere)
1766 5390 1931 5460 idque
1958 5406 2085 5446 cum
2116 5394 2123 5399 “

490 5483 562 5537 ob
603 5492 888 5555 peccatum
934 5482 1146 5538 inimici
1187 5497 1460 5549 essemus,
1487 5483 1766 5548 dilexerit,
1800 5492 1859 5537 ut
1893 5490 1950 5538 et
1984 5499 2086 5537 no-

564 5628 611 5659 ⁸³
637 5629 738 5684 lsa.
777 5646 848 5693 tv,
880 5629 934 5682 Ιι.
1010 5630 1055 5661 ⁸⁵
1081 5628 1272 5683 Matth.
1300 5643 1394 5693 vtt,
1427 5628 1514 5682 ιε.

562 5743 581 5764 ¹
626 5741 785 5809 Apud
828 5742 970 5796 LXX
1019 5741 1300 5804 καύσεωςτ
1338 5740 1433 5796 sed
1483 5720 1736 5794 nostrum
1769 5738 1907 5792 forte
1939 5737 2151 5791 melius.

2263 4758 2351 4806 ια’.
2403 4752 2465 4803 '0
2493 4750 2738 4820 γραπτδς
2770 4748 2954 4819 νόμος,
2992 4750 3146 4821 φησὶ,
3179 4747 3403 4803 κωλύων
3465 4748 3617 4821 φόϐῳ
3679 4753 3779 4821 τὴν

2186 4845 2424 4905 ἀδικίαν,
2478 4839 2649 4904 ἐθίζει
2701 4842 2838 4912 πρὸς
2872 4841 2932 4894 τὸ
2970 4840 3221 4894 δίκαιον·
3258 4842 3434 4912 χρόνῳ
3468 4841 3526 4895 δὲ
3554 4841 3616 4894 τὸ
3653 4842 3778 4905 ἔθος

2186 4939 2332 4990 ποιεῖ
2375 4935 2617 4989 διάθεσιν
2658 4935 3013 5005 φιλοδίκαιον,
3048 4935 3137 5004 ὑφ’
3179 4928 3247 5006 ἧς
3295 4936 3469 5003 παγία
3519 4934 3669 5006 πρὸς
3717 4937 3777 4989 τὸ

2185 5028 2352 5081 καλὴν
2382 5028 2495 5093 ἕξις
2528 5027 2854 5095 ἐπιγίνεται,
2892 5026 3062 5098 λήθην
3090 5026 3470 5097 προλαϐούσης
3497 5028 3776 5099 πονηρίας

2189 5118 2490 5185 ἐπάγουσα.

2260 5207 2346 5277 ιβ’.
2400 5207 2458 5259 ’0
2492 5206 2547 5260 δὲ
2581 5205 2681 5276 τῆς
2709 5207 2933 5278 χάριτος
2958 5208 3145 5277 νόμος,
3180 5208 3344 5262 αὑτὸν
3367 5208 3594 5279 ἁμέσως
3615 5211 3773 5265 5:81-

2183 5317 2303 5351 σκει
2334 5299 2461 5362 τοὺς
2489 5299 2790 5368 ἀγομένους
2816 5299 3100 5370 μιμεῖσθαι
3124 5300 3216 5354 τὸν
3244 5300 3398 5365 Θεὸν,
3428 5301 3487 5365 ὃς
3506 5302 3773 5355 τοσοῦτον

2184 5389 2325 5459 ὑπὲρ
2357 5387 2550 5441 ἐαυτὸν
2584 5390 2755 5458 ἡμᾶς,
2800 5392 2850 5442 εί
2878 5389 3035 5459 θέμις
3085 5392 3280 5451 εἰπεῖν.
3318 5392 3413 5445 καὶ
3454 5390 3636 5444 ταῦτα
3678 5390 3771 5443 διὰ

2185 5481 2284 5553 τὴν
2311 5482 2587 5554 ἁμαρτίαν
2633 5480 2792 5545 δντας
2840 5464 3087 5553 ἐχθροὺς,
3129 5483 3439 5556 ἠγάπησεν,
3485 5482 3633 5539 ὥστε
3668 5483 3771 5536 καὶ
