4046 6196
297 269 434 340 135¹ἰ

985 265 1315 329 CAPITUM
1349 261 1772 337 QUINQUIES
1811 253 2344 320 CENTENORUM
2369 257 2773 320 ,CENTURIA
2809 252 2876 320 ν.

3412 260 3551 332 Ῑὶιὸι

294 388 375 450 ei;
426 385 523 454 «τὴν
576 381 871 454 καθ’ήμᾶς
917 379 1102 433 οὐσίαν
1146 377 1322 430 ἐλθεῖν
1386 376 1693 447 ἀτρέπτως,
1725 374 1867 442 ὑπὲρ

1992 378 2140 423 .tram
2189 369 2488 424 essentiam
2532 377 2892 440 naturamque
2931 369 3068 430 citra
3111 385 3330 436 omnem
3369 382 3550 430 muta‘

297 476 478 529 πᾶσαν
501 473 690 526 οὐσίαν
721 472 883 526 ὖνταο
911 470 1010 524 καὶ
1047 468 1210 539 φύσιν
1252 466 1593 540 ὑπερουσίως
1641 463 1870 518 καταδέ-

1959 451 2178 514 tionem
2205 459 2380 524 adire,
2403 459 2500 528 qui
2527 469 2724 515 natura
2751 461 2900 522 omni
2923 462 3276 533 essentiaque
3301 463 3552 533 superior

295 563 490 632 ξασθαι
523 565 619 617 καὶ
655 561 944 634 ἄνθρωπον
980 559 1261 629 γενέσθαι,
1292 559 1386 612 καὶ
1417 555 1526 610 τῶν
1567 553 1870 626 ἀνθρώπων

1992 560 2075 618 :st,
2120 551 2661 628 superessentialiter
2707 554 2986 617 annuerit,
3016 562 3182 622 atque
3220 554 3386 608 homo
3436 553 3557 610 ﬁeri

294 641 394 710 ἕνα
421 653 758 726 χρηματίσαι
803 651 1119 722 βούλεσθαι,
1146 650 1240 720 καὶ
1277 648 1375 720 τὴν
1402 646 1680 723 ἡμετέραν
1711 645 1872 697 κατά·
1920 645 1924 650 ’

293 761 478 817 κρισιν
513 741 720 800 οἰκείαν
755 742 980 812 ποιῆσαι
1021 739 1097 810 μὴ
1137 736 1623 809 παραιτήσασθαιο
1658 737 1754 789 καὶ
1779 751 1870 787 τοο

296 832 486 886 σοῦτον
514 832 658 902 ἡμᾶς
695 830 897 884 θεῶσαι
945 829 1091 882 κατὰ
1148 829 1328 898 χάριν,
1361 826 1484 880 ὅσον
1516 826 1634 878 κατ’
1667 825 1873 878 οἰκονο-

299 922 428 994 μίαν
462 921 622 984 αὐτὸς
650 920 880 989 ,γέγονεν
905 917 1234 990 -ἇνθρωποςο
1263 915 1351 969 ἴνα
1379 914 1453 985 μὴ
1489 913 1650 984 μόνον
1691 913 1876 985 μάθω-

300 1027 402 1078 μεν
451 1007 703 1079 ἀλλὴλων
745 1005 1071 1076 ἀντέχεσθαι
1115 1003 1382 1074 φυσικῶς,
1414 1004 1508 1067 καὶ
1536 1004 1612 1067 ὡς
1646 1003 1875 1066 ἑαυτοὺς

304 1100 568 1171 ἀλλήλους
594 1101 816 1170 ἀγαπᾷν
852 1085 1259 1168 πνευματικῶς,
1285 1095 1424 1149 ἀλλὰ
1464 1095 1555 1148 καὶ
1586 1095 1725 1166 ὑπὲρ
1751 1095 1878 1148 ἑαυ-

303 1190 430 1254 τοὺς
469 1189 714 1260 ἀλλήλων
762 1187 1028 1258 κήδεσθαι
1064 1187 1281 1254 θεῖκῶς,
1310 1186 1406 1239 καὶ
1437 1186 1640 1255 ταύτην
1669 1185 1770 1255 τῆς
1797 1186 1875 1248 εἰς

301 1282 566 1352 ἀλλήλους
595 1266 820 1351 ἀγάπης
854 1277 1133 1342 ἀπόδειξιν
1165 1277 1457 1348 ποιεῖσθαι,
1502 1275 1564 1330 τὸ
1601 1277 1720 1330 κατ’
1750 1276 1878 1347 ἀρε-

301 1373 399 1444 τὴν
424 1371 567 1442 ὑπὲρ
593 1371 839 1441 ἀλλήλων
866 1369 958 1422 τὸν
1001 1364 1248 1421 ἑκούσιον
1281 1366 1576 1440 προθύμως
1605 1366 1878 1437 α’ίρεϊσθαι

306 1464 559 1520 θάνατον.
589 1465 710 1517 Οὐκ
729 1461 982 1532 ἔστιγὰρ
1010 1461 1170 1529 ἄλλη
1185 1458 1394 1528 μείζων
1407 1460 1628 1526 ταύτης
1653 1457 1875 1528 ἀγάπη,

305 1557 491 1627 φησὶν,
544 1555 647 1608 ἵνα
693 1571 784 1621 τις
836 1551 915 1629 θῇ
967 1551 1083 1621 τὴν
1115 1551 1328 1620 ψυχὴν
1357 1549 1544 1606 αὑτοῦ
1584 1550 1736 1618 ὑπὲρ
1772 1549 1879 1604 τοῦ

305 1648 489 1718 φίλου
521 1645 728 1702 αὐτοῦ.

379 1828 470 1892 ιγ’.
524 1821 585 1875 '0
614 1821 713 1893 μὲν
751 1821 850 1891 τῆς
879 1819 1095 1892 φύσεως
1121 1818 1286 1888 νόμος
1313 1818 1483 1882 ἐστὶν,
1525 1817 1612 1870 ἵνα
1641 1813 1881 1868 συνελὼν

308 1915 470 1980 εῐπω,
498 1912 657 1978 λόγος
692 1911 942 1982 φυσικὸς,
985 1912 1084 1981 τὴν
1133 1909 1389 1980 αἴσθησιν
1436 1905 1618 1960 λαθὼν
1665 1905 1883 1975 ὑποχεί-

315 2022 454 2078 ριον,
482 2002 620 2075 πρὸς
648 2002 942 2073 ἀφαίρεσιν
973 2002 1075 2071 τῆς
1103 1999 1360 2078 ἀλογίας·
1398 1998 1523 2052 καθ’
1555 1998 1622 2067 ἢν
1649 1997 1757 2048 τῶν
1790 2013 1885 2065 φυ-

313 2096 484 2160 σικῶς
553 2095 916 2166 συνημμένων
970 2094 1118 2146 ἐστὶν
1149 2093 1185 2163 ἡ
1217 2092 1503 2162 διαίρεσις.
1531 2088 1602 2143 Ὀ
1658 2087 1714 2140 δὲ
1749 2103 1887 2162 γρα-

315 2187 448 2252 mo;
474 2186 639 2258 νόμος
665 2183 971 2254 ἐστὶ,.λόγος
987 2182 1214 2254 φυσικὸς
1247 2179 1385 2253 μετὰ
1407 2181 1508 2252 τὴν
1537 2180 1657 2234 κατ’
1679 2177 1886 2249 αἴσθη-

319 2300 407 2338 σιν
444 2283 545 2352 τῆς
593 2280 818 2350 ἀλογίας
859 2279 1176 2352 ἀφαίρεσιν,
1212 2275 1536 2348 προσλαϐὼν
1582 2275 1678 2329 καὶ
1723 2272 1889 2328 πόθον

312 2373 682 2445 πνευματικὸν
711 2373 812 2444 τῆς
847 2371 984 2443 πρὸς
1005 2371 1066 2425 τὸ
1089 2369 1357 2442 ,συγγενὲς
1385 2366 1741 2438 ἀλληλουχίας
1767 2383 1889 2419 συν-

311 2469 553 2522 εκτικόν.
597 2467 658 2522 Ὅ
677 2466 735 2520 δὲ
758 2466 856 2536 τῆς
891 2466 1114 2537 χάριτος
1143 2466 1330 2536 νόμος,
1359 2463 1498 2532 ὑπὲρ
1546 2462 1710 2531 φύσιν
1754 2458 1891 2512 καθ-

313 2560 509 2632 έστηκε
543 2561 721 2629 λόγος,
745 2557 881 2630 πρὸς
915 2557 1108 2611 θέωσιν
1138 2557 1421 2628 ἀτρέπτως
1443 2553 1540 2624 τὴν
1564 2551 1732 2625 ¹φύσιν
1759 2567 1890 2622 μετ-

313 2654 612 2718 αλλάττων,
662 2651 756 2705 καὶ
795 2651 868 2714 ὼς
915 2652 974 2704 ὲν
1023 2649 1191 2703 εἰκόνι
1236 2646 1450 2711 δεικνὺς
1489 2643 1894 2718 ἀκαταλήπτως

316 2748 383 2818 τῇ
413 2746 574 2816 φύσει
607 2743 715 2798 τῶν
735 2741 1071 2816 ἀνθρώπων,
1107 2741 1166 2807 τὸ
1208 2739 1348 2810 ὑπὲρ
1387 2737 1576 2792 οὐσίαν
1605 2736 1700 2792 καὶ
1730 2735 1893 2811 φύσιν

314 2837 639 2910 ἀρχέτυπον,
675 2835 768 2889 καὶ
794 2832 892 2905 τὴν
921 2833 1130 2906 τοῦάεὶ
1169 2827 1229 2886 εὖ
1275 2826 1416 2884 εἶναι
1453 2827 1718 2902 διαμονὴν
1747 2843 1891 2901 παρ-

317 2928 596 3001 εχόμενος.

391 3192 478 3245 ιδ’.
521 3189 595 3242 Τὸ
641 3188 740 3258 μὲν
765 3185 931 3257 ,ἔχειν
965 3183 1042 3248 ὡς
1090 3182 1285 3236 ἑαυτὸν
1320 3182 1410 3236 τὸν
1441 3181 1690 3252 πλησίον,
1728 3183 1894 3252 μόνης

317 3285 436 3338 ἐστὶ
467 3282 751 3354 φροντίσαι
787 3279 890 3352 τῆς
924 3277 1062 3350 πρὸς
1088 3276 1150 3330 τὸ
1185 3273 1325 3330 εἶναι
1359 3275 1504 3346 ζωῆς
1529 3291 1544 3305 ⁸
1572 3275 1892 3354 ὃπερλφυσι-

320 3374 419 3429 κοῦ
468 3352 636 3444 νόμου
675 3371 983 3441 καθέστηκε
1007 3385 1021 3398 ·
1053 3367 1115 3423 τὸ
1162 3367 1219 3422 δὲ
1269 3366 1358 3420 τὸν
1410 3365 1635 3438 πλησίον
1665 3352 1886 3436 ἀταπᾷν

319 3467 395 3532 ὡς
431 3465 644 3530 ἑαυτὸν,
684 3465 781 3518 καὶ
830 3464 928 3534 τῆς
973 3462 1111 3540 πρὸς
1153 3460 1215 3514 τὸ
1256 3455 1314 3515 εὖ
1363 3455 1502 3513 εἶναι
1533 3457 1653 3512 κατ’
1687 3459 1890 3528 ἀρετήν

322 3556 439 3609 ἐστι
476 3551 826 3624 προνοεῖσθαι
859 3551 956 3604 τοῦ
1001 3549 1202 3613 πέλαςο
1246 3549 1386 3618 ὅπερ
1431 3547 1462 3599 ό
1493 3546 1740 3618 γραπτὺς
1779 3548 1898 3599 ἑπι-

321 3647 512 3719 τρέπει
540 3645 705 3716 νόμος
725 3659 739 3673 ⁸
773 3643 835 3696 τὸ
864 3643 920 3696 δὲ
951 3643 1090 3713 ὑπὲρ
1117 3640 1310 3695 ἑαυτὸν
1332 3638 1616 3707 ἀγαπῆσαι
1638 3637 1730 3691 τὸν
1756 3637 1895 3710 πλη-

324 3739 458 3805 σίον,
491 3736 584 3791 τοῦ
613 3735 778 3806 νόμου
805 3735 904 3803 τῆς
934 3733 1158 3805 χάριτός
1185 3734 1334 3785 ἐστιν
1362 3729 1678 3784 ἰδιαίτατον.

395 3834 476 3882 ιε’.
528 3827 586 3882 '0
634 3825 978 3895 κωλυόμενος
1023 3822 1133 3876 τῶν
1199 3821 1337 3893 πρὸς
1385 3820 1578 3892 ἡδονὴν
1638 3818 1891 3889 σώματος

321 3919 605 3990 ἀφορμῶν,
641 3916 903 3990 μανθάνει
932 3914 1192 3986 Προνοίας
1211 3912 1426 3980 λόγους,
1462 3909 1764 3982 ἐπεχούσης
1793 3909 1892 3979 τὴν

322 4011 620 4081 ὲξαπτικὴν
665 4010 801 4080 ὓλην
833 4007 944 4062 τῶν
982 4006 1197 4060 παθῶνο
1228 4006 1260 4057 ὁ
1292 4003 1350 4057 δὲ
1391 4003 1489 4066 τὰς
1531 4003 1667 4073 πρὸς
1701 4000 1892 4070 ὀδύνην

327 4105 578 4173 σώματος
630 4103 922 4172 δεχόμενος
969 4098 1262 4168 μάστιγας,
1308 4094 1618 4148 διδάσκεται
1657 4092 1892 4162 κρίσεως

323 4193 538 4262 λόγους,
598 4189 976 4260 προλαϐόντων
1025 4185 1316 4256 μολυσμῶν
1373 4183 1650 4244 ἀκουσίοις
1715 4181 1893 4245 πόνοις

325 4285 486 4340 αὑτὸν
515 4279 966 4351 ἐκκαθαιρούσης.

403 4466 497 4527 ις’.
542 4461 606 4513 EI
632 4459 722 4512 τὸν
747 4457 1032 4529 προφήτην
1060 4456 1147 4508 διὰ
1180 4454 1279 4525 τὴν
1313 4452 1518 4524 σκηνὴν
1551 4452 1645 4504 καὶ
1671 4451 1770 4522 τὴν
1799 4467 1894 4504 κο-

326 4551 589 4606 λόκυνθαν
621 4548 978 4619 λυπούμενον,
1022 4546 1166 4614 λέγω
1206 4544 1264 4597 δὲ
1293 4544 1394 4616 τὴν
1444 4543 1623 4613 σάρκα
1662 4542 1757 4596 καὶ
1795 4541 1896 4611 τὴν

328 4644 426 4715 τῆς
458 4642 660 4714 σαρκὸς
692 4640 904 4713 ἡδονὴν,
934 4639 1033 4709 τῆς
1063 4638 1120 4690 δὲ
1162 4637 1207 4690 Ν
1217 4635 1357 4689 ινευῒ
1386 4634 1476 4688 τὸν
1504 4633 1638 4687 Θεὸν
1667 4633 1894 4703 ἀντεχό-

337 4751 499 4806 μενον
545 4735 940 4804 ὰντεισήγαγεν
973 4733 1002 4786 ὁ
1029 4733 1128 4803 τῆς
1159 4730 1382 4802 Γραφῆς
1425 4728 1603 4797 λόγος,
1627 4728 1789 4799 δῆλον
1822 4728 1898 4790 ὡς

325 4823 436 4878 τῶν
491 4827 602 4888 τοῖς
660 4823 969 4894 ἀνθρώποις
1009 4822 1209 4890 τιμίων
1255 4822 1350 4874 καὶ
1402 4819 1740 4891 ἐπεράστων,
1779 4819 1898 4873 τόδε

325 4915 406 4987 τῷ
436 4915 554 4986 Θεῷ
586 4915 752 4985 φανὲν
777 4912 1094 4985 προσφιλὲς,
1126 4913 1347 4966 πάντων
1375 4914 1485 4966 τῶν
1511 4912 1681 4965 ὄντων
1717 4910 1900 4981 πολλῷ

329 5011 574 5080 κρεῖττόν
603 5009 718 5061 ἐστι
768 5007 865 5061 καὶ
915 5006 1261 5077 τιμιώτερον,
1309 5007 1516 5077 ἠπουγε
1553 5009 1710 5077 [unus
1766 5002 1898 5076 Reg.

327 5102 461 5154 ὅπου
499 5099 583 5174 γε]
612 5101 720 5154 τῶν
762 5100 864 5154 οὐκ
913 5098 1103 5164 ὄντων,
1139 5099 1235 5150 καὶ
1283 5099 1419 5170 μόνῃ
1471 5096 1741 5169 προλήψει
1783 5095 1899 5149 κατ’

329 5189 675 5260 ὲσφαλμὲνην
705 5189 885 5259 κρίσιν
919 5185 1054 5242 εἶναι
1099 5186 1420 5248 δοκούντωι,
1472 5181 1548 5241 ὧν
1589 5186 1771 5250 οὐδεὶς·
1811 5204 1901 5240 το-

330 5280 594 5352 παράπαν
619 5281 753 5348 ,ὲστὶ
802 5281 945 5336 κατὰ
991 5279 1090 5352 τὴν
1136 5279 1372 5351 ὓπαρξιν
1410 5279 1604 5346 λόγος·
1661 5280 1796 5350 μόνη
1845 5279 1898 5332 δὲ

329 5371 602 5441 φαντασία
649 5373 739 5425 τὸν
791 5373 915 5427 νοῦν
965 5371 1355 5441 φενακίζουσα,
1413 5372 1512 5424 καὶ
1566 5371 1752 5441 σχῆμα
1786 5372 1899 5433 τοῖς

336 5466 430 5519 οὐκ
451 5461 568 5518 οὖσι
596 5465 858 5530 διάκενον,
891 5465 1002 5518 ἀλλ’
1027 5466 1124 5534 οὐχ
1153 5463 1446 5522 ὑπόστασιν
1474 5463 1548 5533 τῷ
1584 5461 1740 5516 πάθει
1771 5479 1902 5533 παρ-

332 5557 590 5628 ιχομένη.

405 5636 453 5670 ⁸³
475 5651 634 5707 Joan.
655 5667 744 5716 xv,
773 5651 861 5707 l5.

569 5745 845 5807 PATROL.
878 5743 996 5808 Gn.
1028 5741 1160 5805 XC.

1972 658 2227 712 unusque
2274 643 2559 698 hominum
2603 642 2795 698 audire
2843 643 3110 709 voluerit,
3158 660 3262 699 nec
3306 654 3555 704 nostrum

1973 744 2185 788 reatum
2233 749 2393 788 suum
2437 735 2617 789 facere
2669 737 3044 801 recusaverit;
3089 747 3409 806 tantumque
3455 753 3558 794 nos

1973 841 2073 896 per
2117 825 2346 896 gratiam
2399 826 2656 881 deificare
2700 825 2958 897 dignatus
2998 829 3090 895 sit,
3135 840 3402 899 quantum
3439 830 3558 902 ipse

1976 915 2280 969 secundum
2311 916 2472 997 613
2514 916 2980 985 dispensationem
3024 919 3188 974 homo
3217 919 3396 975 factus
3425 930 3510 976 est
3542 936 3555 975 :

1977 1016 2038 1060 ut
2071 1020 2181 1059 non
2222 1006 2396 1059 solum
2439 1007 2530 1060 alii
2570 1007 2708 1061 alios
2747 1009 3076 1074 naturaliter
3120 1011 3446 1080 complecti,
3495 1027 3561 1067 ac

1979 1098 2133 1152 velut
2171 1113 2272 1168 nos
2307 1097 2454 1169 ipsos
2500 1099 2735 1166 invicem
2767 1100 3092 1168 spiritaliter
3128 1100 3357 1172 diligere
3390 1118 3561 1160 nove‘

1979 1189 2183 1256 rimus;
2222 1204 2416 1243 verum
2460 1191 2626 1244 etiam
2670 1206 2834 1260 supra
2877 1207 2976 1246 nos
3019 1192 3168 1261 ipsos
3211 1193 3302 1248 alii
3338 1194 3460 1249 aliis
3497 1209 3562 1254 ex

1979 1282 2182 1339 divinis
2211 1281 2523 1336 rationibus
2552 1267 2739 1335 curam
2787 1282 3126 1352 impendere,
3161 1283 3411 1357 hancque
3445 1301 3564 1340 mu-

1981 1371 2436 1444 tumdilectionis
2472 1373 2879 1434 exhibitionem
2920 1387 3204 1445 praestare,
3261 1387 3323 1431 ut
3357 1393 3422 1432 cx
3455 1377 3566 1432 vir-

1984 1471 2098 1518 tute
2131 1479 2231 1534 pro
2261 1465 2495 1519 invicem
2525 1476 2881 1534 spontancam
2920 1465 3087 1528 alacri
3115 1467 3299 1521 animo
3333 1476 3564 1537 mortem

1979 1554 2286 1626 ambiamus
2325 1565 2602 1624 oppetere.
2641 1553 2804 1609 Nulla
2836 1557 3005 1621 enim,
3040 1555 3238 1625 inquit,
3269 1557 3365 1611 hac
3393 1558 3567 1628 major

1980 1643 2190 1717 dilectio
2230 1655 2326 1709 est,
2353 1655 2410 1699 ut
2454 1647 2569 1715 quis
2618 1655 2777 1715 ponat
2821 1647 3056 1700 animam
3088 1663 3240 1700 suam
3265 1663 3359 1717 pro
3397 1649 3567 1704 amica

1915 1723 1954 1778 Β
1980 1717 2078 1785 ’διιο
2103 1734 2168 1788 δ’.

2054 1822 2140 1877 l5.
2180 1823 2292 1878 Lex
2321 1831 2556 1886 naturae,
2587 1829 2650 1876 ut
2695 1836 2910 1889 summa
2951 1821 3152 1888 dicam,
3181 1823 3450 1882 naturalis
3477 1839 3568 1879 ra.

1979 1914 2061 1984 ptio
2086 1923 2191 1978 est,
2222 1930 2445 1974 sensum
2491 1915 2775 1969 subditum
2820 1923 2979 1968 nacta
3030 1928 3095 1968 ac
3130 1913 3568 1990 dedititiutn,:ail

1985 2008 2381 2062 abhorrentem
2428 2023 2458 2062 a
2492 2007 2707 2062 ratione
2745 2005 3005 2060 allectum
3043 2007 3429 2072 amovendum,
3460 2019 3572 2078 quo

1987 2101 2047 2162 ii,
2078 2100 2171 2170 qui
2207 2109 2404 2154 natura
2439 2099 2718 2171 conjuncti
2753 2108 2903 2165 sunt,
2945 2099 3290 2154 dividuntur.
3324 2099 3437 2154 Lex
3468 2116 3580 2154 aut

1981 2198 2099 2268 tem
2139 2190 2364 2260 scripta,
2387 2189 2663 2244 naturalis
2694 2190 2838 2244 ratio
2879 2198 2983 2252 est,
3019 2197 3142 2258 post
3179 2189 3572 2246 abhorrentem

1988 2297 2019 2336 a
2071 2279 2284 2336 ratione
2344 2280 2582 2336 ablatam
2641 2295 2840 2345 sensus
2892 2279 3276 2346 aﬂ'ectioncm,
3328 2280 3573 2350 spiritale

1989 2373 2155 2429 etiam
2182 2371 2533 2446 desiderium
2573 2387 2928 2443 amoremque
2971 2385 3278 2432 assumens.
3306 2385 3418 2442 quo
3448 2385 3573 2428 mu-

1993 2476 2086 2521 tua
2135 2467 2362 2531 eorum,
2406 2463 2504 2535 qui
2549 2478 2753 2536 genere
2807 2462 3088 2542 conjuncti
3135 2470 3290 2528 sunt,
3337 2459 3576 2520 cobaasio

1992 2557 2258 2612 consistat
2285 2572 2350 2612 ac
2380 2565 2762 2612 conservetur.
2794 2555 2906 2615 Lex
2932 2554 3172 2624 denique
3201 2555 3407 2626 gratiae,
3431 2555 3575 2610 ratio

1992 2657 2079 2704 est
2108 2657 2303 2702 natura
2333 2647 2612 2719 superior,
2644 2657 2898 2716 naturam
2936 2645 3003 2700 ad
3035 2644 3438 2716 deiﬁcationem
3467 2645 3573 2700 ims

1987 2738 2336 2804 ,mutabiliter
2391 2745 2790 2805 transmutans,
2839 2737 3094 2802 acvelut
3135 2736 3192 2792 in
3242 2735 3476 2810 imagine
3518 2743 3577 2792 et

1996 2829 2292 2884 simulacro
2322 2825 2376 2880 in
2414 2835 2616 2883 natura
2641 2828 2881 2883 humana
2914 2824 3390 2896 incomprehense,
3428 2820 3576 2896 quod

1996 2935 2164 2990 supra
2205 2919 2497 2992 essentiam
2540 2935 2604 2975 ac
2643 2928 2897 2979 naturam
2912 2925 3044 3003 .est,
3075 2916 3355 2986 exemplar
3389 2924 3577 2974 osten-

1997 3013 2154 3073 dens,
2194 3009 2649 3083 sempiternazque
2691 3009 2969 3076 beatitatis
3003 3008 3407 3080 perennitatem
3435 3021 3578 3083 prte-
3652 3057 3655 3060 .

1914 3103 1964 3136 4"
2003 3105 2158 3159 bens.

2076 3197 2162 3252 Μ.
2199 3198 2272 3257 Ut
2298 3197 2520 3270 quidem
2557 3191 2869 3270 proximum
2910 3191 3112 3248 habeas
3143 3189 3287 3268 sicut
3319 3190 3577 3265 teipsum,

2003 3303 2070 3342 eo
2103 3289 2280 3344 solum
2316 3269 2550 3360 spectat,
2579 3295 2642 3341 ut
2683 3269 2804 3356 ejus
2837 3283 3002 3341 vitam
3035 3299 3110 3346 ac
3152 3283 3296 3352 quod
3341 3282 3577 3355 exsistit,

2003 3395 2195 3448 cures;
2237 3379 2386 3451 quod
2432 3386 2520 3434 est
2565 3375 2702 3454 legis
2747 3373 3047 3440 naturalis:
3077 3365 3356 3428 ut'autem
3385 3373 3581 3444 diligas

2005 3475 2150 3528 sicut
2177 3471 2435 3543 teipsum,
2470 3485 2538 3526 eo
2572 3469 2789 3537 attinet,
2829 3474 2985 3534 utet
3017 3466 3156 3534 bene
3182 3481 3249 3521 ex
3282 3465 3483 3522 virtute
3520 3481 3580 3521 se

2004 3564 2213 3620 habere
2273 3563 2585 3635 proximum
2646 3561 2967 3632 provideas;
3027 3559 3176 3630 quod
3228 3560 3316 3615 lex
3361 3558 3580 3630 scripta

1999 3655 2201 3725 jubet:
2240 3663 2302 3710 ut
2342 3671 2474 3710 vero
2520 3654 2832 3724 proximum
2877 3649 3072 3721 diligas
3110 3665 3276 3730 supra
3318 3649 3579 3720 teipsum,

2005 3744 2142 3816 legis
2165 3746 2354 3815 gratia:
2381 3760 2584 3800 munus
2615 3741 3052 3815 propriissimum
3085 3749 3190 3795 est.

2074 3837 2160 3892 15.
2199 3835 2303 3904 Qui
2347 3852 2378 3892 a
2419 3835 2602 3892 causis
2642 3834 2980 3904 voluptatem
3019 3847 3084 3888 ac
3121 3831 3409 3890 libidinem
3447 3847 3576 3903 pro.

2004 3930 2330 3985 curantibus
2374 3929 2687 3994 cohibetur,
2731 3925 3096 3986 Providentiae
3142 3924 3371 4004 docetur
3401 3926 3580 3994 ratio-

2001 4040 2126 4088 nes,
2158 4025 2442 4078 materiam
2493 4021 2794 4077 inhibentis
2825 4034 2948 4090 qua:
2979 4017 3210 4075 allectus
3237 4025 3409 4097 atque
3446 4015 3572 4073 vitia

2007 4129 2278 4186 propenso
2309 4113 2594 4168 succendit
2624 4130 2637 4167 :
2667 4112 2762 4182 qui
2804 4122 2988 4168 autem
3023 4109 3414 4168 consciscendo
3449 4124 3576 4165 cor-

2008 4207 2158 4277 poris
2205 4205 2395 4262 dolore
2445 4205 2656 4277 ﬂagella
2699 4203 2950 4273 suscipit,
2992 4201 3187 4275 judicii
3228 4203 3498 4266 rationes,
3544 4217 3577 4257 a

2008 4299 2312 4369 superioris
2331 4298 2509 4352 aetatis
2529 4297 2788 4352 sordibus
2809 4295 3064 4351 violentis
3087 4295 3367 4361 laboribus
3387 4309 3581 4349 emun-

1932 4405 1976 4460 ι)
2005 4389 2186 4450 dantis
2212 4388 2502 4444 condiscit.

2075 4479 2161 4534 16.
2203 4478 2338 4535 Cum
2375 4478 2663 4552 Scriptura
2707 4477 3286 4548 proplietanrtpntorii
3317 4492 3479 4538 causa
3506 4491 3581 4540 ac

2001 4571 2302 4627 cucurbitae
2354 4570 2559 4642 (carnis
2607 4570 2818 4638 scilicet
2867 4586 2931 4625 ac
2979 4569 3216 4636 carnalis
3259 4568 3578 4639 voluptatis)

1999 4661 2300 4725 dolentem,
2348 4662 2627 4730 Deumque
2649 4678 2716 4715 ex
2772 4661 3008 4720 adverso
3044 4661 3238 4726 Ninivc
3261 4659 3578 4724 studentem

2002 4752 2309 4819 induxerit;
2341 4753 2514 4825 liquet
2541 4753 2817 4824 plane,.iis
2850 4768 2972 4822 quae
3007 4751 3327 4816 hominibus
3356 4751 3419 4819 ,in
3453 4765 3581 4821 pltea

2004 4843 2083 4897 tio
2124 4855 2254 4900 sunt
2302 4860 2368 4900 ac
2411 4844 2585 4899 amori
2628 4845 2922 4909 habentur,
2960 4843 3106 4912 istud
3139 4843 3219 4912 sic
3247 4843 3369 4900 Deo
3402 4841 3579 4896 visqu

2008 4935 2266 5000 charum;
2302 4935 2520 4991 cunctis
2547 4935 2953 4998 scilicetrebus
2989 4932 3340 5003 praestantius
3365 4946 3487 4987 esse
3517 4945 3583 4986 ac

2007 5023 2279 5086 nobilius;
2317 5023 2522 5078 nedum
2555 5024 2643 5087 :is,
2671 5038 2794 5092 qua:
2832 5036 2901 5076 ne
2931 5021 3154 5092 quidem
3182 5031 3330 5084 sunt,
3354 5020 3581 5088 solaque

2007 5111 2434 5181 praesumptione
2465 5120 2684 5166 errante
2708 5110 2918 5182 judicio
2953 5126 3076 5166 esse
3111 5109 3390 5173 videntur,
3417 5105 3584 5179 614

2007 5216 2242 5272 quorum
2293 5201 2445 5258 nulla
2494 5216 2726 5271 prorsus
2772 5200 3092 5266 substantia;
3131 5199 3295 5264 ratio,
3327 5197 3421 5252 sed
3464 5196 3583 5252 sola

2009 5293 2193 5348 animo
2245 5291 2482 5346 illudens
2528 5289 2819 5362 cogitatio,
2870 5289 3198 5359 inanemque
3246 5289 3474 5360 ﬁguram
3518 5301 3586 5341 ac

2010 5384 2249 5453 speciem
2281 5399 2391 5438 non
2419 5383 2646 5438 entibus
2676 5382 2941 5451 praebens,
2974 5398 3083 5437 non
3119 5381 3342 5436 aﬂectui
3371 5395 3435 5436 ac
3459 5393 3586 5450 pas-

2011 5465 2152 5528 sioni
2183 5489 2308 5528 vere
2341 5474 2638 5530 assistendi
2670 5473 3031 5535 substantiam
3067 5473 3334 5533 tribuens.

3187 5735 3264 5799 53
