4046 6196
510 254 647 331 1355

586 380 666 433 17.
700 375 981 445 Exquisita
1005 383 1261 444 certaque
1284 374 1627 444 cloquiorum
1651 373 1889 445 Spiritus
1911 373 2086 428 scicn—
2115 383 2157 432 Α

513 469 607 534 tia,
641 469 709 522 .is
748 466 1010 521 duntaxat
1042 464 1379 519 manifestari
1428 465 1609 529 habet,
1648 466 1739 535 qui
1772 462 1923 535 digni
1966 463 2086 533 Spi-

512 559 621 612 ritu
655 565 817 621 sunt;
854 554 947 625 qui
982 555 1193 610 scilicet
1226 554 1476 625 diligenti
1512 555 1758 609 colendis
1788 554 2088 609 virtutibus

514 664 679 720 opera
726 646 988 701 vitiorum
1032 646 1259 719 fuligine
1304 658 1604 718 expurgatu
1646 647 1867 711 anhuo,
1916 648 2089 701 instar

512 739 672 794 nitidi
717 753 781 793 ac
825 737 1089 807 pellucidi
1142 737 1386 807 speculi,
1436 738 1616 807 primo
1659 736 1843 791 statim
1892 734 2090 789 mentis

515 827 748 897 appulsu
796 841 858 881 ac
896 825 1361 893 consideratione,
1395 828 1548 882 velut
1594 827 1789 882 faciem
1840 826 1949 880 illis
1991 826 2092 879 im-

515 934 757 988 pressam
812 932 876 972 ac
933 916 1285 984 illabentem,
1352 917 1669 972 divinorum
1720 917 2090 988 cognitionem

516 1008 913 1079 scientiamque
966 1008 1297 1079 suscipiunt.
1349 1007 1563 1076 Quibus
1604 1016 1786 1063 autem
1830 1008 2093 1062 vitiorum

516 1102 953 1174 inquinamentis
984 1103 1099 1157 vita
1141 1111 1473 1173 compuncta
1498 1110 1582 1157 est
1610 1107 1665 1156 et
1700 1099 2091 1166 contaminata,

519 1189 585 1244 iis
634 1204 704 1244 ne
752 1189 843 1243 vix
896 1189 1117 1259 quidem
1173 1202 1243 1244 ex
1298 1190 1711 1244 verosiiuilibus
1759 1189 2094 1259 quibusdam

517 1280 741 1335 indiciis
793 1280 1104 1335 divinorum
1165 1281 1452 1335 scientiam
1503 1283 1818 1350 conjectura
1878 1280 2095 1350 assequi

518 1384 840 1424 concessum
865 1377 969 1435 est,
998 1368 1201 1424 nedum
1229 1379 1291 1424 ut
1321 1370 1589 1440 exquisite
1620 1370 1927 1442 intelligere
1956 1386 2096 1441 pra:-

519 1469 740 1515 sumant
772 1476 836 1515 ac
868 1461 1052 1516 verbis
1084 1477 1365 1517 enarrare.

594 1552 678 1606 l8.
719 1554 823 1618 Qui
872 1554 1073 1608 mentis
1104 1553 1358 1618 formam,
1406 1570 1527 1624 qua“:
1572 1555 1626 1608 in
1668 1553 1874 1625 Spiritu
1913 1553 2099 1609 divino

519 1657 585 1696 ex
615 1642 917 1697 virtutibus
953 1643 1188 1698 scientia
1227 1655 1331 1707 est,
1356 1652 1551 1699 nactus
1573 1653 1677 1709 est,
1706 1645 1751 1698 is
1776 1644 1962 1699 divina
1987 1644 2098 1714 pati

520 1733 744 1798 dicitur,
777 1732 926 1803 quod
965 1748 1076 1787 non
1115 1741 1335 1795 natura,
1364 1732 1686 1788 substantim
1719 1733 1835 1802 ipsa
1864 1711 2097 1799 ratione,
2129 1711 2171 1765 Β

522 1824 617 1878 sed
666 1839 766 1894 per
816 1824 1045 1894 gratiam
1098 1838 1165 1877 ex
1219 1823 1638 1893 participatione
1682 1824 1829 1877 illam
1874 1824 2104 1894 adeptus

521 1929 624 1970 est.
653 1915 757 1981 Qui
786 1921 970 1970 autem
1006 1915 1293 1970 scientiam
1321 1930 1442 1984 qua:
1471 1930 1536 1969 ex
1562 1914 1736 1985 gratia
1764 1923 1850 1969 est
1875 1916 2104 1970 minime

522 2016 719 2060 nactus
750 2014 854 2070 est,
882 2006 1237 2073 quantumvis
1266 2004 1511 2074 Spiritale
1543 2004 1750 2073 aliquid
1777 2004 2103 2076 solertisque

525 2096 727 2165 ingenii
768 2095 936 2161 dicat,
967 2097 1085 2167 ejus
1130 2104 1310 2150 tamen
1355 2097 1503 2168 quod
1544 2097 1791 2166 loquitur
1817 2113 1915 2168 per
1942 2114 2106 2169 expe-

523 2189 778 2242 rientiam
806 2189 916 2242 vim
942 2189 1179 2261 ignorat.
1202 2189 1360 2244 Nuda
1390 2189 1534 2244 enim
1560 2189 1872 2260 disciplina,
1908 2193 2104 2249 habitu

523 2289 864 2336 constantem
892 2281 1179 2336 scientiam
1206 2296 1317 2335 non
1355 2280 1568 2336 tribuit.

600 2373 677 2430 l9.
693 2372 843 2428 Mens
855 2388 1123 2428 summam
1139 2373 1428 2443 quamdam
1445 2389 1509 2427 ex
1528 2373 1823 2428 virtutibus
1838 2383 1995 2429 nacta
2010 2391 2106 2444 pu-

527 2466 703 2520 ritatis
722 2465 855 2531 vim,
880 2466 1143 2520 virtutum
1171 2465 1370 2521 merito
1391 2464 1697 2520 rationibus
1722 2466 2106 2523 condiscendis

527 2568 844 2625 comparata
867 2565 978 2621 est;
1010 2555 1195 2610 divine
1227 2570 1295 2610 ex
1322 2555 1766 2627 illisinsignitam
1792 2556 2101 2621 scientiam,

525 2661 682 2703 suam
728 2647 846 2718 ipsa
887 2646 991 2703 sibi
1023 2646 1219 2701 faciem
1256 2656 1543 2716 praestans.
1584 2647 1626 2701 A
1664 2662 1723 2702 se
1757 2647 1904 2701 enim
1950 2663 2105 2703 mens

520 2740 706 2794 omnis
736 2738 921 2810 figura:
938 2738 1235 2808 formaaque
1265 2754 1482 2807 expers,
1496 2739 1850 2793 adventitiam
1886 2738 2105 2794 asciscit

525 2828 779 2898 formam,
815 2833 901 2888 vel
934 2846 1001 2887 ex
1039 2831 1343 2885 virtutibus
1381 2830 1435 2885 iu
1478 2830 1675 2902 spiritu
1711 2831 2103 2887 consistentem

528 2922 837 2986 scientiam,
865 2921 951 2976 vel
979 2935 1100 2991 quae
1128 2935 1194 2974 α
1223 2919 1736 2990 perturbationibus
1761 2930 1927 2988 atque
1956 2921 2105 2976 vitiis

526 3013 866 3083 supervenit,
898 3011 1283 3082 ignorantiam.
1380 3016 1387 3023 '

595 3104 685 3159 20.
718 3103 980 3174 Quisquis
1002 3119 1032 3158 a
1056 3103 1241 3157 divina
1261 3102 1466 3158 excidit
1487 3102 1801 3170 dilectione,
1825 3104 2101 3159 carnalem

529 3199 702 3269 legem
732 3196 1033 3267 voluptatis
1065 3195 1323 3251 illecebra
1352 3210 1416 3251 ac
1440 3194 1669 3250 libidine
1702 3198 1784 3250 sui
1818 3196 2106 3251 dominan-

529 3298 637 3342 tem
667 3287 854 3352 habet,
890 3302 997 3356 qua
1044 3285 1183 3340 nihil
1222 3299 1417 3340 eorum
1462 3301 1583 3355 quae
1627 3302 1658 3341 a
1698 3287 1809 3341 Deo
1834 3295 2104 3358 praacepla

529 3387 656 3434 sunt
686 3392 910 3433 servare
939 3377 1115 3431 valeat
1147 3387 1242 3431 aut
1277 3377 1429 3432 velit.
1460 3376 1565 3444 Qui
1596 3377 1744 3432 enim
1781 3377 1858 3432 illi
1889 3379 2015 3434 vitae
2044 3393 2108 3435 ac

533 3486 719 3541 regno,
757 3468 905 3540 quod
945 3484 1013 3523 ex
1055 3469 1265 3524 virtute
1308 3469 1490 3539 agitur
1530 3478 1697 3539 atque
1742 3470 1973 3541 regitur,
2011 3485 2108 3524 vo-

528 3562 737 3630 luptate
786 3559 996 3615 ebriam
1042 3558 1505 3630 libidinosamque
1547 3560 1717 3615 vitam
1768 3561 2105 3631 praetulerit,

521 3652 775 3707 scicntia:
802 3651 923 3707 loco
956 3651 1322 3723 ignorantiam
1355 3652 1569 3709 ascivit.

597 3744 661 3798 21
727 3742 831 3810 Qui
877 3742 943 3798 ad
998 3743 1316 3799 interiorem
1366 3745 1422 3798 in
1473 3744 1676 3812 spiritu
1727 3743 1864 3813 legis
1909 3744 2107 3798 litterae

530 3832 776 3888 divinum
824 3833 1080 3889 decorem
1131 3842 1311 3888 mente
1341 3833 1465 3905 [non
1509 3834 1723 3899 transit,
1758 3834 2106 3888 libidinosam

531 3924 700 3981 animi
731 3923 1077 3980 affectionem
1114 3924 1472 3997 (mundanum
1508 3925 1725 3980 scilicet
1750 3923 2005 3979 allectum
2043 3941 2108 3980 ac

530 4014 715 4071 saeculi
746 4015 1065 4086 amantem),
1091 4032 1157 4070 ex
1186 4016 1323 4087 legis
1352 4015 1643 4086 disciplina
1679 4008 1734 4070 in
1764 4015 1912 4072 nuda
1942 4014 2105 4087 615

532 4108 804 4164 sermonis
833 4109 1142 4178 prolatione
1171 4104 1347 4178 posita
1378 4108 1603 4179 gignere
1638 4107 1944 4161 consuevit.

596 4284 686 4338 22.
712 4283 829 4338 Oris
874 4281 1106 4352 confusio
1137 4290 1241 4347 est,
1272 4256 1663 4350 cogitationdm
1724 4278 1893 4335 animi
1944 4295 2105 4334 mun-

1657 265 1717 324 s.
1760 258 2045 322 MAXIMI
2084 216 2589 321 CONFESSORIS

2129 3040 2176 3103 C

3625 242 3771 309 1356

2264 370 2349 433 ιζ’.
2425 371 2441 389 ‘
2476 368 2539 420 Ἥ
2589 365 2687 438 μὲν
2732 363 2965 433 ἁκριόὴς
3018 360 3217 429 γνῶσις
3272 356 3380 413 τῶν
3431 358 3627 428 λογίων
3665 359 3775 415 τοὺ

2189 462 2528 533 Πνεύματος,
2591 459 2773 530 μόνοις
2834 454 3317 510 ἀποκαλύπτεσθαι
3386 452 3595 522 πέςυκε
3654 456 3780 516 τοῖς

2189 556 2361 621 ἀξίοις
2402 552 2498 606 τοῦ
2544 548 2893 621 Πνεύματος’
2927 547 2975 600 οῖ
3016 547 3103 600 διὰ
3152 545 3354 616 πολλὴν
3406 545 3514 597 τῶν
3555 545 3782 615 ἀρετῶν

2190 647 2533 719 ἐπιμέλειαν,
2566 644 2666 715 τῆς
2702 643 2814 696 τῶν
2843 640 3032 695 παθῶν
3072 638 3306 709 αἱθὰλης
3330 638 3422 691 τὸν
3448 637 3570 690 νοῦν
3603 639 3774 689 ἐκκα-

2192 741 2482 810 θάραντες,
2523 737 2795 806 ἐσόπτρου
2844 733 3001 802 δίκην
3042 728 3289 801 καθαροῦ
3352 727 3445 783 καὶ
3482 728 3779 796 διαυγοῦς,

2194 832 2316 900 ἅμα
2345 831 2413 900 τῇ
2464 826 2765 899 προσϐολῇ,
2806 822 3059 894 καθάπερ
3102 816 3398 892 πρόσωπον
3433 819 3784 887 ὲντυπουμὲι

2192 936 2291 992 νην
2315 919 2503 983 αὐτοῖς
2536 919 2631 973 καὶ
2653 915 3038 987 ἐμπίπτουσαν
3072 912 3172 983 τὴν
3196 910 3304 966 τῶν
3332 911 3495 975 θείων
3523 911 3783 994 δέχονται

2193 1011 2420 1079 γνῶσιν.
2453 1004 2550 1072 Οἷς
2577 1008 2635 1061 δὲ
2662 1010 2785 1071 ταῖς
2808 1005 2918 1059 τῶν
2959 1003 3148 1058 παθῶν
3179 1003 3393 1072 κηλῖσιν
3425 1004 3455 1056 ὁ
3488 1001 3602 1070 βίος
3644 1018 3787 1053 κατ-

2194 1106 2460 1167 έστικται,
2515 1101 2668 1172 μόλις
2722 1099 2826 1153 κᾶν
2863 1097 2925 1163 ἐξ
2957 1097 3181 1150 εἰκότων
3240 1095 3403 1147 τινῶν
3448 1091 3785 1161 στοχασμῶν

2195 1193 2576 1266 τεκμηριῶσαι
2609 1193 2707 1263 τὴν
2749 1191 2859 1245 τῶν
2912 1189 3071 1243 θείων
3118 1188 3322 1257 γνῶσίν
3355 1188 3472 1239 ἐστι
3525 1184 3785 1247 δυνατὸν,

2201 1296 2276 1359 μὴ
2305 1290 2388 1341 ὅτι
2418 1302 2481 1353 γε
2512 1285 2706 1354 νοῆσαί
2733 1302 2791 1338 τε
2820 1285 2915 1338 καὶ
2942 1282 3150 1355 φράσαι
3173 1282 3376 1351 ταύτην
3401 1278 3469 1333 δι’
3487 1278 3786 1348 ἀκριϐείας

2197 1377 2686 1441 ἀπαυθαδίζεσθαι.

2275 1569 2366 1631 ιη’.
2419 1562 2477 1614 '0
2507 1559 2603 1615 τοῦ
2632 1561 2724 1614 νοῦ
2754 1560 2968 1631 μορφὴν
2995 1558 3096 1630 τὴν
3145 1559 3203 1624 ἐξ
3247 1559 3463 1629 ἀρετῶν
3507 1561 3565 1611 ἑν
3600 1557 3785 1610 Ι]νεὺ-

2204 1670 2335 1722 ματι
2362 1652 2497 1722 θείῳ
2525 1652 2821 1722 δεξάμενος
2835 1650 3144 1720 γνῶσιν,τὰ
3169 1648 3289 1702 θεῖα
3314 1650 3530 1718 λέγεται
3557 1648 3785 1710 παθεῖν,

2203 1744 2288 1797 ὅτι
2318 1742 2394 1813 μὴ
2424 1742 2585 1810 φύσει
2616 1742 2761 1796 κατὰ
2791 1740 2891 1812 τὴν
2930 1740 3187 1811 ὓπαρξιν,
3222 1738 3361 1795 ἀλλὰ
3402 1739 3583 1810 χάριτι
3637 1739 3788 1791 κατᾶ

2203 1834 2300 1904 τὴν
2335 1832 2577 1903 μέθεξιν,
2626 1832 2833 1899 ταύτην
2881 1830 3239 1902 προσέλαϐεν.
3284 1830 3343 1883 '0
3374 1830 3432 1884 δὲ
3464 1831 3562 1900 τὴν
3588 1832 3653 1882 ἐκ
3686 1829 3789 1899 χόλ-

2205 1941 2354 1994 ριτος
2393 1924 2466 1995 μὴ
2495 1923 2792 1992 δεξάμενος
2820 1922 3043 1991 γνῶσιν,
3070 1922 3175 1976 κᾶν
3202 1922 3337 1994 λέγῃ
3371 1939 3424 1975 τι
3452 1921 3786 1990 γνωστικὺν,

2202 2016 2303 2069 οὐκ
2336 2012 2444 2068 οἶδε
2491 2014 2635 2069 κατὰ
2685 2017 2881 2084 πεῖραν
2907 2013 3006 2068 τοῦ
3041 2013 3337 2085 λεγομένου
3386 2012 3486 2083 τὴν
3526 2010 3784 2079 δύναμιν.

2204 2106 2351 2177 Ψιλὴ
2377 2106 2486 2177 γὰρ
2527 2105 2786 2177 μάθησις,
2828 2103 2927 2177 τὴν
2964 2104 3086 2160 καθ’
3110 2105 3225 2171 ἕξιν
3254 2103 3457 2174 γνῶσιν
3483 2105 3547 2158 οὐ
3572 2103 3786 2158 δίδωσι.

2280 2360 2365 2414 ιθ’.
2407 2358 2551 2423 Νοῦς
2592 2361 2671 2424 εἰς
2719 2359 2887 2431 ἄκρον
2920 2359 3007 2414 διὰ
3041 2359 3149 2413 τῶν
3191 2360 3402 2431 ἀρετῶν
3449 2361 3789 2432 καθαιρόμε-

2205 2470 2314 2515 νος,
2341 2452 2468 2515 τοὺς
2510 2452 2618 2506 τῶν
2660 2452 2874 2523 ἀρετῶν
2917 2451 3167 2521 πέφυκεν
3205 2452 3431 2516 εἰκότως
3464 2454 3788 2507 ἐκδιδάσκε-

2208 2544 2329 2599 σθαι
2361 2545 2574 2614 λόγους,
2605 2545 2702 2615 τὴν
2732 2543 2790 2609 ἐξ
2820 2545 2999 2598 αὐτῶν
3058 2542 3292 2610 θειωδῶς
3323 2546 3791 2617 χαρακτηρισθεί-

2207 2654 2305 2695 σαν
2354 2637 2555 2705 γνῶσιν
2614 2638 2813 2690 οἰκεῖον
2891 2636 3213 2708 ποιούμενος
3275 2638 3587 2708 πρόσωπον.
3646 2636 3789 2691 Καθ’

2206 2729 2399 2783 ἑαυτὸν
2448 2729 2557 2801 γὰρ
2608 2728 2853 2793 ἀνείδεός
2894 2746 2955 2783 τε
2996 2730 3094 2783 καὶ
3140 2731 3618 2802 ἀχαρακτήριστος
3679 2729 3790 2791 πᾶς

2207 2822 2512 2891 καθέστηκε
2546 2820 2692 2885 νοῦς,
2726 2821 2942 2893 μορφὴν
2980 2821 3120 2892 ἔχων
3161 2822 3478 2893 ὲςπίκτητον,
3511 2823 3545 2894 ἦ
3588 2822 3692 2892 τὴν
3726 2824 3787 2875 ἐκ

2205 2913 2315 2967 τῶν
2344 2913 2555 2984 ἀρετῶν
2595 2913 2911 2967 ὑποστᾶσαν
2955 2916 3013 2966 ὲν
3076 2912 3348 2984 πνεύματι
3375 2913 3599 2981 γνῶσιν,
3626 2914 3664 2984 ἦ
3692 2915 3787 2982 τὴν

2206 3005 2270 3057 ὲκ
2293 3003 2401 3057 τῶν
2438 3003 2629 3058 παθῶν
2663 3004 3161 3075 ὲπισυμϐαίνουσαν
3184 3003 3426 3073 ἄγνοιαν.

2279 3104 2349 3150 κ’.
2392 3099 2510 3161 Πᾶς
2559 3099 2588 3151 ὁ
2629 3101 2730 3169 τῆς
2781 3095 2933 3161 θείας
2977 3095 3350 3159 ὲκπεπτωκὼς
3397 3096 3643 3165 ἀγάπης,
3698 3097 3787 3148 τὸν

2206 3190 2264 3242 ὲν
2291 3192 2357 3261 τῇ
2391 3189 2555 3259 σαρκὶ
2584 3189 2748 3259 νόμον
2785 3190 2898 3259 ἔχει
2931 3188 3020 3243 διὰ
3052 3188 3153 3259 τῆς
3180 3188 3375 3259 ἡδονῆς
3398 3188 3783 3258 βασιλεύοντα.

2204 3282 2296 3335 τὸν
2347 3282 2619 3353 μηδεμίαν
2669 3282 2818 3335 θείαν
2862 3280 3082 3350 ἐντολὴν
3142 3278 3376 3350 φυλάξαι
3423 3278 3785 3349 δυνάμενονῆ

2208 3373 2555 3443 βουλόμενον,
2588 3372 2702 3442 Τῆς
2734 3371 2843 3443 γὰρ
2878 3372 2937 3424 ὲν
2964 3370 3236 3440 πνεύματι
3272 3368 3405 3422 Θεοῦ
3439 3370 3559 3422 κατ’
3578 3370 3787 3438 ἀρετὴν

2205 3461 2597 3531 διεξαγομένης
2640 3460 2785 3532 ζωῆς
2822 3477 2882 3513 τε
2930 3460 3025 3514 καὶ
3078 3458 3380 3530 βασιλείας,
3434 3458 3788 3529 προτιμήσας

2206 3552 2306 3622 τὴν
2336 3551 2618 3621 φιλήδονον
2650 3551 2817 3620 ζωὴν,
2855 3550 2953 3621 τὴν
2985 3550 3212 3619 ἄγνοιαν
3252 3549 3374 3605 ἀντὶ
3405 3549 3505 3619 τῆς
3529 3548 3787 3616 γνώσεως

2207 3642 2387 3712 ἐαυτῷ
2417 3643 2789 3696 ἐπεσπάσατο.

2279 3733 2387 3789 κα’.
2439 3735 2497 3789 Ὀ
2541 3735 2617 3806 μὴ
2653 3733 2946 3788 διαϐαίνων
2980 3733 3123 3787 κατὰ
3153 3731 3277 3786 νοῦν
3329 3732 3469 3805 πρὸς
3501 3732 3602 3801 τὴν
3633 3731 3785 3784 ἔνδον

2208 3827 2266 3881 ὲν
2299 3826 2570 3896 πνεύματι
2611 3823 2705 3879 τοῦ
2756 3824 2985 3896 νομικοῦ
3026 3825 3357 3897 γράμματος
3392 3824 3545 3877 θείαν
3593 3823 3787 3891 εὐπρέ-

2209 3934 2390 3979 πειαν,
2421 3917 2518 3986 τὴν
2548 3915 2648 3986 τῆς
2677 3917 2905 3987 γνώμης
2943 3916 3224 3988 φιλήδονον
3255 3916 3464 3986 σχέσιν,
3496 3916 3671 3985 {now
3695 3915 3788 3984 τὴν

2209 4010 2480 4081 κοσμικὴν
2531 4009 2911 4080 προσπάθειαν
2941 4009 3037 4064 καὶ
3067 4009 3427 4078 φιλοκοσμίαν
3455 4010 3649 4078 γεννᾷν
3687 4007 3787 4059 πέο

2210 4119 2401 4171 φυκεν,
2434 4103 2498 4154 ὲκ
2529 4102 2628 4171 τῆς
2659 4101 2803 4155 κατὰ
2856 4101 3026 4171 μόνην
3075 4101 3173 4171 τὴν
3203 4102 3261 4154 ἐν
3305 4100 3452 4171 λόγῳ
3488 4099 3583 4167 τοῦ
3615 4099 3789 4169 νόμου

2212 4192 2499 4263 μαθήσεως
2528 4191 2828 4262 προφορὰν.

2280 4282 2684 4353 κβ’.Αίσχύνη
2718 4284 3016 4351 στόματός
3051 4283 3124 4354 (z)
3170 4284 3338 4349 ἐστιν,
3387 4284 3420 4353 ἠ
3473 4281 3615 4335 κατὰ
3662 4280 3790 4335 νοῦν

532 4375 671 4428 dana
702 4387 765 4426 ac
790 4384 1083 4440 corporum
1116 4384 1302 4423 amore
1342 4368 1635 4423 libidinosa
1687 4368 1990 4423 meditatio.
2039 4368 2100 4422 lu

2207 4375 2534 4445 φιλόκοσμος
2564 4374 2761 4446 μελέτη
2787 4373 2895 4428 τῶν
2928 4374 3204 4461 λογισμῶν
3244 4376 3336 4427 καὶ
3385 4372 3788 4442 φιλοσώματος.

523 4478 641 4534 quo
698 4462 847 4517 enim
900 4476 968 4516 ex
1009 4461 1261 4515 elucentc
1313 4461 1369 4514 in
1416 4460 1552 4531 legis
1596 4460 1779 4515 littera
1832 4459 2102 4530 corporali

528 4552 935 4616 informatione,
952 4551 1252 4606 voluntatis
1280 4551 1593 4621 mentisque
1618 4550 1847 4607 libidine
1862 4551 2103 4608 mundus

530 4645 877 4718 progignitur
901 4642 1115 4715 (mundi
1150 4642 1363 4699 scilicet
1395 4658 1459 4698 ae
1487 4643 1671 4698 saeculi
1704 4658 1896 4699 amans
1929 4643 2099 4697 animi

525 4735 873 4808 aﬂ'ectio),in
903 4736 1010 4790 hoc
1029 4734 1196 4791 etiam
1227 4735 1540 4806 voluptaria
1566 4734 1711 4789 inest
1737 4735 1921 4791 animo
1949 4735 2101 4806 cogi-

528 4829 800 4884 tationum
814 4825 1129 4882 meditatio.
1152 4825 1255 4881 Cui
1280 4825 1427 4880 enim
1452 4824 1530 4880 rei
1555 4826 1754 4880 aﬂ‘ectu
1771 4824 2098 4893 addicimur,

530 4937 650 4977 eam
674 4937 892 4993 quoque
920 4920 1106 4975 animo
1137 4919 1478 4974 meditamur.

526 5127 532 5135 .
599 5062 613 5077 ‘
646 5057 729 5112 Cf.
764 5056 831 5111 ad
859 5056 1017 5112 Thai.
1048 5072 1102 5125 τι.
1137 5056 1224 5119 65.

602 5174 675 5243 (ι)
714 5170 989 5243 ᾼὶσχύνηγ
1031 5170 1350 5243 crediturae.
1406 5166 1691 5243 Expositio
1736 5176 1821 5221 est
1840 5166 2101 5243 “nominis

532 5236 889 5312 mappam:
945 5240 1177 5312 alterius
1231 5238 1470 5312 filiorum
1501 5236 2096 5312 saulis‘ex‘Rhespha

533 5306 728 5384 pellice
749 5318 853 5384 ;_t1_t
906 5319 972 5384 et
1002 5310 1259 5384 ἀνάθημα
1286 5308 1423 5384 μοι]
1461 5309 1646 5384 potius
1699 5306 1947 5384 ἀνάθεμα
1971 5345 1985 5368 ,
2014 5315 2107 5384 Διιι

533 5376 729 5452 quaest.
776 5380 866 5452 illa
905 5380 975 5452 65
1023 5376 1302 5452 scribitur)
1341 5376 1589 5452 alterius,
1624 5392 1822 5452 nempe
1852 5376 2064 5452 Ἐρονθί
2087 5393 2100 5406 -

533 5447 674 5522 quos
701 5450 894 5522 ambos
904 5448 1180 5522 Maximus
1206 5447 1479 5504 mandatae
1492 5448 1700 5522 sobolis
1715 5456 1845 5522 typo
1878 5447 2099 5516 accipit.

2221 4468 2309 4521 Ἐν
2336 4461 2381 4535 ᾧ
2408 4467 2515 4539 γὰρ
2551 4468 2579 4520 ὁ
2610 4467 2811 4537 κόσμος
2835 4468 2899 4519 ὲκ
2923 4467 3022 4535 τῆς
3054 4465 3462 4537 ἐμφαινομένης
3495 4464 3574 4535 τῷ
3606 4465 3790 4535 γράμ-

2212 4573 2342 4627 ματι
2381 4557 2476 4609 τοῦ
2516 4556 2682 4626 νόμου
2726 4557 3048 4626 σωματικῆς
3098 4557 3467 4621 διαπλάσεως,
3508 4556 3651 4609 κατὰ
3692 4558 3788 4625 τὴν

2207 4647 2495 4718 γνωμικὴν
2542 4648 2725 4717 σχέσιν
2773 4648 3065 4715 γεννᾶσθαι
3099 4649 3343 4717 πέφυκεν
3368 4664 3382 4678 ·
3415 4648 3609 4718 ἤγουν,
3635 4650 3674 4718 ἡ
3701 4649 3789 4701 τὸν

2209 4740 2411 4809 κόσμον
2443 4739 2674 4808 φιλοῦσα
2700 4740 2965 4806 διάθεσις,
2997 4741 3090 4794 καὶ
3115 4742 3147 4811 ἡ
3179 4741 3323 4794 κατὰ
3349 4740 3476 4793 νοῦν
3505 4740 3788 4810 φιλήδονος

2212 4830 2411 4902 μελέτη
2446 4830 2554 4884 τῶν
2589 4830 2886 4902 λογισμῶν.
2930 4833 3071 4904 Πρὸς
3100 4833 3128 4885 ὃ
3159 4833 3262 4904 γὰρ
3293 4832 3559 4903 σχετικῶς
3580 4831 3790 4886 διακεί-

2211 4922 2371 4993 μεθα,
2404 4924 2541 4994 πρὸς
2565 4926 2740 4977 ἐκεῖνο
2759 4927 2853 4979 καὶ
2879 4925 3021 4980 κατὰ
3043 4926 3167 4980 νοῦν
3195 4926 3423 4996 μελέτην
3445 4924 3787 4995 κεκτήμεθα,

2206 5165 2528 5240 methodum
2558 5167 2872 5240 exponendi
2903 5167 3222 5240 Scripturas
3264 5168 3320 5221 in
3350 5168 3602 5240 hisiipsis
3628 5167 3786 5240 Capi:

2207 5185 2528 5220 Inettlouum
2558 5185 2872 5237 exponendi
2903 5185 3222 5292 acrgnnras
3264 5185 3320 5221 in
3350 5185 3435 5221 nis
3466 5185 3602 5237 lpSlS
3628 5185 3781 5240 Lapi-

2207 5237 2755 5307 tibuseommendat.
2794 5238 2942 5291 Nihil
2978 5254 3007 5292 a
3077 5253 3216 5301 rem,
3252 5238 3401 5307 quod
3435 5239 3621 5302 Picus,
3653 5238 3781 5293 illud

2206 5306 2447 5379 Αὶσχιόνη
2489 5308 2793 5379 στόματος,
2849 5309 2993 5362 dictu
3054 5308 3299 5379 pudenda
3324 5350 3339 5372 ,
3379 5308 3521 5361 dictu
3569 5310 3782 5379 infami:

2206 5376 2517 5441 reddit,'ac
2564 5377 2607 5448 si
2655 5389 2804 5432 esset
2858 5376 3144 5448 sequentis
3201 5380 3392 5441 vocis,
3430 5376 3641 5448 μελέτη
3700 5379 3779 5432 vel

2203 5449 2420 5529 κίνησις
2442 5447 2752 5529 epithetum
2779 5447 3166 5529 ιητοὰνάθημα
3197 5463 3308 5502 non
3332 5448 3560 5529 .hab-llii,
3589 5447 3779 5502 mutila

534 5517 740 5599 quippe
768 5534 834 5599 ex
859 5520 1144 5591 illegitimo
1173 5527 1477 5599 susceptos
1500 5517 1780 5599 connubio
1807 5534 1819 5571 :
1851 5533 2101 5599 necraro
2201 5517 2306 5587 ipsi
2346 5525 2496 5599 textu
2526 5535 2537 5569 :
2576 5532 2774 5599 nemnec
2804 5517 2958 5599 forte
2987 5517 3151 5599 nobis
3195 5518 3423 5599 omnino
3455 5520 3670 5599 integer
3698 5534 3778 5599 re:

536 5588 851 5659 ἆνᾱγὶυγίαν
882 5588 1227 5659 sensumque
1265 5589 1570 5659 spiritalem
1605 5589 1660 5659 in
1695 5588 1967 5658 ejusmodi
1995 5604 2097 5642 no-

2197 5596 2590 5668 prae‘sentatur.
2622 5588 2784 5641 Plura
2816 5587 2870 5642 in
2904 5589 2994 5643 illa
3033 5587 3235 5652 Qua'st.
3284 5588 3342 5642 in
3391 5595 3542 5643 textu
3575 5587 3692 5659 ipso
3724 5594 3777 5641 et

536 5656 748 5714 minam
793 5656 1189 5717 Hebraicoruin
1231 5656 1561 5729 etvmologia
1598 5656 1818 5723 fundat;
1849 5674 2012 5729 quam
2042 5666 2097 5713 et
2196 5656 2254 5711 in
2286 5656 2542 5713 Scholiis.
