4046 6196
381 361 516 430 1357

1063 362 1392 428 CAPITUM
1434 361 1858 435 QUINQUIES
1897 353 2418 422 CENTENORUM
2458 361 2845 422 CENTURIA
2881 361 2948 419 ν.

3487 355 3620 419 1353

449 480 552 550 κγ’.
585 480 656 534 Ἦ
692 480 852 537 πάλιν
882 479 1146 546 αἰσχύνη
1199 479 1497 547 στόματός
1546 477 1714 538 ἐστιν,
1758 474 1792 529 ἡ
1841 473 1954 534 τοῖς

2126 475 2218 529 25.
2239 475 2349 528 Aut
2378 489 2573 530 rursus
2603 476 2709 528 oris
2745 473 3001 542 confusio,
3041 471 3242 526 mentis
3265 471 3488 542 agitatio
3514 483 3619 538 cst,

376 571 610 624 πάθεσιν
658 567 799 634 εἶδος
848 569 1152 637 ἐπάγουσα,
1202 569 1289 624 καὶ
1332 568 1394 620 τὸ
1436 566 1559 620 καθ’
1591 565 1786 635 ἡδονὴν
1815 561 1953 632 πρὸς

375 661 633 733 αἴσθησιν
686 662 1085 715 διαπλάττουσα
1147 659 1362 724 κάλλος,
1417 656 1511 710 τοῦ
1567 655 1660 710 νοῦ
1716 653 1949 723 κίνησις.

375 753 561 823 Χωρὶς
605 753 712 823 γὰρ
749 753 847 822 τῆς
899 751 1043 805 κατὰ
1093 750 1215 804 νοῦν
1261 750 1608 820 ἐπινοητικῆς
1647 745 1950 815 δυνάμεως,

378 843 518 912 πρὸς
573 843 858 895 διάπλασιν
916 841 1146 912 μορφῆς,
1205 839 1455 910 οὐδαμῶς
1507 837 1682 901 πάθος
1737 837 1950 905 ἄγεται.

380 931 452 986 Ἢ
490 934 768 1003 ἀνάθημά
805 935 940 998 ἐστι,
969 934 1062 986 καὶ
1089 934 1121 1003 ἡ
1157 931 1422 1000 πρὸσυλος
1459 932 1553 984 καὶ
1578 929 1818 1000 άκαλλὴς
1846 928 1954 981 τῶν

378 1025 568 1078 παθῶν
599 1025 694 1078 καί¹
735 1023 1109 1086 άδιατύπωτος
1140 1025 1356 1092 κίνησις
1379 1039 1394 1052 ο
1428 1021 1692 1090 αἰσχύνη
1723 1020 1779 1074 δὲ
1809 1020 1952 1073 στό-

373 1133 581 1186 ματος,
631 1118 665 1188 ἡ
712 1116 773 1169 τὸ
821 1116 989 1178 πάθος
1028 1112 1368 1166 εἰδοποιοῦσα
1402 1113 1539 1185 πρὸς
1580 1112 1832 1183 αἴσθησιν
1857 1109 1953 1164 τοῦ

379 1206 470 1260 νοῦ
502 1208 736 1277 κίνησις,
779 1207 876 1260 καὶ
906 1209 1025 1270 ταῖς
1071 1206 1336 1269 ἐπινοίαις
1391 1202 1524 1275 ὕλην
1573 1204 1831 1275 ἁρμόδιον
1877 1201 1955 1273 τῷ

380 1297 541 1350 πάθει
572 1296 890 1368 πορίζουσα.
1761 1343 1810 1369 η,

453 1468 548 1524 κδ’.
595 1470 653 1523 '0
681 1469 768 1523 διὰ
795 1468 1002 1540 τρυφὴν
1038 1466 1360 1538 σωματικὴν
1388 1467 1484 1521 καὶ
1516 1467 1822 1521 ἀνάπαυσιν
1855 1466 1955 1532 τάς

383 1563 575 1626 θυσίας
609 1563 700 1616 καὶ⁵
731 1561 830 1623 τὰς
864 1560 1074 1631 ἑορτάς,
1102 1559 1170 1612 τά
1199 1575 1257 1611 τε
1301 1558 1554 1612 Σάϐϐατα
1586 1558 1680 1610 καὶ
1711 1558 1809 1620 τὰς
1836 1574 1955 1610 νεο-

388 1654 590 1724 μηνίας
634 1651 776 1705 κατὰ
814 1651 905 1704 τὸν
944 1649 1108 1720 νόμον
1151 1649 1240 1702 τόν
1283 1648 1414 1702 Θεὸν
1464 1648 1835 1718 διατεταχέναι
1870 1665 1956 1700 nt-

384 1746 608 1812 στεύων,
643 1745 822 1812 πάντη
867 1759 929 1796 τε
973 1744 1067 1796 καὶ
1105 1742 1343 1808 πάντως,
1373 1742 1478 1795 ὑπὸ
1511 1742 1610 1812 τὴν
1652 1741 1840 1812 ἐνοχὴν
1864 1758 1956 1809 γε·

2053 580 2175 634 qute
2201 565 2493 620 aﬂectibus
2540 565 2781 635 speciem
2826 563 3058 627 inducit,
3093 577 3270 632 exque
3311 578 3507 618 sensus
3541 580 3621 617 ra-

2057 655 2206 710 tione
2255 655 2612 712 libidinosam
2675 655 3149 725 pulchritudinem
3203 654 3429 724 efﬁngit.
3475 654 3622 709 Citra

2054 747 2202 801 enim
2231 747 2632 817 excogitantcm
2677 763 2742 802 ac
2768 745 3130 800 inventricem
3163 748 3366 802 mentis
3393 747 3625 800 facultao

2055 844 2165 892 tem
2200 837 2267 892 ad
2321 837 2554 892 formam
2600 837 2997 908 eﬂingendam,
3052 837 3285 892 affectus
3339 853 3403 893 ac
3443 838 3625 908 passio

2055 943 2164 982 non
2195 929 2466 998 procedit.
2497 929 2594 984 Vel
2638 929 2805 983 etiam
2835 930 3120 982 anathema
3165 937 3280 994 est,
3329 937 3546 984 terrena
3572 938 3626 984 et

2058 1018 2350 1072 invenusta
2403 1017 2769 1086 informisque
2835 1017 3313 1087 perturbationum
3374 1033 3437 1072 ac
3491 1018 3628 1073 aﬂ'e-

2055 1117 2244 1163 ctuum
2287 1109 2567 1164 incitatio:
2589 1110 2694 1162 oris
2720 1123 2851 1162 vero
2886 1109 3121 1178 confusio
3145 1161 3156 1174 ,
3184 1123 3304 1178 qua!
3334 1123 3401 1162 ex
3433 1121 3627 1162 sensus

2056 1200 2268 1255 ratione
2303 1200 2558 1255 allectum
2582 1201 2763 1270 specie
2797 1201 3014 1264 format,
3052 1201 3458 1270 subtilibusque
3479 1215 3628 1254 com-

2055 1291 2255 1347 mentis
2275 1300 2455 1361 aptam
2478 1291 2697 1346 aﬁ‘ectui
2719 1307 2815 1346 seu
2838 1291 3080 1360 passioni
3105 1292 3390 1346 materiam
3414 1292 3624 1354 tribuit,

2056 1385 2259 1438 mentis
2282 1384 2528 1455 agitatio.

2127 1476 2215 1530 24.
2248 1476 2352 1543 Qui
2405 1477 2645 1533 carnalis
2676 1477 2976 1545 voluptatis
3015 1477 3372 1548 fruendzeque
3425 1477 3629 1547 quietis

2057 1582 2244 1630 causa,
2275 1567 2600 1636 prtecepisse
2627 1567 2797 1622 Deum
2823 1567 3216 1624 sacrificiorum
3251 1567 3630 1636 festorumque

2056 1657 2320 1726 legitima,
2361 1658 2708 1727 Sabbataque
2746 1665 2801 1712 et
2839 1659 3154 1712 neomenias
3185 1658 3488 1712 instituisse
3513 1657 3632 1711 cxi-

2062 1746 2275 1812 stimat,
2330 1748 2557 1800 omnino
2621 1763 2958 1817 prorsusque
3027 1748 3317 1802 affectibus
3373 1749 3632 1817 vitiisque

381 1838 602 1907 νήσεται
631 1836 728 1904 τῆς
757 1833 867 1887 τῶν
894 1833 1082 1887 παθῶν
1107 1832 1406 1902 ἐνεργείας,
1437 1832 1530 1885 καὶ
1563 1833 1660 1903 τὴν
1689 1833 1950 1904 αἰσχύνην

2069 1837 2342 1892 obnoxius
2387 1839 2523 1905 erit;
2569 1840 2921 1909 turpiumque
2978 1839 3105 1894 inde
3142 1839 3536 1910 cogitationum
3568 1854 3631 1892 ac

381 1929 479 1998 τῆς
511 1926 620 1980 τῶν
649 1927 735 1979 ἐπ’
780 1926 968 1988 αὐταῖς
1022 1924 1261 1997 αἰσχρῶν
1309 1923 1587 1994 λογισμῶν
1643 1924 1953 1996 ροπαρίας·

381 2018 486 2072 ὑπό
533 2035 589 2070 τε
641 2017 734 2070 τὸν
792 2016 1145 2087 φθειρόμενον
1195 2015 1348 2069 ἔσται
1387 2015 1610 2086 κόσμον,
1637 2016 1732 2068 καὶ
1763 2016 1865 2085 τὴν
1897 2017 1955 2067 ὲν

381 2109 660 2178 λογισμοῖς
688 2106 1063 2177 φιλοσώματον
1103 2106 1332 2178 μελέτην
1357 2123 1371 2138 ·
1423 2106 1528 2159 ὑπό
1573 2123 1633 2158 τε
1683 2106 1781 2176 τὴν
1824 2106 1956 2173 ὓλην

380 2201 489 2256 τῶν
523 2199 710 2254 παθῶν
740 2200 834 2254 καὶ
853 2199 914 2252 τὸ
943 2197 1099 2264 εἶδος,
1136 2198 1303 2269 μηδὲν
1338 2197 1466 2252 ἄλλο
1503 2197 1640 2269 πλὴν
1667 2197 1768 2251 τῶν
1802 2197 1956 2267 φθει-

385 2293 626 2364 ρομένων
662 2291 842 2361 τίμιον
862 2291 1006 2361 ἐχειν
1033 2290 1350 2361 δυνάμενος.

453 2511 551 2560 κε’.
603 2505 662 2559 Ὀ
690 2503 930 2567 πεισθεὶς
960 2501 1110 2556 Θείαν
1142 2497 1279 2557 εἶναι
1309 2501 1575 2572 διαταγὴν
1602 2488 1676 2555 τδ
1708 2515 1949 2570 σωματι-

385 2597 494 2660 κῶς
532 2596 673 2651 κατά
723 2596 884 2664 νόμον
937 2597 1172 2666 τρυφᾷν,
1230 2594 1328 2664 τὴν
1381 2592 1827 2665 γαστριμαργίαν
1881 2590 1957 2654 ὡς

384 2688 520 2742 Θεοῦ
568 2688 738 2759 δῶρον
777 2686 1044 2757 λαμϐάνει
1082 2685 1217 2756 πρὸς
1248 2684 1551 2754 συμϐίωσιν
1588 2681 1728 2754 μετά
1759 2683 1952 2753 χαρᾶς,

385 2778 445 2845 ἐξ
471 2774 538 2850 ἦς
591 2779 756 2847 γεννᾷ
803 2777 929 2838 τοὺς
974 2774 1296 2846 μολύνοντας
1346 2777 1412 2844 τῇ
1457 2774 1804 2846 παραχρήσει
1857 2772 1957 2843 τὴν

386 2870 665 2938 ἐνέργειαν
687 2869 792 2922 τῶν
818 2867 1122 2936 αἰσθήσεων
1155 2866 1410 2937 τρόπους.

454 3072 567 3132 κς’.
627 3063 877 3118 Ἐπειδὰν
906 3063 967 3115 τὸ
1004 3062 1333 3133 θεωρητικὸν
1369 3065 1464 3133 τῆς
1490 3061 1668 3132 ψυχῆς
1694 3060 1792 3132 τὴν
1823 3077 1956 3132 τρυ-

2064 1931 2338 1984 rationum
2391 1930 2625 2000 ptedoris
2670 1931 2872 2001 probro
2923 1947 2986 1985 ac
3031 1930 3338 1985 confusioni
3378 1948 3390 1982 :
3427 1930 3632 1984 mundo

2063 2018 2194 2074 item
2228 2021 2322 2089 qui
2360 2023 2754 2091 corrumpitur,
2788 2031 2844 2077 et
2869 2022 3179 2077 libidinosa:
3209 2023 3375 2092 inque
3401 2037 3634 2091 corpora

2062 2112 2249 2166 ell‘usze
2285 2112 2677 2182 cogitationum
2723 2112 3098 2178 meditationi;
3140 2129 3204 2168 ac
3244 2123 3520 2183 postremo
3548 2113 3633 2166 vi-

2062 2203 2268 2258 tiorum
2299 2203 2708 2274 affectuumque
2739 2212 2854 2257 tum
2881 2204 3127 2258 materiae
3153 2217 3266 2258 tum
3293 2203 3510 2268 formze;
3539 2203 3634 2272 qui

2064 2303 2265 2365 prmter
2299 2311 2363 2349 ca
2387 2312 2508 2366 qua:
2545 2296 2900 2366 corruptione
2930 2295 3230 2361 intereunt,
3256 2295 3393 2349 nihil
3422 2295 3477 2350 in
3511 2310 3638 2365 pre-

2067 2386 2144 2441 tio
2165 2386 2366 2440 habere
2392 2386 2586 2456 possit.

2131 2499 2221 2554 25.
2249 2499 2350 2556 Cui
2383 2508 2533 2555 certo
2556 2514 2876 2570 persuasum
2907 2499 3000 2563 sit,
3037 2499 3288 2554 divinum
3321 2512 3442 2554 esse
3484 2512 3634 2552 man-

2064 2591 2252 2646 datum
2307 2592 2689 2662 corporalibus
2747 2593 3052 2649 secundum
3109 2594 3282 2664 legem
3349 2593 3635 2663 indulgere

2064 2681 2302 2744 deliciis,
2331 2689 2590 2751 tanquam
2634 2684 2731 2738 Dei
2778 2683 2985 2739 donum
3021 2701 3144 2739 cum
3183 2684 3382 2755 gaudio
3427 2683 3636 2738 ventris
3717 2671 3720 2674 ’

2065 2770 2362 2842 ingluviem
2388 2771 2443 2824 in
2465 2773 2667 2828 sociam
2695 2774 2820 2829 vitae
2855 2773 3121 2829 rationem
3155 2777 3405 2838 assumit,
3429 2788 3493 2827 ex
3527 2789 3633 2843 qua

2063 2862 2258 2918 modos
2291 2880 2584 2934 moresque
2620 2880 2719 2935 per
2761 2865 2994 2921 abusum
3019 2908 3032 2928 ,
3065 2881 3327 2921 sensuum
3355 2865 3634 2935 operatio-

2031 2943 2188 3011 ἠοω
2223 2956 2574 3026 inquinantcs
2596 2957 2790 3028 gignit.
2915 2991 2949 3016 ε

2131 3071 2221 3126 26.
2251 3070 2388 3126 Cum
2412 3071 2581 3126 animi
2612 3072 2695 3126 vis
2718 3073 3122 3141 contemplandi
3153 3073 3352 3134 solcrs,
3380 3073 3635 3140 volupta-

387 3157 492 3228 φὴν
534 3155 672 3210 κατὰ
714 3155 804 3208 τὸν
839 3156 894 3206 ἐν
930 3154 1221 3224 γράμματι
1252 3152 1413 3222 νόμον
1440 3151 1514 3215 ὡς
1555 3151 1704 3206 Θείαν
1740 3149 1828 3204 διὰ
1858 3151 1956 3221 τὴν

2065 3169 2172 3216 tem
2203 3176 2272 3216 ex
2295 3161 2432 3232 legis
2457 3161 2641 3216 littera
2665 3170 2926 3231 tanquam
2958 3161 3198 3215 divinam
3225 3169 3456 3231 propter
3481 3177 3632 3215 man-

387 3247 604 3314 ἐντολὴν
637 3246 950 3316 ἀσπάσηται
986 3244 1121 3315 πρὸς
1161 3244 1479 3314 συμϐίωσιν,
1510 3244 1608 3313 τὴν
1636 3242 1744 3296 τῶν
1768 3241 1959 3312 αἰσθή-

388 3357 527 3394 σεων
553 3340 703 3410 παρά
738 3338 898 3408 φύσιν
930 3335 1248 3410 μετέρχεται
1276 3336 1492 3408 χρῆσιν,
1526 3334 1794 3408 μηδεμιᾶς
1831 3350 1962 3404 συγ-

387 3430 600 3502 χωροῦν
654 3431 796 3484 κατά
846 3429 1007 3499 φύσιν
1059 3427 1440 3497 διαφαίνεσθαι
1477 3426 1574 3496 τὴν
1623 3426 1819 3496 χρῆσιν
1856 3425 1957 3495 τῆς

389 3521 690 3594 ἐνεργείας.
725 3521 892 3592 Γεννᾷ
924 3520 1033 3589 γὰρ
1070 3520 1171 3590 τήν
1215 3535 1276 3572 τε
1317 3517 1427 3572 τῶν
1478 3517 1668 3572 παθῶν
1705 3517 1816 3582 ἕξιν
1866 3517 1959 3570 καὶ

384 3613 484 3684 τὴν
505 3611 808 3684 ἐνέργειαν,
831 3611 1018 3673 καὶ-ὼς
1047 3608 1196 3663 θείαν
1222 3606 1570 3670 εἰσοικίζεται
1599 3606 1698 3677 τὴν
1732 3623 1958 3677 γαστρι-

389 3704 650 3776 μαργίαν,
705 3701 842 3774 πρὸς
878 3701 1093 3769 γένεσιν
1132 3698 1240 3753 τῶν
1274 3699 1645 3770 ρυπαινόντων
1687 3699 1752 3768 τῇ
1780 3713 1960 3768 παρα·-

386 3797 578 3867 χρήσει
615 3795 712 3859 τὰς
763 3793 1040 3864 αἰσθήσεις
1078 3791 1315 3862 τρόπων,
1355 3790 1435 3855 εἰς
1464 3788 1742 3860 ἀναίρεσιν
1767 3787 1875 3842 τῶν
1901 3789 1960 3841 ἐν

387 3890 496 3950 τοῖς
523 3884 642 3941 οὖσι
669 3883 912 3956 φυσικῶν
935 3884 1108 3953 λόγων
1127 3899 1188 3936 τε
1209 3882 1302 3948 καὶ
1325 3880 1676 3951 σπερμάτων.

456 3997 560 4062 κζ’.
612 3997 798 4062 Οὐδεὶς
853 3996 990 4067 μόνῃ
1037 3993 1390 4066 προσανέχων
1425 3995 1491 4063 τῇ
1528 3993 1810 4062 σωματικῇ
1865 3990 1959 4046 τοῦ

387 4090 552 4159 νόμου
585 4088 827 4160 λατρεία,
861 4085 1089 4157 φυσικὸν
1123 4085 1449 4156 τοπαράπαν
1482 4083 1682 4138 δύναιτ’
1733 4083 1800 4138 ἂν
1853 4099 1959 4135 πα-

391 4182 710 4254 ραδέξασθαι
740 4182 896 4248 λόγον
927 4180 961 4250 ἢ
996 4177 1274 4249 λογισμὸν,
1301 4178 1384 4231 ὅτι
1414 4177 1548 4250 μηδέ
1577 4177 1790 4246 πέφυκε
1824 4192 1958 4230 τιυ-

387 4280 478 4332 τδν
503 4274 642 4330 εἶναι
685 4280 750 4346 τῇ
781 4275 939 4344 φύσει
965 4274 1033 4327 τά
1060 4273 1323 4345 σύμϐολα.
1361 4273 1418 4326 '0
1444 4273 1553 4345 γάρ
1591 4273 1702 4336 τοῖς
1758 4271 1961 4340 συμϐό·

388 4370 498 4433 λοις
539 4368 889 4439 ἐναπομένων
931 4365 1026 4420 τοῦ
1057 4365 1244 4436 νόμου,
1277 4365 1338 4418 οὐ
1369 4363 1590 4418 δύναται
1632 4363 1775 4416 κατὰ
1802 4361 1958 4429 λόγον

387 4465 487 4534 τὴν
511 4463 620 4514 τῶν
649 4461 818 4514 ὄντων
842 4460 1003 4528 φύσιν
1027 4460 1181 4530 ὁρᾷν,
1213 4457 1308 4510 καί⁹
1335 4460 1459 4519 τοὺς
1480 4455 1736 4519 τεθέντας
1761 4454 1957 4508 ούσιω-

385 4555 492 4617 δῶς
518 4555 622 4606 ὑπὸ
647 4551 741 4605 τοῦ
768 4549 1100 4621 δημιουργοῦ
1120 4552 1234 4612 τοῖς
1260 4545 1377 4603 οὖσι
1430 4547 1621 4616 λόγους
1661 4547 1961 4616 περιποιεῖ-

389 4646 533 4710 σθαι,
557 4646 645 4700 διὰ
665 4645 723 4698 τὸ
742 4644 850 4698 τῶν
871 4643 1149 4708 συμϐόλων
1176 4645 1312 4712 πρὸς
1342 4640 1440 4712 τὴν
1472 4639 1582 4694 τῶν
1606 4639 1771 4691 όντων
1801 4637 1960 4707 φύσιν

385 4739 659 4808 διάφορον.

459 4858 562 4921 κη’.
625 4851 684 4902 '0
724 4849 857 4902 Θεὸν
895 4848 992 4919 τὴν
1044 4846 1248 4902 κοιλίαν
1275 4845 1596 4918 ἡγούμενος,
1627 4844 1719 4897 καὶ
1757 4842 1829 4904 ὡς
1870 4843 1959 4895 ἐπὶ

386 4943 514 5015 δόξῃ
563 4944 628 5013 τῇ
679 4941 906 5012 αἰσχύνῃ
954 4939 1440 5010 καλλωπιζόμενος,
1507 4936 1681 5006 μόνων
1719 4929 1854 4986 οἶδεν
1887 4933 1962 4995 ὡς

388 5035 546 5086 θείων
582 5033 899 5104 ἀντέχεσθαι
940 5033 1028 5086 διά
1075 5031 1313 5101 σπουδῆς
1357 5029 1466 5082 τῶν
1498 5027 1685 5082 παθῶν
1713 5027 1810 5096 τῆς
1841 5027 1958 5080 άτι-

389 5126 556 5194 μίας’
607 5124 703 5178 καὶ
750 5123 840 5177 διὰ
890 5122 1049 5176 τοῦτο
1089 5122 1230 5192 μόνα
1285 5119 1538 5191 περιέπει
1589 5118 1659 5172 τὰ
1710 5116 1957 5189 χρονικὰ,

387 5216 632 5270 τουτέστι
663 5217 761 5286 τὴν
791 5216 924 5287 ὓλην
960 5216 1056 5269 καὶ
1085 5215 1146 5267 τὸ
1177 5210 1336 5278 εἶδος,
1369 5213 1464 5265 καὶ
1487 5211 1583 5282 τὴν
1612 5211 1754 5266 κατὰ
1781 5210 1959 5280 παρά-

385 5321 581 5375 χρησιν
635 5304 947 5374 πενταπλῆν
1006 5301 1284 5372 ἐνέργειαν
1340 5298 1448 5352 τῶν
1503 5298 1826 5369 αἰσθήσεων.
1880 5299 1959 5368 Τῇ

387 5396 495 5463 γὰρ
551 5393 651 5464 ὓλῃ
695 5396 790 5447 καὶ
836 5394 914 5464 τῷ
959 5393 1092 5446 εἴδει
1150 5390 1533 5460 συμπλακεῖσα
1576 5390 1716 5443 κατὰ
1748 5389 1892 5460 μίξιν
1926 5391 1959 5459 ἡ

385 5487 662 5554 αἴσθησις,
702 5485 981 5539 ἀποτελεῖν
1031 5486 1127 5556 μὲν
1175 5483 1365 5546 πάθος,
1396 5482 1734 5536 άπεκτείνειν
1771 5481 1825 5534 δὲ
1867 5479 1960 5534 καὶ

387 5579 626 5644 ἀναιρεῖν
650 5577 774 5640 τοὺς
801 5577 940 5630 κατὰ
964 5576 1126 5646 φύσιν
1152 5577 1362 5644 πέφυκε
1397 5573 1608 5641 λόγους.
1643 5572 1820 5637 Πάθος
1853 5575 1960 5645 γάρ

389 5671 476 5722 καὶ
523 5667 685 5737 φύσις
724 5667 864 5721 κατὰ
900 5669 991 5720 τὸν
1030 5666 1124 5720 τοῦ
1170 5662 1312 5720 εἶναι
1365 5664 1542 5732 λόγον,
1582 5663 1832 5734 οὐδαμῶς
1865 5665 1960 5718 άλ-

383 5759 562 5828 λῄλοις
598 5759 1053 5830 συνυπάρχουσιν.
1091 5759 1164 5813 Ού
1216 5759 1325 5829 γὰρ
1385 5756 1592 5827 πέφυκε
1642 5757 1802 5811 πάθει
1835 5775 1960 5813 συν-

2062 3255 2251 3309 datum
2283 3253 2337 3308 in
2371 3253 2578 3309 sociam
2607 3255 2733 3308 vitae
2770 3254 3042 3309 rationem
3070 3253 3316 3322 proclive
3351 3252 3629 3315 asciverit,

2062 3343 2429 3420 innaturalem
2482 3357 2744 3398 sensuum
2798 3357 2959 3398 usum
2995 3342 3164 3407 colit,
3220 3342 3358 3397 nihil
3414 3344 3629 3414 reipsa,

2061 3435 2332 3506 quidquid
2361 3445 2545 3505 agant,
2577 3449 2646 3488 ex
2692 3442 2902 3490 naturae
2944 3434 3256 3489 rationibus
3300 3434 3521 3490 elucere
3555 3435 3632 3489 si-

2060 3542 2218 3582 nens.
2254 3525 2439 3594 Gignit
2459 3524 2605 3579 enim
2625 3523 2885 3579 vitiorum
2909 3539 2973 3578 ac
3008 3525 3482 3594 perturbationum
3505 3541 3630 3581 eum

2062 3617 2310 3672 habitum
2338 3625 2454 3672 tum
2486 3623 2702 3682 actum;
2751 3631 2816 3671 ac
2859 3617 3012 3672 velut
3060 3617 3303 3670 divinam
3331 3657 3346 3682 ,
3386 3619 3627 3690 coniugii

2055 3712 2180 3780 jure
2216 3710 2395 3781 gulam
2422 3707 2596 3773 ducit,
2632 3709 2779 3764 unde
2809 3724 2993 3764 mores
3019 3709 3323 3778 modosque
3364 3710 3630 3780 suscipiat

2061 3817 2159 3872 per
2186 3801 2419 3856 abusum
2459 3815 2655 3856 sensus
2686 3800 3014 3870 polluentes,
3044 3801 3209 3872 816
3248 3815 3483 3870 quorum
3509 3802 3632 3858 labe

2062 3893 2340 3949 naturales
2378 3893 2436 3947 in
2466 3891 2632 3948 rebus
2677 3891 2921 3947 rationes
2958 3891 3279 3964 seminaque
3323 3891 3629 3948 interimat.

2129 4009 2218 4062 27.
2263 4007 2366 4076 Qui
2390 4007 2491 4063 soli
2522 4007 2794 4078 corporali
2818 4006 2955 4078 legis
2979 4006 3150 4066 cultui
3190 4006 3434 4063 animum
3473 4008 3632 4063 adhi-

2060 4101 2174 4164 bet,
2207 4099 2512 4154 naturalem
2537 4098 2766 4154 omnino
2797 4100 3065 4153 rationem
3106 4107 3201 4153 aut
3243 4100 3632 4169 c0gitationem

2061 4205 2394 4260 sensumque
2424 4190 2592 4246 animi
2616 4199 2678 4245 ut
2700 4189 2951 4261 recipiat,
2979 4189 3098 4245 lien
3131 4207 3244 4246 non
3270 4201 3482 4262 potest;
3507 4209 3632 4249 cum

2061 4295 2241 4349 neque
2285 4289 2657 4349 comparatum
2696 4279 2786 4345 sit,
2813 4289 2871 4334 ut
2897 4280 3140 4351 symbola
3185 4281 3421 4352 idipsum
3445 4299 3510 4337 ac
3539 4299 3636 4337 na-

2063 4378 2185 4423 tura
2215 4369 2344 4423 sint.
2385 4369 2487 4435 Qui
2517 4367 2664 4423 enim
2695 4369 2834 4439 legis
2868 4369 3131 4441 symbolis
3167 4370 3511 4436 immoratur,
3549 4387 3635 4424 re—

2064 4476 2188 4514 rum
2221 4469 2498 4523 naturam,
2531 4459 2605 4513 ita
2643 4469 2704 4514 ut
2745 4459 2959 4514 ratione
2991 4469 3367 4530 comparatum
3395 4469 3498 4526 est,
3543 4462 3632 4515 lu-

2063 4563 2240 4608 strare
2278 4568 2387 4606 non
2429 4560 2628 4622 potest,
2653 4567 2757 4607 nec
2790 4552 3160 4607 essentialiter
3187 4569 3216 4607 a
3251 4552 3510 4608 Creatore
3552 4553 3634 4607 in-

2063 4643 2208 4698 ditas
2248 4643 2417 4699 rebus
2450 4644 2690 4697 rationes
2718 4643 3013 4706 asciscere,
3064 4644 3134 4698 ob
3159 4644 3454 4700 discrimen
3485 4645 3632 4714 quod

2063 4735 2208 4790 inter
2236 4734 2480 4806 symbola
2511 4749 2806 4804 rerumque
2828 4745 3084 4788 naturam
3116 4745 3220 4788 est.

2133 4847 2220 4901 28.
2248 4847 2350 4913 Qui
2374 4854 2619 4902 ventrem
2639 4848 2808 4902 Deum
2847 4863 2968 4912 esse
2999 4849 3296 4914 existimat,
3338 4863 3401 4902 ac
3435 4847 3631 4903 confu~

2063 4938 2218 4992 sione
2244 4938 2562 5008 prob-aqua
2591 4937 2860 5010 gloriatur
2885 4946 2946 4992 ut
2971 4938 3259 5008 magnifico
3293 4939 3480 5010 gloria:
3504 4941 3635 4994 titu-

2061 5029 2136 5095 lo,
2187 5031 2335 5085 solos
2380 5030 2534 5084 novit
2581 5037 2843 5100 tanquam
2896 5029 3113 5085 divinos
3158 5031 3304 5086 serio
3344 5029 3632 5100 complecti

2063 5121 2516 5191 probrosissirnos
2538 5120 2767 5176 affectus
2790 5122 3032 5191 vitiaquc
3068 5143 3079 5176 :
3104 5122 3340 5192 hincque
3369 5123 3507 5177 adeo
3526 5132 3630 5186 est,

2065 5227 2124 5267 ut
2152 5214 2265 5268 sola
2301 5224 2460 5270 curet
2490 5213 2745 5284 colatque
2782 5223 3170 5284 temporanea;
3206 5216 3489 5271 materiam
3525 5217 3634 5268 sci-

2062 5303 2192 5358 licet
2220 5309 2278 5356 et
2331 5301 2584 5366 formam,
2647 5310 2703 5356 et
2727 5315 2849 5370 qua
2892 5301 3064 5355 abusu
3100 5309 3333 5363 constat,
3387 5299 3635 5369 quinque

2061 5393 2316 5464 partibus
2365 5393 2597 5447 divisam
2646 5407 2909 5447 sensuum
2963 5393 3364 5462 operationem.
3434 5389 3632 5444 Sensui

2060 5480 2210 5540 enim
2236 5485 2479 5538 materiae
2503 5482 2802 5553 formteque
2835 5483 3168 5550 complicato
3210 5496 3372 5552 atque
3399 5480 3632 5535 commi-

2063 5586 2148 5632 sto
2179 5583 2560 5644 comparatum
2594 5585 2678 5629 est
2702 5613 2717 5634 ,
2757 5584 2815 5628 ut
2855 5573 3103 5628 libidinis
3136 5572 3368 5640 vitiique
3409 5584 3632 5640 parens,

2062 5667 2341 5723 naturales
2371 5666 2616 5721 rationes
2645 5666 2894 5720 sublatas
2930 5665 3066 5719 velit
3099 5680 3164 5720 ac
3196 5662 3498 5717 interimat.
3535 5661 3635 5716 Ἦ·-

2067 5759 2203 5813 tium
2234 5757 2380 5813 enim
2401 5798 2416 5825 ,
2460 5772 2555 5813 seu
2590 5757 2764 5813 libido
2808 5759 2863 5814 e't
2907 5756 3256 5827 perturbatio
3279 5795 3294 5820 ,
3325 5764 3639 5821 naturaque
