4046 6196
439 307 566 384 1361

1134 322 1468 386 CAPITUM
1503 324 1924 398 QUINQUIES
1965 321 2497 387 CENTENORUM'
2524 324 2911 387 CENTURIA
2944 325 3000 386 V.

3537 321 3672 386 1362

435 421 640 494 σαρκὸς
685 421 879 494 ἡδονὴν
912 425 1133 500 ἐντολὴν
1165 431 1537 502 ἐκδεχόμενος,
1568 433 1662 486 καὶ
1693 433 1861 504 μόνης
1886 433 1993 482 κατ

2108 429 2217 483 lem
2270 430 2862 502 ignorantiam'habet,
2912 447 2979 484 ex
3039 427 3155 485 sola
3205 427 3385 482 carnis
3443 416 3684 483 libidine

431 509 688 583 αἴσθησιν
748 512 1110 586 ἀντεχόμενος
1174 521 1504 590 σωματικῶς
1574 524 1673 592 τῆς
1726 520 1860 592 ὕλης
1907 517 2003 574 τοῦ

430 603 778 674 γράμματος.
1010 615 1013 617 ·

499 779 600 850 λγ’.
647 781 708 836 '0
742 783 842 855 μὲν
877 788 1204 854 σωματικῶς
1231 789 1373 842 κατὰ
1394 791 1487 843 τδρ
1511 791 1672 860 νόμον
1703 791 2000 862 λατρεύων,

429 872 682 944 καθάπερ
728 873 860 945 ὕλην
910 879 1072 948 γεννᾷ
1106 878 1205 950 τὴν
1239 879 1361 933 κατ’
1389 881 1672 950 ἐνέργειαν
1705 881 2000 954 ἁμαρτίαν,

427 964 523 1016 καὶ
549 963 622 1027 ὡς
650 961 788 1030 εἶδος
820 967 918 1038 τὴν
947 967 1037 1021 ἐπ’
1063 970 1198 1042 αὐτῇ
1224 970 1318 1025 τοῦ
1345 972 1438 1025 νοῦ
1464 973 1862 1039 συγκατάθεσιν
1881 973 2002 1035 ταῖς

427 1055 761 1127 προσφόροις
778 1058 995 1129 ἡδοναῖς
1022 1061 1133 1113 τῶν
1170 1063 1477 1132 αἰσθήσεων
1507 1062 1708 1126 ὑλικῶς
1742 1063 1998 1115 διαπλάτ-

424 1161 598 1200 τεται.
645 1148 704 1201 '0
746 1148 804 1202 δὲ
839 1151 1221 1220 πνευματικῶς
1247 1152 1345 1222 τὴν
1378 1151 1594 1224 Γραφὴν
1627 1152 1999 1222 ἐκδεχόμενος,

425 1236 502 1300 ὡς
553 1238 652 1308 μὲν
685 1238 830 1310 ὓλην·
857 1239 954 1311 τὴν
989 1242 1292 1312 ἐνέργειαν,
1337 1241 1412 1305 ὡς
1441 1239 1577 1307 εἶδος
1601 1243 1659 1296 δὲ
1698 1243 1797 1312 τῆς
1821 1243 2002 1314 ἁμαρ-

423 1328 547 1391 τίας
569 1330 668 1400 τὴν
698 1332 1114 1398 συγκατάθεσιν,
1147 1335 1286 1402 μετὰ
1328 1334 1436 1388 τῶν
1467 1334 1606 1388 κατά
1649 1335 2001 1407 παράχρησιν

424 1420 564 1490 πρὸς
596 1420 786 1493 ἡδονὴν
837 1423 938 1494 τῆς
994 1417 1302 1497 αἰσθήσεως
1351 1425 1568 1496 τρόπων
1617 1426 1858 1492 θανατοί,
1909 1425 1998 1480 διὰ

423 1512 533 1564 τῶν
567 1515 809 1581 φυσικῶν
835 1515 1108 1585 λογισμῶν
1142 1520 1200 1570 ἐν
1228 1517 1306 1587 τῷ
1342 1517 1468 1588 ὕψει
1502 1521 1611 1588 τῆς·
1635 1518 1888 1589 θεωρίας.

495 1602 588 1657 λδ’.
629 1603 738 1675 Τὴν
777 1603 910 1676 ὕλην
957 1607 1049 1660 καὶ
1101 1607 1162 1660 τὸ
1208 1604 1368 1671 εϊδος,
1429 1610 1524 1663 καὶ
1575 1611 1702 1672 τοὺς
1733 1609 1858 1680 περὶ
1898 1608 1998 1680 τὴν

424 1692 560 1763 ὕλην
607 1697 700 1748 καὶ
732 1696 793 1749 τὸ
828 1693 968 1761 εἶδος
1012 1699 1152 1774 κατά
1193 1701 1538 1771 παράχρησιν
1570 1701 1731 1754 πέντε
1761 1701 1998 1772 τρόπους

422 1785 532 1838 τῶν
575 1787 734 1840 πέντε
771 1789 1077 1860 αἰσθήσεων
1102 1808 1114 1820 ·
1154 1792 1296 1860 λέγω
1343 1792 1400 1844 δὲ
1435 1792 1532 1862 τὴν
1561 1794 1783 1863 ἐμπαθῆ
1817 1811 1876 1847 τε
1903 1795 1996 1847 καὶ

425 1875 576 1946 παρὰ
613 1875 774 1944 φύσιν
808 1873 944 1948 πρὸς
975 1879 1042 1933 τὰ
1074 1883 1305 1952 αἰσθητά
1350 1882 1459 1935 τῶν
1500 1883 1805 1953 αἰσθήσεων
1857 1902 1996 1953 συμ-

424 1964 650 2036 πλοκὴν,
693 1967 861 2035 ἤγουν
892 1968 977 2020 τά-
1006 1969 1111 2021 om
1141 1971 1334 2040 χρόνον
1367 1972 1460 2025 καὶ
1491 1972 1697 2040 ῥεῦσιν,
1737 1973 1876 2042 μετὰ
1896 1974 1995 2041 τὴν

426 2056 660 2126 πάροδον
709 2059 808 2127 τῆς
848 2061 907 2112 ὲν
954 2060 1102 2131 νόμῳ
1153 2062 1292 2116 κατὰ
1320 2062 1384 2115 τὸ
1415 2063 1650 2132 γράμμα
1681 2065 1998 2133 σωματικῆς

424 2144 699 2213 λατρείας,
755 2149 850 2202 καὶ
899 2149 998 2219 τὴν
1037 2153 1134 2220 τῆς
1180 2150 1401 2219 ἀγνοὶας
1445 2151 1713 2216 διάϐασιν,
1763 2152 1997 2221 παραδί-

423 2237 556 2290 δωσι
591 2237 962 2310 θανατωθῆναι
995 2244 1101 2303 τοῖς
1134 2242 1274 2295 κατά
1309 2243 1544 2313 φυσικὴν
1585 2243 1814 2314 θεωρίαν
1857 2243 1996 2314 ὑψη-

425 2327 664 2398 λοτέροις
695 2330 873 2397 λόγοις
905 2332 996 2384 καὶ
1025 2332 1319 2401 λογισμοῖς,
1356 2335 1383 2387 ὁ
1417 2334 1783 2402 πνευματικὸς
1812 2334 1995 2404 νόμος,

424 2418 622 2489 ἢνοῦς·
646 2419 742 2491 τὴν
758 2422 940 2485 ἐντοῖς
970 2421 1254 2492 συμϐόλοις
1282 2424 1422 2492 πρὸς
1445 2423 1698 2494 αἴσθησιν
1726 2425 1998 2495 καὶσῶμα

426 2508 869 2584 καθολικωτάτην
924 2515 1032 2567 τῶν
1083 2516 1186 2569 ὑπὸ
1236 2516 1428 2586 χρόνον
1483 2517 1689 2587 σχέσιν,
1739 2518 1998 2586 ἀφανίσαι

426 2602 521 2654 καὶ
552 2602 880 2670 θανατῶσαι,
913 2607 1056 2662 κατὰ
1093 2609 1152 2662 τὸ
1192 2608 1328 2681 ὕψος
1365 2610 1676 2684 γινομένοις
1699 2610 1794 2666 τοῦ
1832 2613 1995 2680 νόμου

426 2688 523 2758 τῆς
544 2695 926 2766 πνευματικῆς
954 2695 1214 2762 θεωρίας.

493 2863 589 2918 λε’.
635 2867 822 2938 Χωρὶς
855 2870 1096 2940 φυσικῆς
1131 2871 1386 2946 θεωρίας,
1425 2858 1600 2940 οὐδεὶς
1629 2874 1727 2948 τὴν
1760 2874 1898 2948 πρὸς
1931 2879 1996 2933 τὰ

424 2955 545 3010 θεῖα
569 2958 676 3011 τῶν
703 2961 942 3031 νομικῶν
972 2963 1253 3033 συμϐόλων
1281 2965 1601 3037 ἀπέμφασιν
1628 2969 1994 3036 διαγινώσκει,

2105 521 2335 594 ejusque
2377 521 2588 580 ratione
2629 523 2945 578 mandatum
2991 521 3301 591 intelligens
3329 560 3343 586 ,
3384 520 3672 589 solumque

2105 612 2305 669 littera:
2353 617 2614 670 corticem
2671 613 3031 683 corporaliter
3065 649 3078 676 ,
3123 627 3223 682 pro
3265 625 3332 665 eo
3393 625 3458 665 ac
3507 625 3671 664 sensu

2106 714 2478 773 comparatum
2499 714 2602 768 est,
2639 704 3027 773 complectens.

2174 792 2261 847 35.
2291 793 2396 859 Qui
2420 794 2781 865 corporaliter
2807 793 3035 863 legalem
3067 792 3276 844 cultum
3320 790 3458 856 obit,
3501 789 3673 845 instar

2103 883 2368 947 materiae,
2419 885 2626 954 peccati
2661 892 2844 938 actum
2876 881 3082 952 gignit;
3127 880 3408 949 instarque
3461 878 3670 940 forma‘,

2104 974 2305 1048 mentis
2338 974 2393 1027 in
2429 974 2565 1027 illud
2589 972 3047 1042 convenientibus
3078 983 3340 1024 sensuum
3378 967 3671 1038 voluptati-

2104 1061 2209 1120 bus
2244 1064 2603 1119 materialiter
2630 1063 2831 1118 format
2865 1076 3169 1140 assensum.
3197 1057 3302 1125 Qui
3333 1066 3520 1114 autem
3559 1059 3671 1128 Spi-

2102 1155 2337 1209 ritalitcr
2362 1155 2703 1225 Scriptura’m
2721 1153 2942 1222 accipit,
2975 1153 3147 1206 instar
3168 1149 3431 1215 materiae,
3454 1157 3636 1202 actum
3655 1190 3671 1214 ,

2102 1246 2386 1316 instarque
2443 1246 2675 1307 formae,
2737 1243 2947 1314 peccati
2999 1255 3351 1304 consensum,
3389 1256 3496 1293 una
3547 1255 3672 1293 eum

2101 1347 2297 1392 sensus
2323 1348 2429 1407 per
2449 1337 2772 1392 abusionem
2797 1332 3201 1390 lasciva‘indole
3227 1332 3452 1402 ejusque
3475 1331 3672 1395 molis,

2100 1423 2438 1481 naturalium
2466 1427 2743 1481 rationum
2782 1440 2950 1496 opera
2985 1424 3040 1480 in
3073 1423 3297 1478 Sublimi
3328 1421 3671 1492 contempla»

2101 1515 2268 1570 tionis
2294 1530 2393 1571 axe
2422 1515 2714 1570 interimit.

2169 1607 2258 1662 5i.
2284 1606 2564 1660 Materiam
2587 1615 2642 1662 et
2676 1606 2931 1670 formam,
2956 1603 3161 1675 quique
3190 1601 3368 1657 abusu
3390 1603 3537 1657 circa
3560 1607 3676 1655 ma-

2100 1695 2292 1750 teriam
2327 1695 2624 1750 etform‘am
2647 1694 2795 1748 modi
2827 1694 3070 1763 quinque
3101 1707 3360 1748 sensuum
3383 1694 3674 1744 versantur

2030 1757 2076 1810 Β·
2101 1785 2479 1855 (libidinosum
2519 1784 2732 1839 scilicet
2764 1799 2827 1838 ac
2867 1782 3233 1836 innaturalem
3259 1795 3520 1836 sensuum
3547 1791 3675 1835 cum”

2098 1877 2267 1932 rebus
2317 1888 2438 1946 quae
2496 1891 2663 1930 sensu
2707 1874 3093 1945 percipiuntur
3123 1873 3508 1942 complexum;
3554 1872 3673 1926 sive

2097 1969 2223 2023 e'um
2259 1969 2327 2023 iis
2354 1984 2475 2038 quae
2501 1969 2738 2022 subsunt
2778 1965 3013 2035 tempori
3052 1979 3116 2019 ac
3138 1961 3504 2034 dilabuntur),
3546 1971 3668 2032 post

2098 2050 2310 2114 scilicet
2343 2060 2684 2128 corporalem
2713 2057 2848 2127 legis
2896 2057 3104 2110 cultum
3135 2072 3202 2112 ex
3230 2055 3430 2109 litterte
3460 2053 3672 2108 ratione

2097 2156 2250 2206 retro
2297 2149 2573 2214 relictum,
2637 2163 2701 2202 ae
2754 2155 3069 2217 superatam
3116 2144 3498 2216 ignorantiam,
3549 2144 3671 2198 neci

2098 2243 2398 2298 tradendos
2434 2240 2853 2297 sublimioribus
2902 2236 3174 2291 naturalis
3224 2235 3394 2306 618
3427 2240 3672 2288 contem-

2097 2331 2358 2403 plationis
2387 2330 2696 2386 rationibus
2716 2342 2780 2383 ac
2801 2325 3248 2398 cogitationibus,
3272 2327 3359 2380 lex
3387 2323 3669 2394 spiritalis,

2098 2423 2212 2479 sive
2249 2436 2405 2477 mens
2436 2420 2638 2486 tradit;
2688 2431 2886 2486 nempe
2919 2456 2932 2480 ,
2969 2424 3029 2470 ut
3054 2413 3592 2469 univcrsalis‘simam'
3615 2412 3670 2465 in

2098 2513 2360 2585 symbolis
2393 2527 2579 2566 rerum
2608 2509 2854 2579 tempori"
2884 2507 3256 2576 subiectarum
3279 2519 3346 2560 ex
3383 2505 3579 2559 sensus
3609 2517 3671 2556 ac

2098 2603 2346 2673 corporis
2405 2603 2618 2657 ratione
2673 2597 3183 2662 necessitudinem,
3257 2595 3328 2650 ad
3379 2593 3678 2650 sublimem

2097 2695 2252 2753 a'xcm
2315 2693 2576 2766 spiritalis
2621 2689 3102 2762 contemplationis
3157 2688 3295 2759 legis
3356 2692 3670 2757 provectae,

2099 2785 2357 2841 aboleant
2385 2800 2450 2840 ac
2487 2784 2826 2839 interimant.

2168 2878 2253 2932 55.
2279 2877 2425 2933 Citra
2453 2875 2755 2931 naturalem
2784 2873 3237 2944 speculationem,
3261 2877 3426 2921 nemo
3453 2864 3673 2934 symbo-

2099 2968 2278 3024 lorum
2332 2968 2588 3038 legalium
2634 2965 3040 3020 dissentaneam
3091 2977 3120 3015 a
3161 2958 3379 3014 divinis
3403 2952 3671 3011 rationem

425 3047 488 3142 ΕΙ
521 3050 628 3120 γὰρ
685 3051 759 3123 μὴ
794 3054 1037 3122 φυσικῶς
1069 3055 1330 3127 πρότερόν
1357 3075 1440 3122 τις
1469 3059 1566 3130 τὴν
1588 3063 1644 3114 ὲν
1659 3065 1768 3124 τοῖς
1797 3063 1993 3133 συμϐό-

2100 3058 2398 3128 cognoseit.
2429 3057 2542 3112 Nisi
2575 3055 2722 3111 enim
2755 3055 2883 3125 quis
2915 3053 3089 3124 prius,
3126 3050 3537 3106 divinorum'ae
3584 3046 3674 3101 inc

421 3141 534 3205 λοις
562 3144 670 3196 τῶν
705 3145 864 3198 θείων
900 3149 994 3200 καὶ
1017 3148 1222 3218 νοητῶν
1253 3149 1628 3223 διασκοπήσας
1646 3154 1989 3225 ἀπέμφασιν,

422 3233 596 3285 ἐλθεῖν
619 3235 846 3306 ποθήσει
883 3238 1022 3292 κατὰ
1050 3239 1195 3304 νοῦν,
1221 3239 1326 3306 ἔξω
1365 3242 1643 3306 παντελῶς
1681 3244 1789 3298 τῶν
1834 3246 1994 3299 θείων

421 3326 630 3380 ἀδύτων
655 3327 753 3400 τὴν
782 3329 1037 3400 αἴσθησιν
1060 3331 1309 3400 θέμενος,
1347 3333 1484 3405 πρὸς
1515 3335 1616 3408 τῆν
1648 3336 1755 3389 τῶν
1790 3337 1994 3408 νοητῶν

419 3418 773 3487 εὐπρέπειαν,
790 3421 887 3489 τῆς
905 3423 961 3473 ὲν
977 3424 1088 3485 τοῖς
1099 3424 1288 3487 τύποις
1311 3423 1644 3496 ἀπολυθῆναι
1661 3424 1911 3494 καθάπαξ
1932 3429 1994 3480 οὐ

419 3508 642 3563 δύναται
691 3512 1013 3582 σωματικῆς
1062 3514 1336 3578 ποικιλίας
1365 3533 1379 3546 ο
1408 3515 1532 3568 καθ’
1555 3518 1620 3588 ἣν
1652 3517 1760 3581 ἕως
1796 3518 1995 3590 βέϐηκε

421 3597 516 3650 τοῦ
547 3599 876 3670 γράμματος
906 3600 1284 3671 ἀντεχόμενος,
1311 3603 1411 3674 τὴν
1435 3605 1497 3656 ὲκ
1547 3605 1642 3658 τοῦ
1693 3605 1854 3677 λιμοῦ
1895 3610 1995 3679 τῆς

420 3689 674 3756 γνώσεως
696 3689 921 3754 εἰκότως
937 3692 1247 3763 ἀπορίαν·οὐ
1269 3695 1693 3766 παραμυθεῖται,
1726 3697 1825 3768 τῆς
1855 3699 1896 3752 Γ
1900 3716 1995 3770 ρα-

421 3781 528 3849 φῆς
555 3781 653 3852 τὴν
675 3780 799 3851 γῆν,
845 3781 1012 3851 ἤγουν
1057 3780 1119 3834 τδ
1167 3781 1344 3852 σῶμα,
1399 3783 1540 3838 κατὰ
1585 3783 1682 3837 τὸν
1718 3786 1994 3858 ἀπατηλὸν

419 3869 542 3937 ὅφιν
591 3870 793 3925 ἐσθίειν
844 3871 1036 3926 ἑαυτὸν
1094 3873 1464 3937 καταδικάσας
1489 3890 1503 3906 ’
1560 3874 1678 3930 ἀλλ’
1725 3877 1787 3931 οὐ
1851 3877 1994 3932 κατὰ

419 3959 673 4031 Χριστὸν,
701 3961 795 4014 τὸν
823 3961 1071 4032 οὐρανὸν,
1107 3961 1278 4037 ῆγουν
1314 3963 1414 4032 τῆς
1438 3963 1663 4034 Γραφῆς
1691 3966 1749 4018 τὸ
1773 3966 1994 4037 πνεῦμα

420 4052 513 4104 καὶ
542 4051 640 4122 τὴν
667 4051 867 4122 ψυχὴν,
903 4051 1154 4105 τουτέστι
1183 4053 1272 4106 τὸν
1296 4053 1547 4124 οὐράνιον
1580 4057 1676 4110 καὶ
1703 4058 1993 4126 ἀγγελικὸν

419 4141 585 4213 ἄρτον
614 4158 626 4172 ·
650 4142 794 4208 λέγω
830 4143 909 4205 δὲ,
931 4142 1030 4212 τὴν
1061 4143 1119 4196 ἐν
1144 4143 1368 4216 Χριστῷ
1403 4147 1512 4200 τῶν
1549 4148 1782 4219 Γραφῶν
1825 4166 1991 4203 πνευ-

422 4231 658 4301 ματικὴν
693 4231 927 4300 θεωρίαν
972 4233 1069 4286 καὶ
1113 4233 1316 4301 γνῶσιν
1365 4235 1861 4308 βρωματιζόμενος,
1925 4241 1992 4311 ην

417 4321 602 4373 δίδωσι
662 4320 905 4390 δαψιλῶς
957 4323 1466 4397 ὲπιχορηγουμένην
1521 4330 1632 4393 τοῖς
1699 4330 1990 4399 ἀγαπῶσιν

2100 3152 2462 3223 telligibilium
2491 3151 2835 3206 dissentanea
2857 3148 2911 3202 in
2936 3143 3197 3219 symbolis
3224 3143 3442 3197 ratione
3465 3155 3531 3195 ac
3558 3137 3672 3193 dis-

2095 3243 2460 3298 similitudine
2520 3241 2814 3311 diligenter
2882 3240 3167 3308 inspecta,
3229 3249 3395 3291 sensu
3450 3231 3672 3302 penitus

2096 3333 2299 3389 divinis
2326 3335 2550 3389 excluso
2583 3332 2783 3404 adytis,
2825 3330 3068 3400 forisque
3093 3329 3318 3392 relicto,
3355 3324 3422 3380 ad
3445 3337 3671 3380 eorum-

2096 3427 2224 3481 dem
2249 3426 2580 3495 spiritalium
2603 3423 3145 3494 intelligibiliumque
3175 3420 3456 3481 decorem,
3485 3423 3671 3470 mente

2095 3517 2286 3571 venire
2337 3525 2581 3586 satagat,
2635 3531 2666 3568 a
2724 3513 2997 3584 corporali
3047 3511 3343 3583 figurarum
3403 3507 3672 3562 varietate

2095 3607 2322 3662 omnino
2351 3605 2561 3660 absolvi
2593 3620 2704 3659 non
2734 3611 2945 3674 potest;
2974 3617 3043 3657 ex
3075 3601 3234 3672 cujus
3258 3599 3471 3654 ratione
3494 3611 3670 3667 quan-

2095 3698 2190 3754 diu
2217 3697 2481 3763 ambulat,
2499 3697 2700 3752 litterae
2719 3695 3006 3751 adhaerens
3030 3707 3260 3763 eamque
3277 3687 3668 3752 consectando,

2095 3791 2156 3845 tit
2182 3790 2403 3855 merito,
2455 3797 2518 3844 ut
2565 3796 2889 3861 egestatem,
2934 3801 3043 3857 qua
3097 3784 3239 3840 fame
3290 3783 3528 3846 laborat,
3560 3796 3671 3835 non

2093 3882 2325 3944 soletur,
2393 3881 2488 3951 qui
2539 3881 2655 3950 ipse
2717 3894 2799 3947 se,
2861 3879 3136 3949 serpentis
3184 3873 3490 3931 seductoris
3519 3886 3672 3927 more

2093 3971 2388 4034 addixerit,
2449 3979 2508 4024 ut
2562 3969 2864 4039 Scripturae
2912 3977 3117 4024 terram
3167 3965 3390 4036 (corpus
3438 3961 3670 4029 scilicet)

2093 4061 2341 4117 comedat
2363 4062 2426 4127 "‘;
2443 4076 2549 4114 non
2575 4068 2632 4114 ut
2659 4059 2968 4116 Christiana
2995 4059 3351 4131 ingenuitate,
3370 4055 3672 4125 Scriptura:

2091 4153 2290 4208 caelum
2319 4151 2591 4222 (spiritum
2620 4151 2831 4205 scilicet
2859 4151 3214 4220 animumque
3246 4161 3443 4216 nempe
3473 4158 3669 4214 panem

2092 4244 2374 4298 caelestem
2400 4253 2456 4298 et
2479 4241 2816 4313 angelicum)
2842 4241 3142 4296 manducet
3175 4256 3189 4292 :
3219 4237 3542 4308 spiritalem,
3583 4234 3669 4288 in-

2093 4347 2279 4404 quam,
2311 4335 2366 4388 in
2390 4333 2611 4389 Christo
2632 4332 3043 4403 Seripturarum
3067 4327 3586 4399 contemplationem
3615 4333 3671 4379 et

419 4414 580 4467 αὑτὸν
609 4416 638 4468 ὁ
661 4414 813 4478 Θεὸς,
842 4416 986 4470 κατὰ
1009 4417 1068 4470 τὸ
1105 4420 1512 4489 γεγραμμένον,
1565 4422 1770 4490 Ἄρτον
1817 4424 1990 4493 οὐρα·

2098 4423 2387 4480 εοίριιιίιιῐη
2423 4424 2607 4478 cibum
2645 4423 2898 4492 adeptus,
2937 4435 3101 4492 quem
3147 4421 3292 4475 Deus
3330 4421 3511 4489 ipsum
3539 4413 3667 4472 dili-

416 4507 529 4596 mi)
558 4506 781 4562 ἔδωκεν
811 4508 1034 4575 αὐτοῖς,
1063 4509 1247 4578 ἄρτον
1289 4513 1563 4582 ἀγγέλων
1611 4515 1834 4584 ἔφαγεν
1886 4517 1988 4570 ἅν-

416 4600 663 4666 θρωπος.

492 4771 594 4838 λς’.
645 4773 764 4846 Χρὴ
801 4773 900 4846 τὴν
943 4775 1064 4828 κατ’
1094 4776 1346 4847 αἴσθησιν
1381 4779 1515 4849 πρὸς
1541 4779 1701 4850 σῶμα
1733 4781 1829 4852 τῆς
1851 4779 1993 4852 Γρα-

417 4860 524 4934 φῆς
551 4865 799 4936 ἐκδοχὴν,
827 4866 902 4930 ὼς
923 4867 1113 4921 παθῶν
1143 4867 1424 4940 προδήλως
1447 4871 1541 4924 καὶ
1580 4872 1678 4941 τῆς
1733 4873 1870 4944 πρὸς
1921 4874 1990 4928 τὰ

416 4958 644 5027 χρονικὰ
682 4961 778 5012 καὶ
825 4960 1016 5030 ῥέοντα
1049 4962 1305 5033 σχετικῆς
1336 4945 1629 5027 διαθέσεως
1660 4961 1827 5020 οὖσαν
1859 4983 1985 5034 γεν-

416 5042 660 5114 νητικὴν,
685 5045 852 5116 ῆγουν
879 5047 980 5118 τῆς
1010 5050 1147 5119 πρὸς
1179 5051 1247 5102 τὰ
1279 5053 1512 5123 αἰσθητὰ
1545 5053 1653 5106 τῶν
1682 5056 1988 5125 αἰσθήσεων

417 5134 697 5202 ὲμπαθοῦς
728 5137 1030 5209 ἐνεργείας,
1049 5141 1124 5204 ὡς
1151 5141 1319 5195 Σαοὺλ
1338 5143 1504 5197 τέκνα
1526 5147 1618 5198 καὶ
1642 5145 1860 5216 ἔκγονα,
1899 5148 1988 5202 διὰ

489 5286 533 5320 ⁸⁸
554 5289 691 5346 Gen.
720 5306 799 5355 tn,
831 5292 918 5348 14.
996 5295 1042 5327 δ’
1074 5295 1216 5351 Psal.
1256 5312 1454 5360 txxvu,
1482 5299 1572 5352 24.

416 5423 558 5506 nalis
586 5423 713 5504 inde
745 5423 1016 5506 redditus,
1047 5441 1110 5481 ac
1143 5428 1294 5506 velut
1318 5429 1437 5506 ejus
1465 5443 1619 5492 cura,
1641 5438 1698 5482 et
1733 5431 1987 5506 voluptas

417 5492 530 5574 illis
554 5495 850 5574 sanciatur,
891 5503 951 5550 ut
988 5492 1368 5574 superioribus
1408 5492 1983 5574 jam_e_x_posuit._i\_‘on

416 5565 557 5618 bene
590 5564 773 5638 Picus,
803 5564 1344 5638 incarnatuaruentis
1379 5564 1652 5638 sacriﬁciis
1676 5570 1853 5638 :quod
1891 5571 1982 5625 ille

415 5635 642 5708 eruentis
664 5635 1142 5708 scripseritrQuod
1182 5647 1325 5708 erat,
1354 5639 1412 5690 ὲν
1448 5637 1524 5705 τῷ
1566 5637 1687 5708 ὕψει
1717 5635 1812 5708 τῆς
1837 5641 1979 5692 ἀπα-

421 5704 604 5768 θείας·
635 5716 909 5776 essctque,
964 5707 1019 5762 in
1052 5704 1533 5777 imperturbationis
1575 5704 1807 5762 celsitaic
1832 5711 1980 5780 ejus-

2097 4517 2354 4588 gentibus
2397 4517 2546 4586 large
2586 4515 2989 4577 subministret,
3022 4514 3176 4584 juxta
3222 4511 3371 4582 quod
3403 4509 3667 4580 scriptum

2096 4617 2179 4663 est
2211 4626 2223 4661 :
2252 4607 2451 4662 Prmem
2484 4607 2597 4662 caeli
2631 4607 2772 4660 dedit
2800 4607 2874 4659 eis
2896 4644 2912 4669 ,
2945 4620 3135 4675 panem
3169 4601 3480 4674 angelorum
3512 4615 3667 4653 man-

2096 4699 2304 4752 ducavit
2332 4701 2485 4752 homo
2508 4698 2574 4750 ’·⁹.

2169 4790 2257 4844 56.
2295 4789 2487 4860 Opem
2518 4789 2758 4858 pretium
2795 4797 2900 4851 est,
2931 4795 2994 4841 ut
3036 4784 3335 4854 Scriptura
3377 4796 3442 4836 ex
3473 4794 3668 4835 sensus

2098 4879 2312 4934 ratione
2364 4879 2582 4949 corpori
2646 4875 3123 4933 accommodatam.
3165 4872 3562 4942 acceptionem,
3607 4878 3668 4923 ut

2095 4968 2386 5038 perspicue
2425 4967 2907 5038 perturbationum
2945 4965 3316 5034 vitiorumque
3340 5003 3356 5028 ,
3387 4977 3452 5018 ac
3480 4961 3667 5018 libidi-

2094 5073 2241 5113 nosae
2261 5074 2386 5128 erga
2407 5067 2758 5127 temporanea
2779 5057 3030 5126 iluxaque
3051 5053 3358 5110 affectionis
3383 5061 3665 5124 parentem

2097 5150 2330 5219 (vitiosa:
2357 5149 2571 5205 scilicet
2597 5164 2791 5204 sensus
2823 5163 2952 5218 erga
2986 5162 3074 5204 res
3105 5147 3181 5202 illi
3205 5146 3450 5218 objectas
3473 5158 3668 5215 opera-

2093 5447 2199 5500 que
2233 5445 2449 5485 summo
2474 5447 2571 5486 axe
2599 5446 2662 5486 ac
2682 5431 2911 5495 vertice,
2937 5429 3195 5500 allegoria
3229 5429 3579 5500 adimontem,
3605 5427 3664 5482 in

2091 5497 2201 5570 quo
2257 5501 2505 5555 cruciﬁxi
2557 5500 2744 5556 Saulis
2793 5500 2924 5564 ﬁlii;
2973 5497 3085 5553 non
3122 5499 3263 5554 bene
3296 5497 3439 5553 idem
3471 5497 3656 5570 Picus,

2089 5567 2429 5641 cogitationes
2451 5571 2665 5626 excelsa
2693 5571 2972 5626 vacuitatis
2991 5571 3343 5639 aﬁectionum,
3377 5567 3559 5641 aptius
3576 5576 3667 5641 ita-

2087 5637 2233 5765 215:1}
2233 5641 2386 5764 lqulod
2412 5641 2629 5697 restitui
2649 5641 2902 5712 θεωρίας,
2924 5637 3209 5712 exstatque
3230 5637 3420 5709 quaest;
3452 5637 3541 5693 illa
3567 5637 3657 5700 65,

2247 5727 2297 5765 ta
2326 5727 2428 5765 ass.

2247 5727 2428 5766 ιαιαδε.
