4010 6202
481 263 614 328 1363

475 462 870 531 speculationis
934 480 1067 534 cpe,
1129 467 1279 522 velut
1342 469 1396 524 in
1456 481 1643 528 monte
1704 472 2061 545 (divinorum

476 552 690 609 scilicet
735 556 1086 625 eloquiorum
1139 559 1318 612 altiori
1354 571 1410 614 et
1457 579 1487 616 a
1552 580 1717 619 sensu
1777 567 2064 620 remotiori

477 645 890 717 intelligentia)
945 646 1262 715 deleamus;
1327 653 1572 710 simodo
1623 655 1810 711 divina
1875 658 2063 711 satiari

475 737 651 805 gratia
681 737 1077 793 desideramus.

544 821 633 877 37.
671 823 897 879 Veritati
952 827 1209 898 injuriam
1260 831 1471 891 faciunt
1509 850 1619 889 tum
1677 837 1786 902 lex,
1841 854 1964 909 quze
1996 854 2064 894 ex

476 912 590 966 sola
622 913 823 970 littera:
854 918 1065 973 ratione
1095 921 1452 994 intelligatur,
1487 939 1600 981 tum
1632 929 1790 998 plebs
1813 931 2061 998 Judaica,

476 1017 538 1055 ac
557 1002 599 1056 si
623 1005 750 1073 quis
769 1006 966 1063 horum
991 1011 1175 1067 animo
1200 1017 1404 1070 assecla
1433 1019 1685 1087 exsiStit;
1713 1023 1828 1077 sola
1854 1025 2067 1079 scilicet

478 1092 665 1148 littera
694 1097 804 1169 vim
843 1099 979 1169 legis
1008 1101 1301 1169 deﬁniens,
1336 1123 1440 1162 nec
1475 1109 1545 1163 ad
1584 1113 1829 1182 mystica:
1876 1114 1933 1168 in
1975 1115 2066 1168 lit-

484 1194 600 1240 tera
652 1191 881 1246 oceultte
943 1194 1186 1252 scientiae
1250 1199 1704 1268 declarationem,
1752 1209 2063 1265 naturalem

482 1279 912 1345 speculationem
946 1285 1204 1354 (mediam
1239 1291 1450 1347 scilicet
1485 1294 1630 1348 inter
1657 1295 1858 1366 ﬁguras
1892 1309 1948 1353 et
1969 1315 2064 1354 ve-
2121 1298 2123 1300 ’

484 1368 724 1441 ritatem)
781 1389 1094 1444 assumens;
1131 1397 1253 1450 quae
1306 1397 1402 1438 eos
1463 1385 1556 1454 qui
1608 1385 1974 1446 instituuntur
2033 1403 2077 1444 a.

483 1457 672 1527 ﬁguris
695 1460 1040 1532 adducendo,
1076 1467 1144 1521 ad
1179 1470 1465 1525 veritatem
1495 1473 1725 1528 reducat
1760 1492 1773 1528 :
1802 1477 1899 1531 sed
1917 1478 2068 1532 velut

479 1562 599 1601 eam
663 1564 892 1620 prorsus
939 1570 1183 1625 negans,
1225 1568 1281 1614 et
1325 1575 1356 1614 a
1407 1561 1719 1617 divinorum
1779 1566 2067 1622 secretiori

479 1635 736 1694 doctrina
781 1641 1094 1700 initiatione
1142 1647 1303 1718 longe
1347 1650 1666 1706 amandans.
1713 1653 1880 1724 619
1912 1654 2066 1711 Hane

480 1724 649 1796 igitur
676 1733 1022 1801 corporalem
1054 1752 1118 1790 ac
1165 1747 1578 1807 temporaneam
1619 1741 1756 1811 legis
1789 1745 2064 1815 aceeptio-
2097 1741 2138 1795 Β

476 1828 628 1880 nem,
664 1819 818 1875 velut
847 1825 1081 1893 tempori
1107 1824 1406 1882 obnoxiam
1437 1827 1772 1901 ﬁuxamque,
1809 1837 1968 1905 quasi
2006 1838 2063 1895 in

478 1915 688 1971 monte,
723 1908 778 1963 in
807 1912 1054 1968 scientiae
1081 1916 1443 1985 sublimitate,
1468 1936 1568 1990 per
1595 1925 1904 1980 naturalem
1937 1942 2063 1997 spe-

476 1997 810 2054 culationem
855 2002 1178 2062 interimant
1216 2024 1440 2064 necesse
1471 2020 1576 2076 est,
1619 2015 1713 2083 qui
1747 2015 2063 2073 divinorum

476 2093 916 2158 spectaculorum
952 2113 1357 2170 sensorumque
1398 2103 1576 2157 seduli
1612 2116 1888 2183 amatores
1915 2112 2060 2166 exsi-

474 2191 645 2239 stant.

541 2276 631 2332 58.
657 2277 1013 2349 Corporalem
1037 2281 1337 2354 Scriptum
1367 2287 1786 2362 intelligentiam
1833 2312 2062 2366 prorsus

473 2363 679 2436 abolet,
709 2370 801 2440 qui
823 2373 1059 2428 actionis
1081 2376 1231 2432 cultu
1256 2393 1358 2447 per
1395 2383 1702 2438 naturalem
1725 2363 2061 2456 speculatio-

476 2473 600 2513 nem
624 2462 870 2530 perimit,
902 2481 1024 2535 qua:
1050 2481 1117 2520 ex
1153 2468 1274 2539 lege
1322 2473 1528 2543 scripta
1560 2477 1758 2534 anima:
1806 2480 2058 2546 inolevit,

472 2547 825 2608 libidinosam
847 2571 910 2611 ac
945 2572 1238 2627 corporum
1269 2572 1568 2632 amantem,
1591 2583 1717 2639 erga
1751 2571 2059 2627 instabilem

473 2643 787 2718 ﬁuxamque
807 2651 1096 2706 materiam
1118 2657 1587 2715 necessitudinem
1604 2676 1668 2717 ac
1690 2663 2058 2733 aﬁ'ectioncm;

474 2735 626 2790 velut
654 2736 916 2792 nimirum
963 2739 1148 2798 Saulis
1196 2744 1339 2800 ﬁlios
1385 2762 1450 2803 ac
1495 2761 1752 2820 nepotes,
1790 2753 2059 2811 humilem

473 2827 613 2899 legis
661 2829 1104 2903 intelligentiam,
1156 2836 1340 2894 media
1372 2844 1610 2898 naturali
1663 2847 2058 2914 speculatione,

475 2927 733 2989 tanquam
791 2922 850 2976 in
909 2935 1128 2991 monte,
1171 2928 1230 2983 in
1293 2929 1540 2988 scientiae
1611 2937 1762 2992 celso
1809 2939 2058 3007 vertice,

467 3008 758 3080 jugulans;
794 3016 1253 3090 manifestamque
1283 3024 1426 3091 apud
1455 3024 1773 3094 Dominum,
1801 3032 2056 3101 superio-

474 3117 592 3158 rem
619 3103 757 3176 legis
782 3110 1162 3178 acceptionem
1197 3116 1418 3184 corpori
1445 3116 1932 3190 indulgentiorem,
1960 3140 2059 3194 per

473 3195 877 3253 confessionem
911 3199 1138 3256 faciens.
1187 3203 1302 3260 Hoc
1356 3208 1503 3262 enim
1549 3210 1815 3268 studiosis
1873 3230 2057 3270 rerum

474 3283 891 3358 indagatoribus
914 3308 981 3346 ex
1017 3293 1126 3349 illis
1149 3297 1332 3352 verbis
1375 3299 1680 3372 intelligere
1728 3304 1893 3360 liceat
1929 3323 1942 3360 :
1977 3306 2061 3361 Ad

473 3375 638 3431 solem
667 3396 927 3448 exponere
949 3395 1072 3438 ante
1098 3385 1401 3443 Dominum.
1425 3391 1492 3445 Et
1517 3393 1586 3446 ad
1612 3394 1775 3449 solem
1807 3413 2057 3467 exposue-

476 3475 602 3521 runt
630 3486 738 3534 ees,
771 3473 970 3541 inquit,
1003 3478 1056 3529 in
1085 3488 1256 3532 monte
1287 3492 1410 3536 ante
1434 3484 1717 3541 Dominum
1739 3490 1782 3520 ⁸⁸
1812 3508 1825 3543 :
1862 3506 2059 3562 nempe

478 3557 533 3613 in
576 3560 754 3616 lucem
777 3565 1149 3633 producentes
1176 3573 1296 3640 (per
1332 3578 1622 3632 scientiam
1667 3581 1901 3652 scilicet)
1933 3557 2060 3654 quae

478 3665 543 3706 cx
575 3650 772 3708 litterae
816 3657 1027 3713 ratione
1059 3669 1144 3714 est
1199 3662 1388 3733 illique
1417 3667 1686 3737 adlneret,
1729 3650 2055 3743 occupatam

475 3744 679 3798 erroris
715 3745 1029 3816 Opinionem
1070 3769 1083 3805 :
1117 3754 1264 3822 quod
1306 3767 1391 3812 est
1427 3769 1735 3816 emortuam
1794 3763 1927 3835 legis
1969 3766 2058 3820 lit-

477 3840 650 3890 teram
708 3852 808 3906 per
863 3839 1153 3898 scientiam
1239 3846 1294 3900 in
1347 3849 1546 3918 spiritu
1590 3853 1669 3924 (in
1720 3855 2059 3916 sublimitate

477 3927 896 4000 speculationis)
922 3934 1298 3992 manifestare.

548 4015 639 4073 59.
676 4018 902 4090 Littera,
937 4023 1135 4095 inquit,
1168 4029 1390 4095 occidit;
1419 4033 1635 4101 spiritus
1680 4043 1860 4090 autem
1890 4036 2060 4106 viviﬁ-

477 4115 562 4163 cat
582 4109 648 4163 ³³,
679 4109 1046 4177 Quamobrem
1079 4119 1168 4174 cui
1195 4120 1267 4174 ita
1296 4132 1674 4192 comparatum
1704 4135 1789 4181 est
1813 4137 1872 4183 ut
1905 4129 2058 4184 occi-

479 4196 593 4265 dat,
651 4203 938 4260 occidatur
988 4223 1218 4265 necesse
1273 4221 1358 4267 est
1400 4214 1622 4270 viviﬁco
1674 4219 1895 4289 spiritu.
1935 4222 2055 4278 Una

477 4291 626 4345 enim
659 4292 822 4348 simul
846 4294 900 4349 in
924 4306 1051 4352 actu
1072 4299 1362 4370 exsistere,
1389 4305 1536 4374 quod
1560 4305 1696 4378 legis
1726 4324 2057 4380 corporeum

1637 272 1696 332 S.
1740 274 2028 334 ΜΑΧΙΜΙ
2062 274 2571 346 CONFESSORIS
3391 346 3399 354 ..

476 370 663 441 tionis)
692 379 951 442 tanquam
975 370 1156 428 Saulis
1188 374 1329 431 ﬁlios
1363 391 1427 432 ac
1451 389 1682 449 nepotes
1701 381 1768 446 ⁸ο,
1799 382 2063 436 naturalis

2167 387 2268 457 τῆς
2308 391 2545 462 φυσικῆς
2575 394 2630 445 ἐν
2661 393 2796 466 ὕρει,
2821 401 2887 468 τῇ
2919 399 3024 454 τῶν
3053 399 3220 456 θείων
3242 402 3518 477 ἀναγωγῇ,
3542 407 3706 478 λογίων

3596 298 3707 366 ιδει

2165 478 2430 548 ἀφανίσαι
2461 483 2714 555 θεωρίας,
2745 487 2799 540 εἴ
2821 506 2937 554 πως
2977 493 3361 566 ἐμφορηθῆναι
3407 497 3546 564 θείας
3585 503 3707 571 ἐφιέ-

2167 572 2308 640 μεθα
2331 573 2573 644 χάριτος.

2236 849 2334 912 λζ’.
2387 851 2586 906 Ἀδικεῖ
2626 855 2724 925 τὴν
2763 857 3025 928 ἀλήθειαν
3056 863 3082 916 ὅ
3115 880 3181 916 τε
3233 865 3398 935 νόμος
3421 869 3552 922 κατὰ
3578 872 3707 940 μένον

2165 939 2226 993 τὸ
2255 940 2489 1012 γράμμα
2516 943 2823 1015 νοούμενος,
2856 950 2951 1002 καὶ
2981 951 3008 1002 ὁ
3031 952 3142 1004 τῶν
3180 954 3454 1008 Ἰουδαίων
3478 939 3608 1023 λαὸς,
3634 965 3708 1016 καὶ

2167 1032 2220 1085 εῐ
2243 1049 2324 1096 τις
2346 1034 2570 1088 ἐκείνων
2602 1037 2836 1108 ὑπάρχει
2870 1041 3011 1094 κατά
3036 1043 3283 1098 διάνοιαν
3313 1047 3562 1119 μιμητὴς,
3588 1053 3706 1125 μόνῳ

2165 1125 2243 1196 τῷ
2270 1127 2560 1198 γράμματι
2593 1133 2951 1200 περιγράφων
2992 1134 3082 1187 τοῦ
3140 1135 3314 1205 νόμου
3357 1136 3452 1208 τὴν
3492 1140 3704 1210 δύναμιν,

2167 1218 2259 1269 καὶ
2290 1217 2364 1288 μὴ
2391 1219 2679 1290 δεχόμενος
2709 1224 2842 1293 πρὸς
2878 1227 2976 1295 τὴν
3007 1227 3324 1298 φανέρωσιν
3354 1230 3450 1300 τῆς
3481 1236 3704 1303 μυστικῆς

2167 1310 2631 1384 ὲγκεκρυμμένης
2668 1315 2745 1384 τῷ
2772 1317 3062 1388 γράμματι
3107 1319 3369 1386 γνώσεως
3397 1322 3489 1392 τὴν
3513 1328 3702 1395 φυσικὴν

2167 1397 2421 1472 θεωρίαν,
2466 1402 2640 1474 μέσην
2678 1406 3029 1476 ὑπάρχουσαν
3065 1409 3262 1465 τύπων
3301 1414 3395 1466 καὶ
3436 1413 3664 1485 ἀληθείας
3687 1434 3698 1449 ο

2165 1489 2276 1545 τῶν
2309 1491 2426 1561 μὲν,
2457 1494 2582 1557 τοὺς
2625 1495 2925 1566 ἀγομένους
2968 1499 3318 1567 ἀπάγουσαν,
3368 1502 3497 1574 πρὸς
3535 1506 3585 1560 δὲ
3623 1508 3700 1578 τὴν

2167 1581 2546 1650 ὲπανάγουσαν
2577 1603 2590 1618 ·
2623 1585 2738 1638 ἀλλ’
2770 1583 2880 1642 οἷον
2899 1588 3107 1660 ταύτην
3133 1592 3370 1661 πάμπαν
3391 1595 3693 1666 ἀρνούμενος,

2168 1674 2262 1727 καὶ
2301 1675 2400 1743 τῆς
2431 1677 2538 1729 τῶν
2567 1676 2725 1731 θείων
2752 1680 2922 1752 αὐτὴν
2948 1681 3054 1746 ἔξω
3087 1684 3418 1755 ποιούμενος
3454 1706 3694 1758 μυοτιιγω⁴

2165 1765 2312 1834 γίας.
2343 1767 2558 1836 Ταύτην
2583 1771 2870 1840 τοιγαροῦν
2902 1772 3008 1845 χρὴ
3034 1775 3131 1828 τοῦ
3171 1775 3339 1845 νόμου
3370 1778 3466 1847 τὴν
3501 1795 3694 1848 σωματι-

2169 1854 2271 1926 κὴν
2315 1856 2410 1910 καὶ
2457 1859 2790 1931 πρόσκαιρον
2840 1861 3090 1932 ἐκδοχὴν,
3144 1863 3222 1928 ὡς
3283 1865 3386 1921 ὑπὸ
3417 1866 3587 1936 χρόνον
3622 1870 3693 1921 καὶ

2170 1947 2416 2016 ῥέουσαν,
2456 1949 2799 2005 ἀποκτείνειν
2841 1951 2931 2006 διὰ
2960 1954 3064 2023 τῆς
3107 1956 3351 2026 φυσικῆς
3387 1957 3612 2026 θεωρίας,
3639 1959 3696 2022 ὡς

2167 2035 2226 2089 ὲν
2251 2036 2368 2106 δρει
2399 2036 2477 2108 τῷ
2501 2036 2626 2107 ὕψει
2649 2042 2746 2110 τῆς
2774 2039 3053 2109 γνώσεως,
3076 2045 3210 2109 τοὺς
3239 2044 3348 2099 τῶν
3371 2045 3519 2101 θείων
3537 2049 3695 2118 tmpe-

2169 2127 2336 2198 λητάς
2372 2127 2681 2200 θεαμάτων.

2235 2299 2339 2374 λη’.
2379 2302 2484 2355 Τὸν
2541 2305 2856 2375 σωματικὸν
2904 2309 3029 2362 νοῦν
3070 2311 3178 2381 τῆς
3218 2311 3440 2382 Γραφῆς
3488 2311 3692 2378 ἀφανίζει

2167 2391 2465 2459 παντελῶς,
2507 2393 2535 2444 ὁ
2566 2395 2766 2466 πράξει
2793 2398 2880 2452 διὰ
2907 2400 3007 2469 τῆς
3055 2401 3300 2472 φυσικῆς
3345 2402 3550 2472 θεωρίας
3585 2404 3688 2454 ἀπο-

2165 2483 2394 2537 κτείνων
2431 2485 2531 2556 τὴν
2572 2488 2872 2558 γενομένην
2906 2491 2969 2542 ὲκ
2998 2490 3096 2544 τοῦ
3127 2493 3373 2562 γραπτοῦ
3394 2494 3560 2562 νόμου.
3586 2494 3690 2561 πρὸς

2161 2571 2260 2642 τὴν
2281 2573 2514 2627 ἄστατον
2537 2574 2670 2646 ὕλην
2701 2578 2795 2630 καὶ
2848 2580 3082 2648 ῥέουσαν
3137 2586 3205 2652 τῇ
3265 2581 3406 2653 ψυχῇ
3463 2583 3687 2652 φιλήδονον

2165 2659 2350 2729 σχέσιν
2400 2662 2495 2715 καὶ
2549 2663 2950 2735 φιλοσώματον,
3002 2670 3402 2738 κατασφηάττων
3450 2670 3517 2733 ὡς
3558 2673 3685 2722 τέκνα

2161 2747 2257 2800 τοῦ
2291 2749 2463 2803 Σαοὺλ
2490 2750 2584 2804 καὶ
2643 2753 2862 2821 ἔκγονα,
2909 2756 3005 2828 τὴν
3050 2760 3392 2829 χαμαίζηλον
3432 2759 3514 2811 τοῦ
3561 2760 3686 2828 νόμον

2161 2837 2423 2902 διάνοιαν,
2462 2840 2552 2895 διὰ
2597 2843 2768 2915 μέσης
2815 2847 2918 2915 τῆς
2965 2851 3210 2920 φυσικῆς
3266 2850 3501 2920 θεωρίας,
3544 2849 3604 2911 ὡς
3643 2851 3684 2900 ὲν

2162 2925 2280 2997 ὄρει
2321 2926 2399 2997 τῷ
2439 2927 2562 2998 ὕψει
2599 2930 2699 3002 τῆς
2724 2933 2999 3000 γνώσεως,
3028 2937 3129 2989 καὶ
3158 2938 3396 3007 φανερὰν
3420 2937 3684 3002 ποιούμενος

2166 3017 2398 3074 ἐνώπιον
2465 3021 2692 3094 Κυρίου,
2757 3024 2824 3077 δι’
2875 3025 3324 3098 ἐξομολογήσεως
3368 3029 3562 3099 δηλαδὴ,
3609 3028 3682 3096 τὴν

2163 3107 2297 3179 πρὸς
2331 3108 2490 3180 σῶμα
2537 3110 2632 3163 τοῦ
2661 3112 2828 3183 νόμου
2859 3113 3134 3182 προτέραν
3174 3116 3412 3186 ἐκδοχὴν.
3442 3116 3584 3168 Τοῦτο
3601 3117 3682 3185 γὰρ

2161 3198 2258 3264 τὸ,
2326 3200 2668 3269 Ἐξηλιὰσαι
2697 3243 2711 3267 ,
2773 3204 3011 3257 νοεῖσθαι
3061 3205 3292 3260 δύναται
3335 3210 3442 3270 τοῖς
3494 3207 3678 3274 φιλομαο

2163 3291 2333 3358 θέσιν,
2380 3293 2584 3348 ἔναντι
2658 3296 2902 3363 Κυρίου.
2940 3298 3050 3351 Καὶ
3109 3301 3440 3367 ἐξηλίασαν
3486 3297 3676 3361 αὐτοὺς,

2163 3384 2426 3452 φησὶν,ἐν
2461 3384 2540 3450 τῷ
2571 3385 2690 3454 ὄρει
2726 3389 2934 3441 ἔναντι
2963 3391 3189 3457 Κυρίου
3215 3407 3229 3420 ·
3271 3393 3346 3454 είς
3374 3389 3477 3458 φῶς
3501 3388 3677 3455 ἀγαγόν-

2164 3490 2279 3539 τες,
2327 3473 2416 3527 διὰ
2455 3479 2554 3546 τῆς
2582 3475 2838 3544 γνώσεως
2864 3477 3089 3550 δηλαδὴ,
3123 3481 3223 3549 τὴν
3258 3479 3391 3533 κατά
3416 3479 3471 3531 τὸ
3494 3477 3676 3545 γράμμα

2162 3565 2590 3636 πεπλανημένην
2655 3566 2925 3639 πρόληψιν
2961 3586 2975 3598 ·
3033 3569 3178 3642 ὅπερ
3239 3571 3373 3633 ἐστὶ,
3426 3564 3672 3636 φανερὼεαι

2161 3658 2304 3712 κατά
2335 3658 2395 3711 τὸ
2428 3657 2561 3728 ὕψος
2589 3659 2685 3728 τῆς
2713 3659 2942 3728 θεωρίας
2975 3661 3036 3714 τὸ
3061 3664 3300 3733 γράμμα
3323 3660 3410 3714 τοῦ
3444 3658 3581 3728 νόμου
3605 3671 3671 3706 νε-

2160 3747 2292 3818 κρὸν
2322 3745 2412 3802 διὰ
2434 3747 2534 3817 τῆς
2569 3748 2628 3802 ὲν
2651 3749 2924 3819 πνεύματι
2949 3749 3224 3820 γνώσεως.

2229 4035 2326 4091 λθ¹.
2371 4035 2440 4092 Τὸ
2461 4036 2716 4107 γράμμα,
2741 4037 2928 4107 φησιν,
2960 4038 3299 4092 ἀποκτείνει
3329 4053 3342 4067 ·
3363 4035 3425 4090 τὸ
3441 4034 3498 4086 δὲ
3525 4027 3666 4084 πνεῦ-

2153 4145 2239 4196 μα
2266 4127 2550 4189 ζωοποιεῖ.
2577 4130 2670 4183 Διὸ
2692 4130 2799 4201 χρὴ
2846 4129 2906 4183 τὸ
2940 4131 3283 4184 ἀποκτείνειν
3311 4127 3540 4196 πεφυκὸς,
3565 4123 3664 4174 aim-

2159 4220 2468 4274 κτείνεσθαι
2513 4221 2785 4288 πνεύματι
2845 4221 3115 4293 ζωοποιῷ.
3190 4221 3532 4290 Συνυπάρχειν
3584 4210 3665 4278 γὰρ

2157 4311 2409 4382 ἀλλήλοις
2425 4314 2545 4366 κατ’
2579 4313 2862 4384 ἐνέργειαν
2885 4315 3001 4382 ἅμα
3022 4314 3166 4367 κατά
3185 4313 3243 4366 τὸ
3262 4311 3384 4366 αὐτὸ
3402 4310 3456 4361 τὸ
3477 4317 3664 4372 σωματι-

477 4389 564 4436 est
599 4391 656 4436 et
677 4385 823 4453 quod
853 4386 1102 4445 divinum
1137 4392 1395 4462 (litteram
1427 4396 1641 4453 scilicet
1685 4409 1743 4456 et
1777 4401 2056 4474 spiritum)

2165 4401 2259 4454 κὺν
2289 4401 2385 4454 τοῦ
2424 4402 2591 4472 νόμου
2639 4404 2733 4454 καὶ
2764 4402 2828 4455 τὸ
2860 4401 3024 4466 θεῖον,
3065 4403 3234 4473 ῆγουν
3271 4402 3328 4454 τὸ
3372 4397 3572 4468 γράμμα
3591 4387 3664 4441 καὶ

478 4472 704 4528 omnino
755 4474 873 4531 ﬁeri
907 4493 1017 4533 non
1069 4490 1293 4550 potest:
1337 4488 1486 4556 quod
1521 4505 1702 4560 neque
1749 4496 2060 4552 consentire

479 4561 736 4631 habeant,
766 4568 914 4637 quod
946 4580 1142 4628 natura
1178 4576 1344 4632 vitam
1375 4581 1603 4649 praebet,
1650 4593 1708 4639 et
1749 4586 1896 4656 quod
1937 4603 2060 4642 eam

480 4662 661 4723 potest
688 4655 946 4716 adimere.

550 4746 640 4802 ιο.
673 4749 750 4805 Ea
790 4751 844 4806 vi
895 4753 1127 4823 spiritus
1171 4757 1438 4826 prteditus
1468 4771 1574 4828 est,
1601 4774 1663 4820 ut
1708 4765 1878 4821 vitam
1925 4782 2063 4837 prae-

480 4836 640 4905 beat;
676 4841 859 4898 littera
888 4860 1021 4900 vero
1044 4887 1058 4912 ,
1099 4855 1160 4902 ut
1187 4863 1308 4904 eam
1353 4852 1577 4909 adimat.
1624 4855 1744 4910 Non
1780 4873 1909 4928 ergo
1927 4836 2063 4914 fﬁeri

479 4939 682 5000 potest,
715 4943 776 4988 ut
807 4934 972 4991 simul
1019 4939 1202 4996 littera
1229 4957 1292 4996 ac
1310 4943 1538 5012 spiritus
1579 4946 1690 5000 vim
1737 4957 1967 5003 everant
1999 4964 2064 5004 ac

481 5032 818 5091 Operentur,
852 5028 932 5082 uti
981 5044 1162 5100 neque
1204 5040 1264 5086 ut
1292 5033 1442 5102 quod
1496 5034 1776 5091 viviﬁcum
1825 5037 2060 5109 etquod

481 5110 761 5168 letiferum
785 5125 872 5170 est
895 5131 1004 5172 una
1037 5121 1325 5176 exsistant.

553 5267 598 5300 '°
633 5268 678 5324 ll
711 5270 846 5342 Reg.
880 5289 990 5338 ut,
1027 5273 1050 5326 l
1087 5289 1239 5345 seqq.

555 5401 633 5492 (εἰ)
663 5403 967 5492 Πδοίίττεινι⁹
989 5407 1138 5461 κατὰ
1508 5408 1666 5476 Quod
1706 5424 1836 5464 sane
1879 5425 2057 5492 exque

488 5473 834 5550 philusophia
859 5475 1063 5550 optime
1099 5479 1298 5550 extulit
1324 5473 1614 5550 Maximus,
1640 5495 1751 5534 non
1789 5497 1948 5550 posse
1969 5473 2058 5535 'sic

488 5545 763 5618 contraria
790 5547 1094 5618 secundum
1127 5548 1296 5612 idem,
1327 5548 1382 5603 id
1414 5560 1520 5614 est,
1571 5551 1732 5605 simul
1766 5545 1822 5605 et
1863 5552 2057 5618 semel,

484 5611 980 5690 eodemquequasi
1015 5633 1246 5690 munere
1273 5634 1434 5687 agere
1456 5659 1470 5682 ,
1508 5611 1748 5690 vvimque
1775 5611 2057 5685 exercere,

489 5697 727 5752 quorum
760 5683 1018 5756 alterum,
1046 5689 1209 5756 vitae;
1246 5683 1504 5759 alterum,
1537 5683 1877 5748 interitionis
1911 5683 2059 5746 mor;

2160 4490 2223 4544 τὸ
2259 4491 2502 4562 πνεῦμα,
2549 4492 2830 4556 παντελῶς
2862 4493 3145 4564 ἀμήχανον
3172 4513 3186 4526 ·
3216 4495 3295 4546 ὅτι
3321 4488 3660 4588 ,μηδὲκσιζμφδξς

2161 4584 2272 4637 νεῖν
2319 4584 2532 4652 πέφυκε
2570 4582 2650 4653 τῷ
2683 4583 3044 4656 παρεχομένῳ
3081 4584 3228 4637 κατά
3269 4581 3418 4650 φύσιν
3452 4573 3587 4642 ζωὴνι
3616 4566 3660 4620 τδ

2159 4671 2366 4742 ταύτην
2414 4673 2767 4742 ἀφαιρεῖσθαι
2800 4673 3120 4742 δυνάμενον.

2236 4762 2312 4835 μ’.
2343 4763 2415 4816 Τὸ
2449 4764 2548 4833 μὲν
2575 4763 2812 4833 πνεῦμα,
2867 4763 3010 4834 ζωῆς
3067 4764 3294 4834 ὑπάρχει
3316 4747 3653 4860 Iudaeum-elisam;

2158 4855 2222 4910 τὸ
2263 4855 2321 4908 δὲ
2360 4855 2616 4926 γράμμα,
2654 4854 2802 4924 ζωῆς
2835 4856 2990 4948 ἐστιν
3016 4847 3654 4948 ὀιφαιρετικόν..Οὕιιοιένίιῖὶ³

2159 4921 2383 5001 δύναται
2402 4921 2596 5000 *καὶτὸ
2623 4921 2860 5017 γράμμα
2886 4921 3318 5018 πράττειν-κατά
3335 4937 3412 5034 ’τὸ
3449 4929 3574 5034 ξιῦτξᾲ

2159 5036 2254 5090 καὶ
2289 5036 2348 5088 τὸ
2388 5035 2627 5105 πνεῦμα,
2660 5016 2850 5108 ὥσπερ
2887 5016 3011 5090 οὕδὲ
3052 5034 3114 5088 τὸ
3143 5029 3386 5098 ζωοποιὸν
3410 5022 3477 5093 τῷ
3499 5016 3654 5088 φθ⁰ι⁰⁰’

2159 5125 2297 5196 ποιῷ
2329 5127 2714 5198 συνυπάρχειν.
2772 5145 2774 5150 ’

1318 5275 1360 5307 ⁵¹
1398 5275 1534 5330 ibid.
1566 5276 1618 5332 9.
1698 5277 1742 5308 ⁸³
1769 5277 1814 5330 ll
1837 5275 1963 5331 Cor.
1997 5293 2074 5342 ιιι,
2107 5279 2160 5334 7.

2156 5411 2335 5480 tisque
2360 5418 2556 5464 auctor
2572 5409 2870 5477 exsistant;
2892 5411 3050 5508 valde
3079 5405 3399 5508 ἀφιλοσᾴφιυς
3417 5398 3557 5508 indoluit;

2161 5488 2353 5508 ,..,,.....ο
2376 5481 2512 5508 ..ε-η..
2539 5482 2672 5508 κάη...
2709 5497 2861 5508 ηπ---
2929 5491 3087 5508 ,.,,,,,,
3135 5490 3175 5508 η.
3211 5491 3322 5508 ην...
3348 5489 3374 5508 ,,

2157 5474 2353 5550 que-unt
2371 5481 2512 5532 circa
2538 5482 2676 5534 idem
2704 5474 2866 5550 agere
2908 5481 3087 5536 littera
3129 5474 3433 5561 etospiritus;
3460 5474 3566 5580 qua;
3579 5474 3641 5571 es;

2159 5551 2273 5580 ἕως..
2294 5550 2701 5580 ωηιιυηκῖηκηητ
2722 5552 2977 5580 ηοοηηιῖρ..
3007 5563 3068 5580 λι.
3093 5561 3307 5580 ...ιο-..ηις
3325 5545 3521 5580 nmmlm.
3568 5540 3620 5577 un

2159 5545 2276 5620 ipsa
2293 5550 2702 5604 contrariorum
2721 5545 2978 5607 essentia:
3004 5563 3070 5606 ac
3093 5545 3308 5606 rationis
3322 5545 3521 5608 negatio.
3537 5545 3636 5623 sui"

2163 5631 2305 5644 ---ιη
2352 5620 2440 5644 ειι..
2489 5620 2630 5644 ..ι-η..
2665 5619 2806 5644 πλη...
2867 5622 2958 5644 ,με
2989 5637 3094 5644 _-_-
3134 5615 3279 5644 __:.....I
3331 5601 3636 5644 cmlnnllmtx

2158 5609 2309 5675 certe
2352 5620 2445 5673 illa
2486 5620 2635 5674 circa
2665 5619 2832 5688 idem,
2865 5622 2962 5678 sed
2989 5637 3100 5678 non
3132 5615 3303 5680 simul,
3331 5609 3412 5666 sed
3438 5611 3571 5658 unum

2159 5691 2270 5748 alio
2292 5699 2348 5745 et
2378 5691 2753 5746 successione.
