4046 6196
321 323 462 391 1365

311 508 441 581 περὶ
459 509 562 579 τὴν
583 508 907 563 ἐπείσακτον
946 510 1160 578 γένεσιν
1210 511 1280 583 (e)
1321 514 1583 584 σχέσεως,
1628 516 1894 586 παντελὴς

312 599 674 671 περιαίρεσις.
710 601 964 665 Φυσικῶς
999 603 1108 674 γὰρ
1139 605 1530 670 ἐπιϐάλλοντες
1559 610 1673 670 τοῖς
1714 609 1894 679 πράγ-

315 710 504 763 μασιν,
564 691 792 763 οἵδαμεν
853 693 928 755 ὡς
981 696 1082 748 οὐκ
1132 696 1250 750 ἐστι
1301 698 1645 768 τελειότηςή
1688 700 1788 770 τῆς
1830 702 1895 754 ἐκ

309 779 446 834 Θεοῦ
500 779 646 834 κατά
707 780 869 847 φύσιν
921 781 1239 855 ἀρτιότητος
1281 784 1646 856 περιαίρεσις.
1676 788 1750 840 Οὐ
1786 787 1895 857 γάρ

311 874 456 925 ποιεῖ
480 870 795 942 τελειότητα
823 872 987 942 φύσις
1007 872 1095 927 διά
1121 873 1319 946 τέχνης
1356 875 1749 948 κολοϐουμένη,
1799 878 1895 931 καὶ

310 963 400 1018 διά
431 963 733 1035 περινοίας.
761 963 1133 1035 ἀποτιθεμένη
1178 965 1240 1018 τὸ
1287 966 1490 1036 προσὸν
1533 969 1671 1040 αὐτῇ
1711 968 1896 1023 θεόθεν

314 1055 453 1109 κατά
474 1054 632 1124 λόγον
671 1053 1061 1126 δημιουργίας,
1101 1055 1189 1110 (va
1228 1056 1306 1128 μὴ
1346 1057 1445 1126 τὴν
1490 1058 1706 1130 τέχνην,
1759 1060 1895 1113 Θεοῦ

315 1145 451 1215 πρὸς
484 1145 774 1216 βεϐαίωσιν
802 1145 1151 1219 δικαιοσύνης
1181 1150 1538 1222 ἰσχυροτέραν
1560 1152 1893 1223 είσάγωμεν,

315 1238 410 1291 καὶ
444 1237 543 1308 τὴν
574 1239 1038 1310 περινενοημένην
1068 1241 1167 1310 τῆς
1202 1238 1421 1309 φύσεως
1462 1242 1723 1313 ἔλλειψιν,
1766 1245 1892 1298 ἀνα-

313 1327 670 1398 πληρωτικὴν
713 1326 1003 1399 ποιώμεθα
1040 1328 1138 1397 τῆς
1189 1328 1249 1383 ὲν
1271 1328 1584 1402 δικαιοσύνῃ
1627 1331 1769 1385 λατά
1798 1331 1896 1402 δη-

316 1416 607 1488 μιουργίαν
640 1418 933 1489 ἐλλείψεως
968 1436 984 1452 ε
1022 1420 1137 1473 ἀλλ’
1168 1421 1235 1475 ὲκ
1267 1423 1368 1491 τῆς
1398 1420 1635 1490 τοπικῆς
1660 1421 1771 1493 [qm
1805 1420 1893 1490 65,

312 1506 527 1579 τυπικ.]
558 1508 652 1562 τοῦ
685 1510 1150 1582 περιτεμνομένω
1177 1513 1369 1583 μορίου
1390 1512 1614 1579 θέσεως,
1632 1513 1899 1567 διδασκὼ-

316 1600 457 1669 μεθα
496 1602 769 1657 ποιεῖσθαι
808 1602 1105 1673 γνωμικῶς
1150 1601 1302 1675 [ίὸἱιί.
1339 1602 1568 1675 γνωστ.]
1608 1602 1707 1676 τὴν
1729 1621 1891 1675 περι-

311 1692 485 1762 τομὴν
517 1692 618 1762 τῆς
638 1693 780 1747 κατά
814 1693 993 1765 ψυχὴν
1028 1694 1618 1766 ὲμπαθοῦςδιαθέσεως
1640 1711 1658 1729 ο
1686 1696 1807 1750 καθ’
1831 1697 1899 1768 ἢν

316 1783 519 1853 μᾶλλον
540 1787 605 1855 τῇ
630 1785 790 1855 φύσει
817 1786 1133 1858 συντρέχειν
1160 1788 1193 1858 ἡ
1214 1789 1409 1858 γνώμη
1442 1786 1784 1859 ῥυθμίζεται,
1805 1787 1900 1843 τὸν

313 1874 536 1945 ἐμπαθῆ
565 1878 665 1946 τῆς
702 1876 1001 1948 ἐπικτήτου
1019 1877 1287 1944 γενέσεως
1316 1878 1480 1947 νόμον
1505 1878 1895 1949 διορθουμένη.

1029 328 1365 391 CAPITUM
1403 329 1830 405 QUINQUIES
1866 331 2387 395 CENTENORUM
2428 330 2817 393 CENTURIA
2854 330 2921 393 V.

385 421 497 485 μα’.
514 416 787 486 Περιτομή
807 416 919 471 ἐστι
940 419 1198 490 μυστικὴ,
1214 420 1310 490 τῆς
1326 419 1606 490 ὲμπαθοῦς
1618 422 1897 475 κατᾶνοῦν
1931 430 1967 482 Α

2071 422 2160 477 Al.
2192 421 2417 494 Mystica
2449 418 2802 475 circumcisio
2834 424 2953 480 est,
3007 414 3168 483 plena
3214 425 3291 467 ac'
3327 411 3581 468 absoluta

2000 513 2309 568 libidinosae
2330 511 2532 567 mentis
2553 508 2864 565 affectionis
2885 521 3014 578 erga
3038 504 3404 560 adventitium
3422 517 3585 573 gene-

2001 607 2231 661 rationis
2257 615 2445 661 ortum
2475 603 2799 673 amputatio.
2833 600 3052 656 Scimus
3085 597 3231 653 enim
3256 594 3585 651 naturaliter

1998 699 2244 755 animum
2265 698 2430 755 rebus
2467 696 2812 757 adhibentes,
2836 709 2945 747 non
2970 692 3024 746 in
3055 707 3122 746 eo
3140 690 3371 760 positam
3404 686 3586 758 perfe-

1999 790 2261 855 ctionem,
2300 798 2359 844 ut
2400 787 2689 851 naturalis,
2723 800 2845 855 quae
2873 800 2942 839 ex
2980 784 3093 838 Deo
3125 782 3250 846 est,
3294 779 3583 850 integritas

1999 875 2302 931 auferatur.
2331 876 2454 932 Non
2475 876 2623 930 enim
2646 884 2845 928 natura
2868 889 2966 943 per
2989 880 3162 928 artem
3188 870 3439 924 mutilata
3462 884 3586 938 per—

2003 965 2300 1022 fectionem
2342 966 2705 1031 naneiscitur,
2737 963 3038 1033 subtilique
3082 962 3306 1015 invento
3331 976 3397 1014 eo
3426 969 3584 1013 trun-

1998 1064 2140 1123 cata,
2164 1058 2311 1128 quod
2342 1074 2439 1129 per
2468 1059 2736 1114 rationem
2763 1056 3059 1112 creationis
3089 1055 3253 1126 620
3277 1052 3353 1106 illi
3380 1050 3585 1105 divini:

1998 1157 2089 1203 tus
2118 1149 2282 1214 inest,
2307 1164 2376 1204 ne
2400 1148 2467 1204 ad
2479 1148 2708 1220 iustitiae
2732 1147 2926 1212 robur,
2948 1153 3122 1200 artem
3149 1146 3261 1199 Deo
3297 1144 3580 1198 fortiorem

1999 1240 2354 1307 inducamus;
2395 1241 2863 1309 adinventmnque
2896 1246 3110 1294 natura:
3151 1236 3447 1298 defectum,
3484 1233 3582 1288 dc-

1999 1332 2174 1386 fectus
2191 1331 2416 1403 iustitiae
2434 1346 2502 1387 ex
2523 1332 2801 1386 creatione
2824 1331 3268 1401 supplementum
3289 1325 3584 1381 faciamus:

1999 1424 2096 1479 sed
2147 1440 2245 1494 per
2288 1424 2521 1480 membri
2578 1424 2697 1495 eius
2726 1422 2874 1495 quod
2900 1420 3319 1478 circumciditur
3356 1417 3585 1471 localcm

1999 1517 2188 1583 situm,
2214 1516 2717 1573 circumcidendam
2750 1515 2953 1571 mentis
2981 1512 3212 1569 arbitrio
3234 1510 3584 1565 libidinosam

2000 1608 2169 1663 animi
2214 1609 2566 1664 affectionem
2623 1608 2928 1674 discimus;
2981 1607 3142 1676 cujus
3205 1602 3587 1674 amputatione

2001 1701 2351 1770 componitur
2394 1700 2630 1764 animus,
2661 1708 2721 1754 ut
2761 1698 3105 1753 emendanda
3157 1695 3383 1751 ascititii
3430 1702 3590 1749 ortus

2006 1789 2378 1860 generationis
2410 1789 2704 1844 libidinosa
2730 1789 2871 1858 lege,
2904 1803 3030 1843 eum
3060 1795 3257 1841 natura
3302 1784 3486 1856 potius
3527 1797 3592 1836 ac

2004 1879 2084 1935 illi
2117 1896 2301 1936 comes
2332 1881 2489 1935 malit
2532 1895 2887 1936 concurrere.

389 1964 497 2035 μβ’.
529 1967 764 2020 Φυσικὸν
783 1968 817 2038 ἡ
842 1966 1201 2039 ἀκροϐυστία.
1235 1969 1354 2023 Πᾶν
1382 1968 1441 2022 δὲ
1463 1970 1714 2038 φυσικὸν,
1748 1969 1901 2032 θείας

2071 1972 2162 2028 42.
2219 1973 2555 2042 Prteputium
2614 1972 2748 2043 quid
2803 1971 3058 2026 naturale
3125 1978 3232 2025 est.
3297 1964 3586 2035 Quidquid
3630 1978 3637 1989 ’

315 2056 480 2128 ἔργον
512 2059 877 2131 δημιουργίας
914 2061 1052 2124 ἐστὶ,
1092 2062 1187 2113 καὶ
1220 2060 1341 2115 λίαν
1395 2060 1583 2127 καλὸν,
1636 2060 1779 2114 κατὰ
1809 2062 1906 2130 τὴν

316 2150 634 2219 φάσκουσαν
669 2153 856 2224 φωνήν
884 2168 897 2182 °
948 2153 1059 2208 Καὶ
1092 2149 1253 2208 εἶδεν
1290 2156 1324 2208 ό
1370 2153 1515 2220 Θεὸς
1562 2152 1760 2207 πάντα
1793 2152 1912 2207 ὅσα

314 2240 591 2308 ἐποίησε,
621 2241 721 2295 καί
760 2241 893 2296 ἰδοὺ
926 2243 1086 2297 καλὰ
1116 2242 1279 2298 λίαν.
1325 2242 1382 2296 '0
1403 2242 1457 2296 δὲ
1486 2243 1647 2313 νόμος
1677 2241 1751 2304 ὡς
1776 2241 1910 2294 ἀκά-

317 2332 516 2405 θαρτον
554 2334 961 2405 περιαιρεῖσθαι
1006 2333 1247 2389 κελεύων
1283 2334 1382 2406 τὴν
1417 2334 1786 2407 ἀκροϐυστίαν
1819 2332 1908 2388 διὰ

319 2425 643 2497 περιτομῆς,
670 2426 761 2479 τὸν
791 2426 923 2481 Θεὸν
960 2428 1189 2496 είσάγει,
1219 2426 1309 2481 διά
1349 2426 1551 2499 τέχνης
1593 2427 1651 2480 τὸ
1694 2428 1900 2480 οίκεῖον

316 2513 702 2587 διορθούμενον
753 2516 944 2588 ἔργον,
983 2518 1121 2590 ὅπερ
1152 2519 1257 2573 κᾶν
1292 2519 1492 2572 ἐννοεῖν
1521 2518 1905 2572 ἀσεϐέστατον.

319 2607 531 2662 Οὐκοῦν
566 2609 595 2662 ὀ
614 2610 729 2672 τοῖς
771 2610 1063 2680 συμϐόλοις
1082 2609 1177 2663 τοῦ
1206 2592 1649 2680 νόμουηφυσικῶς
1679 2609 1907 2664 ἐπιϐάλ-

317 2703 449 2770 λων,
485 2698 625 2758 οἷδεν
642 2705 720 2769 ὡς
750 2706 810 2759 οὐ
845 2706 945 2777 τὴν
975 2707 1138 2775 φύσιν
1197 2709 1225 2760 ὁ
1276 2706 1408 2770 Θεὸς
1466 2703 1774 2777 διορθοῦται
1820 2703 1909 2758 διὰ

318 2794 421 2865 τῆς
455 2795 674 2866 τέχνης,
705 2795 846 2850 ἀλλά
875 2797 937 2851 τὸ
972 2797 1252 2863 ὲπιπειθὲς
1285 2796 1432 2866 λόγῳ
1463 2798 1561 2867 τῆς
1585 2795 1766 2867 ψυχῆς
1797 2812 1907 2848 πα-

321 2886 545 2956 θητικὸν
583 2887 1012 2959 περιτέμνεσθαι
1058 2888 1291 2953 κελεύει,
1329 2887 1389 2940 τὸ
1417 2885 1508 2940 διά
1536 2884 1633 2939 τοῦ
1664 2902 1908 2957 σωματι-

321 2976 421 3031 κοῦ
455 2979 645 3049 μορίου
684 2980 932 3043 τυπικῶς
980 2980 1331 3051 δηλούμενον,
1371 2979 1506 3050 ὅπερ
1561 2978 1764 3047 γνῶσις
1819 2975 1908 3031 διὰ

322 3066 419 3135 τῆς
448 3066 590 3120 κατά
625 3066 827 3137 πρᾶξιν
872 3067 1118 3138 ἀνδρίας,
1163 3070 1259 3139 τῆς
1291 3066 1517 3138 γνώμης
1549 3063 1909 3120 ἀποτίθεσθαι

324 3156 586 3224 πέφυκεν.
634 3158 692 3211 ’0
737 3158 845 3228 γὰρ
886 3159 1236 3231 περιτέμνων
1269 3158 1470 3228 ἱερεὺς,
1520 3155 1774 3229 σημαίνει
1807 3154 1908 3225 τὴν

325 3248 527 3316 γνῶσιν
553 3289 567 3313 ,
635 3248 733 3320 τὴν
785 3250 1015 3320 ἔχουσαν
1061 3250 1313 3321 καθάπερ
1367 3249 1584 3319 σίδηρον
1624 3246 1767 3302 κατά
1812 3246 1906 3299 τοῦ

2008 2073 2191 2119 autem
2238 2073 2324 2119 est
2347 2066 2623 2131 naturale,
2648 2065 2847 2120 divinae
2896 2063 3194 2119 creationis
3220 2060 3360 2132 opus
3384 2069 3488 2123 est,
3528 2074 3591 2112 ac

2007 2156 2167 2213 valde
2195 2156 2427 2223 bonum,
2454 2156 2607 2227 juxta
2637 2171 2830 2211 vocem
2858 2170 2983 2224 qua:
3025 2153 3101 2209 ait
3134 2171 3147 2207 :
3182 2154 3250 2208 Et
3292 2152 3422 2207 vidit
3450 2150 3589 2205 Deus

2009 2256 2199 2303 cuncta
2221 2264 2339 2319 qua:
2368 2248 2583 2318 fecerat,
2607 2256 2654 2301 et
2681 2264 2791 2300 ecce
2818 2245 2971 2301 valde
3000 2245 3218 2301 bona”.
3264 2243 3371 2297 Lex
3406 2249 3587 2296 autem

2010 2340 2142 2395 dum
2171 2339 2614 2397 circumcisionis
2650 2340 2757 2397 ritu
2792 2338 3123 2409 przepntium
3156 2337 3309 2392 velut
3346 2336 3588 2390 immun-

2009 2434 2139 2488 dum
2164 2432 2440 2504 amputari
2468 2432 2648 2503 jubet,
2690 2431 2865 2486 Deum
2890 2427 3214 2495 introducit
3256 2424 3394 2481 artis
3421 2438 3589 2494 opera

2010 2540 2150 2595 opus
2176 2540 2337 2581 suum
2354 2524 2729 2595 corrigentem
2759 2540 2772 2576 :
2798 2522 2946 2593 quod
2969 2521 3219 2592 quidem,
3236 2519 3323 2575 vel
3351 2517 3589 2588 cogitatu

2011 2617 2401 2689 impiissimum
2428 2624 2532 2672 est.
2566 2616 2671 2685 Qui
2705 2617 2873 2687 igitur
2910 2615 3048 2685 legis
3078 2611 3343 2685 symbolis
3392 2616 3588 2664 natura

2011 2706 2152 2763 duce
2184 2708 2422 2763 attendit
2446 2708 2719 2771 animum,
2752 2722 2861 2761 non
2897 2703 3192 2759 emendare
3212 2702 3385 2756 Deum
3427 2707 3591 2752 natu-

2010 2814 2129 2853 ram
2155 2799 2292 2855 artis
2316 2814 2421 2868 ope
2442 2799 2729 2869 intelligit;
2758 2797 2854 2853 sed
2882 2786 3202 2867 praecipere,
3232 2801 3291 2846 ut
3310 2788 3590 2860 patibilem

2010 2887 2182 2942 animi
2208 2886 2523 2942 facultatem
2552 2886 2752 2941 rationi
2788 2886 3188 2953 obsequentem
3222 2876 3590 2935 circumcida-

2011 2993 2155 3046 mus,
2174 2994 2294 3049 quae
2325 2976 2536 3032 scilicet
2560 2976 2864 3047 corporalis
2886 2973 3118 3031 membri
3142 2971 3314 3043 figura
3342 2968 3593 3043 designe-

2013 3079 2137 3138 tur;
2165 3084 2328 3141 quam
2358 3069 2551 3138 utique
2576 3068 2829 3131 scientia,
2858 3066 3019 3121 fortis
3050 3062 3286 3119 actionis
3307 3060 3382 3125 vi,
3408 3059 3592 3115 animo

2011 3163 2253 3236 abjicere
2281 3161 2466 3217 habet.
2496 3158 2914 3216 Circumcidens
2927 3158 3074 3213 enim
3101 3153 3378 3219 sacerdos,
3409 3151 3592 3207 scien-

2014 3239 2148 3310 tiam
2203 3250 2522 3323 significat,
2586 3252 2740 3307 velut
2808 3250 2956 3306 ferro
3015 3248 3281 3304 adversus
3333 3244 3591 3300 allectum

325 3337 555 3407 πάθους,
585 3337 684 3411 τὴν
721 3338 817 3393 τοῦ
854 3338 1014 3410 λόγου
1071 3343 1215 3417 κατά
1265 3342 1363 3412 τὴν
1410 3341 1610 3412 πρᾶξιν
1663 3338 1907 3409 ἀνδρίαν.

2016 3345 2324 3416 vitiumque
2347 3360 2443 3400 seu
2469 3342 2963 3415 perturbationem,
2989 3339 3117 3395 forti
3140 3337 3378 3393 actionis
3403 3335 3593 3406 vigore

339 3430 685 3503 Ἀφανίζεται
724 3432 832 3503 γὰρ
870 3435 902 3504 ή
936 3434 1034 3487 τοῦ
1113 3433 1280 3505 νόμου
1331 3433 1663 3505 παράδοσις,
1722 3431 1913 3485 πλεονο

324 3522 610 3587 εκτοῦντος
631 3523 703 3593 τὸ⁵
720 3525 953 3596 γράμμα
979 3526 1073 3579 τοῦ
1099 3527 1424 3597 πνεύματος.

402 3622 513 3684 μγ’.
556 3615 630 3669 Τὸ
655 3616 960 3682 Σάϐϐατον,
1005 3617 1196 3672 παθῶν
1241 3620 1357 3671 ἐστι
1394 3617 1618 3688 καὶτῆς
1653 3616 1785 3688 περὶ
1814 3615 1914 3688 τὴν

327 3708 494 3777 φύσιν
523 3707 634 3761 τῶν
659 3708 831 3762 ὄντων
859 3707 954 3761 τοῦ
1014 3708 1106 3762 νοῦ
1153 3710 1424 3780 κινήσεως
1481 3708 1791 3771 ἀνάπαυσις
1818 3724 1833 3739 ο
1878 3706 1912 3777 ἢ

326 3797 513 3851 τελεία
547 3798 737 3851 παθῶν
762 3797 1027 3870 ἀπραξία,
1060 3798 1156 3853 καὶ
1179 3799 1279 3868 τῆς
1308 3796 1434 3868 περὶ
1462 3797 1531 3850 τά
1563 3796 1913 3867 πεποιημένα

328 3889 591 3959 καθολικὴ
614 3888 707 3943 τοῦ
730 3889 820 3943 νοῦ
850 3889 1032 3944 παῦλα
1066 3890 1354 3959 κινήσεως,
1384 3888 1479 3940 καὶ
1506 3888 1644 3957 πρὸς
1668 3887 1727 3940 τὸ
1757 3887 1913 3941 Θεῖον

327 3975 509 4030 τελεία
561 3976 810 4041 διάϐασις
836 3990 850 4007 ’
899 3979 956 4030 ὲν
989 3972 1034 4044 ᾧ
1080 3975 1172 4029 τὸν
1197 3973 1265 4028 δι’
1304 3975 1506 4045 ἀρετῆς
1533 3975 1629 4028 καὶ
1659 3973 1914 4044 γνώσεως
1962 3980 1969 3983 “

328 4067 472 4121 κατὰ
516 4066 578 4120 τὸ
629 4066 849 4137 θεμιτδν
898 4066 1254 4136 ἀφικόμενον,
1285 4066 1344 4118 οὐ
1384 4066 1468 4118 δεῖ
1491 4065 1748 4136 καθάπερ
1779 4064 1913 4129 ξύλα

328 4157 427 4229 τὴν
464 4157 677 4212 οίανοῦν
710 4156 994 4220 παντελῶς
1025 4155 1161 4227 ὕλην
1202 4155 1504 4228 ὲξαπτικὴν
1557 4152 1912 4227 ἐνθυμεῖσθαι

328 4249 541 4313 παθῶν,
565 4248 689 4303 οὔτε
747 4250 855 4322 μὴν
906 4250 1123 4321 φύσεως
1180 4251 1509 4322 τοπαράπαν
1551 4251 1913 4320 ἀναλέγεσθαι

328 4341 542 4410 λόγους,
572 4339 661 4394 ἵνα
701 4341 776 4413 μὴ
822 4341 1057 4396 πάθεσιν
1105 4340 1388 4410 ἡδόμενον,
1434 4341 1467 4413 ἦ
1510 4340 1728 4410 φύσεως
1766 4344 1914 4414 ὅροις

334 4431 730 4503 μετρούμενον,
755 4433 898 4486 κατά
930 4430 1059 4495 τοὺς
1087 4432 1354 4504 Ἕλληνας
1376 4433 1467 4487 τὸν
1497 4432 1630 4487 Θεὸν
1658 4433 1915 4504 δογματίο

331 4522 514 4595 ζῶμεν
537 4539 551 4554 ·
579 4525 810 4598 ὃνπερή
847 4525 1030 4580 τελεία
1065 4525 1201 4597 μόνη
1235 4526 1476 4597 κέκραγε
1520 4526 1672 4598 σιγὴ,
1726 4527 1820 4582 καὶ
1868 4530 1903 4599 ἡ

329 4615 600 4688 παντελὴς
620 4618 743 4671 καθ’
771 4618 1045 4689 ὑπεροχὴν
1080 4618 1326 4685 ἀγνωσία
1372 4621 1670 4693 παρίστησι
1688 4620 1787 4691 ’(Ῑ).

2018 3439 2367 3494 instructam.
2401 3435 2668 3491 Aboletur
2683 3432 2831 3489 enim
2852 3431 3157 3502 corporalis
3183 3429 3318 3500 legis
3345 3426 3593 3489 traditio,

2014 3543 2079 3583 ea
2113 3526 2324 3581 ratione
2355 3524 2503 3595 quod
2532 3524 2758 3593 spiritus
2787 3523 2984 3577 littera:
3006 3521 3284 3590 praevalet.

2086 3619 2175 3674 45.
2203 3617 2523 3680 Sabbatum,
2550 3616 2845 3671 affectuum
2878 3621 2962 3669 est
2988 3630 3052 3668 ac
3076 3610 3593 3683 perturbationum,

2016 3717 2309 3777 motusque
2359 3707 2529 3761 animi
2584 3706 2733 3761 circa
2784 3720 2967 3759 rerum
3020 3712 3273 3757 naturam
3327 3701 3485 3772 quies
3539 3709 3597 3754 et

2014 3798 2249 3856 cessatio
2275 3816 2288 3853 :
2315 3805 2409 3855 aut
2436 3797 2732 3852 affectuum
2760 3795 3351 3866 perturbationumque
3383 3791 3595 3847 sedatio

2013 3898 2070 3945 et
2095 3888 2317 3952 inertia,
2353 3887 2792 3956 universalisque
2820 3885 2988 3939 animi
3009 3894 3191 3939 motus
3216 3883 3361 3939 circo
3387 3898 3451 3937 ea
3476 3897 3596 3952 qua:

2013 3979 2239 4036 condita
2269 3986 2417 4044 sunt,
2454 3977 2577 4032 linis
2611 3985 2774 4047 atque
2800 3977 2856 4031 in
2883 3977 3056 4031 Deum
3106 3974 3382 4046 perfectus
3414 3983 3591 4029 trans-

2014 4073 2126 4127 itus
2154 4087 2169 4125 :
2205 4071 2260 4126 in
2283 4085 2446 4141 quem
2476 4070 2573 4140 qui
2604 4071 2810 4125 virtute
2848 4084 2913 4124 ac
2937 4068 3190 4133 scientia,
3238 4066 3418 4138 quoad
3442 4066 3592 4128 licet,

2014 4162 2274 4225 evaserit,
2307 4173 2499 4218 caveat
2544 4176 2771 4217 necesse
2805 4169 2910 4226 est,
2960 4177 3026 4216 ne
3061 4168 3321 4229 tanquam
3352 4158 3500 4229 ligna
3526 4157 3594 4220 5‘,

2018 4255 2184 4311 ullam
2248 4269 2477 4325 prorsus
2526 4240 2825 4310 'materiam
2875 4254 3060 4307 animo
3115 4250 3423 4322 concipiat,
3474 4265 3596 4319 quas

2014 4342 2306 4400 affectibus
2322 4360 2385 4399 ac
2402 4344 2912 4414 perturbationibus
2932 4342 3173 4398 fomento
3203 4341 3309 4408 sit;
3337 4349 3395 4395 at
3417 4356 3596 4410 neque

2014 4437 2243 4491 omnino
2299 4445 2511 4491 natura:
2568 4437 2812 4492 rationes
2869 4435 3120 4506 colligat,
3178 4450 3246 4489 ne
3278 4433 3592 4489 Graecorum

2016 4543 2192 4593 more,
2218 4528 2413 4594 Deum,
2436 4529 2526 4583 vel
2555 4527 2849 4583 affectibus
2873 4527 3227 4599 gaudentem,
3265 4527 3354 4581 vel
3383 4534 3596 4580 natura:

2018 4619 2274 4676 terminis
2320 4635 2703 4676 commensum
2753 4626 3090 4676 statuamus:
3135 4634 3300 4690 quem
3351 4615 3595 4688 perfecta

329 4708 508 4762 solum
532 4708 739 4763 silentii
764 4709 1013 4764 clamitat
1028 4710 1221 4781 religio
1240 4709 1310 4776 ",
1333 4724 1398 4766 ac
1419 4711 1582 4782 plena
1603 4711 1911 4767 secundum
1947 4711 2330 4768 excellentiam
2365 4711 2674 4784 ignorantia
2703 4718 3081 4783 repraesentat.

402 4867 449 4898 ⁵³
477 4864 613 4922 Gen.
647 4883 707 4931 ιι,
738 4865 829 4921 5f.

905 4865 951 4899 “
985 4865 1150 4919 Num.
1186 4883 1274 4930 xv,
1308 4866 1397 4921 32.
1475 4867 1522 4900 ⁸⁸
1556 4867 1697 4922 Psal.
1737 4884 1879 4934 Lmv,
1912 4869 1968 4924 2.

404 5006 475 5080 (ε)
514 5008 651 5074 Περὶ
707 5007 823 5074 τὴν
879 5006 1257 5080 ἐπείσακτον-Α
1289 5004 1553 5080 γέκεσιν.
1587 5007 1907 5080 Necessario

2015 5018 2299 5080 peccante.
2330 5009 2488 5076 Quod
2515 5011 2594 5073 τὸ,
2614 5006 2919 5080 ,γνωμικῶς
2955 5005 3255 5080 (quomodo
3282 5005 3590 5061 faciendam

333 5078 588 5132 restituta
620 5093 724 5130 vox
756 5092 825 5131 ex
850 5092 981 5131 mss.
1009 5091 1132 5145 quae
1170 5075 1338 5131 editis
1372 5076 1583 5142 deerat,
1615 5086 1673 5132 et
1707 5078 1911 5145 repeti-

336 5150 428 5202 tur
453 5147 508 5200 in
538 5145 644 5201 fine
670 5145 889 5217 capitis.
907 5145 1027 5201 Non
1047 5145 1195 5200 enim
1216 5146 1364 5217 circa
1382 5147 1604 5217 γένεσιν
1633 5145 1907 5213 absolute,

335 5219 417 5272 sic
467 5215 763 5272 libidinosa
788 5225 1041 5272 versatur
1081 5216 1284 5270 mentis
1336 5215 1590 5281 affectio,
1636 5218 1732 5273 sed
1761 5220 1910 5274 circa

333 5288 550 5355 γένεσιν
602 5288 949 5349 ἐπείσακτον,
986 5302 1111 5356 qua:
1143 5301 1209 5341 ex
1242 5295 1469 5355 peccato
1497 5287 1719 5342 advenit
1744 5297 1908 5343 natu-

336 5373 431 5421 rae,
453 5366 516 5428 et
539 5371 702 5425 quam
728 5357 997 5428 Maximus
1025 5371 1138 5410 non
1168 5372 1301 5428 raro
1316 5356 1565 5428 γέννησιν
1588 5366 1770 5422 vocat,
1806 5374 1909 5428 op-

335 5426 602 5498 ponitque
654 5428 720 5507 τῇ
744 5426 989 5494 γενέσει·
1023 5442 1144 5548 qua:
1166 5427 1237 5480 sit
1260 5426 1492 5495 simplex
1521 5426 1910 5496 procreatio—et

336 5505 515 5548 ortus.
549 5497 727 5548 riualis
768 5512 800 5548 a
846 5497 958 5548 Deo
980 5497 1025 5548 Α
1066 5496 1171 5548 ami
1206 5495 1329 5548 fuit.
1361 5511 1471 5548 non
1496 5497 1589 5548 aui
1620 5498 1910 5548 brutorum

336 5495 529 5561 ortus,
549 5495 727 5565 qualis
768 5512 800 5550 a
846 5497 958 5551 Deo
980 5495 1171 5551 Adami
1206 5495 1329 5560 fuit,
1361 5511 1471 5550 non
1496 5495 1589 5565 qui
1620 5498 1911 5553 brutorum

340 5579 493 5621 more
523 5565 902 5622 commistione
933 5567 1206 5621 seminum
1253 5582 1317 5622 ac
1365 5565 1596 5622 libidine
1638 5567 1698 5623 in
1748 5568 1909 5624 nobis

341 5636 605 5708 fit;_quod
642 5631 841 5708 passim
884 5635 1154 5691 Maximus
1195 5644 1318 5708 post
1346 5635 1487 5708 Greg
1528 5637 1690 5708 Nysa.
1723 5651 1789 5693 ac
1809 5652 1906 5692 su-

343 5706 589 5777 periores
650 5706 936 5777 theologos
992 5716 1154 5778 negat
1213 5706 1477 5762 futurum
1525 5706 1750 5764 homine
1796 5723 1906 5764 non

2013 5077 2497 5136 circumcisiouem
2542 5077 2861 5147 spiritalem,
2889 5092 2955 5131 ac
2995 5091 3123 5147 vere
3157 5077 3270 5132 Deo
3311 5083 3595 5147 acceptam

2013 5158 2202 5205 monet
2227 5147 2517 5218 Maximus)
2545 5144 2672 5218 scite
2710 5146 2913 5201 reddit.
2954 5146 3139 5218 Picus,
3171 5162 3280 5218 non
3306 5144 3455 5218 satis
3481 5144 3592 5218 sci-

2013 5229 2155 5283 tum,
2187 5230 2265 5275 est
2287 5216 2807 5286 animm-voluntate,
2842 5232 2908 5271 ac
2927 5216 3076 5286 quod
3128 5216 3365 5279 reddidi,
3404 5216 3591 5270 mentis

2013 5291 2233 5345 arbitrio
2249 5331 2263 5354 ,
2299 5291 2581 5357 animique
2599 5288 2892 5343 sententia.

2084 5359 2147 5430 (Γ)
2193 5361 2255 5414 Ἠ
2278 5354 2588 5430 παντελὴς
2636 5358 2764 5430 καθ’
2788 5354 3102 5430 ὑπεροχὴν
3134 5355 3403 5430 (irrogata:
3440 5369 3591 5422 παρ-
3658 5410 3663 5417 ρ

2012 5425 2245 5501 (ornat.
2278 5429 2431 5501 Istud
2459 5445 2527 5484 ex
2550 5428 2791 5501 mysticae
2815 5426 3101 5501 theologia:
3126 5427 3249 5501 sinu
3275 5425 3507 5501 petitum
3524 5439 3590 5501 a_c

2016 5494 2298 5570 Dionysio,
2331 5494 2442 5569 quo
2471 5494 2774 5570 eminentia
2824 5494 3075 5570 quaida'm
3118 5496 3365 5550 scientiae
3389 5494 3591 5570 divini-

2018 5578 2106 5625 tus
2137 5563 2413 5625 concessa:
2442 5584 2608 5637 supra
2640 5563 2938 5621 human—am
2972 5565 3305 5637 denotatur;
3341 5564 3423 5619 uti
3451 5575 3508 5637 et
3534 5563 3588 5619 in

2013 5652 2082 5694 eo
2130 5638 2279 5709 quod
2313 5635 2543 5694 stultum
2572 5637 2670 5709 Dei
2708 5638 3047 5709 nominatur,
3064 5636 3323 5709 eminens
3340 5635 3591 5709 quaedam

2015 5703 2183 5780 supra
2213 5708 2509 5765 humanam
2543 5706 2850 5780 sapientia;
2894 5706 2976 5763 uti
2995 5706 3197 5765 Paulus
3241 5703 3415 5762 lCo‘r.
3439 5720 3479 5770 ι,
3510 5703 3592 5757 si-
