4046 6196
476 267 609 337 1367

474 485 595 563 rum
625 470 798 526 instar
831 483 1004 546 atque
1023 485 1553 547 gemmarum-celsis
1575 487 1892 561 dogmatum
1923 505 2056 563 pra:-

471 559 861 626 dicationibns.
915 567 1373 643 spiritalibusque
1422 559 1734 636 rationibus
1780 597 1845 637 ac
1876 559 2057 640 scrisis

471 653 628 746 quasi
655 655 815 725 62]
853 656 1084 714 ﬂoribus
1115 663 1480 732 interstincta,
1511 683 1634 739 qua:
1679 671 1831 728 velut
1865 687 2052 746 caput,

470 745 778 816 religiosam
805 760 1043 810 mentem
1074 755 1337 828 astringat
1380 773 1444 814 ac
1465 760 1669 832 cingat.
1709 765 1806 821 Vel
1863 745 2052 837 potius

471 850 677 891 corona
711 837 1067 911 benignitatis
1092 851 1198 911 est,
1231 845 1346 916 ipse
1379 849 1479 904 Dei
1512 850 1725 920 Sermo,
1760 857 2057 926 providem-

473 928 562 984 tia:
583 928 890 1003 judiciique
923 927 1210 992 modorum
1235 942 1510 999 varietate
1543 944 1913 1017 (continentia
1945 950 2056 1006 sci-

469 1020 602 1078 licet
617 1037 810 1080 eorum
831 1024 1125 1082 affectuum
1145 1031 1240 1100 qui
1261 1047 1328 1088 ex
1356 1034 1635 1093 voluntate
1661 1047 1809 1106 sunt,
1838 1055 2059 1096 eorum-

471 1125 580 1181 que
602 1111 868 1182 patientia
889 1117 1180 1185 malorum,
1216 1135 1337 1192 quae
1362 1123 1552 1182 invitis
1577 1127 1864 1201 eveniunt)
1903 1131 2056 1186 velut

471 1208 638 1270 caput
674 1242 689 1267 ,
757 1219 1002 1264 mentem
1049 1209 1489 1284 circumeingens
1521 1256 1534 1279 ,
1583 1216 1814 1287 ejusque
1867 1220 2056 1290 gratiae

472 1295 805 1351 commercio
832 1311 940 1366 qua
964 1297 1242 1358 deiﬁeatio
1293 1315 1601 1373 pra-statur,
1654 1309 1828 1379 ipsam
1867 1311 2047 1382 seipsa

474 1388 718 1436 mentem
741 1384 1135 1456 elegantiorem
1163 1406 1227 1446 ac
1248 1395 1624 1451 venustiorem
1646 1398 1905 1455 reddens.

539 1494 629 1549 45.
657 1494 1067 1555 Coutinentiam
1097 1502 1188 1560 hic
1225 1505 1354 1572 loci,
1379 1507 1745 1567 Providentia:
1769 1527 1909 1583 opus
1931 1529 2053 1571 esse

469 1585 624 1653 dicit,
656 1604 779 1658 quae
797 1590 866 1646 ab
894 1593 1062 1648 animi
1090 1599 1409 1666 spontaneis
1432 1600 1725 1658 affectibus
1748 1605 2048 1674 emundet;

468 1680 794 1754 patientiam
829 1699 982 1750 vero,
997 1687 1196 1756 judieii
1226 1704 1367 1760 epus
1387 1705 1509 1747 esse
1535 1703 1700 1764 atque
1726 1695 1962 1760 facinus,
1990 1707 2052 1754 ut

467 1785 592 1841 qua:
615 1771 1014 1829 involuntariis'
1034 1779 1434 1835 tentationibus
1453 1781 1800 1852 adversetur,
1819 1787 2051 1857 ejusque

467 1861 645 1932 partis
677 1865 1043 1934 philosophia:
1077 1868 1304 1924 exsistat
1340 1872 1666 1942 symbolum,
1703 1891 1825 1944 quae
1848 1877 2050 1932 actioni

469 1954 674 2019 Studet,
711 1965 970 2027 tanquam
999 1959 1068 2013 ab
1099 1957 1334 2032 Egypto
1367 1979 1396 2018 a
1424 1975 1649 2033 peccato
1684 1967 1752 2021 ad
1788 1969 2049 2024 virtutem

469 2046 725 2103 subditos
760 2049 1074 2105 traducens:

535 2160 626 2216 46.
655 2159 772 2216 Non
806 2161 954 2232 quod
985 2163 1149 2219 vellet
1172 2165 1318 2221 Deus
1342 2167 1448 2222 coli
1486 2167 1604 2223 dies
1633 2170 1701 2224 ab
1727 2169 2048 2229 hominibus

469 2251 689 2322 lllisque
722 2254 988 2310 honorem
1031 2256 1246 2323 haberi,
1292 2259 1400 2314 coli
1438 2260 1605 2331 jussit
1649 2261 1951 2317 Sabbatum
1991 2275 2048 2320 et

468 2345 792 2403 neomenias
823 2358 878 2403 et
910 2346 1048 2404 festa
1097 2367 1110 2404 :
1156 2349 1236 2404 sic
1261 2349 1407 2406 enim
1448 2353 1661 2408 servire
1691 2354 1863 2424 magis
1893 2371 2049 2411 crea-

471 2445 610 2492 turae
636 2454 800 2508 quam
825 2439 1172 2507 Creatori“,
1204 2442 1271 2497 ad
1306 2443 1549 2499 mandati
1581 2446 1756 2516 legem
1783 2447 1932 2515 quod
1963 2458 2049 2503 at-

472 2527 634 2593 tinet”,
662 2544 762 2584 eos
781 2529 1098 2598 docuisset;
1133 2532 1227 2602 qui
1271 2533 1504 2599 scilicet,
1535 2551 1658 2592 esse
1691 2536 1812 2591 dies
1852 2547 2046 2594 natura

469 2619 834 2687 venerabiles,
864 2621 1054 2692 eisque
1084 2623 1224 2680 adeo
1255 2625 1466 2680 cultum
1513 2626 1889 2683 adhibendum
1923 2645 2046 2685 esse

468 2707 884 2779 existimarent;
917 2716 1013 2768 sed
1055 2714 1161 2770 sibi
1203 2714 1319 2785 ipse
1362 2716 1741 2772 adhibendum
1781 2718 2046 2775 honorem

471 2799 698 2870 ﬁgurate
720 2818 787 2857 ex
816 2802 1031 2859 dierum
1061 2804 1276 2862 ratiune
1301 2807 1561 2863 ostendit.
1591 2809 1711 2879 Ipse
1741 2810 1888 2864 enim
1913 2810 2050 2866 Sab-

469 2898 658 2957 batum
700 2908 808 2968 est,
851 2907 1112 2973 tanquam
1153 2917 1538 2958 aerumnarum
1574 2904 1629 2959 in
1673 2919 1839 2960 carne
1885 2915 2048 2976 atque

470 2989 720 3046 laborum
756 2993 974 3062 requies
1001 3009 1015 3048 :
1043 2991 1254 3050 Pascha
1287 3007 1442 3062 vero,
1470 3000 1532 3049 ut
1563 3009 1760 3049 eorum
1779 2994 2066 3053 liberator.

469 3081 564 3150 qui
607 3097 804 3138 amara
836 3082 1049 3155 peccati
1081 3084 1347 3140 servitute
1376 3095 1636 3142 tenentur
1669 3104 1682 3142 :
1723 3085 2047 3142 PentecOste

467 3181 675 3241 autem,
711 3183 774 3230 ut
814 3188 1000 3231 rerum
1042 3177 1377 3248 principium
1421 3187 1480 3234 et
1513 3179 1639 3234 ﬁnis
1685 3179 1958 3249 ratioque,
1990 3179 2046 3236 in

467 3280 576 3336 qua
611 3267 809 3322 cuncta
839 3277 1034 3322 natura
1071 3269 1404 3327 subsistunt.
1435 3269 1610 3325 Porro
1628 3270 1756 3326 vide
1784 3270 2048 3341 quemad-

469 3359 706 3417 modum
724 3359 835 3424 lex,
857 3375 954 3416 eos
988 3361 1084 3431 qui
1111 3361 1284 3432 ipsam
1307 3362 1671 3433 corporaliter
1708 3363 2044 3434 intelligunt,

467 3447 685 3519 perdat,
711 3463 834 3520 quae
869 3449 1081 3505 scilicet
1115 3450 1329 3505 servire
1360 3459 1634 3507 creatura:
1672 3449 1848 3521 magis
1879 3465 2060 3520 quam

467 3540 716 3598 Creatori
758 3541 1006 3605 suadeat,
1057 3550 1113 3596 et
1162 3549 1224 3596 ut
1265 3556 1352 3609 ea,
1391 3550 1591 3599 natura
1632 3541 2045 3598 venerationem

468 3633 674 3693 habere
713 3633 1053 3696 existiment,
1087 3648 1210 3702 quas
1236 3634 1480 3704 ipsorum
1508 3649 1672 3690 causa
1713 3634 1857 3691 facta
1893 3643 2044 3702 sunt,

467 3725 720 3795 ignorate
745 3737 836 3790 eo,
861 3725 1023 3796 cujus
1053 3724 1156 3796 ipsi
1187 3726 1362 3797 gratia
1385 3726 1737 3782 exstiterunt.

539 3837 628 3894 47.
665 3837 923 3904 Mundus,
960 3837 1116 3894 locus
1153 3838 1342 3893 ﬁnitus
1379 3848 1484 3904 est,
1515 3847 1572 3896 et
1616 3840 1775 3910 quies
1809 3839 2049 3896 circum—

468 3929 706 4001 scripta:
742 3938 960 4001 tempus
993 3938 1200 3996 autem,
1241 3939 1425 3987 motus
1450 3930 1906 4002 circumscriptus
1928 3941 2044 3998 est;

467 4038 535 4080 cx
559 4037 668 4093 quo
703 4024 763 4077 ιιι
786 4065 801 4089 ,
834 4031 896 4079 ut
915 4038 1130 4088 eorum,
1157 4023 1251 4094 qui
1281 4023 1337 4077 in
1361 4023 1455 4078 illo
1489 4031 1639 4088 sunt,
1679 4023 1808 4078 vita:
1841 4032 2046 4089 motus,

468 4130 569 4188 per
587 4130 681 4170 eas
702 4114 958 4170 immutet
983 4113 1274 4185 qualitates
1295 4129 1415 4185 qua:
1431 4114 1688 4170 deterunt
1711 4129 2046 4186 sensumque

468 4202 739 4264 alliciunt.
795 4197 947 4258 Cum
981 4211 1165 4259 autem
1217 4213 1435 4269 natura,
1491 4203 1674 4258 locum
1721 4219 1784 4259 ac
1829 4213 2049 4274 tempus

469 4305 586 4352 tum
631 4295 811 4365 reipsa
854 4303 979 4350 actu
1022 4305 1137 4350 tum
1179 4292 1368 4351 subtili
1419 4297 1659 4366 cogitatu
1707 4306 2047 4366 transgressa

471 4385 557 4455 (ea
581 4385 793 4440 scilicet
815 4386 932 4440 sine
956 4385 1158 4456 quibus
1195 4401 1326 4450 non,
1345 4386 1404 4443 id
1433 4395 1538 4451 est,
1569 4385 1777 4440 (initam
1802 4387 2043 4456 quietem

1637 285 1698 346 S.
1739 286 2029 352 ΜΑΧῘΜΙ
2066 291 2572 361 CONFESSORIS

540 378 636 481 LL.
660 380 873 437 Corona
896 381 1271 457 benignitatis,
1298 390 1502 446 munda
1533 392 1666 450 ﬂdcs
1696 407 1802 464 est,
1833 398 2047 470 lapillo-

2224 408 2327 478 μδ’.
2388 412 2660 483 Στέφανός

2709 416 2827 470 ἐστι
2870 421 3236 492 χρηστότητος
3291 422 3383 494 (ιι),
3418 423 3596 487 πίστις
3621 444 3723 482 κα-

2157 499 2320 572 θαρὰ,
2369 502 2530 558 λίθων
2571 507 2772 578 τιμίων
2800 506 2959 582 δίκην
2996 516 3117 577 ταῖς
3183 514 3288 570 τῶν
3316 515 3600 587 δογμάτων
3623 519 3726 588 ὑψο

2153 593 2428 664 ηγορίαις,
2491 598 2585 651 καὶ
2610 599 2789 668 λόγοις
2821 601 3172 676 διηνθισμένη
3221 612 3604 677 πνευματικοῖς
3632 611 3728 663 καὶ

2155 687 2412 756 νοήμασι,
2431 688 2522 742 τὸν
2543 689 2769 760 θεοφιλῆ
2793 693 3046 768 καθάπερ
3064 695 3306 770 κεφαλὴν
3329 700 3729 770 διασφίγγουσα

2155 775 2298 830 νοῦν.
2335 777 2404 830 Ἦ
2430 778 2630 849 μᾶλλον
2659 782 2930 852 στέφανος
2967 784 3337 858 χρηστότητός
3363 789 3531 856 ἔστιν,
3561 791 3731 854 αὐτὸς

2153 867 2183 919 6
2217 866 2311 922 τοῦ
2348 868 2484 927 Θεοῦ
2512 871 2704 941 Λόγος,
2739 876 2766 928 6
2800 877 2868 945 τῇ
2895 877 3139 949 ποικιλίᾳ
3162 878 3274 931 τῶν
3303 879 3444 933 κατὰ
3469 881 3732 948 πρόνοιαν

2155 959 2253 1012 καὶ
2281 961 2460 1032 κρίσιν
2492 963 2730 1034 τρόπων,
2761 964 2929 1036 ἤγουν
2953 967 3250 1039 ἐγκρατείᾳ
3287 968 3397 1021 τῶν
3439 971 3728 1037 ἑκουσίων,

2155 1048 2251 1105 καὶ
2289 1052 2536 1137 ῦπομονῇ
2581 1053 2690 1108 τῶν
2721 1055 2996 1110 ἀκουσίων
3027 1056 3238 1122 παθῶν,
3267 1056 3342 1122 ὡς
3364 1061 3604 1132 κεφαλὴν
3635 1061 3732 1113 τὸν

2154 1142 2280 1196 νοῦν
2305 1145 2686 1216 περιγράφων,
2709 1148 2804 1202 καὶ
2823 1150 2892 1220 τῇ
2919 1153 3119 1221 μετοχῇ
3175 1152 3274 1220 τῆς
3331 1152 3476 1206 κατὰ
3529 1153 3732 1207 θέωσιν

2155 1236 2376 1306 χάριτος
2401 1237 2565 1292 αὑτὸν
2600 1240 2791 1293 ἑαυτοῦ
2823 1242 2915 1296 τὸν
2947 1243 3084 1296 νοῦν
3105 1245 3276 1299 ποιῶν
3298 1246 3652 1318 ὼραιότερονέ

2355 1377 2409 1410 \l‘

2228 1501 2330 1568 με’.
2385 1501 2648 1556 Ἐνταῦθα
2685 1502 2783 1574 τὴν
2831 1503 3178 1576 ἐγκράτειαν,
3215 1504 3377 1575 ἔργον
3411 1489 3546 1560 εῖναι
3575 1507 3731 1575 λέγει

2152 1592 2250 1662 τῆς
2272 1593 2556 1662 Προνοίας,
2585 1593 2667 1656 ὡς
2689 1594 2795 1648 τῶν
2817 1595 3110 1666 γνωμικῶν
3135 1597 3478 1678 καθαρτικὴν
3509 1599 3727 1653 παθῶνν

2153 1683 2252 1754 τὴν
2304 1685 2582 1755 ὑπομονὴν
2641 1685 2718 1750 δὲ,
2771 1685 2870 1756 τῆς
2920 1687 3158 1757 κρίσεως
3211 1685 3351 1744 εἶναι
3397 1691 3731 1761 κατόρθωμά

2085 1763 2124 1817 Β
2154 1791 2338 1843 φησιν,
2357 1773 2433 1837 ὡς
2457 1776 2574 1838 τοῖς
2587 1775 2862 1839 ἀκουσίοις
2888 1777 3278 1848 άντιτασσομέι
3289 1796 3360 1850 ην
3377 1781 3728 1851 πειρασμοῖς,

2153 1864 2246 1917 καὶ
2278 1864 2380 1934 τῆς
2426 1865 2740 1936 πρακτικῆς
2784 1868 3106 1937 φιλοσοφίας
3133 1871 3484 1941 ὑπάρχουσαῦ
3523 1873 3730 1942 σύμϐο-

2151 1955 2242 2009 λον
2265 1973 2278 1986 ο
2308 1957 2447 2027 πρὸς
2486 1957 2706 2028 ἀρετὴν,
2746 1957 2822 2022 ὡς
2862 1961 2959 2012 ἀπ’
2993 1960 3271 2028 Δίγύπτου
3310 1963 3730 2035 τῆς-ἁμαρτίας,

2149 2049 2278 2112 τοὺς
2314 2048 2406 2102 ὑπ’
2438 2050 2611 2119 αὐτῆς
2638 2051 3044 2122 κρατουμένους
3071 2051 3513 2117 διαϐιϐάζουσαν.

2225 2161 2342 2232 με’.
2381 2161 2457 2216 Οὐ
2490 2161 2589 2227 τὰς
2631 2163 2844 2234 ἡμέρας
2885 2164 3152 2235 τιμᾶσθαι
3193 2149 3362 2219 θέλων
3392 2167 3422 2220 6
3458 2163 3590 2227 Θεὸς
3622 2165 3731 2219 ὑπὸ

2149 2254 2258 2306 τῶν
2289 2253 2613 2326 ἀνθρώπων,
2653 2254 2952 2325 προσέταξε
2982 2257 3280 2328 τιμηθῆναι
3316 2258 3378 2310 τό
3422 2274 3482 2310 τε
3512 2256 3730 2311 2666:;-

2149 2362 2264 2407 τον,
2295 2346 2388 2399 καὶ
2419 2347 2517 2410 τὰς
2544 2347 2858 2417 νεομηνίας,
2895 2348 2992 2400 καὶ
3020 2349 3119 2411 τὰς
3155 2349 3348 2418 ἑορτάς
3373 2365 3386 2378 ο
3427 2347 3572 2401 οῦτω
3615 2348 3729 2420 γάρ

2149 2438 2216 2493 ἂν
2265 2438 2548 2509 λατρεύειν
2581 2440 2647 2510 τῇ
2697 2439 2872 2493 κτίσει
2918 2441 3069 2509 παρὰ
3121 2441 3215 2494 τὸν
3261 2441 3526 2495 κτίσαντα
3582 2441 3728 2496 κατὰ

2149 2529 2314 2598 νόμου
2342 2529 2563 2600 ἐντολὴν
2591 2530 2970 2602 ἐδογμάτισεν,
3014 2532 3297 2603 οίομένους
3338 2531 3543 2596 σεπτὰς
3590 2528 3734 2588 εἶναι

2151 2621 2310 2690 φύσει
2338 2621 2437 2686 τὰς
2460 2621 2691 2693 ἡμέρας,
2718 2623 2813 2677 καὶ
2849 2622 2936 2676 διὰ
2961 2622 3120 2676 τοῦτο
3156 2625 3537 2694 προσκυνητάς
3556 2639 3571 2654 ο
3613 2613 3732 2676 ἀλλ’

2149 2712 2342 2766 ἑαυτὸν
2369 2713 2632 2784 τιμᾶσθαι
2669 2714 3013 2784 συμϐολικῶς
3044 2715 3132 2769 διὰ
3174 2716 3284 2769 τῶν
3314 2714 3538 2787 ἡμερῶν
3584 2731 3729 2785 παρ-

2151 2804 2441 2876 εδήλωσεν.
2483 2806 2656 2868 Αὐτὸς
2688 2807 2794 2878 γάρ
2825 2807 2942 2859 ἐστι
2966 2805 3241 2861 Σάϐϐατον
3279 2805 3396 2877 μὲν,
3426 2807 3504 2870 ὡς
3527 2806 3642 2859 τῶν
3675 2809 3740 2860 έν

2153 2897 2321 2968 σαρκὶ
2343 2897 2446 2968 τῆς
2477 2896 2662 2968 ψυχῆς
2704 2898 2916 2968 μόχθων
2957 2897 3284 2962 ἀνάπαυσις,
3331 2897 3426 2952 καὶ
3451 2899 3562 2964 τῶν
3586 2899 3729 2952 κατὰ

2154 2984 2508 3060 δικαιοσῦνην
2533 2989 2711 3043 πόνων
2737 2989 3085 3054 κατάπαυσις
3102 3007 3116 3020 ’
3147 2989 3338 3060 Πάσχα
3358 2988 3437 3054 δὲ,
3469 2990 3547 3054 ὡς
3573 2990 3728 3043 ἕλευ.

2076 3113 2118 3171 C
2154 3077 2400 3150 θερωτὴς
2425 3080 2536 3133 τῶν
2583 3084 2649 3152 τῇ
2697 3069 2872 3154 πικρᾷ
2916 3069 3144 3149 δουλείᾳ-
3179 3082 3606 3153 κεκρατημένων
3633 3083 3730 3150 τῆς

2151 3173 2830 3247 ἀμαρτίας·Πεντη’κοστὴ
2859 3174 2938 3237 δὲ,
2968 3173 3044 3238 ὡς
3071 3176 3296 3246 ἀπαρχὴ
3325 3176 3418 3228 καὶ
3440 3175 3591 3238 τέλος
3617 3175 3726 3227 τῶν

2148 3266 2341 3332 δντων,
2386 3269 2479 3321 καὶ
2521 3267 2698 3336 λόγος,
2757 3261 2801 3337 ᾧ
2855 3269 2923 3323 τὰ
2974 3268 3153 3322 πάντα
3195 3269 3358 3338 φύσει
3404 3269 3723 3338 συνέστηκε.

2151 3351 2352 3411 Σκόπει
2373 3357 2430 3410 δὲ
2456 3357 2574 3421 πῶς
2597 3359 2626 3412 6
2647 3357 2818 3428 νόμος
2840 3358 3104 3414 ἀπόλλυσι
3135 3361 3260 3422 τοὺς
3282 3359 3538 3422 νοοῦντας
3563 3360 3725 3412 αὑτὸν

2154 3449 2500 3520 σωματικῶς,
2533 3452 2598 3520 τῇ
2629 3449 2805 3503 κτίσει
2829 3449 3111 3521 λατρεύειν
3139 3451 3290 3521 παρὰ
3318 3451 3412 3504 τὸν
3443 3451 3723 3505 κτίσαντα

2149 3540 2376 3607 πείθων,
2429 3541 2522 3595 καὶ
2553 3541 2805 3613 ἡγεῖσθαι
2847 3541 3009 3612 φύσει
3057 3544 3255 3608 σεπτὰ,
3293 3543 3362 3597 τὰ
3408 3543 3477 3596 δί*
3526 3544 3726 3605 αὐτοὺς

2149 3633 2434 3702 γεγονότα,
2482 3633 2676 3688 τὺν“δι’
2713 3634 2774 3687 6v
2813 3634 2969 3689 αὐτοὶ
3001 3636 3288 3705 γεγόνασιν
3325 3635 3720 3706 ἁγνοήσαντας.

2221 3832 2328 3904 μετ’.
2387 3834 2446 3888 Ὀ
2498 3834 2596 3904 μὲν
2641 3833 2864 3903 κόσμος,
2908 3836 3072 3898 τόπος
3108 3834 3226 3888 ἐστὶ
3281 3834 3722 3906 πεπερασμένος,

2149 3929 2244 3982 καὶ
2267 3928 2458 3991 στάσις
2488 3928 2980 4000 περιγεγραμμένη
3002 3943 3016 3958 ο
3061 3929 3090 3982 6
3118 3929 3174 3984 δὲ
3205 3929 3421 4000 χρόνος,
3450 3946 3723 4001 περιγρα-

2150 4017 2363 4089 φομένη
2394 4017 2700 4087 καθέστηκε
2747 4018 2981 4088 κίνησις,
3014 4017 3135 4070 ὅθεν
3175 4019 3270 4072 καὶ
3306 4018 3574 4087 ἀλλοιωτὴ
3611 4018 3724 4073 τῶν

2149 4110 2208 4162 έν
2253 4107 2402 4178 αὐτῷ
2469 4108 2804 4178 καθέστηκεν
2852 4111 2886 4178 ή
2942 4109 3084 4162 κατὰ
3129 4108 3230 4180 τὴν
3285 4109 3432 4182 ζωὴν
3482 4111 3718 4178 κίνησις.

2160 4201 2431 4272 Ὀπηνίκα
2469 4199 2528 4254 δὲ
2558 4200 2653 4254 τὸν
2685 4199 2849 4254 τόπον
2896 4198 3180 4254 διελθοῦσα
3237 4201 3334 4256 καὶ
3372 4200 3465 4254 τὸν
3509 4201 3722 4271 χρόνον,

2149 4295 2271 4350 κατ’
2299 4292 2579 4364 ὲνέργειάν
2601 4310 2660 4346 τε
2695 4291 2790 4346 καὶ
2826 4291 3034 4347 ἔννοιαν
3063 4293 3096 4364 ἡ
3127 4292 3310 4362 φύσις,
3341 4291 3510 4365 ἤγουν
3541 4292 3612 4346 τὰ
3651 4286 3726 4346 ὧν

2147 4387 2249 4439 οὐκ
2295 4385 2446 4451 ἄνευ,
2484 4383 2733 4438 τουτέστι
2784 4385 2884 4455 τὴν
2925 4386 3352 4456 πεπερασμένην
3397 4386 3584 4438 στάσιν
3628 4386 3723 4438 καὶ

469 4485 533 4525 ne
556 4471 786 4542 motum)
823 4471 1140 4527 immediate
1174 4472 1540 4529 Providentia:
1569 4474 1878 4543 cohaeserit,
1911 4475 2044 4529 P-ro—

2149 4476 2382 4547 κίνησιν,
2407 4473 2630 4546 ἀμέσως
2657 4474 2901 4546 συναφθῇ
2926 4477 2990 4545 τῇ
3024 4475 3272 4545 προνοίᾳ,
3300 4475 3458 4542 λόγον
3474 4475 3723 4544 εὑρίσκει

467 4563 768 4618 videntimn
799 4565 1069 4619 rationem
1098 4571 1294 4620 natura
1334 4564 1638 4635 simplicem
1673 4572 1731 4620 et
1764 4565 2040 4631 stabilem,

468 4653 729 4722 omnique
759 4653 988 4724 prerSus
1020 4653 1532 4724 circumscriptione
1563 4668 1659 4708 seu
1696 4651 1804 4708 line
1857 4668 2044 4708 caren-

472 4752 604 4806 tem,
633 4743 1002 4809 nanciscitur;
1031 4751 1196 4814 atque
1230 4743 1369 4800 adeo
1393 4759 1461 4800 ne
1489 4744 1668 4816 622'
1690 4754 1897 4800 motum
1919 4744 2044 4816 qui.

473 4833 600 4889 dem
625 4849 856 4904 prorsus
878 4835 1198 4892 habentem.

537 4925 626 4981 48.
659 4926 799 4981 Dum
831 4938 1028 4982 natura
1053 4937 1407 4998 temporanee
1438 4927 1492 4983 in
1533 4927 1739 4982 mundo
1770 4935 2043 4994 versatur,

538 5082 585 5114 '°
615 5082 774 5137 Rom.
805 5098 842 5147 ι,
870 5081 960 5138 25.

467 5236 728 5308 gnificat;
754 5235 1140 5308 explicantque
1175 5235 1411 5308 theologi
1431 5235 1530 5308 illa
1550 5249 1684 5308 voce
1711 5235 1832 5290 καθ’
1866 5239 2037 5305 ὑπερ-ο

467 5252 728 5308 gnincat;
754 5252 1140 5306 expneantque
1175 5252 1411 5361 tucciogt
1436 5252 1524 5290 ma
1551 5252 1684 5291 voce
1711 5252 1830 5290 καυ·
1866 5252 2037 5305 οπερ-ο

467 5309 616 5378 οχὴν,
631 5307 916 5378 secundum
934 5306 1312 5378 excellentiam.
1346 5307 1377 5378 ll
1399 5306 1481 5360 ale
1503 5305 1685 5370 Picus,
1705 5321 2038 5377 prorsusquc

467 5377 976 5458 ὀμ¹υῄτιιζςηΑηιριε
1004 5377 1406 5458 subiicit-oculis
1435 5391 1644 5458 summa
1683 5378 1966 5458 ignoratio:

540 5446 621 5571 (93
672 5445 975 5530 Ettigius-oc
1011 5445 1436 5516 χρῆστότητος.
1479 5445 1754 5571 ΑΙΙεξοτὶιι
1781 5456 1886 5512 est,
1922 5447 2040 5518 ejus

540 5533 584 5570 μ’)
651 5518 786 5571 psal.
819 5517 915 5571 illo
970 5530 1092 5571 ωιιν
1128 5517 1387 5571 habetur.
1424 5517 1600 5571 Εὐ).ογ
1643 5533 1759 5571 cecc
1792 5518 1882 5570 τὸν
1916 5522 2036 5568 στέ-

471 5517 621 5586 quod
651 5518 786 5586 psal.
819 5517 915 5572 illo
970 5530 1092 5572 ωιιν
1128 5517 1387 5580 habetur,
1424 5517 1759 5586 Εὐλογήσεις
1792 5518 1882 5570 τὸν
1916 5517 2036 5568 στέ-

474 5585 762 5658 φανονίτοῦ
799 5587 1178 5658 ὲνιαυτοῦίτῆς
1208 5585 1575 5658 χρηπότητὸς
1613 5585 1736 5650 σου,
1760 5587 1866 5658 ubi
1909 5603 2040 5656 χρη-

477 5654 667 5736 στότης
695 5666 942 5736 exparte
978 5657 1074 5710 Dei
1105 5671 1163 5711 se
1193 5654 1340 5736 tenet
1379 5654 1616 5736 ejusque
1651 5654 2038 5736 benignitatem

473 5740 537 5785 ac
554 5725 899 5786 clementiam
917 5737 1096 5792 sonat,
1127 5739 1238 5797 qua
1265 5726 1343 5782 sic
1367 5725 1573 5781 annum
1604 5725 1770 5781 bo'nis'
1794 5725 2039 5791 instruit,

2149 4567 2246 4641 τήν
2275 4567 2552 4637 πρόνοιαν,
2583 4565 2725 4619 κατὰ
2763 4567 2926 4635 φύσιν
2959 4566 3165 4622 ἁπλοῦν
3198 4583 3258 4620 τε
3301 4567 3393 4620 καί.
3434 4567 3722 4636 στάσιμον,

2149 4658 2244 4710 καὶ
2291 4657 2560 4728 μηδεμίαν
2605 4656 2798 4728 ἔχοντα
2850 4657 3026 4727 πάντη
3077 4657 3443 4728 περιγραφὴν,
3483 4656 3581 4709 καὶ
3637 4653 3724 4709 διὰ

2146 4748 2306 4803 τοῦτο
2334 4748 2613 4813 παντελῶς
2651 4748 2776 4803 οῦτε
2815 4748 3048 4820 κίνησιν.

2225 4931 2340 4995 μη’.
2383 4923 2475 4975 Ἑν
2519 4922 2618 4992 μὲν
2661 4921 2741 4990 τῷ
2785 4921 2978 4992 κόσμῳ
3021 4921 3342 4994 ὑπάρχουσα
3382 4920 3657 4993 χρονικῶς
3687 4919 3718 4987 ἡ

2148 5243 2208 5288 ιιι
2249 5234 2320 5288 sit
2349 5234 2552 5289 amicis
2584 5233 2739 5304 quasi
2777 5237 3048 5288 contexta"
3072 5241 3270 5288 ceron'a
3299 5232 3414 5304 :ﬂita
3438 5231 3534 5304 hic
3559 5231 3714 5304 ﬁdes,

2146 5305 2311 5359 tan'tis
2341 5315 2496 5360 aucta
2529 5302 2874 5368 muneribus,
2908 5312 3112 5373 quanta
3147 5302 3411 5373 describit
3433 5302 3714 5356 Maximus.

2144 5374 2255 5430 Nec
2280 5374 2412 5430 satis
2439 5383 2625 5444 aptum
2650 5373 2872 5444 videtur
2903 5372 3050 5444 quod
3093 5373 3276 5444 reddit
3301 5372 3463 5428 Picus
3481 5412 3494 5435 ,
3526 5387 3715 5425 corona

2146 5445 2441 5515 probitatis,
2467 5443 2614 5513 quod
2654 5443 2733 5499 sic
2758 5443 2934 5515 nemo
2959 5444 3013 5515 in
3041 5459 3111 5515 eo
3146 5443 3282 5513 psal.
3328 5443 3714 5512 interpretatus

2143 5513 2248 5578 est,
2276 5530 2340 5569 ac
2372 5516 2607 5580 merito;
2639 5529 2740 5568 nec
2766 5514 2914 5567 enim
2943 5513 3050 5569 dici
3103 5522 3284 5583 potest
3304 5553 3319 5576 ,
3367 5528 3560 5583 corona
3591 5526 3712 5579 pro-

2144 5585 2319 5638 bitatis
2341 5583 2473 5648 Dei,
2505 5584 2740 5657 sed_ejus
2771 5581 3126 5657 benignitatis
3164 5598 3260 5637 seu
3287 5581 3708 5657 bonitatisgnon

2145 5671 2252 5722 qua
2274 5665 2573 5710 coronetur
2596 5650 2692 5724 Dei
2724 5650 2996 5724 probitas,
3025 5652 3118 5709 sed
3149 5667 3258 5724 qua
3285 5654 3431 5710 Deus
3462 5650 3710 5720 benigni-

2149 5725 2260 5781 tate
2295 5733 2526 5781 Coronat
2551 5737 2614 5780 ac
2642 5723 2905 5780 bonitate.
