4010 6202
370 286 508 356 1369

1075 291 1410 358 CAPITUM
1443 292 1543 366 QII
1555 293 1866 366 INQUIES
1903 294 2424 356 CENTENORUM
2460 294 2846 356 CENTURIA
2881 294 2952 354 V.

3483 291 3618 357 1370

364 401 550 472 φύσις,
577 403 874 474 ἀλλοιωτὴν
899 402 1012 474 ἔχει
1047 403 1146 476 τὴν
1173 406 1410 477 κίνησιν,
1438 406 1526 461 διὰ
1555 407 1652 479 τὴν
1692 407 1787 460 τοῦ
1847 407 1938 460 κδ-

2059 410 2114 466 ,μὴ
2166 407 2358 462 mutuli
2417 409 2658 476 quietem
2714 407 2948 474 finitam,
3015 405 3392 478 temporisque
3455 408 3616 463 altam

365 509 510 564 σμου
530 496 957 566 πεπερασμένην
993 498 1203 561 στάσιν,
1229 499 1322 552 καὶ
1348 498 1448 570 τὴν
1477 499 1600 553 καθ’
1626 499 1938 571 ὲτεροὶωσιν

363 584 461 638 τοῦ
488 585 680 655 χρόνου
704 587 874 658 φοράν
895 602 910 618 ·
939 589 998 641 έν
1026 588 1083 642 δὲ
1115 588 1196 660 τῷ
1231 589 1352 660 Θεῷ
1379 591 1660 662 γινομένη,
1708 590 1795 644 διὰ
1840 593 1941 655 τὴν

366 681 600 751 φυσικὴν
644 682 740 735 τοῦ
786 685 843 735 tv
881 677 925 751 ᾧ
961 683 1152 753 γέγονε
1197 686 1423 755 μονάδα,
1460 687 1650 740 στάσιν
1682 686 1944 756 ἀκίνητον

365 767 500 832 ἔξει,
553 762 649 822 κὰ
700 772 964 840 στάσιμον
1009 773 1448 844 ταυτοκινησίαν,
1495 773 1623 844 περὶ
1656 773 1716 826 τὸ
1749 772 1944 826 ταυτὸν

368 863 463 914 καὶ
511 861 570 914 tv
603 866 692 916 καὶ
753 865 934 935 μόνον,
980 865 1169 930 ἀῖδίως
1206 867 1523 939 γινομένην,
1595 867 1664 938 ἣν
1713 862 1855 921 οἶδεν
1910 868 1940 920 6

366 953 528 1023 λόγος
561 956 636 1025 (Ιι)
676 957 884 1028 ἆμεσον
923 955 1062 1014 εἶναι
1113 961 1246 1032 περὶ
1276 961 1336 1014 τὸ
1369 962 1586 1032 πρῶτον
1609 962 1802 1024 αῐτιον,
1830 957 1940 1014 τῶν

366 1043 428 1110 ἐξ
454 1047 619 1101 αὐτοῦ
647 1051 1038 1121 πεποιημένων
1068 1053 1296 1123 μόνιμον
1323 1053 1532 1124 ἵδρυσιν
1558 1057 1598 1108 '.

2043 509 2204 569 atque
2233 500 2394 554 aliam
2427 499 2712 561 lationem,
2765 509 2826 552 ut
2871 514 2939 554 ex
2978 498 3102 553 aliis
3145 497 3282 552 alias
3325 498 3620 568 qualitates

2043 591 2319 655 immutel,
2359 599 2570 645 motum
2609 590 2879 661 ejusmodi
2929 589 3115 654 habet,
3144 604 3308 659 quem
3352 589 3619 644 varianti-

2043 683 2149 737 bus
2176 683 2534 753 qualitatibus
2557 696 2779 737 sensum
2807 681 3201 745 afﬁcientibus,
3237 680 3620 734 alterationem

2042 785 2259 831 vocant.
2289 776 2389 832 Ubi
2419 785 2604 830 autem
2630 777 2685 830 in
2707 776 2881 829 Deum
2905 772 3265 837 concesserit,
3295 771 3368 826 ob
3395 783 3623 828 natura-

2042 868 2150 924 lem
2183 870 2304 940 ejus
2342 869 2395 922 in
2441 884 2552 938 quo
2600 877 2705 931 est,
2743 867 3032 929 unitatem,
3069 865 3393 934 sempiterni
3438 872 3624 917 motus

2045 960 2284 1030 quietem
2346 959 2593 1024 habebit,
2651 957 3010 1029 ejusdemque
3051 966 3233 1012 motus
3281 957 3429 1010 circa
3477 955 3622 1010 idem

2049 1066 2331 1120 unumque
2363 1065 2428 1105 ac
2455 1051 2636 1105 solum
2664 1047 3020 1119 sempiterne
3064 1047 3338 1103 versantis
3368 1057 3626 1102 constan-

367 1139 501 1197 tiam
544 1156 708 1211 quam
749 1141 1034 1213 Scriptura
1072 1142 1467 1210 immediatam,
1513 1143 1659 1199 circa
1709 1141 1943 1212 primam
1977 1155 2222 1206 causam,
2263 1155 2455 1195 eorum
2485 1155 2608 1210 quae
2635 1155 2703 1195 ex
2727 1139 2817 1193 illa
2883 1147 3034 1204 sunt,
3094 1138 3348 1193 stabilem
3385 1138 3624 1194 mansio-

369 1245 497 1286 nem
535 1231 833 1301 sedemque
863 1247 1062 1287 vocare
1092 1232 1400 1288 consuevit.

442 1323 549 1396 μθ¹.
613 1325 930 1398 Μυστήριόν
984 1329 1099 1382 ἐστι
1151 1328 1550 1398 Πεντηκοστῆς,
1595 1330 1629 1399 ἡ
1673 1329 1811 1400 πρὸς
1846 1328 1943 1399 τὴν

369 1417 635 1488 Πρόνοιαν
649 1419 856 1489 ἆμεσος
888 1419 996 1472 τῶν
1020 1423 1436 1492 προνοουμένων
1465 1423 1690 1485 ἓνωσιςο
1722 1423 1942 1494 ήγουνή

371 1510 510 1582 πρὸς
537 1509 629 1564 τὸν
653 1511 810 1578 λόγον
836 1511 979 1565 κατὰ
1008 1513 1106 1582 τὴν
1129 1513 1231 1583 τῆς
1263 1515 1530 1584 Προνοίας
1570 1515 1810 1569 ἐπίνοιαν
1846 1514 1946 1582 τῆς

372 1603 588 1672 φύσεως
630 1604 845 1668 ἕνωσις,
901 1605 1022 1659 καθ’
1055 1607 1122 1677 ἢν
1167 1606 1398 1676 οὐδεμία
1449 1607 1776 1676 compitum
1827 1605 1946 1658 ἐστὶ

371 1696 564 1766 χρόνου
622 1696 716 1750 καὶ
763 1700 1031 1764 γενέσεως
1069 1697 1329 1768 ἔμφασις.
1383 1699 1624 1767 Σᾶλπιγξ
1671 1698 1728 1752 δὲ
1786 1697 1949 1752 πάλιν

373 1788 530 1858 ἡμῶν
553 1789 704 1842 ἐστιν
725 1791 753 1843 6
780 1788 957 1857 λόγος,
980 1789 1058 1854 ὡς
1084 1791 1184 1854 τὰς
1222 1791 1372 1854 θείας
1401 1793 1494 1846 καὶ
1515 1793 1791 1864 ἀρρήτους
1820 1793 1950 1862 ἡμῖν

375 1879 735 1951 ἑνηχούμενος
763 1880 1025 1950 γνώσεις·
1061 1881 1290 1954 ίλασμὺς
1325 1883 1405 1948 δὲ,
1447 1883 1524 1946 ὡς
1573 1885 1630 1936 tv
1663 1883 1841 1955 ἑαυτῷ
1880 1883 1951 1938 τὰ

372 1969 641 2042 ἡμέτερα,
684 1970 805 2023 καθ’
837 1972 984 2040 ἡμᾶς
1005 1971 1314 2042 γενόμενος,
1345 1971 1577 2024 διαλύων
1606 1973 1946 2042 ὲγκλήματαυ

373 2062 470 2116 καὶ
489 2064 556 2132 τῇ
587 2060 768 2134 δωρεᾷ
795 2065 894 2133 τῆς
926 2063 1149 2133 χάριτος
1183 2064 1242 2116 tv
1275 2063 1568 2134 πνεύματι,
1622 2064 1721 2135 τὴν
1764 2065 1948 2134 ἁμαρο

372 2154 619 2224 τήσασαν
657 2151 818 2222 φύσιν
856 2153 1154 2208 θεοποιῶν·
1218 2155 1564 2224 σκηνοπηγία
1603 2155 1683 2220 δὲ,
1727 2155 1802 2218 ὡς
1851 2157 1951 2225 τῆς

373 2243 535 2316 ἡμῶν
562 2243 703 2296 κατὰ
729 2243 830 2312 τὴν
856 2243 1190 2314 θεομίμητον
1218 2242 1330 2308 ἕξιν
1353 2245 1480 2314 περὶ
1511 2245 1572 2296 τὸ
1601 2243 1764 2296 καλὸν
1789 2245 1951 2315 ἀτρε-

373 2335 504 2406 ψίας
530 2335 745 2406 πρᾶξις,
771 2337 864 2390 καὶ
891 2337 920 2389 6
939 2336 1041 2406 τῆς
1063 2333 1198 2408 πρὸς
1214 2335 1515 2391 ἀθανασίαν
1539 2337 1952 2408 μεταποιήσεως

378 2426 693 2490 συνεκτικὺς
725 2425 942 2498 δεσμός.

446 2613 510 2663 ν’.
552 2605 611 2660 '0
635 2605 819 2678 ψιλαῖς
854 2607 976 2670 ταῖς
1027 2602 1277 2675 ὲναίμοις
1323 2603 1527 2675 χαίρων
1555 2601 1788 2667 θυσίαις,
1823 2601 1952 2673 περὶ

374 2699 445 2752 τὰ
479 2698 625 2769 πάθη
653 2697 970 2762 σπουδάζειν
995 2695 1070 2760 ὡς
1101 2694 1356 2766 ἐμπαθὴς
1381 2693 1789 2767 παρασκευάζει
1824 2694 1953 2766 τοὺς

377 2789 628 2852 θύοντας.
661 2787 809 2841 me:
854 2787 964 2858 γὰρ
1005 2786 1220 2856 χαίρειν
1260 2785 1322 2838 τὸ
1347 2785 1590 2855 γνησίως
1636 2783 1823 2847 σέϐον,
1871 2776 1954 2846 οἷς

375 2883 555 2953 χαίρει
600 2882 660 2934 τὺ
717 2879 1211 2949 προσκυνούμενον.
1265 2877 1426 2931 Ὅθεν
1487 2875 1680 2939 θυσίας
1725 2871 1864 2929 οἶδεν
1922 2877 1952 2929 6

378 2973 560 3042 λόγος,
591 2970 688 3042 τὴν
713 2970 820 3024 τῶν
847 2969 1034 3022 παθῶν
1071 2967 1272 3039 μᾶλλον
1300 2967 1664 3038 σφαγὴν,,καὶ
1702 2965 1804 3038 τὴν
1845 2966 1954 3020 τῶν

376 3063 621 3134 φυσικῶν
649 3063 930 3132 δυνάμεων
963 3062 1364 3132 προσαγωγὴν
1389 3051 1486 3124 ὧν,
1515 3057 1612 3112 τοῦ
1637 3058 1738 3130 μὲν
1767 3057 1948 3124 λόγου,

375 3158 545 3222 τύπος
571 3156 716 3210 ἐστὶν
741 3157 770 3209 6
805 3155 988 3227 κριός·
1021 3153 1115 3208 τοῦ
1146 3155 1204 3208 δὲ
1234 3152 1407 3224 θυμοῦ
1440 3155 1596 3225 φέρει
1626 3151 1896 3222 σύμὸολον
1925 3153 1953 3204 6

375 3249 605 3321 ταῦροςο
653 3249 752 3320 τῆς
782 3247 840 3302 δὲ
869 3247 1192 3318 ἐπιθυμίας,
1225 3247 1258 3317 ἡ
1291 3245 1400 3313 αἲξ
1429 3245 1664 3316 ὑπάρχει
1696 3245 1950 3315 δήλωσις.

449 3422 550 3478 να’.
591 3421 794 3484 Θυσίας
842 3420 1220 3490 πνευματικὰς
1261 3414 1403 3486 εἶναι
1455 3417 1836 3488 γινώσκομεν,
1890 3418 1950 3470 ού

383 3515 547 3585 μόνον
599 3514 696 3584 τὴν
748 3512 856 3565 τῶν
898 3511 1084 3564 παθῶν
1133 3512 1402 3580 νέκρωσιν
1437 3508 1830 3578 σφαττομένων
1885 3511 1950 3578 τῇ

380 3607 628 3680 μαχαίρᾳ
653 3605 748 3658 τοῦ
783 3603 1110 3674 πνεύματος,
1156 3603 1295 3671 ὅπερ
1323 3601 1444 3653 ἐστὶ
1480 3601 1632 3670 ῥῆμα
1659 3599 1819 3665 Θεοῦ,
1861 3601 1955 3652 καὶ

378 3701 564 3770 πάσης
613 3699 713 3766 τῆς
748 3696 808 3750 tv
852 3694 1018 3766 σαρκὶ
1061 3693 1227 3764 ζωῆς,
1277 3692 1352 3757 ὡς
1392 3693 1628 3762 αἵματος
1668 3691 1768 3761 τὴν
1811 3691 1955 3744 κατὰ

379 3791 642 3858 πρόθεσιν
669 3789 886 3860 κίνησιν
913 3788 999 3857 (ί),
1029 3785 1164 3841 ἀλλὰ
1196 3785 1294 3838 καὶ
1319 3783 1429 3838 τῶν
1456 3783 1598 3836 κατὰ
1635 3781 1955 3851 φιλοσοφίαν

383 3883 552 3954 ἠθῶν,
589 3881 684 3935 καὶ
723 3879 916 3934 πασῶν
955 3877 1065 3932 τῶν
1103 3876 1249 3930 κατὰ
1281 3875 1444 3944 φύσιν
1473 3873 1757 3945 δυνάμεων
1788 3889 1955 3944 προσ-

379 3975 600 4047 αγωγὴν
619 3970 1025 4043 ἀφιερουμένων
1045 3968 1184 4040 Θεῷ,
1209 3968 1304 4022 καὶ
1325 3967 1403 4039 τῷ
1429 3966 1562 4039 πυρὶ
1585 3966 1687 4036 τῆς
1708 3965 1766 4017 tv
1788 3965 1954 4018 Πνεύ-

384 4086 516 4140 ματι·
573 4068 796 4138 χάριτος
846 4064 984 4136 πρὸς
1030 4061 1130 4133 τὴν
1193 4059 1346 4116 θείαν
1411 4057 1568 4129 λῆξιν
1629 4056 1956 4113 ὁλοκαυτου-

384 4159 560 4229 μένων
595 4156 681 4228 θ).

452 4302 498 4334 ⁸⁷
531 4299 734 4369 Ephcs.
769 4311 844 4360 vr,
876 4295 963 4348 l7.

459 4436 713 4506 'Dionys.
749 4433 824 4488 De
852 4431 1044 4488 caelesti
1068 4433 1392 4488 hierarchia.

2121 1327 2210 1383 t9.
2242 1327 2600 1383 Pentecostes
2631 1327 2981 1399 mysterium.
3015 1338 3100 1382 est
3139 1326 3456 1382 immediata
3495 1327 3628 1383 unio

2050 1435 2175 1474 cum
2209 1419 2561 1475 Providentia
2594 1435 2786 1475 eorum
2817 1420 2911 1490 qui
2938 1419 3292 1474 Providentia
3323 1427 3626 1490 reguntur;

2052 1512 2105 1567 id
2129 1520 2233 1578 est,
2257 1521 2468 1568 natura:
2491 1527 2617 1568 cum
2645 1513 2882 1578 ratione,
2925 1510 3229 1568 secundum
3261 1509 3630 1565 Providentiae

2051 1611 2416 1673 conceptum,
2477 1604 2796 1674 copulatio;
2859 1603 3162 1659 secundum
3242 1617 3406 1671 quam
3481 1600 3632 1655 nulla

2052 1708 2281 1766 prorsus
2308 1696 2593 1765 temporis,
2634 1706 2904 1764 ortusque
2930 1695 3304 1766 generationis
3331 1701 3509 1748 exstat
3547 1708 3635 1747 re-

2050 1786 2422 1856 praesentatio.
2457 1771 2669 1841 Rursus
2699 1795 2882 1840 autem
2914 1786 3044 1841 tuba
3078 1795 3288 1848 nostra,
3321 1800 3505 1839 sermo
3524 1792 3631 1845 est.

2051 1885 2113 1932 ut
2138 1878 2233 1947 qui
2261 1877 2479 1932 divinas
2505 1887 2671 1948 atque
2705 1893 2931 1932 arcanas
2955 1877 3116 1931 nobis
3143 1876 3405 1931 scientias
3428 1891 3492 1930 ac
3529 1891 3632 1928 no-

2050 1970 2231 2023 tiones
2257 1969 2496 2024 insonet.
2538 1968 2866 2039 Propitiatio
2907 1983 3060 2032 vero,
3103 1975 3164 2021 ut
3197 1967 3291 2037 qui
3329 1967 3384 2020 in
3423 1966 3631 2036 seipse,

2050 2060 2212 2116 nobis
2242 2060 2444 2116 similis
2466 2060 2668 2124 factus,
2708 2069 2899 2115 nostra
2935 2059 3201 2115 dissolvat
3227 2059 3478 2124 crimina,
3512 2074 3634 2129 gra-

2051 2153 2250 2221 tizeque
2299 2151 2445 2206 dono
2493 2151 2549 2205 in
2595 2149 2847 2220 Spiritu,
2903 2160 3158 2203 naturam
3215 2148 3427 2218 peccati
3478 2162 3632 2202 ream

2051 2240 2256 2297 deitate
2294 2240 2525 2295 imbuat.
2565 2239 2903 2310 Scenopegia
2940 2239 3200 2308 denique,
3230 2246 3292 2292 ut
3334 2245 3535 2293 nostra:
3569 2237 3629 2292 in

2050 2332 2199 2387 bono
2227 2331 2718 2396 immutabilitatis,
2757 2330 2950 2385 habitu
2982 2330 3077 2385 Dei
3111 2330 3331 2392 aemulo,
3365 2328 3533 2396 actio,
3567 2345 3633 2386 ac

2053 2439 2160 2495 qua
2213 2424 2281 2480 ad
2330 2424 2801 2479 immortalitatem
2849 2431 3306 2487 transmutamur,
3352 2421 3634 2478 vinculum

2053 2531 2392 2572 conservans
2417 2531 2482 2570 ac
2502 2515 2818 2570 continens.

2125 2606 2214 2662 50.
2263 2606 2367 2672 Qui
2408 2605 2576 2660 nudis
2619 2605 2824 2676 gaudet
2871 2605 3120 2660 cruentis
3167 2606 3477 2669 sacriﬁciis,
3520 2612 3635 2659 tans

2053 2715 2218 2769 quam
2269 2699 2564 2754 atl'ectibus
2610 2697 2726 2768 ipse
2769 2697 2991 2753 deditus
3031 2713 3096 2752 ac
3147 2699 3499 2762 libidinosus,
3541 2705 3639 2752 eos

2052 2790 2147 2860 qui
2192 2789 2502 2844 sacriﬁcant
2555 2798 2618 2844 ut
2671 2789 2961 2843 aﬂectibus
3013 2788 3428 2858 impendanlur,
3481 2786 3637 2841 facit.

2054 2882 2232 2936 Verus
2279 2881 2428 2936 enim
2473 2881 2675 2944 cultor,
2724 2880 2793 2935 iis
2846 2880 3027 2935 libens
3061 2879 3386 2943 delectatur,
3436 2879 3640 2948 quibus

1981 2995 2024 3049 ο
2057 2975 2273 3030 Numen
2333 2975 2538 3043 ipsum,
2593 2973 2741 3042 quod
2797 2973 2949 3028 colit.
3011 2973 3168 3028 Unde
3227 2972 3436 3027 hostias
3487 2970 3642 3026 novit

2061 3065 2366 3134 Scriptura,
2412 3065 2711 3120 aﬂ‘cctuum
2749 3065 2938 3135 potius
2973 3063 3374 3135 jugulationem
3415 3068 3638 3116 natura-

2057 3151 2306 3222 liumque
2375 3153 2576 3206 virium
2639 3151 3012 3216 oblationem;
3071 3165 3339 3228 quarum,
3411 3149 3638 3206 rationis

2059 3242 2284 3311 quidem
2328 3241 2523 3312 ﬁgura,
2553 3242 2735 3307 aries;
2769 3241 2863 3296 ira:
2912 3239 3244 3311 symbolum,
3283 3250 3472 3295 taurus
3497 3255 3640 3310 prte-

2059 3333 2198 3398 fert;
2235 3333 2578 3404 cupiditatis,
2603 3348 2766 3403 capra
2790 3332 3099 3404 symbolum
3118 3341 3222 3385 est.

2128 3426 2218 3481 5t.
2263 3425 2484 3480 llostias
2521 3425 2805 3494 spiritales
2847 3440 2970 3480 esse
3014 3425 3292 3488 novimus,
3322 3437 3434 3476 non
3462 3421 3641 3476 solum

2058 3516 2207 3586 quod
2260 3516 2494 3570 ati‘ectus
2542 3517 2723 3586 gladio
2781 3516 3035 3586 Spiritus,
3081 3515 3228 3584 quod
3276 3523 3361 3568 cst
3408 3513 3640 3567 verbum

2061 3606 2158 3662 Dei
2193 3608 2281 3671 ",'
2300 3608 2604 3677 jugulando
2633 3606 3052 3670 mortiﬁcamus,
3093 3607 3378 3673 vitamque
3420 3619 3640 3658 omnem

2061 3698 2363 3762 carnalem,
2401 3698 2571 3752 instar
2607 3697 2911 3768 sanguinis,
2945 3695 3114 3750 animi
3149 3694 3431 3764 proposito
3456 3694 3643 3747 fundi-

2061 3801 2186 3841 mus
2210 3801 2274 3841 ac
2296 3787 2570 3852 libamus;
2605 3786 2702 3841 sed
2729 3786 2880 3855 quod
2920 3785 3089 3840 etiam
3123 3799 3308 3838 mores
3343 3800 3536 3838 omnes
3573 3799 3640 3838 ex

2060 3877 2430 3947 philosophia:
2457 3877 2770 3932 rationibus
2802 3877 3112 3941 institutos,
3153 3876 3413 3945 viresque
3448 3889 3643 3930 omnes

2060 3972 2344 4026 naturales
2381 3972 2495 4026 Deo
2530 3978 2902 4036 consecratas,
2944 3970 3182 4040 igneque
3235 3969 3480 4040 Spiritus
3511 3984 3638 4038 gra~

2063 4060 2172 4125 tim,
2236 4073 2296 4117 ut
2338 4063 2417 4119 illi
2465 4062 2518 4118 in
2559 4062 2832 4134 integrum
2871 4061 3094 4128 cedant,
3134 4061 3457 4116 holocausto
3500 4059 3640 4116 οσο-

2063 4165 2259 4205 rimus.

457 4593 532 4666 (Ιι)
563 4594 676 4646 Ἦν
697 4588 908 4666 οἶδε-νδ
942 4589 1325 4666 .ldrocLQuod
1357 4593 1438 4648 sic
1462 4603 1621 4650 vocat
1660 4593 1950 4666 Maximus,

2059 4593 2368 4651 minimum.

381 4661 614 4737 671670;.
634 4678 760 4737 non
789 4663 905 4737 ipsa
932 4678 1092 4737 sacra
1124 4661 1410 4737 scriptura
1462 4673 1568 4730 cst,
1613 4664 1710 4720 sed
1754 4665 1955 4737 Diony-

384 4731 520 4797 sius,
555 4733 648 4803 qui
700 4733 782 4787 sic
811 4731 886 4805 ide
917 4732 1126 4805 angelis
1167 4731 1440 4805 loquitur;
1474 4743 1534 4788 ut
1562 4737 1719 4805 quasi
1751 4731 1953 4790 funda-

385 4813 494 4860 tam
544 4817 736 4857 eorum
785 4803 933 4856 circa
982 4803 1161 4854 Deum
1203 4803 1622 4860 collocationem
1666 4822 1730 4860 ac
1765 4805 1953 4860 sedem

383 4873 677 4945 signiﬁcet,
699 4887 831 4945 quae
871 4872 1052 4945 eritct
1076 4870 1361 4945 hominum
1395 4874 1711 4938 bcatorum,
1755 4875 1957 4944 quibus

383 4940 531 5014 Déus
559 4943 675 5014 ipse
698 4940 853 4997 locus
877 4941 1100 5014 futurus
1128 4940 1237 5004 sit;
1267 4956 1464 5014 exque
1485 4945 1674 5006 ctiam,
1695 4940 1958 5014 perennis

384 5013 474 5068 illa
508 5010 756 5082 ejusdem
781 5010 1221 5082 motusrquieset
1250 5010 1554 5076 stabilitas;
1583 5010 1710 5068 cuni
1735 5014 1789 5066 in
1823 5019 1960 5068 tem-

381 5079 682 5169 νοςςζηιιιιο
710 5083 944 5168 agimus,
969 5079 1089 5169 ipso
1114 5079 1401 5169 alteraple,
1426 5082 1580 5169 jugii
1605 5082 1678 5164 sit
1703 5085 1956 5138 mutatio.

455 5149 672 5224 (ἢνΤῆν
701 5149 854 5206 κᾶτὰ
899 5149 1189 5224 πρὸθεσιν
1218 5149 1514 5224 Δκίνησεν-ξ
1540 5153 1719 5208 Etiam
1757 5164 1954 5222 quaest.

384 5220 476 5276 illa
499 5220 596 5286 ⁷65,
628 5238 752 5278 cum
801 5221 1152 5293 perspicuum
1187 5220 1260 5293 sit
1291 5220 1396 5290 leg.
1432 5220 1684 5293 κένωσιν,
1712 5220 1806 5278 seu
1839 5241 1955 5279 ma-

382 5293 466 5360 gis
490 5295 676 5362 χύσιν·
706 5290 814 5347 nec
851 5293 1144 5362 Maximum
1184 5290 1344 5362 aliter
1366 5290 1685 5362 scripsisse.
1732 5295 1807 5349 De
1832 5295 1958 5351 vitae

381 5360 529 5416 enim
559 5363 792 5434 carnalis
824 5361 1098 5434 sacriﬁcio
1125 5360 1754 5434 sanguinisrnetaphora
1774 5381 1958 5419 sermo

381 5441 487 5494 est,
509 5448 678 5502 quem
704 5433 876 5502 liquet
899 5431 1186 5502 nonaliter
1203 5445 1372 5502 quam
1391 5431 1653 5502 libationc
1672 5443 1728 5487 et
1742 5433 1958 5489 fusione

382 5500 594 5555 oll'erri.
621 5500 777 5556 Nihil
797 5518 925 5570 ergo
958 5501 1025 5556 ad
1057 5517 1195 5562 rem,
1221 5500 1367 5569 quod
1402 5501 1475 5554 ita
1504 5501 1664 5557 Picus
1696 5503 1957 5567 reddidit,

382 5570 524 5625 velut
577 5574 974 5625 commotionem
1011 5572 1306 5636 sanguinis,
1341 5580 1446 5627 etc.
1496 5570 1959 5627 Sanecohmrent

381 5640 650 5710 νέκρωσις
673 5653 726 5716 et
771 5645 1027 5716 κένωσις,
1080 5628 1403 5716 aiterumin
1434 5641 1771 5716 viventibus,
1820 5644 1960 5716 alte:

385 5709 508 5765 rum
531 5710 688 5783 quasi
715 5710 770 5768 in
799 5711 1039 5768 humidis
1069 5721 1126 5766 et
1159 5709 1488 5773 liuentibus:
1522 5711 1756 5776 κίνησις,
1785 5729 1853 5768 ne
1874 5715 1959 5769 vel

2126 4668 2192 4737 (Ι)
2220 4669 2374 4734 Πρὸς
2412 4663 2526 4737 τὴν
2558 4665 2724 4721 θείαν
2753 4665 2940 4737 λῆξιν
2970 4665 3521 4737 ὁλοκαυτουμένων.
3565 4663 3636 4722 Ut

2053 4735 2179 4791 Deo
2211 4745 2338 4791 tota:
2376 4736 2576 4790 cedant
2624 4755 2637 4790 :
2693 4735 2992 4792 hzec'enim
3040 4736 3346 4791 holocauin
3381 4735 3541 4799 ratio,
3576 4742 3637 4788 ut

2054 4808 2237 4860 omnia
2267 4807 2380 4860 Deo
2418 4807 2763 4871 adoleantur,
2796 4808 3068 4873 nullarque
3096 4806 3180 4858 vel
3211 4804 3511 4859 sacerdotis
3547 4804 3636 4859 vel

2054 4876 2409 4931 oﬂ‘erenlium
2461 4886 2644 4945 partes
2673 4877 2805 4928 ﬁant
2844 4891 2869 4945 Δ;
2905 4875 3212 4945 cujusmodi
3239 4875 3515 4945 Maximus
3532 4888 3634 4945 [10-

2055 4955 2232 5000 strum
2278 4946 2369 4998 hic
2411 4943 2676 5000 describit
2714 4943 3067 4998 sacrilicium.
3125 4944 3220 4997 Est
3271 4944 3417 4998 enim
3459 4943 3634 5010 λῆξις,

2065 5015 2242 5085 μερίς,
2265 5017 2342 5068 ιιιὶ
2376 5012 2852 5085 Suidasexpnnit,
2889 5011 3114 5085 etquod
3141 5013 3266 5085 quis
3287 5012 3632 5085 sortitur‘ei-

2062 5082 2170 5154 que
2200 5083 2439 5154 obtingit
2472 5083 2709 5154 acillius
2742 5083 2885 5152 juris
2913 5082 3150 5136 exsistit.
3195 5083 3314 5138 Non
3347 5083 3494 5154 bene
3523 5082 3632 5135 ita-

2059 5153 2166 5225 que
2192 5153 2382 5216 Picus,
2411 5154 2481 5206 ad
2507 5153 2738 5206 diuinam
2779 5160 2974 5206 sortem
3030 5153 3448 5225 consequendum
3475 5168 3493 5205 :
3522 5167 3634 5225 non

2058 5220 2209 5304 enim
2242 5225 2590 5304 adjunctum,
2624 5237 2772 5304 eum
2803 5237 3026 5304 sensum
3068 5220 3308 5304 patitur;
3345 5220 3451 5303 etsi
3495 5221 3634 5276 alias

2060 5295 2154 5348 illa
2187 5310 2292 5347 vox
2315 5291 2498 5361 ipsum
2525 5292 2810 5356 admittat;
2845 5293 3026 5361 sitque
3052 5291 3180 5347 vere
3217 5293 3361 5347 Deus
3390 5291 3505 5360 ipse
3530 5304 3633 5346 no-

2057 5374 2175 5418 stra
2194 5363 2465 5430 λῆξις,τὸ,
2488 5361 2707 5425 παῢσις,
2745 5362 2796 5416 id
2819 5372 2922 5426 est,
2950 5363 3250 5425 Iuvreditas,
3280 5361 3632 5431 κληρονομία,

2058 5433 2180 5502 ipso
2211 5432 2380 5488 Snida
2430 5432 3133 5502 interprete;dicimusque
3189 5442 3409 5502 sanctos
3458 5448 3637 5502 μακα-

2100 5503 2184 5582 ίαν
2209 5503 2385 5582 λῆξιν,
2422 5503 2626 5582 _bc_at.u_s
2666 5503 2811 5582 sedes
2855 5500 3084 5582 adeptos
3140 5517 3281 5557 esse.
3309 5501 3443 5582 _Nec
3487 5500 3544 5582 bi
3565 5515 3632 5581 ne

2103 5581 2259 5625 ortus
2301 5571 2438 5625 illud
2479 5570 2633 5626 Suid.
2667 5572 2842 5640 λῆξις,
2875 5570 3096 5634 παῦσις,
3137 5573 3375 5635 cessatio,
3409 5571 3632 5632 sedatio,

2059 5641 2331 5713 exponit:
2362 5641 2559 5713 melius
2595 5643 2816 5710 requies,
2847 5659 2967 5712 qum
2991 5642 3109 5713 ipsa
3157 5652 3384 5706 acterna,
3439 5650 3634 5696 nostra

2061 5712 2115 5766 in
2138 5711 2264 5767 Deo
2296 5711 2587 5767 haereditas
2607 5720 2709 5766 est.
