4010 6202
424 297 516 360 1θῖ
531 297 556 360 1

1604 307 1664 366 S.
1709 307 1991 366 ΜΛΧΙΜΙ
2033 307 2540 368 CONFESSORIS

3549 301 3695 366 13".!

494 410 582 466 52.
609 411 888 467 Terrenus
917 413 1218 483 Scriptura:
1250 430 1445 471 sensus
1482 420 1646 472 animi
1684 422 1893 489 potitus
1925 420 1991 474 il-

2167 422 2263 493 νβ’·
2314 422 2371 475 ’θ
2429 423 2609 494 κ”ῖκδς
2669 426 2795 486 νοῦς
2844 425 2939 492 τῆς
2995 421 3241 492 reatris.
3311 419 3530 491 κρατῶν
3583 420 3690 484 τῆς

423 498 572 568 Ιῖίιιιο
595 499 894 568 imperans,
930 504 1217 557 naturales
1240 504 1429 574 ahjicit
1453 507 1618 578 623
1657 509 1900 563 rationes
1928 509 1994 574 ⁸⁸,

422 592 756 644 naturalium
778 592 1100 647 facultatum
1123 595 1296 652 almsu
1317 611 1408 651 eas
1432 599 1661 654 abolens
1685 617 1748 654 ac
1771 616 1994 655 necans.

421 679 521 736 llic
542 683 688 736 enim
718 683 848 737 dum
878 685 1031 749 vivit,
1075 686 1167 754 qui
1201 689 1315 741 sola
1339 705 1504 744 carne
1540 690 1712 760 legem
1750 693 1995 757 deﬁniat,

423 775 701 829 naturales
727 776 971 831 rationes
1003 794 1068 832 ac
1094 781 1459 849 cogitationes
1490 798 1682 837 revera
1722 787 2000 840 consumit

417 872 476 917 et
529 867 878 935 persequitur
927 870 1242 939 perditque,
1290 873 1442 928 velut
1489 875 1704 928 scilicet
1755 875 1995 940 divinos,

421 953 879 1020 probrosissimos
907 959 1141 1012 allectus
1165 962 1355 1016 colens
1383 963 1428 993 δ’
1458 981 1470 1016 :
1505 979 1646 1032 quos
1672 967 1863 1034 utique
1902 983 2000 1020 na-

421 1044 629 1099 turales
657 1047 918 1109 rationes.
942 1066 1038 1118 per
1066 1052 1203 1121 legis
1229 1053 1459 1121 spiritus
1483 1054 1681 1109 factam
1711 1057 1792 1111 eis
1823 1059 1996 1112 licen-

420 1134 572 1195 tiam.
605 1137 660 1191 in
696 1154 864 1193 unum
897 1155 1090 1196 onmes
1119 1143 1447 1198 interimunt
1479 1161 1543 1200 ac
1567 1155 1784 1201 necant.

489 1333 578 1387 55.
621 1334 816 1390 Statim
843 1352 906 1391 ac
931 1339 1130 1409 aliquis
1163 1342 1424 1397 virtutum
1450 1342 1858 1413 philosophiam
1896 1362 1998 1399 ra-

421 1423 570 1480 tione
608 1427 830 1492 obierit,
865 1430 1277 1500 Scripturarum
1310 1450 1530 1504 quoque
1555 1451 1780 1489 sensum
1809 1437 1862 1488 in
1883 1435 1996 1505 spi-

419 1518 588 1572 ritum
646 1529 842 1576 natura
900 1526 1202 1588 transtulit,
1257 1527 1318 1580 ut
1368 1527 1422 1580 in
1480 1527 1723 1582 novitate
1771 1529 1999 1597 spiritus

420 1611 600 1680 reipsa
630 1629 728 1681 per
745 1615 1002 1670 sublimia
1035 1632 1194 1671 sensa
1235 1619 1346 1673 Deo
1386 1619 1613 1683 serviat,
1659 1635 1769 1673 non
1811 1630 1995 1675 autem

418 1701 475 1754 in
512 1713 784 1759 vetustate
829 1707 1028 1762 littera:
1061 1724 1159 1777 per
1188 1709 1540 1786 humiliorem
1568 1725 1637 1764 ex
1668 1726 1862 1765 sensus
1904 1727 1994 1765 ra-

421 1791 570 1846 tione
609 1795 676 1859 “,
718 1803 779 1848 ut
837 1798 1058 1866 corpori
1103 1811 1482 1868 comparatum
1516 1815 1603 1855 est
1627 1842 1641 1866 ,
1678 1803 1815 1872 legis
1843 1819 1994 1858 acce-

418 1883 682 1952 ptionem,
710 1887 1005 1969 aﬂectuum
1040 1899 1230 1959 pastor
1270 1893 1338 1956 °’,
1373 1907 1434 1947 ac
1456 1894 1666 1962 peccati
1696 1894 1875 1948 cultor
1900 1895 1996 1950 εἰει·

417 1973 658 2027 ᾱωοτυηι
683 1990 835 2030 more
867 1977 1161 2033 elliciatur.

485 2064 573 2118 54.
600 2065 720 2119 Mox
744 2083 806 2121 ac
828 2068 1025 2136 aliquis
1050 2085 1115 2122 ex
1132 2085 1326 2126 sensus
1357 2072 1569 2126 ratione
1599 2073 1672 2126 ita
1700 2081 1762 2127 ut
1777 2074 1994 2143 corpori

415 2165 788 2224 comparatum
851 2169 970 2221 est,
1027 2159 1364 2230 Scripturam
1422 2164 1672 2232 accipere
1725 2164 1991 2232 desierit,

413 2253 598 2300 mente
637 2262 858 2315 quoque
895 2249 961 2301 ad
999 2250 1250 2318 spiritum
1280 2261 1478 2304 natura
1505 2253 1683 2306 media
1713 2264 1992 2318 excurret,

413 2351 478 2391 ea
513 2337 835 2406 spiritaliter
871 2356 1058 2410 agens,
1081 2358 1201 2410 qua:
1228 2342 1450 2398 Judzeus
1484 2347 1844 2414 corporaliter
1871 2362 1996 2416 per-

413 2429 646 2498 agendo,
685 2430 828 2485 irato
862 2433 974 2486 Deo
1005 2435 1199 2488 utitur.

486 2520 576 2574 55.
613 2521 765 2576 Mens
790 2523 970 2576 omnis
1000 2524 1184 2580 divina
1229 2525 1430 2595 pietate
1459 2527 1675 2581 excelsa
1705 2536 1868 2597 atque
1896 2545 1992 2583 su-

416 2608 622 2674 blimis,
669 2613 855 2677 simul,
903 2622 1016 2667 tum
1057 2614 1318 2670 vitiorum
1365 2632 1430 2670 ac
1470 2616 1765 2671 libidinum
1812 2627 1992 2672 actmn

412 2701 628 2772 jugulat
669 2718 732 2756 ac
770 2705 1063 2771 interimit,
1112 2713 1223 2760 tum
1272 2705 1666 2776 cogitationum
1713 2707 1994 2779 animique

416 2786 688 2847 rationum
716 2795 1035 2850 indecorum
1073 2806 1280 2852 motum
1316 2815 1329 2852 :
1363 2798 1429 2852 ad
1465 2799 1580 2853 htec
1621 2799 1789 2853 etiam
1819 2840 1832 2863 ,
1892 2801 1993 2854 ab-

423 2885 618 2940 usione
643 2896 960 2943 constantes
978 2889 1212 2943 lascivos
1228 2906 1486 2945 sensuum
1512 2891 1851 2960 operationis
1871 2907 1992 2944 mo-

415 2973 536 3029 dos.
579 2975 712 3029 Neci
760 2977 907 3030 enim
961 2977 1254 3032 traduntur
1297 2957 1564 3034 aﬂectus‘
1591 2995 1656 3034 ac
1710 2957 1990 3045 libidines,

2097 513 2295 584 ψυχῆς,
2315 517 2439 578 τοὺς
2473 516 2730 584 φυσικοὺς
2757 515 3116 568 ἀποϐάλλεται
3151 515 3363 581 λόγους,
3399 514 3468 582 τῇ
3501 527 3691 578 παραυ

2099 608 2290 677 χρήσει
2315 608 2422 662 τῶν
2442 609 2583 662 κατά
2606 608 2769 679 φύσιν
2789 609 3069 678 δυνάμεων
3098 607 3296 669 αὐτοὺς
3315 605 3684 672 ἐξαφανίζων.

2099 692 2268 762 Οὗτος
2313 700 2421 771 γὰρ
2475 701 2606 764 ζῶν,
2654 699 2739 751 ἐπ’
2779 698 3037 770 ἀληθείας
3073 697 3318 751 συντελεῖ
3351 695 3444 777 καί
3491 694 3688 746 διώκει

2099 793 2192 844 καὶ
2221 791 2502 851 ἀπόλλυσι.
2561 792 2724 861 σαρκὶ
2785 791 2922 862 μόνῃ
2964 790 3052 843 τὸν
3090 789 3252 859 νόμον
3292 786 3682 856 περιγράφων,

2096 884 2222 942 τοὺς
2246 883 2387 936 κατά
2415 883 2574 951 φύσιν
2617 885 2758 952 φημὶ
2788 883 2980 949 λόγους
3015 883 3108 935 καὶ
3144 879 3458 950 λογισμοὺς,
3497 877 3689 944 τιμῶν

2098 971 2174 1035 ὡς
2205 972 2322 1025 θεία
2347 974 2414 1025 τά
2440 973 2586 1044 πάθη
2615 973 2716 1043 τῆς
2761 974 3004 1043 ἀτιμίας,
3051 972 3196 1042 ἅπερ
3235 974 3283 1023 οί
3333 969 3474 1023 κατά
3511 967 3688 1036 φύσιν

2097 1060 2367 1130 λογισμοὶ,
2431 1062 2801 1130 λαμϐάνοντες
2850 1064 3034 1117 ἄδειαν
3083 1063 3189 1116 ὑπὸ
3243 1062 3337 1114 τοῦ
3379 1061 3545 1128 νόμου
3581 1057 3683 1110 τοῦ

2100 1151 2432 1221 πνεύματος,
2499 1154 2914 1207 ἀποκτείνουσιν
2974 1153 3260 1205 ἐπιτοαυτὺ
3335 1152 3432 1204 καὶ
3509 1149 3684 1202 θανα-

2097 1240 2304 1296 τοῦσιν.

2169 1333 2268 1400 νγ’.
2301 1333 2456 1402 ’Ἅμα
2494 1351 2578 1398 τις
2613 1335 2712 1405 τὴν
2747 1335 2856 1388 τῶν
2891 1333 3104 1404 ἀρετῶν
3144 1331 3378 1398 λογικῶς
3424 1329 3680 1399 μετέλθοι

2099 1423 2436 1492 φιλοσοφίαν,
2504 1424 2622 1493 ἅμα
2673 1424 2767 1476 καὶ
2811 1423 2908 1493 τὴν
2963 1422 3068 1476 τῶν
3138 1423 3177 1474 Γ
3186 1420 3372 1490 ραφῶν
3421 1421 3559 1490 πρὸς
3615 1420 3682 1474 τὸ

2099 1511 2314 1582 πνεῦμα
2341 1512 2589 1581 φυσικῶς
2630 1515 2962 1584 μετήνεγκεν
2998 1513 3250 1582 ἐκδοχὴν,
3283 1513 3342 1562 ἐν
3388 1512 3676 1577 καινότητι

2098 1604 2408 1673 πνεύματος
2437 1605 2756 1674 πρακτικῶς
2795 1605 2885 1658 διὰ
2907 1605 3014 1658 τῶν
3045 1604 3266 1674 ὑψηλῶν
3295 1602 3677 1672 θεωρημάτων

2097 1693 2175 1763 τῷ
2205 1693 2323 1764 Θεῷ
2351 1694 2652 1764 λατρεύων,
2699 1696 2792 1748 καὶ
2836 1695 2897 1748 οὑ
2942 1694 3266 1759 παλαιότητι
3319 1693 3671 1762 γράμματος.

2028 1767 2065 1818 Β
2097 1787 2185 1840 διὰ
2216 1786 2311 1855 τῆς
2334 1788 2455 1838 κατ’
2484 1785 2740 1856 αἴσθησιν
2771 1786 2906 1856 πρὸς
2950 1785 3109 1854 σῶμα
3147 1784 3540 1852 ταπεινοτέρας
3575 1781 3672 1834 τοῦ

2096 1877 2263 1947 νόμου
2297 1877 2634 1948 παραδοχῆς,
2682 1876 2917 1948 τροφεὺς
2958 1876 3148 1929 παθῶν
3193 1874 3336 1928 κατὰ
3364 1875 3492 1934 τοὺς
3532 1873 3672 1925 ’1ου-

2095 1969 2280 2032 δαίους
2309 1969 2617 2038 γινόμενος,
2649 1969 2742 2021 καὶ
2783 1969 3059 2040 ἁμαρτίας
3086 1967 3454 2039 θεραπευτής.

2163 2059 2256 2113 νδν.
2295 2060 2449 2130 Ἅμα
2470 2076 2552 2122 τις
2585 2059 2857 2114 παύσεται
2896 2060 3021 2112 κατ’
3050 2059 3308 2129 αἴσθησιν
3343 2060 3481 2128 πρὸς
3513 2057 3677 2126 σῶμα

2093 2150 2191 2221 τὴν
2220 2151 2442 2222 Γραφὴν
2467 2151 2846 2221 ἐκδεχόμενος,
2885 2151 3000 2220 ἅμα
3026 2151 3120 2204 καὶ
3158 2150 3292 2220 πρὸς
3337 2151 3398 2202 τὸ
3449 2148 3674 2218 πνεῦμα

2096 2241 2236 2296 κατά
2257 2241 2382 2295 νοῦν
2411 2241 2498 2294 διὰ
2537 2242 2712 2311 μέσης
2740 2243 3027 2314 ἀνατρέχει
3057 2245 3157 2312 τῆς
3200 2241 3439 2312 φύσεως,
3485 2243 3676 2294 ἐκεῖνα

2095 2335 2350 2404 πράττων
2381 2335 2789 2404 πνευματικῶς,
2821 2335 2965 2405 ἅπερ
2997 2334 3326 2403 σωματικῶς
3348 2335 3377 2386 ὁ
3417 2332 3673 2396 Ἰουδαῖος

2094 2427 2379 2490 ἐπιτελῶν,
2409 2427 2522 2497 ἔχει
2555 2428 2646 2480 τὸν
2671 2428 2803 2480 Θεὸν
2829 2427 3207 2497 ὀργιζόμενον.

2164 2527 2259 2574 νε’.
2299 2522 2415 2582 Πᾶς
2446 2521 2573 2584 νοῦς
2618 2521 2763 2574 κατὰ
2807 2521 2939 2573 Θεὸν
2985 2520 3186 2589 ὑψηλὸς
3225 2519 3320 2573 καὶ
3367 2518 3671 2588 μετέωρος,

2095 2611 2238 2665 κατά
2276 2611 2338 2664 τὸ
2368 2612 2518 2674 αὐτὸ,
2539 2614 2640 2681 τήν
2669 2629 2728 2664 τε
2762 2611 2872 2665 τῶν
2895 2611 3082 2664 παθῶν
3112 2610 3486 2678 κατασφάττει
3517 2609 3675 2675 ἐνέρ-

2093 2722 2267 2774 γειαν,
2308 2705 2404 2758 καὶ
2459 2705 2560 2775 τὴν
2599 2705 2709 2758 τῶν
2754 2704 3028 2774 λογισμῶν
3081 2705 3366 2774 ἀσχήμονα
3416 2703 3672 2772 κίνησιν⁸

2095 2797 2232 2867 πρὸς
2255 2796 2332 2858 δὲ,
2369 2797 2464 2850 καὶ
2501 2797 2627 2859 τοὺς
2653 2796 2794 2849 κατὰ
2826 2796 3176 2865 παράχρησιν
3207 2794 3308 2865 τῆς
3335 2794 3442 2848 τῶν
3469 2793 3674 2862 αἰσθή-

2098 2907 2236 2943 σεων
2263 2889 2546 2962 ἐνεργείας
2593 2889 2932 2953 ἀκολάστους
2978 2889 3234 2959 τρόπους.
3293 2885 3675 2956 Ἀναιροῦνται

2095 2979 2204 3050 γὰρ
2223 2981 2290 3033 ea
2314 2980 2460 3051 πάθη
2479 2979 2585 3033 ὑπὸ
2609 2979 2718 3032 τῶν
2743 2979 2964 3050 ὑψηλῶν
2989 2979 3088 3049 τῆς
3114 2979 3333 3047 φύσεως
3366 2978 3672 3048 λογισμῶν,

417 3066 750 3122 sublimibus
806 3077 1016 3124 natura:
1074 3069 1388 3124 rationibus
1443 3085 1509 3125 ac
1563 3071 1992 3141 cogitationibus

2098 3071 2238 3126 κατά
2270 3069 2370 3142 τὴν
2397 3069 2608 3142 ὑψηλὴν
2641 3069 2874 3142 θεωρίαν
2903 3069 3369 3144 θριαμϐευόμενα.

415 3158 756 3222 auctoribus,
793 3159 923 3213 dum
959 3160 1185 3214 sublimi
1217 3160 1333 3216 hate
1375 3161 1756 3232 speculatione
1800 3162 1994 3217 trium-

416 3250 733 3321 phoagunL

487 3342 576 3395 56.
629 3340 845 3396 Peccati
891 3343 1059 3397 robur
1109 3342 1314 3414 (carnis
1353 3345 1566 3401 scilicet
1614 3345 1989 3416 prudentiam)

416 3432 593 3488 sancti
627 3432 971 3500 baptismatis
1012 3434 1198 3502 gratia:
1233 3443 1607 3502 comparatum
1647 3443 1731 3489 est
1788 3442 1848 3488 ut
1895 3434 1994 3489 ab-

416 3522 587 3587 oleat;
609 3522 918 3592 divinisque
937 3525 1114 3592 rcipsa
1140 3525 1433 3594 implendis
1452 3525 1723 3580 mandatis
1739 3527 1992 3595 prtestita:

413 3612 762 3675 ohedicntiae,
802 3622 864 3666 ut
898 3614 1077 3683 gladio
1107 3615 1338 3683 spiritus
1362 3616 1406 3646 "
1441 3615 1662 3685 (divina:
1689 3617 1900 3672 scilicet
1933 3617 1990 3671 in

415 3700 610 3769 spiritu
653 3701 899 3756 scientiae
939 3701 1130 3771 verbo)
1169 3703 1462 3756 interﬁciat
1487 3744 1502 3767 ,
1537 3705 1825 3759 clamando
1863 3721 1984 3776 my-

416 3787 555 3840 stice
584 3786 851 3841 adversus
876 3787 1084 3856 peccati
1106 3787 1307 3852 labem,
1331 3788 1474 3841 haud
1489 3803 1648 3842 secus
1677 3804 1740 3843 ac
1765 3804 1994 3859 magnus

413 3875 633 3932 Samuel
660 3878 726 3931 ad
761 3881 906 3947 Agag
939 3896 952 3932 :
988 3877 1130 3932 Sicut
1158 3877 1330 3932 liberis
1355 3878 1559 3932 orbavit
1587 3878 1833 3932 mulieres
1867 3880 1992 3948 gla-

414 3967 530 4022 dius
567 3977 706 4034 tuus,
723 3969 874 4023 hodie
904 3967 1078 4022 liberis
1103 3969 1374 4023 orbabitur
1393 3985 1458 4023 ea:
1488 3969 1794 4025 mulieribus
1821 3980 1994 4025 mater

415 4067 508 4114 tua
533 4059 600 4112 ⁸³.

484 4149 572 4203 57.
611 4149 808 4205 Multas
841 4150 1112 4206 virtutum
1150 4151 1290 4222 gula
1335 4150 1553 4215 vitium,
1605 4151 1791 4206 adulta
1828 4153 1990 4208 volu-

414 4238 581 4306 ptatis
636 4238 994 4308 cogitatione,
1040 4239 1194 4293 velut
1253 4237 1454 4309 gladio,
1507 4239 1702 4294 liberis
1753 4242 1987 4296 orbavit.

416 4327 814 4397 Temperantia:
845 4329 992 4383 enim
1018 4337 1073 4384 et
1107 4329 1374 4385 castitatis
1404 4345 1502 4399 per
1535 4329 1986 4384 incontinentiam

2163 3334 2270 3395 νς·⁰.
2306 3327 2378 3381 Τὸ
2407 3328 2608 3398 κράτος
2642 3329 2741 3398 τῆς
2787 3328 3080 3398 ἁμαρτίας,
3122 3329 3289 3398 ἤγουν
3321 3328 3380 3382 τὸ
3415 3327 3674 3396 φρόνημα

2092 3419 2192 3489 τῆς
2234 3419 2453 3490 σαρκὸς,
2502 3420 2534 3489 ἠ
2574 3419 2737 3488 χάρις
2783 3420 3068 3488 ἀφανίζειν
3116 3420 3326 3486 πέφυκε
3376 3419 3468 3471 τοῦ
3510 3419 3672 3485 ἁγίου

2095 3511 2498 3581 βαπτίσματοςο
2560 3512 2656 3563 καὶ
2703 3511 2738 3579 ἡ
2784 3511 2905 3563 κατ’
2957 3511 3240 3578 ἐνέργειαν
3289 3511 3504 3580 ὑπακοὴ
3557 3509 3672 3562 τῶν

2093 3602 2254 3655 θείων
2288 3602 2542 3666 ἐντολῶν,
2591 3603 2935 3655 ἀποκτείνειν
2977 3605 3044 3672 τῇ
3085 3602 3329 3672 μαχαίρᾳ
3364 3601 3459 3654 τοῦ
3504 3601 3671 3653 πνεύ-

2095 3709 2284 3763 ματος,
2335 3693 2525 3762 ἤγουν,
2573 3692 2651 3762 τῷ
2707 3695 2913 3763 ῥήματι
2952 3693 3050 3762 τῆς
3103 3692 3254 3754 Θείας
3295 3694 3354 3744 ἐν
3392 3692 3672 3759 πνεύματι

2091 3785 2366 3852 γνώσεως,
2395 3784 2576 3854 βοῶσα
2605 3784 2883 3854 μυστικῶς
2919 3784 3056 3854 πρὸς
3082 3785 3140 3836 τὸ
3165 3786 3333 3846 πάθος
3365 3785 3462 3851 τῆς
3489 3785 3671 3852 ἁμαρ·

2090 3876 2233 3940 τίας,
2263 3875 2337 3939 ὼς
2368 3878 2396 3929 ό
2432 3876 2607 3945 μέγας
2641 3875 2775 3945 πρὸς
2807 3876 2897 3929 τὸν
2941 3877 3144 3943 Ἀγαγ,
3194 3875 3467 3945 Σαμουὴλ,
3507 3876 3669 3926 ‘Ara’

2089 3961 2178 4020 ὧν
2205 3967 2514 4034 ήτέκνωσε
2551 3967 2840 4036 γυναῖκας
2877 3968 2916 4032 ἡ
2950 3965 3218 4035 μάχαιρά
3240 3982 3377 4028 σου,
3404 3967 3668 4018 ἀτελεῖ-ω-

2091 4058 2338 4125 θήσεται
2376 4059 2646 4126 σήμερον
2674 4057 2744 4110 ἐκ
2781 4057 3085 4126 γυναικῶν
3115 4057 3152 4123 ἡ
3169 4056 3370 4124 μήτηρ
3399 4070 3538 4110 σου.

2161 4151 2258 4214 νζῆ
2314 4148 2524 4212 Πολλὰς
2568 4148 2628 4202 τὸ
2657 4147 2826 4211 πάθος
2854 4148 2952 4217 τῆς
2985 4147 3433 4218 γαστριμαργίας
3473 4147 3550 4209 ὡς
3596 4149 3656 4199 ἐν

2095 4241 2362 4314 μαχαίρᾳ.
2393 4240 2472 4311 τῷ
2495 4239 2685 4310 τελείῳ
2706 4240 2805 4310 τῆς
2837 4240 3029 4310 ἡδονῆς
3060 4239 3324 4309 λογισμῷ,
3355 4238 3670 4306 ἠτέκνωσεν

2091 4334 2310 4404 ἀρετάς.
2336 4334 2446 4403 Τῆς
2475 4333 2573 4403 μὲν
2596 4333 2705 4402 γάρ
2734 4331 3108 4402 σωφροσύνης,
3147 4331 3234 4384 διὰ
3269 4330 3369 4398 τῆς
3392 4330 3671 4399 ἀκρασίας

413 4418 646 4486 vitaque
683 4419 957 4473 luxuriam
981 4419 1281 4488 exstinguit
1318 4421 1567 4484 semina;
1597 4419 1845 4490 justitize,
1890 4435 1989 4489 per

2098 4424 2404 4479 ἀποκτείνει
2451 4423 2518 4476 τὰ
2550 4422 2870 4492 σπέρματα·
2918 4425 3016 4492 τῆς
3049 4421 3399 4491 δικαιοσύνης
3447 4420 3525 4482 δὲ,
3579 4421 3669 4472 διὰ

416 4510 784 4566 insatiabilem
803 4511 1061 4581 modique
1086 4513 1326 4568 nesciam
1351 4513 1589 4568 habendi
1608 4512 1987 4582 cupiditatem,

414 4601 724 4670 corrumpit
763 4600 1161 4670 mqualitatem;
1199 4602 1565 4657 humanitatis
1601 4617 1699 4656 seu
1735 4599 1988 4671 benigni-

417 4693 564 4755 tatis,
605 4708 704 4762 per
741 4708 946 4747 caecum
995 4707 1060 4747 ac
1109 4694 1384 4748 carnalem
1430 4707 1699 4755 amorem,
1749 4707 1872 4762 qua:
1924 4707 1990 4745 ex

415 4793 622 4837 natura:
665 4783 976 4838 rationibus
1012 4792 1119 4849 est,
1151 4783 1599 4855 conjunctionem
1627 4783 1793 4856 624
1828 4783 1992 4837 solvit

413 4882 472 4928 et
493 4874 982 4930 necessitudinem.
1017 4877 1218 4946 Atque,
1255 4884 1316 4928 ut
1347 4890 1560 4929 summa
1597 4875 1774 4929 dicam
1799 4915 1811 4936 ,
1839 4875 1992 4929 nulla

415 4971 545 5017 sunt
565 4963 788 5020 virtutis
818 4967 1065 5035 germina
1088 4981 1210 5036 qua:
1243 4966 1383 5037 gula:
1415 4964 1568 5019 labes
1603 4980 1713 5018 non
1746 4964 1992 5034 proclive

418 5055 718 5110 interimat.

485 5147 574 5201 58.
602 5145 756 5202 Gula:
778 5147 996 5212 vitium,
1023 5147 1207 5202 divina
1234 5149 1418 5202 omnia
1451 5148 1718 5201 virtutum
1745 5142 1990 5217 g‘erm'ma

417 5237 662 5304 proclive
699 5237 1012 5292 interimit:
1045 5238 1193 5308 quod
1231 5239 1409 5308 ipsum
1453 5237 1576 5293 ﬁdei
1623 5238 1817 5308 gratia,
1853 5236 1993 5292 divi-

418 5325 614 5394 nisque
659 5342 869 5380 morem
913 5329 1155 5398 gerendo
1199 5329 1494 5396 mandatis,
1529 5329 1773 5384 scicntia:
1813 5343 1992 5383 sermo

418 5428 689 5485 propense
713 5417 833 5473 neci
868 5418 1052 5476 tradit.

425 5640 746 5765 #:3315303.
773 5660 883 5710 xxi,
909 5646 961 5701 6.
1037 5647 1081 5679 '9
1113 5647 1274 5703 Rom.
1311 5664 1347 5712 ι,
1373 5647 1462 5704 26.
1539 5652 1583 5682 ⁶⁹
1615 5651 1768 5706 llom.
1808 5667 1899 5716 vn,
1934 5651 1985 5704 6.

2087 4515 2186 4585 τῆς
2214 4513 2526 4578 πλεονεξίας
2548 4512 2849 4584 διαφθείρει
2879 4513 2978 4584 τὴν
3014 4513 3314 4582 ίσονομίαψ
3345 4513 3444 4582 τῆς
3472 4512 3667 4579 φιλαν-

2089 4606 2335 4676 θρωπίας
2363 4605 2442 4670 δὲ,
2472 4604 2561 4658 διὰ
2585 4605 2687 4674 τῆς
2724 4604 3032 4672 φιλαυτίας,
3067 4605 3166 4675 τὴν
3203 4607 3266 4656 ἐκ
3301 4603 3518 4670 φύσεως
3551 4604 3670 4656 5m.-

2086 4699 2274 4770 τέμνει
2305 4698 2614 4769 συνέχειαν.
2651 4697 2760 4751 Καὶ
2777 4699 3056 4768 συντόμως
3077 4699 3275 4760 είπεῖν,
3312 4697 3531 4750 πάντων
3559 4698 3671 4747 τῶν

2088 4789 2209 4844 κατ’
2275 4789 2476 4861 ἀρετὴν
2538 4789 2897 4858 γεννημάτων
2976 4787 3322 4860 ἀναιρετικόν
3384 4789 3505 4841 ἐστι
3568 4791 3669 4858 τῆς

2089 4880 2534 4952 γαστριμαργίας
2562 4879 2625 4934 τὺ
2655 4880 2848 4944 πάθος.

2096 5136 2100 5139 ’
2157 5138 2259 5209 νη’.
2287 5138 2360 5190 Τὸ
2399 5139 2498 5208 τῆς
2532 5139 2977 5208 γαστριμαργίας
3008 5136 3203 5199 πάθος,
3241 5135 3423 5190 πάντα
3446 5136 3514 5186 τὰ
3547 5135 3667 5187 θεῖα

2085 5229 2195 5281 τῶν
2229 5227 2440 5298 ἀρετῶν
2472 5228 2814 5281 ἀποκτείνειν
2847 5229 3169 5297 γεννήματα
3217 5229 3491 5293 πέφυκενο
3530 5225 3667 5279 αὐτὸ

2087 5320 2144 5372 δὲ
2186 5322 2250 5390 τῇ
2300 5336 2360 5370 τε
2397 5319 2582 5389 χάριτι
2624 5320 2726 5388 τῆς
2771 5319 3030 5381 πίστεως,
3061 5319 3156 5370 καὶ
3190 5321 3250 5386 τῇ
3292 5318 3510 5386 ὑπακοῇ
3556 5317 3664 5369 τῶν

2089 5409 2250 5463 θείων
2297 5410 2549 5474 ἐντολῶν,
2593 5411 2683 5464 διὰ
2727 5409 2822 5464 τοῦ
2865 5411 3004 5464 κατά
3033 5410 3129 5480 τὴν
3165 5408 3368 5478 γνῶσιν
3403 5409 3662 5462 ἀποκτεί-

2089 5521 2144 5558 νε
2154 5521 2240 5556 ται
2277 5501 2462 5570 λόγου.

2093 5650 2134 5681 ⁸⁸
2169 5647 2303 5703 Gen.
2353 5661 2492 5704 τινι.
2522 5645 2611 5701 3‘2.
2709 5647 2754 5677 "
2808 5644 3009 5714 Ephes.
3058 5661 3133 5710 vr,
3189 5645 3271 5699 l7.
3370 5643 3415 5675 ”
3455 5642 3479 5702 l
3525 5641 3659 5712 Reg.
