4046 6196
309 307 443 372 1373

369 422 468 477 v0'.
499 420 619 484 Φῶς
650 421 794 474 ἐστιν
829 422 906 484 ὠς
939 421 1158 490 ἀληθῶς
1185 421 1356 475 ὲθνῶν
1396 424 1424 475 6
1467 423 1670 494 Κύριος
1700 423 1878 495 ἡμῶν,
1916 436 1957 482 A

306 510 702 567 αποκαλύπτων
741 510 928 572 αὐτοῖς
966 510 1056 562 διὰ
1093 511 1193 578 τῆς
1228 510 1466 580 ἀληθοῦς
1505 512 1878 579 ἐπιγνώσεως,

304 603 429 665 τοὺς
453 602 532 672 τῷ
569 601 717 671 ζόφῳ
742 603 839 669 τῆς
869 601 1095 668 ἀγνοίας
1126 602 1540 671 ὲπιμεμυκότας
1567 604 1882 673 ὀφθαλμοὺς

303 695 404 762 τῆς
449 693 712 755 διανοίας,
761 694 854 746 καὶ
907 693 1060 756 θείας
1101 695 1329 761 ἀγωγῆς
1380 695 1543 746 πάλιν
1585 696 1883 765 ἑτοιμάσας

307 785 498 839 ἑαυτὸν
525 788 638 849 τοῖς
673 787 884 848 πιστοῖς
914 785 1086 848 λαοῖς,
1117 786 1320 853 ἀγαθὸν
1358 777 1882 856 ἀρετῆςὲξεμπλά-

311 890 449 944 ριον,
478 873 780 944 προσώπου
811 873 906 926 τοῦ
943 875 1066 928 κατ’
1109 874 1333 945 ἀρετὴν,
1378 875 1744 946 ὑπογραμμὸς
1782 878 1883 930 αὐ-

306 965 420 1029 τοῖς
449 966 744 1036 γενόμενος
774 965 870 1018 καὶ
898 965 1272 1031 ὑποτύπωσις,
1314 965 1449 1036 πρὸς
1471 965 1529 1019 ὃν
1569 968 1885 1039 ἀφορῶντες

308 1057 384 1122 ὡς
415 1059 656 1128 ἀρχηγὸν
684 1058 784 1128 τῆς
818 1057 1094 1128 σωτηρίας
1136 1057 1314 1128 ἡμῶν,
1359 1059 1458 1121 τὰς
1497 1061 1702 1128 ἀρετὰς
1741 1060 1885 1114 κατά

313 1149 561 1220 μίμησιν,
601 1149 676 1213 ὡς
716 1153 845 1220 ἡμῖν
893 1152 1008 1204 ἐστι
1058 1150 1315 1216 δυνατὸν,
1367 1151 1748 1222 κατορθοῦμεν
1797 1153 1885 1207 διὰ

308 1239 407 1308 τῆς
435 1239 710 1309 πράξεως.

381 1326 444 1392 ξ’.
474 1329 589 1392 Πᾶς
621 1331 649 1381 6
677 1329 764 1382 διὰ
796 1329 989 1396 φθόνον
1021 1328 1196 1398 μισῶν
1223 1332 1316 1384 καὶ
1345 1331 1531 1395 κακῶς
1577 1331 1885 1404 διαθρυλῶν

307 1419 430 1483 ταῖς
485 1420 758 1484 διαϐολαῖς
796 1421 887 1474 τὸν
921 1423 976 1474 ἐν
1007 1424 1120 1484 τοῖς
1145 1423 1320 1489 ἀγῶσι
1359 1423 1468 1476 τῶν
1511 1425 1744 1495 ἀρετῶν,
1789 1427 1886 1481 καὶ

307 1513 375 1581 τῇ
410 1514 701 1584 περιουσίᾳ
747 1513 842 1566 τοῦ
883 1514 1042 1582 λόγου
1085 1517 1184 1584 τῆς
1219 1519 1594 1587 πνευματικῆς
1628 1519 1886 1587 γνώσεως

306 1603 695 1676 δυνατώτερον,
756 1606 928 1660 Σαούλ
972 1608 1090 1659 ἐστι
1133 1607 1356 1678 πονηρῷ
1413 1610 1886 1680 καταπνιγὸμενος

308 1700 602 1768 πνεύματι,
640 1701 714 1772 μὴ
750 1701 931 1771 φέρων
975 1702 1038 1754 τὸ
1071 1703 1228 1765 κλέος
1261 1703 1359 1772 τῆς
1398 1705 1520 1756 κατ’
1551 1705 1752 1775 ἀρετὴν
1787 1707 1885 1758 καὶ

1014 307 1350 368 CAPITUM
1391 307 1819 379 QUINQUIES
1856 307 2377 369 CENTENORUM
2415 307 2802 370 CENTURIA
2841 308 2907 368 V.

3435 301 3568 368 1374

2055 425 2143 478 59.
2183 424 2448 478 Dominus
2492 432 2682 476 noster
2717 423 2900 476 lumen
2938 429 3023 474 est
3060 416 3309 488 gentium
3335 416 3403 476 “,
3435 434 3568 475 vere

1989 513 2209 567 clausos
2234 513 2560 581 ignorantiae
2583 511 2817 581 caligine
2859 508 3060 563 mentis
3096 507 3306 569 oculos,
3342 521 3486 561 verae
3513 507 3566 560 in

1989 601 2069 654 eis
2098 601 2394 671 agnitionis
2421 602 2542 654 luce
2577 607 2830 668 retegens
2861 613 2926 651 ac
2958 596 3233 665 aperiens,
3264 610 3570 663 rursusque

1990 692 2191 747 divina:
2217 692 2584 746 institutionis
2609 706 2673 744 ac
2698 689 3024 758 disciplinae,
3062 687 3177 757 ipse
3216 702 3275 740 se
3316 686 3572 741 ﬁdelibus

1991 784 2211 854 populis
2241 784 2478 853 probum
2506 782 2721 853 paravit
2751 779 2973 834 virtutis
3002 777 3355 832 aemulatione
3381 793 3570 832 exem-

1991 877 2175 946 plum;
2217 875 2440 929 virtutis
2483 882 2677 928 ornata
2714 871 2883 926 facies
2928 885 2992 923 ac
3034 884 3223 922 norma
3267 867 3375 921 illis
3429 867 3570 922 ell‘e-

1991 980 2146 1035 ctus;
2199 969 2252 1022 in
2301 984 2464 1037 quem
2493 963 3014 1037 aspicientes,velut
3057 971 3339 1016 auctorem
3373 976 3437 1014 ac
3467 961 3574 1014 du-

1991 1077 2110 1118 cem
2167 1061 2361 1115 salutis
2415 1048 2619 1114 nostra:
2667 1059 2734 1118 εδ,
2766 1056 3021 1109 virtutes
3082 1053 3230 1107 illius
3282 1052 3571 1117 imitando,

1995 1152 2178 1224 quoad
2233 1153 2395 1208 nobis
2445 1164 2772 1206 concessum
2805 1158 2910 1212 est,
2951 1145 3186 1201 actionis
3228 1145 3380 1199 cultu
3431 1161 3572 1214 pra:-

1992 1255 2223 1302 stamus.

2063 1339 2147 1394 60.
2185 1337 2448 1407 Quisquis
2474 1352 2586 1407 prie
2636 1334 2840 1390 invidia
2883 1333 3000 1387 odit
3046 1347 3109 1386 ac
3157 1331 3300 1385 male
3351 1330 3575 1401 sugillat

1992 1426 2345 1495 detrahitque
2371 1424 2444 1490 ei,
2472 1423 2568 1494 qui
2589 1422 2811 1476 virtutis
2835 1419 3236 1476 certaminibus
3279 1408 3580 1472 abundan3

1993 1518 2178 1587 tiaque
2223 1517 2496 1572 sermonis
2538 1514 2807 1585 spiritalis
2856 1512 3104 1567 scientiae
3151 1509 3432 1580 potentior
3464 1519 3571 1572 est,

1995 1612 2123 1666 Saul
2153 1621 2238 1666 est
2267 1611 2605 1679 nequissimo
2637 1621 2934 1676 oppressus
2957 1605 3178 1674 spiritu.
3205 1605 3327 1674 ejus
3357 1603 3451 1672 qui
3481 1602 3575 1657 illo

1992 1701 2342 1772 prmstantior
2362 1709 2466 1761 est,
2487 1698 2709 1752 virtutis
2725 1698 2894 1751 decus
2915 1705 2970 1749 et
2991 1696 3235 1750 scientia
3257 1694 3573 1748 felicitatem

307 1791 510 1857 γνῶσιν
541 1791 888 1860 εὐδαιμονίας
916 1789 1013 1844 τοῦ
1052 1791 1398 1860 κρείττονος·
1450 1794 1545 1846 καὶ
1599 1795 1687 1847 διὰ
1733 1795 1890 1848 τοῦτο

1994 1794 2137 1847 ferre
2159 1809 2268 1847 non
2303 1793 2524 1858 valens;
2556 1791 2794 1858 hincque
2824 1789 3088 1856 majorem
3123 1787 3177 1839 in
3219 1785 3444 1839 modum
3475 1784 3575 1839 de-

313 1881 479 1934 πλὲον
511 1882 856 1952 μαινόμενος,
916 1884 997 1935 ὅτι
1051 1882 1126 1952 μὴ
1181 1883 1408 1937 δύναται
1453 1885 1544 1937 τὸν
1597 1871 1892 1957 εὐεργέτην

309 1971 767 2042 διαχειρίσασθαι.
797 1974 1067 2040 Πολλάκις
1091 1977 1146 2030 δὲ
1187 1977 1280 2029 καὶ
1308 1976 1470 2030 αὐτὸν
1503 1977 1891 2045 ἀποπέμπεται

313 2061 529 2132 πικρῶς
579 2061 669 2116 τὸν
716 2063 972 2132 φίλτατον
1015 2065 1292 2125 ’ῐωνάθαν,
1332 2063 1425 2119 τὸν
1467 2065 1708 2136 ἔμφυτον
1749 2067 1894 2134 λέγω

313 2151 456 2206 κατά
481 2152 784 2223 συνείδησιν
800 2153 1078 2225 λογισμὸν,
1099 2154 1162 2207 τὸ
1186 2155 1370 2208 ἄδικον
1401 2157 1558 2225 μῖσος
1576 2154 1890 2226 ἐλέγχοντα,

317 2244 412 2297 καὶ
467 2243 562 2298 τοῦ
628 2248 962 2315 μισουμένου
1020 2245 1330 2317 φιλαλήθως
1389 2246 1774 2317 ἀφηγούμενον
1823 2246 1896 2301 τὰ

318 2334 741 2406 κατορθώματα.

389 2427 490 2494 ξα⁹.
521 2427 1006 2498 Παρακαλέσωμεν
1044 2430 1139 2482 καὶ
1167 2430 1327 2500 ἡμεῖς
1354 2429 1445 2482 τὸν
1483 2431 1674 2501 νοητὸν
1704 2431 1890 2492 Δαϐἰδ,

315 2519 592 2589 ιπηχῆσαι
621 2521 685 2589 τῇ
715 2519 918 2591 κιθάρᾳ
960 2523 1056 2591 τῆς
1094 2521 1474 2593 πνευματικῆς
1515 2521 1752 2594 θεωρίας
1798 2523 1895 2578 καὶ

316 2605 593 2673 γνώσεως,
629 2607 1134 2678 ὲπιληπτευόμενον
1175 2611 1288 2672 τοῖς
1313 2608 1520 2674 ύλικοῖς
1542 2611 1614 2681 (It;
1643 2611 1732 2664 τὸν
1761 2612 1896 2681 ἠμέ-

316 2715 473 2767 τερον
507 2697 655 2763 νοῦν,
687 2699 784 2751 καὶ
828 2699 1100 2753 ἀπελάσαι
1147 2700 1207 2754 τὸ
1251 2701 1490 2772 πονηρὸν
1530 2702 1748 2774 πνεῦμα
1797 2706 1896 2776 τῆς

317 2789 452 2861 πρὸς
492 2791 744 2861 αἴσθησιν
775 2791 966 2862 ὑλικῆς
1015 2793 1392 2861 περιπετείας,
1438 2793 1527 2847 ἵνα
1576 2794 1895 2865 δυνηθῶμεν

318 2879 513 2950 νοῆσαι
570 2879 658 2933 τὸν
708 2880 872 2948 νόμον
917 2883 1327 2951 πνευματικῶς,
1387 2884 1483 2936 καὶ
1512 2885 1603 2937 τὸν
1647 2887 1704 2938 ἐν
1747 2887 1896 2957 αὐτῷ

317 2973 703 3044 κεκρυμμένον
750 2973 912 3041 λόγον
976 2975 1239 3044 μυστικὸν
1290 2977 1496 3047 εὑρεῖν,
1552 2979 1647 3032 καὶ
1706 2979 1896 3049 κτῆμα

317 3064 648 3132 ποιήσασθαι
675 3065 899 3133 διαρκὲς
936 3066 1072 3136 πρὸς
1105 3066 1314 3134 ἐφόδιον
1352 3066 1497 3138 ζωῆς
1524 3069 1718 3124 ἀϊδίου.

388 3154 486 3224 ξβ’.
540 3157 652 3218 Πᾶς
689 3157 716 3207 6
762 3156 1038 3226 σωτηρίας
1071 3156 1233 3227 ἐρῶν,
1277 3157 1309 3228 ἥ
1351 3158 1548 3229 πράξει
1600 3160 1821 3222 πάντως
1858 3159 1892 3230 ἢ

317 3247 520 3318 θεωρία
553 3248 898 3318 προσανέχει.
958 3249 1185 3319 Ἀρετῆς
1232 3248 1341 3320 γὰρ
1376 3251 1468 3303 καὶ
1510 3249 1763 3318 γνώσεως
1787 3269 1897 3321 χω-

321 3337 424 3406 ρὶς,
452 3337 702 3405 οὐδαμῶς
729 3338 904 3401 οὐδεὶς
933 3338 1152 3392 πώποτε
1175 3343 1359 3410 τυχεῖν
1389 3341 1662 3412 σωτηρίας
1682 3341 1898 3412 δεδύνη-

315 3445 436 3481 ται·
470 3430 626 3499 εἴπερ
656 3429 857 3499 ἀρετῆς
893 3431 1012 3495 μὲν,
1049 3433 1108 3484 τὸ
1137 3431 1360 3485 τάσσειν
1388 3432 1489 3503 τὴν
1514 3433 1606 3486 τοῦ
1644 3433 1896 3504 σώματος

315 3520 548 3588 κίνησιν,
575 3515 685 3572 οἷον
715 3521 919 3591 χαλινῷ
948 3540 1053 3575 τινι
1081 3523 1157 3590 τῷ
1191 3523 1335 3593 ὀρθῷ
1366 3521 1616 3592 λογισμῷ
1637 3525 1736 3594 τῆς
1763 3524 1896 3591 πρὸς

314 3610 544 3665 ἀτοπίαν
588 3615 760 3681 φορᾶς
793 3615 1174 3684 ἐπιστημόνως
1222 3613 1714 3683 ἀναχαιτιζούσηςο
1763 3616 1897 3667 θεω-

319 3700 441 3771 ρίας
480 3701 557 3765 δὲ,
615 3702 677 3754 τὸ
722 3703 790 3755 τά
852 3703 1036 3765 καλῶς
1082 3703 1348 3772 νοηθέντα
1389 3722 1449 3757 τε
1491 3705 1586 3757 καὶ
1634 3704 1896 3775 κριθέντα

315 3792 606 3864 ἐμφρόνως
633 3793 911 3864 αἱρεῖσθαι
931 3795 1286 3866 ψηφίζεσθαι.

392 3965 494 4035 ξγ’.
542 3965 762 4040 Ἐπειδὴ
800 3970 986 4041 νοερὸν
1029 3970 1126 4040 μέν
1153 3971 1270 4022 ὲστι
1291 3969 1354 4022 τὸ
1389 3970 1569 4035 νοοῦν,
1607 3970 1800 4041 νοητὸν
1835 3972 1895 4025 δὲ

313 4057 375 4111 τὸ
397 4058 711 4128 νοούμενον,
747 4063 924 4130 τροφὴ
953 4060 1009 4113 δὲ
1039 4061 1134 4114 καὶ
1159 4056 1270 4114 οἷον
1313 4059 1580 4125 σύστασις
1598 4062 1692 4115 τοῦ
1717 4064 1896 4118 νοοῦν-

311 4167 408 4214 τος
432 4152 494 4204 τὸ
519 4152 846 4221 νοούμενον
899 4152 1126 4216 εἰκότως
1179 4156 1206 4207 6
1249 4154 1380 4217 Θεὸς
1415 4154 1511 4208 ἅτε
1555 4156 1691 4208 νόων
1722 4157 1894 4212 ὄντων

312 4239 421 4293 τῶν
457 4241 788 4310 ἀσωμάτων,
822 4241 985 4303 αὐτὸς
1013 4241 1322 4312 νοούμενος,
1350 4245 1444 4296 καὶ
1492 4246 1682 4315 νοητὸς
1711 4247 1894 4311 αὐτοῖς

313 4330 438 4383 καθ’
487 4332 610 4385 ὅσον
665 4332 1014 4400 ἐφικνοῦνται
1071 4334 1392 4401 γινόμενος,
1441 4334 1646 4390 ἔσωθεν
1692 4337 1895 4400 αὐτοὺς

313 4421 604 4493 ἐλλάμπει,
635 4426 728 4478 τοῦ
757 4423 848 4478 νοῦ
881 4426 1130 4490 νοοῦντός
1160 4443 1219 4478 τε
1249 4426 1345 4479 καὶ
1368 4427 1729 4515 τρεφομένου.

385 4602 478 4667 ξδ’.
523 4602 750 4674 Ἕτερόν
799 4605 914 4657 ἐστι
952 4604 1162 4674 νοητὸν,
1205 4607 1297 4657 καὶ
1338 4603 1528 4675 ἕτερον
1557 4604 1765 4675 νοερόν.
1819 4606 1894 4660 Τδ

312 4693 419 4765 γὰρ
442 4695 651 4765 νοητὸν,
684 4694 857 4768 τροφὴ
903 4689 991 4750 οἷά
1029 4713 1133 4759 τις,
1177 4695 1252 4758 ὡς
1288 4694 1524 4766 εἴρηται,
1567 4695 1663 4749 τοῦ
1706 4697 1895 4768 νοεροῦ

384 4812 430 4845 ⁸⁸
455 4812 588 4868 Luc.
621 4830 680 4878 ιι,
707 4814 798 4868 52.
875 4813 920 4845 ⁸⁸
952 4813 1118 4867 Hebr.
1154 4828 1247 4878 an,
1273 4812 1330 4866 2.
1406 4813 1452 4844 “
1479 4811 1499 4866 l
1537 4812 1670 4883 Reg.
1705 4829 1793 4879 xx,
1825 4816 1914 4873 50.

383 4926 456 4997 (It)
500 4927 1088 4996 Ἐπιληπτευόμενον
1134 4929 1261 4992 τοῖς
1294 4927 1550 4993 ὑλικοῒς.
1582 4928 1688 4994 Qui
1732 4934 1886 4988 velut

310 4997 581 5068 daemone,
623 4997 705 5051 sic
735 5000 972 5053 terrenis
999 5013 1306 5068 eorumque
1329 5013 1540 5068 amore
1606 5009 1882 5068 teneatur,

308 5067 722 5138 arreptitiorum
747 5083 925 5134 more;
961 5069 1092 5124 dum
1124 5067 1228 5123 hoc
1253 5067 1470 5122 animus
1493 5067 1609 5138 ipse
1653 5067 1884 5138 patitur,

309 5137 457 5206 quod
491 5137 640 5192 Saul.
666 5153 900 5206 corpore
925 5155 955 5192 a
975 5139 1245 5202 daemone,
1273 5153 1304 5192 a
1331 5153 1442 5206 quo
1480 5137 1672 5194 mitius
1716 5137 1886 5197 habeé

309 5205 425 5277 bat,
487 5207 694 5261 Davide
730 5205 982 5276 pulsante
1019 5210 1308 5264 citharam.
1349 5205 1484 5260 Non
1520 5207 1661 5263 bene
1695 5211 1880 5277 Picus,

307 5274 478 5330 Rebus
512 5274 895 5350 materialibus,
926 5280 1080 5350 quasi
1105 5282 1284 5334 morbo
1307 5277 1562 5350 comitiali
1595 5274 1882 5350 laboranti,

307 5361 431 5418 quae
459 5354 540 5418 est
575 5347 749 5401 altera
776 5347 948 5418 hujus
971 5351 1125 5405 vocis
1160 5348 1432 5416 acceptio,
1479 5349 1725 5403 secundo
1763 5352 1885 5407 loco

309 5415 582 5502 lriesychio
615 5419 812 5502 posita,
840 5415 932 5502 καὶ
958 5423 1082 5502 61:17;
1122 5420 1242 5502 ἱερᾷ
1272 5415 1434 5502 ’δράσω
1490 5420 1880 5502 συνεχόμενος·

309 5483 582 5548 Ωιιὶίεαενο
615 5483 815 5551 inorbo,
845 5489 896 5542 id
917 5499 1022 5553 est,
1043 5483 1328 5551 comitiali,
1362 5483 1586 5539 la'borat.
1620 5483 1713 5542 Sic
1733 5483 1882 5545 enim

308 5553 724 5630 laborantinon
750 5559 976 5630 prodest
1004 5559 1218 5630 mystici
1253 5557 1475 5630 Davidis
1516 5557 1746 5623 cithara,
1799 5561 1880 5616 uti

307 5639 411 5677 nec
470 5624 621 5680 Sauli
669 5624 984 5696 profuisset,
1023 5624 1077 5683 si
1122 5630 1214 5684 hic
1237 5629 1358 5696 ejus
1381 5625 1578 5680 fuisset
1625 5632 1877 5695 morbus,

306 5707 434 5751 cum
455 5705 688 5754 auctore
719 5697 976 5758 Traliano
1001 5708 1058 5756 et
1084 5697 1431 5772 experientia
1456 5703 1612 5764 teste,
1646 5699 1726 5756 sic
1751 5717 1876 5756 cor-

1993 1884 2198 1938 mentia
2243 1883 2452 1948 furens,
2498 1882 2646 1952 quod
2687 1882 2865 1950 ipsum
2903 1879 2998 1948 qui
3030 1877 3325 1942 demeruit,
3362 1877 3574 1932 interﬁ-

1993 1991 2119 2031 cere
2141 1990 2252 2030 non
2277 1982 2478 2045 potest.
2512 1974 2624 2028 Nec
2654 1987 2776 2026 raro
2794 1969 3181 2025 charissimum
3214 1968 3574 2025 Jonathanem
3668 2034 3672 2038 ε

1993 2070 2130 2124 dure
2167 2067 2384 2136 repellit
2425 2067 2470 2098 “
2512 2064 2844 2134 (naturalem
2886 2062 3097 2117 scilicet
3150 2059 3443 2131 rationem)
3477 2060 3578 2115 ini-

1994 2175 2165 2229 quum
2213 2157 2401 2212 odium
2457 2155 2982 2224 reprehendentem,
3029 2152 3260 2221 ejusque
3307 2153 3402 2221 qui
3447 2151 3577 2206 odio

1995 2247 2287 2311 habeatur,
2346 2245 2516 2299 animi
2585 2242 2830 2298 candore
2893 2242 3156 2311 praclara
3229 2241 3371 2295 facta
3435 2240 3578 2296 refe-

1995 2347 2207 2391 rentem
2219 2376 2232 2389 .

2066 2429 2156 2484 6ι1.
2187 2427 2296 2482 Nos
2321 2441 2542 2495 quoque
2569 2424 2870 2495 spiritalem
2913 2421 3170 2476 Davidem
3195 2419 3574 2484 Obsecremus,

1995 2528 2057 2575 ut
2083 2519 2349 2588 spiritalis
2373 2514 2859 2585 contemplationis
2892 2529 2957 2568 ac
2993 2512 3240 2567 scientia:
3262 2512 3474 2566 cithara
3505 2513 3572 2578 ⁵⁷,

1998 2620 2346 2666 terrenorum
2380 2608 2580 2662 affectu
2619 2606 2926 2676 phanaticae
2966 2604 3136 2659 menti
3164 2612 3365 2658 nostrae
3397 2618 3460 2657 ac
3489 2619 3578 2657 ar-

1997 2701 2234 2772 reptitiae
2261 2701 2499 2774 insonet,
2524 2715 2586 2753 ac
2611 2697 3010 2767 nequissimum
3053 2695 3310 2765 spiritum
3346 2704 3578 2750 terrente

1997 2809 2192 2848 sensus
2214 2792 2496 2847 varietatis
2529 2791 2732 2861 abigat,
2770 2798 2828 2844 ut
2861 2788 3182 2858 spiritaliter
3205 2787 3369 2841 nobis
3401 2787 3578 2856 legem

1998 2885 2308 2956 intelligere
2340 2884 2522 2948 liceat,
2548 2882 2715 2952 inque
2752 2896 2816 2936 ea
2841 2881 3104 2935 latentem
3140 2879 3430 2949 mysticum
3458 2892 3577 2932 ser-

1997 2995 2218 3034 mortem
2263 2977 2557 3041 invenire;
2591 2990 2675 3041 ac,
2717 2971 2864 3043 quod
2896 2971 3032 3027 satis
3056 2971 3151 3038 sil,
3182 2970 3238 3025 in
3269 2970 3397 3024 vitae
3420 2978 3578 3024 aeter-

1998 3086 2084 3125 nae
2103 3069 2363 3123 viaticum
2399 3082 2743 3137 comparare.

2071 3161 2160 3216 62.
2201 3160 2464 3230 Quisquis
2505 3157 2698 3212 salutis
2743 3170 2928 3209 amore
2966 3161 3208 3218 tenetur,
3240 3160 3336 3208 aut
3374 3150 3577 3207 actioni

1997 3269 2229 3324 prorsus
2304 3261 2398 3307 aut
2471 3247 2928 3316 contemplationi
2995 3245 3242 3299 animum
3315 3243 3574 3298 intendit.

1997 3345 2218 3415 Absque
2263 3343 2410 3398 enim
2467 3343 2674 3397 virtute
2721 3350 2779 3396 et
2827 3339 3080 3401 scientia,
3130 3353 3292 3392 nemo
3334 3350 3577 3405 unquam

1997 3437 2232 3491 salutem
2274 3435 2454 3504 potuit
2488 3432 2756 3502 adipisci;
2799 3432 3003 3500 quippe
3046 3445 3172 3485 cum
3219 3428 3443 3482 virtutis
3483 3426 3576 3490 sit,

1997 3535 2060 3578 ut
2087 3526 2339 3593 corporis
2372 3533 2581 3577 motmn
2628 3533 2942 3591 componat,
2985 3537 3106 3589 quze
3138 3520 3395 3574 videlicet
3429 3518 3582 3572 velut

1998 3615 2156 3670 freno
2184 3615 2447 3684 quodam,
2490 3624 2641 3669 recta
2682 3613 3152 3674 consideratione,
3196 3627 3264 3665 ne
3295 3611 3361 3664 ad
3399 3610 3577 3680 turpia

1997 3722 2061 3760 ac
2088 3707 2361 3759 luxuriam
2385 3705 2684 3770 dilabatur,
2721 3706 2895 3775 perite
2922 3707 3096 3774 ipsam
3126 3703 3383 3758 cohibeat
3409 3720 3423 3766 ;
3449 3719 3580 3757 con—

2000 3796 2374 3866 templationis
2397 3813 2552 3861 vero,
2588 3807 2650 3851 ut
2673 3797 2846 3866 probe
2882 3797 3159 3852 intellecta
3188 3811 3252 3850 ac
3279 3795 3578 3864 prudenter

1993 3889 2257 3959 judicata,
2291 3889 2544 3959 eligenda
2573 3889 2866 3943 decernat.

2065 3980 2229 4051 625
2275 3980 2366 4035 63’.
2414 3979 2553 4035 Cum
2601 3980 2976 4035 intellectuale
3031 3976 3262 4049 (νοερὸν)
3309 3977 3381 4030 sit
3425 3975 3572 4044 quod

1990 4069 2293 4138 intelligit;
2339 4077 2395 4124 et
2423 4069 2711 4137 intelligile
2743 4067 2976 4140 (νοητὸν)
3023 4066 3170 4136 quod
3205 4064 3574 4135 intelligitur:

1994 4161 2116 4231 ejus
2141 4175 2274 4214 vero
2312 4161 2458 4230 quod
2502 4161 2763 4231 intelligit
2805 4160 3129 4214 alimentum
3159 4173 3225 4213 ac
3266 4157 3416 4211 velut
3447 4155 3580 4210 sub—

1997 4250 2199 4306 stantia
2243 4251 2334 4316 sit,
2379 4252 2525 4321 quod
2572 4252 2937 4322 intelligitur;
2983 4250 3185 4305 merito
3232 4250 3397 4311 Deus,
3451 4262 3578 4302 cum

2001 4341 2242 4412 Spiritus
2273 4353 2488 4398 mentes
2515 4345 2649 4409 sint,
2675 4345 2791 4414 ipse
2824 4345 3160 4408 intellectus,
3193 4357 3255 4397 ac
3287 4340 3464 4411 quoad
3495 4339 3580 4394 eis

1925 4469 1968 4525 Β
1999 4432 2221 4502 assequi
2260 4433 2411 4499 licet,
2449 4435 2517 4489 iis
2548 4434 2729 4489 factus
2756 4433 3140 4505 intell-igibilis,
3161 4431 3397 4486 interius
3428 4431 3579 4500 ipsos

1995 4523 2257 4590 illustrat,
2298 4526 2377 4580 sic
2414 4533 2477 4579 ut
2514 4541 2672 4581 mens
2703 4534 2759 4582 et
2787 4526 3054 4596 intelligat
3077 4531 3134 4579 et
3165 4525 3364 4578 alatur.

2068 4613 2156 4669 64.
2190 4616 2354 4671 Aliud
2387 4625 2473 4671 est
2513 4617 2858 4688 intelligibile
2890 4615 3126 4687 (νοητὸν)
3151 4625 3206 4671 et
3237 4613 3386 4671 aliud
3415 4612 3577 4666 intel-

1999 4704 2234 4762 lectuale
2265 4707 2512 4780 (νοερόν.)
2550 4709 2688 4765 Illud
2715 4709 2888 4775 enim,
2919 4709 2999 4764 uti
3035 4707 3245 4764 dictum
3275 4715 3380 4772 est,
3409 4704 3576 4776 hujus

1992 4820 2035 4852 ⁸⁷
2067 4821 2088 4877 Ι
2119 4822 2254 4894 Reg.
2287 4839 2398 4888 xvr,
2436 4824 2523 4880 i6.

1997 4940 2162 5008 repti,
2195 4957 2298 4996 nec
2350 4941 2597 5004 audiant,
2644 4955 2748 4996 nec
2800 4939 3046 5002 videant,
3107 4954 3212 4992 nec
3242 4937 3574 5008 intelligant,

1992 5009 2089 5063 sed
2147 5013 2394 5064 omnium
2432 5027 2696 5066 sensuum
2731 5010 2991 5064 facultate
3037 5008 3288 5062 destituti
3335 5009 3572 5076 jaceant,

1988 5079 2128 5133 nihil
2156 5081 2475 5135 diﬂ‘erentes
2518 5097 2549 5135 a
2598 5081 2852 5135 mortuis.
2891 5081 2958 5133 At
2985 5094 3087 5134 nec
3112 5078 3398 5146 sequentia
3432 5077 3577 5132 bene

1987 5150 2224 5218 reddita,
2256 5151 2314 5204 τὸ
2344 5151 2578 5218 πονηρὸν
2599 5151 2816 5218 πνεῦμα
2848 5150 2946 5218 τῆς
2985 5146 3574 5218 ὑλικῆςπεριπετείας,

1988 5217 2289 5289 Malignum
2316 5215 2565 5287 spiritum
2595 5215 2912 5274 temeritatis
2944 5215 3256 5273 materialis.
3275 5215 3576 5289 Τῆς-προς

1989 5284 2245 5359 αἴσθησιν
2286 5284 2535 5344 additum
2583 5307 2650 5344 ex
2695 5305 2826 5344 mss.
2865 5284 3576 5359 terrenorum_vic_issitudo

1979 5365 2065 5412 est
2089 5355 2393 5429 eorumque
2424 5360 2810 5429 συμπτώματα
2837 5368 2893 5414 et
2919 5374 3100 5419 casus,
3131 5356 3277 5429 unde
3309 5357 3390 5410 sic
3417 5355 3570 5429 varie

1979 5442 2176 5506 sensus
2216 5425 2471 5506 adicitur,
2497 5425 2760 5506 'ac__vitia_
2786 5428 2946 5483 nobis
2993 5427 3395 5506 propignuntur
3434 5443 3448 5478 :
3491 5425 3573 5480 sic

1977 5498 2123 5551 enim
2172 5500 2334 5553 nobis
2380 5500 2496 5554 haec
2540 5500 2827 5569 allegoria,
2873 5497 3109 5566 πονηρὸν
3161 5497 3566 5569 πνεῦμα-[ηψπ

1980 5569 2342 5637 materialium
2384 5567 2686 5632 temeritas,
2720 5585 2841 5637 quae
2886 5585 2994 5622 non
3044 5577 3154 5622 tam
3199 5567 3566 5637 materialium

1985 5636 2220 5705 dicatur,
2255 5653 2420 5709 quam
2465 5635 2926 5711 intelligentiam;
3003 5654 3203 5708 nempe
3247 5635 3568 5708 προπέτεια.
