4046 6196
291 252 425 318 1377

996 258 1328 320 (ᾺΡῙἸἪΜ
1365 263 1786 335 QUINQUIES
1825 263 1865 324 C

1965 264 2343 326 ’TENORUM
2382 267 2767 329 CENTURIA
2801 271 2849 330 V

3404 270 3541 338 1378

291 366 618 434 νοουμένων.
654 365 883 418 ’Ένωσιν
908 365 965 418 δέ
996 384 1129 438 φησι
1161 367 1255 420 τοῦ
1287 369 1400 434 νοῦ,
1436 371 1622 435 καθὼς
1661 374 1717 425 ἐν
1754 373 1866 436 τοῖς

1970 375 2159 444 lutque
2202 375 2404 431 mentis
2437 377 2644 432 form-.12.
2680 378 2930 448 Hincque
2968 377 3104 433 adeo
3134 389 3238 446 est,
3275 392 3334 435 ut
3365 393 3547 453 νοερὰ,

292 459 417 526 ἑξῆς
468 456 801 524 σαφέστερον
848 456 1017 524 λέγει,
1061 458 1132 511 δι’
1172 454 1240 532 ἧς
1284 462 1422 532 πρὸς
1480 463 1548 516 τὰ
1603 463 1866 516 ἐπέκεινα

293 549 484 604 ἑαυτοῦ
517 547 874 610 ἀνατείνεται,
906 549 1072 618 ἤγουν
1106 552 1170 621 τῇ
1213 553 1341 624 περί
1369 553 1503 605 Θεοῦ
1537 553 1867 624 προσϐάλλει

291 640 529 714 θεωρία·
576 639 648 718 ,τὸ
678 679 691 703 ,
729 639 945 692 πάντων
1006 641 1267 712 ἐκστῆναι
1307 643 1414 696 τῶν
1457 645 1729 714 αἰσθητῶν
1775 644 1869 697 καὶ

290 734 395 788 τῶν
426 731 653 804 νοητῶν,
678 730 760 783 ἔτι
802 731 859 785 δὲ
901 732 994 784 καὶ
1027 734 1126 802 τῆς
1167 735 1370 809 οἰκείας
1425 737 1692 805 κινήσεως
1715 753 1727 766 ο
1762 731 1862 788 εἴθ’

288 827 461 888 οὕτως
497 824 596 894 τῆς
627 822 776 885 θείας
803 822 1057 889 γνώσεως
1095 824 1349 890 δέξασθαι
1378 826 1474 895 τὴν
1507 827 1723 882 ἀκτῖνα.

1970 461 2022 514 id
2049 472 2153 526 est,
2179 457 2572 534 intelligentia,
2611 466 2873 520 inferiora
2911 467 3022 521 sint
3071 469 3178 520 τῶν
3208 469 3434 539 νοητῶν,
3463 471 3552 526 his

1968 553 2230 608 nimirum
2273 571 2393 624 quze
2429 555 2830 627 intelliguntur.
2877 557 3074 613 Mentis
3113 575 3244 612 vero
3287 561 3550 616 unionem

1969 643 2124 710 dicit,
2154 634 2300 698 sicut
2341 645 2394 698 in
2439 647 2798 715 sequentibus
2825 649 3027 702 clarius
3052 650 3302 719 exponit,
3349 667 3456 720 qua
3490 667 3550 706 se

1968 735 2214 789 extendit
2272 735 2340 789 ad
2390 752 2474 800 ea,
2525 754 2645 806 qua:
2688 739 2782 792 illa
2826 741 3114 808 superiora
3157 748 3307 806 sunt,
3349 743 3550 798 divinas

1971 823 2184 878 scilicet
2229 822 2556 879 incumbens
2599 828 3049 896 contemplationi
3096 846 3109 882 :
3162 845 3226 884 ea
3280 831 3545 887 nimirum

290 918 520 981 ratione,
565 931 671 986 qua
710 915 968 974 omnibus
1005 931 1125 985 qua:
1168 931 1329 971 sensu
1372 918 1753 988 percipiuntur
1798 932 1860 970 ac
1897 930 2020 984 qua:
2084 922 2266 967 mente
2299 913 2703 986 intelliguntur,
2742 917 2994 984 excedit;
3061 918 3242 976 adhuc
3271 930 3457 978 autem
3488 932 3550 980 et

288 1026 389 1066 suo
419 1009 595 1080 ipsius
631 1017 811 1074 motu;
853 1025 916 1069 ac
953 1009 1217 1080 deinceps
1251 993 1452 1067 divina:
1491 1013 1738 1068 scicntia
1766 1011 2009 1067 lucidum
2037 1009 2201 1078 jubar
2230 1009 2448 1078 recipit.

358 1105 419 1152 o’.
453 1099 517 1151 Εἰ
548 1100 782 1150 κινεῖται
806 1097 1083 1164 ἀναλόγως
1108 1099 1287 1168 ἐαυτῷ
1313 1101 1514 1171 νοερῶς
1539 1100 1631 1153 τὸν
1663 1100 1869 1170 νοερὸν,

296 1189 390 1243 καὶ
427 1191 540 1242 νοεῖ
577 1189 795 1251 πάντως
819 1207 833 1221 υ
891 1190 938 1240 εἰ
969 1188 1026 1240 δὲ
1061 1191 1191 1251 νοεῖ,
1241 1192 1334 1244 καὶ
1367 1193 1467 1263 ἐρᾷ
1505 1192 1724 1254 πάντως
1770 1191 1868 1243 τοῦ

292 1280 608 1350 νοηθέντος
656 1281 705 1332 εἰ
734 1280 791 1332 δὲ
823 1280 942 1351 ἐρᾷ,
996 1282 1090 1333 καὶ
1131 1281 1331 1350 πάσχει
1361 1283 1578 1344 πάντως
1610 1281 1707 1352 τὴν
1734 1282 1870 1352 πρὸς

291 1373 422 1430 αὐτὸ
447 1373 523 1436 ὡς
556 1371 787 1443 ἐραστδν
823 1373 1112 1424 ἔκστασιν·
1160 1375 1208 1426 εἰ
1241 1374 1297 1426 δὲ
1335 1375 1556 1443 πάσχει,
1592 1374 1751 1444 δῆλον
1781 1374 1863 1427 ὅτι

294 1465 388 1519 καὶ
411 1465 720 1534 ἐπείγεται·
768 1465 816 1516 εἰ
849 1465 905 1519 δέ
940 1464 1244 1535 ἐπείγεται,
1288 1465 1384 1518 καὶ
1431 1465 1688 1518 ἐπιτείνει
1726 1465 1864 1518 πάν-

292 1573 400 1620 τως
421 1557 482 1609 τδ
511 1557 740 1628 σφοδρὸν
769 1559 867 1627 τῆς
898 1560 1185 1627 κινήσεως.
1232 1559 1294 1611 Εἰ
1331 1558 1387 1610 δὲ
1433 1559 1694 1611 ἐπιτείνει
1736 1575 1867 1626 σιρο-

292 1645 435 1717 δρῶς
465 1645 564 1716 τὴν
589 1647 828 1717 κίνησιν,
883 1648 980 1717 ούχ
1027 1647 1243 1701 ἵσταται
1293 1648 1486 1718 μέχρις
1533 1647 1599 1702 ἂν
1639 1648 1867 1717 γένηται

291 1733 410 1786 ὅλον
459 1737 515 1787 ἐν
570 1735 677 1805 ὅλῳ
724 1735 801 1805 τῷ
840 1736 1074 1808 ἐραστῷ,
1121 1738 1214 1790 καὶ
1265 1737 1354 1805 ὑφ’
1395 1737 1516 1790 ὅλου
1555 1737 1864 1809 περιληφθῇ

292 1827 574 1891 ἐκουσίως,
600 1827 721 1881 ὅλον
750 1807 890 1882 κατᾶ
917 1828 1242 1900 προαίρεσιν
1272 1827 1372 1900 τὴν
1404 1807 1672 1901 σωτήριον
1713 1807 1870 1898 περιξ-
1902 1807 1941 1862 Β

292 1917 507 1990 γραφὴν
542 1919 835 1990 δεχόμενον
858 1919 878 1992 [
903 1919 1042 1977 male
1064 1922 1203 1975 edita
1235 1920 1557 1993 δεδόμενον]
1579 1939 1590 1951 ν
1638 1921 1706 1974 ἵν’
1745 1921 1868 1974 ὅλον

291 2011 398 2081 ὅλῳ
425 2011 633 2082 ποιωθῇ
660 2011 739 2082 τῷ
764 2013 1159 2088 περιγράφοντι
1180 2054 1194 2073 ,
1221 2011 1312 2076 ¹ὡς
1345 2011 1470 2084 μηδ’
1511 2012 1648 2075 ὅλως
1682 2011 1867 2065 λοιπὸν

295 2103 580 2174 βούλεσθαι
615 2103 676 2170 ἐξ
716 2105 909 2158 ἑαυτοῦ
949 2105 1082 2159 αὐτὸ
1129 2107 1306 2160 ἐκεῖνο
1346 2106 1467 2160 ὅλον
1493 2104 1866 2177 ,γνωρίζεσθαι

291 2193 555 2248 δύνασθαι
578 2195 642 2248 τὸ
679 2195 1181 2266 περιγραφόμενον
1219 2195 1334 2250 ἀλλ’
1372 2197 1436 2249 ἐκ
1464 2195 1558 2249 τοῦ
1597 2195 1866 2268 περιγρά-

292 2302 505 2354 φοντος,
532 2287 607 2350 ὡς
635 2287 740 2358 ἀὴρ
767 2287 942 2342 διόλου
965 2289 1378 2359 πεφωτισμένος
1407 2288 1547 2358 φωτί
1569 2305 1582 2318 ·
1613 2289 1707 2344 καὶ
1734 2287 1868 2360 πυρὶ

296 2377 512 2448 σίδηρος
540 2378 661 2442 ὅλος
694 2378 801 2451 ὅλῳ
835 2379 1361 2452 πεπυρακτωμένος,
1394 2379 1427 2450 ἢ
1461 2380 1568 2432 εἴτι
1604 2378 1735 2435 ἄλλο
1759 2378 1867 2433 τῶν

294 2467 550 2524 τοιούτων
574 2469 716 2525 ἐστί.
767 2466 770 2469 ’

360 2729 462 2783 οα’.
501 2730 678 2799 Πολλὴ
711 2731 742 2801 ἡ
766 2731 900 2800 πρὸς
926 2732 992 2784 τὰ
1018 2729 1289 2802 νοούμενα
1315 2729 1422 2784 τῶν
1455 2728 1745 2788 νοούντων,
1770 2730 1866 2784 καὶ

299 2821 437 2894 πρὸς
471 2822 540 2876 τὰ
574 2821 809 2892 αἰσθητὰ
838 2823 948 2877 τῶν
1006 2821 1418 2893 αἰσθανομένων
1456 2820 1661 2891 σχέσις.
1709 2821 1766 2874 Ὀ
1808 2821 1864 2874 δέ

291 2909 578 2980 ἅνθρωπος
605 2911 667 2962 ἐκ
687 2909 864 2981 ψυχῆς
887 2911 980 2963 καὶ
1013 2909 1264 2981 σώματος
1289 2909 1576 2978 τυγχάνων
1614 2907 1862 2979 αἰσθητι-

290 3001 411 3067 κοῦ,
441 3001 531 3055 διὰ
557 3002 657 3072 τῆς
689 3003 806 3055 κατ’
837 3002 1151 3073 ἐπαλλαγὴν
1193 3002 1332 3072 πρὸς
1379 3001 1617 3071 ἑκάτερα
1652 3001 1720 3054 τὰ
1765 3000 1864 3070 τῆς

291 3093 522 3158 κτίσεως
552 3095 818 3164 τμήματα
845 3094 1080 3163 φυσικῆς
1101 3090 1336 3163 σχέσεώς
1364 3108 1424 3144 τε
1454 3091 1551 3145 καὶ
1578 3089 1858 3162 ἰδιότητος,

290 3184 385 3238 καί.
413 3159 810 3255 περιγράιρεται
842 3159 936 3238 καὶ
961 3159 1322 3254 περιγράφει*
1349 3182 1409 3235 τὸ
1451 3181 1568 3252 μὲν,
1593 3185 1659 3252 τῇ
1683 3159 1859 3252 ούσία·
1891 3159 1932 3216 c

290 3273 350 3325 τὸ
387 3273 465 3338 δὲ,
497 3275 564 3344 τῇ
595 3273 841 3343 δυνάμει.
882 3271 1331 3346 Ιιεριγράφεσθαι
1364 3274 1473 3343 γὰρ
1505 3274 1618 3336 τοῖς
1645 3274 1863 3344 νοητοῖς

291 3367 384 3418 καὶ
416 3367 694 3436 αἰσθητοῖς
740 3367 816 3432 ὠς
871 3367 1018 3438 ψυχὴ
1055 3365 1340 3437 τυγχάνων
1383 3365 1479 3419 καὶ
1528 3365 1711 3436 σῶμα,
1768 3363 1865 3418 καὶ

290 3457 654 3528 περιγράφειν
680 3456 854 3512 ταῦτα
882 3457 1024 3511 κατὰ
1056 3458 1284 3526 δύναμιν
1316 3457 1582 3526 πέφυκεν,
1619 3458 1695 3520 ὼς
1729 3455 1868 3509 νοῶν

289 3549 382 3602 καὶ
437 3549 912 3620 αἰσθανόμενοςθὸ
959 3548 1017 3603 δέ
1062 3549 1194 3611 Θεὸς
1229 3547 1416 3611 ἁπλῶς
1454 3549 1549 3601 καὶ
1603 3548 1868 3619 ἀορίστως

293 3639 436 3712 ὑπὲρ
491 3642 670 3695 πάντα
714 3641 782 3695 τὰ
832 3642 961 3695 ὄντα
999 3640 1137 3704 ἐστὶ,
1178 3638 1248 3692 τὰ
1295 3638 1621 3709 περιέχοντά
1667 3653 1727 3690 τε
1775 3637 1870 3690 καὶ

289 3734 673 3806 περιεχόμενα,
704 3734 780 3798 ὡς
804 3737 937 3786 πᾶσι
971 3731 1249 3795 παντελῶς
1271 3731 1498 3802 ἄσχετος
1524 3730 1624 3783 ὥν.

2045 1095 2129 1150 70.
2160 1095 2315 1161 Quod
2359 1097 2676 1168 intelligens
2714 1115 2816 1168 pro
2857 1100 2941 1167 sui
2985 1101 3197 1158 ratione
3241 1106 3552 1178 intelligen-

1977 1186 2109 1240 Iium
2140 1203 2290 1240 more
2324 1198 2592 1252 movetur,
2628 1189 2853 1244 omnino
2883 1192 3046 1246 ctiam
3079 1194 3332 1267 intelligit
3364 1209 3418 1253 et
3453 1216 3548 1254 co-

1972 1280 2124 1349 gitat.
2170 1278 2225 1333 Si
2270 1290 2450 1333 autem
2487 1281 2742 1352 intelligit
2782 1298 2846 1340 ac
2887 1286 3109 1356 cogitat,
3147 1291 3336 1358 procul
3378 1293 3548 1350 dubio

1968 1372 2132 1424 etiam
2160 1371 2495 1426 intellectum
2519 1389 2581 1427 ac
2594 1374 2886 1444 cogitatum
2905 1389 3068 1434 amat.
3095 1379 3150 1436 Si
3176 1392 3356 1438 autem
3379 1395 3545 1451 amat,

1970 1463 2194 1516 omnino
2219 1463 2465 1518 etiamin
2499 1465 2653 1529 illud,
2695 1476 2756 1521 ut
2801 1455 2915 1524 rem
2957 1481 3213 1538 amatam,
3262 1490 3548 1533 excessum

1968 1553 2192 1623 patitur.
2231 1554 2325 1608 Sin
2368 1567 2550 1610 autem
2592 1557 2818 1626 patitur,
2851 1560 2995 1614 haud
3030 1562 3259 1617 dubium
3293 1567 3425 1634 quin
3453 1584 3547 1622 ur-

1967 1655 2159 1715 geatur
2191 1661 2256 1699 ac
2288 1647 2568 1700 incitetur.
2617 1647 2672 1702 Si
2717 1664 2850 1703 vero
2888 1659 3114 1721 urgetur
3158 1668 3222 1707 ac
3263 1653 3546 1723 incitatur,

1968 1752 2194 1805 prorsus
2246 1737 2414 1791 etiam
2467 1745 2649 1792 motus
2696 1739 3100 1795 vehementiam
3147 1743 3401 1800 intendit.
3451 1746 3548 1802 Sin

1974 1836 2156 1881 autem
2197 1827 2554 1883 vehementer
2600 1829 2837 1885 intendit
2878 1841 3109 1899 motum,
3143 1850 3252 1890 non
3291 1837 3546 1906 quiescit,

1974 1917 2149 1973 donec
2181 1926 2352 1974 totum
2393 1919 2492 1973 toti
2534 1929 2714 1975 amato
2755 1921 3119 1990 immcaverit,
3163 1932 3328 1994 atque
3373 1942 3405 1982 a
3433 1936 3548 1984 toto

1973 2017 2168 2078 sponte
2215 2010 2676 2082 comprehensum
2728 2011 2915 2079 fuerit,
2969 2015 3116 2084 quod
3164 2024 3336 2072 totum
3378 2021 3548 2076 animi

1973 2101 2254 2171 proposito
2287 2117 2351 2157 ac
2383 2103 2661 2158 voluntate
2681 2105 2972 2161 salutarem
2997 2108 3175 2177 capiat
3204 2110 3550 2169 circumscri-

1973 2189 2239 2259 ptionem,
2267 2199 2327 2244 ut
2357 2198 2555 2257 totum,
2585 2206 2652 2246 eo
2681 2192 2826 2262 quod
2851 2193 3272 2262 circumscribit,
3305 2207 3418 2254 toto
3446 2201 3549 2256 im-

1973 2281 2194 2348 buatur,
2241 2290 2302 2337 ut
2349 2299 2451 2340 nec
2489 2299 2712 2354 prorsus
2737 2284 2847 2354 jam
2879 2300 2946 2339 ex
2987 2286 3167 2357 seipse
3202 2288 3334 2344 illud
3369 2291 3545 2360 ipsmn

1972 2372 2120 2443 quod
2173 2382 2346 2428 totum
2392 2374 2872 2430 circumscribitur
2916 2374 3162 2447 dignosci
3198 2395 3355 2449 posse
3389 2383 3543 2447 velit,

1975 2464 2070 2518 sed
2115 2480 2180 2519 ex
2219 2479 2285 2519 eo
2332 2464 2476 2534 quod
2515 2464 2936 2531 circumscribit,
2975 2466 3126 2522 velut
3163 2485 3257 2524 aer
3303 2471 3545 2542 undique

1974 2553 2095 2607 luce
2131 2552 2406 2623 perfusus,
2437 2562 2497 2622 et
2523 2553 2730 2608 ferrum
2763 2562 2937 2609 totum
2965 2565 3078 2612 toto
3112 2559 3223 2631 igni
3255 2562 3546 2618 subactum

1973 2644 2386 2713 incensumque,
2412 2653 2507 2699 aut
2533 2645 2576 2700 si
2611 2646 2740 2716 quid
2768 2646 2917 2702 aliud
2943 2655 3027 2703 est
3053 2650 3173 2720 ejus
3199 2651 3436 2722 generis.

2042 2733 2129 2787 7i.
2187 2733 2381 2803 Ingens
2418 2735 2664 2804 quaedam
2713 2746 2797 2792 est
2835 2753 3025 2793 eorum
3062 2755 3183 2809 qua:
3236 2741 3547 2814 intelligunt

1919 2871 1928 2880 .
1971 2839 2094 2880 eum
2127 2823 2194 2878 iis
2218 2839 2339 2893 qua:
2380 2823 2779 2896 intelliguntur,
2821 2835 2878 2886 et
2905 2843 3095 2884 eorum
3137 2831 3543 2899 quzesentiunt,

1971 2929 2095 2972 cum
2122 2914 2190 2969 iis
2214 2930 2335 2984 quae
2361 2929 2525 2969 sensu
2558 2915 2957 2985 percipiuntur,
2991 2921 3339 2976 necessitudo
3361 2931 3417 2976 et
3450 2923 3547 2978 lia-

1971 3003 2181 3058 bitudo.
2235 3004 2406 3060 Homo
2445 3013 2652 3072 autem,
2703 3021 2828 3061 cum
2877 3022 2942 3062 ex
2993 3009 3175 3064 anima
3215 3019 3272 3066 et
3315 3027 3545 3084 corpore

1969 3094 2241 3150 sentiendi
2280 3094 2333 3148 vi
2369 3095 2615 3165 pmdito,
2645 3106 2881 3162 constet,
2926 3113 2994 3153 ex
3033 3102 3270 3156 naturali
3301 3103 3542 3158 vicissim

1970 3200 2094 3240 cum
2149 3186 2412 3240 alterutra
2473 3196 2737 3245 creaturae
2801 3191 3053 3261 portione
3117 3190 3440 3249 habitudine
3488 3203 3544 3250 et

1969 3277 2325 3348 preprietate,
2358 3284 2472 3331 tum
2502 3277 3002 3347 circumscribitur;
3042 3290 3154 3338 tum
3189 3285 3542 3341 circumscri-

1971 3365 2080 3432 bit;
2108 3366 2342 3422 alterum
2366 3365 2588 3437 quidem
2618 3367 2963 3435 substantia;
2997 3371 3224 3426 alteram
3250 3387 3400 3436 vero,
3440 3389 3541 3444 po-

1967 3458 2158 3512 tentia.
2202 3458 2273 3513 Ut
2315 3474 2511 3529 nempe
2553 3459 3042 3517 circumscribatur
3074 3462 3182 3518 illis
3211 3478 3332 3534 qurc
3359 3473 3543 3521 mente

1966 3548 2343 3617 intelliguntur
2367 3563 2430 3603 ac
2450 3565 2573 3620 qua;
2606 3565 2768 3606 sensu
2793 3552 3198 3623 percipiuntur,
3226 3555 3352 3610 inde
3376 3559 3539 3628 627

1965 3649 2050 3695 est
2077 3639 2222 3709 quod
2257 3640 2441 3695 anima
2471 3651 2528 3696 et
2551 3657 2751 3714 corpus
2771 3651 2891 3710 est;
2921 3654 2980 3698 ut
2999 3661 3131 3700 vero
3154 3647 3269 3702 hazc
3295 3648 3541 3717 potentia

1967 3727 2404 3793 circumscribat,
2461 3729 2608 3798 quod
2659 3731 2969 3802 intelligens
3015 3749 3079 3788 ac
3138 3736 3380 3790 sentiens
3431 3746 3538 3794 est.

292 3820 434 3879 Deus
482 3835 663 3880 autem
706 3823 1028 3894 simpliciter
1063 3832 1118 3877 et
1161 3823 1426 3877 immense
1466 3836 1633 3890 super
1677 3815 1862 3874 omnia
1897 3825 2002 3882 est,
2043 3825 2160 3873 tum
2197 3833 2262 3872 ea
2301 3835 2422 3888 quae
2494 3821 2778 3877 continent
2853 3831 2968 3877 tum
3009 3839 3131 3894 quae
3167 3825 3543 3893 continentur,

289 3925 349 3972 ut
377 3919 470 3989 qui
501 3920 714 3976 eunetis
749 3934 976 3991 prorsus
999 3919 1286 3972 absolutus
1317 3919 1544 3973 eminet.

356 4014 452 4083 οβ’.
489 4016 641 4068 Πᾶσα
668 4015 827 4086 ἡδονὴ
863 4015 969 4080 τῶν
1016 4013 1512 4084 ἀπηγορευμένων,
1553 4013 1618 4067 ἐκ
1655 4011 1864 4074 πάθους

284 4105 373 4159 διὰ
403 4107 573 4176 μέσης
608 4105 915 4176 αἰσθήσεως
943 4104 1077 4176 πρός
1115 4122 1168 4158 τι
1207 4105 1425 4168 πάντως
1468 4104 1714 4173 γίνεσθαι
1762 4103 1863 4156 πέ-

291 4215 464 4264 φυκεν
511 4198 788 4268 αἰσθητόν.
844 4197 978 4250 Οὐδὲ
1025 4198 1133 4268 γὰρ
1177 4197 1307 4251 ἄλλο
1351 4197 1404 4250 τί
1435 4198 1584 4251 ἐστιν
1611 4196 1860 4268 ἡδονὴ,ῆ

291 4281 432 4350 εἶδος
471 4285 796 4356 αἰσθήσεως,
828 4288 885 4339 ἐν
913 4285 990 4357 τῷ
1034 4286 1338 4357 αἰσθητικῷ
1383 4287 1469 4340 διά
1496 4303 1641 4350 τινος
1668 4285 1863 4356 αίσθη-

291 4378 386 4432 τοῦ
431 4377 783 4449 μορφουμένη
806 4395 819 4408 ’
875 4377 908 4448 ἣ
948 4375 1170 4449 τρόπος
1207 4378 1528 4448 αἰσθητικῆς
1561 4377 1860 4448 ἐνεργείας,

2038 4011 2124 4065 72.
2156 4011 2335 4066 Vetita
2364 4012 2544 4067 omnis
2578 4013 2847 4082 voluptas,
2876 4029 2943 4067 ex
2972 4014 3226 4080 passione
3257 4025 3422 4086 atque
3452 4018 3537 4075 at-

1966 4100 2110 4156 l'ectu
2141 4101 2193 4155 in
2223 4117 2339 4156 rem
2357 4103 2594 4173 aliquam
2613 4103 2799 4158 sensui
2826 4103 3119 4175 obiectam,
3139 4121 3302 4162 sensu
3331 4107 3533 4173 medio,

1964 4192 2216 4262 pronasci
2274 4192 2456 4247 habet.
2511 4193 2629 4248 Non
2673 4193 2821 4248 enim
2876 4195 3124 4264 voluptas
3178 4195 3326 4250 aliud
3378 4196 3539 4266 quid-

1965 4297 2127 4352 quam
2181 4290 2285 4346 est,
2332 4299 2494 4351 quam
2547 4283 2836 4338 sentientis
2887 4283 3160 4340 facultatis
3207 4287 3419 4355 species
3473 4303 3539 4343 ac

1965 4375 2161 4440 forma,
2198 4374 2278 4430 rei
2311 4375 2543 4448 alicujus
2563 4377 2781 4432 sensilis
2809 4393 2996 4446 opera,
3039 4379 3094 4433 in
3123 4380 3390 4434 sentiente
3422 4382 3537 4436 for-

289 4474 406 4525 κατ“
436 4469 728 4541 ἐπιθυμίαν
755 4469 948 4538 ἄλογον
975 4471 1382 4539 συνιστάμενος.
1425 4467 1722 4538 Ἐπιθυμία
1753 4469 1862 4539 γὰρ

1967 4475 2110 4520 mata
2147 4484 2158 4519 :
2210 4467 2325 4522 sive
2368 4467 2638 4523 sentiendi
2683 4467 3018 4538 operationis
3056 4470 3271 4536 modus,
3315 4471 3534 4528 irratio-

285 4562 536 4634 αἰσθήσει
567 4561 927 4632 προστεθεῖσα
949 4603 961 4626 ,
998 4563 1077 4623 εἰς
1108 4560 1299 4631 ἡδονὴν
1333 4560 1684 4632 μεταπίπτει,
1722 4553 1861 4622 εἶδος

283 4655 421 4724 αὐτῇ
463 4653 764 4721 ἐπάγουσα·
793 4651 886 4705 καὶ
922 4652 1173 4721 αἴσθησις
1211 4653 1331 4704 κατ’
1363 4650 1662 4721 ἐπιθυμίαν
1703 4668 1860 4721 κινη-

285 4743 459 4810 θεῖσα,
501 4743 694 4814 ἡδονὴν
747 4742 1146 4814 ἀπεργάζεται,
1192 4743 1252 4795 τὸ
1301 4743 1559 4813 αἰσθητὸν
1619 4741 1857 4813 προσλα-

284 4832 474 4888 ϐοῦσα.
505 4834 727 4896 Γνόντες
760 4830 854 4886 οὖν
897 4834 946 4885 οἰ
982 4831 1150 4901 ἅγιοι,
1183 4833 1262 4885 ὅτι
1303 4832 1391 4886 διὰ
1442 4831 1614 4902 μέσης
1658 4829 1858 4902 σαρκὸς

283 4925 420 4996 πρὸς
451 4926 548 4995 τὴν
603 4923 738 4995 ὓλην
777 4925 810 4993 ἠ
839 4923 986 4994 ψυχὴ
1028 4923 1179 4995 παρὰ
1211 4923 1374 4992 φύσιν
1425 4922 1722 4991 κινουμένη
1756 4921 1856 4992 τὴν

280 5016 472 5086 χοῖκὴν
513 5013 726 5085 μορφὴν
758 5014 1067 5076 ὑποδύεται,
1099 5013 1188 5066 διὰ
1221 5013 1394 5084 μέσης
1435 5011 1638 5082 μᾶλλον
1677 5012 1856 5084 ψυχῆς

281 5105 422 5159 κατὰ
468 5105 630 5173 φύσιν
687 5105 844 5158 αὐτοὶ
898 5104 1035 5175 πρὸς
1081 5104 1172 5156 τὸν
1216 5104 1350 5156 Θεὸν
1387 5101 1718 5173 κινούμενοι,
1762 5104 1856 5156 καὶ

279 5199 378 5267 τὴν
408 5195 587 5267 σάρκα
621 5195 698 5266 τῷ
737 5195 854 5267 Θεῷ
893 5197 1215 5267 πρεπόντως
1248 5193 1532 5248 οἰκειῶσαι
1581 5191 1857 5264 διενοήθη-

283 5307 402 5354 σαν,
437 5289 504 5343 δι’
533 5290 821 5360 ἀσκήσεως
851 5288 1064 5358 ἀρετῶν
1117 5287 1482 5358 ἐνδεχομένως
1536 5285 1707 5356 αὐτὴν
1734 5288 1852 5350 ταῖς

281 5381 454 5446 θείαις
481 5381 753 5451 ἐμφάσεσι
780 5379 1246 5441 καλλωπίσαντες.

352 5660 452 5724 ογ’.
485 5652 862 5737 Μεγαλοφυῶς
891 5652 970 5733 .ot
1019 5649 1162 5717 ἅγιοι
1221 5639 1361 5703 κατὰ
1414 5645 1504 5730 τὸν
1541 5647 1717 5721 ἀληθῆ
1762 5649 1856 5704 καὶ

1960 4559 2067 4612 nali
2095 4558 2394 4628 cupiditate
2421 4559 2752 4618 consistens.
2779 4561 3064 4632 Cupiditas
3107 4563 3274 4628 enim,
3325 4564 3368 4618 si
3405 4581 3534 4620 scn-

1956 4651 2040 4706 sui
2091 4651 2334 4715 accedat,
2369 4652 2425 4705 in
2461 4653 2795 4722 voluptatem
2841 4655 3054 4718 transit,
3086 4654 3313 4709 formam
3363 4655 3440 4709 illi
3471 4671 3536 4710 ac

1957 4741 2194 4812 speciem
2244 4742 2544 4809 inducens;
2598 4759 2902 4814 sensusque
2955 4745 3257 4814 cupiditate
3309 4754 3530 4808 motus,

1956 4847 2071 4885 rem
2114 4844 2307 4888 nactus
2351 4849 2570 4888 sensum
2602 4834 2951 4901 allicientem,
2986 4836 3314 4904 voluptatem
3345 4835 3529 4890 eilicit.

1955 4921 2202 4978 Scientes
2231 4924 2415 4993 itaque
2442 4923 2636 4988 sancti,
2685 4925 2947 4989 animam,
2977 4925 3109 4979 dum
3147 4941 3312 4980 carne
3353 4925 3532 4980 media

1956 5012 2338 5068 innaturaliter
2357 5014 2424 5068 ad
2456 5023 2669 5070 terrena
2702 5024 2974 5079 movetur,
3003 5025 3273 5070 terrenam
3299 5015 3528 5069 formam

1955 5104 2217 5170 induere;
2257 5105 2359 5175 ipsi
2392 5106 2574 5175 potius
2604 5106 2782 5160 media
2810 5106 2991 5161 anima
3033 5122 3102 5161 ex
3129 5114 3337 5160 natura:
3364 5103 3531 5158 ratio-

1954 5194 2118 5248 nibus
2162 5194 2217 5250 in
2263 5195 2433 5249 Deum
2475 5203 2626 5250 motu
2674 5197 3044 5259 connitcntcs,
3093 5195 3268 5266 ipsam
3308 5208 3530 5264 quoque

1957 5300 2176 5340 carnem
2213 5287 2604 5342 convenienter
2628 5287 2738 5342 Deo
2763 5287 3058 5342 conciliare
3090 5301 3272 5356 operte
3290 5285 3527 5355 pretium

1960 5376 2255 5438 duxerunt,
2294 5378 2560 5432 virtutum
2603 5378 2754 5432 cultu
2795 5394 2859 5432 ac
2895 5377 3314 5441 exercitatione,
3347 5375 3531 5445 quoad

1957 5468 2194 5532 licebat,
2248 5467 2452 5522 divinis
2512 5483 2630 5522 eam
2685 5468 3034 5538 perornando
3086 5465 3528 5538 reprarsentatio-

1959 5559 2141 5614 nibus.

2027 5649 2113 5705 75.
2165 5650 2368 5717 Sancti,
2409 5653 2549 5708 Vero
2588 5667 2652 5707 ac
2689 5651 2960 5716 inotl'enso
2993 5659 3182 5708 motus
3218 5666 3286 5706 ex
3331 5656 3524 5708 natura
