4010 6202
368 328 407 339 ⁸η.

540 266 669 348 ma

1691 293 1752 354 S.
1796 290 1896 351 MA
1907 291 2081 351 XIMI
2118 289 2628 352 CONFESSORIS

3694 284 3829 349 13811

536 407 719 470 modo,
755 419 996 477 prmsens
1031 409 1386 457 scamnzatnzn
1428 413 1592 472 atque
1632 418 1810 459 arenae
1848 404 2109 458 saeculum

2225 402 2510 457 ἱπταιστον
2564 400 2667 471 τῆς
2715 402 2861 455 κατὰ
2906 396 3067 467 φύσιν
3118 398 3391 470 κινήσεως
3439 399 3693 472 τρόπον,
3740 408 3825 455 εον

536 493 820 563 magnilice
846 490 1218 554 transierunt;
1248 505 1471 545 sensum
1499 492 1721 562 quidem
1752 507 1877 547 cum
1903 504 2107 557 mente,

534 582 877 654 simplicibus
900 581 1080 636 media
1114 582 1324 638 ratione
1351 598 1536 638 rerum
1562 584 1870 639 rationibus
1906 585 2113 642 instru-

536 684 644 739 cta,
698 674 1054 743 copulantes;
1100 681 1340 728 mentem
1391 689 1544 740 vero,
1588 676 1739 730 omni
1786 692 2015 746 prorsus
2055 675 2113 730 in

536 782 622 820 res
648 764 923 835 quaslibet
968 773 1120 818 motu
1158 766 1416 831 solutam,
1451 775 1615 838 atque
1641 767 1710 821 ab
1734 767 1850 838 ipsa
1884 784 1983 823 sua
2012 783 2112 823 na-

538 857 698 912 turali
725 855 1045 928 operatione
1087 865 1395 924 vacantem,
1435 858 1548 914 Deo
1586 859 1950 927 adhibentes;
1982 875 2111 931 qua,

536 955 647 1002 tota
675 946 725 1000 vi
754 946 809 1001 in
839 948 1011 1002 Deum
1037 947 1274 1012 collecti,
1305 945 1426 1013 toti,
1462 948 1575 1003 Deo
1604 948 1701 1005 toti
1727 964 1826 1019 per
1857 949 2113 1020 spiritum

537 1040 754 1097 misceri
828 1049 1183 1104 meruerunt,
1246 1048 1419 1095 totam
1484 1041 1727 1097 caelestis
1788 1041 2112 1113 imaginem,

535 1132 716 1203 quoad
772 1146 1095 1187 concessum
1150 1131 1473 1189 hominibus
1531 1141 1636 1199 est,
1688 1142 1974 1204 portantes
2028 1134 2111 1199 ’σς

537 1233 853 1295 tantamque
873 1223 1074 1279 divinae
1103 1225 1590 1294 representationis
1612 1225 1722 1280 vim
1748 1225 1831 1295 (ut
1859 1225 1934 1280 ita
1950 1225 2118 1280 liceat

534 1313 707 1385 loqui)
730 1313 1029 1380 trahentes,
1058 1322 1323 1384 quantum
1354 1315 1458 1382 ipsi
1491 1315 1651 1370 tracti
1686 1315 1742 1372 in
1777 1316 1951 1371 Deum
1979 1330 2116 1371 con-

535 1418 770 1459 cessere.

606 1593 692 1655 74.
728 1591 892 1644 Aiunt
936 1590 1109 1645 Deum
1154 1598 1209 1643 et
1255 1588 1533 1644 hominem
1566 1587 1670 1644 smi
1712 1596 1903 1643 mutuo
1936 1602 2122 1643 exem-

536 1681 707 1751 plaria
750 1696 894 1741 esse,
932 1687 1252 1747 tantumque
1290 1678 1463 1732 Deum
1514 1676 1725 1731 homini
1781 1675 2119 1746 benignitate

2213 494 2458 567 παρόντα
2498 493 2609 546 τῶν
2648 491 2991 563 σκαμμάτων
3035 491 3207 545 αίῶνα
3236 493 3336 563 (m)
3367 492 3668 565 διέϐησαν·
3714 495 3821 566 τὴν

2217 588 2316 659 μὲν
2345 587 2623 658 αίσθησιν,
2661 584 2868 649 άπλοῦς
2896 585 2987 639 διὰ
3021 587 3189 656 μέσου
3214 586 3308 639 τοῦ
3332 585 3497 655 λόγου
3536 587 3691 659 πρὸς
3726 588 3826 641 τὸν

2214 678 2338 733 νοῦν
2371 680 2498 742 τοὺς
2547 678 2657 731 τῶν
2683 678 2854 732 ὅντων
2889 677 3083 747 ἔχοντα
3122 677 3315 746 λόγους
3344 677 3696 742 ἑνώσαντεςο
3733 678 3830 732 th

2212 772 2268 825 δὲ
2296 769 2446 833 νοῦν,
2477 769 2578 840 τῆς
2622 786 2689 822 πε
2700 770 2753 840 ρὶ
2783 768 2851 822 τά
2879 769 3010 822 ὄντα
3039 768 3217 822 πάντα
3244 769 3518 840 κινήσεως
3549 767 3827 836 καθαρῶς

2212 862 2571 927 ἁπολυθέντα,
2592 863 2686 916 καὶ
2709 862 2881 933 αὐτῆς
2908 861 3010 932 τῆς
3037 859 3160 916 καθ’
3184 860 3349 915 αὑτὸν
3376 861 3625 932 φυσικῆς
3657 862 3825 931 ἐνερ-

2214 955 2369 1024 γείας
2391 953 2724 1025 ἠρεμοῦντα,
2776 954 2856 1025 τῷ
2903 952 3025 1024 Θεῷ
3054 952 3554 1027 προσκομίσαντεςο
3601 951 3823 1007 καθ’ὃν

2214 1046 2414 1110 ὑλικῶς
2449 1046 2589 1119 πρὸς
2617 1045 2749 1100 Θεὸν
2774 1046 3156 1119 συναχθέντες,
3187 1047 3299 1099 ὅλοι
3325 1046 3435 1114 ὅλῳ
3460 1044 3587 1115 Θεῷ
3605 1047 3822 1114 ἐγκρα-

2219 1124 2492 1211 θῆναιδιὰ
2524 1137 2618 1192 τοῦ
2643 1138 2954 1209 πνεύματος
2979 1137 3312 1208 ἠξιώθησαν,
3351 1137 3482 1208 ’ὅλην
3509 1136 3610 1191 τοῦ
3639 1138 3820 1190 ἔπου-

2219 1227 2405 1298 ρανίου
2431 1228 2575 1282 κατὰ
2622 1227 2683 1280 τὸ
2714 1227 2939 1281 δυνατὸν
2989 1226 3324 1297 ἀνθρώποις,
3355 1229 3460 1298 τὴν
3493 1227 3691 1280 εἰκόνα
3730 1242 3817 1295 φο·

2229 1319 2507 1392 ρέσαντις,
2554 1319 2649 1372 καὶ
2689 1318 2945 1372 τοσοῦτον
2989 1319 3243 1384 ἒλξαντες
3285 1320 3384 1387 τῆς
3415 1318 3573 1380 θείας
3622 1318 3791 1389 ὶμφά

2219 1429 2380 1476 σεως,
2398 1411 2446 1463 εί
2481 1408 2640 1480 θέμις
2664 1410 2819 1463 τοῦτο
2850 1412 3045 1472 εἰπεῖν,
3079 1410 3205 1463 ὅσον
3229 1408 3517 1479 ἑλχθέντες
3539 1408 3712 1463 αὐτοὶ
3735 1408 3816 1476 ’τῷ

2216 1500 2337 1573 Θεῷ
2362 1498 2709 1569 ἔνετέθησαν.

2287 1593 2379 1647 οδ¹.
2424 1591 2699 1661 Ἀλλήλων
2744 1583 2885 1643 εἶναί
2911 1605 3042 1658 φασι
3072 1587 3525 1659 παραδείγματα,
3556 1589 3652 1641 τδν
3674 1588 3814 1642 Θεδν

2220 1681 2316 1735 καὶ
2351 1681 2443 1735 τὸν
2483 1680 2789 1752 ἄνθρωπον,
2844 1680 2940 1732 καὶ
2971 1677 3223 1731 τοσοῦτον
3258 1678 3338 1748 τῷ
3384 1678 3672 1749 ἀνθρώπῳ
3720 1679 3813 1732 τὸν

535 1788 599 1827 ae
619 1770 909 1825 clementia
946 1769 1222 1823 hominem
1259 1767 1398 1833 fieri,
1436 1776 1701 1839 quantum
1733 1767 1899 1821 homo
1921 1782 1978 1821 se
2008 1766 2119 1821 Deo

2225 1774 2354 1828 Θεὸν
2382 1774 2471 1827 διὰ
2512 1771 2927 1844 φιλανθρωπίαν
2973 1770 3440 1841 άνθρωπίζεσθαι,
3484 1773 3615 1825 ὅσον
3645 1773 3677 1825 6
3712 1772 3813 1825 ἆν-

535 1881 636 1934 per
664 1864 986 1918 charilatem
1018 1860 1274 1916 deificare
1311 1860 1528 1930 potuit:
1572 1867 1895 1930 tantumque
1935 1857 2118 1912 homi-

537 1968 660 2007 nem
697 1969 727 2007 a
758 1953 871 2007 Deo
900 1951 1015 2021 rapi
1039 1950 1107 2004 ad
1134 1949 1441 2015 sciendum,
1460 1957 1728 2020 quantum
1758 1948 1923 2002 homo
1945 1948 2117 2002 Deum

536 2055 733 2099 natura
788 2042 1236 2113 inaspectabilem
1283 2042 1552 2097 virtutum
1612 2047 1814 2096 ornatu
1868 2037 2118 2093 manife-

537 2137 725 2191 stavit.

608 2227 694 2281 75.
724 2225 982 2296 Quisquis
1013 2222 1361 2280 mortificavit
1382 2220 1631 2277 membra
1651 2236 1771 2291 qua:
1796 2227 1925 2273 sunt
1955 2232 2121 2288 super

541 2327 739 2373 terram
782 2318 851 2384 '°,
898 2331 1229 2387 omnemque
1275 2332 1305 2370 a
1349 2330 1408 2370 se
1466 2313 1651 2369 carnis
1686 2313 1852 2384 628
1897 2326 2118 2366 sensum

538 2408 818 2470 exstinxit,
860 2422 924 2461 ac
958 2421 1204 2477 prorsus,
1240 2421 1350 2474 qua
1405 2403 1485 2458 illi
1529 2402 1843 2464 tenebatur,
1869 2399 2119 2455 affeCtio—

540 2513 664 2551 nem
703 2496 965 2561 excussit,
1005 2511 1112 2566 qua
1161 2494 1240 2559 fit,
1288 2505 1350 2549 ut
1390 2494 1632 2549 charitas
1671 2492 1765 2546 uni
1792 2489 1908 2545 Deo
1935 2490 2119 2545 debita

542 2585 597 2640 in
642 2586 801 2641 nobis
845 2586 1099 2656 partibus
1134 2582 1451 2649 scindatur;
1500 2590 1806 2651 cunctaque
1848 2580 2033 2634 carnis
2056 2593 2120 2634 ac

542 2677 753 2743 mundi,
789 2677 989 2732 divina?
1011 2675 1199 2747 gratiae
1228 2691 1413 2739 causa,
1444 2675 1677 2745 insignia
1711 2672 1951 2757 negavit,
1987 2679 2045 2724 ut
2064 2678 2123 2726 et

540 2769 727 2823 dicere
769 2768 941 2839 possit
981 2784 1106 2823 cum
1146 2767 1309 2822 beato
1345 2767 1510 2822 Paulo
1538 2765 1785 2836 apostolo
1815 2782 1829 2819 :
1863 2762 1992 2830 Quis
2027 2778 2120 2816 nos

539 2861 804 2930 separabit
838 2878 869 2914 a
891 2861 1148 2914 cltaritate
1175 2858 1407 2915 Christi?
1443 2865 1499 2913 et
1531 2873 1652 2928 qua:
1692 2864 2001 2928 sequuntur
2032 2854 2118 2920 ";

508 2938 513 2943 ’
542 2950 632 3005 hic
653 2952 795 3016 talis,
808 2953 921 3006 sine
942 2961 1092 3023 patre
1119 2958 1166 3004 et
1196 2951 1310 3004 sine
1331 2957 1501 3003 matre
1523 2957 1571 3001 et
1593 2950 1706 3003 sine
1721 2945 2031 3018 genealogia
2051 2945 2119 3008 τ’,

544 3042 599 3097 in
631 3058 838 3098 morem
879 3043 1059 3113 magni
1097 3039 1500 3097 Melchisedech
1540 3038 1718 3095 factus
1745 3046 1856 3101 est,
1878 3052 1988 3092 non
2023 3036 2120 3092 ba-

543 3133 677 3188 hens
692 3149 800 3205 quo
826 3150 856 3189 a
885 3150 1050 3190 carne
1076 3142 1132 3188 et
1156 3141 1350 3186 natura
1377 3141 1652 3199 teneatur,
1678 3131 1750 3186 ob
1771 3129 2119 3202 conjunctio-

543 3243 668 3282 ηοω
693 3242 812 3298 quae
850 3227 927 3281 illi
950 3243 1073 3282 cum
1098 3226 1295 3296 spiritu
1328 3224 1545 3296 obtigit.

614 3429 700 3483 76.
761 3428 912 3482 liaud
959 3428 1168 3499 justum
1227 3434 1375 3495 puto,
1432 3424 1719 3497 praesentis
1760 3423 1888 3480 vita:
1933 3423 2119 3491 tinem,

545 3530 779 3573 mortem
814 3519 1111 3589 appellare,
1139 3518 1235 3572 sed
1260 3517 1643 3574 liberationem
1664 3532 1695 3572 a
1715 3525 1913 3581 morte,
1937 3530 2122 3571 semo-

546 3617 655 3664 tam
685 3607 1115 3677 corruptionem,
1142 3606 1474 3662 vindicatam
1508 3606 1847 3670 libertatem,
1877 3605 2123 3661 sedatam

547 3697 938 3763 turbationem,
975 3697 1190 3752 sublata
1236 3696 1404 3761 bella,
1424 3697 1609 3767 pulsas
1646 3694 1925 3759 tenebras,
1973 3693 2125 3751 labo-

546 3806 667 3846 rum
702 3790 972 3859 requiem,
1001 3789 1071 3844 ab
1117 3799 1256 3845 aestu
1289 3804 1571 3851 serenum,
1602 3787 1899 3843 obductam
1927 3785 2124 3842 confu-

545 3876 778 3939 sionem,
803 3874 1074 3929 eluctatos
1102 3873 1331 3928 allectus
1361 3888 1425 3928 ac
1452 3872 1932 3943 perturbationes;
1957 3880 2015 3926 et
2064 3878 2127 3925 ut

547 3982 762 4022 summa
802 3966 1001 4032 dicam,
1049 3965 1296 4021 omnium
1334 3964 1903 4035 circumscriptionem
1949 3962 2126 4019 malo-

548 4072 669 4113 rum
713 4073 779 4113 ac
822 4066 1059 4123 metam;
1091 4056 1296 4127 quibus
1338 4055 1514 4110 sancti
1545 4055 1859 4110 voluntaria
1893 4054 2129 4109 mortiﬁ-

546 4147 763 4204 catione
794 4159 1021 4204 strenue
1052 4146 1351 4218 perfuncti,
1392 4146 1642 4216 hospites
1682 4162 1741 4202 sc
1784 4154 1841 4200 et
1883 4146 2128 4217 peregri-

547 4256 649 4296 nos
681 4256 710 4296 a
743 4242 855 4296 vita
884 4248 941 4296 et
983 4239 1182 4295 saecula
1230 4238 1603 4294 exhibuerunt
1643 4237 1710 4291 τ’.
1752 4235 1889 4292 Cum
1919 4234 2125 4290 mundo

546 4333 693 4386 enim
725 4342 781 4387 et
818 4347 1073 4402 corpore,
1106 4341 1165 4387 et
1191 4346 1314 4401 qua:
1337 4345 1406 4385 ex
1440 4330 1523 4385 eis
1564 4329 1861 4398 insurgunt
1908 4327 2126 4382 fortiter

2221 1862 2438 1934 θρωπος
2469 1862 2663 1916 ἑαυτὸν
2685 1859 2762 1933 τῷ
2794 1860 2914 1931 Θεῷ
2937 1860 3005 1913 δι’
3027 1859 3249 1930 ἀγάπης
3273 1860 3528 1930 δυνηθεὶς
3556 1861 3813 1914 ἀπεθέω-

2221 1968 2305 2008 σε·
2336 1952 2434 2007 καὶ
2468 1951 2724 2007 τοσοῦτον
2761 1952 2866 2005 ὑπὸ
2897 1950 3032 2004 Θεοῦ
3060 1951 3154 2005 τὸν
3186 1951 3476 2023 ἄνθρωπον
3508 1951 3657 2006 κατὰ
3680 1951 3812 2006 νοῦν

2221 2045 2566 2118 ἁρπάζεσθαι
2609 2044 2747 2116 πρὸς
2790 2044 2848 2098 τὸ
2893 2043 3156 2113 γνωστὸν,
3187 2044 3309 2097 ὅσον
3336 2043 3365 2095 6
3396 2043 3695 2115 ἄνθρωπος
3718 2044 3812 2098 τὸν

2220 2138 2449 2209 ἀόρατον
2494 2136 2654 2206 φύσει
2677 2134 2809 2189 Θεὸν
2850 2134 2940 2189 διὰ
2965 2134 3074 2188 τῶν
3096 2132 3311 2207 ἀρετῶν
3347 2135 3698 2206 ὲφανέρωσε.

2293 2234 2385 2282 οε’.
2413 2229 2530 2293 Πᾶς
2550 2228 2578 2281 6
2605 2228 2672 2281 τά
2703 2227 2843 2298 μέλη
2874 2226 3157 2299 νεκρώσας
3189 2227 3257 2280 τὰ
3292 2229 3384 2279 ἐπὶ
3407 2227 3538 2296 γῆς,
3563 2227 3661 2279 καὶ
3686 2226 3808 2279 510v

2219 2315 2415 2371 ἑαυτοῦ
2438 2316 2537 2387 τῆς
2571 2316 2773 2388 σαρκὸς
2803 2315 3146 2378 κατασϐέσας
3175 2313 3236 2366 τὸ
3265 2313 3548 2384 φρόνημα,
3577 2314 3674 2364 καὶ
3704 2311 3806 2380 τὴν

2221 2409 2360 2480 πρὸς
2405 2408 2580 2478 αὐτὴν
2627 2407 2802 2462 διόλου
2852 2406 3040 2477 σχέσιν
3078 2405 3550 2475 ἀποσεισάμενος,
3581 2404 3650 2456 δι’
3674 2399 3746 2476 ἧς
3771 2405 3806 2473 η

2218 2498 2297 2570 τῷ
2319 2497 2439 2569 Θεῴ
2474 2498 2622 2569 μόνῳ
2649 2496 3066 2568 χρεωστουμένη
3117 2496 3248 2567 παρ’
3275 2496 3437 2565 ἡμῶν
3480 2496 3675 2565 ἀγάπη
3711 2512 3808 2565 με·

2225 2590 2454 2661 ρίξεται,
2488 2588 2581 2641 ml.
2620 2587 3000 2659 ἀρνησάμενος
3032 2585 3210 2639 πάντα
3235 2588 3306 2638 τὰ
3330 2585 3430 2655 τῆς
3467 2585 3677 2656 σαρκδς
3709 2583 3807 2636 καὶ

2221 2681 2428 2752 κόσμου
2453 2679 2834 2750 γνωρίσματα,
2864 2678 2963 2749 τῆς
2993 2677 3144 2741 θείας
3169 2676 3358 2731 ’ἑνεκεν
3378 2678 3630 2747 χάριτος·
3662 2674 3804 2728 ὥστε

2223 2771 2319 2827 καὶ
2351 2771 2533 2841 λέγειν
2561 2768 2823 2824 δύνασθαι
2856 2768 2993 2840 μετὰ
3029 2768 3123 2822 τοῦ
3160 2770 3430 2840 μακαρίου
3467 2767 3690 2821 Παύλου
3709 2766 3804 2820 τοῦ

2220 2859 2560 2928 ἀποστόλου,
2608 2861 2706 2926 Τίς
2765 2854 2920 2931 ἡμᾶς
2975 2860 3214 2930 χωρίσει
3261 2860 3382 2914 ἀπὸ
3418 2857 3533 2927 τῆς
3558 2858 3803 2928 ἀγάπης

2221 2954 2331 3008 τοῦ
2362 2952 2651 3023 Χριστοῦ;
2688 2952 2780 3006 καὶ
2808 2951 2877 3005 τὰ
2920 2952 3070 3022 ἑξῆς·
3097 2953 3127 3005 ὁ
3161 2950 3402 3013 comico;
3430 2949 3683 3018 ἀπάτωρ
3707 2948 3803 3003 καὶ

2222 3045 2465 3118 ἀμήτωρ
2502 3044 2600 3101 καὶ
2648 3045 3126 3116 ἀγενεαλόγητος
3154 3044 3294 3098 κατὰ
3322 3043 3410 3097 τὸν
3440 3042 3626 3112 μέγαν
3659 3040 3801 3096 Μελ-

2222 3141 2438 3212 χισεδὲκ
2465 3140 2711 3209 γέγονεν,
2751 3140 2852 3193 οὐκ
2878 3137 3017 3208 ἔχων
3048 3139 3195 3200 ὅπως
3217 3136 3334 3189 ὑπὸ
3364 3134 3573 3206 σαρκδς
3609 3149 3803 3204 κρατη-

2221 3232 2287 3304 θῇ
2311 3232 2405 3285 καὶ
2443 3230 2677 3299 φύσεως,
2705 3228 2797 3284 διὰ
2810 3230 2911 3303 τὴν
2937 3228 3312 3299 γεγενημένην
3337 3226 3473 3297 πρὸς
3492 3225 3555 3278 τὸ
3583 3223 3802 3294 πνεῦμα

2221 3322 2537 3392 συνάφειαν.

2288 3416 2396 3476 οςθ.
2429 3408 2503 3464 Τδ
2537 3408 2709 3480 πέρας
2737 3410 2836 3480 τῆς
2871 3408 3153 3481 παρούσης
3180 3406 3349 3475 ζωῆς.
3382 3406 3444 3459 οὐ
3484 3404 3695 3459 δῖιιαιον
3722 3397 3799 3457 οἶ-

2225 3517 2323 3572 μαι
2350 3500 2579 3554 θάνατον
2632 3499 2946 3570 ὀνομάζειν,
2996 3499 3133 3554 ἀλλὰ
3164 3496 3399 3551 θανάτου
3446 3495 3795 3565 ἀπαλλαγὴν,

2222 3592 2318 3659 καὶ
2352 3592 2557 3664 φθορᾶς
2586 3591 2892 3663 χωρισμὸν,
2935 3592 3031 3645 καὶ
3060 3590 3304 3654 δουλείας
3332 3588 3677 3660 ἐλευθερίαν,
3706 3589 3797 3642 καὶ

2220 3687 2467 3755 ταραχῆς
2500 3683 2737 3746 παῦλαν,
2785 3684 2883 3737 καὶ
2923 3684 3177 3756 πολέμων
3213 3683 3517 3754 ἀναίρεσιν,
3544 3681 3649 3735 καὶ
3674 3680 3795 3734 σκό-

2220 3794 2348 3840 τους
2379 3775 2753 3849 ὑποχώρησιν,
2786 3777 2880 3831 καὶ
2915 3776 3094 3830 πόνων
3121 3777 3328 3839 ἄνεσιν,
3363 3774 3461 3829 καὶ
3486 3774 3799 3846 βράσματος

2220 3870 2482 3942 ἠρεμίαν,
2532 3870 2628 3923 καὶ⁵
2681 3870 2942 3941 αἰσχύνης
3005 3868 3401 3939 συγκάλυμμα.
3460 3867 3560 3921 καὶ
3616 3864 3800 3921 παθῶν

2224 3959 2535 4031 ἀποφυγὴν,
2577 3961 2672 4015 καὶ
2721 3962 2959 4024 πάντων,
2994 3961 3084 4015 ἵνα
3112 3958 3349 4013 συνελὼν
3383 3959 3546 4022 εἴπω,
3565 3956 3686 4010 τῶν
3704 3974 3799 4009 τωο

2224 4053 2337 4106 κῶν
2370 4055 2755 4124 περιγραφήν·
2792 4053 2939 4123 ἅπερ
2984 4052 3053 4106 δι’
3103 4051 3349 4105 ἑκουσίου
3400 4048 3729 4119 νεκρώσειικ
3753 4047 3800 4099 οι

2227 4144 2377 4212 ἆγιοι
2419 4141 2890 4213 κατορθώσαντες,
2925 4141 3110 4211 ξένους
3143 4142 3371 4205 ἑαυτοὺς
3404 4140 3501 4193 τοῦ
3543 4139 3661 4210 βὲου
3712 4139 3802 4191 καὶ

2226 4233 2644 4305 παρεπιδήμους
2689 4236 3056 4305 παρέστησαν.
3096 4234 3301 4304 Κόσμῳ
3326 4248 3389 4286 τε
3419 4232 3531 4304 γὰρ
3573 4231 3670 4284 καὶ
3708 4233 3798 4282 σὺ·

2230 4342 2395 4394 ματι,
2460 4326 2557 4380 καὶ
2600 4328 2718 4391 ταῖς
2746 4327 2806 4392 ἐξ
2854 4326 3035 4381 αὐτῶν
3078 4324 3485 4380 ὲπαναοτάσεσι
3539 4322 3800 4390 γενναίως

546 4421 893 4487 dimicantes,
924 4438 988 4477 ac
1030 4424 1289 4493 utrinque
1325 4421 1744 4492 provenientem
1763 4436 1830 4475 ex
1863 4435 2119 4475 sensuum

2232 4418 2551 4489 μαχόμενοι,
2577 4418 2673 4473 καὶ
2706 4419 2804 4489 τὴν
2834 4417 2894 4483 ἐξ
2925 4420 3129 4488 ἀμφοῖν
3178 4418 3318 4471 κατὰ
3340 4418 3441 4489 τὴν
3465 4415 3578 4468 τῶν
3611 4411 3790 4481 αἰσθήο

548 4530 674 4569 cum
722 4516 1020 4570 sensilibus
1065 4516 1402 4571 commercio
1447 4530 1704 4585 nexuque
1745 4514 2124 4583 deceptionem

549 4608 910 4673 suﬂocantcs,
958 4608 1260 4663 inviolabili
1299 4608 1493 4662 fultam
1539 4605 1793 4662 libertate
1831 4606 2001 4660 animi
2046 4606 2128 4660 di-

548 4703 813 4773 gnitatem
850 4702 956 4756 sibi
988 4702 1122 4772 ipsis
1156 4709 1473 4757 servarunt.

619 4796 707 4848 77.
738 4795 958 4850 lnsitam
985 4794 1146 4849 nobis
1166 4810 1196 4848 a
1216 4802 1415 4848 natura
1440 4790 1809 4863 providentia:
1845 4790 2125 4854 notitiam,

547 4886 811 4941 non-exili
834 4895 1158 4957 argumento
1194 4893 1389 4940 natura
1411 4884 1528 4954 ipsa
1555 4882 1797 4937 insinuat
1820 4924 1834 4947 ,
1871 4882 2001 4937 dum
2035 4896 2130 4935 ne-

617 5064 660 5093 ⁶⁹
694 5062 709 5117 Ι
741 5061 866 5116 Cur.
903 5078 987 5115 xv.
1021 5062 1107 5117 49.

622 5215 717 5287 (m)
760 5216 869 5268 Τὸν
903 5219 1169 5283 παρόντα
1196 5215 1315 5268 τῶν
1338 5213 1703 5287 σκαμμάζων
1728 5209 1928 5265 αἰῶνα.
1959 5210 2117 5287 Qttqd

546 5286 601 5341 in
628 5282 755 5342 Pico
783 5282 1235 5356 exstat,pr¢esens
1266 5294 1433 5339 scena:
1461 5282 1731 5356 saeculum.
1765 5282 2106 5356 typographi-

544 5373 669 5412 cum
700 5355 958 5410 mendum
988 5353 1142 5420 puto,
1167 5370 1232 5409 ac
1263 5370 1390 5409 eum
1419 5369 1595 5408 arena:
1618 5353 1928 5420 scripsisse,
1951 5368 2115 5420 quam

543 5438 599 5480 et
620 5442 723 5492 ego
744 5440 954 5489 vocem,
976 5422 1178 5479 (ἔνιοι-λιι
1202 5425 1354 5479 vocis
1377 5422 1709 5493 explicandze
1733 5438 1897 5477 causa
1920 5422 2116 5492 adieci.

542 5495 781 5564 Utraque
807 5495 952 5547 enim
984 5494 1125 5549 idem
1157 5496 1405 5564 utrisque
1436 5494 1778 5563 signiﬁcatur
1808 5494 1965 5564 locus
1995 5507 2119 5546 cer-

431 5567 437 5573 ’
546 5562 766 5618 laminis
805 5579 870 5617 ac
908 5565 1073 5629 fossa,
1109 5566 1161 5618 in
1201 5562 1459 5634 qua'non
1501 5573 1654 5619 esset
1693 5564 1815 5633 ejus
1856 5562 2119 5632 defugere

532 5634 737 5714 aleam,
760 5634 854 5714 sed
879 5634 964 5714 vel
990 5648 1115 5714 cum
1141 5633 1459 5714 adversario
1481 5634 2114 5714 pugile_decer_tandum,

542 5702 625 5755 vel
651 5716 776 5755 cum
805 5703 996 5757 bestiis
1016 5703 1463 5773 depugnandum,
1484 5702 1543 5756 in
1566 5702 1774 5771 quibus
1803 5705 1909 5759 tale
1937 5713 2111 5760 certa-

1184 5060 1230 5093 ⁷⁸
1258 5059 1468 5117 Coloss.
1503 5076 1582 5123 ιιι,
1616 5060 1668 5115 5.
1747 5060 1788 5091 “
1823 5052 1984 5111 Rom.
2031 5072 2147 5120 rm,
2178 5058 2268 5113 35.

2229 4527 2368 4564 σεων
2414 4510 2547 4581 πρὸς
2594 4512 2665 4565 τά
2710 4511 2946 4583 αἰσθητά
2996 4512 3313 4582 συμπλοκὴν
3348 4507 3794 4580 παραγενομένην

2222 4602 2440 4672 ἀπάτην
2479 4600 2899 4667 ἀποπνίξαντες.
2932 4603 3233 4657 ἀδούλωτον
3274 4603 3486 4664 ἑαυτοῖς
3527 4597 3793 4669 ἐφύλαξαν

2220 4693 2323 4764 τῆς
2344 4692 2527 4763 ψυχῆς
2565 4692 2626 4746 τὸ
2653 4693 2891 4765 ἀξίωμα.

2290 4785 2389 4849 οζ’.
2421 4785 2737 4857 Τεκμήριον
2763 4787 2825 4839 οὐ
2862 4787 3097 4858 σμικρὸν
3116 4786 3212 4840 τοῦ
3240 4785 3485 4857 φυσικῶς
3525 4785 3662 4856 ἡμῖν
3715 4781 3791 4834 ἒν-

2226 4877 2498 4950 εσπάρθαι
2556 4877 2656 4952 τὴν
2698 4882 2795 4952 τῆς
2832 4880 3087 4952 προνοίας
3124 4880 3346 4948 γνῶσιν,
3386 4880 3419 4949 ἠ
3467 4877 3632 4947 φύσις
3664 4874 3790 4943 αὕτη

2344 5058 2387 5090 ⁷³
2417 5058 2579 5113 Hebr.
2617 5076 2710 5123 vn,
2737 5059 2790 5112 ὅ.
2867 5058 2913 5090 ’³
2942 5059 2962 5113 Ι
3012 5058 3159 5113 Petr.
3188 5074 3247 5122 ιι,
3277 5059 3359 5112 ll.

2226 5228 2349 5267 men
2375 5211 2661 5282 gentilium
2688 5211 2903 5267 feritate
2928 5210 3317 5282 exhibebatur;
3342 5211 3491 5281 quod
3518 5212 3653 5266 nihil
3677 5228 3787 5267 eum

2226 5281 2409 5342 scena,
2436 5290 2496 5336 ut
2524 5282 2718 5351 liquet,
2743 5282 2909 5336 habet
2934 5297 3245 5337 commune.
3267 5281 3426 5348 Quod
3454 5297 3593 5335 vero
3618 5282 3787 5349 sequi-

2229 5361 2338 5415 tur,
2368 5353 2481 5405 ὅλοι
2514 5352 2623 5422 ὅλῳ
2652 5352 2772 5420 Θεῷ
2805 5352 3169 5422 ὲγκραθῆναι,
3200 5354 3296 5406 toti
3326 5354 3379 5405 in
3419 5359 3530 5405 toto
3564 5352 3673 5407 Deo
3698 5352 3789 5418 fr-

2215 5422 2380 5492 mari,
2406 5422 2468 5492 id
2486 5421 2616 5476 vero
2647 5422 2818 5492 ipsius
2846 5421 2955 5492 PiCi
2990 5422 3239 5486 inscitiae,
3265 5422 3396 5476 dum
3429 5437 3542 5477 non
3566 5421 3788 5477 advertit

2215 5491 2303 5551 τὺ,
2338 5490 2566 5560 κραθεὶς
2597 5490 3008 5560 οἷὲγκραθεὶς,
3040 5493 3147 5545 ἀπὸ
3179 5493 3273 5546 τοῦ
3306 5492 3612 5561 κεράννυμι
3642 5504 3784 5561 esse,

2216 5559 2453 5624 miscere,
2485 5577 2591 5631 qua
2622 5577 2757 5616 voce
2791 5559 2983 5631 intima
3014 5562 3107 5616 illa
3140 5561 3339 5619 mentis
3365 5559 3494 5618 eum
3523 5559 3638 5617 Deo
3668 5559 3786 5617 uni!

2211 5631 2415 5701 passim
2447 5630 2720 5703 theologis
2742 5630 3103 5702 signiﬁcatur.
