4046 6196
273 280 398 344 13m

984 269 1311 330 CAPITUM
1356 262 1779 339 QUINQUIES
1818 257 2333 322 CENTENORUM
2373 255 2761 316 CENTURIA
2801 259 2868 318 ν.

3383 259 3520 324 1382

267 391 493 442 δίδωσιψ
537 384 772 454 ὁπηνίκα
809 382 874 435 ἂν
902 381 1048 450 ἡμᾶς
1076 377 1376 436 ἀδιδάκτως
1405 375 1595 443 ὥσπερ
1621 372 1835 424 ὠθοῦσα

1952 365 2086 418 :nine
2112 364 2367 427 docente,
2405 363 2457 415 in
2491 363 2796 432 repentinis
2839 362 3055 416 casibus
3085 359 3151 415 ad
3195 361 3366 416 Deum
3397 381 3522 434 pre-

267 481 398 546 πρὺς
427 478 522 531 τὸν
566 478 698 529 Θεὸν
733 474 819 526 διὰ
850 471 957 525 τῶν
988 469 1162 539 εὐχῶν
1200 471 1257 521 ἐν
1300 469 1418 528 ταῖς
1456 463 1715 532 ἐξαίφνης
1744 478 1839 513 πε-

269 571 598 640 ριστάσεσιν,
628 566 840 621 ἐκεῖθεν
875 566 1057 633 ζητεῖν
1079 561 1176 631 τὴν
1199 559 1472 629 σωτηρίαν
1498 551 1842 625 παρασκευά-

266 663 350 733 cn.
396 663 518 714 ’Υπ’
542 661 786 728 ἀνάγκης
832 658 940 726 γὰρ
968 656 1122 722 ἄφνω
1154 648 1567 720 συλληφθέντες,
1611 647 1841 715 άπροαι·

269 754 436 824 ρέτως
472 753 600 823 πρίν
630 769 682 804 τι
725 747 1052 819 σκέψασθαι,
1083 745 1174 797 τὸν
1198 741 1330 795 Θεὸν
1361 736 1728 805 ὲπιϐοώμεθω
1767 735 1842 797 ὡς

267 844 330 898 ἂν
357 845 456 912 τῆς
484 841 740 913 προνοίας
773 840 940 909 αὐτῆς
978 837 1117 908 πρὸς
1167 833 1389 903 ἑαυτὴν,
1435 831 1528 883 καὶ
1567 828 1841 897 λογισμῶν

266 933 451 1004 χωρὶς,
507 929 772 999 ἑλκούσης
818 929 984 999 ἡμᾶς,
1019 927 1113 978 καὶ
1142 924 1202 977 τὸ
1231 923 1395 992 τάχος
1441 921 1543 989 τῆς
1599 921 1657 973 ὲν
1710 921 1843 989 ἡμῖν

249 1025 460 1096 ’νοερᾶς
491 1021 729 1089 νικώσης
758 1019 1062 1089 δυνάμεως,
1099 1016 1195 1069 καὶ
1235 1014 1452 1068 πάντων
1486 1009 1843 1082 ἰσχυροτέραν

269 1116 362 1186 τὴν
388 1114 539 1168 θείαν
571 1109 1031 1182 προδεικνυούσης
1063 1107 1340 1178 βοήθειαν.
1373 1105 1487 1158 Οὐκ
1513 1104 1577 1158 ἂν
1607 1104 1663 1157 δὲ
1693 1105 1843 1173 ἡμᾶς

271 1205 402 1280 ἦγεν
441 1205 825 1278 ἀπροαιρέτως
859 1207 891 1274 ή
929 1202 1119 1272 φύσις,
1170 1201 1264 1253 ἐπὶ
1309 1200 1371 1253 τὸ
1411 1200 1485 1270 μὴ
1531 1198 1689 1268 φύσιν
1723 1197 1844 1266 ἕχον

272 1300 533 1368 γίνεσθαι·
591 1299 699 1351 πᾶν
731 1296 788 1349 δὲ
833 1295 895 1348 τὸ
938 1292 1142 1362 ὁτῳοῦν
1175 1289 1422 1360 φυσικῶς
1451 1289 1738 1358 ἑπόμενον,
1770 1289 1845 1350 ὡς

273 1393 436 1444 πᾶσιν
459 1389 702 1459 εὔδηλον,
728 1385 956 1457 ἰσχυρὰν
988 1383 1097 1454 ἔχει
1132 1382 1224 1437 καὶ
1246 1381 1673 1451 ἀκαταμάχητον
1705 1378 1846 1432 κατὰ

273 1483 369 1550 τὴν
398 1477 675 1542 ἀπόδειξιν
705 1479 802 1544 τῆς
838 1474 1094 1545 ἀληθείας
1120 1473 1220 1542 τὴν
1249 1471 1503 1542 δύναμιν.

339 1579 441 1644 οη’.
495 1569 712 1641 Ἐπειδὴ
743 1569 851 1622 τῶν
889 1566 1078 1624 ὄντων,
1121 1564 1191 1616 τά
1239 1562 1338 1632 μὲν
1372 1561 1517 1614 ἐστιν
1551 1559 1750 1629 ἀγαθὰ,
1777 1557 1844 1610 τὰ

273 1675 327 1728 δὲ
373 1661 574 1732 φαῦλα·
611 1661 782 1713 ταῦτα
819 1658 896 1724 δὲ,
929 1659 962 1729 ἢ
996 1658 1240 1730 παρόντα
1275 1655 1424 1709 ἐστὶν
1471 1655 1505 1721 ἢ
1560 1652 1842 1723 μέλλοντα·

1939 455 2097 508 cibus
2115 453 2407 522 confugere
2435 451 2743 521 impellens,
2771 451 2897 505 inde
2915 450 3148 503 salutem
3172 452 3522 519 quaerendam

1941 544 2188 599 instruit.
2237 541 2434 597 Subito
2483 542 2635 597 enim
2687 541 3019 596 necessitate
3062 543 3324 610 correpti,
3372 551 3527 598 nullo

1943 634 2177 690 rationis
2240 633 2495 699 consilio,
2552 635 2702 688 nulla
2759 633 3156 686 deliberatione
3221 650 3522 703 praemissa,

1941 726 2112 781 Deum
2161 726 2522 792 invocamus;
2581 735 2840 794 tanquam
2893 741 2991 778 nos
3035 725 3100 779 ad
3138 728 3374 795 seipsam
3406 728 3525 783 sine

1945 817 2071 872 ullis
2093 815 2422 876 rationibus,
2460 816 2576 885 ipsa
2601 815 2782 869 trahat
2811 815 3177 884 providentia,
3213 817 3524 888 intelligen-

1943 908 2110 978 dique
2159 909 2215 962 in
2265 909 2428 963 nobis
2473 909 2814 962 celeritatem
2854 908 3102 968 vincens,
3141 909 3396 963 omnibus
3431 926 3527 980 po-

1945 1001 2240 1055 tentiorem
2267 999 2510 1053 divinam
2538 1015 2698 1068 opem
2727 999 3049 1068 praetendat.
3083 1000 3374 1070 Nunquam
3396 1014 3530 1054 vero

1943 1100 2140 1146 natura
2184 1091 2496 1177 inconsulto
2560 1091 2819 1160 nullaque
2864 1101 3143 1159 praeeunte
3194 1093 3406 1146 ratione
3461 1108 3529 1146 eo

1946 1187 2212 1251 traheret,
2263 1186 2411 1257 quod
2461 1195 2661 1240 natura
2704 1185 2820 1239 ﬁeri
2857 1201 2967 1239 non
3004 1195 3207 1254 posset.
3251 1186 3527 1256 Quidquid

1945 1287 2132 1334 autem
2170 1279 2263 1332 ulli
2296 1278 2373 1331 rei
2414 1285 2614 1330 natura
2663 1291 2845 1330 comes
2879 1287 2986 1340 est,
3016 1277 3066 1329 id
3106 1293 3256 1340 vero,
3289 1286 3346 1331 ut
3391 1293 3528 1330 cun-

1945 1371 2048 1425 ctis
2080 1369 2430 1424 manifestum
2462 1377 2566 1426 est.
2609 1366 2816 1421 ﬁrmam
2852 1377 2902 1421 et
2933 1367 3352 1437 insuperabilem
3386 1384 3532 1421 assc-

1947 1464 2117 1519 renda
2139 1463 2370 1517 veritate
2393 1463 2503 1515 vim
2529 1461 2713 1516 habet.

2017 1553 2105 1607 78.
2152 1553 2289 1608 Cum
2341 1567 2552 1614 rerum,
2610 1550 2729 1604 aliae
2777 1551 2956 1613 bonae,
3010 1550 3129 1603 aliae
3184 1551 3337 1604 mala:
3382 1549 3527 1611 sint;

1946 1644 2140 1713 haeque
2174 1643 2313 1698 adeo
2354 1643 2440 1698 vel
2490 1651 2792 1712 praesentes
2825 1643 2953 1705 sint,
2992 1642 3077 1693 vel
3104 1641 3300 1695 futurze
3335 1657 3348 1693 :
3385 1640 3528 1709 quod

275 1730 720 1822 προσδοκώμενον
753 1749 851 1817 μὲν
881 1747 1104 1815 ἀγαθὸν,
1136 1744 1433 1814 ἐπιθυμίαν
1456 1743 1631 1796 καλεῖ”
1669 1739 1843 1808 παρὸν

1952 1733 2154 1788 honum
2196 1747 2463 1801 suspensa
2505 1731 2917 1799 exspectatione
2960 1738 3130 1791 tenet,
3175 1730 3531 1798 cupiditatem

274 1840 350 1904 δὲ,
388 1839 582 1910 ἡδονήν
614 1855 627 1866 ·
676 1838 770 1891 καὶ
804 1836 990 1900 πάλιν,
1021 1835 1468 1908 προσδοκώμενον
1525 1833 1624 1904 μὲν
1650 1829 1842 1895 κακὸν,

275 1932 456 2002 φόϐον·
494 1930 668 2001 παρὸν
701 1929 778 1995 δὲ,
803 1928 1002 1998 λύπην·
1029 1930 1103 1990 ὼς
1140 1923 1279 1982 εἷναί
1301 1944 1358 1980 τε
1386 1927 1481 1980 καὶ
1501 1924 1842 1996 θεωρεῖσθαι,

274 2025 401 2095 περὶ⁵
433 2023 529 2093 μὲν
561 2021 628 2074 τὰ
662 2021 822 2085 καλὰ,
853 2021 962 2074 εἴτε
1009 2019 1076 2072 τὰ
1125 2019 1292 2083 ὅντως
1322 2019 1471 2080 ὄντα,
1510 2017 1622 2069 εἴτε
1659 2016 1728 2068 τὰ
1758 2032 1846 2067 voc

279 2115 579 2186 μιζόμενα,
611 2113 712 2183 τὴν
765 2112 957 2182 ἡδονὴν
993 2111 1084 2164 καὶ
1117 2110 1217 2180 τὴν
1261 2109 1588 2179 ἐπιθυμίανο
1628 2107 1756 2177 περὶ
1789 2105 1846 2157 δὲ

273 2208 338 2260 τά
367 2205 564 2275 φαῦλα,
595 2205 694 2276 τὴν
740 2203 918 2274 λύπην
953 2204 1048 2256 καὶ
1096 2203 1186 2256 τὸν
1237 2202 1419 2272 φόϐον.
1451 2200 1561 2252 Καὶ
1591 2200 1698 2270 γὰρ
1729 2201 1848 2251 επι-

273 2297 612 2367 τυγχάνουσα
641 2297 737 2366 μὲν
762 2297 795 2366 ή
817 2295 1104 2365 ἐπιθυμία,
1145 2293 1341 2366 ἡδονὴν
1374 2291 1686 2362 ἐργάζεται·
1710 2291 1846 2344 άπο-

274 2392 614 2461 τυγχάνουσα
639 2389 695 2443 δὲ
743 2388 938 2458 λύπην.

345 2641 441 2697 οθ’.
476 2643 660 2696 Κακὸν
717 2637 860 2694 εἷναί
905 2656 1038 2708 φασι
1093 2640 1274 2692 πᾶσαν
1316 2637 1494 2708 λύπην
1541 2641 1607 2710 τῇ
1645 2637 1848 2708 έαυτῆς

279 2734 456 2803 φύσει.
493 2734 608 2787 Κᾶν
635 2733 741 2802 γὰρ
765 2733 793 2784 ὁ
837 2731 1122 2794 σπουδαῖος
1152 2731 1238 2783 ἐπ’
1269 2730 1567 2801 ἀλλοτρίοις
1612 2731 1849 2802 λυπῆται

278 2827 488 2890 κακοῖς,
537 2825 608 2887 ὡς
651 2825 922 2894 ἐλεήμων,
959 2823 1073 2877 ἀλλ’
1109 2823 1168 2875 οὐ
1223 2824 1651 2893 προηγουμένως
1707 2823 1850 2877 κατὰ

278 2913 554 2986 πρόθεσιν,
604 2912 717 2965 ἀλλ’
751 2911 1103 2981 ὲφεπομένως
1139 2911 1279 2962 κατὰ
1336 2911 1688 2981 περίστασιν’
1727 2915 1754 2965 ὁ
1793 2913 1849 2966 δὲ

277 3002 630 3073 θεωρητικὸς,
666 3001 768 3054 κᾶν
799 2999 1009 3062 τούτοις
1051 2999 1268 3068 ἀπαθὴς
1310 2999 1577 3070 διαμένει,
1609 2999 1850 3070 συνάψας

1948 1832 2136 1900 vocat;
2166 1823 2313 1894 quod
2348 1832 2533 1877 autem
2565 1822 2618 1875 in
2647 1829 2901 1891 promptu
2936 1835 2998 1875 ac
3035 1836 3276 1889 praesens
3298 1831 3401 1882 est,
3432 1835 3530 1872 vo-

1947 1916 2256 1985 luptatem:
2295 1929 2359 1968 ac
2401 1928 2616 1976 rursus,
2661 1918 3037 1980 exspectatum
3087 1911 3311 1975 malum,
3367 1911 3534 1964 timo-

1949 2021 2098 2071 rem;
2128 2006 2272 2074 quod
2297 2020 2429 2058 vero
2469 2017 2713 2074 praesens
2756 2001 2922 2072 629
2952 2010 3055 2066 est,
3100 2002 3377 2056 tristitiam
3411 2002 3534 2054 ani-

1949 2097 2134 2166 mique
2166 2095 2435 2150 dolorem.
2466 2095 2544 2150 Ita
2585 2093 2817 2154 scilicet,
2857 2101 2914 2146 ut
2939 2093 3084 2146 circa
3112 2093 3274 2152 bona,
3300 2092 3414 2146 sive
3443 2091 3533 2145 ilia

1949 2201 2140 2241 revera
2165 2185 2309 2239 bona
2342 2185 2473 2248 sint,
2506 2183 2621 2237 sive
2658 2179 2993 2246 existimata,
3022 2189 3137 2234 tum
3168 2181 3418 2249 voluptas
3442 2196 3536 2232 ex-

1948 2278 2144 2331 sistant
2173 2284 2228 2330 et
2270 2275 2648 2345 intelligantur
2694 2283 2809 2328 tum
2843 2271 3154 2341 cupiditas;
3202 2271 3350 2325 circa
3392 2270 3532 2324 mala

1949 2381 2100 2430 vero,
2145 2374 2328 2420 metus
2365 2375 2421 2420 et
2472 2364 2714 2420 tristitia.
2773 2364 2839 2418 Et
2883 2364 3031 2418 enim
3094 2363 3362 2432 cupiditas
3417 2363 3531 2417 voti

1950 2471 2176 2525 compos
2220 2454 2438 2517 eﬂ'ecta,
2477 2453 2813 2522 voluptatem
2854 2453 3030 2522 parit;
3071 2467 3138 2507 eo
3189 2466 3371 2506 aurem
3412 2451 3532 2506 fru-

1949 2555 2140 2608 strata,
2173 2544 2342 2599 animi
2373 2545 2618 2599 dolorem
2639 2559 2702 2598 ac
2729 2543 3009 2598 tristitiam
3043 2541 3191 2596 facit.

2018 2636 2106 2689 79.
2150 2634 2455 2690 Tristitiam
2507 2649 2726 2688 omnem
2774 2631 3056 2702 animique
3107 2631 3375 2696 dolorem,
3430 2645 3531 2687 sua

1950 2725 2129 2795 ipsum
2166 2725 2350 2780 indole
2385 2725 2586 2779 malum
2630 2740 2750 2780 esse
2796 2725 2969 2778 aiunt.
3019 2723 3339 2792 Quanquam
3384 2723 3532 2778 enim

1951 2804 2232 2873 studiosus
2267 2833 2331 2872 ac
2364 2818 2586 2872 virtutis
2619 2818 2800 2872 cultor
2842 2833 2910 2870 ex
2947 2816 3141 2870 alienis
3172 2816 3333 2869 malis
3363 2815 3535 2870 tristi-

1952 2907 2083 2961 tiam
2121 2908 2372 2973 assumit,
2415 2908 2675 2977 doletque
2704 2907 2909 2972 animo,
2956 2915 3014 2960 ut
3049 2905 3382 2970 misericors,
3423 2922 3546 2962 non.

1953 3007 2133 3052 tamen
2165 2999 2429 3068 primario
2475 2999 2679 3052 mentis
2729 2997 2941 3052 ratione
2989 3013 3052 3052 ac
3091 2998 3393 3067 proposito,
3438 2998 3533 3052 sed

277 3072 467 3144 ἑαυτὸν
520 3087 597 3161 τῷ
647 3087 788 3159 Θεῷ,
845 3088 941 3141 καὶ
984 3086 1093 3140 τῶν
1142 3088 1268 3158 τῇδε
1320 3088 1536 3142 πάντων
1563 3089 1849 3161 ἀλλοτριώο

1954 3097 2392 3159 consequenter;
2415 3099 2679 3159 quantum
2702 3089 2913 3144 scilicet
2935 3087 3163 3144 suadeat
3181 3089 3296 3159 ipsa
3317 3089 3532 3144 adversi

281 3199 398 3244 σας.
1457 3213 1486 3237 ο

1955 3197 2115 3237 casus
2149 3181 2307 3235 ratio.
2349 3181 2438 3244 At,
2477 3181 2572 3251 qui
2607 3189 2902 3251 provectus
2934 3182 3394 3252 contemplatione
3427 3191 3531 3243 est,

280 3271 333 3327 in
366 3273 451 3328 his
496 3286 713 3342 quoque
749 3271 937 3325 dolore
981 3269 1315 3325 inviolabilis
1360 3281 1565 3335 manet,
1607 3286 1701 3340 qui
1736 3271 1850 3340 ipse
1888 3273 2128 3343 seipsum
2157 3273 2269 3328 Deo
2300 3272 2670 3344 conjunxerit,
2730 3282 2894 3344 atque
2923 3286 2953 3326 a
2984 3272 3217 3327 terrenis
3278 3272 3535 3327 omnibus

278 3363 523 3416 animum
556 3361 884 3432 ahjunxerit.

275 3449 280 3456 ’
349 3465 422 3512 π’.
461 3460 522 3511 0i
550 3457 694 3525 ἂγιοι
720 3456 917 3519 πάντες
958 3457 1050 3508 τοῦ
1082 3457 1226 3511 θείου
1262 3458 1356 3510 καὶ
1388 3457 1660 3521 ἀπλανοῦς
1693 3458 1853 3526 λόγου

279 3548 518 3616 γνησίως
571 3544 986 3616 ἐπειλημμένοι,
1015 3545 1104 3596 τὸν
1140 3545 1310 3597 αἰῶνα
1339 3545 1529 3597 τοῦτον
1568 3546 1848 3615 διέϐησαν,

278 3640 454 3694 οὐδενὶ
489 3638 596 3691 τῶν
629 3640 686 3690 ἐν
715 3637 864 3706 αύτῷ
901 3636 1150 3706 τερπνῶν
1203 3637 1266 3687 τὸ
1323 3636 1424 3707 τῆς
1476 3635 1653 3706 ψυχῆς
1710 3638 1853 3705 ἴχνος

279 3730 745 3801 ὲναπερείσαντες.
783 3727 920 3798 Πρὸς
954 3727 1063 3798 γὰρ
1095 3728 1217 3790 τοὺς
1250 3727 1452 3797 ἄκρους
1485 3727 1593 3779 τῶν
1638 3726 1853 3798 ἀνθρὼ-

282 3839 402 3886 ποις
433 3820 670 3891 ἐφικτῶν
705 3820 831 3890 περὶ
863 3817 998 3871 Θεοῦ
1025 3818 1239 3888 λόγους,
1279 3821 1378 3890 τῆς
1409 3819 1740 3890 ἀγαθότητός
1789 3820 1850 3872 τέ

280 3931 426 3984 φημι
483 3913 578 3966 καὶ
623 3913 721 3983 τῆς
753 3912 993 3982 ἀγάπης,
1051 3909 1195 3979 μάλα
1222 3927 1286 3978 γε
1318 3910 1539 3972 εἰκότως
1584 3911 1674 3964 τὸν
1725 3910 1847 3968 νοῦν

279 4004 740 4065 ἀναπετάσαντες
774 3997 856 4066 οἷς
885 4001 1174 4071 κινηθέντα
1217 4001 1308 4054 τὸν
1340 4000 1491 4066 Θεὸν,
1524 4001 1584 4054 τὸ
1624 3997 1765 4055 εἷναί
1791 4019 1849 4054 τε

277 4092 460 4146 δοῦναι
486 4095 595 4154 τοῖς
619 4089 760 4154 οὖσι,
807 4093 901 4144 καὶ
929 4091 990 4143 τὸ
1033 4087 1094 4144 εὖ
1143 4084 1281 4144 εἶναι
1313 4090 1662 4162 χαρίσασθαι,
1694 4093 1850 4144 ἐπαι-

279 4185 571 4248 δεύθησανο
604 4183 766 4251 εἴπερ
795 4181 1011 4250 κίνησιν
1046 4181 1136 4232 ἐπὶ
1159 4179 1295 4232 Θεοῦ
1330 4179 1421 4232 τοῦ
1456 4179 1620 4249 μόνου
1654 4180 1847 4250 ἀκινή-

279 4290 375 4326 του
430 4273 587 4342 θέμις
619 4273 814 4336 εἰπεῖν,
866 4271 1002 4324 ἀλλὰ
1065 4270 1140 4340 μὴ
1197 4271 1393 4341 μᾶλλον
1440 4270 1714 4342 βούλησιν,
1753 4271 1850 4342 τὴν

285 4365 460 4418 πάντα
510 4362 764 4416 κινοῦσάν
814 4380 894 4425 τε,
933 4364 1027 4416 καὶ
1084 4365 1161 4425 είς
1200 4364 1261 4415 τὸ
1309 4359 1446 4416 εἶναι
1493 4364 1850 4433 παράγουσαν

282 4457 376 4510 καὶ
409 4456 756 4526 συνέχουσαν,
813 4453 1139 4524 κινουμένην
1174 4453 1229 4506 δὲ
1276 4453 1524 4523 οὐδαμῶς
1575 4452 1849 4506 οὐδέποτε.

361 4657 469 4703 πα’.
516 4650 577 4702 'I-l
597 4648 745 4718 ψυχὴ
775 4648 933 4700 οὐσία
962 4644 1124 4714 νοερά
1147 4661 1207 4696 τε
1239 4643 1332 4696 καὶ
1353 4642 1546 4714 λογικὴ
1574 4643 1848 4714 ὑπάρχου-

283 4759 375 4802 σα,
409 4742 502 4795 καὶ
531 4743 642 4793 νοεῖ
669 4741 763 4792 καὶ
798 4738 1096 4806 λογίζεται·
1135 4735 1364 4806 δύναμιν
1401 4737 1498 4806 μὲν
1532 4735 1728 4806 ἔχουσα
1759 4736 1852 4788 τὸν

283 4834 429 4887 νοῦν·
468 4832 680 4901 κίνησιν
711 4831 789 4893 δὲ,
817 4829 918 4900 τὴν
958 4829 1164 4898 νόησινο
1195 4827 1477 4896 ἐνέργειαν
1520 4827 1596 4892 δὲ,
1630 4827 1690 4880 τὸ
1727 4827 1852 4897 νὸηο

285 4943 364 4995 μα
400 4924 497 4994 (η),
534 4923 713 4992 Πέρας
750 4921 860 4990 γὰρ
887 4919 1064 4982 τοῦτο,
1107 4919 1205 4987 τῆς
1236 4937 1296 4971 τε
1337 4917 1430 4970 τοῦ
1480 4917 1724 4980 νοοῦντος
1763 4919 1857 4971 καὶ

281 5013 380 5067 τοῦ
415 5012 702 5081 νοουμένου
731 5008 967 5080 νοήσεως
1007 5010 1174 5071 ἐστιν,
1205 5007 1280 5069 ὡς
1316 5008 1718 5077 περιοριστικὸν
1755 5006 1854 5076 τῆς

285 5104 422 5174 πρὸς
454 5101 654 5171 ἄλληλα
693 5100 802 5153 τῶν
832 5100 1015 5168 ἄκρων
1057 5097 1300 5166 ὑπάρχον
1342 5096 1600 5166 σχέσεως.
1641 5096 1856 5150 Νοοῦσα

361 5311 440 5377 (n)
485 5313 820 5380 Ἐνέρτειαν
857 5311 955 5372 δὲ,
990 5311 1054 5364 τὸ
1097 5311 1312 5380 rerum.
1351 5307 1512 5362 Varia
1556 5323 1676 5377 CJtlS
1710 5307 1864 5380 vocis

286 5382 566 5448 acceptio,
602 5377 800 5451 saepius
846 5381 1077 5435 Maximo
1119 5377 1396 5451 discussa;
1441 5393 1504 5431 ea
1543 5377 1860 5451 occasione.

285 5446 434 5518 quod
463 5467 560 5518 pro
588 5446 702 5520 ipsa
728 5451 1044 5521 Operatione
1068 5450 1153 5504 vel
1181 5448 1459 5521 facultate,
1483 5463 1591 5521 una
1622 5448 1676 5500 in
1707 5446 1865 5521 Chrif

287 5517 374 5573 sto
403 5517 881 5583 asserebatur,‘his
912 5522 1004 5590 qui
1042 5518 1284 5590 proxime
1315 5517 1864 5590 Eutychianoﬁerrori

285 5591 644 5654 accedebant,
673 5606 779 5661 qua
817 5585 1510 5661 dvavépfqtovuhumanam
1550 5587 1606 5661 in
1646 5585 1867 5661 Christo

286 5668 542 5714 naturam
582 5655 876 5731 ponebant,
910 5655 1081 5730 ipsam
1118 5657 1391 5724 tollentes,
1423 5656 1695 5726 siquidem
1728 5655 1864 5710 nihil

2028 3458 2115 3513 80.
2157 3457 2344 3512 Sancti
2383 3472 2573 3510 omnes
2603 3456 2792 3510 divino
2833 3467 3104 3526 certa-quc
3135 3457 3384 3513 veritatis
3418 3457 3534 3513 sin-

1954 3565 2080 3603 cere
2127 3565 2194 3602 cx
2240 3549 2426 3601 animo
2472 3563 2727 3602 sermone
2773 3559 3012 3617 arrepto,
3060 3550 3227 3604 hocce
3274 3549 3532 3604 smculum

1954 3640 2328 3702 transierunt,
2369 3639 2506 3692 nulli
2542 3654 2732 3693 eorum
2773 3655 2894 3710 qua:
2930 3639 2987 3693 in
3020 3655 3088 3695 eo
3125 3641 3403 3695 oblectant
3441 3642 3535 3696 dc-

1957 3729 2061 3784 ﬁxo
2087 3730 2258 3784 animi
2292 3730 2543 3801 vestigio.
2576 3730 2657 3784 Ad
2695 3746 2977 3800 supremas
3003 3732 3149 3785 enim
3177 3731 3243 3785 ad
3270 3747 3406 3801 quas
3435 3747 3534 3801 pro

1954 3821 2191 3876 humana
2218 3823 2353 3876 eniti
2384 3824 2594 3877 ratione
2626 3823 2776 3888 licet,
2805 3824 2872 3879 de
2899 3824 3008 3880 Deo
3035 3825 3274 3879 rationes
3299 3823 3535 3895 (bonita-

1955 3913 2028 3967 tis
2046 3913 2258 3967 scilicet
2280 3929 2344 3969 ac
2367 3913 2697 3985 dilectionis)
2725 3932 2823 3984 per
2844 3932 3007 3985 quam
3032 3925 3155 3985 apte
3180 3931 3243 3970 ac
3265 3917 3534 3972 concinne

1955 4006 2199 4060 animum
2232 4006 2592 4075 explicantes,
2629 4005 2963 4071 didicerunt,
2999 4007 3201 4076 quibus
3238 4007 3384 4062 Deus
3420 4023 3536 4062 mo-

1955 4103 2064 4160 tus,
2097 4095 2264 4150 rebus
2293 4105 2354 4150 ut
2389 4104 2568 4151 essent
2601 4097 2876 4162 tribuerit,
2906 4107 2962 4152 et
2992 4106 3051 4151 ut
3089 4097 3228 4151 bene
3264 4098 3534 4168 beateque

1953 4193 2138 4240 essent
2171 4186 2398 4256 largitus
2439 4187 2540 4250 sit;
2591 4186 2636 4241 si
2681 4187 2843 4241 modo
2878 4188 2932 4241 in
2971 4189 3080 4242 Deo
3115 4196 3297 4242 motus
3343 4204 3530 4243 vocem

1957 4289 2223 4343 usurpare
2276 4275 2424 4339 licet,
2473 4277 2569 4346 qui
2617 4277 2766 4332 solus
2815 4288 2898 4332 est
2944 4279 3240 4333 immobilis
3274 4297 3287 4332 :
3319 4289 3373 4335 et
3421 4296 3534 4336 non

1956 4366 2139 4435 potius
2172 4367 2492 4433 voluntatis,
2519 4384 2641 4438 quae
2669 4370 2851 4424 omnia
2887 4381 3123 4436 moveat,
3147 4371 3315 4442 inque
3348 4388 3533 4427 rerum

1955 4468 2207 4512 naturam
2243 4459 2510 4527 producat
2535 4476 2599 4516 ac
2628 4462 2926 4529 contineat,
2959 4479 3062 4519 nec
3091 4464 3206 4534 ipsa
3238 4473 3417 4520 tamen
3449 4467 3535 4521 ul—

1953 4549 2066 4602 lum
2101 4566 2341 4620 unquam
2371 4560 2577 4606 motum
2606 4553 2874 4609 admittat.

2024 4643 2111 4696 8|.
2154 4642 2349 4696 Anima
2390 4644 2728 4714 intelligendi
2761 4662 2823 4700 ac
2858 4647 3088 4703 rationis
3115 4647 3167 4701 vi
3203 4649 3450 4717 prmdita,
3481 4659 3538 4702 ιιι

1958 4732 2218 4805 intelligit
2249 4741 2304 4788 et
2344 4735 2737 4799 ratiocinator;
2778 4737 3119 4801 facultatem,
3156 4746 3393 4792 montem
3435 4738 3535 4791 lia-

1961 4827 2124 4892 bens;
2162 4836 2394 4890 motum,
2431 4827 2858 4882 intellectionem
2885 4845 2898 4894 ;
2930 4831 3206 4899 ἐνέργειαν
3243 4829 3420 4897 (velut
3449 4845 3538 4882 ac-

1962 4926 2077 4972 tum
2112 4918 2263 4973 dicas
2295 4928 2350 4973 et
2379 4919 2531 4989 quasi
2565 4919 2854 4991 elfectum)
2876 4921 3167 4976 notionem
3197 4930 3360 4990 atque
3402 4937 3537 4975 con-

1962 5019 2200 5078 ceptum.
2228 5010 2324 5064 Est
2346 5011 2494 5065 enim
2521 5019 2840 5079 conceptus,
2869 5018 2982 5064 tum
3010 5011 3384 5080 intelligentis,
3422 5019 3536 5064 tum

1961 5101 2081 5171 ejus
2105 5101 2250 5171 quod
2295 5101 2643 5173 intelligitur,
2689 5101 2830 5166 linis,
2870 5108 2928 5155 ut
2961 5103 3117 5172 cujus
3147 5101 3236 5168 sit,
3264 5111 3323 5156 ut
3360 5111 3539 5155 extre-

1963 5307 2017 5361 in
2045 5315 2241 5360 natura
2271 5313 2376 5367 est,
2403 5317 2511 5357 no.1
2547 5301 2779 5356 naturali
2814 5301 3099 5371 przeditum
3132 5299 3405 5371 facultate.
3439 5296 3538 5349 lic.

1963 5379 2272 5444 ἐνέργειαν,
2307 5376 2484 5444 ipsum
2531 5373 2663 5426 dicit
2709 5368 3100 5446 intéllcctionis
3143 5368 3436 5446 terminum
3475 5380 3536 5420 :tc

1963 5440 2224 5508 verbum,
2258 5440 2456 5512 in'quo
2494 5459 2648 5497 mens
2682 5458 2792 5496 rem
2831 5443 3156 5496 intueretur.
3180 5440 3536 5512 Anastasian

1963 5517 2185 5585 exponit
2215 5506 2545 5586 'MaxiniusL
2577 5513 2706 5566 dum
2752 5529 2920 5586 unam
2975 5513 3090 5581 ipse
3140 5506 3538 5586 videtur‘veil‘e

1965 5578 2274 5652 ἐνέργειαν,
2323 5599 2424 5652 pro
2467 5582 2703 5652 ell‘ectu,
2750 5581 2805 5635 in
2856 5581 2943 5637 his
2987 5578 3108 5651 qua:
3150 5596 3219 5636 ex
3267 5578 3544 5631 Vaticanis

1966 5651 2126 5711 codd.
2154 5655 2272 5726 ejus
2298 5651 2606 5724 argumenti
2639 5651 2852 5706 damus.
