4046 6196
481 340 616 404 3387

1645 324 1705 383 S.
1751 319 2040 382 MAXIMI
2076 319 2588 381 CONFESSORIS

3633 307 3790 384 ,1338

475 453 610 522 Quae
638 463 787 507 emm
825 462 950 503 cum
976 445 1088 500 Deo
1109 441 1274 513 632
1303 434 1593 494 charitatis
1621 434 1757 490 unio
1786 442 1892 498 est,
1922 432 2074 489 omni

2205 450 2288 486 rw.
2331 434 2396 486 Ἡ
2451 432 2560 501 γάρ
2609 430 2748 506 πρὸς
2800 430 2936 502 Θεὸν
2968 431 3294 504 ἀγαπητικὴ
3328 429 3552 495 ἓνωσις,
3589 432 3795 500 πάσης

475 544 815 604 eminentior
841 539 1046 595 unione
1077 550 1139 591 ac
1164 531 1424 603 Superior
1450 538 1555 585 est.

544 633 634 696 90.
668 637 949 696 Amorem,
984 631 1101 686 sive
1131 626 1380 682 divinum
1415 623 1667 678 dicamus
1717 619 1832 675 sive
1870 617 2074 689 angeli-

477 744 627 795 cum,
664 728 781 783 sive
827 721 1188 794 intelligentis
1232 716 1402 774 animi
1451 715 1568 771 sive
1610 712 1926 778 sentientis,
1963 711 2079 766 sive

478 821 810 885 naturalem,
837 819 950 874 vim
987 813 1284 887 quamdam
1316 809 1602 865 unientem
1641 814 1698 861 et
1733 805 1888 875 quasi
1925 819 2081 860 com-

479 918 804 975 miscentem
853 912 1256 984 intelligamus;
1303 921 1427 977 quae
1475 903 1738 958 nimirum
1790 899 2080 971 superiora

477 1010 547 1067 ad
578 1007 907 1064 inferiorum
935 1018 1126 1060 curam
1150 1006 1397 1063 moveat;
1430 1009 1756 1064 rursusque,
1784 1007 1907 1062 quae
1934 992 2083 1063 ejus-

479 1101 607 1157 dem
641 1098 858 1154 ordinis
890 1105 1040 1158 sunt,
1075 1092 1145 1148 ad
1180 1087 1464 1146 societatis
1495 1096 1740 1140 mutuam
1776 1082 2083 1138 connexio-

480 1209 608 1249 ncm
638 1197 833 1263 cogat;
864 1203 930 1243 ae
965 1197 1246 1258 postremo
1279 1179 1565 1244 inferiora,
1594 1175 1662 1231 ad
1696 1172 2086 1251 praestantiora

479 1283 961 1349 eminentioraque
991 1279 1300 1332 convertat.
1493 1336 1497 1345 γ

550 1378 641 1432 9|.
679 1373 820 1430 Cum
851 1387 916 1427 ea
940 1369 1014 1425 sit
1042 1363 1378 1438 cognitionis
1405 1376 1468 1417 ac
1495 1359 1743 1417 scientiae
1769 1357 1876 1421 vis,
1908 1365 1968 1410 ut
1995 1369 2088 1410 co-

479 1465 834 1541 gnoscentis,
883 1477 1011 1518 cum
1060 1459 1129 1514 iis
1172 1472 1296 1528 qua:
1340 1462 1470 1510 sunt
1522 1451 1772 1524 cognita,
1828 1448 2086 1520 copulet;

483 1556 796 1631 ignorantia
825 1562 1014 1609 autem
1055 1563 1276 1621 semper
1311 1545 1659 1610 mutationis,
1695 1551 1861 1613 atque
1892 1543 1961 1596 ab
1996 1555 2084 1605 eo,

483 1655 536 1710 ei
566 1652 661 1724 qui
700 1652 937 1722 ignorat,
977 1642 1272 1701 divisionis
1314 1654 1516 1712 parens
1543 1637 1803 1703 exsistat;
1830 1649 1956 1690 eum
1991 1631 2086 1703 qui

486 1722 614 1797 vere
632 1742 788 1812 juxta
817 1751 1028 1793 sacram
1059 1732 1405 1803 Scripturam
1437 1726 1698 1790 credidit,
1731 1725 1866 1779 nihil
1898 1740 1929 1779 a
1959 1722 2087 1777 ﬁdei

2179 523 2442 596 ἐξῄρηται
2476 524 2571 578 καὶ⁹
2600 524 2928 596 ὑπέρκειται
2959 521 3232 588 ὲνὼσεως.

2252 621 2325 685 ἰαί.
2355 620 2378 640 ‘
2409 616 2515 672 Τὸν
2566 617 2748 690 ἔρωτα
2797 617 2907 670 είτε
2963 616 3106 671 θεῖον
3154 617 3266 670 εἴτε
3315 616 3633 684 ἀγγελικον,
3673 615 3798 668 sit:

2180 709 2368 782 νοερὸν
2404 710 2514 764 εἴτε
2563 710 2818 781 ψυχικὸν,
2855 709 2966 762 εἴτε
3006 707 3238 779 φυσικὸν
3271 711 3543 779 εἴποιμεν,
3581 710 3800 762 ἑνωτι-

2180 805 2288 876 κήν
2319 821 2441 857 τινα
2475 804 2570 858 καὶ
2604 804 2980 875 συγκρατικὴν
3015 804 3360 874 ἐννοήσωμεν
3406 801 3674 872 δύναμιν·
3726 801 3804 853 τά

2186 892 2286 964 μὲν
2314 893 2594 965 ὑπέρτερα
2629 892 2890 947 κινοῦσαν
2941 893 3040 946 ἐπὶ
3084 896 3344 964 πρόνοιαν
3387 892 3495 944 τῶν
3545 890 3805 944 καταδε-

2181 986 2456 1059 εστέρωνο
2511 987 2580 1041 τά
2633 987 2689 1040 δὲ
2745 986 3042 1058 ὁμόστοιχα
3085 987 3280 1052 πάλιν,
3319 986 3398 1048 εἰς
3446 983 3804 1053 κοινωνικὴν

2183 1081 2568 1155 ἀλληλουχίαν·
2623 1083 2720 1136 καὶ
2765 1083 2854 1135 ἐπ’
2887 1081 3154 1154 ἐσχάτων,
3204 1080 3273 1134 τὰ
3319 1079 3592 1150 ὑφειμένα
3651 1078 3804 1147 πρὸς

2183 1175 2284 1248 τὴν
2317 1174 2428 1228 τῶν
2459 1175 2788 1246 κρειττόνων
2821 1173 2916 1229 καὶ
2947 1171 3367 1244 ὑπερκειμένων
3409 1170 3798 1242 ἐπιστροφήν.

2257 1359 2365 1422 ιιαν.
2423 1354 2486 1407 Et
2548 1355 2583 1425 ἡ
2627 1351 2831 1421 γνῶσις
2892 1348 3128 1421 ἑνωτικὴ
3175 1347 3286 1402 τῶν
3325 1345 3658 1416 ἐγνωκότων
3698 1343 3802 1396 καὶ

2187 1447 2571 1519 ἐγνωσμένων⁹
2613 1447 2647 1518 ἠ
2688 1446 2734 1500 δ’
2771 1445 2984 1515 ἄγνοια,
3027 1441 3335 1515 μεταόολῆς
3382 1439 3473 1493 ἀεί⁸
3520 1437 3622 1491 καὶ
3691 1436 3803 1508 τῆς

2187 1542 2247 1609 ἐξ
2277 1538 2445 1598 αὑτοῦ
2472 1539 2552 1612 τῷ
2568 1539 2854 1610 ἀγνοοῦντι
2879 1538 3202 1610 διαιρέσεως
3228 1535 3396 1598 αἰτία,
3421 1533 3514 1586 τὸν
3547 1533 3609 1584 ὲν
3650 1531 3802 1601 άλη-

2188 1635 2310 1708 θείᾳ
2343 1632 2714 1688 πιστεύσαντα
2750 1633 2893 1686 κατά
2924 1629 3018 1684 τὸν
3055 1629 3200 1701 ἱερὸν
3229 1627 3423 1696 Λόγον,
3460 1624 3618 1678 οὐδὲν
3647 1625 3806 1677 ἀπο-

2189 1730 2407 1800 κινήσει
2449 1728 2550 1798 τῆς
2591 1724 2737 1780 κατά
2771 1724 2870 1797 τὴν
2927 1722 3107 1794 ἀληθῆ
3150 1721 3337 1775 πίστιν
3384 1718 3592 1781 ἑστίας
3629 1709 3800 1791 és‘ﬁ

487 1803 748 1888 ﬁrmitate
769 1844 834 1884 ac
859 1824 1166 1882 constantia
1195 1819 1501 1877 dimovebit
1525 1836 1538 1874 :
1563 1819 1619 1873 in
1643 1832 1752 1888 qua
1779 1815 2082 1870 immobilis

2205 1822 2248 1875 :b
2279 1821 2510 1892 μόνιμον
2541 1819 2654 1887 ἕξει
2692 1819 2793 1889 τῆς
2835 1818 3097 1889 ἀκινήτου
3147 1815 3244 1869 καὶ
3281 1811 3628 1884 ἀμεταδόλου
3657 1828 3804 1863 ταυ-

487 1941 553 1982 ac
595 1919 962 1979 immutabilis
1004 1922 1281 1988 perstans,
1325 1909 1634 1968 identitatis
1679 1907 2086 1979 perennitatem

487 2015 738 2072 habebit.
793 2011 974 2068 Probe
1013 2008 1163 2064 enim
1210 2004 1368 2061 novit
1409 2002 1507 2075 qui
1551 1998 1775 2058 veritati
1817 1998 2083 2064 adhaeret,

491 2117 645 2166 reete
665 2123 725 2163 se
755 2104 984 2168 habere,
1007 2101 1112 2159 etsi
1137 2098 1336 2169 vulgus
1364 2096 1518 2151 velut
1541 2100 1724 2150 emota
1751 2100 1935 2148 mente
1957 2105 2086 2146 eum

489 2192 764 2271 increpet,
795 2211 860 2252 ac
886 2194 979 2265 qui
1014 2189 1334 2248 excesserit.
1369 2187 1511 2243 Sane
1540 2184 1764 2256 quidem
1799 2197 1897 2240 eos
1930 2183 2086 2248 latet,

490 2294 558 2350 ab
585 2304 797 2355 errore,
831 2287 901 2343 ad
927 2286 1049 2358 ejus
1077 2298 1199 2354 quae
1227 2296 1356 2336 vere
1391 2288 1496 2345 est,
1529 2276 1657 2332 ﬁdei
1683 2275 1974 2332 veritatem
2003 2275 2088 2345 ip-

490 2400 616 2441 sum
640 2376 1046 2444 excessisse";
1077 2375 1342 2444 novitque
1370 2371 1486 2436 ille,
1519 2386 1630 2426 non
1658 2367 1806 2440 quod
1839 2367 1878 2422 ii
1908 2367 2086 2433 aiunt,

493 2495 552 2535 se
575 2467 789 2532 insania
809 2470 943 2530 ferri
965 2485 1030 2527 ac
1053 2469 1260 2534 furere,
1286 2465 1381 2521 sed
1403 2479 1503 2536 per
1524 2462 1856 2534 simplicem,
1872 2459 2091 2516 eodem-

492 2583 602 2641 que
638 2565 804 2623 modo
842 2561 1147 2620 secundum
1190 2557 1384 2614 eadem
1426 2569 1485 2610 se
1529 2568 1749 2624 semper
1790 2551 2090 2606 habentem

488 2659 804 2722 veritatem,
851 2655 920 2711 ab
953 2649 1290 2709 inconstanti
1320 2664 1386 2706 ac
1413 2645 1666 2704 mutabili
1711 2644 1878 2700 eirea‘
1907 2641 2090 2699 omni-

482 2750 716 2807 modam
762 2745 973 2804 erroris
1014 2744 1360 2805 varietatem,
1395 2737 1716 2811 agitatione,
1755 2743 1978 2791 nactum
2018 2733 2090 2788 li-

497 2844 774 2902 bertatem
810 2857 955 2897 esse.

563 2938 654 2994 92.
708 2934 897 2992 Sancti
944 2930 1226 2995 bonitate,
1278 2924 1652 2990 humanitate,
1703 2919 2090 2987 miseratione,

494 3029 793 3088 clementia
842 3024 1064 3099 egregie
1111 3021 1418 3086 fulserunt;
1469 3017 1710 3088 indeque
1760 3013 1927 3071 unico
1964 3029 2095 3086 erga

465 3167 469 3170 -
498 3135 676 3182 totum
705 3123 1009 3178 humanum
1039 3131 1213 3189 genus
1235 3111 1515 3185 diligentis
1538 3108 1707 3166 animi
1732 3107 1932 3163 affectu
1955 3121 2094 3177 prae-

497 3219 600 3276 diti
623 3217 975 3277 enituerunt;
1005 3211 1164 3283 cujus
1190 3221 1422 3263 munere
1450 3219 1561 3275 pra:
1586 3201 1801 3258 cunctis
1826 3198 2093 3255 eximium

479 3329 563 3369 .ac
603 3309 882 3381 singulare
915 3305 1191 3360 bonorum
1229 3313 1402 3372 genus
1444 3294 1664 3366 (nempe
1697 3291 2091 3355 humilitatem,

480 3420 609 3477 rqua
639 3404 785 3458 bona
814 3408 1216 3456 conserventur
1251 3407 1318 3447 ac
1350 3388 1629 3447 contraria
1667 3381 2092 3454 interimantur)

478 3493 750 3569 ..quandiu
799 3491 914 3548 vita
965 3495 1251 3561 superstes
1303 3483 1430 3548 fuit,
1489 3480 1711 3534 ﬁrmum
1765 3477 2094 3540 retinentes,

503 3590 653 3647 nulla
686 3599 919 3659 prorsus
958 3580 1330 3639 tentationum
1361 3573 1615 3631 molestia
1652 3570 1957 3644 expugnari
1996 3585 2097 3641 po-

502 3658 763 3746 tuerunt;
799 3677 918 3734 sive
957 3687 1171 3738 earum,
1220 3683 1344 3742 qua:
1383 3683 1416 3722 a
1454 3666 1740 3722 voluntate
1769 3673 1828 3718 et
1869 3658 2100 3716 rationis

486 3771 738 3830 arbitrio
786 3775 947 3833 sunt,
1003 3765 1119 3821 sive
1168 3777 1290 3833 qua:
1340 3758 1663 3814 nolentibus
1711 3773 1777 3812 ac
1824 3755 2100 3811 exteriore

489 3873 701 3936 agente
729 3857 1046 3917 inferuntur
1081 3871 1094 3908 :
1119 3853 1364 3924 priorum
1388 3847 1650 3904 nimirum
1677 3861 1776 3916 per
1807 3839 2100 3900 continen-

506 3935 641 4013 tiam
671 3948 1015 4010 labefactatis
1039 3944 1436 4013 exstinctisque
1469 3938 1797 4003 insultibus;
1823 3935 2102 4008 posterio-

506 4061 744 4118 rumque
798 4059 897 4116 per
948 4038 1268 4114 patientiam
1329 4032 1665 4106 propulsatis
1717 4029 2104 4101 submotisque

509 4137 830 4196 assultibus.

579 4232 669 4288 93.
700 4227 1011 4286 Perfectam
1039 4219 1263 4277 virtutis
1283 4216 1584 4280 actionem,
1609 4211 1744 4269 ﬁdes
1768 4221 1920 4267 recta
1939 4210 2107 4281 inque

509 4326 684 4382 Deum
731 4320 986 4376 sincerus
1031 4315 1198 4371 timor
1242 4310 1417 4376 facit;
1464 4305 1775 4362 naturalem
1826 4317 1960 4359 vero
2006 4317 2109 4372 per

511 4429 802 4472 ascensum
831 4417 999 4466 certae
1023 4406 1276 4463 veritatis
1305 4399 1763 4473 speculationem,
1798 4394 1956 4450 ﬁrma
1984 4407 2110 4463 spes

511 4521 762 4581 puraque
800 4502 946 4559 labis
995 4495 1407 4570 intelligentia:
1451 4491 1863 4549 deilicationem
1914 4494 2104 4542 autem
2141 4492 2184 4548 ι)

510 4578 637 4674 quae
677 4608 764 4654 est
810 4612 910 4668 per
953 4589 1410 4662 assumptionem,
1456 4584 1704 4655 perlecta
1753 4578 1999 4641 dilectio,
2045 4590 2110 4631 ac

514 4709 638 4766 quae
670 4691 838 4748 rebus
870 4685 1131 4744 omnibus
1173 4679 1480 4738 secundum
1529 4674 1912 4733 excellentiam
1953 4683 2113 4726 mens

518 4785 743 4856 penitus
774 4797 917 4838 eirea
945 4777 1184 4835 exsistit.

587 4893 751 4964 6.33
788 4891 874 4946 94.
910 4889 1044 4958 Ejus
1074 4878 1460 4954 pllilOSOphim,
1489 4892 1612 4946 qua:
1646 4873 1919 4929 actionem
1957 4869 2130 4963 com,‘
2187 4850 2196 4896 7

519 5002 663 5057 opus
683 4998 806 5039 esse
829 4982 984 5036 aiunt
1013 4993 1042 5032 a
1075 4975 1373 5031 libidinoso
1405 4969 1554 5026 omni
1598 4966 1841 5038 cogitatu
1868 4947 2130 5018 animum'

519 5091 723 5149 purum
777 5081 1037 5144 praestare
1064 5086 1076 5122 :
1106 5062 1376 5122 naturalis
1404 5075 1538 5115 vero
1569 5052 1983 5127 speculationis,
2019 5065 2118 5105 vc-

525 5183 642 5223 ram
695 5178 915 5220 omnem
961 5175 1145 5216 rerum
1185 5155 1469 5211 scientiam
1515 5150 1746 5215 docere;
1797 5143 2122 5214 theologicae

525 5259 747 5317 demum
807 5249 1204 5313 institutionis,
1266 5246 1378 5301 Deo
1433 5241 1670 5300 similem
1733 5254 1799 5295 ac
1855 5235 2122 5307 aequalem

2187 1913 2436 1977 τότητος.
2466 1907 2540 1967 Εὖ
2568 1912 2678 1984 γὰρ
2703 1907 2844 1965 οἶδεν
2871 1911 2899 1963 ὁ
2927 1908 3066 1981 πρὸς
3097 1907 3196 1979 τὴν
3226 1905 3488 1977 ἀλήθειαν
3531 1902 3798 1966 ὲνωθεὶς,

2187 2007 2271 2062 ὅτι
2303 2003 2363 2062 εὑ
2396 2006 2532 2079 ἔχει,
2562 2005 2670 2060 κᾶν
2707 2005 2758 2058 οἱ
2802 2002 2989 2056 πολλοὶ
3018 1999 3321 2057 ωυθετοῖεν
3359 1998 3524 2053 αὑτὸν
3557 1996 3636 2059 ὡς
3672 1992 3803 2061 ἐξε-

2192 2098 2455 2170 στηκότα.
2490 2095 2756 2152 Λανθάνει
2807 2095 2905 2168 μὲν
2956 2093 3066 2164 γὰρ
3123 2091 3201 2155 ὡς
3246 2090 3395 2154 εἰκὸς
3437 2089 3669 2154 αὐτοὺς,
3730 2088 3800 2140 ὲκ

2190 2191 2405 2263 πλάνης
2432 2193 2501 2262 τῇ
2540 2188 2773 2262 ἀληθείᾳ.
2808 2187 2908 2259 τῆς
2962 2185 3134 2250 ὅντως
3175 2183 3416 2246 πίστεως
3442 2179 3796 2251 ἐξεστηκὼς,

2191 2285 2354 2349 αὑτὸς
2384 2281 2430 2336 δ’
2467 2270 2688 2353 ἀληθῶς
2734 2275 2875 2334 οἶδεν
2912 2277 3128 2345 ἑαυτὸν,
3182 2276 3283 2347 οὑχ
3310 2276 3340 2329 ὃ
3367 2291 3534 2345 φασιν
3584 2273 3799 2328 ἐκεῖνοι

2194 2376 2545 2450 μαινόμενον,
2569 2372 2710 2428 ἀλλά
2745 2371 2848 2444 τῆς
2877 2370 3115 2426 ἀστάτου
3162 2368 3256 2424 καὶ
3299 2366 3628 2436 ἀλλοιωτῆς,
3655 2365 3800 2436 περὶ

2191 2467 2292 2540 τὴν
2324 2463 2648 2534 παντοδαπῆ
2699 2463 2801 2534 τῆς
2836 2461 3044 2534 πλάνης
3097 2458 3375 2514 ποικιλίαν
3436 2459 3639 2529 φορᾶς,
3702 2455 3798 2511 διὰ

2191 2565 2292 2636 τῆς
2352 2558 2531 2630 ἁπλῆς
2584 2558 2680 2613 καὶ
2719 2556 2807 2613 ἀεὶ
2863 2553 3008 2610 κατὰ
3067 2553 3138 2608 τὰ
3181 2551 3324 2608 αὑτά
3383 2552 3482 2609 καὶ
3514 2549 3798 2616 ὡσαύτως

2193 2653 2426 2728 ἐχούσης
2453 2650 2715 2725 ἀληθείας
2743 2647 3211 2721 ἡλευθερωμένον.

2269 2922 2374 2996 ι,β’.
2417 2917 2642 2989 Ἀγαθοὶ
2666 2917 2762 2971 καὶ
2791 2915 3187 2987 φιλάνθρωποι,
3205 2908 3579 2982 εὑσπλαγχνοί
3610 2924 3675 2964 τε
3700 2907 3800 2963 καὶ

2196 3011 2547 3082 οἰκτίρμονες
2580 3005 2872 3077 γεγόνασιν
2913 3005 2965 3057 οί
3001 3004 3170 3072 ἆγιοι·
3212 3001 3342 3074 μίαν
3377 3000 3514 3069 πρὸς
3545 2999 3702 3052 ἆπαν
3739 2996 3802 3050 τὸ

2123 3147 2167 3205 C
2198 3104 2357 3174 γένος
2398 3102 2638 3157 διάθεσιν
2686 3099 2906 3174 ἔχοντες
2946 3095 3171 3167 ἀγάπης
3214 3093 3544 3165 δειχθέντεςο
3598 3091 3696 3160 ὑφ’
3730 3085 3798 3164 ἧς

2199 3197 2262 3252 τὸ
2306 3196 2527 3250 πάντων
2565 3191 2842 3266 ἐξαίρετον
2874 3189 3014 3256 εἶδος
3043 3189 3153 3244 τῶν
3181 3187 3424 3257 ἀγαθῶν,
3458 3184 3561 3256 τὴν
3593 3183 3801 3237 ταπεί-

2201 3308 2366 3346 νωσιν
2415 3289 2583 3358 λέγω,
2643 3285 2734 3340 διὰ
2781 3285 2962 3354 πάσης
3010 3281 3192 3336 αὑτῶν
3240 3279 3338 3350 τῆς
3370 3277 3515 3348 ζωῆς
3562 3274 3795 3347 βεὸαίαν

2201 3381 2567 3452 κατασχόντες
2593 3421 2609 3447 ,
2663 3379 2761 3451 τὴν
2811 3374 3151 3446 φυλακτικὴν
3211 3371 3312 3444 μὲν
3372 3369 3482 3423 τῶν
3540 3367 3791 3437 ἀγαθῶν,

2173 3472 2511 3546 ⁴φθαρτικὴν
2539 3471 2595 3526 δὲ
2623 3471 2732 3524 τῶν
2774 3467 3054 3534 ἐναντίων,
3084 3463 3263 3519 οὐδενὶ
3290 3462 3622 3534 τοπαράπαν
3647 3458 3798 3514 ἁλώ-

2204 3584 2356 3638 σιμοι
2389 3565 2496 3619 τῶν
2517 3561 2872 3635 διοχλούντων
2898 3559 3152 3630 γεγόνασι
3201 3554 3548 3628 πειρασμῶν,
3588 3553 3705 3606 τῶν
3737 3569 3796 3606 τε

2204 3659 2468 3717 ἑκουσίων
2493 3657 2588 3712 καὶ
2620 3657 2716 3709 τοῦ
2751 3657 2838 3726 ἐφ’
2875 3656 3011 3726 ἡμῖν
3044 3652 3228 3719 λόγου,
3260 3649 3356 3702 καὶ
3383 3645 3487 3700 τῶν
3515 3646 3796 3701 ἀκουσίων

2204 3753 2302 3808 καὶ
2328 3752 2429 3805 οὑκ
2477 3749 2564 3818 ἐφ’
2595 3750 2747 3820 ἡμῖν·
2779 3746 2857 3818 τῷ
2891 3747 3003 3807 τοῖς
3039 3743 3158 3814 μὲν,
3196 3741 3264 3794 δι’
3295 3739 3627 3809 ἐγκράτειαν
3660 3735 3798 3788 ἀπο·

2209 3843 2499 3918 μαραίνειν
2517 3841 2615 3906 τάς
2641 3838 3063 3900 ἐπαναστάσεις·
3083 3834 3189 3887 τῶν
3210 3831 3288 3899 δὲ,
3306 3831 3375 3886 δι’
3393 3828 3680 3902 ὑπομονῆς
3699 3826 3798 3889 τάς

2207 3935 2514 4010 προσὸολάς
2534 3931 2907 3992 ἀποσείεσθαι.

2281 4211 2389 4274 ια’.
2425 4203 2538 4274 Τὴν
2572 4200 2672 4272 μὲν
2705 4197 2916 4252 τελείαν
2964 4195 3166 4265 πρᾶξιν
3194 4191 3293 4261 τῆς
3340 4190 3566 4260 ἀρετῆς,
3611 4183 3825 4253 πίστις.

2209 4297 2346 4372 ὀρθὴ
2369 4297 2534 4360 ποιεῖ,
2559 4292 2655 4348 καὶ
2678 4289 2843 4363 φόϐος
2863 4289 2941 4353 είς
2962 4287 3094 4341 Θεὸν
3122 4284 3430 4345 ἀνόθευτοςο
3451 4281 3552 4350 τὴν
3577 4280 3634 4333 δὲ
3657 4276 3802 4332 κατὰ

2211 4394 2310 4464 τὴν
2359 4389 2628 4445 ἀνάϐασιν
2692 4386 2995 4440 ἄπταιστον
3063 4377 3300 4450 φυσικὴν
3341 4374 3612 4445 θεωρίαν,
3643 4371 3803 4434 ἐλπὶς

2216 4453 2410 4558 βεϐαία
2433 4482 2529 4537 καὶ
2566 4477 2849 4549 ἀλώϐητος
2880 4475 3114 4537 σύνεσις
3141 4472 3240 4528 τὴν
3269 4470 3325 4523 δὲ
3356 4468 3498 4523 κατὰ
3530 4467 3638 4536 τὴν
3667 4453 3828 4518 sva;

2215 4554 2378 4650 ληψιν
2404 4576 2623 4637 θέωσιν,
2665 4571 2856 4641 ἀγάπη
2883 4567 3083 4631 τελεία,
3107 4565 3203 4619 καὶ
3231 4563 3353 4625 νοῦς
3382 4563 3496 4624 τοῖς
3536 4554 3662 4613 οὖσι
3681 4557 3806 4611 καθ’

2219 4669 2496 4742 ὑπεροχὴν
2524 4666 2758 4738 πάμπαν
2787 4662 3052 4723 ἑκουσίως
3090 4655 3515 4730 πεπηρωμένος.
3731 4639 3738 4646 ’

2283 4858 2382 4931 ιδ’.
2418 4860 2532 4930 Τῆς
2575 4858 2673 4930 μὲν
2708 4853 3021 4928 πρακτικῆς
3067 4848 3388 4922 φιλοσοφίας
3448 4845 3613 4916 ἔργον
3669 4837 3814 4897 εἷναί

2225 4973 2381 5028 φασι,
2415 4955 2598 5024 πάσης
2630 4952 2722 5005 τὸν
2756 4948 2879 5003 νοῦν
2911 4945 3195 5019 ὲμπαθοῦς
3225 4938 3527 5014 φαντασίας
3562 4937 3815 5008 καθαρὸν

2225 5048 2607 5119 καταστῆσαι·
2650 5047 2750 5113 τῆς
2783 5042 2840 5095 δὲ
2887 5038 3124 5110 φυσικῆς
3172 5034 3430 5106 θεωρίας,
3480 5029 3662 5099 πάσης
3719 5029 3818 5097 τῆς

2230 5143 2286 5194 ὲν
2337 5139 2450 5201 τοῖς
2500 5131 2618 5189 οὑσι
2657 5132 2781 5188 καθ’
2815 5132 2881 5202 ἣν
2935 5128 3115 5182 αἰτίαν
3162 5126 3522 5196 ὑπάρχουσιν,
3578 5118 3817 5190 ἀληθοῦς

2227 5225 2483 5304 γνώσεως
2513 5227 2676 5282 αὑτὸν
2698 5223 3041 5294 ἐπιστήμονα
3065 5218 3242 5284 δείξαι
3275 5233 3288 5246 ο
3325 5214 3426 5286 τῆς
3471 5212 3528 5268 δὲ
3570 5209 3828 5288 θεολογιο,

525 5291 747 5317 υυιιιιιιι.
807 5291 1204 5313 ...οιηυη-...ηη
1270 5291 1376 5301 ,η
1433 5291 1670 5300 ----η-----
1862 5291 1892 5292 η
1920 5291 1936 5307 ,

512 5350 742 5424 .(quoad
777 5346 985 5404 homini
1021 5353 1348 5400 concessum
1377 5335 1499 5408 est)
1535 5350 1634 5406 per
1669 5330 1899 5405 gratiam
1931 5327 2103 5382 habiti

2231 5291 2333 5393 κῆς
2368 5291 2779 5394 μυσταγωγίας,
2811 5291 2997 5386 ὅμοιον
3026 5311 3145 5382 Θεῷ
3184 5311 3279 5364 καὶ
3311 5307 3424 5361 ἴσον
3453 5306 3528 5368 ὼς
3572 5291 3826 5373 ἐφικτὸν,

2268 5419 2292 5424 -
2381 5415 2391 5424 ι
2661 5411 2669 5424 ι
2745 5410 2756 5424 ι
2835 5407 2894 5424 νιν
3029 5405 3097 5424 ,J!
3119 5420 3198 5424 __.-
3264 5397 3490 5424 -.μὶ-..λη
3536 5396 3601 5424 ολ
3662 5394 3791 5424 ἐἶα-ιι

528 5444 778 5507 cﬁicere;
813 5442 906 5512 qui
929 5432 1042 5504 jam
1073 5448 1268 5490 eorum
1310 5445 1432 5501 qua:
1468 5444 1497 5484 a
1533 5428 1645 5483 Deo
1690 5420 1933 5481 secunda
1976 5425 2126 5485 sunt,

608 5617 651 5651 ⁸³
679 5618 722 5672 ll
753 5616 884 5672 Cor.
913 5629 969 5669 v.
1019 5613 1108 5668 l5.

2232 5419 2298 5488 τῇ
2330 5415 2513 5486 χάριτι
2541 5411 2684 5466 κατὰ
2705 5410 2804 5481 τὴν
2835 5407 2948 5472 ἓξιν
2980 5405 3224 5469 ποιῆσαι,
3262 5397 3490 5472 μηδενὸς
3536 5396 3604 5449 τὸ
3660 5394 3819 5448 aziw-

617 5774 808 5833 ’Sunt
867 5770 1157 5828 llierothei
1197 5768 1392 5834 verba,
1445 5781 1497 5820 c.
1549 5763 1584 5818 4
1642 5761 1722 5818 De
1775 5760 1883 5815 div.
1924 5757 2151 5827 nom.,~§
2192 5749 2283 5810 15.
