4046 6196
268 329 408 394 1389

972 326 1309 387 CAPITUM
1346 321 1771 397 QUINQUIES
1806 319 2331 384 CENTENORUM
2369 326 2760 387 CENTURIA
2794 328 2863 388 V.

3402 332 3542 409 1390

260 445 354 501 λον
389 445 472 499 ἔτι
518 444 630 498 τῶν
689 436 831 515 μετὰ
885 439 1044 507 Θεὸν,
1105 440 1194 494 διὰ
1246 436 1347 513 τὴν
1382 437 1656 512 ὑπεροχὴν
1711 436 1843 489 ὅντα

1957 451 2062 505 pra;
2091 452 2304 492 summa
2336 439 2682 505 excellentia,
2712 438 2863 495 omni
2889 438 3112 511 penitus
3140 456 3305 499 sensu
3336 460 3399 501 ae
3435 463 3538 505 no-

256 542 523 610 νοήμονα.

333 634 436 697 με’.
466 628 649 699 Ὀπέρ
676 626 871 680 ἐστινὸ
904 624 1091 696 αἰθὴρ,
1122 624 1292 696 ἤγουν
1340 624 1404 678 τὸ
1448 622 1643 694 πύριον
1706 637 1851 674 στοι-

258 724 428 792 χεῖον,
461 722 519 773 ἐν
543 718 621 789 τῷ
654 718 778 771 κατ’
814 716 1069 787 αἴσθησιν
1104 715 1319 788 κόσμῳ,
1342 715 1502 768 τοῦτο
1541 715 1598 767 ὲν
1626 713 1705 784 τῷ
1757 711 1851 766 κό-

261 830 385 883 σμῳ
415 812 512 881 τῆς
534 809 774 873 διανοίας
802 810 949 862 ἐστιν
974 811 1007 880 ἡ
1039 810 1324 880 φρόνησις,
1351 806 1428 870 ὡς
1449 804 1563 871 ἕξις
1592 821 1852 875 φωτιστι-

259 903 353 979 κὴ,
382 904 476 957 καὶ
503 902 610 955 τῶν
637 905 722 971 ἐφ’
748 900 982 954 ἑκάστου
1010 901 1122 954 τῶν
1152 900 1324 954 ὅντων
1354 900 1499 963 ἰδίως
1546 915 1850 968 πνευματι-

259 995 375 1049 κῶν
430 995 607 1061 λὸγων
651 992 987 1063 ὑποδεκτικὴ
1039 991 1191 1067 [εάὶι.
1243 989 1623 1069 ἁποδεκτικὴι,
1663 992 1761 1063 τὴν
1792 991 1851 1043 ἐν

256 1088 399 1150 ὅλοις
424 1085 681 1148 ἀπλανῶς
704 1084 882 1143 αἰτίαν
910 1084 976 1137 δι’
1002 1082 1183 1138 αὐτῶν
1221 1084 1558 1151 ἐκφαίνουσα
1581 1122 1596 1146 ,
1629 1081 1723 1134 καὶ
1751 1079 1851 1150 τῆς

261 1179 405 1239 κατὰ
460 1176 637 1246 ψυχὴν
688 1176 820 1245 περὶ
866 1175 928 1231 τδ
972 1175 1113 1231 θεῖον
1158 1175 1398 1242 ἐφέσεως
1442 1173 1667 1244 ἑλκτική
1694 1187 1710 1203 ο
1744 1170 1841 1224 καὶ⁸

263 1269 401 1337 ὅπερ
425 1269 481 1320 ἐν
518 1266 594 1336 τῷ
634 1264 881 1335 αἰσθητῷ
908 1265 1100 1336 κόσμῳ
1132 1265 1280 1318 ἐστὶν
1304 1264 1331 1316 ὁ
1356 1264 1486 1337 ἀὴρ,
1512 1262 1670 1317 τοῦτο
1692 1264 1750 1315 ὲν
1771 1259 1847 1334 τῷ

263 1360 403 1411 κατὰ
432 1359 671 1411 διάνοιαν
703 1356 894 1426 κόσμῳ
928 1357 1078 1409 ἐστὶν
1104 1357 1140 1426 ἠ
1171 1355 1419 1427 ἀνδρεία,
1451 1354 1525 1417 ὡς
1548 1353 1661 1418 ἕξις
1696 1368 1852 1423 κινη-

263 1452 390 1521 τικὴ
422 1450 515 1503 καὶ
551 1449 649 1517 τῆς
676 1446 921 1518 ἐμφύτου
953 1447 1096 1500 κατὰ
1129 1445 1343 1516 πνεῦμα
1371 1445 1519 1515 ζωῆς
1554 1444 1846 1514 συνεκτική

262 1559 322 1595 τε
356 1543 472 1610 ἅμα
504 1543 598 1593 καὶ¹
629 1539 918 1611 δραστικὴ,
946 1539 1040 1601 καὶ
1073 1537 1172 1608 τῆς
1225 1537 1366 1591 κατὰ
1403 1536 1580 1609 ψυχὴν
1611 1538 1741 1608 τεερὶ⁸
1788 1537 1850 1593 τὸ

262 1632 408 1686 θεῖον
454 1616 796 1702 ἁε;κινη’σίας
828 1630 1117 1700 τονωτική·
1153 1629 1246 1682 καὶ
1273 1629 1409 1699 ὅπερ
1431 1630 1488 1681 ἐν
1513 1628 1589 1700 τῷ
1606 1628 1848 1702 αἰσθητῷ

265 1722 456 1792 κόσμῳ
487 1724 604 1774 ἐστὶ
624 1722 686 1774 τὸ
721 1720 885 1791 ὕδωρ,
925 1719 1088 1773 τοῦτο
1122 1721 1181 1772 ὲν
1212 1718 1290 1789 τῷ
1335 1719 1435 1788 τῆς
1462 1720 1702 1784 διανοίας
1750 1721 1844 1774 κό-

1955 529 2076 584 titia
2108 540 2313 587 careat.

2023 621 2112 679 95.
2154 623 2310 687 Quod
2360 626 2414 679 in
2463 625 2669 682 mundo
2710 625 2966 682 sensibus
2998 626 3215 699 objecto
3256 632 3430 685 aether
3460 642 3546 688 est

1954 717 2199 791 (igneum
2227 718 2442 774 scilicet
2471 716 2831 789 elementum)
2880 717 2934 774 id
2956 720 3012 774 in
3032 720 3203 776 animi
3224 722 3433 778 mundo
3461 736 3548 781 est

1952 808 2277 881 prudentia;
2314 820 2572 880 tanquam
2619 809 2833 866 scilicet
2859 809 3084 866 habitus
3123 810 3441 880 iilustrans,
3482 830 3546 870 ac

1952 901 2049 972 qui
2079 900 2355 972 spiritales
2387 900 2440 954 in
2480 899 2713 971 singulis
2741 901 2962 970 proprie
2994 901 3324 959 exsistentes
3364 905 3549 975 capiat

1952 992 2216 1057 rationes,
2256 1008 2355 1064 per
2398 1009 2491 1051 eas
2532 1001 2684 1048 certo
2729 993 2786 1053 in
2829 994 3105 1050 universis
3149 993 3444 1053 Auctorem
3483 1012 3549 1052 ac

1952 1099 2175 1142 causam
2218 1083 2538 1149 ostendens,
2575 1082 2854 1154 animique
2894 1083 2951 1139 in
2988 1084 3162 1139 Deum
3205 1084 3547 1143 desiderium

1952 1174 2241 1244 pelliciens
2267 1193 2279 1228 :
2311 1175 2570 1246 quodque
2599 1175 2655 1230 in
2690 1174 2898 1230 mundo
2931 1176 3187 1232 sensibus
3217 1177 3435 1247 obiecto
3462 1188 3547 1234 est

1950 1284 2066 1335 aer,
2095 1270 2203 1325 hoc
2246 1270 2303 1325 in
2350 1270 2518 1325 animi
2564 1270 2775 1326 mundo
2812 1280 2899 1327 est
2941 1272 3233 1338 fortitudo,
3283 1282 3544 1345 tanquam

1951 1362 2168 1419 scilicet
2192 1362 2419 1419 habitus
2448 1378 2696 1429 movens,
2728 1363 3085 1435 innatamque
3112 1366 3343 1436 spiritus
3375 1368 3543 1423 vitam

1952 1453 2240 1508 continens
2265 1454 2472 1524 pariter
2499 1471 2563 1509 ac
2588 1455 2852 1521 efﬁciens,
2876 1458 3174 1527 jugemque
3202 1457 3346 1512 circa
3370 1458 3544 1512 Deum

1952 1554 2134 1602 motus
2160 1546 2327 1601 animi
2357 1546 2714 1617 agitationem
2747 1548 2934 1618 vigore
2962 1549 3304 1604 contendens
3331 1567 3341 1601 :
3370 1549 3545 1619 quod-

1952 1654 2059 1709 que
2087 1638 2144 1692 in
2178 1638 2385 1694 mundo
2421 1640 2615 1695 eodem
2652 1641 2909 1696 sensibus
2940 1640 3160 1711 objecto
3182 1651 3267 1696 est
3289 1658 3449 1712 aqua,
3489 1642 3545 1696 id

1952 1728 2008 1783 in
2047 1730 2216 1784 animi
2262 1727 2470 1785 inundo
2504 1738 2591 1785 est
2634 1732 3029 1801 temperantia;
3075 1732 3298 1787 habitus
3335 1734 3549 1790 scilicet

267 1828 386 1879 σμῳ
414 1812 561 1862 ἐστὶν
618 1811 651 1880 ἡ
722 1808 1067 1883 σωφροσύνη,
1096 1808 1212 1875 ἕξιν
1265 1807 1590 1880 ὑπάρχουσα
1638 1810 1739 1881 τῆς
1790 1812 1848 1865 ἐν

1957 1822 2136 1877 vitalis
2170 1823 2226 1878 in
2262 1822 2461 1892 Spiritu
2497 1821 2854 1890 fecunditatis
2895 1840 3116 1895 parens,
3154 1825 3382 1896 jngique
3419 1841 3550 1896 erga

263 1900 536 1970 πνεύματι
594 1902 836 1971 ζωτικῆς
885 1900 1243 1972 γονιμὸτητος
1287 1901 1568 1973 ποιητικὴ,
1604 1903 1701 1956 καὶ
1746 1902 1846 1973 τῆς

263 1992 584 2051 ἀειὸλύστου
609 1993 751 2047 κατὰ
784 1993 883 2062 τὴν
922 1994 1107 2063 ἔφεσιν
1134 1994 1273 2065 περὶ
1300 1993 1361 2047 τὸ
1387 1993 1531 2047 θεῖον
1573 1995 1844 2067 ἐρωτικῆς

266 2081 501 2147 θέλξεως
546 2086 881 2156 γεννητικήο
913 2087 1009 2142 καὶ
1057 2087 1194 2163 ὅπερ
1235 2086 1294 2140 ὲν
1344 2083 1423 2158 τῷ
1470 2084 1719 2163 αἰσθητῷ
1758 2086 1850 2140 κό-

265 2192 389 2246 σμῳ
421 2176 571 2228 ἐστὶν
602 2178 635 2243 ἡ
669 2177 740 2247 γῆ
766 2218 780 2240 ,
817 2178 976 2233 τοῦτο
1016 2178 1075 2231 ὲν
1124 2177 1202 2249 τῷ
1231 2179 1330 2250 τῆς
1373 2178 1613 2241 διανοίας
1659 2179 1851 2250 κόσμῳ

264 2267 414 2319 ἐστὶν
440 2269 473 2338 ἡ
499 2268 842 2343 δικαιοσύνη,
865 2269 975 2335 ἕξις
1004 2269 1329 2342 ὑπάρχουσα
1376 2270 1498 2324 κατ’
1528 2266 1669 2334 εἶδος
1725 2288 1852 2340 γενο-

264 2359 460 2429 νητικὴ
489 2358 711 2412 πάντων
735 2360 843 2413 τῶν
882 2363 939 2415 ὲν
967 2363 1079 2424 τοῖς
1110 2357 1231 2414 οὖσι
1268 2360 1462 2428 λόγων,
1496 2362 1591 2415 καὶ
1635 2361 1735 2432 τῆς
1793 2364 1852 2415 ὲν

267 2449 544 2520 πνεύματι
577 2451 718 2505 κατὰ
745 2451 823 2523 τῷ
856 2452 972 2506 ίσον
1009 2454 1229 2524 ἑκάστῳ
1268 2452 1505 2524 ζωτικῆς
1562 2453 1853 2516 διαδόσεως

266 2542 655 2614 ἀπονεμητική
699 2560 713 2573 ·
747 2545 840 2598 καὶ⁸
883 2545 982 2616 τῆς
1029 2546 1234 2610 οίκείας
1301 2548 1359 2599 ἐν
1414 2546 1493 2617 τῷ
1527 2546 1679 2617 καλῷ
1711 2546 1852 2611 κατὰ

265 2633 374 2704 τὴν.
398 2632 548 2686 θέσιν
577 2634 789 2705 βάσεως
829 2636 1167 2707 ἁμετὰθετος
1206 2636 1375 2710 [male
1413 2641 1584 2704 edzta,
1621 2638 1851 2709 μετάθεφ

266 2725 383 2798 τος]
413 2725 618 2797 ἵδρυσις
655 2729 752 2797 (ιι).
1562 2742 1567 2745 '

337 2817 689 2890 ῑηςἏὫσπερ
716 2818 920 2889 σαρκὸς
958 2819 1291 2892 εὐεκτούσης
1324 2820 1421 2880 καὶ
1469 2822 1850 2894 πιαινομὲνης,

268 2912 380 2973 τοῖς
406 2910 637 2964 πάθεσιν
667 2913 698 2981 ἡ
725 2911 873 2992 ψυχὴ
902 2911 1254 2982 βασανίζεται
1278 2915 1373 2970 καὶ
1404 2913 1730 2979 σκοτίζεται,
1754 2918 1853 2986 τῆς

270 3000 380 3055 τῶν
407 3002 617 3073 ἀρετῶν
650 3002 818 3066 ἕξεως
856 3004 951 3058 καὶ
983 3003 1077 3057 τοῦ
1112 3005 1398 3076 φωτισμοῦ
1438 3005 1541 3076 τῆς
1596 3006 1853 3076 γνώσεως

271 3092 700 3164 ὑποχωρούντων
724 3109 739 3125 ο
773 3093 916 3155 οὓτω
938 3096 1032 3147 καὶ
1059 3097 1159 3166 τῆς
1182 3096 1364 3168 ψυχῆς
1388 3096 1466 3167 τῷ
1498 3097 1627 3168 θείῳ
1662 3096 1848 3151 κάλλει
1881 3126 1922 3183 c

269 3185 377 3243 τῶν
401 3186 630 3256 ἀρετῶν,
665 3187 759 3239 καὶ
784 3185 862 3258 τῷ
886 3189 1151 3259 φωτισμῷ
1181 3188 1283 3259 τῆς
1308 3188 1563 3257 γνώσεως
1588 3188 1853 3261 φρουρού-

274 3277 440 3349 μένης
477 3294 537 3330 τε
571 3279 667 3332 καὶ
695 3278 1184 3351 λαμπρυνομένης,
1226 3282 1255 3334 ὁ
1283 3280 1388 3347 ἔξω
1422 3281 1707 3354 ἄνθρωπος
1739 3282 1854 3335 δια·-

273 3368 576 3441 φθείρεται,
603 3371 703 3440 τῆς
736 3372 940 3443 σαρκὸς
969 3374 1059 3427 διὰ
1092 3375 1190 3446 τὴν
1214 3375 1513 3446 ἐπιδημίαν
1549 3375 1643 3429 τοῦ
1692 3376 1851 3445 λόγου

271 3460 368 3532 τὴν
398 3463 633 3533 φυσικὴν
657 3463 875 3531 εὐεξίαν
907 3465 1381 3538 ἀποϐαλλομὲνης.
1410 3487 1416 3493 ”

341 3553 447 3623 ιιξν.
488 3557 601 3610 Οὐκ
645 3552 715 3627 ἦν
774 3556 1000 3613 δυνατὸν
1057 3558 1233 3621 ἄλλως
1293 3560 1410 3612 υἱὸν
1462 3560 1852 3629 ἀποδειχθῆναι

270 3643 407 3699 Θεοῦ
439 3646 511 3717 (r)
542 3647 637 3699 καὶ
663 3647 795 3700 Θεὸν
826 3647 968 3700 κατὰ
993 3646 1091 3718 τὴν
1118 3646 1343 3718 χάριτος
1387 3647 1607 3715 θέωσιν,
1632 3649 1724 3701 τὸν
1756 3666 1851 3717 γει

273 3736 497 3808 νόμενον
558 3737 865 3810 ἄνθρωπον,
908 3737 984 3808 μὴ
1042 3737 1309 3808 πρότερον
1341 3738 1484 3793 κατὰ
1527 3740 1851 3811 προαίρεσιν

272 3829 608 3899 γεννηθέντα
627 3829 709 3901 τῷ
731 3831 1003 3901 πνεύματι
1022 3870 1038 3895 ,
1065 3830 1154 3884 διὰ
1192 3831 1291 3902 τὴν
1315 3830 1543 3885 ἐνοῦσαν
1565 3832 1712 3903 αὐτῷ
1750 3851 1852 3903 (ρυ-

275 3922 442 3986 σικῶς
469 3923 827 3995 αὐτοκίνητον
857 3926 950 3978 καὶ
974 3924 1272 3983 ἀδέσποτον
1312 3924 1542 3996 δύναμιν
1574 3941 1588 3955 ·
1620 3926 1688 3996 ἦν
1727 3944 1849 3991 τινα

272 4013 520 4069 θεοποιίαν
550 4018 645 4070 καὶ
676 4016 827 4071 θείαν
851 4018 946 4070 καὶ
977 4017 1138 4072 ἄῦλον
1163 4019 1439 4088 γέννησιν,
1468 4016 1557 4072 διὰ
1604 4018 1665 4081 τὸ
1718 4036 1850 4089 προ-

272 4107 502 4177 τιμῆσαι
525 4108 633 4161 τῶν
660 4109 969 4179 νοουμένων
996 4109 1093 4162 καὶ
1117 4108 1331 4181 ἀδήλων
1355 4109 1493 4174 τέως
1533 4108 1757 4181 ἀγαθῶν
1790 4111 1850 4163 τδ

273 4200 396 4251 κατ’
426 4199 678 4268 αἴσθησιν
721 4200 955 4271 τερπνὸν
1004 4202 1101 4254 καὶ
1149 4201 1424 4271 ἐπίδηλον,
1467 4188 1792 4272 παραλιπὼν
1823 4204 1850 4256 ὁ

1952 1912 2123 1972 Deum
2147 1930 2245 1984 per
2267 1914 2628 1985 cupiditatem
2651 1914 3007 1985 scaturigine,
3033 1916 3236 1971 amoris
3262 1914 3549 1971 illecebras

1951 2007 2180 2078 gignens
2211 2024 2224 2061 :
2255 2007 2404 2077 quod
2451 2007 2692 2078 denique
2744 2007 2801 2062 in
2855 2007 3063 2062 mundo
3112 2008 3245 2062 item
3293 2008 3551 2065 sensibus

1952 2100 2168 2171 obiecto
2209 2106 2295 2154 est
2330 2108 2497 2165 terra,
2534 2100 2589 2155 id
2624 2100 2678 2155 in
2718 2099 2888 2156 animi
2930 2100 3138 2161 mundo
3177 2110 3264 2156 est
3287 2102 3545 2171 justitia;

1952 2207 2151 2262 nempe
2179 2190 2406 2246 habitus
2436 2191 2687 2246 omnium
2720 2191 2775 2245 in
2824 2191 2994 2246 rebus
3030 2192 3306 2247 rationum
3344 2208 3549 2246 secuno

1952 2281 2083 2336 dum
2112 2280 2351 2352 speciem
2382 2297 2613 2351 parens,
2648 2298 2971 2353 aequamque
3004 2283 3058 2338 in
3090 2283 3289 2354 spiritu
3318 2286 3549 2363 singulis

1952 2373 2175 2429 vitalem
2209 2364 2656 2431 distributionem
2699 2373 3051 2444 impartiens,
3097 2390 3200 2430 nec
3231 2390 3342 2430 non
3375 2376 3459 2431 sui
3491 2362 3551 2439 in

1952 2479 2020 2519 eo
2046 2464 2191 2535 quod
2226 2465 2523 2520 honestum
2554 2472 2641 2520 est
2672 2465 2885 2523 fundati
2916 2466 3058 2523 situs
3088 2466 3319 2525 firmitas
3347 2483 3411 2525 ac
3440 2468 3548 2524 im--

1953 2555 2174 2619 mobilis
2199 2555 2358 2612 sedes
2370 2555 2662 2612 exsistens.

2022 2809 2113 2864 96.
2152 2808 2629 2877 Quemadmodum
2664 2810 2805 2865 bona
2847 2811 3034 2867 carnis
3068 2812 3392 2870 habitudine
3429 2814 3549 2872 illa-

1954 2918 2062 2972 que
2093 2902 2404 2973 pinguiorc,
2436 2904 2620 2963 anima
2650 2904 2946 2961 affectibus
2978 2914 3266 2976 torquetur
3292 2924 3357 2965 ac
3387 2909 3549 2965 obte-

1954 2997 2242 3060 nebratur,
2272 2995 2541 3050 virtutum
2574 2995 2767 3051 habitu
2796 3011 2860 3051 ac
2901 2996 3144 3054 scientiae
3176 2998 3548 3056 illustratione

1956 3088 2159 3144 sensim
2185 3088 2614 3145 abscedentibus
2650 3106 2664 3143 :
2694 3090 2772 3150 sic
2800 3105 3020 3163 quoque
3056 3091 3239 3153 anima
3276 3091 3545 3161 virtutum

1955 3180 2157 3236 decore
2203 3196 2269 3236 ac
2318 3180 2561 3238 scientia:
2605 3181 2973 3239 illustratione
3020 3184 3230 3240 munita
3279 3192 3335 3240 et
3380 3201 3546 3244 COI‘U?

1954 3285 2165 3340 scante,
2201 3275 2294 3346 qui
2326 3275 2461 3330 foris
2514 3283 2618 3339 est,
2666 3276 2831 3332 homo
2874 3278 3247 3349 corrumpitur
3270 3280 3343 3346 ⁸²;
3381 3295 3547 3336 carne

1954 3367 2167 3423 scilicet
2210 3367 2442 3422 rationis
2486 3366 2722 3422 adventu
2772 3383 2836 3422 ac
2880 3370 3192 3439 praesentia,
3231 3371 3545 3432 naturalem

1954 3460 2155 3517 bonam
2186 3460 2566 3516 habitudinem
2595 3468 2760 3529 atque
2789 3461 3033 3531 vigorem
3065 3465 3375 3520 amittente.

2022 3552 2111 3606 97.
2152 3551 2270 3605 Non
2317 3551 2478 3606 aliter
2531 3550 2648 3612 fieri
2695 3559 2929 3621 poterat,
2978 3561 3038 3606 ut
3089 3564 3309 3609 creatus
3352 3554 3543 3627 homo,

1953 3641 2050 3701 Dei
2108 3641 2252 3697 filius
2292 3642 2549 3711 Deusque
2584 3658 2681 3718 per
2710 3642 3074 3721 deiﬁcationis
3101 3645 3328 3714 gratiam
3360 3630 3544 3703 cnice-‘-

1954 3743 2128 3795 retur,
2169 3734 2301 3807 quin
2352 3724 2503 3805 prius
2542 3734 2842 3797 voluntatis
2875 3735 3179 3807 proposito,
3212 3735 3283 3791 ob
3319 3735 3541 3795 insitam

1954 3827 2033 3893 illi
2071 3834 2299 3889 natura,
2331 3840 2432 3880 suo
2472 3823 2646 3896 ipsius
2689 3824 2960 3879 arbitratu
2993 3826 3249 3883 mobilem
3293 3827 3539 3897 nullique

1953 3919 2372 3989 mancipabilem
2401 3918 2740 3981 facultatem,
2767 3917 2966 3988 spiritu
2994 3928 3352 3973 nasceretur:
3373 3935 3541 3990 quam

1955 4011 2149 4081 utique
2176 4010 2425 4071 deificam
2449 4009 2807 4080 divinamque
2836 4024 2900 4063 ac
2926 4009 3062 4067 nihil
3090 4016 3365 4066 terrenam
3397 4012 3544 4066 nati-

1950 4104 2197 4168 vitatem,
2226 4118 2353 4158 cum
2391 4102 2603 4182 primus
2629 4101 2795 4177 634
2828 4102 2994 4156 homo
3028 4102 3349 4177 reliquerit;
3383 4103 3544 4163 bonis

1952 4198 2162 4259 scilicet
2201 4196 2309 4252 illis
2333 4212 2455 4267 quae
2480 4196 2596 4252 sola
2624 4203 2807 4250 mente
2834 4194 3217 4267 intelliguntur
3244 4195 3544 4252 hactenus-

273 4287 490 4358 πρῶτος
520 4287 830 4360 ἄνθρωπος,
867 4291 964 4364 τὴν
985 4291 1051 4345 ἐκ
1084 4290 1355 4361 σωμάτων
1371 4291 1596 4355 εἰκότως
1620 4292 1851 4363 ἀπροαίτ

1957 4308 2059 4365 que
2106 4290 2343 4347 obseura
2383 4297 2533 4353 sunt,
2576 4303 2773 4351 sensus
2812 4287 3041 4347 delicias
3084 4304 3151 4345 ac
3195 4288 3543 4344 manifestam

275 4394 431 4452 ρετον
463 4382 559 4435 καὶ
584 4382 777 4453 ὑλικὴν
805 4385 901 4437 καὶ
951 4385 1223 4469 ἐπίκηρον
1272 4384 1849 4454 ἔχεινκαταδικάζετᾳι

1957 4382 2375 4441 delectationem
2421 4380 2749 4456 praeferens;
2787 4381 3146 4451 generatione
3191 4396 3257 4436 ex
3300 4381 3547 4451 corpori-

283 4473 506 4542 (ἐνεσιν.

348 4677 395 4713 ⁸³
425 4679 470 4733 ΙΙ
498 4678 628 4743 Cor.
666 4695 739 4745 tv,
772 4680 856 4739 16,
912 4656 915 4659 γ

352 4834 423 4908 (τι)
444 4837 607 4891 Κατὰ
627 4837 741 4906 τὴν
758 4838 931 4893 θέσιν
944 4838 1189 4903 ,ϐάσεως
1210 4837 1571 4904 ἁμετάθετος
1590 4839 1847 4907 ἵδρυσις,

272 4906 574 4974 ἰωιήοδίιίε
607 4908 836 4971 firmitas
862 4917 921 4962 et
943 4909 1108 4965 sedes
1130 4908 1341 4961 fundati
1371 4908 1424 4962 in
1452 4906 1686 4964 honesto
1712 4911 1851 4965 situs

272 4977 396 5039 sui,
438 4990 584 5047 quod
638 4980 871 5036 maxime
918 4978 1144 5049 iustitiae
1191 4978 1482 5049 convenit;
1532 4996 1654 5049 qua:
1699 4982 1852 5045 velut

276 5052 421 5109 terra
451 5045 503 5103 in
533 5050 636 5102 hoc
662 5045 941 5111 universo,
971 5048 1086 5102 suis
1114 5045 1357 5118 undique
1387 5045 1582 5103 librata
1608 5066 1850 5106 momen-

276 5118 377 5182 tis,
418 5118 496 5172 rei
545 5118 720 5187 ipsum
772 5119 1014 5173 medium
1064 5118 1422 5179 immobiliter
1467 5121 1744 5184 attendat,
1787 5138 1850 5177 ac

274 5188 503 5265 cuique.
536 5189 681 5257 quod
706 5189 902 5265 _r_eipsa
945 5189 1095 5265 iliius
1130 5196 1242 5253 est,
1280 5188 1507 5243 tribuat.
1540 5189 1707 5265 Quod
1731 5201 1852 5256 erat

277 5258 602 5336 μεταθετοῆ
637 5258 817 5336 valde’
843 5258 1166 5336 mendosum
1208 5267 1323 5323 est,
1362 5275 1427 5313 ac
1466 5258 1612 5336 quod
1660 5262 1848 5336 aiunt,

273 5324 562 5397 implicans
590 5329 643 5383 in
675 5329 908 5398 adjecto.
965 5329 1125 5385 Picus
1161 5336 1341 5383 tamen
1372 5324 1593 5398 egpédit
1620 5349 1631 5383 :
1665 5324 1847 5387 Sedent

272 5399 472 5471 praprii
513 5398 842 5471 fundamenti
884 5398 1210 5471 translatam
1245 5400 1299 5465 in
1339 5400 1552 5471 [loricata
1598 5401 1847 5469 collocat;

273 5467 319 5524 si
350 5466 531 5523 tamen
557 5468 816 5538 expedire
844 5480 958 5532 est,
987 5470 1068 5525 sic
1095 5466 1386 5535 arbitrarie
1424 5468 1673 5526 reddere.

345 5539 416 5608 (r)
461 5540 595 5609 Twr
640 5538 1072 5607 ἀποδειχθῆναι
1112 5539 1279 5595 Θεοῦ.
1314 5539 1471 5609 Quod
1518 5541 1709 5597 deerat
1746 5559 1851 5602 vox

272 5608 409 5684 υζὸν,
435 5608 581 5684 nihil
602 5610 951 5684 commodum
980 5609 1214 5684 reddere
1239 5608 1607 5684 potuitAPicus
1636 5630 1649 5667 :
1682 5616 1854 5684 ἀπρο·

275 5677 490 5750 αίρετον
520 5681 735 5750 γένεσιν
764 5681 859 5734 καὶ
887 5679 1100 5750 ὑλικὴν,
1127 5677 1303 5735 ονηιήι
1332 5681 1627 5737 nativitatis
1658 5677 1855 5738 non'ea:

275 5746 441 5805 libera
472 5746 743 5807 voluntate
771 5757 820 5806 et
852 5746 1143 5819 terrenam,
1174 5765 1283 5821 quo
1309 5751 1635 5813 naturaliter
1659 5769 1858 5825 propa-

1883 4461 1927 4517 Ῑ)
1957 4477 2060 4532 bus
2108 4476 2256 4533 nulla
2293 4473 2511 4530 arbitrii
2551 4473 2834 4536 voluntate
2876 4481 3161 4537 constante
3212 4484 3543 4545 terrenaque

1959 4578 2123 4639 atque
2150 4566 2389 4637 mortali,
2424 4565 2735 4629 damnatur,

1958 4856 2173 4967 Eamur,
2203 4844 2406 4913 ubique
2448 4841 2711 4907 Maximus
2750 4849 2875 4920 post
2909 4841 3073 4921 Greg.
3107 4840 3262 4910 Nyss.
3294 4840 3540 4921 aliosque

2012 4914 2508 4967 rmeos'theoloeos.
2539 4926 2605 4965 ex
2636 4913 2801 4967 nrinu
2832 4919 3078 4967 parentis
3105 4919 3540 4967 transeressnone

2012 4910 2508 4982 rmeos'theologos,
2539 4926 2605 4965 ex
2636 4910 2801 4982 primi
2832 4910 3540 4982 parentistransgressione

1960 4984 2121 5047 nobis
2154 4980 2445 5044 inolevisée
2476 4980 2639 5036 docet
2671 4998 2684 5033 :
2721 4981 2831 5034 alio
2868 4980 3277 5049 multiplicandi
3313 4980 3537 5034 humani

1958 5053 2178 5128 generis
2215 5054 2379 5109 modo
2420 5051 2738 5128 spiritaliori
2780 5052 2890 5106 Deo
2930 5066 3039 5105 non
3082 5051 3299 5128 ignoto,
3327 5052 3541 5128 integra

1955 5120 2125 5178 etiam
2166 5120 2463 5193 parentum
2489 5122 2836 5192 virginitate;
2870 5136 3034 5191 quem
3060 5120 3301 5193 August.
3335 5120 3539 5193 fatetur

1956 5209 2016 5250 se
2063 5190 2335 5264 ignorare.
2376 5194 2472 5257 Τὸ,
2505 5190 2899 5263 ἀπροαίρετον(
2925 5191 3335 5264 (ιυοάλνίηυὶεαιιι
3357 5190 3540 5244 reddit

1956 5262 2137 5328 Picus,
2163 5279 2271 5320 non
2304 5264 2438 5321 satis
2464 5272 2653 5334 aptum
2680 5280 2695 5316 :
2720 5262 2884 5318 'sonat
2903 5263 3049 5317 enim
3074 5262 3167 5316 illa
3190 5277 3294 5315 vox
3317 5267 3537 5334 contra‘

1954 5335 2093 5415 riam
2127 5331 2560 5415 voluntatem_et
2596 5343 3025 5415 repugnantem,
3057 5346 3182 5415 cum
3214 5347 3318 5386 vox
3352 5331 3540 5411 Graeca

1954 5405 2131 5459 solum
2178 5404 2366 5465 liber-1e
2406 5400 2707 5460 voluntatis
2740 5400 2898 5458 dicat
2937 5404 3277 5466 absentiam,
3314 5400 3539 5471 opposio

1956 5476 2104 5530 tione
2143 5475 2210 5547 ad
2246 5475 2551 5547 spiritalem
2586 5475 2999 5547 generationem
3039 5473 3180 5527 κατὰ
3218 5471 3543 5547 ⁸ζιροσιίρςσιν

1954 5547 2012 5598 ἐν
2053 5540 2341 5617 πνευματι-
2377 5561 2493 5617 qua:
2526 5540 2785 5617 cx'libege
2818 5543 3087 5617 minutam
3121 5540 3538 5617 ξεί-ἱηερὶτὶια,

1955 5631 2065 5740 ana
2097 5612 2309 5671 scilicet
2336 5612 2620 5673 nascimur
2650 5632 2681 5671 a
2716 5616 2861 5680 Deo,
2888 5621 2951 5668 ut
2980 5614 3100 5684 ejus
3132 5612 3233 5669 ﬁlii
3266 5612 3439 5667 simus
3477 5624 3542 5665 ac

1997 5686 2035 5740 ii
2065 5687 2179 5740 Deo
2208 5686 2436 5740 similes.

1997 5686 2035 5741 ii
2065 5687 2179 5742 Deo
2208 5686 2436 5743 similes.
