4046 6196
551 326 689 414 1395

1698 350 1758 410 S.
1800 347 2086 407 MAXIMI
2125 345 2630 408 CONFESSORIS

3665 348 3829 413 1396

550 459 650 528 per
673 471 800 513 eum
822 453 900 528 (id
920 463 1006 510 est
1032 453 1279 525 sensum)
1311 465 1569 512 exaratos
1601 466 1880 513 crassatur
1897 472 2128 527 corpore

2239 471 2339 518 νος,
2363 455 2480 519 πῶς
2508 473 2640 509 ποτε
2672 456 2772 528 τὴν
2801 455 2939 528 ἐμὴν
2993 456 3354 529 ἁμϐλυωπίαν
3389 458 3527 530 πρὸς
3580 459 3830 531 θεωρίαν

514 620 518 623 1
549 539 904 606 οοιινεειίιιιέ.
931 545 1050 614 Quo
1083 555 1139 602 et
1172 563 1446 614 sermone,
1482 549 1538 603 in
1569 550 1648 604 tui
1693 551 1870 622 majus
1910 549 2131 604 deside-

549 641 716 703 rium,
751 653 928 693 meam
971 639 1294 694 tenuitatem
1322 649 1377 694 et
1405 640 1553 710 quod
1598 640 1830 712 exiguus
1875 649 1931 696 et
1973 641 2134 696 nihili

548 743 691 789 sum,
733 728 969 794 traxisti,
1015 729 1103 784 cui
1152 730 1475 800 incorporea
1521 730 1733 787 ratione
1775 732 1852 786 tui
1894 731 2010 801 ipse
2041 747 2133 788 as-

548 829 767 890 pectum
798 821 1253 892 praesentiamquc
1297 823 1676 892 suscitaveris;
1715 824 2010 880 ostendens
2041 824 2129 880 ni-

548 910 750 964 mirum
784 920 1020 981 utroque
1066 913 1241 983 magis
1283 923 1336 968 te
1382 922 1626 980 nactum,
1676 916 1948 973 sermonis
1995 917 2127 982 ritu,

547 1004 945 1073 arqualitatem;
992 1006 1156 1075 quain
1191 1015 1286 1060 tuo
1330 1007 1422 1061 alii
1470 1008 1743 1062 sermonis
1782 1009 2036 1080 gratiam,
2070 1018 2132 1064 ut

549 1094 779 1163 reliquis
804 1097 1122 1166 praecellant
1147 1115 1160 1150 :
1186 1097 1389 1168 quibus
1415 1114 1513 1168 per
1544 1101 1711 1154 vitam
1742 1108 1989 1165 ornatus,
2022 1117 2134 1171 quo

550 1199 792 1255 unquam
837 1189 1000 1243 modo
1034 1189 1358 1260 caligantem
1389 1198 1627 1246 mentem
1667 1206 1844 1248 meam
1887 1192 1955 1247 ad
1998 1207 2133 1248 con-

552 1276 966 1345 templationem
995 1277 1380 1344 inducendam,
1413 1279 1512 1334 tibi
1543 1280 1658 1349 ipse
1688 1294 1868 1351 Operae
1895 1281 2132 1351 pretium

551 1363 776 1432 duxisti,
822 1367 989 1438 idque
1035 1383 1318 1423 sacrorum
1363 1369 1632 1450 ejusmodi
1683 1386 2026 1438 sermonum,
2071 1385 2136 1428 ac

2232 547 2448 616 ἐνάγειν
2478 547 2842 614 ὲσπούδασας,
2883 549 3045 618 ἱερῶν
3079 552 3172 604 καὶ
3205 550 3376 604 ταῦτα
3405 551 3604 622 λόγων,
3625 554 3727 607 καὶ
3749 547 3832 607 ὧν

2234 642 2268 712 ἡ
2295 641 2569 705 έπίϐασις,
2607 645 2856 714 κρεῖττον
2904 643 2938 714 ἦ
2982 644 3125 698 κατά
3171 643 3480 716 ἄνθρωπον,
3511 647 3606 700 τὸν
3658 646 3834 699 οὔπω

2233 733 2452 798 τελείως
2490 735 2592 787 {me
2603 734 2913 805 ραναὸἀντα
2934 735 3032 808 τὴν
3060 737 3168 790 τῶν
3195 737 3442 792 ἀστάτων
3468 738 3562 792 καὶ
3593 739 3834 793 διαστα-

2235 823 2346 878 τῶν
2373 824 2535 894 φύσιν
2569 827 2663 880 καί¹
2691 826 2909 895 γένεσιν
2937 843 2953 859 ⁸
2995 830 3070 899 μὴ
3117 829 3200 882 ὅτι
3230 829 3283 897 γ’
3319 830 3443 899 ἐμοὶ
3470 830 3548 900 τῷ
3595 830 3836 901 φορυτῷ

2235 913 2442 968 τούτων
2518 915 2782 982 ἑκουσίως
2820 917 3260 988 ’συμφυρομένῳ
3289 956 3305 982 ,
3371 922 3467 972 καὶ
3526 918 3833 986 σκώληκος

2236 1006 2394 1078 δίκην
2449 1009 2517 1078 τῇ
2571 1007 2734 1079 σήψει
2774 1008 2883 1062 τῶν
2912 1009 3242 1081 ἀκαθάρτων
3288 1009 3700 1081 καλινδουμένῳ
3731 1013 3836 1063 καὶ

2238 1097 2483 1169 ἡδομένῳ
2511 1097 2885 1170 παθῶνλῐλὴν
2911 1098 3010 1169 τῆς
3035 1099 3352 1163 εὐπειθείας
3380 1099 3558 1170 χάριν,
3590 1101 3694 1152 καὶ
3724 1100 3837 1170 τῆς

2239 1190 2510 1261 ὑμετέρας
2537 1191 2763 1262 ἀγάπης
2794 1190 2984 1263 τιμὴν,
3015 1192 3124 1245 τῶν
3171 1192 3313 1263 ὑπὲρ
3345 1191 3500 1256 ἀξίαν
3546 1192 3836 1245 κατατολ-

2243 1282 2382 1353 μῶν,
2417 1283 2603 1338 έκεῖνά
2647 1295 2791 1354 φημι
2831 1285 2960 1354 περὶ
3002 1276 3078 1336 ὧν
3130 1282 3448 1336 ἐκελεύσατε
3481 1299 3496 1314 ’
3527 1287 3836 1352 στοχαστι-

2240 1373 2376 1439 κῶς,
2416 1375 2531 1428 ἀλλ’
2553 1376 2654 1429 οὐκ
2678 1376 3092 1445 ἀποφαντικῶς.

551 1473 785 1531 quorum
833 1461 1127 1526 asseCutio,
1173 1476 1336 1531 quam
1384 1477 1486 1531 pro
1515 1463 1634 1534 ejus
1665 1461 1926 1519 facultate
1972 1465 2225 1535 superior
2246 1467 2482 1533 exsistit,
2532 1469 2627 1539 qui
2667 1468 2905 1523 necdum
2954 1469 3196 1540 perfecte
3249 1468 3588 1524 instabilium
3631 1482 3837 1522 rerum

551 1569 616 1608 ac
635 1552 987 1609 dividuarum
1009 1564 1264 1609 naturam
1321 1564 1615 1626 ortumque
1673 1558 2211 1627 superavit;nedum
2251 1577 2350 1632 pro
2398 1571 2540 1625 mea,
2587 1562 2680 1631 qui
2717 1562 2914 1617 horum
2961 1571 3158 1634 sponte
3199 1561 3435 1616 colluvie
3463 1561 3734 1623 miscear,
3771 1572 3840 1611 ac

551 1645 760 1701 Vermis
805 1645 1002 1712 instar,
1032 1646 1089 1702 in
1121 1647 1530 1702 immundorum
1564 1648 1690 1704 tabo
1720 1649 2018 1706 affectuum
2041 1652 2261 1708 voluter
2317 1668 2383 1709 ac
2403 1653 2655 1709 delicier.
2688 1653 2986 1709 Enimvero
3047 1653 3377 1724 obsequenti
3446 1653 3654 1715 animo,
3684 1662 3750 1706 et
3777 1661 3840 1705 ut

551 1745 748 1790 vestra:
776 1735 1058 1791 dilectioni
1092 1737 1358 1792 honorem
1388 1739 1641 1801 habeam,
1691 1741 1897 1812 majora
1947 1744 2232 1814 aggredior
2254 1761 2418 1816 quam
2442 1754 2542 1816 pro
2570 1760 2691 1801 mea
2722 1744 3002 1811 facultate,
3055 1753 3116 1802 ut
3174 1745 3242 1800 de
3285 1746 3488 1816 quibus
3543 1746 3837 1815 jussistis,

553 1825 764 1894 dicam;
811 1829 867 1883 id
899 1835 1032 1884 vero
1075 1830 1414 1901 conjectura,
1451 1846 1560 1884 non
1591 1831 1748 1899 quasi
1796 1832 1912 1902 ipse
1947 1834 2239 1891 decernam
2269 1853 2332 1893 ac
2359 1839 2689 1894 sententiam
2719 1837 2912 1892 feram.

621 1919 871 1978 Iudicem
923 1919 1234 1990 iniquitatis
1291 1923 1348 1976 in
1391 1920 1720 1991 Evangelio,
1771 1922 2005 1994 ﬁgurato
2052 1925 2136 1980 lo-

2313 1929 2524 2000 Κριτὴν
2585 1927 2797 1991 ἀδικίας
2854 1928 2911 1980 ὲν
2963 1925 3389 1997 τῷΕὐαγγελίῳ
3429 1921 3836 1995 παραδολικῶς

550 2011 756 2081 ﬂuendi
792 2019 993 2081 genere
1030 2018 1086 2065 et
1124 2027 1224 2081 per
1263 2011 1712 2078 similitudinem,
1756 2023 1997 2070 mentem
2039 2032 2139 2072 no-

549 2108 720 2160 Btram
738 2102 1033 2174 signiﬁcari
1063 2103 1302 2157 arbitror
1329 2117 1394 2157 ac
1423 2105 1750 2173 nuncupari,
1778 2107 1923 2176 quod
1967 2109 2136 2162 nimi-

549 2195 674 2248 i‘um
705 2194 819 2264 jam
849 2194 974 2262 ipso
1006 2193 1166 2247 initio
1197 2193 1651 2264 transgressionis
1687 2204 1841 2249 reatu
1884 2195 2137 2267 iniquum

545 2269 814 2358 judicium
842 2283 1068 2348 fecerit;
1093 2285 1296 2355 quippe
1320 2283 1637 2340 Conditoris
1666 2285 1746 2339 illi
1771 2295 1958 2357 spreto
1984 2305 2138 2345 man-

549 2377 702 2447 dato,
735 2380 1188 2451 corruptorisque
1216 2379 1429 2435 deiecto
1450 2379 1683 2436 consilio
1710 2394 1821 2452 quo
1846 2379 2053 2437 factum
2079 2391 2138 2438 ut

549 2480 770 2530 terrena
796 2487 917 2528 esse
945 2473 1106 2543 longe
1130 2471 1452 2542 praetulerit,
1475 2486 1636 2542 quam
1667 2479 1727 2528 ut
1749 2482 1896 2529 esset
1927 2474 2138 2530 divina.

550 2582 661 2639 que
683 2565 963 2622 evaderet.
994 2565 1125 2636 Ejus
1157 2563 1456 2629 civitatem,
1485 2578 1708 2619 sensum
1747 2565 2013 2636 intelligo,
2041 2573 2138 2620 aut

555 2658 824 2714 mundum
847 2657 1023 2713 oculis
1049 2657 1383 2728 subjectum,
1411 2655 1468 2709 in
1497 2656 1702 2726 quibus
1730 2656 1975 2712 dementi
2005 2673 2138 2712 con-

551 2747 680 2804 silio
725 2746 956 2802 libidine
1006 2745 1428 2817 conquiescens,
1473 2744 1812 2802 habitatione
1873 2755 2136 2818 certoque

549 2838 838 2895 domicilio
861 2837 1162 2896 incolatum
1202 2839 1464 2904 mutavit;
1495 2844 1675 2908 neque
1709 2837 1882 2894 Deum
1912 2839 2135 2907 timens,
2176 2908 2181 2913 ι

551 2947 734 3002 neque
754 2948 888 2988 vero
909 2932 1188 2998 eumdem,
1216 2931 1393 2988 nostri
1418 2945 1582 2988 causa
1605 2926 1886 2988 hominem
1907 2932 2134 3000 factum,

551 3024 848 3091 reverens;
884 3023 1120 3078 alterum
1152 3021 1376 3093 quidem
1403 3037 1516 3091 prae
1547 3021 1822 3076 dementia
1850 3037 1913 3077 ac
1946 3037 2138 3092 super-

554 3116 683 3182 bia;
706 3116 938 3171 alterum
964 3123 1169 3180 autem,
1197 3127 1308 3186 prie
1336 3120 1652 3183 contemptu
1676 3129 1689 3180 ;
1714 3107 1876 3185 637
1901 3129 2134 3185 quarum

551 3207 649 3264 illa
682 3206 981 3276 (dementia
1013 3199 1227 3262 scilicet
1271 3213 1328 3260 et
1369 3204 1651 3275 superbia)
1697 3220 1806 3260 non
1841 3206 2136 3276 praevideat

551 3271 988 3372 magnitudinem
1024 3297 1388 3371 judiciorum;
1421 3271 1512 3354 hic
1556 3271 1741 3352 autem
1774 3271 1858 3367 (id
1889 3309 1972 3354 est
1995 3315 2131 3354 con-
2163 3271 2205 3328 ο

552 3391 818 3462 teniptus)
869 3405 1034 3461 quam
1090 3392 1358 3447 hactenus
1417 3390 1725 3461 benignitas
1774 3393 2131 3447 mutationem

551 3492 899 3552 exspectans,
929 3483 1170 3550 cohibet,
1214 3481 1619 3539 districtionem
1653 3497 1983 3554 poenamque
2027 3499 2136 3541 non

553 3583 768 3632 avertat
795 3591 807 3628 :
835 3575 1037 3644 quibus
1067 3584 1273 3632 temere
1307 3575 1706 3647 procaciusque
1736 3592 1859 3632 sese
1885 3577 2140 3640 inseruit,

2240 2019 2507 2088 ὑπάρχειν
2535 2019 2631 2073 καὶ
2667 2011 2948 2086 λέγεσθαι,
2975 2017 3066 2070 τὸν
3089 2016 3358 2088 ἡμέτερον
3383 2016 3672 2085 λογισμὸν,
3718 2017 3830 2086 ἀρο

2236 2111 2402 2180 χῆθεν
2431 2113 2496 2164 ἐκ
2531 2109 2893 2182 παραὸἀσεως
2919 2109 3105 2164 ἄδικον
3163 2107 3538 2178 πεποιημένον
3563 2109 3667 2178 τὴν
3700 2108 3835 2177 κρξ-

2239 2216 2323 2252 σιν
2356 2215 2372 2232 ο
2404 2200 2483 2264 ὡς
2510 2201 2609 2272 τὴν
2632 2199 2728 2268 τοῦ
2764 2200 3064 2263 Κτίσαντος
3095 2198 3193 2269 μὲν
3232 2199 3293 2252 οὒ
3335 2199 3631 2268 δεξάμενον
3661 2201 3827 2250 ἐντο-

2236 2291 2335 2361 λήν
2366 2309 2379 2322 ·
2406 2291 2505 2364 τὴν
2531 2291 2588 2344 δὲ
2621 2291 2715 2345 τοῦ
2747 2291 3063 2362 φθείροντος
3092 2291 3355 2362 ἑλόμενον
3381 2289 3701 2359 συμϐουλήν
3725 2309 3740 2321 -
3771 2288 3833 2354 ἐξ

2236 2377 2298 2437 οὗ
2327 2384 2421 2436 καὶ
2443 2383 2504 2436 τὸ
2534 2382 2717 2453 χοῖκδς
2745 2377 2906 2449 εἶναι,
2932 2381 3028 2436 τοῦ
3057 2379 3219 2446 εἶναι,
3255 2382 3351 2436 καὶ
3377 2381 3469 2434 τοῦ
3493 2381 3639 2444 θεῖος
3670 2383 3834 2448 γενέ-

2239 2473 2361 2528 σθαι
2381 2475 2635 2546 πάμπολυ
2665 2474 3018 2546 προετίμησε.
3044 2474 3200 2527 Πόλιν
3238 2473 3296 2527 δὲ
3321 2469 3455 2526 εἶναι
3486 2472 3710 2536 τούτου,
3729 2472 3831 2541 τὴν

2237 2566 2512 2636 αἴσθησιν,
2545 2567 2578 2640 ἢ
2615 2566 2707 2620 τὸν
2764 2565 3041 2638 ὁρώμενον
3106 2565 3308 2635 κόσμον
3339 2581 3352 2595 ⁸
3380 2559 3462 2628 οἷς
3488 2564 3830 2634 παραλόγως

2237 2658 2378 2712 κατά
2414 2656 2599 2728 σχέσιν
2653 2658 3166 2727 ὲπαναπαυόμενος,
3214 2655 3314 2724 τῆς
3365 2656 3657 2718 κατοικίας
3726 2655 3832 2724 τὴν

2238 2751 2532 2820 παροικίαν
2557 2747 2827 2820 ἠλλάξατο
2861 2763 2876 2779 ⁸
2917 2749 3054 2819 μήτε
3088 2747 3220 2800 Θεὸν
3264 2745 3625 2816 φοϐούμενος,
3684 2749 3828 2816 μήτε

2241 2843 2347 2914 μὴν
2382 2840 2668 2911 ἄνθρωπον
2697 2841 2787 2893 τον
2813 2838 2977 2894 αὐτὸν
3031 2838 3399 2910 γεγενημένον
3427 2838 3494 2890 δι’
3521 2838 3681 2907 ἡμᾶς
3741 2839 3832 2890 έν-

2236 2932 2571 3004 τρεπόμενος
2592 2947 2608 2962 °
2639 2931 2702 2986 τὸ
2735 2931 2854 3000 μὲν,
2886 2931 2974 2986 διὰ
3001 2931 3100 3001 τὴν
3127 2930 3315 2984 ἄνοιαν
3339 2945 3352 2960 °
3383 2923 3445 2982 τδ
3479 2927 3561 2994 δὲ,
3592 2929 3687 2980 διὰ
3733 2930 3832 3000 τὴν

2238 3027 2680 3094 καταφρόνησιν·
2717 3023 2933 3093 εκείνην
2986 3039 3048 3075 τε
3096 3022 3170 3093 μὴ
3229 3020 3644 3093 προορωμένην
3714 3019 3826 3071 τῶν

2237 3115 2523 3186 κριμὰτων
2551 3113 2611 3167 τδ
2647 3113 2877 3184 μέγεθος
2904 3127 2917 3142 ·
2957 3114 3050 3166 καὶ
3101 3112 3302 3182 ταυτὴν
3331 3109 3430 3163 οὐκ
3460 3109 3828 3180 εἰργομένην,

2239 3209 2305 3279 ἢν
2356 3206 2497 3270 τέως
2522 3207 2554 3278 ἡ
2583 3207 2893 3278 χρηστότης
2943 3205 3325 3274 προσμένουσα
3375 3204 3474 3274 τὴν
3506 3203 3828 3271 μεταεολὴν

2239 3297 2573 3362 ἀναστέλλει,
2609 3298 2709 3367 τὴν
2758 3295 2989 3366 βάσανον
3018 3312 3030 3326 ·
3060 3291 3146 3359 αἷς
3193 3296 3381 3348 ἑαυτὸν
3425 3295 3684 3357 αὐθαδῶς
3726 3312 3827 3346 πε-

2241 3393 2507 3466 ριέπειρε,
2543 3395 2607 3462 τῇ
2634 3390 2893 3460 δεδομένῃ
2931 3390 3080 3460 παρὰ
3112 3388 3205 3442 τοῦ
3247 3389 3550 3450 κτίσαντος
3577 3389 3662 3449 εἰς
3696 3387 3817 3452 ἑξὰς

2240 3501 2394 3537 νυσιν
2442 3483 2552 3535 τῶν
2612 3481 2962 3552 καθηκόντων
3003 3479 3334 3549 αὒτεξουσίῳ
3387 3482 3520 3549 τιμῇ
3555 3479 3716 3548 παρὰ
3755 3477 3815 3529 τὸ

2243 3576 2362 3630 δέον
2395 3575 2852 3646 ἀποχρησάμενος
2878 3590 2894 3606 ο
2944 3574 3039 3626 καὶ
3079 3573 3173 3627 τοῦ
3210 3571 3501 3640 νοουμένου
3551 3566 3613 3622 τὸ
3657 3570 3828 3637 φανὲν

557 3677 818 3724 concessa
845 3666 926 3722 illi
953 3667 1021 3722 ab
1051 3667 1314 3732 Auctore,
1349 3666 1416 3721 ad
1447 3681 1514 3723 ea
1544 3665 1851 3738 praestanda
1879 3682 2002 3738 quae
2029 3665 2140 3721 olli-

2246 3667 2449 3736 ἁγαοὸν
2477 3667 2690 3738 κρίνας,
2720 3664 2748 3718 ὃ
2781 3665 2856 3737 μὴ
2893 3664 3050 3735 θέμις
3086 3660 3178 3734 ἦν,
3212 3661 3595 3734 αἱρετώτερον.

555 3761 628 3816 cii
653 3768 858 3826 essent,
891 3769 1089 3832 prater
1109 3761 1202 3831 jus
1232 3775 1396 3817 omne
1423 3770 1687 3832 extraque
1717 3761 1977 3826 ollicium,
2003 3759 2217 3815 arbitrii
2279 3761 2449 3815 ahusa
2478 3759 2780 3829 dignitate;
2853 3755 3114 3826 quodque
3173 3754 3321 3809 dictu
3357 3751 3531 3816 nefas,
3568 3765 3701 3806 cum
3729 3747 3826 3804 bo-

555 3867 688 3908 num
719 3865 1013 3922 apparens,
1047 3851 1099 3907 ei
1126 3851 1276 3922 quod
1305 3853 1507 3907 mentis
1533 3852 1696 3906 oculo
1729 3851 2032 3920 percipitur
2055 3865 2295 3920 vereque
2327 3857 2430 3913 est,
2457 3847 2869 3920 praeoptandum
2903 3845 3168 3900 duxisset.

626 3943 859 3999 Viduam
893 3949 1078 3998 autem
1123 3943 1590 4014 interpellantem,
1625 3942 1861 4000 animam
1894 3949 2139 3997 utentem

558 4037 804 4103 ratione;
837 4036 1042 4106 quippe
1071 4048 1195 4106 quae
1221 4035 1290 4090 ad
1318 4043 1634 4090 sanctorum
1661 4049 1725 4090 ac
1749 4034 2138 4106 religiosorum

555 4143 787 4199 operum
809 4127 1054 4183 edendos
1082 4127 1315 4190 fruetus,
1363 4127 1595 4191 ratione,
1621 4142 1742 4196 quae
1765 4142 1866 4196 per
1885 4134 2138 4181 naturam

555 4219 701 4276 bona
722 4221 974 4284 seminet,
1003 4216 1357 4276 destitutum.
1385 4217 1515 4285 Quae
1537 4218 1818 4289 (videlicet
1842 4219 2004 4289 ratio)
2027 4227 2134 4274 una

558 4311 664 4370 hac
705 4313 858 4369 totaii
909 4312 1180 4382 plenaque
1221 4312 1276 4367 in
1309 4311 1484 4382 ipsam
1518 4311 1830 4367 dilectionis
1874 4311 1926 4365 vi
1971 4314 2136 4381 atque

557 4403 758 4461 affectu
805 4412 1085 4470 teneatur;
1117 4419 1220 4459 nec
1260 4401 1445 4459 tamen
1490 4403 1570 4458 illi
1617 4402 1838 4459 assidua
1882 4407 2134 4466 maneat,

2313 3942 2504 4011 Χήραν
2528 3940 2584 3993 δὲ
2618 3937 2933 4009 διοχλοῦσαν
2953 3979 2965 4000 ,
2989 3937 3088 4008 τὴν
3119 3936 3342 4007 λογικὴν
3393 3934 3595 4004 ψυχὴν,
3628 3926 3735 3987 ἅτε
3761 3935 3825 4006 δὴ

2243 4033 2380 4102 πρὸς
2409 4031 2782 4102 καρπογονίαν
2809 4029 2972 4100 ἱερῶν
3002 4029 3094 4082 καὶ
3124 4029 3288 4081 ὁσίων
3314 4027 3490 4097 ἔργων
3525 4027 3627 4079 οὐκ
3661 4027 3828 4095 ἐχου-

2243 4141 2342 4178 σαν
2368 4121 2460 4178 τδν
2487 4123 2555 4178 τὰ
2579 4123 2721 4177 καλὰ
2755 4122 2895 4176 κατά
2927 4121 3087 4191 φύσιν
3118 4121 3409 4191 σπείροντα
3452 4119 3630 4186 λόγον.
3667 4120 3826 4189 Μόνη

2239 4221 2306 4289 τῇ
2343 4216 2482 4288 πρὸς
2543 4215 2714 4287 αὐτὴν
2754 4215 2907 4286 όλικῇ
2949 4208 3124 4284 ταύτῃ
3185 4215 3384 4282 στοργῇ
3429 4210 3524 4264 καὶ
3577 4211 3826 4264 διαθέσει

2241 4305 2614 4380 κρατοῦμενον
2647 4325 2661 4340 ·
2695 4307 2810 4362 ἀλλ’
2840 4309 2899 4360 οὐ
2936 4306 3310 4378 προσμένοντα
3344 4297 3432 4357 διὰ
3457 4304 3560 4373 τὴν
3584 4304 3828 4357 ἀπόνευο

2245 4415 2351 4464 σιν,
2377 4402 2472 4455 καὶ
2491 4400 2592 4470 τὴν
2621 4399 2944 4469 αὐθαίρετον
2975 4398 3113 4470 πρὸς
3151 4395 3219 4451 τά
3248 4396 3374 4467 τῇδε
3412 4396 3607 4465 ῥοπήν.

558 4495 765 4554 idcirco
785 4496 1048 4550 nimirum
1069 4495 1216 4565 quod
1239 4495 1354 4550 haec
1379 4494 1459 4549 illi
1485 4508 1769 4549 assensum
1797 4493 2011 4555 abnuit,
2049 4493 2345 4563 liberaeque
2372 4490 2672 4547 voluntatis
2690 4489 3072 4545 incitationem
3112 4487 3181 4543 ad
3210 4497 3423 4543 terrena
3451 4487 3752 4541 convertit.

630 4609 767 4680 Ejus
801 4607 1176 4664 adversarium
1211 4607 1427 4679 (nempe
1459 4607 1677 4678 animas)
1711 4605 1924 4662 misera:
1955 4603 2140 4660 carnis
2173 4609 2216 4664 D

557 4703 838 4755 terrenum
867 4706 980 4752 tum
1005 4706 1235 4762 motum,
1265 4704 1378 4751 tum
1421 4708 1643 4751 sensum
1679 4695 2134 4766 prudentiamque

510 4865 516 4869 _
558 4791 788 4860 accipio,
815 4804 925 4860 quo
946 4787 1145 4845 divina:
1170 4789 1226 4843 in
1252 4789 1412 4846 nobis
1436 4789 1690 4860 imaginis
1713 4789 1938 4860 ejusque
1959 4787 2136 4857 digni-

501 4906 520 4944 ;
560 4883 688 4937 tatis
717 4881 1187 4952 pulchritudinem
1230 4881 1497 4952 polluere,
1542 4881 1705 4952 atque
1751 4880 1987 4934 nitorem
2033 4879 2135 4932 ob-

511 4967 528 5038 ",
561 4988 802 5039 scurare,
850 4973 1073 5028 student
1113 4973 1312 5044 impuri
1347 4973 1656 5038 daemones;
1693 4980 1807 5026 tum
1851 4969 2133 5036 nimirum,

560 5079 686 5119 cum
751 5065 913 5119 nobis
961 5064 1189 5119 libidine
1249 5063 1758 5128 succumbentibus,
1821 5061 2134 5132 turpissima

559 5153 692 5209 vitia
713 5155 1117 5225 prohrososque
1139 5153 1369 5209 aﬂectus
1390 5153 1508 5208 dire
1531 5153 1835 5207 immittunt
1859 5169 1872 5206 :
1900 5166 2136 5222 quorum

559 5253 717 5301 reatu
745 5245 952 5301 indicta
979 5253 1192 5300 natura:
1217 5255 1274 5300 et
1304 5245 1496 5300 mortis
1523 5242 1820 5308 damnatio,
1848 5253 1978 5298 ‘cum
2005 5243 2134 5309 vita,

561 5349 683 5408 qua:
705 5353 833 5393 vere
855 5345 959 5402 est,
985 5337 1054 5392 ab
1081 5336 1239 5392 initio
1264 5336 1367 5391 frui
1395 5335 1681 5390 noluisset.

631 5430 1024 5501 Sugiliationcs
1048 5438 1232 5484 autem
1274 5428 1552 5493 existimo,
1596 5425 1944 5481 conscientia:
1975 5423 2144 5479 tacito

559 5523 799 5592 quodam
848 5523 1090 5578 clamore
1133 5519 1479 5576 adhortantis
1526 5519 1785 5582 verbera,
1839 5515 2041 5588 quibus
2075 5527 2142 5571 ex

558 5613 742 5668 anima
765 5614 1264 5685 proliciscentibus,
1283 5613 1460 5681 iisque
1483 5610 1559 5666 illi
1581 5607 2140 5672 increbrescentibus,

559 5704 822 5773 paulatim
869 5704 1276 5777 quodaminodo
1311 5703 1515 5759 inflecti
1564 5718 1628 5757 ac
1675 5701 1965 5755 mitescere
2013 5714 2146 5753 con-

540 5794 741 5850 ‘suevit
766 5799 969 5855 mentis
1006 5797 1326 5862 auReritas,
1353 5795 1547 5866 visque
1588 5794 1682 5848 illa
1711 5792 1778 5848 ad
1805 5807 1870 5847 ea
1895 5807 2016 5862 qua:
2049 5792 2148 5847 ho-

2328 4603 2624 4656 Ἀντίδικον
2680 4601 2736 4654 δὲ
2802 4599 3028 4671 ταύτης,
3062 4597 3207 4668 φημὶ
3254 4597 3352 4668 τῆς
3403 4595 3606 4664 ψυχῆς,
3637 4595 3706 4648 τὸ
3729 4593 3829 4661 τῆς

2238 4694 2502 4765 δυστήνου
2537 4693 2735 4765 σαρκὸς
2765 4690 2951 4745 ένυλον
2980 4689 3189 4761 κίνημά
3217 4706 3276 4741 τε
3307 4688 3402 4741 καὶ
3425 4687 3694 4756 φρόνημα
3718 4726 3734 4748 ,
3760 4685 3828 4738 δι’

2238 4776 2298 4840 οὗ
2329 4786 2428 4856 τῆς
2483 4786 2540 4838 ἐν
2586 4785 2718 4854 ἡμῖν
2751 4779 2901 4845 θείας
2947 4780 3155 4843 είκόνος
3201 4778 3294 4832 καὶ
3344 4776 3439 4830 τοῦ
3474 4781 3597 4827 κατ’
3646 4776 3828 4844 αὐτὴν

2238 4876 2566 4946 ἀξιώματος,
2589 4875 2647 4928 τό
2675 4881 2733 4927 τε
2762 4873 2956 4936 κάλλος
3000 4869 3394 4941 καταμολὺνειν
3433 4866 3829 4932 σπουδάζουσι,

2242 4970 2337 5023 καὶ
2386 4969 2447 5022 τὸ
2497 4965 2717 5035 διαυγὲς
2763 4963 3047 5035 ἀμαυροῦν
3091 4963 3141 5014 οί
3186 4955 3484 5029 ἀκάθαρτοι
3538 4958 3828 5028 δαίμονες,

2242 5057 2503 5129 ὁπηνίκα,
2536 5056 2605 5109 δι’
2665 5055 2862 5126 ἡδονῆς
2916 5054 3338 5116 ὑποπίπτουσιν,
3400 5051 3831 5119 ἐπεισφρήσωτι

2241 5149 2431 5212 δεινῶς
2485 5151 2615 5218 ἡμῖν
2649 5149 2718 5200 τὰ
2756 5147 2857 5216 τῆς
2885 5145 3119 5215 ’ἀτιμίας
3167 5145 3331 5214 αἴσχη
3372 5142 3467 5196 καὶ
3525 5141 3688 5214 πάθη
3721 5159 3736 5171 ο
3766 5143 3832 5193 δι’

2244 5241 2396 5295 lixa).
2447 5239 2478 5291 ό
2529 5238 2764 5301 θάνατος
2811 5233 3111 5308 κατεκρίθη
3145 5235 3242 5304 τῆς
3277 5234 3513 5304 φύσεως,
3547 5232 3655 5303 οὐχ
3714 5235 3830 5286 ἑλο-

2247 5332 2414 5404 μένης
2443 5331 2501 5385 τδ
2534 5330 2789 5401 ἀπαρχῆς
2826 5327 2928 5398 τῆς
2979 5328 3149 5390 ὅντως
3184 5324 3601 5395 κατατρυφῆσαι
3655 5325 3824 5392 ζωῆς.

2322 5421 2754 5492 ’Υπωπιασμοὺς
2799 5417 2868 5474 δὲ’
2912 5418 3039 5481 τοὺς
3082 5419 3146 5471 ὲκ
3176 5417 3275 5487 τῆς
3305 5415 3676 5487 συνειδήσεως
3714 5413 3830 5485 μεθ’

2244 5512 2648 5586 ὑποφωνήσεώς
2702 5529 2846 5573 τινος
2891 5510 3339 5582 παρακλητικοὺς
3393 5508 3721 5577 αἰκισμοὺς,
3749 5500 3830 5566 οἷς

2245 5595 2688 5676 προτεινομένοις
2735 5604 2800 5655 ἐκ
2842 5601 2942 5671 τῆς
2996 5599 3209 5670 ψυχῆς,
3235 5599 3426 5669 ἡρέμα
3465 5615 3585 5660 πως
3633 5597 3832 5650 εἴωθεν

2244 5697 2596 5767 κάμπτεσθαι
2620 5689 2996 5766 τδάὐστηρόν
3011 5691 3108 5747 τοῦ
3143 5690 3427 5762 λογισμοῦ,
3455 5690 3550 5743 καὶ
3581 5689 3732 5760 πρὸς
3764 5691 3832 5740 τὰ

2257 5789 2396 5843 καλά
2425 5789 2513 5843 διὰ
2545 5789 2646 5860 τὴν
2673 5787 3039 5861 χρονιωτέραν
3086 5785 3202 5852 ῑξιν
3246 5782 3604 5848 ἀνύπεικτον,
3629 5779 3705 5836 οὐ
3737 5779 3831 5849 φέ-
