4010 6202
352 282 485 370 tam

1331 306 1823 383 QUBESTIONES
1861 311 1960 372 AD
1998 299 2587 374 THEOPEMPTUM.

3459 315 3594 380 1398

353 437 540 494 ροντος
575 420 991 492 ἐνδομυχοῦσαν,
1021 423 1116 475 καὶ
1155 415 1268 477 οἷον
1315 425 1632 489 αἰκίζουσάν
1668 442 1726 478 τε
1763 443 1917 478 συνε-

2045 434 2174 482 testa
2201 437 2329 483 sunt
2356 443 2420 482 ac
2445 425 2608 482 otlieii
2639 425 2984 492 obduratior,
3010 440 3132 496 quae
3161 441 3228 482 ex
3255 425 3602 483 diuturniore

352 514 464 585 χῶς
495 514 586 567 καὶ
605 513 920 584 διοχλοῦσαν
949 514 1301 586 τὴνβάσανον
1333 532 1344 545 ·
1370 517 1475 580 ἕως
1513 515 1821 587 λυμῄνηται
1851 515 1920 570 τὰ

2022 516 2213 571 habitu
2241 516 2497 582 inolevit;
2543 517 2672 571 dum
2714 516 2804 570 illa
2835 517 2984 570 intus
3022 516 3198 570 latens
3236 530 3300 571 ac
3344 516 3604 570 continue

351 606 452 677 τὴν
501 604 683 676 ψυχὴν
725 605 1098 677 λυμαινόμενα
1135 607 1306 676 πάθη,
1343 609 1410 662 δι’
1443 609 1795 679 ἐγκρατείας,
1825 609 1921 662 καὶ

2045 611 2172 664 'clut
2207 609 2485 680 flagellatis
2533 609 2902 679 ingruensque
2942 608 3228 662 molestius
3269 617 3603 662 tormentum

351 697 451 768 τῆς
481 697 618 768 πρὸς
657 695 726 750 τὰ
760 697 896 767 μέλη
925 699 1023 767 τῆς
1059 701 1260 770 σαρκὸς
1291 701 1538 754 ἑκουσίου
1575 703 1917 772 νεκρὼσεως.

354 785 490 844 Εἶτα
527 789 621 841 καὶ
646 789 783 861 πρὸς
806 790 1124 860 ἀγχιστείαν
1154 792 1321 845 αὐτοῦ
1349 793 1441 846 τοῦ
1472 793 1629 862 λόγου
1663 795 1729 848 δι’
1764 795 1923 848 εὐσε-

355 880 530 944 ϐείας,
568 882 662 936 καὶ
695 881 793 952 τῆς
823 882 952 953 περὶ
998 884 1066 936 τὰ
1100 885 1334 956 κρείττω
1363 885 1697 956 τελεωτέρας
1725 887 1924 956 ἀγάγοι

356 976 598 1046 σπουδῆς
623 994 638 1009 ο
668 973 750 1041 οἷς
778 980 1028 1046 φυσικῶς
1062 979 1500 1051 ἐνεργουμένοις,
1532 979 1597 1033 τὰ
1619 980 1797 1032 οἰκεῖα
1832 979 1927 1032 καὶ

357 1069 602 1141 πατρικά
635 1072 1017 1141 παραϐάλλων,
1057 1075 1085 1127 ὁ
1114 1074 1253 1144 ὑπὲρ
1280 1073 1464 1127 οὐσίαν
1492 1073 1584 1126 καὶ
1614 1073 1774 1141 φύσιν
1795 1072 1927 1135 Θεὸς

358 1163 566 1234 Κύριος
623 1164 782 1234 ἡμῶν
823 1165 1033 1235 Ἰησοῦς
1075 1164 1330 1235 Χριστὸς,
1379 1166 1439 1218 Ὀ
1465 1164 1520 1217 δὲ
1549 1164 1695 1230 Θεὸς
1724 1165 1796 1218 οὐ
1839 1161 1926 1232 μὴ

359 1254 616 1324 ποιήσῃ,
643 1256 802 1324 φησὶ,
842 1255 956 1323 τὴν
991 1255 1306 1322 ἐκδίκησιν
1328 1253 1512 1326 ὑμῶν,
1542 1255 1607 1307 δι’
1639 1253 1774 1323 ἐμοῦ
1802 1270 1933 1322 σαρ-

361 1347 646 1410 κωθίντος,
673 1350 766 1400 καὶ
797 1347 895 1418 τὴν
917 1347 1011 1401 τοῦ
1034 1347 1362 1418 καθαιρέτου
1387 1348 1483 1417 τῆς
1512 1346 1727 1417 φύσεως
1747 1362 1931 1399 ποιουν

363 1439 525 1507 μένου
567 1439 894 1508 καθαίρεσιν
921 1456 935 1504 ;

2023 697 2169 753 ferre
2197 714 2308 752 non
2334 707 2513 768 potest
2540 715 2551 750 :
2581 697 2824 767 quandiu
2854 697 3114 751 nimirum
3141 698 3370 753 aifeetus
3393 714 3455 754 ac
3481 698 3606 752 libi-

2030 790 2209 856 dines,
2250 792 2486 844 animam
2521 789 2954 860 pessumdantes,
2985 806 3083 860 per
3117 790 3508 845 continentiam
3542 805 3608 846 ac

2031 889 2224 950 sponte
2255 889 2585 953 assumptam
2626 882 2999 937 membrorum
3028 881 3207 936 carnis
3232 880 3609 936 mortiﬁcatio—

2032 987 2192 1037 nem,
2241 987 2351 1027 non
2397 973 2862 1042 pessumdederit;
2910 971 3217 1042 exindeque
3270 971 3335 1025 ad
3383 969 3608 1025 rationis

2032 1067 2205 1137 ipsius
2227 1066 2714 1132 necessitudinem,
2735 1066 2952 1136 pietatis
2979 1067 3130 1120 cultu
3163 1064 3608 1134 diligentiorique

2030 1171 2197 1226 opera
2220 1171 2348 1228 erga
2368 1172 2430 1211 ea
2457 1172 2578 1227 qua:
2599 1156 2819 1211 virtutis
2841 1163 2988 1221 sunt,
3013 1154 3323 1225 provexerit
3349 1172 3362 1206 :
3384 1153 3606 1223 quibus,

2031 1249 2159 1303 dum
2195 1248 2274 1302 sic
2301 1257 2496 1303 natura
2527 1258 2873 1318 praestantur,
2902 1264 2999 1301 sua
3029 1256 3365 1318 paterneque
3396 1245 3611 1300 assimi-

2032 1340 2172 1403 lans,
2202 1340 2296 1409 qui
2339 1339 2575 1393 essentia
2620 1346 2920 1407 naturaque
2952 1339 3094 1393 Deus
3121 1337 3386 1392 Dominus
3428 1345 3612 1391 noster

2030 1433 2190 1488 Jcsus
2216 1432 2473 1488 Christus
2499 1434 2750 1502 superior
2777 1442 2879 1498 est,
2909 1431 3066 1496 Deus,
3096 1431 3294 1502 inquit,
3321 1430 3486 1500 638
3507 1443 3610 1482 non

361 1527 516 1596 faciet
540 1526 1078 1581 vestrivindictam':
1105 1539 1203 1595 per
1227 1540 1311 1581 me
1336 1524 1565 1590 scilicet,
1591 1524 1686 1596 qui
1744 1537 1966 1579 carnem
2004 1522 2416 1592 assumpserim,
2486 1529 2541 1576 et
2584 1521 2675 1592 qui
2719 1539 2842 1576 eum
2881 1522 3182 1587 destruam,
3227 1521 3318 1593 qui
3358 1530 3610 1576 naturam

361 1614 654 1670 destruxit.

433 1703 590 1758 οὕτω
619 1703 720 1774 μὲν
746 1701 840 1758 οὖν
863 1705 930 1759 τὰ
966 1707 1090 1776 περὶ
1119 1705 1310 1760 τούτου
1343 1705 1617 1776 διεξῆλθον
1649 1705 1927 1773 ἐπιτόμως

2098 1701 2300 1772 Sicque
2347 1703 2484 1758 adeo
2527 1720 2648 1774 quae
2692 1704 2801 1758 huc
2848 1713 3097 1773 spectant
3143 1705 3245 1760 sub
3287 1705 3614 1775 compendio

361 1793 494 1861 ἐγὼ,
539 1793 660 1847 καθ’
685 1795 809 1848 ὅσον
858 1795 918 1848 τὸ
963 1794 1246 1866 ἐγχωροῦν
1312 1797 1413 1868 τῆς
1451 1795 1690 1859 διανοίας
1734 1796 1932 1867 μέτρον

365 1887 674 1956 ἐπήρκεσεν
707 1903 722 1917 ο
748 1888 797 1939 εί
821 1890 913 1943 καὶ⁵
941 1889 1120 1952 ἄλλως
1155 1888 1305 1943 ἄλλοι
1334 1887 1424 1942 τὸν
1460 1889 1625 1942 τόπον
1660 1888 1930 1957 κατανοή-

367 1993 557 2040 σαντες
588 1995 600 2009 ·
633 1979 684 2031 oi
737 1979 837 2048 μὲν
892 1982 972 2042 εἰς
1010 1980 1249 2051 Χριστόν
1280 1996 1294 2012 ⁸
1320 1981 1370 2033 οἱ
1410 1980 1465 2034 δὲ
1497 1979 1822 2051 τοῦμπαλιν,
1855 1981 1934 2042 είς

364 2066 457 2120 τὸν
499 2067 871 2138 Ἀντίχριστον
917 2069 1257 2142 ἐξειλήφασι.
1293 2072 1420 2134 Δέος
1473 2071 1534 2124 δέ
1567 2087 1658 2140 μοι
1701 2071 1865 2135 νοεῖν,
1897 2069 1932 2139 ἦ

365 2154 548 2224 λέγειν
592 2159 830 2230 ἑκάτερα
859 2175 874 2191 ο
914 2160 976 2215 τὸ
1031 2163 1151 2233 μὲν,
1180 2161 1258 2227 ὡς
1311 2161 1643 2232 ἀσύγκριτον
1679 2178 1692 2191 ·
1719 2161 1779 2214 οὗ
1827 2160 1936 2232 γὰρ

373 2246 540 2315 μείων
599 2249 699 2317 μὲν
759 2249 880 2302 fici
908 2267 924 2282 ο
960 2251 1164 2320 μείζων
1215 2253 1271 2306 δὲ
1298 2251 1535 2320 Πατρδς,
1566 2252 1596 2322 ἡ
1631 2249 1933 2319 ἐκδίκησιςο

368 2335 404 2408 ἦ
443 2337 507 2390 δι’
539 2338 724 2405 ἄλλου,
754 2343 848 2395 καὶ
890 2342 1024 2413 ἄλλη
1074 2342 1136 2396 τὸ
1187 2343 1427 2411 σύνολον,
1464 2342 1602 2414 πλὴν
1639 2341 1733 2395 τοῦ
1783 2339 1935 2394 Υίοῦ.

372 2429 482 2481 Καὶ
519 2429 636 2494 πῶς
669 2431 762 2484 ἐπὶ
790 2432 886 2500 τῆς
926 2433 1096 2504 αὐτῆς
1132 2435 1500 2507 συγκριτικῶς
1548 2451 1700 2506 φησι,
1734 2434 1828 2496 τὸ,
1877 2433 1940 2487 '0

372 2518 441 2573 δὲ
463 2520 627 2587 Θεὸς,
651 2523 835 2592 φησὶν,
877 2527 948 2579 οὐ
979 2528 1221 2592 ποιήσει
1251 2527 1366 2595 τὴν
1391 2527 1709 2596 ἐκδίκησιν
1730 2526 1898 2597 ὑμῶν
1919 2540 1940 2590 ;
1967 2584 1972 2589 _

375 2611 447 2664 υὺ
483 2610 592 2681 γὰρ
627 2611 736 2682 ἔχει
782 2615 967 2686 χώραν
991 2631 1004 2647 ·
1042 2616 1073 2687 ἢ
1103 2617 1361 2690 διάφορος
1393 2618 1618 2682 πάντως
1655 2618 1938 2688 δειχθήσε-

372 2718 501 2767 ται,
546 2704 638 2757 καὶ
694 2707 830 2773 μετὰ
876 2707 974 2778 τῆς
1011 2709 1223 2777 φύσεως
1267 2711 1329 2764 οὐ
1375 2709 1680 2781 δυναμένης
1721 2710 1781 2765 τὸ
1826 2706 1942 2764 ῐσον

374 2793 507 2866 δρᾷν
532 2811 544 2826 °
573 2797 662 2850 καὶ
689 2797 776 2851 διὰ
805 2799 962 2852 τοῦτο
1011 2799 1196 2854 λοιπὸν
1215 2841 1228 2865 ,
1254 2802 1314 2854 οὑ
1351 2801 1792 2872 συντασσομένης
1826 2817 1839 2831 ι
1871 2803 1942 2856 εί·

375 2885 697 2958 κονιζούσης
727 2889 784 2941 δὲ
813 2890 996 2960 μόνον,
1029 2893 1104 2954 ὡς
1132 2891 1539 2964 ὑπερκειμένην
1559 2933 1574 2958 ,
1603 2893 1706 2962 τὴν
1741 2891 1942 2962 ὑπερέεο

376 2993 597 3047 χουσαν.
619 2979 690 3032 Τὸ
712 2979 790 3042 δὲ,
822 2980 897 3044 ὡς
925 2981 1245 3036 ἁνέκδεκτον
1283 2983 1376 3036 καὶ
1415 2985 1714 3055 ἀμήχανον,
1743 2984 1805 3037 τὸ
1841 3001 1943 3037 κα-

375 3068 465 3121 λὸν
514 3071 686 3123 ποιεῖν
728 3071 818 3125 τὸν
849 3074 1050 3136 κακίας
1094 3075 1320 3147 εὑρετὴν
1345 3076 1440 3129 καὶ
1472 3076 1790 3132 διδάσκαλον
1819 3092 1834 3107 ο
1860 3079 1943 3131 Οὐ

377 3161 483 3228 ιγὰρ
517 3161 787 3225 δύναται,
818 3167 970 3235 φησὶ,
1001 3164 1252 3234 δένδρον
1287 3167 1524 3236 σαπρὸν
1546 3168 1813 3238 καρποὺς
1838 3186 1945 3224 κα-

376 3252 527 3319 λοὺς
591 3256 820 3309 ποιεῖν·
853 3257 1015 3310 καλὸν
1067 3257 1122 3310 δὲ
1166 3259 1198 3329 ἡ
1255 3259 1555 3328 ἐκδίκησις,
1588 3259 1683 3316 καὶ
1725 3259 1785 3314 τὸ
1844 3260 1944 3330 τὴν

377 3343 597 3417 ὄχλησιν
627 3348 982 3416 ἀφοσιοῦσθαι
1012 3350 1241 3414 δεόντως
1279 3350 1372 3404 τοῦ
1423 3351 1898 3422 προσπελάζοντσς
1928 3369 1942 3383 ο

377 3436 409 3507 ἢ
438 3437 610 3508 τούτῳ
637 3441 1076 3510 παραϐάλλεσθαι
1111 3443 1292 3514 τυχὸν,
1315 3443 1342 3496 ὃ
1369 3443 1442 3513 μὴ
1473 3443 1633 3514 θέμις
1653 3488 1665 3508 ,
1699 3443 1789 3498 τὸν
1832 3445 1946 3497 Πα-

377 3528 530 3599 τέρα,
565 3531 657 3582 καὶ
688 3531 864 3601 πάσης
895 3533 1095 3603 ἀρετῆς
1122 3535 1216 3586 καὶ
1249 3533 1396 3604 ζωῆς
1421 3533 1654 3604 χορηγὸν
1685 3532 1744 3596 ἐξ
1781 3535 1945 3599 Υίοῡ,

379 3621 472 3672 καὶ
509 3619 684 3672 ταῦτα
735 3621 1057 3690 μονογενοῦς
1081 3663 1095 3683 ,
1125 3624 1216 3677 καὶ
1257 3627 1374 3679 ίσου
1412 3629 1510 3697 τὴν
1543 3628 1706 3698 φύσιν
1729 3629 1825 3682 καὶ
1850 3628 1948 3698 τὴν

379 3711 712 3781 ἁγαθότητα.
747 3714 820 3765 Οὐ
854 3714 961 3783 γὰρ
991 3716 1057 3768 τὰ
1093 3715 1234 3769 καλὰ
1281 3718 1370 3771 διὰ
1391 3718 1499 3772 τῶν
1529 3720 1715 3773 κακῶν
1753 3721 1952 3791 μηνύε-

382 3803 503 3855 σθαι
559 3803 822 3872 πέφυκεν,
865 3805 1053 3878 ὥσπερ
1085 3808 1204 3862 οὐδὲ
1246 3809 1335 3863 διὰ
1371 3811 1596 3876 σκότους
1647 3813 1708 3865 τὸ
1743 3813 1879 3881 φῶς,
1915 3815 1948 3885 ἢ

381 3889 613 3944 Θανάτου
645 3893 755 3964 ζωή
786 3912 798 3924 ο
838 3897 931 3949 καὶ
982 3897 1075 3950 τοῦ
1122 3900 1388 3970 μηδαμῶς
1425 3901 1597 3966 ὄντος,
1633 3903 1694 3957 τὸ
1738 3905 1818 3958 δν.
1845 3906 1951 3958 Καὶ

381 3983 443 4037 οὐ
471 3985 612 4052 λέγω
654 3987 826 4040 ταῦτα
874 3989 1007 4059 πρὸς
1033 3991 1130 4060 τὴν
1157 3993 1382 4046 ἐκείνων
1412 3993 1669 4064 ἀθέτησιν
1705 4011 1720 4028 ο
1758 3995 1952 4067 ἔχομαι

383 4072 490 4144 γὰρ
522 4075 608 4126 καὶ
636 4076 931 4147 ἀντέχομαι
966 4080 1111 4150 ζωῆς
1147 4081 1307 4134 πλέον
1338 4122 1352 4147 ,
1383 4083 1483 4150 τῆς
1538 4085 1646 4138 τῶν
1696 4086 1953 4156 φαμένων

382 4162 730 4230 διδασκαλίας
753 4187 764 4198 ·
800 4169 934 4223 ἀλλὰ
962 4171 1022 4224 τὸ
1045 4173 1244 4227 οἰκεῖον
1279 4173 1503 4246 μέτριον
1525 4176 1592 4230 δι’
1625 4176 1800 4248 ἄκραν
1843 4178 1954 4232 δει-

385 4256 504 4311 λίαν
537 4258 984 4329 ἀσφαλιζόμενος.
1018 4263 1126 4335 Τὴν
1155 4264 1212 4318 δὲ
1247 4265 1550 4335 ἀνάγνωσιν
1589 4267 1682 4320 τοῦ
1717 4268 1955 4322 ὑποπιά-

1971 3034 2013 3091 C

2033 1791 2308 1856 enarravi,
2341 1799 2606 1859 quantum
2656 1806 2756 1861 pro
2810 1790 2976 1844 animi
3021 1792 3242 1846 modulo
3288 1793 3502 1862 assequi
3545 1793 3615 1847 li-

2033 1881 2168 1946 cuit,
2200 1882 2305 1936 etsi
2348 1882 2439 1936 alii
2475 1897 2601 1936 eum
2633 1881 2814 1936 locum
2849 1881 3008 1937 aliter
3045 1883 3458 1948 intellexerunt;
3485 1900 3614 1953 par—

2037 1972 2245 2043 timque
2276 1973 2343 2028 de
2385 1973 2630 2040 Christo,
2661 1975 2862 2045 partim
2909 1984 3100 2029 contra
3145 1976 3214 2030 de
3256 1977 3614 2043 Antichristo,

2035 2065 2290 2120 nonnulli
2328 2075 2722 2136 exposuerunt.
2754 2067 2938 2121 Metuo
2969 2074 3148 2122 tamen
3184 2084 3248 2122 ac
3280 2069 3615 2134 absterreor,

2036 2171 2106 2212 ne
2153 2157 2430 2212 utrumvis
2477 2168 2572 2212 aut
2620 2158 2939 2230 intelligam,
2989 2167 3084 2212 aut
3130 2159 3306 2213 dicam
3339 2179 3352 2214 :
3385 2161 3618 2217 alterum

2038 2249 2284 2320 quidem,
2307 2248 2453 2320 quod
2475 2264 2691 2303 omnem
2730 2258 2950 2319 respuat
2985 2251 3478 2320 comparationem;
3507 2268 3616 2308 non

2038 2342 2186 2395 enim
2217 2341 2399 2396 minor
2440 2341 2662 2411 quidem
2691 2341 2838 2405 Filii,
2876 2343 3049 2412 major
3078 2352 3262 2398 autem
3298 2345 3473 2400 Patris
3495 2348 3618 2401 vin-

2039 2432 2184 2487 dicta
2216 2441 2326 2499 est;
2362 2442 2456 2488 aut
2486 2450 2584 2504 per
2613 2433 2801 2498 alium,
2836 2443 2998 2505 atque
3030 2436 3132 2490 alia
3177 2453 3424 2508 prorsus,
3455 2455 3617 2508 quam

2039 2523 2187 2589 Filii,
2223 2531 2318 2579 aut
2343 2539 2452 2593 per
2481 2524 2703 2580 Filium.
2732 2523 2977 2591 Quanam
3001 2541 3131 2580 vero
3160 2527 3393 2588 ratione,
3426 2527 3618 2580 eadem

2039 2629 2166 2672 cum
2191 2615 2283 2680 sit,
2312 2616 2465 2685 quasi
2491 2631 2588 2686 per
2614 2616 3084 2687 comparationem,
3101 2617 3254 2679 dicit,
3282 2618 3417 2672 Deus
3445 2626 3621 2671 autem

2041 2723 2148 2762 non
2177 2708 2334 2778 faciet
2357 2709 2644 2763 vindictam
2668 2710 2871 2764 vestri?
2890 2708 3008 2764 Non
3041 2709 3190 2764 enim
3221 2709 3385 2763 habet
3413 2710 3620 2773 locum,

2042 2810 2140 2857 aut
2167 2801 2391 2859 omnino
2415 2801 2669 2858 diversus
2696 2802 3116 2867 monstrabitur,
3151 2816 3326 2870 eaque
3359 2800 3623 2871 praeditus

2044 2900 2261 2956 natura,
2297 2907 2418 2962 qua:
2469 2893 2615 2948 idem
2661 2902 2921 2964 prmstarc
2967 2909 3076 2948 non
3125 2895 3339 2964 possit:
3393 2909 3623 2963 quaeque

2044 2984 2185 3040 adeo
2211 2984 2458 3055 ejusdem
2489 2985 2715 3041 minime
2744 2986 2958 3040 ordinis
2990 2986 3092 3052 sit;
3131 2985 3224 3041 sed
3265 3000 3386 3055 quae
3414 2985 3621 3039 solum-

2045 3073 2210 3130 modo
2263 3083 2524 3144 tanquam
2576 3075 2909 3131 eminentem
2961 3076 3256 3130 simulacro
3302 3074 3504 3129 referat
3559 3090 3624 3129 ac

2046 3173 2423 3235 repraesentet,
2444 3183 2564 3223 eam
2585 3183 2706 3237 qua:
2726 3165 3011 3236 praecellit.
3033 3167 3279 3221 Alterum
3302 3181 3453 3230 vero,
3476 3167 3623 3235 quod

2046 3254 2202 3310 nullo
2241 3255 2404 3310 modo
2449 3256 2848 3312 admittendum
2895 3257 2988 3321 sit,
3037 3271 3215 3326 neque
3249 3271 3335 3311 res
3366 3257 3528 3322 ferat,
3564 3267 3626 3312 ut

2047 3354 2240 3400 auctor
2265 3345 2487 3406 malitia:
2516 3356 2572 3404 et
2604 3347 2864 3402 inventor
2891 3347 3214 3417 doctorque,
3246 3348 3450 3402 bonum
3482 3362 3625 3416 prae-

2047 3444 2194 3492 stare
2229 3436 2577 3494 existimetur
2616 3455 2630 3492 :
2673 3438 2789 3493 Non
2822 3441 2984 3501 enim,
3029 3439 3230 3510 inquit,
3268 3448 3432 3510 potest
3470 3439 3629 3493 ιιι-ενοι-

2049 3529 2198 3583 mala
2225 3530 2425 3599 fructus
2453 3531 2612 3585 bonos
2641 3531 2814 3600 facere
2840 3532 2892 3597 ⁶;
2922 3532 3161 3586 vindicta
3195 3543 3376 3586 autem
3421 3531 3627 3586 bonum

2049 3628 2154 3685 est,
2195 3621 2453 3691 justeque
2483 3637 2710 3677 munere
2749 3637 2851 3677 seu
2891 3621 3194 3688 (unctione,
3225 3623 3630 3692 interpellantis

2051 3711 2358 3767 molestiam
2401 3712 2671 3768 redimere
2705 3728 2770 3767 ac
2802 3711 3099 3782 depellere.
3127 3716 3234 3768 Aut
3261 3714 3399 3768 forte
3429 3723 3489 3768 ut
3514 3715 3628 3769 An-

2051 3802 2304 3857 tichristo
2339 3803 2504 3873 (quod
2552 3802 2726 3876 nefas)
2767 3805 2983 3859 Patrem
3020 3805 3252 3860 similem
3298 3820 3628 3870 asseramus,

2052 3910 2153 3965 per
2183 3895 2404 3961 Filium,
2450 3895 2614 3965 idque
2664 3896 3007 3966 unigenitum
3054 3898 3284 3966 parique
3336 3906 3532 3951 natura
3566 3912 3631 3952 ac

2053 3987 2319 4052 bonitate,
2344 3987 2563 4043 virtutis
2588 3987 2767 4043 omnis
2789 4004 2852 4042 ac
2873 3989 2997 4044 vita:
3017 3997 3316 4044 auctorem.
3339 3989 3457 4044 Non
3482 3990 3629 4044 enim

2052 4085 2250 4134 natura
2279 4088 2672 4148 comparatum,
2697 4089 2757 4134 ut
2782 4079 2920 4134 bona
2951 4087 3006 4135 et
3026 4079 3278 4145 honesta,
3298 4094 3489 4134 eorum
3511 4095 3632 4149 qum

2054 4171 2196 4226 mala
2227 4179 2376 4236 sunt,
2404 4179 2532 4241 typo
2558 4171 2947 4241 designentur;
2976 4171 3122 4226 sicut
3147 4186 3324 4241 neque
3350 4179 3410 4225 ut
3445 4172 3631 4226 lumen

2056 4279 2155 4333 per
2188 4264 2464 4327 tenebras,
2489 4279 2553 4318 ac
2578 4280 2674 4333 per
2700 4273 2928 4318 mortem
2954 4263 3090 4329 vita;
3118 4279 3184 4317 eo
3213 4263 3451 4333 denique
3485 4265 3632 4334 quod

386 4345 500 4410 ζειν
528 4349 832 4411 κανονίζειν
884 4352 945 4404 οὐ
995 4353 1203 4424 πρέπον
1234 4355 1377 4425 ἐμοὶ,
1409 4355 1497 4408 διὰ
1526 4358 1626 4428 τὴν
1660 4359 1717 4410 ἐν
1744 4359 1942 4424 τούτοις

2059 4354 2286 4410 minime
2310 4362 2416 4418 est,
2444 4355 2497 4409 id
2527 4353 2670 4425 quod
2703 4363 2787 4408 est
2811 4353 3095 4425 ﬁguretur.
3129 4353 3315 4424 Neque
3345 4354 3460 4408 lucc
3485 4353 3630 4419 dico,

385 4438 642 4507 ἀμαθίαν,
666 4442 697 4512 ἢ
729 4444 840 4506 τοῖς
867 4444 1199 4515 ἠσκημένοις
1217 4449 1309 4501 καὶ
1334 4449 1538 4522 σπουδῇ
1567 4451 1955 4523 προελομένοις

385 4528 483 4599 τὴν
515 4532 828 4586 παίδευσιν·
863 4535 912 4588 οἳ
947 4536 1152 4606 ταύτην
1203 4539 1440 4609 ὀφείλειν
1491 4543 1626 4612 φασὶ
1672 4545 1954 4610 κανονίζε-

388 4621 512 4674 σθαι
569 4621 873 4694 βαρυτόνως
935 4628 1218 4699 μᾶλλον,ἢ
1279 4630 1732 4702 περισπωμένως,
1757 4634 1840 4687 ὅτι
1894 4635 1954 4689 τέ

387 4729 518 4782 φασι
545 4714 651 4768 τῶν
683 4718 945 4787 ῥημάτων
971 4720 1122 4774 οὐδὲν
1153 4724 1511 4793 περισπᾶται,
1543 4723 1682 4796 πλὴν
1707 4726 1756 4778 ει
1790 4725 1864 4797 μὴ
1887 4728 1953 4782 ἐκ

392 4810 754 4877 συναιρέσεως
810 4809 1106 4880 βαρυτόνου
1165 4813 1520 4884 καθέστηκεν,
1571 4815 1644 4879 ὡς
1701 4816 1951 4882 τὸ,νοῶ,

387 4897 480 4950 καὶ
548 4899 720 4962 ποιῶ,
774 4902 868 4954 καὶ
930 4903 1138 4972 χρυσῶ,
1217 4905 1310 4958 καὶ
1369 4905 1472 4958 ὅσα
1531 4906 1797 4970 τοιαῦτα,
1850 4924 1957 4976 φυ-

385 4989 654 5045 λάσσοντα
719 4992 815 5046 καὶ
878 4996 1016 5049 μετὰ
1077 4995 1389 5066 προθέσεως
1461 4997 1554 5050 ἐπὶ
1623 4998 1723 5067 τῆς
1784 4998 1960 5069 αὐτῆς

386 5083 477 5136 τὸν
505 5085 678 5139 τόνον.

2053 4457 2116 4502 ιιι
2151 4448 2285 4503 viris
2324 4448 2642 4514 detraham;
2683 4463 2808 4503 cum
2848 4463 3036 4503 eorum
3076 4447 3169 4518 qui
3209 4447 3486 4510 dixerunt,
3539 4445 3634 4500 do-

2051 4542 2309 4608 ctrinam,
2344 4542 2461 4612 ipsa
2489 4540 2796 4597 charinrem
2831 4539 2945 4594 vita
2971 4541 3222 4606 habeam,
3257 4541 3351 4596 sed
3397 4546 3457 4593 ut
3500 4553 3634 4593 mere

2052 4636 2172 4706 ipse
2201 4634 2456 4690 tenuitati
2489 4651 2604 4704 prae
2632 4648 2844 4688 summa
2880 4632 3178 4687 formidine
3202 4647 3443 4688 caveam.
3474 4630 3635 4686 Vocis

2061 4735 2244 4783 autem
2281 4726 2622 4790 ὑπωπιάζειν
2661 4733 2920 4781 accentus
2949 4725 3216 4779 rationem
3256 4721 3493 4783 tradere,
3523 4735 3634 4774 non

2063 4827 2171 4874 tam
2199 4833 2444 4873 mearum
2482 4817 2554 4872 sit
2588 4818 2850 4887 partium,
2881 4817 2954 4870 ob
2989 4830 3254 4870 summam
3296 4813 3363 4866 iis
3393 4813 3446 4867 in
3472 4811 3636 4866 rebus

2063 4909 2361 4973 inscitiam,
2394 4924 2558 4979 quam
2599 4907 2966 4971 eruditorum,
3007 4915 3064 4960 et
3096 4904 3189 4974 qui
3217 4901 3523 4972 disciplinis
3553 4916 3635 4956 se-

2065 5001 2196 5056 dulo
2232 5001 2476 5056 animum
2505 4999 2892 5069 adjunxerunt.
2920 4997 3088 5051 Aiunt
3118 4997 3302 5065 itaque
3333 4995 3414 5049 sic
3441 4993 3636 5048 obser-

2064 5089 2326 5154 vandum,
2354 5098 2416 5143 ut
2443 5088 2597 5160 gravi
2627 5087 2810 5157 potius
2844 5094 3094 5152 accentu,
3137 5097 3298 5155 quam
3335 5083 3474 5138 ﬂexo
3505 5096 3638 5153 pro-

388 5179 694 5236 nuntietur.
720 5180 942 5236 Nullum
963 5183 1112 5240 enim
1133 5183 1366 5238 verbum
1387 5184 1578 5240 dicunt
1602 5185 1983 5251 cimumﬂecti,
2021 5186 2132 5242 nisi
2164 5184 2311 5256 quod
2349 5199 2416 5239 ex
2457 5183 2609 5254 gravi
2645 5199 2745 5253 per
2780 5181 3210 5237 contractionem
3243 5179 3500 5235 effectum
3531 5177 3635 5247 sit;

391 5281 449 5324 ut
495 5277 622 5325 sunt
664 5271 769 5323 νοῶ
799 5271 970 5339 ποιῶ,
1001 5275 1218 5344 χρυσῶ,
1253 5290 1318 5330 ac
1359 5276 1592 5340 similia,
1628 5293 1750 5348 quae
1792 5279 1957 5334 etiam
1995 5295 2120 5334 cum
2157 5276 2532 5349 propositione
2559 5276 2612 5330 in
2638 5275 2828 5330 eadem
2854 5287 3076 5330 servant
3097 5283 3404 5329 accentum.

460 5360 574 5430 Τὴν
602 5361 801 5429 δεξιὰν,
829 5366 1076 5434 σιαγόνα,
1105 5366 1202 5439 τὴν
1228 5368 1409 5432 δεξιὰν
1442 5370 1641 5442 πρᾶξίν
1665 5389 1833 5444 φημι,
1857 5373 1952 5427 καὶ

389 5451 524 5522 ὅσην
556 5452 738 5518 ἔνθεος
796 5457 931 5526 ἡμῖν
981 5458 1070 5514 διὰ
1120 5460 1228 5514 τῶν
1278 5462 1506 5517 ἐντολῶν
1563 5465 1952 5536 συνιστάμενος

391 5543 507 5616 βίος
552 5548 972 5619 χαρακτηρίζει,
1021 5553 1392 5626 ῥαπιζομένην
1433 5555 1536 5609 ὑπὸ
1576 5555 1670 5610 τοῦ
1710 5556 1949 5629 πονηροῦ

461 5702 481 5733 ⁸
510 5701 639 5758 Luc.
668 5719 815 5773 xvru,
855 5706 905 5759 7.
983 5707 1004 5738 ⁶
1031 5705 1218 5762 Matth.
1250 5724 1339 5775 vu,
1377 5710 1456 5766 18.

2127 5372 2299 5443 639
2318 5371 2607 5425 Dexteram
2638 5370 2913 5424 maxillam
2940 5410 2954 5434 ,
2991 5369 3270 5424 dexteram
3308 5367 3431 5422 dico
3463 5364 3636 5420 actio-

2061 5480 2210 5527 nem,
2247 5473 2303 5518 et
2343 5478 2466 5531 quae
2510 5462 2684 5520 fauste
2718 5461 2899 5528 cedit;
2930 5475 3149 5516 omnem
3182 5459 3444 5528 denique,
3474 5470 3636 5526 quam

2057 5554 2246 5610 divina
2290 5553 2453 5610 nobis
2483 5554 2614 5621 vita,
2646 5554 3028 5610 mandatorum
3055 5552 3439 5609 observatione
3477 5547 3637 5616 fulta,
