4010 6202
421 242 562 313 1405

1579 259 1756 321 ALIA
1793 263 1896 324 EX
1937 264 2504 332 VATICJCAPITA.

3543 280 3682 346 1406

413 365 518 434 τῆς
553 361 883 435 προπετείας
916 365 946 435 ἦ
979 369 1244 440 ἀμετρίας
1277 370 1383 424 τῶν
1422 372 1736 443 λεγομένων
1769 377 1801 448 ἢ
1831 393 1995 448 πρατ-

2109 393 2220 440 tem
2257 392 2353 439 aut
2386 385 2861 441 immoderantiam
2897 402 3092 444 eorum
3130 403 3253 461 qua:
3289 392 3552 449 dicuntur
3587 410 3686 455 aut

412 457 685 523 τομένων.

492 555 574 601 ιε’.
612 549 740 618 υύχ’
772 551 800 602 ό
844 553 954 612 τοῖς
994 551 1178 622 ἔργοις
1214 553 1290 624 μὴ
1323 554 1524 608 ἀδικῶν
1559 555 1658 628 τὴν
1688 557 1868 629 ψυχὴν
1894 560 2000 612 αὑ-

415 639 534 704 τού,
574 633 730 703 οὗτος
761 643 854 694 καὶ
899 645 1012 707 τοῖς
1053 644 1234 712 λόγοις
1285 641 1551 716 ἀμίαντον
1608 653 1996 722 συνετήρησεν.

409 733 494 787 ’ού
542 733 598 786 δὲ
646 735 673 786 ό
716 733 937 796 τούτους
971 735 1276 804 φυλάττων,
1310 737 1409 809 ήδη
1459 739 1554 792 καὶ
1580 739 1872 810 λογισμοὺς
1899 744 1999 796 οὐκ

421 824 698 893 ἐμόλυνεν.
743 820 804 877 Ὃ
835 825 942 894 γὰρ
991 827 1346 896 ἁμαρτάνων,
1382 829 1796 900 τριττῶᾷτοῦτο
1824 833 2000 902 πρὰτε-

416 933 520 970 τει.

490 1013 588 1072 ις’.
630 1009 704 1060 Οὐ
726 1008 929 1080 δυνήσῃ
959 1007 1016 1062 τδ
1046 1011 1338 1080 πρόσωπον
1367 1013 1469 1080 τῆς
1501 1014 1708 1084 ἀρετῆς
1738 1011 1995 1082 κατιδεῖν,

417 1098 590 1166 ἡδέως
625 1097 705 1150 ἔτι
736 1099 795 1151 τὸ
823 1099 921 1168 τῆς
952 1100 1148 1164 κακίας
1180 1104 1484 1158 κατανοῶν.
1515 1104 1760 1174 Μισητδν
1793 1101 1850 1157 δὲ
1875 1105 1996 1158 τότε

419 1193 663 1256 φανεῖται
696 1191 757 1262 τὸ
800 1189 1075 1263 δεύτερον,
1118 1193 1205 1245 ὅτε
1239 1193 1334 1245 τοῦ
1380 1193 1598 1264 πρώτου
1637 1195 1998 1264 ἐπιθυμήσεις

416 1281 514 1352 τὴν
563 1281 784 1351 γεῦσιν,
831 1283 927 1336 καὶ
993 1283 1260 1355 τοσαύτης
1304 1283 1404 1357 τὴν
1461 1281 1583 1352 ὄψιν
1635 1283 1998 1352 ἀποξενώσεις

421 1374 657 1444 μορφῆςι

492 1465 580 1527 ιζ’.
623 1465 720 1518 Διά
757 1465 865 1518 τῶν
886 1465 1186 1536 λογισμῶν,
1221 1467 1282 1519 ού
1313 1467 1423 1520 τῶν
1453 1462 1797 1539 πραγμᾶτων
1830 1483 2001 1540 προηλ-

424 1557 707 1626 γουμένως
747 1557 1077 1627 πολεμοῦσιν
1105 1559 1155 1610 οἱ
1201 1558 1457 1630 δαίμονες
1487 1561 1586 1630 τὴν
1613 1559 1814 1632 ψυχήν.
1846 1560 2000 1615 Αύτὰ

2101 487 2360 546 aguntur.

2175 571 2258 625 l5.
2289 571 2393 639 QUI
2429 590 2538 628 non
2571 572 2722 627 laedit
2754 570 3017 642 operibus
3047 587 3293 628 animum
3327 589 3510 641 suum,
3548 584 3685 633 Jaud

2099 663 2264 718 etiam
2297 665 2483 720 verbis
2513 665 2754 721 servavit
2786 665 3158 734 impollutum.
3192 665 3306 720 Nec
3347 666 3439 735 qui
3486 667 3688 738 linguae

2099 765 2289 812 custos
2321 769 2439 824 est,
2459 759 2573 828 jam
2609 774 2833 828 quoque
2867 757 3232 828 cogitationes
3259 759 3394 813 nihil
3430 760 3687 830 inquina-

2096 848 2197 903 vit.
2230 848 2522 904 Peccatum
2557 849 2729 916 enim,
2762 849 2966 919 triplici
3005 849 3110 903 hac
3145 850 3360 905 ratione
3393 849 3686 921 contingit.

2173 1021 2259 1080 16.
2320 1024 2553 1082 Virtutis
2605 1025 2802 1081 faciem
2859 1027 3051 1101 viuere
3115 1042 3227 1081 non
3292 1027 3536 1096 poteris,
3589 1028 3684 1099 qui

2093 1115 2337 1189 jucunde
2385 1119 2570 1174 adhuc
2611 1119 2734 1173 vitii
2781 1126 3139 1188 conspectum
3187 1119 3375 1174 animo
3418 1135 3678 1190 usurpes.

2098 1205 2256 1268 Tunc
2283 1226 2451 1281 porro
2476 1213 2710 1267 alterum
2741 1223 2968 1266 exosum
2999 1209 3298 1277 videbitur,
3325 1226 3450 1266 cum
3481 1213 3685 1282 prioris

2099 1309 2320 1374 gustum
2369 1303 2650 1358 desiderio
2700 1305 3102 1374 concupisces,
3136 1304 3462 1373 vultumque
3510 1318 3541 1358 a
3591 1304 3683 1358 tali

2098 1393 2262 1464 longe
2291 1392 2467 1447 forma
2493 1393 2850 1448 abstraxeris.

2174 1484 2260 1538 17.
2292 1483 2730 1553 Cogitationum,
2758 1500 2870 1538 non
2905 1498 3089 1540 rerum
3123 1483 3378 1548 incursu,
3409 1483 3686 1538 da-mones

2098 1575 2464 1645 principalius
2511 1575 2841 1630 adoriuntur
2885 1576 3152 1630 animum.
3198 1576 3336 1632 Nam
3386 1589 3476 1630 res
3522 1573 3682 1644 ipsa),

417 1649 528 1719 γὰρ
571 1647 694 1703 καθ’
725 1650 888 1712 αὐτὰ,
946 1650 1218 1718 ἀναγκαῖα
1267 1650 1336 1704 τὰ
1385 1651 1708 1722 πράγματα.
1742 1653 1852 1704 Καὶ
1889 1651 1995 1706 τῶν

2109 1664 2406 1720 secundum
2445 1679 2525 1728 se,
2557 1666 2888 1719 necessaria:
2929 1675 3077 1719 sunt.
3113 1665 3192 1719 Ac
3233 1677 3422 1718 rerum
3458 1662 3684 1732 quidem

421 1739 518 1810 μὲν
555 1741 918 1809 πραγμάτων,
961 1742 990 1803 ὴ
1024 1741 1160 1810 ἀκοὴ
1192 1741 1347 1794 αἰτία
1388 1741 1482 1794 καὶ
1513 1742 1704 1812 ὅρασις
1728 1758 1743 1772 ο
1783 1741 1894 1796 τῶν
1935 1741 1993 1797 δὲ

2109 1770 2284 1822 :ausa,
2306 1755 2529 1810 auditus
2554 1765 2609 1810 et
2633 1756 2784 1810 visus
2812 1774 2824 1810 :
2855 1756 3250 1828 cogitationum
3274 1770 3430 1822 vero,
3452 1769 3687 1809 consue-

421 1829 720 1900 λογισμῶν,
752 1831 786 1900 ἡ
820 1829 1080 1898 συνήθεια
1113 1830 1208 1884 καὶ
1245 1829 1294 1883 οἱ
1322 1828 1598 1901 δαίμονες.

483 1938 576 2009 ιη’.
597 1939 824 2010 Τριττδν
861 1939 982 2010 μὲν,
1009 1938 1071 1992 τὸ
1098 1940 1474 2012 ἁμαρτητικὸν
1491 1939 1656 2011 μέρος
1677 1941 1775 2012 τῆς
1794 1940 1995 2012 ψυχῆς,

415 2029 475 2083 ὲν
499 2029 681 2102 ἔργοις
715 2029 808 2083 καὶ⁸
825 2027 1003 2099 λόγοις
1028 2031 1121 2084 καὶ
1141 2029 1419 2100 λογισμοῖς
1439 2031 1846 2104 εὑρισκόμενον.
1873 2031 1997 2097 Ἐξ-

415 2121 596 2176 αδικὺν
623 2121 680 2176 δὲ
699 2161 715 2186 ,
741 2121 802 2174 τὸ
827 2121 1241 2193 ἁναμαρτησίας
1280 2123 1461 2177 καλόν.
1493 2123 1863 2187 ιἈπταίστους
1888 2122 1998 2193 γὰρ

414 2215 514 2278 τὰς
552 2201 716 2268 πέντε
754 2215 1038 2286 αἰσθήσεις
1076 2215 1173 2269 καὶ
1207 2215 1299 2268 τὸν
1345 2216 1682 2287 προφορικδν
1712 2217 1998 2287 συντηρεῖν

408 2301 498 2362 δεῖ
546 2306 728 2375 λόγον.
779 2307 884 2362 Ἕν
928 2301 1073 2372 οῖςό
1092 2306 1179 2378 μὴ
1222 2308 1472 2372 aratur,
1527 2308 1683 2375 ἁνήρ
1716 2322 1867 2376 φησι
1905 2306 1995 2361 τέ-

412 2398 600 2462 Istoc,
632 2394 892 2461 δυνατὸς
927 2397 1421 2467 χαλιναγωγῆσαι
1450 2397 1547 2451 καὶ
1583 2397 1655 2452 τὰ
1691 2396 1853 2468 μέλη
1889 2397 1997 2452 τοῦ

408 2487 710 2556 σώματος.

486 2597 577 2652 ιϐ’.
631 2597 876 2669 Ἐξαχῶς
942 2598 1005 2654 τὸ
1063 2600 1258 2670 ἄλογον
1330 2602 1497 2673 μέρος
1557 2603 1845 2675 διαιρεῖται
1896 2603 1999 2672 τῆς

408 2681 624 2761 ψυχῆς⁸
657 2691 738 2754 εἷς
766 2709 825 2744 τε
856 2691 956 2756 τὰς
985 2692 1146 2748 πέντε
1175 2693 1480 2764 αἰσθήσεις,
1499 2696 1594 2748 καὶ
1626 2697 1701 2760 είς
1733 2695 1825 2748 τὸν
1856 2695 1999 2748 κατὰ

415 2781 700 2852 προφορὰν
741 2781 922 2852 λόγον,
966 2783 1026 2846 ὃς
1073 2784 1466 2857 συνδιαιρετται
1517 2786 1618 2857 μὲν
1669 2787 1997 2858 ὰδιαιρέτως

410 2870 492 2942 τῷ
514 2871 795 2943 πάσχοντι,
831 2873 1046 2945 ἀπαθὴς
1076 2874 1155 2931 ὢν
1175 2892 1189 2905 '
1215 2875 1590 2947 ἁναμάττεται
1618 2877 1676 2932 δὲ
1700 2877 1798 2950 τὴν
1826 2875 1996 2933 αὑτοῦ

412 2963 616 3018 κακίαν
651 2964 950 3037 παθητικὸς
980 2966 1393 3038 εὑρισκόμενος.

478 3257 549 3311 δι’.
591 3259 666 3311 Οὐ
704 3257 928 3311 δύναται
964 3257 1088 3311 οὔτε
1144 3258 1304 3330 σῶμα
1351 3259 1693 3331 καθαρθῆναι
1734 3256 1990 3330 νηστείας

410 3351 510 3404 καὶ
565 3352 871 3422 ἀγρυπνίας
912 3354 1121 3423 χωρίς’
1174 3351 1300 3406 οὔτε
1353 3353 1534 3417 ἐλέους
1583 3356 1677 3407 καὶ
1733 3353 1991 3424 ἀληθείας

412 3440 558 3511 ψυχή
578 3456 592 3472 ο
622 3441 736 3494 ἀλλ’
760 3440 884 3494 οὔτε
920 3441 1038 3504 νοῦς
1056 3443 1184 3496 ἄνευ
1211 3444 1446 3513 θεωρίας
1475 3444 1569 3498 καὶ
1596 3445 1812 3514 ὁμιλίας
1829 3443 1988 3497 Θεοῦ.

408 3525 581 3585 ,Δῦται
616 3530 724 3602 γὰρ
752 3532 807 3584 αἱ
834 3533 1104 3600 συζυγίαι,
1137 3534 1195 3586 ὲν
1227 3533 1436 3598 τούτοις
1463 3535 1881 3604 ὲπισημόταται.

491 3738 599 3786 xa'.
645 3729 1140 3802 Κυκλοφορουμὲνη
1195 3729 1672 3799 ταῖςοείρημ-έναις
1709 3729 1927 3799 ἀρεταῖς
1955 3728 1991 3798 ἡ

405 3824 580 3896 ψυχὴ,
608 3822 1049 3893 ἁπερικτύπητον
1089 3822 1150 3875 τὸ
1176 3820 1378 3892 ταύτης
1412 3823 1475 3874 ἐκ
1510 3820 1830 3892 πειρασμῶν
1864 3819 1995 3873 καθ-

411 3919 594 3988 ίστησι
631 3917 922 3988 φρούριον’
962 3918 990 3970 ὅ
1020 3917 1167 3968 ἐστιν
1203 3915 1509 3986 ήύπομονή
1532 3932 1546 3945 ·
1599 3913 1704 3967 Ἐν
1737 3910 1810 3981 τῇ
1845 3915 1994 3966 ὐπο-

407 4010 566 4082 μονῇ
591 4009 759 4077 ὑμῶν
781 4008 891 4079 γὰρ
923 4008 1234 4076 κτήσασθε
1257 4006 1361 4072 τὰς
1388 4006 1592 4074 ψυχὰς
1622 4003 1810 4074 ὑμῶν,
1839 4004 1868 4056 ὁ
1893 4004 1995 4058 Λόλ-

414 4123 511 4174 γος
540 4105 726 4174 φησίν.
759 4105 821 4156 Et
849 4103 904 4156 δὲ
932 4103 1136 4174 ἑτέρως
1170 4103 1408 4172 ἐχόμενα
1447 4101 1558 4170 εἴη,
1595 4097 1686 4154 οἷά
1714 4117 1801 4163 τις
1836 4099 1994 4163 πόλις

410 4198 744 4267 ἀτείχιστος,
779 4196 875 4247 καὶ
903 4194 1009 4248 ὑπὸ
1055 4194 1165 4246 τῶν
1207 4192 1492 4265 πόρρωθεν
1519 4193 1733 4265 ψόφων,
1783 4192 1990 4256 δειλίας

2099 1847 2234 1904 tudo
2265 1863 2330 1903 ac
2357 1847 2440 1902 vis
2466 1847 2798 1902 daemonum.

2172 1959 2259 2016 18.
2291 1951 2584 2016 Trifariam
2613 1959 2784 2015 animi
2820 1969 3105 2030 peccatum
3139 1959 3426 2033 dividitur,
3450 1959 3597 2030 quod
3629 1960 3684 2013 in

2097 2047 2362 2120 operibus
2391 2057 2446 2104 et
2474 2049 2660 2104 verbis
2690 2059 2749 2104 et
2780 2049 3212 2120 cogitationibus
3244 2050 3547 2104 invenitur.
3579 2049 3686 2104 Sex

2096 2157 2232 2197 vero
2269 2141 2522 2211 partibus
2560 2148 2776 2195 constat
2819 2156 2928 2194 non
2967 2141 3230 2210 peccandi
3276 2141 3504 2196 bonum.
3538 2141 3684 2195 luot-

2097 2233 2284 2289 fenses
2315 2233 2463 2287 enim
2499 2245 2782 2287 servemus
2814 2247 3040 2287 necesse
3070 2241 3156 2287 est
3185 2231 3431 2302 quinque
3463 2247 3683 2293 sensus,
3744 2250 3756 2260 ·

2098 2325 2324 2394 orisque
2370 2338 2688 2378 sermonem
2741 2339 2755 2376 :
2805 2321 2871 2377 In
2920 2323 3106 2392 quibus
3155 2323 3246 2392 qui
3289 2337 3394 2375 non
3441 2322 3684 2392 offendit,

2098 2416 2356 2488 perfectus
2403 2426 2477 2469 est
2521 2416 2629 2482 vir;
2673 2422 2852 2486 potem
2900 2416 3061 2468 etiam
3110 2415 3258 2484 freno
3301 2412 3686 2467 circumducere

2098 2507 2331 2562 membra
2362 2508 2595 2577 corporis
2617 2507 2706 2562 ⁸⁸⁸.

2168 2621 2330 2694 643
2373 2622 2456 2676 i9.
2487 2620 2670 2676 Animi
2710 2635 2840 2692 pars
2876 2619 3111 2675 rationis
3147 2635 3344 2690 expers
3382 2633 3477 2672 sex
3517 2617 3687 2687 parti-

2098 2714 2203 2769 bus
2245 2712 2540 2779 dividitur;
2591 2712 2840 2782 quinque
2886 2711 3100 2767 scilicet
3144 2709 3433 2772 sensibus,
3465 2717 3523 2761 et
3563 2722 3681 2762 ser-

2098 2822 2262 2862 mone
2287 2806 2380 2878 qui
2409 2821 2506 2860 ore
2534 2804 2832 2875 profertur.
2858 2804 2930 2870 Is,
2951 2820 3062 2859 una
3085 2817 3211 2859 cum
3238 2817 3305 2857 eo
3328 2799 3421 2871 qui
3448 2798 3687 2854 afﬁcitur

2098 2897 2336 2954 indivise
2383 2896 2684 2962 dividitur,
2728 2894 2991 2949 immunis
3038 2893 3156 2964 ipse
3206 2891 3275 2946 ab
3325 2889 3616 2945 affectione
3665 2905 3682 2942 :

2100 2989 2377 3046 contrahit
2407 3005 2541 3044 vero
2576 2988 2697 3059 ejus
2723 2987 2922 3041 vitium
2956 3001 3021 3040 ac
3053 2984 3349 3048 malitiam,
3379 2996 3504 3036 cum
3546 2978 3683 3033 affe-

2023 3092 2068 3156 c
2099 3089 2223 3136 ctus
2264 3081 2568 3135 concitatos
2605 3093 2834 3134 movens
2873 3077 3198 3146 animosque
3232 3072 3565 3147 perturbans
3595 3070 3684 3125 in-

2098 3173 2339 3229 venitur.

2167 3265 2258 3320 20.
2289 3265 2402 3318 Nec
2434 3278 2637 3332 corpus
2670 3262 2810 3318 citra
2837 3260 3106 3333 jejunium
3131 3259 3455 3330 vigiliasque
3485 3270 3685 3312 emun-

2097 3355 2216 3410 dari
2270 3361 2483 3426 potest,
2524 3369 2627 3410 nec
2675 3353 2884 3424 absque
2929 3351 3310 3408 misericordia
3356 3357 3413 3405 et
3452 3347 3685 3403 veritate

2097 3447 2348 3512 animus;
2405 3455 2460 3499 at
2510 3456 2691 3515 neque
2748 3459 2906 3500 mens
2961 3445 3170 3513 absque
3225 3438 3685 3509 contemplatione

2096 3537 2304 3606 Deique
2341 3536 2639 3605 colloquio.
2671 3535 2810 3591 Sunt
2849 3535 2996 3591 enim
3043 3534 3127 3588 ha:
3167 3535 3224 3588 in
3261 3533 3385 3588 istis
3422 3529 3686 3586 illustris—

2098 3627 2250 3681 simae
2280 3626 2717 3695 conjugationes.

2168 3735 2257 3790 21.
2297 3735 2412 3800 His,
2449 3751 2588 3805 quas
2630 3735 2904 3799 dicebam,
2939 3733 3258 3796 virtutibus,
3293 3744 3472 3785 cuneo
3502 3727 3685 3782 valla-

2095 3833 2189 3884 tus
2235 3829 2472 3892 animus,
2503 3828 2746 3882 immune
2778 3843 2808 3882 a
2846 3827 3208 3882 tentationum
3243 3822 3474 3891 strepitu
3505 3819 3686 3874 reddit

2095 3935 2259 3975 suum
2301 3917 2645 3987 praesidium,
2685 3916 2739 3970 id
2784 3923 2898 3980 est,
2936 3914 3278 3985 patientiam.
3315 3911 3406 3966 Ait
3447 3923 3686 3977 namque

2101 4010 2386 4078 Scriptura
2444 4027 2457 4063 :
2513 4008 2579 4063 In
2630 4008 2889 4079 patientia
2943 4013 3117 4059 vestra
3171 4003 3424 4074 possidete
3475 4002 3682 4054 animus

2096 4110 2298 4156 vestras
2325 4102 2367 4154 ⁷.
2406 4099 2502 4155 Sin
2547 4108 2733 4154 autem
2780 4113 2840 4154 se
2887 4098 3049 4152 aliter
3090 4112 3178 4150 res
3224 4093 3500 4174 habuerit,
3536 4089 3682 4144 baud

2100 4209 2258 4249 secus
2294 4208 2358 4248 ac
2387 4192 2582 4248 civitas
2615 4193 2939 4254 immorata,
2969 4190 3138 4244 etiam
3170 4186 3481 4257 fragoribus
3521 4185 3683 4253 longe

412 4291 631 4363 μοχλάς
663 4286 1048 4342 κατασείεοθαι
1079 4286 1293 4341 εἴωθεν.
1519 4291 1547 4317 ‘

2109 4287 2322 4357 positis,
2349 4285 2568 4356 pavoris
2599 4283 2853 4340 vectibus
2885 4279 3272 4338 vehementius
3302 4276 3520 4333 concuti
3556 4291 3687 4329 con-

2101 4378 2301 4434 suevit.

485 4488 589 4558 κβ’.
628 4487 742 4558 υύχ
783 4487 898 4540 ὅσοι
950 4487 1033 4550 εἰς
1072 4485 1142 4538 τὰ
1192 4482 1332 4538 κατᾶ
1380 4484 1537 4553 λόγον
1571 4485 1682 4537 εἰσὶ
1713 4483 1990 4565 φρόνιμοι,

2162 4492 2250 4547 2Q.
2283 4492 2401 4546 Non
2443 4505 2638 4546 omnes
2675 4506 2747 4560 qu
2811 4502 3066 4545 sermone
3104 4485 3408 4557 prudentes
3447 4486 3596 4543 sunt,
3624 4477 3682 4531 hi

414 4577 560 4635 οὗτοι
595 4581 688 4632 καὶ
742 4580 820 4643 είς
865 4578 937 4632 τὰ
981 4578 1104 4632 κατ’
1137 4575 1350 4631 ἔννοιαν
1375 4594 1388 4608 ·
1417 4578 1532 4632 ὅσοι
1560 4577 1618 4630 δὲ
1662 4578 1741 4639 είς
1775 4577 1842 4630 τὰ
1872 4576 1995 4630 κατ’

2109 4600 2314 4656 quoque
2355 4584 2556 4638 mentis
2593 4599 2756 4639 sensu
2798 4582 3102 4652 prudentes
3135 4579 3406 4633 exsistunt
3443 4592 3456 4626 :
3493 4585 3685 4627 omnes

408 4669 638 4732 ἔννοιαν,
662 4665 804 4724 οὗτοι
826 4670 920 4724 καὶ
949 4671 1029 4732 είς
1063 4667 1134 4722 τὰ
1183 4668 1306 4722 κατ’
1322 4667 1576 4739 αἴσθησιν
1622 4666 1820 4734 ἔξωθεν
1843 4667 1995 4737 εὑρε-

2109 4691 2230 4732 rero
2253 4676 2350 4746 qui
2376 4675 2580 4732 mentis
2604 4690 2793 4740 sensu,
2821 4674 2876 4728 hi
2904 4672 3076 4727 etiam
3109 4685 3274 4725 sensu
3305 4663 3548 4722 exterius
3579 4661 3684 4714 hoc

413 4763 686 4834 θήσονται.
722 4765 784 4817 Εἰ
809 4761 918 4832 γὰρ
937 4762 1029 4814 καὶ
1058 4761 1263 4823 πάντας
1285 4761 1592 4829 ὑποφόρους
1613 4759 1724 4828 ἔχει
1750 4761 1783 4828 ή
1806 4757 1995 4828 αἴσθη-

2109 4783 2220 4824 esse
2270 4768 2642 4822 invenientur.
2689 4766 3009 4835 Quanquam
3053 4762 3200 4817 enim
3253 4773 3447 4814 sensus
3493 4767 3685 4808 omnes

418 4871 524 4918 σις,
555 4855 668 4910 ἀλλ’
699 4855 798 4924 οὐχ
823 4854 1044 4922 ὁμοίους
1075 4851 1212 4920 αὐτῇ
1245 4851 1370 4915 τοὺς
1395 4852 1596 4921 φόρους
1618 4849 1986 4904 ἀποδιδόασιν.

425 4946 516 5014 Ἐξ
560 4945 892 5016 ἁφελότητος
939 4943 1046 5015 γὰρ
1097 4944 1150 4996 οἱ
1205 4941 1426 5004 πλείους
1455 4942 1534 5003 είς
1559 4939 1628 4993 τὰ
1668 4941 1790 4993 κατ’
1820 4941 1991 5013 αὐτὴν

412 5038 580 5108 τιμᾷν
615 5036 782 5106 αὐτὴν
817 5034 894 5098 ὡς
919 5035 1058 5104 αὑτὴ
1080 5035 1292 5087 ηάπατεῖ
1325 5032 1426 5085 οὐκ
1455 5030 1800 5085 ἐπίστανται.

484 5160 593 5220 κγ’.
635 5153 712 5222 Τῇ
749 5153 910 5220 φύσει
941 5150 1186 5220 ἄτμητος
1235 5143 1370 5203 οὖσα
1410 5149 1442 5217 η
1495 5147 1774 5219 φρόνησις,
1806 5149 1994 5221 τέμνε-

400 5259 504 5297 ται
543 5245 622 5306 είς
651 5236 942 5313 διαφόρους
989 5242 1182 5312 τομάς.
1221 5234 1292 5312 τῼ
1320 5240 1417 5311 μὲν
1443 5241 1551 5309 γὰρ
1581 5240 1782 5293 δίδοται
1810 5241 1993 5308 πλέον,

415 5325 460 5403 ᾧ
493 5334 550 5388 δὲ
593 5333 810 5386 ἔλαττον
866 5333 1028 5404 μέρος
1063 5332 1270 5401 αὐτῆςο
1306 5331 1411 5394 ἕως
1443 5331 1741 5402 αὐξηθεῖσα
1785 5336 1817 5404 ἡ
1853 5353 1995 5407 πρα-

417 5426 581 5496 κτικὴ
629 5424 820 5497 ἁρετὴ,
881 5423 1213 5496 συνδρόμους
1288 5440 1349 5476 τε
1408 5423 1545 5494 αὐτῇ
1600 5423 1702 5487 τὰς
1755 5427 1997 5494 γωνικὰς

421 5502 679 5588 ίὶὶχουσα]
736 5513 958 5586 ἀρετὰς,
981 5513 1044 5566 τὸ
1096 5511 1444 5582 ἐνδεχόμενον
1495 5512 1700 5586 ἑκάστῃ
1744 5514 1996 5586 ἀποπλη-

491 5670 562 5704 Μ
579 5667 803 5737 diem,
829 5668 884 5724 2.
961 5669 980 5702 ⁷
1009 5664 1143 5722 Luc.
1168 5681 1276 5734 xxi,
1310 5666 1396 5721 i9.

2090 4859 2386 4928 vectigales
2418 4858 2602 4920 habet,
2627 4873 2738 4911 non
2771 4867 2951 4910 tamen
2983 4853 3172 4908 eadem
3209 4851 3287 4904 illi
3319 4848 3523 4903 tributa
3556 4845 3686 4900 red-

2091 4949 2250 5005 dunt.
2274 4947 2532 5017 Plerique
2559 4947 2706 5002 enim
2732 4962 2796 5000 ex
2823 4943 3194 5012 simplicitate,
3227 4958 3304 4997 suc
3325 4955 3452 4997 eum
3475 4936 3681 5006 colere,

2090 5049 2154 5094 ut
2181 5041 2298 5110 ipse
2320 5038 2548 5108 expetit,
2571 5052 2681 5091 non
2707 5042 2999 5090 noverunt.

2159 5151 2251 5205 2‘5.
2277 5150 2599 5215 Prudentia,
2628 5164 2754 5204 cum
2784 5158 2980 5203 natura
3001 5147 3356 5203 indivisibilis
3383 5147 3476 5210 sit,
3501 5145 3684 5199 diver-

2091 5244 2167 5299 sis
2206 5242 2459 5314 partibus
2495 5239 2790 5296 scinditur.
2825 5238 2928 5294 Alii
2963 5240 3111 5295 enim
3147 5239 3340 5310 major,
3374 5237 3466 5291 alii
3499 5235 3683 5290 minor

2093 5334 2244 5390 illius
2283 5333 2464 5404 portio
2505 5332 2801 5398 tribuitur;
2841 5333 3018 5388 donec
3061 5341 3222 5388 aucta
3263 5331 3436 5386 virtus
3474 5327 3677 5384 actioni

2087 5425 2344 5487 studens,
2377 5440 2486 5478 una
2526 5439 2713 5478 secum
2759 5433 3158 5480 concurrentes
3198 5431 3357 5478 nacta
3395 5419 3679 5494 generales

2092 5514 2356 5583 virtutes,
2393 5525 2660 5587 quantum
2696 5516 2903 5588 cuique
2944 5515 3154 5572 bonum
3195 5528 3516 5571 concessum
3558 5518 3674 5578 est,
