4046 6196
249 311 392 379 ’1409

1422 305 1598 366 ALIA
1639 301 1742 362 EX
1777 299 2022 361 VATIC.
2065 296 2356 361 CAPITA.

3386 293 3526 366 1410

250 424 402 491 ἄνευ,
426 424 484 476 ἐν
529 419 760 494 καθαρῷ
793 420 979 493 χωρίῳ
1008 420 1108 490 τῆς
1139 417 1308 489 εὐχῆς
1337 417 1398 471 οὑ
1427 418 1652 471 δύναται
1683 415 1829 483 γενέ-

1945 411 2064 465 sine
2087 427 2196 481 qua
2224 423 2401 474 mens,
2435 408 2490 461 in
2519 404 2726 460 mun’do
2753 404 3018 460 orationis
3051 404 3172 460 loco
3202 421 3314 462 non
3346 419 3528 479 potest

249 513 374 568 σθαι
402 515 432 567 6
459 513 606 576 νοῦς.

317 603 418 659 λ’δν.
471 603 560 656 Ἐν
613 601 692 673 τῷ
743 601 1088 672 ἐλέγχεσθαι,
1122 600 1155 671 ἢ
1190 602 1405 672 σιωπᾷν
1439 599 1539 656 δεῖ.
1571 599 1604 670 ἢ
1638 600 1822 669 ήπῖως

245 693 638 763 ἀπολογεῖσθαι
673 691 752 762 τῷ
791 693 1153 761 καταλέγοντι
1176 709 1190 723 υ
1224 693 1285 745 οὐ
1327 693 1415 746 διὰ
1466 692 1528 745 τὸ
1568 691 1835 761 συστῆσαι

250 784 320 842 τὰ
366 785 545 837 οἰκεῖα
599 782 691 836 τὸν
747 782 1140 855 ἐλεγχόμενον-ο
1176 782 1264 835 διὰ
1317 781 1374 834 δὲ
1421 781 1479 834 τὸ
1533 781 1834 851 ἀναστῆσαι

247 875 638 948 προσκόψαντα
665 877 816 940 ἴσως,
845 877 937 928 τὸν
958 874 1234 943 ἐνριγνοίᾳ
1273 873 1582 944 ἐλέγχοντα.

304 1058 413 1110 ιλεν.
466 1057 525 1110 Ὀ
561 1053 639 1123 τῷ
691 1054 994 1125 λυπήσαντι
1046 1055 1344 1126 ἀδίκως
1377 1055 1482 1125 πρὸ
1531 1053 1623 1106 τοῦ
1666 1071 1833 1124 προσ-

247 1149 511 1221 κληθῆναι
540 1149 631 1201 ὑπ’
661 1148 826 1202 αὐτοῦ
857 1148 1082 1211 εὐνοῶν,
1109 1147 1418 1217 ἐζημίωται
1464 1147 1573 1199 τών
1599 1147 1829 1215 ἀνηκόν-

246 1259 354 1296 των
373 1241 549 1294 οὐδέν.
595 1240 653 1292 Ὀ
684 1239 742 1293 δὲ
799 1240 938 1310 μετὰ
990 1240 1089 1308 τὴν
1143 1238 1506 1311 πρόσκλησιν,
1536 1237 1638 1306 τῆς
1665 1238 1832 1306 εὐφο-

252 1333 372 1404 ρίας
400 1333 460 1384 τὸ
489 1332 685 1402 ἥμισυ.
715 1330 1004 1402 Κερδαίνει
1031 1331 1088 1383 δὲ
1116 1330 1236 1383 ὅλον
1263 1329 1325 1382 τὸ
1348 1329 1828 1400 προκαταϐληθέν,

249 1427 276 1477 6
306 1424 578 1496 μηδέποτε
603 1423 691 1476 διὰ
723 1422 901 1492 λύπην
932 1421 1360 1490 ἀποσυνάγωγος
1400 1420 1794 1492 εὑρισκόμενος
1815 1435 1830 1450 ⁸

249 1515 575 1587 προστίθησι
607 1514 665 1568 δὲ
697 1515 792 1568 καὶ
836 1513 1029 1585 μισθὸν
1059 1513 1260 1578 ἐαυτὼ,
1299 1515 1328 1564 6
1358 1512 1420 1565 τὸ
1448 1513 1672 1584 σφάλμα
1704 1513 1830 1583 βὰλ-μ

247 1604 356 1662 λων
386 1606 573 1660 ἐπάνω
608 1603 810 1658 ἑαυτοῦ
844 1606 901 1664 ἐν
932 1603 1115 1657 παντί.

313 1880 423 1947 λς’.
459 1880 596 1935 Οὔτε
627 1882 656 1935 6
693 1879 1025 1952 ὑψηλόφρων
1051 1879 1404 1949 ἐπιγινώσκει
1438 1876 1528 1934 οἷα
1575 1882 1644 1936 τὰ
1692 1883 1824 1938 ἐαυ-

249 1975 342 2030 τοῦ
384 1973 784 2045 ἐλαττώματα,
843 1971 968 2026 οὔτε
1017 1975 1046 2026 6
1099 1973 1484 2044 ταπεινόφρων
1544 1973 1612 2028 τὰ
1653 1976 1834 2030 οἰκεῖα

250 2067 408 2121 καλά.
445 2065 721 2119 Καλύπτει
756 2066 887 2135 γὰρ,
907 2067 999 2119 τὸν
1033 2067 1152 2136 μὲν,
1187 2065 1379 2134 ἄγνοια
1409 2065 1610 2137 φαύλη·
1637 2066 1728 2120 τὸν
1750 2067 1828 2131 δὲ,

251 2157 564 2228 θεάρεστος.

317 2247 416 2311 λζ’.
451 2247 577 2311 Τοῖς
607 2247 870 2317 ἰσοτίμοις
903 2247 931 2300 6
960 2247 1311 2318 ὑπερήφανος
1338 2253 1398 2320 ιν
1423 2248 1608 2312 καλοῖς
1649 2267 1830 2321 παρα-

251 2338 567 2410 μετρεῖσθαι
613 2341 673 2393 οὐ
719 2337 1001 2410 βούλεται·
1053 2342 1110 2394 ἐν
1151 2341 1209 2394 δέ
1239 2345 1348 2405 τοῖς
1377 2341 1662 2406 ἐναντίοις,
1694 2342 1830 2413 πρὸς

251 2430 785 2501 τοὺς-ὑπερέχοντας,
824 2431 1060 2502 φορητὸν
1091 2430 1150 2483 τὸ
1185 2431 1380 2484 ἐαυτοῦ
1410 2432 1830 2504 παραϐαλλόμε-

249 2541 336 2580 νον
367 2524 584 2594 ἡγεῖται
618 2525 931 2596 ἐλάττωμα.

315 2617 418 2688 λη’.
459 2618 519 2671 '0
554 2616 654 2688 μὲν
689 2616 858 2686 ψόγος
893 2617 1148 2689 στερῤἀνο
1178 2619 1206 2669 6
1239 2618 1296 2672 δέ
1331 2617 1576 2682 ἔπαινος,
1606 2618 1829 2672 ἔκλυτον

250 2715 346 2787 τὴν
365 2715 564 2786 ιψυχὴν
613 2695 1000 2787 ἀπεργάζεται.
1041 2716 1137 2768 καϊ
1179 2715 1529 2786 νωθροτέραν
1577 2716 1715 2786 πρὸς
1756 2716 1827 2769 τὰ

226 2805 410 2860 mata.
735 2796 738 2798 ⁷
835 2788 840 2792 ’

315 2898 414 2953 λθ’.
461 2899 791 2962 ’Υπόστασις
827 2901 927 2970 μὲν
959 2898 1226 2962 πλούτου,
1259 2899 1480 2970 χρυσός*
1513 2898 1714 2968 ἀρετῆς
1749 2898 1824 2959 δὲ,

250 2992 596 3056 ταπείνωσις.
646 2992 734 3053 Ὠς
772 2988 862 3044 οὖν
889 2994 918 3044 6
954 2991 1158 3062 χρυσοῦ
1216 2991 1440 3062 ἀπορῶν
1490 2991 1654 3060 πένης
1688 2991 1824 3050 ἐστὶ,

1939 518 2142 558 versari
2151 544 2164 556 .

2011 595 2100 650 54.
2135 597 2273 650 Dum
2308 594 2434 664 quis
2467 591 2927 662 reprehenditur,
2961 599 3055 645 aut
3087 599 3266 646 taceat
3299 606 3529 648 necesse

1937 699 2044 755 est,
2081 698 2177 744 aut
2213 687 2414 742 blande
2457 685 2736 756 sugillanti
2779 685 3099 740 excusando
3139 686 3469 754 respondeat
3510 703 3524 740 :

1939 798 2050 836 non
2078 790 2138 837 ut
2166 781 2212 835 is
2235 781 2329 850 qui
2363 778 2788 848 reprehenditur
2813 793 2910 832 sua
2938 785 3162 839 statuat,
3188 777 3283 832 sed
3313 787 3372 832 ut
3398 793 3528 836 eum

1936 873 2031 944 qui
2061 873 2201 927 forte
2232 870 2488 932 offendit,
2515 885 2613 939 per
2639 868 3010 939 ignorantiam
3041 868 3525 938 reprehendendo,

1936 963 2132 1031 erigat.

2009 1055 2098 1108 55.
2121 1053 2226 1120 Qui
2252 1053 2302 1107 ei
2329 1053 2421 1123 qui
2451 1052 2651 1124 injuria
2680 1051 2836 1114 laesit,
2859 1051 3179 1122 priusquam
3205 1053 3273 1106 ab
3296 1069 3363 1107 eo
3391 1053 3531 1107 invi-

1937 1155 2170 1209 taretur,
2194 1145 2594 1202 benevolentiae
2620 1145 2800 1198 sinum
2828 1146 3025 1213 aperit,
3049 1145 3168 1215 ejus
3192 1145 3338 1215 quod
3365 1144 3530 1202 officii

1935 1241 2008 1295 sit
2035 1241 2240 1295 nullam
2269 1240 2542 1310 jacturam
2569 1237 2724 1293 fecit.
2750 1236 2855 1303 Qui
2888 1253 3022 1290 vero
3055 1245 3345 1306 postquam
3382 1237 3528 1291 invi-

1942 1341 2088 1388 tatus
2136 1332 2339 1396 fuerit,
2388 1330 2669 1386 uberioris
2719 1328 2927 1384 fructus
2972 1329 3258 1383 dimidiam
3313 1338 3528 1399 partem

1935 1425 2139 1480 amisit.
2167 1423 2442 1478 Lucratur
2467 1431 2654 1478 autem
2683 1423 2952 1493 quidquid
2981 1422 3163 1477 fuerat
3188 1423 3531 1492 prosemina-

1936 1524 2074 1582 tum,
2107 1517 2202 1586 qui
2237 1531 2350 1586 pm
2386 1515 2608 1570 tristitia
2646 1514 2925 1583 animique
2959 1530 3212 1578 rancore,
3245 1531 3528 1585 nunquam

1934 1608 2284 1678 praesentiam
2331 1608 2662 1663 subduxisse
2712 1609 3014 1662 invenitur.
3055 1607 3162 1662 Sed
3209 1615 3266 1663 et
3314 1623 3528 1664 merce-2

1936 1701 2062 1755 dem
2103 1701 2208 1755 sibi
2242 1701 2586 1765 accumulat,
2613 1700 2708 1770 qui
2744 1701 2801 1755 in
2836 1700 3096 1754 onmihus
3131 1700 3186 1753 in
3217 1717 3275 1754 se
3309 1703 3526 1770 culpam

1937 1795 2139 1865 rejicit.

2000 1884 2166 1956 845
2210 1885 2299 1939 56.
2342 1869 2458 1938 Nec
2501 1883 2596 1953 qui
2647 1883 2794 1938 elato
2833 1890 2918 1938 est
2966 1883 3152 1938 animo
3195 1899 3325 1937 suos
3372 1884 3528 1940 novit

1931 1976 2202 2040 defectus,
2231 1976 2421 2045 quanti
2466 1976 2606 2042 sint;
2650 1991 2754 2031 nec
2794 1975 2888 2045 qui
2928 1975 3123 2029 humili
3166 1976 3529 2046 modesteque

1931 2083 2118 2130 sensu,
2148 2083 2246 2121 sua
2283 2067 2456 2133 bona;
2492 2068 2634 2122 celat
2661 2068 2810 2122 enim
2845 2076 2961 2120 tum
2999 2068 3154 2122 illum
3187 2069 3330 2122 mala
3368 2068 3527 2139 igno—

1932 2159 2132 2223 rantia,
2161 2167 2276 2213 tum
2305 2160 2454 2213 hunc
2480 2159 2592 2213 Deo
2619 2166 2864 2228 accepta.

2000 2251 2090 2306 57.
2125 2250 2410 2322 Superbus
2451 2250 2506 2304 in
2552 2249 2744 2314 bonis,
2777 2249 3085 2318 atqualibus
3129 2251 3386 2320 componi
3441 2267 3526 2305 re-

1931 2342 2055 2396 nuit
2100 2359 2113 2395 :
2160 2342 2216 2395 in
2261 2339 2562 2395 contrariis
2605 2354 2740 2393 vero
2782 2339 3086 2409 malisque,
3124 2355 3249 2393 cum
3292 2339 3381 2394 bis
3428 2341 3524 2411 qui

1933 2432 2260 2502 praecellunt
2290 2430 2554 2486 collatum
2586 2429 2781 2483 vitium
2814 2443 2998 2496 suum,
3038 2429 3324 2484 tolerabile
3363 2446 3525 2500 prore

1929 2539 2024 2580 sus
2053 2523 2352 2577 existimat.

2006 2615 2096 2670 58.
2131 2614 2481 2684 Vituperium
2528 2614 2786 2684 quidem,
2823 2613 3111 2669 robustum
3156 2631 3220 2670 ac
3265 2615 3464 2672 fortem
3506 2632 3521 2669 :

1932 2708 2052 2762 laus
2080 2723 2234 2771 vero,
2266 2707 2511 2761 solutum
2556 2721 2620 2760 ac
2655 2706 2897 2771 mollem,
2926 2715 2980 2761 et
3019 2709 3085 2762 ad
3132 2724 3195 2763 ea
3237 2724 3358 2778 quae
3394 2716 3526 2764 sunt

1931 2798 2095 2852 officii
2123 2813 2346 2869 segnem
2375 2797 2559 2852 reddit
2581 2797 2846 2852 animum.

1999 2891 2088 2946 59.
2122 2890 2446 2944 Divitiarum
2475 2890 2698 2959 quidem
2733 2889 3064 2954 substantia,
3091 2906 3318 2956 aurum;
3345 2891 3514 2945 virtu-

1929 2984 2000 3036 tis
2031 2999 2194 3047 vero,
2227 2983 2532 3036 humilitas.
2565 2982 3042 3048 Quemadmodum
3077 2984 3244 3052 igitur
3273 2985 3364 3054 qui
3401 2984 3524 3038 auri

249 3080 351 3135 κᾶν
383 3082 476 3157 μὴ
522 3084 634 3145 τοῖς
669 3081 867 3146 ἔξωθεν
921 3084 1216 3151 φαίνηταιο
1260 3081 1404 3134 οὕτω
1445 3080 1826 3144 ταπεινώσεως

1945 3075 2158 3131 )enuria
2199 3076 2441 3139 laborat,
2474 3091 2684 3146 pauper
2713 3084 2830 3142 est,
2857 3077 3110 3146 quamvis
3142 3077 3230 3132 his
3263 3078 3356 3148 qui
3389 3077 3524 3132 foris

247 3175 397 3241 ἄνευ,
431 3175 685 3244 ἐνάρετος
721 3175 823 3227 οὐκ
861 3174 1012 3227 ἔσται
1048 3177 1075 3227 6
1105 3173 1536 3246 ἀγωνιζόμενος.

304 3353 392 3419 μ’.
435 3346 652 3419 Χρυσοῦ
689 3346 833 3418 δίχα,
874 3345 1063 3416 ὥσπερ
1092 3343 1332 3415 ἔμπορος
1358 3343 1418 3396 οὐ
1450 3343 1694 3411 πέφυκεν
1726 3340 1826 3412 ἔμ-

247 3454 434 3509 πορος,
487 3419 590 3491 ’κᾶν
639 3438 756 3491 λίαν
808 3439 942 3510 πρὸς
991 3420 1264 3508 ἐμπορίαν
1300 3437 1445 3489 ἐστὶν
1497 3437 1824 3507 ἐπιτήδειοςο

244 3529 422 3591 οὕτως
464 3530 588 3584 οὐδὲ
621 3530 1127 3602 ταπεινοφροσύνης
1168 3529 1360 3598 χωρὶς,
1398 3531 1455 3580 ἐν
1499 3529 1826 3598 κατασχέσει

243 3623 354 3676 τῶν
381 3623 485 3693 τῆς
515 3624 717 3694 ἀρετῆς
768 3621 941 3692 ἡδέων
979 3621 1340 3689 εὑρεθήσεται
1395 3620 1424 3672 6
1463 3618 1822 3688 ἀσκούμενος,

244 3716 348 3771 κᾶν
380 3719 559 3787 πάντη
601 3718 668 3787 τῇ
711 3712 908 3769 ἐαυτοῦ
940 3712 1224 3783 νουνεχείᾳ
1253 3711 1457 3783 θαρρῇ.

320 3807 428 3881 μα’.
455 3808 535 3880 Τῇ
570 3803 1042 3876 ταπεινοφροσύνῃ
1091 3807 1120 3858 6
1157 3802 1342 3866 ἀνιὼν,
1387 3799 1701 3873 κατώτερος
1729 3801 1824 3856 τοῦ⁹

246 3900 442 3954 ἐαυτοῦ
496 3901 846 3972 φρονήματος
876 3882 1106 3968 γίνεταιο
1135 3895 1409 3966 ἀνώτερος
1435 3894 1516 3957 δὲ,
1551 3895 1579 3946 6
1609 3895 1826 3964 ἐκείνης

242 3995 436 4066 impie,
489 3992 547 4054 ὃς
585 3994 707 4047 οὐδὲ
742 3989 1217 4064 παραμετρεῖσθαι
1249 3991 1361 4051 τοῖς
1403 3987 1708 4057 ἐλαχίστοις
1749 3987 1823 4057 (9)

251 4084 513 4148 ἱκουσίως
535 4085 806 4155 ἀνέχεταιο
840 4085 933 4136 καὶ
960 4083 1047 4153 διᾲ
1077 4081 1235 4135 τοῦτο
1270 4083 1328 4134 ἐν
1360 4085 1479 4144 ταῖς
1517 4081 1825 4152 πρωτοκλι-

249 4171 390 4234 σίαις
431 4173 491 4224 τὸ
517 4173 762 4245 λυπηρὸν
794 4172 1187 4236 ἐπιδείκνυται.

320 4264 431 4334 μβ’.
464 4265 641 4318 Καλὸν
666 4265 744 4336 τῷ
781 4267 1058 4337 ἀγωνιστῇ
1106 4269 1325 4335 φρονεῖν
1364 4265 1462 4336 μὲν
1496 4267 1696 4338 ἥττονα
1727 4265 1826 4336 τῆς

243 4357 508 4430 ἐργασίας
560 4356 748 4426 αὑτοῦ,
784 4359 1048 4429 πράττειν
1084 4360 1141 4426 δζε
1184 4359 1470 4430 κρείττονα
1498 4360 1598 4430 τῆς
1622 4358 1824 4421 δειλίας

1928 3176 2059 3222 sunt
2088 3183 2151 3222 ac
2179 3168 2458 3222 extraneis
2489 3184 2600 3222 non
2625 3169 2912 3235 videatur;
2948 3171 3026 3224 sic
3056 3169 3174 3223 sine
3205 3169 3523 3225 humilitate

1927 3258 2148 3312 virtutis
2179 3260 2426 3328 palaestra
2458 3269 2678 3314 certans
2709 3260 2995 3314 studiosus
3019 3276 3131 3313 non
3160 3260 3288 3314 erit.

1997 3353 2085 3406 40.
2117 3353 2594 3420 Quemadmodum
2630 3363 2924 3417 mercator,
2956 3369 3120 3423 quem
3154 3369 3352 3408 aurum
3382 3353 3522 3409 dell-

1927 3444 2058 3508 eiat,
2095 3459 2197 3499 nec
2239 3445 2283 3498 si
2327 3444 2486 3499 valde
2530 3445 2762 3500 idoneus
2801 3452 3126 3500 mercatura:
3168 3444 3261 3510 sit,
3296 3445 3525 3506 omnino

1925 3545 2200 3590 mercator
2234 3536 2463 3590 exsistat
2510 3555 2523 3589 :
2570 3537 2652 3591 sic
2693 3551 2798 3591 nec
2839 3551 3105 3590 exercens
3148 3536 3218 3590 ad
3259 3535 3522 3605 pietatem

1927 3629 2044 3684 sine
2086 3629 2396 3682 humilitate
2433 3629 2653 3684 virtutis
2691 3629 2971 3683 fructuum
2997 3643 3239 3697 compos
3279 3644 3522 3698 unquam

1927 3719 2270 3783 invenietur,
2301 3721 2656 3790 quantumvis
2690 3720 2917 3774 omnino
2953 3733 3064 3773 suae
3100 3717 3338 3774 solertiae
3367 3717 3520 3791 ﬁdat.

1996 3810 2086 3864 41.
2117 3808 2220 3876 Qui
2261 3826 2457 3865 sensus
2495 3810 2765 3865 modestia
2801 3825 2866 3865 ac
2898 3809 3211 3864 humilitate
3246 3809 3522 3874 ascendit,

1927 3917 2088 3955 sensu
2125 3916 2225 3955 suo
2259 3903 2526 3973 dejectior
2555 3902 2837 3967 redditur;
2869 3902 2964 3972 qui
3000 3917 3133 3955 vero
3167 3900 3377 3970 absque
3408 3900 3521 3978 illa,

1926 3994 2108 4058 altior,
2141 4009 2204 4048 ac
2234 4010 2336 4048 nec
2369 3994 2616 4049 minimis
2649 3995 2847 4050 lubens
2882 3995 3135 4064 componi
3169 3993 3320 4048 vel-it.
3354 3992 3517 4053 Hinc-

1925 4101 2033 4154 que
2080 4085 2217 4140 adeo
2267 4086 2356 4151 ﬁt,
2391 4096 2452 4140 ut
2498 4087 2552 4140 in
2598 4086 2796 4157 primis
2837 4086 3190 4142 consessibus
3238 4085 3522 4141 tristitiam

1926 4175 2187 4246 prodat“.

1995 4269 2084 4322 ιε.
2135 4268 2365 4323 Przestat
2415 4270 2652 4340 pugilem
2698 4268 2924 4324 virtutis
2975 4269 3264 4339 palaestra,
3306 4269 3523 4325 minora

1925 4373 2119 4429 sapere
2146 4375 2308 4428 quam
2341 4376 2440 4429 pro
2467 4376 2568 4414 suo
2597 4376 2799 4431 opere;
2834 4361 3048 4432 potiora
3075 4377 3208 4415 vero
3230 4377 3393 4430 quam
3425 4377 3524 4430 pro

241 4447 432 4504 αὐτοῦ.
468 4447 624 4502 Οὕτω
660 4449 768 4520 γὰρ
809 4448 876 4504 ἂν
924 4451 1017 4502 καὶ
1061 4449 1371 4521 ἀνθρώποις
1398 4451 1694 4519 αἰδέσιμος,
1729 4451 1821 4502 καὶ

1945 4465 2023 4503 ma
2048 4449 2340 4505 formidine
2368 4466 2429 4505 ac
2456 4451 2671 4522 ignavia
2699 4467 2883 4522 agerc.
2909 4451 3004 4508 Sic
3031 4454 3182 4507 enim
3209 4462 3322 4508 tum
3352 4452 3522 4506 homi-

241 4540 365 4615 Θεῷ
393 4540 657 4614 ἐργὰπης
697 4541 1015 4613 εὑρίσκεται
1055 4542 1569 4612 ἁνεπαίσχυντος.

321 4733 432 4797 μγ¹.
465 4724 537 4779 Ἦ
575 4724 978 4812 κατορθοῦσθαι
1014 4724 1096 4778 δεῖ
1121 4723 1196 4796 (Ιι)
1221 4722 1360 4794 πρὸς
1400 4722 1580 4787 πάσας
1608 4722 1709 4790 τὰς
1741 4722 1828 4776 ἐν-

314 4867 338 4901 ⁸
359 4866 495 4923 Luc.
531 4882 639 4931 xxv,
666 4867 719 4932 7;
745 4882 834 4930 xx,
871 4865 961 4925 46.
1038 4865 1059 4897 ⁹
1084 4863 1108 4919 1
1131 4864 1276 4924 Tim.
1306 4879 1366 4928 ιι,
1397 4862 1489 4918 15.

319 4983 382 5054 (ι’)
430 4981 496 5034 '0
517 4978 612 5054 ⁸τῷ
643 4978 991 5054 λυρτήσαντι
1019 4977 1263 5054 ἀδίκως.
1291 4976 1526 5054 Coactus
1555 4992 1680 5054 sum
1706 4993 1829 5030 mu-

242 5047 535 5122 tare'quod
571 5050 900 5122 mendosum
933 5049 1162 5122 omnino
1206 5047 1540 5122 apparebat,
1568 5048 1831 5122 nulloque

241 5118 583 5194 apto—sensu
631 5135 663 5174 a
705 5119 941 5194 Maximo
983 5118 1151 5194 scribi
1191 5125 1492 5194 po_tuerat_,_
1527 5118 1830 5194 λυπήσαντι

240 5187 491 5256 δίκαίως,
515 5199 573 5246 et
599 5191 896 5260 μετανοῶν·
922 5205 1047 5244 cum
1069 5187 1273 5259 alioqui
1301 5187 1554 5260 expedita
1569 5188 1642 5242 sit
1666 5187 1834 5243 totius

243 5265 443 5334 capitis
475 5259 766 5334 sententia,
794 5260 915 5334 ipsa
941 5268 1155 5331 arguta,
1185 5269 1250 5334 ac
1274 5273 1381 5334 qua
1412 5259 1628 5334 erudite
1657 5271 1828 5328 expo-

242 5328 456 5390 nuntur
483 5331 685 5404 gradus
708 5328 920 5387 fere—udi
946 5328 1387 5404 _au'tremittendi
1413 5328 1674 5400 injurias;
1707 5345 1829 5404 qua;

245 5417 384 5460 tunc
425 5399 642 5474 injuria!
686 5411 848 5474 sunt,
884 5418 1011 5474 cum
1055 5402 1257 5473 injuste
1303 5399 1671 5474 inferuntur:
1714 5401 1835 5453 αντὶ

241 5475 342 5530 τοῦ
391 5470 689 5546 μετανοῶν,
719 5473 1066 5546 scripsissem
1112 5470 1449 5543 μετευνοῶν,
1476 5471 1530 5546 _si
1578 5470 1667 5546 illa
1699 5484 1834 5525 voce

243 5541 411 5602 usum
473 5545 710 5612 aliquem
776 5541 1067 5613 probatum
1121 5541 1411 5613 auctorem
1451 5541 1828 5613 invenissem.

244 5615 465 5686 Alioqui
514 5611 647 5669 vero
697 5611 799 5686 voi
847 5615 1079 5686 εὐνοῶν,
1124 5611 1830 5686 ipsa_non__incommoda;

247 5681 660 5757 respexeritque
698 5685 754 5757 in
796 5699 861 5740 ea
898 5681 1184 5757 Maximus,
1220 5682 1354 5757 illud
1392 5681 1581 5757 Matth.
1615 5699 1668 5757 γ,
1701 5682 1771 5736 25
1814 5699 1828 5712 ο

252 5752 411 5821 ’Βᾶθι
440 5752 640 5812 εὐνοῶν
675 5755 753 5826 τῷ
785 5755 1038 5825 ἀντιδίκῳ
1071 5770 1162 5806 σου
1195 5753 1352 5823 ταχύ·
1383 5752 1582 5807 Habeto
1615 5753 1831 5806 benevo—

1928 4539 2097 4594 nibus
2126 4540 2479 4605 venerabilis,
2518 4548 2630 4595 tum
2657 4542 2770 4596 Deo
2798 4545 3073 4613 operarius
3104 4545 3482 4615 inconfusibiﬁs
3504 4547 3524 4584 ³

1932 4630 2268 4686 invenietur.

2009 4724 2097 4779 45.
2129 4727 2238 4780 Aut
2280 4725 2376 4781 Dei
2422 4725 2680 4781 mandata
2725 4728 2910 4784 omnia
2952 4729 3253 4800 adimpleat
3297 4746 3523 4799 necesse

1929 4980 2148 5036 (entiam
2181 4995 2299 5032 cum
2338 4982 2646 5036 adversario
2681 4992 2770 5035 tuo
2804 4983 2938 5046 cito,
2971 4981 3053 5036 uti
3089 4981 3274 5036 reddit
3308 4983 3521 5037 Erasnt.

1928 5067 1991 5134 ac
2028 5051 2216 5132 Graeca
2253 5062 2481 5116 sonant;
2522 5061 2843 5134 spectatque
2880 5061 2934 5134 et
2976 5052 3122 5134 istud
3145 5053 3231 5133 [ad
3274 5055 3517 5134 reconci-

1927 5122 2238 5193 liationem,
2271 5137 2378 5190 qua
2411 5123 2719 5193 studemus,
2752 5122 2970 5192 injurim
3001 5122 3180 5193 obliti,
3215 5139 3258 5176 ει
3285 5123 3426 5190 quid
3461 5141 3523 5178 ea

1930 5192 2055 5247 laesa
2085 5191 2482 5263 benevolentia
2500 5203 2605 5256 est,
2631 5191 2840 5248 saniori
2869 5191 3102 5248 consilio
3129 5196 3414 5247 resarcire.

1979 5293 1982 5296 -
2017 5266 2093 5332 (g)
2125 5262 2635 5330 Παραμετρεῖσθαι
2658 5263 2783 5328 τοῖς
2805 5263 3171 5329 ἐλαχίστοις.
3196 5263 3322 5318 "mc
3345 5264 3515 5317 humi-

1932 5331 2106 5394 litatis
2143 5332 2410 5402 perfectio
2449 5341 2553 5397 est,
2582 5348 2647 5387 ac
2685 5332 2833 5402 quod
2875 5333 3142 5396 Dominus
3179 5335 3301 5388 aliis
3339 5333 3522 5392 verbis

1937 5401 2258 5474 admonuit,
2296 5403 2502 5474 jubeus
2544 5401 2738 5474 sedere
2791 5403 2845 5457 in
2900 5404 3203 5458 novissimo
3254 5405 3411 5469 loco;
3467 5413 3520 5458 ut

1935 5489 2100 5527 nemo
2124 5472 2196 5526 sit
2221 5474 2365 5528 inter
2387 5472 2668 5536 minimos,
2692 5474 2851 5543 cujus
2876 5490 2979 5528 nos
3005 5475 3229 5528 modum
3256 5474 3522 5529 exet-dere

1936 5542 2541 5614 cxistimemus.rSecus
2571 5543 2639 5598 dc
2675 5542 2929 5612 superbis
2963 5545 3052 5609 '57,
3083 5561 3186 5599 nec
3219 5545 3524 5614 mqualibus

1935 5614 2012 5668 ait
2047 5616 2181 5684 (τοῖς
2226 5613 2508 5682 ἰσοτίμοις)
2550 5615 2602 5668 in
2645 5615 2806 5668 bonis
2844 5616 2986 5682 velle
3027 5613 3522 5686 παραμετρεῖσθαι,

1934 5686 2174 5755 componi
2203 5693 2251 5738 et
2277 5688 2562 5754 (ητα-φωτὶ.

2008 5756 2084 5827 (h)
2142 5757 2210 5811 Ἦ
2257 5757 2698 5824 κατορθοῦσθαι
2747 5756 2855 5813 δεῖ.
2901 5757 3082 5827 Caput
3129 5756 3274 5813 istud
3328 5771 3528 5816 novum
