4046 6196
547 297 680 365 1411

1721 296 1785 356 S.
1825 293 2114 356 MAXIM]
2147 292 2662 360 CONFESSORIS

3688 298 3820 366 1m

544 417 659 474 est,
707 415 805 464 aut
851 407 947 464 uni
993 405 1290 478 diligenter
1333 402 1630 460 humilitati
1681 401 1992 465 incumbat,
2034 402 2116 472 qui

2234 401 2397 467 τολὰς
2428 401 2526 458 τοῦ
2561 403 2718 471 Θεοῦ,
2751 404 2786 475 ἦ
2815 406 2948 474 μιᾶς
2977 405 3378 462 ἀντιποιεῖσθαι
3423 407 3523 479 τῆς
3564 424 3822 464 ταπεινο-

543 509 802 556 vereatur
825 514 894 554 ne
925 506 1225 552 extraneus
1255 510 1287 551 a
1317 494 1772 551 recumbentibus
1802 493 1858 548 in
1891 493 2131 549 thalamo

546 592 800 647 exsistat.

613 686 703 739 44.
726 684 890 738 Misce
921 679 1260 752 simplicitati
1285 679 1716 746 continentiam;
1745 696 1808 736 ac
1828 679 2132 735 humilitati

541 775 738 843 copula
759 773 1074 835 veritatem,
1093 772 1315 841 erisque
1339 769 1568 841 justitia:
1587 769 2021 834 contubernalis,
2039 767 2131 824 cui

540 867 694 919 velut
727 865 797 920 ad
836 879 1114 928 mensam,
1142 863 1370 933 reliqua:
1405 875 1596 916 omnes
1627 861 1862 915 virtutes
1894 860 2132 916 libenter

540 963 969 1028 congregemur.
1540 959 1544 963 ”

609 1048 699 1104 45.
728 1049 883 1104 Caeca
917 1048 1123 1102 veritas
1157 1054 1274 1110 est,
1305 1045 1395 1102 cui
1430 1045 1572 1101 desit
1604 1060 1790 1101 comes
1823 1045 2126 1100 humilitas.

539 1138 790 1210 Hincque
811 1147 898 1194 est
921 1148 983 1193 ut
1006 1137 1442 1194 contradictione
1468 1137 1762 1209 paedagogo
1788 1146 1996 1202 utatur,
2020 1151 2130 1208 qua

539 1240 823 1300 utcunque
855 1230 1113 1285 laborans
1138 1229 1416 1292 fulciatur,
1438 1245 1542 1284 nec
1569 1237 1751 1284 tamen
1777 1240 1975 1302 praeter
2001 1245 2132 1285 ran-

537 1324 684 1378 coris
713 1338 898 1376 arcem
926 1322 1224 1392 quidquam
1260 1323 1528 1378 inveniat.

608 1417 699 1469 46.
742 1414 936 1470 Blandi
982 1430 1202 1479 mores,
1243 1414 1469 1469 virtutis
1517 1414 1774 1470 decorem
1823 1414 2065 1484 produnt
2111 1431 2126 1471 :

535 1505 1031 1574 membrorumque
1064 1504 1221 1560 ﬁrma
1255 1506 1612 1576 compositio,
1646 1506 1814 1560 animi
1850 1520 2040 1576 paCem
2072 1513 2132 1566 et

537 1599 1020 1670 tranquillitatem.

604 1692 772 1763 646
799 1693 888 1746 47.
912 1690 1160 1747 Primum
1184 1690 1390 1744 bonum
1420 1700 1525 1756 est,
1548 1691 1730 1746 nullas
1753 1690 1914 1747 oﬁicii
1943 1700 2128 1761 partes

534 1783 816 1837 deserere.
840 1779 981 1834 Huic
1000 1780 1334 1850 proximum,
1357 1781 1506 1850 quod
1533 1790 1776 1837 erratum
1801 1781 1892 1847 sit,
1914 1781 2126 1852 pudore

534 1889 646 1929 non
684 1873 968 1942 obtegere,
1001 1885 1067 1926 ac
1104 1885 1210 1927 nec
1251 1871 1306 1926 in
1348 1887 1416 1927 eo
1456 1872 1834 1946 impudentius
1867 1875 2122 1946 gloriari;

533 1965 631 2021 sed
690 1964 865 2035 magis
915 1962 1231 2028 humiliari,
1273 1973 1331 2018 et
1372 1979 1499 2020 cum
1547 1966 1850 2031 accuseris,
1889 1966 2126 2036 teipsum

531 2057 744 2128 pariter
789 2054 1087 2121 accusare;
1138 2069 1471 2127 primamque
1529 2056 1770 2113 libenter
1821 2056 2123 2126 suscipere.

532 2148 650 2205 Hoc
688 2149 747 2204 ni
787 2148 912 2216 ﬁat,
941 2149 1248 2206 invalidum
1279 2158 1365 2206 est
1390 2148 1658 2220 quidquid
1689 2149 1803 2207 Deo
1830 2147 2122 2204 obtuleris.

599 2325 693 2381 48.
736 2324 877 2381 Cum
931 2333 1131 2395 sponte
1174 2333 1461 2396 assumpta
1511 2325 1901 2389 aﬁlictatione,
1946 2324 2124 2382 susci-

531 2417 734 2487 pienda
785 2425 843 2472 et
882 2431 1006 2487 qua!
1052 2416 1244 2474 invitis
1287 2417 1524 2484 accidit;
1573 2433 1698 2487 quae
1745 2416 2007 2472 nimirum
2054 2432 2123 2472 ex

531 2508 699 2563 illatis
739 2508 1064 2574 calumniis,
1095 2524 1274 2579 exque
1315 2523 1502 2564 rerum
1541 2508 1756 2564 damnis
1792 2509 2033 2578 acceptis
2067 2515 2125 2565 et

528 2599 951 2670 mgritudinibus
975 2599 1248 2655 consistit.
1272 2597 1399 2655 Haec
1426 2599 1577 2655 enim
1607 2597 1702 2669 qui
1727 2613 1840 2653 non
1864 2598 2118 2668 suscipit.

531 2689 628 2746 sed
663 2689 885 2762 indigne
915 2689 1044 2755 fert,
1073 2690 1125 2746 ei
1165 2689 1361 2746 similis
1398 2699 1506 2754 est,
1536 2689 1632 2760 qui
1672 2703 1784 2744 non
1822 2704 1948 2746 cum
1987 2689 2121 2756 sale,

529 2781 627 2837 sed
665 2797 791 2836 cum
831 2781 949 2837 solo
989 2782 1151 2837 melle
1191 2782 1310 2838 vult
1347 2781 1637 2838 comedere
1672 2796 1867 2852 panem
1902 2797 2065 2837 suum
2105 2798 2118 2836 :

528 2872 621 2926 cui
660 2887 792 2928 sane
835 2888 946 2928 non
988 2873 1194 2942 ubique
1236 2887 1423 2928 comes
1457 2873 1735 2944 voluptas,
1764 2873 1861 2929 sed
1901 2874 2124 2930 satietas

527 2971 695 3031 atque
725 2978 928 3018 nausea
959 2977 1178 3033 semper
1200 2979 1232 3019 e
1254 2963 1440 3020 vicino
1466 2974 1569 3020 est.

2235 496 2534 568 φροσύνης,
2575 496 2668 550 τὸν
2704 496 2944 552 δεδοιότα
2982 499 3057 571 μὴ
3099 500 3248 566 ξένον
3299 503 3410 556 τῶν
3449 501 3527 574 τῷ
3563 503 3822 574 νυμφῶνι

2231 586 2610 658 ἀνακειμένων
2643 589 2899 658 ὀφθῆναι.

2306 679 2411 751 μδ’.
2455 680 2630 747 Μίξον
2664 683 2730 752 τῇ
2771 682 3036 752 ἁπλότητι
3087 683 3186 754 τὴν
3214 685 3569 757 ἐγκράτειαν’
3592 686 3690 740 καὶ
3719 685 3820 740 σύ-

2233 770 2423 836 ζευξον
2474 774 2540 844 τῇ
2586 776 3058 848 ταπεινοφροσύνῃ
3102 777 3386 849 ἀλήθειαν,
3441 783 3534 832 καὶ
3585 779 3822 849 ὀφθείση

2230 863 2547 936 δικαιοσύνη
2578 866 2876 930 συνέστιοςο
2913 861 2947 941 ᾖ
2977 868 3055 932 ὠς
3087 869 3181 922 ἐπὶ
3212 869 3511 939 τραπέζης,
3542 868 3682 939 ἄλλη
3713 871 3820 923 πᾶς

2233 972 2301 1008 σα
2344 954 2491 1024 φιλεί
2523 957 2948 1025 ἐπισυνάγεσθαι
2979 960 3174 1030 ἀρετή.

2307 1055 2409 1119 με’.
2436 1048 2624 1119 Τυφλὴ
2651 1049 2752 1118 τῆς
2777 1052 3284 1123 ταπεινοφροσύνης
3307 1053 3474 1123 χωρὶς
3505 1054 3536 1123 ἡ
3563 1054 3814 1122 ἀλήθεια.

2231 1139 2334 1192 Διὰ
2365 1138 2523 1200 τοῦτο
2546 1140 2638 1193 καὶ
2660 1143 2727 1215 τῇ
2753 1140 3034 1214 ἀντιλογίᾳ
3063 1142 3264 1213 χρῆται
3291 1144 3648 1212 παιδαγωγῷ,
3682 1145 3823 1214 ἐρεῖς

2233 1251 2322 1286 σαι
2356 1233 2455 1303 μὲν
2490 1234 2630 1305 αὐτῇ
2683 1235 2776 1287 ἐπί
2818 1251 2870 1288 τι
2919 1236 3215 1308 μοχθούσῃ,
3255 1239 3329 1308 μὴ
3366 1239 3705 1310 εὖρισκούσῃ
3737 1238 3817 1303 δὲ,

2231 1325 2280 1378 εἰ
2315 1325 2388 1394 μὴ
2418 1323 2480 1376 τὸ
2505 1325 2603 1394 τῆς
2640 1325 3003 1395 μνησικακίας
3031 1326 3318 1396 ὀχύρωμα.

2305 1415 2402 1485 μς·’
2433 1407 2608 1478 Ἧθος
2639 1415 2896 1487 χρηστὸν,
2933 1417 3246 1488 ὡραιότητα
3289 1423 3558 1490 μαρτυρεῖ
3581 1421 3812 1490 ἀρετῆς·

2232 1503 2415 1574 μελῶν
2445 1503 2504 1563 δέ
2525 1506 2836 1573 εὐστάθεια,
2868 1507 3149 1582 είρηναίαν
3185 1509 3382 1578 ψυχήν.

2303 1681 2413 1752 μζ’.
2475 1681 2697 1755 Πρῶτον
2754 1682 2852 1754 μὲν
2913 1684 3115 1748 καλὸν,
3178 1685 3240 1738 «ne
3286 1686 3345 1739 ἐν
3409 1686 3594 1757 μηδενὶ
3648 1688 3814 1759 μέρει

2229 1773 2466 1826 πταίειν.
2494 1774 2757 1846 Δεύτερον
2787 1775 2868 1839 δὲ,
2892 1775 2953 1828 τὸ
3001 1777 3076 1848 μὴ
3109 1778 3248 1829 αἰδοῖ
3271 1778 3725 1832 κατακαλύπτειν
3755 1781 3815 1832 τὸ

2229 1864 2455 1938 σφάλμα
2494 1866 2690 1919 αὐτοῦ’
2728 1869 2801 1938 μή
2843 1885 2901 1921 τε
2947 1869 3077 1940 μὴν,
3124 1859 3506 1924 άναιδεύεσθαι
3550 1872 3607 1922 ἐν
3638 1871 3810 1942 αὐτῷ,

2230 1956 2433 2028 μᾶλλον
2460 1959 2517 2014 δὲ
2539 1959 2966 2026 ταπεινοῦσθαι,
2994 1963 3088 2016 καὶ
3113 1963 3588 2035 κατηγορούμενον
3614 1963 3813 2017 ἑαυτοῦ

2229 2055 2689 2122 συγκατηγορείν,
2721 2053 2814 2108 καὶ
2850 2053 3103 2124 δέχεσθα..
3133 2055 3390 2124 ἁσμένως
3418 2055 3479 2108 τὸ
3508 2057 3812 2123 ἐπιτίμιον.

2227 2141 2432 2195 Τούτου
2461 2143 2519 2196 δέ
2555 2144 2630 2213 μὴ
2667 2145 2980 2215 γινομένου,
3011 2145 3302 2218 ἀνίσχυρον
3332 2147 3475 2200 ἅπαν
3498 2148 3562 2200 τὸ
3593 2148 3676 2217 τῷ
3696 2146 3814 2216 θεῷ

2226 2235 2691 2305 προσφερόμενον.

2300 2330 2412 2395 μην.
2467 2324 2612 2398 Πρὸς
2647 2328 2715 2396 τῇ
2763 2326 2998 2398 ἑκουσίῳ
3029 2327 3394 2398 κακοπαθείᾳ,
3438 2326 3547 2396 χρὴ
3587 2327 3687 2380 καὶ
3716 2325 3812 2396 τὴν

2225 2415 2481 2469 ἀκούσιον
2526 2416 2941 2488 καταδέχεσθαιο
2983 2417 3082 2490 τὴν
3123 2421 3187 2472 ἐκ
3219 2419 3480 2473 διαϐολῶν
3519 2419 3690 2487 λέγω,
3721 2420 3813 2490 ζη-

2227 2506 2369 2576 μιῶν
2405 2525 2464 2561 τε
2497 2509 2595 2563 καὶ
2620 2508 2934 2566 ἀσθενειῶν.
2967 2509 3155 2564 Ταῦτα
3191 2511 3300 2583 γὰρ
3331 2512 3360 2564 ό
3404 2511 3481 2582 μὴ
3510 2512 3809 2581 καταδεχό-

2228 2617 2408 2669 μενος,
2435 2598 2572 2656 ἀλλὰ
2597 2600 2902 2669 δυσπετῶν,
2925 2603 3114 2673 ὅμοιός
3141 2605 3258 2656 ἐστι
3283 2603 3359 2674 τῷ
3389 2605 3466 2674 μὴ
3489 2605 3635 2674 μετὰ
3659 2604 3804 2668 ἁλὸς,

2227 2691 2368 2762 μετὰ
2395 2691 2452 2748 δὲ
2482 2692 2699 2763 μέλιτος
2724 2694 2889 2765 μόνου
2931 2694 3258 2765 βουλομένου
3286 2695 3487 2749 ἐσθίειν
3522 2697 3618 2750 τὸν
3647 2699 3808 2769 ἄρτον

2224 2782 2412 2837 αὐτοῦ’
2445 2785 2504 2849 ὃς
2544 2786 2607 2839 ού
2642 2785 2875 2839 πάντοτε
2918 2785 3016 2858 μὲν
3049 2787 3149 2857 τὴν
3179 2786 3372 2860 ἡδονὴν
3422 2787 3536 2858 ἔχει
3581 2788 3830 2860 σύντροο.

2225 2893 2345 2946 (ρον,
2390 2876 2482 2932 τὸν
2515 2877 2572 2932 δὲ
2603 2877 2764 2948 κόρον
2793 2877 2882 2934 ἀεὶ
2913 2878 3131 2947 γείτονα
3161 2877 3446 2949 κέκτηται.

598 3053 689 3109 49.
720 3053 858 3108 Cum
893 3054 1062 3108 berus
1102 3053 1196 3119 sit,
1224 3055 1368 3109 servi
1408 3055 1638 3110 formam
1680 3054 1937 3126 praeferre
1972 3053 2116 3110 vide-

2298 3055 2409 3127 μθθ.
2447 3055 2728 3128 Δεσπότης
2759 3054 2856 3117 ὢν,
2885 3055 3074 3112 δούλου
3107 3058 3293 3131 σχῆμα
3336 3057 3804 3128 περιϐαλλόμενος

531 3154 642 3214 tur,
673 3148 770 3218 qui
815 3146 1050 3218 proximi
1086 3155 1298 3202 vestem
1337 3147 1576 3202 laceram
1611 3147 1815 3202 divinis
1854 3143 2121 3200 sermoni-

529 3240 636 3295 bus
681 3240 859 3306 lavat,
900 3243 989 3296 vel
1028 3242 1125 3312 qui
1171 3241 1650 3311 eleemosynarum
1696 3237 2122 3307 elargitionibus

527 3345 652 3385 eam
679 3333 920 3387 censuit.
945 3332 1151 3388 Caveat
1183 3341 1368 3387 autem
1395 3331 1490 3402 qui
1522 3331 1628 3385 hoc
1652 3329 1804 3394 facit,
1827 3328 2118 3398 nequando

443 3422 458 3434 '
528 3422 677 3490 quod
723 3431 785 3477 ut
827 3436 1022 3478 servus
1067 3439 1183 3479 rem
1230 3430 1485 3494 praestet,
1513 3435 1638 3476 cum
1681 3419 1968 3484 mercede,
1999 3433 2120 3488 quzc

526 3513 696 3569 etiam
727 3515 1010 3584 competit,
1041 3514 1302 3586 potentiae
1335 3513 1684 3585 dignitatem,
1718 3511 1900 3568 inanis
1931 3511 2119 3583 gloriae

527 3603 666 3658 vitio
695 3604 934 3660 amittat.
1307 3656 1322 3668 ,

599 3692 687 3748 50.
730 3692 1208 3760 Quemadmodum
1258 3692 1394 3748 ﬁdes
1442 3691 1750 3748 substantia
1797 3697 1882 3746 est
1930 3705 2116 3744 rerum

527 3785 923 3854 spcrandarum
947 3786 1020 3852 '°;
1061 3787 1137 3841 ita
1176 3785 1438 3839 nimirum
1475 3783 1789 3854 prudentia,
1820 3781 2022 3848 animi;
2053 3795 2116 3836 ac

527 3874 769 3940 virtutis,
802 3875 1108 3937 humilitas.
1134 3875 1444 3944 Mirumque
1481 3881 1586 3937 est,
1613 3868 1892 3941 quomodo
1926 3883 2048 3937 qua:
2084 3883 2114 3922 a

526 3982 586 4032 se
616 3967 858 4038 perfecta
891 3975 1040 4034 sunt,
1068 3965 1388 4048 imperfecta
1415 3965 1701 4028 exsistant,
1731 3961 1776 4018 si
1808 3961 2115 4027 accidentia

524 4060 730 4124 desint.

595 4153 684 4208 51.
721 4152 975 4208 Dominus
1014 4151 1280 4206 custodiat
1317 4149 1597 4212 introitum
1643 4154 1789 4200 tuum
1829 4154 1879 4199 et
1916 4148 2113 4207 exitum

522 4253 698 4308 tuum,
733 4244 916 4315 inquit
941 4245 1014 4311 “;
1054 4243 1306 4298 ciborum
1342 4241 1557 4306 scilicet
1589 4248 1755 4310 atque
1791 4241 2108 4308 verborum,

522 4351 625 4412 per
653 4335 1054 4396 continentiam
1084 4351 1182 4390 seu
1211 4334 1624 4399 abstinentiam.
1649 4333 1754 4400 Qui
1786 4333 1935 4388 enim
1971 4342 2110 4388 tem-

2225 3147 2496 3216 φαίνεται,
2531 3148 2560 3201 ὁ
2587 3147 2648 3200 τὸ
2676 3147 2977 3219 διερρωγὸς
3005 3148 3226 3225 πλύνων
3251 3149 3344 3202 τοῦ
3368 3149 3600 3218 πλησίον
3632 3151 3804 3218 λόγοις

2225 3237 2432 3302 ἐνθέοις
2471 3239 2705 3308 ἱμάτιον,
2739 3241 2772 3311 ἢ
2834 3239 3242 3312 καταρράπτων
3276 3241 3395 3302 ταῖς
3459 3241 3798 3310 μεταδόσεσι.

2221 3327 2504 3382 Σκοπείτω
2531 3328 2586 3381 δὲ
2615 3328 2643 3380 ὁ
2671 3327 2831 3382 τοῦτο
2855 3328 3043 3391 ποιῶν,
3081 3330 3153 3399 μή
3197 3345 3329 3381 ποτε
3369 3328 3457 3382 διὰ
3488 3329 3550 3382 τὸ
3577 3330 3658 3393 ὡς
3689 3329 3800 3383 δοῦ-

2219 3421 2311 3485 λος
2344 3419 2504 3472 τοῦτο
2537 3420 2735 3485 τελεῖν,
2776 3421 3165 3492 προσαπολέσῃ
3209 3423 3306 3475 σὺν
3345 3421 3423 3492 τῷ
3469 3423 3677 3494 μισθῷ,
3714 3424 3800 3476 xui.

2219 3511 2279 3564 τὸ
2311 3511 2514 3583 προσὸν
2545 3510 2696 3582 αὐτῷ
2719 3512 2817 3580 τῆς
2847 3511 3096 3578 ἐξουσίας
3119 3512 3208 3566 διὰ
3231 3513 3540 3578 κενοδοξίας
3561 3513 3796 3585 ἀξίωμα.

2287 3688 2350 3744 ν’.
2385 3689 2598 3761 Ὥσπερ
2638 3691 2672 3762 ἡ
2717 3689 2901 3755 πίστις
2941 3691 3311 3763 ἐλπιζομένων
3351 3692 3657 3757 ὑπόστασις
3709 3693 3797 3746 πέ-

2219 3800 2413 3852 φυκεν,
2445 3782 2588 3837 οὕτω
2629 3782 2808 3854 ψυχῆς
2858 3784 2979 3855 μὲν,
3022 3784 3054 3854 ή
3091 3786 3387 3856 φρόνησιςο
3424 3786 3628 3857 ἀρετῆς
3661 3786 3797 3856 Sed]

2215 3875 2572 3938 ταπείνωσις.
2595 3876 2707 3930 Καὶ
2730 3875 2939 3947 θαῦμα,
2966 3877 3084 3942 πῶς
3105 3877 3178 3931 τὰ
3200 3879 3479 3949 αὐτοτελῆ,
3511 3878 3626 3931 τῶν
3662 3897 3800 3950 συμ-

2217 3969 2533 4044 ϐεὸηκότων
2563 3968 2687 4040 δίχα
2711 3970 2880 4042 ἀτελῆ
2911 3971 3304 4043 καθεστήκασι.

2285 4150 2385 4201 να’.
2423 4145 2640 4213 Κύριος
2662 4143 2924 4214 φυλάξαι
2969 4143 3086 4213 τὴν
3119 4144 3366 4200 είσοδόν
3416 4160 3535 4198 σου
3559 4185 3575 4205 ,
3622 4144 3800 4215 φησι,

2214 4237 2316 4292 καὶ
2344 4238 2460 4306 τὴν
2502 4237 2722 4302 ἐξοδόν
2751 4252 2892 4291 σου’
2927 4235 3025 4307 τὴν
3058 4237 3168 4290 τῶν
3200 4235 3509 4308 βρωμάτων
3547 4236 3798 4305 δηλονότι

2214 4330 2452 4384 καὶτῶν
2491 4329 2788 4402 ῥημάτων,
2834 4333 2900 4400 τῇ
2941 4329 3258 4400 ἐγκρατείᾳ.
3310 4329 3637 4399 Ἐγκρατῶς
3696 4330 3797 4401 γὰρ

523 4434 715 4501 perate
746 4436 805 4482 et
834 4427 1022 4483 sobrie
1058 4442 1119 4489 se
1154 4428 1324 4482 habet
1355 4442 1456 4498 pro
1491 4427 1741 4482 ciborum
1777 4425 2108 4481 verborum.-

2223 4421 2240 4474 5
2268 4421 2406 4492 ἔχων
2440 4423 2568 4492 περὶ
2608 4421 2708 4491 τὴν
2753 4420 2864 4474 τῶν
2917 4419 3226 4491 βρωμάτων
3261 4421 3354 4474 καὶ
3390 4421 3664 4492 ῥημάτων
3694 4423 3800 4475 εἴση

523 4532 633 4587 que
677 4517 906 4572 introitu
952 4527 1118 4586 atque
1171 4517 1359 4582 exitu,
1404 4518 1763 4587 cupiditatem
1820 4515 2107 4570 oculorum

523 4608 695 4675 vitat;
754 4608 1005 4679 iramque
1061 4623 1129 4662 ex
1178 4610 1403 4664 vesania
1453 4608 1733 4678 animique
1779 4606 2105 4671 insolentia,

520 4701 690 4768 lenit;
714 4714 951 4772 quorum
985 4701 1177 4770 utique
1202 4699 1368 4755 etiam
1399 4715 1512 4781 pra:
1537 4699 1796 4756 omnibus
1819 4696 2108 4753 conniten-

519 4793 656 4848 dum
699 4793 851 4849 omni
897 4792 1064 4848 modo
1109 4791 1337 4846 virtutis
1386 4791 1673 4862 palaestra,
1718 4797 1778 4843 ut
1821 4789 2107 4859 diligentia

520 4883 811 4942 habeatur.
838 4885 899 4939 In
927 4883 1013 4939 his
1038 4883 1184 4938 enim
1214 4891 1329 4937 tum
1351 4882 1434 4936 vis
1461 4881 1656 4952 agendi
1681 4879 1854 4935 robur
1872 4878 2105 4944 obtinet,

453 4976 456 4979 ’
520 4985 637 5034 tum
659 4975 1072 5047 contemplandi
1098 4975 1417 5030 ﬁrmitatem
1448 4973 1634 5027 habet.

587 5067 676 5122 52.
706 5067 847 5123 Sunt
869 5067 964 5138 qui
996 5081 1096 5136 pro
1128 5067 1383 5121 ciborum
1413 5062 1644 5118 introitu
1671 5077 1920 5133 magnam
1949 5060 2106 5115 aditi-

519 5160 686 5215 beant
732 5160 1113 5232 diligentiam;
1170 5175 1272 5230 pro
1325 5159 1480 5214 exitu
1533 5167 1717 5212 autem
1767 5156 2102 5220 verborum,

514 5253 743 5322 segnius
777 5268 843 5308 ac
875 5251 1242 5323 negligentius
1277 5267 1397 5306 sese
1430 5250 1688 5304 habeant.
1725 5246 1788 5300 lli
1831 5248 1966 5302 tales
2007 5263 2106 5302 ne-

513 5344 724 5408 sciunt,
757 5359 824 5398 ex
869 5343 1216 5406 Ecclesiastis
1256 5340 1560 5404 sententia,
1597 5339 1734 5394 iram
1777 5339 2000 5410 quidem
2040 5355 2107 5394 ex

588 5460 634 5492 ¹⁰
659 5457 825 5523 Hebr.
856 5475 928 5524 xl,
963 5459 1015 5514 1.
1092 5458 1132 5490 “
1161 5458 1305 5523 Psal.
1339 5473 1460 5518 cxx.
1497 5456 1551 5511 8.

516 5589 630 5642 est,
661 5581 762 5636 etsi
805 5579 861 5634 in
904 5577 1123 5642 schedis
1164 5578 1339 5642 Roma
1378 5577 1587 5641 missis,
1619 5576 1815 5632 eodem
1857 5588 2091 5630 numero

517 5649 894 5717 consignatum
953 5659 1076 5704 erat
1129 5663 1255 5703 cum
1314 5647 1606 5716 superiori.
1660 5645 2090 5717 ldem‘verbum

513 5715 707 5787 eadem
757 5721 1166 5773 constructione
1215 5733 1283 5772 ex
1334 5715 1468 5787 péal.
1513 5731 1706 5781 cxviu,
1753 5715 1883 5778 128,
1926 5715 2091 5769 habet

515 5785 679 5841 Marc.
710 5803 759 5842 c.
780 5789 869 5857 3|,
902 5789 975 5843 De
1009 5789 1117 5860 lege
1145 5785 1404 5858 spiritali;
1426 5787 1494 5842 de
1523 5802 1654 5858 quo,
1682 5787 1911 5857 ejusque
1939 5794 2091 5840 recto

2213 4514 2330 4567 οδόν
2358 4531 2417 4566 τε
2445 4515 2539 4567 ml.
2576 4512 2772 4578 ἔξοδον,
2806 4513 3100 4584 ἐπιθυμίαν
3135 4515 3232 4584 μὲν
3276 4513 3374 4584 τὴν
3408 4513 3466 4580 ἐξ
3497 4515 3802 4584 ὀφθαλμῶν

2213 4604 2620 4675 ἀποδιδράσκει·
2650 4605 2823 4676 θυμὸν
2865 4605 2920 4659 δέ
2958 4606 3048 4658 τὸν
3084 4605 3143 4670 ἐξ
3171 4606 3430 4669 ἀπονοίας
3467 4609 3803 4677 καταπραΰ-

2213 4713 2343 4759 ναι,
2395 4690 2472 4751 ὧν
2515 4697 2596 4750 δεῖ
2635 4698 2730 4751 καὶ
2759 4697 2864 4768 πρὸ
2906 4698 3122 4751 πάντων
3154 4698 3423 4752 ποιεῖσθαι
3461 4699 3563 4771 τὴν
3596 4702 3802 4770 ἐπιμέ-

2213 4787 2362 4850 λειαν
2401 4787 2492 4840 τὸν
2521 4787 2946 4857 ἀγωνιζόμενον,
2982 4789 3146 4842 παντὶ
3186 4788 3372 4859 τρόπῳ
3403 4788 3800 4844 σπουδαστέον.

2226 4879 2314 4934 Ἐν
2341 4879 2549 4941 τούτοις
2586 4877 2718 4949 γὰρ,
2747 4879 2809 4932 τὺ
2851 4879 2951 4950 μὲν
2982 4879 3288 4951 πρακτικὸν
3319 4879 3580 4951 ἔρρωταιο
3644 4881 3714 4936 τὸ
3747 4882 3802 4936 δί

2213 4966 2568 5039 θεωρητικὸν,
2602 4969 2952 5040 ἐστερέωται.

2277 5060 2380 5130 νβ’.
2415 5060 2571 5123 Τινὲς
2593 5059 2650 5124 δέ
2672 5062 2801 5131 περὶ
2827 5061 2928 5132 τῂν
2954 5059 3156 5123 εἴσοδον
3170 5061 3280 5114 τῶν
3305 5059 3641 5134 βρωμάτων,
3674 5062 3804 5117 πολ·

2208 5153 2307 5224 λὴν
2346 5155 2624 5215 ποιοῦνται
2669 5153 2766 5230 τὴν
2811 5153 3151 5225 ἐπιμέλειαψ
3191 5155 3319 5226 περὶ
3347 5155 3404 5216 δέ
3458 5155 3649 5219 ἔξοδον
3698 5154 3802 5210 τῶν

2214 5246 2494 5317 ῥημάτων,
2526 5246 2743 5317 ἀμελῶς
2772 5246 3119 5311 διατίθενται,
3170 5250 3232 5302 Οἱ
3265 5248 3494 5302 τοιοῦτοι
3544 5250 3654 5303 οὐκ
3686 5249 3801 5303 ἐπίφ

2215 5355 2438 5393 στανται
2462 5336 2732 5408 παράγειν
2757 5337 2928 5410 θυμὸν
2964 5341 3062 5409 μὲν
3091 5340 3199 5393 ἀπὸ
3223 5340 3452 5411 καρδίας
3485 5342 3571 5409 (i),
3601 5341 3800 5396 ἐπιθυ,

2201 5587 2388 5635 sensu,
2419 5587 2541 5641 quae
2563 5571 2678 5626 visa
2710 5580 2842 5628 sunt
2870 5571 3054 5627 obiter
3084 5570 3332 5640 exposita
3362 5569 3540 5626 altero
3565 5567 3793 5625 Maximi

2200 5643 2520 5704 centenario
2551 5657 2618 5696 ex
2649 5642 2900 5708 duobus,
2935 5658 3039 5696 nec
3066 5641 3157 5696 hic
3183 5656 3410 5696 necesse
3440 5648 3721 5710 repetere.

2271 5715 2331 5779 (ἰ)
2370 5711 2666 5780 Παράγειν
2699 5715 2888 5782 θυμὸν
2915 5713 3033 5780 μὲν
3064 5712 3181 5765 ἀπὸ
3221 5711 3484 5779 καρδίας.
3522 5711 3677 5764 lntcr
3713 5717 3794 5782 tot

2198 5783 2352 5838 verbi
2404 5783 2640 5852 παράγω
2696 5779 3157 5852 signiﬁcationes,
3197 5797 3306 5851 qua
3351 5789 3697 5851 usurparunt
3740 5779 3792 5832 οι
