4046 6196
247 314 388 385 ms

1411 311 1587 371 ALIA
1627 308 1731 369 EX
1767 304 2012 368 VATIC.
2051 303 2341 365 CAPITA.

3380 304 3520 371 1414

245 428 383 496 μίαν
430 426 486 480 δὲ
518 423 627 481 ἀπὸ
659 423 888 497 σαρκὸς,
933 424 1076 478 κατὰ
1116 424 1209 478 τὸν
1269 420 1728 494 Ἐκκλησιαστήν·
1774 416 1840 468 δι’

1948 412 2143 477 corde,
2169 427 2237 466 ex
2272 427 2437 469 carne
2468 428 2602 469 vero
2635 413 2993 484 cupiditatem
3015 414 3079 479 ",
3108 413 3360 480 auferre;
3393 416 3520 485 qui-

246 512 327 573 ὧν
348 520 381 588 ἡ
418 517 637 589 καθαρὰ
657 517 856 588 καρδία
886 515 1167 582 κτίζεσθαι
1200 518 1356 571 είωθε
1385 516 1535 587 παρᾶ
1556 512 1652 567 τοῦ
1677 529 1836 565 καιν-

240 628 309 665 ου
319 611 577 683 ργοῦντος
616 610 757 663 Πνεύ
767 626 958 680 ματος.

328 709 417 770 ιγ’.
460 702 532 754 Τὸ
565 700 665 771 μὲν
709 700 817 753 τῶν
865 698 1173 771 βρωμάτιον
1205 700 1529 771 ἀπέριττον,
1568 697 1699 768 περὶ
1737 696 1834 766 τὴν

248 792 399 862 ἥττω
427 791 639 862 τρυφῆς
671 790 951 861 ποιότητα·
976 790 1035 845 τὸ
1059 791 1115 843 δὲ
1137 791 1249 844 τῶν
1277 790 1539 861 ῥημάτων
1564 786 1835 857 ἀνέγκλη-

244 899 366 945 τον,
398 882 524 952 περὶ
554 881 650 953 τὴν
688 883 924 952 κρείττω
960 881 1062 952 τῆς
1106 880 1322 951 σιωπῆς
1368 880 1641 953 ποσότητα
1686 879 1837 951 εὑρε-

248 972 499 1044 θήσεται.

323 1065 412 1121 νδ’.
455 1066 716 1135 Πύρωσον
747 1065 873 1128 τοὺς
904 1063 1133 1136 νεφρούς
1169 1082 1262 1118 σου
1294 1062 1482 1134 ἀσιτία
1506 1062 1832 1135 βρωμάτων,

188 1221 195 1239 ¹
248 1161 348 1211 καὶ
388 1157 578 1210 ἐτασον
601 1157 699 1227 τὴν
723 1157 954 1228 καρδίαν
979 1170 1071 1210 σου
1102 1158 1398 1228 ἐγκρατείᾳ
1433 1157 1716 1228 ῥημάτων,
1743 1156 1836 1208 καὶ

190 1258 196 1272 ³
248 1248 395 1314 ἕξεις
442 1249 578 1318 πρὸς
625 1248 930 1319 ὑπηρεσίαν
965 1248 1168 1312 καλῶν,
1208 1248 1288 1314 τὸ,
1335 1248 1731 1320 ἐπιθυμητικόν
1776 1264 1834 1301 τε

205 1350 212 1356 “
252 1339 350 1391 καὶ
380 1338 631 1408 θυμικόν.

329 1436 422 1483 νε’.
471 1431 533 1482 Ἡ
586 1430 685 1499 μὲν
732 1429 841 1484 τῶν
880 1430 1262 1502 ὑπογαστρίων
1300 1430 1462 1501 ἡδονὴ
1504 1429 1836 1485 καταπίπτει

256 1522 318 1573 ἐν
365 1522 748 1592 ἀσκουμένοις,
778 1521 873 1575 τοῦ
895 1521 1148 1593 σώματος
1174 1523 1657 1593 παρακμάσαντος·
1676 1521 1753 1574 ἔτι
1780 1522 1837 1575 δὲ

259 1614 566 1684 παραμένει
608 1613 704 1667 τοῦ
736 1614 1018 1685 φάρυγγος
1049 1615 1138 1686 (j),
1176 1613 1255 1685 τῷ
1288 1614 1363 1683 μὴ
1408 1614 1673 1682 φθάσαντι
1700 1614 1836 1667 ταύ-

255 1722 359 1775 την
389 1704 612 1769 ἐνδίκως
660 1706 907 1765 κολάσαι.
971 1706 1281 1762 Σπουδάσαι
1326 1702 1418 1759 οὖν
1467 1706 1572 1776 χρὴ
1618 1706 1707 1758 διὰ
1739 1706 1837 1776 τῆς

258 1796 456 1861 αίτίου,
505 1796 599 1850 τοῦ
653 1797 899 1851 αἰτιατοῦ
936 1797 1030 1851 τὸν
1074 1797 1382 1869 ὀνειδισμὸν
1411 1798 1836 1867 ἀποτρίψασθαι,

258 1887 336 1950 ὡς
377 1887 442 1940 ἂν
499 1888 576 1959 μὴ
632 1887 781 1953 ξένος
821 1889 999 1945 ἐκεῖσε
1055 1890 1154 1960 τῆς
1192 1890 1334 1948 κατὰ
1374 1890 1473 1962 τὴν
1515 1890 1839 1960 ἐγκράτειαν

260 1979 463 2050 ἀρετῆς
494 1980 755 2051 εὑρεθεὶς,
796 1983 1115 2054 αἰσχυνθῇς.

334 2066 441 2138 νςί.
487 2074 811 2141 Ἀναγκαῖον
856 2077 1057 2131 είδέναι
1114 2075 1206 2129 τὸν
1256 2076 1521 2147 ἁσκητὴν,
1568 2076 1698 2130 πότε
1746 2076 1843 2131 καὶ

259 2164 371 2218 τίσι
404 2165 655 2235 βρώμασι
684 2168 767 2225 δεῖ
787 2169 861 2232 ὡς
888 2169 1079 2239 ἐχθρὸν
1100 2169 1321 2240 τρέφειν
1346 2170 1407 2221 τὸ
1449 2168 1607 2239 σῶμα
1640 2170 1803 2223 αὐτοῦ
1823 2186 1836 2201 ο

263 2256 394 2308 πότε
428 2256 485 2309 δέ
510 2256 585 2321 ὼς
616 2258 769 2326 φίλον
808 2260 1150 2331 παρακαλεῖν
1179 2261 1272 2313 καὶ
1309 2258 1469 2314 πάλιν
1503 2260 1842 2331 παραμυθεῖ-

268 2344 396 2399 σθαι
430 2345 506 2411 ὠς
542 2348 765 2420 ἁσθενῗγ
801 2350 889 2404 ἵνα
924 2352 996 2422 μὴ
1032 2351 1170 2422 λάθῃ
1204 2352 1272 2405 τὰ
1304 2352 1403 2423 μὲν
1439 2352 1533 2406 τοῦ
1562 2353 1839 2418 ἀσθενοῦς,

263 2435 341 2507 τῷ
379 2437 540 2508 φίλῳο
593 2440 660 2494 τὰ
707 2441 764 2493 δὲ
810 2442 902 2496 τοῦ
954 2444 1108 2512 φίλου
1163 2445 1487 2515 παρατιθεὶς
1531 2446 1609 2517 τῷ
1642 2445 1841 2517 ἐχθρῷ·

266 2527 359 2580 καὶ
394 2527 688 2600 ἑκατέρους
738 2531 814 2594 ὡς
859 2534 1241 2602 σκανδαλίσας,
1294 2534 1470 2607 καιρῷ
1537 2537 1841 2608 πειρασμοῦ

267 2618 489 2689 εὑρήσει
522 2621 893 2693 πολεμοῦντας
919 2625 1102 2683 αὐτόν.

339 2791 423 2857 ιξο
464 2794 633 2847 Ὅταν
688 2797 785 2867 τῆς
818 2798 1034 2869 τρυφῆς
1074 2800 1174 2871 τὴν
1206 2803 1412 2872 τροφὴν
1446 2802 1474 2855 ὁ
1514 2801 1845 2871 τρεφόμενος

270 2885 671 2957 προτιμοτέραν
709 2890 1032 2961 ποιήσηται.
1067 2891 1189 2945 τότε
1236 2894 1270 2964 ἡ
1301 2893 1408 2947 τῶν
1443 2892 1696 2964 δακρύων
1721 2895 1843 2945 ἐπι-

270 2975 563 3047 δημήσασα
598 2978 757 3049 χάρις
780 2980 948 3051 αὐτῷ,
998 2983 1336 3051 παρακαλεῖν
1376 2985 1604 3056 ἄρχεται
1631 2984 1728 3037 καὶ
1752 2984 1845 3036 ἆλ-

1938 500 2044 556 bus
2068 502 2362 558 innovator
2385 502 2625 575 Spiritus
2648 505 2817 561 habet
2837 521 2935 561 cor
2956 506 3223 561 mundum
3245 521 3434 561 creare
3453 509 3517 562 ".

2006 678 2096 732 53.
2126 676 2391 734 Ciborum
2420 679 2637 736 laudata
2667 680 2953 751 frugalitas
2981 691 3145 751 atque
3176 681 3436 751 parcitas,
3466 681 3520 736 in

1937 769 2136 823 minori
2160 785 2323 839 quam
2348 786 2447 841 pro
2468 773 2684 828 deliciis
2703 773 2997 843 qualitate;
3025 774 3316 828 verborum
3338 783 3521 828 autem

1937 860 2087 914 omni
2120 877 2324 916 vacans
2358 864 2791 933 reprehensione
2823 863 3196 934 indulgentia,
3229 865 3285 918 in
3319 863 3521 934 potiori

1936 965 2100 1019 quam
2132 966 2233 1019 pro
2258 952 2480 1007 silentio
2510 953 2820 1008 invenietur
2843 954 3169 1023 quantitate.

2006 1045 2170 1116 647
2189 1046 2276 1100 54.
2299 1046 2409 1101 Ure
2435 1064 2598 1102 renes
2620 1058 2745 1101 tuos
2769 1049 3021 1102 ciborum
3053 1048 3257 1109 inedia,
3278 1055 3335 1103 et
3352 1048 3521 1116 proba

1938 1152 2038 1192 cor
2058 1146 2213 1191 tuum
2238 1138 2536 1193 verborum
2562 1140 2914 1203 abstinentia,
2940 1140 3279 1208 habebisque
3304 1140 3525 1193 virtutis

1938 1231 2250 1285 ministerio
2298 1231 2702 1303 obsequentes,
2757 1232 3077 1303 cupiditatis
3103 1233 3307 1301 iraeque
3355 1231 3526 1285 facul-

1940 1331 1991 1376 ta
2001 1330 2129 1376 lem.

2010 1416 2096 1470 55.
2139 1417 2508 1472 Venereorum
2538 1418 2813 1488 voluptas,
2842 1425 3249 1473 cmarcescente
3275 1415 3526 1486 corporis

1938 1508 2105 1578 pube,
2132 1509 2392 1573 concidit,
2418 1510 2472 1563 in
2501 1509 2571 1564 iis
2592 1510 2686 1579 qui
2708 1509 2932 1564 virtutis
2952 1509 3202 1578 palwstra
3225 1516 3484 1577 exercent
3509 1524 3523 1561 :

1938 1597 2119 1652 adhuc
2159 1607 2341 1653 tamen
2375 1609 2600 1655 manent
2626 1601 2764 1671 gula:
2793 1601 3157 1663 irritamenta,
3186 1601 3258 1662 ei,
3292 1600 3385 1668 qui
3414 1614 3525 1652 nou

1939 1699 2068 1745 ante
2109 1704 2229 1743 eam
2278 1690 2463 1744 debita
2513 1692 2719 1745 ultione.
2767 1690 3140 1760 castigaverit.
3191 1690 3526 1743 Enitendum

1941 1780 2106 1852 igitur
2137 1788 2240 1845 est,
2274 1788 2335 1835 ut
2363 1797 2462 1852 per
2500 1797 2744 1845 causam,
2773 1781 3005 1837 eﬂ‘ectus
3035 1780 3300 1851 probrum
3332 1781 3528 1844 elidas,

1942 1888 2011 1927 ne
2034 1881 2333 1927 extraneas
2355 1873 2425 1927 ab
2451 1874 2795 1928 abstinentiae
2823 1888 2919 1925 seu
2946 1872 3302 1926 continentia:
3324 1872 3530 1927 virtute

1943 1964 2058 2019 illic
2087 1964 2367 2030 inventus,
2402 1964 2780 2019 confundaris.

2011 2057 2099 2111 56.
2142 2056 2423 2110 Exercens
2477 2056 2544 2109 ad
2598 2056 2895 2124 pietatem,
2952 2055 3091 2109 sciat
3145 2071 3371 2110 necesse
3422 2063 3529 2118 cst,

1942 2147 2295 2218 quandonam
2348 2154 2404 2201 et
2456 2147 2664 2215 quibus
2714 2145 2854 2200 cibis
2904 2146 3162 2199 alendum
3217 2162 3418 2215 corpus
3471 2154 3533 2199 ut

1944 2240 2153 2304 hostis;
2213 2237 2435 2308 quando
2481 2239 2608 2292 item
2664 2236 3031 2292 recreandum
3085 2245 3145 2289 ut
3190 2236 3421 2299 amicus,
3466 2252 3532 2291 ac

1944 2347 2136 2387 rursus
2167 2329 2388 2402 quando
2418 2330 2467 2384 ei
2500 2330 2813 2385 adhibenda
2848 2328 3041 2382 solatia
3078 2338 3336 2397 tanquam
3375 2327 3530 2381 infir-

1944 2441 2069 2481 mo:
2094 2442 2162 2479 nc
2185 2442 2284 2495 per
2306 2424 2755 2495 imprudentiam,
2776 2437 2897 2491 qua:
2921 2428 3048 2474 sunt
3073 2418 3297 2483 infirmi,
3317 2420 3526 2486 amico;

1943 2524 1998 2571 ct
2020 2534 2142 2587 qua?
2173 2517 2354 2580 amici,
2384 2515 2528 2571 hosti
2555 2512 2916 2584 apponendo;
2947 2527 3009 2565 ac
3035 2510 3188 2565 velut
3216 2510 3311 2580 qui
3345 2519 3528 2563 utros-

1944 2625 2051 2679 que
2076 2608 2552 2671 scandalizavcrit,
2577 2606 2828 2675 utrisque
2857 2604 2912 2663 in
2941 2612 3187 2672 tempore
3213 2601 3532 2658 tentationis

1946 2710 2133 2755 utatur
2165 2700 2417 2757 infensis.

2016 2795 2104 2847 57.
2144 2792 2281 2845 Cum
2310 2792 2357 2846 is
2385 2791 2479 2861 qui
2510 2792 2773 2847 alimento
2800 2789 2996 2852 utitur,
3023 2789 3161 2859 gula:
3192 2786 3407 2841 deliciis
3436 2802 3532 2840 ne-

1944 2885 2247 2940 cessarium
2280 2884 2465 2938 cibum
2512 2882 2852 2953 praetulerit,
2896 2889 3027 2935 tunc
3058 2878 3329 2933 accedens
3360 2878 3534 2947 lacry-

1946 2992 2159 3029 marum
2202 2975 2410 3044 gratia,
2448 2976 2700 3045 ingerere
2744 2973 2939 3042 incipit
2978 2988 3043 3031 ac
3079 2972 3333 3034 suadere,
3379 2980 3439 3023 ut
3475 2977 3531 3029 et

271 3066 367 3135 λης
393 3068 573 3132 πάσης
602 3069 862 3139 ἡδύτητος
896 3072 1375 3140 ἐπιλανθάνεσθαι,
1411 3075 1485 3136 ὡς
1510 3074 1611 3144 ἤδη
1637 3074 1840 3127 τούτων

1946 3082 2164 3121 omnem
2191 3067 2353 3121 aliam
2385 3066 2735 3120 dulcedinem
2765 3065 3147 3131 obliviscatur,
3181 3079 3303 3133 quae
3334 3062 3530 3123 barum

272 3156 669 3229 καταποθείσης
695 3160 1008 3232 ἀσυγκρίτῳ
1057 3163 1301 3234 ήδύτητι.

343 3256 443 3321 νηθ.
483 3250 574 3322 Τῷ
609 3251 708 3322 μὲν
746 3253 1137 3327 πλατυνομένῳ
1167 3258 1467 3330 συνεστάλη
1501 3258 1571 3312 τὰ
1614 3262 1843 3331 δάκρυαο

273 3341 536 3413 ἕξεόλύθη
564 3343 620 3400 δὲ
650 3344 847 3410 ταῦτα,
878 3346 956 3418 τῷ
980 3348 1080 3418 τὴν
1114 3349 1306 3422 στενὴν
1328 3351 1445 3404 ὁδὸν
1475 3354 1839 3424 ἀγαπήσαντι.

342 3512 439 3568 νϐ’.
476 3514 589 3569 Οὐκ
621 3516 770 3572 ἐστιν
794 3516 971 3588 λύπης
992 3520 1168 3585 ἐκτὸς,
1202 3520 1325 3573 οὔτε
1357 3524 1700 3592 ἁμαρτωλὸς,
1720 3524 1844 3577 οὔτε

272 3603 498 3671 δίκαιος·
537 3608 653 3662 ἀλλ’
676 3612 706 3662 ὁ
747 3609 868 3680 μὲν,
904 3611 987 3663 ὅτι
1035 3612 1110 3682 μὴ
1142 3612 1318 3682 πάντη
1368 3613 1635 3668 ἀπέλιπεν
1661 3616 1721 3671 τὸ
1749 3634 1845 3670 κα-

260 3696 386 3750 κόν·
416 3698 446 3750 ὁ
476 3698 555 3767 δὲ,
584 3701 666 3753 ὅτι
702 3698 856 3757 οὔπω
897 3700 1167 3757 κατέλαϐε
1204 3703 1265 3756 τὸ
1294 3702 1463 3768 ὄντως
1491 3703 1673 3759 καλόν.

251 3873 262 3940 ἶ
342 3888 405 3953 ξ’.
447 3890 568 3941 Τῶν
604 3890 688 3959 ἐφ’
718 3892 849 3962 ἡμῖν
892 3892 990 3962 μὲν
1032 3890 1174 3945 κατὰ
1201 3891 1428 3962 δύναμιν
1459 3894 1675 3964 apem"
1709 3895 1843 3968 εὐχὴ

272 3979 365 4032 καὶ
391 3980 590 4049 σιωπή·
630 3979 737 4032 τῶν
776 3981 874 4033 οὐκ
909 3980 997 4049 ἐφ’
1028 3982 1160 4051 ἡμῖν
1193 3981 1271 4044 δὲ,
1313 3982 1427 4034 ἀλλ’
1468 3982 1545 4047 ὡς
1574 3983 1642 4039 τὰ
1677 3984 1845 4038 πολλὰ

270 4068 368 4139 τῆς
396 4068 491 4121 τοῦ
526 4069 778 4139 σώματος
809 4072 1173 4142 κατασκευῆς,
1203 4073 1427 4142 νηστεία
1447 4075 1541 4131 καὶ
1568 4076 1843 4146 ἀγρυπνία

270 4160 427 4213 είσίν.
464 4163 643 4231 Ὅπερ
688 4159 782 4216 οὖν
822 4163 900 4234 τῷ
934 4164 1208 4235 ἀγωνιστῇ
1238 4165 1654 4239 εὐληπτότερον,
1686 4168 1843 4222 τοῦτο

275 4251 638 4327 μετέρχεσθαι
672 4255 802 4325 χρή.

1941 3157 2051 3226 jam
2090 3156 2506 3227 incomparabili
2538 3155 2830 3215 dulcedine
2862 3155 3121 3224 absorpta
3153 3156 3245 3209 sit.

1989 3249 2103 3315 .58.
2150 3250 2211 3309 Ei
2243 3249 2336 3318 qui
2372 3249 2635 3303 dilatatur
2662 3286 2676 3309 ,
2713 3254 2995 3299 contracta
3039 3254 3123 3300 est
3162 3246 3529 3315 lacrymarum

1946 3340 2064 3407 vis;
2102 3340 2283 3399 fluunt
2312 3348 2496 3393 autem
2524 3338 2676 3407 largo
2697 3335 2868 3401 fonte,
2898 3336 2999 3402 illi,
3025 3336 3119 3406 qui
3146 3335 3287 3393 viam
3321 3344 3528 3395 arctam

1946 3434 2160 3492 dilexit.

2018 3524 2105 3577 59.
2148 3524 2260 3576 Nec
2318 3530 2577 3591 peccator
2630 3521 2851 3591 aliquis,
2910 3536 3015 3575 nec
3062 3522 3265 3590 justus,
3317 3521 3529 3581 doloris

1944 3614 2114 3670 animi
2139 3629 2336 3683 expers
2364 3612 2581 3667 exsistit
2610 3631 2621 3666 :
2660 3612 2756 3668 sed
2785 3611 2935 3666 dolet
2965 3612 3059 3666 ille
3092 3612 3341 3682 quidem,
3379 3613 3528 3682 quod

1943 3721 2055 3759 non
2083 3704 2309 3759 omnino
2339 3704 2540 3757 malum
2580 3701 2865 3772 reliquerit
2891 3719 2904 3767 ;
2940 3702 3030 3756 hic
3050 3718 3203 3766 vero,
3233 3701 3377 3773 quod
3398 3718 3527 3761 nec-

1944 3796 2077 3853 dum
2134 3795 2281 3865 quod
2308 3803 2392 3849 cst
2418 3810 2544 3848 vere
2577 3794 2781 3847 bonum
2816 3794 3050 3863 adeptus
3080 3794 3171 3848 sit.

2014 3887 2105 3943 60.
2134 3886 2340 3941 Eorum
2365 3900 2486 3953 qua:
2512 3884 2565 3937 in
2592 3892 2777 3937 nostra
2805 3891 2935 3938 sunt
2960 3883 3243 3947 facultate,
3269 3881 3523 3948 virtutes,

1944 3979 2124 4034 oratio
2148 3984 2204 4031 et
2237 3976 2517 4030 silentium
2550 3993 2562 4028 :
2594 3990 2789 4029 eorum
2823 3990 2978 4039 vero,
3011 3989 3134 4044 qua:
3164 3989 3274 4027 non
3311 3983 3438 4029 sunt
3472 3974 3526 4030 in

1944 4068 2225 4131 facultate,
2251 4068 2343 4120 sed
2376 4068 2700 4135 plerumque
2723 4080 2790 4119 ex
2815 4069 3067 4135 corporis
3096 4074 3527 4136 temperamento

1944 4160 2219 4232 pendent,
2250 4158 2522 4228 jejunium
2570 4167 2625 4211 ct
2674 4157 2894 4228 vigiliaz.
2932 4156 3086 4227 Quod
3141 4157 3308 4225 igitur
3355 4157 3525 4227 pugili

1946 4252 2119 4322 magis
2159 4249 2512 4319 expeditum,
2551 4249 2605 4303 id
2644 4265 2773 4305 vero
2816 4265 3040 4305 necesse
3074 4266 3199 4305 cum
3250 4249 3430 4305 colere
3472 4256 3528 4307 et

1944 4358 2223 4399 exercere.

344 4430 447 4499 ἐπ’.
481 4429 643 4494 Οἶκος
677 4432 775 4503 μὲν
825 4432 1013 4503 εὐχῆς,
1047 4434 1082 4504 ή
1132 4432 1401 4503 ὑπομονήο
1432 4435 1840 4505 περικρατεὴαι

2022 4433 2109 4489 61.
2147 4434 2352 4487 Domus
2407 4431 2695 4499 orationis,
2739 4435 3004 4505 patientia
3048 4443 3171 4499 est;
3221 4434 3341 4504 ejus
3378 4432 3524 4489 enim

341 4591 383 4622 “
414 4590 597 4646 Ecclc.
633 4605 705 4647 XI.
746 4587 830 4645 10.
910 4588 950 4619 ¹³
977 4587 1116 4643 Psal.
1154 4604 1206 4651 L,
1237 4586 1322 4644 i2.

267 4744 514 4817 yxxgin
557 4761 624 4799 eo
667 4746 879 4802 Eceles.
918 4747 1229 4817 locoynon
1261 4747 1557 4802 admodum
1605 4748 1848 4817 probatis

266 4814 471 4886 Ciratcis
505 4817 826 4871 auctoribus
863 4816 1009 4871 trita.
1040 4816 1213 4871 Alline
1251 4827 1432 4872 tamen
1472 4825 1577 4881 est,
1607 4814 1755 4886 quod
1792 4819 1846 4873 in

267 4885 505 4956 plurium
546 4887 751 4955 majore
792 4887 1021 4948 Lexico,
1059 4886 1194 4940 alias
1227 4886 1575 4956 Crispiniano
1611 4885 1849 4943 refertur

265 4955 563 5028 ex_Plutar.
588 4957 641 5028 in
670 4956 913 5023 Romulo,
931 4956 1165 5018 Τούτους
1193 4955 1447 5028 ἐξέκρουε
1480 4958 1574 5009 καὶ
1599 4959 1846 5028 παρῆγεν

264 5026 292 5077 ὁ
326 5024 544 5098 Τάτιος.
582 5025 750 5090 Quasi
790 5030 1045 5098 expunxit
1081 5045 1141 5079 ac
1178 5024 1370 5098 missos
1397 5027 1568 5098 fecit:
1603 5024 1845 5098 quodet

266 5110 368 5167 vox
400 5093 665 5167 Hebraica
694 5093 1057 5161 sonat-1:13:11
1088 5093 1486 5167 transirefccit.
1514 5093 1669 5167 Apud
1700 5098 1842 5153 Pau-

264 5166 398 5239 lum,
422 5165 503 5229 τὸ,
535 5167 781 5239 Παράγει
812 5169 920 5239 γὰρ
948 5169 1008 5220 τὸ
1040 5167 1231 5239 σχῆμα
1258 5165 1368 5239 τοῦ
1389 5165 1591 5239 κόσμου
1628 5168 1838 5229 τούτου.

264 5186 398 5228 tum,
422 5186 503 5229 το,
535 5186 781 5239 ιιαραγει
812 5186 920 5238 γαρ
948 5186 1008 5220 το
1044 5186 1146 5237 σχη
1197 5186 1231 5221 α
1258 5186 1351 5219 του
1389 5186 1591 5235 κοσμου
1628 5186 1838 5229 τουτου.

264 5235 283 5288 1
331 5234 455 5289 Cor.
491 5252 562 5289 vii
585 5277 598 5300 ,
633 5239 736 5301 51,
772 5238 918 5307 quod
964 5237 1108 5306 vulg.
1151 5186 1393 5291 gra’tcrit
1436 5235 1613 5307 figura
1657 5242 1841 5294 mundi

264 5306 452 5378 hujus;
505 5307 734 5375 perinde
782 5306 933 5362 reddi
987 5317 1173 5377 posset
1220 5325 1233 5360 :
1287 5306 1492 5360 Fallax
1529 5316 1605 5360 est
1648 5312 1840 5378 species

266 5376 446 5448 mundi
479 5378 654 5447 hujus,
679 5378 824 5448 quod
862 5376 1073 5433 scilicet
1104 5378 1419 5431 mortalium
1453 5378 1627 5448 oculis
1662 5376 1716 5432 in
1750 5396 1839 5434 re-

265 5445 365 5500 bus
395 5445 651 5519 humanis
684 5445 895 5519 objicit,
927 5464 956 5502 a
988 5448 1189 5517 quibus
1221 5448 1423 5519 Paulus
1444 5446 1837 5519 discipulorum

264 5527 457 5588 avocat
494 5518 728 5582 animos,
759 5518 833 5574 ne
878 5535 936 5573 se
981 5519 1091 5573 illis
1127 5518 1428 5572 dementari
1468 5518 1670 5583 sinant,
1707 5520 1839 5588 ipsis

265 5586 610 5651 adhaerendo,
635 5589 731 5644 sed
756 5590 929 5659 magis
953 5590 1020 5644 ad
1049 5605 1111 5643 ea
1137 5604 1259 5657 quae
1283 5602 1411 5643 vere
1441 5598 1570 5641 sunt
1593 5586 1836 5646 studium

264 5669 420 5711 omne
454 5659 814 5728 transferant,
849 5661 955 5715 levi
993 5659 1172 5713 solum
1208 5674 1392 5711 rerum
1428 5673 1529 5712 usu
1565 5660 1834 5728 permisso

265 5739 325 5780 ac
349 5727 562 5797 qualem
591 5730 717 5785 vitae
741 5731 1039 5788 necessitas
1064 5729 1172 5786 alio
1198 5727 1587 5786 festinantibus
1612 5736 1841 5787 omnino

1949 4748 2208 4820 postulat.
2236 4750 2340 4805 Pro
2365 4748 2658 4820 ἐπιθυμίας
2680 4747 2838 4820 Vulg,
2864 4746 3094 4820 malitia,
3118 4762 3185 4799 ex
3210 4745 3346 4820 lleb.
3370 4746 3527 4820 cujus

1928 4816 2100 4876 'vocis
2129 4821 2420 4888 explicatio
2449 4816 2556 4883 est,
2584 4818 2663 4881 τὸ,
2692 4816 2980 4888 ἐπιθυμία·
3013 4817 3130 4870 haec
3160 4817 3305 4876 enim
3344 4818 3527 4871 carnis

1948 4891 2154 4945 malitia
2180 4887 2275 4943 seu
2304 4890 2497 4943 vitium
2517 4930 2529 4952 ,
2557 4887 2994 4957 concupiscentia.

2021 4962 2084 5030 ij)
2133 4962 2261 5012 Ἔτι
2313 4960 2381 5011 δὲ
2431 4954 2755 5030 amanda-sl.
2801 4956 2911 5008 τοῦ
2941 4954 3285 5030 φάρυγγος.
3320 4956 3527 5030 Nempe

1946 5025 2294 5085 diuturniora
2338 5030 2476 5099 gula:
2518 5025 3003 5099 praelia,_nec__nisi
3045 5034 3217 5080 morte
3257 5026 3523 5099 finienda;

1946 5101 2093 5169 quod
2140 5095 2362 5154 absolvi
2395 5115 2423 5151 a
2468 5095 3076 5169 necessariqciborum
3122 5111 3245 5169 usu,
3283 5098 3526 5169 quandiu

1944 5166 2055 5224 vita
2085 5179 2362 5239 superstes
2388 5178 2491 5223 est.
2520 5168 2745 5220 minimc
2772 5166 2958 5239 liceat;
2991 5167 3080 5239 cui
3111 5167 3402 5236 conjuncta
3436 5168 3526 5221 illa

1948 5242 2087 5322 gulae
2144 5237 2602 5322 voluptasuipsa
2663 5237 3245 5322 necessariaﬂneoq‘ue
3303 5246 3527 5322 auctore

1949 5306 2135 5372 insita,
2164 5306 2410 5379 quandiu
2441 5309 2603 5377 jusuc
2636 5306 3041 5379 mediocritatis
3063 5306 3288 5379 modum
3324 5315 3523 5379 servat.

1949 5381 2119 5435 Secus
2143 5376 2211 5432 de
2236 5376 2599 5432 venereOrum
2627 5377 2924 5446 voluptate.
2948 5378 3199 5431 ordinata
3225 5377 3291 5430 ad
3322 5376 3524 5446 speciei

1947 5449 2452 5511 conservationem,
2488 5448 2645 5517 cujus
2679 5448 2758 5501 rei
2792 5462 3023 5509 munus,
3055 5463 3157 5502 nec
3196 5446 3263 5501 ad
3303 5462 3522 5515 omnes,

1945 5536 2048 5575 nec
2076 5534 2174 5589 pro
2196 5517 2347 5572 omni
2370 5527 2522 5589 statu
2541 5526 2637 5571 aut
2657 5524 2814 5572 :etate
2838 5525 3066 5589 spectat.
3091 5518 3220 5572 Erat
3242 5518 3523 5589 mendose,

1945 5587 2283 5659 παρέιμένου
2322 5588 2420 5659 τοῦ
2459 5587 2759 5659 φάρυγγος-⁸
2787 5603 2908 5655 qua:
2943 5588 3021 5642 sic
3060 5595 3253 5659 aperta
3284 5587 3523 5659 imperiti

1948 5657 2142 5716 scribae
2174 5657 2392 5732 menda,
2426 5658 2958 5732 nolim‘excoquere,
2983 5668 3075 5713 aut
3097 5657 3337 5732 possim,
3366 5658 3520 5715 inde-

1949 5748 2056 5802 que
2086 5728 2279 5785 lectori
2303 5730 2580 5799 negotium
2602 5727 2891 5783 facessere.
