4010 6202
266 359 397 424 141⁷1

1449 353 1619 411 ALIA
1663 354 1763 412 EX
1801 355 2041 414 VATIC.
2085 356 2368 415 CAPITA.

3407 359 3539 421 H18

261 473 350 521 οἱα
385 467 436 519 οἰ
465 463 614 533 λόγοι
648 462 746 531 τῆς
772 461 991 514 αἰωνίου
1019 457 1165 530 ζωῆς
1213 454 1602 518 ἀποστάζουσι.
1630 455 1726 517 Τίς
1753 452 1845 507 οὖν

1971 459 2023 511 ni
2080 459 2263 522 labiis,
2317 461 2468 514 velut
2511 461 2618 514 favi
2668 461 2847 516 mellis
2894 462 3102 518 stillant
3154 463 3278 518 vitae
3322 475 3539 519 :eterna-

258 557 513 628 ἀξιωθείη
566 557 679 618 τοῖς
729 553 962 624 χείλεσιν
1008 552 1246 612 ἐκείνοις
1287 547 1565 619 προσάψαι
1603 548 1674 599 τὰ
1712 547 1843 612 ἴδια,

258 652 352 704 καὶ
388 647 610 717 μασθῶν
641 645 744 698 ἀνὰ
776 644 940 715 μέσον
963 643 1134 712 αὐτῆς
1171 639 1521 710 αὐλισθῆναι,
1550 639 1643 691 καὶ
1671 639 1845 709 ὀσμῆς

262 739 448 811 ἡδείας
473 735 800 806 μεταὸαλείν
828 733 1058 803 ἱματίων
1085 732 1336 800 ἐκείνης
1366 729 1635 794 τουτέστι,
1661 728 1846 798 νόμοις

259 826 616 897 ἐνηδυνθῆναι
649 825 758 878 τῶν
793 823 1026 894 ἀρετῶν,
1052 822 1163 876 τῶν
1214 820 1361 889 ὑπὲρ
1403 819 1583 874 πάντα
1615 821 1749 891 φησι
1777 818 1844 873 τὰ

261 920 532 994 ἀρώματα
563 919 694 973 ὄντα
722 919 821 990 τῆς
845 916 1111 988 αἰσθητῆς
1142 913 1511 984 διαγνώσεως.
1543 954 1558 970 κ

327 1097 422 1152 os'.
465 1097 574 1151 Τοῦ
609 1099 708 1170 μὲν
748 1097 1027 1169 ὁρωμένου
1069 1096 1343 1166 σώματος,
1386 1097 1540 1148 πᾶσα
1565 1094 1711 1166 ψυχὴ
1746 1112 1845 1162 γυ-

262 1190 630 1260 μνωθήσεται·
660 1190 754 1243 τοῦ
803 1190 860 1242 δὲ
909 1189 1008 1260 τῆς
1036 1189 1334 1260 ἁμαρτίας,
1372 1189 1425 1241 οἰ
1465 1188 1566 1259 τῆς
1608 1187 1844 1242 ἐνταῦθα

259 1282 405 1352 ζωῆς
430 1283 601 1349 ὀλίγοι
628 1283 738 1336 τῶν
777 1283 948 1353 ἡδέων
974 1282 1557 1354 προσαπολαύσαντες.

336 1382 443 1440 ος’.
495 1375 700 1447 Νεκρολ⁸
740 1376 840 1446 μὲν
876 1378 940 1430 ὲκ
979 1375 1205 1440 ζώντων·
1233 1375 1299 1445 (ί)
1339 1375 1545 1437 πάντες
1573 1373 1844 1443 ὀφθήσον-

256 1481 371 1517 ται·
400 1466 840 1537 νεκρωθήσονται
872 1465 928 1518 δὲ
966 1467 1033 1537 τῇ
1065 1464 1311 1537 ἁμαρτίᾳ
1351 1464 1504 1534 μόνοι
1537 1463 1587 1516 σι
1635 1463 1700 1516 ὲκ
1725 1463 1843 1516 δια-

260 1556 466 1620 θέσεως
499 1557 702 1627 ταύτην
738 1558 1092 1628 μισήσαντες.

331 1647 429 1713 (ιζ’.
462 1649 557 1711 Τίς
601 1649 792 1703 ἑαυτὸν
829 1649 936 1718 πρὸ
969 1647 1062 1700 τοῦ
1102 1647 1286 1701 κοινοῦ
1314 1647 1548 1702 θανάτου
1590 1646 1686 1700 τοῦ
1734 1648 1843 1699 σώ-

262 1758 432 1812 ματος
490 1741 585 1793 ίδοι
631 1741 726 1810 τῆς
766 1739 1044 1811 ἁμαρτίας
1094 1740 1337 1810 γυμνὸνς
1371 1740 1468 1792 καὶ
1510 1739 1596 1801 τίς
1627 1738 1656 1790 6
1683 1740 1845 1806 γνοὺς

1955 551 2121 605 verba
2156 552 2218 604 ".
2252 552 2482 606 Cuiuam
2513 553 2681 624 igitur
2711 554 2960 622 obtingat
2992 564 3050 608 ut
3080 572 3177 610 sua
3213 555 3320 611 illis
3351 556 3541 612 admo-

1954 653 2078 698 veat
2107 644 2271 707 labia,
2303 653 2359 699 et
2385 652 2443 697 ut
2473 645 2616 698 inter
2639 646 2758 716 ejus
2787 646 2956 700 ubera
2982 657 3255 712 versetur,
3282 647 3540 718 illiusque

1953 736 2170 789 aliletur
2206 736 2667 791 vestimentorum
2702 735 2891 790 odoris
2923 736 3193 806 fragantia
3214 737 3299 790 "?
3332 737 3540 808 Nempe

1953 827 2224 882 virtutum
2258 828 2470 898 legibus
2496 827 2827 894 delectetur,
2856 845 2979 900 quae
3001 845 3168 900 super
3189 830 3375 885 omnia
3417 846 3540 885 aro-

1954 929 2098 974 mata
2132 928 2290 986 sunt,
2328 922 2446 993 ejus
2489 922 2822 993 cognitionis
2855 930 2909 978 et
2933 923 3129 994 judicii
3159 923 3304 995 quod
3345 938 3542 979 sensus

1951 1013 2002 1064 vi
2039 1010 2296 1066 habetur.

2026 1104 2112 1158 75.
2152 1103 2394 1174 Corpore
2441 1107 2617 1162 oculis
2659 1107 2930 1180 subjecto,
2981 1108 3164 1163 anima
3214 1108 3395 1162 omnis
3437 1123 3539 1161 nu-

1951 1195 2206 1264 dabitur;
2248 1198 2460 1269 peccati
2500 1207 2681 1254 autem
2716 1214 2948 1269 corpore
2972 1240 2986 1264 ,
3022 1199 3181 1269 pauci
3214 1213 3279 1253 ex
3311 1198 3418 1252 illis
3444 1197 3537 1267 qui

1951 1290 2078 1344 vitae
2103 1291 2269 1361 hujus
2299 1290 2515 1346 deliciis
2545 1290 2706 1360 potiti
2740 1300 2888 1345 sunt.

2025 1383 2111 1437 76.
2153 1383 2355 1438 Mortui
2383 1399 2449 1438 ex
2483 1383 2822 1447 viventibus,
2849 1398 3041 1437 omnes
3066 1381 3289 1452 quidem
3321 1381 3538 1450 conSpi-

1951 1475 2172 1531 cientur
2199 1495 2212 1530 :
2247 1476 2342 1532 sed
2374 1477 2453 1532 illi
2484 1477 2748 1532 duntaxat
2780 1486 3005 1549 peccato
3037 1476 3538 1540 mortiﬁeabuntur,

1952 1569 2048 1640 qui
2075 1586 2145 1624 ex
2169 1569 2354 1624 animo
2389 1570 2523 1624 illud
2556 1569 2796 1625 oderint.

2023 1664 2112 1716 77.
2153 1662 2288 1728 Quis
2314 1671 2442 1715 ante
2471 1677 2820 1716 communem
2857 1671 3089 1716 mortem
3132 1661 3404 1732 corporis,
3431 1677 3539 1715 nu-

1952 1753 2083 1807 dum
2111 1769 2169 1808 se
2197 1769 2227 1807 a
2259 1762 2486 1823 peccato
2514 1753 2754 1808 viderit?
2782 1753 2975 1822 quisve
3006 1754 3244 1824 seipsum
3274 1769 3540 1824 suamque

261 1833 428 1886 αὐτόν
457 1849 515 1884 τε
549 1832 643 1884 καὶ
672 1831 770 1902 τὴν
803 1832 938 1884 ίδίαν
991 1830 1177 1900 φύσιν,
1225 1831 1388 1885 ὁποία
1432 1830 1558 1884 ἐστὶ
1602 1830 1711 1901 πρὸ
1746 1831 1846 1902 τῆς

1974 1847 2194 1902 ndolem
2226 1855 2352 1901 ante
2381 1845 2624 1900 futuram
2656 1845 3083 1900 denudationcm
3113 1844 3366 1901 noverit?

272 1922 572 1996 μελλούσης
618 1921 952 1992 γυμνώσεως
977 1939 991 1987 ;

885 2053 994 2107 Τοῦ
1028 2054 1215 2108 αὑτοῦ.

376 2169 596 2240 Ψυχὴν
626 2169 797 2240 ἔρωτι
845 2166 1124 2240 νυμφεκῷ
1155 2166 1562 2240 Ξετρωμένηνν

367 2231 550 2312 Εῠᾷζῆ
579 2231 1114 2293 σύνάερνττειφτόῐδεό⁴
1142 2231 1275 2290 ὧδέ
1292 2231 1550 2307 regem.

327 2361 432 2426 τ.η’.
465 2353 572 2407 Τοῦ
621 2351 884 2425 αἰσθητοῦ
930 2369 990 2406 τε
1035 2353 1128 2406 καὶ
1159 2351 1351 2424 νοεροῦ
1380 2351 1557 2420 φωτὸς
1586 2352 1620 2422 ἡ
1655 2350 1848 2421 λογικὴ

262 2452 322 2504 έν
353 2448 591 2520 μεθορίῳ
618 2448 845 2518 κειμένη
876 2445 1044 2517 ψυχὴ,
1087 2445 1176 2499 διὰ
1215 2446 1314 2516 μὲν
1337 2445 1554 2508 τούτου,
1584 2445 1720 2514 ὁρᾷν
1755 2446 1850 2496 καὶ

264 2541 528 2614 πράττειν
556 2542 627 2594 τὰ
669 2538 762 2594 τοῦ
812 2538 1061 2610 σώματος
1089 2537 1394 2608 ἐπετράπη·
1430 2537 1499 2590 δι’
1528 2537 1740 2590 ἐκείνου
1770 2535 1846 2598 δὲ,

261 2633 332 2688 τὰ
357 2633 449 2687 τοῦ
478 2632 808 2704 πνεύματος.
845 2630 986 2684 Ἀλλ’
1020 2629 1211 2701 ἐπειδὴ
1237 2628 1544 2700 ὴμαυρώθη
1578 2630 1675 2700 μὲν
1707 2628 1846 2699 αὐτῇ

263 2725 472 2786 έκεῖνο,
516 2721 804 2795 ὲτρανώθη
850 2719 908 2775 δὲ
948 2719 1130 2783 τοῦτο,
1159 2719 1248 2773 διὰ
1293 2718 1392 2792 τὴν
1431 2719 1668 2792 ἀρχῆθεν
1719 2735 1848 2771 συν-

264 2815 474 2886 ήθειαν,
495 2815 544 2867 εἰ
579 2815 654 2886 μὴ
694 2813 831 2877 ὅλως
863 2813 1004 2884 μετά
1043 2808 1140 2866 τοῦ
1179 2809 1370 2882 νοεροῦ
1401 2811 1460 2864 ὲν
1487 2813 1555 2883 τῇ
1595 2809 1734 2891 εὐχῇ
1756 2810 1848 2879 γέ-

263 2922 447 2975 νηται,
480 2903 677 2967 ὑλικῶς
731 2905 846 2966 τοῖς
897 2901 1063 2964 θείοις
1119 2898 1447 2965 ἐνατενίζειν
1502 2899 1563 2953 ού
1600 2898 1844 2954 δύναται.

276 2999 518 3068 Ἀνάγκη
548 2997 606 3049 δὲ
641 2991 783 3050 εἶναι
823 2995 995 3066 αὐτὴν
1041 2995 1100 3046 ὲν
1147 2992 1460 3066 μεταιχμίῳ
1491 2991 1718 3057 σκότους
1754 2992 1848 3046 καὶ

263 3092 462 3162 φωτός·
500 3089 644 3144 κατά
685 3089 870 3160 σχέσιν
899 3088 998 3160 μὲν
1029 3085 1245 3152 τούτου,
1276 3085 1421 3140 κατά
1451 3084 1510 3138 δὲ
1540 3086 1847 3156 φαντασίαν

262 3186 472 3240 ἐκείνου
503 3182 1016 3254 ἀναστρεφομένην.

2595 2059 2878 2130 Ejusdem.

2055 2174 2310 2228 Animum
2343 2172 2535 2243 Sponsi
2567 2191 2750 2228 amore
2786 2176 3050 2235 saucium,

2056 2243 2144 2299 Sic
2181 2245 2354 2298 oratio
2386 2241 2590 2314 Sponsa
2629 2244 2880 2316 copulare
2919 2245 3082 2298 novit.

2023 2355 2110 2410 78.
2151 2355 2350 2410 Anima
2372 2355 2586 2411 ratione
2611 2365 2792 2421 utens,
2819 2369 2949 2410 cum
2971 2355 3028 2410 in
3051 2354 3192 2410 lucis
3215 2369 3380 2410 sensu
3409 2369 3538 2424 per-

1951 2448 2228 2518 ceptibilis
2253 2448 2535 2518 animique
2574 2447 2933 2518 intelligentis
2962 2445 3204 2502 conﬁnio
3239 2446 3537 2500 constituta

1950 2539 2051 2606 sit;
2085 2541 2259 2596 altera
2287 2539 2535 2611 quidem,
2564 2554 2688 2609 qua:
2715 2547 2848 2594 sunt
2876 2537 3128 2609 corporis
3156 2537 3347 2593 videre
3375 2547 3537 2606 atque

1949 2648 2112 2704 agere
2163 2632 2244 2687 illi
2294 2647 2620 2687 concessum
2669 2642 2792 2699 est;
2838 2632 3011 2686 altera
3047 2647 3203 2695 vero,
3248 2646 3368 2700 qua:
3411 2640 3538 2684 sunt

1949 2724 2198 2794 spiritus.
2228 2723 2368 2792 Quia
2403 2733 2586 2779 tamen
2614 2725 2819 2780 mentis
2847 2723 2941 2779 lux
2979 2739 3046 2780 ac
3071 2722 3432 2794 intelligentia
3461 2723 3533 2776 illi

1949 2816 2240 2871 obscurata
2268 2825 2373 2880 est,
2406 2816 2659 2886 corporis
2685 2829 2819 2870 vero
2845 2829 3011 2870 sensu
3035 2812 3398 2886 percipientis
3428 2812 3540 2866 ela-

1948 2909 2066 2964 rius
2093 2908 2322 2972 diluxit,
2361 2907 2434 2963 ob
2472 2908 2758 2979 antiquam
2795 2907 3008 2963 scilicet
3038 2905 3538 2969 consuetudinem;

1949 3001 2070 3057 ﬁeri
2119 3016 2230 3056 non
2262 3011 2445 3072 potest
2485 3011 2548 3056 ut
2591 3000 2742 3056 omni
2779 2999 2834 3054 vi
2877 3000 3082 3056 divinis
3121 2999 3397 3063 intendat,
3432 2997 3537 3051 nisi

1948 3106 2179 3162 prorsus
2231 3100 2416 3146 mente
2463 3091 2696 3162 ejusque
2747 3090 2872 3146 luce
2926 3090 3166 3146 orationi
3216 3087 3537 3143 vacaverit:

1875 3177 1920 3236 C
1952 3181 2208 3251 quinimo
2262 3196 2491 3236 necesse
2521 3189 2626 3243 est,
2651 3195 2773 3235 eam
2808 3180 2864 3235 in
2901 3179 3258 3236 tenebrarum
3284 3179 3539 3247 lucisque.

262 3278 508 3335 conﬁnio
536 3277 746 3333 versari
798 3293 812 3330 :
848 3275 1200 3331 tenebrarum
1227 3271 1477 3344 quidem,
1504 3286 1573 3326 ex
1596 3269 1800 3326 aﬂ‘cctu
1824 3286 1888 3328 ac
1923 3272 2191 3340 libidine;
2222 3273 2364 3329 lucis
2390 3289 2546 3340 vero,
2581 3290 2647 3329 ex
2705 3273 2876 3328 animi
2906 3273 3293 3330 informatione
3323 3282 3379 3328 et
3401 3273 3543 3345 cogi-

267 3369 494 3424 latione.

335 3461 431 3514 00'.
461 3457 953 3529 Συμπαραμενέτω
997 3457 1076 3528 τῷ
1122 3455 1202 3528 νῷ
1226 3457 1260 3526 ἠ
1299 3453 1456 3527 εὐχὴ,
1499 3454 1575 3518 ὡς
1625 3455 1684 3507 έν
1711 3452 1847 3523 ἡλίῳ

264 3549 442 3612 ἀκτίς
480 3545 550 3622 ἦς
597 3548 726 3602 ἄνευ
773 3551 829 3602 αἰ
871 3549 994 3602 κατ’
1026 3547 1286 3618 αἴσθησιν
1321 3547 1606 3616 μέριμναι,
1642 3538 1733 3597 οἶά
1763 3561 1844 3595 τι-

264 3657 352 3704 νες
384 3641 603 3709 ἄνυδροι
646 3639 870 3709 νεφέλαι
921 3639 1377 3709 περιπετόμεναι,
1420 3636 1512 3688 τὸν
1561 3634 1688 3688 νοῦν
1735 3631 1849 3702 εἴρ-

265 3750 427 3802 γουσι
465 3732 567 3801 τῆς
615 3730 826 3794 οἰκείας
866 3729 1276 3801 λαμπρότητος.

342 3823 417 3878 π’.
461 3823 652 3876 Ἕνδον
701 3824 801 3892 τῆς
838 3821 980 3876 κατὰ
1029 3821 1134 3892 τὴν
1187 3819 1354 3890 εὐχὴν
1405 3819 1599 3885 στενῆς
1649 3816 1847 3887 πύλης,

268 3916 396 3980 νοῦς
431 3915 733 3986 παθητικδς
765 3915 826 3966 ού
861 3912 1088 3967 δύναται
1137 3911 1421 3977 εἰσελθεῖν,
1464 3910 1572 3980 πρὸ
1617 3907 1711 3962 τοῦ
1751 3908 1851 3978 τὴν

269 4007 413 4060 κατά
443 4007 631 4076 σχέσιν
666 4004 956 4058 ἀπολιπεῖν
1004 4003 1297 4074 μέριμναν·
1326 4001 1458 4072 περὶ
1485 3999 1542 4052 δὲ
1581 3999 1650 4052 τὰ
1692 4014 1850 4069 περι·

271 4102 469 4171 σκήνια
513 4098 750 4168 ἐκείνης,
782 4096 1177 4166 ὸδυνηθήσεται
1223 4095 1312 4148 διὰ
1353 4093 1554 4154 παντὸς
1591 4090 1852 4162 ἀσχολού-

273 4204 453 4258 μενος.

341 4367 453 4422 πα’.
485 4366 723 4436 Δύναμις
764 4365 862 4435 μὲν
911 4365 1078 4436 εὐχῆς
1124 4365 1286 4418 πείνα
1338 4365 1645 4436 βρωμάτων
1693 4366 1845 4420 ἑκού-

273 4476 406 4524 σιος·
440 4459 632 4528 πείνης
661 4457 739 4520 δὲ,
766 4457 827 4510 τὸ
863 4459 999 4528 μήτε
1024 4458 1178 4528 ὀρᾷν,
1205 4457 1343 4528 μήτε
1373 4457 1614 4521 ἀκούειν,
1651 4458 1732 4511 ὅτι
1777 4458 1851 4530 μὴ

273 4557 422 4606 πᾶσα
453 4553 665 4621 ἀνάγκη
689 4591 703 4614 ,
739 4549 847 4602 τῶν
879 4549 1192 4619 έγκοσμίων
1230 4551 1406 4602 οὐδέν.
1458 4549 1676 4604 Τούτων
1719 4553 1746 4603 6
1778 4550 1852 4621 μὴ

270 4645 596 4715 ποιούμενος
634 4642 912 4712 πρόνοιαν,
947 4642 1006 4696 τὸ
1033 4642 1130 4712 μὲν
1160 4640 1260 4711 τῆς
1294 4643 1549 4712 νηστείας
1577 4643 1677 4695 οὐκ
1702 4644 1854 4696 ἐστε-

272 4735 481 4804 ρέωσεν
510 4732 872 4802 οἰκοδόμημα·
905 4731 965 4784 τὸ
984 4732 1040 4786 δὲ
1072 4732 1174 4801 τῆς
1210 4732 1377 4802 εύχῆς
1405 4734 1462 4785 ἐν
1492 4732 1628 4803 αὐτῇ
1656 4737 1850 4805 περιῤ-
1883 4741 1924 4795 D

271 4827 506 4899 ῥαγῆναι
529 4824 805 4894 ἐποίησεν.

343 4917 452 4988 πβῆ
497 4914 815 4986 Ἀπέριττος
839 4916 885 4968 εἰ
921 4914 995 4984 μὴ
1029 4916 1092 4968 ἐκ
1123 4915 1344 4968 πάντων
1374 4916 1403 4966 6
1433 4915 1559 4978 νοῦς
1586 4902 1697 4969 τῶν
1725 4917 1850 4968 κατ’

271 5008 803 5088 αἴσθησιννγένηται,
857 5005 1146 5075 ἀνωφερὴς
1188 5004 1442 5072 γενέσθαι
1491 5007 1553 5058 οὐ
1605 5006 1850 5069 δύναται,

271 5103 368 5156 καὶ
407 5103 467 5154 τὸ
496 5102 700 5153 οίκεῖον
729 5098 997 5170 γνωρίσαι
1034 5097 1274 5166 ἀξίωμα.

345 5195 455 5255 σῖγ’.
491 5189 636 5254 "Bito
668 5187 768 5257 μὲν
797 5189 1028 5240 ποιεῖται
1062 5188 1162 5257 τῆς
1194 5186 1371 5256 ψυχῆς
1402 5189 1435 5255 ἠ
1461 5187 1617 5258 εὐχὴ,
1645 5189 1853 5252 πάντας

271 5282 399 5342 τοὺς
443 5279 826 5350 ἐχθραίνοντας
881 5279 1017 5349 αὐτῇ
1065 5279 1361 5348 λογισμοὺς
1393 5319 1408 5344 ,
1466 5279 1850 5352 δυναμουμένη

349 5421 393 5451 ’³
417 5420 581 5475 Prov.
622 5437 694 5486 vn,
722 5421 824 5486 25,
861 5420 1019 5474 Cant.
1047 5436 1120 5485 1v,
1156 5421 1215 5473 il
1242 5438 1256 5486 ;
1284 5420 1442 5474 Joan.
1470 5436 1544 5482 γι,
1574 5420 1662 5475 69.

347 5557 410 5629 (ι)
460 5556 668 5629 Νεκροί
712 5555 791 5629 ἐκέ
829 5553 1072 5629 ζώντων.
1123 5558 1278 5612 Paul.
1319 5557 1477 5610 Rom.
1519 5573 1602 5618 vt,
1649 5557 1743 5620 l5,
1785 5558 1850 5629 ἐκ

276 5627 486 5701 νεκρῶν
511 5628 718 5701 ζῶντας
743 5627 900 5701 dixit,
924 5629 1231 5701 cx_titortuis
1256 5629 1513 5691 viventes;
1538 5627 1850 5701 queverba

279 5696 617 5758 sic‘videtur
664 5697 928 5752 Maximus
973 5696 1304 5761 detersisse,
1349 5706 1409 5750 ut
1455 5697 1600 5767 quod
1649 5697 1737 5750 ille
1784 5698 1852 5752 de

177 5824 180 5827 .
280 5772 444 5826 annui
483 5782 653 5825 marte
687 5769 905 5838 vitaque
941 5767 1173 5830 dixerat,
1206 5768 1318 5837 ipse
1353 5767 1419 5821 ad
1456 5767 1704 5837 corporis
1739 5776 1851 5821 tra-

670 5866 932 5928 i’A'an.
979 5863 1092 5923 Gu.
1139 5863 1262 5925 XC.

2021 3448 2110 3504 79.
2173 3446 2366 3503 Oratio
2423 3447 2596 3502 menti
2649 3448 2943 3518 conjuncta
3004 3448 3195 3518 illique
3256 3452 3540 3510 individuo

1949 3554 2170 3604 comes,
2218 3539 2370 3594 velut
2405 3540 2594 3594 radius
2629 3540 2770 3605 soli,
2811 3551 3070 3606 maneat;
3105 3545 3262 3614 cujus
3290 3547 3538 3606 absentia

1949 3647 2136 3686 rerum
2175 3630 2230 3684 in
2267 3645 2492 3685 sensum
2532 3630 2848 3685 cadentium
2883 3648 3067 3697 curae,
3098 3635 3252 3689 velut
3288 3639 3536 3706 quaedam

1951 3723 2130 3778 nubes
2159 3723 2439 3792 inaquosaa
2468 3720 2950 3788 circumvolantes,
2987 3738 3016 3776 a
3045 3725 3269 3795 propria
3296 3738 3537 3784 mentem

1952 3824 2146 3872 arcent
2169 3815 2439 3870 claritate.

2024 3907 2108 3962 80.
2147 3907 2268 3962 Non
2302 3914 2486 3976 potest
2528 3921 2686 3961 mens
2723 3905 3012 3963 aﬂ‘ectibus
3050 3910 3359 3980 mancipata
3395 3912 3536 3967 intra

1950 4009 2234 4071 angustant
2252 3999 2520 4054 orationis
2551 4008 2766 4069 portam
2786 3998 3014 4065 intrare,
3045 4001 3179 4071 quin
3201 4003 3355 4072 prius
3384 4006 3533 4060 solli-

1954 4093 2251 4156 citudines,
2279 4108 2388 4161 qua
2429 4090 2540 4145 illis
2575 4090 2809 4145 libidine
2842 4090 3038 4156 haeret,
3080 4091 3392 4157 dimiserit;
3437 4095 3534 4150 sed

1953 4199 2172 4254 semper
2199 4184 2346 4239 circa
2390 4182 2784 4252 circumposita
2814 4183 3169 4239 tabernacula
3209 4200 3414 4241 vacans
3441 4186 3539 4240 (lo-

1953 4277 2109 4330 lebit.

2028 4368 2115 4426 8i.
2155 4367 2434 4424 Orationis
2458 4368 2563 4432 vis,
2595 4367 2845 4421 ciborum
2870 4367 3082 4423 esuries
3106 4377 3299 4437 sponte
3328 4386 3538 4426 assum-

1956 4466 2080 4527 pta;
2117 4457 2320 4513 esuriei
2347 4473 2498 4520 vero,
2534 4456 2674 4510 nihil
2699 4471 2892 4510 eorum
2917 4472 3041 4525 quae
3063 4455 3250 4510 saeculi
3283 4465 3414 4510 sunt
3445 4466 3540 4511 aut

1956 4550 2164 4615 videre,
2205 4557 2368 4604 autve
2400 4549 2565 4621 650
2595 4547 2818 4614 audire,
2861 4547 2996 4618 quin
3047 4547 3274 4602 omnino
3313 4565 3537 4604 necesse

1957 4645 2049 4698 sit.
2085 4643 2291 4698 liorqu
2316 4643 2412 4714 qui
2444 4659 2553 4697 non
2582 4657 2773 4697 curam
2806 4641 2970 4712 gerit,
2995 4649 3111 4694 tum
3139 4640 3334 4711 jejunii
3362 4641 3540 4695 domi-

1954 4735 2142 4790 cilium
2187 4736 2342 4790 ﬁrma
2378 4737 2496 4790 basi
2531 4752 2642 4790 non
2681 4735 2902 4799 struxit,
2939 4744 3053 4788 tum
3084 4733 3351 4788 orationis
3387 4733 3441 4786 in
3470 4748 3539 4786 eo

1953 4828 2099 4882 lares
2121 4817 2372 4897 undique
2399 4826 2546 4882 dirui
2573 4827 2748 4894 fecit“

2028 4919 2114 4973 82.
2152 4919 2267 4974 Nisi
2308 4934 2463 4974 mens
2488 4917 2823 4988 superﬂuam
2855 4929 3072 4970 omnem
3106 4929 3291 4968 rerum
3327 4915 3381 4969 in
3409 4932 3536 4970 sen-

1959 5024 2082 5064 sum
2111 5009 2426 5063 cadentium
2451 5023 2641 5063 euram
2675 5005 2960 5074 abjecerit,
2984 5003 3237 5058 sublimis
3265 5003 3380 5073 ipsa
3407 5005 3538 5060 ferri

1961 5116 2069 5154 non
2098 5109 2298 5170 potest,
2329 5114 2595 5169 suamque
2616 5112 2778 5152 nosse
2804 5097 3149 5168 dignitatem.

2029 5190 2117 5246 85.
2159 5191 2346 5246 Oratio
2372 5188 2628 5260 lacrymis
2663 5189 2940 5250 roborata,
2970 5187 3198 5243 infestas
3231 5201 3422 5242 omnes
3445 5204 3541 5242 eo-

1960 5281 2250 5351 gitationes
2307 5280 2490 5334 animo
2545 5278 2746 5350 ejicit;
2808 5278 3162 5348 vicissimque
3218 5277 3538 5333 facetiarum

1744 5422 1784 5451 ³³
1811 5421 1969 5476 Cant.
2005 5439 2078 5486 tv,
2115 5421 2202 5474 Η.

1962 5558 2116 5612 heret
2148 5575 2160 5609 :
2197 5572 2316 5626 quae
2346 5553 2568 5626 quidem
2601 5553 2784 5608 futura
2815 5552 2886 5607 sit
2915 5553 3159 5626 omnium
3195 5560 3387 5626 at_non
3423 5551 3541 5603 lau-

1961 5629 2161 5683 (labilis
2192 5620 2339 5680 mors
2366 5620 2564 5687 animi,
2597 5640 2759 5692 quam
2785 5621 3101 5692 νεκρώσεως
3125 5620 3391 5675 vocabulo
3421 5637 3540 5690 pas-

1962 5699 2065 5755 sim
2094 5698 2198 5752 viri
2225 5695 2582 5753 ecclesiastici
2611 5693 2833 5750 Paulina
2859 5693 3045 5764 phrasi
3072 5702 3291 5748 vocant.

3104 5853 3174 5915 [ιῦ
