4046 6196
567 263 700 330 1419

1739 267 1799 324 S.
1841 262 1891 325 Μ
1907 263 2129 325 ΑΧΙΜΙ
2163 262 2676 324 CONFESSORIS

3717 267 3851 333 1420

562 377 681 448 lege
707 376 846 432 freta
875 375 1088 431 inducit
1119 375 1320 432 mentis
1344 375 1592 446 evagatio
1619 392 1633 428 :
1658 389 1822 445 quam
1851 375 1944 445 qui
1971 384 2148 430 exter-

2258 377 2370 438 τοῖς
2401 373 2687 444 δάκρυσιν⁸
2713 371 3028 441 ἀντεισάγει
3073 372 3131 426 δὲ
3168 371 3392 437 τούτους
3412 375 3440 426 ὁ
3463 379 3849 447 peremptam;

562 469 814 532 ntinavit,
866 483 971 521 una
1009 483 1229 537 quoque
1283 471 1552 522 malorum
1606 467 1853 522 omnium
1901 480 2144 530 causam,

562 559 824 630 loquendi
858 559 1172 614 libertatem
1201 559 1529 631 proﬂigavit.

635 748 724 803 8.5.
767 745 1046 817 .lejunium
1088 745 1335 815 quidem,
1381 741 1491 799 diei
1527 743 1860 817 symbolum,
1901 757 1969 797 eo
1999 739 2150 811 quod

561 839 804 893 exterius
838 837 1016 908 palam
1051 837 1295 910 geritur;
1329 837 1507 892 oratio
1546 844 1730 891 autem
1762 835 1964 899 noctis,
2000 831 2150 904 quod

563 931 798 985 obscura
859 945 924 984 ac
977 937 1189 984 secreta
1228 935 1334 982 est.
1363 927 1465 994 Qui
1507 929 1675 1000 igitur
1705 927 1977 982 utrumvis
2009 926 2149 980 alte-

566 1039 687 1077 rum
720 1023 775 1077 in
809 1023 983 1078 altero
1001 1023 1152 1093 justc
1179 1029 1455 1086 exerceat,
1486 1022 1553 1076 ad
1585 1021 1991 1093 speculatorum
2016 1019 2152 1074 civi-

567 1125 732 1171 tatem
785 1117 1060 1181 (levenict,
1095 1117 1236 1170 unde
1283 1115 1435 1170 dolor
1465 1126 1512 1170 et
1547 1116 1768 1171 tristitia
1798 1125 1958 1184 atque
1989 1112 2154 1183 gemi-

565 1221 660 1274 tus
696 1209 749 1262 in
780 1209 1001 1262 Christo
1037 1209 1318 1280 aufugiunt
1347 1209 1410 1262 ’⁸.

635 1302 723 1355 85.
779 1301 1058 1372 Spiritalis
1117 1303 1398 1372 operatio,
1465 1302 1583 1358 sine
1646 1301 1813 1357 etiam
1877 1300 2152 1370 corporali

564 1409 731 1464 opere
777 1392 1080 1446 consistere
1129 1393 1316 1447 habet.
1367 1393 1565 1448 Beatus
1603 1407 1757 1462 ergo,
1799 1391 1894 1461 qui
1933 1401 2154 1447 terreno

564 1503 755 1558 Opere,
794 1502 916 1556 qum
945 1486 998 1539 in
1034 1487 1263 1540 materia
1293 1503 1400 1541 non
1429 1496 1533 1550 est,
1568 1486 1946 1556 operationem
1979 1483 2155 1554 pluris

563 1577 778 1634 fecerit.
817 1579 922 1632 Per
964 1592 1085 1632 eam
1119 1579 1268 1634 enim
1309 1578 1454 1648 quod
1496 1578 1650 1634 deest
1692 1578 1847 1650 operi
1883 1577 2150 1648 implevit,

561 1670 655 1740 qui
685 1670 954 1724 orationis
993 1669 1146 1723 cultu
1176 1669 1342 1724 vitam
1375 1671 1754 1726 absconditam
1789 1686 1854 1726 ac
1891 1672 2004 1727 Deo
2034 1685 2154 1724 ma-

563 1763 815 1816 nifestam
855 1761 1012 1816 vivit.

632 1854 720 1908 86.
762 1854 924 1908 Ferre
959 1870 1060 1909 nos
1093 1855 1366 1925 patienter
1411 1854 1518 1910 ﬁde
1551 1855 1807 1910 hortatur
1836 1857 2150 1926 Apostolus,

563 1960 660 2016 spe
699 1945 960 2016 gaudere,
994 1947 1231 2001 orationi
1258 1947 1485 2011 instare,
1521 1956 1576 2001 ut
1605 1948 1788 2017 gaudii
1819 1948 2026 2003 bonum
2050 1965 2153 2003 no-

567 2039 651 2092 bis
684 2047 1004 2108 perseveret
1035 2040 1099 2093 ¹¹¹.
1136 2039 1232 2094 Sin
1265 2048 1451 2093 autem
1495 2055 1554 2094 se
1596 2055 1686 2096 res
1726 2041 1798 2095 ita
1842 2041 2028 2106 habet,
2057 2042 2153 2112 qui

565 2132 704 2184 mala
734 2145 840 2183 non
871 2129 978 2184 fert
1006 2131 1303 2199 patienter,
1331 2130 1510 2185 fidelis
1539 2146 1651 2186 non
1684 2140 1768 2186 est
1799 2149 1812 2186 :
1847 2141 1902 2187 et
1925 2133 2018 2203 qui
2042 2148 2152 2188 non

563 2219 783 2290 gaudet,
819 2235 920 2274 nec
946 2219 1103 2273 bona:
1132 2220 1248 2288 spei
1280 2230 1382 2275 est.
1421 2220 1620 2276 Amisit
1653 2222 1802 2276 enim
1835 2222 2020 2293 gaudii
2053 2239 2152 2293 pa-

564 2320 776 2366 rentem
807 2312 1140 2376 orationem,
1171 2312 1321 2381 quod
1355 2312 1433 2368 illi
1464 2329 1576 2368 non
1608 2313 1777 2370 instat
1797 2327 1892 2370 aut
1919 2331 1983 2370 ea
2016 2315 2155 2370 assi-

555 2404 708 2458 duus
733 2412 840 2458 est.

634 2517 723 2570 87.
767 2514 823 2570 Si
851 2515 1074 2573 animus
1109 2517 1164 2572 in
1198 2518 1431 2574 terrenis
1464 2535 1530 2574 ac
1561 2519 1744 2575 sceculi
1784 2535 1967 2576 rerum
1999 2522 2152 2592 cogi-

564 2607 865 2662 tationibus
900 2607 1061 2662 initio
1092 2618 1346 2665 versatus
1369 2649 1384 2674 ,
1435 2617 1640 2664 tantam
1671 2625 1796 2665 cum
1842 2609 1952 2666 illis
1993 2622 2151 2668 nacta

561 2709 644 2755 est
679 2702 1182 2768 necessitudinem;
1219 2713 1504 2772 quantam,
1540 2719 1691 2774 rogo,
1728 2719 1836 2758 non
1865 2705 2153 2758 nancisce-

564 2801 675 2857 tur,
727 2791 773 2846 εἰ
831 2793 1094 2848 continue
1151 2793 1406 2848 orationi
1456 2794 1772 2849 incumbat?
1830 2793 1889 2848 ln
1949 2795 2154 2864 quibus

535 2881 732 2948 -euim,
775 2883 975 2954 inquit,
1018 2893 1286 2948 moratur,
1323 2884 1378 2938 in
1402 2883 1519 2940 illis
1549 2894 1606 2940 et
1634 2884 1855 2938 dilatari
1884 2885 2044 2939 solet.

632 2975 721 3030 88.
760 2974 1238 3042 Quemadmodum
1269 2993 1298 3032 a
1329 2993 1430 3032 suo
1460 2977 1593 3033 olim
1627 2977 1910 3033 domicilio
1941 2978 2154 3034 divisus

2251 467 2344 521 τοῦ
2393 467 2533 531 νοὸς,
2559 467 2710 538 νόμῳ
2763 466 3131 538 εὐτραπελίας
3192 467 3684 538 ὲνδυναμούμενος·
3721 471 3790 541 ἢν
3816 476 3848 526 ὁ

2251 559 2536 631 ὲξορίζων,
2576 558 2958 629 συνεξὸριστον
3006 558 3196 612 καὶτὸ
3245 559 3532 613 παναίτιον
3572 563 3848 634 πεποίηκε

2251 651 2352 722 τῆς
2383 650 2699 724 παρρησίας
2732 649 2923 705 κακόν.

2324 743 2432 798 πδ’.
2492 742 2740 816 Ἡμέρας
2789 741 2890 812 μὲν
2945 741 3215 813 σύμϐολον
3269 743 3304 813 ἠ
3357 743 3609 814 νηστεία,
3661 743 3753 797 διὰ
3783 745 3850 797 τὸ

2253 835 2498 906 ἔκδηλον
2529 834 2726 898 νυκτὸς
2755 834 2812 888 δὲ
2836 833 2925 888 διά
2953 834 3014 887 τὸ
3039 832 3257 904 ἄδηλον,
3284 836 3319 905 ἡ
3345 835 3504 906 εὐχή.
3538 834 3847 908 Ἐκατέραν

2253 921 2348 981 οὖν
2377 925 2585 980 τούτων
2638 926 2698 979 ὲν
2754 925 2994 996 ἑκατέρᾳ
3043 925 3271 989 ἐνδίκως
3319 927 3348 980 ὁ
3401 928 3799 998 μετερχόμενος
3826 970 3843 993 ,

2255 1019 2396 1091 πρὸς
2424 1019 2525 1090 τὴν
2551 1016 2662 1073 τῶν
2695 1017 3067 1071 κατασκόπων
3116 1018 3492 1088 ἀπαντήσεται
3534 1019 3688 1071 πόλιν
3723 1025 3843 1084 (m),

2253 1111 2323 1165 ἐν
2341 1105 2380 1182 ᾖ
2395 1109 2624 1178 ἀπέδρα
2639 1109 2850 1177 ὀδύνη,
2862 1109 3030 1176 λύπη
3053 1108 3150 1162 καὶ
3170 1108 3508 1178 ararach
3521 1110 3579 1162 ἐν
3601 1111 3846 1180 Χριστῷ.

2329 1289 2437 1344 πεί.
2468 1288 2535 1342 Ἦ
2565 1289 2916 1360 πνευματικὴ
2944 1289 3200 1361 ἐργασία,
3229 1289 3323 1343 καὶ
3341 1291 3654 1360 σωματικοῦ
3679 1291 3847 1362 ἔργα)

2257 1381 2418 1446 ἐκτὸς
2467 1380 2831 1436 συνίστασθαι
2866 1380 3103 1450 πέφυκε.
3153 1381 3446 1452 Μακάριος
3478 1377 3573 1435 οὖν
3607 1383 3635 1434 ὁ
3659 1384 3832 1454 κρείσ-

2258 1491 2387 1528 σονα
2434 1473 2531 1528 τοῦ
2571 1473 2763 1527 ὲνύλου
2817 1472 3006 1546 ἔργον,
3036 1473 3137 1545 τὴν
3181 1474 3346 1528 ἄῦλον
3378 1473 3725 1544 ἡγησάμενος
3753 1476 3848 1544 ἐρ-

2257 1565 2480 1635 γασίαν.
2533 1566 2805 1637 Διάύτῆς
2839 1565 2950 1637 γάρ
2998 1565 3101 1635 τήν
3144 1565 3240 1620 τοῦ
3296 1565 3462 1637 ἔργου
3522 1565 3846 1636 ἐπλήρωσεν

2257 1661 2521 1731 ἔλλειψιν,
2558 1659 2733 1732 ζήσας
2779 1660 2879 1733 τὴν
2929 1661 3322 1734 κεκρυμμένην
3370 1663 3517 1734 ζωὴν
3545 1666 3640 1733 τῆς
3674 1665 3843 1732 εὖχῆς

2256 1754 2353 1808 καὶ
2383 1753 2626 1825 φανερὰν
2671 1753 2751 1824 τῷ
2784 1753 2924 1824 Θεῷ.

2328 1853 2452 1912 πς’.
2503 1846 2835 1917 ’Υπομένειν
2875 1846 2976 1917 μὲν
3019 1847 3170 1917 ἡμᾶς
3211 1848 3278 1918 τῇ
3326 1846 3511 1899 πίστει
3543 1848 3619 1917 (u)
3659 1865 3844 1918 παραυ

2256 1939 2414 1992 καλεῖ
2442 1939 2470 1991 ὁ
2510 1939 2856 2002 Ἀπόστολοςο
2891 1938 3104 2010 χαίρειν
3132 1941 3200 2010 τῇ
3231 1938 3432 2002 ἐλπίδι,
3463 1941 3531 2009 τῇ
3565 1944 3842 2010 προσευχῇ

2256 2035 2715 2103 προσκαρτερεῖν,
2753 2032 2840 2085 ἵνα
2890 2031 2953 2085 τὸ
2993 2031 3092 2102 τῆς
3124 2033 3300 2101 χαρᾶς
3343 2033 3479 2101 ἡμῖν
3529 2032 3844 2104 παραμείνῃ

2256 2123 2441 2178 καλόν.
2473 2125 2535 2177 Ei
2563 2123 2620 2177 δὲ
2649 2123 2827 2187 τοῦτο,
2881 2125 2993 2195 ἀρα
3022 2126 3051 2177 ὁ
3083 2124 3158 2196 μὴ
3189 2123 3500 2194 ὑπομένων,
3534 2125 3596 2176 ού
3624 2126 3840 2187 πιστός·

2252 2215 2364 2268 ὁδὶ
2393 2215 2456 2268 ού
2511 2215 2740 2286 χαίρων,
2786 2215 2888 2268 οὐκ
2942 2213 3185 2278 εὔελπις·
3228 2215 3540 2269 ἀπεδάλετο
3593 2216 3704 2287 γὰρ
3746 2217 3844 2284 τὴν

2255 2308 2435 2361 αἰτίαν
2476 2307 2578 2377 τῆς
2617 2307 2794 2378 χαρᾶς
2823 2305 3158 2378 προσευχὴν,
3187 2306 3246 2360 ὲν
3273 2305 3354 2376 τῷ
3389 2307 3466 2378 μὴ
3502 2323 3847 2377 προσκαρτεο

2257 2401 2374 2470 ρεῖν
2401 2400 2459 2452 ὲν
2505 2399 2644 2471 αὐτῇ
2657 2439 2669 2453 .

2327 2511 2437 2576 xc.
2477 2513 2536 2566 Et
2565 2514 2679 2575 τοῖς
2707 2512 3024 2582 ὲγκοσμίοις
3045 2511 3332 2582 λογισμοῖς
3359 2513 3388 2565 ὁ
3420 2509 3548 2575 νοῦς
3575 2510 3636 2576 ἐξ
3669 2511 3845 2584 ἀρῆς

2257 2605 2765 2675 συναναπραφεὶς,
2820 2603 3094 2674 τοσαύτην
3147 2605 3204 2656 ὲν
3253 2604 3441 2667 αὐτοῖς
3501 2605 3604 2674 τὴν
3664 2605 3849 2671 φιλὲαν

2256 2699 2550 2768 ἐκτήσατο,
2570 2697 2744 2766 πόσην
2775 2697 2875 2750 ούκ
2905 2696 2972 2751 ἂν
3001 2697 3312 2768 οἰκειότητα
3335 2699 3435 2767 σχῇ
3472 2699 3532 2749 ἐν
3554 2696 3692 2767 εὐχῇ
3723 2713 3849 2750 συν-

2255 2792 2392 2861 εχεῖ·
2439 2790 2533 2842 καὶ
2570 2788 2680 2860 γὰρ
2714 2789 2773 2842 ὲν
2810 2781 2914 2851 οἷς,
2955 2788 3113 2860 φησὶ,
3157 2787 3396 2859 χρονίζει
3421 2788 3519 2858 (ο),
3568 2789 3628 2841 ὲν
3667 2789 3852 2850 αὐτοῖς

2255 2884 2352 2938 καὶ
2383 2884 2751 2938 πλατύνεσθαι
2790 2883 2999 2938 εῐωθεν.

2327 2985 2441 3050 σπη’.
2479 2979 2692 3051 Ὥσπερ
2722 2978 2820 3032 τοῦ
2844 2979 2976 3032 ἰδίου
3002 2980 3324 3051 οίκητηρίου
3352 2981 3525 3034 πάλαι
3552 2983 3841 3054 διαιρεθεὶς

561 3068 803 3132 animus,
837 3070 986 3124 illius
1009 3069 1278 3126 claritatis
1305 3070 1514 3126 oblitus
1544 3080 1662 3138 est;
1690 3071 1769 3126 sic
1794 3086 2021 3126 necesse
2046 3080 2148 3136 est,

2258 3071 2286 3123 ὁ
2317 3069 2464 3135 νοῦς,
2513 3071 2614 3142 τῆς
2663 3069 2874 3124 ἐκείνου
2926 3071 3320 3142 λαμπρότητος
3349 3073 3677 3127 ἐπελάθετοο
3710 3075 3839 3128 οὕτω

562 3169 622 3216 ιιι
645 3161 830 3216 szecnli
855 3176 1042 3216 rerum
1070 3178 1264 3218 rursus
1292 3162 1574 3219 oblivione
1607 3170 1908 3234 assumpta,
1940 3162 2152 3218 oratio-

563 3253 650 3308 nis
680 3252 937 3323 prmsidio
969 3252 1035 3308 ad
1063 3270 1182 3309 eam
1213 3256 1458 3324 proclive
1491 3264 1762 3310 recurrat.

635 3363 725 3418 89.
767 3362 924 3419 Sicut
949 3364 1132 3421 infans
1159 3365 1229 3420 ad
1254 3365 1514 3438 frigentia
1539 3366 1731 3422 matris
1759 3366 1954 3431 ubera,
1980 3366 2060 3422 sic
2094 3383 2154 3421 sc

563 3469 722 3509 mens
764 3453 831 3509 ad
890 3455 1199 3512 orationem
1243 3457 1448 3512 habere
1497 3457 1850 3523 invenietur,
1884 3473 2008 3528 qum
2043 3473 2153 3513 non

561 3546 738 3619 possit
771 3548 1150 3606 consolatione
1183 3549 1394 3616 lenire;
1427 3547 1496 3604 ad
1527 3565 1651 3605 eam
1681 3559 1867 3605 autem
1897 3566 2020 3621 qua:
2054 3549 2156 3605 ali—

636 3724 682 3758 “
706 3727 809 3784 lsa.
838 3741 912 3792 Ll,
938 3729 1026 3783 ll.

634 3905 733 3975 (m)
776 3906 934 3974 Πρὸς
975 3905 1090 3975 τὴν
1128 3903 1248 3960 τῶν
1280 3907 1688 3961 κατασκόπων
1724 3905 2139 3974 ἀπαντήσεται

562 3977 764 4032 πόλιν.
795 3977 876 4030 Ad
914 3978 1137 4033 Sionem
1169 3976 1410 4040 scilicet,
1437 3977 1595 4047 cujus
1624 3991 1826 4047 nomen
1859 3975 2139 4046 speculam

545 4054 741 4119 ~ttonat,
773 4060 837 4102 ac
870 4049 1028 4119 cujus
1065 4049 1240 4119 ipsius
1277 4046 1736 4119 lsaiaswtneminit
1775 4062 1896 4118 cap.
1927 4047 2021 4102 illo
2065 4063 2138 4119 ct,

549 4133 674 4188 quo
721 4118 826 4173 ista
869 4117 1054 4173 omnia
1102 4118 1319 4172 Maximi
1367 4117 1700 4188 collineant,
1744 4117 2009 4176 consueta
2061 4117 2142 4188 illi

561 4187 854 4259 allegoria;
901 4203 1213 4260 quanquam
1261 4188 1351 4260 hic
1388 4187 1471 4260 eis
1513 4187 1674 4260 longe
1717 4188 1881 4244 solito
1923 4187 2144 4259 parcior

560 4266 666 4322 est,
698 4268 756 4314 ut
781 4268 838 4330 ct
868 4260 1141 4330 capitibus
1167 4259 1236 4314 de
1265 4259 1555 4330 charitate.

633 4333 713 4395 (η’)
777 4322 1133 4398 ’Υπολιένειν
1184 4328 1353 4400 ἡμᾶς,
1397 4327 1474 4398 τῇ
1529 4328 1750 4400 πίστει.
1805 4329 1897 4386 Sic
1949 4329 2147 4400 legisse

547 4398 856 4472 .ltlagtimum
886 4401 1044 4472 Rom.
1074 4417 1166 4460 xu,
1193 4401 1280 4463 l2,
1307 4399 1401 4454 ubi
1432 4415 1583 4472 nunc
1610 4399 1821 4472 Graeca,
1848 4403 1914 4472 τῇ
1946 4398 2145 4469 θλίψει,

2259 3163 2340 3216 δεῖ
2379 3162 2571 3216 τοῦτον
2621 3158 2778 3227 αὖθις
2816 3165 2875 3216 ὲν
2905 3163 3047 3236 λήθῃ
3083 3163 3192 3216 τῶν
3223 3155 3326 3218 ὦδε
3355 3165 3678 3237 γενόμενον,
3713 3168 3841 3237 πρὸς

2261 3255 2477 3325 εκείνην
2506 3255 2844 3327 ἀναδραμεῖν
2866 3255 2934 3308 δι’
2962 3255 3149 3327 εὐχῆς.

2331 3368 2440 3423 πθ’.
2490 3367 2760 3439 Καθάπερ
2793 3369 2987 3440 νήπιον
3018 3367 3157 3440 πρὸς
3191 3370 3437 3441 μαστοὺς
3475 3371 3840 3440 ἐναποψυγένς-

2261 3479 2358 3526 τας
2387 3459 2620 3532 μητρὸς,
2639 3458 2816 3524 οὕτως
2834 3460 3198 3532 εὑρεθήσεται
3225 3460 3351 3526 νοῦς
3381 3463 3518 3534 πρὸς
3550 3464 3715 3533 εὐχὴν
3745 3464 3843 3534 τὴν

2264 3549 2340 3621 μὴ
2361 3549 2667 3620 δυναμένην
2692 3548 3077 3621 παρακαλέσαι
3108 3550 3291 3606 αὐτόν’
3318 3553 3452 3623 πρὸς
3469 3554 3526 3607 δὲ
3552 3553 3654 3625 τὴν
3675 3554 3839 3617 at)“;

1106 3728 1148 3760 "'
1174 3728 1342 3784 llebr.
1371 3745 1465 3793 xu,
1497 3729 1520 3783 l
1547 3747 1562 3797 ;
1589 3729 1752 3785 Rom.
1778 3745 1886 3796 xu;
1919 3727 2014 3795 ης
2045 3727 2258 3784 Coloss.
2297 3743 2371 3794 tv,
2400 3727 2457 3782 2.

2249 3906 2344 3976 ris)
2377 3904 2590 3977 Erasm.
2655 3908 2877 3977 tempori
2903 3909 3206 3972 servientes,
3236 3907 3316 3962 sic
3350 3908 3689 3964 abhorrente
3716 3925 3844 3964 sen-

2250 3975 2459 4050 tentia._
2479 3991 2580 4031 nec
2609 3975 2946 4050 satis'Paulo
2972 3978 3161 4050 digna,
3176 3994 3284 4050 pro
3309 3993 3377 4033 eo
3403 3979 3552 4048 quod
3588 3981 3848 4050 legerunt

2249 4046 2493 4120 antiqui_
2527 4061 2721 4120 omnes
2781 4048 2983 4120 relati,
3031 4046 3088 4120 et
3148 4046 3306 4120 Vulg.
3368 4046 3666 4120 habetque'
3715 4051 3844 4105 cod.

2248 4117 2516 4172 Alexand.
2542 4116 2620 4186 τῷ
2649 4117 2839 4187 Κυρίῳ
2870 4119 3238 4182 δουλεύοντες,
3259 4116 3494 4173 Domino
3524 4116 3848 4186 servientes;

2250 4187 2384 4257 quid
2419 4188 2620 4241 mirum
2654 4187 2922 4259 potuisse,
2951 4204 3074 4258 pro,
3101 4191 3166 4258 τῇ
3201 4189 3401 4253 πίστει,
3426 4193 3494 4259 τῇ
3530 4191 3737 4258 ῡλίψει,
3770 4194 3849 4248 sic

2254 4274 2363 4312 una
2389 4259 2532 4313 serie
2561 4267 2711 4312 textu
2740 4257 2814 4312 ibi
2846 4257 3429 4329 laborante'obrepere
3443 4257 3755 4320 Hlaxinto.
3785 4279 3848 4316 ex

2256 4329 2472 4383 meliori
2507 4329 2701 4384 codice
2729 4330 3088 4395 emcndante;
3121 4329 3168 4384 si
3201 4337 3384 4384 tamen
3419 4331 3510 4384 ille
3543 4347 3614 4385 ex
3652 4333 3850 4387 codice

2255 4399 2510 4472 scripsit,
2542 4416 2654 4454 non
2688 4409 2749 4453 ut
2780 4400 3108 4472 suggerebat
3122 4401 3401 4472 memoria
3436 4418 3453 4472 :7
3481 4416 3609 4469 qua:
3641 4404 3850 4472 szepius

563 4469 802 4542 Vulg...iu
825 4469 1164 4524 tribulatione
1193 4472 1479 4540 patientes;
1513 4471 1646 4524 nihil
1675 4465 1913 4526 dubiuni'
1939 4488 1953 4522 :
1982 4465 2151 4542 utque
2187 4465 2228 4520 Ι)
2259 4470 2313 4524 id
2354 4465 2746 4542 reprzesentat,
2779 4465 2909 4524 noii'
2929 4470 3078 4540 quod
3120 4469 3175 4524 in
3205 4470 3404 4542 codice
3443 4465 3848 4542 le'gimusfsed

562 4541 654 4594 alii
685 4540 906 4624 codices
933 4541 1389 4624 sutlragarentur,
1417 4542 1506 4623 illa
1536 4541 1701 4624 lectio
1732 4541 1906 4624 magis
1932 4540 2145 4624 arride-

563 4619 669 4675 ret,
697 4611 845 4682 quod
873 4613 1177 4682 praesertim
1195 4613 1535 4668 constructio
1557 4611 1672 4682 ipsa
1696 4611 1944 4678 mollior;
1971 4611 2146 4682 quod-

561 4697 668 4752 que
697 4681 836 4737 adeo
868 4681 1145 4752 duplicem
1176 4683 1439 4737 virtutem
1475 4681 1676 4738 Paulus
1707 4683 1970 4738 continua
1992 4681 2146 4738 serie

561 4751 780 4806 videtur
805 4751 1216 4818 commendare,
1244 4769 1308 4808 ac
1339 4753 1540 4824 cuique
1570 4753 1718 4824 quod
1749 4753 1828 4808 illi
1863 4753 2144 4824 proprium

560 4824 1057 4906 audeonjunctum
1108 4823 1519 4906 est,nt_ri.buer_e
1569 4823 1603 4878 ξ
1643 4824 1796 4894 spei,
1845 4823 2142 4906 gaudium,

562 4895 625 4962 τῇ
669 4893 845 4948 ἐλπίδι
883 4895 1189 4965 χαίροντεςο
1232 4893 1388 4958 ﬁdei,
1427 4893 1686 4948 laborum
1722 4893 2144 4958 sustinentium,

562 4967 626 5036 τῇ
680 4964 860 5018 πίστει
887 4964 1292 5034 ὑπομένοντες
1339 4965 1493 5036 quod
1534 4965 1715 5035 ipsum
1757 4975 2143 5036 argmnentum

561 5033 671 5088 late
687 5033 1039 5105 prosequitur
1071 5036 1126 5090 in
1160 5037 1330 5106 Epist.
1355 5033 1424 5091 ad
1448 5033 1639 5101 Hebr.,
1666 5033 1965 5090 ostendens
1994 5034 2144 5089 onmi

563 5111 715 5158 retro
747 5122 863 5160 :evo
893 5113 1116 5162 sanctos
1149 5105 1239 5160 illa
1266 5108 1506 5162 victores
1537 5107 1786 5160 laborum
1821 5105 2094 5161 exstitisse
2129 5121 2143 5159 :

562 5190 687 5228 cum
733 5176 900 5240 illud,
936 5180 1001 5248 τῇ
1045 5177 1220 5244 θλίψει
1261 5175 1889 5248 OnOpé‘aov‘t-sgduram
1919 5177 2146 5231 omnino

561 5246 1031 5301 constructionem
1056 5248 1278 5309 habeat,
1305 5257 1362 5302 et
1395 5248 1450 5302 in
1482 5263 1590 5317 qua
1621 5247 1829 5316 aliquid
1861 5246 2144 5302 desidere-

564 5324 673 5388 tur,
703 5320 1020 5373 necessario
1049 5319 1446 5388 supplendum;
1478 5331 1582 5374 nec
1604 5319 1737 5373 satis
1765 5318 2144 5373 antecedenti-

564 5386 666 5460 bus
713 5400 809 5444 aut
861 5386 1233 5460 sequentibus
1276 5390 1551 5460 coluereat
1600 5390 1888 5460 :tametsi
1942 5389 2147 5444 habent

561 5458 727 5514 etiam
784 5458 1005 5532 Chrys,
1051 5459 1351 5532 Theodor.,
1379 5459 1726 5532 Theophyl.,_
1757 5460 2146 5532 etcrcumque

561 5529 938 5597 superioribus
983 5532 1119 5586 illud
1165 5531 1404 5594 hauserit,
1444 5529 1738 5600 τῴκκιρῷ
1778 5529 2144 5593 δουλεύοντες,

561 5579 709 5672 quini
737 5611 1136 5672 repraesentant
1163 5601 1365 5656 Grzecae
1392 5579 1589 5655 omnes
1614 5579 1887 5672 ctiiiiones
1916 5602 1983 5672 (si
2009 5579 2146 5655 torio

561 5667 926 5741 Barisictisent
969 5674 1077 5725 τῶν
1128 5672 1304 5734 LXX,
1347 5687 1443 5725 seu
1492 5673 1597 5725 illis
1645 5667 1956 5741 adjunctatn
2007 5671 2144 5726 Novi

561 5738 805 5796 Testam.
829 5744 899 5798 ad
927 5743 1208 5812 exemplar
1235 5744 1542 5797 Romanum
1569 5738 1887 5811 expressam
1915 5759 2147 5810 excepe-

942 5853 967 5864 ε

2248 4541 2396 4610 quod
2421 4540 2563 4593 κατά
2587 4541 2878 4610 πρόχειρον
2901 4540 3372 4595 accommodatius
3394 4540 3558 4596 nobis
3581 4544 3846 4597 videtur:

2247 4609 2527 4692 quomodo
2564 4609 2732 4692 etiam
2770 4609 3107 4692 llieronymp
3145 4611 3730 4692 saepius-obrepsisse
3753 4616 3847 4692 oh-

2247 4690 2430 4736 servat
2459 4681 2619 4753 .loan.
2649 4683 2916 4746 Marinus,
2946 4681 3002 4736 in
3041 4681 3286 4753 Exercit.
3319 4681 3574 4746 biblicis;
3610 4685 3848 4753 potiori-

2247 4767 2354 4822 que
2387 4751 2598 4822 ratione
2629 4753 2779 4816 aliis,
2807 4767 3044 4822 quorum
3081 4752 3136 4805 in
3169 4752 3372 4822 divinis
3402 4769 3513 4806 non
3552 4751 3711 4809 tanta
3751 4757 3846 4809 fuit

2247 4822 2525 4894 ἀκρίϐεια.
2555 4821 2804 4894 llincque
2828 4821 2941 4887 est,
2970 4831 3032 4877 ut
3061 4823 3200 4876 nihil
3233 4821 3504 4877 atlirmare
3540 4825 3756 4889 ausim,
3791 4844 3845 4879 ac

2246 4891 2423 4948 donec
2465 4891 2761 4948 occurrant
2800 4894 3037 4948 certiora
3085 4901 3473 4959 monumenta,
3510 4899 3844 4949 mutandum
3913 4919 3915 4929 ι

2247 4964 2602 5019 contendere.
2640 4963 2786 5018 Satis
2830 4963 2934 5018 fuit
2977 4964 3142 5018 aliam
3189 4965 3313 5033 ejus
3356 4964 3462 5018 loci
3507 4966 3841 5021 lectionem.

2246 5049 2371 5104 qum
2405 5035 2542 5089 tanti
2570 5034 2848 5106 videatur,
2876 5035 3112 5089 Maximo
3140 5043 3369 5090 auctore
3397 5045 3695 5106 utcunque
3725 5041 3844 5092 vin—
3907 5077 3909 5106 ε

2245 5105 2432 5160 dicare
2461 5121 2524 5160 ac
2549 5105 2853 5160 declarare.

2319 5175 2392 5245 (ο)
2439 5177 2536 5228 Ἐν
2570 5171 2658 5242 οἷς
2699 5173 2971 5244 χρονίζει.
3002 5174 3284 5231 Sententia
3315 5185 3423 5240 est,
3458 5192 3629 5246 quam
3682 5188 3740 5234 et
3765 5181 3840 5232 vi-

2247 5246 2446 5300 deatur
2472 5246 2542 5300 ab
2563 5255 2791 5301 auctore
2825 5248 3104 5316 superiori
3139 5257 3470 5313 mutuatus;
3505 5264 3619 5318 qua
3667 5249 3840 5318 signi-

2249 5319 2447 5372 ﬁcatur
2478 5317 2828 5386 placerequa:
2853 5318 3040 5388 molita
3060 5327 3378 5388 sunteaque
3402 5317 3834 5379 cons‘uetudine,

2247 5388 2333 5441 vel
2366 5389 2410 5441 si
2445 5388 2583 5441 alias
2607 5387 2905 5459 injucunda
2941 5389 3074 5444 siut.
3107 5389 3384 5444 Describit
3421 5389 3594 5443 Marc.
3620 5389 3704 5443 De
3752 5392 3838 5459 ju—

2248 5461 2395 5512 stitia
2429 5473 2493 5509 ea:
2524 5474 2669 5528 oper.
2695 5473 2745 5511 c.
2771 5458 2861 5522 68,
2894 5459 3095 5512 durum
3125 5461 3332 5514 mentis
3366 5471 3679 5521 certamen,
3715 5458 3834 5512 eum

2248 5530 2318 5582 ab
2346 5539 2612 5598 occupata
2633 5528 2763 5582 olim
2791 5528 3208 5593 informatione,
3234 5531 3342 5583 ἀπὸ
3372 5531 3597 5600 χρονίας
3623 5533 3834 5600 προὶή-

2247 5601 2394 5668 diem;
2422 5599 2744 5653 avelleudus
2766 5609 2851 5654 est
2882 5601 3120 5661 animus,
3151 5600 3308 5669 quasi
3351 5599 3685 5655 tortoribus
3711 5601 3834 5653 hine

2249 5669 2378 5743 inde
2413 5684 2510 5722 cor
2536 5670 3010 5726 distrahentibus:
3043 5671 3136 5726 ubi
3155 5671 3354 5742 frigide
3389 5670 3596 5743 Ob50p.
3633 5679 3835 5742 (empo-

2251 5739 2356 5795 rali
2375 5742 2740 5810 occupatione.

3893 5253 3903 5527 Ι
