4046 6196
350 239 480 307 1421

1515 238 1688 300 ALIA
1729 236 1830 298 EX
1867 233 2105 294 VATIC.
2151 235 2438 296 CAPITA.

3375 238 3386 253 ‘
3484 239 3619 307 14129.

348 359 598 430 ἔχουσαν,
631 355 705 421 ὡς
737 356 948 411 παιδίον
991 355 1052 410 τὸ
1091 353 1181 425 ὐφ’
1232 355 1430 426 ἡδονῆς
1474 349 1818 420 ὲναιρυπνοῦν
1873 350 1930 400 ἐν

2052 361 2118 400 ,er
2142 356 2458 417 comparata
2488 347 2580 414 sit,
2612 348 2764 405 velut
2793 348 2971 406 infans
2999 350 3055 407 in
3079 350 3200 423 ejus
3228 351 3442 423 placide
3475 354 3622 410 ulnis

355 455 472 514 ταῖς
503 451 772 520 ἀγκάλαις
797 449 988 520 αὐτῆς.

425 547 498 610 ιγ’.
549 541 726 603 Ἐκεῖ,
756 541 943 612 φησιν,
985 542 1043 593 ἐν
1084 542 1149 611 τῇ
1201 539 1453 609 πενθίμῳ
1507 536 1749 608 δηλονότι
1805 537 1934 607 εὖνῇ

348 634 446 703 τῆς
475 633 732 704 ἐναρέτου
773 632 940 702 ζωῆς,
967 631 1110 685 κατά
1137 633 1238 700 τὴν
1266 632 1324 684 ὲν
1352 630 1431 701 τῷ
1467 625 1710 702 ’ᾅσματι
1742 631 1934 698 φήσειε

347 719 563 797 νύμφην
593 725 687 778 καὶ
718 727 750 794 ἠ
778 724 911 795 εὐχὴ
947 724 1083 794 πρὸς
1113 723 1204 776 τὸν
1231 714 1435 794 ἑαυτῆς
1480 722 1739 797 ἐραστὴν,
1763 721 1936 776 δώσω

347 819 485 885 τοὺς
501 817 774 889 μαστούς
793 835 913 886 μου
937 817 1058 878 σοὶ,
1091 818 1140 869 εἰ
1168 816 1364 879 ὑλικῶς
1393 832 1483 884 μοι
1514 815 1791 886 διατεθῇς.

417 913 525 977 ba’.
551 907 742 962 Φιλίαν
773 907 912 980 πρὸς
939 907 1038 978 τὴν
1067 907 1232 978 εὐχὴν
1261 907 1321 959 οὐ
1349 905 1573 960 δύναται
1603 904 1934 976 κτήσασθαι,

348 1002 373 1053 6
414 999 487 1069 μὴ
533 1001 717 1054 πᾶσαν
751 999 887 1069 ὓλην
922 999 1406 1070 ἀπαρνησάμενος,
1436 997 1577 1068 πλὴν
1604 998 1811 1069 τροφῆς
1841 998 1938 1051 καὶ

352 1092 579 1162 σκέπης.
618 1091 766 1156 Ἐξω
793 1091 903 1144 τῶν
929 1091 1108 1144 ἄλλων
1151 1089 1312 1158 γενοῦ
1365 1091 1424 1142 ὲν
1475 1090 1639 1160 εὐχῇ,
1687 1089 1716 1142 6
1767 1087 1937 1142 θέλων

353 1185 489 1253 μετά
521 1181 687 1252 μόνου
720 1180 980 1250 γενέσθαι
1000 1179 1095 1234 τοῦ
1121 1180 1235 1234 νοῦ.

419 1273 526 1344 ιβ’.
560 1273 666 1327 Τοῦ
729 1273 1014 1343 θεοφιλοῦς
1077 1273 1413 1344 μαρτύριον,
1468 1273 1605 1344 εὐχὴ
1658 1273 1935 1344 μονολόγι-

353 1384 474 1431 στος
651 1365 809 1434 λόγος
839 1365 894 1420 δὲ
925 1366 1159 1436 καίριος,
1191 1365 1464 1435 ἔμφρονος
1490 1365 1759 1435 λογισμοῦ
1797 1383 1811 1396 ο
1848 1383 1935 1436 μοο

352 1458 557 1529 νοειδὴς
586 1459 643 1513 δὲ
665 1458 874 1527 γεῦσις,
902 1458 1004 1529 τῆς
1035 1457 1332 1527 ἐλευθέρας
1355 1458 1442 1529 εἴη
1473 1459 1800 1530 αἰσθήσεως.
1850 1459 1939 1513 Ἐν

355 1552 564 1615 τούτοις
592 1548 687 1606 οὖν
725 1554 839 1615 τοῖς
895 1553 1097 1623 τρισὶν,
1151 1551 1430 1622 ἐρρῶσθαι
1482 1552 1551 1606 τα
1603 1551 1703 1622 τῆς
1760 1551 1938 1623 ψυχῆς

354 1645 590 1714 λέγεται.

424 1743 531 1808 ια’.
579 1738 906 1808 Λειανθῆναι
936 1738 1018 1792 δεῖ
1052 1737 1235 1801 καλῶς
1268 1738 1362 1791 καὶ
1393 1736 1793 1809 ἁπαλύνθῆναι,
1823 1737 1934 1790 ὤσ-

355 1850 458 1902 περ
502 1832 611 1886 τῶν
647 1832 874 1896 παίδων,
915 1830 1014 1901 τὴν
1058 1830 1220 1898 φύσιν
1272 1830 1364 1883 τοῦ
1400 1831 1720 1902 εὐχομένου,
1766 1830 1842 1893 ὡς
1873 1831 1936 1884 ἂν

355 1925 495 1980 κατὰ
539 1923 638 1996 τὴν
673 1922 921 1984 ἐκείνων,
975 1923 1242 1986 εὐείκτως
1296 1923 1517 1991 δέξηται
1576 1923 1676 1993 τὴν
1721 1924 1785 1976 ἐκ
1837 1925 1938 1994 τῆς

356 2017 518 2088 εὐχῆς
565 2016 966 2086 ἐνταττομένην
1022 2016 1347 2082 ἀνάπτυξιν.
1401 2017 1492 2069 Διὸ
1551 2017 1627 2085 μὴ
1661 2015 1876 2086 ἀμέλει,
1911 2018 1939 2068 6

359 2109 697 2180 συναφθῆναι
732 2108 905 2182 ταύτῃ
941 2107 1134 2178 φιλῶν.

425 2202 526 2270 ιιδν.
560 2202 634 2255 Οὐ
667 2201 870 2265 πάντες
895 2201 986 2254 τὸν
1012 2201 1178 2254 αὐτὸν
1211 2199 1412 2254 σκοπὸν
1446 2202 1502 2255 ἐν
1537 2201 1668 2272 εὐχῇ
1696 2199 1930 2270 κέκτηνο

353 2309 481 2348 ται·
519 2291 680 2355 ἄλλος
710 2292 810 2363 μὲν
841 2292 1023 2358 ἄλλον,
1055 2293 1150 2345 καὶ
1180 2291 1338 2355 ἄλλος
1373 2291 1431 2344 δὲ
1461 2290 1674 2361 ἕτερον.
1732 2291 1792 2344 Ὀ
1837 2293 1936 2362 μὲν

355 2386 465 2457 γὰρ
491 2384 732 2456 εὐχεται,
758 2386 806 2438 εί
838 2382 949 2438 οἷόν
976 2401 1056 2449 τε,
1093 2381 1231 2455 μετᾶ
1283 2384 1385 2452 τῆς
1440 2383 1603 2453 εὐχῆς
1652 2378 1793 2436 εἶναι
1837 2383 1938 2450 τὴν

356 2477 583 2547 καρδίαν
622 2476 790 2531 αὐτοῦ
834 2476 1090 2540 πάντοτε,
1124 2476 1221 2532 καὶ
1257 2475 1394 2546 πρὸς
1429 2474 1490 2528 τὸ
1524 2473 1938 2546 ὐπεραναϐἧναι

355 2569 528 2639 αὐτῆς
550 2585 562 2599 ·
591 2571 618 2622 6
648 2569 704 2621 δὲ
733 2569 822 2622 ἴνα
847 2569 922 2640 μὴ
949 2568 1226 2637 λογισμοῖς
1254 2569 1310 2620 ἐν
1341 2567 1480 2636 αὐτῇ
1512 2565 1937 2636 περικόπτηται.

357 2658 562 2721 Πάντες
594 2657 651 2710 δὲ
696 2655 970 2726 εὐχονται,
1008 2656 1040 2722 ἢ
1075 2655 1480 2727 συντηρηθῆναι
1517 2657 1575 2707 ὲν
1610 2654 1858 2723 ἀγαθοῖς,
1903 2654 1936 2723 ἢ
1965 2704 1967 2706 .

359 2747 433 2818 μὴ
462 2744 880 2816 συναπαχθῆναι
907 2746 1118 2807 κακοῖς.

427 2835 526 2902 ιιεν.
571 2835 632 2887 Ei
677 2836 738 2901 ἐξ
777 2834 962 2906 εὐχῆς,
1002 2834 1178 2898 οὐδεὶς
1219 2833 1622 2897 ἀταπείνωτοςο
1658 2834 1943 2906 συντρίϐε-

358 2945 444 2980 ται
477 2927 585 2998 γὰρ
622 2929 650 2980 6
677 2928 736 2979 ὲν
764 2926 1096 2980 ταπεινώσει
1121 2925 1416 2997 εὐχόμενος
1438 2942 1452 2955 ·
1485 2926 1586 2979 οὐκ
1611 2925 1719 2998 ἄρα
1753 2927 1812 2978 ὲν
1842 2944 1940 2984 τα-

356 3018 614 3074 πεινώσει
650 3017 1035 3088 προσεύχεται,
1061 3020 1088 3070 6
1127 3017 1327 3082 ἔξωθεν
1373 3017 1796 3090 θρασυνόμενος.

426 3117 542 3179 ιιςι.
596 3111 738 3179 Πρὸς
787 3109 886 3180 τὴν
945 3111 1143 3180 χήραν,
1197 3108 1295 3184 τὴν
1352 3110 1487 3181 πρὸς
1529 3109 1622 3160 τὸν
1661 3107 1810 3178 ὠμὸν
1843 3108 1942 3181 τὴν

353 3206 510 3276 δίκην
572 3203 830 3258 κινοῦσαν
880 3201 1094 3274 κριτὴν,
1158 3201 1379 3274 ἀφορῶν
1423 3204 1450 3256 6
1491 3204 1809 3275 εὐχόμενος,
1842 3205 1944 3258 οὐκ

356 3295 661 3367 ἑκκακίσῃς
713 3293 803 3348 διὰ
880 3295 980 3366 τὴν
1039 3291 1348 3368 βραδυτῆτα
1405 3293 1512 3348 τῶν
1563 3295 1784 3363 ἀγαθῶν
1843 3298 1944 3367 τῆς

355 3385 541 3458 εὐχῆς-
869 3446 884 3452 -

429 3479 536 3546 ιιζο.
570 3481 645 3532 Οὐ
679 3480 998 3551 παραμείνῃ
1027 3497 1109 3533 σοι
1137 3479 1295 3551 εὐχὴ,
1321 3478 1398 3548 τῷ
1431 3479 1569 3549 πρὸς
1596 3479 1665 3533 τὰ
1691 3477 1942 3547 συλλογι-

358 3568 560 3638 ζόμενα
578 3568 798 3633 ἔσωθεν,
833 3571 925 3623 καὶ
942 3568 1278 3639 ὁμιλούμενα
1302 3567 1501 3632 ἔξωθεν
1524 3568 1939 3639 ὲμὸραδὺγοντι·

356 3662 392 3732 ἡ
443 3661 581 3733 αὐτὴ
636 3661 692 3713 δὲ
733 3659 1034 3730 ὀφθήσεται
1081 3658 1520 3730 ὐποστρέφουσα,
1561 3658 1639 3730 τῷ
1677 3659 1742 3712 δι’
1769 3660 1944 3730 αὐτὴν

359 3753 785 3825 ὐποτεμνομένῳ
814 3752 883 3805 τὰ
911 3751 1158 3806 πλείονα.

426 3851 536 3918 ιιηό
564 3847 656 3910 Εἰς
680 3845 914 3914 λαγόνας
951 3843 1130 3915 ψυχῆς
1163 3844 1211 3896 εἰ
1256 3843 1331 3915 μὴ
1379 3843 1684 3898 εἱσδύνουσι
1728 3844 1800 3899 τὰ
1849 3847 1944 3918 ῥή-

362 3955 508 4009 ματα
548 3939 646 4009 τῆς
681 3939 869 4010 εὐχῆς,
901 3938 1003 3990 οὐκ
1041 3937 1109 3991 ἂν
1137 3938 1219 4000 είς
1242 3938 1341 3999 τὰς
1368 3936 1464 3991 τοῦ
1493 3937 1790 4010 προσώπου
1825 3957 1944 3993 σια-

357 4030 522 4100 γόνας
571 4029 640 4082 τὰ
691 4029 900 4100 δάκρυα
933 4027 1363 4101 περικλυσθῆναι
1398 4029 1938 4100 συγχωρηθήσονται.

429 4124 535 4190 ιιθν.
609 4121 987 4175 ’Λνατέλλουσι
1041 4121 1274 4192 γεωργῷ
1321 4122 1421 4192 μὲν
1479 4123 1549 4176 τὰ
1593 4123 1828 4194 δάκρυα,
1867 4123 1943 4196 μὴ

357 4215 480 4269 κατ’
513 4215 638 4283 ὄψιν
667 4214 775 4267 τῶν
805 4214 1138 4284 σπερμάτων
1194 4214 1464 4285 ῥιφέντων
1506 4215 1605 4286 τῆς
1647 4216 1755 4286 γῆς
1777 4233 1792 4248 ο
1846 4234 1944 4288 μθ·

354 4307 509 4378 ναχῷ
564 4305 621 4358 δὲ
688 4305 756 4358 τὰ
813 4306 1026 4378 δάκρυα
1080 4307 1498 4372 ἀναϐλύζουσιν,
1556 4308 1657 4362 οὐκ
1709 4310 1944 4383 ἀπονητὶ

360 4399 746 4473 μετερχομὲνῳ
774 4399 843 4452 τὰ
878 4402 1096 4472 ῥήματα
1120 4399 1221 4469 τῆς
1254 4400 1443 4470 εὐχῆς.

433 4500 500 4564 ρ’.
553 4493 715 4557 Κλεὶς
759 4493 1003 4564 οὐρανῶν
1038 4492 1317 4564 βασιλείας
1349 4495 1506 4567 εὐχή.
1533 4495 1752 4569 Ταύτην
1781 4499 1810 4552 6
1841 4516 1942 4554 κα-

431 4649 472 4682 ¹⁸
501 4650 658 4708 Cant.
691 4667 787 4718 vn,
823 4651 910 4707 12.
991 4650 1032 4683 ¹⁹
1066 4651 1087 4706 I
1117 4651 1262 4708 Tim.
1297 4667 1372 4718 vr,
1408 4650 1462 4707 8.
1539 4653 1584 4687 ὀ
1613 4652 1749 4711 Luc.
1778 4671 1931 4724 xvm,
1959 4659 2014 4714 5.

429 4798 506 4872 (p)
529 4797 701 4872 Εὺχὴ
731 4795 1192 4872 μονολόγιοςζοςς.
1245 4792 1680 4872 Interpretatur_
1696 4795 1935 4867 Hesych.

356 4863 701 4943 μονόκλονος,
732 4863 914 4943 exque
939 4863 1240 4943 eoﬁvarin.
1273 4863 1441 4943 _Quod
1508 4863 1935 4943 sit__obscui_-um

354 4934 456 5012 per
470 4939 788 5012 obscurius.
803 4937 971 5012 Marc.
999 4934 1084 5012 _De_
1102 4934 1318 5004 justitia
1351 4949 1416 4986 ex
1458 4936 1659 5003 operib.
1689 4951 1758 5012 ὀ.
1786 4937 1932 5012 μθ,

364 5005 742 5082 μονολόγιστον
775 5007 968 5082 ἐλπίδα
988 5005 1187 5082 habet,
1240 5019 1406 5082 quam
1433 5013 1489 5059 et
1518 5005 1702 5082 parari
1733 5006 1799 5082 δι’
1835 5009 1939 5079 ἀρ-

353 5075 742 5150 νήσεωςίᾱίεἱῑ.
774 5079 945 5150 Ὅταν
978 5075 1206 5150 ὁῌνοῦς-
1227 5075 1482 5150 κρατήσῃ
1533 5075 1601 5128 δι’
1651 5075 1942 5150 ἀρνήσεως

355 5144 458 5218 τῆν
493 5151 876 5221 μονολόγιστον
902 5146 1113 5221 ἐλπίδα·
1154 5144 1250 5197 ubi
1290 5145 1530 5221 primum
1584 5161 1667 5221 ex
1693 5144 1939 5221 itlaximo

352 5215 575 5277 emend.
606 5220 672 5274 δι’
702 5215 1088 5288 ἀπαρνὴσεως·
1115 5231 1224 5288 non
1256 5215 1402 5268 enim
1437 5229 1544 5268 vox
1582 5215 1673 5270 illa
1699 5217 1934 5288 simplex

351 5307 422 5345 eo
457 5308 621 5346 sensu
653 5287 983 5358 usurpatur:
1030 5287 1338 5358 ἀπᾴρνησις
1375 5300 1530 5358 vero,
1557 5301 1741 5341 rerum
1773 5287 1937 5342 abdi-

351 5363 500 5416 catio
537 5371 642 5425 est,
697 5354 924 5429 ipsaque
961 5354 1168 5411 nostris
1196 5354 1494 5429 abnegatio
1544 5357 1767 5429 qua‘sic
1810 5374 1940 5428 spes

356 5425 739 5501 μονολὸγιστος
765 5425 1072 5490 obtinetur,
1125 5441 1192 5501 ac
1244 5425 1624 5501 μονολογιστος
1669 5426 1786 5496 ipsa
1810 5425 1938 5501 gra-

355 5495 430 5557 iia
461 5495 715 5572 paratur:
746 5515 910 5570 quam
936 5513 1126 5552 vocem
1150 5495 1384 5572 Hesych.
1419 5495 1835 5572 interpretatus
1864 5499 1937 5553 sit

351 5565 671 5644 ἀκλὸνητος·
707 5565 780 5644 ut
816 5572 1168 5644 irrepserunt
1210 5565 1270 5619 in
1311 5567 1432 5633 ejus
1481 5565 1723 5644 Lesicon
1771 5570 1931 5644 plura

353 5636 573 5698 menda.
610 5643 856 5709 Quadrat
881 5636 1028 5694 enim
1055 5636 1284 5707 optime,
1304 5645 1366 5709 ut
1386 5651 1512 5709 spes
1535 5636 1616 5709 sic
1655 5636 1933 5707 μονολόγι-

359 5731 479 5778 στος
505 5706 746 5780 dicatur,
777 5711 934 5783 quasi
975 5706 1202 5765 minime
1236 5706 1664 5768 cogitationibus
1699 5724 1926 5780 anceps,

2039 437 2467 494 indormiscens.

2107 529 2266 601 651
2301 530 2388 587 90.
2431 531 2570 596 Illic,
2609 531 2789 603 inquit
2829 531 2926 602 (in
2973 530 3190 603 lugubri
3231 531 3444 586 scilicet
3482 532 3624 588 lecto

2040 623 2163 678 vita:
2185 624 2463 689 studiose,
2481 625 2627 680 dicat
2653 625 2833 680 oratio
2860 624 2926 678 ad
2953 641 3116 679 suum
3145 635 3451 680 amatorem
3473 625 3625 682 velut

2041 714 2250 786 Sponsa
2281 716 2336 770 in
2361 716 2633 788 Cantico),
2665 717 2799 771 dabo
2831 717 2922 771 tibi
2946 718 3105 770 ubera
3127 734 3244 772 mea
3273 716 3347 783 ¹⁸;
3376 718 3421 773 εἰ
3449 720 3614 776 modo

2040 818 2093 863 te
2122 809 2258 863 mihi
2285 817 2463 864 totum
2499 825 2838 880 prorsusque
2869 810 3170 865 addixeris.

2109 900 2196 955 9i.
2239 901 2550 956 Amicitiam
2581 917 2706 957 cum
2729 901 2982 957 oratione
3009 902 3254 958 nancisci
3283 917 3394 958 non
3419 913 3623 974 potest,

2039 992 2133 1061 qui
2171 994 2419 1062 exceptis
2473 993 2800 1049 necessariis
2849 993 3129 1050 alimentis
3180 1004 3346 1064 atque
3396 999 3622 1062 vestitu,

2042 1086 2282 1140 terrenis
2310 1086 2570 1163 omnibus
2595 1103 2705 1144 non
2734 1086 3211 1143 abrenuntiavcrit
3236 1089 3302 1142 ¹⁹.
3325 1088 3369 1143 Α
3398 1090 3626 1160 reliquis

2040 1178 2291 1242 excedas,
2315 1178 2409 1251 qui
2443 1180 2558 1235 sola
2589 1187 2773 1236 mente
2805 1179 2860 1234 in
2885 1179 3134 1235 oratione
3163 1180 3371 1236 versari
3397 1182 3556 1242 velis.

2111 1270 2200 1326 92.
2241 1272 2531 1344 Religiosae
2549 1273 2750 1328 mentis
2777 1281 2989 1328 certum
3018 1272 3307 1336 indicium,
3331 1290 3439 1329 una
3467 1275 3628 1332 ratio-

2042 1363 2208 1419 nibns
2240 1364 2676 1436 inconcussaque
2713 1365 2932 1420 oratio:
2967 1365 3254 1437 prudentis
3287 1382 3420 1422 vero
3458 1367 3626 1423 ratio-

2041 1455 2148 1520 nis,
2180 1464 2527 1527 opportunus
2562 1472 2788 1521 sermo;
2823 1471 3020 1511 sensus
3055 1465 3240 1510 autem
3284 1457 3469 1523 liberi,
3505 1461 3630 1514 uni-

2021 1538 2234 1603 'formis
2255 1557 2469 1618 gustus.
2492 1548 2553 1602 In
2574 1548 2661 1603 his
2685 1549 2852 1621 igitur
2881 1549 3057 1604 tribus
3085 1549 3254 1604 animi
3280 1551 3625 1610 sanctitatem

2042 1639 2346 1695 consistere
2375 1640 2588 1695 dicunt.

2115 1729 2202 1784 95.
2245 1727 2484 1794 Orantis,
2532 1729 2635 1784 rite
2679 1729 2984 1798 subigenda
3020 1745 3083 1785 ac
3126 1731 3446 1797 mollienda,
3478 1734 3632 1790 velut

2038 1836 2376 1892 puerorum,
2419 1819 2634 1876 indoles
2671 1821 2780 1887 sit;
2817 1829 2879 1875 ut
2913 1820 3057 1876 sicut
3100 1821 3208 1876 illis
3253 1834 3627 1893 comparatrm

2039 1924 2145 1976 est,
2201 1929 2324 1984 qua:
2389 1930 2457 1969 ex
2513 1913 2767 1969 oratione
2821 1912 3034 1968 inditur
3089 1915 3424 1984 explanatio,
3481 1917 3630 1973 nulla

2041 2005 2355 2062 resistentia
2397 2005 2672 2076 facileque
2715 2005 3037 2078 recipiatur.
3078 2003 3223 2060 Care
3264 2005 3432 2077 igitur
3467 2007 3632 2077 negli-

2040 2111 2154 2164 gas,
2187 2095 2282 2165 qui
2316 2095 2394 2148 illi
2425 2095 2621 2150 sociari
2654 2095 2811 2150 velis.

2111 2189 2199 2244 94.
2229 2189 2362 2244 Non
2397 2203 2590 2242 omnes
2635 2187 2692 2242 in
2739 2187 2990 2242 oratione
3021 2188 3279 2244 eumdem
3328 2188 3490 2243 linem
3531 2189 3634 2244 ha-

2043 2279 2197 2344 bent,
2233 2293 2426 2334 verum
2459 2277 2602 2333 alius
2636 2277 2802 2332 alium
2841 2285 3007 2347 atque
3036 2278 3228 2332 alium.
3257 2279 3392 2332 Nam
3424 2286 3509 2334 est
3537 2281 3633 2354 qui

2041 2381 2183 2438 oret,
2217 2381 2300 2439 ut,
2334 2371 2381 2428 si
2411 2370 2530 2428 ﬁeri
2561 2377 2768 2441 potest,
2795 2370 2917 2442 ejus
2942 2385 3163 2442 semper
3188 2371 3407 2428 animus
3431 2372 3486 2425 in
3510 2387 3636 2425 ora-

2045 2468 2194 2522 tione
2226 2475 2500 2531 versetur,
2539 2465 2801 2534 illiusque
2843 2471 3018 2519 metas
3061 2464 3212 2519 velut
3257 2464 3634 2536 transgredia-

2044 2571 2161 2625 tur;
2195 2568 2250 2614 et
2288 2569 2372 2614 est
2407 2558 2503 2628 qui
2541 2565 2665 2612 oret
2695 2573 2766 2613 nc
2800 2557 2855 2610 in
2893 2571 2959 2611 ea
3003 2556 3430 2628 cogitationibus
3462 2557 3634 2612 inter-

2043 2653 2300 2724 pclletur.
2341 2650 2547 2707 Omnes
2591 2664 2722 2705 vero
2755 2657 2939 2715 orant,
2973 2657 3054 2716 ut,
3087 2658 3183 2703 aut
3224 2649 3277 2703 in
3314 2649 3475 2704 bonis
3503 2665 3636 2705 con-

2043 2753 2354 2808 serventur,
2389 2754 2484 2798 aut
2507 2757 2575 2797 ne
2608 2743 2879 2797 malorum
2914 2755 3188 2796 consensu
3230 2741 3634 2796 subducantur.

2113 2837 2203 2891 95.
2243 2835 2380 2890 Cum
2404 2851 2470 2890 ex
2495 2835 2749 2892 oratione
2775 2849 2939 2892 nemo
2968 2848 3076 2887 non
3105 2832 3432 2887 humiliatus
3477 2842 3637 2889 exeat

2047 2927 2162 2998 (qui
2190 2927 2340 2982 enim
2373 2935 2496 2982 orat
2525 2926 2582 2981 in
2600 2926 2915 2981 humilitate
2945 2925 3298 2996 conteritur),
3333 2925 3492 2994 plane
3525 2940 3634 2982 non

1968 3042 2012 3100 ρ
2045 3027 2165 3077 orat
2198 3021 2252 3075 in
2289 3020 2624 3084 humilitate,
2656 3019 2751 3090 qui
2784 3019 3032 3074 exterius
3061 3017 3368 3072 insolescit.

2114 3113 2202 3170 96.
2243 3112 2347 3180 Qui
2379 3113 2445 3167 ad
2478 3113 2700 3167 viduam
2737 3113 2888 3168 litem
2921 3121 3350 3183 prosequentem
3377 3112 3519 3183 apud
3543 3127 3638 3167 sm-

2043 3221 2173 3263 vum
2215 3205 2553 3277 judicem”,
2584 3221 2747 3262 orans
2785 3213 2866 3271 tu,
2910 3204 3156 3260 animum
3199 3204 3460 3272 attendis,
3502 3219 3635 3259 cavo

2045 3299 2388 3370 despondeas
2439 3299 2706 3366 animum,
2771 3297 2986 3354 tametsi
3041 3297 3314 3357 bonorum
3367 3297 3638 3354 orationis

2049 3390 2262 3446 tardius
2291 3405 2519 3460 compos
2559 3388 2678 3444 fias.

2115 3483 2204 3537 97.
2249 3481 2406 3538 Haud
2439 3481 2538 3536 tibi
2569 3479 2790 3536 assidua
2821 3478 3007 3535 futura
3037 3479 3238 3539 oratio.
3268 3477 3360 3548 qui
3400 3477 3636 3532 interius

2047 3573 2498 3646 cogitationibus,
2525 3573 2881 3644 exteriusque
2913 3571 3347 3648 fabulationibus
3373 3569 3632 3625 immore-

2044 3664 2122 3721 ris
2149 3684 2161 3719 :
2191 3665 2381 3721 eadem
2415 3673 2600 3720 autem
2632 3664 2813 3720 redire
2837 3662 3237 3734 conspicietur,
3270 3660 3315 3716 si
3345 3660 3491 3718 illius
3515 3669 3633 3717 stu-

2045 3759 2138 3814 dio
2170 3760 2435 3830 pleraque
2475 3756 2835 3812 resccaveris.
3365 3746 3368 3750 ’

2115 3851 2203 3908 98.
2237 3852 2355 3910 Nisi
2390 3851 2446 3906 in
2477 3850 2646 3908 animi
2678 3851 2860 3907 sinum
2899 3849 3168 3904 orationis
3207 3847 3376 3902 verba
3410 3846 3635 3902 immca-

2043 3945 2246 4010 verint,
2277 3945 2430 4016 largo
2459 3940 2688 3999 ﬂumine
2720 3943 2952 4016 irrigare
2986 3941 3145 4000 faciei
3180 3956 3349 4014 genas
3380 3940 3636 4014 lacrymis

2043 4052 2155 4092 non
2180 4037 2390 4092 licebit.

2113 4130 2202 4186 99.
2244 4128 2590 4186 Oboriuntur
2627 4125 2883 4198 agricola:
2914 4126 3190 4197 lacrymae,
3234 4123 3366 4179 dum
3415 4139 3525 4179 non
3578 4126 3632 4180 in

2042 4225 2221 4282 oculis
2248 4224 2491 4295 proiecta
2533 4229 2694 4276 terra:
2734 4219 2945 4275 semina
2973 4217 3159 4285 videt;
3192 4217 3464 4271 monacho
3503 4233 3636 4271 vero

2041 4317 2374 4382 scaturiunt,
2422 4315 2556 4370 dum
2600 4329 2712 4369 non
2750 4313 2872 4369 sine
2908 4311 3100 4366 labore
3145 4310 3415 4364 orationis
3464 4310 3634 4365 verba

1975 4391 2023 4449 θ
2050 4408 2348 4481 percurrit.

2123 4499 2244 4556 100.
2286 4498 2461 4570 Regni
2520 4496 2787 4553 canorum
2840 4492 3030 4558 clavis,
3088 4492 3288 4547 oratio.
3345 4491 3492 4546 Hanc
3542 4491 3636 4562 qui

2049 4799 2145 4855 sed
2199 4799 2318 4869 ipsa
2363 4796 2531 4869 unius
2573 4796 3278 4869 rationis‘et_inturbata;
3323 4797 3634 4869 eodemque

2045 4866 2446 4925 modo—oratio.
2481 4866 2601 4920 Non
2632 4869 2782 4937 quod
2806 4867 3052 4922 reddidit
3075 4866 3284 4937 ObSOp.
3317 4868 3484 4923 Marci
3510 4866 3634 4922 loco

2043 4942 2234 5004 citato,
2253 4955 2399 5009 spem
2431 4939 2582 4991 unice
2609 4938 3076 4993 considerandam.
3132 4939 3363 5002 Iterum,
3415 4954 3464 4994 c.
3506 4940 3633 5002 102,

2043 5013 2071 5064 6
2137 5008 2517 5080 μονολόγιστον
2547 5008 2790 5080 ἐξανύων
2822 5009 3007 5080 εὐχήν,
3038 5010 3180 5080 intra
3217 5010 3470 5065 velamen
3504 5026 3632 5063 rer-

2043 5078 2152 5136 sari
2185 5080 2420 5135 Maximo
2450 5078 2676 5142 dicitur,
2702 5078 3044 5148 opponitqnc
3069 5079 3147 5148 τῷ
3182 5081 3239 5132 ἐν
3269 5081 3408 5150 αὐτῇ
3436 5080 3635 5150 ῥεμϐο-

2047 5152 2216 5223 μένῳ,
2245 5152 2338 5223 qui
2392 5166 2526 5219 vaga
2557 5158 2730 5202 mente
2778 5151 2834 5202 in
2871 5166 2931 5203 ea
2954 5151 3044 5223 sit,
3089 5150 3426 5223 segniusque
3486 5159 3628 5223 oret.

2047 5219 2149 5292 nec
2167 5219 2362 5276 sobria
2395 5236 2480 5292 Aac
2523 5227 2734 5292 attenta
2763 5221 3130 5292 mentc._Nam
3162 5229 3219 5274 et
3253 5219 3542 5292 Chrysost.
3578 5221 3633 5272 in

2047 5291 2224 5362 Epist.
2269 5293 2342 5344 ad
2376 5289 2693 5362 σοιοεεητῷ
2717 5290 3084 5362 γρηγοροῦντι
3123 5289 3494 5362 καὶγνήφοντι
3536 5306 3634 5360 ορ-

2046 5359 2201 5430 ponit
2229 5381 2241 5414 :
2287 5362 2377 5416 cui
2411 5359 2646 5430 proinde
2680 5359 2824 5432 idem
2850 5368 2934 5416 est
2965 5377 3029 5416 ac
3053 5359 3428 5431 ἀκηδιῶννηιιὶ
3454 5359 3633 5432 segnis

2051 5433 2364 5502 tepidusque
2399 5441 2475 5503 est
2493 5450 2511 5486 :
2533 5447 2643 5501 quo
2670 5430 2786 5486 fere
2804 5432 3160 5503 sensuetiam
3191 5430 3468 5503 μετέωρον
3485 5430 3630 5503 haud

2050 5501 2173 5556 raro
2205 5503 2396 5573 Patres
2419 5502 2614 5557 dicunt
2642 5520 2654 5555 :
2689 5501 2839 5573 quod
2871 5513 2929 5558 ct
2951 5501 3186 5573 llesych.
3213 5501 3414 5573 κοῦφον
3450 5502 3634 5558 reddit

2044 5582 2102 5627 et
2131 5572 2556 5646 swsdyjjevein,
2587 5572 2840 5646 stultum;
2866 5572 3119 5643 suSpen’si
3153 5572 3368 5628 scilicet
3391 5573 3633 5646 vagique

2041 5657 2104 5698 ac
2142 5643 2415 5700 instabilis
2440 5643 2631 5700 animi.
