4010 6202
492 308 628 373 1423
1657 300 1717 358 S.
1761 297 2050 359 ΜΑΧΙΜΙ

2201 278 2600 361 tFES'soms
3009 321 3013 325 ν
3629 302 3784 369 ttat

488 430 640 478 tenet
685 434 786 490 pro
824 432 892 474 eo
930 432 995 472 ac
1029 413 1209 479 decet,
1255 413 1395 469 bona
1434 412 1554 482 ejus
1597 410 1789 467 amicis
1832 409 2071 480 reposita

2203 413 2436 489 ἐχωνὼς
2470 414 2571 481 δεῖ,
2605 416 2707 485 ὁρᾷ
2758 414 2827 469 τὰ
2864 417 3204 488 ἀποκείμενα
3227 417 3409 487 ἀγαθὰ
3430 419 3546 481 τοῖς
3584 417 3780 486 φίλοις

486 515 655 570 videt.
700 511 890 568 Solum
938 517 1123 564 autem
1169 505 1461 578 praesentia
1500 502 1835 570 considerat,
1868 501 1963 573 qui
2011 501 2066 555 in

2196 504 2363 575 ιύτῆς.
2403 505 2558 563 Μόνα
2600 506 2659 561 δὲ
2703 506 2773 561 τὰ
2812 508 3060 585 παρόντα
3091 512 3438 582 περισκοπεῖ,
3474 512 3505 564 6
3536 513 3779 583 παρρη-

485 609 577 663 illa
608 603 868 661 ﬁduciam
897 616 1008 657 non
1038 599 1226 655 habet.

2170 596 2291 650 σίαν
2317 598 2375 650 ὲν
2409 597 2596 670 ἐκείνῃ
2627 598 2705 671 μή
2744 598 3015 670 ἐσχηκώς.

450 727 461 781 γ
553 699 717 773 652
759 696 879 752 lOl.
915 694 1039 751 Non
1091 700 1280 765 potest
1329 706 1486 781 mens
1533 690 1718 746 dicere
1765 688 1836 744 ad
1890 687 2033 743 De“;

2240 692 2343 757 pa'.
2377 687 2454 741 Οὐ
2492 685 2719 742 δύναται
2756 690 2785 743 6
2819 687 2947 755 νοῦς
2978 692 3037 747 ὲν
3068 689 3245 763 καιρῷ
3274 692 3376 761 τῆς
3408 692 3582 764 εὐχῆς
3622 694 3782 765 μετὰ

483 804 606 844 cum
638 785 841 840 liducia
866 784 1012 840 inter
1043 782 1313 839 orandum
1342 802 1355 835 :
1392 779 1651 851 Dirupisti
1675 776 1887 834 vincula
1910 792 2064 841 mea;

2196 779 2483 852 παρρησίας
2514 780 2696 852 λέγειν
2746 782 2885 852 πρὸς
2928 782 3020 838 τὸν
3069 783 3244 839 θεόν·
3275 784 3605 855 meme“
3622 786 3779 852 τοὺς

483 883 573 936 tibi
602 878 912 949 sacriﬁcabo
945 878 1170 933 hostiam
1202 874 1376 930 laudis
1404 874 1471 937 “,
1503 871 1610 931 nisi
1648 869 1874 926 virtutis
1915 868 2064 925 desi-

2194 873 2576 943 ῖεσμούςμου,
2598 872 2699 928 σοι
2715 871 2881 927 θύσω
2901 876 3123 930 θυσίαν
3140 876 3443 942 αἰνέσεως.
3465 880 3515 931 εἰ
3545 877 3629 947 μὴ
3653 876 3777 930 δει-

481 972 639 1028 derio
690 970 761 1029 ab
811 967 1028 1042 ignavia
1069 976 1126 1024 et
1170 967 1426 1039 segnitie,
1474 961 1950 1033 somnolentiaque
2000 976 2064 1016 ac

2201 963 2286 1028 ίας
2329 965 2424 1017 καὶ
2466 963 2763 1035 ῥᾳθυμίας,
2810 965 3147 1030 πολυυπνίας
3197 985 3255 1020 τε
3296 969 3389 1022 καὶ
3417 969 3779 1039 ἀδηφαγίας.

480 1063 774 1136 gulositate
801 1059 1086 1131 abruperit
1114 1057 1381 1114 animum.

2197 1050 2226 1119 ξ
2272 1044 2348 1106 ὧν
2383 1053 2447 1106 τὸ
2484 1054 2725 1122 πταίειν,
2752 1053 3021 1129 ἐπιθυμίᾳ
3046 1056 3158 1110 τῶν
3189 1060 3552 1129 κρειττόνων,
3584 1061 3779 1131 ἀπορ-

602 1154 625 1165 '
2166 1144 2329 1215 eam.

551 1240 673 1294 102.
716 1239 884 1294 Extra
932 1235 1171 1307 primum
1219 1230 1469 1286 velamen
1519 1229 1575 1283 in
1626 1227 1882 1283 oratione
1931 1232 2059 1286 stat,

2238 1233 2339 1305 ρβ’.
2379 1234 2528 1302 Ἐξω
2565 1236 2659 1289 τοῦ
2702 1235 2920 1308 πρώτου
2970 1237 3463 1310 καταπετάσματος
3512 1238 3776 1299 ἵσταται,

478 1335 571 1404 qui
612 1341 795 1387 mente
822 1330 1119 1411 distractus
1153 1334 1238 1381 est
1270 1342 1283 1378 :
1315 1324 1457 1378 intra
1493 1328 1768 1394 penetrat,
1804 1317 1899 1388 qui
1937 1316 2061 1371 unis

2220 1328 2275 1378 ἐν
2305 1326 2437 1399 εὐχῇ
2472 1327 2809 1401 ῥεμϐόμενος
2835 1344 2851 1362 ο
2894 1327 3109 1381 ἔνδοθεν
3152 1329 3385 1396 γίνεται,
3433 1330 3463 1381 6
3531 1330 3778 1400 μονολό-

478 1423 908 1495 cogitationibus
933 1419 1141 1492 (mente
1170 1416 1384 1472 scilicet
1414 1428 1523 1469 non
1547 1412 1703 1485 vaga)
1731 1421 1872 1465 orat.
1901 1409 2061 1465 Solus

2197 1434 2351 1470 ιστον
2392 1417 2637 1482 ἐξανύων
2686 1420 2882 1491 αὐτήν.
2922 1420 3101 1483 Μόνος
3144 1420 3203 1474 δὲ
3235 1421 3317 1484 εἰς
3344 1420 3416 1474 τὰ
3447 1422 3630 1489 Ἅγια
3658 1424 3780 1475 τῶν

477 1527 661 1574 autem
686 1516 741 1570 in
764 1515 964 1569 Sancta
991 1521 1307 1565 sanctorum
1341 1508 1631 1576 inspectat,
1656 1503 1752 1574 qui
1783 1517 1907 1557 cum
1932 1515 2060 1572 pace

2194 1510 2337 1579 ιγίων
2369 1510 2711 1583 παρέκυψεν,
2737 1514 2766 1566 6
2790 1511 2932 1584 μετὰ
2964 1511 3067 1582 τῆς
3113 1512 3338 1584 εἰρήνης
3370 1513 3480 1567 τῶν
3505 1515 3777 1583 φυσικῶν

479 1606 813 1662 naturalium
862 1601 1161 1667 rationum,
1215 1614 1280 1654 ea
1328 1595 1495 1653 etiam
1544 1593 1881 1657 considerat,
1940 1605 2062 1661 quae

2197 1601 2440 1673 ογισμῶν
2485 1602 2583 1657 καὶ
2621 1603 2690 1657 τὰ
2720 1603 2976 1675 περὶτῆς
3004 1604 3185 1658 πάντα
3215 1604 3341 1658 νοῦν
3371 1595 3780 1676 ὑπερεχούσης

476 1699 621 1755 circa
654 1696 955 1755 essentiam
1002 1701 1133 1748 sunt
1177 1705 1398 1747 omnem
1451 1687 1654 1743 mentis
1702 1684 2059 1741 excedentem

2193 1692 2403 1767 οὐσίας]
2446 1693 2932 1767 διασκεπτόμενος,
2967 1695 3063 1750 καί
3084 1713 3233 1760 τινος
3261 1696 3475 1750 ἐκεῖθεν
3499 1713 3776 1765 quum-

475 1806 720 1853 sensum,
746 1804 811 1843 ac
839 1787 965 1842 inde
992 1784 1179 1841 divina
1218 1781 1454 1852 quadam
1483 1780 1607 1835 luce
1640 1776 1918 1849 dignatur.

1218 1781 1454 1852 quadam
1483 1780 1607 1835 luce
1640 1776 1918 1849 dignatur.
2092 1789 2134 1845 B
2162 1785 2310 1850 νείας
2340 1785 2789 1857 καταξιούμενος.

545 1884 665 1938 105.
708 1881 753 1937 Λ
803 1878 1038 1936 terrenis
1083 1876 1221 1931 forts
1254 1877 1541 1929 vacantem
1587 1869 1854 1932 animum,
1906 1866 2060 1922 velut

2234 1884 2334 1948 ργ’.
2395 1877 2626 1931 Ὀπόταν
2676 1877 2788 1933 ἀπὸ
2843 1877 2951 1933 τῶν
2997 1877 3201 1944 ἔξωθεν
3254 1879 3573 1951 σχολάσασα
3730 1883 3768 1952 ἡ

474 1976 689 2031 ﬂamma
729 1971 978 2043 quaedam
1025 1964 1449 2028 circumvoluta,
1490 1962 1647 2033 quasi
1691 1959 1898 2015 ferrum
1945 1958 2057 2029 igni

2187 1969 2328 2040 ὴυχὴ,
2368 1969 2491 2023 τότε
2518 1963 2608 2024 οἷὰ
2631 1986 2717 2035 τις
2753 1969 2885 2041 φλὸξ
2915 1970 3373 2042 περικυκλώσασα
3414 1972 3652 2045 ταύτην,
3685 1974 3770 2038 ὼς

474 2077 701 2134 prorsus
749 2073 1079 2116 succensum
1134 2054 1366 2111 reddit:
1412 2062 1607 2123 estque
1657 2051 1775 2121 ipse
1830 2048 2057 2121 quidem

2185 2058 2381 2131 τιδηρον
2436 2057 2695 2124 καθάπαξ
2748 2059 2828 2131 τῷ
2871 2061 3008 2133 πυρὶ
3052 2064 3574 2134 πεπυρακτωμένην
3623 2064 3768 2134 ὃλην

474 2155 617 2211 idem
648 2153 888 2218 animus,
922 2148 1016 2205 sed
1052 2163 1216 2222 quem
1250 2145 1571 2216 contingere
1598 2142 1828 2199 minime
1857 2142 2053 2209 liceat;

2186 2147 2472 2220 ιαθίστησι,
2504 2148 2599 2203 καὶ⁵
2632 2147 2750 2202 ἐστι
2777 2147 2925 2220 ψυχὴ
2961 2148 3061 2219 μὲν
3087 2149 3122 2221 ή
3146 2150 3311 2215 αὐτὴ,
3335 2151 3523 2203 οὐκέτι
3553 2150 3615 2204 δὲ
3661 2154 3769 2205 καὶ

472 2244 614 2301 sicut
661 2243 871 2300 ferrum
915 2239 1029 2312 igni
1074 2237 1316 2295 candens
1361 2234 1607 2292 exterius
1655 2232 1900 2305 contingi
1942 2242 2055 2288 non

2185 2240 2329 2312 ιπτή,
2366 2239 2443 2305 ὡς
2483 2239 2606 2295 οὐδὲ
2632 2241 2661 2295 6
2693 2240 3080 2313 πυρακτωθεὶς
3122 2240 3362 2311 σίδηρος,
3393 2244 3519 2306 ταῖς
3548 2240 3768 2309 ἔξωθεν

472 2344 677 2408 potest.
2156 2331 2424 2402 ἐπαφαῖς.

544 2427 666 2483 104.
705 2424 910 2482 Beatus
939 2420 1037 2494 qui
1064 2419 1123 2476 in
1153 2419 1260 2475 bac
1293 2418 1408 2473 vita
1434 2416 1491 2475 in
1520 2430 1650 2474 eum
1673 2414 1897 2473 modum
1929 2429 2045 2486 spe-

2229 2420 2327 2495 p6'.
2384 2420 2673 2495 Μακάριος
2721 2422 2752 2476 6
2772 2422 2831 2477 ὲν
2880 2420 2960 2495 τῷ
2993 2421 3096 2494 βίῳ
3114 2420 3289 2494 τούτῳ
3311 2422 3512 2477 οὑτωσὶ
3545 2424 3765 2498 θεωρηο

468 2520 610 2575 ctari
639 2518 877 2584 meruit;
904 2514 1109 2587 quique
1132 2519 1368 2568 statuam
1395 2518 1591 2566 natura
1617 2509 1845 2574 luteam,
1868 2505 2051 2578 gratim

2181 2514 2318 2585 Ιῆναι
2362 2512 2636 2581 ἀξιωθεὶς,
2691 2513 2786 2568 καὶ
2830 2512 2924 2568 τὸν
2968 2513 3133 2568 αὑτὸν
3182 2512 3343 2583 φύσει
3382 2515 3616 2587 πήλινον
3668 2520 3764 2573 ἁν-

473 2624 703 2665 munere
733 2608 950 2678 igneam
976 2603 1137 2659 vidit.

2155 2605 2405 2677 δριάντα,
2436 2606 2623 2677 χάριτι
2649 2604 2880 2678 πύρινον
2911 2604 3173 2662 κατιδών.

546 2701 669 2756 105.
705 2697 919 2764 Gravis,
945 2712 1047 2753 ceu
1075 2695 1246 2751 herus
1272 2690 1521 2764 quidam,
1548 2691 1637 2747 his
1663 2692 1757 2763 qui
1783 2689 2058 2747 inducun-

2229 2694 2326 2767 ρε’.
2387 2696 2512 2763 Τοῖς
2577 2694 2680 2769 μὲν
2737 2699 3115 2769 εἰσαγομένοις
3171 2694 3261 2755 οἷά
3309 2717 3397 2763 τις
3450 2699 3758 2771 δεσπότης,

474 2808 564 2854 tur
583 2810 647 2850 ac
671 2791 898 2849 novitiis
919 2788 1189 2845 incumbit
1210 2787 1299 2842 lex
1313 2786 1618 2853 orationis;
1639 2784 2057 2857 proficientibus

2171 2789 2186 2842 5
2222 2788 2387 2860 νόμος
2422 2774 2697 2843 ἐπίκειται
2738 2789 2839 2861 τῆς
2875 2790 3045 2861 εὐχῆς
3078 2808 3092 2822 ·
3148 2794 3263 2857 τοῖς
3310 2792 3628 2863 προκόψασι
3668 2793 3754 2855 ἃ,

472 2898 657 2945 autem
692 2885 845 2941 velut
880 2898 1035 2939 amor
1073 2888 1160 2938 est
1197 2879 1267 2936 ad
1301 2880 1483 2938 lautas
1510 2879 1669 2951 quasi
1707 2879 1900 2950 epulas
1928 2892 2055 2933 esu-

2173 2878 2234 2945 ὓς
2273 2879 2416 2952 ἔρως
2449 2882 2479 2935 6
2507 2879 2852 2937 συνελαύνων
2884 2882 3157 2937 πεινῶντα
3190 2882 3444 2955 καθάπερ
3475 2884 3756 2957 πολυτελῆ

472 2981 709 3038 rientem
740 2976 1100 3048 compellens.

1014 2990 1100 3031 ns.
2154 2966 2293 3040 πρὸς
2335 2966 2597 3024 ἑστίασιν.

538 3069 661 3127 106.
699 3069 799 3126 His
841 3068 935 3142 qui
969 3066 1144 3140 probe
1178 3065 1457 3122 actionem
1498 3064 1689 3120 colunt
1723 3061 2055 3134 quandoque
2083 3128 2121 3142 Α

2231 3067 2341 3133 ρς·’.
2391 3061 2521 3127 Τοῖς
2559 3061 2744 3129 καλῶς
2787 3063 2887 3135 τήν
2929 3064 3247 3137 πρακτικὴν
3294 3066 3753 3139 μετερχομὲνοις,

467 3161 695 3234 quidem
728 3128 909 3217 oratio
928 3200 944 3225 ,
970 3128 1131 3217 .velut
1157 3159 1336 3215 nubes
1362 3157 1703 3214 obumbrans
1724 3128 1793 3221 ὦ,
1830 3128 2050 3211 urente

2169 3128 2289 3208 ποτε
2313 3153 2413 3227 μὲν
2434 3155 2469 3227 ή
2491 3154 2629 3227 εὐχή
2648 3128 2855 3228 νεφέλή
2881 3128 3136 3229 καθάπερ
3161 3128 3586 3224 sancitum};

468 3259 624 3308 arcet
647 3250 1038 3322 cogitationes;
1070 3248 1400 3322 quandoque
1431 3261 1566 3303 vero
1594 3245 1749 3301 velut
1783 3245 2051 3315 lacryma-

2163 3248 2493 3311 καυστικοὺς
2548 3245 2810 3318 ἀπείργει
2865 3245 2926 3313 ἐξ
2975 3247 3159 3303 αὐτῶν
3206 3247 3504 3318 λογισμούς
3534 3266 3552 3283 θ
3602 3251 3746 3305 mi

469 3358 592 3399 rum
612 3352 795 3416 guttas
820 3341 933 3397 illis
955 3342 1222 3405 irrorans,
1250 3336 1522 3410 spiritalia
1549 3335 1888 3393 theoremata
1918 3348 2051 3390 sen-

2152 3336 2212 3391 δὶ
2270 3336 2539 3406 σταγόνας
2590 3330 2680 3390 οἷα
2734 3336 2989 3409 δακρύων
3037 3337 3253 3402 τούτοις
3304 3337 3731 3410 ὲπιψεκάζουσα,

468 3449 638 3505 eaque
666 3430 930 3488 ostendit.

2151 3428 2395 3484 δείκνυσι
2420 3428 2492 3483 τὰ
2520 3420 2874 3502 πνευματικὰ
2903 3429 3258 3503 θεωρήματα.

540 3521 664 3578 107.
702 3518 994 3578 Canticum
1051 3518 1279 3576 citharae
1327 3516 1745 3587 condimentum
1794 3516 2048 3582 exsistat,

2224 3520 2325 3595 ρξ’.
2386 3521 2514 3595 ᾮδὴ
2560 3523 2659 3594 μὲν
2695 3523 2915 3596 ἥδυσμα
2952 3522 3184 3595 κιθάρας
3227 3523 3329 3594 τῆς
3394 3525 3740 3597 κρουομὲνης

469 3629 635 3686 quam
666 3613 794 3685 quis
827 3610 1077 3669 exterius
1104 3611 1287 3682 pulset
1314 3627 1328 3665 :
1358 3610 1577 3666 animus
1602 3623 1735 3666 vero
1759 3607 1869 3664 nisi
1901 3606 2052 3680 adju-

2163 3616 2257 3671 51:6
2282 3632 2429 3682 τινος
2456 3615 2658 3683 ἔξωθεν
2684 3617 3040 3690 εὑρεθήσεται
3063 3633 3079 3648 ·
3113 3615 3261 3688 ψυχὴ
3310 3616 3369 3670 δὲ
3421 3616 3501 3690 μὴ
3548 3635 3746 3689 συνερ-

469 3713 629 3762 vante
671 3704 729 3760 in
769 3703 1020 3759 oratione
1064 3701 1298 3774 mystica
1344 3700 1402 3756 in
1444 3699 1645 3771 spiritu
1682 3696 2048 3764 "allocutione,

2163 3707 2355 3781 κούσης
2390 3708 2529 3781 αὐτῇ
2570 3709 2629 3763 ἐν
2677 3708 2812 3780 εὐχῇ
2860 3707 2962 3779 τῆς
3012 3709 3073 3763 ὲν
3131 3709 3408 3779 πνεύματι
3468 3710 3746 3780 μυστικῆς

470 3797 613 3853 haud
652 3795 810 3852 facile
840 3793 1136 3866 eompungi
1169 3791 1479 3849 consuevit.
1512 3788 1656 3846 Illud
1695 3790 1881 3847 enim:
1911 3787 2049 3856 Quid

2156 3797 2617 3870 προσφωνήσεως,
2637 3797 3047 3862 εὐκατάνυκτος
3058 3797 3124 3851 οὐ
3154 3795 3368 3866 πέφυκε
3394 3796 3739 3853 δείκνυσθαι.

468 3902 697 3952 oremus,
726 3886 860 3941 sicut
882 3892 1106 3958 oportet,
1138 3885 1397 3939 nescimus
1414 3882 1483 3949 ",
1511 3883 1567 3937 in
1618 3894 1745 3938 eum
1804 3880 2049 3952 proclive

2160 3889 2225 3943 Τδ
2266 3888 2398 3962 γὰρ,
2455 3888 2516 3943 Τί
2542 3888 3007 3958 προσευξώμεθα
3035 3889 3183 3946 καθὸ
3203 3887 3300 3944 δεῖ
3319 3891 3432 3944 οὐκ
3458 3889 3743 3961 οἴδαμεν,

469 3988 717 4036 orantem
749 3975 1087 4033 intellectum
1114 3973 1289 4033 ducit.

2151 3984 2247 4038 καὶ
2274 3980 2343 4039 τὰ
2376 3982 2527 4054 ἑξῆς,
2561 3984 2642 4047 εἰς
2671 3982 2828 4038 τοῦτο
2849 3983 3035 4051 ἐνάγει
3063 3983 3155 4038 τὸν
3186 3984 3646 4056 προσευχόμενον.

1112 4084 1393 4158 Ejusdem.

2785 4095 2892 4151 Τοῦ
2912 4095 3097 4152 αὑτοῦ.

542 4204 859 4286 ξηαπς-αραι-
890 4218 1058 4286 ηεαδ,
1088 4198 1348 4286 spiritalis
1379 4196 1881 4286 contemplationis”

1693 4198 1881 4286 ‘3'???“
2150 4211 2459 4286 Φωῖίξεται
2486 4212 2634 4286 ratio
2659 4212 3276 4286 γνωστέκῇςθείιιριας

538 4274 606 4332 In
640 4274 864 4330 sublime
892 4265 1058 4339 elata,
1091 4270 1216 4326 dum
1245 4285 1510 4324 sermones
1541 4265 1667 4322 istos
1698 4265 1900 4339 legerit.

2147 4265 2498 4355 opacam
2526 4265 3344 4354 apost‘c,”.az¢a’sssaxbr
3375 4285 3603 4355 λόγοις.

539 4388 662 4444 108.
704 4388 941 4444 Necesse
974 4394 1060 4442 est
1093 4393 1155 4441 ut
1186 4383 1451 4456 spiritalis
1474 4383 1695 4439 noverit
1720 4382 2049 4456 (γνωστικδν

2225 4403 2333 4468 ρη’.
2399 4396 2722 4465 Ἀναγκαῖον
2753 4395 2953 4451 ειδέναι
3001 4391 3097 4450 τὸν
3136 4396 3465 4466 γνωστικδν,
3517 4397 3655 4451 πότε
3713 4398 3746 4450 6

466 4483 701 4554 vocant)
732 4482 1081 4554 quandonam
1113 4484 1234 4554 ejus
1262 4496 1421 4539 mens
1454 4481 1515 4537 in
1546 4495 1837 4537 sensorum
1879 4478 2049 4535 animi

2157 4464 2476 4554 νοῦς-αὺτοῦ
2520 4464 2601 4553 εἰς
2649 4487 2749 4560 τὴν
2795 4486 2985 4559 χώραν
3032 4464 3478 4561 τῶνήνοημάτων
3536 4489 3694 4543 ἐστίν
3723 4506 3740 4519 ·

467 4595 533 4637 ac
575 4584 987 4648 conceptuum;
1031 4575 1252 4646 quando
1285 4576 1414 4630 item
1462 4575 1519 4631 in
1554 4575 1949 4647 cogitationum
1994 4584 2050 4631 et

2160 4581 2288 4636 πότε
2317 4580 2375 4634 δὲ
2404 4580 2485 4643 εἰς
2531 4580 2631 4651 τὴν
2669 4579 2780 4632 τῶν
2816 4579 3097 4650 λογισμῶν
3122 4597 3136 4611 ·
3189 4583 3284 4635 καὶ⁵
3329 4581 3457 4635 πότε
3507 4583 3594 4645 εἰς
3637 4582 3743 4653 τὴν

469 4672 765 4735 rationum,
800 4683 864 4722 ac
892 4666 1114 4737 quando
1160 4666 1218 4720 in
1263 4680 1461 4720 sensus
1501 4666 1725 4736 regione
1770 4676 2046 4721 versetur.

2159 4672 2275 4727 κατ’
2306 4671 2581 4742 αἴσθησιν.
2615 4672 2726 4727 Καὶ
2755 4672 2815 4725 ὲν
2844 4669 3019 4744 ταύτῃ
3051 4670 3237 4738 πάλιν,
3274 4674 3323 4726 el
3354 4673 3412 4725 ἐν
3446 4674 3564 4736 τοῖς
3592 4676 3742 4727 κατὰ

469 4765 647 4834 Atque
675 4762 731 4817 in
761 4762 868 4817 hac
896 4772 1138 4824 rursum,
1176 4757 1233 4812 in
1273 4756 1415 4813 iisne
1456 4772 1580 4828 quae
1611 4766 1941 4829 Opportuna,
1975 4773 2047 4812 an

2159 4763 2423 4838 καιρδν,ή
2451 4766 2510 4817 ὲν
2545 4765 2660 4828 τοῖς
2692 4762 2843 4835 παρὰ
2875 4764 3069 4835 καιρὸν
3102 4765 3302 4837 μᾶλλον
3323 4763 3663 4836 εὑρίσκεται.
3738 4764 3742 4769 ⁷

470 4857 653 4926 potius
680 4869 803 4925 qua:
841 4853 1156 4922 importuna
1187 4857 1339 4914 sunt,
1377 4847 1712 4905 invenialur.

538 4942 703 5016 653
739 4943 863 5000 109.
900 4942 1156 5007 Animus,
1197 4940 1331 4995 dum
1368 4954 1481 4995 non
1519 4940 1576 4994 in
1609 4941 1790 4997 sensis
1820 4956 1886 4997 ac
1913 4956 2046 4998 con-

2228 4938 2328 5011 ρθ’.
2372 4938 2463 4993 Ἐν
2497 4938 2763 5009 νοήμασιν
2801 4935 2906 4990 οὐκ
2940 4936 3019 4990 ὢν
3066 4938 3095 4990 ὁ
3140 4934 3285 5001 νοῦς,
3333 4937 3392 4989 ὲν
3447 4932 3740 5004 λογισμοῖς

470 5037 753 5109 ceptibus,
795 5034 1023 5091 omnino
1067 5034 1124 5088 in
1164 5032 1596 5106 cogitationibus
1634 5039 1692 5087 et
1734 5032 2046 5089 rationibus

2156 5031 2371 5095 πάντως
2410 5028 2558 5085 ἐστίν
2588 5045 2605 5058 ⁸
2646 5030 2705 5082 ὲν
2732 5028 3014 5100 λογισμοῖς
3046 5027 3104 5080 δὲ
3130 5026 3227 5090 ὢν,
3258 5027 3319 5078 ὲν
3342 5025 3610 5096 νοήμασιν
3632 5026 3739 5078 οὐκ

472 5135 748 5193 versatur,
789 5124 1145 5196 vicissimque
1173 5124 1304 5180 dum
1330 5124 1387 5179 in
1419 5123 1848 5195 cogitationibus
1872 5131 1927 5178 et
1954 5140 2042 5179 ra-

2155 5126 2317 5179 ἑστιν.
2380 5124 2468 5176 Ἕν
2512 5122 2575 5196 δὲ,
2597 5124 2662 5194 τῇ
2697 5120 2949 5193 αἰσθήσει
2971 5120 3258 5193 γενόμενος
3285 5116 3386 5190 (q),
3417 5116 3559 5189 μετὰ
3593 5118 3738 5171 πάνυ

471 5220 743 5286 tionibus;
783 5234 896 5274 non
933 5217 991 5272 in
1029 5216 1210 5273 sensis
1236 5215 1404 5273 animi
1435 5231 1500 5271 ac
1531 5216 1912 5286 conccptibus.
1948 5216 2043 5282 AL,
2150 5235 2258 5271 των
2290 5214 2455 5269 ἐστίν.

470 5311 599 5365 dum
626 5311 679 5365 in
710 5323 899 5373 sensu,
922 5322 1050 5361 cum
1077 5305 1337 5361 omnibus
1363 5312 1634 5363 versatur.

538 5453 582 5484 "
624 5451 766 5506 Psal.
800 5464 921 5515 ειν,
956 5448 1040 5502 17.
1118 5448 1164 5478 ²¹
1198 5448 1369 5503 Exod.
1410 5464 1518 5511 xw,
1554 5449 1638 5501 l9.
1716 5448 1763 5479 ”
1794 5448 1951 5503 Rom.
1986 5464 2098 5514 vui,
2128 5449 2216 5503 26.

543 5588 623 5667 (q)_
659 5589 762 5667 Ἐκ
790 5588 858 5642 δὲ
884 5587 960 5667 τῇ
993 5588 1273 5667 (studiique
1328 5586 1669 5667 τενᾷμενος.
1728 5584 1870 5665 sunt
1913 5585 2031 5640 haec

2146 5584 2452 5667 ςεὶηειερρηοε
2475 5582 2577 5667 illd
2603 5589 2711 5667 θξι.
2734 5596 2824 5661 l‘fis
2847 5580 3194 5661 simpliciter.
3215 5586 3273 5667 et
3304 5592 3432 5632 cum
3470 5579 3729 5667 disclusa

467 5648 627 5726 quasi
655 5648 1015 5729 aenigmatica.
1037 5648 1181 5723 Quid
1208 5656 1281 5710 sit
1311 5648 1551 5729 mentem
1758 5654 1815 5708 in
1839 5670 2028 5729 sensu,
2141 5650 2648 5729 intelligere,_haud
2674 5651 2812 5705 satis
2847 5648 3029 5719 capio,
3084 5650 3201 5729 nisi
3235 5649 3342 5729 boc
3395 5649 3515 5729 vult
3562 5648 3733 5701 Masi-

466 5717 711 5796 dumque
745 5717 800 5780 in
826 5727 921 5782 illo
948 5717 1083 5791 est,w
1099 5734 1155 5783 et
1194 5733 1493 5794 conceptus
1534 5724 1739 5779 habere
1773 5735 1827 5779 et
1856 5726 2029 5780 ratio-
2139 5739 2283 5789 mus,
2319 5717 2720 5792 intelligentem
2738 5717 3022 5790 nunquam
3050 5720 3285 5787 absolvi,
3326 5734 3429 5789 pro
3479 5717 3589 5772 hoc
3622 5728 3737 5773 sta-

1096 5896 1125 5922 ο
