4046 6196
3438 324 3572 388 11⁶ἐθ

2063 449 2177 502 llt).
2223 449 2327 502 Per
2359 447 2529 500 animi
2571 459 2794 500 sensum
2826 451 2990 512 atque
3021 447 3349 508 conceptum
3379 440 3576 492 transit

1992 554 2151 594 mens
2192 522 2260 593 ad
2301 537 2594 608 spiritalia,
2625 545 2681 592 et
2716 551 2801 602 ea,
2833 549 2956 604 qum
2987 532 3079 586 illa
3111 529 3228 584 sola
3257 526 3577 595 intelligun—

303 643 453 712 λόγος
479 614 502 674 ὀ
554 642 692 713 πρὸς
737 641 793 695 δὲ
843 639 944 711 τὴν
970 636 1306 710 πρακτικὴν,
1328 635 1415 689 διά
1445 633 1548 704 τῆς
1579 631 1884 703 φαντασίας

2025 647 2086 684 ur
2118 647 2130 683 ε
2159 645 2260 700 per
2294 628 2777 685 ratiocinationem
2810 639 2942 678 vero
2971 632 3028 678 et
3065 621 3402 680 discursum,
3437 614 3578 668 ratio

305 705 635 806 ἡαὲσοησις.
676 705 682 706 ί
899 705 912 711 ’
1015 705 1025 710 ⁷
1243 705 1252 707 7
1991 721 2062 777 ad
2098 723 2171 778 ea
2213 738 2338 792 quae
2386 722 2676 777 rationalia
2723 719 2824 790 (sic
2863 714 3020 786 quasi
3059 711 3260 768 rationi
3307 705 3577 779 subjecta)

305 838 448 883 sunt.
498 829 788 884 Postremo
829 839 1030 881 sensus
1073 823 1139 878 ad
1184 821 1482 885 actionem,
1531 834 1628 890 per
1667 831 1790 874 eam
1822 816 1934 870 vim
1973 831 2096 886 qua:
2136 815 2403 886 imagines
2433 815 2715 875 informat,
2747 821 2801 866 et
2845 805 3122 880 cogitandi
3162 802 3455 860 facultates
3486 813 3580 852 vo-

309 352 436 428 1425
1473 343 1649 401 ALlA
1689 341 1788 400 EX
1827 338 2067 399 VATlC.
2112 338 2400 397 CAPITA.

368 466 458 531 ρι’.
501 456 601 510 Διὰ
655 456 750 509 τοῦ
797 455 1066 525 νοήματος
1101 452 1200 523 μὲν
1230 453 1257 505 6
1285 449 1410 514 νοῗς
1438 450 1716 520 διέρχεται
1747 448 1882 520 πρὸς
1913 457 1958 510 Α

299 553 359 604 τ).
393 549 562 621 νοητά
593 567 606 582 ο
633 549 726 602 διὰ
752 548 811 601 δὲ
847 546 944 600 τοῦ
981 543 1245 615 λογισμοῦ
1293 543 1430 614 πρὸς
1487 543 1556 595 τὰ
1608 541 1804 610 λογικὰ
1855 541 1884 594 6

305 926 474 972 catur.

369 1009 494 1081 ρια’.
529 1009 625 1072 Εἰς
647 1009 838 1062 ἑαυτὸν
871 1012 900 1063 6
929 1008 1054 1073 νοῦς
1113 1006 1503 1077 συναγόμενος,
1561 1005 1714 1059 οὐδὲν
1763 1003 1886 1058 οὔτε

306 1101 406 1153 τῶν
443 1102 590 1156 κατά
629 1102 721 1154 τὸν
754 1101 1018 1172 λογισμὸν
1073 1100 1310 1171 θεωρείο
1364 1100 1604 1169 γυμνοὺς
1659 1097 1717 1150 δὲ
1762 1097 1891 1159 νόας

309 1195 396 1250 καὶ
425 1193 576 1257 θείας
609 1193 805 1264 αὐγὰς,
844 1193 1146 1265 βλυζούσας
1185 1193 1411 1264 εἰρήνην
1459 1209 1519 1245 τε
1560 1191 1655 1244 καὶ
1706 1191 1886 1260 χάριν.

384 1453 508 1525 ριβ’.
550 1452 713 1506 Ἀλλο
750 1455 778 1507 ό
808 1451 931 1516 νοῦς
963 1451 1058 1505 τοῦ
1101 1451 1449 1523 πράγματος,
1476 1452 1570 1504 καὶ
1594 1450 1726 1504 ἀλλο
1751 1453 1778 1503 6
1810 1451 1895 1505 λό-

319 1564 409 1614 γος
457 1545 623 1602 αὐτοῦ
653 1563 666 1576 °
705 1545 798 1600 καὶ
829 1545 1018 1617 ἓτερον
1055 1543 1116 1596 τὸ
1149 1545 1255 1597 ὑπὸ
1285 1544 1388 1615 τὴν
1415 1543 1666 1612 αἴσθησιν
1693 1543 1895 1612 ἀναγό-

2068 1001 2189 1055 111.
2232 1000 2384 1055 Mens
2415 999 2468 1053 in
2505 998 2740 1069 seipsam
2775 993 3028 1057 collecta,
3057 988 3193 1044 nihil
3225 999 3419 1042 eorum
3449 999 3582 1039 con-

1996 1093 2226 1158 siderat,
2254 1107 2376 1162 qure
2403 1092 2488 1146 vel
2519 1105 2687 1145 sensu
2725 1085 3136 1158 percipiuntur,
3175 1078 3262 1134 vel
3293 1076 3583 1131 ratiocina-

1997 1185 2152 1240 tione
2198 1192 2255 1239 et
2301 1183 2554 1238 discursu
2606 1189 2948 1243 noscuntur;
3003 1175 3100 1229 sed
3147 1170 3326 1225 nudas
3372 1176 3583 1221 mentes

1999 1279 2329 1348 divinosque
2383 1277 2648 1349 fulgores,
2687 1275 2836 1344 large
2881 1286 3070 1342 pacem
3120 1264 3487 1321 seaturicntes
3530 1267 3587 1311 et

1999 1373 2254 1444 gratiam.

2077 1467 2201 1522 “2.
2246 1466 2408 1522 Aliud
2443 1475 2529 1522 est
2566 1465 2644 1520 rei
2691 1463 3028 1524 intellectus,
3070 1454 3220 1510 aliud
3256 1453 3375 1523 ejus
3412 1445 3586 1510 ratio;

2004 1561 2154 1616 aliud
2181 1561 2421 1631 denique
2444 1559 2592 1630 quod
2616 1555 2721 1612 sub
2748 1569 2970 1611 sensum
2995 1547 3298 1605 reducitur.
3321 1541 3588 1601 Primum,

324 1656 501 1710 μενον.
545 1638 655 1692 Καὶ
685 1638 746 1691 τὸ
779 1639 880 1707 μὲν
901 1637 1050 1690 ἔστιν
1076 1636 1239 1691 οὐσία
1265 1654 1277 1668 '
1312 1636 1374 1689 τὸ
1391 1635 1470 1702 δὲ,
1505 1635 1852 1707 συμϐεϐηκός
1881 1652 1894 1666 ·

2025 1655 2310 1710 ιιὼειιιῐιῑίιι
2371 1663 2485 1719 est;
2547 1652 2817 1716 alterum,
2875 1645 3159 1707 accidens;
3213 1644 3588 1710 postremum,

319 1732 374 1784 τὸ
401 1731 481 1796 δὲ,
521 1732 555 1802 ή
587 1730 683 1783 τοῦ
709 1729 1076 1800 ὑποκειμένου
1106 1729 1364 1800 διαφορά.

390 1829 517 1892 ριγί.
571 1821 780 1885 Πολλὰς
820 1821 974 1885 ὁδοὺς
1005 1820 1331 1891 ἀνατέμνων
1365 1821 1394 1873 6
1429 1820 1574 1886 νοῦς,
1607 1820 1902 1892 ἀκόρεστος

319 1917 590 1971 δεὶκνυται
627 1934 640 1947 ·
687 1914 827 1986 πρὸς
884 1915 1015 1986 μίαν
1069 1913 1126 1967 δὲ
1180 1913 1549 1982 συναγόμενος
1586 1913 1688 1983 τῆς
1715 1913 1903 1984 εὐχῆς,

327 2008 428 2080 πρὸ
459 2008 559 2079 τῆς
597 2007 872 2070 ὲντελείας
915 2007 1424 2078 στενοχωρούμενος
1446 2006 1718 2076 φαίνεται,
1742 2005 1906 2059 λιπα-

330 2096 434 2166 ρῶν
492 2096 584 2150 τὸν
637 2095 864 2167 μέτοχον
919 2097 990 2166 (r)
1033 2094 1400 2165 ἀπολυθῆναι,
1437 2094 1574 2166 πρὸς
1606 2095 1678 2147 τά
1705 2095 1802 2163 ἀφ’
1832 2087 1907 2147 ὦν

326 2190 657 2262 ἐξελήλυθεν.

396 2281 515 2355 ριδ’.
557 2283 800 2338 Ἀνωθεν
832 2283 1074 2355 ἠγμένος
1127 2284 1156 2337 6
1211 2281 1360 2347 νοῦς,
1391 2281 1493 2336 οὐκ
1515 2282 1909 2353 ἀναδραμεῖται

327 2371 480 2441 αὖθις
528 2379 729 2439 ἐκεῖσε,
779 2378 828 2430 εἰ
876 2375 953 2447 μὴ
1008 2377 1224 2430 τελείαν
1252 2374 1366 2429 τῶν
1413 2374 1566 2431 κάτω
1613 2377 1910 2448 ποιήσηται

329 2469 732 2540 καταφρόνησιν
755 2467 846 2522 διὰ
874 2469 970 2540 τῆς
1003 2467 1222 2542 περὶτὰ
1255 2468 1379 2524 θεῖα
1417 2468 1637 2539 σχολῆς.

399 2567 519 2632 ριε⁸.
578 2560 646 2614 Εἰ
686 2578 746 2614 τε
789 2560 866 2632 μὴ
911 2561 1012 2630 τὴν
1051 2560 1232 2631 ψυχήν
1267 2575 1363 2614 σου
1391 2559 1526 2632 δύνῃ
1556 2559 1695 2631 μετά
1729 2559 1908 2630 μόνων

327 2656 554 2726 ποιῆσαι
586 2653 696 2707 τῶν
727 2654 858 2725 περὶ
885 2653 1056 2725 αὐτὴν
1077 2651 1380 2724 λογισμῶν,
1410 2651 1514 2707 κᾶν
1531 2653 1594 2707 τὸ
1622 2653 1782 2724 σῶμα
1816 2669 1912 2706 σου

330 2747 587 2820 ,μονάζειν
613 2745 946 2815 ἀνάγκαζον,
971 2746 1075 2816 τὴν
1123 2745 1252 2816 περὶ
1306 2744 1439 2798 αὐτὸ
1489 2744 1783 2817 ἀθλιότητα
1824 2741 1915 2798 διὰ

330 2839 528 2903 παντὸς
546 2837 895 2909 ἐννοούμενος
923 2854 937 2867 ’
968 2837 1111 2891 οὕτω
1146 2837 1256 2908 γὰρ
1280 2836 1357 2908 τῷ
1385 2837 1562 2909 χρόνῳ
1589 2838 1728 2890 ἐλέει
1753 2836 1911 2903 Θεοῦ,

330 2933 427 2988 καὶ
446 2932 582 3004 πρὸς
608 2932 670 2985 τὸ
696 2931 915 3003 πρῶτον
963 2929 1303 3002 ἀναδραμεῖν
1341 2929 1551 3004 δυνήσῃ
1603 2930 1701 3002 τῆς
1751 2931 1915 2999 εὐγε·

327 3027 480 3090 νιίας
517 3025 759 3096 ἀξίωμα.

407 3139 543 3214 ρις’.
598 3140 658 3194 '0
707 3137 808 3209 μὲν
856 3135 1160 3209 πρακτικὸς
1200 3137 1531 3193 ὑποπάσσειν
1562 3135 1801 3202 εὐκόλως
1826 3137 1917 3191 δύο

331 3252 490 3291 ναται
516 3233 609 3287 τὸν
639 3230 764 3286 νοῦν
793 3233 860 3304 τῇ
893 3233 1048 3304 εὐχῇ’
1080 3232 1109 3286 ό
1140 3229 1198 3285 δὲ
1227 3229 1581 3302 θεωρητικὸς,
1617 3229 1718 3301 τὴν
1751 3229 1918 3301 εὐχὴν

330 3328 410 3399 τῷ
433 3328 536 3382 νοΐ.
577 3327 638 3380 '0
680 3325 779 3397 μὲν
807 3324 918 3380 ἀπὸ
938 3324 1048 3378 τῶν
1069 3322 1414 3394 φαινομένων
1444 3321 1750 3377 συστέλλων
1785 3340 1914 3394 σχη-

338 3421 524 3492 μάτων
568 3419 668 3487 τὴν
696 3416 949 3487 αἴσθησιν
970 3430 984 3444 ·
1018 3418 1046 3470 6
1074 3415 1132 3469 δὲ
1168 3415 1266 3487 τὴν
1293 3413 1474 3485 ψυχὴν
1506 3415 1644 3487 πρὸς
1675 3415 1802 3479 τοὺς
1829 3415 1917 3483 ὲγ-

335 3507 756 3579 κεκρυμμένους
783 3507 898 3568 τοῖς
936 3505 1143 3575 ῥήμασι
1165 3504 1356 3570 λόγους
1382 3503 1784 3573 μεταϐιϐάζων.
1810 3504 1921 3557 Καὶ

333 3601 365 3654 6
402 3599 502 3670 μὲν
531 3597 800 3668 σωμάτων
839 3594 1018 3647 πείθει
1049 3594 1238 3662 λόγους
1265 3593 1358 3646 τὸν
1385 3591 1512 3646 νοῦν
1533 3594 1735 3649 ἐννοεῖν
1761 3609 1776 3624 ·
1807 3593 1836 3644 6
1863 3592 1923 3647 δὲ

337 3692 646 3762 ἀσωμάτων
667 3687 973 3742 κατανοεῖν.
1015 3683 1318 3756 Ἀσώματοι
1339 3682 1396 3738 δέ
1423 3685 1531 3738 εισι
1559 3683 1708 3754 λόγοι
1732 3685 1920 3757 σωμά-

337 3799 468 3850 των,
504 3779 767 3852 ἰδιότητές
791 3795 852 3833 τε
881 3778 978 3832 καὶ
1005 3777 1188 3832 οὐσίαι
1221 3775 1424 3831 αὐτῶν.

424 4058 544 4133 ριζ’.
602 4060 774 4113 Ὅταν
826 4057 920 4110 τὸν
968 4055 1094 4110 νοῦν
1120 4073 1214 4110 σου
1244 4057 1343 4127 τῆς
1367 4055 1476 4110 τῶν
1507 4058 1800 4128 σωμάτων,
1833 4059 1928 4112 καὶ

351 4152 675 4224 βρωμάτων,
699 4150 794 4202 καὶ
825 4148 1127 4219 χρημάτων
1157 4147 1492 4217 ἡδυπαθείας
1525 4149 1922 4222 έλευθερὼσῃς,

347 4244 467 4296 τότε
500 4243 594 4295 καὶ
624 4241 760 4310 ὅπερ
800 4239 867 4293 ἂν
909 4241 1107 4302 ποιεῖς,
1158 4237 1332 4310 δῶρον
1390 4239 1633 4310 καθαρὸν
1683 4241 1762 4311 τῷ
1808 4243 1929 4314 Θεῷ

347 4332 728 4403 λογισθήσεται
763 4348 777 4361 ·
814 4330 1224 4402 ἀντιδοθήσεται
1251 4331 1307 4384 δέ
1347 4348 1430 4384 σοι
1459 4331 1555 4385 τοῦ
1589 4331 1928 4405 διανοιγῆναι

2006 1746 2242 1817 subjecti
2278 1743 2609 1800 differentia.

2081 1838 2203 1893 115.
2240 1837 2394 1892 Mens
2437 1836 2628 1907 plures
2662 1832 2840 1887 iniens
2881 1827 3016 1892 vias,
3047 1819 3373 1880 insatiabilis
3415 1811 3597 1870 nosci-

2006 1940 2100 1986 tur
2125 1948 2138 1984 :
2167 1929 2235 1985 ad
2266 1944 2430 1984 unam
2455 1942 2586 1983 vero
2612 1925 2864 1987 collecta,
2897 1934 3018 1990 qua:
3051 1924 3135 1972 est
3159 1909 3446 1974 orationis,
3471 1919 3595 1961 cum

2006 2019 2248 2075 necdum
2277 2026 2439 2073 nacta
2471 2025 2555 2072 est
2583 2012 3001 2086 perfectionem,
3035 2003 3313 2077 angustari
3348 1999 3595 2061 videtur;

2012 2128 2212 2184 rogans
2265 2111 2362 2182 qui
2424 2111 2498 2165 sit
2556 2109 2868 2180 particeps,
2932 2100 2998 2155 ad
3061 2113 3127 2154 ea
3190 2091 3393 2151 dimitti
3453 2086 3599 2143 unde

2010 2207 2239 2261 exierat.
3601 2251 3605 2258 ι

2085 2295 2208 2350 114.
2243 2295 2286 2350 Ε
2334 2293 2475 2349 ccelo
2525 2291 2788 2347 devectus
2839 2285 3079 2353 animus,
3135 2297 3249 2337 non
3299 2293 3366 2334 eo
3409 2285 3603 2329 rursus

2012 2387 2209 2445 evadat
2249 2384 2592 2458 postliminio
2637 2397 2918 2443 reversus,
2944 2378 3054 2433 nisi
3092 2371 3340 2430 vacando
3376 2363 3600 2430 divinis,

2007 2489 2234 2538 terrena
2257 2480 2376 2536 haec
2399 2476 2768 2546 inferioraque
2796 2469 3210 2543 contempserit.

2087 2572 2210 2627 H5.
2252 2570 2347 2627 Sin
2378 2569 2562 2624 minus
2597 2567 2728 2623 licet
2766 2565 2847 2622 sic
2883 2577 3212 2634 componere
3244 2558 3512 2616 animum,
3543 2557 3605 2606 ut

2012 2680 2140 2722 cum
2171 2662 2310 2719 solis
2346 2659 2494 2718 circa
2535 2659 2717 2730 ipsum
2756 2654 3184 2730 cogitationibus
3213 2656 3486 2710 versetur,
3515 2643 3602 2699 vel

2015 2770 2217 2827 corpus
2265 2763 2423 2809 tuum
2476 2751 2785 2808 solitarium
2837 2765 2957 2805 esse
3001 2761 3154 2818 coge,
3194 2757 3316 2799 eam
3361 2753 3484 2810 quae
3524 2733 3603 2789 illi

2014 2845 2229 2920 adiacet
2269 2843 2549 2900 miseriam
2581 2841 2844 2898 continue
2877 2837 3163 2910 cogitans:
3190 2834 3271 2890 sic
3297 2831 3444 2887 enim
3476 2841 3607 2898 pro-

2014 2917 2176 2996 cessu
2218 2937 2505 3007 temporis,
2542 2934 2612 2990 ad
2658 2934 2950 3005 pristinam
2997 2944 3216 3002 quoque
3269 2923 3461 2981 licebit
3509 2917 3605 2975 Dei

1941 3028 1985 3087 (Ξ
2018 3029 2315 3088 clementia
2348 3028 2531 3084 redire
2560 3024 2920 3099 ingenuitatis
2948 3021 3343 3096 praestantiam.

2091 3145 2218 3200 116.
2255 3144 2307 3200 Is
2358 3141 2585 3213 quidem
2643 3141 2738 3212 qui
2794 3138 3010 3195 actione
3062 3133 3404 3205 defungitur,
3450 3127 3608 3184 facile

2021 3245 2264 3294 mentem
2305 3235 2581 3307 subjicere
2630 3242 2814 3305 potest
2854 3229 3126 3296 orationi;
3167 3227 3261 3298 qui
3296 3240 3429 3281 vero
3474 3238 3606 3278 con-

2024 3330 2369 3402 templationi
2401 3327 2610 3391 studet,
2636 3326 2939 3382 orationem
2964 3322 3155 3380 menti.
3183 3320 3336 3376 Alter
3364 3315 3607 3389 quidem,

2023 3423 2404 3482 contrahendo
2439 3437 2660 3478 sensum
2692 3420 2761 3474 ab
2784 3436 2976 3474 eorum
3010 3417 3199 3488 ﬁguris
3220 3431 3342 3487 qua:
3371 3413 3426 3468 in
3456 3426 3609 3481 aspc—

2024 3522 2174 3570 ctum
2208 3515 2446 3578 cadunt;
2481 3512 2622 3567 alter
2654 3527 2811 3576 vero,
2845 3511 3088 3565 animum
3132 3506 3512 3562 transferendo
3540 3500 3608 3556 ad

2025 3607 2267 3661 rationes
2301 3603 2537 3660 latentes
2566 3604 2622 3658 in
2658 3603 2860 3659 verbis.
2886 3601 2965 3657 Ac
2992 3600 3217 3673 quidem
3247 3599 3405 3663 alter,
3441 3594 3607 3651 menti

2026 3706 2221 3754 auctor
2259 3706 2344 3754 est
2385 3705 2448 3753 ut
2485 3712 2783 3768 corporum
2820 3695 3064 3751 rationes
3092 3691 3439 3757 consideret;
3473 3689 3613 3743 alter

2025 3805 2178 3852 vero,
2209 3796 2270 3844 ut
2303 3790 2757 3860 incorporeorum
2791 3787 2952 3860 plene
2985 3785 3275 3857 intelligat.
3315 3781 3454 3838 Sunt
3479 3794 3610 3837 vero

2029 3881 2372 3950 incorporeas
2436 3895 2730 3951 corporum
2792 3879 3066 3945 rationes,
3124 3889 3426 3946 eorumque
3485 3887 3612 3927 cum

2029 3974 2395 4045 proprietates
2423 3982 2537 4028 tum
2564 3974 2840 4031 essential.

2103 4063 2227 4117 117.
2267 4061 2404 4117 Cum
2432 4072 2671 4119 mentem
2703 4073 2851 4118 tuam
2882 4079 2912 4118 a
2943 4075 3237 4133 corporum
3270 4069 3325 4115 et
3363 4058 3611 4113 ciborum

2031 4169 2096 4208 ac
2121 4154 2482 4224 pecuniarum
2512 4155 2821 4227 voluptario
2852 4155 3051 4210 alfectu
3077 4151 3242 4224 654
3277 4168 3340 4206 ac
3383 4148 3613 4204 libidine

2031 4246 2382 4313 liberaveris,
2451 4257 2582 4303 tunc
2627 4248 2896 4319 quidquid
2957 4246 3187 4310 feceris,
3245 4259 3446 4298 munus
3503 4241 3616 4295 Deo

2034 4338 2301 4394 mundum
2357 4340 2724 4411 reputabitur,
2773 4341 3218 4410 retribueturque
3255 4338 3352 4392 tibi
3392 4332 3451 4391 ut
3490 4351 3618 4407 ape-

351 4529 434 4591 _tu,
465 4532 495 4571 a
523 4514 930 4591 phantasmate,
961 4514 1107 4591 quod
1135 4515 1322 4591 sensui
1342 4517 1590 4591 ascribit.
1616 4518 1744 4574 Sive
1769 4521 1917 4574 enim
1953 4524 1994 4576 D
2023 4521 2312 4585 Maximus,
2331 4521 2546 4590 λογικά,
2567 4536 2675 4575 non
2705 4521 2822 4591 ipsa
2855 4519 3069 4575 ratione
3096 4516 3346 4591 pratdita,
3376 4515 3470 4570 sed
3495 4532 3617 4591 quae,

351 4584 639 4668 ipsam—rei
680 4584 1047 4668 quidditatem
1073 4586 1531 4668 intelligat,_quod
1565 4592 1922 4668 νοσοινόημα

325 4657 432 4731 .(id
484 4664 571 4712 est
621 4663 953 4731 conceptum
1003 4657 1207 4731 mentis
1249 4673 1314 4712 ac
1361 4658 1756 4731 intellectum),
1809 4657 1926 4715 sive

352 4725 502 4807 circa
557 4725 871 4807 accidentia
903 4734 959 4780 et
1011 4728 1379 4807 proprietates
1441 4725 1750 4796 discurrat,
1780 4731 1930 4802 quod

350 4799 613 4866 λογισμὸν
661 4797 947 4872 indigetat,
981 4797 1209 4872 omnino
1248 4815 1478 4872 necesse
1500 4809 1605 4872 est,
1649 4810 1712 4855 ut
1756 4797 1933 4872 phan-

354 4867 737 4942 tasma,_quasi
772 4869 969 4942 omnis
991 4869 1128 4942 ejus
1149 4869 1482 4942 cognitionis
1508 4869 1705 4936 basim,
1739 4867 1934 4942 s—pecu-

355 4939 525 5000 letnr,
560 4937 615 4990 in
646 4953 756 5006 quo
780 4946 836 4992 ct
855 4937 1188 5002 accidentia,
1212 4945 1268 4992 et
1287 4939 1405 5007 ipsa
1427 4942 1668 4995 essentia
1711 4937 1821 4998 illis
1845 4945 1931 4996 in-

358 5008 568 5070 voluta,
608 5009 846 5087 eluceat.
879 5007 962 5060 Τὰ
988 5008 1180 5087 λογικὰ
1203 5009 1351 5087 quod
1376 5019 1557 5087 vocat,
1579 5027 1644 5066 ea
1669 5028 1792 5080 qua:
1817 5013 1932 5068 dis-

355 5093 520 5158 cursu
559 5093 648 5158 ac,
679 5079 892 5158 ratione
939 5080 1230 5158 cogitante
1272 5079 1658 5158 intelliguutur
1692 5079 1933 5153 (passive

357 5147 572 5202 scilicet
596 5148 802 5201 utendo
825 5147 916 5219 illa
935 5150 1086 5219 voce)
1105 5149 1270 5218 paulo
1293 5147 1621 5206 insolentius
1641 5147 1742 5208 est.
1763 5153 1934 5208 Atline

360 5226 545 5271 tamen
581 5226 686 5282 est,
737 5218 883 5288 quod
912 5218 1133 5287 λογικὴν
1186 5219 1374 5272 στάσιν
1419 5221 1614 5277 dicunt
1659 5226 1933 5288 rhetores,

356 5295 558 5369 statum
591 5287 932 5369 ralioualent.
959 5289 1360 5369 Quintilianus,
1400 5291 1439 5345 1.
1496 5308 1574 5357 Ill,
1614 5308 1664 5348 c.
1690 5295 1755 5350 5:
1791 5287 1937 5350 Illud

355 5359 681 5440 [antemnas
733 5358 992 5440 fatentur,
1025 5376 1135 5440 esse
1159 5363 1474 5440 quatientes
1504 5372 1597 5440 aut
1623 5366 1679 5418 in
1715 5369 1933 5437 scripto,

359 5437 462 5503 aut
479 5431 535 5482 in
570 5446 675 5503 non
693 5431 917 5503 scripto:
941 5431 1000 5503 iu
1031 5432 1392 5503 scripto,_sunt
1427 5433 1490 5486 de
1521 5435 1680 5503 jure:
1723 5439 1778 5490 in
1824 5431 1937 5490 'mm

357 5500 576 5569 scripto,
610 5499 673 5552 de
702 5517 792 5553 re:
817 5499 951 5553 illud
983 5499 1173 5571 legale,
1233 5501 1327 5554 hoc
1368 5499 1656 5559 rationale.
1705 5507 1937 5562 Herma-

395 5579 710 5645 oras_a_tque
741 5587 868 5645 e_um
901 5572 1076 5645 secuti
1099 5580 1323 5645 vocant,
1347 5575 1570 5636 νομικὸν
1599 5583 1656 5630 et
1699 5577 1934 5645 λογικόν.

388 5650 497 5716 tem
517 5639 902 5716 C_i_cero,Tusc.
1006 5657 1096 5716 ιιι-εΔ
1124 5640 1295 5694 Habes
1347 5659 1411 5716 ea
1451 5660 1572 5713 qua:
1621 5646 1686 5699 de
1723 5639 1937 5716 pertur-

363 5711 661 5786 (rationibus
693 5710 1020 5786 enucleatius
1043 5710 1545 5786 disputautStoici:
1577 5733 1696 5786 qum
1723 5710 1934 5786 ’λογικά

368 5779 662 5852 appellant,
699 5783 822 5853 quia
855 5779 1166 5836 asseruntur
1193 5783 1458 5838 subtilius.
1494 5779 1600 5841 Sic'
1623 5779 1822 5858 itaque
1851 5789 1941 5844 hic

2032 4592 2114 4645 sic
2150 4592 2365 4647 ratione
2406 4585 2827 4662 percipiuntur;
2857 4600 2913 4646 et
2947 4606 3068 4662 qtne
3091 4585 3402 4662 rationalia,
3425 4585 3614 4662 eadem

2031 4675 2158 4716 cum
2189 4657 2578 4718 Graecis-vocis—
2609 4662 2900 4731 ὁμωνυμίᾳ.
2947 4657 3199 4731 cogimur
3240 4657 3614 4731 dicere,qu_od

2032 4748 2142 4787 non
2177 4733 2450 4789 distinctae
2473 4725 2658 4795 voces,
2683 4741 2744 4786 ut
2766 4725 2898 4787 sunt
2925 4731 2986 4783 τὸ
3007 4725 3196 4796 νοητὸν
3225 4736 3282 4781 et
3317 4725 3380 4778 τὸ
3412 4727 3599 4795 νοερὸν

2032 4803 2135 4858 etsi
2162 4820 2265 4859 nec
2294 4804 2347 4858 in
2386 4803 2497 4858 illis
2543 4811 2803 4856 auctores
2846 4802 2980 4855 satis
3023 4797 3266 4854 accurati
3297 4805 3446 4859 sunt,
3494 4812 3615 4859 nec,

2034 4891 2158 4928 raro
2191 4889 2385 4928 eorum
2412 4873 2716 4944 significata
2734 4871 3095 4944 confundant,
3123 4882 3187 4921 ac
3225 4866 3373 4936 quod
3399 4866 3613 4936 passive

2035 4953 2215 5010 sonat,
2241 4945 2420 4999 active
2445 4941 2740 5013 accipiant,
2781 4941 3158 5013 vicissimque.

2107 5007 2518 5086 (ι’)’Λιπαρῶν
2566 5007 2993 5086 τὸνᾲμέτοχον.
3028 5007 3294 5086 Placebat
3347 5007 3524 5086 magis
3551 5020 3617 5086 ⁸ιιι

2033 5077 2183 5141 esset
2235 5085 2329 5138 τὸν
2369 5077 2891 5154 κάτοχονηῐὶὸεζίιιιέ
2921 5097 3069 5143 eum,
3108 5079 3202 5154 qui
3244 5077 3330 5131 vir
3354 5077 3646 5147 spiritalis~

2036 5155 2128 5219 sit,
2163 5156 2366 5222 ἔνθεος,
2401 5151 2608 5225 plenus.
2631 5153 2841 5225 Spiritu
2890 5167 2953 5206 ac
3003 5151 3257 5225 oratione
3298 5157 3618 5225 provectus,

2038 5218 2270 5298 ejusque
2327 5218 2528 5281 nactus
2553 5218 3217 5298 perfectiotienrtguique
3269 5218 3408 5298 adeo
3435 5219 3618 5298 quiete

2040 5289 2096 5351 in
2122 5289 2214 5351 illa
2248 5295 2506 5361 fruatur;
2534 5289 2648 5365 pra:
2669 5289 3527 5365 laboris_scilicet__impatientia,
3561 5297 3623 5365 ut

2039 5366 2096 5420 in
2132 5367 2258 5421 aliis
2313 5367 2394 5422 sic
2438 5357 2723 5435 dissipatis
2763 5363 2993 5435 (actioni
3048 5357 3260 5435 scilicet
3312 5357 3620 5435 addictum)

2039 5438 2244 5492 morari
2272 5437 2422 5491 sinat
2448 5454 2462 5490 :
2494 5453 2559 5490 ac
2581 5429 2944 5497 velmaxime,
2967 5432 3116 5502 quod
3139 5444 3339 5502 ea_vox
3368 5429 3570 5502 κάτοχο
3592 5450 3620 5489 -,

2040 5499 3001 5588 etiam.activamnsigniﬁcationem'
3045 5499 3393 5588 quandoque
3428 5499 3623 5588 admit-

2041 5586 2139 5632 tat.
2176 5577 2268 5632 Sic
2294 5577 2441 5631 enim
2477 5577 2566 5631 ille
2581 5569 2645 5630 in
2678 5573 2948 5630 orationis
2963 5569 3230 5627 exercitio
3280 5569 3625 5624 detinentem

2043 5649 2262 5703 Patrem
2301 5647 2634 5716 spiritalem,
2663 5646 2734 5700 ab
2761 5661 2825 5700 ea
2859 5644 3165 5709 dimittere,
3213 5641 3296 5697 sic
3341 5640 3499 5710 quasi
3536 5649 3626 5694 ue-

2042 5719 2136 5776 dio
2161 5719 2344 5774 victus
2370 5731 2643 5788 propenso
2671 5725 2845 5788 roget.
