4046 6196
492 421 511 488 1
525 425 621 490 127

1655 419 1717 484 S.
1761 421 2045 482 MAXlMI
2087 417 2593 480 CONFESSORIS

3627 418 3760 484 1128

489 534 701 587 riantur
733 533 878 586 ocult
919 529 1105 586 cordis
1143 531 1244 598 tui,
1278 540 1334 586 et
1366 541 1427 587 ut
1455 532 1512 586 in
1547 533 1640 587 Dei
1675 532 1888 602 legibus
1919 531 1974 584 in
2007 545 2076 584 eo

2186 531 2306 593 τοὺς
2339 531 2440 600 τῆς
2468 530 2700 601 καρδίας
2737 549 2835 586 ¹σου
2866 517 3202 604 ὀφθαλμοὺς,
3238 533 3334 588 καὶ
3359 533 3574 606 τρανῶς
3599 535 3764 603 ἐμμε-

491 623 722 678 occultis
771 623 917 677 clare
971 622 1284 688 mediteris;
1343 639 1464 693 quae
1502 623 1726 694 quidem
1767 639 1936 693 super
1970 623 2077 676 mel

488 724 546 767 et
579 713 762 767 favum
815 713 1050 783 spiritali
1097 715 1309 785 gutturi
1355 723 1450 769 tuo
1488 715 1828 770 videbuntur
1863 717 1930 781 “,
1966 730 2079 786 prae

491 807 785 864 dulcedine
812 823 936 877 quae
965 822 1034 862 ex
1066 807 1175 862 illis
1209 807 1561 863 diffunditur.

559 898 682 952 ll8.
728 889 868 953 Fieri
902 915 1012 952 non
1043 907 1224 968 potest
1259 909 1321 953 ut
1346 913 1639 968 corporum
1685 897 2075 968 pecuniarum-

490 1007 599 1060 que
634 1007 698 1046 ac
728 992 1166 1048 necessariorum
1192 992 1442 1047 ciborum
1477 990 1781 1062 cupiditate
1823 989 2078 1060 superio-

492 1099 606 1138 rem
637 1083 842 1140 elﬁeias
871 1085 1136 1150 animum,
1165 1084 1270 1140 nisi
1297 1085 1352 1140 in
1392 1084 1652 1140 mundam
1681 1084 1957 1154 justorum
1989 1097 2078 1137 re-

491 1175 708 1246 gionem
741 1193 867 1231 eum
903 1175 1207 1238 induxeris.
1245 1177 1302 1230 in
1335 1192 1441 1246 qua
1477 1175 1573 1229 Dei
1616 1175 1920 1244 mortisque
1968 1188 2081 1228 me-

492 1266 667 1321 moria
695 1269 1202 1340 supergerminans,
1233 1284 1457 1339 germen
1492 1283 1654 1323 omne
1689 1265 1769 1322 rei
1799 1265 2081 1322 desidera-

493 1357 619 1414 bilis
648 1376 678 1415 e
707 1369 927 1416 terreno
952 1361 1118 1416 corde
1142 1361 1368 1417 delebit.

569 1454 691 1510 119.
733 1454 923 1510 Mortis
965 1455 1297 1525 cogitatione
1339 1455 1478 1510 nihil
1524 1453 1938 1509 formidolosius
1974 1461 2079 1519 est,

493 1559 598 1601 nec
644 1546 738 1601 Dei
787 1546 1050 1602 memoria
1095 1547 1398 1618 quidquam
1448 1546 1851 1602 admirabilius.
1896 1545 2082 1600 Altera

492 1637 738 1706 quidem,
767 1639 1064 1694 salutarem
1091 1638 1368 1694 tristitiam
1400 1649 1659 1709 prwstare
1688 1639 1879 1704 habet;
1910 1640 2083 1693 altera

495 1729 739 1783 tribuere
781 1729 982 1785 mentis
1033 1731 1300 1786 itctitiam.
1333 1731 1426 1784 Ait
1467 1730 1616 1784 enim
1647 1730 1944 1800 Propheta,
1974 1729 2084 1784 Me-

495 1835 612 1872 mor
640 1819 717 1889 fui
750 1818 863 1884 Dei,
900 1829 948 1874 et
981 1820 1269 1875 delectatus
1306 1837 1424 1875 sum
1449 1821 1516 1875 ’⁵.
1553 1820 1784 1891 Sapiens
1815 1836 2035 1891 quoque
2065 1837 2079 1874 :

494 1909 795 1965 Memorare
835 1911 1116 1966 novissima
1161 1921 1274 1976 tua,
1342 1921 1390 1966 et
1422 1929 1526 1966 non
1571 1913 1804 1982 peccabis
1835 1913 1902 1967 “.
1938 1911 2084 1968 Fieri

495 2001 642 2056 enim
687 2018 796 2057 non
843 2011 1044 2073 potest,
1088 2014 1148 2060 ut
1196 2005 1322 2074 quis
1370 2008 1600 2060 alterum
1647 2006 1916 2071 obtineat,
1947 2005 2083 2076 quin

497 2094 705 2164 prioris
737 2095 1098 2150 acerbitatem
1125 2096 1246 2166 ejus
1275 2096 1394 2166 ipso
1422 2096 1670 2166 periculo
1703 2096 1940 2151 noverit.

567 2186 692 2240 19.0.
733 2186 918 2242 Donec
966 2203 1124 2242 mens
1171 2188 1410 2243 revelata
1458 2188 1597 2244 faeie
1639 2187 1735 2242 Dei
1778 2187 2084 2242 claritatem

497 2280 784 2349 conspexit
819 2281 884 2344 ’⁷,
921 2296 1032 2335 non
1080 2289 1263 2351 potest
1312 2281 1531 2337 animus
1575 2279 1761 2336 dicere
1815 2280 1871 2334 in
1919 2295 2085 2334 sensu

497 2386 601 2426 suo
634 2372 647 2426 ὲ
686 2372 800 2444 Ego
841 2389 962 2427 vero
1011 2373 1310 2428 delectabar
1355 2374 1411 2427 in
1454 2372 1681 2427 Domino
1711 2373 1778 2436 ’⁸,
1812 2371 2086 2426 exsultatio

495 2461 553 2514 in
584 2461 819 2516 salutari
849 2464 964 2534 ejus
993 2465 1060 2517 ’⁸.
1093 2463 1351 2519 Velamen
1385 2464 1536 2519 enim
1573 2464 1700 2518 caici
1744 2480 1808 2519 ac
1850 2464 2089 2520 carnalis

496 2553 704 2608 amoris
739 2569 907 2625 super
955 2571 1052 2611 eor
1096 2557 1218 2626 ejus
1261 2557 1500 2626 positum
1544 2566 1650 2622 est,
1684 2567 1746 2611 ut
1777 2573 1889 2612 non
1928 2572 2086 2612 reve-

497 2646 686 2703 lentur
727 2650 781 2705 ei
829 2649 1186 2706 fundamenta
1227 2651 1379 2706 orbis
1419 2661 1580 2707 terra:
1613 2651 1838 2724 '(rerum
1880 2652 2090 2708 scilicet

499 2739 848 2795 conditarum
879 2740 1166 2810 rationes),
1203 2757 1306 2798 nec
1333 2741 1403 2796 ab
1426 2740 1525 2796 illo
1562 2742 1845 2798 auferetur
1879 2742 2088 2812 absque

499 2832 786 2889 laboribus
810 2841 1005 2904 sponte
1035 2835 1333 2905 assumptis
1363 2841 1528 2905 atque
1557 2835 1867 2892 extrinseeo
1893 2841 2088 2906 agente

501 2924 691 2980 illatis.

574 3017 698 3071 12L
733 3016 851 3072 Non
895 3027 1020 3086 post
1045 3017 1228 3088 fugam
1253 3031 1320 3071 ex
1352 3013 1587 3088 Egypt!)
1621 3016 1768 3086 (post
1800 3025 2088 3087 peccatum

502 3106 715 3162 scilicet
756 3107 900 3177 quod
945 3116 1070 3161 actu
1119 3104 1512 3177 perpetratur),
1558 3122 1737 3176 neque
1777 3116 1900 3176 post
1925 3108 2092 3166 maris

503 3199 796 3254 transitum
851 3198 1138 3271 (libidinis
1187 3210 1501 3271 superatam
1536 3201 1938 3270 servitutem);
1994 3203 2090 3258 sed

2182 620 2339 691 λετᾷν
2379 623 2492 684 τοῖς
2531 623 3011 696 ἐγκεκρυμμένοις
3041 625 3099 678 ἐν
3123 625 3264 697 αὐτῇ
3302 625 3490 696 νόμοις
3514 623 3667 686 Θεοῦ,
3696 625 3765 676 οῖ·

2179 729 2324 777 τινες
2356 713 2497 783 ὑπὲρ
2529 713 2654 782 μέλι
2679 714 2776 766 κα)⁸
2807 715 3002 786 κηρίον
3041 715 3118 786 τῷ
3152 714 3331 785 νοητῷ
3377 731 3472 768 σου
3511 712 3764 782 λογισθή-

2181 826 2363 863 σονται
2390 807 2652 879 λάρυγγι,
2674 813 2741 882 τῇ
2774 811 2870 864 ἀπ’
2899 811 3081 866 αὐτῶν
3107 810 3427 882 ἐκδιδομένη
3451 809 3696 881 ήδύτητι.

2257 907 2381 972 ριη’.
2424 901 2500 953 Οὐ
2522 901 2733 974 δυνήσῃ
2773 901 3046 972 σωμάτων
3075 904 3170 956 καὶ
3202 902 3527 973 χρημάτων,
3553 901 3644 953 καὶ
3671 901 3768 969 τῆς

2179 995 2288 1046 τῶν
2347 991 2665 1062 ἀναγκαίων
2731 993 3042 1065 βρωμάτων
3109 994 3410 1066 ἐπιθυμίας
3468 995 3768 1064 ὑπέρτερον

2182 1084 2409 1155 ποιῆσαι
2441 1084 2534 1137 τὸν
2583 1083 2728 1150 νοῦν,
2763 1086 2811 1138 εί
2841 1086 2915 1156 μή
2946 1087 3004 1140 ἐν
3036 1088 3101 1158 τῇ
3141 1085 3364 1157 καθαρᾷ
3398 1087 3508 1140 τῶν
3547 1084 3771 1138 δικαίων

2182 1175 2337 1248 χώρα
2367 1176 2590 1249 είσάξης
2623 1177 2789 1232 αὐτόν
2819 1195 2834 1209 ο
2880 1178 3002 1233 καθ’
3056 1181 3144 1250 ἣν,
3197 1181 3232 1250 ἦ
3279 1196 3340 1232 τε
3392 1178 3487 1232 τοῦ
3540 1178 3770 1232 Θανάτου

2183 1272 2278 1324 καὶ
2301 1272 2335 1340 ή
2361 1271 2457 1324 τοῦ
2483 1270 2621 1324 Θεοῦ
2647 1271 2838 1342 μνήμη
2869 1271 3425 1342 ἐπαναὸλαστήσασα,
3453 1271 3562 1324 ἀπὸ
3579 1271 3771 1341 γηῖνης

2183 1362 2413 1434 καρδίας
2441 1362 2737 1432 ἀπαλείφει
2768 1364 2876 1416 πᾶν
2907 1363 3168 1432 ὲνθυμίου
3199 1363 3508 1434 ἀνάστημα.

2257 1453 2380 1527 ριθ’.
2438 1457 2605 1510 Οὐδὲν
2656 1455 2780 1510 οὔτε
2841 1456 3053 1520 ἐννοίας
3095 1457 3329 1510 θανάτου
3373 1454 3771 1527 φοϐερώτερον,

2183 1543 2310 1598 οὔτε
2352 1545 2490 1600 Θεοῦ
2527 1546 2751 1617 μνήμης
2780 1545 3251 1617 θαυμασιώτερον.
3299 1546 3362 1600 Ἦ
3393 1547 3492 1615 μὲν
3519 1547 3625 1613 γάρ
3660 1547 3773 1597 ἐστι

2185 1635 2365 1710 λύπης
2417 1637 2797 1709 σωτηριώδους
2846 1640 3156 1708 παρεκτική
3196 1657 3209 1669 ·
3254 1640 3286 1708 ή
3325 1637 3402 1700 δὲ,
3433 1637 3773 1707 εῦφροσῦ-νης

2183 1730 2504 1801 χαριστική.
2567 1729 2913 1798 Ἑμνήσθην
2965 1730 3095 1800 γάρ,
3158 1731 3326 1798 φησὶν
3372 1732 3400 1782 ὁ
3459 1731 3770 1799 Προφήτης,

2186 1821 2294 1876 τοῦ
2333 1821 2505 1883 Θεοῦ,
2546 1821 2644 1874 καὶ
2687 1818 3066 1888 ηὐφράνθην.
3105 1819 3218 1872 Καὶ
3254 1821 3282 1872 ὁ
3309 1818 3517 1886 Σοφός⁶
3548 1819 3774 1886 Μιμνή-

2115 1891 2158 1946 Β
2189 1927 2350 1968 σκου
2384 1912 2456 1966 τὰ
2490 1909 2724 1980 ἐσχατά
2755 1926 2898 1975 σου,
2934 1911 3031 1964 καί
3077 1913 3194 1979 οὺχ
3222 1909 3771 1980 άμαρτήσεις.“Δδύη

2189 2022 2349 2059 νατον
2374 2005 2485 2074 γάρ
2514 2021 2635 2058 τινα
2659 2002 2754 2057 τοῦ
2781 2003 3038 2072 δευτέρου
3067 2005 3124 2055 ὲν
3146 2003 3478 2071 κατασχέσει
3502 2001 3772 2070 γενέσθαι,

2195 2097 2271 2169 μὴ
2303 2099 2501 2168 πεῖραν
2525 2096 2624 2166 τῆς
2657 2095 2752 2149 τοῦ
2780 2094 3051 2165 προτέρου
3084 2094 3321 2148 λαϐόντα
3351 2094 3707 2165 στυφότητος.

2267 2187 2370 2260 ρκ’.
2397 2188 2546 2251 Ἕως
2583 2189 2650 2242 ἂν
2670 2189 2767 2260 τὴν
2796 2186 2891 2241 τοῦ
2915 2186 3052 2240 Θεοῦ
3078 2187 3237 2252 δόξαν
3271 2187 3776 2257 ἀνακεκαλυμμένῳ

2193 2281 2476 2354 προσώπῳ
2500 2283 2602 2334 οὐκ
2633 2282 2720 2355 ἴδῃ
2747 2284 2775 2335 ὁ
2802 2281 2950 2344 νοῦς,
2991 2282 3053 2335 οὐ
3099 2281 3320 2334 δύναται
3351 2281 3383 2349 ή
3421 2281 3568 2351 ψυχὴ
3600 2279 3776 2347 λέγειν

2193 2377 2252 2427 ἐν
2280 2374 2534 2445 αἰσθήσει
2563 2375 2734 2445 αὐτῆς
2767 2390 2782 2404 ·
2820 2372 2964 2445 Ἐγὼ
2984 2374 3055 2427 δὲ
3071 2373 3168 2426 ἐπὶ
3190 2371 3272 2437 τῷ
3294 2374 3495 2440 Κυρίῳ
3522 2371 3776 2440 τερφθῆ-

2193 2481 2378 2536 σομαι
2412 2481 2426 2495 ⁸
2466 2464 2914 2536 ἁγαλλιάσομαι
2964 2464 3065 2518 ἐπὶ
3115 2461 3196 2528 τῷ
3239 2463 3511 2530 σωτηρίῳ
3570 2461 3775 2516 αὐτοῦ.

2195 2556 2478 2628 Κάλυμμα
2506 2555 2616 2627 γάρ
2642 2558 2820 2609 κεῖται
2848 2554 3031 2624 τὸτῆς
3061 2554 3346 2622 φιλαυτίας
3382 2553 3480 2605 ἐπὶ
3507 2553 3610 2623 τὴν
3645 2570 3781 2625 καρ·

2193 2648 2312 2702 δίαν
2343 2647 2539 2718 αὐτῆς,
2589 2647 2726 2718 πρὸς
2766 2646 2828 2699 τὸ
2883 2645 2959 2717 μή
3015 2643 3470 2714 ἀνακαλυφθῆναι
3525 2644 3666 2715 αὐτῇ
3716 2644 3779 2696 τὰ

2195 2741 2428 2812 θεμέλια
2459 2739 2561 2809 τῆς
2593 2740 2943 2810 οἰκουμένης,
2975 2738 3137 2793 amat
3173 2739 3314 2790 εἰσιν
3359 2736 3414 2801 ,οἱ
3465 2735 3616 2804 λόγοι
3676 2734 3782 2788 τῶν

2195 2832 2521 2901 γεγονότων,
2567 2831 2705 2902 ὅπερ
2741 2831 2801 2896 ἐξ
2840 2829 3013 2899 αὐτῆς
3061 2829 3124 2882 οὑ
3174 2829 3570 2900 περιαιρεῖται,
3627 2828 3784 2880 ἑκου-

2197 2922 2330 2978 σίων
2355 2922 2532 2976 πόνων
2565 2921 2658 2976 καὶ
2689 2920 2963 2975 ἀκουσίων
2983 2919 3172 2990 χωρίς.

2275 3034 2418 3098 ρκαν.
2495 3028 2571 3080 Οὐ
2621 3029 2761 3096 μετά
2807 3026 2906 3095 τὴν
2967 3025 3028 3088 ἐξ
3079 3023 3361 3092 Αἰγύπτου
3413 3024 3617 3093 φυγήνο
3665 3025 3783 3094 ἥτις

2198 3119 2348 3171 ἐστὶν
2397 3119 2432 3189 ή
2473 3115 2594 3171 κατ’
2649 3115 2934 3187 ἐνέργειαν
2989 3115 3237 3186 ἁμαρτία
3266 3130 3281 3144 ·
3337 3113 3459 3166 οὐδὲ
3507 3113 3648 3184 μετά
3690 3112 3780 3184 τὴν

2199 3209 2475 3280 Θαλάσσης
2512 3207 2786 3271 διάϐασιν,
2829 3208 2928 3277 τῆς
2959 3207 3100 3261 κατά
3131 3206 3316 3277 σχέσιν
3339 3205 3485 3270 λέγω
3519 3205 3778 3268 δουλείαςο

504 3303 624 3363 post
663 3308 872 3347 moram
911 3293 968 3347 in
1019 3291 1260 3358 deserto,
1291 3309 1414 3363 qua
1465 3294 1730 3350 videlicet
1761 3295 1905 3349 inter
1937 3292 2085 3348 mali-

2196 3301 2332 3354 ἀλλὰ
2359 3301 2497 3370 μετά
2521 3299 2619 3371 τὴν
2645 3302 2702 3353 ἐν
2723 3300 2918 3371 ἐρήμῳ
2939 3298 3241 3370 διατριϐὴν,
3273 3297 3480 3368 μεταξὺ
3525 3297 3777 3366 κειμένην

507 3383 597 3440 tia:
619 3384 850 3440 ellectus
879 3395 1170 3455 motusque
1213 3385 1395 3439 media
1437 3385 1775 3452 intercedat,
1811 3386 2095 3441 lsraelitici

507 3476 696 3548 populi
744 3476 964 3532 ductori
1009 3491 1336 3532 concessum
1378 3478 1668 3548 explorare
1720 3487 1922 3534 terram
1963 3493 2094 3548 pro-

507 3570 732 3625 missam
758 3569 802 3602 ³⁰
838 3568 1297 3641 (tranquilliSsimi
1339 3570 1509 3624 animi
1551 3580 1754 3644 statum
1797 3587 1860 3626 ac
1897 3571 2096 3642 imper-

513 3662 926 3735 turbationem),
950 3661 1114 3718 missa
1145 3661 1196 3716 in
1231 3674 1352 3717 eam
1393 3677 1510 3718 rem
1559 3664 1859 3736 aspectrice
1894 3664 2096 3719 virtute

2195 3394 2587 3463 ἐνεργημάτων
2639 3392 2734 3446 καὶ
2764 3391 3085 3461 κινημάτων
3128 3391 3345 3454 κακίας,
3413 3388 3513 3441 τοῦ
3572 3387 3768 3458 Ἰσραὴλ

2193 3487 2222 3539 ὁ
2265 3481 2598 3556 δημαγωγὸς
2638 3483 2704 3554 (s)
2745 3486 3117 3537 κατασκοπεῖν
3154 3484 3382 3537 δύναται
3419 3482 3523 3550 τὴν
3556 3480 3657 3549 γῆν
3685 3479 3776 3548 τῆς

2195 3572 2553 3640 ἐπαγγελίας,
2622 3572 2746 3642 ἥτις
2799 3571 2950 3624 ἐστὶν
2998 3573 3031 3642 ή
3089 3570 3356 3634 ἀπάθεια,
3405 3567 3506 3638 τήν
3554 3567 3783 3637 ὀπτικήν

2197 3659 2545 3714 ἀποστέλλων
2577 3660 2672 3712 καὶ
2694 3657 2998 3730 ἐποπτικήν
3025 3657 3192 3712 αὐτοῦ
3217 3656 3466 3728 δύναμιν.

510 3770 609 3810 sua
644 3772 708 3811 ac
733 3755 924 3826 procul
958 3755 1286 3826 inspectrice
1313 3755 1378 3810 ³¹.

584 3847 686 3901 122
741 3847 806 3902 Hi
841 3847 934 3918 qui
964 3847 1021 3901 in
1053 3845 1274 3901 deserto
1311 3845 1526 3910 sedent,
1554 3845 1650 3917 qui
1680 3847 1891 3903 scilicet
1919 3863 1949 3902 a
1980 3861 2085 3902 ma-

2274 3845 2413 3923 pxﬂ’.
2455 3851 2518 3904 Οἰ
2552 3851 2650 3922 μὲν
2684 3851 2744 3902 ἐν
2783 3853 2850 3922 τῇ
2896 3849 3092 3922 ἐρήμῳ
3131 3848 3456 3918 καθήμενοι,
3483 3844 3786 3906 τουτέστιν,

511 3939 581 3996 lis
622 3941 896 4005 otiantur,
945 3940 1138 3996 auditu
1189 3942 1308 3998 solo
1349 3942 1522 3996 beatae
1568 3940 1720 3995 illius
1759 3949 1917 3995 terrae
1955 3940 2085 3996 bon:

2201 3944 2260 3995 ἐν
2305 3943 2373 4012 τῇ
2427 3939 2535 3994 τῶν
2590 3937 2779 3992 κακῶν
2831 3936 3225 4007 ἀνενεργησίᾳ,
3289 3937 3426 4005 ἀκοῇ
3488 3934 3628 4004 μόνῃ
3693 3932 3787 4002 τῆς

514 4039 900 4101 perceperunt.
933 4029 1037 4096 Qui
1073 4045 1204 4085 vero
1236 4029 1402 4085 etiam
1445 4029 1823 4100 exploratores
1854 4028 2085 4085 fuerunt.

2205 4030 2482 4104 μακαρίας
2511 4030 2727 4100 ἐκείνης
2766 4032 2869 4100 γῆς
2918 4029 2990 4082 τά
3036 4028 3355 4098 ἀγαθά....
3405 4029 3454 4079 οἱ
3503 4026 3560 4079 δὲ
3607 4027 3681 4079 τά
3735 4028 3792 4079 ἐν

513 4123 570 4178 hi
620 4122 884 4177 nimirum
930 4138 1018 4178 res
1062 4123 1208 4193 ipsas
1245 4120 1424 4178 oculis
1467 4120 1804 4191 usurpando,
1840 4121 2085 4179 subtilius

2203 4123 2391 4195 ἐκείνῃ
2426 4123 2976 4191 κατασκοπήσαντες,
3003 4122 3062 4174 ἐν
3102 4120 3354 4192 περινοίᾳ
3394 4119 3634 4188 δηλονότι
3686 4118 3791 4188 ψυ-

514 4215 700 4271 animo
751 4215 1176 4270 intellexerunt.
1219 4213 1285 4269 At
1321 4213 1415 4285 qui
1459 4211 1518 4267 in
1558 4228 1679 4268 eam
1729 4213 1940 4284 ingredi
1989 4229 2085 4268 tne-

2201 4213 2304 4288 Χῆς
2339 4214 2448 4268 τῶν
2498 4213 2792 4284 ὁρωμένων
2822 4212 3058 4284 θεωρίας
3111 4212 3392 4282 γεγόνασι.
3439 4213 3503 4264 Οἱ
3555 4211 3609 4264 δὲ
3648 4227 3790 4263 κατ-

517 4313 772 4371 ruerunt,
805 4314 918 4360 toto
954 4321 1120 4360 sensu
1161 4320 1228 4359 ex
1267 4311 1330 4360 ea
1373 4302 1673 4359 fluentibus
1710 4303 1764 4358 in
1797 4305 1956 4359 lactis
1990 4320 2085 4358 mo

2206 4300 2530 4372 ἀξιωθέντες
2589 4304 2647 4355 ἐν
2700 4302 2839 4373 αὐτῇ
2919 4302 3216 4364 εἰσελθεῖν,
3276 4301 3373 4372 ὅλῃ
3423 4304 3489 4372 τῇ
3540 4301 3793 4371 αἰσθήσει

519 4417 634 4454 rem
679 4416 744 4455 ac
789 4399 969 4455 mellis
1003 4399 1202 4471 (prima
1246 4400 1459 4455 scilicet
1492 4407 1548 4454 et
1581 4398 1821 4454 secunda
1861 4408 2085 4454 eontem-

2205 4395 2316 4448 τῶν
2362 4392 2423 4458 ἐξ
2459 4393 2630 4462 αὐτῆς
2672 4391 3058 4464 ἀπορρεόντων
3091 4392 3167 4456 ὡς
3209 4392 3351 4460 γάλα
3384 4394 3480 4446 καὶ
3517 4392 3664 4462 μέλι,
3696 4391 3796 4458 τῆς

519 4491 781 4564 platione)
811 4492 1119 4548 rationibus
1150 4493 1379 4548 saturati
1419 4499 1548 4547 sunt
1573 4491 1639 4544 ³³.

2208 4485 2434 4557 πρώτης
2483 4485 2628 4555 φημὶ
2675 4485 2772 4537 καὶ
2839 4485 3105 4555 δευτέρας
3164 4483 3400 4554 θεωρίας
3461 4484 3559 4554 (ι),
3617 4483 3795 4550 λόγων

2211 4577 2634 4634 ἐνεφορήθησαν.
3364 4615 3368 4618 -

587 4668 751 4743 655
799 4671 923 4725 125.
959 4669 1212 4725 Nondum
1253 4685 1377 4725 cum
1415 4669 1637 4726 Christo
1667 4667 1966 4725 cruciﬁxus
2000 4677 2085 4724 est

2211 4579 2634 4649 ἐνεφορήθησαν.
3364 4615 3368 4618 .

2282 4677 2420 4743 ρκγ’.
2469 4668 2638 4724 Οὔπω
2667 4667 3084 4740 συνεσταυρώθη
3117 4667 3362 4739 Χριστῷ,
3393 4669 3421 4721 ὁ
3443 4667 3524 4720 ἔτι
3554 4666 3799 4735 φυσικάς

521 4765 615 4834 qui
645 4763 924 4818 naturales
949 4764 1134 4818 carnis
1162 4761 1345 4817 adhuc
1377 4771 1560 4817 motus
1597 4761 1764 4817 habet
1796 4777 1809 4814 :
1842 4776 1944 4816 nec
1985 4775 2085 4816 cun

2211 4759 2457 4828 κινήσεις
2495 4755 2634 4827 ἔχων
2685 4757 2922 4828 σαρκός·
2969 4757 3094 4810 οὐδέ
3135 4757 3439 4827 συνετάφη,
3491 4759 3520 4811 ὀ
3549 4757 3802 4825 ψυχικὰς

525 4857 616 4919 illo
642 4857 890 4928 sepultus
917 4865 1020 4922 est,
1048 4857 1140 4926 qui
1171 4855 1339 4911 animi
1368 4855 1646 4910 desideria
1685 4870 1750 4911 ac
1781 4851 2083 4923 cupiditate

2213 4850 2546 4922 ἐνθυμήσεις
2591 4849 3018 4921 ἐπισυρόμενος·
3058 4849 3178 4912 πῶς
3211 4844 3306 4903 οὗν
3342 4851 3656 4918 συναναστῇ
3696 4848 3802 4900 αὺ-

599 5021 644 5052 “
675 5019 817 5073 Psal.
845 5035 996 5082 ιιι-ιιι,
1018 5018 1104 5072 11.

1182 5019 1226 5050 ²⁸
1247 5017 1388 5072 Psal.
1411 5030 1588 5075 Lxxvt,
1615 5013 1670 5066 4.
1750 5009 1794 5042 ’⁸
1812 5011 1992 5065 Eccle.
2012 5027 2084 5064 vu

2186 5019 2210 5064 ν.
2288 5010 2330 5043 ’⁷
2361 5009 2400 5063 ll
2424 5007 2552 5063 Cor.
2581 5023 2635 5061 ιιι
2666 5007 2751 5060 18.
2831 5007 2876 5038 ’⁸
2893 5007 3036 5062 Psal.
3058 5023 3169 5072 cm,
3190 5006 3280 5062 54.
3357 5007 3403 5038 ¹⁹
3425 5007 3568 5062 Psal.
3591 5023 3670 5073 ιι,
3708 5007 3799 5063 16.

538 5091 582 5123 ³⁸
617 5087 775 5146 Deut.
815 5106 871 5154 ll,
900 5090 990 5156 26;
1015 5089 1182 5145 Josue
1207 5105 1264 5154 ιι,
1297 5088 1345 5142 1.

1425 5086 1633 5138 "Deut.
1673 5097 1816 5147 xxm,
1846 5084 1910 5145 '2;
1949 5097 2130 5147 xxxw,
2157 5081 2212 5134 1.
2289 5081 2333 5112 ε’
2367 5079 2543 5134 Exod.
2577 5094 2654 5141 ιιι,
2690 5077 2743 5131 8.

601 5251 688 5321 (ε)Δ
714 5248 826 5321 Τοῦ
861 5247 1113 5321 Ἰσραὴλ
1161 5250 1192 5321 ci
1234 5245 1606 5321 δημαγωγός.
1661 5245 1859 5321 ζο-ερξ
1877 5241 2085 5321 scilicet

2216 5240 2292 5320 De
2318 5239 2486 5321 llose,
2504 5239 2600 5321 qui
2619 5241 2754 5295 velit
2783 5235 3173 5321 accipere,qui
3197 5245 3253 5290 et
3275 5235 3394 5321 ipse
3417 5236 3806 5321 speculatores

530 5310 623 5393 qui
651 5310 733 5375 sic
754 5319 900 5393 duos
926 5310 1098 5382 viros,
1127 5318 1250 5393 sive
1280 5310 1340 5370 ut
1385 5310 1593 5393 habent
1635 5317 1683 5367 οἰ
1719 5313 1885 5393 LXX,
1931 5315 2117 5393 νειιινίἸ
2217 5310 2388 5393 misit,
2414 5318 2519 5363 eta
2544 5311 2706 5393 longe
2739 5311 2908 5366 etiam
2939 5317 3144 5393 terram
3177 5310 3430 5393 aspexit,_
3457 5317 3805 5393 monstrante

533 5377 720 5453 ἆκους,
743 5391 981 5459 iuuenes,
1019 5377 1365 5459 exploratum
1396 5386 1570 5449 misit,
1596 5384 1753 5459 omni
1777 5387 1888 5456 jam
1915 5383 2120 5459 (leserti
2218 5380 2297 5459 illi
2343 5381 2456 5459 ρος)
2483 5395 2513 5434 e
2549 5377 2917 5459 monte-cum
2951 5377 3260 5459 moriturtts
3287 5386 3457 5459 esset,
3504 5393 3608 5459 nec
3772 5395 3800 5459 α

534 5447 797 5532 snperato
833 5447 1064 5532 itinere.
1082 5447 1320 5532 Exponit
1351 5447 1565 5532 autem;
1595 5447 1881 5532 Maximus
1902 5456 2109 5532 allego-
2218 5449 2437 5532 Maximi
2477 5450 2918 5532 scopouahierit:
2946 5462 3073 5502 nam
3103 5456 3164 5532 Et
3185 5447 3595 5532 haec-erronem
3632 5449 3803 5532 sit,“

538 5517 682 5595 rice,
733 5532 835 5602 τὴν
882 5529 1114 5599 ὀπτικήν
1143 5517 1240 5602 καὶ.
1291 5526 1594 5602 ἐποπτικὴν
1633 5525 1800 5602 αὑτοῦ
1856 5517 2085 5602 δύναμ’ξιν

2216 5531 2422 5602 quanta
2446 5517 2787 5602 mortalibus
2815 5533 3078 5575 concessa
3103 5518 3199 5573 Dei
3225 5517 3423 5573 notitia
3470 5534 3535 5573 ac
3569 5530 3805 5587 Spe-ratae

537 5590 914 5656 cernendi'uim
943 5609 992 5654 et
1038 5590 1369 5670 inspiciendi,
1402 5590 1627 5652 sensum
1671 5590 2112 5670 scilicetnet'in-
2216 5590 2594 5670 beatitudinis.
2659 5661 2671 5670 _
2909 5658 2920 5670 _
2965 5609 3018 5670 "
3113 5658 3128 5670 ‘
3283 5663 3306 5670 Δ
3435 5660 3447 5670 _
3573 5659 3631 5670 ω

541 5672 859 5736 tellectum;
902 5671 957 5742 id
990 5679 1076 5725 est
1125 5657 1392 5742 'mentem,
1425 5674 1673 5742 quaauest
1716 5666 1802 5742 vis
1866 5665 1959 5742 illa
2010 5667 2085 5718 t1:

2290 5661 2378 5742 (ε)
2414 5660 2529 5728 Τῆς
2559 5658 2924 5742 πρώτης-καί
2955 5658 3237 5742 δειζζέρας
3272 5660 3538 5727 θεωρίας.
3573 5657 3804 5739 Videtur

539 5741 762 5809 οπτική.
791 5729 900 5809 qua
924 5741 1056 5795 licet
1077 5740 1352 5808 tantisper
1381 5729 1510 5809 ipsa
1533 5735 1721 5809 divina
1739 5736 2040 5809 inspicere,
2063 5744 2120 5790 et
2223 5729 2458 5809 primam
2483 5731 3006 5809 contemplationem
3037 5729 3229 5809 dicere
3252 5770 3265 5794 ,
3293 5745 3417 5799 quae
3470 5729 3624 5809 quasi
3668 5743 3803 5809 spe-

545 5799 948 5876 παρακῖὂπτειν,
972 5811 1130 5878 quasi
1167 5825 1197 5864 a
1231 5799 1589 5878 longe-avide
1644 5799 1962 5878 inclinando
1989 5822 2118 5876 pro-
2226 5799 2535 5878 palatorum
2567 5816 2631 5855 ac
2660 5799 2822 5878 fugax
2847 5811 2962 5878 est;
3008 5799 3332 5878 secundam,
3386 5815 3509 5878 quae
3533 5801 3647 5868 ipsa
3682 5805 3804 5850 sta-

476 5877 510 5903 ⁸
543 5869 796 5946 spicere:
830 5869 952 5944 quae
976 5869 1278 5949 vitaehujus
1291 5869 1502 5932 sﬁmma
1517 5883 1702 5931 nostra
1721 5869 2114 5946 perfectio-cst.
2227 5873 2376 5940 bilis,
2405 5872 2553 5928 velut
2576 5869 2981 5942 possidentium
3023 5871 3136 5944 jam
3157 5870 3372 5926 beatam
3395 5869 3542 5925 illam
3566 5879 3796 5925 terram.
