4046 6196
363 244 498 309 1429

1526 245 1703 304 ALIA
1745 245 1851 304 EX
1885 245 2124 305 VATIC.
2165 246 2452 305 CAPITA.

3482 251 3628 321 1430

354 358 432 431 τῷ
462 361 491 411 ὁ
524 353 787 419 τοιοῦτος,
806 354 863 407 ὲν
888 354 1165 422 καινότητι
1198 351 1349 422 ζωῆς
1385 351 1810 408 πολιτεύσασθαι
1832 352 1934 425 (ιι).

2041 353 2235 409 trahit.
2266 353 2371 420 Qui
2401 368 2533 424 ergo
2574 354 2685 418 ﬁat,
2716 366 2776 409 ut
2805 355 2895 410 hic
2934 356 3059 412 talis
3086 371 3212 412 cum
3254 373 3323 414 eo
3356 375 3635 435 resurgat,

429 536 563 605 ρκδ’.
604 534 784 605 Τριῶν
833 532 1008 585 οὐσῶν
1054 533 1152 602 τῆς
1199 530 1381 601 ψυχῆς
1429 534 1942 604 περιεκτικωτέρων

355 626 565 698 ἀρετῶν
592 629 687 697 (υ),
719 624 995 696 νηστείας,
1025 623 1192 693 εὑχῆς
1234 639 1293 675 τε
1328 622 1425 676 καὶ
1478 626 1713 694 σιωπῆς,
1768 626 1941 692 ἀναγ-

354 720 509 773 καῖον
534 718 626 771 τὸν
669 717 767 788 μὲν
826 715 887 781 eg
925 716 1090 785 εὐχῆς
1143 713 1371 767 λύεσθαι
1421 714 1707 784 μέλλοντα,
1740 716 1819 779 εἰς
1846 715 1943 787 τὴν

344 810 592 881 θεωρίαν
655 807 1141 861 ὲπαναπαὺεσθαι’
1203 806 1297 859 τὺν
1346 805 1403 859 δὲ
1469 806 1533 857 ἐκ
1597 808 1832 876 σιωπῆς,
1864 810 1943 871 εἰς

357 900 557 971 ἠθικὴν
587 899 827 969 ὁμιλίαν,
858 900 938 961 εἰς
968 896 1234 968 δευτέραν
1264 895 1358 949 καὶ
1386 896 1796 968 κεχαρισμένην
1820 915 1943 969 τρο-

354 992 462 1061 φὴν
485 992 580 1043 τὸν
617 989 975 1060 νηστεύοντα.

426 1080 559 1151 ρκέ.
616 1079 705 1132 Ἐν
739 1082 851 1142 τοῖς
881 1079 1104 1143 οἰκείοις
1134 1080 1238 1144 ἕως
1267 1080 1505 1151 ὑπάρχει
1537 1082 1565 1133 ὁ
1594 1079 1739 1145 νοῦς,
1774 1078 1941 1145 σώζει

352 1171 413 1224 τὸ
444 1171 569 1225 καθ’
604 1172 888 1242 ὁμοίωσιν,
926 1170 1134 1239 ἀγαθός
1173 1189 1233 1223 τε
1286 1171 1381 1225 καὶ
1440 1172 1734 1243 συμπαθὴς
1789 1173 1943 1243 εὑρι-

355 1265 644 1334 σκόμενος.
692 1264 779 1317 Ἐν
809 1265 865 1316 δὲ
895 1266 1007 1327 τοῖς
1034 1265 1156 1316 κατ’
1192 1262 1449 1332 αἴσθησιν
1473 1262 1730 1332 γεγονὼς,
1771 1266 1819 1317 εί
1844 1264 1944 1334 μὲν

354 1349 595 1421 εὐχερῶς
629 1351 723 1403 καὶ
754 1348 885 1423 [μὴ]
911 1351 1299 1421 προσηκόντως
1325 1351 1403 1422 (ω)
1440 1352 1789 1423 κατέρχεται,
1828 1356 1944 1406 πεῖ-

358 1459 458 1512 ραν
500 1442 674 1503 διδοὺς
725 1443 820 1495 καὶ
867 1441 1191 1512 λαμϐάνων,
1250 1444 1309 1496 ὲν
1351 1444 1584 1508 ἐκείνοις
1626 1444 1938 1515 εὑρωστῶν,

357 1530 513 1599 αὖθις
544 1552 602 1587 τε
636 1536 774 1606 πρὸς
805 1536 997 1589 ἑαυτὸν
1026 1536 1411 1609 ἐπανέρχεται,
1454 1540 1584 1610 περὶ
1617 1540 1707 1593 τὸν
1752 1540 1941 1612 καιρὸν

359 1629 452 1679 καὶ
486 1628 584 1698 τὴν
617 1630 829 1699 χρείαν,
859 1628 935 1692 ῶς
961 1632 1375 1702 τιςστρατηγὸς
1417 1631 1823 1704 ἀπερίσκεπτος
1854 1634 1943 1685 εὑ-

358 1717 673 1790 ρεθήσεται,
706 1720 768 1772 τὸ
800 1721 935 1774 πολὺ
971 1701 1146 1777 αὑτοῦί
1180 1701 1619 1795 ὑποτεμνόμενος
1643 1723 1745 1793 τῆς
1780 1723 1941 1777 δυνά·

363 1826 505 1880 μεως
535 1812 595 1865 ἐν
628 1812 707 1881 τῷ
740 1812 1036 1883 μάχεσθαι.
1071 1815 1222 1886 Πλὴν
1259 1814 1320 1869 οὑ
1353 1816 1555 1879 πάντες
1600 1815 1811 1869 ἐκείνου
1852 1816 1941 1868 ὲκ-

356 1903 448 1965 τὺς
508 1904 923 1974 εὑρεθήσονται,
964 1907 1080 1961 ὅσοι
1130 1909 1283 1971 ἐντὸς
1318 1907 1413 1962 τοῦ
1461 1908 1939 1980 ἐμπεριεχομένου

358 1996 610 2066 γενέσθαι
636 1998 736 2051 οὑκ
770 1998 1021 2069 ίσχυσαν.

433 2260 577 2332 ρκςῖ
632 2261 691 2316 Ὀ
737 2261 838 2333 μὲν
893 2262 1151 2333 αἰσθητὸς
1194 2263 1367 2335 ἥλιος,
1410 2263 1569 2329 ξένας
1599 2263 1699 2329 τὰς
1740 2262 1941 2319 ἑαυτοῦ

358 2356 587 2420 ἀκτῖνας
643 2355 703 2422 ἐξ
737 2355 915 2420 οἰκίας
949 2356 1349 2429 κεκλεισμένης
1379 2357 1671 2427 καθίστησι
1692 2375 1708 2391 ·
1744 2361 1846 2413 οὑκ
1874 2357 1942 2414 ἂν

359 2448 414 2500 δὲ
444 2448 543 2511 τὰς
570 2449 777 2512 οἰκείας
809 2452 838 2503 ὁ
862 2449 1053 2521 νοητὸς
1077 2451 1378 2521 ἐπαφήσει,
1401 2453 1471 2523 τῇ
1497 2451 1575 2522 μὴ
1615 2450 1939 2522 κεκλεισμέ-

359 2558 457 2605 νας
489 2540 686 2613 ὲχοὺσῃ
720 2541 821 2606 τὰς
846 2543 1127 2614 αἰσθήσεις
1151 2543 1259 2598 ἀπὸ
1280 2543 1391 2598 τῶν
1418 2542 1710 2614 ὁρωμένων
1732 2543 1900 2615 ψὺχῇ.
1928 2546 1942 2612 Ι

435 2722 569 2791 ρκζν.
608 2722 913 2785 Γνωστικός
950 2723 1121 2788 ἐστιν,
1154 2725 1182 2776 ὁ
1210 2722 1308 2786 τὰς
1350 2722 1450 2793 μὲν
1480 2722 1814 2786 καταϐάσεις
1843 2722 1940 2775 αὑ-

361 2813 454 2867 τοῦ
484 2814 934 2885 μεγαλοπρεπῶς
993 2816 1454 2889 ταπεινοπρεπῶς
1502 2817 1560 2871 δὲ
1610 2816 1710 2887 τῆς
1760 2815 1941 2886 ψυχῆς

361 2908 457 2971 τὰς
488 2908 786 2972 ἀναϐάσεις
823 2908 1222 2979 διατιθέμενος.

432 3006 574 3070 ρκη’.
613 2998 859 3052 Μέλιττα
903 3000 1000 3069 μὲν
1038 2999 1280 3070 λειμῶνα
1346 3000 1766 3071 περινοστοῦσα,
1797 3000 1941 3055 ὲκεί-
1966 3039 2010 3100 C

360 3090 451 3143 θεν
480 3092 559 3161 τῷ
608 3093 786 3162 μέλιτι
835 3093 935 3157 τὰς
985 3092 1243 3163 ἀφορμὰς
1295 3094 1759 3165 προσπορίξεται·
1789 3092 1936 3165 ψυχὴ

358 3184 415 3237 δὲ
456 3186 536 3248 είς
587 3185 789 3249 αἰῶνας
824 3187 1261 3257 περισκοποῦσα,
1302 3189 1552 3242 ποικίλον
1586 3188 1816 3243 αὑτόθεν
1842 3188 1935 3243 τὸν

359 3277 677 3349 γλυκασμὸν
708 3281 775 3350 τῇ
800 3278 1008 3351 διανοίᾳ
1038 3280 1267 3351 ἐνίησιν.

432 3369 570 3440 ρκθ’.
624 3372 687 3423 'll
741 3372 1070 3442 ἐμφαγοῦσαι
1129 3373 1231 3444 μὲν
1276 3372 1476 3443 ἔλαφος
1528 3373 1706 3445 ὄφεις,
1735 3372 1813 3427 ἱὸν
1845 3371 1939 3427 τοῦ

360 3466 575 3528 σϐέσαι,
610 3468 746 3540 πρὸς
775 3469 985 3523 ὑδάτων
1013 3470 1200 3540 τρέχει
1230 3472 1412 3540 πηγάς
1435 3486 1448 3499 ⁸
1479 3471 1629 3541 ψυχὴ
1674 3471 1731 3522 δὲ
1776 3472 1808 3540 ἡ
1845 3469 1932 3538 βέ-

359 3554 476 3609 λεσι
504 3556 669 3621 θείοις
694 3558 991 3629 τρωθεῖσα,
1029 3560 1308 3614 ἄπαυστον
1340 3560 1489 3614 ἕλκει
1518 3561 1609 3614 τὸν
1652 3559 1937 3632 τρώσαντα

360 3648 559 3718 ἔρωτα.

432 3741 529 3811 ρλ’.
566 3742 727 3795 Ψιλοὶ
767 3742 867 3812 μὲν
916 3742 1168 3812 λογισμοὶ¹
1221 3745 1288 3814 τῇ
1346 3743 1606 3816 μοναδικῇ
1658 3745 1770 3816 ζωῇ
1812 3745 1933 3797 ἐπι-

358 3833 621 3901 φύονται·
674 3835 1023 3906 ἑπιλογισμοὶ
1052 3836 1111 3888 δὲ
1147 3839 1215 3906 τῇ
1254 3836 1514 3908 δυαδικῇ·
1546 3839 1613 3908 τῇ
1660 3837 1717 3891 δὲ
1765 3837 1933 3890 πολυ-

430 3990 474 4023 ³³
508 3989 667 4045 Rom.
697 4007 771 4055 vr,
804 3991 859 4044 4.
936 3992 980 4023 *δ
1014 3992 1159 4046 Psal.
1192 4008 1294 4057 xu,
1332 3992 1386 4045 2.

432 4136 510 4257 (up
550 4137 653 4189 Ἐν
685 4136 985 4201 καινότητι
1019 4134 1167 4201 ζωῆς
1200 4136 1695 4193 πολιτεύσασθαι.
1724 4135 1931 4189 Posue-

456 4206 481 4257 ll
509 4207 725 4257 aximus
746 4206 889 4257 hanc
924 4221 1140 4257 vocem.
1174 4214 1235 4257 ut
1266 4213 1633 4257 exnoncntem
1669 4221 1931 4257 eam.nua

359 4207 432 4259 rit
456 4206 725 4257 Maximus
746 4206 889 4259 hanc
924 4221 1140 4269 vocem,
1174 4214 1235 4259 ut
1266 4213 1633 4274 exponentem
1669 4221 1933 4273 eam,qna

358 4276 564 4330 Paulus
589 4291 726 4329 usus
750 4284 853 4337 est,
884 4277 1374 4343 περιπατήσωμεν,
1412 4291 1578 4344 quam
1604 4284 1659 4328 et
1686 4275 1930 4344 expressi

2048 453 2110 499 ut
2139 444 2193 500 in
2228 445 2472 500 novitate
2506 446 2630 500 vitae
2662 448 2905 502 ambulet
2930 447 3008 501 ιιι

2119 536 2241 591 ﬁt.
2278 536 2413 591 Cum
2465 546 2574 592 tres
2624 538 2791 592 animi
2825 539 2933 593 sint
2969 540 3342 610 generaliores
3374 542 3626 609 virtutes,

2038 625 2311 696 jejunium
2335 634 2392 683 et
2416 627 2593 681 oratio
2620 643 2684 682 ac
2715 628 3032 694 silentium;
3067 644 3291 686 necesse
3319 640 3423 697 est,
3452 642 3511 687 ut
3534 636 3626 704 qui

2044 733 2112 772 ex
2144 717 2396 773 oratione
2430 718 2713 774 soluturus
2744 728 2849 785 est,
2880 721 2935 774 in
2972 723 3494 792 contemplationem
3530 725 3627 781 de-

2045 809 2189 865 sinat
2220 828 2233 862 :
2267 810 2361 879 qui
2393 827 2461 865 ex
2490 811 2731 877 silentio,
2760 812 2817 866 in
2859 828 3074 867 morum
3114 812 3537 882 tabulationem;
3572 818 3627 871 in

2044 903 2281 958 alterum
2333 918 2466 958 vero
2528 919 2593 959 ac
2657 919 2981 961 concessum
3039 904 3261 970 cibum,
3314 908 3362 963 is
3408 909 3501 979 qui
3547 910 3630 979 je-

2039 993 2217 1064 junaL

2118 1086 2241 1140 125.
2274 1085 2526 1152 Quandiu
2562 1088 2779 1143 animus
2806 1088 2863 1142 in
2890 1089 3007 1144 suis
3032 1098 3309 1156 versatur,
3341 1091 3449 1145 hoc
3481 1094 3627 1161 quod

2044 1187 2130 1233 est
2157 1179 2223 1233 ad
2251 1180 2671 1235 similitudinem
2717 1190 2929 1245 servat,
2974 1183 3069 1252 qui
3101 1183 3283 1238 bonus
3314 1185 3549 1240 exsistat
3574 1197 3630 1241 et

2044 1269 2383 1326 misericors.
2419 1272 2555 1327 Dum
2589 1282 2773 1327 autem
2813 1275 2867 1328 in
2894 1274 2962 1330 iis
2994 1290 3117 1345 qua:
3148 1275 3217 1330 ad
3248 1292 3469 1331 sensum
3502 1293 3627 1347 spe-

2044 1370 2216 1430 ctant,
2247 1363 2521 1434 siquidem
2572 1374 2779 1420 temere
2826 1366 3045 1437 levique
3092 1382 3161 1422 ex
3200 1383 3386 1434 causa,
3416 1348 3474 1424 et
3517 1386 3627 1424 non

2043 1471 2144 1526 pro
2184 1471 2252 1511 eo
2290 1472 2355 1513 ac
2396 1457 2556 1514 decet
2604 1458 2879 1529 ofﬁciique
2924 1460 3065 1515 ratio
3103 1462 3368 1531 postulat,
3401 1462 3627 1517 descen-

2043 1548 2145 1613 dit,
2174 1548 2312 1603 dans
2340 1551 2783 1619 experimentum
2808 1558 2866 1605 et
2891 1566 3137 1617 sumens,
3164 1553 3219 1607 in
3242 1553 3348 1608 illis
3371 1554 3629 1610 robustus

2044 1654 2108 1693 ac
2140 1640 2353 1709 vigens,
2389 1640 2456 1693 ad
2501 1656 2671 1710 seque
2709 1657 2901 1696 rursus
2937 1643 3260 1709 revertitur;
3307 1660 3431 1698 cum
3470 1660 3630 1701 occa-

2044 1728 2127 1783 sio
2152 1743 2217 1784 ac
2237 1728 2540 1784 necessitas
2569 1730 2777 1793 tulerit,
2807 1731 2957 1785 velut
2983 1730 3093 1785 dux
3132 1732 3354 1801 quidem
3391 1734 3629 1789 inconsi-

2044 1821 2268 1876 deratus
2320 1837 2424 1877 nec
2478 1822 2614 1877 satis
2670 1822 2916 1893 prudens
2967 1823 3272 1890 exstiterit,
3327 1826 3423 1895 qui
3467 1826 3629 1897 longe

2045 1927 2294 1983 magnam
2334 1913 2419 1967 sui
2444 1914 2721 1969 exercitus
2762 1922 2975 1985 partem
3008 1915 3303 1986 pugnando
3341 1917 3492 1988 [ante
3523 1934 3628 1988 pu-

2044 2001 2230 2075 gnam]
2269 2003 2539 2059 amiserit.
2579 2005 2851 2060 Caeterum
2883 2022 2994 2061 non
3039 2022 3232 2063 omnes
3262 2008 3333 2062 ab
3372 2008 3475 2063 hac
3521 2009 3626 2064 im—

2044 2111 2241 2150 munes
2278 2110 2421 2151 noxa
2462 2096 2834 2161 invenientur,
2872 2108 3142 2168 quotquot
3178 2101 3439 2155 nimirum
3482 2102 3627 2158 intra

2044 2187 2359 2258 praesidium
2389 2204 2449 2244 se
2475 2189 2762 2245 continere
2793 2205 2903 2245 non
2933 2199 3251 2260 potuerunt.

2116 2278 2238 2335 126.
2281 2278 2374 2334 Sol
2405 2280 2510 2335 iste
2539 2280 2725 2335 sensui
2758 2282 3060 2352 expositus,
3094 2283 3370 2339 occlusam
3399 2284 3625 2341 domum

2043 2370 2323 2426 radiorum
2355 2385 2581 2425 suorum
2613 2372 2737 2427 luce
2760 2387 2870 2427 non
2900 2372 3136 2427 aﬂ'undit
3161 2391 3175 2427 :
3204 2382 3265 2430 at
3294 2391 3426 2432 vero
3464 2378 3627 2448 spiri-

2044 2461 2168 2517 talis
2212 2462 2327 2526 ille,
2371 2461 2517 2516 haud
2554 2462 2796 2532 fulgores
2825 2477 2958 2518 suos
2981 2464 3037 2518 in
3061 2465 3305 2521 animum
3341 2468 3623 2534 immittat,

2042 2554 2176 2624 quin
2212 2553 2380 2610 rebus
2409 2554 2466 2609 in
2491 2562 2774 2625 aspectum
2798 2553 3126 2613 cadentibus
3151 2557 3403 2614 occlusos
3430 2573 3628 2616 sensus

2043 2645 2320 2701 habuerit.
3498 2698 3501 2699 ν

2114 2739 2237 2794 127.
2271 2737 2368 2796 Vir
2402 2738 2671 2809 spiritalis
2708 2750 2766 2796 et
2803 2741 3023 2811 sapiens
3059 2748 3166 2806 est,
3194 2743 3289 2811 qui
3326 2743 3627 2801 descensus

2043 2845 2174 2885 suos
2217 2814 2534 2901 mag‘nilice;
2577 2830 2744 2885 animi
2786 2847 2920 2887 vero
2956 2834 3220 2889 ascensus
3264 2834 3458 2889 humili
3503 2851 3624 2893 mo.-

2043 2921 2310 2991 destoque
2341 2936 2505 2977 sensu
2535 2921 2795 2992 disponit.

2115 3013 2236 3067 128.
2276 3012 2411 3082 Apis
2456 3022 2674 3083 pratum
2722 3015 2988 3071 oberrans
3039 3030 3111 3071 ac
3152 3017 3424 3084 lustrans,
3472 3020 3620 3075 melli

2042 3105 2363 3160 fabricando
2402 3106 2687 3161 materiam
2723 3107 2974 3178 congerit
3012 3125 3025 3161 :
3064 3109 3390 3180 animusque
3430 3113 3623 3169 sedulo

2042 3196 2241 3251 saecula
2273 3195 2655 3261 considerans,
2694 3198 2898 3253 variam
2929 3197 3056 3254 inde
3080 3199 3426 3257 dulcedinem
3453 3205 3623 3259 menti

2047 3288 2243 3361 injicit.

2120 3380 2240 3434 129.
2293 3378 2506 3443 Cervus
2564 3381 2745 3437 exesis
2797 3383 3177 3452 serpentibus,
3236 3393 3297 3440 ut
3350 3402 3621 3443 venenum

2044 3472 2376 3540 exstinguat,
2421 3472 2488 3524 ad
2540 3471 2719 3527 fontes
2767 3489 3035 3543 aquarum
3068 3476 3242 3529 currit
3279 3476 3323 3508 ³⁸
3360 3495 3372 3529 :
3407 3479 3624 3534 animus

2044 3578 2177 3617 vero
2210 3562 2413 3617 divinis
2441 3563 2660 3618 saucius
2696 3564 2912 3634 jaculis,
2951 3564 3314 3621 immortalem
3359 3568 3625 3624 adversus

2041 3655 2423 3709 vulnerantem
2456 3670 2698 3710 amorem
2731 3656 2916 3711 trahit.

2118 3746 2238 3801 150.
2290 3746 2461 3801 Nudae
2520 3746 2909 3818 simplicesque
2962 3749 3325 3821 cogitationes
3378 3752 3623 3821 proclive

2042 3845 2397 3893 succrescunt
2440 3838 2568 3893 vitae
2618 3837 2878 3894 solitaria:
2906 3855 2920 3893 :
2951 3838 3004 3894 ei
3046 3855 3178 3896 vero
3221 3856 3344 3911 quae
3383 3841 3621 3898 duorum

2048 4135 2246 4216 merito
2282 4134 2466 4216 Marco
2498 4135 2901 4216 diciturneap.
2942 4135 3068 4201 ΞΗ,
3124 4136 3353 4216 deo-cepa
3402 4154 3621 4209 κεχαρι-

2030 4207 2218 4274 νσμένη
2267 4206 2469 4277 τροφή,
2497 4205 2658 4277 cibus
2716 4206 2793 4277 sit
2846 4205 2901 4259 in
2954 4207 3216 4265 secundis
3282 4205 3615 4277 concessus;

2028 4290 2240 4349 nempe
2268 4275 2735 4349 corporalis,_pro
2776 4275 2927 4349 justa
2964 4278 3215 4349 corporis
3266 4275 3615 4349 necessitate,

359 4346 414 4423 in
444 4346 722 4399 versione.
747 4345 1039 4423 _Sic__enim
1058 4344 1701 4423 ambularemonversari
1729 4356 1835 4408 est,
1856 4354 1936 4400 ta-
1971 4365 2012 4419 ι)
2043 4344 2666 4423 ejusqueindulgentia,
2708 4347 2807 4423 I_)ei
2834 4344 3080 4423 munere
3100 4348 3352 4423 donatus.

357 4416 616 4486 libusque
657 4415 971 4486 rationibus
1002 4431 1066 4469 ac
1090 4415 1382 4484 disciplina
1406 4415 1572 4469 vitam
1605 4430 1932 4484 componere

355 4497 412 4541 et
449 4487 691 4556 exigere.
743 4485 966 4556 Legisse
1004 4486 1307 4540 Maximum
1334 4486 1762 4555 πολιτεύσωμεν,
1826 4502 1937 4539 non

356 4557 534 4611 ausim
570 4572 839 4611 asserere.

429 4626 502 4697 (ιν)
537 4628 1077 4695 Περιεκτικωτέρων
1105 4624 1352 4693 ἀρετῶν.
1380 4626 1471 4682 Sic
1504 4634 1562 4681 et
1598 4625 1814 4680 Marcus
1843 4641 1938 4696 ge-

357 4698 575 4752 nerales
602 4699 838 4752 virtutes
870 4707 1030 4752 vocat
1058 4716 1069 4751 :
1101 4708 1373 4766 prmcepta
1402 4712 1624 4767 quoque
1656 4697 1937 4767 generalia

355 4778 411 4821 et
438 4768 816 4836 particularia,
846 4783 965 4838 cap.
998 4769 1068 4822 25
1106 4768 1179 4821 De
1196 4769 1407 4837 justilia
1439 4784 1502 4821 ea;
1539 4784 1684 4837 oper.
1718 4767 1938 4838 ἐντολὴν

356 4839 713 4907 περιεκτικὴν
746 4837 924 4901 dicit,’
946 4854 1053 4907 qua
1086 4838 1232 4908 Deus
1257 4838 1417 4908 jubet
1454 4839 1620 4890 πᾶσιν
1649 4837 1941 4908 ,ἀποτάξα-

358 4906 485 4960 σθαι
508 4911 622 4970 τοῖς
666 4906 1033 4977 ὑπάρχουσιν·
1069 4906 1451 4977 abrenuntiare
1492 4906 1731 4977 omnibus
1752 4906 1937 4977 facul-

360 4977 603 5033 tatibus:
668 4975 924 5047 μερικὴν,
985 4994 1093 5047 qua
1142 4976 1466 5043 μεταδοῦναι
1498 4975 1576 5045 τῷ
1633 4976 1706 5046 μὴ
1736 4976 1935 5045 ἔχοντι,

359 5049 589 5101 tribuere
612 5050 658 5100 ei
688 5046 778 5117 qui
810 5066 914 5101 non
938 5046 1109 5102 habet.
1138 5048 1211 5101 De
1237 5046 1500 5111 oratione,
1537 5062 1657 5115 cap.
1704 5048 1795 5111 89,
1838 5049 1941 5099 πᾶ-

362 5135 462 5188 σαν
493 5116 757 5188 ἐργασίαν
794 5119 1026 5171 ἐντολῶν
1067 5120 1124 5170 ὲν
1150 5118 1288 5188 αὑτῇ
1348 5116 1827 5187 περικεκλεῖσθαι·
1855 5118 1939 5170 in-

359 5187 499 5241 cludi
527 5187 586 5241 in
618 5205 679 5241 ea
726 5204 934 5241 omnem
967 5190 1329 5257 Operationem
1360 5190 1652 5241 virtutum:
1684 5202 1847 5255 quam
1883 5197 1940 5243 et

362 5258 911 5328 κεφαλαιωδεστέραν
937 5260 1171 5313 maxime
1203 5259 1420 5328 probat,
1446 5274 1568 5327 cap.
1597 5258 1718 5320 154,
1745 5257 1824 5312 sic
1850 5257 1938 5328 ui:

360 5329 563 5381 mirum
598 5327 981 5392 summariam,
1014 5338 1074 5383 ut
1102 5327 1241 5382 nihil
1270 5329 1325 5382 in
1353 5328 1540 5397 specie
1570 5343 1817 5391 oremus,
1840 5327 1937 5382 sed

361 5400 539 5469 solum
566 5399 661 5452 Dei
700 5416 926 5468 regnum
975 5408 1031 5452 et
1063 5399 1376 5454 doctrinam
1428 5399 1551 5469 ejus
1605 5414 1934 5467 qtueramus.

364 5469 465 5523 llic
492 5468 758 5523 Maximus
789 5470 1076 5538 generales
1106 5471 1342 5525 virtutes
1394 5468 1572 5527 vocat.
1608 5485 1729 5536 qua:
1757 5468 1937 5537 pluri-

363 5539 487 5602 bus,
528 5555 623 5593 seu
648 5542 811 5593 etiam
836 5540 1095 5595 onmibus
1116 5540 1464 5603 conducant;
1493 5556 1601 5592 non
1631 5540 1775 5608 quod
1802 5539 1939 5593 alias

363 5624 559 5680 omnes
586 5611 1058 5680 complectantur;
1124 5627 1230 5680 qua
1297 5610 1513 5663 ratione
1560 5611 1673 5663 sola
1715 5610 1939 5663 dilectio

364 5679 461 5735 Dei
495 5688 547 5735 et
568 5679 835 5751 proximi,
876 5679 1154 5737 omnium
1186 5680 1418 5735 ἐντολῶν
1464 5682 1936 5751 περιεκτικωτατη

2014 4906 2249 4967 .sarciat
2278 4905 2439 4967 ratio,
2490 4923 2554 4961 ac
2576 4905 2865 4960 charitatis
2891 4905 3007 4973 ipsa

2116 4413 2192 4485 (τε)
2227 4413 2504 4483 Εὑχερῶξν
2532 4417 2632 4469 καὶ
2670 4416 2755 4484 μὴ
2790 4418 3239 4483 προσηκόντως.
3288 4418 3487 4474 Addidi
3512 4436 3613 4475 ne-

2041 4485 2342 4556 gationem,
2385 4486 2532 4553 quod
2565 4502 2762 4541 vocum
2791 4488 3047 4556 opposita
3068 4489 3295 4541 omnino
3331 4490 3494 4553 ratio,
3515 4507 3619 4546 nec

2041 4555 2219 4625 possit
2242 4555 2444 4624 aliquis
2476 4556 2554 4611 sic
2586 4555 2849 4626 εὐχερῶς,
2909 4556 3007 4610 levi
3032 4573 3095 4610 ex
3137 4575 3298 4611 causa
3329 4569 3376 4612 ct
3422 4570 3617 4614 temere

2040 4626 2108 4679 ad
2136 4626 2360 4679 sensilia
2389 4626 2748 4689 descendere,
2785 4635 2841 4679 et
2870 4628 3274 4696 προσηκόντως,
3302 4632 3583 4683 convenicn
3602 4660 3617 4669 -

2041 4696 2402 4767 terjustaque
2434 4704 2489 4751 et
2511 4713 2666 4766 requa
2705 4696 2920 4750 ratione
2947 4714 2961 4761 ;
2993 4698 3273 4766 quomodo
3302 4700 3467 4751 etiam
3488 4715 3615 4767 per-

2039 4767 2167 4820 fecti
2211 4766 2264 4818 in
2300 4767 2411 4820 illis
2450 4776 2761 4824 versantur.
2816 4767 2970 4819 nullo
2996 4775 3093 4819 attt
3135 4767 3240 4819 levi
3306 4784 3408 4821 suo
3437 4766 3613 4821 detri—

2041 4845 2250 4897 mento,
2276 4837 2424 4906 quod
2469 4837 2645 4906 ipsum
2697 4837 3009 4889 luculenter
3052 4837 3216 4958 {usta}
3267 4838 3616 4891 necessitatis

2041 4906 2249 4958 sarciat
2278 4906 2439 4958 ratio.
2490 4905 2865 4958 accharitatis
2891 4905 3007 4958 insa
3076 4920 3178 4958 ex:
3218 4921 3319 4958 nec
3346 4908 3616 4958 Maximus

3076 4920 3178 4959 ex:
3218 4921 3319 4959 nec
3346 4908 3623 4961 Maximus

2040 4976 2110 5031 ab
2142 4977 2413 5044 ejusmodi
2433 4976 2724 5037 descensu,
2755 4990 2851 5028 sua
2880 4974 2985 5027 hac
3009 4975 3283 5029 sententia
3334 4989 3401 5030 ac
3429 4994 3615 5030 excin-

2040 5047 2696 5116 plo,dehuitdeterrere,
2748 5044 2865 5116 sed
2898 5044 3074 5097 solum
3107 5060 3138 5098 a
3198 5044 3405 5112 priore.
3456 5046 3614 5116 Quod

2040 5107 2163 5171 crat
2196 5119 2255 5169 ὲν
2289 5120 2401 5179 τοῖς
2442 5116 2627 5176 θείοις,
2662 5114 2870 5167 mutavi
2905 5115 2963 5164 ὲν
2991 5117 3103 5176 τοῖς
3158 5107 3403 5177 οῖκείοις.
3448 5107 3615 5169 Plane
3646 5136 3649 5153 ‘-

2040 5187 2189 5241 cnim
2205 5185 2491 5256 componit
2513 5193 2753 5256 mentem
2789 5200 2994 5256 secum
3021 5185 3217 5256 ipsam,
3247 5193 3309 5238 ut
3341 5184 3614 5256 spiritalia

2041 5267 2308 5321 sectatur,
2334 5254 2397 5311 et
2426 5265 2486 5309 ut
2511 5270 2569 5309 se
2603 5254 2670 5308 ad
2701 5270 2923 5309 sensum
2965 5254 3247 5308 demittit:
3286 5271 3398 5323 quo
3423 5254 3613 5323 priore

2041 5328 2207 5381 modo
2240 5328 2293 5380 in
2322 5326 2561 5395 propriis
2582 5334 2859 5384 versatur,
2894 5334 2949 5378 et
2985 5334 3043 5378 ut
3083 5324 3405 5395 mens_agit,
3438 5325 3517 5395 τὸ,
3556 5324 3615 5375 ὲν

2041 5396 2119 5466 τῷ
2148 5393 2444 5467 μάχεσθαι,
2481 5396 2726 5465 proclive
2752 5403 2979 5457 mutem,
3030 5393 3273 5467 typhea}?
3319 5394 3609 5467 μάχεσθαι·

2042 5463 2165 5520 (ιιιιέ
2198 5463 2453 5537 pugnam,
2478 5463 2600 5537 quae
2628 5474 2778 5537 certe
2810 5481 3002 5537 magna
3035 5463 3194 5537 ducis
3220 5463 3613 5537 imprudentia

2042 5485 2165 5520 ante
2234 5485 2453 5537 agnam,
2478 5485 2600 5535 qua:
2628 5485 2778 5519 certe
2810 5485 3002 5534 magna
3035 5485 3194 5518 UUCIS
3239 5485 3613 5532 ιιιψηιυιειιιιςι

2041 5548 2144 5600 est,
2179 5485 2310 5590 trum
2346 5537 2536 5605 copias
2566 5535 2768 5591 deterit
2801 5536 2957 5604 quasi
2995 5532 3274 5589 velitando
3311 5543 3369 5605 et
3414 5549 3613 5587 excur-

2044 5608 2238 5672 rendo,
2270 5616 2397 5661 ante
2420 5602 2574 5676 'justi
2623 5602 3090 5674 praelii—moluit,
3139 5617 3251 5675 quo
3306 5602 3374 5660 de
3428 5618 3614 5669 rerum

2044 5693 2253 5733 summa
2282 5676 2697 5733 decernendum
2722 5676 2814 5731 sit.
