4046 6196
438 252 446 260 ’
495 241 624 305 ιωι

1653 246 1712 304 8.
1744 246 2032 307 MAXIM!
2072 247 2583 309 CONFESSORIS

3619 242 3748 308 1B2

491 352 801 421 pluriumve
846 352 1128 408 consortio
1173 355 1373 425 agitur,
1410 353 1568 409 seriae
1605 355 1777 426 magis
1818 371 1882 412 ac
1916 373 2072 427 repe-

2177 359 2352 429 σχιδεῐ
2379 358 2549 428 ψυχῇ.
2602 357 2855 428 λογισμοὶ
2917 357 3018 428 μὲν
3059 357 3469 426 ἀπελήλανται⁶
3523 355 3639 420 νόες
3687 357 3742 409 δέ

492 447 604 500 lita:
643 446 1106 516 immorantesque
1149 447 1531 518 eOgitationcs.
1576 447 1844 504 Caeterum
1880 452 2068 505 animo

486 537 581 606 qui
632 537 820 591 multis
857 536 1066 592 divisus
1107 547 1211 603 est,
1248 538 1552 594 abscedunt
1595 539 1820 609 quidem
1865 541 2069 611 cogita-

490 628 701 693 tiones;
737 636 952 682 mentes
980 643 1117 683 vero
1149 629 1280 683 solae
1316 630 1643 699 corporibus
1673 629 1833 686 nudat
1861 631 1940 685 illi
1973 647 2067 687 ac-

2179 451 2326 521 μὸνοι
2369 451 2564 522 γυμνολ¹
2616 451 2884 521 σωμάτων
2918 448 2992 520 (y)
3046 450 3182 520 αὐτῇ
3243 447 3738 520 προσπελάζοντες,

2176 543 2301 606 τοὺς
2351 544 2480 612 περὶ
2540 542 2803 614 Προνοίας
2842 541 2934 595 καὶ
2988 541 3226 612 κρίσεως
3285 541 3499 608 λόγους,
3533 539 3607 602 ῶς
3631 557 3746 594 τινα

2177 633 2400 704 θεμέλια
2434 635 2536 704 γῆς
2573 632 3072 696 ἀνακαλύπτοντες,
3097 632 3234 702 αὐτῇ
3269 629 3676 700 ἐμφανίζουσιν.

485 715 747 773 cedentes
785 716 1075 773 manifeste
1123 727 1419 788 apparent,
1457 717 1828 775 Providentia:
1872 737 1938 776 ac
2005 721 2238 793 judicii,
2306 725 2457 780 velut
2501 724 2750 795 quautam
2800 722 3159 778 fundamenta
3201 733 3386 788 terrm,
3455 722 3750 777 revelantcs

485 809 732 864 rationes
769 810 837 863 ³⁵.

553 901 721 973 656
771 902 890 957 151.
932 901 1324 972 Cogitationes,
1365 919 1469 958 nec
1515 905 1686 973 partis
1729 913 1860 960 sunt
1900 907 2071 961 animi

485 995 725 1048 carentis
763 994 996 1060 ratione,
1031 1010 1141 1049 non
1175 995 1323 1049 enim
1359 995 1619 1066 cogitatio
1652 996 1727 1067 (id
1764 1005 1867 1061 est,
1900 998 2070 1052 ratio-

485 1081 714 1153 cinatio)
759 1083 818 1138 in
869 1082 1050 1138 brutis
1096 1091 1209 1149 est;
1263 1099 1445 1153 neque
1497 1085 1698 1139 mentis
1739 1093 1897 1150 sunt,
1943 1101 2067 1141 nam

487 1192 665 1246 neque
724 1177 782 1230 in
840 1176 1070 1247 angelis.
1123 1175 1261 1231 Cum
1316 1192 1448 1247 ergo
1500 1177 1778 1233 facultatis
1837 1179 2070 1236 rationis

482 1267 730 1336 germina
779 1267 911 1332 sint,
946 1268 1099 1322 velut
1124 1267 1294 1331 scala,
1335 1266 1592 1322 facultate
1637 1275 1858 1323 utentes
1900 1268 2072 1323 infor-

486 1368 668 1414 mante
699 1359 932 1429 spccies,
959 1375 990 1413 a
1013 1375 1179 1414 sensu
1218 1359 1286 1414 ad
1321 1368 1560 1415 mentem
1596 1361 1921 1426 ascendunt,
1947 1379 2070 1433 quae

484 1463 614 1508 sunt
660 1452 809 1507 illius
855 1454 907 1507 ei
957 1454 1310 1520 nuntiantes;
1364 1454 1818 1527 descenduntque
1860 1472 1927 1511 ex
1976 1459 2068 1513 illa

2251 909 2387 980 ρ).α’.
2421 912 2486 963 Oi
2531 908 2802 980 λογισμοὶ,
2837 907 2963 962 οὕτε
3007 905 3101 959 τοῦ
3153 905 3351 975 ἀλόγου
3401 904 3597 974 μέρους
3643 906 3750 957 εἰσὶ

2175 1004 2275 1072 τῆς
2310 1002 2490 1073 ψυχῆς
2510 1018 2522 1032 ·
2561 1001 2682 1054 οὐδὲ
2721 1001 2830 1071 γάρ
2857 997 3248 1067 ὲστιλογισμὸς
3279 1000 3337 1051 ἐν
3368 999 3479 1074 τοῖς
3504 996 3715 1062 ἀλόγοις
3735 1011 3746 1025 ·

2175 1094 2296 1147 οὔτε
2340 1093 2433 1147 τοῦ
2492 1091 2680 1164 νοεροῦ
2700 1110 2712 1120 ”
2737 1093 2859 1145 ἐπεὶ
2917 1091 3050 1162 μηδὲ
3100 1093 3158 1142 ἐν
3190 1088 3441 1156 ἀγγέλοις
3462 1103 3474 1115 ’
3503 1087 3669 1155 αὐτῆς
3696 1085 3746 1137 6‘:

2175 1187 2273 1254 τῆς
2317 1185 2542 1256 λογικῆς
2573 1184 2726 1248 ὄντες
2782 1185 3122 1252 γεννήματα,
3153 1181 3230 1244 ὡς
3264 1179 3495 1247 κλίμακι
3525 1181 3588 1246 τῇ
3618 1195 3748 1244 φαν-

2175 1277 2342 1348 τασία
2385 1275 2684 1347 χρώμενοι,
2740 1261 3094 1328 ἀναϐαίνουσι
3147 1271 3245 1341 μὲν
3307 1269 3441 1340 πρὸς
3493 1268 3582 1318 τὸν
3622 1265 3748 1318 νοῦν

2174 1368 2281 1423 ἀπὸ
2316 1368 2414 1438 τῆς
2465 1366 2789 1438 αἰσθήσεως,
2819 1365 2891 1418 τὰ
2941 1363 3156 1432 ἐκείνης
3205 1359 3352 1430 αὐτῷ
3388 1358 3750 1426 ἀπαγγέλλον-

2175 1477 2292 1522 τεςο
2333 1458 2725 1513 καταϐαίνουσι
2753 1457 2813 1512 δὲ
2847 1455 2982 1527 πρὸς
3012 1453 3181 1525 αὐτὴν
3203 1454 3264 1519 ἐξ
3291 1451 3459 1506 αὐτοῦ
3511 1452 3580 1504 τὰ
3601 1452 3746 1504 ὲκεί-

485 1543 551 1597 ad
616 1543 831 1612 ipsum,
888 1560 1010 1613 qua:
1061 1545 1183 1616 ejus
1239 1555 1368 1601 sunt
1424 1546 1503 1600 illi
1557 1547 1894 1604 documento
1957 1561 2068 1606 tra-

2175 1567 2265 1603 νου
2291 1547 2690 1620 ὑποτιθέμενοι.

486 1633 702 1689 dentes.

556 1727 678 1780 152.
722 1728 886 1783 Velut
933 1727 1158 1797 quidam
1212 1743 1244 1782 e
1288 1730 1567 1799 profundo
1613 1749 1831 1789 sursum
1889 1751 2072 1789 cmer-

484 1826 698 1886 gcutes,
731 1833 818 1881 ac,
859 1835 973 1889 quo
1013 1820 1268 1890 adjutore
1315 1830 1562 1890 utantur,
1606 1842 1939 1897 quemquam
1980 1843 2075 1898 ap-

485 1910 834 1979 prehendere
881 1913 1124 1968 nitentes
1148 1913 1339 1984 illi-quc
1374 1916 1682 1984 adhaerere,
1715 1920 1797 1974 sic
1827 1922 1982 1976 malae
2014 1936 2072 1977 se

484 2003 845 2072 cogitationes
871 2005 1180 2070 habebunt,
1207 2006 1338 2061 dum
1369 2010 1506 2064 ratis
1526 2011 1580 2065 in
1611 2013 1861 2077 modum,
1890 2013 2072 2085 lacry-

485 2109 702 2147 marum
734 2093 947 2149 diluvio
980 2095 1180 2150 vitium
1212 2098 1266 2151 in
1303 2099 1615 2168 periculum
1646 2111 1897 2157 vocatur.

558 2183 680 2239 133.
722 2185 832 2240 Pro
864 2186 1114 2257 subjecta
1155 2189 1328 2242 animi
1365 2190 1659 2260 qualitate,
1689 2194 1798 2259 vel,
1839 2202 1900 2249 ut
1926 2196 2074 2265 pira-

487 2286 669 2331 tarum
731 2291 886 2332 more
938 2278 1122 2350 pelagi
1174 2279 1454 2349 profundo
1505 2295 1786 2356 ergant,
1839 2286 1958 2353 vel,
2014 2297 2074 2344 ut

487 2367 663 2423 instar
707 2369 979 2441 remigum
1027 2370 1306 2428 laboranti
1347 2375 1524 2430 maris
1563 2378 1816 2447 periculo
1857 2379 2074 2450 pariter

486 2474 649 2530 opem
683 2459 890 2527 (erant,
924 2462 1073 2518 circa
1111 2478 1241 2520 eum
1282 2476 1558 2538 coguntur
1603 2470 1968 2541 cogitationes
2006 2485 2073 2528 ac

487 2553 764 2620 rationes;
808 2554 929 2610 alia;
973 2555 1199 2626 quidem
1247 2557 1304 2612 in
1349 2559 1584 2631 pelagus
1630 2561 1914 2618 trahentes
1957 2571 2074 2617 tur-

485 2645 640 2714 pium
698 2646 1128 2718 cogitationum;
1183 2649 1306 2705 alia:
1363 2665 1497 2707 vero
1553 2653 1856 2723 proximam
1917 2669 2071 2709 oram

487 2737 754 2808 legentes,
798 2745 859 2792 ut
896 2739 968 2794 ad
1014 2741 1314 2812 tranquilla
1353 2751 1596 2800 mentem
1641 2744 1828 2800 littora
1870 2745 2070 2816 impel-

485 2830 615 2886 lant.
1584 2876 1588 2880 »

557 2923 681 2978 154.
725 2923 1032 2995 Septimum
1068 2926 1248 2982 inanis
1279 2927 1470 2999 gloriae
1500 2927 1722 2996 vitium,
1746 2929 1844 3000 qui
1876 2938 1938 2985 ut
1971 2945 2070 2985 ex-

489 3026 720 3071 tremm
765 3017 1012 3074 tunicam
1057 3028 1319 3075 excutere
1361 3020 1495 3077 velit
1535 3021 1777 3087 animus,
1821 3021 1930 3076 nisi
1975 3021 2074 3076 illo

487 3109 774 3180 superiora
817 3110 1067 3177 exuerit,
1120 3111 1270 3166 haud
1315 3111 1490 3182 possit
1534 3120 1784 3168 octavam
1829 3120 2074 3183 postmo-

485 3199 617 3254 dum
639 3200 1046 3272 superinduere
1073 3203 1490 3274 cogitationem,
1521 3219 1686 3274 quam
1712 3213 1768 3259 et
1790 3205 2073 3261 cmlestem

489 3292 888 3348 habitationem
917 3309 1121 3350 vocare
1154 3295 1309 3350 novit
1329 3295 1554 3351 divinus
1583 3296 1882 3365 Apostolus
1915 3297 1983 3359 ³⁸,
2008 3310 2075 3351 ac

487 3400 586 3456 per
635 3387 875 3457 gemitus
928 3401 1057 3441 eum
1107 3387 1540 3457 superinduere,
1593 3387 1688 3458 qui
1738 3388 1860 3460 ejus
1906 3403 2072 3444 causa

486 3478 728 3536 terrenis
760 3479 894 3534 nudi
929 3481 1228 3535 exsistant.

557 3571 682 3628 {55.
719 3571 986 3628 Perfecta:
1017 3572 1251 3627 orationi
1283 3571 1450 3643 ohjici
1479 3573 1659 3628 solent
1687 3570 2072 3644 cogitationes,

487 3657 699 3728 angeli;
763 3658 995 3722 mediae,
1039 3661 1351 3730 spiritales;
1416 3661 1867 3727 rudimentarite,
1914 3671 2076 3718 natu-

489 3751 657 3806 rales.
1909 3809 1918 3820 .

557 3842 683 3898 £36.
711 3841 1196 3910 Quemadmodum
1233 3847 1388 3917 grani
1425 3861 1693 3918 generosa
1721 3848 1808 3901 vis
1839 3863 1936 3918 per
1967 3848 2076 3918 spi-

487 3949 608 3989 cam
651 3935 992 3990 manit‘estari
1029 3936 1190 4000 solet,
1237 3938 1318 3992 sic
1353 3945 1410 3992 et
1456 3937 1944 4007 contemplationis
1981 3953 2074 3993 ve-

487 4025 624 4081 ritas
647 4041 748 4096 per
774 4027 1105 4082 orationem.
1139 4027 1218 4082 Ac
1251 4029 1399 4098 spica
1429 4028 1653 4098 quidem
1687 4029 1836 4084 velut
1866 4040 2074 4084 armata

485 4116 735 4186 quaedam
785 4119 997 4189 spicula
1042 4118 1251 4175 circum
1300 4120 1498 4174 aristas
1547 4119 1734 4184 habet,
1776 4135 1900 4190 qum
1941 4135 2073 4176 aves

485 4211 697 4267 semina
747 4213 994 4284 legentes
1041 4222 1301 4279 arceant;
1341 4214 1520 4269 oratio
1557 4229 1693 4268 vero
1729 4228 1824 4269 eas
1863 4214 2072 4284 cogita-

484 4302 669 4358 tiones
696 4320 818 4374 qua:
853 4304 1317 4376 philosophantur
1348 4307 1402 4362 in
1435 4305 1854 4370 tentationibus,
1885 4317 1944 4361 ut
1975 4305 2072 4361 ad-

485 4404 776 4451 versantes
811 4397 1159 4452 interim-ant.

559 4489 683 4543 £57.
718 4488 851 4556 Qum
893 4488 1061 4543 animi
1102 4490 1283 4545 oculis
1331 4490 1630 4560 conspicua
1669 4499 1798 4546 sunt
1833 4490 2073 4558 (actione

486 4579 723 4649 scilicet)
748 4582 900 4637 velut
924 4581 1194 4637 columba:
1222 4598 1413 4652 penum
1441 4583 1808 4654 dcargentattc
1836 4592 1966 4637 sunt
1991 4583 2034 4614 ³⁷
2057 4601 2070 4635 :

2102 4171 2150 4228 D

2247 1727 2379 1799 ρλβ’.
2416 1726 2514 1790 Ὠς
2545 1742 2693 1790 τινες
2737 1725 2802 1780 ὲκ
2834 1723 2998 1796 βυθοῦ
3030 1723 3451 1794 ἀναφερόμενοι,
3487 1721 3578 1774 καί
3603 1736 3743 1782 τινος

2174 1821 2254 1883 είς
2313 1818 2564 1891 βοήθειαν
2627 1817 2984 1872 ἐπιλαϐέσθαι
3035 1814 3394 1887 πειρώμενοι,
3425 1815 3476 1867 oi
3526 1813 3743 1881 πονηροὶ

2177 1913 2432 1983 λογισμοὶ
2458 1911 3088 1982 εὐρεθήσονται,ὀλκάδα
3115 1909 3387 1981 καθάπερ,
3412 1905 3742 1962 κινδυνευοὺ-

2175 2022 2278 2075 an;
2310 2005 2411 2075 τῆς
2437 2005 2639 2068 κακίας
2677 2001 2931 2087 δακρύων
2964 1998 3354 2069 κατακλυσμῷ.

2247 2184 2378 2256 ρλγ’.
2410 2187 2570 2240 Κατὰ
2594 2184 2695 2256 τὴν
2739 2183 3105 2255 ὑποκειμένην
3132 2181 3394 2250 ποιότητα
3420 2180 3520 2248 τῆς
3550 2177 3743 2248 ψυχῆς,

2174 2277 2207 2352 ἢ
2241 2280 2317 2344 ὡς
2357 2278 2617 2351 πειραταὶ
2669 2275 3110 2343 καταποντίζειν,
3134 2276 3167 2346 ἢ
3192 2275 3267 2339 ὡς
3290 2273 3479 2344 ἐρέται
3508 2272 3745 2343 συμϐοη-

2175 2372 2290 2426 θεῖν
2322 2369 2731 2442 κινδυνευούσῃ,
2766 2371 2813 2425 oi
2865 2370 2992 2440 περὶ
3024 2367 3193 2439 αὐτὴν
3235 2368 3562 2436 συνάγονται
3601 2366 3747 2431 λογι-

2176 2465 2338 2536 σμοίο
2396 2464 2447 2517 οἱ
2489 2463 2594 2534 μὲν
2639 2462 2777 2533 πρὸς
2823 2462 3061 2529 πέλαγος
3097 2459 3316 2514 ἐννοιῶν
3346 2457 3600 2519 ἕλκοντες
3643 2455 3747 2508 τῶν

2174 2555 2444 2629 ἀπρεπῶν
2467 2555 2747 2626 λογισμῶν
2767 2570 2782 2584 ο
2827 2555 2879 2606 oi
2925 2552 2984 2607 δὲ
3017 2552 3114 2624 τὴν
3149 2546 3316 2605 ἆσσον
3347 2549 3750 2623 παρεκλεγόμε-

2174 2667 2279 2716 νοι,
2311 2651 2406 2704 καὶ
2441 2647 2578 2721 πρὸς
2603 2645 2897 2719 γαληνίους
2927 2645 3101 2709 ἀκτὰς
3128 2643 3222 2698 τὸν
3272 2641 3394 2696 νοῦν
3439 2641 3750 2697 ὲποκείλου-

2176 2759 2280 2797 σιν.

2249 2922 2377 2996 ρλδ’.
2412 2921 2682 2994 Ἐὗδομον
2729 2920 2822 2973 τὸν
2854 2918 2957 2990 τῆς
3013 2915 3321 2984 κενοδοξίας
3380 2914 3643 2986 λογισμὸν
3684 2914 3749 2985 (ε)

2172 2999 2328 3080 ὄντα,⁵
2355 3016 2389 3088 ἠ
2415 3013 2678 3083 {quapiam
2723 3011 2799 3075 ὡς
2853 3011 3082 3080 ἔσχατον
3123 3007 3496 3063 ἁποϐαλέσθαι
3550 3008 3751 3078 χιτῶνα

2173 3105 2341 3179 ψυχὴ,
2373 3107 2421 3160 si
2453 3105 2529 3178 μὴ
2555 3105 2682 3169 τοὺς
2709 3103 2818 3176 πρὸ
2844 3101 3010 3156 αὐτοῦ
3033 3101 3436 3172 ἀπεκδύσηται,
3490 3101 3553 3153 οὐ
3591 3101 3747 3171 δυνή-

2176 3216 2330 3254 σεται
2381 3198 2500 3268 μετ’
2545 3196 2744 3258 αὐτοὺς
2796 3193 2985 3262 ὃγδοον
3043 3193 3463 3248 ἐπενδύσασθαι.
3511 3195 3608 3246 Ὃν
3661 3194 3748 3246 καὶ

2173 3292 2489 3362 οἰκητήριον
2520 3289 2772 3360 οὐράνιον
2797 3287 2982 3342 καλεῖν
3000 3281 3145 3341 οἶδεν
3171 3288 3200 3340 ὁ
3223 3286 3367 3349 θεῖος
3403 3283 3735 3347 ’Δπόστολος,

2173 3384 2270 3438 καὶ
2300 3382 2391 3436 διὰ
2443 3379 2767 3450 στεναγμῶν
2810 3377 3169 3434 ἔπενδύεσθαι
3215 3379 3343 3441 τοὺς
3377 3376 3448 3430 δι’
3476 3377 3606 3431 αὐτὸ
3636 3376 3735 3429 τῶν

2178 3474 2376 3530 ὑλικῶν
2409 3470 2871 3544 γυμνητεύοντας.

2249 3567 2382 3639 ρλέ.
2410 3567 2489 3637 Τῇ
2525 3565 2624 3636 μὲν
2664 3565 2849 3636 τελείᾳ
2898 3565 3056 3636 εὐχῇ,
3111 3563 3333 3633 ἄγγελοι
3381 3561 3749 3632 παραϐάλλειν

2177 3661 2454 3730 πεφύκασι
2476 3657 2752 3726 λογισμοί·
2795 3661 2861 3728 τῇ
2893 3657 2948 3712 δὲ
2983 3659 3144 3731 μέσῃ,
3173 3655 3564 3727 πνευματικοί·
3589 3657 3657 3725 τῇ
3695 3653 3747 3706 δὲ

2199 3756 2559 3825 εἰσαγωγικῇ,
2604 3755 2654 3806 οἱ
2707 3751 3040 3822 φυσιολόγοι.

2251 3849 2394 3918 ρλςν.
2429 3847 2643 3918 Ὥσπερ
2680 3845 2741 3899 τδ
2780 3845 2996 3913 εὐγενὲς
3024 3843 3117 3898 τοῦ
3149 3843 3351 3897 κόκκου
3388 3841 3476 3896 διὰ
3500 3840 3594 3894 τοῦ
3629 3840 3752 3893 atde

2177 3960 2329 4014 χυος,
2369 3941 2512 3994 οὕτω
2544 3939 2639 3994 καὶ
2687 3938 2748 3992 τὸ
2776 3936 3068 4008 εἱλικρινὲς
3103 3935 3204 4006 τῆς
3225 3933 3456 4004 Θεωρίας
3476 3932 3564 3985 διὰ
3594 3948 3750 4002 προσ»

2176 4035 2343 4104 ευχῆς
2397 4031 2587 4086 εἴωθεν
2630 4027 3029 4102 ἐμφανίζεσθαι
3051 4045 3064 4060 ο
3096 4028 3362 4096 κέκτηται
3389 4024 3446 4077 δὲ
3477 4026 3505 4076 ὁ
3529 4023 3647 4095 μὲν,
3677 4024 3752 4084 εἰς

2177 4121 2497 4193 ἀποτροπὴν
2545 4118 2655 4173 τῶν
2689 4117 3081 4189 σπερμολόγων
3133 4116 3358 4188 ὀρνέων,
3402 4109 3492 4168 οἶά
3528 4131 3649 4166 τινα
3675 4112 3750 4166 56-

2181 4231 2340 4290 ρατα,
2373 4214 2502 4275 τοὺς
2543 4210 3028 4283 περιστοιχοῦντας
3064 4209 3396 4279 ἀνθέρικσς’
3429 4209 3488 4260 τὸ
3521 4206 3597 4269 δὲ,
3629 4206 3751 4265 τοὺς

2179 4303 2599 4376 φιλοσοφοῦντας
2640 4304 2697 4357 ὲν
2750 4303 3078 4373 πειρασμοῖς
3127 4299 3444 4370 λογισμοὺς,
3491 4298 3626 4367 πρὸς
3657 4298 3752 4368 τὴν

2178 4397 2405 4450 ἐκείνων
2441 4396 2742 4466 ἀναίρεσιν.

2255 4488 2387 4558 ρλζ’.
2429 4487 2510 4540 Τὰ
2537 4487 2635 4557 μὲν
2663 4484 2920 4558 ὁρώμενα
2947 4487 3048 4557 τῆς
3079 4484 3278 4556 ψυχῆς,
3326 4485 3414 4537 διὰ
3464 4484 3563 4554 τὴν
3609 4483 3751 4551 πρᾶ-

2183 4581 2284 4648 ξιν,
2323 4580 2656 4652 περιστερᾶς
2682 4577 3181 4651 περιηργυρωμένα
3210 4576 3462 4645 καθάπερ
3491 4576 3599 4628 εἰσὶ
3622 4591 3752 4627 πτε-

560 4760 604 4793 ³⁵
637 4759 779 4815 Psal.
828 4775 957 4819 ινα.
997 4758 1080 4812 l6.
1161 4758 1272 4812 “ll
1297 4758 1426 4813 Cor.
1458 4775 1512 4823 v,
1536 4759 1592 4813 2.
1669 4758 1711 4787 ³⁷
1746 4758 1888 4811 Psal.
1924 4773 2082 4820 1.xvu,
2121 4751 2216 4812 H.-

564 4917 639 4989 (ῃ)
672 4918 824 4997 Νόςς
849 4917 1027 4997 μένοι
1059 4916 1270 4997 rimae!
1297 4916 1780 4997 p'mycitthuas
1803 4919 1892 4973 hic
1925 4935 2075 4989 men-

490 4987 750 5043 tcs'vocat
769 4987 1056 5057 Maximus,
1097 4987 1228 5056 ipsae
1265 4987 1520 5057 sintquae
1549 4989 1913 5057 cogitationes
1952 4987 2078 5044 suc-

489 5058 736 5130 cendunt
775 5065 954 5130 atque
997 5054 1294 5130 daemones,
1333 5054 1431 5112 sic
1467 5054 1732 5130 nimirum
1776 5060 2079 5130 proﬂigaue

491 5130 616 5185 vita:
642 5127 966 5184 hominibus
992 5129 1339 5196 prtesentiam
1391 5138 1488 5182 aut
1509 5128 1665 5198 quasi
1697 5127 2069 5198 priesenti'am,

491 5201 697 5255 nudam
752 5198 1116 5252 exhibentes:
1168 5199 1322 5252 velut
1367 5199 1536 5252 etiam
1592 5209 1807 5255 mentes
1847 5210 2069 5261 sanctze.

490 5271 712 5326 eximia:
743 5267 1056 5322 sanctitatis
1088 5267 1244 5332 viris,
1275 5269 1610 5338 quandoque
1670 5269 1821 5339 ipsa},
1871 5287 1983 5325 non
2015 5271 2070 5326 in

491 5341 722 5404 somnis,
765 5350 862 5394 aut
903 5347 1192 5410 moventes
1227 5339 1336 5392 vim
1369 5340 1682 5410 c0gitandi;
1735 5341 1829 5396 sed
1880 5356 2071 5396 coram

493 5412 787 5482 prmsentia
812 5408 967 5483 quasi
1012 5410 1287 5483 corporali
1318 5408 1620 5483 apparent,
1650 5410 1950 5483 divinaque
1973 5427 2070 5468 eos

493 5479 730 5537 docent:
767 5482 862 5552 qui
919 5479 1482 5552 gradusﬁprophetim
1533 5481 1657 5536 aliis
1713 5483 1822 5552 jam
1860 5479 2069 5550 uictis,

495 5560 721 5606 auctore
769 5551 936 5604 etiam
988 5551 1240 5618 angelico
1295 5552 1562 5615 Doctore,
1613 5551 1780 5607 altior
1827 5554 2065 5609 exsistit.

486 5621 741 5676 Obscura
763 5630 947 5675 tamen
979 5627 1092 5675 tota
1131 5621 1220 5673 hic.
1256 5620 1472 5674 Maximi
1503 5639 1659 5676 mens
1685 5631 1739 5676 et
1771 5623 2026 5678 doctrina
2053 5669 2066 5689 ,

495 5707 560 5747 ac
593 5707 725 5746 num
755 5692 856 5760 ipsi
885 5691 1002 5745 sine
1034 5691 1290 5746 discursu
1328 5703 1632 5761 conceptus
1672 5695 1872 5749 mentis
1905 5696 2066 5750 altio-

2184 4935 2294 4982 res,
2321 4921 2418 4977 ita.
2453 4919 2631 4973 vocati
2649 4919 2783 4982 νόες.

2258 4991 2327 5062 (z)
2363 4989 2475 5044 Τὸν
2505 4989 2613 5056 τῆς
2634 4988 3340 5062 -κενοδοειάς-λογισιέᾴν.
3365 4991 3570 5045 Vitium
3595 5000 3752 5043 sonat

2187 5059 2281 5115 illa
2303 5059 2429 5125 vox,
2466 5075 2592 5115 cum
2615 5059 2922 5115 de-talibus
2960 5060 3187 5115 dicitur.
3227 5059 3469 5114 Vitiosas
3521 5062 3616 5115 alii
3665 5078 3753 5113 co-

2181 5131 2516 5198 gitationes,
2562 5139 2784 5196 vocant,
2837 5130 2907 5185 de
2965 5130 3171 5199 quibus
3207 5139 3426 5184 exstant
3477 5130 3749 5191 Cassiani,

2181 5202 2312 5265 Nili,
2344 5210 2400 5255 et
2439 5201 2674 5255 aliorum
2713 5209 3000 5255 tractatus.
3031 5201 3255 5270 Septem
3295 5216 3428 5270 ergo
3457 5217 3554 5256 seu
3578 5201 3748 5258 vitiis.

2183 5288 2283 5328 seu
2313 5272 2534 5326 vitiosis
2575 5271 3032 5341 cogitationibus,
3081 5272 3313 5341 ipsaque
3349 5281 3629 5341 postremo
3663 5288 3751 5325 cx-

2174 5358 2336 5397 cussa
2373 5342 2556 5396 inanis
2602 5341 2794 5412 gloriae
2840 5341 3014 5402 labes,
3081 5351 3359 5410 superest,
3411 5354 3471 5396 ut
3503 5351 3746 5395 octavam

2174 5412 2591 5482 cogitationem,
2611 5411 2722 5465 non
2749 5413 2860 5480 jam
2893 5413 3172 5473 vitiosam,
3202 5411 3300 5466 sed
3324 5428 3448 5482 qua:
3473 5413 3628 5482 vitiis
3655 5427 3745 5463 seu

2175 5481 2470 5538 atl‘bctibus
2540 5481 2838 5536 eliminatis
2901 5482 3193 5544 succedit,
3253 5481 3741 5552 superinduamus;

2151 5569 2344 5624 .quam
2401 5552 2752 5608 communius
2779 5553 3046 5624 Maximus
3067 5553 3275 5621 aliique
3324 5548 3603 5624 spiritales
3653 5548 3745 5616 τὴν

2179 5622 2453 5678 ἀπάθειαν
2477 5632 2719 5680 vocant:
2766 5623 3112 5678 domicilium
3164 5625 3411 5686 cmlcstc,
3456 5622 3604 5692 quod
3655 5631 3744 5688 ge-

2181 5695 2408 5750 mitibus
2426 5711 2487 5750 ac
2513 5694 2766 5759 lacrvmis
2811 5702 3056 5763 paratur.
