4010 6202
492 330 626 398 1435

1662 327 1722 386 S.
1764 321 2052 384 ΜΑΧΙΜΙ
2091 319 2600 382 CONFESSORIS

3630 319 3769 385 H36

487 448 961 521 contemplationi.
998 447 1151 502 Alter
1179 443 1406 516 quidem
1447 443 1502 497 in
1533 442 1622 497 his
1652 439 2078 512 philosophatur

2200 437 2409 499 ητικός.
2453 437 2512 490 ⁸0
2541 438 2641 508 μὲν
2671 437 2729 491 ἐν
2760 437 2871 500 τοῖς
2892 435 3034 491 κατὰ
3056 436 3218 506 φύσιν
3248 435 3564 508 φιλοσοφῶν
3589 453 3602 466 ·
3635 442 3665 493 ὁ
3686 439 3766 503 δὲ,

423 583 428 586 -
487 563 611 620 ηοω
634 556 764 601 sunt
793 557 863 597 ex
892 547 1116 605 natura;
1143 538 1281 592 alter
1304 551 1438 592 vero
1464 534 1520 619 ip
1544 533 1800 589 oratione
1829 531 2079 600 seipsum

495 639 694 695 nescit.

558 730 678 783 H7.
721 725 840 780 Non
875 722 1080 777 sinitur
1109 720 1324 776 activus
1353 717 1565 773 diutius
1594 716 1649 770 in
1681 712 1923 784 spiritali
1954 726 2082 766 con-

490 819 846 891 templatione
888 814 1116 870 morari.
1159 813 1449 868 Invenitur
1490 809 1638 865 enim
1682 816 1743 862 ut
1789 804 1934 875 apud
1978 801 2081 856 ali-

489 929 655 987 quem
708 909 953 980 hospitio
997 914 1284 977 exceptus,
1325 920 1389 960 ac
1431 903 1529 974 qui
1572 902 1684 956 cito
1729 899 1876 953 illius
1916 895 2080 950 domo

490 1006 836 1079 egrediatur.

563 1101 687 1155 148.
730 1096 1122 1168 lngrediuntur
1156 1091 1322 1149 activi
1371 1091 1518 1144 inter
1551 1085 1845 1148 orandum,
1887 1089 2080 1153 portas

493 1192 880 1248 mandatorum
905 1188 1032 1253 Dei;
1055 1195 1114 1242 ut
1136 1201 1270 1240 vero
1286 1183 1453 1254 658
1473 1182 1528 1236 in
1561 1180 1700 1234 atria
1723 1179 1994 1232 virtutum
2022 1173 2079 1228 in

494 1282 747 1344 canticis,
796 1276 1231 1349 contemplativi.
1290 1274 1396 1329 Alii
1436 1273 1640 1344 gratias
1689 1276 1882 1339 agunt,
1929 1265 2081 1336 quod

495 1372 663 1428 soluti
695 1369 930 1425 vinculis
962 1377 1124 1436 sunt;
1159 1367 1274 1434 alii,
1305 1365 1452 1438 quod
1498 1373 1555 1420 et
1598 1362 1848 1432 captivos
1893 1359 2084 1414 hostes

496 1478 628 1518 suos
653 1471 944 1532 ceperunt.

570 1553 692 1607 149.
734 1553 970 1608 Necesse
1023 1557 1109 1606 est
1157 1564 1262 1620 pro
1304 1546 1540 1602 actionis
1590 1544 1802 1615 vigore,
1853 1556 1977 1598 esse
2026 1549 2084 1596 et

497 1641 1015 1711 contemplationis;
1047 1655 1117 1695 ne
1142 1639 1294 1694 velut
1327 1637 1384 1692 in
1407 1637 1533 1692 navi
1561 1651 1673 1690 non
1696 1633 2082 1690 convenienti-

497 1733 604 1786 bus
653 1731 927 1802 justisque
989 1730 1123 1784 velis
1177 1728 1486 1791 instructa,
1551 1725 1639 1780 vel
1696 1739 1808 1795 prae
1861 1722 2081 1778 illorum

2181 528 2276 582 καὶ
2307 530 2502 583 ἑαυτὸν
2525 529 2738 598 ἀγνοῶν
2772 531 2830 583 ἐν
2852 529 2932 600 τῷ
2962 528 3238 600 εὔχεσθαι.

2253 727 2394 796 ρμξ.
2428 727 2502 782 Οὐ
2544 729 2912 798 συγχωρεῖται
2937 729 2965 780 ὁ
2999 728 3306 799 πρακτικὸς
3335 730 3416 792 είς
3463 746 3777 799 πνευματι-

2181 815 2283 888 κὴν
2313 819 2402 872 ἐπὶ
2438 819 2573 873 πολὺ
2603 820 2841 890 θεωρίαν
2869 821 3248 891 ἐγκαρτερεῖν.
3287 820 3632 891 Εὑρίσκεται
3666 823 3777 892 γὰρ

2181 910 2256 973 ὡς
2287 910 2635 975 ὲπιξενωθείς
2660 928 2789 975 τινι,
2823 913 2918 965 καὶ⁴
2955 913 3053 983 τῆς
3083 913 3296 966 ἐκείνου
3328 914 3543 984 ταχέως
3579 914 3771 976 οἰκίας

2182 1000 2646 1072 ὑπεξερχόμενος.

2255 1083 2403 1165 ρμηδ.
2435 1093 2524 1147 Ἐν
2546 1093 2744 1157 πύλαις
2769 1091 2868 1162 μὲν
2891 1093 3230 1164 εἰσέρχονται
3252 1094 3302 1146 οἱ
3335 1095 3637 1163 πρακτικοὶ
3664 1094 3776 1146 τῶν

2181 1185 2416 1238 ἐντολῶν
2461 1184 2555 1238 τοῦ
2597 1184 2734 1238 Θεοῦ
2779 1185 2838 1236 ἐν
2877 1183 2956 1253 τῷ
2985 1183 3244 1254 εὔχεσθαι
3263 1199 3276 1213 σ
3305 1184 3381 1247 ὼς
3403 1185 3460 1237 ὲν
3488 1184 3690 1247 αὐλαῖς
3721 1185 3778 1236 δὲ

2181 1277 2497 1349 ἀρετῶνιὲν
2549 1275 2761 1346 ῦμνοις,
2794 1277 2842 1328 οἱ
2875 1275 3238 1347 θεωρητικοί·
3289 1278 3339 1328 oi
3395 1276 3496 1346 μὲν
3541 1276 3777 1345 εὐχαρι-

2184 1369 2458 1433 στοῦντες,
2496 1370 2579 1423 ὅτι
2621 1368 2893 1440 ἐλύθησαν
2933 1370 3044 1422 τῶν
3070 1369 3318 1439 δεσμῶν’
3352 1371 3408 1421 οἱ
3439 1369 3518 1430 δὲ,
3550 1370 3639 1421 ὅτι
3681 1370 3780 1422 καὶ

2181 1462 2564 1533 αἰχμαλώτους
2585 1461 2844 1532 εἰλήφασι
2875 1462 3004 1524 τοὺς
3026 1460 3405 1531 πολεμοῦντας
3435 1460 3664 1524 αὐτούς.

2258 1556 2405 1625 ρμθ’.
2433 1552 2553 1624 Χρὴ
2598 1552 2741 1607 κατὰ
2771 1552 2834 1606 τὸ
2883 1553 2983 1623 τῆς
3028 1554 3344 1624 πρακτικῆς
3390 1554 3616 1624 κράτος,
3678 1554 3781 1606 καὶ

2182 1644 2244 1698 τὸ
2271 1645 2370 1715 τῆς
2400 1643 2635 1715 θεωρίας
2683 1641 3054 1715 εὑρίσκεσθαι,
3085 1643 3170 1712 ἵνα
3203 1642 3280 1713 μὴ
3315 1643 3440 1696 καθ’
3472 1644 3780 1714 ὁμοιότητα

2185 1736 2372 1790 πλοίου
2400 1735 2496 1790 τοῦ
2531 1735 2606 1808 μη
2634 1734 2948 1804 κατάλληλα
2990 1733 3060 1788 τὰ
3097 1733 3242 1788 ἱστία
3282 1735 3715 1806 ἐπιφερομένου,
3741 1737 3774 1805 ἦ

498 1823 783 1877 nimietate
817 1821 1235 1876 vehementiore
1264 1819 1398 1873 ﬂatu
1424 1814 1598 1872 aleam
1629 1815 1847 1881 subeat,
1871 1815 1957 1870 vel
1984 1830 2085 1885 pro

2200 1827 2430 1880 κίνδυνον
2459 1826 2732 1899 ὑπομείνῃ
2775 1827 2833 1879 ὲν
2876 1825 3095 1896 ἀνέμων
3148 1825 3508 1897 σφοδρότησιν
3536 1826 3629 1879 διὰ
3675 1826 3780 1897 τὴν

500 1913 723 1968 illorum
779 1929 846 1967 ex-
898 1913 1104 1984 navigii
1159 1911 1375 1967 ratione
1429 1909 1738 1982 parvitate,
1794 1913 2086 1963 ventorum

498 2005 772 2077 jacturam
805 2005 990 2061 faciat.

574 2097 698 2152 150.
738 2097 870 2168 Ejus
912 2095 1117 2167 navigii
1152 2095 1299 2167 quod
1331 2095 1545 2152 ratione
1569 2094 1820 2166 regitur,
1853 2093 2088 2163 remiges

503 2190 683 2259 cogita
719 2189 840 2258 pias
876 2189 1258 2260 cogitationes.
1294 2189 1518 2254 Remos,
1558 2187 1756 2242 vitales
1796 2186 1968 2241 animi
2002 2185 2087 2240 fa-

504 2280 760 2346 cultates,
792 2280 932 2334 iram
962 2288 1019 2334 et
1040 2280 1424 2351 cupiditatem,
1454 2279 1795 2334 voluntatem
1820 2285 1877 2333 et
1908 2277 2088 2332 consi-

507 2371 805 2428 liumrHis
840 2389 1059 2444 semper
1099 2389 1239 2444 opus
1272 2372 1460 2436 habet,
1495 2372 1589 2442 qui
1624 2370 1828 2426 actioni
1860 2369 2083 2424 studet:

509 2481 622 2521 non
660 2481 878 2536 semper
907 2476 1093 2522 autem
1131 2465 1226 2537 qui
1266 2465 1454 2520 studet
1483 2462 1959 2534 contemplationi.
1987 2463 2090 2517 llic

506 2561 655 2615 enim
702 2561 848 2614 inter
894 2559 1163 2614 orandum
1217 2559 1433 2614 cunctis
1483 2557 1667 2612 valere
1711 2557 1914 2629 jussis,
1972 2557 2089 2626 ipse

505 2651 747 2720 seipsum
777 2650 843 2704 ad
865 2649 1060 2720 judicii
1084 2656 1356 2719 certaeque
1381 2647 1714 2718 cognitionis
1735 2646 1950 2701 clavum
1975 2647 2089 2700 col-

504 2744 729 2806 locans,
789 2750 1011 2798 noctem
1064 2750 1232 2796 totam
1284 2740 1769 2811 contemplationis
1821 2737 2089 2794 insomnis

505 2835 636 2904 agit,
667 2836 830 2906 hujus
860 2849 1045 2890 rerum
1084 2833 1462 2889 universitatis
1487 2831 1863 2887 conservatori
1895 2829 2090 2885 laudes

505 2925 767 2980 oﬂ‘erens.
820 2925 928 2981 Sed
971 2933 1028 2980 et
1072 2923 1404 2994 quandoque
1445 2923 1774 2979 amatorium
1810 2922 2089 2994 quoddam

505 3016 680 3070 melos
710 3031 1028 3080 assumens,
1065 3031 1166 3070 suo
1195 3015 1369 3086 ipsius
1401 3015 1605 3071 accinit
1634 3015 1844 3077 animo,
1889 3013 2088 3084 reliqui

2187 1918 2461 1989 ἀμετρίαν
2495 1917 2698 1983 αὑτῶν,
2736 1916 2770 1988 ἢ
2800 1917 3004 1987 ζημίαν
3037 1919 3365 1988 πνευμάτων
3393 1918 3482 1972 διὰ
3501 1917 3599 1989 τὴν
3630 1919 3774 1989 πρὸς

2186 2010 2248 2064 τὸ
2283 2013 2490 2080 σκάφος
2520 2010 2885 2082 σμικρότητα.

2259 2110 2360 2175 ρνν.
2408 2101 2635 2172 Ἐρέτας
2693 2102 2793 2172 μὲν
2839 2101 2936 2156 τοῦ
2977 2102 3201 2171 λογικοῦ
3258 2102 3469 2166 πλοίου,
3511 2103 3624 2156 νόει
3646 2106 3778 2167 τοὺς

2189 2196 2436 2258 εὑσεὸεῖς
2474 2193 2771 2265 λογισμούς
2791 2209 2804 2224 ·
2843 2194 3038 2258 κώπας
3091 2195 3170 2260 δὲ,
3203 2194 3305 2259 τὰς
3333 2195 3574 2260 ζωτικάς
3599 2197 3770 2250 δυνά·-

2191 2305 2314 2358 μεις
2339 2288 2436 2357 τῆς
2459 2286 2659 2357 ψυχῆς,
2691 2286 2863 2357 θυμὸν
2892 2287 2990 2340 καὶ
3037 2287 3356 2357 ἐπιθυμίαν,
3393 2287 3652 2360 βούλησιν
3678 2291 3776 2342 καὶ

2189 2379 2530 2449 προαίρεσιν.
2583 2377 2802 2430 Τούτων
2856 2380 2885 2430 ὁ
2947 2378 3048 2448 μὲν
3109 2379 3434 2450 πρακτικὸς,
3495 2382 3556 2433 ὲν
3607 2380 3775 2451 χρείᾳ

2189 2469 2306 2522 ἐστὶ
2353 2470 2584 2523 πάντοτε
2609 2483 2620 2496 ·
2649 2467 2710 2521 οὑ
2744 2467 2974 2522 πάντοτε
3002 2469 3062 2522 δὲ
3089 2469 3117 2521 ὁ
3147 2469 3498 2541 θεωρητικός.
3546 2472 3637 2523 Ἐν
3663 2473 3774 2544 γὰρ

2188 2559 2266 2631 τῷ
2297 2559 2474 2632 καιρῷ
2509 2559 2611 2630 τῆς
2668 2560 2833 2630 εὑχῆς
2879 2561 3089 2632 χαίρειν
3139 2558 3294 2627 οὗτος
3355 2565 3525 2616 πᾶσιν
3575 2564 3770 2630 εἰπὼν,

2190 2651 2353 2714 αὑτὸς
2389 2650 2580 2704 ἑαυτὸν
2611 2651 2706 2704 ἐπὶ
2732 2651 2842 2705 τῶν
2874 2651 2976 2722 τῆς
3013 2652 3358 2722 διαγνώσεως
3383 2655 3588 2709 οἰάκων
3633 2656 3771 2709 καθ-

2192 2743 2341 2808 ίζων,
2371 2743 2461 2798 διὰ
2497 2743 2678 2815 πάσης
2711 2744 2984 2816 ἐγρήγορε
3010 2746 3108 2816 τῆς
3138 2747 3280 2799 κατὰ
3297 2747 3533 2816 θεωρίαν
3552 2748 3769 2811 νυκτὸς,

2188 2835 2424 2899 αἰνέσεις
2450 2836 2742 2905 προσάγων
2783 2836 2862 2906 τῷ
2897 2840 3113 2907 συνοχεῖ
3141 2837 3234 2890 τοῦ
3265 2838 3488 2896 παντός.
3528 2839 3640 2893 Καί
3670 2840 3775 2892 ποῦ

2195 2943 2253 2980 τι
2287 2927 2382 2978 καὶ
2433 2926 2594 2995 μέλος
2645 2924 2910 2995 ἐρωτικὸν
2962 2926 3389 2996 ἅναλαϐόμενος,
3444 2931 3512 2997 τῇ
3572 2929 3775 2981 ἑαυτοῦ

2191 3016 2522 3088 προσεπᾲδει
2542 3015 2712 3088 ψυχῇ,
2738 3017 2865 3079 τοὺς
2901 3019 3002 3087 τῆς
3028 3017 3194 3087 ἄλλης
3217 3018 3495 3088 θαλάσσης
3532 3021 3780 3072 ἀποσκο-

508 3107 676 3162 maris
729 3108 998 3162 elationes
1040 3106 1416 3171 considerans,
1468 3121 1532 3161 ac
1587 3106 1741 3160 velut
1792 3104 2088 3159 frementes

2200 3108 2311 3160 πῶν
2345 3108 2774 3179 μετεωρισμοὺς,
2807 3108 2903 3160 καὶ
2933 3107 3009 3170 ὡς
3039 3107 3260 3179 ροθίζας
3305 3110 3550 3178 κινήσεις
3581 3109 3684 3177 (ὁ),
3709 3112 3775 3163 τὰ

505 3199 798 3265 fluctus“,
839 3200 1024 3255 divina
1067 3199 1237 3255 verba
1281 3215 1345 3254 ac
1375 3198 1800 3269 justiﬁcationes
1839 3207 2087 3266 stupens.

579 3295 701 3350 151.
741 3294 844 3362 Qui
878 3294 1060 3350 medio
1084 3309 1144 3349 se
1169 3294 1333 3350 modo
1369 3295 1533 3349 habet
1561 3294 1708 3349 inter
1735 3292 2006 3347 actionem
2035 3301 2092 3346 et

504 3385 1054 3454 contemplationem,
1093 3399 1198 3439 nec
1229 3400 1447 3455 semper
1481 3392 1773 3437 nautarum
1816 3398 1967 3436 more
2007 3397 2093 3436 re-

510 3474 747 3544 migandi
797 3475 988 3529 labore
1041 3474 1445 3544 navigationem
1496 3473 1647 3537 facit,
1697 3488 1802 3528 nec
1853 3487 2091 3542 prorsus

507 3570 855 3640 spiritalibus
882 3570 1047 3635 velis;
1081 3571 1178 3625 sed
1218 3571 1469 3640 utrisque
1510 3568 1686 3624 felicis
1719 3583 1878 3622 usum
1911 3567 2092 3637 explet

507 3663 870 3734 navigationis
898 3680 912 3716 :
946 3663 1185 3718 dulciter
1214 3662 1397 3718 ferens
1429 3677 1554 3717 cum
1589 3659 1821 3715 actionis
1851 3659 2089 3725 labores,

507 3770 616 3824 qua
655 3755 741 3810 vel
776 3755 992 3810 modice
1037 3754 1209 3826 fulget
1249 3751 1737 3823 contemplationis
1777 3751 1922 3815 luce,
1975 3760 2090 3805 tum

510 3847 845 3917 imperfectae
889 3847 1132 3902 rationes
1172 3844 1679 3916 contemplationis,
1721 3857 1790 3897 ex
1835 3842 2092 3915 adjuncta

509 3937 746 3993 actionis
776 3953 904 4008 ope.
2042 4002 2049 4008 I

585 4031 704 4092 152.
744 4030 1209 4102 Contemplationi
1246 4031 1487 4096 deditus,
1524 4039 1782 4084 naturam
1819 4029 2091 4084 voluntati

509 4121 755 4191 proclive
795 4124 1061 4180 asseclam
1106 4122 1339 4188 habens,
1379 4123 1530 4176 velut
1576 4121 1853 4176 secundus
1895 4130 2092 4191 sponte

510 4211 712 4280 ﬂuxus,
766 4215 920 4270 nullo
969 4215 1158 4270 labore
1204 4215 1609 4285 navigationem
1657 4213 1788 4268 facit
1817 4231 1829 4266 :
1858 4212 2094 4267 actionis

509 4313 694 4360 autem
725 4307 925 4371 cultor,
957 4306 1306 4362 aﬂectionem
1339 4321 1403 4361 ac
1427 4304 1713 4360 libidinem
1749 4312 1961 4360 natura:
1991 4305 2091 4358 ad-

511 4406 821 4451 versantem
860 4407 1075 4464 nactus,
1120 4397 1517 4468 cogitationum
1559 4396 1937 4452 collidentium
1967 4412 2094 4466 pro-

2195 3196 2312 3250 θεῖα
2337 3196 2856 3266 καταπληττόμενος
2904 3199 3129 3269 ῥήματά
3159 3215 3220 3250 τε
3261 3200 3358 3250 καὶ
3402 3199 3773 3268 δικαιώματα.

2267 3293 2405 3356 ρνα’.
2447 3286 2503 3338 Ὀ
2554 3285 2736 3356 μέσως
2791 3285 2930 3356 ἔχων
2981 3286 3111 3356 περὶ
3161 3284 3362 3356 πρᾶξιν
3392 3288 3487 3338 καὶ
3512 3287 3768 3356 θεωρίαν,

2192 3375 2316 3430 οὔτε
2341 3377 2512 3448 πάντη
2546 3378 2664 3440 ταῖς
2695 3375 2911 3439 κώπαις
2943 3377 3082 3430 κατὰ
3114 3379 3241 3440 τοὺς
3269 3379 3546 3439 ναυτικοὺς
3587 3379 3765 3429 ποιεῖ-

2191 3486 2278 3521 ται
2333 3467 2424 3520 τὸν
2467 3468 2668 3533 πλοῦν,
2724 3467 2839 3521 οὗθ’
2891 3468 3051 3533 ὅλως,
3090 3471 3202 3532 τοῖς
3259 3471 3470 3539 νοητοῖς
3531 3468 3763 3532 ἱστίοις·

2191 3559 2327 3615 ἀλλὰ
2356 3561 2423 3613 δι’
2459 3560 2788 3630 ἀμφοτέρων
2832 3561 2934 3631 τὴν
2961 3560 3153 3632 χρείαν
3183 3561 3287 3631 τῆς
3317 3562 3576 3624 εὑπλοῖας
3601 3563 3776 3630 ἐργά-

2193 3650 2376 3715 ζεται·
2413 3650 2585 3720 ἡδέως
2632 3650 2814 3722 φέρων
2865 3651 2959 3703 καὶ
2992 3651 3120 3713 τοὺς
3148 3650 3345 3712 πόνους
3372 3650 3469 3719 τῆς
3499 3647 3778 3719 πράξεως,

2191 3742 2280 3796 διὰ
2313 3740 2374 3793 τὸ
2406 3741 2624 3810 μέτριον
2652 3741 2753 3811 τῆς
2804 3740 3077 3812 θεωρίας’
3109 3741 3205 3794 καὶ
3249 3742 3379 3804 τοὺς
3437 3741 3635 3808 λόγους
3679 3744 3778 3810 τῆς

2193 3833 2418 3898 ἀτελοῦς
2463 3833 2720 3904 θεωρίας,
2750 3832 2841 3887 διὰ
2871 3833 2931 3886 τὸ
2961 3832 3278 3904 βοηθεῖσθαι
3334 3833 3441 3886 ὑπὸ
3491 3836 3594 3900 τῆς
3645 3832 3781 3903 πρά-

2193 3924 2351 3991 ξεως.

2268 4014 2402 4086 ρνβ’.
2453 4015 2511 4070 ’0
2566 4016 2663 4086 μὲν
2714 4015 3070 4088 θεωρητικὸς,
3115 4017 3183 4087 τῇ
3238 4016 3436 4088 γνώμῃ
3479 4017 3582 4089 τὴν
3615 4019 3786 4088 φύσιν

2193 4105 2332 4178 ἔχων
2362 4109 2782 4179 συντρέχουσαν,
2805 4108 2881 4172 ὡς
2909 4105 3021 4162 οἷόν
3043 4127 3095 4163 τι
3125 4108 3325 4180 ῥεῦμα,
3353 4111 3576 4172 ἀπόνως
3606 4117 3784 4165 ποιεῖ.

2190 4215 2282 4250 ται
2326 4197 2385 4250 τὸ
2444 4197 2690 4269 πλώϊμον
2717 4214 2730 4230 ⁶
2768 4201 2796 4253 ὁ
2841 4198 2899 4252 δὲ
2946 4199 3253 4271 πρακτικὸς
3281 4239 3296 4263 ,
3346 4200 3786 4272 ἐναντιουμένην

2193 4288 2465 4360 εὑρίσκων
2509 4292 2576 4360 τῇ
2630 4290 2954 4361 προαιρέσει
3001 4291 3100 4362 τὴν
3146 4289 3366 4360 σχέσιν,
3419 4292 3592 4346 πολὺν
3627 4293 3786 4361 λογι-

2195 4379 2348 4451 σμῶν
2373 4380 2667 4450 ὑφίσταται
2695 4381 2962 4447 κλύδωνα,
2990 4381 3068 4446 ὼς
3092 4383 3173 4446 είς
3211 4383 3543 4438 ἀπευδοκίαν
3576 4386 3786 4458 μικροῦ

514 4487 652 4542 cella
696 4487 891 4543 durius
930 4490 1203 4557 quatitur;
1242 4505 1550 4560 parumque
1584 4488 1739 4544 abest
1777 4503 1846 4544 ne
1887 4487 2088 4543 laboris

2200 4472 2311 4526 δεῖν
2337 4472 2427 4527 διὰ
2449 4473 2510 4526 τὺ
2537 4472 2703 4546 βάρος
2734 4473 2930 4528 ἐλθεῖν.
2968 4509 2978 4520 .-

514 4579 761 4634 molestia
787 4579 1126 4648 despondeat
1152 4581 1420 4635 animum.

585 4669 707 4722 155.
749 4667 860 4723 Nec
883 4684 1017 4723 arvo
1039 4679 1440 4739 comparatum,
1464 4668 1570 4723 nisi
1597 4669 1763 4738 probe
1788 4668 2094 4732 excolatur,

515 4768 576 4814 ut
607 4761 814 4815 serenti
854 4761 1082 4816 uberem
1109 4777 1174 4819 ac
1200 4762 1490 4833 probatam
1519 4760 1780 4816 refundat
1808 4769 2050 4832 segetem
2080 4777 2095 4814 :

515 4852 596 4910 sic
617 4867 720 4907 nec
749 4854 950 4919 activo,
977 4854 1082 4909 nisi
1121 4853 1412 4925 diligenter
1439 4851 1712 4907 actionem
1734 4850 1882 4905 colat
1907 4859 2093 4905 extra-

516 4956 622 5009 que
652 4957 869 4997 onmem
897 4943 1241 5014 jactantiam,
1269 4952 1332 4998 ut
1361 4942 1674 4999 afﬂuentem
1715 4939 2095 5010 mundumque

517 5046 585 5084 ex
613 5031 865 5088 oratione
897 5033 1086 5089 videat
1113 5033 1377 5090 fructum.

587 5194 631 5225 δ’
659 5193 802 5249 Psal.
836 5211 941 5250 xcn
995 5198 1048 5250 .l.

595 5353 675 5425 (ὁ),
696 5352 802 5407 Καὶ
854 5353 935 5416 ὡς
962 5352 1204 5425 {lca/(ac
1231 5356 1528 5425 κινήσεις.
1559 5355 1705 5423 Quin
1731 5357 1805 5411 sit
1829 5355 2091 5413 mendum

527 5423 716 5498 in‘illa
751 5436 909 5498 voce,
941 5423 1126 5498 nullus
1175 5423 1395 5498 dubito.
1443 5428 1527 5483 Sit
1573 5427 1714 5483 forte
1760 5428 1965 5498 ροθίας,
2009 5427 2097 5481 vel

527 5492 906 5572 ῥοθιαζοὺσας,
937 5496 1084 5572 quod
1109 5497 1278 5551 etiam
1316 5499 1549 5572 verbum
1587 5492 2096 5572 agnoscitllesych.

527 5567 686 5638 quasi
713 5571 992 5638 trementes
1018 5567 1208 5638 ﬂuctus
1244 5567 2099 5638 commotionesprocellamque;

2271 4663 2406 4734 ρνγ’.
2435 4662 2571 4717 Οῦτε
2610 4662 2764 4734 χώρα
2795 4664 2869 4735 μὴ
2901 4663 3082 4727 καλῶς
3103 4665 3569 4736 κατεργασθεῖσα,
3605 4668 3783 4722 πολὺ⁹

2195 4773 2322 4828 χουν
2346 4757 2442 4810 καὶ
2465 4754 2706 4826 καθαρὸν
2735 4755 3126 4827 ἀντιπαρέχειν
3145 4756 3226 4827 τῷ
3258 4757 3540 4828 σπείροντι
3563 4759 3786 4823 εἴωθεν,

2199 4845 2321 4901 οὔτε
2352 4848 2380 4900 ὁ
2411 4847 2510 4918 τὴν
2543 4844 2856 4917 πρακτικὴν
2890 4845 3311 4916 μετερχόμενος,
3353 4848 3403 4899 εἰ
3450 4846 3528 4917 μὴ
3583 4848 3789 4918 ἐπιμε-

2199 4937 2309 5001 λῶς
2343 4937 2548 5008 ταύτην
2600 4938 2694 4990 καὶ
2734 4937 3002 5008 φανητίας
3031 4937 3160 4990 ἄνευ
3213 4938 3568 5008 μετέρχεται,
3599 4940 3700 4994 τὸν
3732 4939 3794 5006 ἐξ

2201 5032 2366 5103 εὑχῆς
2395 5031 2584 5102 ὄψεται
2605 5029 2818 5102 καρπὸν
2850 5027 3018 5084 πολύν
3039 5046 3100 5082 τε
3123 5032 3214 5085 καὶ
3235 5029 3492 5100 καθαρόν.

2199 5370 2308 5424 que
2337 5351 3082 5424 aliosintercipientibusac
3124 5367 3183 5406 se
3241 5360 3432 5405 mutuo
3463 5352 3789 5408 collidenti-

2196 5422 2323 5488 bus,
2357 5427 2642 5496 allisisque
2673 5422 2960 5496 adlittora
2987 5422 3241 5492 ipsasque
3268 5436 3437 5496 rupes
3463 5437 3528 5496 ac
3573 5435 3785 5485 cautes,

2197 5499 2464 5567 strepitus
2510 5492 2788 5568 ejusmodi
2826 5509 2890 5547 ac
2937 5492 3365 5572 fragorprocul
3416 5493 3638 5572 rebitet.
3698 5496 3789 5572 qui

2200 5563 2471 5622 terrorem
2515 5563 2580 5622 ac
2621 5573 2910 5633 stuporem
2943 5563 3205 5634 injiciat':
3237 5579 3359 5634 qua:
3407 5565 3602 5618 omnia
3633 5566 3790 5634 quasi

533 5636 593 5680 ut
621 5629 728 5705 alia
745 5632 906 5686 aliam
935 5629 1126 5705 vocem
1165 5637 1436 5692 Maximus
1479 5629 1736 5705 explicet.
1789 5639 1900 5692 Hoc
1949 5629 2101 5692 enim
2198 5637 2308 5691 alio
2333 5638 2386 5692 in
2419 5637 2554 5690 mari
2590 5629 2790 5705 procul
2821 5629 3166 5705 considerat.
3197 5629 3291 5703 qui
3337 5633 3455 5704 ipse
3485 5629 3792 5704 tranquillo

531 5703 799 5775 praestant
822 5702 987 5755 maris
1025 5704 1314 5769 elationes,
1347 5715 1406 5760 ut
1430 5702 1638 5760 ﬂuctus
1659 5708 1742 5761 sic
1768 5708 1975 5775 impetu
2009 5724 2100 5763 as-

538 5767 911 5836 surgentibus,
944 5779 1170 5841 tumque
1199 5767 1391 5832 eadem
1413 5777 1466 5832 vi
1493 5767 1933 5844 subsidentibus,
1957 5778 2106 5835 aliis-

2200 5703 2686 5776 contemplationis
2713 5704 2875 5776 mari,
2902 5703 3065 5776 velut
3098 5704 3171 5776 ad
3194 5703 3409 5758 clavum
3461 5703 3656 5774 quiete
3705 5721 3791 5762 se-

2203 5778 2339 5836 dens
2371 5774 2563 5849 illique
2590 5775 2959 5842 indormiens,
2981 5774 3230 5830 vehitur.
