4046 6196
310 357 443 424 1437
1480 364 1657 424 ALIA
1700 364 1801 423 EX
1840 365 1908 423 V1

1983 363 2082 423 ‘IC.
2127 365 2414 428 CAPITA.
2564 392 2567 394 ·
3446 374 3581 440 1438

378 471 508 542 ρνδν.
556 468 679 521 Ἐπὶ
729 467 826 539 μὲν
858 467 967 521 τῶν
998 467 1219 531 ἐνύλων,
1263 468 1292 519 ὁ
1321 468 1445 532 νοῦς
1478 470 1738 539 συνεργὸν
1770 469 1883 539 ἔχει
1913 474 1958 528 Α

2062 472 2182 527 154.
2226 472 2285 526 In
2318 473 2572 538 terrenis,
2608 489 2764 531 mens
2794 477 3147 549 adjuvantem
3183 480 3451 536 rationem
3480 484 3581 539 ha-

303 562 395 615 τὸν
428 561 688 632 λογισμόν
710 579 722 592 ·
750 561 843 613 ἐπὶ
898 559 954 613 δὲ
986 560 1094 613 τῶν
1117 560 1317 623 ἁΰλων,
1355 563 1403 614 εἰ
1435 561 1510 633 μὴ
1544 562 1705 614 αὺτδν
1751 579 1892 631 παρ-

1993 562 2087 619 bct
2138 578 2202 618 ac
2252 563 2671 634 cogitationem;
2718 569 2774 621 in
2808 568 3151 637 spiritalibus
3193 586 3324 627 vero
3365 582 3421 627 et
3461 589 3582 644 qua;

302 655 622 724 αιτήσηται,
663 653 739 717 ὡς
788 652 1063 706 σκώλωπα
1092 650 1232 724 [ιιιέῂ
1264 652 1548 724 σκόλοπα.]
1578 654 1689 721 ἕξει
1730 653 1890 707 κολοι⁶

1992 664 2122 711 sunt
2153 666 2306 711 extra
2340 657 2664 725 materiam,
2696 660 2802 714 nisi
2831 677 2951 716 eam
2990 664 3366 733 repudiaverit
3387 706 3401 730 ,
3433 668 3580 722 velut

304 745 554 814 φίζοντα.

1992 748 2274 803 stimulum
2303 748 2738 818 colaphizantem
2768 752 2996 808 habebit
3017 754 3082 809 ⁵³.

379 836 506 907 ρνε’.
545 835 828 906 Κάλυμμα
895 838 995 907 μὲν
1050 839 1163 908 ἔχει
1216 841 1244 892 ὁ
1298 839 1602 909 πρακτικὸς
1652 841 1745 894 ἐπὶ¹
1790 840 1890 909 τὴν

2060 840 2226 911 659
2254 842 2374 896 155.
2404 842 2625 897 Actioni
2656 844 2886 899 studens
2912 846 3164 901 velamen
3189 848 3352 904 habet
3379 851 3433 904 in
3459 866 3581 905 ora-

303 928 534 999 καρδίαν
576 929 742 983 αὑτοῦ
775 931 832 982 ἐν
859 930 1017 1001 εὐχῇ,
1050 930 1148 1000 τὴν
1194 929 1396 999 γνῶσιν
1436 931 1546 983 τῶν
1590 931 1888 1003 αἰσθητῶν,

1996 931 2149 986 tione
2184 947 2353 1001 super
2385 948 2482 987 cor
2520 936 2788 1004 positum,
2813 952 3006 991 earum
3054 954 3240 994 rerum
3288 941 3575 1006 notitiam,

302 1021 757 1089 ἁνακαλυφθῆναι
793 1021 881 1074 διὰ
904 1022 1001 1091 τὴν
1032 1021 1218 1092 σχέσιν
1257 1024 1334 1094 μὴ
1364 1023 1696 1094 δυνάμενον·
1728 1024 1890 1093 μόνος

1994 1040 2117 1096 qua:
2158 1025 2215 1079 in
2250 1040 2475 1080 sensum
2513 1027 2747 1093 cadunt,
2784 1030 3021 1085 revelari
3058 1047 3169 1086 non
3210 1034 3421 1099 valens,
3458 1050 3566 1104 qua

299 1112 356 1165 δὲ
381 1115 409 1165 ὁ
441 1114 780 1189 θεωρητικὸς
829 1114 917 1166 διὰ
954 1115 1015 1167 τὸ
1069 1114 1324 1185 ἄσχετον,
1374 1115 1890 1187 ἀνακεκαλυμμένῳ

1996 1117 2106 1172 illis
2134 1116 2431 1175 affectione
2455 1120 2735 1176 addicitur
2770 1140 2784 1175 :
2813 1122 2909 1191 qui
2940 1139 3073 1179 vero
3105 1125 3293 1180 studet
3322 1137 3574 1182 contem—

303 1203 585 1273 προσώπῳ
634 1206 767 1276 ὁρᾷν
796 1205 904 1259 ἀπὸ
938 1205 1137 1277 μέρους
1180 1206 1405 1261 δύναται
1459 1207 1557 1278 τὴν
1609 1207 1766 1275 δόξαν
1794 1207 1888 1261 τοῦ

1992 1208 2244 1279 plationi,
2281 1210 2430 1280 quod
2461 1228 2524 1268 ea
2554 1213 2698 1269 liber
2733 1221 2791 1269 ct
2829 1216 3045 1271 solutus
3078 1217 3172 1282 sit,
3212 1218 3455 1275 revelata
3488 1220 3569 1274 fa-

301 1295 459 1350 θεοῦ.
1992 1300 2075 1355 cie
2104 1302 2201 1356 Dei
2230 1302 2460 1372 gloriam
2490 1320 2558 1360 ex
2588 1314 2745 1374 parte
2770 1307 2962 1363 videre
2993 1308 3267 1378 potest“.

386 1399 531 1462 ρνς¹.
574 1391 640 1443 Ἠ
678 1390 817 1464 μετὰ
866 1392 1247 1464 πνευματικῆς
1286 1392 1520 1464 θεωρίας
1568 1393 1726 1464 εὐχὴ,
1756 1396 1787 1464 ἡ
1818 1394 1888 1463 γῆ

2060 1392 2181 1448 156.
2229 1392 2472 1464 Spiritali
2528 1399 2987 1468 contemplationi
3036 1400 3332 1471 conjuncta
3376 1404 3572 1467 oratio,

301 1489 404 1558 τῆς
435 1486 768 1554 ἐπαγγελίας
793 1486 962 1549 ἐστὶν,
996 1484 1118 1538 καθ’
1147 1486 1210 1555 ἣν
1240 1485 1352 1555 ῥέει
1373 1484 1448 1548 ὡς
1482 1485 1604 1552 μέλι
1635 1485 1728 1539 καὶ
1748 1486 1889 1554 γάλα

1992 1495 2137 1540 terra
2170 1494 2257 1541 est
2310 1489 2718 1557 promissionis,
2754 1508 2885 1562 qua,
2921 1493 3101 1548 mellis
3134 1493 3312 1547 instar
3357 1503 3413 1549 et
3464 1496 3576 1549 lac-

306 1579 576 1652 ἡγνῶσις
620 1578 732 1631 τῶν
786 1578 915 1648 περὶ
960 1577 1219 1649 προνοίας
1273 1577 1371 1630 καὶ
1421 1576 1657 1648 κρίσεως
1715 1578 1889 1646 λόγων

1993 1573 2065 1628 tis
2099 1573 2168 1639 “,
2195 1573 2316 1629 ﬂuit
2343 1577 2575 1633 scientia
2601 1580 2880 1634 rationum
2908 1582 3273 1650 providentia:
3297 1592 3352 1637 et
3377 1584 3574 1654 judicii

305 1672 440 1725 Θεοῦ
465 1689 476 1701 ⁸
500 1673 535 1742 ὴ
568 1671 624 1723 δὲ
658 1670 802 1740 μετὰ
846 1686 992 1731 τινος
1035 1669 1291 1739 φυσικῆς,
1346 1668 1380 1739 ἡ
1435 1667 1730 1736 Αἴγυπτος,
1773 1662 1888 1741 ἐνῇ

1992 1660 2113 1716 Dei.
2177 1662 2310 1729 Quae
2356 1680 2489 1720 vero
2526 1670 2768 1723 naturali
2830 1672 3196 1739 speculationi
3223 1713 3236 1736 ,
3278 1672 3572 1745 Egyptns,

303 1764 411 1817 τῶν
455 1762 778 1832 παχυτέρων
826 1759 1137 1831 ἐπιθυμιῶν
1186 1760 1377 1829 μνήμη
1422 1761 1535 1822 τοῖς
1570 1759 1887 1830 εὐχομένοις

1992 1768 2092 1823 per
2117 1769 2285 1824 quam
2320 1757 2612 1813 orantibus
2652 1759 2990 1814 crassiorum
3038 1763 3409 1831 cupiditatum
3456 1782 3575 1821 me-

302 1822 602 1924 ἐγγίνετοίι.
740 1853 798 1906 δέ
828 1869 893 1921 γε
926 1822 1096 1922 ἁπλῆ,
1123 1822 1199 1905 1:?)~
1217 1822 1395 1922 μάννα
1442 1852 1561 1905 ἐστὶ
1600 1822 1667 1904 τῦ
1706 1822 1770 1906 ἐν
1818 1855 1882 1923 τῇ

1989 1846 2167 1901 moria
2205 1846 2423 1917 obrepit
2451 1847 2516 1901 “.
2550 1848 2794 1919 Simplex
2822 1860 3010 1905 autem
3033 1853 3234 1917 oratio,
3262 1869 3462 1909 manna
3491 1866 3576 1911 est

302 1949 517 2017 ἐρήμῳ,
553 1946 614 1999 τὸ
659 1945 747 1999 διὰ
790 1945 851 1999 τὸ
886 1944 1177 2015 μονοειδὲς,
1203 1947 1317 2007 τοῖς
1355 1944 1458 2014 μὲν
1485 1944 1885 2016 ἀκαρτερήτοις

1986 1936 2043 1991 in
2079 1936 2321 2004 deserto,
2356 1954 2422 1994 ea
2456 1939 2671 1994 ratione
2690 1956 2797 2010 qua
2832 1942 3109 1998 uniforme
3137 1952 3281 2009 erat,
3309 1960 3417 1999 non
3445 1961 3571 2000 sus-

301 2038 649 2092 ἐναποκλείον
701 2037 771 2090 τὰ
826 2037 892 2091 δι’
942 2037 1241 2107 ἐπιθυμίας
1287 2035 1400 2090 τῶν
1449 2037 1883 2108 ἐπηγγελμένων

1986 2030 2296 2085 tinentibus
2322 2030 2647 2101 cupiditatis
2684 2032 2808 2087 labe
2834 2032 2903 2097 ⁸⁷,
2933 2034 3373 2103 promissionum
3427 2038 3572 2092 bona

301 2133 474 2187 καλά·
508 2135 619 2196 τοῖς
648 2133 705 2186 δὲ
739 2131 1138 2201 ἐγκαρτεροῦσι
1187 2130 1254 2200 τῇ
1284 2129 1513 2202 τοιαύτῃ
1569 2130 1882 2183 ἀπεστενω-

1983 2121 2321 2189 occludens;
2351 2122 2440 2177 his
2464 2138 2597 2177 vero
2632 2124 2728 2192 qui
2754 2132 2910 2178 arcto
2941 2124 3038 2179 illo
3075 2126 3202 2180 cibo
3241 2136 3568 2184 constanter

304 2227 442 2298 μένῃ
475 2227 673 2297 τροφῇ,
718 2222 1014 2295 προξενοῦν
1051 2222 1151 2295 τὴν
1185 2223 1421 2295 κρείττω
1440 2221 1630 2291 γεῦσιν
1660 2224 1756 2275 καὶ
1789 2223 1883 2294 μέ-

1982 2222 2386 2278 vescerentur,
2428 2213 2701 2284 potiorem
2757 2221 2982 2284 gustum
3027 2224 3194 2285 atque
3245 2227 3564 2273 manentem

298 2337 514 2375 νουσαν.
712 2307 733 2315 “

1984 2311 2255 2371 prmstans
2283 2304 2349 2356 ⁸⁸.

372 2412 501 2484 ρνζ’.
542 2411 747 2482 Πρᾶξις
778 2411 877 2464 σὺν
902 2409 1107 2482 θεωρίᾳ
1132 2409 1229 2481 μέν
1256 2409 1331 2473 ὡς
1362 2408 1525 2479 σῶμα
1552 2408 1690 2480 μετὰ
1718 2407 1881 2461 πνεύ-

2058 2396 2178 2449 157.
2210 2395 2370 2450 Actio
2425 2396 2896 2467 contemplatione
2946 2397 3081 2453 fulta
3108 2441 3122 2466 ,
3175 2399 3331 2455 velut
3370 2415 3573 2472 corpus

301 2506 468 2574 ματος
519 2501 850 2574 ἡγεμονικοῦ
888 2502 956 2570 (c)
985 2503 1154 2557 ’ἄνευ
1205 2501 1262 2554 δέ
1310 2501 1564 2571 θεωρίας,
1616 2499 1691 2565 ὡς
1744 2499 1880 2571 σάρξ

1982 2493 2105 2550 cst,
2139 2486 2341 2556 spiritu
2409 2487 2610 2543 fultum
2664 2490 2959 2560 principali
2998 2492 3130 2546 :cui
3181 2501 3365 2548 autem
3414 2492 3570 2549 deest

300 2598 440 2668 μετὰ
476 2596 789 2667 πνεύματος
810 2595 1202 2665 προαιρετικοῦ
1241 2594 1643 2664 λογισθήσεται.

1981 2579 2401 2649 contemplatio,
2466 2580 2622 2636 velut
2661 2596 2796 2637 caro
2844 2598 2972 2638 cum
3026 2583 3218 2640 liberte
3265 2586 3571 2641 voluntatis

1981 2670 2179 2739 spiritu
2216 2671 2587 2740 reputabitur.
3314 2698 3322 2706 ι

366 2779 502 2842 ρνη’.
540 2772 652 2842 Τῆς
698 2770 925 2841 λογικῆς
960 2771 1160 2842 ψυχῆς,
1208 2770 1347 2841 αὐλὴ
1401 2770 1499 2841 μὲν
1527 2772 1562 2841 ἡ
1590 2770 1877 2842 αἴσθησις·

2054 2761 2176 2816 158.
2217 2762 2401 2817 Animi
2450 2763 2661 2821 utentis
2702 2766 2936 2831 ratione,
2966 2767 3173 2821 atrium
3210 2782 3409 2825 sensus
3443 2780 3566 2825 est:

296 2864 423 2928 ναὸς
455 2864 533 2927 δὲ,
572 2868 607 2934 ἡ
652 2864 895 2917 διάνοια·
950 2864 1243 2934 ἀρχιερεὺς
1295 2863 1372 2929 δὲ,
1416 2864 1447 2915 ὁ
1488 2862 1631 2927 νοῦς.
1672 2864 1760 2915 Ἐν
1809 2865 1877 2933 τῇ

1980 2854 2284 2923 templum,
2323 2870 2500 2921 mens,
2529 2857 2799 2925 pontifex,
2863 2859 3027 2914 ratio.
3079 2860 3270 2931 Itaque
3319 2862 3375 2915 in
3429 2864 3570 2916 atrio

294 2958 430 3028 αὐλῇ
458 2953 553 3010 οὖν
586 2956 824 3021 ἵσταται,
857 2957 886 3009 ὀ
926 2957 1016 3008 ὑπ’
1065 2955 1311 3025 ἀκαίρων
1364 2955 1487 3019 νοῦς
1538 2956 1873 3028 περικοπτό-

1978 2953 2234 3000 versatur
2276 2962 2341 3001 ea
2371 2963 2549 3016 mens,
2610 2965 2734 3019 quae
2793 2950 3130 3020 importunis
3176 2953 3566 3022 interpellatur

299 3067 459 3118 μενος
507 3047 821 3117 λογισμῶν·
857 3049 915 3099 ἐν
960 3047 1038 3117 τῷ
1069 3034 1197 3117 ναῷ
1236 3047 1316 3110 δὲ,
1368 3048 1395 3099 ὁ
1430 3047 1535 3100 ὑπὸ
1564 3049 1873 3118 εὐκαίρων·

1978 3038 2449 3108 cogitationibus:
2489 3041 2545 3094 in
2594 3042 2800 3111 templo
2835 3058 2988 3108 vero,
3034 3061 3156 3115 quae
3194 3046 3565 3115 opportunis:

296 3141 380 3192 ἐπ’
412 3139 590 3193 οὐδενὶ
616 3139 674 3192 δέ
695 3137 921 3201 τούτων,
956 3139 983 3190 ὁ
1016 3139 1096 3200 είς
1129 3138 1191 3191 τὸ
1226 3138 1371 3192 θεῖον
1411 3140 1677 3210 ἱερατείον
1713 3139 1877 3204 ἀξιω-

1983 3128 2038 3183 in
2070 3138 2271 3185 neutro
2302 3141 2510 3200 autem,
2538 3132 2635 3203 qui
2669 3132 2725 3187 in
2739 3132 2991 3189 divinum
3019 3136 3323 3193 sacrarium
3356 3137 3568 3194 intrare

296 3232 408 3296 θεὶς
437 3231 718 3286 εἰσελθεῖν.

605 3233 718 3284 ιεῖν,
1917 3222 1945 3226 ’“
1982 3222 2203 3278 meruit.

368 3322 498 3393 ρνθ’.
530 3322 738 3392 Θρῆνος
771 3322 868 3392 μὲν
894 3323 985 3375 καὶ
1019 3321 1179 3392 μέλος
1220 3321 1311 3375 καὶ
1350 3322 1497 3389 οὐαὶ,
1531 3325 1587 3375 ἐν
1617 3324 1749 3390 οἴκῳ
1779 3322 1879 3392 τῆς

2052 3315 2174 3373 159.
2211 3316 2579 3385 Lamentatio,
2633 3334 2860 3375 carmen
2896 3329 2953 3375 et
2999 3337 3102 3386 vas,
3140 3329 3372 3391 propter
3410 3322 3566 3378 labo-

299 3415 612 3485 πρακτικῆς
647 3414 851 3483 ψυχῆς,
880 3413 968 3465 διὰ
995 3414 1088 3465 τὸν
1120 3414 1292 3467 κόπον
1344 3415 1661 3485 εὑρίσκεται
1680 3431 1695 3445 ·
1725 3414 1877 3483 φωνὴ

1980 3422 2099 3461 rem
2135 3406 2191 3461 in
2231 3407 2353 3477 ejus
2382 3408 2670 3464 invenitur
2696 3409 2862 3465 domo
2883 3410 2927 3442 ‘9
2953 3452 2968 3476 ,
3018 3412 3113 3482 qui
3163 3413 3437 3468 actionem
3472 3429 3563 3469 co-

294 3510 353 3562 δέ
379 3507 756 3576 ἀγαλλιάσεως
797 3507 892 3559 καὶ
928 3506 1397 3576 ἐξομολογήσεως,
1428 3507 1519 3560 διὰ
1544 3506 1644 3576 τὴν
1675 3509 1877 3575 γνῶσιν

1979 3496 2044 3549 lit
2080 3513 2093 3548 :
2135 3504 2363 3565 propter
2396 3498 2687 3555 scientiam
2723 3514 2858 3554 vero
2890 3515 2999 3555 vox
3044 3501 3273 3557 auditur
3322 3504 3566 3558 exsulta-

307 3602 335 3655 δ
356 3598 391 3653 ὰ
411 3600 502 3653 τὸν
530 3599 630 3669 τῆς
656 3598 999 3669 θεωρητικῆς
1031 3596 1378 3662 ἐξακούεται.

1982 3589 2150 3644 tionis
2181 3589 2226 3621 ⁸ο
2259 3598 2316 3644 et
2343 3590 2713 3647 confessionis
2757 3593 2826 3657 σί,
2864 3592 2919 3648 ἱιι
2948 3593 3068 3664 ejus
3093 3594 3187 3664 qui
3217 3594 3404 3649 studet
3435 3611 3566 3650 con-

1980 3679 2348 3748 templationi.

372 3781 466 3852 ρξ’.
508 3778 820 3853 Πρακτικδς
858 3779 977 3850 μὲν,
1013 3776 1275 3847 ἐπιθυμεῖ
1308 3774 1597 3839 ἀναλῦσαι,
1628 3775 1716 3830 διὰ
1750 3776 1877 3839 τοὺς

2054 3772 2175 3827 160.
2210 3771 2316 3839 Qui
2348 3773 2553 3829 actioni
2582 3775 2789 3843 studet,
2825 3776 3077 3831 laborum
3118 3778 3391 3845 molestia,
3424 3782 3562 3834 emi-

296 3877 512 3939 πόνους,
557 3874 653 3929 καὶ
707 3873 1061 3943 συγγενέσθαι
1118 3869 1368 3943 Χριστῷ·
1414 3869 1748 3941 θεωρητικὸς
1797 3868 1873 3934 δὲ,

1978 3881 2138 3937 grare
2176 3866 2350 3937 cupit,
2389 3873 2447 3921 et
2467 3882 2590 3923 esse
2618 3884 2744 3923 cum
2768 3868 2993 3926 Christo
3018 3872 3064 3903 ⁸¹
3099 3888 3112 3924 :
3147 3871 3243 3941 qui
3271 3888 3407 3927 vero
3431 3888 3560 3927 con-

296 3970 508 4023 εὐδοκεῖ
548 3968 749 4038 μᾶλλον
794 3967 959 4037 σαρκὶ
1010 3964 1351 4036 παραμένειν
1385 3963 1462 4036 (ά)
1484 3980 1496 3992 ·
1527 3964 1620 4017 καὶ
1654 3963 1743 4017 διὰ
1778 3964 1876 4035 τὴν

1979 3958 2347 4027 tcmplationi,
2372 3959 2584 4013 mavult
2613 3960 2669 4014 in
2697 3976 2862 4015 carne
2887 3977 3236 4031 permanere,
3282 3970 3393 4016 tum
3433 3978 3561 4032 pro-

294 4062 488 4134 χαρὰν,
518 4062 585 4131 ἢν
616 4060 831 4130 δέχεται
868 4057 928 4122 ἐξ
953 4058 1139 4128 εὐχῆς,
1187 4057 1282 4112 καὶ
1325 4056 1413 4113 διὰ
1455 4058 1555 4129 τὴν
1586 4059 1681 4113 τοῦ
1732 4058 1873 4129 πλη-

1977 4062 2101 4121 pter
2139 4049 2423 4121 gaudium,
2470 4050 2619 4120 quod
2684 4052 2927 4123 percipit
2986 4070 3051 4108 ex
3107 4054 3398 4119 oratione,
3449 4061 3566 4108 tum

297 4154 409 4207 σίον
440 4153 576 4224 πρὸς
604 4151 673 4208 τὰ
695 4154 857 4223 γήϊνα
885 4150 1171 4220 ὠφέλειαν.

1976 4153 2206 4214 propter
2235 4143 2495 4213 proximi,
2538 4144 2594 4198 in
2624 4144 2713 4199 his
2749 4161 2872 4215 quae
2922 4155 3143 4201 terrena
3192 4155 3358 4212 sunt,
3417 4147 3564 4200 utili-

1978 4245 2143 4292 tatem
2154 4278 2167 4291 .

369 4334 504 4405 ρξαν.
552 4332 679 4385 Ἐπὶ
723 4331 824 4403 μὲν
851 4330 959 4383 τῶν
1007 4330 1374 4400 λογιωτέρων,
1407 4332 1440 4401 ἡ
1471 4329 1676 4403 θεωρία
1736 4349 1873 4403 προ-

2048 4330 2170 4384 161.
2203 4328 2265 4384 In
2306 4328 2376 4384 iis
2406 4329 2633 4399 quidem
2665 4330 2761 4400 qui
2806 4330 3151 4387 eruditiores
3176 4372 3190 4395 ,
3238 4333 3564 4402 maioreque

293 4427 510 4497 ηγεῖται
538 4423 639 4493 τῆς
667 4421 919 4495 πράξεως
939 4438 953 4452 ·
984 4421 1076 4473 ἐπὶ
1103 4420 1160 4474 δὲ
1189 4420 1296 4473 τῶν
1317 4421 1744 4494 ἀγροικοτέρων,
1774 4424 1872 4495 τῆς

1976 4422 2193 4492 praediti
2228 4409 2678 4492 sapientia’sunt,
2710 4424 3110 4495 contemplatio
3136 4426 3296 4496 praeit
3316 4425 3557 4493 actioni;

294 4514 526 4586 θεωρίας
552 4516 586 4584 ὴ
620 4512 819 4583 πρᾶξις
840 4525 854 4538 ·
889 4511 969 4572 εἰς
1009 4510 1067 4562 ἒν
1098 4509 1156 4562 δὲ
1188 4508 1342 4573 τέλος
1392 4511 1627 4581 χρηστὸν
1686 4514 1872 4584 ἀμφό-

1980 4515 2038 4570 in
2092 4514 2415 4569 rudioribus
2452 4530 2603 4581 vero,
2657 4516 2806 4571 actio
2857 4518 3361 4587 contemplationi,
3437 4535 3562 4573 cum

293 4626 446 4679 τεραι
486 4606 876 4676 καταλήγουσι.
909 4601 1329 4673 Συντομώτερον
1355 4603 1414 4657 δὲ
1451 4604 1607 4658 τοῦτο
1638 4606 1871 4679 ὀφθήσε-

1980 4606 2156 4660 amba:
2184 4603 2238 4658 in
2290 4620 2461 4659 unum
2500 4605 2709 4660 bonum
2764 4606 2931 4660 tinem
2978 4607 3257 4663 desinant.
3312 4608 3564 4665 Celerius

292 4718 403 4767 ται,
432 4695 515 4762 οἷς
544 4700 578 4771 ἡ
612 4696 815 4768 θεωρία
846 4697 1175 4767 προηγεῖται
1203 4695 1302 4766 τῆς
1336 4694 1610 4766 πράξεως.

1980 4706 2166 4754 autem
2217 4696 2365 4752 istud
2421 4698 2737 4766 videbitur,
2802 4700 2859 4754 in
2913 4701 3118 4771 quibus
3169 4702 3564 4772 contemplatio

1979 4787 2140 4859 praeit
2166 4785 2395 4842 actioni.

362 4922 405 4994 ff
437 4919 479 4973 ll
505 4918 630 4994 Cor.
662 4934 754 4994 χιι,
787 4917 854 4994 7_.A
882 4914 961 4994 3*
989 4915 1037 4994 _II
1069 4913 1194 4970 Cor.
1210 4914 1445 4994 ,ιω-16.
1512 4914 1558 4994 ξ’
1584 4916 1759 4973 Exod.
1784 4935 1875 4994 ιιι,
1916 4920 1960 4994 8.

1959 4961 1975 4994 ,ν
2023 4919 2285 4994 _‘_°_l_‘i_um.
2318 4921 2491 4994 x1_,"5.
2569 4920 2613 4953 ⁸⁷
2640 4921 2802 4976 Num.
2835 4938 2946 4987 XXI,
2978 4922 3029 4977 5.
3104 4922 3149 4953 ⁸⁸
3173 4920 3299 4994 Sap.
3330 4940 3440 4992 xw,
3470 4925 3557 4979 20.

294 4994 337 5024 ‘9
368 4991 567 5045 Ezech.
597 5005 654 5054 tt,
681 4990 732 5043 9.
811 4988 856 5019 ⁵⁰
882 4985 1027 5041 Psal.
1060 5001 1169 5050 xu,
1207 4985 1257 5039 5.
1333 4986 1375 5017 ⁶¹
1410 4985 1552 5041 Psal.
1585 5003 1747 5055 cxvu,
1778 4985 1868 5046 15.

882 4985 1027 5041 Psal.
1060 5001 1169 5050 xu,
1207 4985 1257 5039 5.
1333 4986 1375 5017 ⁶¹
1410 4985 1552 5041 Psal.
1585 5003 1747 5055 cxvu,
1778 4985 1868 5046 15.
1936 4993 1982 5024 ⁸³
2023 4989 2263 5061 Philipp.
2302 5007 2339 5055 ι,
2370 4991 2462 5047 25.

367 5101 435 5179 (ε)
482 5100 662 5179 Μετὰ.
702 5100 808 5179 τοῦ
851 5100 1192 5179 πνεύματος
1234 5101 1644 5179 ἡγεμονικοῦ..
1686 5104 1860 5170 Quem

1967 5106 2242 5179 jectarum
2298 5122 2363 5162 ac
2429 5106 2824 5179 cogitationum
2885 5109 3174 5175 varietate,
3233 5109 3401 5178 inque
3456 5124 3548 5164 cas

294 5171 559 5243 maximus
584 5172 839 5243 spiritum
890 5171 1217 5243 ἡγεμονικὸν
1268 5173 1359 5227 hic
1398 5181 1580 5237 vocat,
1632 5172 1749 5243 ipse
1781 5185 1865 5231 est
1967 5171 2292 5232 affectione.

294 5258 457 5318 quem
479 5242 683 5296 Paulus
697 5242 908 5318 _Ephes.
930 5258 1003 5305 tv,
1032 5242 1122 5303 21,
1146 5243 1392 5318 spiritam
1424 5242 1665 5318 τοῦ-νοὸς
1696 5245 1867 5318 (men-

2051 5248 2126 5318 (d)
2165 5248 2347 5315 Σαρκὶ
2381 5246 2772 5316 παραμένειν.
2807 5247 2997 5304 Graeca
3013 5248 3255 5318 vulgata,
3279 5247 3559 5316 ἐπιμένειν

296 5313 398 5389 ιξε)Δ
416 5320 599 5377 vocat,
619 5321 676 5389 c_t
697 5312 955 5389 hortatur
983 5326 1049 5389 eo
1079 5314 1332 5389 renovari
1355 5330 1367 5377 ;
1389 5312 1725 5389 quodmens
1745 5316 1864 5385 ipsa
1973 5319 2033 5389 ἐν
2155 5312 2343 5388 σαρκί.
2373 5312 2589 5389 Habent
2616 5328 2807 5389 tamen
2844 5319 3017 5373 codex
3063 5312 3467 5372 Alexandrinus
3504 5328 3561 5373 et

292 5381 704 5459 τὸςήγεμονικὸν
752 5381 822 5459 in_
849 5381 1074 5459 homine
1110 5382 1212 5459 sit:
1256 5383 1403 5452 quod
1423 5381 1661 5459 Scilicet
1696 5381 1865 5441 in'eo

1973 5381 2263 5459 Chrv'sost.
2298 5389 2353 5442 in
2382 5388 2757 5458 Expositione,
2797 5390 3075 5459 ἐπιμένειν
3129 5388 3324 5456 σαρκί,
3353 5390 3558 5458 absque

297 5452 598 5528 principale
624 5460 708 5506 est
724 5452 1052 5528 acimpcrio
1071 5453 1242 5528 pollet
1270 5470 1281 5505 :
1316 5470 1460 5528 quze.
1494 5469 1619 5507 cum
1650 5454 1775 5528 ipsa
1798 5472 1867 5512 ex
1975 5452 2383 5528 propositione,
2414 5452 2537 5527 quae
2586 5474 2688 5512 nec
2743 5452 3041 5513 admodum
3096 5452 3407 5512 necessaria
3451 5452 3556 5523 est,

295 5522 355 5579 se
380 5523 487 5577 ﬁxa
510 5523 582 5577 sit
621 5522 737 5576 vcri
779 5523 1269 5598 contemplatione,
1297 5525 1603 5598 orationem
1634 5522 1709 5598 ea
1755 5526 1863 5598 ful-
1971 5522 2102 5598 cuni
2139 5529 2257 5597 ejus
2289 5522 2400 5581 vim
2433 5522 2640 5584 habeat
2668 5530 2897 5584 verbum
2927 5528 3320 5597 compositum,
3377 5522 3559 5598 sitque

297 5593 1100 5669 tarnconstantem,uniusque
1156 5594 1387 5669 rationis
1430 5594 1857 5669 (μονολόγιστον)

1966 5597 2114 5669 idem
2158 5593 2439 5669 ἐπιμένειν
2498 5609 2664 5669 atque
2724 5598 3015 5669 ἐμμένειν·
3057 5593 3155 5661 ἀπὸ,
3206 5593 3543 5669 παραμένειν

297 5663 493 5744 reddat
525 5680 539 5744 ξ
580 5662 1052 5744 ’τὸ-προαιρετικὸν
1090 5678 1221 5718 vero
1273 5662 1447 5744 (velut
1492 5664 1676 5744 dicas,
1712 5662 1857 5744 argi;
1966 5667 2187 5721 Maximi
2218 5662 2425 5744 _inagis
2458 5662 2692 5744 respuit,
2726 5662 3003 5744 habetque
3049 5662 3384 5744 emphasin}
3433 5684 3557 5744 per-

300 5733 932 5811 trarium)vol_untatem_,
976 5750 1098 5802 quae
1129 5750 1229 5803 pro
1277 5734 1381 5789 hoc
1401 5745 1543 5789 statu
1584 5735 1858 5811 instabilis
1967 5754 2183 5793 manere
2211 5739 2266 5793 in
2296 5733 2587 5811 ca'rne,ne'c
2627 5739 2695 5795 ab
2732 5754 2797 5795 ea
2822 5733 3085 5810 disjungi.

301 5805 392 5871 sit,
423 5818 596 5874 erque
629 5804 735 5858 alia
766 5803 821 5857 in
855 5804 1014 5858 aliam
1079 5813 1324 5860 mutatur
1386 5822 1485 5878 pro
1536 5821 1723 5861 rerum
1760 5807 1858 5860 ob-
