4046 6196
518 294 656 364 1439

1724 315 1786 376 S.
1827 319 2115 381 MAXIMI
2154 320 2660 381 CONFESSORIS

3652 323 3784 386 Hm

585 414 709 471 162.
739 416 945 471 Rerum
967 432 1088 487 qua:
1115 427 1301 476 mente
1332 421 1723 495 intelliguntur
1758 432 2100 501 contempla-

2275 430 2407 501 ρξβ’.
2450 431 2808 503 Παρὰδεισος.
2835 432 2867 502 ἠ
2891 430 3094 504 θεωρία
3123 432 3230 488 τῶν
3257 432 3470 506 νοητῶν
3498 435 3663 491 ἐστιν.
3696 440 3785 491 Ἐν

517 507 617 573 tio,
645 507 940 578 paradisus
961 520 1067 564 est.
1104 510 1165 566 ln
1197 527 1326 568 eum
1353 514 1527 581 intus,
1562 529 1624 574 ut
1647 518 1702 573 in
1734 519 1984 587 domum,
2008 524 2105 593 qui

514 599 779 670 spiritalis
812 606 899 654 est
934 608 1098 670 atque
1127 602 1349 673 sapiens
1373 604 1431 660 in
1456 608 1709 666 oratione
1760 611 2105 683 ingreditur:

515 700 651 743 vero
679 688 953 741 actionem
990 688 1145 755 colit,
1194 690 1397 746 viatori
1444 710 1619 765 prope
1649 698 1851 755 similis
1884 700 2103 757 videbi-

518 788 631 841 tur,
672 778 768 848 qni
802 778 1187 849 velitquidem
1225 782 1615 854 introspicere,
1654 789 1821 862 660
1868 809 1972 849 nec
2014 802 2100 848 ta-

518 884 644 924 men
680 869 1071 940 permittatur,
1106 873 1317 930 idcirco
1348 877 1615 933 nimirum
1652 882 1800 951 quod
1830 886 2105 942 maceries

514 960 754 1030 spiritali
784 962 905 1032 ejus
931 968 1158 1019 statura:
1186 968 1352 1035 paulo
1381 969 1548 1025 altius
1584 972 1816 1029 eminet.

588 1053 712 1109 165.
758 1054 1097 1126 Corporales
1147 1056 1381 1114 allectus
1435 1077 1499 1116 ac
1538 1062 1864 1133 passiones,
1905 1067 2103 1126 bestiis

516 1145 729 1201 similes
751 1155 881 1201 sunt
914 1164 928 1201 :
965 1148 1137 1204 animi
1163 1159 1349 1206 autem
1363 1153 1619 1217 affectus,
1646 1157 1995 1214 volucribus.
2023 1159 2101 1215 Ac

517 1236 743 1306 quidem
770 1239 1007 1305 activus,
1038 1257 1163 1311 quae
1185 1242 1351 1313 primi
1380 1247 1600 1316 generis
1627 1257 1757 1303 sunt
1790 1265 1821 1303 a
1849 1250 2101 1305 rationali

521 1327 678 1382 vinea
713 1330 873 1399 quasi
903 1331 1121 1402 objecto
1147 1342 1308 1404 septo
1344 1350 1535 1390 arcere
1568 1346 1773 1406 potest,
1816 1353 1928 1392 non
1964 1354 2102 1393 vero

519 1418 686 1472 etiam
717 1420 997 1487 volucres,
1027 1421 1139 1477 nisi
1176 1422 1483 1492 spiritalem
1510 1437 1709 1482 nactus
1741 1428 1813 1482 sit
1855 1435 2102 1484 contem-

521 1509 863 1579 plationem;
915 1515 1274 1583 quantumvis
1339 1518 1724 1575 custodiendis
1783 1535 1906 1591 qum
1969 1529 2103 1577 sunt

518 1603 689 1657 animi
719 1604 1041 1677 diligentem
1074 1622 1264 1662 curam
1300 1610 1584 1667 habuerit.

590 1694 714 1751 164.
758 1695 1013 1752 Actionis
1042 1698 1230 1753 cultor
1272 1701 1471 1755 morali
1511 1702 1712 1757 decore
1747 1704 2103 1773 praistantior

518 1783 756 1838 evadere
784 1800 896 1839 non
934 1794 1153 1856 potest,
1195 1787 1306 1843 nisi
1332 1798 1389 1844 et
1430 1791 1550 1860 ipse
1596 1791 1749 1847 velut
1787 1792 2104 1863 patriarcha

520 1870 796 1939 Abraham
815 1872 864 1904 ⁵⁸
887 1873 1120 1941 exierit;
1174 1876 1330 1931 velut
1355 1877 1581 1946 quidem
1604 1895 1636 1934 e
1660 1879 1847 1947 domo,
1874 1894 1907 1936 e
1941 1891 2107 1938 natu-

523 1960 620 2015 rali
657 1963 799 2033 lege,
838 1964 1102 2035 velutque
1145 1981 1178 2021 e
1218 1970 1577 2039 cognatione,
1622 1987 1653 2025 a
1687 1981 1962 2028 coaetanea
1996 1974 2103 2044 ipsi

521 2054 655 2119 vita,
678 2062 735 2110 et
752 2070 879 2126 qua:
906 2057 1127 2113 libidini
1156 2060 1350 2116 hmret.
1406 2062 1545 2117 Nam
1571 2063 1658 2119 sic
1687 2071 1747 2120 et
1782 2064 1901 2135 ipse
1946 2066 2104 2122 velut

521 2145 865 2216 signaculum
896 2148 963 2213 ⁸⁵,
995 2165 1107 2220 quo
1126 2152 1406 2222 generalis
1434 2153 1736 2210 auferenda
1757 2156 2017 2228 voluptas
2031 2158 2106 2213 sit

522 2245 689 2306 atque
719 2238 917 2304 libido,
964 2250 1301 2311 accepturus
1332 2253 1453 2313 est;
1496 2261 1597 2317 per
1633 2263 1800 2318 quam
1845 2249 1994 2319 quod
2033 2250 2104 2307 ab

520 2335 648 2383 ortu
673 2328 1133 2402 circumpositum
1159 2335 1417 2391 velamen
1442 2346 1550 2404 est,
1594 2338 1759 2409 plena
1793 2356 1897 2397 nos
1926 2341 2104 2399 liber-

523 2426 634 2474 tate
655 2418 864 2477 donare
883 2434 997 2478 non
1026 2422 1184 2479 sinit.

603 2507 730 2564 165.
760 2509 875 2565 Nec
901 2513 1175 2582 equuleus
1214 2529 1346 2572 vere
1372 2516 1432 2571 in
1464 2519 1699 2590 praesepi
1739 2536 2000 2590 manere,
2039 2539 2106 2582 ac

520 2615 645 2671 qua:
672 2600 824 2657 illius
855 2603 1055 2674 pabula
1078 2613 1235 2673 sunt,
1260 2607 1433 2664 edere
1462 2609 1724 2676 sustinet,
1740 2628 1923 2683 neque
1948 2630 2106 2673 mens

518 2707 726 2748 novum
748 2704 911 2751 aucta
933 2697 1303 2767 perfectione,
1336 2712 1572 2772 angusta
1615 2702 1713 2758 diu
1750 2707 1932 2762 teneri
1975 2723 2106 2763 ora-

520 2781 694 2851 tione,
714 2784 775 2839 in
796 2800 973 2857 eaque
995 2788 1221 2845 assidua
1238 2805 1363 2847 esse
1378 2799 1566 2861 potest
1585 2809 1599 2861 ;
1620 2794 1757 2865 quin
1779 2794 1931 2853 illius
1950 2812 2105 2855 more

458 2948 467 2953 -
517 2875 722 2946 gaudet
759 2879 933 2950 magis
961 2878 1034 2935 ad
1064 2881 1176 2936 lata
1198 2883 1473 2939 naturalis
1499 2886 1927 2955 speculationis,
1958 2889 2106 2945 inter

518 2968 893 3026 concinendos
918 2971 1163 3041 psalmos
1179 2988 1245 3032 ac
1272 2975 1545 3032 lectiones
1568 2976 1878 3048 habendas,
1903 2996 2104 3037 occur-

518 3062 703 3117 rentia
729 3063 909 3118 exire.

588 3151 715 3208 166.
749 3153 914 3210 Velut
933 3154 1152 3212 lumbos
1176 3157 1531 3228 praecinctos,
1555 3162 1724 3228 actio,
1754 3164 1953 3221 vitales
1976 3181 2105 3223 suas
2122 3118 2175 3179 α

517 3239 834 3311 facultates,
854 3244 1132 3315 jejunium
1156 3256 1213 3301 et
1243 3247 1632 3305 castimoniam
1657 3251 1861 3320 habet;
1886 3260 1948 3308 ut
1971 3270 2105 3311 vero

518 3336 776 3391 lucernas
810 3336 1095 3405 ardentes,
1122 3341 1541 3410 contemplatio,
1572 3344 1855 3412 sapientes
1883 3359 1949 3401 ac
1971 3362 2105 3402 eru-

517 3423 665 3480 ditas
682 3424 939 3492 virtutes,
966 3426 1252 3484 silentium
1277 3438 1334 3485 et
1348 3430 1661 3488 orationem
1682 3450 1698 3499 ;
1719 3434 1801 3489 sic
1817 3435 2100 3504 nimirum,

518 3522 581 3569 ut
610 3514 704 3570 illa
736 3514 965 3585 quidem
1000 3557 1017 3584 ,
1072 3516 1183 3573 illis
1243 3520 1578 3590 cogitantem
1628 3523 1905 3580 rationem
1950 3526 2105 3583 velut

519 3606 873 3679 paedagogum
909 3608 1204 3679 praeficiat;
1267 3610 1385 3665 hac
1434 3627 1569 3668 vero
1622 3613 1745 3670 istis
1792 3630 2105 3673 sermonem

518 3707 700 3754 mente
732 3699 1035 3769 repositum
1066 3700 1221 3755 velut
1252 3702 1573 3771 nuptiarum
1609 3703 2027 3765 instructorem.

591 3790 715 3846 167.
771 3789 927 3846 Mens
973 3790 1299 3861 imperfecta
1343 3793 1412 3848 ad
1446 3793 1792 3853 fructiferam
1837 3800 2105 3861 orationis

518 3884 734 3939 vineam
771 3898 881 3937 non
912 3883 1119 3938 sinitur
1152 3883 1366 3941 intrare
1399 3887 1477 3953 ";
1509 3887 1607 3943 sed
1635 3889 1705 3943 ad
1736 3890 1905 3959 solos,
1937 3902 2103 3965 atque

521 3975 575 4029 id
605 3987 773 4045 aegre,
797 3974 954 4029 velut
981 3988 1215 4044 pauper,
1249 3974 1319 4030 ad
1356 3976 1584 4033 relictos
1625 3993 1658 4033 e
1690 3979 1979 4038 vindemia
2016 3999 2104 4039 ra-

518 4067 784 4131 eemulos,
808 4065 991 4121 nudos
1014 4067 1355 4136 psalmorum
1384 4077 1667 4126 extremos
1701 4085 1888 4129 sonos.

590 4159 715 4214 168.
757 4157 916 4214 Sicut
939 4172 1052 4213 non
1085 4174 1278 4214 omnes
1330 4160 1427 4230 qui
1461 4162 1530 4216 ad
1556 4162 1703 4234 regis
1733 4164 2101 4223 admittuntur

519 4251 876 4321 colloquium,
912 4251 1192 4305 communi
1225 4266 1352 4308 cum
1379 4266 1447 4307 eo
1472 4254 1702 4324 prandio
1733 4267 1899 4326 atque
1921 4259 2103 4328 epulis

517 4342 759 4414 gaudere
792 4349 1061 4413 possunt;
1086 4343 1169 4399 sic
1189 4359 1373 4414 neque
1395 4360 1592 4400 omnes
1616 4344 1713 4415 qui
1734 4345 1808 4423 ad
1831 4349 2101 4405 orationis

2208 522 2383 593 τούτῳ
2414 525 2442 577 6
2477 524 2575 594 μὲν
2604 523 2904 591 γνωστικὸς
2929 523 3094 589 ὼςοέν
3124 523 3272 596 οἰκίᾳ.
3299 525 3512 579 ἔνδοθεν
3540 528 3783 598 εἰσέρχε-

2208 632 2297 669 ται
2341 620 2398 669 ὲν
2432 615 2563 687 εὐχῇ
2593 632 2606 645 °
2642 617 2671 669 6
2716 614 2772 669 δὲ
2824 617 3145 685 πρακτικὸς,
3180 617 3257 682 ὡς
3284 618 3581 691 παροδέτης
3617 620 3787 691 690i;-

2209 723 2378 769 σεται,
2409 706 2696 778 ἐπιθυμῶν
2723 708 2821 778 μὲν
2852 707 3061 761 ἔνδοθεν
3100 710 3484 780 παρακύπτειν
3503 727 3516 739 ·
3556 711 3630 781 μὴ
3655 728 3786 778 συγ-

2206 798 2551 870 χωρούμενος
2590 799 2669 864 δὲ,
2707 798 2799 853 διά
2842 799 2904 852 τὸ
2959 800 3462 871 ὑπερανεπηκέναι
3490 802 3583 855 τὸν
3612 819 3778 874 φραγ-

2211 890 2310 960 μὸν
2337 891 2434 960 τῆς
2460 891 2839 961 πνευματικῆς
2866 889 3085 963 ἡλικίας
3119 891 3310 947 αὑτοῦ.

2279 1070 2416 1143 ρξγῖ
2452 1071 2532 1125 Τά
2583 1071 2681 1142 μὲν
2732 1070 3023 1142 σωματικά
3068 1069 3218 1143 πάθη
3264 1070 3477 1143 θηρίοις
3543 1072 3783 1127 ἐοίκασι·

2207 1166 2430 1234 πτηνοῖς
2457 1165 2534 1228 δὲ,
2562 1164 2629 1217 τὰ
2649 1162 2858 1235 ψυχικά
2876 1182 2890 1195 ’
2922 1162 3059 1218 ἀλλά
3079 1163 3147 1217 τά
3175 1163 3275 1234 μὲν
3316 1164 3422 1218 ἀπὸ
3447 1165 3541 1218 τοῦ
3567 1166 3787 1235 λογικοῦ

2204 1254 2431 1309 δύναται
2476 1255 2800 1326 ἀμπελῶνος
2845 1254 3212 1328 ἀποτειχίζειν
3259 1258 3288 1310 6
3337 1258 3667 1328 πρακτικός·
3698 1259 3788 1311 οὐ-

2205 1343 2323 1397 κέτι
2353 1344 2409 1396 δὲ
2443 1344 2536 1398 καὶ
2557 1345 2626 1398 τά
2656 1340 2971 1410 πετεινά,⁷εἰ
3000 1346 3075 1418 μὴ
3109 1348 3168 1398 ὲν
3207 1346 3410 1420 θεωρίᾳ
3442 1352 3787 1420 πνευματικῇ

2205 1435 2455 1508 γένηται,
2488 1436 2593 1491 κᾶν
2627 1437 2708 1491 ὅτι
2756 1440 2995 1507 μάλιστα
3040 1440 3328 1511 ποιήσεται
3382 1439 3618 1512 σπουδὴν
3650 1441 3787 1511 πρὶς

2201 1527 2302 1597 τὴν
2331 1529 2440 1582 τῶν
2467 1526 2675 1583 ἔνδοθεν
2703 1528 2970 1599 φυλακήν.

2280 1710 2408 1783 ρξδ.
2455 1708 2683 1781 Ἠθικῆς
2711 1710 3047 1784 εὐπρεπείας
3073 1712 3340 1781 κρείττων
3369 1713 3671 1784 πρακτικὸς
3694 1730 3786 1782 γε-

2207 1801 2394 1856 νέσθαι
2445 1800 2506 1854 οὐ
2554 1800 2802 1868 δύναται,
2838 1803 2888 1855 εί
2921 1803 2996 1874 μὴ
3045 1804 3141 1856 καὶ
3180 1803 3348 1867 αὐτὸς
3393 1804 3536 1858 κατά
3564 1805 3656 1857 τὸν
3677 1823 3782 1860 πα-

2205 1895 2481 1966 τριάρχην
2514 1892 2772 1965 ’Δόραὰμ
2798 1891 2903 1959 ἔξω
2927 1894 3174 1965 γένηται,
3201 1895 3278 1959 ὡς
3308 1894 3408 1964 μὲν
3434 1895 3535 1966 τῆς
3556 1896 3780 1967 οἰκείαις,

2206 1984 2299 2040 τοῦ
2331 1984 2564 2053 φυσικοῦ
2608 1985 2801 2057 νόμου,
2832 1986 2909 2049 ὡς
2963 1985 3022 2038 δὲ
3076 1986 3422 2055 συγγενείας,
3461 1987 3566 2058 τῆς
3600 1988 3784 2059 ἥλικος

2204 2076 2354 2149 αὐτῷ
2401 2078 2496 2131 καὶ
2524 2079 2666 2137 κατά
2710 2078 2895 2149 σχέσιν
2936 2077 3107 2150 ζωῆς.
3138 2078 3296 2132 Οὕτω
3329 2079 3437 2151 γάρ
3484 2081 3583 2134 καὶ
3609 2076 3781 2145 οὗτος,

2204 2167 2281 2233 ὡς
2309 2167 2581 2241 σφραγῖδα
2608 2168 2841 2240 λήψεται
2866 2168 2970 2239 τῆς
3014 2168 3241 2240 γενικῆς
3269 2169 3465 2241 ἡδονῆς
3491 2170 3596 2243 τὴν
3622 2172 3787 2241 ἀφαί-

2205 2277 2379 2334 ρεσιν,
2414 2260 2540 2315 καθ’
2568 2261 2638 2334 ῆν
2682 2262 2744 2315 τὸ
2788 2262 2901 2317 ἀπὸ
2927 2260 3209 2331 γενέσεως
3240 2263 3507 2335 κάλυμμα
3537 2265 3787 2336 περικεί-

2207 2370 2391 2425 μενον,
2424 2354 2524 2428 τὴν
2558 2354 2798 2426 παντελῆ
2844 2354 3158 2427 ἐλευθερίαν
3185 2355 3247 2409 οὐ
3276 2358 3557 2428 συγχωρεῖ
3609 2372 3785 2429 παρα-

2207 2445 2466 2516 σχεθῆναι
2498 2447 2652 2517 ἡμῖν.

2278 2534 2407 2609 ρξε’.
2445 2537 2586 2592 utare
2605 2539 2788 2605 πῶλος
2807 2539 2867 2595 ὲν
2890 2538 3013 2611 ἔαρι
3042 2538 3191 2595 ἔνδον
3218 2540 3669 2613 φάτνηςλμὲνειν,
3696 2530 3787 2598 καὶ

2202 2628 2273 2682 τὰ
2304 2629 2523 2702 ἐκείνης
2551 2630 2752 2685 ἐσθίειν
2785 2631 3075 2703 ἀνέχεται·
3106 2630 3233 2685 οὔτε
3264 2632 3513 2703 νεοτελῆς
3555 2633 3690 2697 νοῦς
3716 2635 3787 2699 (ε)
3866 2659 3877 2669 ·

2203 2718 2265 2772 τὸ
2291 2720 2743 2791 ἀπεστενωμένον
2773 2722 2868 2775 ἐπὶ
2896 2722 3032 2776 πολὺ
3064 2724 3357 2794 καρτερεῖν
3394 2723 3493 2792 τῆς
3530 2724 3707 2794 εὐχῆς
3728 2725 3785 2776 οὐ

2203 2807 2460 2864 δύναταιο
2493 2809 2665 2881 ἡδέως
2714 2811 2918 2881 μᾶλλον
2977 2813 3099 2866 κατ’
3123 2812 3334 2866 ἐκεῖνον
3389 2811 3556 2884 ἔχων,
3588 2813 3688 2867 ἐπὶ
3729 2816 3788 2867 τὸ

2203 2896 2408 2962 πλάτος
2434 2898 2536 2970 τῆς
2564 2902 2805 2972 φυσικῆς
2833 2900 3070 2973 θεωρίας
3097 2902 3441 2974 ὲξέρχεσθαι,
3492 2905 3598 2975 τῆς
3643 2905 3787 2959 κατά

2200 2990 2301 3062 τὴν
2328 2990 2651 3064 ψαλμῳδίαν
2678 2993 3074 3084 εὐρισκομέξης
3099 2994 3194 3049 καὶ
3221 2995 3323 3067 τὴν
3352 2994 3686 3065 ἀνάγνωσιν.

2281 3174 2423 3246 ρξς’.
2466 3172 2559 3238 Ὣς
2597 3174 2698 3246 μὲν
2732 3171 2944 3242 ὀσφύας
2992 3172 3105 3244 ἔχει
3164 3172 3637 3245 περιεζωσμένις,
3690 3191 3783 3246 νη-

2208 3265 2393 3318 στείαν
2422 3265 2517 3319 καὶ
2549 3264 2773 3334 ἁγνείαν
2821 3266 2855 3336 ἡ
2890 3264 3192 3335 πρακτικὴ,
3224 3265 3324 3329 τάς
3359 3265 3599 3329 ζωτικὰς
3622 3265 3778 3325 Suvi-

2209 3377 2331 3431 μεις
2362 3359 2569 3430 αὐτῆς·
2606 3359 2684 3422 ὡς
2734 3357 2962 3429 λύχνους
2996 3357 3054 3412 δὲ
3102 3357 3449 3427 καιομένους,
3476 3357 3673 3426 ciant-qv
3710 3372 3769 3409 τε

2205 3452 2301 3506 καὶ
2330 3450 2666 3524 προσευχὴν,
2694 3448 2794 3514 τάς
2827 3449 3133 3518 γνωστικάς
3162 3451 3196 3520 ὴ
3222 3448 3536 3521 θεωρητικὴ
3562 3449 3775 3521 ἀρετὰς,

2205 3543 2481 3612 ἑφιστῶσα
2503 3557 2518 3571 ⁸
2547 3544 2585 3613 ἡ
2631 3542 2730 3613 μὲν
2778 3541 3047 3609 ἐκείναις,
3078 3540 3173 3594 τὸν
3208 3540 3471 3610 λογισμὸν
3507 3541 3589 3604 ὡς
3629 3542 3783 3595 παιδ-

2204 3633 2422 3703 αγωγόν
2442 3648 2455 3663 δ
2479 3634 2515 3704 ἡ
2534 3633 2591 3688 δὲ
2617 3632 2864 3698 ταύταις,
2891 3632 2969 3695 ὡς
2994 3630 3367 3703 νυμφοστόλον
3393 3630 3554 3699 λόγον
3580 3630 3679 3686 τὸν
3705 3631 3783 3683 ὲν-

2202 3726 2468 3781 διάθετον.

2277 3816 2410 3889 ρξε’.
2442 3815 2585 3882 Νοῦς
2610 3816 2831 3889 ἀτελὴς,
2858 3818 2940 3881 είς
2961 3815 3056 3870 τὸν
3093 3815 3455 3886 κατάκαρπον
3482 3813 3783 3886 ἀμπελῶνα

2200 3908 2294 3962 τὸν
2320 3908 2418 3980 τῆς
2439 3908 2604 3980 εὐχῆς
2638 3908 2699 3962 οὐ
2739 3909 3105 3979 συγχωρεῖται
3131 3906 3477 3979 είσέρχεσθαι
3494 3922 3512 3937 ·
3540 3908 3622 3970 είς
3649 3906 3785 3976 μόνα

2201 3999 2258 4054 δὲ
2286 4000 2381 4053 καὶ
2427 3999 2597 4071 μόλις,
2626 4000 2704 4064 ὡς
2732 4000 2869 4072 πρὸς
2899 3998 3268 4070 extenuatae;
3294 3998 3529 4070 πτωχὸς,
3556 3997 3629 4052 τά
3656 3998 3785 4068 ψιλά

2199 4091 2310 4146 τῶν
2336 4092 2568 4164 ψαλμῶν
2600 4093 2790 4165 ἀπηχή
2800 4108 2965 4163 ματα.

2272 4183 2411 4257 ρξη’.
2448 4187 2660 4257 Ὥσπερ
2699 4186 2761 4238 οὐ
2808 4185 3012 4249 πάντες
3044 4184 3094 4239 oi
3140 4185 3222 4248 εἰς
3254 4183 3518 4254 βασιλέως
3566 4182 3782 4252 ὁμιλίαν

2199 4276 2505 4349 ἐρχόμενοι,
2537 4279 2866 4349 συναριστᾷν
2912 4277 3063 4349 αὒτῷ
3113 4277 3402 4331 δύνανταιο
3452 4275 3624 4337 οὕτως
3666 4273 3784 4329 οὐδὲ

2198 4372 2248 4424 οἱ
2272 4372 2356 4435 εἰς
2387 4371 2639 4442 ἐντυχίαν
2677 4371 2843 4443 εὐχῆς
2877 4371 3127 4443 ἥκοντες,
3158 4371 3360 4434 πάντες
3401 4368 3459 4422 ἐν
3487 4367 3698 4440 θεωρίᾳ
3719 4370 3782 4438 τῇ

517 4451 874 4508 congressum
906 4436 1162 4504 veniunt,
1197 4437 1319 4510 ejus
1346 4448 1634 4509 compotes
1670 4440 1941 4496 exsistant
1968 4456 2100 4497 con-

2203 4462 2324 4517 κατ’
2349 4436 2570 4535 ὲκείνῆν
2591 4436 2945 4534 ὀφθήσονται.

518 4526 916 4596 templationis.

586 4616 841 4672 169.1ιίε
875 4616 1103 4687 quidem
1153 4616 1368 4673 frenum
1396 4658 1411 4685 ,
1457 4636 1526 4674 ex
1575 4622 1843 4692 temporis
1883 4622 2101 4679 ratione

516 4708 800 4765 silentium
828 4717 947 4775 est;
974 4708 1170 4764 aliena:
1217 4724 1352 4764 vero
1395 4727 1426 4766 a
1481 4712 1695 4767 ratione
1742 4714 2098 4783 cupiditatis,

518 4802 630 4858 cibi
670 4809 973 4873 temperata
1000 4801 1145 4857 ratio
1176 4819 1188 4854 ε
1219 4804 1573 4873 cogitationis
1601 4804 1842 4876 denique
1863 4807 2098 4864 moleste

515 4892 804 4963 evagantis
844 4899 901 4947 et
925 4907 1091 4962 quam
1127 4890 1349 4948 dilIicile
1396 4902 1603 4961 teneas,
1652 4896 1820 4952 unius
1860 4896 2095 4953 rationis

517 4983 732 5054 ﬁxaque
765 4991 948 5039 mente
977 4985 1178 5039 oratio.
1791 5045 1799 5052 _

582 5076 744 5146 661
776 5076 898 5130 170.
936 5076 1074 5130 Tum
1107 5076 1200 5146 qui
1229 5084 1532 5144 terrenum,
1563 5084 1679 5131 tum
1726 5079 1820 5150 qui
1864 5079 2091 5135 caeleste

515 5166 853 5236 profundum
888 5167 1076 5223 subire
1110 5169 1275 5235 velit;
1308 5169 1450 5224 alter
1494 5169 1721 5240 quidem
1768 5171 1825 5224 in
1867 5187 2093 5227 sensum

515 5259 827 5326 cadentem,
863 5261 1004 5323 alter
1033 5276 1189 5327 vero,
1220 5274 1343 5331 qua
1374 5262 1493 5317 sola
1533 5271 1718 5318 mente
1753 5262 2087 5334 percipitur,

2274 4640 2407 4713 ρεθν.
2442 4640 2629 4711 Θυμοΰ
2661 4638 2762 4711 μὲν
2810 4640 3012 4712 κημὸς,
3046 4641 3082 4712 ἡ
3112 4638 3369 4712 εὔκαιρος
3386 4637 3609 4709 γίνεται
3645 4655 3783 4692 atas-

2200 4734 2277 4803 πή
2297 4749 2312 4762 ·
2343 4734 2541 4803 ἀλόγου
2576 4733 2636 4786 δὲ
2654 4733 2971 4805 ἐπιθυμίας,
2994 4736 3028 4803 ἡ
3069 4733 3385 4804 σύμμετρος
3412 4731 3604 4801 ὲδωδή.
3640 4735 3783 4785 Δυσ-

2197 4825 2466 4880 καθέκτου
2505 4825 2564 4880 δὲ
2611 4823 2874 4896 λογισμοῦ
2896 4866 2913 4894 ,
2973 4826 3019 4897 in
3049 4823 3441 4897 μονολόγιστοςι
3470 4823 3780 4896 προσευχή.

2272 5080 2367 5147 ρον.
2400 5073 2512 5128 Καὶ
2557 5075 2639 5137 εἰς
2683 5073 2776 5126 τὸν
2805 5073 2959 5128 κάτω
3006 5073 3168 5145 βυθὸν
3203 5074 3299 5128 καὶ
3332 5074 3413 5137 είς
3439 5072 3534 5127 τὸν
3587 5073 3706 5129 ἄνω
3752 5076 3781 5127 6

2202 5165 2459 5222 ὑποδῦναι
2508 5164 2849 5237 βουλόμενος,
2879 5168 2907 5220 6
2940 5166 3062 5237 μὲνι
3080 5166 3169 5221 διὰ
3208 5166 3300 5221 τὸν
3330 5166 3612 5237 αἰσθητὸν,
3642 5168 3675 5219 6
3719 5165 3778 5219 δὲ

2198 5261 2289 5315 διὰ
2331 5259 2423 5314 τδν
2473 5260 2662 5329 νοητὸν
2694 5258 3065 5329 μαργαρίτην,
3102 5259 3191 5314 ἵνα
3220 5259 3387 5314 αὐτὸν
3416 5259 3776 5329 ἀνιμήσηται,

547 5387 552 5391 '
584 5368 803 5428 "‘Gen.
838 5388 933 5441 χιι,
971 5372 1022 5427 1.
1098 5371 1143 5403 ⁸⁸
1174 5369 1311 5428 Gen.
1338 5389 1470 5441 xvn,
1503 5374 1603 5443 il;
1635 5374 1797 5431 Rom.
1832 5392 1907 5443 tv,
1944 5377 2033 5432 11.

2203 5376 2351 5430 Deut.
2383 5388 2532 5440 xxxv,
2562 5371 2655 5427 21.

589 5483 660 5556 (e)
683 5485 991 5563 ΔΝιςι-οτενῑὴς
1018 5485 1187 5553 νοῦς.
1235 5485 1403 5553 Quasi
1458 5502 1653 5563 recens
1700 5491 1768 5547 ad
1796 5491 2098 5563 perfectio-

519 5568 649 5631 nem
683 5556 956 5631 initiatus,
990 5570 1226 5631 eamque
1282 5570 1487 5631 novum
1517 5556 1935 5631 adeptusfetsi
1967 5578 2097 5618 nec-

520 5623 652 5701 dum
691 5625 878 5701 in_illa
911 5628 1045 5701 satis
1095 5623 1380 5701 probatus.
1433 5627 1590 5683 Suld.
1622 5623 1908 5701 Ῐνεοτε).ὴς,
1953 5650 2090 5686 νεω-

522 5694 613 5747 στὶ
642 5697 1079 5760 τετελειωμένος·
1099 5694 1255 5760 quod
1291 5698 1583 5753 Thesaurus
1616 5694 1889 5759 llesvchi'o
1916 5703 2090 5757 ascri-

521 5764 626 5832 bit,
655 5780 783 5821 cum
810 5767 884 5822 sit
910 5768 1087 5822 solum
1120 5762 1325 5834 Suidae,
1368 5768 1679 5841 redditque.
1710 5762 1905 5826 Recens
1938 5773 2090 5828 abso-

2208 5490 2391 5564 lutus:
2424 5489 2722 5564 non___satis
2777 5490 2919 5545 bene
2957 5491 3179 5564 Hortus,
3216 5488 3443 5564 _Recens
3485 5481 3767 5564 confectus.

2205 5561 2321 5617 Vox
2353 5560 2500 5614 enim
2534 5559 2648 5623 illa,
2681 5575 2791 5629 qua
2826 5575 2934 5614 una
2967 5560 3123 5615 Suid.
3182 5559 3412 5612 altsram
3449 5553 3766 5629 explicavit,

2199 5630 2493 5703 quamdam
2523 5623 2922 5703 absolutionem
2953 5640 3113 5703 sonat
3130 5636 3188 5684 et
3208 5623 3767 5703 consummationem,

2197 5691 2307 5826 gon
2346 5700 2517 5754 solam
2556 5699 2940 5769 effectionem;
2992 5700 3065 5756 de
3100 5714 3209 5772 qua
3238 5698 3410 5753 multa
3440 5691 3671 5748 Budaeus
3707 5691 3765 5745 in

2243 5780 2506 5826 omment.

2243 5780 2506 5827 omment.
