4010 6202
305 312 432 380 1411

1459 303 1635 362 ALIA
1672 302 1771 361 EX
1810 303 2048 360 VATIC.
2089 302 2378 361 CAPITA.

3413 307 3551 371 1412

300 417 347 467 εί
383 415 459 484 μὴ
499 412 759 484 γυμνωθῇ
790 405 944 474 οῦτος
993 410 1094 480 τῆς
1146 411 1390 482 ἐσθῆτος,
1428 412 1634 476 ἐκεῖνος
1683 412 1738 465 δὲ
1780 412 1866 481 τῆς

1982 412 2329 482 margaritam
2387 411 2513 466 inde
2553 419 2942 477 extraeturus;
2997 412 3103 466 nisi
3149 412 3340 469 nudati
3387 420 3548 476 ambo

299 507 628 580 αίσοήσεως,
655 507 961 579 ἀμφότεροι
988 506 1080 560 τοῦ
1113 503 1542 577 ἐπιζητουμένου
1567 507 1837 577 διαμαρτή
1854 536 1868 546 -

301 619 459 655 σοντα
469 619 507 654 ι.

371 692 506 764 ροα’.
541 692 602 746 '0
633 692 735 761 μὲν
763 691 976 746 ἔνδοθεν
1001 692 1102 763 τῆς
1124 691 1362 758 διανοίας
1387 689 1551 744 αὑτοῦ
1584 691 1873 761 γενόμενος

299 783 443 849 νοῦς,
478 785 536 836 ὲν
566 783 642 854 τῷ
667 783 948 854 εὔχεσθαι,
987 784 1064 846 ὡς
1102 784 1240 854 μετὰ
1272 784 1490 854 νύμφης
1534 783 1764 852 νυμφίος
1816 784 1872 835 ὲν

301 876 377 947 τῷ
410 876 661 946 νυμφῶνι
685 877 1064 947 διαλεγόμενος
1091 876 1444 947 εὑρεθήσεται
1463 893 1474 906 ·
1505 877 1533 928 ὁ
1557 875 1615 928 δὲ
1650 873 1723 945 μὴ
1752 891 1874 943 συγ-

303 969 648 1039 χωρούμενος
688 969 973 1034 εἰσελθεῖν,
1028 968 1230 1033 ἔξωθεν
1263 968 1551 1038 ἱστάμενος
1602 965 1872 1031 στενάζων

305 1061 401 1131 βοᾷ
424 1077 437 1090 ”
487 1063 581 1128 Τίς
617 1061 833 1126 ἀπάξει
884 1079 961 1131 με
1013 1065 1097 1127 εἱς
1145 1064 1328 1115 πόλιν
1365 1060 1689 1130 περιοχῆς;
1723 1061 1758 1130 ἢ
1790 1061 1873 1122 τίς

302 1151 553 1221 ὁδηγήσει
591 1169 679 1222 με,
707 1151 818 1218 ἕως
853 1152 958 1206 τοῦ
980 1151 1067 1222 μὴ
1083 1151 1345 1216 βλέπειν
1366 1154 1454 1218 εἰς
1473 1152 1873 1221 ματαιότητας

303 1239 397 1294 καὶ
421 1243 643 1308 μανίας
668 1241 915 1310 ψευδεῖς
944 1244 1003 1295 ὲν
1032 1243 1110 1314 τῷ
1139 1241 1417 1312 εῦχεσθαι.
1713 1249 1716 1253 ’

371 1420 504 1491 ροβ’.
538 1421 734 1474 Ὀποία
763 1423 794 1491 ή
823 1423 994 1491 χωρὶς
1023 1420 1150 1484 ἁλὸς
1176 1420 1254 1491 τῷ
1285 1421 1525 1490 φάρυγγι
1552 1419 1873 1491 λογιζομένη

298 1514 493 1583 τροφὴ,
530 1513 754 1584 τοιαύτη
786 1516 878 1566 καὶ
908 1516 940 1583 ἡ
968 1513 1128 1577 ἐκτὸς
1155 1514 1508 1578 κατανύξεως
1557 1513 1875 1584 λογισθήσε-

299 1623 389 1657 ται
415 1605 491 1674 τῷ
513 1605 589 1674 νῷ
618 1605 992 1676 μετερχομένη
1025 1606 1180 1674 εὐχή.

373 1699 504 1763 ρογ’.
544 1693 610 1746 Ἦ
642 1695 739 1764 μὲν
765 1693 843 1746 ἐτι
871 1693 1285 1746 καταδιώκουσα
1329 1691 1476 1763 ψυχὴ
1528 1693 1628 1762 τὴν
1681 1692 1868 1764 εὐχὴν,

295 1787 360 1855 τῇ
395 1784 657 1856 ὠδινούσῃ
713 1785 944 1855 ὑπάρχει
1008 1785 1370 1856 παρεμφερής
1397 1801 1410 1815 ο
1459 1787 1492 1856 ή
1529 1784 1603 1837 δὲ·
1631 1785 1868 1838 καταλα-

297 1874 484 1938 δοῦσα,
530 1878 596 1947 τῇ
651 1877 921 1948 κυησάσῃ,
967 1876 1062 1930 καὶ
1097 1876 1297 1948 πλήρει
1337 1876 1608 1949 γενομένῃ
1652 1877 1739 1930 διὰ
1776 1877 1866 1930 τὸν
1914 1905 1924 1916 -

298 1964 454 2018 τόκον
484 1966 680 2036 χαρᾶς.

368 2055 492 2126 ροδ’.
535 2057 708 2110 Πάλαι
742 2058 839 2128 μὲν
869 2059 897 2110 ό
930 2057 1256 2128 ’Δμορῥαῖος
1296 2059 1389 2128 (e‘)
1430 2060 1488 2111 ὲν
1517 2057 1595 2128 τῷ
1628 2059 1742 2129 ὄρει
1788 2060 1868 2111 οἱ·

283 2148 431 2214 κῶν,
465 2149 795 2220 ἐτίτρωσκεν
828 2149 1180 2222 ἐξερχόμενος
1205 2152 1331 2214 τοὺς
1363 2149 1868 2221 παραϐιαζομένους

297 2239 609 2310 διέρχεσθαι
634 2257 646 2270 ·
682 2241 800 2295 νυνὶ
828 2242 883 2295 δὲ
910 2245 942 2313 ή
989 2242 1203 2312 πονηρὰ
1229 2242 1370 2312 λήθη
1401 2241 1586 2295 διώκει
1612 2244 1737 2306 τοὺς
1760 2243 1867 2314 πρὸ

293 2331 391 2401 τῆς
429 2331 650 2399 ἁγνείας
680 2333 774 2385 ἐπὶ
801 2333 901 2404 τήν
920 2333 1258 2404 ὑψηλοτέραν
1288 2331 1700 2404 ἐπιχειροῦντας
1733 2334 1867 2388 ἀνα-

296 2421 500 2476 ϐαίνειν
531 2421 695 2492 εὐχήν
731 2424 830 2493 τῆς
856 2424 1177 2495 ἁπλότητος.

367 2521 493 2585 ροε’.
526 2516 637 2586 Τῆς
686 2516 934 2586 καθαρᾶς
982 2518 1168 2591 εὐχῆς,
1201 2517 1258 2570 ὲν
1288 2516 1456 2588 ἔχθρᾳ
1490 2516 1657 2588 πολλῇ
1694 2515 1866 2586 πεφύ-

298 2624 457 2661 κασιν
486 2602 624 2661 εἶναι
673 2609 723 2660 οἱ
777 2603 1049 2678 δαίμονες.
1095 2608 1483 2680 Καταπλήττει
1533 2609 1590 2661 δὲ
1617 2607 1862 2674 τούτους,

294 2702 414 2772 οὐχὶ
448 2700 654 2771 πλῆθος
693 2701 800 2753 τῶν
850 2701 1036 2753 κακῶν
1090 2698 1340 2773 [καλῶν],
1378 2700 1452 2764 ὡς
1499 2702 1625 2764 τοὺς
1665 2700 1866 2764 ἔξωθεν

300 2791 592 2862 πολεμίους
628 2791 688 2843 τὸ
717 2791 1036 2862 στράτευμα
1060 2807 1074 2822 ο
1125 2791 1242 2844 ἀλλ’
1270 2793 1303 2862 ή
1353 2790 1524 2860 τριῶν
1555 2792 1862 2862 συμφωνία,

296 2877 389 2931 νοῦ
422 2877 558 2949 πρὸς
585 2877 762 2946 λόγον,
797 2879 892 2932 καὶ
921 2878 1080 2947 λόγου
1111 2879 1248 2951 πρὸς
1283 2879 1554 2950 αἴσθησιν.

368 2966 507 3039 ρος’.
549 2968 610 3022 'H
653 2970 751 3040 μὲν
787 2969 916 3040 ψιλὴ
940 2971 1096 3042 εὐχὴ,
1125 2971 1202 3035 ὡς
1231 2972 1397 3042 ἄρτος
1430 2956 1730 3042 ὀφθήσεται
1761 2974 1862 3046 ἀρ-

294 3059 560 3130 χομένους
590 3058 924 3130 στηρίζουσα
948 3077 959 3090 '
997 3063 1031 3132 ή
1080 3062 1138 3115 δὲ
1167 3061 1306 3133 μετά
1334 3080 1477 3127 τινος
1507 3063 1760 3135 θεωρίας,
1790 3064 1867 3129 ὡς

294 3151 474 3204 ἔλαιον
525 3151 816 3206 πιαίνουσα
839 3168 854 3184 ·
889 3154 922 3223 ή
961 3153 1018 3207 δὲ
1054 3155 1314 3221 ἀνείδεος,
1349 3154 1426 3220 ὡς
1467 3150 1608 3220 οἶνος
1636 3155 1865 3229 εὐώδης,

293 3235 354 3295 οῦ
382 3243 430 3294 ei
461 3242 864 3314 ἐμφορούμενοι
893 3244 1184 3317 ἀπλήστως
1215 3245 1548 3311 ἐξίστανται-

1974 505 2309 569 exstiterint,
2335 505 2476 560 alter
2506 515 2679 568 veste,
2711 505 2962 574 alterque
2984 521 3147 560 sensu
3171 547 3184 571 ,
3215 519 3414 563 neuter
3432 511 3548 581 ejus

1975 596 2132 666 cujus
2156 596 2511 666 inquisitione
2534 596 2766 659 laborat,
2801 611 3028 665 compos
3053 599 3348 654 exstiterit.

2043 687 2164 741 171.
2206 687 2337 753 Quae
2390 688 2533 742 intra
2576 687 2812 756 seipsam
2856 689 2962 742 alta
3015 689 3344 760 c0gitationc
3397 707 3558 758 mens
3611 688 3619 696 ’

1974 779 2200 833 collecta
2248 789 2352 844 est,
2407 781 2551 834 inter
2597 780 2890 845 orandum,
2938 781 3092 834 velut
3148 797 3385 851 sponsus
3420 801 3548 839 cum

1978 886 2176 940 sponsa
2210 871 2262 925 in
2302 871 2542 926 thalamo
2569 886 2883 925 sermonem
2922 872 3163 926 miscens
3211 873 3550 930 invenietur.

1974 962 2076 1016 Cui
2129 972 2311 1018 autem
2345 963 2559 1033 ingredi
2606 979 2714 1016 non
2770 963 3148 1033 permittitur,
3209 963 3344 1020 foris
3401 975 3552 1020 stans

1974 1053 2178 1124 gemitu
2213 1054 2432 1118 clamat,
2467 1053 2594 1119 Quis
2632 1054 2844 1107 deducet
2879 1071 2960 1108 me
2981 1058 3035 1109 in
3067 1057 3329 1109 civitatem
3374 1059 3549 1110 mani-

1986 1156 2094 1199 tam
2127 1146 2212 1198 l"?
2237 1157 2332 1199 aut
2355 1146 2480 1215 quis
2505 1145 2640 1200 mihi
2673 1146 2942 1200 hactenus
2973 1146 3082 1200 dux
3109 1147 3244 1210 erit,
3283 1157 3340 1200 ut
3370 1149 3424 1200 in
3462 1165 3554 1202 va-

1975 1239 2166 1290 nitates
2205 1244 2254 1289 et
2295 1238 2533 1290 insanias
2579 1235 2767 1306 falsas,
2811 1235 2957 1289 inter
3001 1236 3271 1290 orandum
3318 1254 3422 1290 non
3471 1254 3552 1290 rc-

1981 1331 2206 1400 spiciam
2239 1330 2323 1382 ⁵⁷7

2047 1419 2168 1473 172.
2197 1418 2386 1485 Qualis
2416 1435 2542 1474 esca
2589 1419 2744 1473 nullo
2786 1420 2898 1473 sale
2931 1419 3154 1473 condita
3204 1419 3413 1488 gutturi
3467 1420 3552 1472 vi—

1976 1509 2159 1570 detur,
2196 1507 2318 1563 talis
2345 1517 2400 1562 et
2435 1510 2631 1573 oratio,
2667 1509 2837 1562 menti
2865 1524 2985 1562 eam
3025 1508 3227 1562 colenti
3265 1508 3549 1562 existima-

1975 1600 2147 1663 bitur,
2182 1602 2284 1654 nisi
2322 1601 2372 1654 ei
2403 1593 2758 1670 compunct'io
2785 1615 2968 1654 comes
2994 1601 3084 1654 sit.

2050 1690 2171 1743 175.
2205 1689 2433 1744 Animus
2457 1691 2761 1744 orationem
2796 1691 2976 1744 adhuc
3007 1706 3366 1760 persequens,
3424 1705 3549 1759 par-

1904 1763 1946 1816 Β
1977 1779 2200 1832 turienti
2249 1795 2412 1848 quam
2447 1779 2644 1832 similis
2665 1787 2750 1832 est
2795 1781 2869 1845 ⁵⁸;
2918 1795 3037 1834 eam
3070 1796 3203 1834 vero
3241 1788 3547 1841 assecutus,

1973 1867 2025 1922 ci
2079 1883 2202 1936 qua:
2249 1868 2502 1937 peperit,
2559 1882 2737 1936 exque
2802 1877 2963 1937 partu
3013 1868 3194 1939 gaudii
3251 1869 3412 1936 plena
3459 1883 3552 1923 ex-

1973 1960 2140 2014 sistit.

2046 2065 2167 2117 174.
2204 2061 2346 2116 Olim
2370 2063 2592 2132 quidem
2628 2062 2984 2118 Amorrhaeus
3018 2071 3280 2117 montana
3316 2060 3504 2115 colens
3534 2102 3547 2126 ,

1973 2168 2068 2208 eos
2106 2168 2397 2222 aggressus
2424 2153 2519 2220 qui
2559 2152 2869 2221 transgredi
2913 2151 3381 2212 connitcbantur',
3419 2163 3550 2202 con-

1972 2241 2300 2297 vulnerabat
2328 2242 2410 2300 "z
2441 2256 2700 2310 nuncque
2750 2241 2889 2294 mala
2922 2240 3130 2295 oblivio
3189 2240 3314 2293 illos
3357 2254 3547 2308 perse-

1973 2335 2186 2404 quitur,
2215 2334 2310 2402 qui
2347 2333 2583 2388 necdum
2633 2333 3012 2387 castimoniam
3063 2332 3284 2401 adepti,
3342 2331 3409 2385 ad
3467 2331 3550 2384 al-

1974 2424 2171 2479 tiorem
2205 2423 2508 2492 simplicem
2539 2423 2842 2477 orationem
2890 2438 3176 2477 ascensum
3224 2419 3547 2476 moliuntur.

2038 2516 2162 2571 175.
2198 2515 2514 2570 Orationem
2545 2531 2736 2588 puram
2773 2515 2924 2585 gravi
2965 2514 3244 2569 damones
3263 2513 3392 2568 odio
3417 2528 3548 2583 per-

1973 2615 2301 2677 sequuntur,
2331 2607 2494 2676 idque
2517 2622 2583 2661 ex
2613 2606 2795 2676 genio.
2832 2605 3091 2660 Percellit
3130 2621 3260 2660 vero
3308 2620 3406 2660 eos
3436 2619 3547 2658 non

1971 2699 2240 2754 bonorum
2271 2699 2452 2763 turba,
2484 2699 2633 2752 velut
2657 2706 2914 2753 externos
2945 2698 3134 2754 hostes
3157 2697 3373 2768 objecta
3409 2712 3549 2767 prae-

1973 2791 2116 2846 sidia
2141 2790 2419 2855 militum;
2469 2789 2566 2844 sed
2599 2789 2765 2844 trium
2823 2805 3148 2853 consensus,
3189 2788 3391 2844 mentis
3432 2787 3545 2843 sci-

1971 2880 2100 2935 licet
2133 2895 2256 2934 cum
2294 2879 2507 2934 ratione
2530 2919 2545 2944 ,
2574 2887 2630 2934 et
2688 2878 2919 2934 rationis
2969 2894 3096 2934 cum
3133 2894 3319 2934 sensu.

2046 2970 2169 3025 176.
2202 2969 2447 3040 Simplex
2473 2969 2672 3034 oratio,
2725 2969 2882 3039 quasi
2929 2967 3088 3038 panis
3135 2966 3418 3021 videbitur
3444 2964 3490 2997 ⁶⁰
3529 3004 3546 3029 ,

1974 3063 2302 3132 incipientes
2327 3077 2391 3116 ac
2419 3060 2854 3116 rudimentarios
2879 3059 3197 3114 confortans
3226 3077 3238 3112 :
3271 3074 3394 3128 quae
3417 3073 3549 3112 vero

1977 3156 2218 3225 aliquam
2247 3153 2771 3222 contemplationem
2802 3151 3154 3221 coniunctam
3185 3149 3373 3214 habet,
3397 3149 3549 3203 velut

1973 3247 2156 3301 oleum
2186 3244 2536 3316 impinguans
2556 3237 2646 3297 δίε
2679 3258 2800 3314 qua:
2827 3243 3067 3313 denique
3098 3243 3278 3296 nullas
3306 3240 3550 3295 admittit

292 3330 499 3387 formas
521 3349 585 3389 ac
608 3335 922 3401 simulacra,
955 3340 1110 3405 quasi
1131 3339 1322 3395 vinum
1337 3339 1858 3412 fragrantissimum,
1893 3357 2003 3413 quo
2035 3339 2130 3410 qui
2187 3339 2336 3418 pleni
2374 3345 2523 3404 sunt,
2585 3338 2917 3392 immensum
2965 3335 3240 3393 excedunt
3291 3351 3356 3390 ac
3397 3335 3547 3392 velut

293 3423 577 3480 insaniunt
604 3428 673 3480 “.

368 3513 500 3585 ροζ⁹.
526 3519 547 3539 ⁹
580 3517 806 3587 Ἀγριος
841 3519 938 3588 μὲν
968 3520 1108 3585 ὄνος,
1141 3521 1348 3586 πόλεως
1395 3524 1493 3592 μὲν
1520 3522 1737 3589 λέγεται
1767 3541 1866 3576 πο-

298 3601 547 3673 λυοχλίας
580 3607 908 3677 καταγελᾷν·
961 3609 1056 3660 καὶ
1085 3609 1392 3679 μονόκερως
1429 3610 1487 3663 δὲ
1533 3611 1626 3664 ὑπ’
1654 3611 1869 3674 οὐδενὸς

295 3694 612 3765 δεσμεῖσθαι
643 3697 953 3768 δυνάμενος.
991 3698 1130 3762 Νοῦς
1152 3698 1209 3753 δὲ
1233 3699 1466 3769 φύσεως,
1498 3701 1594 3756 καὶ
1616 3703 1723 3755 τῶν
1741 3703 1869 3774 περὶ

302 3786 465 3854 φύσιν
498 3787 824 3854 βασιλεύσας
852 3789 1044 3859 λόγων,
1079 3790 1443 3861 ματαιότητος
1492 3792 1591 3862 μὲν
1631 3809 1868 3859 καταγε-

296 3879 363 3948 λᾷ
386 3877 666 3948 λογισμῶν
697 3881 1164 3951 προσευχόμενοςο
1205 3885 1336 3953 παρ’
1367 3884 1581 3947 οὐδενὸς
1620 3883 1678 3937 δὲ
1708 3885 1868 3938 δύνα-

300 3987 388 4023 ται
425 3971 534 4024 τῶν
563 3971 666 4024 ὑπὸ
695 3970 791 4041 τὴν
831 3973 1082 4044 αἴσθησιν
1113 3973 1650 4039 κατεξουσιάζεσϐαι.

369 4160 499 4222 ροη’.
534 4153 655 4224 Χρὴ
709 4154 800 4207 τὸν
845 4154 1244 4225 ἀγωνιζόμενον
1273 4196 1288 4220 ,
1318 4155 1421 4227 τὴν
1471 4156 1570 4228 μὲν
1612 4158 1864 4228 αἴσθησιν

293 4247 478 4310 αὐτοῦ,
509 4249 588 4309 είς
622 4245 721 4315 τὴν
772 4246 1016 4316 μονοειδῆ
1065 4248 1374 4301 συστέλλειν
1412 4250 1636 4320 τροφήν·
1684 4251 1774 4303 τὸν
1807 4251 1863 4303 δὲ

294 4339 437 4403 νοῦν,
505 4342 587 4402 είς
636 4339 735 4410 τὴν
805 4339 1183 4408 μονολόγιστον
1266 4344 1576 4413 προσευχήν
1610 4359 1623 4373 ο
1692 4342 1864 4408 οὕτως

294 4431 402 4502 γὰρ
437 4431 662 4502 ἄσχετος
695 4432 932 4499 γεγονὼς
963 4434 1027 4486 ἐκ
1048 4434 1238 4487 παθῶν
1262 4473 1276 4496 ,
1309 4436 1401 4487 καὶ
1432 4436 1524 4488 ἐπὶ
1563 4436 1622 4488 τὸ
1679 4438 1862 4507 ἁρπάκ

295 4522 484 4585 ζεσοαι
516 4524 652 4593 πρὸς
688 4523 889 4592 Κύριον
918 4523 1032 4594 ἥξει
1059 4526 1115 4578 ὲν
1149 4525 1226 4595 τῷ
1263 4527 1687 4597 προσεύχεσθαι.

365 4765 410 4797 ⁸⁸
440 4763 581 4817 Psal.
614 4778 718 4827 ιιι,
758 4763 840 4816 l-l.
917 4764 962 4795 ⁸⁷
994 4763 1136 4818 Psal.
1163 4779 1354 4828 xxxix,
1389 4765 1442 4817 5.

367 5067 454 5136 (e‘)
499 5067 560 5120 '0
601 5067 950 5137 Ἄμορῤαἷος.
976 5068 1066 5123 Sic
1087 5069 1346 5121 nimirum
1365 5070 1524 5122 Deut.
1560 5086 1594 5129 ι,
1621 5069 1708 5129 4-1,
1734 5085 1858 5124 cum

295 5153 406 5198 xw,
439 5137 526 5199 45,
564 5152 673 5190 non
704 5138 1074 5200 Amorrllazus,
1115 5139 1209 5191 sed
1258 5139 1480 5192 Amalec
1533 5147 1589 5193 ct
1643 5139 1860 5193 Chana-

297 5222 446 5260 nams
478 5207 752 5278 dicantur,
785 5207 865 5261 sic
893 5207 959 5261 de
1000 5217 1184 5278 monte
1231 5209 1571 5270 exsilientes,
1635 5209 1685 5262 in
1746 5226 1856 5278 quo

296 5285 456 5330 erant
483 5275 537 5328 in
571 5276 780 5330 insidiis
830 5277 1236 5346 (ἐγκαθήμενοι)
1283 5294 1378 5331 eos
1412 5275 1845 5334 conscidisseac

298 5353 616 5414 persecutos
638 5360 778 5406 esse,
803 5347 896 5412 qui
944 5346 1051 5399 vim
1093 5347 1340 5402 fecerant
1393 5357 1453 5401 ut
1516 5349 1847 5403 transirent:

296 5415 440 5488 quod
467 5414 821 5488 scilicet_Dco
839 5416 978 5488 irato
1005 5433 1118 5470 rem
1158 5417 1636 5487 aggrediebantur,
1667 5418 1848 5488 Moyse

296 5485 464 5558 etiam
487 5483 856 5558 dissuadente.
893 5487 951 5537 '0
981 5488 1162 5558 οίκῶν,
1195 5483 1340 5555 quod
1363 5489 1680 5558 scribit,qm’
1701 5483 1850 5542 habi-

298 5553 811 5626 labat,clini_HelIr.
841 5571 903 5626 ac
932 5556 1156 5624 reliquis
1211 5553 1499 5622 convenit;
1559 5553 1849 5626 potuitque

298 5626 377 5679 sic
415 5623 927 5696 haberiinﬁrzceis,
959 5623 1192 5694 quorum
1237 5627 1316 5679 illi
1357 5628 1512 5696 copia
1553 5623 1675 5690 fuit,
1737 5623 1849 5682 sive

298 5705 453 5749 erant
483 5692 590 5747 τῶν
617 5692 779 5759 LXX,
815 5695 931 5750 sive
972 5692 1003 5766 ἦ
1047 5698 1215 5766 κοινή.
1252 5696 1407 5762 Quod
1428 5692 1528 5752 'est
1567 5713 1686 5767 cap.
1726 5696 1846 5765 175,

1555 4765 1600 4796 ⁵⁸
1635 4766 1791 4820 Joan.
1825 4781 1934 4828 xw,
1967 4767 2056 4820 21.

298 4833 386 4888 15.
461 4834 502 4863 ⁶¹
532 4834 671 4887 Psal.
703 4850 829 4898 xxn,
989 4835 1033 4865 θ’
1063 4835 1108 4887 ll
1149 4833 1274 4887 Cor.
1303 4851 1362 4897 γ,
1394 4835 1480 4888 15.
1560 4836 1605 4865 ⁵³
1630 4836 1754 4890 Job.
1782 4852 1866 4889 xx:

2002 4838 2054 4900 5,
2097 4836 2148 4890 9.

365 4951 384 4972 ‘
430 4948 565 5004 Vide
622 4949 875 5002 Boehart.
944 4949 1054 5001 Dea
1117 4947 1306 5002 nimal.
1379 4964 1546 5006 sacrm
1608 4948 1912 5019 Scriptum.

2043 3523 2166 3576 177.
2203 3522 2375 3575 Aiunt
2421 3535 2690 3590 onagrum
2750 3520 3028 3575 confertas
3069 3519 3310 3574 civitatis
3359 3519 3548 3574 turbas

1975 3614 2242 3678 irridere;
2273 3625 2596 3668 monoceros
2645 3619 2829 3665 autem
2876 3628 2908 3666 a
2948 3611 3169 3666 nemine
3203 3612 3412 3680 alligari
3446 3627 3546 3680 po-

1977 3712 2082 3758 test
2109 3704 2174 3756 ⁸³.
2222 3703 2393 3758 Porro
2422 3716 2599 3765 mens,
2637 3717 2759 3771 qua:
2801 3709 3034 3765 naturae,
3078 3716 3378 3770 earumque
3425 3716 3547 3768 quae

1975 3804 2102 3850 sunt
2129 3795 2276 3850 circa
2319 3793 2487 3858 illam,
2548 3793 2826 3846 rationum
2886 3801 3048 3846 nacta
3104 3791 3396 3860 imperium
3430 3790 3541 3852 sit,

1975 3887 2120 3940 inter
2151 3885 2420 3939 orandum
2446 3899 2616 3937 vanas
2651 3883 2845 3937 irridet
2877 3882 3241 3954 cogitationes
3267 3922 3280 3944 ,
3331 3897 3432 3934 nec
3458 3882 3544 3933 ul-

1978 3978 2085 4031 lius
2138 3975 2397 4047 potestati
2447 3974 2762 4045 subjicitur,
2813 3990 3006 4028 eorum
3053 3989 3175 4044 qua:
3215 3973 3270 4026 in
3323 3987 3544 4027 sensum

1975 4068 2199 4122 cadunt.

2043 4159 2166 4212 178.
2203 4157 2396 4222 Debet,
2433 4159 2529 4228 qui
2560 4173 2731 4229 agone
2760 4156 3062 4221 contendit,
3119 4156 3186 4210 ad
3244 4157 3411 4211 unius
3453 4171 3547 4227 ge-

1971 4253 2122 4307 neris
2137 4251 2341 4315 cibum,
2376 4268 2598 4306 sensum
2625 4268 2782 4307 suum
2804 4253 2965 4323 662
2992 4251 3356 4323 restringere;
3389 4267 3544 4306 men-

1976 4351 2195 4412 temque
2279 4341 2346 4414 ad
2403 4343 2570 4395 unius
2650 4342 2881 4396 rationis
2944 4341 3245 4396 orationem
3322 4355 3539 4412 cogere.

1973 4433 2064 4487 Sic
2091 4433 2236 4486 enim
2270 4433 2338 4486 ab
2362 4433 2653 4488 affectibus
2686 4434 2826 4488 liber
2853 4434 3106 4499 effectus,
3157 4433 3377 4488 abunde
3407 4450 3542 4489 con-

1974 4533 2238 4593 sequetur
2296 4533 2357 4578 ut
2393 4525 2459 4578 ad
2505 4525 2796 4580 Dominum
2843 4525 2988 4581 inter
3029 4525 3300 4580 orandum
3361 4525 3544 4596 rapia-

1968 4623 2054 4668 tur
2085 4614 2149 4666 ⁸⁸.

2171 4769 2215 4801 ⁵³
2245 4768 2406 4821 Num.
2436 4785 2544 4833 xiv,
2577 4771 2677 4834 45;
2711 4771 2872 4824 Dent.
2904 4787 2940 4834 ι,
2974 4772 3063 4826 44.

2240 4838 2285 4868 ⁶⁵
2317 4839 2336 4892 l
2369 4839 2531 4894 Thes.
2568 4857 2639 4904 ιν,
2675 4843 2759 4895 16.

3176 4772 3220 4802 ⁶⁰
3249 4769 3392 4824 Psal.
3425 4786 3537 4836 cm,

1970 5071 2092 5140 οὐχὶ
2125 5072 2328 5138 πλῆθος
2357 5072 2464 5123 τῶν
2490 5070 2696 5129 κακῶν,
2734 5070 2916 5123 nullus
2959 5070 3269 5138 decoquere
3308 5072 3534 5139 possim,

1971 5139 2041 5210 ut
2068 5142 2143 5194 ita
2171 5142 2460 5210 scripsisse
2517 5149 2703 5208 putem
2755 5139 3069 5203 Maximum,
3110 5150 3206 5194 aut
3267 5141 3406 5194 forte
3445 5143 3539 5196 ha-

1967 5209 2153 5266 buisse
2175 5209 2300 5265 cod.
2325 5211 2523 5268 Valic.,
2554 5210 2657 5263 nisi
2685 5210 2822 5263 forte
2849 5211 3053 5273 κακῶν,
3083 5212 3203 5263 ἀντὶ
3220 5211 3331 5270 τοῦ,
3361 5212 3536 5265 πόνων

1954 5282 2194 5348 positum
2223 5281 2312 5334 sit.
2350 5280 2455 5332 Sed
2487 5288 2771 5350 praestaret
2804 5280 3027 5350 καλῶν·
3061 5281 3278 5334 honesti
3329 5282 3533 5350 quippe

1954 5351 2179 5419 nomine
2207 5350 2429 5403 virtutis
2454 5349 2675 5403 labores
2702 5349 2886 5418 potius
2922 5350 3168 5415 veniant,
3191 5367 3353 5419 quam
3382 5349 3530 5418 mali;

1952 5417 2108 5490 iique
2134 5420 2225 5472 uni
2259 5420 2413 5488 quasi
2441 5417 2723 5473 exercitus
2754 5420 3153 5490 intelligantur,
3185 5417 3276 5490 qui
3326 5417 3535 5476 terren-

1951 5487 2024 5541 do
2082 5487 2358 5543 daemones
2400 5489 2529 5550 sint,
2588 5505 2689 5544 nec
2730 5505 2862 5542 vero
2892 5487 3158 5554 terreant,
3204 5487 3308 5544 nisi
3362 5491 3527 5554 adsit.

1950 5573 2112 5632 quam
2154 5558 2423 5612 Maximus
2455 5559 2625 5630 exigit
2659 5559 2862 5614 virium
2895 5561 3067 5615 animi
3101 5577 3209 5615 una
3251 5561 3533 5632 conspira-

1950 5629 2024 5682 tio
2069 5637 2123 5682 et
2154 5643 2477 5685 consensus.
