4046 6196
591 234 729 302 1443

1751 241 1813 301 S.
1857 241 2147 303 ΜΑΧΙΜΙ
2194 239 2704 309 CONFESSOBIS

3714 232 3827 300 illi

660 353 784 410 179.
815 351 993 408 Canes
1020 348 1085 419 iu
1113 364 1173 404 se
1200 349 1418 417 efferat.
1456 351 1553 422 qui
1582 351 1665 407 eis
1687 350 1945 408 baculum
1994 355 2174 409 inten—

2351 354 2483 427 ροθ’.
2519 354 2747 408 Ῥάῦδον
2782 353 2884 426 μὲν
2905 354 2936 407 ό
2961 352 3121 406 κυσὶν
3153 351 3412 406 ἐπισείων
3455 349 3692 422 ἡγρίωσε
3729 353 3832 403 καθ’

590 454 669 501 tat
699 462 715 499 :
750 446 832 501 sic
862 454 920 499 et
966 442 1284 506 dmmones,
1321 443 1433 513 qui
1456 458 1594 515 pure
1647 443 1873 516 defungi
1918 446 2171 501 oratione

588 535 829 591 studeat.

657 627 778 684 180.
829 627 1143 699 Voluptarii
1188 627 1446 683 homines
1495 642 1562 683 ac
1615 626 1925 692 libidinosi,
1972 636 2035 682 ut
2074 627 2171 697 qui

591 718 798 774 terreni
847 717 979 785 sint,
1042 727 1305 789 tanquam
1356 732 1520 772 ranas
1551 758 1566 783 ,
1618 717 1985 788 cogitationes
2025 717 2173 787 ipsos

590 808 965 865 distrahentes
988 810 1199 867 habent
1236 826 1250 863 :
1279 823 1520 879 quorum
1558 822 1693 863 vero
1720 807 1787 862 ad
1820 807 2175 863 mediocrita-

590 907 702 956 tem
732 902 964 959 aﬂ'eetus
988 903 1201 959 redacti
1237 910 1388 967 sunt,
1438 901 1593 956 velut
1631 900 1895 957 luscinias
1927 942 1942 967 ,
1984 901 2173 956 consi-

589 992 907 1050 derationes
932 993 1142 1068 habent
1169 1009 1269 1050 eos
1297 994 1663 1058 obiectantes,
1696 1008 1764 1048 ex
1791 993 1919 1048 aliis
1946 995 2002 1048 in
2032 992 2175 1047 alios

590 1083 1023 1156 eommigrantes
1042 1101 1249 1151 ramos,
1285 1085 1569 1140 variarum
1610 1084 1825 1139 scilicet
1874 1085 2027 1140 cultu
2070 1099 2172 1138 no-

592 1174 825 1231 tionum.
854 1178 926 1232 lis
950 1176 1189 1248 denique
1217 1178 1313 1248 qui
1346 1177 1416 1232 ab
1467 1176 1764 1231 affectibus
1817 1176 1983 1232 liberi
2025 1184 2177 1231 tran-

590 1269 881 1339 quillitatis
909 1285 1094 1324 arcem
1133 1269 1527 1331 ascenderunt,
1561 1250 1755 1338 ingens
1782 1283 1813 1323 a
1875 1267 2174 1339 cogitatio-

593 1358 760 1414 nibus
780 1368 837 1415 et
880 1358 1193 1414 rationibus
1243 1373 1309 1415 ac
1358 1358 1723 1429 conceptibus
1775 1358 2056 1414 silentium
2091 1367 2177 1414 est

591 1458 759 1519 atque
791 1451 1011 1521 requies
1053 1450 1200 1505 inter
1244 1449 1537 1504 orandum.

662 1542 785 1597 181.
814 1540 958 1596 Olim
986 1541 1214 1612 quidem
1249 1540 1425 1595 Maria
1462 1539 1632 1596 Mosis
1658 1555 1840 1606 soror,
1879 1549 2176 1612 conspecta

591 1631 837 1686 hostium
858 1640 1060 1703 strage,
1096 1647 1323 1687 sumens
1351 1640 1697 1704 tympanum,
1754 1632 2008 1688 victoriae
2041 1648 2174 1689 can-

594 1723 701 1778 tica
740 1724 1037 1778 mulierum
1066 1723 1239 1778 choro
1281 1723 1684 1793 auspicabatur
1717 1724 1763 1756 ⁸⁸
1801 1740 1816 1776 :
1857 1738 2008 1779 nunc
2046 1738 2180 1780 vero
2206 1694 2254 1755 Β

594 1813 649 1867 in
673 1814 796 1882 ejus
816 1812 989 1867 animi
1031 1812 1275 1878 laudem,
1321 1813 1416 1883 qui
1458 1812 1727 1867 vitiorum
1774 1827 1840 1867 ac
1881 1812 2178 1868 affectuum

594 1904 773 1959 victor
822 1903 1124 1968 exstiterit,
1151 1903 1268 1973 ipsa
1300 1903 1570 1958 virtutum
1618 1903 1919 1973 primatum
1961 1914 2175 1971 tenens,

591 1995 771 2051 excita
805 1994 1069 2059 cbaritas,
1090 1994 1364 2050 citharam
1388 2009 1514 2049 cum
1537 1995 1780 2059 cantico,
1808 1995 1963 2050 velut
1982 2010 2179 2064 quam-

593 2085 720 2141 dam
770 2086 1299 2156 contemplationem
1338 2125 1354 2150 ,
1412 2084 1634 2156 pridem
1684 2085 1763 2140 illi
1840 2084 1910 2139 ad
1962 2085 2181 2142 decoris

592 2171 992 2227 abundantiam
1037 2172 1368 2239 laboratam,
1423 2174 1481 2231 in
1526 2188 1725 2229 manus
1746 2188 1974 2230 sumens
2000 2215 2014 2239 ,
2068 2189 2181 2231 non

592 2268 771 2317 cemt
819 2277 948 2318 cum
1001 2261 1161 2318 turba
1187 2261 1268 2318 illi
1319 2262 1553 2329 comite,
1611 2263 1899 2319 exsultans
1953 2264 2180 2321 laudare

594 2353 791 2409 Deum.

669 2439 791 2495 182.
831 2438 1062 2508 Quando
1095 2439 1293 2496 orandi
1352 2440 1471 2513 jugi
1534 2439 1805 2497 exercitio
1862 2458 1929 2498 ac
1980 2444 2177 2514 cultu,

592 2530 929 2596 psalmorum
984 2530 1213 2584 oracula
1271 2529 1330 2585 in
1377 2531 1592 2586 orantis
1638 2532 1809 2587 corde
1864 2531 2177 2618 hmserint,

596 2630 729 2675 tunc
757 2628 811 2673 et
845 2619 963 2689 ipse
992 2620 1145 2675 velut
1170 2627 1320 2674 terra
1346 2619 1578 2691 optima,
1601 2621 1752 2677 ultro
1780 2621 1926 2678 ferre
1957 2623 2176 2694 incipit,

597 2718 659 2765 ut
687 2726 839 2765 rosas
868 2711 1093 2781 quidem
1121 2751 1137 2776 ,
1197 2710 1655 2782 incorporearum
1690 2729 1877 2769 rerum
1927 2728 2179 2770 contem-

593 2804 934 2873 plationem;
972 2813 1035 2859 ut
1063 2820 1198 2859 vero
1236 2804 1370 2869 lilia,
1403 2818 1701 2874 corporum
1754 2806 1917 2877 longe
1962 2806 2179 2863 lucidas

594 2896 838 2951 rationes
861 2911 928 2950 ac
953 2906 1296 2967 conceptus;
1324 2907 1387 2951 ut
1424 2895 1665 2968 denique
1695 2898 1874 2956 violas
1895 2940 1910 2965 ,
1955 2900 2176 2957 divino-

594 3004 715 3043 rum
737 2988 1077 3058 judiciorum
1108 2988 1317 3043 variam
1343 3003 1449 3044 nec
1477 2988 1666 3046 animo
1710 2989 1874 3046 facile
1917 3006 2175 3064 compre-
2203 3031 2250 3094 ο

594 3080 821 3135 bensam
852 3080 1378 3135 considerationem.

664 3171 787 3228 185.
822 3171 1066 3227 Flamma
1093 3172 1342 3247 materiae
1364 3172 1569 3245 illigata
1594 3173 1737 3230 lucis
1760 3174 2006 3246 fulgores
2026 3190 2179 3247 spar-

588 3259 668 3329 git
703 3261 964 3317 :animus
1011 3277 1147 3317 vero
1194 3276 1261 3316 ea
1297 3261 1515 3317 solutus
1571 3278 1637 3318 ac
1675 3265 1917 3321 terrenis
1970 3266 2117 3322 liber
2154 3307 2169 3333 ,

594 3351 706 3406 Deo
741 3350 959 3407 alllatus
984 3351 1295 3422 plenusque
1335 3352 1662 3408 invenitur:
1700 3369 1767 3409 ac
1811 3354 1907 3409 illa
1944 3356 2173 3425 quidem

592 3442 663 3498 ad
691 3443 998 3498 fomentum
1034 3458 1207 3514 usque
1236 3442 1413 3498 attolli
1443 3444 1648 3510 habet;
1683 3444 1777 3500 hic
1807 3461 1944 3501 vero
1982 3447 2052 3503 ad
2086 3447 2176 3503 di-

599 3536 714 3590 vini
746 3550 925 3607 usque
956 3534 1164 3591 amoris
1203 3534 1371 3592 ﬁnem
1405 3551 1471 3593 ac
1497 3537 2056 3595 consummationem.

665 3626 793 3684 184.
825 3625 930 3693 Qui
962 3641 1022 3682 se
1041 3625 1285 3697 perfecte
1314 3625 1676 3698 abnegaverit
1694 3668 1709 3692 ,
1734 3629 1976 3694 animus,
2004 3644 2178 3702 seque

594 3735 822 3791 prorsus
844 3719 1107 3783 orationi,
1150 3734 1216 3777 ea
1245 3719 1524 3785 sublimis,
1551 3718 1853 3786 addixerit,
1887 3721 1986 3791 qui
2015 3737 2174 3778 crea-

597 3822 722 3867 tura
746 3810 1000 3881 superior
1027 3811 1281 3875 exsistat,
1305 3826 1418 3865 non
1443 3811 1668 3881 quando
1696 3811 1836 3868 libet
1864 3812 1931 3867 ad
1967 3822 2174 3869 terram

594 3902 902 3967 descendit,
940 3902 1035 3958 sed
1068 3917 1196 3957 cum
1230 3901 1309 3956 illi
1328 3903 1541 3974 justum
1581 3918 1915 3975 :equumque
1961 3905 2173 3963 videbi-

597 4004 707 4061 tur,
744 3996 839 4065 qui
865 3995 1135 4050 humanas
1170 4010 1261 4050 res
1286 4010 1482 4051 omnes
1530 3996 1779 4066 pondere
1809 4006 1866 4052 et
1908 4013 2174 4056 mensura

592 4088 840 4159 disponit
871 4103 936 4143 ac
971 4087 1134 4159 regit.

664 4178 787 4234 185.
818 4179 923 4235 Ubi
963 4178 1033 4233 ab
1082 4177 1303 4241 anima,
1359 4177 1550 4233 acedia
1594 4178 1956 4246 exsulaverit,
1994 4197 2174 4255 exque

593 4269 765 4327 animi
814 4284 979 4325 sensu
1025 4269 1275 4339 nequitia
1328 4285 1393 4324 ac
1442 4268 1604 4342 663
1648 4270 1894 4342 pravitas
1941 4288 2173 4329 excussa

2273 446 2471 501 ἑαυτοῦ
2504 462 2518 478 ’
2586 446 2847 518 δαίμονας
2908 446 3009 512 δὲ,
3067 448 3097 499 ό
3152 444 3411 516 καθαρῶς
3469 442 3835 513 ἐκϐιαζόμενος

2272 536 2546 608 εὔχεσθαι.

2349 627 2459 699 ρπ⁹.
2496 631 2562 683 Ol
2606 630 2707 701 μὲν
2741 627 3042 701 ἡδυπαθείς
3074 627 3530 699 προσευχόμενοι,
3565 627 3661 681 ἅτε
3721 626 3838 679 ὐλώο

2272 721 2386 787 δεις
2439 724 2615 788 ὄντες,
2649 722 2726 785 ὡς
2778 722 3089 792 βατράχους
3140 719 3324 791 έχουσι
3376 720 3504 782 τοὺς
3560 718 3837 788 λογισμοὺς

2275 811 2663 879 περισπῶντας
2692 810 2893 875 αὐτούς
2920 827 2933 839 ·
2967 812 3016 864 οί
3056 810 3112 864 δὲ
3146 809 3560 880 μετριοπαθείς,
3591 808 3690 871 τάς
3727 808 3840 862 θεω·

2276 903 2398 973 ρίας
2427 903 2503 967 ὡς
2529 901 2758 974 ἀηδόνας
2793 900 3248 973 κατατερπούσας
3274 900 3479 963 αὐτοὺς
3500 941 3516 966 ,
3542 903 3610 970 τῇ
3639 901 3737 953 ἀπ’
3762 903 3840 954 άλ-

2275 995 2382 1049 λων
2426 995 2508 1058 είς
2566 993 2761 1057 ἄλλους
2786 994 3123 1064 άκρέμονας,
3152 990 3402 1046 τουτέστι
3439 992 3695 1055 ποικίλας
3725 992 3839 1046 θεω-

2279 1086 2422 1157 ρίας,
2460 1084 2765 1157 μεταδάσει
2797 1100 2811 1116 ο
2848 1086 2978 1155 σιγὴ
3036 1085 3095 1138 δὲ
3162 1085 3425 1154 πρόσεστι
3457 1086 3573 1145 τοῖς
3623 1081 3842 1136 ἀπαθέσι

2276 1179 2371 1233 καὶ
2397 1179 2606 1251 ἠρεμία
2640 1176 2811 1249 πολλὴ
2843 1179 2909 1232 ὲκ
2932 1178 3209 1249 λογισμῶν
3243 1178 3340 1233 καὶ
3368 1178 3656 1249 νοημάτων
3697 1179 3755 1230 ἐν
3778 1176 3842 1245 τῷ

2276 1268 2698 1340 προσεύχεσθαι.

2349 1538 2497 1601 ρπα’.
2537 1532 2715 1585 Πάλαι
2743 1531 2842 1602 μὲν
2878 1533 2911 1604 ἡ
2936 1530 3031 1586 τοῦ
3066 1531 3319 1594 Μωσέως
3343 1530 3532 1601 Μαρία
3564 1530 3677 1583 τῶν
3706 1531 3842 1584 πολε-

2281 1621 2422 1692 μίων
2447 1621 2550 1692 τὴν
2582 1620 2795 1675 πτῶσιν
2829 1620 3166 1693 θεασαμένη,
3194 1621 3255 1674 τύ
3272 1619 3558 1690 τύμπανον
3580 1621 3843 1692 ἀραμένη,

2280 1714 2478 1787 ἐξῆρχε
2509 1717 2627 1779 ταῖς
2654 1714 2905 1786 ᾀδούσαις
2936 1712 3006 1768 τὰ
3035 1715 3281 1767 ἐπινίκια
3309 1730 3325 1746 ·
3350 1713 3470 1766 νυνὶ
3497 1711 3556 1765 δὲ
3584 1713 3667 1775 είς
3696 1713 3845 1783 εὐφη-

2284 1807 2415 1878 μίαν
2447 1807 2547 1877 τῆς
2580 1807 2889 1879 νικησάσης
2916 1805 2985 1859 τὰ
3013 1804 3160 1876 πάθη
3191 1804 3373 1875 ψυχῆς
3396 1841 3413 1867 ,
3449 1804 3482 1873 ἡ
3509 1803 3771 1874 κρείτ-,ων
3794 1806 3843 1855 ἐν

2279 1897 2505 1969 ἀρεταῖς
2533 1898 2728 1969 ἀγάπη
2757 1896 3129 1968 διεγερθεῖσα,
3166 1896 3265 1967 τὴν
3296 1894 3417 1966 μετ’
3444 1894 3595 1965 ᾠδῆς
3628 1895 3844 1966 κιθάραν

2279 1988 2471 2062 ῶσπερ
2491 1990 2616 2044 τινὰ
2671 1988 2905 2058 θεωρίαν
2945 1988 3442 2060 μεταχειριζομένη
3497 1985 3675 2058 ταύτῃ
3698 1988 3843 2042 πάλαι

2278 2082 2379 2154 τὴν
2412 2081 2745 2155 πονηθείσαν
2766 2083 2849 2144 είς
2876 2080 3108 2144 κάλλους
3139 2080 3484 2151 περιουσίαν,
3515 2081 3580 2134 οὐ
3627 2080 3843 2134 παύεται

2281 2175 2380 2228 σὺν
2403 2176 2519 2239 τοῖς
2547 2174 2678 2246 περὶ
2706 2173 2879 2246 αὐτὴν
2915 2170 3303 2245 ἀγαλλιωμένη
3348 2174 3523 2227 αἰνεῖν
3566 2172 3661 2226 τὸν
3707 2171 3839 2227 Θεόν.

2353 2448 2500 2522 ρπβ’.
2539 2450 2776 2506 Ὀπόταν
2803 2447 2894 2504 διὰ
2920 2448 3209 2519 συνεχείας
3236 2447 3339 2518 τῆς
3372 2447 3516 2501 κατά
3550 2447 3654 2517 τὴν
3701 2448 3844 2517 εὐχὴν

2281 2542 2593 2614 κατασχεθῇ
2624 2541 2694 2596 τὰ
2738 2541 2895 2611 λόγια
2935 2540 3043 2595 τῶν
3081 2536 3310 2611 ψαλμῶν
3338 2540 3398 2593 ἐν
3433 2541 3500 2611 τῇ
3542 2539 3739 2610 καρδία
3764 2538 3842 2590 τοῦ

2279 2634 2596 2707 εὐχομένου,
2618 2634 2742 2688 τότε
2756 2635 2849 2689 καὶ
2865 2632 3027 2697 αὐτὸς
3049 2631 3245 2703 γῆῖκαθ
3253 2631 3396 2701 άπερ
3415 2630 3620 2702 ἀγαθὴ,
3639 2632 3844 2701 ἄρχεται

2278 2726 2604 2798 αὐτομάτως
2659 2723 2981 2796 ἀναφέρειν,
3015 2723 3094 2787 ὡς
3132 2723 3233 2794 μὲν
3274 2721 3403 2793 ῥόδα
3426 2764 3442 2789 ,
3476 2721 3580 2793 τὴν
3628 2722 3845 2794 θεωρῐαν

2277 2818 2385 2874 τῶν
2422 2817 2781 2890 ἀσωμάτωναο
2824 2816 2901 2878 ὡς
2930 2815 2989 2871 δὲ
3025 2815 3221 2887 κρίνα,
3256 2814 3357 2885 τὴν
3385 2813 3721 2885 τηλαύγειαν
3756 2814 3848 2867 τῶν

2280 2911 2553 2981 σωμάτων
2584 2926 2602 2942 ο
2640 2909 2718 2973 ὡς
2748 2907 2805 2963 δὲ
2838 2908 2918 2971 τα,
2944 2906 3008 2961 τὸ
3037 2906 3283 2961 ποικίλον
3324 2905 3436 2960 τῶν
3463 2905 3628 2962 θείων
3658 2909 3844 2979 χριμά-

2279 3017 2387 3057 των
2416 2999 2792 3071 δυσθεώρητον

2352 3178 2500 3254 ρπγ’.
2545 3180 2636 3233 Ἐν
2663 3178 2766 3250 ὕλη
2799 3177 2902 3250 μὲν
2939 3175 3301 3247 δεσμευθεϊσα
3333 3173 3468 3246 φλὸξ
3490 3217 3507 3242 ,
3545 3174 3842 3246 φωτοφόρος

2278 3273 2606 3329 καθίσταται
2638 3288 2652 3302 ο
2688 3270 2749 3335 EE
2778 3268 2911 3341 ὕλης
2936 3266 2994 3321 δὲ
3019 3266 3247 3321 λυθεῖσα
3274 3266 3443 3339 ψυχὴ,
3479 3267 3736 3337 θεοφόρκ
3755 3266 3838 3318 εὐο

2279 3364 2551 3436 ρίσκεται.
2584 3361 2830 3431 Κάκείνη
2891 3359 2993 3430 μὲν
3038 3358 3293 3431 αἴρεσθαι
3326 3359 3570 3429 πέφυκεν
3592 3360 3717 3428 ἄχρι
3746 3355 3833 3410 τοῦ

2277 3454 2706 3525 ὑπεκκαύματος
2737 3469 2751 3483 ·
2784 3451 2926 3523 αὐτη
2974 3450 3052 3519 δὲ,
3087 3450 3252 3523 μέχρι
3291 3450 3388 3504 τοῦ
3423 3450 3565 3505 κατὰ
3589 3449 3678 3505 τον
3711 3449 3846 3503 θεῖον

2278 3548 2459 3622 ἔρωτα
2486 3543 2976 3616 συμπεράσματος.
3066 3570 3069 3572 >

2348 3636 2490 3713 ρπδ⁸.
2534 3639 2604 3691 Ἥ
2642 3635 2866 3700 τελείως
2913 3635 3118 3707 ἑαυτὴν
3168 3634 3530 3707 ἀρνησαμένη
3567 3635 3847 3707 ψυχὴ,καὶ

2275 3731 2474 3796 όλικῶς
2499 3729 2824 3787 ἀνατεθεῖσα
2852 3727 2989 3800 πρὸς
3006 3727 3194 3799 εὐχὴν,
3211 3726 3352 3798 αὕτη
3370 3728 3470 3799 οὐχ
3493 3729 3586 3782 ὅτε
3611 3728 3845 3800 βούλεται

2276 3826 2429 3881 κάτω
2469 3825 2704 3894 γίνεται,
2739 3819 2949 3876 ἄνωθεν
3005 3820 3373 3892 εὐρισκομένη
3428 3821 3528 3891 τῆς
3579 3822 3808 3885 κτίσεως
3834 3839 3845 3852 ·

2274 3918 2391 3973 ἀλλ’
2423 3917 2512 3970 ὅτε
2541 3914 2751 3969 δίκαιον
2791 3906 2933 3967 εἶναι
2966 3911 3134 3979 δόξει,
3162 3910 3241 3984 τῷ
3274 3912 3455 3968 πάντα
3502 3913 3741 3986 σταθμῷ
3767 3912 3848 3969 καὶ

2278 4007 2463 4078 μέτρῳ
2488 4000 2793 4072 διεξάγοντι
2819 4001 2889 4055 τὰ
2917 4000 3183 4073 ἡμέτερα.

2350 4201 2490 4266 ρπε’.
2525 4193 2697 4248 Ὅταν
2743 4190 2809 4243 ἐκ
2849 4187 3030 4259 ψυχῆς
3060 4185 3161 4259 μὲν
3188 4188 3223 4258 ἡ
3251 4187 3452 4259 ἀκηδία
3472 4187 3731 4260 ἀπελαθῇ
3753 4205 3769 4218 ·
3799 4190 3856 4241 ὲκ

2273 4285 2512 4350 διανοίας
2555 4285 2613 4338 δὲ
2639 4285 2673 4354 ἡ
2724 4280 2965 4353 πονηρία
3004 4280 3319 4352 ἐκτιναχθῇ,
3366 4280 3492 4333 τότε
3521 4283 3549 4334 ό
3587 4280 3720 4344 νοῦς
3762 4298 3855 4349 γυο

592 4358 794 4425 fuerit;
824 4368 957 4413 tunc
984 4373 1138 4413 mcns
1163 4358 1520 4427 simplicitate
1553 4359 1703 4414 nuda
1752 4360 1975 4432 vitaque
2024 4361 2172 4419 inar-

2282 4379 2415 4451 μνδς
2450 4376 2736 4446 γινόμενος
2770 4375 2836 4444 τῇ
2864 4371 3154 4442 ἁπλότητι,
3180 4369 3293 4441 ζωῇ
3329 4387 3389 4423 τε
3422 4372 3488 4440 τῇ
3520 4371 3745 4443 ἀτέχνῳ
3773 4370 3863 4424 καὶ

595 4448 828 4504 tiﬁciosa
856 4458 911 4503 et
946 4448 1157 4518 absque
1193 4450 1307 4503 ullo
1334 4450 1521 4519 probri
1555 4449 1938 4522 integumento
1967 4453 2176 4511 inanis-

592 4556 701 4611 que
746 4538 935 4611 gloriae
972 4540 1345 4605 vestimento,
1391 4540 1542 4596 cauit
1603 4549 1661 4596 et
1730 4543 1846 4612 ipsa
1892 4545 2172 4601 canticum

593 4649 797 4689 novum
855 4633 1016 4700 Deo;
1074 4633 1419 4702 pulsansque
1477 4633 1658 4688 melos
1696 4634 1752 4688 in
1803 4635 2175 4692 exsultatione

590 4724 797 4796 gratias
833 4723 983 4794 agit,
1031 4723 1183 4792 quod
1225 4721 1428 4799 futurae
1472 4722 1600 4780 vitae
1627 4725 1873 4781 encaenia
1903 4736 2172 4798 occupata

590 4815 780 4872 laetitia
816 4815 1080 4870 celebret.

664 4925 783 4980 186.
831 4924 971 4980 Cum
1018 4923 1327 4979 diviniores
1368 4922 1636 4995 quosdam
1687 4922 1904 4980 alllatus
1953 4925 2172 4983 animus

587 5033 756 5074 orans
786 5018 1135 5089 persentire,
1178 5017 1359 5088 iisque
1407 5017 1495 5089 agi
1550 5017 1805 5087 coeperit,
1851 5026 1966 5073 tum
2018 5020 2171 5075 velut

2274 4470 2399 4539 δίχα
2421 4466 2625 4530 παντὸς
2653 4465 2748 4519 τοῦ
2784 4465 2926 4518 κατὰ
2953 4464 3052 4535 τὴν
3084 4463 3351 4533 αἰσχύνην
3378 4461 3858 4533 ἐπικαλύμματος,

2275 4563 2371 4617 καὶ
2394 4561 2489 4615 τοῦ
2518 4558 2661 4614 κατὰ
2682 4558 2783 4629 τὴν
2823 4557 3092 4628 φανητίαν
3123 4554 3543 4627 προϐλήματος,
3572 4549 3746 4627 ᾆσμα
3774 4556 3864 4625 μὲν

2274 4655 2392 4728 ᾅδει
2415 4653 2512 4707 καὶ
2534 4646 2689 4714 οὗτος
2717 4648 2909 4704 καινὸν
2935 4647 3015 4718 τῷ
3038 4646 3161 4718 θεῷ
3190 4662 3207 4676 ο
3240 4648 3558 4719 εὐχαριστεῖ
3598 4646 3665 4700 δὲ
3709 4646 3863 4717 p.543;

2274 4742 2719 4815 ἀνακρουόμενος
2748 4741 2807 4795 ἐν
2837 4739 3183 4813 εὐφροσύνῃ,
3213 4736 3294 4810 τῷ
3325 4739 3426 4810 τῆς
3453 4737 3780 4809 μελλούσης
3806 4737 3866 4791 τὰ

2274 4833 2530 4903 ὲγκαίνια
2561 4828 2954 4901 προεορτάζειν
2986 4827 3252 4900 βιώσεως.

2346 4923 2505 4996 ρπς’.
2540 4925 2714 4978 Ὅταν
2759 4921 2912 4986 τινὰς
2953 4920 3238 4993 θειοτέρας
3290 4919 3572 4992 ἐνεργείας
3615 4921 3869 4991 ἐνεργεῖ·

2272 5017 2397 5072 σθαι
2432 5017 2670 5089 ἄρξηται
2706 5018 2740 5087 ἡ
2768 5016 3038 5086 εὐχομένη
3065 5014 3236 5085 ψυχὴ,
3261 5012 3383 5066 τότε
3415 5011 3512 5066 καὶ
3549 5013 3709 5084 αὐτὴ
3733 5014 3866 5066 κατὰ

582 5110 942 5169 Canticorum
976 5109 1210 5179 Sponsa,
1245 5109 1377 5164 talia
1404 5119 1461 5164 et
1492 5109 1610 5179 ipse
1634 5108 1704 5163 ad
1737 5108 1960 5165 sodales
1982 5118 2040 5166 et
2071 5112 2168 5181 qui

2278 5108 2368 5182 τὴν
2421 5110 2479 5162 ἐν
2510 5110 2758 5178 ’ᾼσμασι
2788 5106 3049 5177 Νύμφην,
3110 5103 3249 5175 πρὸς
3309 5102 3409 5167 τὰς
3456 5102 3868 5176 ὁμοιοτρόπως

584 5204 705 5277 pari
735 5218 950 5258 morum
976 5202 1128 5256 cultu
1164 5202 1536 5267 delectentur,
1569 5201 1830 5264 succinit,
1873 5200 2166 5257 Fraternas

2278 5198 2501 5254 τοιαῦτα
2523 5199 2798 5268 ὑποφωνεῖ
2825 5214 2840 5230 ο
2881 5194 3233 5265 ’Ᾰδελεριδός
3256 5210 3376 5264 μου
3395 5192 3744 5248 ἀπέστειλε
3766 5194 3869 5259 τὴν·

584 5313 731 5352 meus
789 5284 929 5351 misit
984 5311 1204 5348 manum
1248 5310 1405 5349 suam
1452 5309 1545 5364 per
1597 5292 1861 5363 foramen,
1903 5302 1953 5346 et
1990 5303 2168 5348 venter

583 5407 728 5444 meus
756 5389 1030 5443 intremuit
1059 5402 1219 5457 super
1249 5403 1371 5440 eum
1397 5385 1464 5440 “.

655 5481 780 5537 187.
818 5480 957 5537 Cum
996 5479 1156 5535 miles
1188 5493 1451 5534 reversus
1475 5493 1506 5534 e
1534 5478 1750 5549 praelio,
1781 5492 1947 5548 grave
1979 5493 2163 5533 armo-

649 5663 698 5696 “
729 5662 909 5718 Exod.
941 5675 1033 5730 xv,
1058 5661 1148 5717 20.
1180 5728 1185 5733 η
1227 5661 1272 5693 ⁸⁸
1304 5659 1463 5716 Cant.
1492 5674 1549 5724 v,
1581 5659 1636 5714 4.

2272 5290 2440 5362 χεῖρα
2490 5290 2678 5344 αὐτοῦ
2733 5289 2853 5345 ἀπὸ
2907 5288 3021 5359 τῆς
3076 5285 3253 5357 ὀπῆς,
3279 5284 3382 5340 καί
3413 5286 3451 5353 ὴ
3484 5287 3707 5341 κοιλία
3757 5300 3867 5355 μοι·

2269 5382 2527 5453 ἐθροήθη
2547 5382 2641 5436 ἐπ’
2663 5382 2867 5436 αὐτόν.

2344 5473 2488 5547 ρπζ.
2525 5473 2638 5528 Καὶ
2668 5474 3011 5546 στρατιώτης
3046 5474 3111 5527 ὲκ
3139 5471 3235 5526 τοῦ
3286 5470 3529 5543 πολέμου
3578 5466 3858 5525 ἐπαναλύ-
