4010 6202
299 231 456 299 1445

1492 231 1675 291 ALIA
1710 229 1816 290 Ex
1851 230 2092 290 VATIC.
2134 211 2421 295 CAPITA.

3458 246 3481 310 1
3497 246 3593 309 £16

294 361 434 408 σας,
465 346 533 400 τὸ
562 344 731 418 βάρος
770 346 881 401 τῶν
914 345 1096 400 ὅπλων
1118 343 1561 409 ἀποσκευάζεται
1597 360 1611 374 ο
1646 344 1741 397 καὶ
1767 359 1908 413 πρα-

2036 362 2135 401 um
2168 348 2385 417 pondus
2408 349 2567 419 ponit
2596 368 2610 415 ;
2650 359 2766 406 tum
2800 352 3015 409 activus
3036 354 3207 408 animi
3244 355 3491 412 rationes
3548 368 3603 416 et

293 438 511 501 κτικδς
539 439 665 503 τοὺς
694 440 1014 509 λογισμοὺς,
1050 439 1130 501 είς
1160 436 1398 508 θεωρίαν
1428 436 1726 507 ἐρχόμενος
1747 452 1759 465 ’
1781 433 1908 487 οὗτε

292 528 417 599 γάρ
456 532 670 595 ἐκεῖνος
692 533 739 584 εἰ
769 532 846 602 μὴ
874 532 933 586 ὲν
959 531 1181 602 πολέμῳ
1208 529 1402 603 χρείαν
1427 528 1541 601 ἔχει
1562 528 1673 582 τῶν
1703 526 1905 593 ὅπλων,

290 619 434 675 οὔτε
474 616 567 678 οὗτ
580 640 631 687 ος
653 624 762 677 τῶν
795 622 1096 694 λογισμῶν.

378 810 544 875 ρπη⁹.
584 805 647 858 Oi
686 804 786 874 μὲν
840 806 1141 875 πρακτικοὶ
1177 805 1253 869 ὡς
1291 806 1475 876 ἔχουσι
1519 806 1723 869 θέσεως
1774 805 1911 859 θεω-

296 894 478 966 ροῦσι
507 896 579 949 τὰ
608 897 841 968 σώματα
870 913 883 926 ·
927 899 977 950 οί
1000 898 1057 952 δὲ
1102 896 1453 969 θεωρητικοὶ,
1479 898 1555 962 ὠς
1586 897 1771 967 ἔχουσι
1806 897 1909 968 φύ-

297 1004 457 1052 σεως
492 1006 504 1019 ⁸
542 990 695 1060 μόνοι
737 990 794 1043 δὲ
832 992 962 1055 τοὺς
1002 990 1195 1060 λόγους
1231 991 1560 1063 ἀμφοτέρων
1607 991 1808 1062 ὁρῶσιν
1860 992 1909 1044 οί

294 1083 633 1147 γνωστικοί.

383 1176 542 1244 ρπθ’.
592 1178 682 1229 Ἑν
746 1178 846 1248 μὲν
896 1181 1010 1243 τοῖς
1062 1179 1248 1248 λόγοις
1283 1180 1393 1232 τῶν
1421 1178 1710 1249 σωμάτων,
1745 1178 1912 1246 γινὼ-

280 1282 546 1344 εσκονται
599 1268 667 1321 τά
722 1268 1029 1339 ἀσώματα·
1063 1272 1122 1323 ὲν
1174 1270 1492 1342 ἀσωμάτοις
1548 1270 1627 1333 δὲ,
1675 1270 1833 1339 λόγος
1883 1270 1912 1323 6

234 1404 239 1409 .
274 1356 675 1435 εὐπερούσιος,
705 1361 840 1432 πρὸς
884 1361 945 1415 ὃν
982 1362 1262 1432 ἐπείγεται
1297 1364 1448 1416 πᾶσα
1488 1362 1754 1416 σπουδαία
1777 1364 1911 1416 ἀνα-

300 1448 489 1504 λῦσαι
522 1452 691 1524 ψυχή.

388 1547 506 1614 ph.’
540 1545 604 1598 Οἱ
634 1545 782 1613 λόγοι
805 1546 914 1600 τῶν
946 1548 1239 1618 σωμάτων,
1270 1550 1346 1613 ὠς
1375 1549 1511 1603 ὀστᾶ
1539 1551 1648 1603 εἰσι
1689 1552 1802 1613 τοῖς
1827 1551 1908 1602 αἱ·

2010 440 2411 509 COgitationes,
2460 459 2585 497 cum
2634 444 2703 498 ad
2751 446 3281 515 contemplationem
3335 449 3593 503 venerit:

2012 547 2141 586 nam
2180 548 2363 605 neque
2394 535 2509 600 ille,
2542 546 2913 607 praeterquam
2952 538 3008 591 in
3047 538 3217 604 bello,
3257 540 3426 594 armis
3458 556 3599 609 opus

2012 622 2203 690 habet,
2240 641 2422 698 neque
2453 628 2559 685 iste
2612 630 2783 684 animi
2834 631 3149 686 rationibus
3192 648 3258 688 ac
3304 632 3599 703 cogitatio-

2010 717 2195 773 nibus.

2088 810 2212 865 188.
2236 810 2441 878 Aetivi,
2464 829 2698 884 corpora
2725 831 2826 886 pro
2852 831 3047 871 eorum
3072 817 3181 871 situ
3214 817 3596 883 considerant;

2015 903 2433 973 contemplativi
2470 915 2681 971 autem,
2706 921 2808 976 pro
2843 921 3037 961 eorum
3068 915 3269 961 natura
3288 917 3343 962 et
3376 908 3594 962 indole:

2012 993 2112 1048 soli
2147 995 2367 1049 demum
2393 998 2625 1068 gnostici
2658 999 2733 1069 (id
2765 1008 2871 1064 est,
2897 1000 3177 1068 sapientes
3206 1015 3269 1053 ac
3297 1000 3598 1069 Spiritales)

2015 1085 2241 1142 illorum
2274 1090 2485 1159 pariter
2511 1092 2824 1162 horumque
2859 1092 3111 1147 rationes
3132 1091 3346 1147 vident.

2086 1180 2207 1236 189.
2242 1181 2301 1236 In
2330 1197 2627 1253 corporum
2684 1183 3000 1239 rationibus
3053 1194 3471 1255 cognoscuntur
3516 1186 3600 1239 in-

2014 1290 2320 1345 corporea;
2372 1277 2429 1331 in
2505 1278 2853 1349 incorporeis
2912 1294 3047 1334 vero
3114 1278 3600 1348 superessentialis

2014 1382 2216 1434 sermo,
2251 1369 2320 1423 ad
2356 1386 2523 1440 quem
2561 1372 2847 1428 studiosus
2875 1372 3058 1426 omnis
3101 1371 3323 1427 animus
3370 1370 3599 1426 festinat
3640 1420 3644 1424 .

2013 1458 2272 1513 evadere.

2087 1548 2208 1603 190.
2257 1549 2567 1621 Corporum
2615 1553 2863 1608 rationes
2891 1552 3045 1607 velut
3098 1566 3224 1607 ossa
3262 1560 3433 1615 sunt,
3489 1550 3601 1606 illis

304 1635 549 1706 σθητοῖς
578 1639 1112 1710 ἐπικαλυπτόμενοι,
1144 1642 1237 1705 οὓς
1267 1642 1351 1714 ἴδῃ
1398 1643 1578 1706 οὐδεὶς
1599 1683 1614 1706 ,
1641 1644 1750 1696 τῶν
1807 1642 1912 1707 ἔξω

2036 1641 2283 1711 idoperta
2307 1659 2430 1712 qua:
2466 1644 2523 1697 in
2558 1659 2782 1698 sensum
2813 1644 3021 1698 cadunt
3052 1662 3064 1696 :
3098 1644 3199 1697 bas
3228 1659 3394 1697 nemo
3433 1643 3587 1697 videv

304 1727 391 1797 μὴ
428 1729 749 1799 γενομένων
778 1730 880 1801 τῆς
914 1732 1297 1802 προσπαθείας
1318 1734 1428 1787 τῶν
1452 1733 1755 1805 αἰσθητῶν.

386 1906 545 1977 ενι-ια’.
595 1907 940 1961 Ἀποτίθεται
970 1908 1066 1960 καλ⁸
1091 1906 1430 1979 στρατιώτης
1454 1907 1521 1961 τὰ
1551 1906 1711 1970 ὅπλα,
1746 1925 1915 1961 κατα-

304 1998 518 2069 λείψας
551 1999 642 2053 τὸν
675 2000 936 2070 πόλεμον·
968 2001 1063 2055 καὶ
1086 2000 1419 2073 θεωρητικὸς
1445 2001 1573 2065 τοὺς
1593 2000 1911 2071 λογισμοὺς,

305 2092 578 2147 ἀναλύων
610 2092 747 2164 πρὸς
782 2095 1008 2165 Κύριον.

392 2187 542 2256 ρυβο.
571 2186 680 2240 Καὶ
714 2186 1017 2258 στρατηγὸς
1045 2187 1103 2240 ὲν
1125 2184 1349 2257 πολέμῳ
1371 2186 1583 2239 σκύλων
1607 2186 1914 2258 διαμαρτά-

309 2297 452 2342 νων,
491 2281 549 2332 tv
578 2280 786 2351 ἀθυμίᾳ
821 2279 1145 2334 καθίσταται
1171 2295 1185 2309 ·
1209 2282 1304 2334 καὶ
1341 2280 1648 2351 πρακτικὸς
1679 2281 1735 2333 ὲν
1755 2278 1911 2349 εὐχῇ,

311 2368 566 2442 θεωρίας
601 2372 999 2443 πνευματικῆς.

412 2470 564 2537 ρειγυ.
598 2465 839 2535 Ἔλαφος
874 2465 972 2536 μὲν
994 2466 1088 2519 ἐπὶ
1128 2466 1455 2537 σωματικῶν
1488 2466 1699 2520 ὑδάτων
1729 2465 1913 2537 τρέχει
1977 2522 1991 2542 ,κ

317 2563 537 2634 πηγάς,
580 2561 686 2615 ὑπὸ
723 2560 943 2634 [ὄφεως]
983 2561 1147 2633 θηρὸς
1181 2561 1255 2625 ῶς
1311 2564 1339 2614 ό
1387 2561 1608 2633 δηχθείς
1648 2560 1735 2635 (θ’
1765 2559 1915 2631 ψυχὴ

316 2655 408 2720 δὲ,
449 2655 486 2723 ἡ
514 2651 592 2723 τῷ
622 2653 948 2723 γλυκυτάτῳ
979 2653 1124 2724 βέλει
1156 2652 1433 2725 τρωθείσα
1459 2653 1536 2724 τῷ
1579 2655 1678 2724 τῆς
1722 2652 1910 2722 εὐχῆς,

320 2749 424 2800 ἐπὶ
446 2745 755 2816 ἀσωμάτων
791 2745 985 2814 αὐγάς.

402 2837 541 2911 ριιό.
575 2836 715 2890 Οὔτε
762 2834 1079 2908 σωματικδς
1119 2836 1397 2908 ὀφθαλμὸς
1444 2836 1537 2891 τὸν
1568 2837 1770 2891 κόκκον
1818 2836 1913 2891 τοῦ

323 2931 485 2984 σίτου
516 2930 646 2982 ἰδεῖν
683 2928 925 2995 δύναται,
966 2927 1092 2982 οὔτε
1122 2928 1249 2992 νοῦς
1277 2930 1582 2999 πρακτικὸς
1619 2930 1719 3000 τὴν
1753 2928 1915 2999 φύσιν

2016 1735 2109 1797 rit,
2135 1734 2271 1803 quin
2300 1749 2331 1788 a
2361 1750 2544 1790 rerum
2576 1734 2852 1805 ejusmodi
2882 1734 3115 1789 libidine
3148 1734 3465 1804 affectuque
3496 1750 3598 1789 ex-

2016 1824 2271 1879 cesserit.

2087 1916 2211 1972 191.
2245 1916 2384 1971 Tum
2430 1918 2591 1973 miles
2638 1918 2833 1973 relicta
2873 1916 3070 1971 militia
3095 1931 3246 1971 arma
3278 1915 3461 1985 ponit,
3485 1923 3599 1969 tum

2015 2008 2480 2077 contemplativus
2508 2009 2755 2065 rationes
2797 2024 2862 2063 ac
2915 2009 3302 2078 cogitationes,
3355 2007 3488 2062 dum
3530 2006 3600 2061 ad

2015 2100 2313 2154 Dominum
2346 2101 2533 2155 solvit.

2088 2190 2209 2245 19‘2.
2242 2191 2383 2245 Tum
2413 2190 2718 2261 imperator
2764 2190 2819 2245 in
2848 2189 2994 2245 bello
3027 2189 3328 2245 frustratus
3360 2190 3551 2260 spoliis
3582 2230 3597 2252 ,

2016 2293 2246 2351 moeret;
2280 2292 2398 2337 tum
2423 2283 2640 2339 activus
2674 2283 2731 2337 in
2773 2282 3024 2338 oratione
3064 2282 3215 2337 haud
3267 2282 3385 2352 ipse
3432 2281 3600 2353 spiri-

2018 2375 2142 2429 talis
2174 2390 2401 2445 compos
2424 2374 2933 2444 contemplationis.

2090 2468 2209 2523 195.
2233 2467 2450 2523 Cervus
2471 2466 2698 2537 quidem
2730 2465 2798 2521 ad
2822 2464 3197 2535 corporalium
3223 2464 3405 2520 fontes
3434 2479 3604 2534 aqua-

2017 2576 2138 2616 rum
2169 2560 2347 2616 currit
2378 2561 2445 2625 ‘7,
2494 2576 2524 2614 a
2553 2566 2812 2628 serpente
2854 2558 3032 2613 bestia
3064 2572 3284 2611 morsus
3316 2574 3328 2609 :
3382 2557 3602 2611 animus

2016 2667 2151 2707 vero
2186 2652 2509 2707 dulcissimo
2540 2652 2762 2707 saucius
2792 2648 3067 2705 orationis
3079 2649 3288 2721 jaeulo,
3324 2648 3390 2702 ad
3429 2648 3596 2719 Spiri-

2022 2753 2176 2798 tuum
2208 2745 2535 2814 splendores
2565 2742 2873 2798 contendit.

2088 2834 2212 2889 194.
2240 2835 2356 2889 Nec
2391 2834 2702 2905 corporalis
2748 2834 2944 2889 oculus
2974 2848 3204 2904 granum
3241 2832 3411 2887 tritici
3440 2851 3454 2894 ;
3500 2846 3603 2887 nec

2019 2925 2184 2980 activi
2217 2941 2372 2980 mens
2402 2941 2557 2980 suam
2590 2926 2709 2995 ipsa
2745 2925 2988 2979 indolem
3019 2924 3210 2979 videre
3256 2932 3459 2993 potest,
3487 2924 3602 2977 nisi

321 3023 431 3107 τὴν
461 3020 683 3088 ἑαυτοῦ,
714 3022 762 3074 εί
819 3021 893 3093 μὴ
944 3021 1231 3092 γυμνωθῇ,
1265 3024 1473 3086 ἐκεῖνος
1505 3023 1627 3094 μὲν,
1660 3021 1908 3094 ὲλύτρου,

2041 3020 2113 3075 lle
2145 3020 2372 3089 quidem
2429 3020 2750 3074 membrana
2781 3036 2795 3086 ;
2846 3019 2935 3073 hic
2969 3033 3123 3082 vero,
3174 3018 3407 3072 libidine
3440 3018 3598 3073 obte-

322 3104 487 3178 οῦτος
516 3114 596 3180 δὲ,
629 3113 868 3183 σχέσεως
889 3114 990 3184 τῆς
1022 3112 1540 3184 περικαλυπτούσης
1571 3115 1755 3169 αὐτόν.

405 3227 541 3292 ριιεν.
579 3223 950 3306 Κρύπτονται.
989 3224 1221 3297 ἀστέρες
1270 3226 1392 3296 μὲν,
1433 3225 1587 3297 ἡλίου
1628 3224 1865 3297 ἀνατολῇ
1891 3242 1906 3256 ο

322 3314 581 3385 λογισμοὶ
607 3313 664 3366 δὲ
701 3313 1125 3382 ὲκλιμπάνουσι,
1149 3313 1244 3368 τοῦ
1278 3314 1370 3368 νοῦ
1395 3314 1537 3386 πρὸς
1569 3314 1670 3384 τὴν
1702 3316 1914 3369 οίκείαν

325 3404 609 3475 βασιλείαν
638 3404 1167 3476 ὲπαναστρέφοντος.

401 3522 554 3591 ριις’-
583 3517 740 3572 Μετὰ
794 3517 854 3572 τδ
886 3518 1043 3581 τέλος
1071 3518 1174 3588 τῆς
1204 3519 1540 3589 πρακτικῆς,
1566 3521 1624 3572 αἱ
1665 3536 1915 3589 πνευμα-

326 3610 480 3663 τικαὶ
519 3608 744 3678 θεωρίαι
774 3608 1159 3680 περιχυθεῖσαι
1181 3608 1260 3679 τῷ
1289 3609 1388 3679 νῷ,
1429 3605 1519 3662 οἷά
1564 3626 1712 3672 τινες
1752 3611 1909 3663 ἀκτῖ-

326 3718 420 3765 νες
448 3700 603 3773 ἡλίου
638 3702 695 3754 αἱ
736 3699 830 3754 τοῦ
881 3698 1160 3771 ὁρίζοντος
1209 3698 1620 3771 ὑπερκύψασαι,
1667 3698 1915 3753 δοκοῦσιν

2015 3119 2177 3183 gente
2207 3111 2449 3166 nudatus
2478 3110 2670 3166 fuerit.

2081 3224 2201 3278 195.
2233 3223 2611 3278 Obnubuntur
2661 3223 2833 3278 stellae
2887 3230 3013 3276 ortu
3050 3222 3187 3277 solis
3219 3239 3231 3275 :
3260 3230 3593 3292 cessauitque

2014 3314 2381 3386 cogitationes
2404 3354 2418 3379 ,
2459 3325 2647 3370 mente
2683 3314 2751 3369 ad
2784 3330 2947 3369 suum
2986 3330 3218 3385 regnum
3260 3324 3598 3370 revertentc.

2085 3512 2203 3569 196.
2229 3512 2534 3567 Aetionein
2560 3512 2724 3567 finem
2755 3523 3038 3583 provecta,
3063 3515 3413 3571 circumfusae
3438 3516 3604 3591 664.

2013 3604 2185 3659 menti
2215 3604 2494 3674 spiritales
2511 3606 3038 3674 contemplationes,
3063 3607 3216 3662 velut
3246 3608 3454 3662 solares
3480 3610 3604 3678 qui-

2012 3696 2139 3751 dam
2174 3695 2313 3749 radii
2340 3695 2407 3748 ab
2442 3694 2733 3749 horizonte
2786 3695 3202 3765 promicantes,
3251 3699 3601 3754 extrinsecus

326 3794 533 3860 ἔξωθεν
557 3792 727 3847 αὐτοῦ
759 3791 1142 3863 προσϐάλλειν,
1177 3792 1377 3846 οἰκεῖαι
1438 3786 1620 3857 οὖσαι,
1680 3792 1775 3846 καὶ
1825 3790 1913 3844 διὰ

2036 3790 2062 3845 :i
2096 3787 2359 3843 advenire
2389 3785 2653 3841 videntur
2675 3829 2689 3852 ,
2739 3802 2864 3842 cum
2898 3788 3020 3857 ejus
3064 3776 3323 3858 proprim,
3360 3806 3445 3854 ac,
3492 3808 3600 3861 qua

332 3885 685 3957 καθαρότητα
706 3886 911 3940 ἐκεῖνον
933 3885 1460 3958 περιπτυσσόμεναι.

402 4083 543 4157 ριιζθ.
569 4083 807 4138 Τοιαῦτα
856 4083 950 4137 καὶ
1011 4081 1136 4147 νοῦς
1172 4081 1508 4153 θεωρητικὸς
1552 4080 1802 4136 ὲκλαλεῖν
1827 4081 1916 4135 δύ-

323 4194 511 4241 ναται,
543 4177 633 4229 ὅτε
692 4174 903 4230 ἀνωθεν
955 4176 1052 4228 ἀπ’
1107 4172 1341 4245 οὐρανοῦ
1404 4173 1641 4245 καταϐῇ,
1698 4175 1915 4243 φύσεως

2013 3880 2187 3951 fulget
2215 3876 2511 3942 munditia,
2548 3876 2643 3947 illi:
2663 3877 3008 3934 cohaerentes
3036 3878 3150 3934 sint
3195 3896 3259 3935 ac
3307 3882 3462 3937 velut
3509 3898 3601 3937 co-

2014 3974 2177 4029 alitae.

2085 4091 2207 4146 197.
2254 4090 2409 4145 Talia
2470 4104 2694 4161 quoque
2743 4104 2901 4144 mens
2945 4087 3413 4158 contemplatione
3472 4089 3598 4144 nixa

2015 4181 2199 4250 eloqui
2233 4187 2435 4250 potest,
2462 4194 2586 4233 eum
2613 4186 2825 4233 naturaa
2852 4175 3089 4246 quadam
3114 4177 3449 4231 necessitate
3478 4194 3601 4232 ver-

325 4268 603 4335 ἀνάγκαις
632 4266 937 4330 ὲπικλιθείς
965 4282 979 4297 °
1018 4262 1106 4321 οἷα
1132 4266 1229 4320 καὶ
1258 4267 1286 4320 ό
1321 4265 1730 4338 φθεγξάμενος’
1755 4265 1913 4320 Θείου

2036 4289 2169 4344 gens,
2199 4288 2229 4327 e
2254 4271 2408 4327 caelis
2443 4286 2685 4342 superne
2711 4268 3086 4333 descenderit,
3124 4269 3310 4338 qualia
3350 4278 3407 4323 et
3447 4272 3600 4325 locu-

324 4363 561 4426 κάλλους
588 4363 641 4415 τί
671 4363 909 4434 ὑπάρχει
938 4361 1392 4433 θαυμασιώτερον
1419 4378 1434 4428 ;
1467 4362 1562 4414 καὶ
1604 4361 1690 4425 τίς
1733 4360 1913 4415 ἔννοια

2036 4380 2108 4418 ,us
2128 4370 2234 4428 est,
2261 4362 2355 4431 qui
2374 4361 2451 4415 ait
2475 4379 2487 4414 :
2510 4359 2784 4427 Quidnam
2811 4358 3001 4413 divino
3030 4357 3342 4411 mirabilius
3366 4358 3599 4414 decore?

323 4457 425 4527 τῆς
446 4456 542 4510 τοῦ
569 4456 705 4509 Θεοῦ
733 4455 1222 4526 μεγαλοπρεπείας
1246 4454 1579 4525 χαριεστέρα
1608 4470 1623 4518 ;
1665 4453 1822 4516 Ποῖος
1853 4452 1911 4505 δὲ

325 4545 471 4598 οὕτω
517 4545 683 4609 πόθος
731 4545 931 4619 δριμὺς
970 4546 1063 4599 καὶ
1117 4545 1413 4616 ἀφόρητος,
1440 4544 1516 4608 ὡς
1553 4546 1581 4597 6
1622 4544 1731 4598 ἀπὸ
1773 4543 1910 4597 Θεοῦ

327 4638 678 4709 ὲγγινόμενος
734 4640 800 4710 τῇ
852 4639 960 4692 ἀπὸ
1008 4638 1191 4709 πάσης
1248 4638 1449 4701 κακίας
1515 4636 1909 4708 κεκαθαρμένη

325 4727 493 4798 ψυχῇ,
529 4729 624 4782 καὶ
676 4730 783 4782 ἀπὸ
816 4729 1113 4795 διαθέσεως
1162 4728 1428 4801 λεγούσῃ,
1460 4730 1543 4783 ὅτι
1577 4728 1913 4799 Τετρωμένη

328 4819 567 4889 ἀγάπης
588 4822 703 4890 ἐγώ
728 4839 747 4885 ;

402 4937 545 5003 ριιην.
588 4934 829 4989 Ἐκείνου
881 4934 1030 4989 ἐστὶν
1082 4934 1145 4987 τὸ
1187 4934 1367 5003 λέγειν
1401 4951 1415 4964 ·
1461 4933 1828 5003 Ἐθερμάνθη
1870 4933 1909 5001 ἦ

329 5026 543 5094 καρδιά
561 5044 680 5097 μου
721 5028 893 5092 ἐντός
944 5045 1078 5091 μου,
1128 5027 1226 5081 καὶ
1274 5028 1345 5080 ἐν
1387 5025 1465 5095 τῇ
1516 5026 1747 5096 μελέτῃ
1791 5044 1914 5096 μου

400 5204 443 5234 ⁸⁷
480 5204 622 5258 Psal.
660 5220 768 5268 xu,
803 5206 854 5258 1.

404 5358 477 5431 (Γ)
504 5358 639 5431 Ὑπὸ
679 5361 873 5431 θηρὸς
899 5360 979 5431 ὡς
1016 5362 1048 5412 ό
1090 5357 1363 5431 δηχθείς.
1402 5356 1596 5431 “Quin
1636 5356 1910 5431 scriptum

326 5424 1023 5500 sit‘nIaxiinanb’B-iqpbg
1074 5424 1274 5500 ὄφεως,
1322 5427 1511 5500 nu_l_l_us
1567 5424 1784 5500 dubito.
1819 5424 1910 5479 Sic

326 5501 474 5554 enim
518 5500 684 5570 θῆρες
742 5509 797 5553 et
847 5495 1013 5570 θηρία
1078 5495 1275 5568 (bestiw
1325 5498 1561 5570 scilicet)
1634 5495 1907 5570 dicuntur

325 5566 626 5640 Scriptura:
654 5570 861 5640 phrasi,
881 5566 1220 5639 quaecunque
1256 5568 1514 5622 animalia
1530 5566 1903 5640 noxia.etiam

323 5658 409 5703 ea,
440 5638 561 5713 quae
618 5638 782 5712 vulgo
828 5638 1037 5713 insecta
1084 5654 1373 5713 vocamus,
1418 5638 1725 5713 cujusmodi
1773 5646 1904 5713 sunt

324 5708 643 5783 serpentes:
702 5708 782 5768 uti
837 5711 1003 5767 etiam
1068 5710 1282 5765 notavit
1338 5708 1489 5781 Orig.
1524 5710 1580 5763 in
1625 5709 1903 5770 excerptis

2018 4455 2148 4523 Qua:
2205 4469 2339 4509 vero
2386 4452 2667 4523 cogitatio,
2719 4466 2884 4521 quam
2928 4449 3130 4503 divina:
3172 4449 3599 4519 magnificenliw

2017 4548 2274 4621 gratior?
2323 4534 2459 4613 Quis
2485 4546 2566 4601 sic
2602 4544 2746 4600 acris
2772 4560 2836 4599 ac
2888 4543 3258 4612 importabilis
3293 4559 3450 4596 amor
3474 4584 3487 4605 ,
3535 4560 3599 4598 ac

2018 4642 2113 4712 qui
2146 4641 2201 4695 in
2238 4639 2421 4695 anima
2455 4638 2673 4693 cunctis
2710 4637 2866 4692 vitiis
2898 4635 3208 4705 depurgala
3256 4649 3286 4687 a
3330 4634 3443 4687 Deo
3477 4634 3602 4704 inji-

2017 4734 2185 4798 citur,
2214 4748 2447 4803 quazque
2469 4747 2536 4787 ex
2561 4730 2763 4786 aﬂectu
2791 4730 2940 4784 dicat
2971 4745 2984 4781 ε
3023 4726 3315 4781 Vulnerata
3337 4726 3601 4779 charitate

2015 4841 2110 4894 ego
2137 4840 2254 4877 sum
2285 4823 2374 4876 ‘9?

2087 4936 2209 4993 198.
2237 4935 2388 4991 Illius
2413 4943 2499 4990 est
2524 4944 2584 4989 ut
2612 4932 2761 4987 dicat
2790 4948 2804 4985 :
2833 4929 3112 4986 Concaluit
3146 4946 3236 4983 cor
3262 4944 3433 4983 meum
3453 4930 3597 4983 intra

2016 5045 2117 5093 me,
2153 5036 2203 5081 et
2233 5028 2289 5081 in
2321 5025 2662 5080 meditatione
2689 5038 2808 5077 mea
2840 5021 3145 5076 exardescet
3201 5021 3341 5090 ignis
3379 5020 3422 5051 “9
3444 5059 3458 5081 ,
3505 5018 3599 5088 qui

936 5202 980 5234 ⁵⁸
1013 5200 1173 5257 Cant.
1209 5218 1269 5267 tl,
1297 5202 1365 5267 5;
1404 5218 1458 5266 ν,
1486 5201 1539 5256 8.
1617 5201 1662 5233 ⁸⁸
1696 5200 1837 5257 Psal.
1866 5217 2089 5265 xxxvm,
2119 5200 2170 5253 4.

2058 5355 2395 5429 uae‘exstant
2429 5347 2794 5429 in_Genesim,
2851 5356 3091 5429 suntque
3140 5360 3168 5398 a
3212 5344 3597 5429 rnencollecta.

2016 5414 2110 5477 Sic
2141 5421 2522 5485 Act.xxvm,1,
2551 5419 2621 5473 de
2644 5419 2836 5488 vipera
2862 5414 3018 5472 Pauli
3047 5414 3596 5488 rnattiii_adlimrelite,

2025 5491 2121 5571 ’ῼς
2152 5491 2209 5542 δὲ
2242 5488 2401 5571 εἶδον.
2426 5485 2773 5571 οίοβὰρίῖαροι
2828 5489 3176 5571 κρεμάμενον
3209 5486 3267 5539 τὸ
3300 5485 3504 5571 ,θηρίον
3536 5488 3597 5571 ἐΙκ

2010 5567 2109 5633 τῆς
2133 5562 2313 5643 χειρὸς
2344 5556 2532 5627 αὑτοῦ,
2570 5560 2634 5616 Ut
2672 5556 2914 5614 viderunt
2938 5556 3257 5629 pendentem
3294 5556 3597 5612 bcstiamdc

2011 5650 2175 5689 manu
2207 5648 2341 5702 τ’)τιδ.
