4046 6196
285 226 421 294 1449

1456 225 1631 287 ALIA
1673 226 1776 286 EX
1812 228 2054 287 VATIC.
2095 223 2382 287 CAPITA.
3423 230 3521 294 145

283 335 582 408 παράδε-ισε
610 333 822 412 Πατρός
849 347 965 385 σου.
993 330 1184 394 Ἀνθος
1212 329 1303 383 τοῦ
1335 331 1542 398 πεδίου,
1570 333 1666 386 καὶ
1690 332 1870 402 κέδροι

1984 351 2064 388 sua
2104 335 2275 404 factus
2305 335 2472 395 est“.
2517 333 2751 404 Sponse,
2796 335 3050 406 paradise
3085 336 3265 392 Patris
3304 341 3383 393 tui
3424 342 3562 400 :llos

283 418 475 491 αὑτοῦ,
511 427 588 490 ὡς
636 425 820 492 κέδροι
862 423 957 477 τοῦ
1010 422 1268 478 Λιϐάνου.
1329 423 1479 477 ’Υπὸ
1521 423 1638 492 τὴν
1683 425 1870 478 σκιὰν

1984 428 2188 495 campi;
2218 435 2273 480 et
2299 426 2449 481 cedri
2477 427 2554 480 tui
2578 426 2723 481 sicut
2751 427 2900 481 cedri
2931 428 3125 482 Libani
3144 429 3210 482 ⁸ο.
3240 429 3345 484 Sub
3371 433 3561 487 umbra

282 520 474 575 αὑτοῦ
501 518 875 586 ἐπεθύμησα,
933 515 1033 568 καὶ
1100 503 1372 580 ἐκάθισα,
1420 515 1519 570 καὶ
1563 519 1597 570 ό
1640 515 1871 584 καρπὸς

1984 513 2119 567 illius
2163 514 2457 568 desideraui
2509 524 2557 568 et
2614 518 2760 581 sedi;
2806 525 2856 570 et
2910 518 3112 586 [ructus
3138 520 3253 591 ejus
3297 523 3437 576 uisus
3486 534 3561 577 est

285 613 455 683 ὤφθη
486 609 716 682 γλυκὺς
742 609 813 662 ἐν
848 604 929 672 τῷ
963 605 1220 676 λάρυγγί
1267 625 1406 675 μου.

361 703 456 757 σδ’.
493 702 556 755 Εἰ
581 703 608 754 6
651 698 877 770 βασιλέα
931 699 1329 770 ὑποδεκόμενος
1365 700 1446 763 εἰς
1490 698 1553 752 τὸ
1598 699 1873 769 δωμάτιον

286 795 477 861 αὑτοῦ,
524 793 668 848 οὕτω
719 789 1026 863 περιφανὴς
1073 792 1392 862 εὑρίσκεται
1431 792 1525 847 καὶ
1571 791 1872 864 περίδοξος,

288 891 384 944 καὶ
415 888 593 959 πάσης
623 884 907 956 dum..."
939 882 1065 956 [τσ.
1102 881 1393 954 ἔμπλεως]
1431 884 1630 956 χαρᾶς,
1664 883 1720 936 τί
1764 883 1874 938 πά-

289 982 373 1036 θοι
403 980 573 1052 ψυχὴ,
597 982 629 1050 ἡ
658 979 751 1033 τὸν
781 978 1018 1032 Βασιλέα
1037 977 1147 1032 τῶν
1179 977 1448 1048 βασιλέων
1471 980 1529 1031 ὲν
1553 976 1634 1048 τῷ
1665 977 1874 1050 καθαρ-

289 1075 448 1144 θῆναι
480 1071 863 1143 ὑποδεξαμένη
895 1069 1035 1125 κατά
1078 1070 1178 1140 τὴν
1225 1068 1436 1139 ἀψευδῆ
1483 1069 1696 1124 ἐκείνου
1741 1070 1874 1124 ὁπός

291 1181 523 1236 σκεσινς
556 1165 671 1219 Καὶ
695 1163 750 1216 τί
789 1164 965 1228 ἐάσει,
1008 1161 1114 1229 ἔξω
1145 1161 1244 1232 μὲν
1280 1159 1553 1231 βάλλουσα
1589 1161 1653 1214 τὸ
1677 1161 1754 1233 μὴ
1793 1163 1875 1226 είς

287 1257 598 1313 ἀνάπαυσιν
638 1254 839 1325 ἐκείνῳ
861 1251 1076 1308 δοκοῦν·
1125 1252 1340 1307 ἔνδοθεν
1391 1253 1447 1306 δὲ
1483 1252 1783 1322 εἰσάγουσα
1813 1252 1876 1307 τὸ

289 1348 372 1412 εἰς
405 1347 618 1402 ἐκείνου
649 1346 947 1417 ἀρέσκειαν
967 1363 983 1413 ;

362 1439 462 1493 σε’.
511 1439 573 1492 '0
623 1437 894 1508 κληθῆναι
945 1436 1262 1508 προσδοκῶν
1299 1435 1454 1506 παρὰ
1501 1433 1765 1507 βασιλέως
1805 1437 1872 1507 τῇ

291 1530 507 1603 αὔριον,
542 1530 688 1594 τίνος
736 1531 795 1582 ὲν
839 1529 1083 1600 φροντίδι
1140 1528 1305 1582 ἄλλου
1349 1527 1554 1590 ἔσεται,
1614 1526 1646 1598 ἢ
1697 1526 1875 1596 λόγων

295 1625 528 1696 μελέτης
554 1623 663 1675 τῶν
686 1623 768 1686 είς
789 1622 1000 1676 ἐκείνου
1041 1618 1180 1675 εἶναι
1213 1619 1520 1692 μελλόντων
1545 1619 1871 1689 άρέσκειαν;

1972 605 2141 660 dulcis
2167 606 2405 676 faucibus
2442 602 2569 662 uicis
2593 609 2657 661 ²¹.

2045 698 2173 752 204.
2212 697 2266 752 Si
2298 697 2345 752 is
2371 699 2464 768 qui
2501 715 2685 770 regem
2734 701 2934 754 domus
2957 701 3201 772 hospitio
3226 706 3446 775 recipit,
3484 708 3565 764 sic

1976 789 2210 844 illustris
2277 791 2571 861 clarusque
2630 791 2932 855 invenitur,
3012 809 3078 848 ac
3140 796 3357 866 reliquo
3409 799 3563 853 omni

1975 878 2176 949 gaudio
2240 879 2529 950 magniﬁce
2580 881 2814 950 plenus;
2869 882 3002 952 quid
3052 884 3144 938 ﬁat
3193 886 3422 952 animo,
3467 889 3564 958 qui

1976 971 2182 1041 Regem
2205 987 2421 1042 regum,
2455 987 2568 1042 prze
2596 988 2695 1026 sua
2721 973 3015 1033 munditia.
3042 975 3197 1046 juxta
3216 991 3286 1032 ac
3318 978 3407 1032 ille
3433 994 3564 1035 vere

1976 1061 2260 1133 pollicitus
2305 1073 2391 1117 est
2415 1063 2481 1129 θ’,
2509 1063 2860 1133 susceperit?
2893 1064 3034 1131 Quid
3077 1083 3211 1122 vero
3241 1069 3419 1133 sinet,
3467 1072 3562 1140 qui

1977 1154 2127 1211 foras
2157 1155 2369 1227 ejiciat,
2396 1157 2546 1227 quod
2579 1157 2650 1212 ad
2679 1159 2801 1229 ejus
2830 1159 3190 1218 refectionem
3239 1179 3349 1218 non
3379 1165 3568 1220 videa-

1977 1256 2104 1314 tur;
2156 1263 2223 1303 ac
2253 1264 2376 1318 qua:
2405 1248 2484 1303 illi
2541 1258 2698 1320 grata
2745 1259 2879 1306 sunt
2926 1260 2984 1306 et
3026 1262 3283 1325 accepta,
3319 1256 3566 1324 proclive

1976 1339 2236 1395 admittat
2255 1340 2280 1394 ?
2814 1329 2820 1335 ’

2046 1433 2174 1488 205.
2209 1433 2314 1501 Qui
2359 1451 2390 1490 a
2419 1452 2548 1506 rege
2582 1437 2637 1490 in
2668 1437 2974 1493 crastinum
3032 1439 3336 1504 vocandus,
3365 1454 3564 1511 exspe-

1977 1525 2220 1600 ctatione
2257 1541 2560 1596 suspensus
2602 1537 2707 1594 est,
2742 1530 2872 1598 quid
2915 1530 3064 1585 aliud
3097 1547 3356 1587 curarum
3384 1543 3569 1589 verset

1977 1614 2186 1679 animo,
2223 1631 2388 1686 quam
2438 1626 2500 1670 ut
2545 1616 2662 1686 ipse
2709 1633 2898 1672 secum
2930 1635 3214 1675 sermones
3263 1622 3467 1692 cogitet
3504 1639 3569 1677 ac

292 1717 462 1772 Τοῦτο
508 1714 753 1786 τηροῦσα
799 1716 950 1769 πᾶσα
992 1713 1158 1786 ψυχὴ,
1192 1714 1292 1767 οὐκ
1334 1711 1633 1783 ὀφθήσεται
1659 1711 1875 1781 ἀπαρα-

1984 1709 2307 1776 meditetur,
2352 1711 2558 1781 quibus
2595 1713 2716 1782 ejus
2742 1714 2973 1784 gratiam
3011 1714 3252 1769 initurus
3294 1717 3424 1770 est?
3455 1715 3570 1772 Hoc

293 1809 595 1873 σκεύαστος
635 1808 775 1877 πρὸς
802 1808 865 1860 τὸ
897 1807 1112 1861 ἐκεῖθεν
1137 1807 1446 1878 κριτήριον.

365 1992 477 2052 σς’.
512 1984 777 2057 Μακαρία
797 1984 967 2054 ψυχὴ,
1011 1986 1054 2055 ἠ
1089 1983 1180 2038 διὰ
1205 1983 1266 2036 τὸ
1291 1983 1536 2053 σήμερον
1567 1981 1877 2052 προσδοκᾷν

292 2079 446 2150 ἥξειν
474 2079 565 2131 τὸν
591 2078 797 2149 Κύριον
838 2077 1060 2147 ἑαυτῆς,
1096 2076 1266 2146 μηδὲν
1297 2074 1576 2145 ἡγουμένη
1618 2074 1756 2137 ὅλως
1784 2074 1877 2126 τὸν

295 2171 461 2226 πόνον
501 2170 603 2242 τῆς
627 2171 841 2242 ἡμέρας
870 2169 1054 2240 πάσης
1073 2183 1086 2197 ·
1123 2169 1257 2240 μηδὲ
1279 2168 1372 2222 τὸν
1400 2167 1500 2237 τῆς
1530 2167 1743 2232 νυκτὸς,
1789 2165 1878 2220 διὰ

291 2261 358 2315 τὸ
385 2259 592 2325 εὐθέως
622 2263 716 2315 ἐπὶ
739 2261 800 2315 τὸ
834 2259 980 2333 πρωϊ
1009 2259 1199 2315 τούτον
1227 2258 1449 2331 μέλλειν
1479 2259 1618 2331 αὐτῇ
1645 2258 1879 2330 ἐμφανί-

294 2350 505 2418 ζεσθαι.

370 2444 472 2509 σε’.
506 2445 724 2508 Πάντας
763 2444 865 2516 μὲν
900 2446 1006 2517 ὁρᾷ
1041 2447 1070 2499 ὁ
1108 2443 1269 2508 Θεός·
1310 2443 1479 2515 ὁρῶσι
1511 2442 1570 2496 δὲ
1601 2442 1693 2497 τὸν
1719 2440 1874 2505 Θεὸν,

300 2519 353 2590 οἱ
392 2535 732 2607 Θεωροῦντες
769 2535 938 2607 μηδὲν
973 2538 1028 2590 ἐν
1058 2535 1137 2606 τῷ
1168 2534 1447 2607 εὔχεσθαι.
1484 2535 1595 2590 Καὶ
1629 2535 1744 2588 ὅσοι
1780 2533 1878 2604 μὲν

294 2630 466 2701 ὁρῶσι
491 2629 585 2684 τὸν
607 2629 762 2696 Θεὸν,
791 2629 890 2684 καὶ
937 2629 1324 2684 είσακούονται
1357 2627 1494 2698 παρ’
1521 2625 1688 2680 αὐτοῦ
1709 2643 1722 2656 ·
1761 2627 1878 2678 ὅσοι

295 2723 354 2777 δὲ
379 2725 483 2776 οὐκ
507 2722 908 2787 είσακούονται,
944 2722 1066 2776 οὐδὲ
1109 2723 1312 2794 δρῶσιν
1347 2719 1532 2774 αὐτόν.
1590 2717 1878 2789 Μακάριος

292 2813 374 2881 δὲ,
454 2817 483 2869 6
537 2815 812 2870 πιστεύων
853 2817 938 2870 ὅτι
990 2815 1247 2885 βλέπεται
1283 2812 1391 2866 ὑπὸ
1439 2811 1536 2866 τοῦ
1583 2810 1752 2864 Θεοῦ’
1815 2809 1876 2863 οὐ

295 2909 696 2979 σαλευθήσεται
748 2909 858 2980 γὰρ
915 2911 945 2962 6
989 2909 1128 2970 ποὺς
1180 2905 1372 2968 αὑτοῦ,
1434 2905 1535 2976 τῆς
1585 2903 1879 2974 ἀρεσκείας

293 2999 507 3054 ἑκείνου
537 3001 721 3074 χάριν.

1979 1801 2232 1871 quisquis
2257 1803 2657 1870 observaverit,
2694 1804 2841 1859 haud
2879 1805 3184 1874 imparatus
3219 1806 3288 1860 ad
3319 1806 3570 1866 futurum

1972 1892 2244 1962 judicium
2262 1894 2573 1964 apparebit.

2047 1984 2174 2039 206.
2231 1984 2434 2040 Beatus
2493 1985 2736 2050 animus,
2799 1985 3009 2041 idcirco
3065 1989 3216 2056 quod
3272 1990 3569 2048 Dominum

1978 2092 2141 2132 suum
2170 2077 2335 2131 hodie
2367 2085 2661 2132 venturum
2688 2087 3004 2148 exspectat,
3037 2081 3199 2134 nihili
3229 2082 3441 2138 ducens
3481 2095 3568 2140 to-

1980 2170 2092 2224 tius
2114 2170 2225 2224 diei
2255 2171 2533 2235 laborem;
2567 2186 2631 2224 ac
2657 2171 2826 2224 etiam
2856 2171 3058 2236 noctis,
3099 2173 3248 2242 quod
3274 2174 3368 2230 ille
3383 2177 3569 2233 statim

1981 2273 2142 2314 mane
2175 2259 2530 2330 prmsentiam
2562 2258 2615 2314 ei
2647 2260 3002 2316 exbibiturus
3031 2261 3123 2317 sit.

2050 2445 2178 2501 207.
2229 2447 2380 2502 Deus
2431 2445 2655 2516 quidem
2707 2461 2901 2502 omnes
2952 2447 3149 2504 videt:
3192 2450 3384 2507 vident
3431 2469 3567 2510 vero

1979 2541 2155 2595 Deum
2182 2539 2280 2610 qui
2333 2540 2482 2594 inter
2512 2539 2783 2594 orandum
2815 2540 2954 2594 nihil
2988 2541 3198 2597 vident.
3228 2545 3306 2600 Ac
3339 2545 3563 2616 quidem

1979 2647 2172 2688 omnes
2207 2633 2300 2703 qui
2332 2632 2520 2688 vident
2547 2633 2744 2697 Deum,
2784 2635 2854 2688 ab
2892 2635 2986 2690 illo
3015 2651 3234 2707 quoque
3257 2640 3569 2696 exaudiun—

1981 2733 2104 2780 tur:
2138 2725 2233 2796 qui
2267 2739 2400 2779 vero
2431 2740 2544 2778 non
2573 2725 2967 2788 exaudiuntur,
2998 2742 3177 2796 neque
3206 2727 3566 2786 videnteum.

1978 2817 2180 2873 Beatus
2216 2826 2401 2872 autem
2436 2818 2531 2888 qui
2589 2833 2648 2872 se
2698 2833 2728 2872 a
2760 2817 2873 2873 Deo
2910 2818 3085 2873 videri
3125 2819 3400 2886 credit”;
3457 2839 3568 2878 non

1977 2906 2127 2960 enim
2153 2906 2592 2960 commovebitur
2627 2921 2724 3010 pes
2760 2907 2900 2978 ejus,
2939 2923 3047 2978 qua
3076 2908 3291 2964 ratione
3327 2909 3407 2964 illi
3446 2911 3570 2982 pla-

1980 3007 2106 3048 cere
2144 2993 2350 3048 studet.

369 3092 474 3166 ση’.
674 3091 826 3155 ἐντὸς
868 3091 1027 3162 ἡμῶν
1059 3087 1226 3159 οὔσης
1261 3087 1540 3160 βασιλείας
1578 3089 1646 3142 τά
1673 3089 1874 3157 ἀγαθά,

2051 3085 2178 3140 208.
2227 3087 2400 3157 Regni
2457 3086 2764 3153 calorum,
2825 3088 2973 3158 quod
3027 3090 3173 3146 intra
3235 3108 3337 3148 nos
3399 3095 3565 3160 est“,

297 3191 327 3244 ὁ
353 3187 689 3258 φιλόκοσμος
718 3182 999 3253 ὀφθαλμὸς
1028 3183 1128 3236 οὐκ
1147 3177 1278 3235 εῖδει
1314 3181 1409 3234 καὶ
1432 3179 1569 3252 ἀκοὴ
1598 3181 1878 3252 φιλότιμος

292 3280 395 3336 οὐκ
420 3280 646 3351 ἢκουσε,
674 3277 770 3330 καὶ
806 3277 899 3329 ἐπὶ
922 3275 1153 3348 καρδίαν
1185 3274 1349 3346 κενὴν
1377 3273 1694 3344 Πνεύματος
1720 3274 1877 3342 ἁγίου

292 3374 394 3427 οὐκ
428 3370 628 3441 ἀνέ6η’
654 3369 982 3441 ἀρῤαὸῶνές
1019 3371 1127 3422 είσι
1172 3369 1281 3422 τῶν
1312 3367 1616 3437 μελλόντων
1640 3367 1876 3421 δίδοσθαι

293 3467 411 3527 τοῖς
436 3462 668 3526 δικαίοις
710 3461 935 3530 ἀγαθῶν
963 3464 1020 3516 ἐν
1049 3464 1115 3532 τῇ
1155 3460 1426 3531 μελλούσῃ
1463 3461 1712 3531 βασιλείᾳ
1742 3462 1877 3529 Χρι-

296 3554 426 3610 στοῦ
447 3573 462 3587 ⁵
504 3555 602 3610 καὶ
639 3557 669 3609 6
720 3556 797 3627 μὴ
832 3556 890 3608 ἐν
919 3554 1135 3616 τούτοις
1205 3553 1410 3622 διυιρῶν,
1439 3553 1637 3616 οἵτινές
1665 3554 1801 3605 εἰσιν
1826 3555 1876 3606 οἱ

295 3648 499 3720 καρποὶ
529 3647 875 3718 Πνεύματος,
923 3647 982 3699 ἐν
1022 3644 1323 3699 ἀπολαύσει
1366 3644 1590 3698 ἐκείνων
1623 3643 1876 3712 γενέσθαι

291 3739 355 3792 οὐ
383 3737 626 3792 δύναται.

367 3830 466 3886 σθ’.
494 3832 556 3884 Οἱ
577 3829 686 3883 τῶν
716 3829 1040 3900 πρακτικῶν
1074 3828 1326 3898 λογισμοὶ
1359 3828 1580 3898 ἐλάφοις
1609 3828 1873 3883 ἐοίκασιν.

300 3923 393 3986 Ὦς
429 3923 538 3994 γὰρ
567 3925 772 3977 ἐκεῖναι
818 3923 950 3975 ποτε
993 3922 1093 3993 μὲν
1145 3921 1258 3976 ἄνω
1296 3923 1436 3976 εἰσὶν
1471 3924 1531 3977 ἐν
1577 3926 1691 3988 τοῖς
1723 3924 1875 3996 δρεσι

291 4013 381 4068 διὰ
418 4015 508 4068 τὸν
542 4015 705 4083 φόϐον
735 4015 842 4068 τῶν
881 4013 1157 4084 θηρατῶν,
1199 4015 1331 4068 ποτὲ
1363 4015 1420 4069 δὲ
1466 4016 1619 4070 κάτω
1660 4017 1720 4070 ὲν
1758 4020 1876 4081 ταῖς

293 4102 508 4156 κοιλάσι
567 4103 656 4156 διὰ
707 4103 798 4155 τὸν
858 4101 1023 4156 πόθον
1066 4105 1174 4156 τῶν
1218 4105 1276 4156 ὲν
1308 4104 1543 4168 αὐταῖς·
1596 4104 1739 4159 οὕτω
1781 4107 1876 4160 καὶ

291 4188 440 4246 οὗτοι
465 4210 480 4224 ο
515 4192 639 4246 οὔτε
667 4193 900 4246 πάντοτε
952 4195 1010 4246 ὲν
1045 4193 1250 4264 θεωρίᾳ
1290 4198 1634 4267 πνευματικῇ
1685 4194 1877 4250 δύναν-

292 4301 384 4338 ται
445 4279 620 4346 εἶναι,
669 4284 758 4337 διὰ
794 4284 854 4337 τὸ
891 4284 1080 4338 αὐτῶν
1125 4285 1372 4350 εὐτελές·
1405 4286 1531 4340 οὔτε
1585 4289 1673 4342 ἀεὶ
1718 4290 1778 4342 ὲν
1805 4291 1871 4358 τῇ

1980 3178 2164 3234 saeculi
2187 3193 2378 3232 amans
2410 3178 2650 3245 animus,
2679 3178 2822 3232 bona
2862 3195 2969 3233 non
3001 3179 3163 3247 vidit,
3195 3192 3252 3237 et
3275 3183 3568 3240 ambition

1977 3270 2128 3325 auris
2151 3285 2262 3326 non
2279 3269 2512 3336 audivit,
2541 3285 2645 3325 nec
2674 3270 2727 3324 in
2762 3285 2857 3324 cor
2889 3269 3102 3341 Spiritu
3117 3284 3308 3329 sancto
3332 3290 3566 3330 vacuum

1977 3363 2346 3418 ascenderunt
2369 3364 2435 3416 ⁸⁵.
2491 3363 2698 3434 Nempe
2762 3363 3106 3421 arrhabones
3165 3373 3296 3421 sunt
3347 3368 3565 3422 illorum

1978 3453 2273 3517 bonorum,
2330 3470 2452 3524 qua:
2485 3455 2651 3524 justis
2695 3454 2750 3508 in
2787 3453 2976 3509 futuro
3013 3455 3221 3512 Christi
3268 3475 3436 3529 regno
3468 3461 3568 3514 tri-

1977 3541 2242 3597 buentur.
2283 3541 2383 3605 Ac,
2419 3540 2514 3610 qui
2552 3541 2606 3595 iu
2647 3541 2758 3595 illis
2800 3557 2912 3596 non
2940 3541 3248 3598 delectatur
3274 3544 3387 3615 (qui
3437 3557 3568 3601 sunt

1977 3632 2191 3688 fructus
2229 3632 2490 3704 Spiritus)
2518 3649 2621 3688 nec
2647 3642 2707 3687 ut
2733 3634 2844 3689 illis
2875 3634 3092 3688 fruatur
3116 3637 3331 3706 assequi
3363 3646 3562 3707 potest.

2045 3810 2172 3867 209.
2205 3810 2519 3867 Colentium
2549 3811 2824 3867 actionem
2873 3813 3240 3883 cogitationes
3282 3813 3564 3884 animique

1977 3907 2224 3962 rationes
2251 3905 2431 3960 cervis
2478 3905 2622 3959 baud
2665 3904 2948 3959 absimiles
3007 3913 3159 3960 sunt.
3192 3905 3560 3972 Quemadmo-

1977 3998 2108 4054 dum
2133 3998 2281 4053 enim
2313 3998 2484 4063 cervi,
2525 3997 2691 4052 modo
2726 3997 2998 4051 montium
3046 3999 3339 4067 superiora
3372 4009 3565 4056 tenent

1975 4089 2048 4144 ob
2094 4099 2423 4144 venatorum
2482 4097 2725 4154 metum;
2775 4087 2941 4142 modo
2989 4087 3251 4158 depressa
3295 4090 3561 4152 vallium,

1973 4199 2088 4254 quo
2132 4183 2351 4237 illarum
2391 4179 2613 4250 pascuis
2642 4179 2923 4234 desiderio
2970 4179 3320 4248 adiciuntur;
3377 4183 3456 4237 sic
3510 4195 3567 4239 et

1975 4277 2102 4341 illae,
2132 4289 2238 4329 nec
2260 4288 2478 4343 semper
2511 4272 2568 4326 in
2601 4271 2838 4342 spiritali
2867 4272 3332 4342 contemplatione
3355 4276 3564 4329 versari

295 4377 524 4446 φυσικῇ,
563 4374 652 4429 διὰ
678 4375 738 4428 τὸ
773 4374 847 4446 μὴ
876 4375 975 4446 τὴν
1011 4376 1320 4430 ἀνάπαυσιν
1346 4375 1566 4431 διώκειν
1611 4379 1718 4432 ἀεί.
1752 4379 1873 4432 Τῶν

1984 4374 2232 4438 possunt,
2265 4364 2431 4436 666
2451 4363 2524 4418 ob
2553 4378 2706 4417 suam
2725 4363 3087 4430 tenuitatem;
3114 4379 3215 4420 nec
3241 4365 3296 4419 in
3329 4369 3564 4422 naturali

295 4466 482 4538 μέντοι
523 4467 895 4538 θεωρητικῶν,
931 4467 1270 4534 περιπεζίων
1324 4469 1632 4540 ὑπερόπται
1663 4469 1874 4541 θεωρη-

295 4558 484 4631 μάτων
513 4559 892 4613 καθίστανται.

363 4824 452 4874 σι’.
480 4819 635 4874 Βόλοι
675 4819 775 4890 μὲν
819 4820 1013 4891 δρόσου
1043 4823 1142 4896 (g),
1182 4825 1288 4896 γῆς
1317 4825 1682 4898 μεθύσκουσιν
1708 4827 1876 4882 αύλα-

362 4977 408 5050 ’_’
430 4976 588 5033 Cant.
622 4995 661 5044 ι,
692 4980 777 5034 l5.
856 4980 903 5014 ⁸ο
931 4980 1089 5037 Cant.
1121 4998 1181 5048 ιι,
1215 4951 1459 5050 1?,Psal.
1489 4999 1600 5047 Clll,
1633 4983 1720 5038 l6.

363 5167 648 5240 (9)8610:
696 5172 942 5240 δρόσου.
969 5175 1062 5230 Sic
1092 5176 1262 5231 etiam
1310 5187 1500 5232 vetera
1559 5177 1758 5233 Lexica
1807 5193 1876 5232 ex

289 5235 454 5308 Greg.
481 5239 675 5307 citant,
713 5235 1029 5316 habentque
1056 5245 1244 5316 Graeca
1278 5247 1476 5312 Biblia,
1512 5247 1676 5303 stilla:
1695 5251 1870 5315 roris;

289 5318 518 5389 ipsaque
573 5323 713 5378 adeo
766 5311 953 5381 Hebr:
984 5311 1191 5393 "mt‘uu
1237 5329 1294 5383 in
1349 5347 1455 5402 qua
1501 5347 1637 5402 voce
1684 5311 1862 5388 Aben.

287 5404 434 5486 Esra‘
471 5405 590 5486 vult
621 5421 658 5466 ιι
703 5424 824 5486 esse
874 5409 1261 5486 formativum,
1293 5398 1451 5482 quasi
1495 5431 1526 5469 a
1563 5398 1758 5486 553m:
1806 5430 1873 5470 eo

287 5474 437 5554 quod
466 5475 626 5554 stilla;
669 5479 942 5554 ejusmodi
984 5474 1386 5554 rotrundaarsi'nt
1432 5500 1497 5538 ac
1526 5484 1682 5554 quasi
1734 5499 1871 5538 con-

287 5546 511 5624 voluta.
572 5547 664 5602 Sic
701 5546 758 5602 et
813 5549 954 5624 βόλος.
987 5551 1202 5624 δρόσου,
1250 5554 1399 5623 quod
1446 5546 1605 5623 quasi
1663 5554 1873 5624 globuli

287 5615 764 5694 j_aciantu_r,__voce_
780 5615 914 5694 satis
936 5615 1218 5694 ingeniose
1236 5615 1546 5694 eicogitata
1569 5615 1693 5687 τοίξ
1706 5623 1868 5678 LXX.

289 5638 586 5686 lucramur,
613 5638 748 5673 voce
780 5638 914 5674 satls
936 5638 988 5674 In
1029 5638 1218 5677 emose
1236 5638 1546 5694 excogitata
1569 5638 1679 5687 τοις
1706 5638 1868 5678 LAA.

289 5685 360 5741 At
387 5688 535 5758 quod
571 5688 724 5760 Xyst.
750 5689 956 5744 habent
989 5638 1168 5761 ἓῶλοι,
1209 5694 1373 5765 gleba:
1411 5696 1568 5761 roris,
1609 5695 1872 5764 nullaque

493 5781 767 5845 ΡΑτιιοι..
822 5782 944 5846 (in.
987 5784 1118 5844 XC.

1822 4982 1868 5015 ⁸¹
1900 4981 2061 5039 Cant.
2093 4999 2152 5050 ιι,
2185 4983 2240 5037 3.

289 5043 337 5075 “
370 5045 506 5101 Luc.
538 5043 668 5117 xvn’,
697 5051 788 5105 21.
868 5052 913 5132 ’ξ
938 5051 960 5108 l
986 5050 1112 5108 Cor.
1142 5043 1180 5107 li
1205 5043 1280 5109 9.,
1337 5053 1384 5085 ³⁸
1408 5053 1532 5108 Job.
1572 5043 1795 5120 iuvui,
1827 5053 1918 5109 ‘28.

1981 4473 2200 4528 semper
2225 4453 2624 4526 speculatione,
2650 4453 2798 4523 quod
2828 4469 2938 4508 non
2961 4469 3180 4524 semper
3209 4455 3564 4513 refectionem

1980 4559 2229 4620 quaerant
2259 4563 2324 4602 ac
2345 4546 2611 4616 quietem.
2643 4545 2849 4599 Eorum
2885 4560 3018 4600 vero
3049 4547 3144 4616 qui
3170 4546 3395 4602 student
3428 4564 3567 4603 con-

1983 4640 2330 4712 templationi
2375 4638 2572 4702 animi,
2608 4636 2839 4693 humilia
2880 4653 3044 4693 sensa
3092 4639 3335 4710 proclive
3370 4650 3564 4696 conte-

1981 4742 2202 4792 mnunt.

2051 4825 2177 4881 210.
2231 4824 2403 4881 Stillae
2451 4821 2656 4881 roris“
2699 4831 2860 4876 terra:
2918 4819 3100 4875 sulcos
3153 4820 3449 4876 infundunt
3501 4837 3566 4878 ac

2349 4982 2396 5014 ⁸²
2439 4981 2599 5036 Joan.
2628 4995 2740 5046 xxv,
2782 4977 2874 5033 25.
2979 4976 3026 5008 ⁸³
3055 4977 3202 5032 Psal.
3232 4993 3436 5045 xxxvu,
3476 4979 3560 5034 l7.

1983 5179 2136 5234 varia
2164 5180 2406 5235 lectione
2448 5179 2684 5247 interpr.
2729 5175 2911 5239 aﬂ'ert,
2963 5173 3170 5247 nullus_
3202 5172 3410 5247 probo;
3463 5188 3567 5247 nec

1981 5251 2146 5304 video
2171 5264 2423 5320 quaenam
2458 5243 2950 5320 apta—metaphora,
2981 5243 3565 5320 ut‘rgrisﬁstlllieﬂuod

1978 5311 2205 5390 Optime"
2223 5321 2468 5375 reddidit
2491 5311 2676 5388 Vulg.,
2710 5311 2972 5371 dicantur
2999 5311 3186 5386 gleba.
3208 5313 3365 5378 Quod
3396 5311 3565 5368 etiam

1979 5419 2160 5457 massa
2208 5403 2462 5458 redditur
2493 5418 2557 5458 ea
2595 5417 2721 5463 vox,
2759 5400 2930 5470 βῶλος
2961 5397 3182 5466 σιδήρου
3218 5397 3391 5451 Eccli.
3429 5413 3564 5464 xxu,

1979 5494 2036 5539 et
2075 5485 2242 5555 βῶλος
2277 5486 2503 5556 χρυσέα,
2530 5502 2631 5556 pro
2653 5485 2792 5546 sole,
2824 5483 3002 5556 Apoll.
3063 5480 3260 5535 Rhodii
3292 5480 3471 5556 schol.
3497 5497 3561 5556 ex

1980 5551 2434 5632 Eu_ripidc,:iiibil
2465 5551 2967 5632 _congruit,‘_quod_
2995 5567 3211 5632 massa,
3248 5551 3429 5632 magni
3465 5553 3568 5632 ali-

1981 5622 2409 5695 quid'ponderis
2433 5628 2524 5689 sit,
2562 5622 2670 5679 non
2702 5622 2846 5679 exile
2876 5623 3054 5695 quid,
3077 5622 3370 5695 utiAstillze
3385 5623 3564 5695 roris:

1982 5689 2217 5765 quarum
2252 5699 2484 5761 stillare,
2516 5697 2700 5766 spargi
2755 5689 2921 5749 estet
2952 5694 3083 5765 jaci,
3138 5691 3200 5745 τὸ
3255 5689 3567 5765 βάλλεσθαι.

3049 5781 3127 5845 Ιιδ
