4046 6196
302 274 436 339 1453

1470 277 1645 337 ALIA
1686 276 1789 336 EX
1825 271 2066 336 VATIC.
2109 275 2397 336 CAPITA.

3432 272 3567 333 tm

370 386 493 440 σιθ’.
547 384 621 439 Οὑ
667 385 862 439 ταυτόν
908 386 1054 438 ἐστιν
1100 377 1181 447 οἷς
1230 384 1552 456 ἐσταυρώθη
1597 388 1625 438 ὁ
1654 385 1876 453 κόσμος,

2053 384 2177 439 219.
2237 386 2354 439 Non
2418 384 2563 439 idem
2609 391 2715 447 est,
2762 381 2965 452 quibus
2996 379 3237 435 mundus
3272 379 3569 433 crucifixus

298 480 390 532 καὶ
422 480 619 539 οἵτινες
664 477 741 547 τῷ
774 479 964 547 κόσμῳ
1002 476 1396 547 ὲσταύρωνται,
1448 478 1572 540 Τοῖς
1611 477 1710 547 μὲν
1747 476 1875 547 γᾶρ,

295 565 417 643 ἦλοι
458 570 681 640 νηστεία
731 570 825 624 καὶ⁵
870 569 1184 639 ἀγρυπνίαν
1230 572 1342 634 τοῖς
1393 570 1471 631 δὲ.
1521 569 1878 640 ἁκτημοσύνη

297 664 392 716 καὶ
423 662 788 727 ὲξουδένωσις.
833 662 954 714 Τῶν
994 663 1051 715 δὲ
1084 662 1350 735 δευτέρων
1387 663 1576 734 χωρὶς,
1624 663 1673 714 οἱ
1728 662 1877 714 πόνοι

296 754 407 808 τῶν
442 753 730 826 προτέρων
759 753 1077 823 ἀνωφελεῖς.

378 851 479 897 σκ’.
528 844 603 897 Οὐ
644 843 901 914 καθαρῶς
938 844 1160 899 δύναται
1200 844 1626 917 προσεύξασθαι,
1666 846 1694 898 ὁ
1729 845 1879 915 φιλο-

299 937 449 1007 κάλῳ
495 937 655 991 πάθει
716 936 783 1007 (j)
836 939 928 991 καὶ
986 938 1255 1008 φιλοτίμῳ
1304 939 1694 1009 κρατούμενος.
1747 939 1881 1010 Περὶ

296 1027 467 1083 ταῦτα
502 1028 609 1098 γὰρ
633 1030 688 1081 αί
720 1029 958 1099 σχέσεις,
987 1030 1079 1082 καί⁵
1119 1030 1168 1082 οί
1198 1030 1297 1099 τῆς
1336 1030 1698 1100 ματαιότητος
1732 1028 1877 1097 λογι-

302 1120 426 1188 σμοὶ
452 1119 552 1190 τὴν
572 1119 882 1191 οἰκειότητα
908 1118 1142 1189 ἔχοντες,
1178 1121 1384 1191 σχοινία
1411 1120 1660 1190 καθάπερ
1685 1120 1880 1191 ἐκείνῳ

250 1244 255 1250 ·
299 1210 754 1280 περιπλεκόμενοι
779 1210 1035 1277 γίνονται.
1066 1212 1457 1276 κατασπῶντες
1478 1212 1551 1275 ὼς
1572 1207 1660 1267 οἷα
1689 1230 1881 1279 στρου-

300 1300 412 1353 θίον
449 1301 733 1371 δεδεμένον
769 1303 1072 1373 ἀναπτῆναι
1118 1303 1459 1375 πειρώμενον
1499 1306 1555 1357 ὲν
1584 1304 1663 1376 τῷ
1702 1306 1883 1376 καιρῷ

298 1392 398 1462 τῆς
426 1393 612 1465 εὐχῆς.

374 1489 513 1535 σκαν.
570 1481 861 1538 Ἀδύνατον
903 1483 1184 1555 εἰρηνικὸν
1221 1483 1478 1554 γενέσθαι
1524 1484 1614 1539 τὸν
1652 1486 1776 1539 νοῦν
1825 1488 1882 1542 ὲν

302 1573 461 1643 εὑχῇ,
493 1574 820 1645 ἐγκράτειαν
849 1575 943 1630 καὶ
971 1578 1193 1646 ἀγάπην
1239 1576 1400 1647 φίλην
1429 1577 1520 1629 τὸν
1550 1577 1627 1648 μὴ
1675 1578 1883 1649 κτησά-

308 1680 486 1733 μενον.
514 1664 582 1717 Ἦ
616 1665 715 1736 μὲν
739 1666 867 1737 γὰρ,
893 1666 989 1738 τήν
1024 1666 1167 1719 κατά
1194 1668 1294 1736 τῆς
1330 1666 1510 1737 ψυχῆς
1549 1670 1613 1721 ὲκ
1646 1667 1739 1720 τοῦ
1774 1666 1882 1720 σώ-

1986 484 2091 540 est,
2128 485 2183 531 et
2221 479 2313 547 qui
2354 478 2561 532 mundo
2588 477 2837 532 crucifixi
2876 473 3088 531 sunt”.
3125 475 3261 529 Nam
3300 472 3408 527 illis
3441 471 3567 542 qni-

1989 565 2113 620 dem
2144 568 2283 621 clavi
2315 577 2465 632 sunt,
2499 566 2772 639 jejunium
2816 574 2872 619 ct
2899 564 3135 633 vigilias;
3172 562 3261 615 his
3292 578 3443 627 vero,
3482 576 3570 613 re.-

1988 676 2108 714 rum
2147 660 2422 715 abdicatio
2477 675 2541 714 ac
2598 658 2681 712 sui
2724 663 3095 725 contemptus.
3146 655 3320 707 Porro
3361 652 3569 721 absque

1986 749 2265 812 secundis,
2290 749 2537 818 priorum
2571 746 2788 801 labores
2811 745 3017 798 nullius
3044 750 3173 796 sunt
3198 740 3387 812 frugis.

2055 840 2179 895 220.
2221 841 2337 895 Non
2384 849 2563 910 potest
2594 854 2732 910 pura
2773 846 2957 891 mente
2988 850 3170 898 orare,
3211 834 3305 903 qui
3350 832 3570 902 elegan-

1987 933 2145 987 tioris
2203 933 2387 987 cultus
2446 932 2782 1001 honorisque
2839 930 3039 985 affectu
3102 936 3343 982 tenetur.
3411 926 3570 981 Circa

1987 1024 2103 1079 haec
2132 1026 2277 1078 enim
2314 1025 2576 1079 libidines
2608 1039 2870 1093 vaineque
2908 1022 3271 1091 cogitationes
3306 1035 3429 1073 cum
3476 1034 3575 1071 ne-

1987 1116 2381 1171 cessitudinem
2404 1116 2666 1179 habeant,
2693 1116 2844 1169 velut
2869 1113 3102 1168 funiculi
3131 1113 3180 1166 ei
3212 1108 3570 1179 circumplcxi

1989 1203 2147 1268 ﬁunt,
2180 1206 2480 1274 passerculi
2537 1206 2592 1258 in
2651 1220 2861 1258 morem
2911 1203 3269 1258 detrahentes
3324 1210 3572 1269 tempore

1988 1296 2277 1360 orationis,
2310 1297 2438 1351 dum
2481 1298 2701 1351 evolare
2727 1296 2944 1350 nititur.

2056 1487 2182 1541 221.
2216 1486 2358 1541 Fieri
2390 1502 2499 1541 non
2529 1495 2710 1557 potest
2752 1494 2812 1539 ut
2846 1501 3001 1539 mens
3022 1484 3077 1538 in
3106 1482 3356 1537 oratione
3381 1488 3571 1551 pacata

1989 1579 2080 1644 sit,
2105 1578 2211 1633 nisi
2246 1579 2642 1633 continentiam
2672 1594 2734 1633 ac
2761 1578 3114 1632 dilectionem
3151 1575 3380 1629 amicam
3426 1573 3574 1626 obti-

1990 1676 2134 1724 neat.
2197 1670 2275 1724 Ac
2320 1671 2546 1739 quidem
2606 1670 2696 1723 illa
2742 1685 2865 1739 qua:
2896 1685 2963 1723 ex
3015 1683 3247 1736 corpore
3310 1666 3577 1719 adversus

308 1732 476 1826 ματος
498 1732 699 1829 ἔχθραν
729 1732 1018 1813 καταλύειν
1039 1732 1440 1828 ἐπαγωνίζεται
1448 1732 1517 1830 ’νή
1534 1760 1611 1825 δὲ,
1631 1760 1730 1831 τὴν
1749 1761 1884 1832 πρὸς

1993 1759 2248 1824 animam,
2270 1760 2557 1815 inimicitia
2579 1768 2686 1825 est,
2705 1759 2891 1814 studet
2915 1759 3247 1822 dissolvere,
3283 1757 3399 1810 hrec
3418 1773 3573 1820 vero,

304 1847 394 1902 τὸν
433 1849 658 1919 πλησίον
699 1851 784 1904 διὰ
817 1851 907 1906 τὸν
939 1853 1091 1907 Θεόν.
1130 1851 1503 1922 Κάντεὺθενὴ
1548 1853 1887 1924 ὑπερέχουσα

306 1939 485 1993 πάντα
510 1942 635 1995 νοῦν
658 1945 847 2015 εἰρήνη
870 1945 1229 2016 ἐπιδημοῦσα,
1250 1945 1420 2015 μονὴν
1452 1946 1725 2001 ποιεῖσθαι
1752 1946 1885 2018 πρὸς

306 2028 399 2082 τὸν
430 2030 630 2085 οὑτωσὶ
662 2033 1156 2105 κατειρηνεύσαντα
1186 2035 1566 2107 ἐπηγγείλατο.

384 2207 520 2277 σκβ’.
588 2209 826 2281 Ἀνάγκη
867 2210 960 2264 τοῦ
1008 2212 1086 2274 είς
1135 2210 1412 2281 βασιλείαν
1451 2211 1584 2266 Θεοῦ
1627 2212 1889 2283 ἀγωνιζο-

311 2298 478 2370 μένου
500 2301 783 2368 εἰσελθεῖν,
814 2304 1161 2374 περισσεύειν
1181 2306 1239 2357 ὲν
1263 2305 1488 2373 ἀγαθοῖς
1515 2306 1576 2359 τὸ
1603 2306 1764 2378 ἔργον
1791 2308 1890 2379 τῆς

306 2390 656 2462 δικαιοσύνης
681 2393 877 2447 αὑτοῦ·
920 2398 977 2447 ὲν
1020 2394 1412 2466 ὲλεημοτύναις
1440 2398 1561 2467 μὲν,
1590 2398 1677 2452 διά
1700 2399 1798 2469 τῆς
1827 2400 1890 2453 ὲκ

306 2482 401 2535 τοῦ
442 2483 822 2555 ὑστερήματος
852 2487 1098 2558 παροχῆς
1122 2503 1136 2518 ο
1174 2489 1233 2541 ὲν
1275 2489 1457 2553 πόνοις
1482 2490 1559 2556 δὲ,
1595 2494 1708 2554 τοῖς
1748 2492 1889 2561 ὑπὲρ

307 2570 407 2642 τῆς
440 2574 688 2644 εἰρήνης,
724 2574 814 2629 διὰ
837 2575 931 2630 τοῦ
964 2578 1422 2649 ἀποστερήματος
1451 2578 1525 2651 (k)
1555 2580 1656 2650 τῆς
1687 2584 1743 2634 ὲν
1774 2584 1889 2636 Κυ-

311 2663 415 2735 ρίῳ
452 2665 751 2736 ὑπομονῆς.

379 2756 520 2825 σκγ’.
572 2758 709 2812 Οὑτε
743 2762 772 2813 ὁ
814 2760 1008 2825 ἐνδεῶς
1038 2763 1177 2834 πρὸς
1222 2763 1422 2834 ἀρετήν
1456 2762 1595 2834 ἔχων
1650 2764 1738 2819 διὰ
1790 2767 1889 2838 τὴν

308 2849 589 2919 ἀμέλειαν,
645 2852 768 2906 οὔτε
814 2856 842 2907 ὁ
887 2855 1156 2925 περιττῶς
1208 2855 1298 2909 διὰ
1347 2854 1445 2926 τὴν
1493 2857 1690 2927 οἴησιν,
1757 2860 1889 2913 είσω

308 2939 527 3011 λιμένος
542 2942 638 2996 τοῦ
667 2945 807 2998 κατὰ
840 2946 936 3016 τὴν
975 2945 1243 2999 ἀπάθειαν
1292 2946 1694 3018 εὑρεθήσονται.
1726 2950 1889 3003 Οὐδέ-

1991 1864 2113 1917 (ιιυω
2135 1849 2399 1905 adversus
2420 1849 2729 1920 proximum
2761 1858 3082 1919 estpropter
3103 1847 3574 1916 Deum.lndeque,

1990 1956 2113 2009 quae
2144 1956 2362 1996 onmem
2410 1957 2633 1997 sensum
2664 1955 2993 2012 exsuperat,
3030 1957 3135 2011 pax
3182 1940 3488 1995 adveniens
3507 1940 3574 2004 '9,

1990 2030 2336 2085 mansionem
2375 2048 2433 2087 se
2464 2032 2733 2087 facturam
2766 2032 3010 2102 pollicita
3036 2041 3119 2086 est
3146 2032 3213 2096 ου,
3242 2031 3389 2101 apud
3424 2046 3573 2094 eum,

1994 2120 2175 2190 quieo
2200 2137 2258 2176 se
2291 2121 2474 2186 modo,
2509 2138 2716 2192 suaque
2756 2138 2888 2192 pace
2916 2122 3309 2190 composuerit.

2061 2212 2187 2268 222.
2234 2212 2471 2267 Necesse
2510 2222 2615 2277 est,
2647 2221 2707 2266 ut
2734 2216 2855 2282 ejus
2887 2211 2980 2281 qui
3035 2212 3317 2266 contendit
3367 2212 3577 2265 intrare

1990 2303 2047 2358 in
2082 2320 2311 2375 regnum
2364 2304 2547 2369 Dei",
2600 2319 2740 2373 opus
2775 2304 2829 2356 in
2866 2302 3029 2357 bonis
3057 2303 3338 2367 abundet;
3378 2318 3577 2371 nempe

1991 2395 2047 2450 in
2079 2396 2465 2467 eleemosynis,
2494 2394 2790 2466 praebendo
2824 2411 2891 2450 ex
2917 2410 2983 2449 eo
3010 2394 3158 2465 quod
3208 2394 3285 2448 illi
3311 2395 3466 2448 deest
3485 2394 3529 2424 "
3558 2408 3573 2445 :

1991 2489 2044 2543 in
2078 2489 2361 2543 laboribus
2386 2503 2538 2552 vero,
2586 2488 2736 2558 pacis
2764 2504 2950 2551 causa,
3004 2504 3103 2557 per
3130 2487 3251 2559 ejus
3291 2485 3576 2557 patientia:

1988 2580 2396 2637 fraudationem
2430 2597 2551 2651 qua:
2577 2582 2633 2635 in
2666 2582 2902 2636 Domino
2922 2590 3027 2636 est.

2059 2758 2183 2813 225.
2211 2758 2324 2813 Nec
2355 2758 2448 2828 qui
2477 2757 2545 2811 ad
2583 2757 2868 2821 virtutem,
2900 2772 3008 2827 qua
3045 2756 3299 2811 socordia
3332 2755 3571 2817 laborat.

1990 2851 2174 2905 minus
2202 2850 2389 2914 habet,
2414 2865 2517 2904 nec
2551 2850 2643 2919 qui
2682 2849 2957 2920 superflue
2984 2890 2997 2913 ,
3032 2865 3138 2918 qua
3186 2849 3377 2903 itidem
3427 2848 3577 2902 inani

1989 2942 2406 2997 existimatione
2457 2956 2520 2995 ac
2553 2941 2836 3011 jactantia,
2885 2941 3027 2995 intra
3062 2939 3580 3010 imperturbationis

304 3048 465 3104 τερος
490 3034 599 3106 γὰρ
627 3035 735 3088 τῶν
761 3039 824 3090 ὲκ
856 3038 1205 3109 δικαιοσύνης
1242 3042 1301 3094 ἐν
1331 3039 1627 3095 ἀπολαύσει
1662 3044 1884 3111 γέγονεν

1993 3043 2214 3103 portum
2265 3040 2540 3086 occurret.
2587 3032 2795 3087 Neuter
2839 3032 2987 3087 enim
3040 3032 3313 3086 bonorum
3350 3031 3579 3100 justitim

306 3122 550 3191 ἀγαθῶν,
598 3126 869 3193 μεσίτιδος
906 3129 1299 3204 εὑρισκομένης
1336 3135 1540 3202 αὑτοῖς,
1599 3135 1886 3205 ἐλλείψεως

310 3212 403 3266 καὶ
424 3215 754 3287 ὑπερϐολῆς.

379 3305 511 3361 σκδν.
540 3306 677 3365 Οὔτε
712 3311 743 3382 ἡ
774 3313 843 3383 γῆ
880 3314 928 3367 εί
969 3312 1044 3385 μὴ
1078 3314 1483 3373 πολυπλασίονα
1535 3320 1614 3391 τῷ
1652 3322 1887 3395 γεωργῷ

304 3395 400 3449 τὸν
429 3400 592 3453 πόνον
624 3403 937 3473 χαρίσηται,
974 3406 1206 3479 εὔπορον
1251 3413 1345 3465 καὶ
1378 3413 1600 3484 ἀνενδεῆ
1642 3417 1891 3487 ἀπεργέιο

310 3490 667 3577 σεται-αὑτὸν,
700 3495 861 3562 μόνον
902 3495 994 3548 τὸν
1049 3500 1253 3567 σπόρον
1298 3506 1674 3573 παρεχομένη,
1711 3506 1743 3577 ἢ
1796 3507 1890 3559 καὶ

310 3574 517 3642 μικράν
581 3594 702 3631 τινα
749 3581 1109 3654 προσθήκην⁹
1175 3586 1298 3639 οὔτε
1356 3589 1434 3660 τῷ
1484 3574 1775 3662 πρακτικῷ
1828 3592 1890 3645 τὸ

308 3664 604 3755 ἀνυόμενον
633 3670 812 3741 ἔργον,
846 3674 893 3725 εί
946 3675 1020 3746 μὴ
1076 3680 1322 3748 κρεῖττον
1368 3684 1463 3752 τῆς
1512 3684 1889 3755 προαιρέσεως

307 3754 541 3829 αὑτοῦὴ
582 3761 787 3833 σπουδή
833 3760 1109 3839 εὑρεθείη,
1165 3769 1302 3839 πρὸς
1356 3771 1449 3826 τὸν
1504 3754 1637 3829 Θεὸν
1678 3754 1888 3831 δίκαιον

307 3847 726 3919 ἀπεργάσασθαι
753 3855 1001 3915 δύναται.

376 4036 509 4085 σκε’.
541 4030 679 4086 Οὔτε
714 4035 915 4100 πάντες
963 4038 1012 4092 oi
1047 4038 1123 4111 μὴ
1150 4040 1478 4111 ἀγαπῶντες
1525 4044 1616 4098 τὸν
1661 4046 1889 4119 πλησίον

310 4123 485 4190 μισεῖν
508 4123 797 4177 δύνανται·
848 4124 973 4182 οὔτε
1014 4130 1062 4182 οἱ
1105 4132 1179 4203 μή
1222 4134 1509 4201 μισοῦντες
1538 4137 1699 4190 αὑτὸν
1747 4140 1888 4207 ἁγα-

306 4210 413 4279 πᾷν
438 4226 451 4239 ο
481 4211 575 4265 καὶ
604 4212 733 4266 ἀλλο
768 4213 869 4284 μέν
918 4218 1055 4284 ἐστι,
1096 4220 1158 4273 τὸ
1198 4221 1512 4291 βασκαίνειν
1549 4226 1758 4279 ἐκείνου
1790 4228 1890 4298 τὴν

306 4300 511 4372 ἀρετήν
530 4318 543 4331 ⁸
570 4303 755 4375 ἕτερον
780 4306 837 4360 δὲ
869 4307 931 4361 τὸ
966 4310 1040 4381 μὴ
1072 4312 1321 4381 ἐμποδὼν
1342 4315 1489 4386 αὑτῷ
1538 4318 1889 4385 εὑρίσκεσθαι

1990 3140 2215 3195 compos
2246 3125 2487 3188 exstitit,
2514 3123 2718 3194 quippe
2750 3139 2875 3178 cum
2911 3123 3073 3177 ambo
3110 3122 3359 3177 defectus
3385 3137 3576 3176 exces-

1990 3232 2194 3285 susque
2224 3217 2379 3287 juxta
2403 3215 2845 3270 mediocritatem
2882 3231 2992 3268 non
3026 3213 3362 3268 invenerint.

2058 3307 2183 3360 224.
2219 3306 2330 3361 Nec
2369 3313 2513 3360 terra
2540 3347 2554 3370 ,
2587 3305 2693 3359 nisi
2752 3304 3045 3374 multiplici
3097 3313 3282 3374 segete
3327 3301 3578 3374 agricola:

1988 3398 2234 3453 laborem
2266 3397 2665 3460 cumulaverit,
2701 3396 2821 3466 ejus
2846 3397 2981 3451 satis
3028 3396 3387 3467 indigentiam
3420 3394 3575 3448 leva-

1990 3489 2091 3553 bit,
2124 3504 2188 3543 ac
2213 3488 2446 3558 penuria
2466 3504 2592 3543 eum
2623 3488 2882 3544 liberabit
2916 3490 3060 3561 (qua:
3094 3491 3306 3545 scilicet
3356 3505 3577 3544 semen-

1991 3590 2124 3645 tem,
2161 3597 2259 3636 seu
2282 3582 2449 3636 etiam
2488 3582 2750 3652 exiguum
2776 3582 2910 3653 quid
2966 3582 3117 3637 illius
3158 3589 3578 3637 auctoramento

1990 3674 2343 3745 praebuerit),
2389 3676 2467 3730 sic
2521 3690 2623 3729 nec
2651 3674 2799 3744 quod
2846 3673 3057 3728 activus
3092 3690 3230 3744 opus
3254 3673 3576 3741 facinusque

1989 3767 2245 3832 ediderit,
2290 3768 2502 3838 justum
2546 3782 2675 3822 eum
2724 3767 2871 3837 apud
2898 3768 3068 3821 Deum
3102 3766 3331 3820 reddere
3372 3771 3575 3834 potest,

1989 3860 2098 3915 nisi
2135 3861 2254 3931 ejus
2282 3861 2564 3916 voluntate
2611 3875 2677 3916 ac
2727 3860 3015 3932 proposito
3062 3858 3349 3929 diligentia
3401 3856 3577 3928 major

1990 3952 2180 4008 fuerit.

2061 4045 2185 4099 225.
2224 4045 2338 4101 Nec
2371 4060 2563 4101 omnes
2591 4045 2686 4115 qui
2717 4060 2829 4099 non
2854 4043 3095 4115 diligunt
3131 4041 3468 4113 proximum,
3499 4039 3581 4110 ip—

1992 4153 2113 4193 sum
2146 4137 2327 4192 odisse
2360 4145 2619 4207 possunt;
2670 4152 2773 4191 nec
2806 4136 2900 4206 qui
2948 4152 3058 4190 non
3105 4135 3365 4197 oderunt,
3405 4134 3577 4203 ipsam

1992 4228 2240 4299 diligere.
2293 4227 2569 4297 Aliudque
2616 4227 2783 4297 668
2811 4236 2895 4281 est
2921 4225 3170 4279 invidere
3206 4225 3326 4295 ejus
3354 4222 3575 4284 virtuti,

1993 4319 2253 4389 aliudque
2305 4334 2415 4372 non
2470 4318 2548 4371 illi
2586 4317 2881 4372 obstaculo
2915 4331 3073 4381 esse,
3122 4316 3255 4385 quin
3307 4314 3574 4385 proficiat.

304 4391 443 4461 πρὸς
492 4397 796 4469 προκοπήν.
854 4399 1123 4472 Ἐσχάτης
1172 4402 1230 4456 δὲ
1282 4405 1478 4469 κακίας
1528 4408 1884 4479 εὑρεθήσεται

1994 4411 2267 4465 Extrema:
2316 4424 2450 4464 vero
2505 4407 2728 4463 malitia;
2780 4408 2982 4479 gradus
3033 4409 3367 4473 invenietur,
3431 4405 3579 4477 quod

309 4550 423 4674 nr
454 4551 637 4675 4Galat.
666 4570 743 4623 vi,
781 4556 868 4611 M.
944 4556 991 4592 ⁸⁸
1018 4559 1257 4632 Pbilipp°
1303 4579 1379 4628 ιν,
1426 4566 1477 4619 7.

378 4777 437 4847 (1'
456 4778 474 4848 )
513 4778 574 4862 ’ρ
615 4784 926 4862 φιλοκάλῳ
954 4784 1146 4840 πάθει.
1182 4786 1341 4854 Quod
1398 4790 1674 4862 φιλοκάλῳ
1704 4792 1767 4846 τδ
1796 4811 1882 4862 φι-

302 4846 719 4933 λότιμον-ξμὴδξῐ
743 4846 1031 4933 μθιίἱιιυε,
1063 4846 1392 4926 argumento
1411 4846 1530 4933 :est,
1560 4846 1723 4933 sic'in
1755 4846 1882 4932 par-

305 4926 413 4999 tem
460 4922 589 4999 vitii_
631 4922 776 4999 illud
798 4940 1088 4999 usurpare,
1126 4922 1187 4999 ut
1230 4922 1574 4999 superﬂuum
1618 4922 1886 4987 duntaxat

302 4988 512 5069 cultum
540 4988 983 5072 elegantiamque
1014 4988 1315 5072 signiﬁcet,
1342 5002 1502 5071 cujus
1544 5018 1699 5056 amor
1717 5003 1884 5057 etiam

304 5060 1206 5141 iis_q_ui.ad.pietatem'_exercent,
1238 5060 1526 5125 obstaculo
1575 5088 1697 5127 esse
1747 5074 1887 5128 solet

303 5127 644 5211 Sub_li_mior_is
668 5134 888 5211 volatus
910 5136 964 5189 in
1002 5127 1287 5211 oratione;
1342 5143 1624 5211 quomodo
1664 5144 1734 5199 ab
1782 5127 1888 5197 lle-

303 5198 507 5282 exchio.
546 5200 633 5279 τὸ,
677 5203 985 5269 φιλόκαλος,
1020 5198 1678 5282 φιλόκοσμοίθιῃοηὶῑιιι·
1716 5228 1883 5267 :cum

302 5279 510 5345 alloqui
553 5286 616 5325 ea
653 5288 777 5345 Avox
830 5279 1182 5331 communius
1233 5291 1394 5333 sonet
1438 5279 1493 5335 in
1537 5283 1764 5345 bonum,
1823 5298 1888 5339 ac

302 5352 406 5421 pro
437 5340 663 5421 honesti
697 5345 950 5401 studioso
983 5350 1316 5421 accipiatur:
1352 5352 1685 5421 quandoque
1714 5340 1883 5408 etiam

302 5407 523 5491 dicatur
555 5412 623 5465 de
648 5429 838 5491 amore
863 5407 1181 5491 corporum.
1213 5420 1305 5475 Sic
1330 5407 1617 5489 φὶλοκαλίᾶ.
1669 5407 1882 5479 Socrati

302 5477 542 5561 objecta,
584 5498 647 5537 ac
679 5484 753 5561 si_
777 5477 1214 5561 dicturdfuisset
1277 5477 1660 5559 παιδεραστία.
1687 5477 1875 5561 ἀι-ος.

303 5548 615 5631 depavone
638 5556 1066 5631 perinde_ambo
1094 5559 1209 5631 haec
1260 5548 1548 5630 conjunxit
1587 5548 1876 5631 φιλόκαλον

302 5620 420 5702 καὶ.
456 5620 771 5693 φιλότιμον·
829 5627 898 5681 ad
958 5629 1261 5702 notandum
1311 5620 1512 5686 animal
1562 5620 1874 5701 pulchritu-

303 5687 720 5763 dinis'amatis,
755 5712 932 5767 eaque
971 5698 1077 5755 sibi
1114 5700 1337 5770 placens
1372 5717 1435 5757 ac
1488 5687 1874 5770 ambitiosum;

1581 4567 1629 4597 ⁹⁰
1677 4567 1836 4623 Joan.
1878 4584 1987 4635 XIV,
2018 4569 2110 4624 25.

2213 4570 2260 4601 ⁹¹
2296 4568 2490 4621 Matth.
2538 4583 2594 4633 ν,
2628 4566 2718 4622 20.
2822 4568 2868 4600 ⁹¹
2927 4568 3091 4623 Marc.
3133 4584 3228 4633 ιιι,
3284 4570 3382 4635 44ς
3443 4568 3577 4620 Luc.

1986 4808 2055 4848 ex
2097 4809 2208 4863 quo
2236 4794 2502 4850 Maximus
2522 4794 2823 4851 transferre
2846 4796 3029 4865 potuit
3060 4795 3115 4849 in
3155 4809 3340 4849 mores
3397 4793 3580 4849 homi-

1988 4880 2146 4918 num.

2062 4935 2135 5005 (k)
2191 4934 2301 5005 Διά
2348 4935 2456 4989 τοῦ
2502 4935 3017 5003 ἀποστερήματος.
3067 4935 3279 4992 Sensus
3330 4935 3575 4998 videtur,

1990 5004 2073 5059 sic
2109 5004 2397 5059 colendam
2443 5021 2629 5075 pacem
2673 5022 2798 5060 cum
2836 5006 3107 5076 proximo,
3154 5018 3213 5062 ut
3244 5008 3362 5076 ejus
3411 5022 3577 5059 causa

1992 5090 2212 5147 omnem
2247 5076 2450 5147 meum
2478 5076 2799 5144 patientiam
2840 5076 3228 5147 exhibeamus,
3282 5076 3441 5145 cujus
3474 5077 3577 5145 ipsi

1992 5144 2157 5198 nobis
2196 5145 2249 5198 in
2280 5144 2505 5200 Christo
2541 5147 2619 5199 rei
2648 5162 2867 5211 sumus;
2916 5162 3189 5202 summam
3215 5144 3470 5211 scilicet,
3496 5144 3579 5200 fut

1992 5216 2148 5284 quasi
2176 5215 2452 5288 fraudatio
2486 5214 2816 5271 Christianze
2866 5217 2918 5270 in
2969 5219 3130 5272 nobis
3184 5218 3461 5288 patientiae
3485 5217 3577 5279 sit,

1993 5300 2090 5339 seu
2113 5300 2181 5339 ex
2212 5286 2305 5368 illa
2339 5286 2679 5368 subtranctio,
2716 5288 2971 5368 quodsic
3002 5288 3057 5342 in
3094 5286 3578 5368 _illum_p_atientes_

1992 5371 2204 5428 sumus.
2237 5356 2393 5410 Sicut
2425 5363 2489 5428 Aet
2520 5356 2796 5411 fraudatio
2828 5358 3009 5413 victus
3055 5361 3236 5414 vidua:
3270 5356 3392 5422 fuit,
3431 5358 3576 5428 quod

1987 5425 2105 5480 duo
2136 5426 2348 5499 minuta
2368 5426 2435 5479 ad
2481 5428 2851 5499 necessarium
2881 5445 3040 5483 usum
3105 5431 3372 5499 reposita,
3406 5425 3489 5483 sic
3523 5430 3576 5482 in

1990 5496 2747 5569 gazophylaciummiserit;
2814 5515 2923 5552 non
2978 5496 3256 5569 superflua
3320 5499 3573 5563 mittens,

1985 5566 2313 5641 utidivi‘tes,
2356 5568 2452 5620 sed
2486 5568 2550 5620 ἐκ
2592 5567 2685 5641 τοὺ
2733 5566 3110 5641 ὑστερήματος
3154 5572 3323 5641 αὐτῆς
3375 5570 3577 5636 πάντα,

1986 5636 2245 5707 quidquid
2278 5638 2331 5689 in
2372 5653 2579 5691 summa
2619 5638 2717 5693 illa
2750 5636 2978 5711 eges—tate
3004 5640 3086 5695 illi
3143 5636 3473 5715 suppetebat.
