4010 6202
454 277 592 343 1459

1597 277 1656 335 S.
1699 277 1985 336 MAXIMI
2025 275 2538 340 CONFESSORIS

3591 277 3742 344 1460

444 389 733 449 duntaxat,
761 386 856 454 qui
901 384 1022 455 ejus
1067 382 1214 436 velut
1251 391 1533 452 parentem
1565 383 1732 438 animi
1766 383 1874 439 sibi
1913 383 2028 454 pla-

2146 401 2228 437 νον
2274 387 2322 438 οί
2378 384 2596 456 μητέρα
2652 382 2824 454 αὐτῆς
2862 382 2962 456 τὴν
3024 383 3433 458 αὑταρέσκειαν
3464 387 3739 460 βεδλυξὰ-

443 477 621 532 ccntis
648 474 840 528 vitium
869 488 933 526 ac
959 472 1138 526 labem
1159 472 1426 526 exsecrati
1457 483 1604 526 sunt.

513 568 640 623 256.
668 567 772 634 Qui
819 564 1016 635 probat
1049 563 1294 633 quidem,
1327 572 1381 617 at
1425 579 1536 618 non
1587 565 1806 635 recipit,
1838 565 2034 619 huma-

443 677 569 716 nam
604 659 844 722 laudem,
875 665 932 711 et
963 665 1024 710 ut
1063 671 1264 725 corpus
1299 656 1491 710 mitius
1520 657 1752 722 habeat;
1787 657 1899 722 hic,
1934 673 2031 712 ex-

447 765 620 810 trema
643 751 825 807 inanis
844 750 1030 822 gloria:
1056 749 1297 805 nudatus
1327 750 1531 814 tunica,
1563 749 1861 804 habitaculi
1885 755 2030 820 quod

443 847 511 901 de
556 845 695 900 cmlo
723 853 828 908 est,
867 858 930 898 ac
965 842 1113 912 quod
1163 843 1333 896 multa
1362 843 1664 913 gcinituum
1710 841 1760 894 vi
1800 842 2035 911 inquiri-

445 951 588 1002 mus,
622 935 952 999 claritatem,
985 934 1112 988 inde
1135 933 1246 1004 jam
1280 933 1482 988 meruit
1506 933 1736 987 induere
1766 933 1832 985 “.

509 1113 632 1168 237.
665 1114 828 1169 Aliud
871 1123 956 1169 est
997 1115 1162 1178 actio,
1208 1114 1356 1168 aliud
1406 1113 1636 1168 effectus
1676 1113 1908 1182 etquod
1942 1113 2030 1168 illa

441 1207 638 1277 agitur.
689 1208 766 1261 Ac
810 1207 1033 1278 quidem
1083 1208 1356 1272 alterum,
1402 1206 1768 1261 consummati
1819 1207 2029 1276 peccati

442 1299 754 1368 subjectum
801 1309 921 1365 est;
971 1299 1205 1354 alterum
1241 1315 1392 1363 vero,
1433 1297 1732 1368 voluptatis
1767 1297 2033 1353 duntaxat

441 1405 506 1443 ac
535 1389 804 1450 libidinis,
830 1389 978 1444 intus
1011 1390 1198 1442 animo
1226 1389 1482 1458 vigentis,
1512 1405 1621 1443 non
1664 1397 1846 1442 tamen
1873 1398 2030 1443 exte-

441 1479 557 1531 rius
583 1477 899 1547 productae:
927 1478 1078 1532 velut
1108 1479 1368 1532 nimirum
1401 1479 1494 1547 qui
1525 1495 1634 1531 non
1657 1477 1835 1548 patria
1863 1493 2031 1532 exsu-

439 1567 578 1634 lant,
615 1568 821 1638 quique
853 1567 1217 1624 nihilominus
1248 1568 1414 1639 670
1437 1583 1558 1638 qua:
1605 1583 1672 1622 ex
1717 1567 2032 1622 dominato-

440 1675 562 1714 rum
589 1669 718 1714 voto
747 1661 859 1716 sint
893 1661 1111 1731 illisque
1141 1661 1428 1731 imperata,
1460 1659 1668 1714 tributo
1693 1659 1957 1730 pendant.

507 1752 634 1808 258.
669 1751 806 1808 Cum
837 1763 1030 1822 gustus
1072 1752 1214 1806 inter
1241 1752 1551 1822 voluptates
1589 1754 1794 1822 primas
1825 1762 2031 1821 teneat,
2068 1731 2110 1788 Β

441 1842 559 1898 fieri
589 1861 694 1899 non
723 1855 906 1916 potest
935 1847 1068 1916 quin
1092 1861 1286 1901 omnes
1311 1861 1508 1902 sensus
1533 1863 1641 1902 una
1665 1847 2034 1918 obsequentes

440 1936 640 2001 trahat,
677 1937 890 1992 tametsi
926 1937 981 1991 in
1026 1937 1108 1991 eis
1147 1938 1239 2006 qui
1275 1936 1592 2008 frigidiores
1637 1947 1766 1993 sunt
1808 1939 1863 1994 in
1899 1955 2033 2010 pace

439 2029 710 2083 contineri
772 2045 1006 2084 venerea
1056 2029 1349 2095 videntur,
1400 2029 1709 2101 cujusmodi
1760 2031 2033 2087 exsistunt

438 2120 630 2184 vetuli,
663 2121 755 2191 qui
794 2121 1111 2175 incendium
1157 2136 1225 2175 ex
1280 2122 1404 2191 igne
1453 2137 1561 2176 non
1614 2121 1877 2176 sentiant.
1911 2123 2033 2178 Non

441 2221 620 2267 tamen
658 2212 914 2283 gignendi
946 2212 1196 2282 partibus
1228 2222 1376 2266 casta
1404 2213 1770 2267 aestimabitur
1802 2214 2029 2281 sterilis,

439 2321 562 2374 quae
589 2305 922 2361 adulterium
966 2305 1151 2360 faciat.
1182 2304 1406 2360 Castum
1446 2321 1577 2360 vero
1611 2305 1843 2361 dixerim
1881 2307 2034 2378 quis-

437 2397 561 2468 quis
594 2413 702 2452 non
738 2397 1062 2461 fornicetur,
1087 2413 1190 2452 nec
1208 2397 1481 2468 impudice
1508 2397 1685 2452 oculis
1702 2397 2029 2453 oblectetur.

506 2490 631 2544 259.
671 2489 729 2544 In
775 2489 914 2544 cibis
948 2489 1252 2560 formisque
1307 2505 1370 2544 ac
1418 2489 1682 2552 vocibus,
1731 2491 1903 2546 animi
1947 2492 2031 2547 vis

405 2625 408 2628 .
438 2580 878 2650 concupiscentis
897 2581 1232 2650 exploratur,
1257 2597 1506 2650 quaenam
1544 2581 1644 2647 sit;
1676 2590 1790 2636 tum
1819 2583 2032 2638 scilicet

438 2671 656 2726 voicndi
695 2680 809 2724 tum
847 2671 1143 2742 respuendi
1179 2672 1614 2742 appetitionibus
1660 2673 1714 2727 in
1747 2684 1907 2745 gustu
1944 2675 2029 2729 vi-

436 2779 612 2833 suque
659 2775 714 2818 et
754 2763 979 2830 auditu;
1030 2779 1174 2837 num.
1195 2765 1346 2818 velut
1381 2780 1503 2834 qua:
1559 2765 1666 2819 illis
1701 2774 1910 2832 utatur,
1959 2783 2027 2822 an

434 2855 588 2911 velut
627 2873 749 2926 quze
801 2857 1084 2920 abutatur,
1121 2855 1205 2910 vel
1259 2872 1382 2926 quae
1433 2856 1620 2912 medio
1669 2857 1834 2913 modo
1882 2859 2028 2915 inter

436 2953 732 3014 utrumque
767 2960 825 2998 se
855 2944 1064 3000 habens
1097 2945 1433 3000 inveniatur.

505 3036 630 3090 240.
669 3037 726 3090 In
752 3036 967 3107 quibus
1012 3052 1121 3092 non
1159 3039 1312 3107 przeit
1363 3039 1548 3100 timor,
1583 3040 1751 3095 animi
1789 3043 2027 3097 rationes
2054 3077 2096 3136 Ω

433 3144 499 3181 ac
527 3127 886 3198 cogitationes
913 3128 966 3182 in
995 3128 1318 3184 confusione
1359 3131 1730 3199 invenientur,
1767 3142 2024 3205 tanquam

434 3235 566 3274 oves
589 3236 698 3275 non
724 3221 990 3276 habentes
1021 3231 1297 3292 pastorem
1327 3224 1374 3254 "
1402 3240 1414 3275 :
1443 3223 1637 3278 ordine
1663 3233 1846 3280 autem
1877 3242 2026 3282 com-

435 3312 628 3382 positae
683 3313 936 3384 intraque
997 3315 1208 3368 caulam
1257 3315 1501 3370 collecta
1559 3325 1707 3371 recte
1763 3319 2023 3387 pascendi

436 3404 669 3468 ratione,
705 3405 797 3458 illo
839 3405 1040 3459 comite
1081 3417 1174 3460 aut
1211 3417 1512 3476 prarcunte.

501 3494 628 3548 2U.
680 3495 830 3549 Fidei
875 3495 1078 3564 proles,
1119 3497 1285 3551 timor
1317 3508 1434 3566 est;
1474 3501 1519 3554 is
1551 3515 1704 3564 vero,
1742 3501 2024 3556 mandato-

437 3603 558 3640 rum
589 3596 791 3656 pastor.
823 3587 916 3653 Ac,
949 3589 1044 3659 qui
1075 3590 1196 3660 ejus
1227 3600 1512 3660 parentem
1545 3601 1740 3647 nactus
1765 3609 1874 3647 non
1907 3594 2027 3648 fue-

435 3678 526 3740 rit,
565 3678 708 3733 haud
740 3680 940 3752 dignus
965 3682 1245 3737 videbitur
1287 3683 1381 3753 qui
1420 3684 1635 3738 Domini
1661 3699 1878 3755 pascuae
1907 3687 2027 3741 ovis

435 3771 778 3827 admittatur.

501 3863 626 3917 242.
654 3863 759 3918 Alii
783 3864 1006 3934 quidem
1031 3867 1144 3921 sola
1172 3867 1377 3923 habent
1409 3869 1679 3924 bonorum
1712 3869 1902 3934 initia;
1931 3868 2024 3924 alii

433 3970 566 4009 vero
603 3955 767 4010 etiam
810 3956 1007 4011 horum
1045 3959 1258 4025 media;
1306 3961 1398 4015 alii
1428 3961 1666 4032 denique
1695 3962 1861 4017 etiam
1906 3960 2028 4015 illo-

434 4061 556 4098 rum
595 4045 763 4113 fincs;
800 4048 894 4117 qui
939 4049 982 4102 si
1015 4049 1215 4117 deslnt,
1254 4053 1406 4106 velut
1449 4054 1679 4124 simplex
1729 4055 1887 4108 miles
1932 4066 2028 4109 aut

432 4137 789 4206 honorarius,
812 4142 1046 4212 quisque
1085 4143 1418 4212 invenietur,
1444 4147 1727 4218 congiario
1746 4149 2024 4218 justisque

433 4229 726 4298 stipendiis
770 4232 996 4288 minime
1043 4233 1300 4291 donatus.
1352 4235 1601 4308 llincque
1636 4238 1775 4294 adeo
1819 4246 1926 4304 est,
1967 4249 2029 4294 ut

433 4326 574 4380 alius
615 4328 838 4397 quidem
882 4347 1009 4386 suas
1059 4332 1326 4388 duntaxat
1371 4333 1538 4401 aedes,
1591 4351 1792 4405 easque
1824 4350 1966 4406 aegre
1997 4350 2028 4389 a

2139 492 2313 542 μενοι.

2211 571 2354 633 σλς.
2399 568 2665 622 Ἐπαινον
2699 567 3005 639 ἀνθρώπων
3035 568 3130 622 καὶ
3160 568 3346 623 ἄνεσιν
3370 569 3634 640 σώματος
3654 611 3671 632 ,
3704 572 3734 624 6

2135 660 2535 730 ἀποδεχόμενος
2586 661 2704 730 μὲν,
2745 662 2804 714 οὑ
2845 661 3274 730 καταδεχόμενος
3311 662 3387 725 δὲ,
3429 659 3591 726 οὗτος
3635 664 3733 717 τοῦ

2135 754 2365 824 ἐσχάτου
2381 753 2479 822 τῆς
2502 753 2807 819 κενοδοξίας
2844 754 3069 823 χιτῶνος
3101 753 3306 822 γυμνὸς
3340 753 3606 822 γεγονὼς,
3635 754 3732 808 τοῦ

2135 844 2193 896 ἐν
2255 842 2472 906 πολλοῖς
2530 846 2854 915 στεναγμοῖς
2917 843 3345 913 ἐπιζητουμένου
3400 845 3729 915 οἰκητηρίον

2133 935 2228 989 τοῦ
2267 935 2324 1002 ἐξ
2367 935 2599 1006 ούρανοῦ
2631 936 2729 1007 τὴν
2750 936 3085 1008 φαιδρότητα
3118 937 3212 990 ἀπ’
3241 935 3494 988 ἐντεῦθεν
3517 936 3728 1007 ἠξιώθη

2133 1027 2480 1082 ἐνδύσασθαι.
2804 1058 2814 1066 ·
3263 1089 3268 1093 _

2212 1118 2347 1186 σλζ.
2387 1120 2550 1174 Ἀλλο
2583 1119 2856 1190 ἐνέργεια,
2894 1119 2988 1172 καὶ
3032 1117 3160 1172 ἄλλο
3189 1118 3498 1190 ἐνέργημα.
3529 1118 3638 1171 Καὶ
3665 1117 3730 1172 τδ

2137 1211 2258 1282 μὲν,
2293 1211 2576 1283 ἁμαρτίας
2603 1211 3023 1282 ἀπηρτισμένης
3049 1209 3170 1263 ἐστὶ
3201 1209 3480 1263 δεικτικόν
3507 1225 3522 1238 ⁸
3555 1210 3618 1262 τὸ
3641 1210 3723 1274 δὲ,

2134 1303 2471 1374 ἡδυπαθείας
2530 1302 2697 1373 μόνης
2744 1299 2845 1370 τῆς
2890 1299 3104 1354 ἔνδοθεν
3158 1302 3578 1370 ἐνηργημένης,
3607 1301 3727 1353 ἀλλ’

2133 1395 2235 1447 οὐκ
2264 1394 2443 1457 ἐκτός.
2487 1394 2576 1456 Ὠς
2604 1394 2654 1446 οἱ
2697 1393 2794 1461 τῆς
2839 1391 2980 1454 ίδίας
3021 1392 3120 1462 μὲν
3155 1391 3231 1462 μὴ
3262 1391 3723 1460 κατακινούμενοι

2134 1487 2258 1557 γῆς,
2286 1483 2760 1556 δασμοφοροῦντες
2789 1482 2848 1536 δὲ
2876 1483 3027 1553 ὅμως
3054 1483 3169 1546 τοῖς
3193 1481 3725 1536 καταδυναστεύουσι

2133 1581 2202 1633 τὰ
2236 1578 2422 1641 αὑτοῖς
2456 1575 2793 1646 καταθύμια.

2217 1751 2354 1825 σλη⁹.
2389 1754 2505 1824 Τῆς
2530 1753 2775 1822 γεύσεως
2804 1751 3116 1824 κρατούσης
3157 1751 3216 1805 ἐν
3239 1751 3458 1822 ἡδοναῖς
3477 1791 3492 1815 ,
3525 1750 3724 1804 ἀδύνα-

2134 1861 2226 1898 τον
2288 1845 2364 1914 μὴ
2397 1843 2493 1896 καὶ
2542 1843 2722 1907 πάσας
2778 1841 2879 1905 τὰς
2909 1841 3194 1912 αἰσθήσεις
3233 1839 3584 1901 συνέπεσθαι,
3613 1841 3719 1893 κᾶν

2133 1936 2242 1989 τῶν
2271 1934 2632 2008 ψυχροτέρων
2662 1934 2970 2006 εἰρηνεύειν
3005 1933 3206 1986 δοκῶσι
3238 1934 3309 1985 τὰ.
3337 1933 3716 2003 ὑπογάστρια,

2133 2027 2208 2092 ὡς
2235 2029 2344 2081 τῶν
2373 2026 2764 2098 γεγηρακότων
2791 2025 3041 2096 πύρωσιν
3070 2026 3134 2078 ἐκ
3167 2024 3344 2095 πυρὸς
3390 2023 3526 2098 [μὴ]
3558 2025 3721 2089 δεξα-

2139 2119 2339 2191 μένων.
2390 2119 2529 2173 Ἀλλ’
2557 2119 2619 2172 οὑ
2649 2118 2778 2191 περὶ
2837 2117 2900 2171 τὸ
2949 2118 3148 2188 γεννᾷν
3202 2116 3439 2188 σώφρων
3467 2124 3500 2189 ὴ
3535 2123 3722 2189 στεῖρα

2145 2189 2516 2281 μοιχευομένη
2565 2189 2910 2281 κριθήσεται.
2948 2209 3255 2278 Σωφρονεῖν
3300 2209 3360 2262 δὲ
3391 2209 3574 2265 πάντα
3630 2211 3724 2263 τὸν

2143 2303 2219 2373 μὴ
2278 2301 2612 2372 πορνεύοντα
2654 2300 2866 2372 εἴποιμι
2909 2299 2994 2364 ἄν,
3045 2300 3183 2372 μηδὲ
3230 2300 3423 2372 ὁράσει
3474 2319 3723 2376 κατακη-

2136 2393 2423 2463 λούμενον.

2206 2484 2350 2542 σλθ’.
2392 2487 2482 2540 Ἐν
2507 2488 2736 2559 τροφαῖς
2797 2485 2892 2540 καὶ
2933 2487 3171 2557 μορφαῖς
3217 2485 3315 2539 καὶ
3371 2489 3605 2556 φωναῖς,
3659 2489 3723 2541 τὸ

2135 2579 2533 2651 ἐπιθυμητικὸν
2564 2581 2663 2649 τῆς
2699 2579 2879 2650 ψυχῆς
2915 2578 3233 2648 ἐλέγχεται,
3267 2571 3380 2631 οἷόν
3422 2580 3574 2633 ἐστιν
3601 2582 3723 2643 ταῖς

2139 2671 2456 2742 θελητικαῖς
2508 2689 2570 2725 τε
2612 2672 2704 2724 καὶ⁸
2746 2674 2866 2735 ταῖς
2896 2670 3074 2733 ἄλλως
3101 2669 3360 2739 ἐχούσαις
3387 2669 3634 2744 [ὁρμαῖς]
3661 2673 3724 2725 ἐν

2135 2764 2347 2832 γεύσει,
2374 2763 2469 2816 καὶ
2489 2763 2632 2834 ὕψει,
2667 2763 2762 2818 καὶ
2791 2765 2966 2834 ἀκοῇ,
3006 2762 3119 2814 εἴτε
3169 2761 3246 2825 ὡς
3286 2762 3573 2832 χρώμενον
3622 2762 3724 2815 αὑ-

2129 2857 2272 2922 ταῖς,
2310 2856 2422 2908 εἴτε
2448 2854 2526 2918 ὡς
2561 2854 3024 2927 παραχρώμενον,
3055 2853 3165 2907 εἴτε
3189 2854 3359 2923 μέσον
3376 2856 3514 2927 πρὶας
3544 2856 3723 2926 ἀμφό-

2129 2964 2264 3018 τερα
2299 2946 2720 3016 εὑρισκόμενον.

2201 3037 2312 3110 σμ’.
2361 3040 2450 3094 Ἐν
2492 3035 2574 3103 οἷς
2603 3041 2630 3092 6
2667 3039 2831 3109 φόϐος
2864 3039 2924 3093 οὑ
2956 3043 3305 3111 προηγεῖται,
3339 3039 3414 3103 ὡς
3466 3036 3726 3110 12966413

2136 3133 2210 3204 μὴ
2234 3133 2425 3204 ἔχοντα
2457 3131 2693 3203 ποιμένα
2722 3133 2779 3185 ἐν
2811 3131 3098 3202 συγχύσει,
3119 3134 3169 3185 οἱ
3194 3133 3445 3202 λογισμοὶ
3481 3129 3724 3201 εὑρεθή-

2133 3241 2351 3279 σονται·
2407 3225 2466 3278 ἐν
2523 3223 2748 3294 εὐταξίᾳ
2819 3223 2898 3287 δὲ,
2945 3225 3040 3276 καὶ
3101 3224 3345 3296 μᾶνδρας
3395 3224 3527 3274 εἴσω
3572 3221 3721 3275 κατά

2130 3318 2228 3388 τὴν
2277 3315 2537 3388 εὐνομίαν
2597 3315 2964 3387 ἐφεπομένου,
3029 3314 3066 3386 ἢ
3133 3313 3532 3384 προηγουμένου
3597 3311 3710 3364 αύ-

2128 3424 2221 3459 του
2230 3445 2242 3458 .

2205 3502 2353 3567 σμα’.
2378 3495 2490 3566 Τῆς
2520 3494 2780 3558 πίστεως,
2814 3495 2842 3548 6
2876 3495 3040 3564 φόὸος
3069 3495 3182 3561 υἱός
3210 3513 3224 3528 ·
3257 3497 3363 3550 τῶν
3396 3501 3631 3554 ἐντολῶν
3657 3500 3718 3556 δὲ

2129 3583 2284 3652 οὗτος
2313 3587 2512 3658 νομεύς
2537 3604 2549 3617 '
2590 3587 2686 3640 καὶ
2715 3587 2744 3639 6
2777 3587 2854 3657 μὴ
2885 3587 2985 3659 τὴν
3015 3589 3231 3660 μητέρα
3280 3590 3473 3644 τούτου
3508 3592 3722 3663 κτησά-

2135 3699 2320 3754 μενος,
2361 3679 2638 3751 πρόϐατον
2683 3679 2922 3750 ὀφθῆναι
2960 3681 3063 3752 τῆς
3109 3683 3252 3736 κατὰ
3301 3684 3507 3755 Κύριον
3548 3687 3725 3756 νομῆς

2131 3773 2231 3828 οὑκ
2260 3771 2641 3843 ἀξιωθήσεται.

2205 3865 2352 3937 σμβ’.
2381 3865 2444 3917 0i
2481 3864 2580 3934 μὲν
2621 3863 2719 3927 τὰς
2757 3863 2934 3935 ἀρχὰς
2969 3865 3137 3936 μόνας
3170 3866 3359 3936 έχουσι
3388 3867 3498 3920 τῶν
3520 3869 3724 3923 καλῶν·

2132 3959 2181 4012 οί
2209 3958 2290 4022 δὲ,
2321 3958 2419 4012 καὶ
2458 3957 2557 4021 τὰς
2586 3955 2794 4011 τούτων
2832 3958 3142 4029 μεσότητας
3169 3977 3182 3989 ·
3217 3962 3268 4014 οἱ
3299 3961 3379 4027 δὲ,
3419 3962 3612 4016 καὶτὰ
3639 3964 3724 4016 τέ-

2133 4051 2200 4122 λη
2223 4049 2405 4104 αύτῶν
2439 4067 2454 4082 ο
2482 4042 2558 4103 ὧν
2584 4049 2735 4115 ἄνευ,
2775 4049 2851 4126 ὼς
2893 4052 3238 4124 στρατιώτης
3278 4054 3438 4124 ψιλὸς
3491 4055 3727 4121 ἕκαστος

2134 4142 2490 4214 εὑρεθήσεται
2525 4140 2560 4214 ἢ
2592 4140 2988 4212 ἀξιωματικός,
3022 4144 3130 4199 τῶν
3181 4148 3510 4219 σιτηρεσίων
3546 4149 3723 4212 ἐκτός.

2135 4235 2245 4288 Καὶ
2275 4234 2366 4288 διὰ
2392 4233 2574 4302 τοῦτο,
2599 4235 2629 4287 6
2672 4233 2772 4305 μὲν
2808 4234 2909 4306 τὴν
2948 4235 3148 4290 ἑαυτοῦ
3199 4238 3366 4308 μόνον
3418 4240 3516 4292 καὶ
3570 4239 3728 4309 μόλις

2133 4326 2314 4380 οἰκίαν
2370 4326 2482 4380 ἀπὸ
2547 4325 2656 4380 τῶν
2702 4327 3137 4399 ἐπιχειρούντων
3172 4329 3346 4401 αὐτὴν
3393 4331 3730 4403 ἐπηρεάζειν

433 4419 760 4474 violantium
793 4422 995 4493 injuria
1040 4423 1236 4478 ilhesas
1283 4437 1495 4492 servet;
1531 4428 1674 4482 alius
1721 4442 1851 4481 vero
1883 4426 2028 4481 haud

2146 4418 2456 4489 συντηρῶν·
2497 4419 2526 4471 6
2579 4419 2636 4472 δὲ
2686 4419 2787 4472 οὑκ
2815 4423 2873 4473 ἐν
2910 4424 3049 4493 τιμῇ
3089 4425 3156 4495 τῇ
3191 4421 3544 4494 προσηκούσῃ
3573 4424 3729 4494 εὑριο

435 4508 570 4562 satis
595 4511 944 4566 convenienti
977 4509 1186 4568 honere
1217 4513 1552 4581 inveniatur,
1584 4517 1638 4572 in
1670 4518 1872 4588 quibus
1899 4533 2027 4574 cum

436 4602 641 4655 versari
691 4604 1004 4674 contigerit.

505 4692 630 4748 245.
663 4694 767 4761 Qui
808 4711 908 4750 nos
946 4697 1085 4766 gula:
1119 4697 1334 4752 deliciis
1379 4698 1664 4770 indulgere
1714 4700 2028 4766 hortantur,

437 4786 646 4842 idcirco
697 4789 842 4857 quod
893 4789 1123 4859 perfecti
1166 4806 1378 4855 sumus,
1413 4791 1642 4861 perinde
1685 4792 1917 4856 faciunt,
1968 4808 2031 4848 ac

435 4879 528 4947 qui
567 4888 754 4934 sanata
797 4881 900 4940 iam
933 4883 1161 4938 vulnera
1207 4883 1558 4953 obductaque
1601 4883 1710 4938 illis
1747 4885 2027 4950 cicatrice,

437 4967 696 5024 defodere
722 4971 919 5041 jubcat
953 4989 1016 5028 ac
1064 4990 1337 5041 resecare,
1382 4974 1470 5029 vel
1515 4973 1780 5039 scabiem,
1812 4974 1884 5029 ob
1932 4990 2032 5028 vo-

438 5061 662 5130 luptatis
704 5063 828 5118 inde
863 5081 1106 5130 sensum,
1139 5066 1432 5130 defricare,
1462 5076 1558 5121 aut
1601 5066 1709 5121 illis
1735 5067 1882 5123 vesci
1910 5081 2032 5136 qua:

513 5201 556 5230 "
585 5199 628 5253 ll
656 5199 784 5255 Cor.
819 5219 873 5265 v,
899 5203 954 5256 2.
1029 5205 1074 5235 ⁸⁵
1108 5204 1172 5257 lll
1219 5206 1352 5275 lleg.
1388 5223 1518 5271 xxu,
1552 5207 1633 5260 17.

510 5311 588 5398 (ρ)
637 5313 929 5398 Ἐγτελςῖς
959 5315 1160 5397 ὄντας.
1202 5316 1329 5398 Erat
1379 5317 1526 5398 findo
1558 5332 1752 5398 errore
1797 5317 2016 5398 inclutoT

439 5383 912 5459 Ypdtgtp,“&f€).atg,
972 5387 1164 5440 nescio
1195 5403 1265 5440 an
1313 5388 1368 5440 in
1413 5388 1748 5459 αὑτογρὰφῳ
1795 5389 2016 5459 Liquet

439 5461 590 5504 certe
613 5453 750 5506 nihil
798 5463 1008 5522 aptum,
1050 5472 1150 5509 nec
1178 5467 1384 5511 temere
1437 5453 1915 5512 mihi'indulsisse
1955 5468 2015 5512 ut

443 5529 736 5592 niutarcm,
765 5531 929 5592 atque
968 5527 1254 5592 mutando,
1296 5528 1588 5582 Maximum
1621 5528 1852 5582 Maximo
1887 5528 2014 5582 red-

443 5589 651 5669 derem.
678 5593 754 5669 Bc
787 5589 896 5669 illis
936 5596 1097 5669 plane
1143 5589 1326 5652 sermo
1355 5607 1460 5661 est,
1497 5599 1590 5667 qui
1627 5613 1754 5652 cum
1784 5599 1886 5652 sibi
1927 5599 2012 5652 vi-

444 5657 682 5710 dcantur
707 5660 818 5737 jam
847 5657 1068 5737 virtutis
1092 5682 1272 5737 arcem
1305 5657 1631 5736 arripuisse,
1666 5683 1730 5723 ac
1781 5669 2010 5737 perfecti

443 5740 591 5790 esse,
617 5731 776 5796 genio
817 5732 916 5783 sibi
967 5735 1358 5804 indalgcndum
1400 5731 1618 5809 putant,
1665 5731 1818 5807 quaéi
1856 5754 2014 5794 seve-

2138 4511 2422 4582 σκόμενος,
2449 4513 2508 4565 ἐν
2533 4504 2615 4575 οἷς
2645 4511 2712 4566 ἂν
2737 4513 3088 4583 συνέρχηται.

2211 4699 2357 4764 σμγ’.
2393 4694 2458 4746 Oi
2488 4693 2612 4756 ταῖς
2645 4691 2864 4763 ἡδοναῖς
2889 4693 3251 4765 συνέρχεσθαι
3274 4695 3732 4766 παρακαλοῦντες

2137 4786 2231 4843 τοῦ
2265 4791 2548 4861 φάρυγγος
2582 4787 2817 4852 ἐντελεῖς
2843 4788 3006 4853 δντας
3032 4791 3146 4862 (ρ),
3175 4790 3364 4861 ὅμοιόν
3405 4807 3458 4843 τι
3507 4790 3730 4845 ποιοῦσι

2137 4883 2252 4944 τοῖς
2297 4881 2642 4953 ἀναθερξζειν
2676 4881 3060 4952 κελευομένοις
3101 4884 3202 4946 τὰς
3226 4884 3308 4948 είς
3347 4884 3542 4953 ὑγείαν
3581 4884 3729 4956 πλη-

2140 4975 2244 5044 γὰς
2296 4960 2396 5045 ήδη
2449 4973 2712 5037 ἐλθούσας
2745 4990 2760 5005 ο
2790 4973 2824 5046 ἢ
2857 4975 2953 5038 τὰς
2976 4973 3170 5047 ψώρας
3213 4976 3302 5030 διὰ
3337 4976 3436 5048 τὴν
3484 4977 3729 5049 ήδύτητα

2139 5065 2360 5137 κνήθειν
2392 5081 2406 5096 ο
2453 5064 2594 5136 ἧτὰ
2642 5065 2733 5118 τὸν
2787 5067 3022 5134 πυρετὸν
3074 5068 3383 5123 ἀνάπτοντα
3436 5068 3664 5134 ἐσθίειν,
3694 5067 3729 5138 ἢ

2126 5313 2254 5367 riuri
2289 5313 2586 5384 disciplina
2619 5315 2761 5385 ultra
2802 5331 2913 5370 non
2943 5314 3231 5384 indigeant
3267 5333 3278 5367 :
3336 5312 3483 5385 quod
3518 5311 3729 5368 nedum

2124 5385 2332 5456 incauti
2363 5383 2645 5456 spiritales
2674 5383 2739 5440 ad
2763 5387 3011 5456 corporis
3039 5383 3422 5440 remissionem
3448 5385 3729 5456 trahunt.

2123 5454 2177 5526 in
2211 5455 2296 5526 iis,
2339 5470 2461 5526 quae
2493 5455 2675 5526 media
2703 5470 2824 5526 esse
2864 5453 3120 5526 possunt,
3147 5471 3342 5511 verum
3366 5453 3556 5526 etiam
3607 5470 3733 5526 pro-

2118 5524 2234 5596 fani
2267 5525 2508 5596 hmretici
2543 5525 2609 5579 ad
2648 5523 3257 5596 turpiafncfandasque
3282 5523 3732 5596 libidincsgqui-

2128 5595 2233 5665 bus
2262 5595 2482 5665 egregie
2519 5605 2677 5651 cavet
2715 5595 3003 5660 Maximus,
3033 5605 3145 5650 tam
3172 5595 3370 5651 sancto
3414 5595 3728 5665 colophone

2125 5663 2322 5720 finiens
2363 5663 2529 5738 aurea
2581 5683 2714 5738 sua,
2747 5683 2986 5738 vereque
3021 5667 3286 5730 ascetica,
3317 5674 3386 5738 et
3415 5681 3478 5717 ex
3510 5663 3726 5718 Christi

2123 5749 2317 5791 norma
2335 5734 2403 5791 ad
2423 5750 2647 5793 omnem
2667 5734 2931 5808 virtutem
2950 5737 3247 5805 ﬁrmanda,
3269 5737 3480 5808 capita.
