4010 6202
321 248 452 315 1461

1402 245 1505 306 EX
1538 246 1786 306 ΟΙἘΠΕ
1818 244 2013 304 LXIII
2052 244 2485 305 DUBIORUM.

3455 221 3588 310 1462

319 367 693 433 ἀποφράττειν
745 362 837 415 τὸν
880 359 1183 432 ἀμπελῶνα
1214 357 1405 426 αὐτοῦ,
1435 360 1532 413 καὶ
1596 361 1902 430 συγχωρεῖν
1933 411 1934 416 η

2014 358 2202 412 l‘cbrim
2248 358 2552 414 accendant
2598 376 2610 412 :
2648 357 2732 412 vel
2785 357 2998 411 vineam
3045 357 3280 409 macerie
3324 365 3592 426 septoque

321 456 666 528 εἰσέρχεσθαι
693 454 789 509 σὺν
811 456 932 517 ταῖς
949 452 1180 516 ἐννοίαις
1204 455 1324 516 ταῖς
1346 451 1597 519 ἀγαθαῖς,
1621 451 1696 514 ὼς
1723 451 1905 520 μονῶν

320 550 514 619 ἄγριον
571 549 632 601 τὸ
679 548 939 617 φρόνημα
974 546 1071 616 τῆς
1103 545 1326 615 σαρκὸς,
1367 543 1444 607 ὡς
1477 543 1756 613 σταφυλάς
1787 543 1903 596 διαο

320 640 636 695 δόσκεσθαι.
677 633 771 703 Οἷς
805 639 867 691 οὐ
900 637 1180 691 πείθεσθαι
1229 636 1357 708 χρὴ,
1392 636 1512 689 οὐδὲ
1562 639 1684 699 ταῖς
1743 636 1904 688 ἀκαί-

325 752 437 806 ροις
459 732 806 804 κάμπτεσθαι
833 730 1146 791 κολακείαις
1164 727 1469 800 ἀνθρώπων
1493 745 1550 780 τε
1572 728 1666 782 καὶ
1694 726 1903 780 παθῶν⁹

323 825 661 896 κατοχυροῦν
707 824 764 877 δὲ
824 822 918 876 τὸν
977 821 1230 892 φραγμὸν
1278 822 1347 874 δι’
1407 821 1758 892 ἐγκρατείας,
1796 820 1902 883 ἓως

323 917 635 972 παύσωνται
682 918 736 970 οἵ
779 932 840 968 τε
885 915 1072 985 θῆρες,
1108 913 1175 967 τὰ
1231 913 1475 985 σαρκικά
1522 913 1692 984 πάθη,
1724 913 1900 983 ὠρύε-

325 1010 466 1075 σθαι,
508 1011 603 1062 καὶ
633 1010 955 1072 ὠςπετεινὰ
987 1008 1036 1060 οἱ
1062 1009 1284 1078 μάταιοι
1311 1007 1587 1076 λογισμοὶ,
1621 1006 1695 1077 μὴ
1728 1022 1902 1060 κατα-

324 1102 529 1154 ϐαίνειν
559 1101 940 1172 λυμαίνεσθαι,
965 1099 1064 1170 τὴν
1093 1099 1168 1163 ὡς
1196 1099 1441 1171 ἄμπελον
1491 1099 1903 1170 εὐθηνουμένην

322 1195 500 1266 ψυχὴν
552 1194 809 1260 θεωρίαις
863 1195 986 1257 ταῖς
1040 1194 1098 1246 ὲν
1128 1192 1350 1266 Χριστῷ
1389 1193 1567 1264 Ἰησοῦ
1606 1192 1684 1264 τῷ
1714 1191 1904 1265 Κυρίῳ

325 1284 503 1355 ἡμῶν.
551 1284 608 1335 Ἀ
617 1284 744 1354 μήν.

2005 451 2314 513 obstruere,
2351 466 2416 504 ac
2449 451 2652 515 sinere,
2685 458 2745 503 ut
2781 465 2888 502 una
2929 463 3056 503 cum
3103 447 3266 501 bonis
3298 447 3590 518 cogitatio-

2003 543 2190 606 nibus,
2222 544 2404 597 carnis
2431 541 2725 612 prudentia
2753 541 2819 595 ad
2851 557 2986 595 uvas
3013 538 3406 612 depascendas,
3445 538 3588 592 haud

2008 650 2168 688 secus
2215 649 2279 688 ac
2325 634 2616 704 singularis
2670 633 2822 688 ferus
2865 632 3223 703 ingrediatur.
3272 631 3590 686 Cavendum

2005 743 2138 781 vero
2180 742 2245 780 ne
2276 727 2362 780 his
2394 743 2600 780 morem
2636 741 2909 796 geramus,
2953 741 3089 780 neve
3121 725 3280 796 671
3323 723 3590 792 importu-

2006 820 2095 874 nis
2145 820 2428 873 hominum
2482 819 2687 889 pariter
2743 818 3148 887 atl‘ectuumque
3201 817 3590 871 blandimentis

2008 911 2328 977 ﬂectantur;
2355 911 2447 965 sed
2480 927 2576 980 per
2599 910 3015 973 continentiam,
3050 908 3342 980 macericm
3374 906 3590 959 munia-

2011 1017 2154 1066 mus,
2190 1000 2368 1054 donec
2412 999 2601 1054 bestias
2649 1000 2920 1070 (carnales
2961 975 3172 1054 scilicet
3204 995 3456 1068 allectus)
3496 1012 3591 1049 ru-

2011 1091 2128 1162 gire
2153 1089 2441 1155 desierint,
2466 1104 2530 1144 ac
2558 1089 2708 1144 velut
2734 1090 3004 1153 volucres,
3033 1105 3184 1142 vanae
3213 1087 3591 1158 cogitationes,

2013 1183 2256 1237 animum
2308 1183 2438 1236 vitis
2483 1183 2656 1236 instar
2708 1183 3263 1252 contemplationibus
3310 1180 3594 1249 sensisquc

2014 1276 2340 1346 locupletem
2379 1284 2542 1344 atque
2578 1275 2802 1330 uberem
2857 1277 2912 1330 in
2953 1275 3170 1330 Christo
3202 1274 3328 1328 Jcsu
3364 1271 3596 1326 Domino

1939 1363 1980 1422 Β
2009 1378 2220 1434 nostro,
2248 1375 2541 1423 vastatum:
2567 1384 2675 1422 non
2701 1367 3108 1423 descenderint.
3148 1367 3339 1421 Amen.

1135 1640 1438 1754 ΤΟΥ
1520 1639 1987 1754 ΑΓΙΟΥ
2059 1631 2788 1757 ΜΑΞΙΜΟΥ

857 1837 960 1892 Ἐκ
993 1834 1109 1890 τῶν
1136 1835 1233 1905 ξγ⁶
1266 1835 1527 1904 ἀπόρων,
1573 1833 1729 1903 Πρὸς
1762 1832 1868 1888 τὸν
1901 1835 2208 1889 θειότατον
2233 1835 2501 1899 ,βασιλέα
2545 1835 2653 1890 τὸν
2703 1836 2998 1906 Ἀχριδήν.

1469 2080 1878 2168 SANCTI
1995 2077 2447 2167 MAXIMI

859 2254 944 2314 Ex
988 2267 1180 2328 opere
1223 2267 1382 2310 Lxm
1428 2245 1811 2320 Dubiorum,
1859 2245 1934 2308 ad
1976 2243 2459 2307 diviniss‘imum
2495 2246 2790 2308 Achridze
2835 2266 3050 2328 regem
3085 2252 3145 2314 *.

330 2401 500 2457 ‘Dicti
539 2408 718 2472 postea
759 2397 1000 2472 Bulgarj,
1040 2413 1261 2472 quorum
1291 2402 1398 2472 [th
1432 2392 1756 2472 metropolis,
1786 2395 1906 2472 ipsa
1933 2393 2242 2472 {us-(iniam
2285 2394 2479 2462 prima.
2519 2393 3123 2472 Hujuseperisaltunt
3150 2399 3267 2454 aliis
3309 2400 3602 2468 silentium,

402 2462 660 2525 altissimo
699 2462 880 2521 tamen
921 2462 1140 2520 Maximi
1155 2467 1385 2538 jngcnio
1423 2462 1787 2538 compositum,
1808 2462 2034 2538 cellae};
2072 2465 2246 2538 ipsum
2277 2462 2609 2538 excerptum
2630 2462 2850 2538 indicat,
2881 2469 2954 2520 sic
2984 2469 3360 2538 theologicam;
3389 2489 3453 2525 ea:
3476 2462 3602 2538 Reg;

398 2543 517 2595 cod.
545 2541 752 2612 pridem
771 2540 1110 2612 exscriptum.
1143 2531 1246 2612 Sed
1267 2554 1334 2590 an
1359 2537 1479 2606 jam
1509 2531 1618 2588 tum
1646 2533 1884 2605 βασιλεῖς
1908 2531 2178 2605 Bulgaria!
2204 2531 2461 2604 principes
2489 2542 2539 2587 et
2567 2535 2756 2604 reguli,
2786 2539 2924 2607 quod
2946 2541 3017 2592 eis
3044 2531 3258 2594 tandem
3284 2531 3452 2598 (ἐτίωεί
3474 2531 3604 2597 ι·οῆ-

417 2608 635 2676 ceuére,
665 2609 877 2662 dubium
912 2624 1022 2662 esse
1049 2608 1228 2676 possit.

401 2731 476 2784 Τὸ
529 2731 636 2802 γάρ
690 2727 915 2798 Πνεῦμα
941 2729 1002 2781 τὸ
1031 2726 1208 2794 ἅγιον,
1246 2727 1436 2796 ὥσπερ
1466 2724 1628 2794 φύσει
1659 2725 1779 2778 κατ’
1809 2724 1902 2776 οὐ·
1931 2751 1934 2774 4

2077 2725 2295 2780 Etenim
2339 2724 2582 2796 Spiritus
2614 2737 2857 2792 sanctus,
2899 2729 3361 2797 quemadmodum
3410 2741 3606 2792 natura

333 2821 454 2874 σίαν
496 2820 614 2873 ἐστὶ
636 2818 729 2872 τοῦ
759 2817 894 2870 Θεοῦ
928 2817 1022 2869 καὶ
1052 2815 1288 2886 Πατρὸς,
1326 2812 1497 2875 οὕτως
1533 2813 1627 2864 καὶ
1658 2813 1755 2864 τοῦ
1784 2810 1913 2864 Υίοῦ

332 2912 492 2981 φύσει
516 2912 639 2964 κατ’
674 2909 861 2962 ουσίαν
890 2908 1164 2978 ὑπάρχει,
1195 2906 1270 2969 ὡς
1317 2908 1380 2958 ἐκ
1427 2905 1520 2958 τοῦ
1570 2904 1783 2975 [ἰατρὸς
1821 2904 1915 2956 οὐ-

335 3002 546 3065 σιωδῶς
571 2999 775 3054 δι’Υῐοῦ
803 2999 894 3052 τοῦ
924 2997 1278 3068 γεννηθέντος
1300 2997 1598 3067 ἀφράστως
1623 2997 1916 3067 ἐκπορευό-

338 3109 516 3160 μενον.
548 3091 663 3144 Οὑκ
696 3089 846 3142 ἐστιν
879 3084 970 3142 οὖν
1027 3086 1314 3156 ἐπινοῆσαι
1361 3086 1535 3155 τομὴν
1577 3086 1610 3156 ἢ
1650 3085 1916 3156 διαίρεσιν

333 3183 457 3236 κατ’
488 3180 683 3234 οὐδένα
741 3179 969 3248 τρόπον,
995 3177 1070 3239 ὡς
1123 3176 1156 3246 ἢ
1215 3176 1308 3228 τὸν
1367 3176 1587 3246 Πατέρα
1623 3175 1793 3245 χωρὶς
1822 3174 1914 3226 τοῦ

338 3272 462 3326 Υίοῦ
489 3269 870 3340 ἐπινοηθῆναι,
903 3269 934 3338 ἦ
965 3267 1056 3319 τὸν
1083 3268 1212 3320 Υίὸν
1241 3267 1410 3337 χωρὶς
1437 3265 1531 3319 τοῦ
1563 3266 1880 3336 Πνεύματος
1899 3305 1913 3330 ,

330 3364 446 3418 ἀλλ’
486 3362 604 3414 ’ἐστι
666 3376 749 3419 τις
799 3360 1038 3427 ἄρρητός
1083 3357 1177 3411 καὶ
1213 3358 1585 3427 άκατανόητος
1617 3359 1674 3408 ὲν
1703 3357 1914 3419 τούτοις

332 3457 427 3508 καὶ
460 3453 655 3512 ἒνωσις
695 3449 793 3501 καὶ
815 3448 1104 3516 διαίρεσις,
1133 3446 1260 3499 οῦτε
1298 3449 1396 3515 τῆς
1425 3449 1534 3498 τῶν
1566 3449 1918 3499 ὑποστάσεων

333 3545 600 3614 διατρορᾶς
648 3542 709 3593 τὸ
771 3539 997 3607 συνεχὲς
1049 3536 1161 3588 τῶν
1221 3535 1435 3604 φύσεων
1467 3534 1781 3607 [φυσικῶν]
1805 3536 1918 3588 δια-

337 3632 737 3704 σπώσης.οῦτε
799 3630 898 3699 τῆς
962 3628 1102 3681 κατὰ
1153 3625 1252 3696 τὴν
1311 3627 1500 3679 οὐσίαν
1533 3628 1828 3696 συναφείας
1858 3627 1919 3680 τὸ

335 3729 468 3782 ῐδιον
504 3723 613 3778 τῶν
649 3721 1053 3792 γνωρισμάτων
1104 3718 1474 3789 ἀναχεούσηςο
1512 3718 1606 3772 καὶ
1647 3718 1795 3771 ἔστιν
1827 3719 1918 3772 ἐπὶ

333 3817 606 3871 τούτων...
636 3815 728 3867 καὶ
758 3812 1028 3882 διάκρισις
1052 3809 1393 3880 συνημμένη,
1416 3808 1510 3862 καὶ
1529 3808 1915 3879 διακεκριμένη

336 3910 624 3978 συνάφεια.
689 3906 1050 3975 Προκείσεται
1091 3903 1146 3956 δὲ
1206 3903 1298 3955 καί
1341 3920 1392 3955 τι
1436 3901 1573 3972 πρὸς
1623 3902 1918 3968 ἐπίγνωσιν

335 4001 587 4072 ἀμυδρὰν
615 4000 926 4068 ὑπόδειγμα
958 4014 970 4026 ⁸
1009 3994 1286 4082 μᾶλλονρὲ
1317 3993 1446 4046 σκιά
1463 3993 1561 4062 τῆς
1579 3992 1860 4063 ἀληθείας,
1884 3995 1916 4063 ἡ

333 4093 636 4165 πολύχροος
667 4092 794 4160 ἶρις.
825 4089 1052 4142 Πάντων
1090 4085 1201 4156 γὰρ
1227 4086 1336 4138 τῶν
1381 4087 1438 4138 ἐν
1475 4084 1648 4156 ταύτῃ
1691 4084 1916 4154 χρωμά-

333 4207 442 4242 των
480 4190 534 4240 αἱ
570 4185 757 4252 αὐγαὶ,
786 4183 879 4236 καὶ
902 4181 1316 4251 διακεκριμέναι
1347 4179 1648 4248 φαίνονται,
1680 4177 1759 4248 τῷ
1784 4177 1914 4248 τηλ-

335 4282 522 4347 αυγεῖς
566 4278 705 4330 εἶναι
733 4316 748 4335 .
776 4277 872 4330 καὶ
918 4273 1263 4345 συνηνῶσθαι
1312 4271 1551 4336 δοκοῦσι,
1582 4271 1660 4342 τῷ
1716 4271 1915 4325 λανθά-

336 4391 447 4427 νειν
491 4371 590 4433 τὰς
631 4367 782 4438 ὄψεις
833 4366 992 4438 ἡμῶν
1023 4369 1152 4428 τοὺς
1196 4365 1356 4435 ὅρους
1401 4363 1511 4416 τῶν
1536 4363 1756 4433 μίξεων,
1787 4365 1913 4427 τοὺς

337 4461 718 4532 διακρίνοντας
766 4456 866 4520 τὰς
895 4455 1004 4509 τῶν
1036 4455 1213 4526 χροῶν
1254 4453 1582 4526 ἑτερότητας
1615 4470 1628 4484 ·
1654 4455 1730 4518 ὡς
1758 4455 1907 4526 ἀμή..

336 4571 499 4626 χανον
541 4551 816 4622 ἐξευρεῖν,
848 4549 1010 4620 μέχρι
1045 4547 1190 4610 τίνος
1228 4547 1430 4618 ἕστηκε
1454 4547 1514 4600 τὸ
1550 4547 1832 4616 πυραυγὲς
1872 4547 1904 4618 ἢ

338 4645 703 4717 σμαραγδίζον
726 4645 846 4705 ταῖς
877 4640 1116 4709 αἴγλαις.
1144 4640 1176 4710 ἢ
1209 4639 1438 4710 χλοάζον
1460 4642 1581 4703 ταῖς
1609 4639 1916 4712 λαμπηδόσι

339 4737 460 4808 [τὰς
478 4733 876 4806 λαμπηδόναςῖ,
907 4733 1003 4787 καὶ
1035 4732 1128 4785 ἐπὶ
1159 4733 1306 4795 τίνος
1331 4731 1594 4804 ἄρχεται·
1632 4732 1915 4785 παιδεύον-

342 4846 452 4893 τος,
484 4823 660 4897 οῖμαι,
689 4825 805 4888 τοῦ,
831 4825 991 4892 λόγου
1022 4825 1115 4877 καὶ
1141 4823 1228 4876 διά
1259 4823 1359 4892 τῆς
1385 4825 1617 4886 κτίσεως
1651 4826 1818 4895 ἡμᾶς,
1841 4825 1915 4894 μὴ

342 4917 699 4972 καινοπαθεῖν
746 4919 858 4979 τοῖς
905 4914 1032 4985 περὶ
1080 4914 1188 4966 τῶν
1230 4913 1522 4983 δογμάτων
1552 4913 1754 4982 λόγοις,
1783 4917 1914 4968 ὅταν

341 5004 420 5065 εἰς
452 5003 514 5056 τὸ
547 5000 927 5072 δυσθεώρητον
955 4999 1311 5070 ἐμπεσόντες,
1341 4998 1477 5068 πρὸς
1510 4999 1608 5069 τὴν
1635 5003 1914 5067 συγκατά-

340 5093 489 5147 θεσιν
556 5094 667 5147 τῶν
722 5092 1034 5164 λεγομένων
1073 5092 1485 5162 ίλιγγιάσωμεν.
1533 5093 1619 5156 Ὠς
1671 5094 1778 5166 γὰρ
1821 5096 1916 5149 ἐπὶ

337 5182 445 5234 τῶν
507 5185 620 5245 τοῖς
665 5181 967 5252 ὀφθαλμοῖς
999 5183 1341 5250 φαινομένων
1389 5182 1654 5251 κρείττων
1691 5183 1851 5251 λόγου
1885 5185 1918 5255 ἡ

354 5277 540 5346 πεῖρα,
565 5273 740 5337 οὕτως
802 5274 898 5326 καὶ
957 5273 1189 5326 ἐπὶτῶν
1231 5273 1798 5345 ὑπεραναδεὸηκότων
1835 5275 1920 5329 δοε-

337 5364 564 5433 γμάτων
595 5364 858 5434 κρείττων
887 5365 918 5434 ἡ
946 5363 1130 5428 πίστις
1153 5363 1294 5416 ἔστω
1344 5363 1440 5435 τῆς
1495 5364 1584 5418 διὰ
1620 5365 1727 5421 τῶν
1769 5366 1913 5434 λογιο

339 5456 491 5526 σμῶν
525 5457 906 5528 καταλήψεως.

2017 2818 2386 2872 essentialiter
2426 2818 2523 2872 Dei
2565 2827 2650 2873 est
2687 2829 2743 2874 et
2785 2820 2977 2885 Patris,
3025 2822 3097 2876 ita
3145 2831 3201 2875 et
3246 2823 3366 2878 Filii
3410 2835 3606 2881 natura

2016 2911 2383 2964 essentialiter
2411 2910 2646 2976 exsistit,
2692 2921 2752 2966 ut
2792 2913 2887 2981 qui
2939 2929 2969 2966 a
3021 2914 3202 2978 Patre,
3258 2932 3356 2986 per
3405 2917 3606 2973 Filium

2019 3000 2134 3071 (qui
2164 3002 2332 3056 nullis
2354 3003 2538 3057 verbis
2561 3003 2874 3072 explicabili
2906 3006 3117 3060 ratione
3148 3015 3312 3062 natus
3341 3009 3446 3080 est)
3479 3011 3612 3065 sub-

2017 3093 2348 3148 stantialiter
2377 3094 2658 3164 procedat.
2692 3095 2854 3149 Nullo
2889 3097 3056 3167 igitur
3099 3099 3261 3151 modo
3295 3100 3466 3155 sectio
3501 3103 3608 3156 ulla

2018 3193 2112 3238 aut
2159 3183 2356 3237 divisio
2404 3184 2758 3255 intelligenda
2799 3194 2903 3250 est,
2955 3185 3110 3254 quasi
3158 3196 3250 3240 aut
3291 3187 3452 3242 Pater
3489 3189 3609 3245 sine

2019 3275 2156 3329 Filio
2186 3274 2545 3344 intelligatur,
2573 3284 2667 3328 aut
2695 3275 2868 3329 Filius
2891 3275 3100 3345 absque
3126 3277 3335 3347 Spiritu
3363 3297 3376 3331 :
3404 3279 3500 3334 sed
3525 3289 3612 3335 est

2019 3364 2073 3417 in
2100 3363 2228 3428 illis,
2255 3379 2376 3432 qua}
2411 3379 2514 3418 nec
2539 3363 2722 3419 verbis
2749 3365 3010 3433 explicari
3044 3382 3146 3420 nec
3169 3376 3350 3424 mente
3380 3370 3608 3442 intelligi

2018 3453 2212 3520 possit,
2243 3455 2375 3530 unio
2407 3454 2615 3523 pariter
2642 3463 2699 3509 et
2726 3454 3018 3521 discretio;
3055 3465 3114 3510 ut
3141 3474 3319 3528 neque
3352 3477 3612 3530 persona-

2020 3559 2142 3598 rum
2178 3544 2458 3600 distinctio
2482 3561 2675 3600 eorum
2705 3563 2827 3616 quae
2858 3556 3070 3602 natura:
3103 3558 3231 3603 sunt
3262 3554 3609 3622 conjunctio-

2019 3649 2144 3687 nem
2174 3633 2466 3700 distrahat,
2497 3652 2598 3690 nec
2625 3652 2747 3705 quae
2774 3653 2944 3705 penes
2974 3640 3269 3693 essentiam
3297 3644 3610 3712 conjunctio

2019 3730 2122 3789 est,
2151 3739 2342 3777 eorum
2369 3739 2492 3793 qua:
2514 3724 2815 3794 insigniant
2841 3735 2897 3780 et
2915 3727 3068 3795 quasi
3089 3736 3215 3782 nota
3242 3729 3607 3801 distinguant,

2020 3816 2408 3885 proprietatem
2459 3815 2778 3870 confundat.
2834 3818 3041 3887 Estque
3091 3819 3146 3873 in
3206 3821 3426 3877 illis.....
3483 3839 3606 3880 cum

2020 3907 2279 3962 discretio
2309 3909 2621 3979 conjuncta,
2653 3917 2767 3963 tum
2794 3909 3030 3965 discreta
3060 3913 3394 3982 conjunctio.
3429 3917 3610 3972 Possit

2020 4016 2152 4055 vero
2180 4002 2344 4055 etiam
2379 4002 2446 4056 ad
2484 4003 2562 4056 rei
2593 4003 2758 4074 hujus
2788 4003 3060 4069 notitiam,
3093 4009 3406 4077 exemplum
3433 4012 3609 4079 quod-

1944 4092 2143 4154 Ddam
2194 4093 2528 4159 obscurum,
2581 4109 2679 4148 seu
2735 4095 2919 4164 potius
2972 4096 3164 4151 umbra
3208 4099 3483 4167 veritatis,
3535 4105 3606 4158 ob

2020 4187 2210 4240 oculos
2233 4187 2469 4251 versari;
2502 4203 2626 4257 qua:
2651 4187 2910 4243 videlicet
2936 4189 3226 4259 multiplici
3260 4191 3442 4248 colore
3468 4195 3606 4249 coelo

2021 4275 2118 4331 iris
2147 4277 2498 4347 splendescit.
2533 4277 2791 4333 Omnium
2837 4279 2984 4333 enim
3020 4281 3074 4334 in
3119 4298 3182 4336 ea
3219 4283 3464 4338 colorum
3497 4285 3606 4340 ful-
3658 4298 3660 4301 '

2020 4382 2200 4436 gores,
2232 4369 2396 4438 672
2437 4376 2492 4423 et
2533 4369 2756 4424 discreti
2785 4382 3070 4440 apparent,
3101 4374 3245 4444 quod
3278 4376 3436 4446 longe
3471 4378 3608 4431 ruti-
3669 4361 3676 4379 ⁵

2021 4455 2156 4520 ient,
2194 4467 2249 4511 ct
2278 4458 2558 4527 conjuncti
2599 4475 2720 4514 esse
2761 4460 3038 4526 videntur,
3071 4465 3218 4533 quod
3269 4466 3468 4535 quibus
3512 4467 3605 4522 alii

2017 4547 2220 4617 aliique
2269 4550 2485 4604 colores
2529 4551 2942 4616 discernuntur,
2987 4555 3144 4621 lines,
3175 4556 3460 4610 oculorum
3503 4573 3605 4611 no»

2016 4646 2256 4693 strorum
2279 4639 2451 4693 aciem
2474 4639 2712 4705 lateant;
2733 4649 2794 4695 ut
2819 4643 2970 4696 nullo
2991 4644 3153 4698 modo
3180 4645 3396 4713 assequi
3421 4645 3601 4710 liceat,

2015 4748 2303 4802 quousque
2341 4733 2532 4803 igneus
2573 4733 2753 4805 fulgor
2794 4743 2890 4788 aut
2939 4735 3288 4804 smargdinus
3314 4744 3407 4789 aut
3433 4736 3606 4790 vires-

2014 4839 2145 4878 cens
2176 4825 2342 4878 rutilo
2387 4839 2487 4879 suo
2535 4825 2773 4889 desinat,
2807 4841 2871 4877 ac
2905 4825 3049 4878 unde
3087 4826 3313 4894 incipiat
3346 4845 3358 4879 :
3398 4827 3607 4883 idcirco

2016 4915 2312 4982 nimirum,
2345 4925 2406 4970 ut
2453 4915 2744 4978 existimo,
2800 4924 2860 4968 ut
2907 4922 2964 4968 et
3011 4931 3109 4984 per
3150 4923 3456 4970 creaturam
3507 4933 3608 4974 nos

2016 5021 2196 5061 sermo
2215 5007 2454 5071 erudiat,
2479 5021 2548 5060 ne
2578 5006 2631 5058 in
2669 5006 2734 5059 iis
2757 5006 3112 5061 sermonibus
3134 5007 3229 5077 qui
3261 5008 3325 5062 ad
3349 5008 3604 5080 dogmata

2016 5107 2284 5168 spectant,
2316 5097 2472 5167 quasi
2503 5096 2630 5150 novi
2656 5096 2863 5166 aliquid
2892 5098 3036 5167 passi
3074 5098 3436 5167 oﬂ‘eudamur,
3471 5101 3605 5157 dmn

2019 5191 2073 5245 in
2103 5207 2166 5246 ea
2195 5205 2316 5260 qua:
2357 5187 2527 5243 ardua
2563 5197 2692 5242 sunt
2738 5203 2840 5243 nec
2888 5189 3116 5260 intelligi
3154 5190 3312 5245 facile
3352 5202 3602 5260 possunt,

2017 5279 2345 5341 incidentes,
2378 5278 2444 5333 ad
2479 5293 2671 5332 eorum
2703 5294 2825 5348 qua:
2860 5279 3122 5333 dicuntur
3152 5295 3432 5334 assensum
3469 5298 3607 5351 qua-

2020 5369 2145 5424 dam
2175 5368 2376 5424 mentis
2415 5368 2742 5424 titubationc
2775 5387 2837 5424 ac
2871 5371 3103 5440 caligine
3135 5369 3602 5441 obstupucrimus.

2023 5460 2494 5527 Quemadmodum
2535 5462 2686 5516 enim
2734 5462 2790 5516 in
2834 5462 2902 5517 iis
2945 5478 3067 5532 qua:
3096 5461 3272 5516 oculis
3307 5463 3605 5531 conspicua

335 5557 489 5612 sunt,
526 5551 878 5618 praestantius
927 5564 1183 5603 sermone
1226 5557 1310 5603 est
1366 5548 1544 5618 ipsum
1597 5549 1673 5604 rei
1717 5551 2198 5620 experimentum:
2242 5553 2322 5608 sic
2366 5553 2421 5607 in
2459 5553 2525 5608 iis
2557 5569 2679 5624 qua:
2749 5553 2912 5624 longe
2982 5552 3182 5607 mentis
3246 5562 3464 5621 captum
3511 5571 3605 5621 ex:

343 5641 542 5696 cedunt
569 5657 632 5698 ac
659 5641 1024 5698 eminentiora
1053 5641 1353 5706 exsistunt,
1381 5639 1565 5710 potior
1607 5641 1677 5696 sit
1711 5639 1867 5709 tides,
1904 5660 2066 5714 quam
2099 5644 2245 5716 quod
2284 5645 2452 5700 animi
2489 5645 2796 5708 rationibus
2824 5662 2852 5702 a
2889 5646 3052 5701 nobis
3091 5647 3604 5716 comprehenditur.
